3904 6524
169 372 260 429 657

1300 386 1666 445 ΕΧΡο81Τ10
1721 391 1786 446 IN
1834 395 2171 453 PSALMOS.

3292 407 3399 463 658

167 481 311 538 αὑτοῦ
331 499 344 512 ·
371 483 644 588 πάντεςῗδὲ
662 488 798 557 μετὰ
817 490 1017 564 πολλῆς
1035 495 1134 567 τῆς
1164 498 1346 564 ἀδείας
1366 502 1433 556 τὰ
1452 501 1699 557 δοκοῦντα

1818 523 2111 578 omnesque
2171 527 2297 564 cum
2346 514 2495 566 onnii
2551 515 2769 580 ﬁducia,
2802 531 2922 586 quae
2969 517 3070 573 sibi
3109 519 3397 588 placebant

165 573 483 629 διατιθέασαν
509 593 523 606 ο
557 573 694 646 ἦσαν
720 579 777 634 δὲ
818 585 938 637 τότε
975 588 1024 640 oi
1052 590 1176 660 περὶ
1214 591 1304 645 τὸν
1356 593 1710 668 Ἀὁεσσαλὼμ

164 664 502 731 πολεμοῦντες
540 669 733 724 αὐτόν·
783 675 942 730 τοῦτο
982 674 1074 732 οὖν
1120 698 1314 752 φησιν’
1349 683 1537 756 Μέχρι
1568 691 1712 743 πότε

163 759 212 811 οι
232 756 419 825 ἐχθροὶ
437 761 664 828 ὑψηλοὶ
689 765 816 817 κατ’
839 767 984 836 ἐμοῦ
1007 769 1288 838 ἔσονται;

718 919 1004 976 ΨΛΛΜΟΣ
1029 925 1126 978 ll".

217 1024 356 1094 Στίχ.
399 1033 472 1091 ς’.
493 1059 566 1070 -
588 1033 833 1101 Πτωχοῦ
870 1035 962 1089 τοῦ
1012 1039 1248 1103 Ἐζεκίου
1281 1043 1512 1098 ἐνταῦθα
1543 1045 1710 1114 λέγει,

157 1115 235 1170 διὰ
275 1116 334 1170 τὸ
373 1117 588 1188 ὀλίγους
638 1121 781 1193 ἔχειν
812 1127 936 1190 τοὺς
985 1128 1076 1182 ὑπ’
1107 1131 1288 1186 αὐτόν.
1323 1136 1527 1208 Βουλὴν
1559 1137 1616 1191 δὲ
1646 1139 1713 1207 ἢν

159 1210 550 1266 συνεϐούλευσεν
574 1218 686 1279 τοῖς
701 1217 994 1283 Ἰουδαίοις,
1014 1222 1188 1291 λέγων
1217 1236 1580 1299 καταφρονεῖν
1613 1239 1712 1306 μὲν

155 1305 364 1367 ἐκεῖνον,
397 1305 711 1361 πεποιθέναι
738 1308 793 1362 δὲ
822 1312 912 1364 ἐπὶ
950 1315 1038 1367 τὸν
1070 1318 1346 1389 Δεσπότην
1371 1338 1383 1351 ·
1405 1323 1562 1394 ὑμεῖς
1588 1305 1708 1395 μὲν,

155 1397 320 1466 φησιν,
351 1400 572 1468 ἐγελᾶτε
595 1402 694 1474 τὴν
728 1403 922 1479 βουλὴν
953 1409 1139 1478 αὑτοῦ,
1172 1415 1200 1467 ὁ
1233 1414 1290 1466 δὲ
1320 1415 1525 1488 Κύριος
1555 1420 1711 1486 ἐλπὶς

150 1490 298 1542 αὐτοῦ
327 1490 500 1548 ἐστιν.

210 1604 550 1698 ξτίχ.ζ’.ν-
588 1609 807 1684 Ἐπειδὴ
855 1615 950 1669 καὶ
984 1617 1085 1682 τὰς
1134 1619 1326 1686 θυσίας
1375 1624 1434 1676 ὲν
1466 1624 1545 1697 τῷ
1589 1592 1729 1698 ὄρει.

147 1693 271 1745 Σιὼν
289 1696 583 1768 ἀναφέρειν
604 1707 1068 1778 προστεταγμένοι
1099 1706 1259 1782 ἦσαν,
1283 1715 1379 1768 καὶ
1410 1693 1526 1780 τὰς-
1541 1693 1708 1789 προσ-

1815 601 2194 658 .nstituebant.
2228 602 2398 658 Erant
2419 615 2598 660 autem
2634 623 2697 661 ex
2732 609 2978 678 partibus
3013 611 3266 666 Absnlom
3300 613 3395 682 qui

1813 687 2079 744 adversus
2113 691 2264 744 illum
2305 693 2722 762 prmliabantur;
2758 696 2879 752 ideo
2904 699 3038 752 dicit
3071 719 3082 753 :
3121 699 3395 772 Usquequo

1813 780 2014 833 inimici
2044 782 2420 836 exaltabuntur
2444 795 2630 839 centra
2660 803 2740 840 me
2763 788 2786 840 Ρ

2364 932 2691 990 PSALMUS
2722 935 2865 990 Xlll.

1883 1042 2051 1099 Vens.
2089 1045 2141 1100 6.
2174 1077 2242 1086 —
2272 1046 2397 1102 Haac
2447 1048 2584 1104 dicit
2627 1049 2696 1105 de
2723 1049 2956 1106 Ezechia
2979 1094 2994 1118 ,
3027 1056 3179 1123 inope
3225 1070 3394 1110 causa

1812 1149 2113 1203 paucorum
2144 1138 2248 1193 sibi
2271 1139 2638 1194 subditorum.
2667 1139 2974 1198 Consilium
2997 1147 3143 1216 quod
3163 1146 3392 1202 dederat

1810 1229 2014 1288 Iudaeis
2057 1233 2248 1291 dicens
2283 1236 2438 1291 illum
2491 1235 2889 1309 (Sennacherib)
2931 1249 3220 1310 spernere,
3251 1242 3394 1310 scip-

1813 1339 1933 1378 sum
1965 1340 2096 1380 vero
2120 1328 2175 1380 in
2207 1325 2441 1382 Domino
2473 1327 2770 1395 conlidere.
2808 1328 2921 1386 Vos
2946 1339 3152 1394 autem,
3183 1332 3389 1402 inquit,

1811 1414 2048 1471 consilio
2081 1416 2202 1484 ejus
2235 1419 2510 1488 gaudete;
2533 1421 2793 1491 quoniam
2825 1421 3091 1480 Dominus
3121 1440 3246 1494 spes
3271 1423 3394 1494 ejus

1767 1492 1774 1501 ’
1807 1514 1916 1560 est.

1879 1616 2048 1675 Vens.
2079 1620 2132 1675 7.
2169 1650 2233 1662 -
2261 1620 2399 1676 Cum
2439 1624 2604 1678 etiam
2637 1625 2851 1682 hostias
2898 1627 2951 1681 in
2985 1637 3221 1680 montem
3258 1626 3391 1683 Sion

1809 1709 2025 1768 deferre
2079 1715 2466 1786 saeriiiciaque
2515 1732 2845 1790 omnemque
2881 1720 3092 1775 cultum
3131 1721 3392 1788 perlicere

147 1787 303 1880 ιρορὰς
331 1791 427 1843 καὶ
463 1793 645 1846 πᾶσαν
677 1796 855 1850 αὐτῶν
883 1798 981 1870 τὴν
1019 1801 1278 1875 λατρείαν
1294 1807 1411 1860 ἐκεῖ
1437 1787 1699 1866 ἐπιτελεῖν

1818 1815 1871 1855 ex
1905 1801 2022 1872 lege
2049 1803 2338 1868 deberent,
2367 1805 2436 1861 de
2467 1787 2769 1876 praesentia
2785 1807 2881 1863 Dei
2911 1799 3002 1864 hic
3035 1811 3258 1864 sedente
3293 1825 3390 1880 po-

141 1871 270 1942 ἦσαν
318 1882 822 1955 νενομοθετημένοι,
881 1886 1026 1960 εἶχόν
1082 1871 1142 1946 τε
1165 1894 1320 1959 δόξαν
1351 1897 1427 1960 ὼς
1467 1899 1583 1952 ἐκεῖ
1608 1903 1699 1956 καὶ

1818 1901 1984 1947 .erant
1999 1893 2163 1949 etiam
2187 1895 2412 1965 gloriari
2439 1871 2767 1969 z-propterea
2791 1899 2928 1954 dicit
2959 1919 2973 1954 :
2998 1899 3128 1967 Quis
3160 1871 3311 1954 dabii
3325 1916 3392 1955 ea:

142 1968 224 2022 τοῦ
251 1969 385 2024 Θεοῦ
433 1976 794 2046 τυγχάνοντος
816 1997 830 2012 ο
870 1981 959 2036 διὰ
987 1983 1144 2038 τοῦτό
1185 2004 1369 2058 φησιν,
1400 1989 1496 2057 Τίς
1523 1991 1705 2048 δώσει

139 2060 201 2114 ἐκ
223 2061 377 2116 Σιὼν
411 2065 476 2119 τὸ
501 2070 797 2137 σωτήριον
825 2074 936 2129 τοῦ
977 2076 1217 2147 Ἰσραήλ
1229 2095 1248 2142 ;
1281 2081 1577 2146 τουτέστιν,
1609 2086 1706 2149 Τίς

140 2153 362 2248 τοῦ
412 2158 551 2212 Σιὼν
603 2161 762 2233 ὅρους
790 2167 1143 2242 παρέξειοτὴν
1177 2173 1454 2244 σωτηρίαν
1487 2176 1582 2229 καὶ
1608 2176 1706 2248 τὴν

138 2242 379 2336 βοήθειαν
406 2249 571 2317 ἠμῖν;
598 2250 664 2302 ἶν’
691 2251 844 2325 εἴπῃ,
861 2256 919 2308 Ὁ
952 2257 1106 2323 Θεὸς,
1141 2261 1279 2314 κατὰ
1301 2242 1702 2336 ἀποσιώπησιν,

1806 1981 1935 2038 Sion
1971 1985 2208 2040 salutare
2237 1984 2452 2042 Israel?
2497 1989 2547 2040 id
2593 1997 2708 2055 est,
2753 1988 2888 2055 Quis
2924 2004 2992 2044 ex
3031 1999 3220 2045 monte
3255 1988 3388 2044 Sion

1805 2077 2074 2153 praebebit
2131 2078 2363 2134 salutem
2407 2081 2785 2151 auxiliumque
2829 2081 3028 2138 nobis?
3063 2092 3118 2136 ut
3145 2097 3210 2137 ex
3260 2083 3387 2137 reti-

1806 2168 1986 2223 centia
2027 2171 2375 2240 respondeat,
2401 2171 2578 2237 Deus;
2615 2173 2772 2244 quasi
2813 2188 2881 2234 ex
2906 2173 3030 2241 jure
3073 2175 3386 2243 significans

1806 2261 2016 2315 nullum
2047 2262 2215 2316 alium
2253 2265 2461 2320 essein
2489 2265 2595 2320 hoc
2637 2274 2822 2322 monte
2854 2266 2922 2321 ad
2959 2267 3279 2322 salvandum
3316 2286 3382 2322 cx
3492 2317 3494 2319 .

1807 2353 2070 2424 periculis
2097 2355 2205 2412 nisi
2229 2357 2410 2413 solum
2440 2357 2634 2414 Deum.

229 2339 660 2411 ὁμολογούμενον
691 2348 940 2418 σημήνας
974 2349 1033 2402 τὺ
1068 2353 1235 2422 μηδὲν
1263 2354 1447 2428 ἕτερον
1476 2335 1614 2412 εἶναι
1647 2361 1707 2413 ἐν

130 2427 200 2498 τῷ
223 2428 365 2482 Σιὼν
385 2430 475 2486 τὸν
503 2434 698 2498 σώζειν
729 2437 838 2492 ἀπὸ
864 2440 1146 2510 κινδύνων,
1176 2443 1210 2516 ἢ
1249 2445 1380 2500 Θεὸν
1413 2449 1596 2519 μόνον.

694 2571 990 2628 ΨΑΛΜΟΣ
1041 2576 1142 2632 IE'.

188 2677 334 2770 Στίχ.
377 2677 444 2734 α’.
477 2711 549 2721 -—
578 2683 804 2756 Ὀμοιός
837 2687 913 2758 (1)
948 2690 1065 2743 ἐστι
1107 2690 1184 2764 τῷ
1214 2693 1419 2766 ὲννάτῳ
1447 2696 1587 2751 κατὰ
1607 2697 1709 2770 τὴν

122 2765 398 2826 ὑπόθεσιν.
435 2773 725 2830 Κάνταῦθα
774 2778 882 2850 γὰρ
938 2781 1247 2852 εὐχαριστεί
1285 2765 1425 2857 ὑπὲρ
1472 2788 1572 2858 τῆς
1597 2765 1706 2844 τιῦν

121 2861 412 2954 περιοίκων
442 2865 774 2938 ἀναιρέσεως
815 2873 1235 2944 τιμωρηθέντων
1263 2877 1368 2930 ὑπὸ
1404 2879 1560 2944 Θεοῦ,
1593 2881 1621 2933 ὂ
1640 2882 1704 2954 δὴ

119 2953 204 3005 καὶ
224 2953 456 3022 γέγονεν
487 2958 573 3010 ἐπ’
598 2959 782 3014 αὐτοῦ.
820 2963 1056 3028 Πολλοὺς
1085 2967 1193 3038 γὰρ
1222 2969 1314 3022 καὶ
1344 2970 1542 3041 μικροῦ
1575 2953 1699 3028 πὰνέ

1818 2973 2161 3042 punitorum;
2207 2973 2355 3043 quod
2416 2973 2580 3028 etiam
2635 2974 2741 3044 ipsi
2791 2974 3039 3046 contigit.
3101 2975 3380 3032 Plurimos

115 3058 206 3105 τας
237 3046 369 3109 τοὺς
413 3049 727 3118 περιοίκους
754 3053 1137 3126 ἐτιμωρήσατο
1177 3057 1265 3111 διὰ
1318 3061 1416 3131 τῆς
1448 3062 1541 3115 τοῦ
1568 3062 1699 3117 Θεοῦ

1818 3064 1976 3129 enim,
2022 3073 2078 3118 et
2108 3063 2222 3120 fere
2258 3080 2452 3121 omnes
2502 3065 2711 3121 vicinos
2744 3066 2892 3122 ultus
2930 3075 3035 3130 est,
3074 3068 3384 3139 opitulante

119 3139 458 3229 συμμαχίας.
489 3142 739 3198 "Artaxata
793 3145 974 3216 μέντοι
1023 3149 1094 3203 τὰ
1144 3150 1238 3204 τοῦ
1283 3151 1499 3224 ψαλμοῦ
1536 3155 1610 3220 ὼς
1638 3159 1699 3210 ὲκ

1818 3154 1936 3210 Deo.
1977 3155 2146 3210 Porro
2174 3157 2354 3211 omnia
2384 3172 2505 3227 qua}
2540 3157 2593 3212 in
2625 3159 2837 3229 psalmo
2868 3160 3240 3225 continentur,
3273 3161 3380 3217 sub

114 3228 404 3297 προσώπου
438 3231 531 3286 τοῦ
576 3234 706 3289 λαοῦ
736 3215 920 3308 φήσιν.
959 3240 1176 3313 Ἐπειδὴ
1204 3215 1312 3315 γὰρ
1347 3215 1604 3319 ἐκεῖνο[υλ
1633 3243 1699 3319 ἦν

1818 3245 1989 3316 populi
2053 3261 2286 3316 persona
2354 3215 2642 3317 loquitur:
2696 3247 3152 3319 Quandoquidem

115 3319 298 3412 κέρδος
341 3324 377 3393 ἡ
426 3327 537 3378 τῶν
564 3328 774 3400 ἐχθρῶν
817 3331 1113 3402 ἀναίρεσις,
1162 3334 1404 3400 ἐκείνους
1456 3338 1699 3393 διδάσκει

1818 3339 2138 3394 :versionem
2199 3339 2546 3394 inimicorum
2611 3339 2715 3396 sibi
2783 3340 2939 3396 lucro
3003 3339 3378 3412 apponebant,

110 3411 254 3476 ὅπως
302 3415 508 3481 αὐτοὺς
541 3422 828 3491 προσήκει,
860 3425 954 3478 καὶ
997 3427 1139 3480 τίσιν
1193 3427 1566 3498 κεχρημένους
1588 3434 1699 3495 τοῖς

1818 3431 1958 3485 locet
1987 3445 2082 3485 eos
2114 3431 2387 3500 quomodo
2434 3433 2587 3502 ipsos
2615 3431 2806 3488 deceat
2827 3473 2842 3495 ,
2876 3441 2928 3489 et
2956 3411 3158 3505 quibus
3195 3434 3379 3492 verbis

111 3502 172 3595 ῥή
181 3523 370 3574 μασιν,
402 3509 748 3582 εὐχαριστεῖν
763 3516 843 3576 τῶ
864 3516 982 3571 Θεῶ
1005 3519 1146 3590 ὑπὲρ
1173 3521 1270 3590 τῆς
1294 3521 1403 3575 τῶν
1427 3523 1699 3594 πολεμίων

1818 3520 1870 3575 ὼ
1897 3519 2135 3576 hostium
2167 3523 2510 3578 eversionem
2546 3521 2655 3578 Deo
2682 3523 2891 3593 gratias
2921 3539 3102 3595 agere.

110 3594 476 3666 ἀναιρέσεως.

173 3687 324 3758 Στίχ,
359 3691 440 3757 ς’.
474 3724 546 3734 —
587 3695 802 3768 Ἐπειδὴ
852 3699 927 3770 (2)
963 3697 1212 3772 σχοινίοις
1258 3704 1346 3759 ἀεὶ
1381 3707 1696 3776 μετρεῖσθαι

106 3777 352 3846 πέφυκεν
388 3785 424 3854 ἡ
450 3784 544 3855 γῆ’
563 3785 750 3860 ὥσπερ
775 3789 832 3843 δὲ
861 3791 1089 3847 ἕκαστον
1119 3794 1270 3858 ἔθνος
1300 3795 1436 3850 ἰδίαν
1455 3791 1567 3867 εἶχε
1593 3800 1695 3870 γῆν

104 3870 166 3937 ῆν
191 3874 466 3945 κατῴκει,
491 3878 632 3933 οὕτω
647 3882 741 3935 καὶ
767 3882 846 3953 τῷ
861 3883 973 3954 λαῷ
989 3885 1096 3939 τῶν
1112 3888 1481 3959 Ἰσραηλιτῶν,
1503 3890 1695 3962 ὥσπερ

104 3959 236 4014 ἰδίαν
295 3965 432 4019 τινὰ
487 3969 591 4038 γῆν
631 3972 1026 4045 ἀπεκλήρωσεν
1051 3979 1151 4048 τὴν
1184 3981 1284 4051 τῆς
1323 3959 1691 4050 ἐπαγγελίας-⁸

100 4051 257 4146 τοῦτο
286 4055 549 4125 βούλεται
579 4062 780 4130 λέγειν,
819 4067 902 4118 ὅτι
928 4068 1138 4138 ’Ὠσπερ
1172 4072 1311 4126 κατὰ
1341 4073 1695 4146 διαμέτρησιν

98 4143 396 4238 εκληρὼθη
462 4169 551 4220 μοι
577 4154 640 4206 τὸ
691 4156 912 4222 ἄριστον
966 4161 1134 4232 μέρος
1170 4163 1269 4232 τῆς
1304 4165 1406 4234 γῆς
1433 4182 1445 4194 ·
1472 4143 1693 4238 τὸγὰρ,

101 4236 397 4326 ’ῌπεσεη
432 4241 554 4295 ἀντὶ
581 4244 697 4306 τοῦ,
737 4246 1075 4319 Ἑκληρὼθη,
1119 4250 1184 4304 ἐκ
1234 4257 1545 4326 μεταφορᾶς
1588 4236 1695 4310 τῶν

97 4324 187 4395 ιλῆ
197 4347 337 4398 ρων,
368 4331 450 4395 ὡς
480 4336 573 4387 καὶ
601 4337 657 4387 ὲν
678 4339 794 4401 ταῖς
818 4338 1057 4410 Πράξεσί
1079 4360 1262 4414 φησιν’
1289 4344 1398 4398 Καὶ
1420 4324 1642 4402 ἔπεσεν
1661 4352 1694 4402 ὁ

91 4419 323 4487 κλῆρος
353 4423 464 4476 ἐπὶ
495 4428 784 4482 Ματθίαν.

2337 2584 2675 2643 PSALMUS
2740 2585 2855 2641 XV.

1884 2693 2043 2752 Vens.
2074 2696 2125 2751 l.
2159 2726 2230 2737 —
2263 2695 2362 2750 Hic
2399 2698 2646 2768 psalmus
2670 2714 2814 2756 nono
2843 2700 3039 2758 similis
3066 2710 3174 2768 est,
3208 2717 3383 2772 quan-

1807 2796 1920 2842 tum
1949 2788 2013 2842 ad
2045 2797 2449 2858 argumentum.
2480 2787 2615 2844 Nam
2674 2792 2840 2846 etiam
2871 2791 2964 2846 hic
3000 2793 3209 2863 gratias
3244 2795 3380 2865 agit,

1806 2891 2028 2951 propter
2067 2880 2412 2936 eversionem
2469 2880 2707 2936 hostium
2756 2880 3138 2948 ﬁnitimorum,
3179 2899 3210 2937 a
3268 2882 3384 2940 Deo

1870 3699 2036 3758 Vsus.
2069 3702 2124 3757 6.
2151 3733 2219 3743 -
2250 3702 2385 3759 Cum
2423 3703 2645 3760 funibus
2679 3721 2897 3777 semper
2949 3714 3152 3762 terram
3187 3709 3377 3764 metiri

1799 3793 2030 3861 soleant,
2063 3797 2524 3868 quemadmodum
2564 3812 2908 3868 unaquaque
2957 3813 3094 3870 gens
3135 3798 3374 3854 habebat

1798 3900 1962 3953 quam
2003 3895 2202 3941 terram
2236 3887 2541 3952 habitabat,
2581 3888 2654 3942 ita
2694 3904 2916 3959 quoque
2977 3890 3081 3946 hoc
3115 3891 3232 3946 vult
3276 3905 3373 3959 po-

1800 3979 1928 4048 pulo
1991 3977 2298 4035 Israelitico
2329 3979 2545 4035 dicere:
2585 3980 3053 4050 quemadmodum
3090 3981 3372 4053 propriam

1797 4071 2092 4142 quamdam
2121 4081 2325 4127 terram
2363 4088 2430 4128 ex
2474 4074 2842 4142 promissione
2873 4074 3209 4136 obtinuerat,
3241 4074 3371 4127 mihi

1799 4164 1946 4220 sicut
1969 4179 2034 4217 ex
2056 4178 2314 4219 mensura
2339 4165 2548 4235 optima
2581 4181 2711 4234 pars
2738 4173 2900 4222 terra:
2928 4165 3136 4220 cecidit.
3167 4164 3370 4220 Cecidit

1796 4255 2026 4324 ponitur
2060 4271 2162 4326 pro
2193 4257 2414 4310 sortitus
2447 4273 2584 4320 sum,
2627 4273 2692 4312 ex
2745 4258 3064 4327 metaphora
3112 4259 3364 4322 sortium,

1795 4345 2258 4415 quemadmodum
2311 4349 2476 4402 etiam
2506 4349 2561 4403 in
2599 4349 2827 4404 Actibus
2854 4350 3056 4404 dicitur
3083 4368 3098 4403 :
3127 4349 3192 4403 Et
3230 4351 3366 4404 ceci-

1795 4438 1874 4492 dit
1902 4455 2017 4493 sors
2039 4455 2196 4508 super
2219 4440 2524 4498 Matthiam.
2561 4442 2700 4512 (Act.
2731 4458 2769 4508 ι,
2794 4442 2911 4511 26.)

153 4532 312 4604 Στίχ.
330 4535 406 4599 ζ’.
423 4539 712 4594 -υὺκοῦν
736 4541 1116 4614 εὐχαριστήσω
1139 4564 1220 4601 σοι
1244 4549 1384 4620 ὑπὲρ
1409 4552 1683 4618 ἁπάντων,

1870 4552 2038 4610 Vnus.
2068 4555 2123 4607 7.
2153 4584 2223 4597 —
2249 4555 2376 4610 ideo
2414 4556 2620 4627 gratias
2660 4571 2761 4626 ago
2788 4557 2883 4612 tibi
2912 4565 3134 4627 pr0pter
3159 4556 3363 4620 omnia,

191 4627 257 4678 οὐ
288 4629 470 4698 μόνον
505 4632 607 4701 γῆν
647 4650 736 4702 μοι
769 4635 1008 4700 δέδωκας
1039 4638 1317 4710 ἐξαίρετον
1355 4644 1434 4705 εἰς
1465 4644 1681 4714 κτῆσιν,

1818 4661 1858 4702 o
1891 4647 2039 4716 quod
2073 4661 2181 4700 non
2219 4648 2396 4703 solum
2416 4620 2568 4702 'mihi
2602 4620 2807 4706 terram
2842 4620 3116 4720 egregiam
3160 4648 3364 4705 dedisti

77 4709 191 4764 ἀλλ’
219 4717 309 4769 ὅτι
341 4718 448 4771 καὶ
472 4719 686 4774 σύνεσιν
740 4723 1013 4794 παρέσχες
1043 4727 1136 4780 καὶ
1168 4709 1362 4798 σοφίαν
1393 4731 1490 4784 τοῦ
1514 4709 1687 4804 rapit;

1818 4754 1846 4792 n
1881 4740 2313 4808 possessionem,
2352 4738 2448 4795 sed
2484 4741 2650 4796 etiam
2694 4743 2839 4812 quod
2889 4741 3236 4810 prudentiam
3273 4755 3366 4796 sa-

75 4819 185 4904 τῖιν
210 4808 251 4861 ἆ
273 4810 346 4880 δὴ
385 4806 840 4886 [ὲ]νομοθετήσας
865 4818 994 4889 περὶ
1012 4820 1112 4891 τὴν
1133 4821 1242 4874 τῶν
1278 4825 1564 4895 πρακτέων
1593 4826 1688 4879 καὶ

1818 4831 2160 4901 »ἰοηιὶοηιίιιιο
2191 4832 2518 4888 concessisti
2566 4833 2634 4887 ad
2693 4832 2946 4889 facienda
2995 4848 3127 4904 qua:
3160 4847 3366 4903 praece-

75 4893 182 4948 τῶν
219 4901 306 4971 μὴ
333 4902 632 4959 τοιούτων.

1818 4923 1924 4977 ιίειί
1951 4923 2019 4978 de
2046 4893 2156 4988 liis,
2191 4923 2424 4990 scilicet,
2462 4939 2584 4995 quae
2636 4925 2844 4998 agenda
2879 4893 3029 4980 sunt.
3060 4939 3125 4978 ac
3154 4893 3221 4978 de
3277 4922 3365 4978 bis

1792 5031 1916 5085 quae
1945 5031 2056 5069 non
2088 5015 2316 5086 agenda.

137 5094 299 5199 ξτίχ.
342 5103 516 5199 :q'..—
540 5102 640 5157 Διὰ
661 5105 837 5161 τοῦτο·
862 5111 1015 5164 ποῖον
1035 5128 1050 5178 ;
1088 5113 1304 5188 Ἐπειδὴ
1325 5119 1692 5186 Προωρώμην

1863 5122 2028 5180 Vens.
2060 5123 2208 5182 8.—
2235 5123 2470 5196 Propter
2517 5125 2624 5182 hoc
2673 5128 2954 5198 quodnam
3008 5123 3365 5199 (offeram)?

68 5186 303 5286 iiéptor
328 5188 606 5247 ἐνώπιόν
636 5215 758 5266 μου
800 5199 1148 5268 διαπαντὸς,
1181 5186 1407 5260 καὶ-οὑκ
1441 5209 1690 5279 ἀπεσφά-

1818 5214 1929 5269 Ζυῐη
1963 5215 2289 5283 providerem
2306 5217 2594 5272 Dominum
2621 5219 2675 5273 in
2700 5214 2976 5290 conspectu
3006 5235 3118 5273 meo
3139 5233 3362 5287 semper,
3396 5271 3410 5298 ε

67 5274 186 5378 λην,
223 5281 442 5384 φησὶν,
468 5284 580 5384 τιῦν
628 5287 896 5344 ἐλπίδωνο
929 5294 1045 5348 ἀλλ’
1082 5297 1269 5368 ἐπειδὴ
1292 5299 1382 5352 ἀεὶ
1408 5299 1508 5371 τὴν
1538 5274 1690 5374 παρὰ

1963 5274 1974 5283 .
2826 5274 2838 5290 ,
3247 5274 3259 5287 .
3346 5274 3359 5280 -
3396 5274 3407 5298 .

1818 5323 1915 5371 ιοο,
1949 5308 2150 5378 inquit,
2177 5323 2208 5363 a
2237 5325 2334 5379 spe
2364 5309 2696 5379 frustrarer;
2726 5311 2822 5368 sed
2856 5328 2982 5368 cum
3016 5327 3232 5384 semper
3251 5325 3281 5363 a
3307 5318 3364 5365 te
3394 5304 3407 5381 ς

69 5367 162 5472 τοῦ
194 5372 639 5472 προσεδεχόμην
675 5379 948 5452 βοήθειαν,
983 5384 1172 5458 ἔτυχον
1210 5367 1286 5444 ὧν
1324 5367 1568 5461 ἐξῄτουν,
1593 5367 1690 5449 καὶ

1818 5367 2162 5467 ιᾱίιιιοιυξυηί
2187 5367 2519 5469 acciperem,
2560 5367 2696 5472 (μηδ’
2717 5401 3062 5472 postulabam
3090 5367 3223 5454 mihi
3262 5377 3404 5464 ob-f

63 5459 120 5513 ὲν
152 5460 505 5536 εὐφροσύνῃ
532 5470 803 5542 κατέστην
824 5475 992 5548 πολλῇ
1393 5459 1416 5461 ᾔ

1818 5459 2078 5554 renerunt,
2111 5459 2360 5562 atquein
2395 5459 2594 5564 magna
2621 5459 2809 5550 laetitia
2840 5493 3177 5550 constitutus
3210 5505 3357 5548 sum.
3389 5523 3400 5553 ε

133 5575 299 5646 Στίχ.
328 5583 387 5628 ι’.
416 5607 490 5615 —
515 5579 808 5637 Κάνταῦθα
835 5587 998 5643 πάλιν
1023 5590 1133 5646 ἀπὸ
1153 5594 1253 5666 τῆς
1276 5594 1456 5666 ψυχῆς
1483 5596 1544 5650 τὸ
1563 5598 1684 5653 ὅλον

1863 5599 2026 5657 Vens.
2061 5603 2148 5656 10.
2182 5604 2349 5659 —-lbi
2380 5606 2617 5662 animam
2667 5622 2883 5662 omnem
2931 5621 3220 5678 personam
3257 5619 3360 5659 vo-

59 5668 242 5720 καλείο
296 5669 638 5726 Ἀπολαύσω
665 5673 721 5728 δὲ
749 5679 973 5747 τούτων,
999 5686 1184 5757 φησὶν,
1217 5688 1400 5762 ἐπειδή
1432 5708 1500 5759 με
1524 5691 1686 5755 αὐτὸς

1791 5702 1898 5748 cat.
1931 5693 2029 5750 llis
2073 5697 2328 5752 omnibus
2382 5697 2556 5767 fruar,
2614 5699 2812 5771 inquit,
2855 5715 2980 5757 cum
3041 5697 3360 5756 custodiens

139 5847 226 5918 (ί)
261 5846 498 5905 lterum
522 5865 586 5905 cx
622 5852 902 5914 Corderio.
1521 5851 1535 5870 '
1872 5870 1949 5943 (2)
1992 5870 2096 5929 Mai
2128 5874 2260 5931 ibid.
2288 5875 2491 5946 p.593.
