3904 6518
480 390 590 448 659

1646 399 1993 457 TllEODOIll
2030 398 2512 457 MOPSUESTENI
3617 398 3707 451 (if-0

482 523 569 561 me
607 505 659 559 in
695 507 954 577 periculis
1003 509 1192 576 perire
1248 527 1355 566 non
1413 514 1589 579 sinas,
1655 533 1753 571 nec
1812 534 1896 572 me
1946 518 2054 571 illis

2177 516 2440 584 ρυλάττων
2460 517 2557 568 οὐκ
2604 517 2695 585 ἐᾷς
2752 516 3105 568 έναπολέσθαι
3134 517 3239 577 τοῖς
3282 511 3568 573 κινδύνοις,
3602 511 3709 562 οὐδὲ

480 600 947 668 corrumpendum
994 602 1218 666 trades;
1282 616 1649 676 sanctumque
1697 624 1902 663 vocans
1953 624 2049 677 po-

481 697 667 765 pulum
695 697 715 761 (
740 695 1098 750 lsraeliticum
1124 697 1141 766 )
1164 697 1232 751 ad
1267 697 1691 756 discernendum
1723 701 1793 755 ab
1822 702 1945 756 aliis
1980 702 2049 755 ob

484 786 580 843 Dei
621 788 1015 858 cognitionem.

550 944 719 1001 Vatis.
755 946 841 1002 Η.
876 977 945 987 —
970 947 1052 1002 Ea:
1083 960 1225 1003 mutu
1258 960 1370 1012 tuo,
1401 951 1451 1004 ul
1478 963 1580 1011 est,
1633 953 1704 1004 Ex
1746 960 1834 1003 tua
1871 954 2047 1005 mani-

483 1037 777 1093 testatione
826 1045 991 1108 atque
1039 1038 1313 1109 adiutorio
1375 1040 1675 1108 adimpleor
1729 1040 1938 1093 laetitia.
1979 1069 2049 1080 --

480 1129 1048 1187 Animadvertendum
1092 1141 1178 1188 est
1230 1144 1407 1188 autem
1470 1150 1688 1203 quoque
1745 1134 1831 1189 bis
1870 1134 2050 1189 verbis

482 1222 612 1277 linis
642 1223 835 1293 psalmi
879 1223 1096 1278 beatum
1129 1225 1436 1294 apostolum
1468 1224 1688 1280 Petrum
1726 1227 1779 1279 in
1823 1226 2050 1281 Actibus

485 1312 714 1383 (11,35)
747 1322 805 1367 ut
844 1312 913 1369 de
940 1313 1168 1369 Domino
1213 1312 1377 1370 dictis
1427 1332 1584 1371 usum
1643 1316 1833 1374 fuisse.
1881 1316 2051 1372 Porro

486 1405 770 1460 sciendum
792 1412 878 1461 est
905 1406 1096 1462 eodem
1127 1422 1295 1463 sensu
1327 1408 1442 1463 hac
1477 1410 1641 1463 verba
1674 1420 1803 1464 tunc
1832 1426 1860 1463 ει
1893 1410 2051 1465 beato

488 1496 653 1551 Petro
683 1498 925 1553 adhibita
954 1498 1146 1564 fuisse,
1178 1515 1303 1555 eum
1339 1510 1469 1555 tunc
1514 1502 1581 1555 ad
1615 1503 2049 1559 convincendum

487 1590 706 1645 dixerit.
745 1589 974 1660 Proprie
1013 1603 1219 1656 autem,
1278 1601 1332 1649 et
1375 1593 1531 1663 juxta
1585 1610 1775 1650 verum
1832 1611 2052 1653 sensum

487 1683 803 1748 verborum,
823 1683 950 1738 dico
975 1694 1230 1739 eventum
1256 1684 1458 1741 habere
1488 1686 1540 1740 in
1573 1686 1823 1751 Domino,
1850 1688 1915 1743 de
1945 1706 2054 1760 quo

487 1789 709 1845 quoque
760 1776 815 1830 in
868 1776 1239 1832 testimonium
1293 1794 1427 1834 usus
1481 1786 1606 1847 est,
1654 1782 1814 1850 quasi
1867 1798 2052 1837 rerum

487 1874 683 1923 eventu
713 1866 780 1923 de
808 1868 903 1924 illo
920 1868 1619 1926 evidentiustestimonium
1656 1872 1929 1942 praebente
1949 1876 2049 1932 (ll.

1012 2202 1337 2261 PSALMUS
1376 2204 1512 2261 XVI.

562 2335 728 2393 Vens.
756 2338 807 2394 6.
839 2368 909 2379 —-
930 2331 1154 2393 Mutatio
1185 2341 1449 2410 temporis
1484 2339 1627 2396 facta
1656 2349 1762 2404 est,
1794 2341 1917 2396 loco
1943 2339 2054 2395 Ex-

492 2425 593 2479 tuli
631 2423 889 2495 quoniam
920 2426 1147 2483 exaudis
1176 2444 1285 2494 me,
1315 2430 1573 2499 quoniam
1604 2430 1879 2486 exaudisti
1910 2445 2017 2486 me.

1780 2591 1824 2643 "it

566 2648 733 2707 Vens.
770 2651 823 2706 8.
855 2680 925 2691 —-
956 2651 1013 2706 ltl
1041 2660 1127 2707 est
1172 2653 1554 2708 resistentibus
1603 2653 1877 2724 adiutorio
1921 2662 2053 2719 tuo;

489 2756 615 2796 cum
650 2740 794 2796 enim
834 2740 1070 2809 dixerit,
1111 2742 1215 2809 Qui
1239 2742 1411 2797 salvos
1442 2742 1576 2811 facis
1609 2753 1875 2813 sperantes
1907 2742 1961 2796 in
2008 2752 2057 2796 te

489 2836 582 2905 (ν.
605 2834 637 2887 ’1
664 2834 722 2904 );
757 2835 1109 2906 sperantibus
1158 2844 1339 2891 autem
1375 2836 1433 2891 in
1464 2852 1530 2891 eo
1577 2836 1853 2891 succurrit
1893 2846 2057 2906 atque

491 2924 821 2990 auxiliatur,
883 2926 1201 2984 resistentes
1253 2943 1381 2983 vero
1445 2928 1795 2998 sperantibus
1852 2927 2057 2984 auxilio

492 3033 596 3075 suo
621 3019 798 3076 bonos
823 3021 978 3076 dixit.

564 3108 826 3166 Dominus
885 3118 1201 3182 susceptor,
1249 3111 1500 3181 quoniam
1558 3111 1777 3182 adjuvat
1814 3126 1919 3175 me,
1957 3122 2058 3167 nec

494 3202 624 3258 sinit
669 3218 756 3259 me
788 3204 1043 3273 perverti.
1080 3203 1213 3258 lllud
1246 3204 1391 3277 enim
1427 3223 1439 3257 :
1476 3204 1517 3256 A
1547 3205 1747 3257 dextris
1785 3214 1863 3259 est
1907 3203 2058 3267 mihi,

493 3311 558 3349 ne
595 3310 935 3360 commovear,
971 3294 1110 3350 idem
1159 3303 1242 3351 est
1285 3303 1466 3365 atque,
1499 3296 1791 3350 auxiliatur
1828 3296 1993 3364 mihi;
2031 3313 2060 3352 a

495 3387 688 3443 dextra
731 3388 940 3444 scilicet
975 3397 1029 3444 et
1057 3388 1256 3460 potiori
1294 3396 1449 3459 parte
1484 3389 1744 3444 auxilium
1778 3404 2000 3444 vocans.

568 3520 735 3578 Vens.
770 3522 857 3576 10.
885 3551 954 3563 --
988 3523 1099 3587 Sic,
1134 3523 1334 3595 inquit,
1366 3523 1583 3579 delicati
1619 3534 1768 3591 sunt,
1797 3523 1872 3578 ita
1904 3531 1966 3579 ut
1996 3539 2065 3579 ne

497 3616 665 3671 ullius
705 3616 929 3671 turbent
984 3618 1265 3673 mollitiem
1299 3628 1516 3683 cavent,
1553 3619 1871 3674 conclusum
1918 3619 2061 3674 enim

496 3710 645 3763 hunc
677 3709 893 3778 adipem
937 3710 993 3765 in
1042 3726 1238 3781 magna
1281 3712 1583 3767 securitate
1630 3704 2086 3769 constituerunt.’

495 3798 642 3855 Dicit
670 3801 1039 3857 concluserunt
1068 3817 1169 3872 pro
1187 3803 1590 3871 prosperitatem
1613 3820 1764 3858 suam
1788 3804 1843 3858 in
1872 3821 2065 3875 magna

495 3894 781 3948 securitate
813 3892 1023 3961 habent,
1058 3894 1133 3949 ita
1174 3902 1235 3948 ut
1271 3895 1455 3951 nullus
1507 3910 1672 3952 casus
1705 3896 1814 3952 illis
1863 3897 2066 3951 timen-

496 3984 600 4040 dus
631 3985 725 4050 sit,
758 4000 826 4041 ne
849 3985 1066 4041 dicatur
1094 3986 1220 4041 vita
1250 3984 1559 4043 felicitatem
1595 3986 1927 4057 perdidisse.

564 4210 733 4267 Vens.
762 4211 945 4265 ll.-—-
971 4210 1053 4266 Ad
1100 4211 1205 4266 hoc
1249 4212 1579 4281 respiciunt,
1624 4220 1796 4279 atque
1840 4208 1907 4263 ad
1967 4206 2070 4261 hoc

502 4303 637 4357 totis
667 4301 880 4359 viribus
915 4304 1173 4365 tendunt,
1201 4313 1261 4358 ut
1289 4319 1375 4358 me
1417 4320 1482 4359 ex
1524 4312 1672 4358 terra
1700 4299 2063 4364 haereditatis,

505 4390 564 4447 id
588 4401 697 4459 est,
728 4408 796 4449 ex
822 4400 971 4450 terra
1005 4394 1391 4452 promissionis
1416 4394 1707 4453 depellant.

2155 605 2495 676 παραδώσεις
2538 624 2605 676 με
2644 606 3003 678 διαφθαρῆναι
3059 605 3149 657 ὑπ’
3181 604 3379 657 αὐτῶν·
3419 603 3566 653 ὅσιον
3598 602 3708 653 κὰν-

2153 696 2327 750 ταῦθα
2354 698 2443 749 τὸν
2474 697 2601 751 λαὸν
2639 696 2840 759 καλῶν,
2871 697 3007 767 πρὸς
3037 692 3441 762 ἁντιδιαστολὴν
3475 691 3713 752 ἐκείνων,

2154 790 2229 845 ὡς
2252 789 2443 860 ἔχοντα
2471 789 2563 842 τοῦ
2594 788 2727 841 Θεοῦ
2762 789 2859 857 τὴν
2889 788 3108 857 γνῶσιν.

2226 939 2372 1009 Στίχ.
2399 946 2484 993 ια’.
2520 968 2587 979 --
2614 940 2756 992 Ἀντί
2797 937 2913 999 τοῦ,
2932 939 3031 992 Ἐκ
3065 937 3386 1005 προσώπου
3419 951 3557 997 σου,
3583 952 3714 987 τοιοτ-

2156 1031 2403 1091 έστι,Ἐκ
2431 1030 2530 1098 τῆς
2563 1029 2880 1099 ἐπιφανείας
2924 1045 3016 1081 σου
3049 1028 3141 1081 καὶ
3170 1028 3266 1096 τῆς
3296 1027 3445 1097 παρὰ
3474 1025 3570 1077 σοῦ
3604 1026 3691 1094 βοη

2158 1122 2305 1186 θείας
2356 1120 2673 1193 πληροῦμαι
2716 1120 3071 1191 εὐφροσύνης.
3105 1116 3626 1188 -Ἐπισημαντέον
3670 1117 3719 1169 δὲ

2158 1214 2435 1267 κάνταῦθα
2466 1217 2548 1268 ὃτι
2580 1217 2694 1276 τοῖς
2742 1213 3073 1275 τελευταίοις
3103 1211 3197 1264 τοῦ
3228 1211 3447 1281 ψαλμοῦ
3484 1212 3514 1262 ὁ
3552 1209 3721 1279 μακά·

2163 1325 2273 1377 ριος
2301 1307 2595 1370 ἀπόστολος
2624 1305 2827 1375 Πέτρος
2858 1307 2916 1357 ἐν
2950 1306 3068 1367 ταῖς
3106 1303 3341 1373 Πράξεσι
3373 1302 3452 1364 ὼς
3478 1304 3607 1370 περὶ
3635 1300 3723 1352 τοῦ

2158 1399 2363 1469 Κυρίου
2405 1398 2714 1469 εἰρημένοις
2764 1397 3053 1466 ἐχρήσατο.
3072 1394 3264 1447 ’ἰστέον
3291 1394 3474 1447 τοίνυν
3500 1394 3581 1445 ὃτι
3608 1392 3714 1444 κᾶν

2167 1493 2340 1547 ταῦθα
2358 1492 2497 1545 κατὰ
2516 1493 2612 1559 τὴν
2624 1491 2790 1559 αὐτὴν
2818 1489 3025 1542 ἔννοιαν
3038 1487 3349 1558 ἐξείληπται
3371 1486 3450 1556 τῷ
3482 1485 3729 1556 μακαρίῳ

2167 1573 2493 1655 1Ἀττοστόλιμ
2527 1583 2713 1654 ἐπειδὴ
2764 1582 2994 1635 ἐνταῦθα
3047 1581 3144 1651 μὲν
3190 1576 3727 1649 προτρεπτικώτερον

2160 1674 2373 1745 εἴρηται
2391 1689 2403 1702 ⁸
2437 1673 2641 1741 κυρίως
2662 1672 2717 1724 δὲ
2749 1673 2843 1724 καὶ
2872 1670 3013 1723 κατὰ
3040 1670 3138 1740 τὴν
3166 1669 3341 1739 ἁληθῆ
3374 1668 3609 1730 ἔννοιαν,
3640 1668 3724 1733 rip

2161 1768 2295 1839 πρὸς
2314 1766 2382 1819 τὰ
2403 1766 2540 1838 ῥητὰ
2562 1766 2728 1834 λέγω,
2757 1766 2856 1836 τὴν
2881 1765 3101 1818 ἔκϐασιν
3126 1763 3238 1834 ἔχει
3264 1765 3357 1815 ἐπὶ
3382 1760 3477 1815 τοῦ
3508 1758 3730 1830 Κυρίου,

2162 1860 2246 1927 ἐφ’
2274 1852 2334 1913 οῦ
2360 1859 2452 1911 καὶ
2482 1861 2550 1927 τῇ
2578 1857 2851 1928 μαρτυρίᾳ
2877 1857 3173 1927 ἐχρήσατο·
3204 1854 3278 1918 ὡς
3316 1854 3418 1922 τῆς
3447 1852 3559 1905 τῶν
3604 1868 3732 1919 πρι-

2155 1950 2378 2020 γμάτων
2405 1948 2678 2012 ἐκϐάσεως
2719 1948 2803 2001 ἐπ’
2829 1947 2991 2002 αὐτοῦ
3024 1946 3361 2020 κυριωτέραν
3390 1946 3490 2016 τὴν
3530 1961 3731 2014 μαρτυ-

2159 2043 2278 2114 ρίαν
2306 2040 2724 2111 ἀποφαινούστις.

2724 2197 3011 2251 “mox
3048 2198 3168 2265 ις’.

2227 2337 2374 2407 Στίχ.
2415 2342 2489 2400 ς’.
2508 2340 2578 2377 -ὲ-
2608 2334 2899 2404 Ἑναλλαγὴ
2922 2335 3116 2405 χρόνου
3140 2348 3450 2403 γεγενηται,
3480 2331 3604 2385 ἀντὶ
3626 2328 3734 2393 τοῦ,

2157 2422 2346 2496 *Αρονο
2399 2424 2492 2479 τοῦ
2540 2425 2658 2478 Ὅτι
2707 2423 2993 2488 ἐπακούεις
3042 2442 3165 2495 μοι,
3210 2424 3339 2478 Ὀτι
3390 2419 3738 2488 ἐπήκουσάς

2154 2536 2292 2590 μου.

2229 2655 2376 2725 Στίχ.
2404 2660 2475 2723 η’.
2506 2683 2577 2695 -
2600 2654 2905 2717 Τουτέστιν,
2924 2650 3393 2718 Ἀνθεστηκότων
3422 2648 3491 2718 τῇ
3523 2643 3736 2715 βοηθείᾳ

2163 2765 2255 2801 σου
2277 2763 2291 2778 ·
2326 2746 2512 2818 ἐπειδὴ
2544 2745 2655 2816 γὰρ
2685 2743 2861 2809 εἶπεν,
2887 2746 2948 2798 '0
2985 2742 3183 2804 σώζων
3215 2741 3355 2807 τοὺς
3393 2738 3737 2799 ἐλπίζοντας

2163 2836 2265 2891 ἐπί
2296 2837 2397 2890 σοί
2420 2852 2434 2867 ⁸
2462 2838 2575 2900 τοῖς
2601 2835 2658 2889 δὲ
2702 2834 3011 2899 ἐλπίζουσιν
3046 2834 3133 2886 ἐπ’
3160 2830 3309 2900 αὐτῷ
3329 2830 3495 2892 αὐτὸς
3530 2826 3736 2895 ἐπαμύ-

2165 2946 2247 2983 νει
2302 2930 2397 2982 καὶ
2455 2926 2666 3002 βοηθεῖ·
2722 2928 2845 2991 τοὺς
2874 2922 3409 2994 ἀνθεστηκόταςοτοῖς
3436 2918 3737 2982 ἐλπίζουσιν

2164 3020 2252 3073 ἐπ’
2277 3020 2438 3074 αὐτὸν
2467 3021 2532 3090 τῇ
2564 3018 2728 3072 αὐτοῦ
2761 3016 2979 3087 βοηθείᾳ
3003 3014 3200 3077 καλοὺς
3228 3011 3453 3082 ἔφησεν.

2233 3111 2434 3181 Κύριος
2463 3110 2537 3180 (2)
2563 3113 2591 3164 ὁ
2611 3108 3055 3181 προσδεχόμενος,
3088 3107 3171 3159 ὅτι
3198 3102 3399 3174 βοηθεῖ,
3437 3103 3531 3154 καὶ
3557 3098 3653 3151 οὐκ
3680 3096 3739 3164 ἐᾷ

2163 3202 2588 3274 περιτραπῆναι.
2625 3202 2697 3253 Τὸ
2724 3200 2832 3272 γὰρ
2854 3240 2868 3264 ,
2904 3200 2997 3252 Ἐκ
3034 3196 3248 3261 δεξιῶν
3270 3194 3388 3264 μού
3417 3192 3616 3253 ἐστιν,
3645 3189 3741 3241 ἵνα

2158 3294 2244 3366 μὴ
2275 3293 2571 3355 σαλευθῶ,
2606 3293 2725 3346 ἀντὶ
2751 3291 2865 3354 τοῦ,
2896 3290 3089 3359 Βοηθεῖ
3122 3305 3211 3358 μοι
3232 3327 3247 3350 ,
3275 3285 3384 3340 ἀπὸ
3423 3283 3519 3337 τοῦ
3573 3278 3741 3344 δεξιοῦ

2163 3389 2258 3444 καὶ
2289 3387 2382 3441 τοῦ
2430 3386 2734 3457 κρείττονος
2783 3384 2880 3456 τὴν
2932 3382 3182 3453 βοήθειαν
3226 3378 3481 3440 καλέσας.

2235 3520 2383 3591 Στίχ.
2414 3526 2538 3574 ι⁹.-
2560 3518 2635 3590 (5)
2675 3517 2849 3581 Οὕτω,
2873 3517 3035 3587 φησὶν
3055 3556 3069 3579 ,
3104 3514 3240 3567 εἰσὶν
3277 3509 3551 3572 εὐπειθεῖς,
3573 3507 3645 3569 ὡς
3670 3506 3744 3575 μὴ

2165 3610 2404 3665 διαδῦναι
2421 3610 2596 3663 αὐτῶν
2616 3606 2983 3677 τὸνλιπασμόν
3003 3621 3016 3635 ³
3037 3602 3225 3673 ἐπειδὴ
3238 3601 3419 3672 γὰρτὸ
3435 3595 3745 3665 συγκεκλει-

2169 3702 2361 3772 σμένον
2394 3703 2452 3754 ἐν
2481 3699 2747 3769 ἀσφαλείᾳ
2776 3697 3000 3769 πλείστῃ
3031 3695 3386 3761 καθέστηκεν,
3414 3688 3573 3742 τοῦτο
3600 3686 3743 3752 λέγει

2166 3795 2247 3855 τὸ,
2284 3791 2720 3853 Συνέκλεισαν,
2752 3789 2872 3842 ἀντὶ
2894 3787 3010 3849 τοῦ,
3040 3786 3150 3856 Τὴν
3177 3783 3430 3852 εὐθηνίαν
3474 3778 3652 3833 αὐτῶν
3692 3778 3748 3827 ἐν

2168 3885 2396 3955 πλείστῃ
2424 3883 2634 3953 ἔχουσιν
2662 3880 2947 3950 ἀσφαλείᾳ,
2972 3877 3046 3941 ὡς
3078 3877 3210 3947 μηδὲ
3233 3873 3539 3943 προσδοκᾷν
3571 3868 3748 3921 αὐτῶν

2167 3977 2465 4037 διαπεσεῖν,
2496 3974 2564 4027 ἶν’
2594 3972 2721 4044 εῖπῃ
2764 3974 2845 4026 ὅτι
2889 3972 2987 4025 οὐκ
3037 3967 3309 4024 ἀπέϐαλον
3344 3963 3439 4017 τοῦ
3488 3962 3605 4032 βίον
3647 3960 3749 4029 τὴν

2169 4066 2493 4139 εὐπραγίαν.

2242 4199 2393 4271 Στίχ.
2425 4205 2512 4253 ια’.
2535 4229 2603 4239 -
2628 4198 2770 4268 Πρὸς
2795 4196 2951 4250 τοῦτο
2976 4197 3271 4267 ἀφορῶσιν,
3302 4197 3397 4248 καὶ
3438 4194 3574 4264 πρὸς
3594 4189 3757 4243 τοῦτο

2172 4293 2352 4363 ἔχουσι
2381 4293 2559 4346 πᾶσαν
2586 4291 2684 4362 τὴν
2720 4292 2975 4362 σπουδὴν,
3009 4289 3150 4342 ὥστε
3183 4288 3283 4359 ἐμὲ
3316 4288 3418 4357 τῆς
3463 4288 3567 4354 γῆς
3592 4283 3757 4336 ἐκδα-

2172 4385 2284 4438 λεῖν
2326 4383 2424 4454 τῆς
2465 4382 2853 4454 κληρονομίας,
2884 4380 3165 4434 τουτέστιν
3193 4380 3291 4449 τῆς
3319 4382 3425 4448 γῆς
3454 4378 3553 4447 τῆς
3586 4378 3759 4441 ἐπαγ-

2178 4476 2381 4546 γελίας.

566 4615 738 4687 -(4)
793 4615 895 4683 Qui
939 4621 1251 4687 quondam,
1295 4618 1497 4689 inquit},
1562 4635 1647 4674 me
1708 4620 2056 4688 beatumprze-

2240 4645 2305 4654 ——
2347 4613 2410 4665 Οἱ
2484 4612 2654 4674 ποτὲ,
2716 4614 2888 4680 φησὶ,
2957 4607 3387 4679 μακαρίζοντες,
3444 4605 3542 4657 νῦν
3587 4618 3763 4656 καταο

498 4703 791 4769 dicabant,
873 4720 1018 4760 nune
1080 4717 1481 4777 persequuntur
1558 4718 1611 4763 et
1678 4710 2065 4773 circumdant,

496 4802 610 4849 ute
651 4794 832 4850 medio
864 4796 1075 4850 tollant.
1113 4796 1204 4851 Sic
1252 4798 1490 4854 enimet
1539 4798 1904 4869 Symmachus
1966 4801 2064 4865 ait,

495 4883 723 4939 Beatum
756 4902 836 4939 me
866 4888 1212 4953 prtzdt'cantes
1234 4928 1249 4952 ,
1294 4889 1571 4957 confestim
1612 4890 2070 4945 circumdederunt

496 4993 598 5031 me.
638 4975 985 5047 Projicientes
1018 4995 1146 5035 vero
1180 4981 1268 5035 hic
1302 4982 1513 5036 vocavit
1550 4997 1646 5036 eos
1686 4982 1779 5049 qui
1835 4982 2057 5037 beatum

497 5068 888 5136 praedicabant,
923 5071 1050 5139 quia
1108 5086 1217 5125 non
1246 5072 1460 5128 sincera
1489 5082 1669 5128 mente
1714 5073 1865 5143 prius
1924 5075 2054 5129 bea-

498 5168 611 5212 tum
642 5158 939 5227 dixerant;
971 5161 1065 5217 sed
1098 5171 1156 5216 ut
1204 5163 1479 5233 ejicerent,
1529 5172 1584 5220 et
1629 5180 1659 5219 a
1712 5165 1925 5220 decenti
1979 5168 2067 5219 via

498 5250 833 5307 diverterent
862 5292 876 5316 ,
935 5254 1003 5308 ad
1047 5254 1407 5325 imposturam
1445 5260 1531 5312 usi
1603 5266 1732 5312 sunt
1785 5258 2073 5312 vocabulis

500 5342 877 5401 beatitudinis.

570 5480 735 5538 νεεδ.
763 5485 850 5539 12.
880 5516 950 5525 -
981 5485 1314 5557 Exspectant
1354 5504 1460 5548 me,
1516 5496 1574 5540 ut
1608 5487 1857 5557 perdant,
1918 5500 2069 5539 more

575 5707 649 5777 (Ι)
703 5707 828 5764 Ηωο
865 5711 1058 5766 ultima
1086 5712 1249 5768 verba
1300 5726 1525 5765 erronea
1558 5718 1703 5762 sunt.
1747 5709 1871 5765 Vid.
1924 5706 1979 5763 S.
2023 5708 2078 5763 S.

504 5774 657 5833 σπη’.
679 5782 864 5834 comnl.
890 5781 1067 5846 LXV,
1104 5786 1209 5838 col.
1241 5784 1327 5838 35.
1357 5782 1515 5837 Enn.
1542 5781 1711 5837 Pun.

578 5848 653 5920 (ἓ)
678 5847 756 5904 Ex
787 5850 1073 5907 Corderio.

2175 4705 2429 4758 διώκουσι
2486 4704 2577 4757 καὶ
2631 4702 3048 4773 περικυκλοῦσιν
3072 4741 3087 4765 ,
3116 4700 3255 4752 ὥστε
3305 4698 3539 4751 ἀνελεῖν.
3571 4694 3764 4753 Οὕτως

2177 4798 2284 4869 γὰρ
2305 4796 2451 4864 λέγει
2478 4796 2567 4849 καὶ
2596 4794 2906 4864 Σύμμαχος,
2937 4792 3372 4861 Μακαρίζοντες
3392 4786 3767 4857 παραχρῆμα

2179 4885 2668 4955 περιεκύκλωσάν
2691 4903 2783 4954 με.
2831 4886 3271 4947 Ἐκϐἀλλοντας
3300 4882 3358 4935 δὲ
3410 4882 3539 4941 τοὺς
3585 4890 3771 4947 μακα-

2182 4979 2424 5049 ρίζοντας
2476 4975 2709 5037 ἐνταῦθα
2764 4976 3041 5036 ἐκάλεσεν,
3092 4974 3279 5041 ἐπειδὴ
3329 4974 3407 5041 μὴ
3450 4972 3659 5037 γνησίᾳ
3703 4967 3768 5032 τῇ

2176 5070 2380 5140 διανοίᾳ
2409 5069 2498 5121 τὸν
2522 5068 2872 5139 μακαρισμὸν
2901 5066 3176 5120 ἐποιοῦντο
3208 5065 3270 5117 τὸ
3290 5065 3550 5133 πρότερον
3578 5075 3594 5086 ⁸
3626 5056 3770 5108 ὥστε

2173 5161 2228 5213 δέ
2280 5158 2530 5213 ἐκϐαλεῖν
2578 5158 2671 5211 καὶ
2728 5156 2987 5226 ἐκτρέψαι
3034 5156 3131 5225 τῆς
3172 5150 3559 5223 προσηκούσης
3613 5144 3771 5205 ὁῖῄῦ,

2172 5252 2389 5321 ἀπάτης
2417 5250 2605 5305 ἕνεκεν
2652 5252 2763 5313 τοῖς
2792 5248 2886 5302 τοῦ
2944 5246 3296 5319 μακαρισμοῦ
3354 5244 3605 5316 ῥήμασιν
3652 5236 3773 5289 ἐκέ-

2179 5364 2397 5419 χρηντο.

2245 5482 2389 5553 ΣτίΧ·
2427 5482 2511 5551 ιβ’.
2539 5510 2607 5521 -
2652 5476 3013 5550 Περιμένουσί
3046 5492 3135 5547 με,
3165 5473 3304 5527 ὥστε
3340 5468 3578 5533 ἀνελεῖν,
3615 5464 3778 5535 δίκην

2263 5707 2340 5769 (3)
2373 5705 2626 5759 Maiibitl.

2264 5779 2338 5830 hil
2369 5777 2442 5830 Ex
2478 5775 2757 5831 Cerderio.
