3904 6532
145 354 235 411 661
530 436 533 443 η
1317 383 1683 448 EXPOSITIO
1718 394 1785 449 ΙΝ
1829 397 2158 463 l‘SALMOS.

142 474 344 573 λέοντος
374 476 545 549 Θήραν
570 480 990 573 προσδοκῶντος.
1013 492 1156 548 Ἀντὶ
1179 495 1257 559 δὲ,
1289 499 1701 573 Περιμένουσιν,

139 563 284 621 εἶπεν
313 569 407 633 τὸ,
457 572 802 628 ’Υπέλαϐοφκ
858 577 1075 652 Ἐπειδὴ
1128 586 1176 637 οί
1210 563 1696 663 ὑπολαμδὰνοντες,

139 657 350 712 ἔσεσθαί
389 678 441 713 τι
470 662 789 733 προδοκῶσι.
808 668 1084 736 Τουτέστι,
1120 676 1334 749 Ταύτην
1365 657 1545 752 ἔχουσι
1573 657 1701 759 περί

3263 437 3367 492 662

1731 516 1775 572 Α
1810 514 1978 572 leonis
2006 524 2237 588 praedam
2276 532 2661 597 exspectantis.
2692 534 2797 591 Pro
2814 553 3112 608 exspectant
3165 558 3365 613 autem,

1803 606 1938 661 dixit
1996 629 2352 687 susceperunt.
2395 621 2658 686 Quoniam
2713 632 2803 698 qui
2859 636 3203 705 suscipiunt,
3262 643 3362 694 ali—

1803 699 1929 766 quid
1966 701 2204 759 futurum
2235 721 2570 779 exspectant.
2602 717 2655 770 Id
2681 729 2784 786 est,
2819 699 3102 781 Talem-de
3127 699 3212 783 me
3242 733 3364 800 opi-

137 749 268 818 ὲμοῦ
314 750 411 821 τὴν
442 753 726 824 ὑπόληψιν,
761 759 842 811 ὅτι
868 759 1125 831 λήψονται
1148 766 1337 841 ὥσπερ
1358 749 1491 829 τινὰ
1537 749 1696 849 θῆρα.

137 840 289 894 οὕτω
317 844 409 895 καὶ
443 844 520 909 τὸ,
540 846 960 919 ’Υπελάϐομεν,
990 858 1024 908 ό
1050 857 1213 924 Θεὸς,
1250 840 1317 916 τό
1349 864 1520 934 ἔλεός
1562 840 1698 934 ἇὸυ,

134 936 397 997 τουτέστι,
420 937 850 1013 Περιεμείναμεν
870 948 961 998 καὶ
988 951 1463 1027 προσεδοκήσαμεν
1485 960 1702 1018 ἔσεσθαί

138 1040 227 1077 σου
258 1026 316 1077 ἐν
348 1028 481 1081 ὑμῖν
506 1029 606 1101 τὴν
639 1034 1068 1106 φιλανθρωπίαν.

201 1228 346 1299 Στίχ.
366 1233 704 1299 ιγ’.-Τινὲς,
731 1237 808 1307 (1)
840 1239 1125 1313 Ῥομφαίᾳ
1145 1262 1282 1308 σου.
1301 1252 1699 1319 ἀναγινώσκου-

132 1334 234 1381 σιν,
267 1323 457 1392 ιιιξτῆς
477 1323 691 1397 δοτικῆς
722 1329 980 1395 πτώσεως
1000 1333 1261 1403 λέγοντες·
1281 1341 1466 1395 ἔστιδὲ
1494 1344 1591 1415 οὐχ
1616 1344 1698 1397 οὗ·

127 1428 255 1478 τως,
274 1413 431 1479 ἀλλὰ,
465 1415 783 1488 Ῥομφαίας
803 1439 940 1491 σου,
960 1429 1033 1497 τῇ
1050 1433 1237 1501 γενικῇ
1260 1432 1459 1485 πτώσει
1476 1413 1698 1504 λεχόμε-

18 1510 26 1517 ·
127 1518 236 1555 νον’
258 1504 429 1568 οὕτως
453 1507 590 1580 γὰρ’
609 1512 825 1578 Ακύλας
848 1512 990 1583 εἷπε,
1024 1522 1329 1590 Μαχαιρᾶς
1388 1540 1523 1581 σου.
1549 1531 1613 1581 Ὃ
1639 1530 1695 1583 δὲ

125 1594 375 1664 βούλεται
394 1602 588 1665 εἰπεῖν,
608 1605 848 1661 τοιοῦτόν
869 1611 1017 1664 ἐστιν
1032 1630 1047 1643 ·
1063 1614 1251 1667 Ῥὖσαι
1266 1617 1363 1687 τὴν
1377 1619 1554 1691 ψυχήν
1572 1639 1694 1692 μου,

121 1689 401 1741 τουτέστιν
437 1693 558 1761 ἐμὲ,
594 1696 700 1749 ἀπὸ
736 1700 938 1754 τούτων
965 1704 1071 1759 τῶν
1106 1706 1332 1773 ἀσεϐῶν,
1360 1689 1582 1766 καί
1596 1714 1695 1778 τῆς

121 1781 399 1877 ῥομφαίας
430 1786 538 1839 τῶν
573 1788 782 1860 ἐχθρῶν
818 1793 1108 1867 τῆςιχειρός
1122 1814 1248 1851 σουο
1281 1803 1551 1870 ῥομφαίαν
1587 1804 1695 1877 γὰρ

119 1870 280 1923 καλεῖ
301 1873 402 1943 τήν
428 1877 549 1929 κατ’
584 1879 749 1932 αὐτοῦ
780 1885 1072 1957 γινομένην
1101 1888 1191 1941 ὑπ’
1217 1891 1395 1945 αὐτῶν
1428 1897 1693 1967 μηχανὴν,

119 1962 308 2032 τοάσης
343 1969 618 2038 μαχαίρας
654 1974 775 2024 κατ’
811 1976 975 2030 αὐτοῦ
1001 1962 1542 2055 τμητικωτέραντήν
1572 1962 1693 2041 ἐπιέ-

116 2054 322 2127 ϐουλὴν
350 2060 724 2133 ἐργαζομένην
742 2082 754 2095 ·
780 2067 1006 2138 ἐχθροὺς
1032 2072 1088 2124 δὲ
1115 2074 1211 2144 τῆς
1237 2076 1416 2146 χειρὸς
1441 2054 1694 2146 τοῦθ,εοῦ

116 2080 322 2127 υουΛην
350 2080 724 2133 εργαςομενην
742 2082 754 2095 ·
780 2080 1006 2138 εχυροὺς
1032 2080 1088 2124 δὲ
1115 2080 1211 2144 τῆς
1237 2080 1416 2146 χειρὸς
1441 2080 1533 2131 τοῦ
1604 2082 1694 2134 εοῦ

114 2148 279 2200 καλεῖ
303 2152 430 2214 τοὺς
448 2153 675 2225 ἐχθροὺς
698 2159 825 2221 τοὺς
845 2161 1011 2214 αὐτοῦ
1029 2180 1043 2194 ο
1074 2165 1168 2217 ἐπε
1179 2165 1258 2237 ιδὴ
1290 2168 1379 2221 τὸν
1410 2170 1500 2221 ὑπ’
1529 2080 1694 2247 θλῢ

114 2241 416 2310 χρισθέντα
434 2246 513 2308 είς
537 2246 757 2316 βασιλέα
775 2252 915 2305 ἑλεῖν
941 2254 1354 2323 ἐσπουδακότες,
1381 2262 1529 2332 αὺτῷ
1549 2241 1694 2334 δῆλοι

1803 787 2016 844 nionem
2046 793 2265 863 habent,
2304 808 2362 853 ut
2394 818 2479 856 me
2522 806 2686 861 veluti
2724 809 2893 866 feram
2943 818 3234 885 quamdam
3272 787 3365 873 ve-

1802 893 1999 936 uenlur
2031 895 2083 939 et
2126 890 2360 957 capiant.
2392 893 2579 951 Simile
2607 912 2690 954 est
2716 910 2768 955 et
2795 904 2923 959 illud
2964 924 2977 960 ε
3005 907 3365 979 Suscepimus,

1800 970 2044 1038 Domine,
2086 979 2500 1038 misericordiam
2553 998 2697 1042 tuam
2756 992 2950 1059 (Psal.
3009 1014 3177 1063 XLVII,
3242 1004 3365 1070 10),

1801 1062 1902 1116 hoc
1933 1073 2036 1129 est,
2066 1066 2512 1141 Exspectavimus
2561 1078 2795 1135 futuram
2830 1083 2883 1137 in
2921 1087 3078 1143 nobis
3118 1091 3369 1147 humaui-

1801 1164 1962 1212 tatem
1992 1167 2162 1215 tuam.

1870 1266 2458 1340 Vsus.l3.—Quidam
2486 1282 2727 1355 ῥομφαίᾳ
2757 1284 2899 1354 (cum
2915 1286 3119 1349 framea
3144 1295 3255 1356 tua)
3294 1296 3367 1347 leo

1799 1368 1930 1426 gunt
1957 1360 2140 1417 dativo
2166 1380 2319 1421 casu.
2353 1367 2473 1424 Non
2522 1380 2701 1429 autem
2727 1383 2810 1430 est
2837 1377 2937 1441 ita,
2960 1380 3053 1435 sed
3087 1383 3364 1453 ῥομφαίας

1800 1452 1855 1517 (a
1878 1450 2079 1518 framea
2102 1455 2214 1525 tua)
2236 1461 2474 1528 genitivo
2490 1477 2621 1519 casu
2654 1466 2942 1536 legendum
2972 1450 3099 1537 est,
3116 1450 3195 1526 sic
3212 1450 3366 1527 cnim

1794 1537 1933 1592 dixit
1960 1540 2151 1609 Aquila
2178 1547 2451 1616 μαχαίρας
2490 1552 2564 1618 (α
2597 1552 2775 1619 gladio
2811 1563 2898 1609 tuo
2921 1558 2961 1625 ).
2995 1556 3151 1623 Quod
3178 1559 3361 1615 dicere

1796 1630 1930 1693 vult,
1982 1631 2085 1687 hoc
2116 1646 2238 1690 est:
2274 1636 2437 1708 Eripe
2472 1644 2709 1698 animam
2766 1661 2966 1712 meam,
3016 1650 3067 1704 id
3115 1662 3203 1707 εει
3256 1670 3368 1708 meo

1796 1720 1998 1789 ipsum,
2030 1725 2208 1781 abhis
2239 1729 2446 1799 impiis,
2490 1744 2655 1804 atque
2690 1751 2717 1789 a
2764 1738 2968 1794 framea
3019 1741 3365 1798 inimicorum

1800 1828 1995 1871 manus
2018 1823 2144 1872 tum.
2173 1819 2461 1877 Frameam
2488 1836 2668 1881 autem
2703 1839 2861 1883 vocat
2907 1832 3088 1887 omnis
3140 1834 3358 1904 generis

1798 1917 1945 1957 arma
1976 1906 2043 1959 ab
2080 1908 2187 1963 illis
2223 1909 2441 1966 inventa
2471 1915 2673 1983 quibus
2717 1917 2791 1971 illi
2833 1918 3066 1974 insidias
3097 1920 3365 1989 periculo-

1798 1988 2293 2090 sioreiuarabant.
2339 2001 2594 2059 Inimicos
2642 2022 2773 2061 vero
2813 2023 3008 2063 manus
3068 2009 3161 2064 Dei
3206 2020 3367 2063 vocat

1798 2011 1912 2048 sior
2003 2011 2293 2090 parabant.
2339 2011 2594 2059 Inimicos
2642 2022 2773 2061 vero
2813 2023 3008 2063 manus
3068 2011 3161 2064 Dei
3206 2020 3365 2063 vocat

1797 2011 2292 2185 inas‘ipsius,
2329 2108 2452 2145 cum
2486 2110 2649 2163 quem
2677 2107 2911 2152 unxerat
2946 2100 3002 2153 in
3052 2115 3233 2171 regem
3267 2100 3365 2155 de-

1796 2176 2007 2244 pellere
2036 2176 2337 2236 s‘uderent.
2366 2182 2656 2241 Manifeste
2683 2188 2916 2243 oderant
2960 2189 3154 2253 Deum,
3203 2190 3365 2245 factis

1798 2268 1867 2322 ab
1895 2270 2016 2339 ipso
2050 2273 2323 2329 obsistere
2353 2259 2658 2333 studentes.

109 2330 259 2405 ἦσαν
288 2336 666 2407 ἐχθραίνοντες
692 2344 770 2414 τῷ
799 2345 939 2416 Θεῷ,
971 2349 1066 2401 καὶ
1097 2353 1208 2415 τοῖς
1237 2352 1328 2405 ὑπ’
1356 2330 1519 2409 ἁύτού
1542 2330 1695 2425 γενο-

112 2426 307 2495 μένοις
330 2430 685 2488 ἀνθίστασθαι
712 2438 1124 2506 ἐσπουδακότες.

186 2522 337 2592 Στίχ.
381 2525 465 2580 ιδ’.
498 2556 569 2568 -—
599 2529 673 2581 Τὸ
704 2531 803 2599 μὲν
849 2529 962 2599 οὖν,
1011 2536 1310 2592 Ἀπολύων
1337 2540 1414 2609 (2)
1444 2542 1563 2597 ἀπὸ
1588 2543 1696 2611 τῆς

1874 2543 2036 2601 Vens.
2071 2548 2157 2603 Mr.
2188 2578 2245 2587 -
2280 2549 2363 2604 De
2407 2560 2548 2605 terra
2577 2569 2699 2623 ergo
2740 2555 3068 2624 disperdens,
3095 2557 3160 2613 ad
3197 2556 3361 2614 Deum

1798 2635 1942 2690 dixit
1972 2646 2232 2709 tanquam
2276 2641 2557 2699 decretura
2614 2647 2806 2703 mortis
2868 2657 3059 2702 contra
3116 2649 3362 2703 homines

1798 2738 2169 2795 exserentem,
2201 2740 2262 2785 ut
2291 2731 2510 2787 dicatur
2536 2736 2697 2789 morti
2729 2737 2880 2794 solus
2927 2739 3216 2807 imperare.
3266 2739 3363 2792 Dio

1798 2818 1919 2873 vide
1948 2835 2047 2889 pro
2078 2821 2351 2893 disperge,
2398 2824 2551 2882 unde
2590 2825 2897 2897 dispersum
2945 2830 3171 2885 omnino
3205 2832 3365 2885 undi-

108 2616 253 2685 γῆς,
284 2616 405 2675 εἷπε
430 2624 567 2695 πρὸς
584 2624 676 2676 τὸν
700 2625 852 2689 Θεὸν,
876 2627 951 2691 ὡς
966 2628 1035 2681 ἂν
1056 2630 1220 2684 αὑτοῦ
1240 2632 1335 2702 τὴν
1354 2634 1447 2687 τοῦ
1465 2636 1694 2690 Θανάτου

106 2711 404 2779 ἀπόφασιν
464 2715 603 2767 κατά
666 2716 773 2770 τῶν
829 2717 1133 2789 ἀνθρώπων
1168 2722 1581 2791 ἐξενέγκαντοςο
1630 2727 1707 2780 ἵν’

104 2804 265 2874 εἴπῃ,
296 2805 378 2857 ὅτι
408 2806 480 2859 Σὺ
502 2808 530 2859 ό
550 2808 754 2871 πάντας
780 2810 1141 2880 ἀποθνήσκειν
1170 2814 1364 2868 ποιῶψ
1394 2818 1474 2880 τὸ,
1499 2819 1696 2887 Διαμέ-

100 2910 311 2961 ρισον,
333 2897 458 2949 ἀντὶ
505 2898 620 2964 τοῦ,
669 2900 1079 2971 Διασκόρπισον,
1118 2904 1227 2957 ἀπὸ
1258 2905 1350 2960 τοῦ
1384 2908 1444 2960 τὸ
1475 2926 1696 2980 σκορπι-

1802 2925 1905 2978 que
1936 2911 2286 2967 dividendum
2315 2925 2419 2969 est.
2452 2948 2519 2956 —
2543 2918 2877 2973 Absconditis
2925 2928 3109 2976 autem
3144 2937 3245 2991 pro
3286 2922 3365 2975 ulo'

69 3046 78 3052 I
100 2986 345 3056 ζόμενον
374 2988 592 3053 πάντως
616 2991 738 3061 τῇδε
761 2992 980 3045 κάκεῖσε
1000 2994 1318 3065 μερίζεσθαι
1337 3014 1352 3028 ο
1374 2998 1433 3053 τὸ
1464 3000 1542 3064 δὲ,
1578 3002 1696 3054 Τῶν

1802 3003 2041 3058 tionibus
2076 3021 2214 3075 quas
2242 3007 2599 3064 absconditas-
2626 3019 2802 3077 tenes,
2835 3027 3083 3083 quasque
3114 3029 3238 3067 cum
3265 3028 3363 3066 ve-

100 3078 559 3147 κεκρυμμένων,
590 3083 707 3135 ἀντὶ
731 3081 846 3149 τοῦ,
885 3084 1006 3137 Τῶν
1036 3088 1314 3159 τιμωριῶν
1344 3107 1436 3142 σου
1453 3084 1527 3143 ὧν
1555 3091 1696 3162 ἔχεις

1802 3094 1965 3149 lueris
1999 3099 2209 3153 exseris
2243 3099 2310 3152 ad
2342 3099 2440 3155 hos
2472 3101 2722 3158 homines
2757 3104 3052 3175 imparatos
3089 3114 3252 3176 atque
3283 3107 3363 3161 ia-

99 3170 159 3220 ὲν
185 3171 525 3244 ἀποκρύφῳ,
543 3174 629 3238 ἃς,
652 3175 741 3228 ὅτε
768 3176 961 3245 θέλεις,
986 3179 1248 3252 ἐκφέρῃς,
1285 3183 1696 3254 τιμωρούμενος

1802 3186 1945 3241 scios
1982 3188 2351 3247 ulciscendos.

98 3258 541 3331 ἀπροσδοκήτως
564 3263 691 3326 τοὺς
716 3265 1058 3337 ἀνθρώπους,
1088 3271 1182 3323 καὶ
1210 3270 1285 3335 ὡς
1318 3272 1418 3325 οὐκ
1444 3274 1645 3327 ἴσασιν.
1721 3258 1764 3278 ν
2806 3326 2809 3329 μ

175 3353 333 3423 Στίχ.
375 3355 458 3409 ιε’.
490 3386 559 3397 -—
586 3358 896 3424 Τουτέστιν,
946 3362 1172 3417 Ἐκεῖνοι
1214 3365 1313 3434 μέν
1355 3382 1438 3418 τοι
1471 3366 1694 3420 τοιαῦτα

1868 3362 2033 3418 Vsus.
2062 3365 2149 3420 15.
2186 3367 2331 3423 -—|d
2368 3378 2474 3433 est,
2513 3369 2592 3426 llli
2643 3373 2734 3442 qui
2790 3373 2915 3427 talia
2973 3373 3239 3439 fecerunt,
3272 3376 3363 3431 tali

94 3444 567 3516 διαπραξάμενοι,
596 3449 800 3519 ταύτης
820 3450 1018 3505 δίκαιοι
1054 3455 1326 3527 τιμωρίας
1355 3458 1688 3515 ἀπολαῦσαι·

1802 3454 2009 3510 ultione
2036 3463 2096 3510 ut
2125 3456 2382 3514 fruantur
2409 3461 2557 3531 digni
2591 3472 2740 3518 sunt.
2766 3494 2823 3503 -
2864 3464 2975 3535 Ego
3004 3475 3179 3521 autem
3205 3470 3257 3521 in
3273 3469 3354 3537 ju-

314 3537 389 3590 δὲ
423 3540 575 3607 μετά
608 3540 1000 3611 δικαιοσύνης
1041 3562 1124 3599 σοι
1150 3549 1359 3616 φανεὶς,
1408 3552 1688 3605 τουτέστιν

1802 3548 1943 3602 uitia
1970 3562 2154 3603 coram
2195 3560 2248 3606 te
2279 3567 2571 3623 apparens,
2620 3554 2675 3609 id
2728 3564 2831 3620 est,
2884 3555 3177 3628 Postquam
3234 3559 3363 3614 nihil

92 3629 263 3681 οὐδὲν
292 3629 484 3683 ἄδικον
514 3632 594 3695 είς
615 3634 811 3697 αὐτοὺς
848 3634 1309 3708 διαπραξάμενος,
1334 3641 1691 3714 πληρωθήσο-

1802 3639 1967 3711 iniqui
2009 3657 2173 3713 egero
2204 3658 2333 3715 erga
2372 3646 2891 3718 illos,adimplehor
2940 3650 3212 3719 adjutorio
3252 3660 3362 3719 tuo,

94 3738 206 3789 μαι
239 3722 347 3791 τῆς
376 3724 475 3793 σῆς
512 3722 784 3793 βοηθείας,
829 3727 925 3780 καί
972 3728 1265 3784 ἀπολαύσω
1287 3734 1385 3803 τῆς
1412 3733 1569 3805 δόξης
1598 3752 1693 3789 σου

1802 3732 2079 3804 gloriaque
2109 3742 2199 3789 tua
2227 3736 2372 3805 apud
2408 3744 2462 3790 te
2490 3736 2666 3791 fruar.

88 3831 176 3867 πα
186 3815 264 3885 ρὰ
303 3814 424 3870 σοῦ.

696 3912 989 3967 ΨΑΛΜΟΣ
1016 3915 1115 3970 1Ζ’.

165 4025 333 4096 Στίχ.
369 4033 443 4090 ς’.
475 4057 540 4068 -—
564 4028 637 4080 Τὸ
666 4028 757 4094 δὲ,
802 4029 1197 4100 Προέφθασάν
1236 4049 1325 4099 με,
1369 4033 1604 4089 τοιοῦτόν
1642 4053 1694 4088 τι

82 4118 291 4186 λέγειν
320 4118 607 4187 βούλεται·
632 4120 923 4187 Τοσαῦται,
952 4124 1136 4193 φησὶν,
1175 4127 1271 4179 καὶ
1295 4126 1541 4181 τοιαῦται
1572 4131 1692 4185 κατ’

78 4213 107 4262 ὲ
116 4211 239 4280 μοῧ
264 4210 377 4264 τῶν
399 4211 608 4281 ἐχθρῶν
630 4214 912 4267 ἐπιϐουλαὶ
941 4218 1249 4285 γεγόνασιν,
1268 4217 1345 4281 ώς
1368 4218 1694 4292 προ[σ]φοάσ

2314 3934 2636 3991 PSALMUS
2684 3935 2845 3991 XVII.

1868 4042 2036 4097 Vens.
2070 4042 2124 4096 6.
2160 4073 2227 4081 —
2272 4044 2778 4113 Prwoccupaverunt
2811 4062 2889 4100 me
2939 4046 3235 4117 quidquam
3268 4047 3363 4101 hu:

1791 4133 2032 4203 jusmodi
2055 4134 2235 4189 dicere
2262 4136 2412 4189 vult:
2442 4134 2545 4190 Tot
2571 4143 2626 4191 et
2656 4143 2827 4190 tanta:
2849 4143 3039 4190 contra
3066 4151 3153 4190 me
3191 4136 3346 4190 inimi

1796 4240 1987 4279 corum
2018 4224 2230 4280 insidiae
2269 4225 2423 4280 facta:
2455 4234 2616 4289 sunt,
2653 4233 2712 4280 ut
2738 4235 3150 4297 prmoccupetur
3201 4225 3365 4281 etiam

80 4317 184 4353 σαι
222 4317 340 4370 μου
372 4302 466 4354 καὶ
487 4304 579 4355 τὸν
604 4304 885 4375 λογισμὸν,
921 4308 1017 4360 καὶ
1059 4309 1193 4379 μηδὲ
1235 4311 1424 4381 καιρὸν
1451 4311 1694 4366 ἐνδοῦναί

1802 4315 1938 4369 ratio
1968 4330 2109 4378 mea,
2138 4330 2239 4371 nec
2291 4315 2451 4371 detur
2502 4324 2719 4386 tempus
2764 4331 2943 4386 neque
3005 4316 3364 4386 intelligentia

79 4408 184 4458 μοι
227 4391 333 4442 καὶ
372 4391 700 4462 κατανόησιν
741 4394 835 4446 καὶ
876 4395 1012 4467 πρὸς
1050 4397 1110 4451 τὸ
1159 4399 1368 4466 ἀφιδείν
1414 4401 1519 4454 τίνι
1563 4400 1692 4473 δὲ[ῖ]

1802 4408 1864 4462 ad
1896 4408 2134 4463 modum,
2162 4408 2547 4479 inquirendum
2591 4425 2659 4465 ex
2701 4409 2953 4466 manibus
2992 4423 3185 4465 eorum
3235 4424 3363 4464 cva-

72 4480 294 4551 τρόπῳ
328 4480 431 4551 τὴν
470 4482 648 4554 φυγὴν
678 4484 776 4555 τὴν
809 4485 868 4550 ἐξ
893 4487 1072 4540 αὐτῶν
1099 4488 1445 4559 πορίσασθαι.
1796 4499 1982 4555 dendi.

151 4594 324 4664 Στίχ.
362 4598 434 4664 η’.
466 4596 637 4649 -Ἴν’
664 4593 813 4671 εἴπῃ,
834 4601 1010 4669 (5)ὅτι
1042 4601 1137 4655 τοῦ
1166 4602 1300 4658 Θεοῦ
1334 4604 1688 4672 ἀκούσαντος,

1866 4606 2031 4664 Vens.
2066 4608 2119 4664 8.
2148 4638 2217 4649 --
2248 4609 2324 4664 Ac
2352 4610 2400 4664 si
2432 4609 2577 4668 dicat
2610 4628 2625 4665 :
2664 4609 2799 4665 Cum
2833 4607 2977 4663 Deus
3024 4607 3362 4670 audivisset,

70 4685 182 4738 καὶ
237 4687 670 4757 συγκινηθέντος
702 4691 793 4761 εἰς
822 4691 1012 4763 ὀργὴν,
1056 4694 1271 4765 πρῶτον
1326 4696 1424 4766 μὲν
1476 4698 1689 4751 ᾶπαντα

1802 4710 1855 4757 ει
1877 4700 1943 4755 ad
1973 4701 2108 4755 iram
2144 4702 2451 4757 concitatus
2487 4709 2654 4767 esset,
2699 4701 2932 4771 primum
2975 4699 3193 4771 quidem
3243 4716 3361 4753 om-

62 4776 423 4841 ὲσαλεύετο,
454 4782 525 4849 γῆ
557 4797 617 4832 τε
647 4782 743 4835 καὶ
774 4782 896 4855 ὅρη.
924 4781 1055 4837 Εἶτα
1104 4785 1319 4857 ἐδείχθη
1358 4788 1561 4853 καπνὸς
1588 4789 1689 4860 τῆς

1802 4792 1883 4846 nia
1938 4800 2209 4845 commota
2265 4800 2419 4855 sunt,
2475 4802 2585 4846 tam
2654 4800 2824 4856 terra,
2894 4806 3056 4862 quam
3124 4800 3359 4846 montes.

60 4869 273 4938 ὀργῆς
332 4868 503 4922 αὐτοῦ
560 4872 621 4924 τὸ
670 4875 991 4945 προοίμιον,
1024 4877 1118 4930 καὶ
1173 4876 1315 4947 μετά
1366 4878 1524 4931 τοῦτο
1579 4879 1690 4950 πῦρ

1802 4881 2000 4938 Deinde
2056 4884 2310 4952 apparuit
2342 4882 2502 4936 initio
2535 4882 2722 4941 fumus
2743 4883 2839 4938 ira:
2889 4882 3031 4953 ejus,
3090 4883 3144 4938 ει
3205 4890 3361 4952 post-

56 4955 351 5026 ἀνήφθη,
388 4957 633 5011 τουτέστι
676 4964 923 5032 φανερῶς
968 4963 1318 5036 ὀργιζόμενος
1348 4967 1579 5037 ἐδείχθη,
1602 4968 1691 5021 διὰ

56 5048 179 5118 τῆς
237 5046 400 5101 κατὰ
448 5049 559 5103 τῶν
609 5053 818 5123 ἐχθρῶν
861 5057 1149 5127 τιμωρίας.
1204 5055 1340 5112 Εἶτα
1371 5058 1691 5130 βουλόμενος

54 5142 169 5194 καὶ
219 5144 343 5209 τῆς
370 5142 645 5212 τιμωρίας
680 5145 777 5216 τὴν
820 5147 1067 5202 ἐπίτασιν
1123 5152 1317 5214 εἰπεῖν,
1352 5154 1417 5221 τῇ
1468 5150 1692 5209 ἀκολου-

53 5233 165 5303 θίᾳ
221 5232 349 5301 τῆς
402 5234 608 5297 οἰκείας
662 5238 1013 5307 χρησάμενος
1045 5243 1559 5314 σωματοποιήσεως,
1592 5245 1699 5296 ἐτι--

49 5328 340 5395 ήγαγενσ
394 5325 604 5394 Ἀνέϐη
636 5330 885 5395 καπνός.

1795 4974 2017 5029 modum
2059 4974 2201 5043 ignis
2243 4988 2508 5031 accensus
2537 4973 2689 5049 fuit;
2714 4973 2932 5040 (idest,
2972 4975 3150 5044 palam
3186 4974 3361 5053 iratus

1793 5065 2046 5135 apparuit
2072 5104 2087 5127 ,
2111 5074 2332 5136 prepler
2361 5065 2692 5136 supplicium
2747 5065 2897 5136 quod
2945 5065 3186 5120 inimicis
3218 5065 3362 5117 irro-

1792 5156 1975 5229 gebat.
2035 5156 2281 5227 Denique
2369 5172 2496 5212 cum
2570 5168 2626 5213 et
2697 5158 2954 5227 supplicii
3031 5156 3359 5227 gravitatem
3415 5160 3419 5166 '

1792 5246 2068 5315 explicare
2133 5246 2317 5313 vellet,
2385 5247 2443 5301 in
2491 5248 2653 5303 obvia
2725 5250 3045 5316 metaphora
3107 5261 3138 5300 a
3194 5245 3361 5300 rebus

1791 5340 2075 5407 corporeis
2121 5336 2409 5408 desumpta
2464 5353 2717 5409 pergens,
2783 5336 3114 5407 subjunxit,
3165 5338 3359 5392 Ascen-

1795 5428 1873 5481 dit
1905 5428 2103 5497 fumus.

132 5529 330 5599 Στίχ.
357 5526 424 5580 θ’.
456 5559 525 5569 -
556 5530 735 5601 Πυρός
784 5530 890 5602 γὰρ
924 5532 999 5601 (4)
1041 5532 1133 5586 ἐπὶ
1182 5534 1314 5587 πολὺ
1366 5537 1680 5607 γενομένου,

1865 5537 2029 5593 Vsus.
2073 5537 2380 5593 9.—Cum
2426 5537 2571 5594 enim
2630 5537 2773 5610 ignis
2824 5539 3096 5611 plurimus
3177 5536 3356 5595 factus

131 5712 239 5778 (ι)
286 5708 405 5762 Mai
436 5708 571 5762 ibid.

129 5784 230 5851 (2)
260 5779 609 5866 T‘heodorus
628 5796 750 5834 cum
772 5781 909 5863 LXX
924 5783 1051 5851 legit
1069 5786 1338 5866 ἀπολύων,
1361 5787 1689 5866 ιίὶερερνάειιδ,

41 5871 161 5921 pro
204 5850 353 5909 ἀπὸ
381 5850 577 5911 ὀλίγων
598 5890 612 5913 ,
647 5868 676 5904 α
710 5857 925 5919 vaucis,
947 5850 1089 5919 quod
1115 5865 1195 5912 cst
1235 5850 1476 5926 Vulgata:
1508 5850 1685 5914 lectio.

1800 5734 1949 5856 “(gi
1976 5787 2052 5839 Ex
2091 5788 2368 5845 Cordeaio.

1872 5860 1946 5929 (4)
1981 5858 2027 5911 Μ
2035 5859 2081 5913 ni
2105 5859 2238 5915 ibid.
