3904 6526
529 331 635 393 663

1697 343 2042 400 THEODORI
2081 343 2092 397 i

2207 344 2310 401 ’SU
2320 342 2557 400 ESTENI
3645 348 3741 407 666

529 464 623 524 sit-,
655 460 924 515 carbones
961 460 1165 512 mmtos
1216 456 1333 513 ﬁeri
1368 459 1637 529 contigit:
1696 462 1952 534 omnibus
2012 463 2092 513 his

2207 459 2471 531 ἄνθρακας
2494 461 2584 513 ἐπὶ
2612 459 2745 514 πολὺ
2776 458 3027 528 γενέσθαι
3062 458 3373 531 συμϐαίνειο
3399 459 3465 513 δι’
3482 459 3619 513 ὅλων
3641 461 3748 531 βου-

530 554 714 609 dicere
746 552 954 616 volens,
986 550 1148 605 simul
1175 559 1395 606 orantes
1420 551 1793 615 exaudivisse,
1835 567 2084 605 commo-

527 650 643 699 tum
672 644 840 699 fuisse
881 650 1069 695 contra
1103 642 1377 704 inimicos.
1428 644 1725 713 statimque
1754 644 1936 697 omnia
1970 658 2092 712 per-

528 738 761 790 turbari.
838 733 920 789 Ira
997 745 1179 789 autem
1258 734 1379 804 ejus
1441 751 1506 790 ex
1580 745 1736 806 parte
1804 733 2091 789 effectibus

527 828 857 897 quibusdam
887 826 1155 897 patefacta
1186 837 1303 892 est,
1345 842 1492 881 nunc
1520 842 1651 879 vero
1686 826 1872 880 hostes
1904 826 2091 880 ulcisci

526 920 692 989 erepit
721 936 733 971 :
771 927 1004 987 augetur
1036 919 1117 972 ira
1171 933 1234 972 ac
1273 918 1649 972 vehementius
1682 917 1809 969 illos
1841 917 2090 986 castigat.

528 1009 734 1066 Deinde
762 1025 1143 1081 perseverans,
1175 1010 1299 1066 illos
1332 1011 1557 1065 omnino
1585 1010 1759 1063 delet:
1792 1019 1922 1062 tunc
1946 1009 2090 1063 enim

526 1099 798 1153 carbones
828 1098 1184 1154 consumendi
1237 1114 1354 1153 mos
1396 1107 1500 1164 est,
1561 1114 1683 1153 cum
1726 1098 1889 1168 ignis,
1938 1098 2095 1152 valde

527 1196 745 1253 auctus,
781 1188 927 1260 ligna
963 1188 1210 1257 subjecta
1246 1188 1510 1243 incendit.

598 1406 765 1464 Vsus.
799 1408 886 1463 10.
907 1439 977 1449 -
997 1406 1103 1463 Sed
1122 1422 1245 1461 eum
1264 1422 1329 1462 ex
1357 1408 1533 1463 sacris
1554 1407 1753 1473 verbis,
1783 1425 1901 1479 quae
1920 1409 2098 1480 profeo

529 1501 700 1557 renda
737 1508 888 1566 sunt,
936 1500 1053 1555 fore
1089 1508 1148 1554 ut
1185 1500 1487 1571 quidquam
1530 1501 1793 1555 indecens
1847 1511 1942 1555 aut
1994 1502 2097 1555 hu—

530 1596 659 1650 mile
682 1594 934 1663 videatur
957 1594 1273 1663 praevideat,
1304 1593 1503 1647 iterum
1537 1608 1839 1648 sermonem
1864 1594 2094 1654 extollit,

531 1688 723 1743 dicens
750 1706 762 1741 :
797 1687 1079 1741 Descendit
1100 1685 1164 1741 de
1190 1685 1340 1750 calo,
1367 1696 1417 1740 et
1447 1686 1669 1739 habebat
1693 1687 1971 1755 caliginem
2003 1686 2096 1739 sub

2200 550 2382 621 ληθεὶς
2429 554 2620 615 εἰπεῖν,
2660 553 2740 605 ὅτι
2787 551 2904 621 ἅμα
2941 568 2999 605 τε
3049 552 3276 621 ἥκουσιν
3309 550 3631 622 εὐξαμένου,
3668 555 3750 608 καὶ

2200 644 2425 715 ἐκινήθη
2480 643 2621 697 κατά
2670 643 2777 697 τῶν
2820 643 3048 714 ἐχθρῶν·
3080 643 3173 698 καὶ
3206 644 3368 707 εὐθὺς
3406 645 3506 714 μὲν
3548 646 3752 699 ᾶπαντα

2198 736 2517 789 ἐσαλεύετοο
2550 736 2872 803 ὑπεφαίνετο
2897 734 2954 788 δὲ
2980 734 3142 788 αὑτοῦ
3172 734 3312 788 κατὰ
3342 736 3505 807 μέρος
3550 738 3647 789 καὶ
3678 738 3753 790 διὰ

2197 830 2535 899 πραγμάτων
2579 830 2612 899 ἠ
2659 828 2816 899 ὀργὴ,
2847 828 2940 883 νῦν
2965 828 3061 898 μὲν
3084 828 3385 901 ἀρχομένου
3406 830 3753 899 τιμωρεῖσθαι

2198 920 2323 982 τοὺς
2351 920 2657 990 πολεμίους,
2702 919 2978 990 προϊόντος
3002 920 3059 973 δὲ
3083 920 3176 974 καὶ
3198 919 3553 991 σφοδρότερον
3578 922 3755 982 αὑτοὺς

2204 1009 2548 1075 κολάζοντος·
2578 1008 2692 1065 εἶτα
2706 1011 2805 1080 τῆς
2825 1012 3143 1083 παραμονῆς
3164 1012 3257 1064 καὶ
3278 1010 3558 1073 παντελῶς
3577 1012 3643 1063 αὑ
3652 1012 3755 1074 τοὺς

2202 1102 2556 1169 ἀφανίζοντος
2574 1118 2587 1131 °
2636 1102 2757 1156 τότε
2782 1102 2891 1175 γάρ
2923 1104 3041 1167 ἔθος
3069 1104 3215 1156 ἐστὶν
3240 1101 3623 1156 ἀποτελεῖσθαι
3648 1105 3756 1163 τοὺς

2202 1194 2499 1265 ἄνθρακας.
2531 1194 2747 1247 ἐπειδὰν
2780 1196 2840 1246 τὸ
2888 1194 2999 1265 πῦρ
3030 1195 3121 1247 ἐπὶ
3157 1195 3336 1248 πλεῖον
3365 1195 3649 1265 γινόμενον
3676 1195 3757 1256 τὰς

2203 1286 2565 1355 ὑποκειμένας
2615 1285 2744 1349 ὑλας
2787 1286 3095 1360 καταφλέξῃ
3144 1287 3252 1339 τῶν
3298 1287 3489 1351 ξύλων.

2272 1422 2419 1492 Στίχ.
2452 1429 2500 1477 ι’.
2524 1454 2591 1463 -
2621 1421 2758 1475 Ἀλλ’
2786 1422 2913 1474 ὅταν
2950 1420 3057 1475 ἀπὸ
3097 1421 3190 1474 τοὺ
3232 1420 3617 1491 σχηματισμοὺ
3664 1419 3760 1489 εεόη

2202 1515 2321 1570 τινὰ
2361 1513 2663 1585 ἀπρέπειαν
2707 1512 3254 1584 ὑπερφαινομένην,ἢ
3299 1514 3663 1581 ταπεινότητα
3706 1516 3757 1579 τῇ

2205 1605 2523 1675 παρενθέσει
2546 1606 2652 1657 τῶν
2681 1606 2736 1657 ὲν
2766 1606 2934 1675 μέσῳ,
2965 1605 3124 1659 πάλιν
3158 1603 3309 1669 αὑεει
3344 1605 3436 1657 τὸν
3463 1603 3643 1671 λόγον.
3669 1598 3759 1655 οῗον

2207 1693 2376 1757 εἶπεν,
2394 1696 2474 1748 ὅτι
2488 1694 2715 1759 Κατέὅη
2731 1697 2797 1749 ἐκ
2818 1695 2935 1751 τῶν
2954 1695 3241 1764 οὐρανῶν,
3259 1696 3356 1749 καὶ
3376 1693 3543 1763 εἶχεν
3561 1695 3761 1762 γνόφων

529 1780 748 1850 pedibus
778 1780 916 1849 ejus.
950 1778 1123 1835 Porro
1146 1794 1271 1834 cum
1312 1779 1474 1833 nobis
1504 1778 1766 1832 humilior
1799 1779 1913 1833 visa
1966 1777 2092 1832 fuis-

2207 1788 2321 1843 ὑπὸ
2340 1787 2479 1853 τοὺς
2499 1788 2687 1853 πόδας
2705 1789 2909 1843 αὐτοῦ.
2929 1788 3144 1860 Ἐπειδὴ
3159 1788 3335 1842 τοίνυν
3353 1789 3583 1856 ταπεινή
3601 1805 3682 1847 τις
3696 1789 3761 1837 εν-

532 1881 617 1929 set
678 1874 795 1951 bzpc
842 1874 1129 1943 presentia
1158 1913 1174 1939 ,
1234 1870 1445 1925 addidit
1503 1876 1597 1938 (ν.
1662 1868 1770 1939 ll)
1812 1888 1824 1923 :
1864 1869 2092 1923 Ascendi.

2210 1879 2396 1932 τεῢθεν
2423 1879 2747 1948 ὑπεφαίνετο
2770 1882 2801 1949 ἡ
2826 1879 3114 1951 παρουσία,
3137 1880 3444 1950 παρέθηκεν
3469 1880 3554 1939 τὸ,
3573 1878 3759 1943 Ἑπέἰη

530 1974 684 2036 super
718 1940 1023 2027 ‘cherubim,
1067 1964 1367 2020 ostendens
1409 1963 1563 2016 illum
1614 1972 1874 2032 tanquam
1928 1980 2092 2041 regeri

2211 1972 2307 2026 ἐπὶ
2332 1940 2631 2041 χερουέὶμ,
2658 1940 2865 2035 δεικνὺς
2896 1940 3054 2025 αὑτὸν
3078 1940 3149 2034 ὥς
3178 1940 3397 2040 βασιλέα
3427 1971 3515 2038 ὑφ’
3535 1940 3761 2041 ἅρματος

531 1981 684 2036 super
733 1981 1023 2027 cneruotm,
1067 1981 1367 2020 osrenaens
1409 1981 1563 2016 lllllm
1614 1981 1874 2032 tanquam
1928 1981 1986 2018 re
2025 1981 2092 2041 en

531 2073 699 2128 super
729 2072 896 2112 curru
927 2056 1229 2122 sedentem,
1261 2071 1499 2125 cumque
1528 2054 1813 2124 majestate
1839 1981 2092 2202 nﬁ-

532 2160 663 2202 tem.
697 2148 926 2202 Deinde.
969 2155 1230 2202 contextu
1266 2159 1567 2202 resumpto.
1609 2160 1804 2202 rursus
1838 2139 1906 2202 κι
2068 2147 2092 2201 ἰ·

2211 1981 2307 2026 ἐπὶ
2332 1981 2631 2041 χερουσὶμ,
2658 1981 2865 2035 δεικνὺς
2896 1981 3054 2025 αὑτὸν
3078 1981 3149 2034 ὡς
3178 1981 3397 2040 βασιλέα
3427 1981 3514 2038 ὑφ’
3535 1981 3761 2041 ἅρματος

2212 2064 2337 2135 ὀχοὺ
2386 2080 2520 2127 ενον,
2549 2065 2642 2117 καὶ
2688 2063 2831 2117 οὑτω
2879 2062 3308 2133 παραγινόμενον
3328 2081 3341 2094 ο
3373 2058 3491 2114 εἶτα
3524 2061 3625 2129 τῆς
3656 2062 3761 2113 ἀκο-

2212 2082 2427 2202 λαεκξιᾨε
2454 2156 2748 2202 λαϐόμενος
2765 2156 2923 2202 πάλιν
2950 2151 3102 2202 εἶπεν
3129 2155 3207 2202 τὸ.
3238 2155 3342 2202 Καὶ
3364 2154 3534 2202 ἔθετο
3558 2153 3758 2202 σκότου

532 2160 663 2204 tem.
697 2148 926 2211 Deinde,
969 2155 1230 2202 contextu
1266 2159 1567 2217 resumpto,
1609 2160 1804 2202 rursus
1838 2139 2092 2211 solum

2212 2139 2427 2227 λοβίας
2454 2156 2748 2227 λαϐόμενος
2765 2156 2923 2210 πάλιν
2950 2151 3102 2208 εἶπεν
3129 2155 3207 2218 τὸ,
3237 2155 3342 2209 Kal
3364 2154 3534 2207 ἔθετο
3558 2153 3758 2217 σκότος

530 2243 614 2296 xit
644 2259 657 2294 :
688 2240 758 2294 Et
789 2242 964 2309 pusuit
997 2240 1234 2295 tenebras
1267 2241 1547 2295 latibulum
1586 2256 1740 2294 suum
1771 2252 1846 2309 (ν.
1878 2240 2005 2311 12),
2041 2248 2087 2293 et

2212 2248 2570 2317 ἀποκρυφὴν
2618 2248 2824 2312 αὑτοῦ,
2860 2247 3149 2301 ἀκόλουθον
3192 2246 3252 2299 ὂν
3295 2246 3393 2318 τῷ,
3424 2246 3537 2299 Kal
3562 2245 3762 2312 γνόφος

532 2332 682 2404 quod
714 2349 1061 2404 consequens
1102 2344 1209 2400 est,
1254 2334 1425 2405 caligo
1469 2333 1563 2388 sub
1610 2334 1824 2401 pedibus
1874 2334 2012 2399 eius.
2046 2333 2092 2386 A

2213 2338 2330 2393 ὑπὸ
2362 2335 2502 2404 τοὺς
2534 2337 2724 2402 πόδας
2741 2337 2926 2391 αὐτοῦ
2945 2353 2957 2365 ·
2993 2336 3106 2390 ἀλλ’
3126 2337 3313 2405 ἐπειδὴ
3340 2335 3511 2389 πολὺν
3539 2334 3667 2404 περὶ
3687 2331 3761 2385 τοῦ

533 2440 659 2481 cum
696 2427 850 2497 plura
878 2426 945 2481 de
974 2424 1201 2481 tenebris
1222 2425 1446 2489 dixerit,
1480 2426 1691 2480 scilicet
1719 2442 1840 2495 qua:
1862 2433 1990 2480 sunt
2016 2427 2092 2478 sui

2215 2432 2435 2494 σκότους
2470 2431 2755 2500 ἐποιήσατο
2787 2428 2877 2483 τὸν
2911 2426 3088 2499 λόγον,
3119 2428 3193 2491 ὡς
3219 2428 3367 2489 ὄντος
3400 2426 3510 2478 ὑπὸ
3540 2427 3664 2486 τοὺς
3690 2422 3763 2475 πό-

532 2519 751 2587 pedlbus
780 2519 897 2588 ejus
934 2519 1166 2589 illosque
1210 2518 1576 2583 abscondunt,
1627 2518 1920 2587 quodpiam
1958 2517 2092 2572 inde-

2217 2522 2313 2587 δας
2338 2520 2522 2585 αὑτοῦ,
2563 2522 2655 2575 καὶ
2686 2520 3125 2592 ἀποκρύπτοντος
3155 2520 3373 2581 αὑτοὺς.
3409 2517 3582 2570 ἐδόκει
3621 2516 3674 2569 δέ
3698 2532 3762 2577 τις

538 2623 766 2667 εεηεοει
817 2610 1036 2681 eloquio
1083 2624 1243 2666 sacro
1302 2610 1592 2681 provenire
1644 2608 1948 2671 videbatur,
1989 2624 2092 2663 cun

2217 2615 2487 2683 ἀπρέπεια
2517 2613 2821 2681 ἐγγίνεσθαι
2852 2613 2929 2683 τῷ
2954 2612 3336 2683 σχηματισμῷ·
3355 2609 3764 2679 ἀσφαλιζόμενος

536 2705 805 2759 asseritur
850 2703 1148 2759 circuitum
1207 2701 1561 2758 tenebrosum
1606 2701 1727 2769 ejus
1769 2716 1891 2756 esse
1940 2701 2092 2771 ipsiu:

2213 2705 2274 2761 τὸ
2307 2708 2607 2760 ὑποπίπτον
2634 2706 2815 2775 κύκλῳ
2843 2705 3027 2769 αὑτοῦ,
3054 2706 3234 2775 φησίν·
3252 2706 3321 2758 ’11
3347 2702 3549 2769 σκηνὴ
3579 2700 3761 2756 αὐτοῦ.

532 2795 952 2850 tabernaculum
986 2811 1002 2859 ;
1035 2793 1131 2849 sed
1183 2793 1385 2863 primo,
1426 2792 1683 2855 tenebrae,
1751 2792 1952 2862 inquit,
1984 2791 2092 2846 dun

2228 2798 2387 2851 Ἀλλά
2414 2798 2473 2851 τὸ
2507 2798 2605 2869 μὲν
2651 2796 2858 2861 σκότος,
2886 2798 3067 2867 φησὶν,
3101 2797 3242 2851 κατά
3282 2796 3381 2849 τῶν
3410 2794 3623 2866 ἐχθρῶν
3656 2811 3766 2863 προ-

533 2887 655 2954 ipso
682 2885 850 2948 latet,
886 2882 1151 2937 adversus
1177 2883 1429 2937 inimicos
1460 2881 1845 2951 projiciuntur,
1894 2881 2092 2950 ipsequi

2216 2889 2464 2959 ϐέϐλητο,
2498 2887 2847 2960 ἀποκρύπτον
2892 2887 3072 2950 αὑτὸν,
3124 2888 3217 2941 καὶ
3255 2886 3377 2941 οὑδὲ
3407 2886 3637 2957 ὁρᾶσθαι
3673 2886 3766 2946 τοῖς

533 2974 752 3029 interim
796 2988 825 3026 a
860 2974 1078 3028 nemine
1100 2973 1335 3028 videtur.
1362 2973 1515 3027 Alias
1546 2972 1651 3026 hoc
1701 2971 2092 3027 tabernaculun

2216 2979 2475 3041 ἐναντίοις
2506 2976 2689 3030 ποιοῦν
2714 2995 2727 3008 ·
2775 2977 2901 3049 περὶ
2944 2976 3103 3031 αὑτὸν
3132 2976 3187 3029 δὲ
3223 2979 3257 3046 ὴ
3293 2976 3466 3046 σκηνὴ
3501 2973 3663 3028 αὑτοῦ
3688 2966 3761 3042 ἦν’

540 3066 664 3133 ejus
694 3066 843 3119 circa
876 3080 999 3121 eum
1033 3074 1182 3126 erat,
1206 3065 1280 3117 ita
1314 3072 1373 3117 ut
1404 3064 1617 3117 dicatur
1652 3064 1766 3128 lus,
1814 3063 1959 3117 sicut
1988 3062 2086 3117 bea

2220 3069 2285 3121 ἵν’
2312 3069 2460 3141 εἴπῃ,
2500 3069 2562 3121 τὸ
2608 3068 2744 3137 φῶς,
2796 3069 2870 3132 ὡς
2904 3068 2997 3122 καὶ
3036 3069 3063 3120 ὁ
3098 3067 3364 3137 μακάριος
3402 3064 3615 3128 Παῦλος
3658 3066 3767 3133 περὶ

534 3164 627 3209 tus
675 3154 879 3210 Paulus
922 3155 990 3208 de
1041 3156 1160 3223 ipso
1197 3153 1331 3207 dicit
1369 3152 1439 3224 (1
1483 3152 1617 3208 Tim.
1654 3169 1729 3216 vr,
1764 3153 1829 3207 i6
1858 3167 1892 3225 ι,
1924 3151 2092 3206 Lucen

2213 3158 2378 3212 αὑτοῦ
2405 3174 2587 3229 φησιν’
2607 3157 2735 3222 Φῶς
2758 3156 2937 3211 οίκῶν
2964 3158 3291 3226 ἀπρόσιτον
3310 3174 3321 3186 ·
3355 3156 3452 3227 τῆς
3479 3156 3588 3227 γὰρ
3620 3155 3764 3219 αὐτῆς

537 3246 783 3299 habitans
815 3242 1245 3298 inaccessibitem.
1284 3240 1340 3296 in
1377 3242 1626 3297 eumdem
1673 3250 1853 3297 autem
1889 3257 2092 3297 sensun

2215 3234 2431 3313 ἐννοίας’
2450 3250 2630 3319 ἔχεται
2661 3249 2945 3321 ἀμφότερα
2968 3266 2980 3278 ·
3018 3246 3203 3319 ὥσπερ
3225 3248 3333 3319 γὰρ
3361 3247 3477 3316 φῶς
3504 3247 3670 3299 οἰκεῖν
3694 3246 3768 3296 1"-

537 3338 655 3392 luec
683 3338 792 3391 duo
846 3336 1136 3403 recidunt;
1190 3334 1651 3404 quemadmodum
1700 3334 1849 3388 enim
1908 3332 2092 3387 dicitui

2216 3354 2388 3408 γεται,
2417 3338 2561 3391 οὑτω
2596 3340 2690 3392 καὶ
2719 3340 2753 3409 ἡ
2782 3336 2956 3410 σκηνὴ
2979 3338 3073 3391 τοὺ
3103 3337 3238 3390 Θεοῦ
3257 3338 3469 3405 λέγοιτο
3496 3337 3562 3389 ἂν
3583 3336 3763 3405 κυρίως

538 3429 714 3484 lueem
750 3430 1019 3489 habitare,
1058 3428 1131 3481 ita
1163 3426 1580 3481 tabernaculum
1635 3423 1727 3478 Dei
1779 3425 2000 3496 proprie
2028 3424 2092 3479 dii

2214 3432 2275 3485 τὸ
2298 3432 2434 3502 φῶς.
2466 3434 2784 3486 Σκοτεινὸν
2815 3431 2971 3501 ὕδωρ
2989 3431 3059 3484 ἐν
3089 3430 3371 3500 νεφέλαις
3403 3430 3615 3497 ἀέρων,
3646 3445 3768 3497 παρ·

544 3524 691 3577 cilur
721 3522 851 3585 lux;
886 3520 1161 3573 tenebrosa
1201 3533 1339 3588 aqua
1368 3517 1422 3570 in
1467 3515 1693 3571 nubibus
1728 3517 1889 3579 aeris,
1928 3517 1983 3569 in
2012 3518 2092 3570 circ

2213 3524 2529 3584 ενθεντικῶς
2555 3523 2651 3594 τῷ,
2667 3524 2884 3588 Κύκλῳ
2909 3522 3095 3579 αὐτοῦ
3114 3525 3151 3593 ή
3177 3523 3377 3590 σκηνὴ
3394 3522 3600 3575 αὐτοῦ.
3620 3521 3769 3574 Πάλιν

543 3614 689 3667 cuilu
712 3613 828 3682 ejus
859 3609 1264 3665 tabernaculum
1286 3609 1421 3679 ejus,
1446 3624 1785 3677 rursumque
1819 3607 1964 3679 quod
1988 3623 2092 3679 pra

2213 3615 2518 3679 ἀκολούθως
2530 3618 2641 3679 τοῖς
2654 3615 3100 3687 προηγουμένοις,
3120 3616 3219 3685 τῷ,
3247 3615 3355 3668 Kal
3380 3614 3545 3668 ἔθετο
3571 3615 3768 3673 σκότος

540 3706 791 3761 cedentia
831 3704 1103 3775 sequitur,
1163 3701 1235 3755 Et
1280 3704 1493 3771 fuerunt
1551 3702 1779 3757 tenebrae
1837 3703 2092 3757 latibulun

2212 3708 2570 3778 ἁποκρυςρὴν
2607 3708 2811 3773 αὑτοῦ,
2838 3709 3116 3779 ἐπήγαγεν
3141 3721 3155 3735 ⁸
3192 3709 3509 3760 Σκοτειγὸν
3542 3702 3689 3769 ὕδωρ
3711 3703 3768 3752 ἐν

540 3798 677 3867 ejus.
724 3796 985 3851 Addidit:
1036 3794 1331 3849 Tenebrosa
1373 3812 1513 3864 aqua
1566 3798 1620 3849 in
1664 3795 1887 3849 nubibus
1942 3797 2092 3849 aeris.

2216 3801 2499 3870 νεφέλαις
2538 3798 2758 3867 ἀέρωγυ
2793 3798 3080 3852 ἀκόλουθον
3111 3798 3216 3869 γάρ
3264 3792 3333 3868 ἦν
3365 3794 3426 3848 τὸ
3469 3796 3659 3863 γνόφος
3691 3790 3769 3844 καὶ

540 3889 971 3960 Consequuntur
1002 3903 1133 3956 ergo
1167 3888 1347 3959 caligo
1366 3894 1422 3941 et
1448 3888 1715 3953 tenebrae;
1744 3902 1871 3941 nam
1899 3889 2084 3941 omnia

2220 3894 2409 3955 σκότος
2431 3910 2445 3923 ο
2470 3893 2718 3961 συνέχεεν
2739 3892 2867 3962 γὰρ,
2904 3893 3089 3961 φησιν,
3122 3895 3335 3944 ἅπαντα
3355 3889 3634 3957 γινομένου
3660 3901 3769 3951 611',-

542 3982 742 4053 lnquit,
772 3989 1142 4037 consentanea
1197 3988 1432 4034 suntex
1472 3987 1627 4049 parte
1681 3978 1775 4035 Dei
1832 3979 1968 4033 iram
2019 3994 2086 4034 an

2223 3986 2452 4055 ματίσας
2485 3984 2577 4036 τοῦ
2620 3984 2754 4036 Θεοῦ
2805 3982 2900 4052 τὴν
2928 3982 3130 4053 ὀργήν·
3173 3981 3205 4048 ἡ
3242 3980 3350 4050 γάρ
3382 3977 3476 4030 τοὺ
3505 3978 3663 4045 ἀέρος
3694 3989 3771 4023 σν·

541 4071 902 4139 nuntiantis;
954 4086 1050 4125 aer
1099 4071 1245 4125 enim
1290 4071 1662 4127 condensatus
1720 4072 2092 4127 obseuritaten

2220 4076 2446 4148 στροφὴ.
2466 4076 2683 4137 πάντως
2708 4073 2868 4141 ζόφον
2893 4074 3183 4145 εἰργάσατο
3207 4067 3495 4140 τοιοῦτο[ν]
3532 4064 3663 4120 εἶναι
3689 4064 3769 4115 καὶ

485 4189 489 4194 ·
541 4172 787 4237 generat,
818 4163 1074 4233 idemque
1112 4164 1295 4217 evenit
1320 4162 1387 4218 de
1428 4177 1569 4233 aqua
1606 4164 1660 4217 in
1700 4164 1941 4219 nubibus
1990 4180 2092 4219 aeri

2218 4166 2278 4220 τὸ
2310 4165 2453 4234 ὕδωρ
2485 4165 2539 4216 ὲν
2566 4165 2687 4225 ταῖς
2712 4162 2958 4230 νεφέλαις
2999 4158 3373 4231 μελανθείσαις
3406 4158 3473 4226 τῇ
3498 4153 3587 4207 τοὺ
3625 4151 3770 4220 ἀέρος

542 4253 884 4312 condensato
913 4252 1276 4308 (mumbratis.

2225 4258 2500 4327 συστροφῇ
2532 4256 2628 4324 (l).

1476 4417 1550 4487 (2)
1593 4418 1844 4488 Ejusdem
1888 4421 1939 4472 in
1977 4422 2240 4488 psalmum
2280 4418 2585 4489 vigesimum
2622 4416 2871 4479 primum.

620 4545 889 4606 Foderunt
940 4565 1127 4606 manus
1182 4568 1324 4608 meas
1363 4562 1413 4607 et
1460 4553 1646 4621 pedes,
1684 4562 1732 4605 et
1770 4554 1949 4607 omnia
1998 4554 2493 4616 perscrutabantur,
2537 4560 2587 4605 et
2633 4566 2751 4621 qua:
2798 4546 3049 4617 agebam,
3096 4554 3146 4598 et
3191 4560 3308 4614 qum
3351 4540 3599 4595 conabar.
3652 4536 3775 4588 Sara

544 4636 829 4706 foderunt,
865 4657 929 4697 ex
962 4632 1321 4699 translatione
1359 4644 1499 4698 dixit
1545 4659 1771 4703 eorum,
1817 4646 1909 4715 qui
1959 4660 2054 4715 per
2100 4644 2456 4700 eﬂ'ossionem
2508 4641 2742 4697 scrutari
2785 4654 2905 4708 qua:
2947 4638 3003 4692 in
3052 4635 3329 4707 profundo
3374 4640 3503 4688 sunt
3545 4634 3775 4715 tentant.

544 4730 1029 4789 Dinumeraverunt
1073 4736 1251 4789 omnia
1292 4752 1415 4790 ossa
1464 4752 1614 4799 mea,
1663 4714 1845 4791 totius
1879 4714 2010 4791 mete
2053 4735 2396 4791 fortitudinis
2438 4742 2494 4789 et
2538 4735 2709 4787 totius
2752 4747 2886 4785 meae
2928 4728 3252 4785 substantiae
3291 4727 3606 4781 detentores
3656 4714 3782 4770 iacti

548 4833 712 4891 sunt,
754 4835 812 4881 ut
851 4827 1015 4881 etiam
1058 4842 1285 4883 numero
1323 4843 1441 4882 mea
1488 4827 1850 4898 subjicerent.
1898 4827 2049 4883 Istud
2092 4837 2273 4882 autem
2319 4842 2386 4882 ex
2424 4824 2827 4880 consuetudine
2872 4835 3035 4891 quam
3084 4819 3284 4873 habent
3328 4817 3545 4875 hostes,
3594 4810 3777 4863 dixit:

544 4917 640 4987 qui
683 4918 907 4988 quando
953 4920 1325 4983 obtinuerint,
1382 4936 1613 4975 numero
1661 4927 1716 4974 et
1760 4920 1888 4975 talis
1939 4921 2195 4976 subtilem
2251 4920 2503 4975 notitiam
2552 4919 2899 4972 inventorum
2950 4912 3175 4966 faciunt.
3230 4910 3525 4979 PrOpterea
3569 4911 3634 4957 et
3681 4914 3779 4954 se-

544 5021 778 5082 quenter
812 5013 1043 5068 dicens:
1084 5010 1198 5079 Ipsi
1228 5014 1347 5066 vero
1388 5011 1846 5066 consideraverunt
1874 5021 1925 5065 et
1955 5021 2334 5079 conspexerunt
2372 5024 2485 5072 me,
2519 5006 2703 5062 intulit
2731 5024 2743 5059 :
2780 5004 3083 5057 Diviserunt
3124 5000 3225 5054 sibi
3270 5001 3570 5053 vestimenta
3624 5007 3743 5045 mea
3765 5029 3779 5049 .

544 5114 597 5159 et
630 5121 796 5174 supra
824 5106 1190 5160 vestimentum
1222 5121 1396 5159 meum
1427 5106 1687 5158 miserunt
1718 5114 1933 5159 sortem.
1967 5103 2396 5159 Considerantes
2426 5109 2604 5154 autem
2641 5114 2746 5163 me,
2784 5097 2895 5159 ait,
2924 5105 2976 5149 ct
3009 5092 3411 5162 conspicientes
3438 5085 3574 5158 quod
3602 5083 3785 5181 omnia

544 5196 626 5253 eis
659 5173 961 5253 evenerunt
1004 5198 1059 5252 in
1104 5212 1192 5252 me
1236 5196 1540 5252 desiderata
1586 5197 1946 5266 (conspicere
1992 5198 2136 5251 enim
2186 5197 2259 5250 ita
2307 5203 2366 5248 ut
2406 5192 2546 5264 apud
2595 5207 2731 5256 nos,
2765 5189 2968 5243 dicitur
3011 5200 3109 5256 pro
3151 5198 3249 5247 eo,
3307 5180 3451 5252 quod
3488 5188 3612 5241 est,
3644 5173 3787 5227 Vidi!

546 5288 603 5345 in
654 5304 777 5345 cum
824 5304 945 5361 quae
987 5288 1204 5344 volebat
1246 5288 1358 5359 pati
1404 5288 1594 5358 eum).
1638 5290 1750 5359 jam
1808 5297 2067 5359 tanquam
2117 5301 2203 5342 me
2242 5286 2466 5341 omnino
2520 5283 2682 5339 malis
2728 5279 2934 5345 dedito,
2975 5278 3119 5332 sicut
3179 5282 3234 5329 et
3278 5272 3461 5327 hostes
3506 5266 3619 5322 mei
3672 5278 3789 5335 post

621 5572 697 5641 (l)
724 5573 977 5648 _Abli_inc_
1011 5574 1300 5648 usquead
1348 5575 1842 5648 psalntttnt_§}}l_l_
1868 5574 2001 5648 nihil
2036 5581 2121 5630 est
2223 5570 2495 5648 bat.»Mi_t_I.
2670 5642 2684 5648 _
2826 5639 2845 5648 _
3076 5647 3079 5648 ν
3246 5636 3256 5648 ,
3657 5629 3697 5648 ι,

554 5631 825 5717 Theodori
857 5631 1179 5717 Antioeheni
1208 5645 1263 5699 in
1284 5631 1385 5717 bo'c
1417 5644 1604 5700 codice
1630 5643 1767 5717 1682
1788 5644 1895 5713 (Β.)
1917 5644 2119 5709 Quam-
2282 5631 2377 5717 {9.)
2406 5644 2618 5717 (litatur
2670 5642 2774 5695 hoc
2824 5639 3182 5717 fragmentum
3218 5636 3299 5717 .in
3354 5631 3587 5686 concilio
3656 5631 3797 5717 (32!:-

554 5714 740 5767 ohrem
787 5723 919 5783 puto
968 5715 1211 5783 defuisse
1257 5716 1475 5770 Catena:
1528 5716 1733 5769 auctori
1794 5700 2113 5783 quiatErnio-
2218 5700 2701 5780 sta‘nlinopnlilano
2752 5712 2878 5765 anni
2911 5700 3059 5773 ‘533,
3126 5707 3339 5762 actione
3396 5721 3461 5763 Iv,
3505 5718 3682 5754 num.
3712 5700 3797 5754 ΞΒ.

557 5791 655 5836 nes
686 5782 893 5851 aliquot
915 5786 1123 5840 codicis
1150 5782 1443 5843 Theodori.
1475 5788 1618 5841 unde
1650 5782 1902 5856 excerpta
1936 5801 2115 5841 sume-
2224 5785 2416 5845 Mansi.
2462 5783 2563 5841 XI.
2609 5784 2732 5835 212.
