3904 6534
189 358 298 417 655

1378 350 1746 409 EXPOSI'I‘IO
1784 352 1849 407 IN
1891 351 2019 408 PSA
2029 354 2231 410 LMDS.

3330 356 3435 415 666

189 471 552 527 vastationem
597 478 652 527 et
696 469 1065 543 captivitatem
1117 466 1427 523 diviserunt
1467 474 1619 523 sorte
1662 467 1989 523 divisionem
2038 482 2230 525 eorum
2282 470 2567 527 facientes.
2619 476 2685 526 Et
2725 460 3064 546 evangelista
3110 472 3333 543 quidem
3381 474 3439 529 in

193 565 425 623 Domino
470 564 633 619 verba
684 580 750 621 ex
796 566 961 621 rebus
1010 578 1334 624 assumens.
1373 564 1455 619 eis
1498 577 1656 632 usus,
1699 570 1760 617 ut
1804 562 1892 617 hic
1934 570 1990 619 et
2032 563 2087 619 in
2136 565 2260 623 aliis
2305 566 2568 623 diximus.
2595 567 2730 623 Nam
2757 570 2902 641 quod
2933 584 3041 627 non
3069 569 3342 642 pertineat
3369 572 3438 626 ad

191 660 481 716 Dominum
528 662 789 730 psalmus,
829 662 885 715 in
920 660 1293 732 superioribus
1348 658 1630 715 evidenter
1686 659 2050 717 ostendimus.
2086 659 2154 714 At
2185 676 2316 716 vero
2378 662 2574 719 beatus
2621 663 2791 719 David
2833 680 2999 735 supra
3061 665 3282 721 modum
3334 666 3439 721 iata

193 753 370 823 magis
410 768 475 807 ex
522 753 610 808 his
656 769 777 823 quae
810 753 1065 808 Absalom
1116 753 1258 807 facta
1297 760 1445 819 sunt,
1481 751 1621 806 dixit
1660 770 1675 807 :
1726 752 1989 823 Quoniam
2036 754 2165 808 dum
2200 757 2523 812 recessisset
2556 756 2745 823 David,
2776 756 2900 826 jure
2934 758 3063 813 belli
3096 758 3430 829 metropoliu:

196 845 476 918 ingressus
500 846 742 917 quidem,
768 861 959 901 omnes
984 846 1221 900 obtinuit
1244 861 1331 901 res
1355 844 1584 916 regales,
1612 860 1716 899 non
1742 846 1909 915 piguit
1941 856 2115 901 autem
2146 850 2307 902 etiam
2338 852 2508 905 nutris
2538 849 2706 904 cubile
2734 851 3027 921 inquinare.

738 1026 1028 1079 ΨΑΛΜΟΣ
1063 1026 1185 1092 KC."

263 1184 410 1255 Στίχ.
445 1184 509 1255 β’.
528 1186 803 1239 -Ἦνίκα
830 1180 923 1239 οὐν
952 1185 1026 1255 (1)
1049 1183 1270 1254 πλησίον
1299 1178 1441 1237 οὗτοι
1462 1182 1767 1252 γεγόνασιν,

188 1276 267 1340 ὡς
292 1278 386 1329 καὶ
413 1276 847 1347 ἀπογευσάμενοί
886 1294 983 1347 μου
1032 1275 1140 1327 τῶν
1175 1274 1424 1343 σαρκῶν·
1470 1273 1626 1326 τοῦτο
1661 1272 1770 1343 γάρ

189 1368 442 1439 βούλεται
466 1371 640 1422 εἰπεῖν
659 1369 859 1432 τὺ,Τοῦ
875 1367 1087 1438 φαγεῖν
1110 1366 1215 1431 τὰς
1239 1366 1468 1435 σάρκας
1478 1383 1616 1436 μου·
1630 1365 1769 1419 ὥστε

185 1460 360 1526 δεῖξαι
383 1460 562 1514 αὐτῶν
584 1460 680 1531 τὴν
710 1460 962 1531 ὠμότητα
993 1460 1083 1513 καὶ
1110 1458 1208 1530 τὴν
1232 1459 1419 1529 ὀργὴν,
1439 1457 1555 1527 μεθ’
1576 1451 1643 1527 ἦς
1664 1457 1769 1527 ὦρ-

192 1569 330 1621 μουν
360 1552 445 1604 ἐπ’
475 1551 689 1613 αὐτούς·
734 1550 795 1602 τὸ
823 1550 901 1614 δὲ,
952 1547 1249 1618 Ἐγγίζειν,
1288 1549 1405 1600 ἀντὶ
1428 1547 1543 1613 τοῦ,
1582 1548 1770 1600 Ἠνὶκα

186 1642 335 1695 οῦτω
354 1642 579 1713 πλησίον
594 1641 896 1710 γεγόνασιν,
928 1641 1001 1704 ὡς
1025 1640 1188 1712 μηδὲν
1216 1639 1478 1693 ἐλλείπειν
1512 1639 1647 1710 πρὸς
1672 1639 1771 1709 τὴν

188 1735 541 1805 ἐκπλήρωσιν
569 1734 669 1803 τῆς
693 1734 999 1805 προθέσεως
1035 1731 1231 1787 αὐτῶν·
1277 1731 1456 1794 καλῶς
1487 1731 1542 1784 δὲ
1575 1731 1770 1796 αὐτοὺς

188 1824 527 1891 κακοῦντας
562 1824 840 1888 ἐκάλεσεν,
876 1824 951 1887 ὡς
995 1823 1083 1875 διὰ
1115 1823 1213 1892 τὴν
1245 1820 1551 1893 προσοῦσαν
1588 1823 1770 1885 αὐτοῖς

191 1918 352 1985 ἰσχὺν
381 1916 624 1978 ἅπαντας
655 1914 864 1986 μυρίοις
896 1912 1284 1986 περιϐαλόντας
1330 1915 1535 1975 κακοῖς.
1558 1944 1629 1953 —
1654 1915 1771 1966 Κα-

188 2008 305 2072 λῶς
330 2008 411 2072 τὸ,
434 2008 633 2062 Δύτοί·
658 2009 739 2063 ὃτι
770 2008 945 2079 Ἧμᾶς
966 2008 1061 2078 μὲν
1087 2006 1353 2077 ἠδίκησαν
1374 2006 1544 2071 οὐδὲν,
1572 2007 1772 2062 ἔπαθον

186 2099 251 2152 δὲ
297 2097 470 2152 ταῦτα
515 2100 690 2161 αὐτοὶ,
729 2098 874 2169 άπερ
900 2098 1044 2169 ἡμᾶς
1087 2097 1347 2151 διαθεῖναι
1380 2098 1718 2169 προσεδόκων
1752 2114 1767 2132 ·

188 2189 675 2263 ἐμφαντικώτερον
698 2190 756 2244 δὲ
779 2190 860 2257 τὸ,
878 2189 1256 2256 Ἦσθένησαν
1276 2189 1373 2243 καὶ
1390 2190 1633 2256 ἔπεσον,
1652 2192 1775 2246 ἀντὶ

184 2279 313 2343 τοῦ,
342 2282 453 2351 Οὐχ
477 2280 580 2334 ὐπὸ
614 2281 885 2351 πολεμίων
914 2280 1275 2352 ἀνῃρέθησαν,
1297 2280 1415 2333 οὐδὲ
1437 2282 1541 2335 ὐπὸ
1564 2281 1775 2353 ἀνθρώ-

1792 1014 1846 1074 Δ

2378 1030 2703 1087 PSALMUS
2737 1029 2929 1086 XXVI.

1946 1185 2109 1241 Vsus.
2142 1186 2295 1240 2.-
2326 1185 2464 1241 Dum
2523 1185 2689 1256 igitur
2734 1185 2811 1240 illi
2856 1199 3026 1255 prope
3073 1183 3203 1240 facti
3267 1193 3441 1242 sunt.

1870 1279 2029 1347 quasi
2059 1292 2255 1332 carnes
2287 1292 2436 1333 meas
2463 1286 2771 1348 gustantes,
2808 1276 2914 1331 hoc
2957 1275 3101 1330 enim
3144 1274 3439 1345 signiﬁcat,

1878 1368 1945 1423 Ut
1976 1370 2133 1424 edant
2163 1386 2347 1424 carnes
2376 1386 2538 1433 meas,
2565 1377 2623 1423 ut
2649 1369 2903 1424 ostendat
2932 1383 3121 1422 eorum
3153 1366 3442 1422 crudelita-

1874 1468 1981 1514 tem
2019 1468 2183 1530 atque
2220 1460 2357 1513 iram
2386 1476 2493 1529 qua
2540 1459 2594 1513 in
2643 1459 2823 1528 ipsum
2882 1458 3183 1511 irruebant.
3236 1458 3440 1524 Appro-

1871 1552 2018 1620 piant
2054 1559 2391 1621 autem,pro,
2420 1551 2552 1605 Dum
2576 1560 2683 1606 tam
2702 1566 2868 1621 prope
2890 1550 3015 1603 iacti
3049 1557 3196 1611 sunt,
3228 1557 3288 1603 ut
3308 1548 3443 1603 nihil

1872 1643 1983 1700 illis
2036 1644 2250 1698 deesset
2312 1643 2380 1698 ad
2442 1642 2779 1713 implendum
2834 1656 3025 1698 eorum
3076 1640 3440 1711 propositum.

1872 1733 2041 1790 Recte
2068 1743 2248 1789 autem
2286 1735 2410 1791 illos
2459 1735 2675 1789 vocavit
2725 1745 2987 1800 nocentes,
3037 1734 3133 1803 qui
3181 1731 3250 1787 ob
3286 1745 3442 1787 suam

1872 1828 2173 1897 potentiam
2207 1842 2397 1882 omnes
2433 1826 2580 1882 mille
2608 1827 2769 1883 malis
2797 1827 3134 1898 opprimunt.
3168 1855 3236 1864 —
3276 1824 3445 1880 Recte

1874 1921 1997 1989 ipsi,
2041 1921 2166 1991 quia
2200 1920 2333 1974 nihil
2364 1919 2582 1990 quidem
2602 1920 2761 1976 nobis
2786 1927 3110 1984 nocuerunt,
3139 1917 3287 1989 passi
3315 1924 3446 1974 sunt

1874 2020 2057 2068 autem
2088 2013 2276 2068 eadem
2307 2027 2427 2084 quae
2459 2022 2649 2067 contra
2699 2027 2801 2069 nos
2852 2012 3250 2082 excogitabant.
3303 2010 3443 2065 Cum

1875 2103 2084 2175 majore
2114 2111 2292 2159 autem
2320 2102 2565 2173 emphasi
2604 2102 2756 2167 dicit,
2786 2100 3055 2171 lnﬁrmati
3083 2110 3203 2156 sunt
3232 2109 3281 2155 et
3309 2100 3444 2154 ceci-

1875 2197 2089 2261 derunt,
2151 2212 2273 2267 pro,
2311 2194 2421 2250 Nec
2454 2196 2522 2249 ab
2557 2195 2808 2250 hostibus
2850 2193 3010 2249 deleti
3053 2201 3205 2258 sunt,
3236 2207 3337 2247 nec
3376 2190 3447 2248 ab

1879 2288 2193 2344 hominibus
2224 2287 2520 2357 quidquam
2561 2286 2804 2341 terribile
2837 2286 2985 2356 passi
3015 2293 3179 2351 sunt,
3213 2285 3309 2340 sed
3339 2285 3445 2338 mi-

187 2390 315 2426 πων
339 2373 544 2427 ἔπαθόν
575 2390 625 2426 τι
678 2373 868 2434 δεινὸν,
912 2373 1047 2427 ἀλλὰ
1085 2371 1396 2440 παραδόξως
1433 2374 1560 2428 ἄνευ
1591 2376 1773 2446 πάσης

1890 2380 2124 2435 rabiliter
2152 2381 2271 2435 sine
2320 2381 2427 2433 ulla
2488 2396 2649 2433 manu
2704 2381 2965 2441 humana,
3018 2379 3202 2434 subito
3234 2394 3301 2433 ex
3351 2377 3448 2433 Dei

186 2465 538 2536 ἀνθρωπείας
594 2465 796 2535 χειρὸς,
843 2465 1101 2536 ἐξαίφνης
1133 2466 1212 2528 είς
1254 2464 1537 2518 ἀσθένειαν
1578 2470 1646 2538 τῇ
1682 2466 1776 2521 τοῦ

186 2555 333 2608 Θεοῦ
368 2556 778 2627 κατηνέχθησαν
806 2555 1064 2627 τιμωρίᾳ.

268 2670 415 2741 Στίχ.
439 2678 507 2739 γ’.
541 2701 610 2710 ——
640 2672 761 2724 Ὀτι
798 2668 1071 2734 ἀπόδειξιν
1110 2669 1248 2740 ἔχων
1284 2671 1532 2743 αὐτάρκη
1578 2670 1647 2723 τὰ
1680 2688 1774 2740 γεο

187 2764 394 2833 γονότα
418 2762 516 2834 τῆς
537 2762 632 2816 τοῦ
654 2761 789 2816 Θεοῦ
813 2762 1087 2834 βοηθείας,
1109 2761 1461 2834 παρεμϐολῆς
1479 2761 1606 2833 ὅλης
1630 2780 1783 2833 κινηο

188 2857 387 2928 θείσης
412 2857 503 2910 καὶ
533 2855 793 2927 πολέμου,
819 2855 1029 2908 δέδοικα
1054 2855 1265 2921 οὐδένα,
1304 2855 1476 2929 ταύτῃ
1507 2854 1782 2919 πεποιθὼς

187 2952 266 3021 τῇ
298 2948 393 3003 τοῦ
426 2947 561 3001 Θεοῦ
594 2948 909 3019 συμμαχίᾳ·
955 2947 1015 3001 τὸ
1044 2946 1172 3018 γὰρ,
1203 2947 1272 3001 ἐν
1301 2948 1509 3016 ταύτῃ,
1536 2946 1784 3001 τουτέστι

188 3045 265 3113 τῇ
292 3041 517 3111 βοηθείᾳ
546 3040 639 3093 καὶ
668 3042 734 3110 τῇ
764 3038 1053 3110 συμμαχίᾳ
1083 3038 1175 3092 τοῦ
1208 3038 1500 3092 Δεσπότου.

272 3134 421 3203 Στίχ.
448 3140 507 3189 ε’.
538 3163 605 3172 -
625 3132 836 3203 Ὥσπερ
863 3133 968 3185 τινὶ
999 3134 1171 3203 σκηνῇ
1194 3134 1261 3203 τῇ
1294 3130 1471 3201 οἰκείᾳ
1502 3131 1783 3196 σκεπάσας

191 3228 447 3298 βοηθείᾳ,
486 3225 623 3297 μετὰ
676 3226 876 3296 πολλῆς
935 3242 1003 3296 με
1030 3226 1128 3295 τῆς
1162 3224 1461 3294 ἀσφαλείας
1484 3223 1781 3294 ἐφύλαξεν·

189 3322 447 3386 σκηνὴν
463 3317 589 3389 γὰρ,
613 3318 706 3371 τοῦ
722 3317 859 3371 Θεοῦ
886 3316 1043 3369 καλεῖ
1061 3314 1153 3387 τὴν
1182 3315 1455 3385 Βοήθειαν,
1481 3315 1557 3379 ὡς
1581 3314 1786 3369 exsercit-

192 3428 378 3466 σεισαν
405 3410 569 3464 αὐτὸν
600 3409 708 3464 ἀπὸ
734 3409 841 3463 τῶν
865 3408 1069 3463 κακῶν·
1098 3408 1160 3461 τὸ
1193 3408 1269 3472 δὲ,
1304 3411 1632 3477 Ἕκρυψεν,
1664 3408 1785 3463 ἀντὶ

189 3501 320 3568 τοῦ,
350 3500 667 3573 Ἐφύλαξεν,
694 3501 804 3556 ἀπὸ
838 3500 934 3555 τοῦ
958 3500 1365 3572 κατακρύπτειν
1390 3500 1478 3554 ἀεὶ
1501 3502 1627 3564 τοὺς
1666 3499 1787 3571 βου-

191 3596 465 3665 λομένους
492 3613 543 3648 τι
574 3595 883 3666 φυλάττειν·
921 3595 1019 3649 Ἐν
1040 3596 1229 3665 ἡμέρᾳ
1248 3594 1304 3647 δὲ
1326 3594 1528 3649 κακῶν
1556 3612 1697 3663 μου,
1724 3595 1781 3647 ἐν

1879 2473 2123 2528 vindicta
2156 2474 2210 2528 in
2245 2473 2617 2527 inﬁrmitatem
2650 2471 2847 2542 dejecti
2880 2479 3032 2542 sunt.

1951 2672 2120 2729 Vens.
2145 2673 2199 2729 5.
2223 2704 2290 2713 —
2312 2673 2447 2728 Cum
2476 2673 2619 2727 facta
2647 2671 2832 2727 divina
2861 2672 2930 2727 de
2955 2672 3157 2726 auxilio
3179 2685 3451 2741 sperando

1882 2764 2177 2831 subiciant,
2235 2765 2490 2835 quamvis
2540 2765 2725 2818 omnia
2775 2773 2959 2819 castra
3006 2764 3316 2834 bellumque
3362 2776 3451 2818 me

1884 2855 2313 2918 circumdarent,
2346 2855 2483 2909 nihil
2514 2854 2742 2921 timebo,
2768 2853 2825 2909 in
2852 2854 3055 2909 auxilio
3079 2853 3172 2909 Dei
3198 2867 3446 2921 sperans,

1883 2962 2135 3017 sperans,
2173 2946 2419 3016 inquam,
2457 2947 2512 3001 in
2542 2962 2628 3014 eo,
2681 2946 2735 3000 id
2767 2954 2873 3012 est,
2916 2947 2968 3001 in
3001 2945 3276 3010 adiutorio
3297 2946 3454 3001 auxi-

1883 3038 2066 3108 lioque
2096 3037 2331 3095 Domini.

1959 3132 2124 3188 Vens.
2155 3134 2208 3187 5.
2230 3163 2298 3171 —
2320 3130 2785 3199 Quemadmodum
2814 3131 3050 3202 quodam
3079 3132 3455 3198 tabernaculo,

1885 3224 2158 3294 adjutorio
2188 3238 2287 3278 suo
2316 3232 2625 3295 protegens,
2661 3239 2856 3291 magna
2896 3224 3190 3280 securitate
3239 3239 3326 3278 me
3359 3239 3459 3278 cu-

1885 3315 2127 3370 stodivit.
2167 3315 2588 3371 Tabernaculum
2613 3319 2758 3371 enim
2790 3324 2950 3371 vocat
3000 3315 3339 3384 adjutorium
3375 3315 3459 3368 di-

1887 3406 2100 3468 vinum,
2142 3416 2400 3478 tanquam
2430 3423 2554 3465 eum
2594 3410 2662 3464 ab
2710 3424 2901 3463 eorum
2935 3409 3096 3463 malis
3143 3415 3458 3478 protegens.

1885 3500 2174 3553 Abscondit
2216 3509 2419 3566 autem,
2454 3518 2553 3572 pro
2578 3502 2879 3564 custodiuit,
2907 3516 2974 3557 ex
3004 3501 3092 3556 his
3120 3500 3213 3571 qui
3244 3516 3460 3570 semper

1887 3593 2232 3650 abscondunt
2290 3595 2438 3664 quod
2494 3611 2716 3651 servare
2763 3596 2975 3650 volunt.
3036 3593 3103 3649 In
3148 3594 3234 3650 die
3276 3601 3458 3648 autem

189 3688 276 3760 τῷ
300 3689 485 3759 καιρῷ
517 3688 618 3757 τῆς
679 3690 988 3758 συμφορᾶς,
1042 3689 1131 3743 ὅτε
1156 3686 1368 3742 πολλῶν
1401 3687 1776 3759 προσεδόκησα

1890 3687 2173 3754 malorum,
2206 3696 2449 3758 tempore
2482 3689 2853 3756 adversitatis,
2909 3690 3132 3761 quando
3166 3705 3253 3745 me
3286 3690 3465 3743 multa

192 3778 638 3849 πειραθήσεσθαι
662 3779 867 3834 κακῶν.

758 3933 1055 3991 ΨΑΛΜΟΣ
1097 3934 1236 3990 KH'.

273 4071 428 4141 Στίχ.
464 4071 535 4139 γ’.
560 4101 627 4111 —-
654 4072 788 4143 Περὶ
830 4072 1034 4145 ταύτης
1071 4072 1172 4141 τῆς
1218 4072 1456 4126 ἀϐύσσου
1485 4072 1593 4126 τῶν
1643 4074 1791 4141 λογι-

1890 3778 2033 3831 mala
2060 3786 2416 3847 experturum
2449 3778 2678 3832 credidi.

2382 3934 2706 3989 PSALMUS
2734 3934 2974 3988 XXVIII.

1960 4075 2128 4129 Vens.
2163 4077 2216 4129 5.
2252 4105 2320 4115 -—
2344 4074 2417 4128 De
2456 4076 2658 4143 abysso
2697 4074 3167 4128 murmurantium
3194 4088 3463 4144 aquarum

194 4165 364 4233 σμῶν
388 4164 594 4219 ὑδάτων
616 4165 779 4233 φησὶν
812 4165 839 4216 ὁ
871 4165 1035 4218 Δαυῒδ
1052 4181 1065 4197 ·
1099 4164 1270 4233 Φωνὴ
1300 4166 1520 4234 Κυρίου
1542 4165 1642 4219 ἐπὶ
1676 4164 1776 4219 τῶν

1891 4170 2025 4225 dicit
2053 4168 2243 4232 David,
2291 4169 2400 4221 Vox
2430 4167 2642 4221 Domini
2672 4182 2826 4235 super
2852 4184 3040 4237 aquas.

194 4256 323 4309 ὺδά
334 4274 469 4308 των.

769 4414 1059 4468 ΨΑΛΜΟΣ
1106 4412 1234 4467 ΚΘ¹.

2396 4406 2719 4463 ΡδΑωιυδ
2760 4404 2954 4462 XXIX.

276 4552 439 4622 Στίχ.
466 4550 589 4605 ι’.--
606 4550 751 4605 Ἀντὶ
778 4550 895 4614 τοῦ,
916 4548 1100 4602 Ταῦτα
1126 4548 1309 4616 ἔλεγον
1326 4564 1338 4579 ·
1362 4548 1486 4602 Ἐὰν
1514 4548 1771 4603 ἀποθάνω

1965 4548 2131 4603 Vens.
2162 4548 2243 4600 l0.
2272 4577 2337 4587 οσ-
2362 4546 2657 4615 Propterea
2681 4546 2795 4599 haec
2820 4544 3107 4599 dicebam:
3133 4543 3188 4598 Si
3218 4552 3472 4600 mortuus

192 4646 260 4699 τι
298 4644 372 4698 τὸ
405 4644 659 4712 ὄφελος;
689 4641 976 4697 ἀποθανὼν
1014 4641 1121 4711 γὰρ
1155 4641 1538 4712 διαφθείρομαι
1566 4682 1582 4709 ,
1620 4644 1776 4714 τέφρι

1894 4644 2074 4703 fuero,
2106 4659 2221 4711 qua:
2244 4640 2502 4695 utilitas?
2535 4636 2669 4692 Nam
2704 4650 2945 4692 mortuus
2980 4650 3343 4706 corrumpor,
3394 4634 3476 4689 ci-

191 4737 503 4807 γινόμενος
540 4737 635 4789 καὶ
667 4734 878 4798 σποδός.

1896 4740 1982 4792 nis
2016 4736 2305 4804 pulvisque
2340 4732 2432 4786 ﬁo.

279 4829 443 4899 Στίχ.
479 4828 566 4899 ιβ’.
597 4857 667 4871 —~
704 4829 761 4882 Ὀ
794 4828 996 4890 σάκκος
1028 4827 1227 4880 κακίαν
1260 4825 1354 4878 καὶ
1382 4825 1656 4893 ἀγνωσίαν
1702 4842 1776 4896 ση

1965 4827 2135 4882 Vens.
2177 4827 2264 4879 12.
2293 4853 2359 4864 -
2386 4823 2594 4877 Saccus
2617 4821 2883 4876 malitiam
2916 4830 3081 4891 atque
3105 4820 3472 4891 ignorantiam

194 4926 443 4997 μαίνει,
502 4922 691 4993 ἐπειδὴ
739 4921 837 4975 καὶ
899 4922 956 4973 αἱ
1000 4920 1181 4989 τρίχες
1230 4918 1341 4971 τῶν
1401 4916 1602 4987 ἐρίφων
1657 4911 1776 4987 ἧσαι

1896 4920 2192 4990 signilicat,
2228 4932 2352 4971 cum
2390 4916 2483 4983 pili
2513 4923 2703 4968 essent
2753 4913 3032 4968 hircorum
3067 4914 3161 4983 qui
3210 4918 3478 4968 steterant

189 5017 324 5070 τῶν
365 5014 671 5085 ἱσταμένων
705 5013 765 5079 ἐξ
801 5012 1094 5082 εὐωνύμων
1131 5011 1225 5063 καὶ
1272 5008 1366 5061 τοῦ
1406 5006 1776 5079 ἁποπομπαίοι

1898 5021 2009 5067 tam
2040 5026 2105 5065 ex
2140 5008 2438 5063 immolatis
2463 5020 2629 5075 quam
2658 5020 2727 5060 ex
2764 5004 3089 5059 emissariis.

187 5123 453 5174 τραγου.

368 5125 453 5160 ου.

236 5125 445 5269 ρὲἷίχ.
485 5204 574 5266 ιγ’.
606 5226 674 5238 —-
713 5194 916 5261 Εἰπὼν,
954 5195 1035 5247 Οὐ
1058 5192 1143 5262 μὴ
1170 5189 1501 5261 κατανυγῶ,
1532 5190 1653 5243 ἀντὶ
1678 5188 1771 5242 τοῦ

1974 5188 2141 5245 Vsus.
2175 5188 2264 5243 15.
2289 5218 2357 5228 —
2378 5190 2447 5242 Et
2479 5202 2581 5241 non
2610 5201 2956 5256 compungar,
2982 5198 3080 5255 pro
3106 5181 3227 5236 Non
3253 5186 3479 5236 cantare

190 5292 288 5350 Οὐ
330 5292 756 5363 μεταγνὼσομαι
782 5289 873 5340 ἐπὶ
894 5288 958 5356 τῇ
999 5283 1286 5355 ψαλμῳδίᾳ
1307 5320 1325 5346 ,
1359 5283 1658 5351 ἐπήγαγεν·
1690 5282 1776 5347 Εἰς

1904 5282 2201 5344 desistam;
2252 5280 2427 5344 addit,
2465 5277 2529 5331 In
2559 5277 2812 5332 saxulum
2861 5275 3169 5344 conﬁtebor,
3218 5274 3337 5329 sine
3371 5270 3479 5326 ﬁne

188 5392 325 5441 τὸν
358 5383 545 5438 αίῶνα
568 5377 1104 5450 ἐξομολογήσομαι,
1137 5374 1229 5430 τοῦ
1260 5374 1461 5443 ταύτην
1494 5371 1776 5425 διατελὲσα

1907 5375 2010 5430 hoc
2065 5372 2215 5443 fungi
2249 5370 2453 5441 gratias
2500 5384 2691 5439 agens,
2718 5384 2844 5425 cum
2894 5365 3155 5423 saeculum
3212 5364 3479 5420 malorum

191 5497 296 5535 σοι
339 5474 637 5537 ἀπαύστως
686 5469 1058 5542 εὐχαριστῶν·
1106 5467 1279 5523 αἰῶνα
1320 5464 1520 5532 καλῶν,
1560 5462 1651 5517 τὸν
1702 5461 1773 5532 τῆ

1908 5467 1980 5522 sit
2006 5465 2170 5537 hujus
2196 5465 2319 5521 vitae
2343 5470 2579 5534 tempus.

190 5569 438 5627 οἰκείας
469 5564 613 5629 ἴωῇς
651 5564 862 5633 χρόνον.

286 5796 380 5867 (ι)
417 5791 518 5845 Mai
552 5787 685 5845 ibid.
716 5804 767 5857 p.
799 5786 921 5841 δυι.
