3804 6528
375 353 478 409 66.7

904 493 1422 551 PSALMUS'XXX.

448 603 611 661 Vens.
643 608 695 663 5.
724 637 792 648 —
814 608 949 665 Cum
978 611 1250 667 clamores
1280 614 1457 668 nostri
1498 612 1567 667 ad
1608 620 1758 670 tuam
1786 614 1949 670 celsir

1570 356 1913 414 THEODOBI
1944 356 2431 415 MOPSUESTENI

1979 490 2027 544 Α
2526 498 2531 503 ’
2625 493 2915 549 ΨΑΛΜΟΣ
2957 488 3037 546 A'.

3540 351 3622 406 $68

2122 613 2269 685 Erlx‘.
2294 618 2362 681 γ’.
2392 642 2462 651 -
2504 610 2654 663 Ἐπεὶ
2688 608 2761 679 μὴ
2812 607 3001 679 φθάνει
3051 606 3084 675 ἡ
3116 604 3359 675 ἡμετέρα
3412 604 3622 674 κραυγὴ

377 696 617 751 tudinem
650 699 1006 765 extollantur,
1055 702 1253 756 inclina
1304 703 1372 757 ad
1414 720 1494 759 me
1525 720 1708 759 aurem
1762 714 1907 759 tuam

2050 706 2185 777 πρὸς
2218 706 2279 758 τὸ
2299 705 2388 757 σὺν
2411 704 2563 774 ὕψος,
2590 702 2812 757 Κλῖνον
2833 701 2898 754 τὸ
2923 694 3032 765 οὖς
3059 712 3175 752 σου
3206 696 3351 766 πρὸς
3385 696 3512 766 ἐμὲ,
3538 696 3621 749 διὰ

376 791 503 859 quia
534 789 587 843 in
610 790 865 861 abyssum
888 794 1165 862 prolabor,
1197 796 1661 865 quemadmodum
1690 798 1744 852 in
1770 798 1947 869 quod-

375 883 499 935 dam
530 881 759 937 evidens
793 886 1120 954 periculum.

447 990 612 1045 Vens.
648 992 703 1047 5.
724 1023 794 1032 —
828 993 1083 1064 Laqueos
1108 998 1323 1052 vocavit
1354 999 1728 1069 captivitatem
1753 1001 1806 1057 in
1839 1016 1946 1072 qua

372 1083 472 1138 fuit
505 1093 772 1141 retentus.
818 1086 983 1153 Quem
1045 1089 1433 1151 absconderant
1476 1092 1642 1157 mihi;
1695 1094 1943 1148 eamdem

369 1174 597 1244 ﬁgurant
649 1179 1017 1247 persequitur,
1071 1195 1196 1235 eum
1250 1182 1508 1253 laqueum
1568 1185 1941 1255 captivitatem

373 1266 751 1335 appellaverit.
808 1268 1100 1340 Proprium
1136 1282 1317 1329 autem
1360 1274 1541 1344 laquei
1580 1284 1663 1329 est
1699 1278 1830 1346 poni
1861 1278 1941 1331 la-

369 1364 547 1413 tenter
578 1359 633 1414 in
661 1360 983 1418 abscondito
1008 1364 1150 1431 loco,
1184 1366 1374 1437 sicque
1396 1367 1711 1439 importune
1742 1385 1941 1442 capere

367 1452 633 1520 prazdam.

372 1682 377 1687 -
434 1653 603 1711 Vsus.
646 1694 691 1711 ..
718 1687 787 1697 —
816 1657 1107 1730 Propterea
1146 1678 1290 1718 enim
1313 1703 1328 1727 ,
1372 1664 1528 1733 dicit,
1559 1682 1661 1723 nos
1690 1668 1836 1739 juste
1868 1668 1939 1723 li-

2051 795 2502 850 συγκαταϐαίνειν
2535 812 2621 866 με.

2118 991 2265 1063 Στίχ.
2301 998 2362 1045 ε’.
2386 1024 2453 1033 --
2477 991 2717 1056 Παγίδας
2744 989 2970 1043 ἐκάλεσε
3001 989 3099 1059 τὴν
3125 987 3507 1058 αἰχμαλωσίαν
3538 988 3616 1057 ἐφ’

2117 1084 2461 1155 συνείληπτο,
2498 1084 2685 1154 ὥσπερ
2712 1082 2791 1145 εἴς
2812 1100 2932 1134 τινα
2966 1080 3204 1135 κίνδυνον
3230 1081 3503 1151 προφανῆ.
3529 1084 3597 1135 Τὸ

2044 1173 2160 1243 ἿΙς
2215 1178 2489 1247 ἕκρυψάν
2528 1195 2661 1246 μοι,
2715 1175 3020 1239 ἀκολούθως
3070 1169 3223 1226 εἶπεν
3260 1174 3615 1244 τῷιπαραδείο

2044 1287 2212 1339 γματι
2237 1310 2251 1333 ,
2287 1269 2474 1341 ἐπειδὴ
2526 1269 2727 1337 παγίδα
2774 1268 2870 1354 τὴν
2904 1266 3281 1337 αἰχμαλωσίαν
3319 1266 3575 1319 ἐκάλεσεν
3598 1282 3611 1294 '

2044 1361 2173 1414 ίδιον
2211 1361 2269 1414 δὲ
2314 1361 2415 1432 τῆς
2454 1360 2680 1430 παγίδος
2718 1360 2776 1412 τὸ
2811 1359 3176 1420 Χανθανόντως
3198 1359 3443 1411 τίθεσθαι
3485 1376 3609 1428 xpu-

2042 1452 2317 1524 πτομένην
2339 1493 2354 1518 ,
2408 1452 2553 1505 οὑτω
2577 1470 2639 1506 τε
2672 1452 2995 1522 ἁπροόπτως
3027 1449 3327 1522 λαμϐάνειν
3358 1451 3484 1512 τοὺς
3522 1449 3611 1519 θη-

2045 1544 2343 1615 ρωμένους.

2112 1659 2258 1729 Στίχ.
2285 1658 2350 1724 ς’.
2387 1682 2454 1702 -ι-
2479 1658 2579 1711 Διὰ
2626 1658 2783 1711 τοῦτο
2805 1658 2914 1729 γὰρ
2932 1698 2947 1723 ,
2974 1658 3139 1727 φησὶν
3159 1697 3173 1720 ,
3209 1656 3357 1726 ἡμᾶς
3398 1655 3610 1717 δικαίως

364 1750 589 1815 herasti,
622 1767 749 1806 cum
804 1754 928 1810 illos
957 1754 1138 1810 oderis
1170 1770 1233 1811 ac
1287 1755 1641 1827 disperseris,
1681 1760 1776 1831 qui
1823 1769 1927 1815 tam

2039 1750 2383 1821 ἀπήλλαξας,
2421 1750 2606 1821 ἐπειδὴ
2632 1751 2873 1814 ἐκείνους
2899 1750 3168 1819 ἐμίσησας
3203 1749 3298 1801 καὶ
3342 1747 3610 1816 ἀπεστρᾶρ

362 1844 620 1900 ardenter
650 1848 973 1917 pravitatem
1005 1847 1225 1903 luerant
1254 1851 1465 1919 operati
1493 1870 1507 1917 ;
1540 1867 1647 1907 non
1675 1854 1821 1909 enim
1861 1869 1927 1909 ex

2042 1857 2148 1911 φης
2173 1882 2189 1905 ,
2240 1841 2365 1903 τοὺς
2407 1840 2543 1910 μετὰ
2577 1840 2776 1910 πολλῆς
2805 1840 3124 1911 ἐπιμελείας
3151 1841 3218 1891 τὰ
3266 1838 3444 1891 ἄτοπα
3501 1837 3609 1889 δια-

358 1946 495 1992 tcstu
552 1938 646 1993 ira:
680 1939 884 1993 malum
938 1950 1260 2009 operantur,
1315 1942 1411 2017 sed
1457 1944 1603 1998 sicut
1660 1944 1934 2015 quoddam

359 2030 735 2084 necessarium
788 2031 993 2085 malum
1027 2033 1345 2088 observant.
1413 2034 1766 2103 Supervacue,
1804 2038 1934 2107 quia

358 2122 491 2175 nihil
533 2123 825 2193 proﬁciunt
863 2140 931 2178 ex
959 2139 1061 2178 suo
1090 2126 1218 2179 mali
1256 2128 1524 2197 operandi
1566 2130 1773 2191 studio,
1809 2145 1934 2185 cum

356 2213 565 2281 puniri,
597 2228 661 2268 ac
684 2230 791 2269 non
818 2214 1000 2270 sinere
1022 2224 1081 2270 ut
1106 2216 1210 2286 ipsi
1244 2218 1595 2290 impellantur
1618 2220 1673 2275 in
1699 2221 1935 2293 aliquem

356 2312 701 2378 peroptatum
737 2307 899 2363 linem
936 2308 1177 2363 oderint.

840 2656 1167 2716 PSALMUS
1205 2658 1425 2717 XXXII.

421 2786 584 2845 Vens.
632 2789 687 2846 '5.
737 2822 804 2835 —-
844 2790 990 2849 Bene
1041 2792 1233 2864 incipit
1286 2794 1600 2860 Psalmista,
1650 2798 1931 2869 prmcipue

348 2881 575 2935 attentis
615 2883 1108 2952 consequentibus.
1156 2884 1295 2940 Cum
1342 2886 1489 2941 enim
1530 2887 1778 2944 laetitiam
1820 2890 1931 2947 illis

347 2972 749 3037 aununtiasset,
766 2975 835 3030 ad
856 2976 1089 3048 hymnos
1110 2977 1460 3049 agendasque
1479 2980 1686 3051 gratias
1709 2990 1932 3052 propter

344 3063 607 3120 beneﬁcia
623 3067 863 3122 excitare
878 3068 1129 3133 debebat,
1150 3069 1204 3123 in
1226 3079 1507 3140 posterum
1526 3081 1749 3142 propter
1770 3089 1931 3145 agen-

2041 1931 2441 2003 πραττομένους
2461 1948 2475 1961 ’
2500 1932 2560 1984 οὑ
2592 1932 2700 2003 γὰρ
2741 1932 2849 1985 ἀπὸ
2878 1931 3231 2002 ωναρπαγῆς
3264 1930 3608 2000 διαπράττονο

2036 2038 2125 2074 ται
2150 2021 2211 2073 τὸ
2238 2020 2405 2073 κακὸν
2428 2061 2443 2084 ,
2472 2021 2586 2073 ἀλλ’
2613 2021 2803 2094 ὥσπερ
2849 2040 2902 2075 τι
2947 2023 3244 2090 ἀναγκαῖον
3267 2063 3283 2086 ,
3316 2020 3413 2073 τοῦ
3443 2020 3605 2073 κακοῦ

2037 2113 2362 2184 φυλάττουσι
2395 2113 2493 2184 τὴν
2526 2115 2752 2185 πρᾶξιν
2783 2114 2844 2167 τὸ
2870 2113 2950 2180 δὲ,
2984 2114 3087 2168 Διὰ
3122 2112 3324 2181 κενῆς,
3354 2114 3439 2166 ὅτι
3467 2113 3605 2165 οὐδὲν

2035 2206 2369 2277 ὠφελοῦνται
2397 2207 2462 2259 ἐκ
2491 2207 2590 2277 τῆς
2621 2207 2751 2278 περὶ
2798 2206 2860 2259 τὸ
2908 2206 3077 2260 κακὸν
3131 2206 3392 2276 πράττειν
3423 2208 3605 2274 ἐπιμε-

2034 2301 2220 2367 λείας,
2271 2299 2361 2353 διὰ
2392 2299 2452 2353 τὸ
2502 2302 2679 2369 μισεῖν
2720 2299 2915 2361 αὑτοὺς
2952 2299 3044 2351 καὶ
3079 2296 3479 2369 τιμωρεῖσθαι,
3522 2296 3604 2347 καὶ

2039 2395 2113 2465 μὴ
2147 2395 2242 2465 ἐᾷν
2289 2393 2369 2457 είς
2416 2410 2467 2446 τι
2520 2392 2693 2462 πέρας
2747 2392 2903 2460 ἄγειν
2957 2390 3153 2453 αὑτοὺς
3213 2389 3274 2443 τὸ
3322 2388 3605 2452 σπουδαζό-

2038 2501 2197 2556 μενον
2227 2484 2326 2555 (1).

2472 2670 2477 2675 '
2588 2658 2880 2716 ΨΑΛΜΟΣ
2923 2659 3043 2712 AB'.

2102 2778 2251 2869 Στίχ.
2286 2796 2354 2867 γἠ.
2399 2828 2468 2839 -
2503 2796 2657 2869 Καλὴ
2682 2796 2759 2868 (Ξ)
2794 2797 2828 2867 ἡ
2864 2794 3128 2863 ἐπαγωγὴ
3166 2789 3259 2846 τοῦ
3296 2788 3486 2863 ῥητοῦ,
3516 2789 3604 2843 καὶ

2034 2892 2268 2965 μάλιστα
2302 2890 2410 2945 τῶν
2438 2890 2566 2961 ἐξῆς
2594 2890 2799 2943 ἕνεκεν.
2819 2886 3036 2958 Ἐπειδὴ
3070 2886 3177 2958 γὰρ
3210 2885 3310 2955 τὴν
3344 2881 3601 2953 εὐφροσὺ-

2032 3002 2131 3056 νην
2172 2985 2358 3048 αὑτοῖς
2398 2982 2809 3055 εὐηγγελίσατο,
2850 2979 3082 3050 ἤμελλεν
3117 2979 3173 3032 δὲ
3213 2978 3306 3030 ἐπὶ
3344 2976 3444 3045 τὴν
3474 2975 3602 3044 ὑμν-

2031 3077 2197 3149 ῳδίαν
2227 3076 2325 3129 καλ⁵
2354 3074 2450 3144 τὴν
2472 3074 2613 3144 ὑπὲρ
2639 3072 2746 3126 τῶν
2772 3070 3085 3140 γεγονότων
3104 3066 3451 3138 εὐχαριστίαν
3471 3081 3600 3132 προσ

342 3155 397 3210 di
426 3158 696 3213 rationem
727 3161 1118 3217 tremebundos
1153 3164 1497 3220 constituere
1526 3164 1740 3227 volens.
1764 3168 1837 3221 ita
1869 3175 1927 3223 ut

2035 3169 2286 3240 τρέπειν
2326 3167 2453 3236 ἑξῆς
2506 3165 2826 3236 βουλόμενος
2860 3162 3056 3225 αὐτοὺς
3088 3160 3357 3232 ἐμφόὅους
3397 3158 3521 3227 περὶ
3547 3156 3602 3207 τὸ

343 3246 577 3313 genuina
609 3248 859 3304 decentia
880 3250 1133 3321 hymnos,
1164 3255 1572 3325 graliarumque
1589 3256 1836 3314 actiones
1856 3260 1924 3314 ad

340 3335 511 3391 Deum
541 3338 1297 3409 referrent:Praenuntiaute,
1332 3345 1519 3401 Rectos
1540 3347 1685 3403 decet
1715 3350 1921 3407 collau-

242 3441 246 3446 ν
339 3428 883 3494 datio,admonentur
912 3450 1024 3490 non
1048 3451 1173 3493 esse
1200 3439 1448 3494 omnium
1476 3440 1644 3496 Deum
1668 3443 1914 3512 laudare,

340 3521 437 3576 sed
468 3524 649 3579 solum
679 3526 775 3595 qui
809 3542 936 3581 cum
969 3528 1299 3587 rectitudine
1328 3532 1568 3590 rationis
1596 3534 1701 3589 hoc
1729 3547 1920 3607 agunt,

340 3613 466 3669 illos
501 3631 603 3686 pro
638 3617 919 3674 beneﬁciis
945 3634 1183 3689 quorum
1217 3632 1347 3678 sunt
1370 3631 1543 3681 testes
1574 3626 1919 3685 laudationes

339 3706 554 3763 decere.
587 3706 724 3763 Cum
756 3711 925 3780 igitur
955 3711 1167 3767 fuerint
1203 3713 1376 3785 digni,
1420 3731 1545 3771 cum
1580 3716 1786 3788 pietate
1845 3721 1922 3777 ad

339 3797 674 3853 laudandum
704 3800 874 3856 Deum
905 3801 1193 3857 accedant.

408 4082 474 4136 In
489 4084 662 4139 titulo.
678 4084 947 4156 Tempore
966 4086 1112 4143 beati
1135 4087 1381 4145 Ezechiae
1402 4090 1686 4157 lsraelitis,
1708 4109 1804 4165 per
1817 4096 1914 4151 ad-

335 4177 645 4233 mirabilem
691 4178 1041 4250 Assyriorum
1088 4183 1451 4247 evcrsionem,
1506 4198 1538 4238 a
1589 4184 1700 4240 Deo
1730 4187 1915 4242 datam

334 4269 625 4324 victoriam
674 4271 867 4327 beatus
898 4272 1068 4328 David
1116 4275 1173 4329 in
1214 4275 1319 4330 hoc
1349 4277 1561 4346 psalmo
1588 4278 1912 4356 prmdieens,

336 4362 515 4432 ipsum
575 4371 834 4433 tanquam
890 4366 1135 4422 victoria:
1178 4369 1481 4433 canticum,
1536 4386 1638 4440 pro
1690 4372 1759 4428 iis
1792 4388 1913 4443 qua:

334 4450 703 4522 contigerant,
747 4470 900 4510 more
927 4471 1029 4511 suo
1063 4458 1288 4514 cecinit.
1324 4461 1501 4530 Atque
1539 4462 1667 4517 hinc
1715 4478 1782 4519 ex
1822 4479 1912 4518 ar-
1943 4451 1988 4507 Ῑ)

334 4555 594 4613 gumento
631 4556 823 4601 contra
850 4549 1129 4621 Assyrios,
1163 4553 1229 4608 ad
1265 4553 1634 4612 universalcm
1666 4556 1760 4613 Dei
1794 4558 1913 4613 lau-

332 4632 635 4703 dationem,
666 4646 721 4693 et
744 4654 925 4695 rcrmn
958 4642 1026 4697 ab
1066 4644 1184 4714 ipso
1210 4654 1488 4715 gestarum
1516 4662 1914 4705 commemora-

332 4725 537 4781 tionem
566 4727 893 4798 digreditur.
924 4731 1092 4790 Docet
1120 4745 1305 4793 autem
1329 4752 1543 4803 omnes,
1580 4756 1649 4795 ne
1676 4756 1914 4809 praesen-

332 4817 482 4874 tibus
514 4821 703 4885 rebus,
729 4825 947 4879 tametsi
990 4828 1223 4897 magnis,
1261 4829 1575 4899 conﬁdant;
1613 4832 1712 4887 sed
1756 4833 1913 4889 auxi-

332 4908 464 4964 lium
500 4910 597 4967 Dei
653 4913 818 4970 rebus
871 4917 1129 4974 omnibus
1178 4921 1459 4989 potentius
1512 4937 1637 4979 esse
1684 4924 1908 4981 ducant.

334 5001 447 5057 lloc
463 5004 610 5059 enim
646 5006 699 5060 in
720 5004 958 5064 Psalmis
979 5011 1329 5079 potissimum
1352 5012 1641 5071 advertere
1671 5026 1912 5087 oportet,

330 5094 476 5164 quod
514 5097 584 5152 ab
619 5102 963 5168 argumentis
994 5102 1062 5157 ad
1091 5104 1535 5177 eohortationem
1574 5124 1673 5178 pro
1704 5110 1912 5166 instru-

331 5187 514 5243 ctione
546 5198 732 5245 nostra
768 5202 1148 5263 convertatur,
1180 5197 1323 5253 hanc
1351 5198 1741 5265 diversimodc,
1773 5212 1826 5257 et
1844 5203 1910 5259 ad

332 5281 641 5337 auditorum
658 5285 945 5342 utilitatem
966 5291 1396 5358 accommodate,
1418 5292 1734 5351 instituens.
1753 5294 1909 5352 Unde

331 5388 555 5429 necesse
580 5391 682 5433 nos
711 5388 818 5442 est,
845 5380 911 5435 ad
938 5381 1277 5438 Psalmorum
1304 5385 1413 5437 vim
1438 5394 1587 5441 recte
1605 5401 1907 5458 assequen-

331 5467 477 5536 dam,
534 5470 771 5540 primum
824 5482 1147 5545 argumenta
1204 5492 1394 5532 eorum
1455 5494 1653 5535 nosse:
1713 5481 1910 5539 deinde

405 5666 641 5751 Exin
674 5686 865 5751 usque
893 5674 961 5727 ad
997 5675 1155 5751 linem
1186 5675 1352 5751 hujus
1403 5676 1610 5732 codicis
1661 5680 1761 5735 754
1818 5680 1907 5751 (Δ)

333 5738 477 5820 nillil
503 5736 869 5820 llopsuesteni
893 5736 1412 5820 reperieliain._'lllu.

405 5808 482 5877 (2)
514 5807 613 5863 Mai
644 5827 696 5882 p.
719 5812 841 5882 593,
868 5827 920 5871 et
959 5807 1061 5871 hoc
1100 5824 1181 5872 cst
1216 5816 1466 5873 ultimum
1522 5835 1585 5874 ex
1634 5820 1910 5892 fragmen-

2031 3262 2266 3331 πρᾶγμα
2306 3260 2683 3329 καταστῆσαι,
2737 3255 2879 3308 ὥστε
2913 3254 3051 3325 μετὰ
3095 3255 3193 3322 τῆς
3228 3248 3601 3321 προσηκούσης

2028 3346 2381 3420 γνησιότητος
2408 3346 2727 3417 ἀναπέμψαι
2758 3345 2857 3415 τὴν
2897 3343 3168 3415 ὑμνῳδίαν
3205 3342 3299 3395 καὶ
3326 3341 3425 3411 τὴν
3452 3341 3601 3408 εὐχα-

2028 3441 2237 3514 ριστίαν
2278 3440 2356 3512 τῷ
2400 3439 2539 3510 Θεῷ,
2583 3437 2895 3510 προλαϐὼν,
2943 3440 3057 3499 τοῖς
3105 3435 3288 3489 εὒθέσι
3322 3434 3482 3504 φησὶν
3511 3432 3601 3500 τὴν

2026 3536 2232 3589 αῖνεσιν
2296 3532 2568 3604 πρέπεινο
2634 3532 2701 3584 ἵν’
2748 3529 3081 3593 ἀκούσαντες
3140 3529 3223 3581 ὅτι
3271 3526 3346 3597 μὴ
3394 3526 3599 3578 πάντων

2025 3626 2175 3679 ἐστὶν
2212 3625 2403 3693 ὑμνεῖν
2437 3622 2530 3676 τὸν
2560 3622 2716 3687 Θεὸν,
2762 3622 2899 3675 ἀλλὰ
2953 3622 3110 3692 μόνον
3156 3618 3267 3671 τῶν
3303 3619 3421 3688 μετ’
3450 3616 3598 3668 εὕθύ-

2024 3734 2185 3788 τητος
2223 3715 2497 3786 λογισμῶν
2542 3714 2698 3768 τοῦτο
2731 3714 3064 3784 ποιουμένων
3101 3706 3227 3780 ’(οἷς
3276 3711 3370 3762 καὶ
3402 3708 3598 3777 πρέπον

2025 3810 2170 3862 ἐστὶν
2196 3808 2257 3862 τὸ
2289 3808 2479 3878 ὑμνεῖν
2512 3808 2604 3858 ἐπὶ
2642 3808 2754 3869 τοῖς
2783 3803 3048 3875 παροῦσιν
3076 3801 3302 3869 ἀγαθοῖς
3330 3840 3344 3863 ,
3377 3798 3601 3864 ἐπείπερ

2026 3900 2119 3954 καὶ
2169 3899 2263 3953 τοῦ
2315 3900 2497 3967 τυχεῖν
2548 3897 2727 3951 αὑτῶν
2780 3896 2921 3961 ἄξιοι
2975 3894 3424 3964 καθεστήκασιν),
3471 3890 3600 3960 μετὰ

2025 3992 2227 4062 πολλῆς
2269 3990 2557 4054 εὐλαϐείας
2594 3989 2933 4061 προσέλθωσι
2966 3990 3032 4058 τῇ
3060 3986 3153 4040 τοῦ
3182 3984 3318 4038 Θεοῦ
3342 3982 3595 4052 ὑμνῳδίᾳ.

2088 4105 2200 4176 Τὴν
2228 4104 2307 4175 (5)
2341 4104 2435 4158 ἐπϊ
2463 4101 2555 4157 τοῦ
2586 4103 2856 4174 μακαρίου
2899 4100 3141 4164 Ἐζεκίου
3171 4096 3595 4169 παρασχεθεῑσαν

2016 4199 2174 4269 νίκην
2200 4200 2313 4261 τοῖς
2354 4196 2717 4267 Ἰσραηλίταις
2744 4195 2849 4248 ὑπὸ
2874 4192 2968 4247 τοῦ
2998 4192 3156 4257 Θεοῦ,
3184 4191 3269 4244 διὰ
3299 4190 3394 4260 τῆς
3427 4204 3593 4257 παρα-

2014 4288 2169 4355 δόξου
2228 4289 2338 4343 τῶν
2374 4288 2675 4360 Ἀσσυρίων
2726 4287 3097 4359 ἀναιρέσεως,
3130 4282 3482 4355 προφητεύων
3539 4280 3590 4330 ἐν

2014 4382 2191 4453 τούτῳ
2222 4382 2300 4451 τῷ
2326 4379 2528 4450 ψαλμῷ
2551 4382 2580 4432 ὁ
2612 4380 2881 4451 μακάριος
2912 4377 3094 4439 Δαόὶδ,
3125 4376 3315 4446 ὥσπερ
3334 4373 3451 4426 τινὰ
3477 4373 3583 4423 ἐπιι

2015 4474 2186 4527 νίκιον
2217 4472 2384 4543 ὑμνον
2406 4471 2497 4524 ἐπὶ
2522 4474 2632 4535 τοῖς
2659 4468 2907 4542 γε[γεῙνη
2917 4469 3099 4539 μένοις
3131 4466 3291 4521 αὑτὸν
3319 4464 3583 4532 ἀνεϐόησε,

2017 4566 2202 4639 [κατὰ]
2230 4566 2291 4620 τὸ
2334 4565 2562 4637 σύνηθες
2602 4563 2772 4634 αὐτῷ·
2810 4560 3099 4617 κάντεῦθεν
3120 4558 3580 4629 διαπραττόμενος,

2016 4660 2108 4714 καὶ
2136 4659 2247 4713 ἀπὸ
2276 4659 2376 4730 τῆς
2405 4659 2550 4713 κατὰ
2584 4659 2711 4721 τοὺς
2738 4656 3054 4725 ’Δσσυρίους
3085 4653 3388 4714 ὑποθέσεως
3402 4648 3578 4721 τρεπό-

2019 4769 2177 4823 μενος
2201 4752 2298 4823 μέν
2328 4754 2407 4816 είς
2432 4750 2725 4821 καθολικὴν
2753 4748 3026 4819 ὑμνῳδίαν
3050 4746 3145 4799 τοῦ
3192 4744 3470 4807 Δεσπότου,
3494 4740 3575 4793 καὶ

2015 4844 2275 4916 ἐξήγησιν
2324 4844 2433 4898 τῶν
2490 4845 2578 4897 ἐπ’
2623 4842 2788 4897 αὑτοῦ
2843 4840 3172 4909 γεγονότων⁸
3230 4837 3483 4893 παιδεύων
3523 4833 3572 4885 δὲ

2016 4932 2225 4997 πάντας
2261 4934 2336 5005 μὴ
2370 4934 2463 4987 ἐπὶ
2507 4936 2622 4997 τοῖς
2666 4932 2902 5003 παροῦσι
2952 4929 3209 5001 μεγάλοις
3260 4926 3565 4981 πεποιθέναι.

2016 5025 2153 5080 ἀλλὰ
2168 5026 2387 5081 πάντων
2405 5026 2653 5097 ἡγεῖσθαι
2684 5021 2954 5079 δυνατωτέ
2961 5039 3061 5092 ραν
3082 5021 3176 5076 τοῦ
3197 5020 3330 5075 Θεοῦ
3350 5018 3438 5089 τὴν
3457 5016 3563 5085 ﬂor}.

2016 5117 2187 5171 θειαν.
2225 5117 2398 5171 Τοῦτο
2441 5118 2550 5189 γὰρ
2602 5116 2837 5189 μάλιστα
2866 5116 3076 5186 ἀφορᾷν
3122 5114 3182 5166 ἐν
3212 5114 3321 5175 τοῖς
3348 5107 3559 5176 Ψαλμοῖς

2017 5210 2317 5282 προσήκει,
2342 5211 2423 5264 ὅτι
2468 5212 2532 5264 ἐκ
2577 5209 2685 5263 τῶν
2724 5208 3034 5262 ὑποθέσεων
3087 5207 3181 5259 ἐπὶ
3221 5198 3556 5273 κατηχητικὴν

2016 5302 2274 5373 τρέπεται
2331 5301 2651 5373 παραίνεσιν
2671 5341 2685 5365 ,
2713 5300 2984 5372 διαφόρως
3023 5298 3227 5368 ταύτην
3253 5293 3549 5363 ποιούμενος.

2018 5395 2113 5448 καὶ
2145 5398 2257 5459 τοῖς
2286 5397 2585 5467 ἀκροαταῖς
2627 5393 2935 5463 ὠφελίμως.
2962 5392 3125 5444 Ὥστε
3171 5388 3441 5477 ἀναγκαῖον

2018 5487 2151 5555 ἡμῖν
2197 5485 2394 5538 εἰδέναι
2440 5484 2538 5548 τὰς
2583 5482 2869 5547 ὑποθέσεις
2927 5481 3063 5551 πρὸς
3096 5480 3295 5534 γνῶσιν
3324 5476 3407 5544 τῆς
3451 5476 3547 5522 των

2018 5684 2087 5738 tis
2120 5683 2188 5737 ab
2213 5684 2332 5753 ipso
2353 5683 2534 5739 editis.

2090 5754 2163 5827 (3)
2197 5755 2273 5809 Ex
2307 5755 2589 5813 Corderio.
