3804 6530
139 393 243 451 669

1337 388 1696 447 EXPOSITIO
1734 389 1796 443 ΙΝ
1834 390 1959 443 PSA
1970 388 2165 475 LMOS.

3265 382 3368 438 6'70

139 509 388 577 Ψαλμῶν
419 508 702 580 δυνάμεως
727 526 742 540 '
781 527 1104 581 προσεκτεον
1136 512 1193 565 δὲ
1219 513 1311 565 καὶ
1339 516 1451 578 τοῖς
1488 514 1712 577 λοιποῖς,

1837 527 1970 573 vero,
2005 513 2068 566 ad
2106 512 2395 582 legentium
2436 519 2779 581 proventum,
2817 521 2868 565 ct
2914 518 3108 564 cmtera
3140 521 3369 577 perpen-

137 598 216 663 οἷς
243 603 341 653 ἐπὶ
372 602 479 654 τῶν
530 601 838 654 ὑποθέσεων
876 603 1160 674 κέχρηται,
1183 604 1317 675 πρὸς
1350 604 1448 675 τὴν
1489 604 1597 660 τῶν
1628 607 1714 658 ὲν·-

143 694 521 763 τυγχανόντων
550 694 836 763 ὠφέλειαν.

206 787 359 855 Στίχ.
381 787 809 853 α’.-Δικαίους
838 786 1070 840 ἐνταῦθα
1096 788 1251 841 καλεῖ
1271 788 1395 852 τοῦς
1410 788 1715 850 Ἰουδαίους,

136 876 236 929 οὐκ
262 876 374 930 ἀπὸ
410 877 511 946 τῆς
544 876 639 930 τοῦ
670 877 785 947 βίου
820 877 1040 948 ἀρετῆς,
1064 876 1177 930 ἀλλ’
1211 877 1319 931 ἀπὸ
1338 878 1435 947 τῆς
1464 877 1558 930 τοῦ
1581 877 1714 929 Θεοῦ

136 968 419 1038 γνώσεως.
455 971 693 1033 Εἰκότως
726 969 783 1022 δὲ
811 969 979 1022 εἰπὼν
1016 968 1516 1038 τδ,Ἀγαλλιᾶο-θε,
1550 984 1718 1038 προσ-

137 1062 359 1131 έθηκεν,
381 1062 452 1115 ἐν
475 1061 554 1126 τῷ
574 1062 784 1128 Κυρίῳ.
822 1059 973 1113 Ἐπεὶ
1003 1060 1112 1131 γὰρ
1140 1062 1196 1113 ὲν
1219 1062 1333 1123 τοῖς
1357 1059 1719 1130 ἀνθρωπίνοις

136 1152 382 1215 εὐτελεῖς
415 1148 556 1223 ἦσαν
590 1153 685 1205 καὶ
716 1153 979 1215 ταπεινοὶ,
1007 1152 1101 1204 καὶ
1144 1151 1419 1221 πρόχειροι
1452 1154 1563 1214 τοῖς
1600 1152 1719 1203 Ἀσ-

137 1243 352 1314 συρίοις
398 1245 481 1307 είς
528 1244 748 1307 ἅλωσιν,
784 1243 996 1306 πολλοῖς
1045 1260 1105 1295 τε
1141 1238 1289 1305 οὖσι,
1326 1243 1420 1295 καὶ
1460 1244 1717 1312 ἰσχυροῖς,

140 1334 233 1387 καὶ
268 1332 538 1401 ἐμπειρίᾳ
568 1331 834 1401 πολεμικῇ
860 1332 1309 1402 κεκοσμημένοις,
1340 1332 1398 1384 ἐν
1418 1330 1496 1400 τῷ
1526 1332 1716 1402 Κυρίῳ

140 1426 236 1495 τὴν
298 1424 619 1493 άγαλλίασιν
677 1422 858 1478 αὐτῶν
909 1423 1458 1495 προσευαγγελίζεται
1484 1440 1499 1454 ο
1534 1416 1594 1475 οὗ
1644 1427 1710 1495 τῇ

135 1516 367 1587 βοηθείᾳ
404 1513 718 1587 παραδόξως
748 1514 1153 1587 [τε]τευχὴκασι
1177 1515 1275 1585 τῆς
1298 1514 1589 1586 σωτηρίας,
1614 1516 1714 1569 οὐκ

136 1609 197 1661 ὲν
230 1609 460 1680 πολέμῳ
493 1608 584 1662 καὶ
633 1608 954 1679 παρατάξει,
1008 1607 1143 1661 ἀλλὰ
1174 1606 1308 1679 μόνῃ
1346 1609 1413 1679 τῇ
1456 1607 1550 1661 τοῦ
1577 1607 1710 1661 Θεοῦ

136 1700 328 1772 πληγῇ
354 1701 465 1755 τῶν
504 1700 799 1770 Ἀσσυρίων
826 1700 1238 1771 ἀναιρεθέντων.

1816 605 1966 668 dere,
2008 604 2208 671 quibus
2239 605 2292 658 in
2323 604 2660 674 argumentis
2685 619 2819 659 usus
2847 610 2949 657 est.

1892 782 2054 837 Vens.
2090 783 2142 836 ί.
2165 810 2234 820 —-
2265 779 2446 834 Iusto:
2481 779 2583 834 hoc
2633 780 2753 833 loco
2804 793 2915 832 non
2953 792 2984 831 a
3028 776 3155 831 vita:
3202 776 3372 829 hone-

1818 882 1977 940 state,
2010 872 2105 928 sed
2136 887 2166 926 a
2191 872 2283 927 Dei
2317 872 2646 944 cognitione,
2680 870 2899 926 Judzeos
2929 870 3178 939 appellat.
3208 869 3376 923 Crete-

1816 981 1938 1021 rum
1993 980 2116 1020 cum
2165 964 2418 1029 dixisset,
2457 962 2752 1027 Exsultate,
2801 962 2993 1016 merito
3039 960 3267 1021 addidit,
3324 962 3375 1013 in

1822 1060 2070 1114 Domino.
2103 1056 2557 1127 Quandoquidem
2598 1055 2743 1111 enim
2794 1055 2847 1108 in
2884 1053 3138 1109 humanis
3162 1053 3297 1106 viles
3328 1063 3377 1105 ιιι

1818 1168 2088 1223 pauperes
2116 1160 2290 1215 erant,
2319 1157 2372 1205 et
2394 1148 2741 1220 Assyriorum
2773 1147 2976 1217 rapinae
2999 1144 3253 1215 expositi,
3286 1161 3404 1220 quq

1820 1244 2205 1307 multitudine,“
2230 1243 2427 1299 robore
2442 1254 2494 1298 et
2513 1242 2639 1297 belli
2659 1240 2993 1311 experientia
3012 1237 3343 1307 praestabant
3364 1241 3400 1306 ;ξ

1818 1338 2035 1392 illorum
2086 1336 2140 1390 in
2180 1334 2409 1390 Domino
2442 1334 2859 1388 exsultationem
2904 1329 3189 1399 praedicit:
3222 1325 3378 1393 cujus

1820 1444 1923 1499 ope
1949 1429 2179 1484 salutem
2199 1426 2527 1482 miraculose
2550 1425 2729 1494 adepti
2765 1433 2913 1485 sunt,
2941 1436 3045 1475 non
3080 1418 3239 1481 bello,
3270 1432 3379 1470 non

1820 1516 2051 1576 militum
2098 1518 2461 1590 expeditione,
2517 1516 2614 1573 sed
2654 1518 2770 1572 sola
2822 1514 2917 1569 Dei
2963 1512 3108 1568 caede
3138 1506 3377 1590 Assyriis

1819 1614 2070 1670 sublatis.

354 1815 426 1871 In
465 1816 639 1871 codice
672 1815 841 1870 Vatic.
874 1815 939 1869 Β.
971 1816 1012 1884 Ῑ.
1039 1815 1158 1869 112.
1192 1815 1242 1869 b.
1274 1808 1372 1868 hoc
1412 1821 1582 1868 exstat
1619 1812 1879 1869 Theodori
1915 1823 2276 1883 argumentum
2305 1798 2557 1864 inedilum
2582 1798 2774 1877 psalmi
2800 1792 3026 1858 XXXIV
3059 1799 3158 1871 (-l).

206 1912 541 1980 Θεοδώρου.
563 1943 634 1951 -
668 1912 755 1965 Ἐν
796 1912 969 1981 τούτῳ
1006 1911 1085 1981 τῷ
1114 1910 1313 1981 ψαλμῷ
1352 1910 1421 1963 τὰ
1457 1908 1597 1964 κατὰ
1630 1908 1718 1962 τὸν

1896 1909 2011 1964 Hoc
2038 1908 2091 1961 in
2125 1908 2333 1978 psalmo
2362 1921 2449 1961 res
2480 1905 2674 1959 beatus
2708 1901 2873 1956 David
2905 1898 3008 1953 sub
3036 1891 3271 1950 Jeremia
3299 1904 3383 1960 ge-

145 2004 427 2075 Ἰερεμίαν
454 2005 483 2056 6
509 2004 775 2074 μακάριος
812 2003 1144 2073 προφητεύει
1183 2001 1344 2054 Δαϐίδ
1363 2017 1376 2031 ⁸
1398 2002 1458 2055 τό
1488 2020 1547 2054 τε
1573 2002 1718 2055 ὲκεί-

134 2113 228 2149 νου
257 2096 559 2165 πρόσωπον
587 2094 763 2148 λαϐὼν
786 2096 842 2146 ὲν
865 2096 930 2164 τῇ
964 2092 1267 2164 προφητείᾳ
1294 2091 1466 2147 ταῦτα
1490 2093 1720 2162 φθέγγε-

133 2203 248 2249 ται,
287 2185 439 2256 ἅπερ
484 2185 628 2249 εἰκὸς
663 2181 729 2255 ἦν
778 2186 984 2237 ἐκεῖνον
1015 2185 1186 2237 εἰπεῖν
1226 2184 1283 2237 ὲν
1314 2182 1390 2253 τῷ
1440 2183 1722 2254 πράγματι

135 2275 491 2341 καθεστῶτα,
507 2275 679 2346 ταύτῃ
714 2276 944 2345 μάλιστα
965 2275 1299 2345 κεχρημένος
1325 2276 1382 2328 ὲν
1406 2277 1515 2339 τοῖς
1546 2274 1723 2327 πλείο-

135 2385 225 2421 σιν
256 2371 325 2437 τῇ
364 2367 659 2439 συνηθείᾳο
693 2368 865 2436 λέγων
901 2386 961 2420 τε
992 2367 1132 2438 ἅπερ
1159 2365 1383 2429 ἐκείνοις
1412 2367 1585 2420 εἰπεῖν
1628 2366 1725 2436 ἁρ-

136 2463 332 2531 μόττει
363 2459 496 2530 περὶ
519 2452 593 2514 ὧν
625 2459 916 2527 πεποίηται
949 2457 1047 2528 τὴν
1085 2455 1448 2527 προφητείαν·
1479 2454 1725 2508 διαλλάτ-

133 2569 220 2607 τει
254 2551 315 2604 δὲ
343 2550 454 2603 οὐδ’
499 2550 528 2603 6
555 2549 766 2619 ψαλμὸς
795 2541 893 2601 ὧδε
916 2589 930 2612 ,
958 2548 1096 2618 πλὴν
1143 2546 1236 2599 τοῦ
1286 2546 1576 2616 προσώπου
1617 2544 1725 2597 τῶν

135 2646 273 2716 περὶ
298 2642 399 2697 τοῦ
424 2643 552 2696 λαοῦ
584 2640 675 2696 τοῦ
708 2643 765 2695 ἐν
800 2640 1093 2695 Βαϐυλῶνι.
1127 2636 1280 2692 Κατὰ
1307 2638 1419 2709 γὰρ
1443 2637 1533 2690 τὸν
1565 2636 1727 2690 αὑτὸν

136 2734 445 2805 γενομένου
468 2732 657 2804 καιρὸν
672 2732 764 2785 τοῦ
788 2732 1086 2802 προφήτου,
1105 2730 1329 2783 κάκεῖνα
1351 2725 1727 2799 προῘσ]λὲγον-

135 2846 235 2892 τος
290 2826 525 2895 ἐγγύθεν
561 2825 815 2897 ἐσόμενα,
860 2825 1002 2895 ἆπερ
1040 2823 1132 2876 καὶ
1163 2822 1213 2875 οἱ
1244 2820 1420 2874 λοιποὶ
1451 2820 1727 2892 πόρρωθεν

136 2922 335 2988 ἔλεγον
380 2919 654 2990 προφῆται
679 2934 693 2948 ο
735 2917 828 2971 καὶ
859 2906 945 2969 διὰ
974 2914 1131 2968 τοῦτο
1182 2912 1394 2967 ἅπαντα
1431 2912 1729 2982 πάσχοντος

138 3013 251 3066 ὑπὸ
276 3012 373 3065 τοῦ
396 3010 549 3077 λαοῦ,
580 3012 679 3063 ὅσα
709 3008 774 3079 δὴ
804 3008 896 3061 καὶ
926 3005 1208 3071 πέπονθεν,
1238 3004 1314 3075 τῷ
1335 3004 1404 3058 τὰ
1428 3005 1555 3074 περὶ
1582 3002 1726 3056 ὲκεί-

136 3122 252 3159 νων
285 3104 484 3156 εἰπεῖν·
514 3101 697 3172 σαφῶς
726 3101 869 3152 ἔστιν
892 3100 1072 3152 ἐκεῖνα
1104 3099 1299 3161 εἰπεῖν,
1322 3096 1455 3167 πρὸς
1477 3096 1536 3148 τὸ
1563 3095 1729 3162 δεῖξαι

136 3200 223 3252 ὅτι
253 3194 355 3251 καὶ
394 3194 617 3257 δικαίως
648 3192 903 3262 ἔπασχον,
936 3189 1057 3243 οὐδὲ
1104 3188 1181 3259 τῷ
1212 3188 1437 3257 πλησίον
1459 3185 1566 3239 τῶν
1609 3203 1731 3239 και-

1820 2010 1935 2058 stas
1966 1999 2212 2071 praedicit
2234 2038 2247 2061 ,
2282 1998 2442 2067 cujus
2482 2002 2762 2064 assumpta
2809 2004 3078 2063 persona,
3109 2000 3173 2043 ea
3206 1981 3383 2053 loqui-

1820 2104 1910 2148 tur
1963 2108 2084 2162 quae
2127 2091 2331 2146 homini
2372 2088 2702 2144 conveniunt
2743 2086 2798 2139 in
2841 2084 3029 2139 eadem
3072 2076 3385 2135 conditione

1820 2193 2077 2251 versato;
2134 2194 2293 2254 prout
2336 2182 2511 2252 ipsius
2554 2179 2812 2235 solemnis
2858 2171 3199 2231 consuetudo
3258 2177 3383 2231 est,

1821 2278 2037 2333 dicendi
2072 2276 2327 2330 nimirum
2360 2274 2451 2328 illa
2481 2288 2601 2344 qua:
2626 2272 2694 2328 iis
2720 2267 3050 2325 conveniunt
3092 2263 3161 2318 de
3186 2260 3387 2332 quibus

1823 2369 2171 2426 vaticinatur.
2202 2366 2320 2422 Jam
2350 2367 2441 2421 hic
2475 2365 2751 2435 psalmus,
2782 2367 2988 2416 mutata
3020 2366 3227 2411 tantum
3260 2365 3384 2422 per-

1825 2479 1979 2529 sona,
2012 2462 2191 2517 diﬂ'ert
2225 2461 2293 2515 ab
2327 2460 2433 2515 illis
2465 2459 2558 2529 qui
2600 2457 2666 2511 de
2709 2453 2938 2525 captivis
2978 2449 3121 2521 apud
3160 2445 3388 2517 Babylo-

1824 2570 1948 2611 nem
1997 2553 2230 2610 detentis
2271 2558 2508 2607 exstant.
2569 2547 2695 2602 Fuit
2737 2546 2883 2601 enim
2931 2541 3193 2599 Jeremias
3236 2538 3385 2592 circa

1827 2646 1959 2702 illud
2003 2654 2214 2714 tempus
2253 2642 2533 2713 prepheta,
2565 2639 2862 2707 eademque
2902 2633 3185 2705 proximus
3237 2628 3389 2692 dicit,

1816 2754 1947 2817 quae
1973 2738 2064 2792 alii
2097 2737 2267 2791 multo
2296 2745 2423 2791 ante
2452 2732 2765 2789 cecinerant
2791 2748 2806 2797 ;
2851 2728 3081 2796 ideoque
3107 2738 3138 2777 a
3188 2720 3391 2791 populo

1825 2843 1947 2899 quae
1981 2836 2108 2883 sunt
2139 2826 2428 2881 notissima
2456 2838 2650 2894 passus
2674 2826 2759 2875 est
2784 2858 2798 2884 ,
2827 2817 2955 2888 quia
2986 2815 3053 2869 de
3079 2811 3268 2867 eodem
3298 2821 3393 2860 va-

1828 2920 2084 2973 ticinatus
2117 2915 2310 2971 fuerat.
2350 2914 2493 2968 Sane
2522 2909 2810 2966 manifeste
2857 2905 2971 2962 vult
3021 2903 3394 2956 demonstrare

1826 3009 1941 3064 haec
1974 3009 2095 3064 illos
2128 3007 2319 3062 merito
2349 3019 2540 3075 passos
2561 3041 2576 3067 ,
2607 3002 2735 3072 quia
2764 3014 2833 3065 ne
2882 2996 3130 3068 proximo
3177 2989 3394 3060 quidem

1830 3099 2167 3171 temporibus
2224 3099 2469 3169 ipsorum
2519 3094 2793 3166 prophetae
2841 3087 3215 3148 crediderant,
3267 3094 3393 3135 cum

1828 3208 2011 3248 rerum
2062 3193 2273 3247 instans
2320 3196 2548 3245 eventus
2572 3182 2910 3257 praedictioni
2948 3179 3104 3233 iidem
3141 3171 3395 3228 faciebat.

140 3290 260 3361 ρῶν
294 3288 554 3360 προφήτῃ
594 3261 927 3355 πειθόμενοι,
957 3284 1044 3337 ὅτε
1075 3283 1167 3336 καὶ
1191 3284 1223 3352 ἡ
1250 3281 1472 3344 ἔκϐασις
1501 3279 1718 3349 ὲγγύθεκ

1837 3283 1988 3339 Haud
2022 3291 2203 3336 tamen
2235 3282 2302 3337 de
2346 3281 2507 3335 beato
2537 3278 2654 3334 solo
2683 3273 2915 3331 Jeremia
2947 3269 3275 3324 vaticinatur
3307 3261 3399 3315 hic

136 3381 439 3436 ἐπιστοῦτο
486 3380 586 3449 τὴν
623 3377 928 3450 πρόρρησιν
978 3375 1085 3429 τῶν
1124 3373 1452 3445 λεγομένων.
1496 3373 1737 3429 Ποιεῖται

1834 3376 2025 3430 beatus
2062 3374 2263 3437 David,
2300 3372 2394 3429 sed
2429 3377 2591 3442 prout
2626 3369 2679 3422 in
2714 3365 2986 3437 plerisque
3024 3355 3250 3429 psalmis
3306 3367 3398 3407 so-

136 3476 199 3530 δὲ
230 3475 336 3545 τὴν
394 3472 526 3543 περὶ
582 3469 675 3523 τοῦ
714 3468 982 3541 μακαρίου
1036 3468 1303 3539 Ἰερεμίου
1353 3464 1718 3537 προφητείανι

1842 3466 1935 3533 let,
1968 3466 2180 3521 futuros
2215 3464 2535 3535 populorum
2568 3466 2795 3516 eventus
2826 3454 2991 3511 simul
3029 3450 3199 3505 addit.
3260 3458 3267 3465 '

142 3536 429 3638 μακάριος
470 3536 636 3618 λαὸὶδ
685 3536 784 3634 ούχ
816 3536 1019 3626 ἁπλῶς,
1049 3536 1375 3629 ἀλλ’νὲπειδὴ
1400 3536 1473 3611 δι’
1499 3557 1621 3610 ὅλου
1666 3557 1724 3611 ὲν
1759 3557 1871 3620 τοῖς
1903 3556 2111 3611 πλείοσι
2140 3556 2246 3610 τῶν
2274 3553 2502 3626 ψαλμῶν
2526 3551 2594 3605 τὰ
2656 3551 2768 3611 τοῖς
2805 3547 2953 3608 λαοῖς
3015 3536 3402 3612 συμϐησόμενα

139 3659 617 3733 προίσῙαγορεύει.

717 3749 1005 3803 ΨΛΛΜΟΣ
1046 3748 1167 3801 ΔΘ’.

213 3849 332 3903 Καὶ
361 3848 421 3899 ἑν
452 3845 627 3916 τούτῳ
664 3839 996 3914 προφητεύει
1035 3839 1106 3893 τὰ
1149 3836 1291 3892 κατὰ
1332 3836 1422 3890 τὸν
1462 3835 1587 3889 λαὸν
1624 3835 1731 3889 ῶσ-

138 3939 269 3993 ανεὶ
290 3934 800 4007 αἰχμαλωτισθέντα
818 3930 922 3984 ὑπὸ
950 3930 1044 3984 τοῦ
1072 3928 1410 3983 Βαϐυλωνίου
1436 3925 1695 3996 βασιλέως
1713 3940 1730 3957 ·

140 4032 242 4085 καὶ
276 4032 343 4082 ὲκ
375 4026 473 4081 τοῦ
519 4021 740 4079 ἐκείνων
767 4022 1055 4092 προσώπου
1087 4021 1377 4091 φθέγγεται
1403 4016 1734 4089 εὐχαριστῶν

138 4123 222 4193 τῷ
258 4119 408 4190 Θεῷ,
441 4119 517 4182 ὡς
548 4119 846 4189 μελλόντων
901 4115 1081 4170 αὐτῶν
1128 4110 1609 4183 ἀπαλλαγήσεσθαι
1638 4110 1737 4179 τῆς

138 4212 560 4286 αἰχμαλωσίας·
590 4210 876 4272 διδάσκων,
910 4208 985 4271 ὡς
1018 4205 1112 4258 ἐὰν
1155 4206 1213 4257 ὲν
1262 4205 1381 4267 ταῖς
1432 4202 1736 4271 συμφοραῖς

139 4307 241 4358 ἐπὶ
277 4303 373 4357 τὸν
400 4300 532 4355 Θεὸν
573 4299 771 4352 θῶνται
809 4298 908 4367 τὴν
947 4295 1155 4359 ἐλπίδα,
1187 4294 1504 4364 δυνήσονται
1537 4291 1737 4363 ῥυσθῆ-

138 4417 234 4455 va:
266 4395 382 4453 τῶν
409 4392 743 4463 κατεχόντων
770 4389 965 4452 αὐτοὺς
998 4384 1263 4456 ἀνιαρῶνο
1294 4384 1483 4438 ἔπειτα
1512 4384 1605 4436 καὶ
1637 4399 1737 4452 μα-

140 4489 372 4561 καρίζει
397 4486 517 4549 τοὺς
548 4486 606 4536 ἐν
633 4484 752 4543 ταῖς
784 4481 1087 4550 συμφοραῖς
1112 4475 1495 4542 ὲξετασθέντας
1518 4515 1532 4538 ,
1557 4475 1737 4543 πάσης

134 4584 184 4637 δ’
212 4579 383 4642 ἐκτὸς
413 4575 703 4646 γεγονότας
740 4571 972 4625 ἐκτόπου
1019 4569 1288 4641 πράξεως,
1319 4567 1413 4621 καὶ
1469 4564 1562 4619 τοῦ
1602 4563 1735 4617 Θεοῦ

141 4673 519 4746 ἢρτημένους,
565 4668 752 4737 ὥσπερ
798 4662 961 4716 αὐτοῦ
1013 4660 1367 4730 τευξομένους
1412 4657 1573 4729 μόνου
1608 4656 1734 4726 βοη-

141 4769 308 4830 θείας
338 4764 442 4835 (2).

740 4846 1031 4902 ΨΑΛΜΟΣ
1068 4846 1156 4898 M'.

234 4948 330 5002 Ἐν
391 4944 565 5014 τούτῳ
623 4943 689 4995 τὰ
747 4940 887 4994 κατὰ
937 4940 1027 4991 τὸν
1084 4934 1351 5005 μακάριον
1407 4929 1738 5001 προφητεύει

155 5038 419 5109 Ἐζεκίαν
446 5039 475 5089 6
506 5036 768 5105 μακάριος
796 5030 976 5092 Δαϐὶδ,
1003 5018 1233 5091 ὅπωςτε
1266 5027 1356 5079 καὶ
1383 5025 1524 5086 τίνος
1555 5024 1738 5076 ἕνεκεν

142 5130 541 5205 ὴῤῥώστησεν,
588 5126 731 5193 λέγω
776 5124 840 5194 δὴ
887 5122 989 5192 τῆς
1038 5118 1339 5191 ἁμαρτίαςο
1370 5117 1465 5169 καὶ
1489 5113 1540 5167 τί
1574 5115 1630 5165 ὲν
1659 5111 1738 5182 τῷ

144 5222 339 5295 καιρῷ
360 5222 457 5290 τῆς
494 5216 805 5291 ἀρρωστίας
835 5214 938 5267 ὑπὸ
978 5212 1084 5266 τῶν
1116 5211 1283 5280 φίλων
1311 5206 1458 5277 αὐτῷ
1481 5206 1703 5275 γέγονεν
1722 5220 1735 5235 ·

147 5320 354 5371 ἔπειτα
398 5312 635 5365 διδάσκει
682 5307 755 5370 ὠς
804 5306 891 5360 διὰ
933 5305 1030 5374 τὴν
1074 5306 1154 5366 είς
1195 5302 1320 5364 τοὺς
1351 5299 1584 5369 πένητας
1616 5297 1740 5348 ἐπι-

150 5406 424 5478 μέλειαν,
463 5402 562 5471 τῆς
605 5399 792 5467 ὑγείας
826 5397 1045 5468 ἔτυχενο
1084 5394 1288 5457 πάντας
1333 5390 1459 5461 ἑξῆς
1512 5401 1743 5461 προτρε-

150 5502 403 5555 πόμενος
427 5496 600 5547 ποιεῖν
628 5490 728 5563 (5).

231 5701 315 5767 (ί)
349 5698 478 5761 MAI,
516 5696 653 5767 Bibl.
686 5712 801 5749 nov.
836 5693 981 5767 _PP.,
1012 5690 1096 5755 Ill,
1128 5691 1251 5767 45ἒίτ

234 5758 313 5837 (2)
344 5758 473 5822 lloe
506 5766 778 5820 Theodori
826 5765 1186 5837 fragmentum
1236 5760 1363 5837 (καὶ
1407 5760 1554 5837 ἔνης.
1608 5758 1636 5826 β

234 5774 313 5837 (‘2)
344 5774 457 5822 lloe
506 5774 778 5820 Theodori
830 5774 1186 5833 I‘ragmeutum
1236 5774 1363 5829 (και
1407 5774 1554 5811 εν....
1608 5774 1734 5827 βοη-

134 5842 349 5911 εθείας)
406 5838 600 5893 edidit.
649 5839 782 5905 Aug.
822 5836 923 5889 Mai
978 5835 1032 5888 in
1065 5832 1202 5886 Bibl.
1240 5830 1393 5886 Nova
1433 5828 1570 5895 PR,
1642 5828 1730 5895 Ill,

2320 3729 2643 3789 PSALMUS
2666 3724 2913 3782 XXXIX.

1905 3830 2021 3885 lloc
2052 3830 2109 3883 in
2149 3827 2363 3899 psalmo
2400 3825 2732 3879 vaticinatur
2757 3818 2924 3873 David
2953 3816 3020 3871 de
3053 3814 3252 3883 populo
3278 3820 3402 3865 tan-

1839 3934 2005 3991 quam
2050 3918 2165 3987 jam
2204 3917 2259 3970 in
2287 3921 2612 3985 potestatem
2653 3907 2939 3979 Babylonii
2974 3906 3119 3976 regis
3152 3903 3400 3967 redacto,

1838 4021 2003 4080 atque
2034 4009 2089 4062 in
2131 4008 2251 4078 ejus
2284 4019 2517 4075 persona
2551 4002 2821 4071 loquitur,
2852 3999 2963 4052 Deo
3005 3997 3212 4067 gratias
3237 4010 3426 4064 agens-

1839 4104 1911 4160 ob
1935 4102 2177 4157 futuram
2219 4098 2467 4169 ejusdem
2501 4096 2684 4167 populi
2716 4109 2746 4147 a
2772 4091 3084 4161 captivitate
3119 4087 3401 4141 liberatio-

1840 4210 2001 4263 nem;
2046 4195 2250 4249 docens
2299 4190 2559 4245 nimirum
2605 4188 2722 4242 lieri
2768 4199 2932 4255 posse
2969 4190 3027 4236 ut
3061 4181 3104 4235 si
3137 4178 3319 4232 alllicti
3349 4178 3401 4230 in

1842 4288 1952 4342 Deo
1983 4301 2133 4356 spem
2180 4284 2450 4338 collocant
2481 4321 2496 4345 ,
2526 4276 2976 4333 incumbentibus
3005 4273 3108 4328 sibi
3139 4267 3404 4324 molestiis

1840 4378 2227 4450 expediantur.
2260 4373 2462 4429 Deinde
2490 4373 2655 4428 etiam
2688 4371 2879 4425 beatos
2912 4366 3176 4439 przedicat
3201 4403 3215 4426 ,
3268 4376 3399 4430 pro-

1842 4481 2029 4543 pterea
2058 4470 2204 4539 quod
2234 4465 2643 4539 calamitatibus
2691 4461 2939 4532 probati,
2974 4456 3148 4513 cuivis
3179 4454 3404 4521 indigno

1842 4565 1991 4621 actui
2023 4562 2383 4619 valedixerint
2431 4561 2647 4628 Deoque
2698 4553 3061 4617 adhazscrint,
3094 4566 3123 4603 a
3154 4564 3263 4620 quo
3295 4560 3404 4601 uno

1841 4656 2111 4713 auxilium
2136 4664 2295 4711 erant
2323 4650 2700 4708 consecuturi.

2391 4825 2714 4883 PSALMUS
2745 4823 2853 4878 XL.

1916 4925 2029 4980 lloc
2066 4924 2120 4979 in
2173 4922 2385 4994 psalmo
2421 4937 2511 4976 res
2558 4920 2701 4973 beati
2751 4915 2994 4971 Ezechiae
3023 4913 3213 4967 beatus
3239 4906 3402 4963 David

1842 5018 2176 5074 vaticinatur
2200 5056 2214 5079 ,
2255 5011 2528 5083 quomodo
2562 5010 2774 5064 scilicet
2812 5017 2866 5064 et
2899 5007 3059 5075 cujus
3109 5004 3181 5058 rei
3217 5015 3406 5066 causa,

1840 5125 2041 5179 nempe
2072 5107 2304 5179 peccati,
2336 5106 2426 5159 ille
2464 5101 2847 5173 :egrotaverit;
2882 5098 3122 5169 quidque
3152 5096 3199 5150 ei
3226 5108 3402 5163 aegro-

1842 5201 1977 5257 tanti
2025 5199 2093 5253 ab
2121 5197 2312 5252 amicis
2353 5194 2636 5249 acciderit.
2694 5190 2898 5244 Deinde
2926 5188 3085 5242 docet
3131 5181 3403 5253 quomodo

1843 5298 2065 5363 propter
2113 5302 2271 5344 suam
2319 5299 2619 5355 pauperqu
2675 5296 2863 5336 curam
2908 5277 3280 5333 valetudinem
3321 5289 3395 5329 re-

1845 5384 2075 5454 ceperit,
2108 5388 2339 5437 eunctos
2368 5377 2627 5448 deinceps
2672 5376 2899 5430 hortans
2934 5380 2992 5427 ut
3019 5372 3093 5426 ita
3124 5386 3181 5425 se
3218 5381 3404 5439 gerere

1850 5476 2039 5531 velint.

1844 5683 1971 5743 9.90,
2002 5698 2069 5736 ex
2108 5680 2230 5735 cod.
2266 5677 2442 5733 Vatic.
2476 5676 2557 5739 B.,
2603 5678 2641 5731 l.
2672 5678 2771 5731 145
2804 5676 2861 5729 Β.

1914 5740 1991 5820 (3)
2034 5754 2133 5806 Ἐν
2158 5751 2407 5812 τούτῳ...
2443 5748 2653 5820 ποιεῖν.
2682 5747 2755 5820 Ei;
2799 5746 2940 5820 Λιιεἱ
2965 5743 3066 5820 illai
3101 5741 3233 5798 Bibl.
3267 5740 3403 5795 Nov.

1842 5815 2080 5888 Nam,
2114 5822 2237 5886 ear,
2271 5834 2334 5875 ex
2362 5820 2479 5874 eod.
2522 5817 2698 5875 Valie.
2737 5817 2819 5884 B.,
2848 5818 2888 5874 ι.
2915 5815 3034 5872 297.
