3904 6524
171 366 266 424 673

270 499 273 503 ν
714 476 1005 532 ΨΑΛΜΟΣ
1042 477 1163 532 ΝΔ’.

1348 359 1714 417 EXPOSITIO
1753 360 1817 417 IN
1851 359 2188 417 PSALM’OS.

3286 362 3393 417 σπι

2367 475 2685 533 PSA‘LMUS
2736 477 2871 534 LIV.

233 570 530 639 Θεοδώρου
562 570 689 639 (1).
727 571 839 640 Τῆς
895 569 1272 639 αἰχμαλωσίας
1324 567 1728 637 ἀπαλλαγέντες

1900 566 2233 641 Babylonica
2275 571 2594 638 captivitate
2629 572 2801 627 Judmi
2842 571 3171 627 mirabiliter
3215 586 3245 625 a
3299 572 3391 627 Dei

168 665 235 735 [oi
272 662 535 733 Ἰουδαῖοι]
574 661 677 732 τῆς
729 664 787 715 ὲν
837 661 1115 714 Βαϐυλῶνι
1165 660 1487 731 παραδόξως¹
1522 662 1588 731 τῇ
1630 659 1724 712 τοῦ

166 756 293 810 Θεοῦ
323 756 568 825 δυνάμει,
600 755 1008 809 κατεσκεύασαν
1033 756 1130 826 μὲν
1156 755 1245 807 τὸν
1261 755 1384 808 ναὸν
1412 756 1503 807 καὶ
1521 755 1726 807 οἰκείαν

165 847 320 901 πάλιν
361 844 582 915 ᾤκησαν
630 845 754 915 γῆν,
782 845 1074 916 ἀπειλήφει
1121 844 1177 897 δὲ
1222 845 1314 897 καὶ
1363 846 1396 914 ἡ
1442 845 1595 907 πόλις
1636 844 1728 896 τὸν

163 940 355 993 οἰκεῖον
385 940 598 994 ἅπαντα
637 940 839 1010 κόσμον
860 954 876 968 ⁸
907 938 1042 993 ἀλλά
1072 939 1164 991 καὶ
1193 937 1410 1006 βαθείας
1454 938 1735 1007 ἀπήλαυον

163 1033 257 1101 τῆς
284 1033 519 1103 εἰρήνης.
541 1032 649 1085 Καὶ
680 1032 745 1102 δὴ
767 1029 859 1083 τοῦ
901 1030 1089 1101 χρόνου
1122 1030 1572 1100 παραϐαίνοντος,
1596 1031 1729 1099 ἀρχ-

167 1127 339 1196 ιερεὺς
365 1124 458 1178 τοῦ
482 1124 665 1188 ἔθνους
696 1124 982 1195 γεγένηται
1014 1123 1212 1184 Ὀνίας,
1237 1121 1372 1192 ἀνὴρ
1397 1121 1730 1182 δικαιότατος

164 1219 252 1270 καὶ
292 1217 711 1279 εὐσεϐέστατος·
747 1218 868 1269 τότε
900 1215 956 1268 δὲ
999 1216 1125 1277 τοὺς
1178 1215 1450 1285 ἀρχιερεῖς
1509 1212 1603 1266 καὶ
1632 1211 1731 1281 τὴν

163 1310 331 1382 ἀρχὴν
357 1308 449 1364 τοῦ
478 1309 662 1371 ἔθνους
691 1308 1119 1373 ὲμπεπιστεῦθαι
1152 1307 1479 1360 συνέϐαινεν.
1506 1307 1583 1376 Τῇ
1620 1306 1730 1357 τοί-

162 1418 256 1453 νυν
286 1399 573 1469 ἐπιστασίᾳ
608 1398 701 1450 τοῦ
738 1397 928 1464 Ὀνίου,
958 1396 1094 1467 μετά
1118 1396 1294 1465 πάσης
1321 1395 1602 1465 ἀκριϐείας
1623 1392 1730 1448 τῶν

160 1492 404 1561 νομίμων
453 1489 886 1558 φυλαττομένων,
921 1490 1014 1542 καὶ
1044 1488 1139 1559 τῆς
1172 1489 1251 1551 εὶς
1282 1488 1372 1540 τὸν
1412 1488 1543 1539 Θεὸν
1581 1489 1731 1540 εὐσε-

163 1583 311 1646 ϐείας
346 1583 539 1653 ἄριστα
570 1580 969 1650 πληρουμένης,
1002 1579 1182 1649 Σίμων
1224 1597 1307 1642 τις
1340 1582 1403 1632 ὲκ
1428 1580 1526 1649 τῆς
1562 1581 1732 1651 φυλῆς

159 1675 452 1743 Βενιαμὶν,
493 1672 756 1725 Σελεύκου
813 1672 934 1724 τότε
984 1670 1355 1740 βασιλεύοντος
1409 1674 1508 1742 τῆς
1549 1673 1731 1735 Ἀσίας

158 1768 397 1835 ἁπάσης,
442 1764 642 1835 Συρίας
688 1780 748 1815 τε
784 1764 877 1816 καὶ
919 1763 1189 1833 Φοινίκης,
1232 1764 1565 1833 προστασίαν
1608 1764 1731 1816 τινὰ

158 1857 590 1927 πεπιστευμένος
619 1855 711 1908 τοῦ
743 1854 888 1926 ίεροῦ
908 1895 922 1919 ,
957 1855 1210 1926 διηνέχθη
1248 1856 1345 1926 μὲν
1375 1857 1471 1908 οὐκ
1498 1856 1732 1925 εὐλόγως

158 1948 297 2017 πρὸς
326 1947 418 1999 τὸν
454 1946 630 1999 Ὀνίαν
654 1962 668 1976 ·
714 1947 772 1998 ὲν
806 1945 861 1997 δὲ
892 1947 956 2013 τῇ
990 1945 1124 2016 πρὸς
1155 1946 1313 1999 αὑτὸν
1343 1947 1592 2017 ἡττηθεὶς
1620 1947 1729 2000 δια-

158 2040 323 2108 φορᾷ,
356 2036 628 2090 κοινοῦται
679 2035 1016 2107 Ἀπολλωνίῳ
1067 2035 1144 2107 τῷ
1195 2032 1504 2108 στρατηγῷ,
1552 2041 1731 2110 φήσας

156 2129 480 2183 ἀποκεῖσθαι
506 2129 797 2200 πάμπολλα
832 2131 1086 2201 χρήματα
1110 2132 1169 2182 ὲν
1190 2129 1267 2200 τῷ
1291 2129 1426 2200 ναῷ,
1444 2130 1487 2184 ἀ
1508 2131 1731 2185 δυνατὸν

153 2218 428 2288 ληφθέντα
451 2220 698 2289 χρήσιμα
724 2220 801 2289 τῷ
830 2220 1038 2290 βασιλεῖ
1066 2221 1321 2288 γενέσθαι
1339 2222 1475 2292 πρὸς
1502 2239 1730 2294 στρατο-

153 2309 339 2377 λογίαν
364 2325 377 2339 ⁸
401 2310 607 2377 γίνεται
634 2310 691 2363 δὲ
716 2310 874 2363 τοῦτο
893 2310 988 2363 καλ⁸
1015 2311 1091 2382 τῷ
1123 2311 1330 2381 βασιλεῖ
1350 2313 1621 2386 γνώριμον
1644 2315 1731 2369 διὰ

151 2402 244 2454 τοῦ
275 2400 583 2471 στρατηγοῦ
607 2417 619 2429 ·
636 2403 728 2455 καὶ
749 2402 1038 2473 δεξάμενος
1057 2403 1126 2456 τὰ
1144 2403 1294 2475 παρὰ
1312 2403 1404 2458 τοῦ
1426 2402 1730 2477 στρατηγοῦ

154 2491 488 2563 μηνυθέντα,
517 2488 834 2563 Ἡλιόδωρόν
866 2511 987 2547 τινα
1034 2495 1140 2548 τῶν
1172 2496 1387 2550 οἰκείων
1416 2499 1732 2552 ἀποστέλλει

150 2582 456 2653 ληψόμενον
480 2583 548 2636 τὰ
566 2585 841 2655 χρήματα.
866 2585 973 2639 Καὶ
1000 2586 1063 2658 δὴ
1101 2590 1490 2658 παραγεγονὼς
1511 2591 1539 2643 ό
1566 2591 1734 2644 Ἡλιό-

150 2672 346 2743 δωρος,
382 2671 523 2740 ἔγνω
538 2673 834 2744 χρημάτων
853 2676 951 2745 μὲν
973 2677 1072 2729 οὐκ
1096 2674 1235 2730 εἶναι
1265 2679 1515 2732 τοσοῦτον
1533 2680 1733 2751 πλῆθος

150 2765 207 2817 ὲν
227 2765 305 2833 τῷ
345 2764 477 2835 ἱερῷ
502 2766 624 2818 ὅσον
645 2768 677 2836 ἡ
695 2764 788 2818 τοῦ
807 2767 1047 2837 Σίμωνος
1072 2768 1569 2843 ἐϐούλετοδιαϐολὴ,
1594 2771 1732 2827 εἶναι

148 2855 204 2908 δὲ
225 2856 408 2924 ὀλίγα,
429 2857 717 2912 καὶταῦτα
744 2858 1257 2932 παρακα[τα]θήκας
1286 2863 1506 2933 ἐτέρων,
1522 2864 1571 2917 οἳ
1598 2865 1734 2937 πρὸς

149 2945 248 3018 τὴν
281 2946 628 3011 ἀξιοπιστίαν
660 2949 753 3002 τοῦ
781 2950 946 3003 τόπου
976 2953 1068 3003 καὶ
1094 2951 1195 3022 τὴν
1219 2952 1313 3005 τοῦ
1341 2953 1474 3006 Θεοῦ
1506 2954 1735 3026 δύναμιν

150 3040 585 3110 ἀποϐλέψαντες,
609 3042 709 3106 τάς
740 3042 1259 3115 παρακα[τα]θήκας
1289 3044 1581 3101 ἀπέθεντο·
1614 3065 1735 3100 συν-

151 3132 441 3186 εϐούλευεν
469 3134 525 3187 δὲ
556 3137 584 3188 ό
616 3136 813 3201 Ὀνίας,
844 3138 1007 3209 μηδὲν
1034 3138 1381 3210 ἐπιχειρῆσαι
1414 3138 1597 3194 λαϐεῖν
1628 3140 1735 3193 τῶν

1828 662 2071 732 potentia
2099 661 2335 726 liberati,
2354 664 2803 719 instauraverunt
2828 665 3108 735 templum,
3133 680 3396 735 suamque

1829 768 2022 808 rursus
2065 754 2295 823 patriam
2346 754 2744 819 incoluerunt;
2786 755 3012 825 ipsaque
3053 755 3182 810 urbs
3221 764 3390 810 totum

1829 846 2036 915 recepit
2075 846 2422 913 splendorem
2464 854 2700 900 veterem
2724 889 2737 910 ,
2770 848 2986 916 altaque
3026 861 3159 916 pace
3205 847 3391 902 cuncti

1829 937 2154 992 fruebantur
2210 937 2314 1001 (11
2342 936 2512 991 Maeli.
2560 953 2657 1000 ιιι,
2695 938 2804 1009 ιν).
2862 937 3162 1007 Progressu
3212 946 3390 993 autem

1832 1030 2097 1099 temporis
2130 1029 2376 1099 pontifex
2412 1029 2589 1099 gentis
2635 1029 2813 1084 factus
2842 1041 2925 1085 est
2955 1030 3159 1096 Onias,
3192 1033 3275 1085 vir
3302 1032 3393 1101 ju-

1830 1121 2107 1176 stissimus
2144 1131 2202 1176 et
2240 1123 2724 1193 religiosissimus:
2759 1131 2889 1177 tunc
2927 1125 3070 1177 enim
3111 1124 3175 1178 ad
3212 1125 3392 1193 ponti-

1832 1203 1962 1267 ﬁces
2012 1213 2353 1283 principatus
2404 1227 2621 1282 quoque
2678 1214 2855 1283 gentis
2902 1213 3103 1269 deferri
3164 1216 3391 1269 solebat.

1830 1302 1978 1373 Ergo
2014 1304 2152 1359 Onia
2190 1304 2267 1358 rei
2305 1305 2534 1373 publica!
2566 1306 2928 1375 praesidente,
2969 1307 3101 1376 legis
3133 1307 3257 1374 jure
3297 1322 3392 1359 ac-

1831 1401 2025 1448 curate
2086 1397 2412 1458 obscrvato,
2467 1397 2727 1468 religione
2785 1413 2910 1466 erga
2965 1397 3132 1451 Deum
3190 1398 3392 1467 Optime

1831 1487 2072 1555 exercita
2095 1528 2109 1551 ,
2144 1485 2333 1539 Simon
2376 1487 2595 1557 quidam
2635 1488 2701 1541 de
2735 1489 2879 1542 tribu
2913 1486 3217 1556 Benjamini
3242 1528 3255 1549 ,
3297 1485 3394 1542 Se-

1832 1579 1990 1632 leuco
2010 1578 2153 1633 Asize
2188 1578 2460 1633 universa:
2494 1578 2775 1650 Syriaeque
2812 1590 2865 1634 et
2889 1566 3195 1634 thnicize
3226 1583 3394 1649 impe-

1832 1679 1988 1723 rante
2013 1710 2027 1730 ,
2064 1671 2299 1738 quadam
2332 1670 2519 1739 templi
2562 1672 2923 1741 praepositum
2967 1672 3254 1740 praeditus,
3301 1686 3395 1740 pa-

1833 1777 1952 1815 rum
1990 1763 2219 1816 honeste
2253 1764 2321 1816 ab
2360 1760 2497 1817 Onia
2533 1763 2874 1818 dissidebat:
2922 1766 2973 1817 in
3016 1781 3122 1833 qua
3165 1774 3396 1819 conten-

1833 1855 1979 1909 tione
2039 1857 2244 1919 victus,
2307 1856 2565 1911 convenit
2625 1857 2975 1927 Apollonium
3035 1857 3391 1926 pricfectum,

1830 1949 1989 2016 eique
2034 1947 2299 2001 indicavit
2352 1948 2641 2017 plurimam
2693 1963 2816 2003 esse
2874 1950 2925 2001 in
2976 1950 3178 2018 templo
3228 1964 3393 2019 pecu-

1830 2041 1973 2093 niam
2002 2084 2015 2105 ,
2060 2056 2180 2109 qua:
2218 2041 2341 2093 inde
2384 2048 2697 2109 protracta,
2733 2041 2845 2111 regi
2887 2042 2953 2096 ad
3006 2043 3235 2096 militum
3290 2043 3392 2097 sti-

1830 2127 2027 2198 pendia
2078 2128 2228 2182 utilis
2289 2128 2448 2183 foret.
2509 2127 2665 2195 Quod
2718 2144 2841 2183 cum
2888 2144 2917 2183 a
2971 2130 3227 2199 przefecto
3280 2134 3392 2203 regi

1830 2220 2197 2288 significatum
2233 2221 2461 2287 fuisset,
2498 2222 2588 2276 hic
2618 2238 2683 2277 eo
2712 2222 2916 2276 iudicio
2958 2239 3091 2279 usus
3136 2221 3391 2278 Heliodo-

1830 2326 1949 2365 rum
1989 2312 2277 2382 quemdam
2321 2312 2643 2368 familiarem
2685 2328 2844 2369 suutn
2894 2314 3045 2368 misit
3092 2317 3185 2384 qui
3226 2330 3392 2385 pecu-

1830 2406 1976 2457 niam
2007 2416 2245 2475 caperet.
2274 2403 2392 2460 Jam
2427 2421 2557 2461 vero
2590 2406 2717 2461 illuc
2746 2407 3022 2477 profectus
3046 2407 3390 2475 Heliodorus,

1830 2500 2095 2567 comperit
2132 2510 2241 2552 non
2270 2506 2449 2553 tantas
2495 2514 2618 2555 esse
2652 2501 2708 2554 in
2754 2499 2959 2571 templo
2994 2515 3125 2571 opes
3159 2510 3393 2571 quantas

1834 2587 2020 2644 Simon
2055 2590 2270 2645 delator
2321 2589 2571 2656 dixerat,
2603 2592 2697 2647 sed
2750 2592 3069 2647 thesaurum
3097 2593 3391 2657 modicum,

1831 2681 2135 2750 etquidem
2186 2697 2251 2736 ex
2291 2682 2484 2737 alienis
2517 2682 2779 2755 depositis
2819 2683 3100 2738 hominum
3135 2685 3226 2755 qui
3277 2687 3394 2739 loco

1832 2770 2060 2827 ﬁdentes
2083 2780 2137 2826 et
2163 2771 2256 2826 Dei
2277 2774 2575 2842 potentiam
2598 2774 3030 2845 religionemque
3057 2784 3392 2846 spectantes,

1832 2861 1907 2916 ibi
1944 2876 2043 2916 sua
2073 2872 2449 2931 reposuerant.
2483 2861 2818 2919 Hortabatur
2846 2878 3009 2936 porro
3042 2864 3393 2919 Heliodorum

1832 2955 2000 3010 Onias
2022 2994 2037 3019 ,
2101 2970 2167 3010 ne
2198 2955 2332 3025 quid
2366 2954 2493 3011 inde
2528 2956 2843 3013 detraheret
2872 2975 2885 3011 :
2923 2958 3124 3012 etenim
3177 2958 3282 3013 Deo
3313 2958 3395 3011 fa-

1835 3056 1981 3103 ctum
2013 3047 2080 3101 iri
2108 3048 2363 3117 injuriam
2388 3063 2718 3119 gravemque
2748 3048 3035 3114 offensam,
3073 3052 3118 3105 si
3148 3050 3395 3121 deposita

1837 3139 1979 3208 apud
2005 3139 2182 3208 ipsum
2210 3139 2442 3209 pecunia
2470 3138 2822 3207 diriperetur.
2844 3136 3251 3194 Verumtamem
3283 3141 3395 3195 lucc

148 3226 760 3300 ἀποκειμένων.⁸¹Υϐρις
786 3230 917 3301 γὰρ,
951 3230 1134 3299 φησὶν,
1159 3231 1237 3294 είς
1265 3233 1325 3284 τὸ
1348 3230 1501 3285 Θεῖον
1525 3233 1585 3286 τὸ
1600 3234 1734 3301 γινό-

1837 3230 1970 3284 nihil
2001 3230 2153 3301 pensi
2185 3227 2514 3283 Heliodorus
2546 3228 2782 3283 habebat
2804 3269 2817 3292 ,
2853 3229 2940 3282 cui
2990 3243 3102 3298 prie
3139 3230 3395 3284 omnibus

152 3336 346 3389 μενον,
381 3321 475 3372 καὶ
502 3318 761 3390 λυπήσεις
788 3323 981 3384 ἐκεῖνο,
1009 3317 1193 3392 οὗ²τὴν
1219 3322 1733 3398 παρακα[τα]θήκην

148 3410 817 3480 ἀποσυλήσεις.”Εμελλεν
847 3413 1051 3467 τούτων
1096 3414 1249 3468 οὐδὲν
1294 3415 1371 3486 τῷ
1411 3416 1731 3490 Ἠλιοδώρῳ,

153 3502 392 3571 μείζονα
420 3502 637 3557 πάντων
671 3504 917 3574 κρίναντι
944 3504 1005 3558 τδ
1034 3505 1126 3558 τοῦ
1167 3505 1431 3574 βασιλέως
1458 3508 1539 3570 είς
1560 3509 1735 3580 πέρας

147 3593 390 3661 ἀγαγεῖν
415 3594 759 3666 πρόσταγμα.
794 3596 981 3667 Ἐὑχαὶ⁴
1017 3596 1116 3665 μὲν
1138 3592 1228 3650 οὖν
1256 3598 1352 3651 καὶ
1379 3597 1563 3669 θρῆνοι
1595 3601 1735 3653 κατά

149 3683 254 3755 τὴν
287 3684 446 3737 πόλιν
476 3686 750 3754 ἐγίγνοντο
770 3687 861 3739 ἐπὶ
878 3687 1105 3751 τούτοις,
1130 3688 1475 3741 ἱκετευόντων
1493 3689 1584 3743 τὸν
1604 3690 1736 3743 Θεὸν

151 3776 233 3845 μὴ
260 3775 587 3829 καταλιπεῖν
611 3777 962 3848 ἀνεκδίκητον
990 3777 1085 3848 τὴν
1114 3777 1347 3847 τόλμαν·
1384 3778 1556 3850 εἰσῄει
1583 3780 1637 3833 δὲ
1668 3782 1733 3850 τῇ

150 3868 329 3938 ἑτέρᾳ
362 3867 437 3931 ὡς
482 3868 553 3921 τά
601 3870 859 3941 χρήματα
898 3869 1199 3940 ληψόμενος
1220 3887 1233 3900 ·
1269 3870 1361 3922 καὶ
1385 3873 1413 3923 ὁ
1454 3871 1587 3933 Θεὸς
1614 3874 1736 3935 ταῖς

150 3959 404 4023 ἱκεσίαις
457 3959 552 4012 τοῦ
596 3961 830 4030 πλήθους
859 3961 1168 4024 ἐπινεύσας,
1193 3961 1285 4015 καὶ
1312 3960 1406 4013 τοῦ
1436 3962 1737 4032 ἀρχιερέως

148 4050 257 4122 τὴν
300 4050 587 4104 εὐσέϐειαν
632 4051 1047 4122 ἀποδεξάμενος,
1081 4051 1433 4125 φοϐερωτάτη
1474 4053 1580 4105 τινὶ
1621 4053 1739 4105 ἐπι-

145 4142 367 4213 ιιρανεία¹
419 4141 513 4195 τοῦ
568 4142 912 4214 τολμήματος
956 4144 1348 4198 ἀπεσκεύασεν.
1402 4143 1577 4213 Ὠφθη
1630 4147 1738 4215 γὰρ

146 4236 395 4287 εἰσιέναι
446 4235 695 4303 μέλλοντι
731 4236 893 4298 ἵππος
921 4235 1009 4288 διὰ
1056 4235 1148 4288 τοῦ
1191 4235 1350 4301 ἀέρος
1386 4235 1614 4307 φοϐερὸς
1637 4234 1738 4304 μὲν

141 4325 307 4395 ὄψιν,
348 4323 574 4392 φαιδρὸς
621 4324 678 4375 δὲ
728 4323 789 4376 τὸ
837 4325 1058 4393 σχῆμα,
1096 4322 1454 4393 ὲποχούμενόν
1506 4339 1563 4374 τε
1599 4321 1739 4389 ἔχων

145 4416 302 4488 μετά
326 4417 537 4487 χρυσῆς
571 4417 668 4486 τῆς
688 4416 1010 4479 πανοπλίας,
1041 4415 1099 4478 ὃς
1129 4416 1223 4467 καὶ
1255 4414 1391 4484 μετά
1421 4412 1613 4467 πολλοῦ
1643 4412 1736 4465 τοῦ

140 4508 481 4580 ῥοιζήματος
514 4510 635 4570 ταῖς
680 4507 1034 4577 ὲμπροσθίαις
1068 4507 1254 4568 ὁπλαῖς
1286 4505 1376 4557 τὸν
1420 4503 1737 4573 Ἠλιόδωρον

1834 3323 1985 3377 cordi
2016 3328 2136 3376 erat
2173 3320 2316 3391 regis
2356 3319 2670 3373 mandatum
2706 3320 2955 3388 exsequi.
2996 3318 3197 3375 Preces
3230 3322 3398 3391 igitur

1835 3428 1898 3468 ac
1939 3413 2359 3468 lamentationes
2388 3422 2499 3466 tota
2533 3411 2669 3466 urbe
2697 3420 2854 3466 erant
2885 3413 3159 3467 orantium
3199 3412 3395 3476 Deum,

1834 3524 1903 3563 ne
1931 3507 1979 3562 is
2013 3521 2181 3562 ausus
2215 3505 2354 3562 foret
2386 3507 2615 3560 inultus.
2653 3504 2791 3560 Ecce
2818 3514 2997 3559 autem
3032 3505 3121 3561 ille
3149 3508 3396 3577 sequenti

1834 3599 1923 3654 die
1953 3598 2366 3669 ingrediebatur
2391 3598 2677 3668 pecuniam
2709 3606 3066 3667 sumpturus;
3097 3612 3219 3652 cum
3255 3597 3399 3654 Deus

1834 3691 2025 3760 populi
2082 3691 2342 3759 precibus
2401 3676 2651 3744 annuens
2712 3704 2774 3743 ac
2832 3688 3106 3759 pontificis
3142 3690 3396 3759 pietatem

1837 3784 2142 3852 respiciens
2164 3823 2178 3845 ,
2217 3781 2455 3837 terribili
2486 3782 2779 3836 admodum
2815 3782 3026 3837 visione
3061 3780 3277 3837 facinus
3314 3783 3399 3835 in-

1836 3873 2041 3927 hibuit.
2089 3873 2360 3942 Apparuit
2414 3874 2557 3926 enim
2594 3873 2706 3941 jam
2749 3872 3074 3941 ingredienti
3114 3888 3291 3941 equus
3343 3874 3395 3925 in

1839 3977 1966 4017 acre
2000 3962 2266 4017 terribilis
2301 3970 2525 4032 aspectu
2546 4001 2560 4025 ,
2594 3961 2877 4030 splendida
2909 3961 3084 4015 forma
3108 4002 3122 4025 ,
3158 3962 3394 4029 equitem

1837 4067 2038 4124 gerens
2076 4067 2240 4108 aurea
2274 4060 2479 4106 tectum
2521 4062 2837 4116 armatura;
2872 4052 3031 4120 isque
3053 4052 3232 4105 valido
3273 4067 3395 4105 cum

1839 4146 2043 4213 intpetu
2099 4144 2375 4213 prioribus
2414 4144 2663 4198 calcibus
2704 4141 3055 4197 Heliodorum
3097 4144 3394 4213 percussit.

1840 4235 1955 4289 Duo
2003 4236 2228 4305 insuper
2268 4239 2531 4305 juvenes.
2570 4234 2799 4289 terribili
2834 4235 3043 4305 pariter
3083 4234 3299 4304 specie,
3335 4247 3397 4288 ac

1838 4330 2125 4400 splendido
2184 4339 2418 4394 ornatu,
2465 4329 2681 4399 utrique
2722 4328 2877 4383 lateri
2919 4337 3162 4382 astantes
3214 4325 3395 4381 Helio-

1838 4421 2032 4475 dorum
2063 4421 2444 4477 verberabant.
2482 4423 2659 4491 Atque
2688 4421 2763 4474 ita
2799 4428 2914 4474 tum
2951 4434 3013 4473 ea
3043 4420 3253 4474 visione
3284 4427 3398 4473 tum

1839 4514 2015 4583 plagis
2070 4521 2492 4578 consternatus,
2549 4513 2845 4568 semivivus
2894 4512 3022 4566 inde
3066 4512 3242 4566 elatus
3295 4519 3395 4566 est.

140 4600 422 4671 ἐπληξεν.
448 4599 549 4651 Δύο
571 4617 627 4652 τε
650 4599 873 4662 νεανίαι,
904 4599 1122 4669 φοϐεροὶ
1147 4598 1241 4650 καὶ
1287 4590 1431 4650 οὗτοι
1464 4596 1564 4667 τὴν
1588 4596 1734 4659 θέαν,

1841 4607 1978 4659 Tum
2010 4620 2139 4659 vero
2166 4603 2442 4662 Heliodori
2477 4605 2707 4660 comites
2735 4604 2929 4660 Oniam
2957 4602 3223 4663 orabant,
3256 4602 3399 4671 apud

138 4689 405 4754 ἐπίδοξοί
432 4706 491 4742 τε
520 4690 578 4743 τὸ
608 4689 812 4759 σχῆμα,
838 4690 1189 4761 περιστάντες
1216 4689 1461 4741 ἐντεῦθεν
1485 4687 1737 4741 κάκεῖθεν

140 4781 521 4852 ἐμαστίγουν.
553 4783 662 4835 Καὶ
715 4782 887 4845 οὕτως
933 4783 1039 4834 ἀπὸ
1088 4782 1185 4849 τῆς
1230 4782 1489 4843 ὀπτασίας
1516 4781 1609 4834 καὶ
1628 4781 1735 4833 τῶν

139 4876 400 4947 πληγῶν
433 4876 756 4930 καταπεσὼν
782 4877 945 4947 ἤρθη,
984 4877 1179 4946 μικροῦ
1231 4875 1423 4948 νεκρὸς
1455 4877 1734 4946 ὑπάρχων.

218 4991 316 5059 (1)
352 4987 630 5061 Theodori
656 4989 1021 5061 Mopsuesteni
1054 4992 1321 5060 prolixum
1357 4998 1735 5060 argumentum

136 5061 200 5115 in
236 5059 530 5129 psalmum
560 5076 691 5131 XLV,
730 5059 785 5114 in
814 5077 922 5131 quo
944 5059 1257 5114 Iudaeorum
1287 5061 1511 5115 historia
1546 5076 1576 5113 a
1608 5070 1739 5114 tem-

132 5133 401 5201 poribus
427 5130 758 5201 captivitatis
793 5130 965 5200 usque
991 5132 1057 5185 ad
1091 5132 1419 5185 Antiochum
1464 5132 1738 5184 lllustrem

131 5200 197 5257 et
229 5201 405 5256 Oniae
439 5200 621 5270 fugam
660 5203 716 5256 in
745 5201 1038 5272 [Egyptum
1089 5203 1402 5272 summatim
1438 5201 1740 5270 attingeba-

132 5283 267 5335 tur,
320 5272 606 5327 exstitisse
629 5286 741 5342 gis.
772 5271 912 5342 apud
950 5273 1182 5342 Angluui
1221 5271 1479 5333 Galzeum,
1515 5278 1742 5342 narrant.

129 5345 401 5396 (Βαγαῖος
433 5351 595 5410 atque
628 5339 935 5406 Fabricius,
973 5339 1062 5395 ubi
1097 5345 1163 5395 de
1194 5342 1413 5410 scriptis
1435 5340 1739 5396 doctissimi

133 5412 547 5482 Mopsuesteni
602 5427 701 5481 pro
746 5413 991 5480 ipsorum
1046 5412 1301 5466 instituto
1363 5420 1549 5482 agunt.
1602 5413 1740 5482 Ecce

128 5480 361 5539 autém
390 5496 491 5550 ego
522 5480 737 5552 quoque
772 5482 824 5536 id
869 5491 1245 5552 argumentum
1287 5483 1343 5535 in
1376 5480 1638 5535 Vaticana
1671 5481 1739 5535 ad

128 5553 504 5611 Psalterium
537 5563 729 5607 catena
762 5561 957 5608 nactus
988 5568 1129 5615 sum,
1165 5554 1218 5606 in
1251 5553 1456 5613 codice,
1494 5555 1738 5620 inquam,

132 5626 205 5680 B.
252 5625 301 5678 f.
340 5621 611 5676 ’ΞΗ-ΞΗ.
656 5622 833 5677 Simul
858 5634 1038 5677 tamen
1068 5623 1552 5692 comperiherrore
1580 5632 1738 5692 typo-

129 5679 246 5767 gra
258 5694 442 5773 phico
465 5694 631 5747 scribi
663 5692 805 5762 apud
826 5694 1117 5773 praedictos
1137 5679 1388 5773 auctores
1412 5693 1500 5756 45,
1530 5679 1739 5773 μαῖ’ὕῷ

132 5764 458 5836 perversis
493 5777 700 5836 nempe
724 5764 1098 5818 numeralibus
1142 5765 1324 5818 notis:
1369 5778 1493 5836 nam
1534 5778 1591 5817 re
1624 5764 1744 5836 qui;

128 5833 286 5893 item
322 5849 459 5888 vera
491 5835 591 5889 hoc
609 5843 987 5906 argumentum
1015 5850 1118 5890 non
1144 5849 1265 5902 xcv,
1303 5834 1397 5891 sed
1429 5849 1514 5889 LIV
1546 5833 1739 5905 psalmi

1845 4694 2015 4749 Deum
2050 4696 2469 4750 intercessorem
2499 4695 2645 4761 fieri,
2674 4703 2734 4748 ut
2759 4695 2850 4748 ille
2879 4693 3195 4748 imminente
3228 4702 3402 4745 morte

1842 4786 2192 4840 liberaretur.
2210 4784 2364 4851 Quod
2387 4786 2534 4842 illico
2552 4786 2758 4841 faciens
2777 4784 2967 4851 Onias,
2985 4782 3404 4850 sacriﬁcioejus

1845 4877 2016 4947 gratia
2048 4877 2251 4943 oblato,
2284 4878 2555 4933 hominem
2588 4877 2904 4932 inﬁrmitate
2931 4877 3245 4945 expedivit,
3288 4873 3400 4928 Deo

1839 4998 1963 5056 est;
2003 4991 2147 5062 quod
2182 5006 2251 5045 ne
2289 4992 2496 5062 diutius
2530 4993 2727 5055 lateat,
2764 4993 2907 5062 typis
2953 4990 3071 5045 sine
3102 5006 3253 5043 mora
3298 4988 3405 5042 im-

1842 5062 2078 5128 primere
2113 5061 2350 5117 decrevi.
2401 5061 2593 5117 Nobile
2631 5065 2831 5132 quippe
2883 5062 3242 5132 fragmentum
3298 5066 3402 5132 est,

1842 5132 1986 5183 inter
2024 5132 2257 5200 plurima
2302 5148 2423 5202 quae
2472 5129 2922 5199 auctoris‘hujus
2952 5129 3220 5198 vulganda
3260 5129 3403 5202 mihi

1844 5199 2174 5270 superSunt:
2208 5199 2443 5256 nec'tam
2474 5204 2670 5257 merito
2716 5203 2999 5262 historico,
3044 5208 3228 5267 utpote
3249 5199 3310 5270 in
3348 5214 3407 5251 re

1844 5268 2181 5341 pervulgata,
2233 5274 2662 5337 commendatur,
2704 5287 2862 5339 quant
2894 5273 3045 5341 quia
3070 5268 3408 5341 hincdenuo

1845 5338 2245 5412 cognoscimus,
2287 5345 2560 5412 quomodo
2591 5338 2941 5412 famigeratus
2973 5338 3404 5412 SS._Biblioruut

1841 5407 2109 5481 interpres
2138 5407 2458 5467 Theodorus
2499 5414 2568 5466 ab
2590 5407 2815 5468 historia
2842 5409 3054 5481 Veteris
3074 5407 3407 5481 Testamenti

1843 5481 1910 5534 ad
1943 5477 2033 5538 res
2051 5481 2187 5537 Novi
2217 5482 2483 5553 Foederis,
2516 5492 2681 5553 atque
2712 5484 2780 5535 ad
2809 5479 3064 5553 vaticinia
3082 5480 3154 5553 _de
3185 5477 3407 5553 Christo

1843 5554 2080 5608 transire
2127 5554 2320 5623 solitus
2356 5552 2555 5608 fuerit:
2594 5549 2769 5623 quam
2809 5567 2922 5604 rem
2960 5551 3012 5604 in
3046 5549 3167 5617 ejus
3196 5549 3408 5623 integro

1842 5623 2006 5676 etiam
2070 5626 2135 5676 ad
2193 5622 2283 5677 XII
2360 5620 2650 5692 prophetas
2708 5623 2946 5675 minores
2988 5620 3405 5692 commentario,

1844 5708 2006 5762 quem
2034 5708 2131 5747 nes
2167 5696 2295 5747 olim
2330 5687 2600 5749 edidimus
2632 5692 2825 5759 Script.
2873 5703 2968 5745 ret.
3004 5700 3039 5744 t.
3076 5687 3194 5762 VI,_
3220 5689 3409 5742 obser-

1843 5759 1973 5817 vare
2005 5781 2111 5818 non
2137 5767 2303 5821 semel
2330 5766 2501 5821 licuit.
2536 5764 2665 5830 ΜΑι,
2706 5762 2958 5818 Bibliotlt.
2998 5777 3127 5817 nova
3158 5759 3403 5823 Patrum,

1843 5831 1932 5899 ΙΙΙ,
1964 5834 2084 5890 455.
