3904 6534
494 333 599 390 675

1669 329 2017 388 TllEODORl
2052 332 2279 391 MOPSU
2288 333 2533 389 ESTENI

3622 334 3715 387 676

495 450 599 521 ipsi
629 458 948 521 apparente,
978 449 1286 519 multasque
1316 448 1523 521 gratias
1549 450 1792 521 pontiﬁci
1824 451 2055 508 reddere

2164 455 2382 524 Δεήσεις
2407 454 2544 525 ὑπὲρ
2567 452 2770 506 τούτων
2797 454 2929 525 πρὸς
2958 453 3046 505 τὸν
3077 452 3257 505 Ὀνίαν
3284 450 3717 521 ἐγίγνοντοπαρὰ

496 544 736 611 iubente.
776 543 867 597 Sic
907 542 996 597 ille
1049 550 1336 607 servatus,
1382 543 1584 600 oblatis
1619 542 1730 601 Deo
1778 546 2053 613 victimis,

497 634 564 688 ad
596 650 775 705 regem
806 649 1059 689 reversus
1087 643 1198 699 est,
1230 651 1353 705 quae
1382 636 1489 691 sibi
1519 637 1835 694 acciderant
1866 653 2058 695 narra-

496 736 673 779 turus.
708 724 827 779 Non
868 738 1049 779 tamen
1089 725 1303 782 destitit
1337 743 1368 781 a
1406 742 1507 783 sua
1548 728 1790 799 nequitia
1828 728 2053 796 Simon,

496 830 670 884 neque
699 828 729 867 a
759 815 1053 872 calumniis
1082 824 1276 872 contra
1305 817 1494 871 Oniam
1526 819 1806 875 struendis
1833 837 1846 873 :
1886 820 1962 873 ita
1995 826 2056 873 ut

494 906 582 960 hic
614 904 681 959 ad
716 919 897 974 regem
932 898 1245 976 profectus,
1293 915 1349 962 et
1391 908 1811 966 criminationes
1844 911 1952 966 sibi
1986 911 2057 964 il-

494 996 632 1050 latas
664 999 1017 1067 cognoverit,
1054 1006 1109 1055 et
1140 999 1304 1055 simul
1341 999 1543 1070 populo
1576 1000 1830 1057 idoneam
1864 1016 2053 1072 pacem

493 1088 894 1145 conciliaverit.

2158 546 2265 600 τῶν
2313 547 2577 600 συνόντων
2613 545 2690 615 τῷ
2728 545 3067 616 Ἡλιοδώρῳ,
3112 543 3386 598 ἱκετεῦσαι
3432 543 3523 596 τὸν
3573 541 3717 603 Θεὸν,

2159 636 2485 707 χαρίσασθαι
2534 636 2682 707 αὐτῷ
2728 635 2823 689 τοῦ
2878 636 3328 706 προσδοκωμένου
3357 634 3588 688 θανάτου
3633 635 3721 702 τὴν

2157 728 2497 798 ἀπαλλαγήν,
2527 729 2591 781 Ὃ
2616 729 2710 782 καὶ
2748 729 2975 798 ποιήσας
3005 730 3033 781 6
3079 727 3255 791 Ὀνίας
3289 726 3472 790 εὐθὺς,
3502 728 3601 778 καὶ
3634 725 3713 777 θυ-

2159 819 2277 884 σίας
2308 817 2669 890 προσαγαγὼν
2693 818 2832 891 ὑπὲρ
2852 819 3036 884 αὑτοῦ,
3055 817 3329 884 ἀπήλλαξε
3352 821 3451 889 τῆς
3473 816 3724 885 κατεχού-

2158 927 2257 981 σης
2291 910 2446 962 νόσου
2473 926 2486 939 °
2524 909 2875 978 ἐπιφανέντος
2895 926 2955 961 τε
2985 909 3135 979 αὐτῷ
3166 906 3261 961 τοῦ
3286 903 3443 970 Θεοῦ,
3480 905 3576 959 καὶ
3610 904 3727 955 πολι

2160 998 2256 1061 λάς
2292 997 2434 1068 ἔχειν
2468 997 2694 1068 χάριτας
2734 997 2812 1068 τῷ
2848 998 3094 1068 ἀρχιερεῖ
3158 994 3723 1067 παρακελευσαμένου.

2160 1082 2319 1143 Οὕτω
2365 1088 2653 1151 διασωθεὶς
2690 1089 2787 1143 καὶ
2817 1088 3003 1152 Θυσίας
3045 1086 3120 1159 τῷ
3163 1087 3285 1157 Θεῷ
3316 1085 3725 1159 προσκομίσας,

376 1222 395 1237 υ
493 1182 795 1253 ἐπανῆλθεν
836 1182 972 1253 πρὸς
1008 1182 1099 1236 τὸν
1137 1182 1357 1253 βασιλέα
1384 1184 1773 1257 διηγησόμενος
1802 1185 1869 1239 τά
1898 1184 2156 1254 γεγονότα
2177 1198 2191 1213 ·
2225 1182 2337 1236 ἀλλ’
2359 1183 2460 1236 οὐκ
2479 1181 2743 1251 ἀφίστατο
2770 1181 2869 1251 τῆς
2901 1182 3104 1246 οίκείας
3130 1181 3433 1253 μοχθηρίας
3465 1183 3495 1233 6
3533 1180 3727 1249 Σίμων,

492 1274 802 1345 παρέμενεν
833 1274 889 1328 δὲ
914 1274 1134 1339 πολλαῖς
1159 1277 1280 1330 κατ’
1302 1278 1465 1331 αὐτοῦ
1494 1279 1830 1351 κεχρημένος
1852 1278 2154 1341 διαϐολαῖς·
2182 1279 2275 1331 καὶ
2301 1278 2389 1331 διά
2410 1276 2568 1330 τοῦτο
2593 1277 2782 1348 μέχρις
2814 1276 2907 1330 τοῦ
2929 1276 3193 1346 βασιλέως
3224 1276 3400 1338 Ὀνίας
3421 1274 3728 1343 γενόμενος,

494 1366 633 1436 ἔγνω
663 1367 763 1429 τάς
792 1369 910 1421 κατ’
929 1367 1091 1421 αὐτοῦ
1123 1369 1299 1435 πάσας
1329 1370 1599 1434 διαϐολάς,
1624 1371 1766 1425 ὥστε
1801 1371 1892 1425 καὶ
1921 1370 2000 1442 τῷ
2028 1370 2171 1425 ἔθνει
2202 1370 2557 1442 περιποιῆσαι
2585 1370 2683 1441 τὴν
2721 1371 3105 1441 προσήκουσαν
3136 1369 3382 1438 εἰρήνην.

565 1456 689 1511 llaec
726 1456 855 1510 dum
898 1468 1083 1529 ageret
1120 1459 1289 1515 Onias
1314 1500 1330 1526 ,
1369 1460 1633 1516 Seleucus
1668 1463 1927 1525 moritur,
1960 1474 2051 1516 re-

494 1564 769 1617 gnumque
803 1550 1093 1618 occupavit
1125 1550 1429 1606 Antiochus
1463 1550 1732 1619 lllustris;
1765 1552 1854 1606 cui
1886 1549 2055 1607 Jason

493 1639 751 1708 quidam,
786 1638 939 1694 Oniaa
974 1639 1164 1706 frater,
1201 1642 1485 1712 pecuniam
1529 1643 1817 1712 plurimam
1858 1658 1918 1699 se
1955 1644 2055 1699 da-

495 1738 677 1784 turum
712 1730 1042 1800 sp0pondit,
1075 1733 1119 1787 si
1155 1734 1534 1802 pontiﬁcatum
1568 1734 2054 1806 ipse-impetraret.

2233 1458 2375 1512 »Ἀλλ’
2398 1460 2457 1512 ἐν
2502 1458 2710 1522 τούτοις
2755 1458 2907 1522 ὄντος
2958 1457 3052 1511 τοῦ
3127 1457 3321 1522 Ὀνίου,
3362 1456 3586 1524 τελευτᾷ
3638 1455 3731 1524 μὲν

2157 1552 2185 1604 6
2228 1550 2504 1615 Σὲλευκοςς
2538 1548 2946 1620 παραλαμϐάνει
2978 1548 3035 1601 δὲ
3079 1548 3176 1618 τὴν
3225 1540 3499 1617 βασιλείαν
3536 1546 3565 1597 6
3590 1544 3732 1596 Ἐπι-

2160 1643 2333 1713 φανὴς
2385 1640 2653 1711 Ἀντίοχος
2677 1680 2691 1704 ,
2737 1641 2821 1710 ἐφ’
2867 1632 2928 1693 οὗ
2982 1638 3168 1693 Ἰάσων
3221 1654 3305 1700 τις
3356 1635 3585 1703 ἀδελφὸς
3641 1633 3730 1686 τοῦ

2174 1736 2345 1789 Ὀνίου
2379 1733 2547 1803 ἔφησε
2583 1732 2792 1785 πολλῶν
2842 1733 3137 1803 χρημάτων
3178 1727 3435 1800 πρόσοδον
3460 1726 3542 1796 τῷ
3580 1726 3730 1795 βασι-

495 1824 618 1876 Alia
670 1822 894 1893 insuper
936 1825 1079 1879 dona
1126 1826 1361 1895 plurima
1407 1825 1705 1892 olierebat,
1739 1828 1785 1883 si
1835 1840 2055 1899 gymna-

2164 1828 2245 1881 λεῖ
2289 1826 2579 1899 προσάξαι,
2620 1826 2669 1877 εί
2698 1825 2915 1879 λάϐοιτο
2955 1824 3056 1894 τῆς
3088 1820 3500 1893 ἀρχιερωσύνης
3534 1819 3695 1883 αὐτός
3718 1835 3729 1845 ·

496 1915 638 1971 sium
677 1916 732 1970 in
763 1915 899 1972 urbe
927 1926 1172 1983 struere,
1216 1918 1694 1975 circumcisionem
1734 1921 2055 1991 antiquare,

2164 1894 2352 1972 δώσειν
2377 1916 2436 1970 δὲ
2463 1917 2556 1969 καὶ
2581 1915 2742 1987 ἕτερα
2766 1914 3007 1979 πλείονα,
3039 1914 3086 1965 εί
3110 1914 3203 1965 καὶ
3241 1911 3544 1980 γυμνάσιον
3571 1925 3734 1962 κατα·

495 2020 658 2078 atque
699 2010 925 2063 omnino
959 2009 1096 2080 legis
1128 2026 1261 2066 usus
1296 2010 1516 2067 abolere
1560 2012 1664 2067 sibi
1711 2013 2055 2083 permittere-

2164 2010 2476 2065 σκευάσειεν
2511 2010 2570 2063 ὲν
2614 2011 2682 2079 τῇ
2718 2008 2866 2062 πόλει
2890 2047 2904 2070 ,
2937 2008 3031 2060 καὶ
3069 2005 3167 2076 τὴν
3210 2002 3514 2074 περιτομὴν
3558 1999 3733 2054 αὐτῶν

495 2109 604 2155 tur.
648 2100 745 2155 llis
783 2102 1071 2170 promissis
1105 2117 1407 2172 persuasus
1444 2103 1784 2168 Antiochus,
1825 2104 2061 2174 dignita-

494 2204 599 2246 tem
635 2192 709 2246 illi
749 2194 1003 2249 contulit.
1041 2192 1210 2264 Igitur
1244 2192 1411 2250 Onias
1444 2195 1668 2265 quidem
1710 2195 2062 2266 religiosissi-

496 2300 614 2339 mus
636 2299 698 2339 ac
715 2284 1058 2352 iustissimus
1075 2286 1179 2349 vir,
1197 2294 1584 2341 exauctoratus
1603 2287 1923 2357 pontiﬁcatu
1948 2298 2058 2354 est;

491 2373 657 2430 Jason
682 2384 862 2430 autem
887 2374 1194 2430 sacerdotio
1215 2376 1379 2432 simul
1406 2385 1461 2432 et
1484 2377 1792 2448 principatu
1819 2378 2025 2447 potitus
2044 2418 2060 2445 ,

492 2467 674 2519 statim
700 2465 765 2520 ad
789 2465 1041 2522 ethnicos
1066 2482 1248 2523 mores
1274 2481 1567 2538 aggressus
1596 2475 1680 2522 est
1703 2465 1922 2524 Iudaeos
1947 2476 2061 2523 tra-

491 2558 713 2622 ducere,
737 2566 789 2613 ct
811 2558 1151 2630 gymnasium
1177 2573 1375 2630 praeter
1399 2558 1681 2615 Judaicam
1706 2561 2064 2616 consuetudi-

494 2666 614 2704 nem
653 2650 969 2705 azdiﬁcavit:
992 2659 1045 2706 et
1068 2651 1236 2722 legem
1261 2652 1553 2707 immutare
1574 2667 1826 2723 pergens,
1847 2653 2062 2708 cunctis

490 2756 521 2794 a
551 2739 641 2796 Dei
677 2740 826 2795 cultu
856 2741 1252 2810 praeceptisque
1277 2741 1545 2811 legalibus
1576 2740 1834 2796 recedere
1858 2740 2061 2796 suade-

493 2831 615 2895 bat,
644 2843 802 2902 atque
823 2830 1170 2886 ethnicorum
1205 2847 1385 2886 mores
1416 2833 1717 2901 suscipere,
1743 2832 2026 2904 gymnasia
2045 2871 2060 2897 ,

493 2923 811 2992 palaestras,
846 2929 899 2976 ct
934 2922 1037 2976 alia
1073 2922 1387 2992 hujusmodi
1426 2923 1796 2993 frequentare.
1830 2922 2063 2995 Jamque

491 3016 846 3070 omittebatur
880 3015 1229 3070 circumcisio
1256 3054 1271 3079 ,
1311 3016 1665 3071 sabbatorqu
1707 3016 2062 3071 observantia

493 3108 895 3177 negiigebatur,
936 3107 1352 3176 generatimque
1390 3107 1666 3163 ethnicam
1710 3107 1941 3161 formam
1984 3109 2062 3162 ci-

492 3201 634 3253 vitas
664 3199 945 3253 induebat.
982 3197 1109 3252 Haec
1137 3197 1329 3253 videns
1364 3199 1557 3254 beatus
1585 3198 1754 3254 Onias
1782 3199 1876 3253 diu
1909 3200 2023 3254 ﬁeri
2043 3240 2058 3264 ,
2088 3233 2130 3291 Ο

494 3290 794 3360 angebatur
818 3291 1021 3357 animo,
1052 3292 1258 3347 ferebat
1284 3291 1591 3362 aegerrime,
1618 3303 1687 3371 ‘ac
1716 3290 2056 3361 deplorabat.

2161 2103 2394 2168 λύσειεν,
2426 2102 2523 2157 καὶ
2558 2101 2695 2165 ὅλως
2732 2099 3018 2166 ἐξαλλάξαι
3048 2098 3115 2151 τά
3143 2097 3347 2168 νόμιμα
3383 2092 3731 2164 συγχωρηθῇ,

2175 2194 2429 2263 Ἐπείσθη
2473 2192 2681 2256 τούτοις
2733 2194 2845 2254 τοῖς
2896 2193 3134 2261 ῥήμασι,
3171 2187 3508 2259 παραδίδωσί
3537 2186 3736 2267 τεσσερ-

2161 2286 2240 2356 τῷ
2282 2286 2379 2357 τὴν
2423 2284 2617 2356 ἀρχήν.
2663 2283 2833 2338 Καὶὸ
2868 2283 2966 2353 μὲν
3020 2282 3194 2345 Ὀνίας
3247 2278 3641 2339 εύσεϐέστατός
3682 2293 3735 2328 τε

2163 2378 2259 2430 καὶ
2312 2376 2646 2440 δικαιότατος
2698 2374 2775 2429 ῶν
2821 2375 2995 2446 ἀνὴρ,
3030 2374 3134 2438 ἔξω
3180 2373 3278 2443 τῆς
3328 2369 3734 2443 ἀρχιερωσύνης

2164 2469 2429 2540 κατέστη·
2463 2469 2493 2522 6
2535 2467 2593 2522 δὲ
2634 2468 2855 2535 Ἰάσων,
2886 2468 2983 2537 τῆς
3037 2484 3096 2519 τε
3138 2463 3435 2536 ἱερωσύνης
3494 2462 3595 2516 καὶ
3645 2462 3735 2530 τῆς

2162 2561 2409 2628 ἐξουσίας
2462 2560 2891 2630 ἐπιλαϐόμενος,
2926 2558 3087 2622 εὐθὺς
3135 2558 3228 2610 ἐπὶ
3283 2557 3375 2609 τὸν
3427 2554 3734 2625 Ἑλληνικὸν

2163 2655 2487 2725 χαρακτῆρα
2516 2654 2820 2725 μετήγαγεν
2852 2656 2975 2715 τοὺς
3012 2651 3315 2714 Ἰουδαίους,
3352 2648 3657 2719 γυμνάσιόν
3680 2663 3732 2697 τε

2163 2746 2564 2800 κατεσκεύασεν
2610 2746 2762 2820 παρὰ
2790 2746 2850 2800 τὸ
2890 2744 3179 2798 Ἰουδαϊκὸν
3225 2743 3377 2806 ἐθος’
3419 2741 3517 2794 καὶ
3544 2740 3615 2793 τὰ
3654 2739 3732 2790 νό-

2167 2857 2309 2910 μιμα
2360 2839 2416 2893 δὲ
2466 2839 2754 2906 tandem
2800 2838 3265 2909 παρασκευάσας,
3325 2836 3575 2895 ἃπαντας
3639 2832 3733 2901 μὲν

2163 2931 2368 2985 ἀνελεῖν
2402 2932 2501 3002 τῆς
2528 2933 2608 2995 είς
2644 2932 2733 2984 τὸν
2764 2930 2894 2985 Θεὸν
2923 2930 3216 3000 θεραπείας
3258 2928 3352 2980 καὶ
3394 2926 3505 2978 τῶν
3528 2922 3622 2977 τοῦ
3649 2923 3732 2973 νέο

2166 3040 2267 3093 μου
2300 3023 2733 3095 προσταγμάτων
2763 3022 2997 3087 ἔπεισεν,
3030 3021 3317 3092 προσέχειν
3344 3018 3403 3072 δὲ
3422 3019 3536 3080 τοῖς
3563 3014 3733 3067 ἔθεσιν

2162 3117 2270 3179 τοῖς
2316 3116 2674 3186 Ἑλληνικοῖς,
2716 3116 3057 3186 γυμνασίοις,
3097 3114 3190 3167 καὶ
3227 3110 3613 3179 παλαίστραις,
3642 3107 3733 3157 καὶ

2161 3211 2273 3271 τοῖς
2296 3207 2556 3276 τοιούτοις
2588 3225 2601 3239 ·
2643 3208 2895 3279 ἠμελεῖτο
2928 3207 2983 3260 δὲ
3015 3206 3197 3259 λοιπὸν
3223 3203 3316 3257 καὶ
3345 3203 3415 3257 τά
3443 3202 3541 3271 τῆς
3580 3217 3731 3269 περι-

2163 3302 2355 3372 τομῆς,
2400 3304 2785 3373 κατεφρονεῖτο
2818 3300 2912 3355 καὶ
2942 3300 3048 3353 τῶν
3084 3298 3371 3353 σαϐϐάτων
3402 3298 3437 3365 ή
3481 3296 3728 3365 τήρησις.

491 3380 634 3435 Malo
663 3390 845 3436 autem
874 3384 1119 3453 quotidie
1163 3384 1612 3452 ingravescente,
1664 3380 1853 3438 urbem
1899 3384 2055 3438 dere-

2164 3393 2256 3445 καὶ
2287 3392 2423 3451 ὅλως
2459 3394 2539 3455 είς
2594 3392 2902 3462 Ἑλληνικὸν
2943 3392 3127 3461 σχῆμα
3160 3389 3229 3444 τά
3258 3387 3400 3442 κατά
3453 3385 3552 3456 τῆν
3582 3385 3733 3436 πόλιν

493 3474 684 3544 liquit,
716 3485 882 3545 atque
916 3476 969 3529 in
1000 3474 1297 3547 Egyptum
1326 3472 1604 3544 profectus
1636 3475 1807 3530 altare
1836 3476 1909 3529 ibi
1942 3490 2055 3531 ere-

2165 3483 2485 3554 μετέπεσεν.
2513 3483 2699 3539 Ταῦτα
2730 3485 2873 3556 ὀρῶν
2900 3486 2929 3538 ὁ
2963 3484 3232 3555 μακάριος
3266 3480 3445 3543 Ὀνίας
3474 3479 3570 3531 ἐπὶ
3603 3477 3728 3529 πολὺ

492 3567 604 3631 xit,
642 3569 902 3637 templum
938 3568 1259 3631 adornavit,
1302 3563 1584 3636 divinique
1628 3566 1703 3621 ibi
1747 3566 1928 3623 cultus
1959 3582 2055 3622 cu-

2164 3577 2438 3647 γινόμενα,
2473 3576 2673 3647 ἠθύμει
2706 3578 2801 3632 καὶ
2846 3576 3144 3647 ἠγανάκτει
3185 3574 3279 3627 καὶ
3311 3570 3625 3635 ἐστέναξεν·
3658 3568 3731 3627 ὡς

490 3671 608 3710 ram
640 3659 847 3728 gessit,
886 3658 1088 3715 Iudaeis
1128 3659 1400 3730 indigenis
1438 3660 1494 3713 in
1534 3660 1621 3715 his
1661 3674 1781 3729 qua:
1817 3660 1885 3715 ad
1924 3661 2055 3716 reli-

2164 3663 2219 3716 δὲ
2264 3666 2358 3717 καὶ
2396 3665 2686 3735 προϐαῖνον
2714 3665 2859 3737 ἐώρα
2890 3666 2951 3718 τὸ
2980 3665 3167 3727 κακὸν,
3188 3660 3501 3717 καταλιπὼν
3536 3658 3731 3728 ἀνεχώ-

492 3751 703 3817 gionem
733 3752 1006 3820 pertinent
1036 3752 1400 3808 ministerium
1439 3767 1599 3806 suum
1634 3750 2017 3807 commodatis.

2164 3773 2346 3827 ρησεν,
2377 3758 2469 3810 καὶ
2494 3760 2573 3822 είς
2601 3757 2697 3830 τὴν
2716 3760 2987 3827 Αἴγυπτον
3017 3758 3310 3827 καλῶν(ίια
3356 3756 3525 3821 cod.),
3555 3753 3731 3805 θυσια-

492 3843 705 3913 στήριόν
726 3859 785 3895 τε
805 3840 1059 3913 ἐπήξατο,
1094 3844 1187 3896 καί⁵
1216 3843 1340 3896 ναὸν
1362 3842 1782 3908 κατεσκεύασεν,
1819 3843 1913 3896 καὶ
1941 3846 2038 3914 τῆς
2071 3846 2149 3911 εἰς
2183 3848 2274 3902 τὸν
2297 3849 2428 3903 Θεὸν
2460 3849 2737 3913 εὐσεϐείας
2767 3850 3157 3921 ἐπεμελήσατο,
3181 3850 3292 3911 τοῖς
3315 3849 3432 3901 ἐκεῖ
3467 3846 3731 3907 Ἰουδαίοις

487 3934 555 3988 τὰ
574 3934 762 3988 δέοντα
784 3934 911 4005 περὶ
932 3933 1030 4004 τὴν
1056 3932 1148 3985 τοῦ
1172 3932 1304 3987 Θεοῦ
1336 3932 1631 4001 θεραπείαν
1661 3932 2067 4004 ὑποτιθέμενος.

558 4026 681 4080 llaec
710 4026 901 4081 beatus
933 4024 1097 4080 David
1129 4034 1401 4095 praesente
1430 4024 1643 4094 psalmo
1670 4024 2045 4090 vaticinatur;

488 4126 875 4186 assumptaque
906 4116 1059 4170 Oniaa
1092 4131 1326 4186 persona
1359 4131 1422 4169 ea
1470 4114 1637 4179 dicit,
1674 4131 1794 4185 qua:
1826 4114 1937 4170 dici
1983 4116 2052 4169 ab

2230 4028 2415 4082 Ταῦτα
2435 4030 2462 4082 ό
2490 4029 2756 4101 μακάριος
2785 4029 3117 4101 προφητεύει
3144 4027 3305 4081 Δαϐὶδ
3328 4028 3385 4080 ἐν
3410 4027 3489 4097 τῷ
3512 4025 3731 4095 παρόντι

2159 4119 2356 4191 ψαλμῴ
2380 4136 2393 4150 ⁸
2420 4122 2514 4175 καὶ
2549 4122 2607 4174 τὸ
2624 4121 2715 4175 τοῦ
2733 4122 2903 4175 Ὀνίου
2931 4122 3217 4192 πρόσωπον
3239 4119 3547 4181 ἀναλαϐὼν,
3566 4117 3733 4170 ταῦτα

488 4209 579 4263 illo
610 4209 899 4278 oportebat
935 4210 1030 4279 qui
1070 4209 1303 4263 insidias
1340 4223 1370 4261 a
1412 4209 1530 4263 suis
1574 4223 1774 4277 passus
1813 4205 1968 4273 erat,
2000 4215 2055 4262 et

488 4299 555 4352 ab
580 4299 834 4353 Antiochi
882 4300 1212 4354 satellitibus
1243 4299 1559 4355 sacerdotio
1584 4301 1852 4369 dejectus,
1879 4308 1933 4355 et
1958 4298 2054 4370 qui

487 4390 558 4444 ob
584 4392 884 4446 incolarum
918 4392 1072 4446 urbis
1097 4392 1396 4461 nequitiam
1420 4433 1434 4458 ,
1468 4401 1859 4462 postremoque
1886 4392 1957 4447 ob
1980 4392 2057 4444 ir-

2163 4213 2479 4281 ἐφθέγγετο,
2520 4214 2619 4266 ὅσα
2657 4214 2801 4277 εἰκὸς
2830 4209 2896 4284 ἧν
2920 4213 3097 4281 λέγειν
3122 4215 3350 4276 ἐκεῖνον,
3392 4211 3731 4264 ἐπιϐουλευό-

2169 4324 2327 4376 μενον
2355 4307 2457 4359 ὑπὸ
2484 4307 2592 4360 τῶν
2619 4308 2856 4371 οἰκείων,
2889 4307 3279 4376 ἐκϐαλλόμενον
3312 4306 3411 4376 τῆς
3442 4304 3733 4374 ἱερωσύνης

2164 4398 2268 4452 ὑπὸ
2292 4399 2397 4452 τῶν
2432 4400 2700 4470 Ἀντιόχου
2721 4417 2735 4432 ·
2767 4400 2984 4469 ὁρῶντα
3010 4399 3108 4469 τὴν
3145 4398 3443 4469 μοχθηρίαν
3473 4397 3579 4448 τῶν
3613 4396 3737 4447 τότε

486 4482 864 4552 religiosorum
889 4484 1089 4539 civium
1116 4485 1549 4553 prmpotentiam,
1571 4485 1824 4556 legalium
1850 4486 2055 4539 rituum

2164 4489 2261 4559 τὴν
2291 4489 2445 4542 πόλιν
2466 4491 2779 4556 οἰκούντων,
2814 4491 2901 4544 διά
2927 4508 2984 4543 τε
3014 4492 3113 4553 τάς
3141 4492 3197 4542 ἐν
3237 4490 3374 4559 αὐτῇ
3403 4488 3732 4553 πλεονεξίας,

487 4573 876 4639 abolitionem,
908 4592 1234 4645 semperque
1267 4587 1486 4631 auctam
1523 4579 1790 4632 malorum
1824 4578 2055 4641 molem,

487 4680 548 4719 se
597 4666 651 4719 in
702 4667 868 4736 pedes
917 4668 1166 4723 dederat.
1223 4669 1530 4740 Caeteroqui
1583 4671 1732 4725 hunc
1785 4671 2056 4742 psalmum

486 4756 656 4811 David
685 4758 849 4814 Saule
887 4759 1193 4815 insectante
1227 4762 1575 4831 composuit,
1613 4777 1738 4815 cum
1774 4760 1930 4816 exsul
1973 4775 2060 4815 es-

487 4857 569 4899 set
596 4857 649 4901 et
682 4846 896 4903 deserta
916 4849 1035 4903 loca
1062 4849 1306 4906 incolere
1327 4861 1573 4907 coactus.
1607 4850 1862 4905 Prmdicit
1892 4850 2059 4905 simul

482 4936 798 4992 Jutlaeorum
830 4956 1049 5011 quoque
1079 4942 1343 4997 adversus
1392 4942 1743 4998 Servatorem
1788 4943 2020 4997 insidias
2042 4981 2058 5006 ,

484 5031 723 5102 atquein
751 5048 809 5087 se
843 5033 960 5104 ipso
982 5034 1194 5089 Domini
1224 5037 1531 5106 passionem
1556 5045 1681 5092 ante
1712 5045 1927 5106 tempus
1958 5036 2056 5092 de-

482 5127 694 5182 scribit.
718 5125 837 5198 lpse
858 5128 1002 5183 enim
1027 5143 1057 5182 a
1081 5126 1267 5193 Saule,
1302 5130 1391 5183 cui
1424 5130 1788 5194 benelecerat,
1809 5130 2055 5198 exagita-

481 5228 597 5280 tus.
629 5230 684 5275 et
716 5222 783 5275 ab
814 5222 1019 5292 aliquot
1051 5221 1413 5277 familiaribus
1443 5222 1694 5291 proditus
1714 5263 1729 5287 ,
1763 5221 2054 5274 Dominum

480 5311 822 5380 spiritalibus
878 5314 1057 5367 oculis
1110 5312 1444 5382 praevidebat
1494 5312 1685 5367 eadem
1731 5325 2051 5380 passurum.

477 5402 772 5472 Propterea
801 5406 965 5459 etiam
1003 5406 1287 5474 inscriptio
1322 5407 1375 5458 in
1403 5405 1561 5473 ﬁnem
1605 5404 1673 5458 ad
1720 5418 1809 5457 res
1852 5403 2049 5471 praedi-

476 5503 593 5550 ctas
623 5495 878 5550 lectorem
914 5499 1277 5559 transmittit,
1313 5498 1703 5565 sapienterque
1745 5496 1909 5549 dictis
1965 5502 2049 5547 at-

475 5587 701 5641 tendere
736 5598 922 5643 monet
942 5630 956 5652 ,
985 5604 1083 5644 ceu
1117 5589 1435 5659 prophetico
1468 5604 1636 5643 sensu
1665 5589 1775 5641 illic
1805 5588 2042 5649 latente,

478 5680 571 5746 qui
609 5694 708 5733 suo
744 5688 991 5750 tempore
1018 5682 1085 5736 ad
1120 5682 1279 5736 linem
1312 5681 1667 5737 deducendus
1707 5690 1845 5735 erat.
1897 5680 2049 5733 Insu-

478 5785 574 5840 per
605 5770 691 5825 hic
724 5771 966 5840 psalmus
999 5774 1138 5829 inter
1171 5775 1400 5843 hymnos
1431 5789 1651 5844 quoque
1704 5781 2047 5837 numeratur,

2163 4582 2258 4634 καὶ
2297 4582 2396 4652 τὴν
2424 4582 2532 4635 τῶν
2581 4584 2825 4654 νομίμων
2859 4584 3183 4651 ἐναλλαγὴν,
3223 4583 3317 4635 καὶ
3342 4583 3441 4652 τὴν
3477 4584 3738 4635 ἑκάστοτε

2160 4674 2452 4745 γινομένην
2482 4674 2588 4727 τῶν
2636 4676 2821 4729 κακῶν
2852 4677 3122 4740 ἐπίτασιν,
3146 4675 3245 4745 ἤδη
3275 4676 3371 4729 καὶ
3406 4677 3533 4747 περὶ
3556 4677 3736 4743 φυγῆς

2162 4765 2566 4835 βουλευόμενον.
2600 4766 2802 4836 Εῖρηκε
2839 4767 2936 4836 μὲν
2996 4766 3084 4820 τὸν
3134 4767 3348 4837 ψαλμὸν
3394 4770 3424 4819 6
3468 4767 3737 4836 μακάριος

2162 4857 2342 4921 Δαϐὶδ,
2378 4858 2481 4909 ὑπὸ
2529 4857 2624 4909 τοῦ
2673 4859 2843 4911 Σαοὺλ
2871 4858 3214 4929 διωκόμενος,
3251 4861 3346 4912 καὶ
3396 4858 3741 4929 μετανάσπς

2160 4948 2467 5017 γενόμενος,
2497 4949 2554 5000 ὲν
2582 4950 2775 5020 ἐρήμῳ
2799 4968 2856 5002 τε
2877 4950 3081 5018 διάγειν
3106 4949 3545 5019 ἀναγκαζόμενος
3565 4966 3576 4977 ·
3602 4967 3743 5018 προ-

2160 5041 2403 5106 θεσπίζει
2432 5043 2488 5095 δὲ
2522 5043 2659 5096 οιατά
2680 5042 2875 5095 ταύτὸν
2912 5044 3005 5096 καὶ
3032 5043 3129 5105 τὰς
3152 5043 3260 5095 τῶν
3303 5043 3563 5097 Ἰουδαίων
3592 5044 3741 5094 κατὲ

2156 5133 2251 5185 τοῦ
2289 5135 2542 5206 Σωτῆρος
2583 5134 2895 5198 ἐπιϐουλάς,
2924 5134 3016 5187 καὶ
3048 5135 3105 5186 ἐν
3133 5134 3312 5205 ἐαυτῷ
3337 5134 3745 5205 προδιαγράςει

2155 5224 2224 5278 τὰ
2250 5225 2342 5277 τοῦ
2372 5226 2639 5278 Δεσπότου
2670 5227 2985 5295 παθήματα.
3018 5228 3190 5291 Αὐτός
3232 5245 3293 5280 τε
3342 5229 3451 5298 γὰρ
3491 5228 3591 5280 ὑπὸ
3645 5226 3743 5279 τοῦ

2154 5312 2602 5382 εὐεργετηθέντος
2620 5314 2791 5367 Σαοὺλ
2815 5315 3155 5386 ἐξηλαύνετο,
3175 5318 3272 5370 καὶ⁸
3294 5317 3400 5369 ὑπό
3421 5334 3574 5369 τινων
3595 5334 3745 5384 γνω-

2159 5402 2335 5472 ρίμων
2368 5402 2749 5475 προ[ύ]δίδοτο,
2786 5408 2881 5459 καὶ
2911 5407 3000 5460 τὸν
3030 5407 3306 5479 Δεσπότην
3340 5407 3590 5478 προεώρα
3626 5412 3746 5469 τοῖς

2154 5495 2246 5548 τοῦ
2288 5496 2605 5567 Πνεύματος
2648 5498 2943 5570 ὀφθαλμοῖς
2980 5500 3143 5553 ταὺτὸ
3172 5500 3329 5553 τοῦτο
3372 5503 3702 5569 πεισόμενον
3728 5518 3743 5529 ’

2152 5588 2237 5641 διά
2262 5588 2419 5642 τοῦτο
2453 5591 2650 5656 κα“ιείς
2683 5592 2749 5645 τὸ
2790 5592 2963 5659 τέλος
2996 5595 3029 5663 ἠ
3066 5593 3341 5664 ἐπιγραφὴ
3370 5594 3746 5663 παραπέμπει

2157 5679 2248 5730 τὸν
2282 5679 2698 5751 ἐντυγχάνοντα,
2722 5683 2814 5734 καὶ
2840 5680 3072 5744 συνετῶς
3118 5682 3401 5751 προσέχειν
3428 5685 3531 5743 τοῖς
3578 5682 3745 5749 λεγο-

2160 5769 2339 5839 μένοις
2376 5774 2683 5841 παρεγγυᾷ,
2721 5774 2793 5836 ὼς
2843 5773 2935 5842 τῆς
2978 5772 3320 5844 προφητικῆς
3368 5771 3604 5835 διανοίας
3644 5789 3745 5826 ιε-
