3804 6544
135 341 244 395 677

1334 343 1516 399 EXPO
1528 344 1708 400 SITIO
1739 346 1801 402 IN
1838 346 2172 403 PSALMOS.

3469 280 3483 312 ἐ

3277 349 3380 404 678
3463 317 3484 409 ἒ

134 462 517 533 καλυμμένης,
549 463 639 516 καὶ
689 463 828 532 μετὰ
860 462 1052 532 χρόνου
1101 462 1395 533 δεχομένης
1439 464 1499 517 τὸ
1540 464 1709 527 τέλος.

1833 465 1948 533 ιιιὶα
1979 465 2256 535 passionis
2290 464 2586 522 Dominicaa’
2613 466 2858 522 continet
2887 461 3378 520 adumbrationem-
3469 465 3485 481 "

133 556 282 625 Πρὸς
324 555 380 606 δὲ
410 555 617 617 τούτοις
653 554 745 606 καὶ
790 557 900 617 τοῖς
934 553 1123 624 ὕμνοις
1151 555 1179 605 6
1209 553 1419 623 ψαλμὸς
1465 552 1712 620 ἐγκατεῖ-

131 646 348 710 λεκται,
377 644 740 716 σκιαγραφίαν
767 645 890 697 τινὰ
918 643 1056 714 ἔχων
1092 643 1200 696 τῶν
1234 641 1575 716 Δεσποτικῶν
1607 658 1712 695 πα-

131 737 428 806 θημάτωνο
468 735 673 788 δίκαιον
699 736 809 806 γὰρ
849 735 934 788 ἀεὶ
977 735 1162 804 ὑμνεῖν
1197 734 1288 788 τὸν
1324 734 1496 788 ταῦτα
1521 733 1712 787 παθεῖν

131 831 278 901 ὑπὲρ
336 829 436 899 τῆς
483 828 592 881 τῶν
646 827 948 898 ἀνθρώπων
1000 828 1367 898 ἀνασχόμενον
1417 826 1707 896 σωτηρίας.

142 922 306 974 Ἀλλὰ
327 921 516 992 μηδεὶς
531 922 597 992 τῇ
620 919 966 988 ταπεινότητι
993 916 1102 970 τῶν
1123 918 1383 989 ῥημάτων
1410 915 1711 985 προσέχων,

127 1013 327 1076 ἀνάξια
356 1011 531 1065 ταῦτα
578 1010 818 1082 ἡγείσθω
861 1009 953 1062 τοῦ
988 1009 1241 1079 Σωτῆρος
1269 1007 1503 1078 Χριστοῦ
1534 1023 1549 1038 ο
1585 1022 1712 1058 σκο-

129 1105 304 1155 πείτω
353 1103 410 1156 δὲ
451 1104 526 1166 ὼς
567 1105 595 1155 6
630 1102 792 1172 χολῆς
840 1104 934 1154 καὶ
980 1100 1133 1164 ὄξους
1179 1101 1270 1152 καὶ
1317 1098 1424 1150 τῶν
1458 1097 1713 1150 τοιούτων

129 1193 532 1262 ἀνασχόμενος,
555 1193 654 1244 οὐκ
677 1191 742 1244 ἂν
763 1191 934 1258 λόγων
963 1188 1318 1258 ταπεινότητα
1339 1188 1710 1258 παρῃτήσατο.

129 1283 468 1358 Κατάλληλα
491 1283 599 1352 γὰρ
632 1277 768 1333 εἷναι
801 1280 869 1333 τὰ
904 1281 1124 1351 ῥήματα
1155 1279 1416 1350 προσήκει
1439 1279 1551 1340 τοῖς
1570 1277 1713 1358 πράξ-

130 1353 340 1447 γμασίν
360 1394 374 1407 ·
400 1376 566 1429 αὑτοῦ
593 1375 649 1427 δέ
681 1378 826 1427 ἐστιν
851 1376 882 1444 ή
909 1372 1060 1442 φωνὴ
1087 1372 1166 1435 τὸ,
1193 1371 1418 1425 Μάθετε
1440 1371 1542 1424 ἀπ’
1570 1353 1714 1438 ἐμοῦ

128 1469 220 1520 ὅτι
251 1466 444 1535 πρᾶός
473 1469 587 1536 εἰμι
628 1465 726 1518 καὶ
762 1466 1037 1529 ταπεινὸς
1061 1461 1134 1531 τῇ
1167 1462 1396 1530 καρδίῃ,
1421 1461 1520 1515 καί
1545 1460 1716 1529 εὑρή-

129 1577 272 1613 σετε
317 1559 671 1612 ἀνάπαυσιν
714 1557 842 1622 ταῖς
874 1555 1100 1624 ψυχαῖς
1131 1553 1296 1624 ὑμῶν
1319 1571 1332 1584 ·
1376 1557 1470 1608 καὶ
1510 1554 1671 1608 πάλιν
1697 1567 1712 1581 ·

143 1652 400 1721 Ἐντολῆν
445 1650 657 1711 ἔλαϐον,
693 1649 745 1700 τί
771 1649 908 1701 εἴπω
958 1647 1050 1700 καὶ
1086 1646 1140 1698 τί
1167 1644 1403 1715 λαλήσω,
1442 1643 1537 1696 καὶ
1565 1641 1718 1696 οὐδὲν

127 1744 222 1793 ἀπ’
255 1739 499 1810 ἐμαυτοῦ
534 1737 670 1790 ποιῶ
690 1754 704 1766 ο
732 1739 848 1798 καὶ,
900 1733 1004 1788 Θεέ
1046 1752 1185 1804 μου,
1211 1731 1314 1785 Θεέ
1358 1748 1495 1800 μου,
1526 1731 1626 1782 ἵνα
1661 1728 1720 1780 τί

1814 555 2008 609 Merito
2036 557 2181 610 enim
2216 556 2308 610 ille
2342 557 2557 626 hymnis
2585 557 2947 613 celebrandas
2976 563 3061 611 est
3081 594 3096 618 ,
3128 555 3223 624 qui
3252 554 3382 606 talia

1811 661 1912 716 pro
1945 646 2226 700 hominum
2258 645 2436 700 saluto
2469 646 2581 715 pati
2634 646 2890 701 voluerit.
2935 642 3055 696 Jam
3100 656 3262 696 nemo
3299 640 3385 694 di-

1811 739 2053 792 ctionum
2117 737 2480 792 humilitatem
2532 738 2927 801 considerans,
2976 735 3230 806 indignas
3280 733 3416 787 has-

1813 827 2108 884 Servatore
2156 827 2378 883 Christo
2421 811 2740 883 existimet:
2795 827 3109 882 consideret
3154 823 3381 894 potius,

1811 936 1933 976 eum
1961 921 2054 990 qui
2092 919 2162 974 fel
2191 928 2516 989 acetumque
2546 927 2600 974 et
2634 920 2739 973 alia
2772 915 3154 987 hujuscemodi
3185 914 3386 969 tolera-

1794 1013 1995 1073 verit,
2027 1010 2278 1066 eumdem
2315 1010 2475 1066 facile
2511 1026 2579 1066 ne
2611 1010 2917 1064 dictionum
2955 1007 3176 1078 quidem
3210 1005 3387 1059 humi-

1812 1103 2017 1156 litatem
2053 1103 2412 1157 recusavisse.
2451 1102 2658 1157 Etenim
2691 1101 2855 1156 verba
2887 1113 3194 1153 consonare
3227 1097 3386 1152 faelis

1813 1203 2248 1248 consentaneum
2287 1203 2394 1248 cst.
2429 1192 2562 1246 Nam
2590 1200 2643 1246 et
2670 1193 2844 1262 ipsius
2875 1207 2978 1245 vox
3015 1199 3101 1244 est
3130 1207 3144 1242 :
3187 1187 3387 1242 Discite

1815 1299 1846 1336 a
1882 1301 1962 1338 me
1987 1278 2113 1354 quia
2141 1284 2286 1338 mitis
2317 1300 2432 1337 sum
2460 1272 2511 1337 et
2535 1282 2752 1335 humilis
2791 1281 2946 1335 corde
2965 1321 2980 1344 ,
3021 1290 3070 1334 et
3110 1279 3386 1332 invenietis
3420 1325 3422 1328 ,

1815 1377 2042 1445 requiem
2063 1376 2343 1430 animabus
2369 1376 2553 1430 vestris
2575 1374 2786 1446 (Matth.
2815 1389 2890 1439 ιι,
2915 1373 3042 1441 29).
3079 1372 3142 1426 Et
3168 1387 3386 1436 rursus,

1817 1461 2129 1517 Mandatum
2167 1463 2389 1532 accepi,
2424 1463 2554 1532 quid
2590 1463 2768 1517 dicam
2803 1472 2858 1518 et
2887 1462 3016 1532 quid
3050 1463 3300 1531 eloquar,
3334 1470 3392 1517 et

1817 1552 1952 1606 nihil
1985 1568 2015 1606 a
2050 1568 2136 1608 me
2162 1554 2283 1623 ipso
2313 1553 2478 1608 facio.
2508 1552 2573 1607 Et
2599 1593 2613 1617 ,
2651 1552 2789 1608 Deus
2823 1570 2968 1608 meus
2989 1594 3003 1618 ,
3035 1553 3176 1608 Deus
3206 1568 3352 1608 meus
3372 1593 3388 1618 ,

1815 1657 1980 1711 quare
2011 1641 2342 1712 deretiquisti
2373 1643 2502 1696 me?
2538 1640 2665 1696 Haec
2703 1650 2758 1696 et
2803 1642 2968 1712 hujus
3017 1642 3234 1713 generis
3279 1641 3393 1694 alia

1818 1733 2062 1787 humano
2089 1748 2240 1788 more
2270 1733 2613 1802 loquebatur,
2646 1743 2706 1788 ut
2739 1734 3035 1789 humanam
3081 1749 3238 1789 suam
3288 1750 3388 1788 na-

126 1851 199 1901 ιιε
231 1832 662 1902 ἐγκατέλιπες
686 1829 870 1882 Ταῦτα
895 1828 950 1882 δέ
974 1828 1066 1882 καὶ
1095 1827 1162 1880 τὰ
1183 1825 1406 1879 τοιαῦτα
1439 1823 1712 1893 ἀνθρωπί-

1833 1839 1995 1878 uram
2025 1825 2378 1887 ostenderet,
2415 1833 2578 1894 atque
2608 1835 2668 1879 ut
2700 1843 2758 1881 se
2787 1824 3102 1879 Iudaeorum
3155 1825 3389 1880 infirmi-
3486 1891 3492 1899 .

128 1945 233 1989 νως
261 1925 587 1994 ἐφθέγγετο,
620 1922 714 1975 καὶ⁸
737 1921 834 1992 τὴν
857 1919 1198 1990 ἀνθρωπείαν
1221 1917 1380 1987 φύσιν
1403 1914 1708 1979 ὑπεδείκνυ,

1833 1918 1912 1970 ,ati
1948 1915 2410 1970 accommodaret.
2448 1915 2562 1971 lloc
2591 1925 2742 1971 certe
2774 1917 2900 1972 loco
2929 1917 3100 1972 David
3139 1927 3195 1973 et
3242 1918 3386 1987 inju-

129 2019 223 2072 καὶ
270 2015 580 2088 οἰκονομῶν
627 2015 768 2085 (cod.
804 2011 1118 2082 οἰκοδομῶν)
1157 2010 1256 2080 τὴν
1301 2007 1410 2061 τῶν
1447 2005 1712 2060 Ἰουδαίων

125 2111 416 2163 ἀσθένειαν
436 2125 449 2136 °
475 2106 707 2160 ἐνταῦθα
744 2106 923 2176 μέντοι
946 2105 974 2154 6
1009 2103 1150 2164 θεῖος
1174 2099 1337 2152 Δαϐὶδ
1385 2098 1479 2152 καὶ
1511 2098 1609 2169 τὴν
1634 2098 1714 2160 είς

126 2202 292 2254 αὐτὸν
336 2198 719 2269 γεγενημένην
748 2197 960 2250 ἀδικίαν
982 2194 1238 2259 διδάσκει,
1265 2192 1356 2243 καὶ
1383 2190 1479 2262 τὴν
1521 2191 1600 2252 είς
1625 2188 1716 2242 τὸν

126 2293 418 2362 Δεσπότην
451 2289 715 2360 ἐσομένην
764 2287 1181 2358 προδιαγράφει,
1225 2286 1292 2353 τῇ
1323 2282 1576 2350 κοινωνίᾳ⁸
1601 2279 1709 2333 τῶν

1816 2009 1930 2062 rias
1963 2007 2068 2062 sibi
2101 2007 2284 2062 illatas
2315 2007 2506 2070 docet,
2543 2015 2598 2062 et
2627 2009 2792 2063 simul
2829 2008 3064 2064 Domino
3095 2017 3392 2065 eventuras

1820 2099 2112 2170 pra-dicit;
2147 2100 2219 2153 ob
2261 2101 2584 2170 passionum
2631 2105 3080 2158 communionem
3125 2103 3393 2173 plaudens

1822 2193 1961 2252 sibi,
1997 2207 2064 2246 ac
2094 2193 2493 2263 propemodum
2529 2209 2654 2248 cum
2687 2194 2858 2248 Paulo
2889 2196 3246 2250 exclamans:
3280 2194 3393 2266 Ego

1826 2284 2084 2352 stigmata
2113 2283 2326 2337 Domini
2355 2283 2486 2340 Jesu
2519 2284 2574 2338 in
2605 2299 2839 2356 corpore
2875 2301 2996 2342 meo
3030 2294 3215 2356 porto.

124 2373 478 2454 παθημάτων
511 2382 934 2454 ἐναϐρυνόμενος
963 2379 1056 2433 καὶ
1083 2377 1362 2449 μονονουχὶ
1391 2375 1528 2446 βοῶν
1557 2373 1696 2446 μετὰ
1729 2374 1974 2428 Παύλου*
2024 2375 2165 2444 Ἐγὼ
2199 2376 2270 2430 τὰ
2309 2376 2579 2448 στίγματα
2609 2378 2702 2432 τοῦ
2731 2378 2933 2449 Κυρίου
2996 2378 3172 2449 Ἰησοῦ
3216 2381 3274 2433 ἐν
3316 2379 3395 2450 τῷ

123 2478 348 2548 σώματί
377 2495 482 2548 μου
512 2476 787 2546 βαστάζω.

704 2566 995 2621 ΨΑΛΜυΣ
1031 2565 1157 2620 ΝΔ’.

195 2663 356 2732 sax.
383 2661 526 2731 β’.-
550 2660 643 2731 Μὴ
674 2659 972 2730 διαπτύσῃς
993 2659 1095 2727 (ι),
1120 2657 1253 2728 μηδὲ
1283 2659 1717 2730 καταφρονήσῃς,

132 2755 350 2824 μικρὰν
402 2752 572 2822 αὐτὴν
615 2751 710 2804 καὶ
754 2749 944 2819 εὐτελῆ
999 2749 1374 2819 λογισάμενος.
1417 2749 1719 2820 Ὑπεριδεῖν

128 2845 244 2913 γὰρ
277 2843 502 2910 λέγεται
550 2842 609 2894 τὸ
657 2841 1102 2912 καταφρονῆσαι,
1161 2841 1237 2904 ὡς
1281 2842 1478 2912 μικροῦ
1514 2843 1606 2895 καὶ
1639 2842 1722 2894 ού-

128 2931 310 2993 δενός.

205 3019 365 3088 Στίχ.
390 3023 459 3085 γ’.
487 3015 906 3088 -ΞΛδολεσχίαν
952 3019 1108 3072 καλεῖ
1162 3020 1365 3084 παντὸς
1405 3022 1725 3092 πράγματος

2368 2564 2691 2623 PSALMUS
2724 2566 2854 2624 LIV.

1895 2651 2062 2708 Vens.
2090 2653 2147 2710 2.
2171 2684 2240 2692 —
2265 2652 2389 2710 Noli
2426 2670 2704 2726 respuere,
2737 2657 2823 2712 vel
2859 2664 3230 2720 contemnere,
3267 2671 3394 2726 par-

1825 2756 1948 2796 vam
1981 2752 2036 2798 et
2063 2743 2227 2798 vilem
2284 2743 2431 2798 illam
2459 2744 2762 2800 wstimans.
2808 2745 3099 2816 Despicere
3131 2745 3279 2799 enim
3311 2747 3396 2799 di-

1829 2834 1975 2888 citur
2004 2833 2146 2890 idem
2183 2835 2330 2906 quod
2369 2843 2742 2912 contemnere,
2790 2846 3048 2909 tanquam
3085 2839 3216 2908 quid
3246 2839 3399 2909 parvi

1828 2933 1884 2981 ct
1924 2925 2130 2980 nullius
2153 2929 2414 2993 momenti

1905 3015 2068 3073 Vens.
2105 3019 2159 3073 '5.
2210 3049 2278 3059 —
2308 3017 2764 3074 Exercitationem
2815 3028 2973 3075 vocat
3022 3020 3400 3089 cujuscunque

131 3107 450 3177 συνέχειαν.
494 3108 566 3159 Τὸ
598 3103 711 3172 οὖν,
767 3110 1113 3178 Ἐλυπήθην
1158 3111 1228 3164 ἐν
1269 3111 1343 3180 τῇ
1394 3112 1717 3180 ἀδολεσχίᾳ

1833 3108 2036 3178 negotii
2075 3107 2575 3162 continuationem.
2617 3106 2766 3163 Istud
2804 3109 2992 3178 igitur,
3039 3108 3400 3164 Contristatus

126 3215 280 3266 μου,
331 3195 432 3249 καὶ
463 3197 799 3266 ἐταράχθην
825 3216 838 3228 ·
868 3203 1143 3262 τουτέστι,
1181 3202 1386 3273 Συνεχῆ
1419 3204 1517 3275 τὴν
1551 3205 1728 3275 λύπην

133 3290 305 3356 ἔσχον
338 3287 435 3339 καὶ
469 3289 568 3357 τὴν
591 3289 834 3359 ταραχὴν
858 3290 964 3342 ἀπὸ
993 3290 1085 3343 τοῦ
1119 3291 1352 3362 πλήθους
1393 3294 1489 3346 ,ὦν
1519 3295 1725 3360 κακῶν,

131 3379 320 3432 ἆλλων
356 3378 446 3430 ἐπ’
475 3380 654 3442 ἄλλοις
692 3381 780 3433 ἀεὶ
817 3382 1245 3452 συμϐαινόντων.

207 3553 365 3623 Στίχ.
389 3553 470 3605 ιδ’.
503 3583 572 3593 -
596 3553 907 3626 Σύμμαχος,
937 3559 1108 3612 Ἀλλὰ
1145 3559 1226 3614 σὺ
1251 3561 1558 3629 ἅνθρωπος
1590 3565 1724 3633 ὀμό-

131 3657 387 3710 τροπος,
406 3642 505 3696 καὶ
531 3645 822 3713 συνήθης,
840 3647 935 3700 καί
966 3649 1268 3719 γνώριμος.
1289 3653 1361 3705 Τὸ
1377 3653 1453 3719 δὲ,
1470 3651 1730 3723 Ἦγεμών

129 3756 280 3805 μου,
312 3736 498 3799 καλῶς
525 3737 600 3800 ὡς
638 3739 771 3808 πρὸς
800 3739 888 3793 τὸν
922 3742 1169 3813 Σίμωναο
1207 3744 1390 3815 ἐπειδὴ
1421 3744 1515 3798 τοῦ
1547 3765 1725 3816 μακα-

136 3830 261 3901 ρίου
310 3827 488 3880 Ὀνίου
518 3828 1017 3900 ἀρχιερατεύοντος,
1050 3834 1379 3905 προστασίαν
1418 3835 1538 3888 τινὰ
1569 3836 1726 3904 ἐγκε-

131 3919 407 3989 χείριστο.
462 3917 650 3981 Οῦτως
702 3921 973 3991 ἡγεμόνας
1023 3924 1116 3976 καὶ
1156 3925 1420 3996 ἄρχοντας
1466 3926 1727 3997 βασιλέων

133 4009 420 4079 καλοῦμεν
453 4011 579 4073 τοὺς
605 4011 697 4064 ὑπ’
727 4013 904 4065 αὐτῶν
951 4015 1306 4084 πράττοντας,
1340 4018 1447 4070 εἴτε
1476 4017 1604 4088 παρ’
1632 4018 1728 4072 αύ-

129 4105 248 4157 τῶν
275 4103 379 4174 τὴν
409 4103 583 4176 ἀρχὴν
613 4105 1140 4178 ἐγκεχειρισμένους.

644 4278 647 4281 ’
714 4305 1007 4361 trames
1041 4309 1166 4364 NZ'.

1828 3213 1944 3251 sum
1999 3198 2053 3251 in
2108 3198 2482 3252 exercitatione
2522 3213 2659 3260 mea,
2709 3211 2756 3252 et
2792 3199 3178 3262 conturbatus;
3212 3199 3265 3252 id
3296 3207 3428 3260 cst..

1827 3289 2162 3344 Continuam
2218 3289 2385 3343 habui
2444 3287 2723 3343 tristitiam
2767 3300 2821 3344 et
2846 3290 3322 3344 conturbationem
3372 3302 3402 3340 a

1827 3380 2178 3436 multitudine
2219 3384 2509 3445 malorutn,
2561 3380 2690 3434 dum
2741 3382 2850 3435 alia
2901 3397 2966 3437 ex
3019 3381 3143 3436 aliis
3190 3395 3404 3450 semper

1827 3473 2104 3526 oriuntur.

1902 3561 2069 3618 Vens.
2100 3563 2282 3616 UL—
2313 3563 2696 3635 Symmachus,
2737 3562 2840 3618 Sed
2884 3573 2940 3616 tu
2990 3563 3144 3618 homo
3193 3578 3404 3617 eorum-

1828 3657 1946 3711 dem
1984 3673 2214 3720 morum,
2262 3666 2313 3710 et
2371 3656 2658 3722 familiaris
2708 3673 2873 3720 meus,
2936 3668 2986 3712 et
3043 3667 3218 3710 notus.
3269 3655 3406 3716 Illud

1827 3764 1982 3811 vero,
2027 3747 2148 3801 Dua:
2189 3749 2356 3811 meus,
2403 3757 2553 3804 recte
2588 3759 2849 3819 tanquam
2897 3747 2964 3801 ad
3007 3745 3284 3801 Simonem
3323 3748 3406 3798 di-

1829 3849 2012 3905 ctum;
2047 3846 2107 3893 ut
2130 3842 2266 3909 ‘qui,
2301 3839 2437 3893 Onia
2482 3855 2739 3908 supremo
2783 3839 3094 3894 sacerdotio
3126 3839 3406 3908 fungente,

1831 3929 2214 4000 praefecturam
2257 3931 2494 4000 aliquam
2525 3932 2768 4001 gerebat.
2814 3930 2929 3986 Iloc
2965 3930 3127 3984 modo
3148 3928 3317 3983 duces
3353 3937 3408 3981 et

1829 4024 2187 4090 imperatores
2225 4037 2414 4094 regum
2452 4023 2794 4093 appellamus
2842 4037 2939 4078 eos
2969 4021 3063 4091 qui
3106 4021 3240 4091 ipsis
3273 4019 3406 4073 sub-

1829 4111 2070 4166 ordinati
2116 4120 2282 4177 sunt,
2330 4112 2446 4168 sive
2503 4113 2598 4182 qui
2651 4114 2720 4167 ab
2769 4112 2904 4184 ipsis
2954 4111 3244 4182 imperium
3298 4111 3407 4166 sibi

1829 4202 2205 4258 concreditum
2239 4213 2592 4273 acceperunt.

2355 4311 2681 4369 PSALMUS
2710 4310 2870 4368 LVII.

201 4395 368 4468 Στίχ.
400 4402 486 4450 ια’.
519 4395 665 4450 -Ἢ
693 4396 748 4450 δὲ
777 4399 855 4460 είς
893 4399 1057 4468 ὑμᾶς,
1081 4399 1230 4467 φησὶ,
1252 4399 1489 4471 τιμωρία
1530 4401 1717 4473 εὐφρο·

1904 4402 2073 4460 Vens.
2099 4406 2187 4460 Η.
2211 4436 2280 4446 -
2308 4404 2568 4461 Vestrum
2597 4415 2802 4472 autem,
2838 4403 3040 4476 inquit,
3073 4403 3408 4476 supplicium

129 4487 315 4557 σύνην
360 4485 584 4557 παρέξει
624 4489 734 4556 τοῖς
761 4487 1005 4554 δικαίοις,
1034 4494 1146 4553 τοῖς
1185 4491 1279 4543 νῦν
1309 4491 1397 4560 ὑφ’
1431 4491 1583 4561 ὑμῶν
1607 4495 1728 4545 ἐπι-

126 4577 582 4644 ϐουλευομένοις.

204 4668 545 4735 Θεοδώρου.
577 4670 652 4722 Τὸ
683 4673 993 4724 γιπτεσθαι
1037 4672 1070 4742 ἡ
1107 4672 1223 4726 θεία
1260 4674 1449 4746 Γραφὴ
1491 4677 1723 4747 συνεχῶς

126 4757 418 4827 λαμϐάνει
465 4758 558 4809 ἐπὶ
609 4758 702 4811 τοῦ
761 4760 794 4828 ἢ
841 4763 1114 4813 κοινωνεῖν
1154 4779 1256 4816 τινι
1310 4764 1342 4834 ἢ
1391 4765 1466 4835 μὴ
1521 4783 1723 4819 κοινω-

124 4853 277 4903 νεῖν.
305 4848 478 4901 Τοῦτο
508 4848 616 4920 γὰρ
645 4849 765 4911 ἐθος
785 4852 896 4912 τοῖς
925 4851 1190 4918 παλαιοῖς,
1218 4854 1304 4906 διὰ
1332 4854 1414 4908 τοῦ
1447 4857 1726 4911 νίπτεσθαι

122 4943 239 5004 τὰς
290 4941 482 5008 χεῖρας
531 4941 814 5009 σημαίνειν
850 4942 1104 5013 ὁπότερον
1137 4943 1203 4996 ἂν
1249 4945 1544 5002 ἐϐούλοντο.
1576 4949 1731 5004 Οὖτω

125 5035 232 5087 καὶ
287 5033 518 5094 Πιλᾶτος
558 5035 615 5086 ἐν
661 5037 773 5096 τοῖς
811 5033 1159 5103 Εὖαγγελίοις
1197 5039 1444 5108 φαίνεται
1469 5041 1547 5110 τῷ
1574 5041 1730 5111 νίψαι⁹

128 5125 270 5179 σθαι
303 5123 406 5186 τὰς
435 5126 622 5195 χεῖρας
649 5126 946 5194 σημαίνων,
976 5127 1059 5179 ὅτι
1099 5127 1172 5199 μὴ
1211 5133 1439 5201 κοινωνῇ
1479 5131 1557 5202 τῷ
1587 5133 1730 5204 φόνῳ

122 5216 291 5267 κατὰ
317 5213 414 5267 τοῦ
445 5214 703 5285 Χριστοῦ.
733 5215 887 5268 Οὕτω
928 5218 1019 5270 καὶ
1048 5218 1270 5289 ἑτέρωθί
1300 5238 1462 5292 φησιν
1489 5223 1518 5274 6
1549 5225 1729 5293 μακά-

125 5325 262 5377 per);
299 5306 496 5360 Δαϐίδ’
546 5308 808 5375 [Vl-grauat
851 5309 920 5360 ἐν
946 5309 1154 5376 ἀθώοις
1207 5312 1312 5375 τὰς
1349 5313 1550 5382 χεῖράς
1578 5333 1728 5383 μου·

121 5399 416 5464 τουτέστι,
455 5399 567 5470 Τὴν
624 5401 759 5468 πρὸς
809 5403 1006 5464 αὐτοὺς
1053 5404 1366 5476 ἀσπάσομαι
1427 5409 1730 5463 κοινωνίαν.

136 5490 424 5548 Ἐνταῦθα
457 5487 551 5544 οὖν
575 5491 731 5545 τοῦτο
756 5492 920 5561 λέγει,
947 5495 1028 5547 ὅτι
1073 5497 1102 5548 ὁ
1138 5495 1340 5560 δίκαιος
1370 5499 1427 5549 ἐν
1455 5500 1519 5568 τῇ
1551 5503 1730 5570 σφαγῇ

119 5586 234 5638 καὶ
267 5582 347 5635 τῶ
381 5582 598 5652 θανάτῳ
624 5581 716 5634 τοῦ
749 5583 1071 5653 ἁμαρτωλοῦ
1098 5586 1432 5658 δειχθήσεται
1464 5590 1733 5662 μηδεμίαν

205 5761 259 5829 (1
277 5759 294 5832 j
330 5758 411 5814 Ex
441 5756 732 5814 Corderio.

1833 4498 2076 4553 laetitiam
2108 4499 2372 4569 praebebit
2402 4499 2572 4570 justis
2607 4499 2740 4563 ilis,
2769 4500 2864 4570 qui
2904 4511 3050 4553 nunc
3080 4513 3110 4552 a
3138 4497 3293 4554 vobis
3327 4498 3410 4551 in-

1832 4591 1991 4646 sidiis
2025 4591 2388 4661 itnpetuntur.

1903 4681 2031 4736 IBID.
2075 4711 2146 4723 -—-
2182 4680 2463 4736 Theodori.
2530 4681 2768 4738 Verbum
2847 4681 3064 4737 lavandi
3124 4679 3412 4752 Scriptura

1830 4774 2014 4828 divina
2052 4789 2268 4844 semper
2299 4775 2499 4844 accipit
2530 4790 2631 4844 pro
2655 4775 3156 4831 communicatione
3191 4775 3276 4828 vel
3303 4789 3410 4827 non

1834 4863 2334 4919 communicatione
2362 4865 2618 4934 alicujus.
2647 4865 2741 4919 Illa
2788 4866 2934 4920 enim
2966 4873 3086 4920 erat
3113 4874 3435 4919 consuetur

1836 4955 1907 5010 do
1936 4956 2236 5018 veteribus,
2260 4967 2318 5010 ιιι
2347 4971 2441 5026 per
2467 4958 2727 5012 lotionem
2760 4973 3022 5012 manuum
3057 4959 3412 5015 alterutrum,

1838 5046 2298 5115 proutvolebant,
2351 5047 2747 5118 significarent.
2787 5049 2878 5103 Sic
2919 5048 3083 5102 etiam
3119 5047 3324 5100 Pilatus
3359 5046 3416 5099 in

1839 5135 2148 5204 Evangeliis
2178 5137 2398 5193 videtur
2439 5154 2536 5210 per
2584 5139 2845 5194 lotionem
2893 5153 3160 5192 manuum
3209 5136 3416 5207 signiﬁ-

1838 5243 2016 5290 casse,
2040 5243 2099 5284 se
2123 5244 2228 5284 non
2255 5231 2666 5286 communicare
2691 5231 2826 5286 credi
2850 5230 3079 5286 Christi.
3131 5228 3224 5282 Sic
3247 5229 3415 5282 etiam

1839 5319 1946 5374 alio
1990 5320 2112 5375 loco
2141 5321 2336 5376 beatus
2373 5321 2542 5377 David
2570 5323 2646 5377 ait
2675 5342 2687 5376 :
2725 5321 2934 5376 Lavabo
2963 5323 3099 5375 inter
3119 5322 3415 5374 innocentes

1839 5427 2026 5465 manus
2059 5429 2200 5468 meas
2220 5431 2239 5478 ;
2279 5413 2330 5468 id
2359 5424 2460 5477 est,
2492 5429 2616 5469 cum
2663 5414 2802 5484 ipsis
2845 5414 3148 5482 amplectar
3170 5427 3419 5466 commu-

1841 5504 2187 5560 nicationem.
2212 5505 2308 5558 Hic
2325 5520 2454 5575 ergo
2479 5505 2634 5568 dicit,
2660 5505 2871 5575 justum
2897 5505 2952 5558 in
2978 5503 3125 5558 caede
3145 5517 3209 5557 ac
3242 5512 3419 5557 morte

1841 5597 2147 5666 peccatoris
2187 5597 2523 5652 declaratum
2579 5598 2644 5652 iri
2694 5597 2901 5652 nullam
2946 5597 3151 5651 habere
3185 5609 3310 5650 cum
3350 5595 3419 5650 iis
