3904 6530
438 350 550 431 ,στι

1627 341 1979 400 TUEODORI
2018 343 2499 401 MOPSUESTENI

3583 344 3677 400 680

442 471 1021 532 communicationem,
1065 465 1169 520 hoc
1207 472 1311 531 est,
1354 464 1566 534 justum
1610 459 2011 530 appariturum.

2135 458 2257 531 εχειν
2285 458 2421 530 πρὸς
2457 457 2650 521 αὐτοὺς
2690 458 2991 521 κοινωνίαν,
3032 457 3339 522 τουτέστιν,
3373 457 3680 528 ἀποφανθή-

443 562 581 619 Cum
610 562 755 618 enim
799 561 875 614 illi
906 564 1189 627 prOpterea
1229 553 1550 624 puniantur,
1592 549 1652 604 bi
1688 555 1872 602 autem
1899 562 2015 600 ma-

444 664 613 710 neant
668 653 747 707 nil
800 650 929 704 mali
980 645 1274 713 patientes,
1331 646 1527 700 borum
1560 640 1739 695 virtus
1789 639 2017 694 demon-

445 754 676 805 stratur.

516 840 683 895 Vens.
728 835 817 890 12.
843 863 913 876 -
938 831 1203 888 Nonnulli
1246 828 1418 893 istud,
1476 823 1665 893 Utique
1699 830 1777 876 est
1812 820 2016 890 fructus

434 932 607 1002 justo,
646 943 743 999 per
790 924 1280 995 interrogationem
1319 921 1603 989 legerunt;
1634 928 1698 968 ac
1737 912 1784 968 si
1823 910 2019 967 scisci-

445 1030 694 1079 tarentur
726 1028 913 1075 utrum
943 1018 1017 1073 sit
1055 1035 1069 1071 :
1096 1013 1242 1085 quod
1268 1013 1323 1067 in
1350 1005 1683 1082 syllogismis
1711 1004 1896 1060 dicere
1923 1018 2018 1059 so-

444 1118 641 1178 lemus,
696 1109 957 1179 Nunquid
1018 1105 1158 1163 hoc?
1208 1105 1265 1160 id
1321 1110 1425 1166 est,
1472 1099 1689 1167 Ergone
1736 1094 1887 1149 hoc?
1937 1094 2018 1149 sic

443 1208 607 1264 etiam
652 1206 755 1260 hoc
786 1204 909 1257 loco
952 1202 1051 1263 ait,
1096 1198 1243 1269 quod
1291 1209 1416 1250 cum
1456 1192 1572 1245 haec
1612 1188 1753 1241 facta
1793 1185 2016 1251 fuerint,

444 1315 638 1356 omnes
666 1297 864 1353 dicturi
886 1297 1017 1358 sint,
1049 1291 1319 1359 Quoniam
1346 1301 1471 1341 vere
1498 1290 1583 1338 est
1619 1280 2017 1347 fructusjusto,

444 1402 499 1447 et
529 1408 638 1447 nou
683 1390 802 1445 sine
849 1385 1098 1441 mercede
1124 1380 1397 1452 justitiam
1426 1379 1667 1430 exercet.
1700 1369 1841 1423 Ecce
1873 1368 2019 1423 enim

447 1494 735 1558 prapterea
765 1480 939 1550 puniti
970 1485 1100 1531 sunt
1128 1473 1223 1544 qui
1258 1470 1395 1541 ipsis
1422 1464 1856 1521 insidiabantur.

976 1564 1303 1624 PSALMUS
1342 1560 1525 1617 LVIII.

516 1666 685 1723 Vsus.
718 1667 773 1721 7.
806 1695 877 1705 —
907 1663 1009 1717 llic
1056 1660 1224 1714 etiam
1268 1664 1353 1712 est
1387 1665 1651 1722 temporis
1692 1646 2019 1709 immutatio,

446 1779 547 1836 pro
575 1770 968 1824 convertantur,
996 1763 1050 1811 et
1072 1755 1415 1813 circumeant,
1441 1755 1494 1802 et
1516 1747 1709 1817 {autem
1727 1743 2021 1811 patiantur.

2118 568 2270 605 σεται
2312 552 2535 614 δίκαιος.
2561 553 2724 603 Ὅταν
2774 549 2883 620 γὰρ
2929 551 3123 601 ἐκεῖνοι
3156 548 3243 600 διὰ
3284 548 3490 600 τούτων
3526 549 3680 601 καλὼ

2117 643 2338 708 ζωνται,
2366 640 2508 697 οῦτοι
2532 642 2588 695 δὲ
2621 642 2820 712 μένωσι
2860 641 3022 712 μηδὲν
3043 639 3337 709 πάσχοντες
3367 639 3557 703 κακὸν,
3582 639 3681 692 δεί-

2117 753 2305 790 κνυται
2329 735 2532 789 τούτων
2558 737 2591 805 ἡ
2620 735 2809 805 ἀρετή.

2186 829 2330 897 Στίχ.
2362 826 2676 897 ιβ’.--Τινὲς
2704 827 2929 893 τδ,¹Ἀρα
2953 825 3085 879 ἐστὶ
3104 824 3331 892 καρπὸς
3359 822 3444 887 τῷ
3464 821 3683 888 δικαίῳ,

2118 921 2237 972 κατ’
2261 921 2524 991 ἐρώτησιν
2552 919 2859 988 ἀνέγνωσαν
2880 936 2893 948 ·
2916 920 3114 972 ὡσανεὶ
3140 917 3580 987 πυνθανομένων,
3610 918 3685 968 ὅτι

2117 1012 2181 1064 Εἰ
2213 1011 2357 1065 ἔστιν
2392 1012 2519 1082 ἄρα,
2551 1012 2683 1082 ὅπερ
2727 1009 2844 1072 έθος
2892 1012 3023 1080 ἡμῖν
3065 1012 3122 1063 ὲν
3161 1011 3273 1072 τοῖς
3319 1006 3689 1075 συλλογισμοῖς

2118 1101 2314 1169 λέγειν,
2343 1104 2390 1154 εἰ
2419 1102 2493 1173 μὴ
2509 1102 2664 1166 τόδεζ;
2692 1102 2810 1155 ἀντὶ
2830 1100 2944 1165 τοῦ,
2975 1100 3182 1165 Οὐκοῦν
3204 1100 3321 1153 τόδε
3347 1118 3362 1166 ;
3388 1098 3534 1152 οὕτω
3568 1100 3690 1151 κάν-

2118 1195 2289 1247 ταῦθα
2316 1194 2482 1263 λέγει,
2515 1195 2595 1247 ὅτι
2626 1193 2827 1247 τούτων
2865 1194 3189 1263 γενομένων,
3226 1192 3426 1254 πάντες
3458 1190 3688 1261 ἐροῦσιν,

2118 1281 2199 1345 ὅτι
2227 1280 2438 1352 ἀληθῶς
2470 1282 2581 1334 ἐστι
2611 1281 2689 1352 τῷ
2733 1283 2923 1352 δικαίῳ
2966 1282 3195 1352 καρπὸς,
3233 1284 3324 1335 καὶ
3371 1282 3472 1334 οὐκ
3506 1278 3691 1348 ἀμισθὶ

2118 1372 2217 1443 τὴν
2271 1373 2612 1443 δικαιοσύνην
2667 1373 2976 1444 ἐργάζεται.
3020 1374 3147 1426 Ἰδοὺ
3185 1372 3293 1442 γᾴρ
3342 1370 3447 1424 ὑπὸ
3492 1368 3689 1423 τούτων

2121 1464 2541 1535 ἐτιμωρήθησαν
2569 1467 2619 1518 οἱ
2644 1463 3077 1526 ἐπιϐουλεύοντες
3102 1463 3304 1525 αὐτοῖς.

2682 1554 2971 1609 ΨΑΛΜΟΣ
2998 1555 3127 1607 ΝΗ’.

2192 1649 2340 1719 Στίχ.
2368 1646 2432 1713 ζ’.
2458 1649 2834 1719 -Ἐναλλαγὴ
2866 1646 3144 1701 κάνταῦθα
3184 1644 3397 1715 χρόνου,
3427 1641 3551 1694 ἀντὶ
3583 1638 3694 1707 τοῦ,

2138 1741 2722 1811 Ἐπιστρεψάτωσαν,
2742 1741 2835 1796 καὶ
2860 1738 3338 1794 κυκλωσάτωσαν
3354 1777 3367 1798 ,
3388 1735 3485 1787 καὶ
3518 1737 3693 1801 lquo-

447 1858 605 1928 Quod
652 1866 835 1911 autem
875 1851 1011 1906 dicit
1044 1854 1131 1902 est
1161 1840 1437 1915 ejusmodi
1468 1859 1481 1893 :
1512 1838 1783 1904 Quoniam
1820 1848 2016 1890 canum

2135 1834 2419 1928 ξάτωσαγ.
2432 1835 2497 1887 Ὀ
2509 1834 2564 1887 δὲ
2585 1834 2728 1903 λέγει
2739 1832 2975 1886 τοιοῦτον
2994 1833 3157 1883 ἐστιν·
3177 1827 3392 1897 Ἐπειδὴ
3403 1826 3515 1878 τῶν
3527 1824 3698 1877 κυνῶν

447 1952 731 2023 proprium
780 1951 867 2001 est
917 1938 1098 1995 noctis
1150 1946 1399 2005 tempore
1450 1929 1687 1984 circuire
1740 1926 2019 1981 civitatem

449 2045 782 2103 universam,
808 2046 862 2091 et
895 2029 1197 2103 majoribus
1229 2026 1309 2081 uti
1344 2023 1606 2088 vocibus;
1637 2019 1876 2075 maxime
1909 2030 2023 2070 au—

449 2146 556 2193 tem
590 2137 692 2189 hoc
733 2129 965 2189 faciunt,
1009 2120 1231 2194 quando
1275 2114 1568 2187 contigerit
1608 2114 1760 2183 ipsos
1809 2107 2025 2165 esurire

446 2229 553 2284 cibi
580 2226 818 2295 indigos.
856 2218 1047 2274 Simile
1082 2212 1238 2285 quid,
1273 2209 1472 2280 inquit,
1493 2205 1748 2260 hostibus
1770 2200 2022 2265 eveniat;

448 2336 481 2375 a
510 2291 767 2391 praesenti
792 2310 1056 2369 felicitate
1092 2306 1152 2360 in
1198 2301 1355 2373 pejus
1386 2312 1484 2368 per
1510 2291 1841 2364 supplicium
1871 2298 2023 2343 tuum

449 2415 847 2468 convertantur
876 2422 891 2459 :
921 2410 975 2457 et
1005 2400 1147 2455 sicut
1179 2408 1366 2455 canes,
1398 2390 1576 2444 noctis
1610 2396 1855 2454 tempore
1886 2395 1915 2434 a
1945 2377 2027 2433 fa-

450 2521 539 2561 me
575 2499 814 2563 obsessi,
845 2499 903 2551 in
931 2490 1168 2549 circuitu
1200 2485 1476 2541 ululantes
1513 2479 1857 2533 circumeunt
1888 2469 2025 2525 civi-

450 2607 619 2653 tatem
640 2635 655 2659 ,
680 2593 762 2650 sic
786 2599 842 2646 et
869 2588 925 2643 bi
958 2582 1232 2655 supplicio
1258 2586 1355 2632 tuo
1383 2574 1475 2629 icti
1506 2571 1715 2641 cjulent
1750 2566 1818 2621 ad
1855 2565 2027 2619 instar

450 2656 684 2752 canum;
716 2684 790 2739 ita
823 2688 882 2737 ut
911 2694 978 2735 ex
1008 2678 1127 2747 ipsa
1163 2686 1297 2727 voce
1324 2656 1627 2740 ejuiatuum
1671 2659 1751 2714 tui
1792 2660 1846 2712 in
1876 2656 2027 2725 ipsos

450 2745 707 2854 supplicii
731 2778 991 2846 appareat
1022 2745 1362 2836 magnitudo.
1394 2753 1681 2825 Temporis
1713 2756 1892 2803 autem
1921 2745 2025 2799 im-

450 2840 820 2930 mutationem
838 2862 1046 2919 indicat
1069 2854 1437 2930 Symmachus
1462 2848 1675 2910 dicens,
1703 2840 2021 2897 Convertun-

452 2974 541 3019 tur
575 2960 644 3016 ad
671 2970 955 3027 uesperam.

520 3139 691 3198 Vsus.
721 3138 776 3192 8.
810 3160 881 3175 -
902 3132 1007 3187 Hic
1031 3130 1193 3185 etiam
1227 3120 1380 3179 istud
1412 3134 1528 3173 ecce
1558 3115 1833 3184 adjectum
1856 3117 1938 3165 est
1963 3122 2027 3163 ex

2129 1927 2258 1981 ἴδιον
2278 1928 2417 1982 me:
2438 1928 2527 1980 τὸν
2542 1926 2641 1995 τῆς
2655 1924 2842 1987 νυκτὸς
2863 1923 3049 1992 καιρὸν
3065 1920 3335 1991 περιιέναι
3356 1935 3417 1969 τε
3436 1916 3537 1985 τὴν
3553 1915 3699 1966 πόλιν

2127 2021 2364 2085 ἃπασαν,
2386 2021 2476 2073 καὶ
2508 2018 2716 2090 μείζοσι
2747 2015 3044 2087 κεχρῆσθαι
3072 2015 3190 2073 ταῖς
3216 2012 3450 2080 φωναῖς⁹
3490 2005 3699 2059 ποιοῦσι

2127 2114 2183 2167 δὲ
2231 2112 2362 2167 αὐτὸ
2409 2112 2675 2184 μάλιστα,
2731 2108 2948 2163 ἐπειδὰν
2997 2103 3263 2177 ωμῦαίνῃ
3315 2102 3411 2155 καὶ
3463 2097 3702 2170 π[ε]ινᾷν

2127 2203 2413 2275 δεχθέντας
2455 2204 2693 2275 τροφῆςο
2747 2199 2984 2254 τοιοῦτόν
3048 2216 3101 2251 τι
3155 2196 3281 2267 περὶ
3328 2190 3439 2246 τῶν
3494 2190 3703 2260 ἐχθρῶν

2130 2312 2262 2367 φησι
2286 2314 2299 2327 ο
2330 2296 2875 2367 Μεταστραφήτωσαν
2906 2291 3013 2344 ἀπὸ
3039 2290 3135 2360 τῆς
3162 2287 3257 2342 νῦν
3286 2283 3596 2358 εὐπραγίας
3629 2282 3703 2343 είς

2128 2386 2191 2439 τὸ
2222 2390 2402 2457 χεῖρον
2432 2388 2498 2456 τῇ
2543 2385 2695 2455 παρὰ
2739 2382 2831 2436 σοῦ
2864 2381 3132 2451 τιμωρίᾳ.⁹
3168 2377 3263 2431 καὶ
3294 2375 3486 2443 ὥσπερ
3521 2372 3701 2433 κύνες,

2130 2474 2270 2527 κατὰ
2295 2474 2385 2527 τὸν
2406 2472 2593 2545 καιρὸν
2640 2472 2738 2541 τῆς
2778 2472 2967 2534 νυκτὸς
3002 2470 3104 2523 ὑπὸ
3142 2466 3301 2538 λιμοῦ
3334 2464 3701 2533 συνεχόμενοι,

2131 2565 2315 2636 κύκλῳ
2337 2565 2563 2634 βοῶντες
2582 2564 2678 2635 τὴν
2704 2563 2856 2617 πόλιν
2884 2558 3246 2631 ἐκπεριίασιν·
3268 2557 3412 2609 οὕτω
3438 2556 3538 2608 καὶ
3564 2547 3704 2606 οὗτοι

2131 2660 2196 2729 τῇ
2226 2657 2379 2728 παρὰ
2401 2656 2492 2710 σοῦ
2529 2654 2768 2726 τιμωρίᾳ
2805 2653 3098 2722 πληγέντες
3130 2648 3529 2712 ὀλολυξέτωσαν
3550 2645 3704 2713 ὅμοια

2131 2750 2245 2811 τοῖς
2267 2750 2452 2803 κυσίνο
2484 2746 2623 2801 ὥστε
2663 2746 2760 2800 καὶ
2803 2748 2869 2817 τῇ
2901 2746 3051 2815 φωνῇ
3090 2741 3200 2796 τῶν
3240 2736 3557 2808 ὀλολυγμῶν
3588 2736 3707 2804 φαί-

2134 2841 2318 2900 νεσθαι
2349 2840 2451 2910 τῆς
2478 2839 2746 2911 τιμωρίας
2773 2854 2866 2891 σου
2897 2837 2998 2905 τῆς
3033 2838 3110 2899 είς
3135 2834 3329 2895 αὐτοὺς
3368 2831 3430 2883 τὸ
3459 2828 3704 2900 μέγεθος.

2134 2936 2246 3007 Τὴν
2274 2936 2329 2989 δὲ
2363 2934 2659 3005 ἐναλλαγὴν
2694 2932 2786 2985 τοῦ
2818 2932 3008 3002 χρόνου
3039 2930 3275 2983 δείκνυσι
3306 2924 3607 2996 Σύμμαχος
3632 2924 3706 2975 εἱ-

2080 3100 2083 3101 ,
2136 3025 2273 3090 πὼν,
2315 3023 2880 3094 Ἐπιο-τρεψάτωσαν
2916 3024 3003 3089 εὶς
3035 3019 3319 3089 ἑσπέραν.

2191 3119 2339 3189 Στίχ.
2354 3126 2497 3190 η’.-
2511 3118 2830 3187 Θεοδώρου.
2847 3115 3135 3170 Κάνταῦθα
3145 3112 3402 3180 τὸ,⁹ιδοὺ,
3418 3108 3708 3182 προσέρῤι-

453 3234 643 3307 phrasi
674 3230 921 3286 Hebraea.
957 3218 1321 3295 Symmachus
1364 3227 1496 3267 vero
1541 3210 1619 3263 ait
1650 3226 1664 3261 :
1696 3203 1808 3272 Ipsi
1855 3209 2030 3254 autem

2135 3214 2378 3267 malum
2391 3210 2482 3264 τοῦ
2508 3210 2599 3265 'E6
2606 3208 2793 3282 ραῖκοῦ
2812 3208 2926 3262 ίδιώ
2932 3224 3117 3279 ματος.
3136 3205 3430 3277 Σύμμαχος
3445 3202 3502 3255 δέ
3518 3217 3682 3272 φησιν
3692 3217 3708 3230 ο

453 3288 769 3395 Iiugultiuut
797 3288 1123 3374 comedent“
1152 3324 1239 3363 ore
1261 3321 1378 3370 suo,
1403 3313 1453 3356 et
1472 3298 1626 3371 quasi
1650 3292 1855 3367 gladios
1878 3288 2034 3343 labiis

454 3386 569 3471 sui;
600 3409 905 3489 [egerunt].
934 3406 1073 3462 Nam
1096 3411 1152 3459 et
1181 3400 1271 3454 bic
1294 3408 1510 3465 tempus
1537 3386 1868 3447 immutavit,
1910 3394 2035 3434 cum

456 3475 705 3567 futurum
739 3519 838 3576 pro
864 3475 1125 3571 praesenti
1156 3491 1316 3547 dixit.
1352 3486 1460 3557 Ipsi
1495 3483 1667 3545 enim,
1703 3475 1901 3546 inquit,
1941 3486 2038 3543 per

454 3619 521 3660 os
557 3616 716 3656 suum
742 3564 819 3653 ἐι
868 3609 962 3666 per
1007 3589 1148 3644 labia
1188 3598 1287 3640 sua
1334 3582 1638 3649 loquuntur
1680 3567 1848 3624 verba
1883 3564 2037 3621 omni

456 3691 641 3766 gladio
689 3655 896 3759 pejora,
944 3690 1000 3736 et
1036 3691 1160 3749 qum
1197 3670 1346 3728 omni
1381 3682 1515 3724 ense
1547 3660 1789 3717 atrocius
1820 3655 2039 3710 valeant

1639 3750 1734 3766 ..η
1808 3764 1854 3766 __
1904 3744 2009 3766 τ.--

454 3744 771 3840 :ulnerare:
791 3744 1198 3844 Quoniam-quis
1224 3763 1424 3819 audiuit
1444 3762 1469 3815 1’
1498 3757 1551 3812 id
1572 3763 1673 3817 est,
1696 3750 1885 3804 Nemo.
1904 3744 2038 3799 Por-

454 3892 519 3932 ro
562 3875 653 3929 hic
702 3839 866 3927 etiain
911 3880 1019 3919 vox
1062 3839 1295 3914 dicentes
1348 3848 1700 3911 subauditur,
1741 3839 1899 3912 quasi
1942 3852 2037 3907 per

455 3965 802 4025 reticentiam
830 3957 1118 4029 Pr0phetze
1147 3952 1331 4016 dicta;
1362 3945 1509 4001 sicut
1535 3940 1701 3997 etiam
1732 3938 1788 3990 in
1825 3932 2037 4004 psalmo

456 4060 700 4118 secundo
738 4054 886 4112 istud
920 4025 1266 4107 :—Astiterunt
1302 4056 1443 4111 reges
1479 4046 1656 4099 terra,
1697 4038 1746 4085 et
1776 4025 2037 4097 principes

456 4158 805 4211 convenerunt
851 4148 905 4201 in
952 4158 1137 4204 unum,
1199 4136 1450 4191 adversus
1502 4128 1811 4185 Dominum,
1852 4128 1902 4173 et
1941 4115 2038 4169 ad-

459 4264 636 4303 versus
681 4244 950 4299 Christum
971 4239 1123 4305 eius.
1176 4233 1555 4300 Dirumpamus
1590 4218 1801 4275 uincula
1834 4225 2035 4269 eorum,

459 4352 509 4397 et
545 4339 890 4410 projiciamus
917 4352 951 4388 a
981 4331 1130 4386 nobis
1162 4329 1350 4398 jugum
1392 4326 1626 4392 ipsorum
1659 4332 1676 4369 :
1708 4327 1831 4367 nam
1873 4307 2036 4361 etiam

462 4437 539 4492 ibi
600 4448 693 4503 per
744 4428 1090 4485 reticentiam
1159 4419 1487 4476 subauditur
1531 4426 1633 4466 vox
1680 4408 1930 4462 dicentes,
1978 4402 2038 4448 ut

463 4541 662 4586 sensus
703 4525 796 4588 sit,
838 4522 1109 4584 dicentes,
1142 4515 1519 4580 Dirumpamus
1558 4501 1769 4560 vincula
1800 4510 1979 4551 eorum
2017 4504 2034 4541 :

464 4621 540 4675 ita
581 4620 744 4673 etiam
777 4616 886 4678 hic,
923 4610 1057 4664 Ecce
1079 4609 1178 4677 ipsi
1205 4588 1480 4675 loquentur
1505 4601 1557 4653 in
1589 4611 1679 4650 ore
1701 4608 1817 4653 suo,
1846 4599 1894 4642 et
1916 4586 2034 4656 gla-

464 4710 583 4762 dius
612 4709 665 4759 in
696 4705 853 4758 labiis
895 4716 1075 4755 eorum
1110 4712 1127 4749 :
1180 4695 1428 4766 quoniam
1479 4690 1597 4759 quis
1645 4682 1887 4737 audivit?
1926 4679 2035 4731 Ex-

464 4797 717 4869 pressius
780 4801 961 4847 autem
1010 4791 1065 4843 in
1110 4788 1321 4858 psalmo
1373 4778 1793 4853 quadragesimo
1841 4782 2037 4840 quarto

466 4888 876 4948 adnotavimus,
906 4883 1052 4937 sicut
1080 4874 1423 4934 consuetudo
1451 4882 1536 4927 est
1558 4867 1865 4937 PrOphetze,
1893 4860 2037 4916 istud

467 4983 604 5035 dixit
646 4992 701 5036 et
743 4979 942 5037 dicens,
984 4982 1040 5029 et
1078 4970 1124 5028 si
1151 4969 1282 5040 quid
1309 4969 1381 5023 sit
1416 4961 1748 5025 istiusmodi,
1786 4972 1882 5027 per
1916 4953 2040 5007 reti-

467 5074 702 5130 centiam
724 5068 876 5141 poni.
912 5065 1042 5120 Vult
1067 5064 1212 5119 enim
1244 5061 1311 5114 de
1345 5059 1483 5128 ipsis
1518 5054 1722 5112 dicere,
1775 5046 1933 5118 quasi
1955 5044 2039 5097 di-

466 5174 633 5222 cant:
674 5161 896 5217 Minime
935 5156 1261 5227 supplicium
1314 5148 1751 5207 formidavimus,
1801 5140 1895 5195 sed
1940 5153 2040 5208 pro

468 5258 611 5313 virili
652 5257 708 5311 in
744 5255 896 5324 ipsos
939 5249 1224 5308 irruimus,
1265 5258 1361 5299 eos
1404 5240 1719 5294 occidentes
1742 5242 1797 5289 et
1833 5231 2040 5285 interli-

466 5352 723 5407 cientes:
758 5344 889 5399 dum
924 5340 1070 5397 enim
1115 5338 1278 5393 etiam
1323 5332 1492 5386 multa
1543 5329 1648 5381 alia
1691 5325 2036 5382 fecissemus,

466 5441 592 5512 quis
630 5435 837 5493 audivit
862 5446 958 5488 eos
992 5425 1309 5501 gementes?
1342 5422 1428 5475 vel
1460 5416 1695 5474 attendit
1730 5414 1864 5482 ipsis
1897 5411 2041 5477 inju-

468 5537 549 5590 ria
583 5527 901 5603 oppressis?
931 5526 1017 5580 vel
1038 5524 1164 5593 quis
1192 5520 1337 5574 ultus
1362 5526 1446 5570 est
1477 5507 1896 5567 interfectores?
1924 5504 2041 5559 Non

467 5624 627 5695 quasi
654 5624 769 5677 haec
813 5618 1039 5673 omnino
1068 5611 1309 5667 dixerint
1350 5605 1592 5667 inimici,
1631 5600 1726 5657 sed
1757 5616 1787 5654 a
1828 5615 1885 5654 re
1924 5599 2041 5667 ipsa

471 5734 572 5790 pro
616 5731 716 5770 sua
771 5709 1174 5768 consuetudine
1229 5702 1374 5759 istud
1415 5701 1551 5753 dixit
1584 5710 1829 5767 ponens;
1865 5693 2043 5748 simile

470 5812 618 5867 enim
635 5814 719 5864 est
741 5807 853 5871 isti,
877 5804 1023 5859 Dixit
1047 5802 1183 5857 enim
1207 5801 1261 5854 in
1288 5796 1446 5853 corde
1474 5811 1569 5851 suo
1588 5810 1603 5846 :
1623 5792 1743 5847 Non
1779 5790 2035 5859 requiret;

2131 3304 2307 3360 Αὐτοὶ
2340 3305 2455 3373 μὲν
2492 3301 2895 3386 ἀποόλρζουονι
2942 3298 3067 3364 τοῖς
3108 3300 3409 3367 στόμασιν
3462 3292 3709 3355 ἑαυτῶν,

2136 3398 2235 3451 καὶ
2271 3399 2352 3462 ὡς
2374 3395 2671 3465 μαχαίρας
2704 3381 2828 3458 τοῖς
2868 3391 3139 3460 χείλεσιν
3166 3382 3383 3441 αὐτῶν.
3420 3381 3713 3438 Κάνταῦθα

2136 3488 2244 3559 γὰρ
2286 3485 2538 3557 ἐνήλλαξε
2577 3483 2669 3537 τὸν
2721 3480 2931 3553 χρόνον,
2989 3477 3250 3549 μέλλοντα
3302 3472 3542 3546 εἰρηκὼς
3599 3468 3714 3523 ἀντὶ

2134 3574 2230 3628 τοῦ
2260 3571 2568 3636 ἐνεστῶτος.
2598 3570 2763 3623 Αὐτοὶ
2793 3569 2921 3641 γὰρ,
2950 3566 3103 3638 φησὶ,
3142 3565 3469 3634 φθέγγονται
3498 3563 3716 3632 ῥήματα

2135 3665 2221 3720 διὰ
2246 3664 2339 3718 τοῦ
2370 3665 2632 3735 στόματος
2658 3658 2836 3715 αὐτῶν
2870 3659 2963 3712 καὶ
2999 3656 3109 3709 τῶν
3135 3654 3358 3725 χειλέων
3386 3654 3572 3721 πάσης
3608 3649 3713 3719 χείο

2139 3774 2269 3829 ρονα
2299 3754 2587 3827 μαχαίρας,
2620 3755 2711 3806 καὶ⁵
2738 3750 2933 3812 παντὸς
2957 3749 3142 3816 ξίφους
3167 3744 3527 3814 εὐτονώτερον
3554 3744 3717 3812 πλήτ-

2138 3867 2248 3903 τειν
2280 3849 2568 3918 δυνάμενα.
2593 3846 2713 3899 Ὅτι
2742 3844 2833 3909 τις
2862 3842 3168 3911 ἤκουσεν;
3205 3838 3327 3891 ἀντὶ
3354 3835 3473 3901 τοῦ,
3508 3835 3713 3897 Οὐδείς.

2142 3944 2295 3996 Ἔστι
2335 3942 2393 3995 δὲ
2426 3937 2703 3993 κάνταῦθα
2748 3937 2828 4001 τὸ,
2857 3933 3125 4003 λέγοντες,
3153 3931 3260 3985 ἀπὸ
3286 3927 3467 3982 κοινοῦ
3500 3927 3718 3998 νοοῦμιε⁹

2138 4058 2247 4103 νον,
2280 4039 2355 4102 ώς
2402 4036 2542 4090 κατὰ
2590 4032 2962 4103 ἀποσιώπησιν
3008 4028 3293 4101 εἰρημένον
3324 4027 3402 4097 τῷ
3432 4027 3713 4097 προφήτῃ-

2138 4132 2249 4190 οἷον
2278 4137 2369 4189 καὶ
2405 4136 2463 4187 ὲν
2509 4133 2587 4203 τῷ
2623 4130 2854 4201 δευτέρῳ
2884 4126 3080 4199 ψαλμῷ
3116 4126 3196 4190 τὸ,
3229 4122 3639 4192 Παρέστησαν
3670 4123 3720 4173 οἱ

2133 4233 2414 4299 βασιλεῖς
2446 4231 2557 4299 τῆς
2588 4229 2721 4299 γῆς,
2758 4229 2855 4282 καὶ
2891 4230 2944 4281 οἱ
2987 4227 3273 4295 ἄρχοντες
3314 4221 3722 4289 συνήχθησαν

2138 4335 2235 4386 ἐπὶ
2284 4332 2350 4385 τὸ
2382 4328 2528 4383 αὐτό
2557 4328 2706 4381 κατὰ
2742 4326 2849 4379 τοῦ
2887 4325 3108 4391 Κυρίου
3134 4321 3230 4373 καὶ
3260 4317 3412 4371 κατὰ
3447 4316 3559 4369 τοῦ
3591 4318 3720 4382 Χρι-

2139 4429 2290 4483 στοῦ
2326 4426 2534 4481 αὐτοῦ·
2565 4423 2978 4491 Διαρῤήξωμεν
3017 4417 3159 4483 τοὺς
3189 4414 3455 4483 δεσμοὺς
3501 4410 3722 4470 αὐτῶν.

2071 4550 2113 4604 ι)
2142 4527 2239 4580 καὶ
2289 4526 2712 4594 ἀπορῤίψωμεν
2763 4520 2862 4588 ἀφ’
2907 4515 3076 4586 ἡμῶν
3119 4515 3225 4568 τὸν
3270 4511 3451 4581 ζυγὸν
3487 4508 3720 4564 αὐτῶν·

2137 4624 2245 4678 ἀπὸ
2273 4621 2451 4675 κοινοῦ
2481 4622 2588 4691 γὰρ
2619 4620 2778 4672 κάκεῖ
2819 4616 2957 4669 κατὰ
3001 4612 3377 4679 ἀποσιώπησιν
3416 4612 3625 4661 νοεῖται
3649 4608 3724 4668 τὸ,

2137 4721 2381 4789 λέγοντες
2406 4737 2418 4748 ·
2473 4719 2559 4770 ἵνα
2682 4715 2960 4780 Λέγοντες·
2994 4708 3412 4777 Διαρῤήξωμεν
3455 4708 3599 4770 τοὺς
3642 4703 3723 4755 ὄεο

2138 4818 2331 4887 σμοὺς
2376 4814 2591 4869 αὐτῶν.
2638 4813 2821 4874 Οὕτως
2872 4806 2964 4863 οὖν
3019 4805 3328 4869 κάνταῦθα,
3370 4804 3522 4857 Ἰδοὺ
3560 4802 3727 4855 αὐτοὶ

2138 4914 2611 4983 ἀποφθέγξονται
2638 4910 2707 4962 ἐν
2732 4906 2810 4971 τῷ
2831 4908 3080 4975 στόματι
3098 4899 3314 4963 αὐτῶν,
3337 4898 3439 4952 καὶ
3457 4896 3728 4966 ῥομφαία

2137 5015 2208 5067 ἐν
2241 5012 2364 5078 τοῖς
2395 5011 2667 5081 χείλεσιν
2698 5003 2923 5060 αὐτῶν·
2958 5003 3047 5055 ὅτι
3075 5002 3166 5065 τίς
3192 4998 3507 5065 ἦκουσεν;
3553 4999 3729 5065 ’Δκριο

2139 5110 2392 5180 ὅέστερον
2437 5107 2493 5158 δὲ
2535 5108 2591 5158 ὲν
2634 5102 2713 5173 τῷ
2753 5102 2832 5171 μδ¹
2885 5097 3083 5168 ψαλμῷ
3122 5091 3632 5164 ὲπεσημηνὰμεθα,
3664 5090 3733 5150 ὡς

2140 5207 2258 5272 ἔθος
2283 5206 2361 5277 τῷ
2387 5205 2659 5275 προφήτῃ,
2681 5200 2762 5262 τὸ,
2788 5197 2943 5262 Εἰπὲ,
2964 5195 3077 5257 καὶ,
3107 5192 3314 5260 Λέγων,
3343 5191 3438 5242 καὶ
3467 5189 3526 5241 εἴ
3552 5206 3609 5242 τι
3633 5204 3735 5239 τοι·

2138 5306 2312 5371 οὖτον,
2337 5302 2475 5357 κατὰ
2499 5296 2873 5365 ἀποσιώπησιν
2911 5292 3134 5345 τιθέναι.
3162 5286 3416 5343 Βούλεται
3452 5285 3572 5357 γὰρ
3614 5284 3740 5355 περὶ

2139 5403 2317 5459 αὐτῶν
2338 5402 2529 5463 εἰπεῖν,
2547 5398 2628 5451 ὃτι
2641 5393 2821 5463 φασίν·
2838 5392 2911 5443 Οὐ
2926 5389 3169 5460 προσῆκε
3184 5385 3412 5439 δεδιέναι
3434 5384 3736 5453 τιμωρίαν,

2140 5498 2255 5551 ἀλλ’
2290 5494 2568 5564 ὲπιὸὦμεν
2610 5492 2790 5552 αὐτοῖς
2823 5489 2923 5557 ὅση
2962 5484 3214 5554 δύναμις,
3250 5478 3615 5550 ἀναιροῦντες
3649 5477 3739 5531 καὶ

2143 5593 2611 5661 κατασφάττοντες
2634 5601 2648 5617 ·
2680 5585 2850 5640 πολλὰ
2881 5583 2991 5653 γὰρ
3022 5582 3117 5635 καὶ
3154 5581 3317 5649 ἔτερα
3348 5576 3740 5646 πεποιηκότων

2141 5692 2321 5764 ἡμῶν,
2338 5690 2419 5752 τίς
2434 5689 2663 5759 ἤκουσεν
2678 5680 2857 5736 αὐτῶν
2873 5676 3259 5741 στεναζόντων;
3279 5675 3311 5743 ἢ
3328 5674 3410 5736 τίς
3427 5673 3741 5741 προσέσχεν

2144 5792 2324 5853 αὐτοῖς
2352 5782 2754 5854 ἀδικουμένοις,
2790 5778 2823 5849 ἦ
2856 5776 2938 5839 τίς
2964 5774 3239 5845 ἐπήμυνεν
3278 5766 3743 5840 ἀναιρουμένοιςς
