3904 6594
161 400 250 457 681

1353 400 1436 453 EX
1449 397 1718 454 POSlTlO
1761 398 1825 453 IN
1860 399 2196 457 PSALMOS.

3298 410 3402 468 6823

157 520 271 589 ούχ⁹
301 519 381 571 ὅτι
410 515 567 571 τοῦτο
614 516 798 585 ἔλεγον
843 517 1059 580 πάντως
1107 519 1154 570 οἱ
1200 518 1416 588 ἐχθροίο
1466 515 1578 568 ἀλλ’
1618 516 1722 568 ἀπὸ

1828 532 1882 570 et
1917 519 2028 581 isti,
2067 520 2201 585 Quis
2244 521 2438 575 videbit
2465 539 2554 576 eos
2581 523 2756 595 (Psal.
2792 524 3020 593 exuuii)
3043 527 3064 578 ?
3099 524 3238 579 idem
3258 524 3405 580 enim

155 611 240 665 τοῦ
267 611 590 683 πράγματος
634 609 776 664 κατά
817 610 879 663 τὸ
927 612 1122 663 οἰκεῖον
1149 609 1271 672 ἔθος
1310 610 1368 662 τὸ
1402 605 1532 662 εἶπε
1557 609 1728 660 τεθει-

154 702 254 766 κώς
273 719 287 734 °
313 703 496 773 ὅμοιον
523 701 631 772 γάρ
665 701 784 755 ἐστι
821 700 920 771 τῷ,
949 697 1094 753 Εἷπε
1125 702 1236 769 γὰρ
1261 700 1330 752 ἐν
1363 699 1580 768 καρδίᾳ
1623 701 1730 751 αὺ-

153 795 271 860 τοῦ,
300 797 411 849 οὐκ
436 792 776 861 ἐκζητήσειο
812 795 903 846 καὶ
943 792 1022 863 τῷ
1048 832 1062 855 ,
1101 789 1293 845 Εἶπον
1315 808 1330 822 ·
1387 790 1487 856 Τίς
1518 791 1729 860 ὄψεται

149 889 384 952 αὐτούς-ς
413 887 486 939 Τὸ
514 885 644 940 αὑτὸ
668 887 779 958 γὰρ
803 885 1082 940 κάνταῦθα
1107 887 1280 938 εἰπεῖν
1305 883 1568 953 βούλεται.
1604 884 1727 935 Ὅτι

146 977 310 1042 οὑτως
336 978 550 1031 ἅπαντα
580 977 930 1048 πράττουσιν,
959 976 1033 1040 ῶς
1059 975 1158 1029 οὑκ
1177 975 1465 1036 ἀκούοντος
1489 970 1725 1034 οὑδενδς,

145 1073 260 1125 οὑδὲ
321 1070 693 1141 φροντίζοντος
740 1070 847 1124 τῶν
907 1068 1262 1140 γιγνομένων.
1318 1066 1476 1120 Ἴδιον
1519 1064 1576 1119 δὲ
1632 1064 1723 1118 τοῦ

147 1164 410 1234 μακαρίου
433 1162 596 1215 Δαὸὶδ
617 1163 678 1216 τὸ
703 1162 792 1216 διὰ
814 1161 972 1215 τοῦτο
1006 1160 1236 1231 μάλιστα
1265 1160 1435 1211 αἰτεῖν
1465 1156 1558 1210 τοῦ
1586 1155 1722 1210 Θεοῦ

141 1258 236 1327 τὴν
266 1256 405 1309 κατά
446 1254 554 1308 τῶν
588 1254 1006 1324 ἁμαρτανόντων
1040 1251 1338 1322 τιμωρίανο
1381 1248 1470 1305 διὰ
1514 1249 1576 1302 τὸ
1616 1247 1724 1302 τῶν

141 1345 350 1398 πολλῶν
377 1346 435 1398 ὲν
463 1348 581 1408 ταῖς
608 1344 844 1407 ἀδικίαις
876 1341 1216 1412 αἰτιωμένων
1247 1341 1338 1394 τὸν
1367 1339 1519 1404 Θεὸν,
1557 1339 1632 1401 ὼς
1660 1338 1721 1392 οὑ

141 1439 470 1510 προνοοῦντα
527 1437 621 1490 τὸν
649 1436 955 1505 Δεσπότηψ
1010 1433 1198 1504 ὥσπερ
1252 1433 1361 1502 γὰρ
1410 1430 1724 1493 ἀδικοῦντες

137 1532 230 1583 καὶ
260 1531 560 1600 πάσχοντες
591 1529 764 1592 οὐδὲν,
797 1527 1054 1598 τοιαύτην
1085 1529 1196 1590 τοῖς
1223 1525 1436 1587 πολλοῖς
1462 1521 1559 1594 τὴν
1593 1521 1722 1574 ὑπό-

133 1638 281 1674 νοιαν
326 1620 682 1692 ἐργάζονται·
719 1619 861 1673 οὓτω
905 1618 1329 1690 τιμωρούμενοι,
1375 1617 1438 1669 τὸ
1478 1613 1720 1666 ἐναντίον

132 1718 339 1779 πάντας
384 1713 708 1768 ὑποπτεύειν
755 1710 1251 1784 παρασκευάζουσι.
1306 1708 1586 1760 Δείκνυσιν
1628 1701 1720 1758 οῦν

1830 610 1935 664 hoc
1976 613 2097 666 loco
2125 613 2239 667 vult
2266 615 2468 671 dicere.
2513 617 2786 682 Quoniam
2813 619 2894 673 sic
2916 619 3098 672 omnia
3129 629 3317 688 agunt,
3345 632 3441 702 ac.

1828 703 1875 756 si
1909 719 2068 759 nemo
2094 706 2328 770 audiret,
2349 710 2430 763 vel
2448 725 2636 763 curam
2666 720 2877 778 gereret
2902 707 3091 766 eorum
3111 728 3232 782 quze
3251 711 3408 766 liunt.

1831 793 2114 865 PrOprium
2131 808 2312 853 autem
2327 810 2411 855 est
2427 802 2566 855 heati
2586 802 2799 856 llavidis
2812 805 2882 857 oh
2896 804 2996 857 hoc
3013 804 3245 858 maxime
3262 819 3412 869 roga-

1826 901 1885 940 re
1902 885 2092 950 Deum,
2115 898 2508 958 utpeccatores
2534 893 2756 962 puniat;
2787 894 2911 963 quia
2940 895 3160 964 plurimi
3193 893 3410 963 injuriis

1832 975 2303 1062 ati'ectiincusant
2337 979 2525 1046 Deum,
2554 997 2616 1036 ac
2646 983 2691 1036 si
2725 983 2950 1038 minime
2971 985 3232 1053 providus
3264 993 3412 1038 esset

1830 1064 2098 1124 Dominus
2137 1089 2149 1124 :
2194 1072 2337 1126 sicut
2375 1073 2544 1133 enim.
2585 1073 2714 1127 dum
2750 1073 3089 1144 iniquitatem
3121 1076 3407 1137 facientes.

1831 1160 1964 1213 nihil
1991 1161 2293 1230 patiuntur,
2336 1163 2649 1218 istiusmodi
2682 1166 2997 1234 opinionem
3039 1166 3288 1236 plurimis
3321 1169 3409 1222 in—

1829 1263 2064 1323 gerunt;
2127 1255 2200 1308 ita
2255 1256 2385 1310 dum
2434 1258 2762 1327 puniuntur,
2815 1274 3007 1314 omnes
3068 1261 3408 1314 contrarium

1828 1344 2042 1400 faciunt
2075 1349 2312 1418 Opinari.
2365 1346 2621 1405 Ostendit
2659 1351 2844 1419 itaque
2875 1367 2934 1406 se
2965 1367 3075 1408 non
3107 1352 3230 1407 ideo
3262 1353 3409 1421 quini
3464 1357 3471 1364 ‘

1827 1434 2036 1504 aliquid
2070 1438 2330 1505 patiatur,
2379 1440 2598 1510 exigere
2639 1452 2696 1494 ut
2729 1441 2797 1495 de
2828 1440 3085 1508 injuriam
3118 1441 3412 1512 irroganti-

1828 1527 1932 1582 bus
1967 1530 2298 1599 supplicium
2323 1541 2596 1596 smnatur,
2641 1533 2735 1586 sed
2775 1541 2831 1586 ut
2863 1533 3177 1587 hominibus
3215 1531 3411 1587 exinde

1829 1620 2023 1673 melior
2066 1621 2133 1675 de
2185 1621 2294 1676 Deo
2338 1625 2528 1693 Opinio
2578 1626 2879 1693 ingeratur,
2921 1625 3128 1678 docens
3179 1639 3302 1686 nos,
3353 1632 3410 1677 ut

1828 1711 2014 1764 omnia
2047 1711 2114 1767 ad
2144 1712 2238 1767 Dei
2267 1717 2496 1785 gloriam
2528 1720 2789 1787 perlicere
2821 1728 3159 1788 satagamus.

128 1807 320 1860 ἑαυτὸν
348 1806 408 1858 οὑ
440 1805 531 1858 διὰ
562 1804 623 1857 τό
663 1820 715 1856 τι
747 1803 958 1866 παθεῖν,
989 1800 1082 1853 τὸν
1127 1799 1268 1853 κατὰ
1312 1797 1422 1850 τῶν
1459 1794 1784 1849 ἀδικούντων
1823 1800 2078 1855 αἰτοῦντα
2105 1806 2392 1877 τιμωρίαν,
2417 1807 2532 1861 ἀλλ’
2580 1808 2717 1864 ὥστε
2779 1811 3062 1880 κρείττονα
3131 1810 3260 1876 περὶ
3313 1807 3408 1860 τοῦ

125 1895 264 1950 Θεοῦ
329 1899 441 1958 τοῖς
481 1894 790 1966 ἀνθρώποις
845 1892 1094 1946 ἐντεῦθεν
1139 1888 1456 1959 ἐγγενέσθαι
1505 1887 1603 1957 τὴν
1643 1886 1930 1959 ὑπόληψιν,
2007 1894 2154 1964 ἡμᾶς
2228 1897 2533 1965 παιδεύων,
2573 1899 2661 1954 διὰ
2703 1899 2921 1954 πάντων
2969 1900 3031 1953 τὸ
3071 1899 3208 1971 πρὸς
3253 1896 3410 1964 δόξαν

125 1990 267 2045 Θεοῦ
299 1987 587 2043 συντελοῦν
621 1987 921 2059 ἐπιζητεῖν.

199 2085 352 2155 Στίχ.
385 2083 472 2154 ιβ’.
489 2114 562 2124 -
580 2084 717 2136 Κατ’
738 2082 1006 2154 ἐρώτησιν
1026 2081 1422 2150 ἀναγνωστέον.
1441 2078 1584 2130 Ἀντὶ
1605 2073 1719 2130 τοῦ·

1896 2073 2060 2132 Vens.
2104 2078 2193 2134 12.
2216 2111 2283 2120 ——
2307 2079 2408 2136 Per
2432 2081 2921 2154 interrogationem
2947 2083 3054 2139 hoc
3090 2085 3404 2156 legendum.

123 2179 338 2232 Ἀλλὀὺ
362 2177 436 2249 μὴ
453 2174 648 2240 αὐτοὺς
663 2173 1154 2247 ἀποκτείνῃς,ὥστε
1172 2173 1246 2244 μὴ
1263 2169 1609 2225 ἐπιλαθέσθαι
1627 2166 1720 2221 τοῦ

121 2274 296 2342 νόμου
325 2289 451 2334 σου;
475 2270 636 2332 ῶστε,
669 2269 852 2340 φησὶν,
875 2267 998 2320 οὑτε
1016 2267 1104 2321 διὰ
1130 2267 1285 2320 τοῦτο
1309 2261 1420 2318 οἷόν
1441 2282 1497 2317 τε
1525 2265 1721 2326 αὑτοὺς

120 2365 388 2434 κερδᾶναι
418 2362 515 2434 τὴν
539 2361 828 2432 τιμωρίαν.
857 2362 921 2411 Ὃ
945 2360 999 2412 δὲ
1017 2359 1163 2428 λέγει
1184 2356 1423 2412 τοιοῦτόν
1444 2359 1578 2410 ἐστι·
1609 2353 1722 2425 Πρὸ

119 2457 225 2527 τῆς
259 2454 358 2508 τοῦ
394 2454 663 2507 Δεσπότου
694 2451 929 2523 Χριστοῦ
962 2452 1261 2522 παρουσίας
1292 2449 1388 2521 τὴν
1416 2450 1720 2520 προσήκου-

119 2566 246 2612 σαν,
287 2549 383 2602 καὶ
433 2545 647 2600 τελείαν
691 2543 872 2596 πίστιν
915 2544 1042 2613 περὶ
1095 2541 1196 2610 τῆς
1239 2539 1586 2601 ἀναστάσεως
1621 2537 1722 2590 οὑκ

116 2643 372 2712 ἔχοντες,
403 2640 630 2712 ἡγοῦντο
666 2639 790 2700 τοὺς
823 2636 1188 2697 τελευτῶντας
1213 2634 1491 2697 παντελῶς
1521 2631 1613 2685 τοῦ
1642 2627 1720 2685 εἷ-

115 2753 206 2788 ναι
244 2734 409 2794 ἐκτὸς
437 2731 703 2800 γίνεσθαι,
747 2730 842 2783 καὶ
893 2729 967 2800 μὴ
1019 2727 1275 2781 δύνασθαι
1324 2726 1482 2796 λόγον
1521 2725 1642 2780 τινὰ
1685 2726 1718 2796 ἢ

114 2829 356 2897 μνήμην
391 2821 526 2876 Θεοῦ
576 2821 750 2892 ἔχειν·
782 2822 872 2875 διά
913 2821 1070 2874 τοῦτὸ
1099 2820 1233 2890 φησί
1277 2837 1406 2880 που,
1435 2819 1558 2871 Ὅτι
1609 2818 1721 2871 οὐκ

109 2917 296 2971 ἐστιν
351 2915 423 2966 ἐν
485 2911 565 2979 τῷ
615 2909 851 2978 θανάτῳ
908 2913 941 2965 ό
990 2911 1386 2980 μνημονεύων
1435 2925 1588 2963 σουσ
1631 2909 1722 2961 καὶ

107 3008 390 3079 ἀλλαχοῦ,
419 3008 542 3076 Οὐχ
577 3008 632 3060 οἱ
672 3003 871 3073 νεκροὶ
916 3003 1206 3057 αἱνέσωσί
1246 3020 1339 3068 σε,
1375 3004 1570 3070 Κύριε.
1612 3002 1722 3054 Καὶ

103 3103 257 3157 ὅλως
295 3098 502 3168 πολλὴν
539 3098 684 3151 ἔστιν
720 3097 896 3166 εὑρεῖν
924 3096 1129 3161 ταύτην
1176 3095 1276 3166 τὴν
1318 3095 1510 3166 χρῆσιν
1548 3096 1604 3147 ἐν
1653 3093 1718 3164 τῇ

101 3193 344 3263 Παλαιᾷ
370 3189 635 3264 Διαθὴκῃ.
668 3187 885 3257 Ἐπειδὴ
911 3185 1089 3240 τοίνυν
1118 3187 1194 3250 ὼς
1231 3185 1338 3241 τῶν
1363 3185 1460 3256 μὲν
1490 3183 1722 3238 ἐνταῦθα

99 3284 444 3357 ὑμνούντων
483 3282 571 3334 τὸν
608 3280 760 3343 Θεὸν,
783 3280 891 3333 τῶν
916 3280 971 3333 δὲ
1006 3282 1070 3333 ἐκ
1102 3279 1209 3333 τῶν
1237 3277 1331 3330 τοῦ
1363 3276 1479 3348 βίου
1504 3275 1721 3346 γινομέ-

99 3397 243 3442 νων,
287 3374 420 3428 οὑδὲ
467 3371 775 3444 μεμνῆσθαι
821 3370 901 3425 ἔτι
954 3369 1048 3424 τοῦ
1093 3369 1227 3424 Θεοῦ
1261 3364 1372 3423 οἷόν
1411 3386 1469 3422 τε
1516 3367 1718 3432 ὅντων,

92 3469 276 3524 τοῦτό
316 3483 522 3539 φησιν·
570 3463 709 3519 Ἀλλ’
751 3465 852 3516 οὑκ
903 3464 1219 3524 ἀποκτενεῖς
1265 3461 1483 3525 αὑτοὺς,
1530 3459 1716 3530 φησὶν,

92 3562 228 3616 ἀλλ’
259 3557 560 3630 ὑπερθήσῃ
585 3555 680 3627 τὴν
705 3557 823 3608 κατ’
850 3554 1029 3608 αὑτῶν
1060 3552 1350 3624 τιμωρίαν,
1380 3551 1454 3615 ῶς
1485 3552 1550 3606 ἂν
1583 3547 1719 3622 μήτε

87 3651 492 3714 ἀποθανόντες
527 3650 606 3712 εἰς
659 3647 832 3718 λήθην
877 3648 978 3718 τῆς
1030 3645 1131 3716 σῆς
1180 3645 1384 3698 ἔλθοιεν
1411 3643 1716 3714 δυνάμεως.

102 3745 280 3796 Ἀντὶ
311 3740 446 3794 τοῦ’
478 3738 591 3808 Οὑχ
622 3734 734 3791 οἷόν
764 3755 824 3790 τε
867 3736 992 3790 οὑδὲ
1028 3736 1118 3790 διὰ
1145 3735 1301 3790 τοῦτο
1325 3733 1718 3789 ἀναϐάλλεσθαι

77 3838 196 3911 τὴν
237 3833 558 3905 τιμωρίαν·
592 3833 640 3885 εί
673 3831 771 3901 μὲν
797 3829 906 3902 γὰρ
949 3829 1258 3901 ἐμέμνηντο
1301 3844 1396 3882 σου
1428 3826 1529 3896 τῆς
1563 3826 1720 3880 δυνά..

78 3947 285 4002 μεως,
319 3927 421 3980 καὶ
448 3925 547 3996 τὴν
584 3923 784 3992 γνῶσιν
817 3919 961 3994 εἶχον
999 3924 1098 3994 τὴν
1143 3921 1262 3992 σὴν,
1308 3921 1402 3974 καὶ
1445 3919 1643 3992 ⁴ᾔδεσαν
1683 3919 1719 3974 ἆ

66 4021 406 4094 προσῆκον
445 4011 533 4087 ἦν,
582 4013 729 4077 εἰκὸς
773 4013 861 4066 διὰ
906 4011 1066 4066 τοῦτο
1117 4009 1427 4080 φείσασθαι,
1459 4010 1600 4062 ὥστε
1643 4007 1719 4079 μὴ

62 4112 507 4177 ἀποθανόντων
541 4106 639 4176 τὴν
676 4105 774 4177 σὴν
816 4102 1224 4175 περιαιρεθῆναι
1265 4102 1482 4172 μνήμην
1524 4099 1584 4166 ἐξ
1623 4100 1720 4152 αὑ-

54 4209 192 4262 τῶν
217 4223 236 4236 ο
293 4200 502 4270 ἐπειδὴ
539 4199 597 4252 δὲ
625 4196 877 4250 τοσοῦτον
922 4194 1188 4266 ἀπέχουσι
1236 4193 1330 4248 τοῦ
1365 4193 1598 4247 ἐνταῦθά
1625 4209 1717 4246 σου

58 4295 512 4373 μνημονεύειν,
544 4291 684 4345 ὥστε
713 4291 792 4352 είς
830 4289 890 4342 τὸ
919 4287 1158 4340 ἐναντίον
1184 4286 1398 4340 ἅπαντα
1434 4285 1715 4358 πράττειν,

47 4395 165 4449 καὶ
218 4390 470 4445 ἀδικεῖν
509 4386 584 4448 ῶς
628 4383 728 4436 οὑκ
770 4381 921 4444 ὄντος
967 4379 1062 4433 τοῦ
1119 4378 1422 4449 ἐφεστῶτος
1467 4377 1544 4449 τῷ
1581 4376 1713 4448 βίῳ·

44 4489 157 4541 καὶ
208 4479 626 4551 διακρίνοντος
674 4475 741 4527 τὰ
788 4471 1137 4544 πραττόμενα
1165 4511 1178 4533 ,
1235 4469 1460 4522 τοιαῦτα
1511 4469 1570 4523 δὲ
1625 4469 1719 4522 καὶ

39 4579 268 4647 λέγειν
327 4574 425 4634 ὡς
455 4567 632 4630 οὐδεὶς
661 4567 690 4618 ὁ
719 4563 952 4624 ἀκούων,
984 4560 1018 4630 ἢ
1067 4559 1366 4629 φροντίζων
1395 4558 1504 4613 τῶν
1531 4574 1718 4627 γιγνο-

37 4672 295 4743 μὲνων.
373 4662 492 4726 Καὶ
547 4659 648 4712 οὑκ
702 4657 906 4709 ἔνεστιν
957 4655 1136 4706 ἐκεῖνα
1186 4651 1498 4720 λογίσασθαι
1539 4649 1572 4704 ἀ
1619 4649 1720 4719 τῆς

1823 2165 1994 2234 Quasi
2025 2169 2176 2224 dicat
2205 2187 2219 2224 ε
2244 2169 2504 2244 Nunquid
2538 2176 2758 2231 occides
2807 2191 2922 2241 eos,
2963 2193 3030 2232 ne
3075 2178 3408 2235 obliviscan-

1824 2266 1913 2310 tur
1975 2260 2110 2330 legis
2152 2263 2291 2316 ιυιεῖ
2343 2264 2418 2318 ita
2479 2277 2559 2329 ut,
2620 2266 2823 2336 inquit,
2891 2283 3068 2338 neque
3113 2280 3406 2342 propterea

1825 2353 2037 2419 possint
2073 2355 2330 2425 supplicii
2367 2358 2584 2412 lucrum
2617 2358 2820 2413 facere.
2861 2359 3015 2424 Quod
3051 2370 3232 2418 autem
3275 2365 3407 2418 dicit

1822 2453 1907 2498 est
1955 2444 2270 2502 istiusmodi
2310 2451 2496 2505 :Ante
2544 2450 2751 2506 Christi
2808 2450 3020 2507 Domini
3084 2455 3403 2518 adventum.

1822 2551 1948 2590 cum
1976 2553 2083 2592 non
2113 2539 2384 2594 haberent
2419 2542 2720 2611 perfectam
2760 2542 2918 2598 fidem
2954 2546 3403 2605 resurrectionis.

1822 2628 2208 2685 existimabant
2243 2631 2536 2690 defunctos
2569 2636 2790 2704 penitus
2835 2637 3154 2699 annihilari,
3207 2645 3261 2691 et
3295 2654 3405 2691 non

1822 2735 1987 2788 posse
2020 2724 2288 2778 rationem
2341 2725 2584 2795 aliquam
2639 2736 2734 2782 aut
2786 2730 3106 2782 memoriam
3155 2729 3247 2784 Dei
3302 2731 3405 2783 ha-

1823 2811 1987 2878 here;
2021 2813 2231 2869 idcirco
2261 2816 2393 2871 alibi
2427 2817 2582 2883 dicit,
2611 2820 2878 2885 Quoniam
2903 2810 3006 2874 non
3047 2831 3125 2878 est
3156 2823 3212 2876 in
3237 2833 3406 2876 morte

1821 2902 1910 2972 qui
1951 2920 2149 2958 memor
2182 2910 2250 2960 sit
2296 2910 2372 2961 tui
2404 2907 2582 2966 lPsal.
2612 2927 2687 2975 vr,
2719 2912 2805 2981 6);
2852 2921 2907 2966 et
2960 2914 3071 2966 alio
3101 2914 3242 2975 loco,
3279 2911 3405 2970 Non

1823 2999 2021 3051 mortui
2061 3000 2355 3054 laudabunt
2396 3011 2464 3066 le,
2496 3003 2718 3058 Domine
2760 3003 2937 3074 (Psal.
2993 3005 3289 3072 ΟΧ111,17).
3336 3003 3405 3063 Et

1823 3091 2050 3143 omnino
2097 3089 2444 3160 frequentem
2490 3095 2546 3148 in
2582 3094 2762 3150 Veteri
2811 3095 3165 3151 Testamento
3213 3097 3406 3152 istius-

1823 3180 1969 3234 modi
2017 3198 2175 3237 usum
2213 3183 2475 3254 loquendi
2527 3189 2771 3258 reperire
2819 3189 2967 3243 licet.
3009 3188 3178 3255 Quasi
3222 3190 3406 3260 itaque

1822 3272 1900 3326 illi
1947 3275 2040 3344 qui
2085 3276 2172 3330 hic
2224 3288 2354 3333 sunt
2390 3278 2562 3336 Deum
2614 3279 2924 3344 laudarent,
2969 3281 3023 3335 hi
3064 3296 3200 3336 vero
3237 3282 3331 3352 qui
3374 3299 3406 3336 e

1824 3363 1966 3420 vivis
2014 3381 2376 3424 excesserunt
2425 3387 2492 3426 ne
2542 3372 2865 3426 memoriam
2897 3373 3118 3440 quidem
3159 3374 3248 3427 Dei
3287 3389 3406 3426 ain-

1821 3456 1966 3526 plius
1997 3457 2201 3514 habere
2224 3471 2472 3530 possent,
2507 3461 2613 3516 hoc
2640 3463 2776 3516 dicit
2811 3484 2819 3516 :
2862 3464 2968 3518 Sed
3002 3480 3115 3518 non
3158 3465 3403 3525 occides,

1821 3548 2022 3616 inquit,
2075 3565 2193 3615 eos,
2227 3567 2416 3606 verum
2458 3552 2679 3608 dilferes
2709 3555 3044 3624 supplicium
3087 3570 3304 3621 eorum,
3339 3572 3408 3611 ne

1821 3639 2077 3696 videlicet
2125 3643 2426 3700 morientes
2461 3646 2516 3699 in
2566 3646 2900 3700 oblivionem
2943 3648 3170 3701 veniant
3213 3657 3408 3717 potenc

1821 3729 1910 3784 tiae
1950 3739 2078 3786 tum.
2140 3732 2311 3799 Quasi
2370 3735 2518 3792 dicat
2550 3754 2563 3794 :
2593 3736 2781 3808 Neque
2843 3752 2940 3808 per
2994 3737 3099 3792 hoc
3148 3747 3408 3808 poterunt

1821 3823 2055 3880 evadere
2083 3827 2417 3896 supplicium
2447 3847 2460 3882 :
2494 3844 2622 3882 nam
2663 3829 2709 3885 si
2740 3829 2958 3886 virtutis
2996 3839 3102 3883 tuae
3135 3845 3407 3885 memores

1823 3913 2050 3978 fuerint,
2104 3927 2157 3970 et
2210 3919 2462 3972 notitiam
2513 3926 2666 3973 tuam
2711 3919 3027 3984 habuerint,
3074 3930 3129 3974 et
3177 3935 3242 3975 ea
3285 3935 3408 3991 quas

1820 4008 2232 4064 conveniebant
2267 4011 2655 4080 cognoverint,
2691 4027 2788 4081 par
2813 4019 2898 4068 est
2943 4021 2997 4064 ut
3026 4010 3238 4066 idcirco
3277 4027 3408 4082 par.

1821 4110 1982 4155 eatur
2025 4102 2117 4170 iis,
2161 4119 2228 4158 ne
2274 4105 2412 4173 ipsis
2471 4105 2835 4160 morientibus
2881 4105 3146 4158 memoria
3199 4112 3294 4159 tua
3337 4104 3406 4158 ab

1822 4193 1934 4248 illis
1963 4194 2290 4249 auferatur:
2322 4211 2517 4250 verum
2563 4212 2691 4249 cum
2727 4204 2941 4248 tantum
2977 4196 3162 4251 absint
3210 4211 3243 4250 a
3289 4211 3407 4250 rne-

1820 4283 1995 4338 moria
2028 4292 2122 4339 tua
2169 4284 2258 4339 hic
2296 4284 2611 4348 recolenda,
2651 4295 2711 4338 ut
2755 4301 2786 4339 e
2814 4284 3035 4339 diverso
3085 4293 3284 4340 cuncta
3331 4285 3406 4340 fas

1821 4378 1973 4433 ciant
2005 4387 2114 4432 tam
2156 4378 2363 4450 inique,
2412 4393 2476 4432 ac
2515 4377 2563 4432 si
2609 4392 2773 4432 nemo
2814 4378 2940 4431 huic
2969 4377 3094 4432 vitae
3120 4388 3403 4447 praeesset,

1818 4479 1875 4526 et
1901 4486 1964 4526 ea
1999 4486 2122 4542 quae
2166 4479 2440 4541 geruntur
2473 4469 2838 4540 dijudicaret;
2890 4469 3024 4539 quin
3070 4469 3238 4524 etiam
3273 4468 3407 4526 talia

1820 4561 2032 4626 dicant,
2080 4577 2146 4618 ac
2189 4565 2235 4618 si
2289 4577 2453 4617 nemo
2501 4562 2740 4626 audiret,
2789 4568 2884 4616 aut
2913 4569 3138 4616 curaret
3187 4576 3250 4616 ea
3282 4577 3406 4631 qua

1823 4654 1981 4709 ﬁunt.
2037 4653 2224 4724 Neque
2257 4655 2426 4709 etiam
2479 4653 2574 4708 illa
2626 4655 2755 4710 licet
2784 4653 3030 4725 cogitare
3069 4669 3194 4725 qua:
3237 4654 3405 4709 sortis

25 4741 410 4838 βελτίστης
449 4754 557 4808 εἰσὶ
601 4750 794 4822 μοίρας
842 4746 1064 4815 καὶτῆς
1098 4745 1405 4814 κρείττονος
1449 4742 1576 4812 περὶ
1621 4741 1716 4795 σοῦ

1824 4753 1950 4800 sunt
1999 4745 2221 4814 optimm
2275 4752 2329 4799 et
2375 4744 2619 4800 sanioris
2674 4745 2824 4799 circa
2874 4753 2929 4799 te
2985 4744 3288 4813 opinionis,
3336 4759 3406 4800 ne

21 4834 468 4926 ὀπολήψεως,
500 4845 575 4908 ὡς
615 4843 690 4914 μὴ
727 4841 864 4912 λήθῃ
901 4840 1191 4910 παραδοῖεν
1223 4835 1291 4889 τά
1325 4834 1465 4888 κατά
1503 4835 1582 4898 σὲ,
1620 4834 1716 4886 Θα-

17 4953 200 5009 νάτῳ
230 4925 234 4926 ί
267 4961 355 4998 τε
429 4938 550 5009 ἅμα
589 4933 902 5007 τιμωρῆσαι
952 4931 1045 4984 καὶ
1100 4927 1370 4990 ποικίλαις
1420 4925 1718 4994 κακώσεσι,

17 5045 126 5098 καὶ
156 5004 471 5096 ⁸-ιταιῖοτ-οιις
511 5027 712 5100 μᾶλλον
749 5026 781 5097 ἢ
812 5023 889 5095 τῷ
929 5022 1145 5093 θανάτῳ
1175 5019 1483 5074 ὑποϐαλεῖν.
1519 5017 1578 5072 ’0
1611 5019 1720 5090 γὰρ

17 5125 512 5210 παρελκυσμδς
577 5119 687 5174 τῶν
738 5115 926 5170 δεινῶν
983 5116 1290 5185 ὑπόμνησιν
1347 5114 1564 5182 εμποιεί
1612 5111 1720 5165 τῶν

17 5206 426 5305 ὶμξιρτιῶν.
456 5216 569 5269 Καὶ
602 5213 759 5268 τοῦτο
789 5210 846 5264 δὲ
879 5209 1126 5280 βούλεται
1156 5207 1244 5261 διὰ
1274 5207 1492 5260 πάντων
1521 5206 1716 5268 εἰπεῖν,

17 5295 96 5381 ἑτι
148 5295 374 5377 οὐδὲν
417 5309 613 5370 αὐτοῖς
653 5303 946 5376 πρόσεστιν
973 5299 1142 5367 ἄξιον,
1169 5297 1264 5352 τοῦ
1294 5295 1510 5369 φειδοῦς
1537 5299 1720 5368 τυχεῖν

17 5436 206 5479 χνος.

84 5509 258 5578 Στίχ
269 5545 290 5558 ,
319 5503 426 5568 ιγ’
437 5523 532 5548 .--
548 5487 768 5559 Ἐπειδὴ
789 5486 857 5542 τά
872 5484 1102 5578 γιγνόμε
1111 5500 1176 5537 να
1195 5482 1414 5578 πάντως
1430 5479 1524 5578 καὶ
1540 5479 1719 5578 ἀπαγ-

17 5570 406 5660 νέλλοῦται,
468 5582 731 5643 πολλάκις
760 5579 882 5634 ἀντὶ
909 5574 1004 5629 τοῦ
1043 5573 1368 5644 γιγνομένου
1402 5570 1500 5642 τὴν
1539 5573 1714 5637 ὲπαγ-

17 5701 235 5758 ,ελίαν
291 5685 526 5752 λέγει.
588 5677 679 5739 Ὠς
716 5673 811 5727 τό·
879 5665 1206 5732 Ἀκουτιεῖς
1227 5682 1306 5736 με
1344 5663 1714 5758 ἁταλλίασιν

17 5755 108 5852 rga
150 5771 653 5856 εὐφροσύνην
677 5782 690 5797 ·
723 5765 844 5820 ἀντὶ
871 5761 964 5816 τοῦ
990 5799 1005 5824 ,
1038 5758 1304 5831 Παρέξεις
1337 5773 1427 5828 μοι
1455 5755 1672 5816 πάντως
1695 5770 1710 5785 ·

21 5846 210 5959 ξνγά
222 5846 281 5956 ρ’
311 5846 740 5959 ’γιγνόμενοῆ
791 5853 967 5959 ’τοῦτο
991 5851 1137 5959 ’καὶ
1169 5850 1444 5906 ἀκουτιεῖν
1499 5846 1712 5920 ἔμελλε.

447 5957 741 6050 farno!“
764 6043 766 6045 ν
786 5949 906 6045 Gn.
931 5943 1162 6044 LXVI.

1819 4837 2084 4892 ohlivioni
2135 4837 2350 4890 tradant
2403 4852 2467 4893 ea
2500 4854 2625 4908 quae
2673 4837 2742 4891 ad
2796 4847 2846 4892 te
2898 4843 3173 4906 spectant,
3222 4845 3402 4891 morte

1821 4930 1987 4985 simul
2022 4945 2088 4984 ac
2117 4930 2354 4986 diversis
2404 4931 2565 4986 malis
2591 4932 2742 4998 ipsos
2778 4931 2933 5000 puni,
2967 4940 3130 5000 atque
3175 4929 3264 4984 his
3299 4945 3399 5000 po.

1819 5020 1930 5074 tius
1973 5035 2138 5089 quam
2185 5021 2348 5074 morti
2401 5021 2790 5090 subjiciuntur.
2837 5019 3076 5076 Tractus
3128 5021 3402 5090 siquidem

1822 5110 2203 5166 molestiarum
2253 5113 2574 5166 memoriam
2623 5112 2849 5168 relricat
2886 5122 3260 5182 peccatorum.
3307 5112 3406 5164 At-

1820 5216 1930 5271 que
1964 5201 2069 5255 hoc
2090 5217 2187 5270 per
2212 5202 2398 5256 omnia
2425 5203 2545 5255 vult
2577 5202 2786 5268 dicere,
2816 5201 2965 5272 quod
2999 5201 3137 5256 nihil
3178 5201 3233 5256 in
3267 5200 3406 5272 ipsis

1819 5293 1893 5350 sit
1925 5295 2072 5364 quod
2099 5293 2340 5364 aliquam
2376 5292 2774 5364 indulgentiam
2803 5303 3100 5348 mereatur.

1888 5473 2057 5531 Vens.
2114 5473 2609 5541 i3.——Quoniam
2667 5488 2732 5528 ea
2793 5487 2917 5542 quae
2973 5471 3114 5525 liunt
3178 5459 3428 5524 omnino'

1814 5567 1980 5622 etiam
2015 5564 2439 5631 annuntiantur,
2497 5563 2818 5633 frequenter
2853 5577 2952 5633 pro
2984 5560 3132 5615 facto
3183 5573 3405 5612 annun-

1822 5657 2108 5710 tiationem
2142 5655 2297 5710 dicit.
2331 5656 2394 5710 V.
2429 5670 2485 5725 g.
2519 5654 2721 5708 Audire
2768 5669 2848 5707 me
2883 5653 3045 5722 [αεὴδ
3090 5649 3406 5705 exsultatio-

1821 5767 1939 5807 nem
1988 5760 2038 5805 et
2084 5749 2326 5804 laetitiam
2377 5748 2552 5820 (Psal.
2606 5747 2825 5817 ι,10);
2875 5747 2928 5802 id
2981 5753 3089 5810 est,
3133 5741 3404 5814 praebebis

1802 5843 2051 5922 omnino
2093 5842 2230 5901 mihi
2262 5861 2275 5900 :
2312 5857 2438 5899 nam
2489 5842 2542 5900 id
2573 5843 2724 5914 quod
2771 5841 2962 5910 tiebal,
2997 5839 3239 5894 futurum
3285 5841 3404 5893 erat

2991 5932 3092 5997 22'

1949 6027 2019 6041 ποι--
2080 6024 2100 6030 ⁸⁵
2227 6026 2329 6038 ’μα’-ι
2354 6031 2372 6034 >-
