3804 6526
502 371 608 424 685
1657 355 2006 415 rusooom
2036 351 2521 413 MOPSUESTENI
3630 350 3713 406 ιιι
3802 330 3804 335 ’

503 504 564 548 ιιι
599 490 777 545 audiri
817 487 1045 541 faceret.
1081 484 1196 539 Hoc
1224 486 1347 540 loco
1384 485 1553 556 igitur
1585 484 1751 540 etiam
1786 480 1942 545 illud,
1965 479 2076 532 An-

2205 476 2476 531 ἱάνταῦθα
2516 470 2608 527 οὖν
2641 473 2721 537 τὸ,
2757 471 3262 542 Διαγγελήσονται
3291 469 3363 523 ἐν
3397 473 3711 536 συντελείᾳ,

505 583 900 641 nuntiabuntur
917 580 969 631 in
993 577 1466 639 consummatione,
1496 574 1550 629 id
1579 583 1666 629 est
1684 574 1881 628 Erunt.
1904 569 2078 625 Exse-

2205 569 2304 623 ίντὶ
2334 568 2427 621 τοῦ
2460 569 2732 619 Ἔσονται.
2752 566 2807 617 Ἀ
2818 565 2915 635 ρᾰν
2942 563 2999 616 δὲ
3026 563 3118 615 καὶ
3135 561 3328 631 ψεῦδος
3350 561 3507 614 καλεί
3534 562 3596 613 τὰ
3618 566 3713 632 παρ’

505 676 804 730 orationem
845 684 977 724 vero
1031 677 1086 723 et
1139 668 1484 723 mendacium
1530 674 1691 721 vocat
1732 680 1796 719 ea
1850 677 1975 733 qua:
2012 661 2082 716 ab

506 768 644 839 ipsis
695 765 915 825 ﬁebant,
952 769 1142 831 utpote
1189 759 1461 815 mendacii
1504 758 1667 828 plena
1718 766 1885 824 atque
1927 768 2083 809 exse-

448 848 750 913 iteratione
779 854 964 924 digna.
1001 851 1075 904 Ex
1107 850 1195 906 bis
1228 850 1418 921 igitur,
1460 849 1661 917 inquit,
1690 862 1815 917 qua:
1844 845 2078 909 faciunt,

504 966 570 1005 ex
616 947 815 1003 iisdem
850 942 1407 1001 consummabuntur,
1453 949 1508 993 et
1538 940 1841 994 morientur
1870 954 1886 993 :
1914 934 2084 1007 siqui-

506 1043 632 1096 dem
678 1040 793 1093 haec
848 1037 984 1106 ipsis
1040 1048 1207 1088 causa
1257 1027 1963 1087 erunt‘consummationis
2018 1040 2082 1080 ac

506 1131 723 1187 mortis.
768 1126 1075 1197 Utrobique
1124 1131 1305 1176 autem
1363 1120 1471 1176 sibi
1520 1121 1625 1189 ipsi
1673 1126 1967 1184 consonat,
2015 1132 2079 1171 ex

506 1219 757 1274 moribus
786 1215 937 1285 ipsos
961 1211 1158 1281 majori
1181 1208 1454 1279 supplicio
1481 1208 1678 1278 dignos
1704 1208 2085 1262 demonstrare

2183 660 2405 713 ἐκείνων
2437 657 2737 727 γιγνόμενα
2757 695 2773 720 ,
2803 655 2879 719 ὡς
2914 653 3144 725 ψεύδους
3182 652 3358 722 μεστά
3384 651 3482 705 καὶ
3514 655 3716 723 κατάρας

2183 751 2330 815 ἀξια.
2392 750 2526 803 Ἀπὸ
2578 748 2759 801 τοίνυν
2805 745 3032 809 τούτων,
3064 745 3251 815 φησιν,
3280 737 3357 797 ὧν
3396 744 3713 814 πράττουσιν.
3802 764 3804 767 ·

2182 844 2291 897 ἀπὸ
2338 840 2543 897 τούτων
2582 839 3093 911 συντελεσθήσονται
3113 878 3129 901 ,
3170 839 3262 892 καὶ
3308 836 3715 890 ἀποθανοῦνται

2182 934 2356 988 ταῦτα
2392 934 2501 1004 γὰρ
2543 933 2725 995 αὐτοῖς
2762 931 2861 1002 τῆς
2897 930 3207 994 συντελείας
3237 929 3393 982 ἔσται
3420 927 3521 981 καὶ
3543 927 3627 980 τοῦ
3646 929 3715 981 6:-

2183 1028 2343 1082 νάτου
2377 1028 2445 1080 τά
2473 1026 2642 1079 αῐτια.
2672 1026 2749 1079 Δι’
2778 1026 2898 1079 ὅλου
2931 1026 2989 1079 δὲ
3021 1026 3199 1097 ἐαυτῷ
3229 1023 3618 1095 ἠκολούθησεν,
3640 1026 3718 1077 ἀπὸ

2183 1117 2278 1170 τοῦ
2311 1118 2516 1188 τρόπου
2558 1116 2802 1187 μείζονος
2830 1117 3030 1180 αὐτοὺς
3063 1117 3334 1188 τιμωρίας
3373 1114 3566 1178 ἀξίους
3590 1113 3717 1177 δεῖξαι

2189 1184 2528 1278 βουλόμενος.
2560 1184 2725 1261 ⁷Οῦτω
2768 1208 2876 1279 γάρ
2911 1222 3077 1278 φησιν
3098 1184 3133 1235 ’ν
3164 1184 3279 1260 Οῦκ
3313 1206 3533 1259 ἔνεστιν
3566 1206 3719 1269 αὐτοὺς

2186 1299 2442 1370 κερδάναι
2484 1300 2583 1369 τὴν
2626 1298 2776 1370 παρά
2806 1298 2901 1352 σοῦ
2945 1299 3236 1369 τιμωρίαν,
3272 1298 3349 1361 ὡς
3378 1298 3719 1367 μεμνημένοις

2188 1410 2303 1455 σου,
2330 1393 2365 1463 ἢ
2396 1393 2604 1455 εἰδότας
2625 1409 2684 1445 σε
2703 1410 2720 1423 ·
2746 1393 2829 1446 ὅτι
2852 1392 2897 1444 δ’
2919 1393 3050 1445 αὐτὸ
3076 1391 3231 1445 τοῦτο
3253 1392 3459 1463 μᾶλλον
3488 1391 3618 1456 ἄξιοι
3635 1391 3719 1459 φαί-

2188 1502 2364 1539 νονται
2414 1484 2717 1555 τιμωρίας,
2752 1485 2844 1553 ἀφ’
2889 1477 2963 1537 ὧν
3005 1483 3223 1553 λέγουσί
3270 1502 3329 1536 τε
3381 1485 3481 1537 καὶ
3516 1482 3717 1536 ποιοῦσισ

2185 1574 2359 1629 ταῦτα
2410 1576 2518 1647 γὰρ
2570 1575 2804 1646 μάλιστα
2852 1577 3158 1644 ἀναγκαίαν
3195 1577 3379 1639 αὐτοῖς
3425 1577 3621 1644 ἐπάγει
3650 1576 3719 1645 τὴν

2186 1667 2456 1738 τιμωρίαν
2479 1684 2494 1697 ο
2529 1666 2610 1720 ἔτι
2642 1667 2697 1720 δὲ
2729 1669 2823 1721 καὶ
2855 1670 2955 1729 τὴν
2998 1668 3332 1721 συντέλειαν.

510 1312 735 1376 volens;
777 1309 857 1362 sic
890 1305 1036 1359 enim
1089 1304 1164 1355 ait
1198 1320 1211 1355 :
1241 1301 1357 1356 Non
1392 1299 1519 1354 licet
1552 1298 1686 1368 ipsis
1720 1315 1751 1353 a
1788 1307 1840 1354 te
1873 1297 2084 1368 suppli-

510 1404 582 1458 cii
618 1403 830 1455 lucrum
867 1398 1068 1460 facere,
1118 1395 1278 1466 quasi
1311 1394 1387 1448 tui
1439 1407 1714 1448 memores
1750 1400 1957 1456 essent,
1990 1400 2083 1445 aut

510 1505 565 1550 te
614 1499 1055 1564 cognoscerent:
1092 1487 1352 1557 quoniam
1399 1485 1500 1538 hoc
1547 1485 1669 1554 ipso
1707 1484 1894 1553 potius
1925 1498 2084 1553 pmna

511 1587 661 1656 digni
684 1590 974 1654 apparent,
1012 1590 1240 1650 propter
1270 1593 1333 1631 ea
1378 1592 1499 1646 quae
1526 1577 1719 1631 dicunt
1748 1586 1799 1631 et
1828 1574 2038 1629 faciunt
2068 1595 2080 1629 :

509 1678 626 1732 haec
666 1675 815 1729 enim
866 1672 1102 1726 maxime
1148 1670 1523 1722 necessarium
1576 1668 1711 1736 ipsis
1759 1666 2085 1735 supplicium

511 1769 787 1833 aderunt;
818 1764 1062 1835 quinimo
1091 1761 1258 1816 etiam
1285 1758 1829 1814 consummationem.

585 1859 754 1915 Vens.
896 1887 961 1901 η-
987 1854 1053 1908 Ει
1081 1853 1341 1924 quoniam
1370 1867 1514 1922 saepe
1544 1851 1706 1905 nobis
1731 1849 2087 1919 exprobrant,

2262 1847 2411 1917 Στίχ.
2445 1846 2523 1901 ιδ’.
2557 1877 2623 1889 —
2652 1848 2763 1901 Καὶ
2792 1847 2980 1918 ἐπειδὴ
3022 1847 3278 1910 πολλάκις
3315 1848 3456 1917 ἡμῖν
3481 1846 3721 1910 ὀνειδίζω·

2194 1952 2298 2003 σιν,
2334 1935 2409 1998 ὡς
2460 1936 2562 2006 τῆς
2609 1936 2762 2007 παρά
2813 1937 2907 1989 σοῦ
2953 1938 3285 2007 προστασίας
3325 1939 3425 1990 οὐκ
3467 1936 3720 2001 ἀξιωθεῖσι,

2190 2028 2286 2080 καὶ
2328 2026 2418 2079 διά
2445 2000 2604 2080 τοῦτο
2650 2000 2887 2097 μάλιστα
2920 2000 3235 2099 ἀδεέστερον
3277 2030 3399 2091 ταῖς
3430 2000 3562 2081 καθ’
3606 2026 3724 2097 ἡμιῇ
3802 2000 3804 2027 ⁵

2189 2118 2499 2183 ἐπιϐουλαῖς
2537 2120 2776 2190 ἐχρῶντο
2804 2137 2815 2151 ·
2860 2119 2949 2173 διά
2990 2120 3090 2191 τῆς
3132 2118 3400 2190 τιμωρίας
3430 2118 3720 2187 γνώσονται.
3802 2124 3804 2165 i

2189 2209 2271 2264 ὅτι
2307 2210 2571 2280 δεσπότης
2599 2229 2658 2264 τε
2712 2212 2808 2264 καὶ
2836 2211 3037 2284 Κύριος
3087 2211 3184 2281 οὐχ
3216 2211 3374 2282 ἡμῶν
3417 2210 3600 2280 μόνον,
3622 2208 3722 2263 ἀλλὰ
3802 2274 3804 2281 ι

2192 2302 2302 2374 γὰρ
2330 2303 2426 2357 καὶ
2465 2304 2646 2373 πάσης
2674 2305 2773 2373 τῆς
2802 2307 2907 2373 γῆς
2935 2318 2953 2335 ο
2984 2303 3072 2356 διὰ
3104 2301 3263 2355 τοῦτο
3288 2304 3420 2373 ἡμῖν
3470 2300 3720 2371 ἐπάμυνον,
3802 2346 3804 2349 .

2191 2399 2318 2460 τοὺς
2356 2394 2678 2461 ἀδικοῦντας
2710 2395 3123 2469 τιμωρούμενος
3170 2396 3273 2448 ὅσα
3321 2394 3559 2457 ἐθέλεις.
3607 2390 3724 2445 ’Λεία
3802 2434 3804 2439 .

2191 2487 2331 2541 δωκε
2361 2487 2417 2541 δὲ
2440 2488 2499 2541 τὸ
2532 2490 2640 2542 πᾶν
2660 2487 2803 2542 κατά
2831 2487 3169 2550 ἀκολουθίαν,
3197 2486 3259 2539 τὸ
3285 2486 3381 2554 Μὴ
3402 2486 3725 2549 ἀποκτείνῃς
3802 2516 3804 2525 ι

2193 2577 2447 2642 αὐτούς·
2479 2574 2598 2631 εἶτα
2642 2577 3011 2649 ἀναλαμϐάνει
3048 2576 3252 2631 ἀνωθεν
3293 2576 3395 2647 τὴν
3438 2578 3564 2628 κατ’
3592 2573 3725 2628 αὐτῶν
3802 2612 3804 2631 ;

2194 2670 2461 2741 κατάραν,
2493 2670 2586 2725 καί
2618 2686 2804 2740 φησιν’
3802 2702 3804 2741 ς

2266 2738 2420 2831 Στίχ.
2452 2758 2607 2815 ιε’.-
2634 2738 2812 2831 Ὅπερ
2837 2760 2949 2815 άνω
2975 2757 3126 2814 εἶπεν
3155 2761 3521 2830 ἐπαρώμενος
3548 2759 3725 2819 αὐτοῖς,
3802 2738 3804 2799 ξ

2194 2851 2354 2905 τοῦτο
2385 2848 2665 2904 κάνταῦθα
2688 2849 3086 2920 ἀναλαμϐάνων
3112 2849 3261 2915 λέγει
3282 2888 3297 2913 ,
3340 2847 3486 2918 μετά
3511 2848 3573 2900 τὸ
3594 2846 3727 2909 δεῖξαι
3802 2856 3804 2859 ·

518 2967 669 3037 ipsos
693 2935 969 3033 supplicio
996 2958 1193 3028 dignos
1215 2969 1338 3010 esse
1365 2954 1858 3009 demonstraverat.
1884 2947 2094 3019 Itaque,

2205 2943 2395 3006 αὐτοὺς
2422 2942 2607 3008 ἀξίους
2649 2940 2809 3004 ὄντας
2833 2938 2936 3010 τῆς
2975 2941 3262 3011 τιμωρίας.
3310 2935 3554 3003 Οὐκοῦν,
3583 2941 3730 3007 φησιν,
3802 2942 3804 2993 ἲ

520 3025 725 3126 inquit,
755 3051 1016 3123 quoniam
1060 3025 1294 3103 minime
1336 3046 1466 3100 licet
1512 3044 1647 3114 ipsis
1683 3057 1933 3113 parcere,
1969 3048 2096 3095 tan-

2205 3034 2384 3106 ἐπειδὴ
2413 3034 2510 3088 καὶ¹
2543 3032 2830 3103 φείσασθαι
2853 3031 3034 3085 αὐτῶν
3054 3030 3169 3101 οὐχ’
3200 3025 3313 3085 οἶόν
3334 3042 3416 3095 τε,
3442 3030 3527 3094 ὡς
3544 3030 3632 3083 νῦν
3656 3029 3730 3098 μέν

520 3161 687 3231 quam
724 3158 871 3199 nunc
904 3141 1126 3212 quidem
1178 3147 1231 3193 te
1272 3132 1616 3199 curantibus,
1651 3134 1768 3194 sed.
1804 3133 1849 3189 si
1893 3131 2096 3186 mortui

2205 3144 2297 3180 σου
2327 3126 2741 3198 φροντιζόντων,
2767 3126 3175 3198 ἐπιλησομένων
3204 3124 3262 3177 δέ
3298 3125 3349 3177 εί
3398 3123 3724 3178 ἀποθάνοιεν’

524 3208 755 3302 fuerint,
800 3208 1063 3289 οἱ)ιίᾸῆοηὶ
1094 3236 1157 3285 te
1202 3226 1525 3293 tradituris;
1575 3241 1605 3279 e
1655 3232 1849 3279 contra
1889 3224 2096 3293 utique,

2205 3220 2507 3274 τούναντίον
2523 3218 2588 3291 δὴ
2607 3218 2920 3290 ἀγνώμονες
2948 3218 3121 3283 ὄντες,
3152 3217 3259 3271 ἀπὺ
3288 3216 3387 3287 τῆς
3410 3213 3668 3286 τιμωρίας
3687 3208 3731 3263 τί

524 3342 650 3382 cum
684 3324 884 3395 ingrati
920 3322 1053 3384 sint,
1085 3336 1150 3374 ex
1182 3317 1453 3388 supplicio
1484 3315 1727 3370 debitum
1758 3320 2056 3383 agnoscent
2083 3327 2096 3363 :

2205 3312 2319 3364 δέον
2347 3310 2738 3379 ἐπιγνώσονται
2765 3326 2778 3340 ·
2829 3310 3191 3380 δικαιωτάτην
3217 3302 3309 3362 οὖν
3338 3307 3608 3377 τιμωρίαν
3629 3307 3730 3357 fimo

523 3416 891 3487 iustissimam
917 3411 1085 3481 igitur
1110 3424 1330 3479 poenam
1363 3406 1616 3469 subeant,
1638 3412 1692 3459 et
1716 3402 1982 3474 supplicio
2007 3409 2096 3454 tuo

2205 3404 2567 3475 μεινάτωσαν,
2600 3403 2695 3457 καὶ
2726 3404 2794 3473 τῇ
2832 3402 2986 3475 παρά
3028 3399 3121 3455 σοῦ
3162 3400 3402 3471 τιμωρία
3440 3398 3729 3469 βληθέντες.

528 3505 743 3577 rejecti,
788 3503 1000 3557 ululent
1026 3502 1211 3555 instar
1274 3511 1472 3551 canum
1518 3495 1698 3550 noctis
1729 3500 1977 3561 tempore
2008 3504 2096 3559 per

2205 3495 2599 3560 όλολυζέτωσαν
2618 3496 2773 3568 δίκην
2790 3496 2899 3548 τῶν
2929 3495 3066 3549 κατά
3088 3494 3186 3565 τὴν
3202 3493 3357 3546 πόλιν
3379 3492 3730 3562 ἐκπεριιόντιπ

529 3597 805 3653 civitatein
837 3589 1383 3662 circumvagantium.

2205 3589 2383 3643 κυνῶν
2411 3592 2468 3641 ἐν
2501 3588 2579 3659 τῷ
2605 3590 2705 3659 τῆς
2734 3589 2929 3651 νυκτὸς
2960 3586 3156 3657 καιρῷ.

1043 3676 1370 3735 PSA’LMUS
1424 3672 1563 3729 LIX.

2775 3675 3069 3732 ΨΑΛΜΟΣ
3106 3678 3233 3731 ΝΘ¹.

498 1956 660 2029 Quod
695 1952 1020 2024 praefectura
1058 1958 1151 2003 tua
1202 1946 1426 1999 minime
1470 1944 1620 2014 digni
1667 1943 1839 1997 habiti
1886 1941 2085 2003 simus,

511 2054 567 2104 et
600 2048 806 2102 idcirco
834 2043 1069 2098 maxime
1092 2039 1409 2094 indecenter
1432 2036 1699 2090 adversus
1740 2049 1842 2089 nos
1874 2033 2091 2087 insidiis

500 2142 599 2198 ‘usi
637 2146 767 2196 sunt
790 2156 805 2203 ;
831 2152 897 2192 ex
946 2132 1217 2203 supplicio
1245 2132 1365 2200 ipso
1403 2135 1757 2199 cognoscent,
1804 2124 1948 2196 quod
1980 2140 2091 2179 non

508 2234 694 2288 solum
748 2236 952 2295 noster,
1008 2225 1103 2281 sed
1157 2224 1429 2277 universa:
1469 2234 1687 2290 quoque
1734 2226 1893 2274 terrae
1925 2217 2091 2273 herus

515 2325 593 2379 sis
624 2336 689 2377 ac
717 2319 980 2376 Dominus
1006 2336 1019 2371 :
1056 2323 1284 2387 propter
1315 2314 1417 2369 hoc
1446 2312 1666 2367 vindica
1702 2325 1803 2365 nos
1825 2316 2091 2379 quantum

513 2414 782 2478 volueris,
824 2427 921 2468 eos
949 2411 1041 2487 qui
1076 2408 1333 2479 iniuriam
1366 2406 1528 2461 nobis
1553 2403 1764 2458 faciunt
1792 2399 2089 2470 puniendo.

513 2506 801 2578 Expressit
823 2510 1006 2558 autem
1038 2509 1210 2555 totum
1242 2506 1649 2567 consequenter
1678 2494 1743 2548 ad
1772 2494 1877 2549 ista
1897 2492 2089 2554 verba,

519 2601 607 2655 Ne
641 2596 851 2653 occidas
903 2610 990 2648 eos
1019 2608 1036 2646 :
1070 2590 1267 2645 deinde
1314 2604 1378 2643 ex
1431 2584 1811 2658 superioribus
1861 2580 2094 2638 resumit

518 2698 714 2747 contra
753 2687 876 2748 illos
908 2681 1363 2743 exsecrationem,
1404 2689 1456 2734 et
1490 2678 1610 2733 ait:

591 2781 760 2835 Vsus.
793 2777 883 2833 15.
907 2772 1055 2829 -ἰίι
1087 2772 1237 2845 quod
1262 2770 1515 2842 superius
1545 2768 1684 2839 ipsis
1711 2765 2096 2837 exprobrando

518 2874 756 2939 dixerat,
790 2870 893 2924 hoc
921 2867 1086 2923 etiam
1132 2864 1223 2918 hic
1260 2859 1595 2918 resumenda
1620 2859 1775 2922 dicit,
1806 2863 2095 2929 postquam

604 3775 770 3832 Vens.
821 3775 873 3830 '5.
926 3801 997 3814 —-
1019 3769 1286 3828 Casterum
1322 3769 1368 3824 si
1401 3768 1566 3822 etiam
1601 3765 1716 3819 haec
1754 3766 1867 3834 pati
1897 3762 2096 3834 permi-

2276 3770 2426 3840 Στίχ.
2452 3775 2519 3838 γ’.
2561 3799 2627 3810 —-
2669 3768 2810 3822 Ἀλλ’
2842 3770 2892 3821 εί
2922 3766 3209 3821 καὶταῦτα
3243 3762 3437 3820 παθεῖν
3468 3762 3734 3835 συνεχώρη-

531 3872 679 3937 sisti,
727 3868 1152 3939 haudquaquam
1185 3872 1335 3919 certe
1380 3861 1536 3916 malis
1578 3856 1857 3912 immorari
1900 3855 2096 3925 permi-

2206 3878 2341 3925 σας,
2390 3862 2452 3914 οὺ
2494 3861 2601 3931 μὴν
2646 3861 2924 3929 ἐναφῆκας
2959 3861 3073 3923 τοῖς
3119 3860 3327 3921 κακοῖς,
3373 3856 3633 3963 ὀξυτάτην
3660 3854 3734 3920 τὴν

531 3963 679 4025 sisti,
708 3960 1179 4033 promptissimam
1212 3954 1372 4011 nobis
1399 3950 1747 4007 clementiam
1778 3956 1926 4003 tuam
1953 3945 2096 4002 exhi-

2205 3955 2358 4026 παρά
2393 3952 2484 4006 σοῦ
2519 3953 2928 4024 φιλανθρωπίαν
2959 3954 3089 4023 ἡμῖν
3118 3950 3512 4021 παρεχόμενος.

604 4071 690 4109 ns.

530 4055 772 4199 begins.
834 4144 888 4198 4.
924 4174 996 4186 --
1034 4139 1142 4207 Qui
1201 4139 1368 4193 rebus
1418 4131 1803 4189 materialihus
1859 4128 2096 4184 adhaere-

2280 4130 2427 4200 Στίχ.
2459 4128 2522 4183 δ’.
2555 4157 2621 4167 --
2646 4129 2709 4181 Οί
2741 4122 3179 4198 προσπαθοῦντες
3203 4128 3316 4189 τοῖς
3335 4126 3563 4191 ὐλικοῖς,
3589 4124 3671 4179 καὶ
3686 4123 3738 4176 τὰ

530 4241 720 4301 scunt,
766 4239 823 4287 et
866 4239 1084 4286 terrena
1123 4227 1365 4298 sapiunt,
1417 4236 1544 4279 cum
1588 4222 1698 4275 illis
1739 4220 2096 4283 delectentur,

2210 4222 2426 4291 ἐπίγεια
2454 4219 2805 4293 φρονοῦντες,
2838 4219 3164 4291 τερπόμενοι
3196 4219 3284 4272 ἐπ’
3309 4220 3498 4282 αὐτοῖς
3520 4260 3539 4284 ,
3574 4217 3643 4288 τῷ
3665 4218 3739 4284 sp.

529 4340 601 4389 eo
634 4324 784 4396 quod
814 4324 882 4378 iis
921 4321 1254 4382 adiciantur,
1287 4317 1605 4373 existimant
1657 4329 1717 4368 se
1750 4312 2096 4368 stabilitatem

2210 4313 2403 4377 παθεῖς
2419 4308 2578 4376 εἶναι,
2598 4311 2800 4366 οἴονται
2828 4312 3148 4366 εὐστάθειαν
3177 4313 3269 4364 καὶ
3290 4310 3593 4382 ἀταραξίαν
3610 4310 3736 4378 ἔχειν’

534 4423 592 4472 et
639 4411 1181 4484 imperturbationem
1229 4407 1481 4463 obtinere
1514 4414 1751 4460 :verum
1794 4400 2096 4457 istiusmodi

2213 4404 2415 4476 βλάϐην
2446 4405 2503 4457 δὲ
2532 4406 2565 4475 ἡ
2593 4403 2814 4473 τοιαύτη
2844 4404 3177 4466 κατάστασις
3204 4402 3359 4473 φέρει
3380 4418 3394 4432 ·
3433 4403 3560 4456 ὅθεν
3588 4403 3742 4471 χρήαο

534 4513 718 4559 status
762 4503 874 4558 illis
908 4500 1297 4556 detrimentum
1327 4495 1523 4562 aliert;
1570 4491 1717 4548 unde
1737 4490 1877 4546 utile
1907 4498 2011 4555 est,
2047 4496 2096 4544 ul

2216 4515 2335 4569 μον,
2371 4496 2504 4567 ἐλέῳ
2549 4495 2683 4550 Θεοῦ
2716 4495 3063 4564 συσεισθῆναι
3106 4493 3274 4566 αὐτὴν
3302 4495 3397 4547 καὶ
3442 4492 3741 4561 ταραχθῆναι

535 4607 636 4665 per
662 4590 1099 4649 misericordiam
1134 4588 1230 4643 Dei
1269 4585 1621 4641 concutiatur
1652 4597 1718 4637 ac
1748 4580 2107 4638 conturbetur

536 4687 755 4743 ratione
790 4684 1149 4757 pmnitentiae.
1181 4679 1375 4734 Sciens
1399 4678 1544 4732 enim
1579 4690 1742 4747 quam
1777 4674 2003 4729 noxium
2036 4672 2108 4726 sit

534 4776 708 4831 rebus
753 4771 1131 4829 materialibus
1188 4768 1477 4831 inhaerere,
1527 4774 1582 4820 et
1618 4763 1820 4820 terreni
1866 4761 2106 4829 hominis

2217 4583 2579 4661 μεταμελείας
2623 4588 2830 4659 τρόπῳ.
2888 4586 3096 4640 Γνοῦσα
3139 4587 3247 4659 γάρ
3277 4584 3351 4650 ὡς
3402 4584 3679 4645 ἐπιϐλαὸὲς
3699 4580 3746 4630 τὸ

2214 4676 2419 4743 ὖλικοῖς
2443 4678 2743 4749 ἐνέχεσθαι,
2774 4679 2866 4732 καὶ
2894 4681 3111 4749 φρονεῖν
3128 4679 3227 4749 τὴν
3251 4678 3344 4731 τοῦ
3369 4676 3553 4749 χοϊκοῦ
3576 4676 3745 4729 etwa.

2213 4770 2450 4840 τάραχον
2501 4770 2595 4823 καὶ
2650 4768 2975 4839 συσσεισμδν
3027 4769 3201 4839 σχοίη,
3266 4768 3660 4839 μετατιθεμένη
3699 4768 3747 4814 ἐκ

536 4866 834 4938 imaginem
881 4878 1107 4933 sapere,
1152 4858 1521 4915 turbationem
1574 4865 1633 4910 et
1691 4854 2109 4909 commotionem

534 4962 799 5034 patiatur,
830 4973 861 5013 a
906 4956 1078 5027 priori
1111 4967 1278 5023 prava
1306 4952 1416 5006 vita
1466 4949 1534 5003 ad
1570 4948 1797 5019 probam
1831 4961 1896 5001 ac
1936 4943 2109 4999 beati-

536 5050 751 5113 tudinis
794 5049 1008 5119 plenam
1041 5044 1347 5102 translata;
1379 5039 1617 5095 contrita
1650 5052 1862 5106 nempe,
1896 5042 1955 5091 et
1984 5050 2112 5090 sen-

532 5159 660 5199 sum
702 5139 1011 5211 percipiens
1057 5134 1450 5191 contrltionum
1498 5146 1565 5185 ex
1601 5127 1969 5184 invisibilibus
2013 5126 2114 5179 ho.

537 5234 719 5289 stibus
754 5226 1163 5287 exsistentium,
1211 5221 1489 5277 invocabit
1520 5219 1707 5285 utique
1735 5233 1861 5272 eum
1901 5214 1994 5285 qui
2026 5213 2114 5268 di-

539 5325 636 5388 cit,
704 5321 817 5393 Ego
875 5336 996 5375 sum
1060 5317 1324 5372 Dominus
1367 5326 1572 5369 sanans
1621 5324 1673 5366 te
1721 5328 1735 5366 :
1788 5322 1915 5363 cum
1966 5307 2113 5360 enim

542 5415 789 5471 medicus
824 5414 920 5479 sit,
953 5409 1173 5468 sanabit
1210 5421 1352 5461 eam.
1389 5404 1658 5459 Caeterum
1695 5400 1867 5471 possit
1894 5411 2116 5468 quoque

542 5516 708 5562 terrae
745 5504 916 5558 motio
946 5501 1130 5556 induci
1177 5499 1248 5554 iis
1276 5499 1369 5570 qui
1402 5496 1456 5550 in
1501 5510 1565 5550 ea
1598 5500 1746 5551 sunt.
1778 5488 2116 5546 daemonibus

543 5596 832 5653 translatis
870 5595 935 5648 ad
966 5592 1186 5647 oracula
1216 5590 1403 5645 divina
1437 5583 1804 5653 suscipienda.

642 5680 1322 5752 Imn.—t),uandoquidem
1348 5693 1535 5734 eorum
1559 5674 1871 5730 alIectiones
1901 5686 2096 5729 assum

2307 5666 2523 5740 Ἐπειδὴ
2551 5668 2619 5722 τά
2642 5668 2818 5723 αὐτῶν
2848 5667 2994 5740 πάθη
3033 5667 3290 5723 ἀνέλαϐεν
3307 5668 3396 5721 ἐπὶ
3417 5665 3513 5733 τῆς
3541 5663 3676 5734 τῆςο
3702 5659 3753 5727 τὲ

550 5784 734 5850 pserat
770 5793 936 5848 super
957 5750 1183 5841 terram,
1214 5770 1436 5845 prOpria
1472 5782 1606 5825 usus
1640 5775 1725 5824 est
1766 5766 2018 5837 sequela;
2064 5778 2094 5819 e

2224 5760 2399 5831 οἰκείᾳ
2442 5761 2710 5831 ἐχρήσατο
2758 5760 3083 5832 ἀκολουθίαν
3128 5760 3224 5817 καὶ
3266 5760 3355 5815 διὰ
3389 5756 3542 5813 τοῦτο
3578 5750 3759 5810 ὡσανεὶ

2218 4860 2481 4930 προτέρου
2510 4860 2712 4929 φαύλου
2745 4859 2861 4929 βίου
2881 4859 2975 4911 ἐπὶ
3003 4858 3288 4913 σπουδαῖον
3316 4859 3410 4911 καὶ
3440 4855 3747 4927 μακαριότη·

2216 4968 2306 5014 τος
2336 4950 2514 5021 πλήρη
2539 4966 2554 4979 θ
2591 4948 2782 5019 ἀμέλει
2810 4946 2940 5017 γοῦν
2967 4988 2981 5011 ,
3017 4948 3363 5018 συντριϐεῖσα
3406 4947 3653 5017 αἴσθησιν
3679 4944 3749 4995 λιν

2218 5039 2388 5095 ϐοῦσα
2418 5040 2528 5093 τῶν
2560 5036 2918 5110 ὑπαρξάντων
2957 5040 3377 5111 συντριμμάτων
3402 5041 3465 5093 ἐκ
3489 5038 3601 5090 τῶν
3624 5036 3752 5105 ἅβραι

2217 5144 2325 5186 των
2353 5130 2651 5197 πολεμίων,
2692 5131 3069 5201 παρακαλέσει
3098 5131 3189 5184 τὸν
3222 5129 3477 5197 λέγοντα,
3518 5127 3628 5196 ἐγώ
3660 5130 3751 5191 εἰμι

2220 5218 2422 5288 Κύριος
2450 5220 2478 5271 ὁ
2514 5210 2740 5289 ῐῶμενός
2769 5237 2827 5273 σε
2849 5236 2861 5249 ’
2902 5221 3086 5291 ίατρὸς
3109 5223 3215 5291 γὰρ
3242 5219 3517 5291 ὑπάρχων,
3574 5220 3752 5271 ἰάπτει

2218 5311 2410 5381 αὐτήν.
2438 5310 2673 5364 Δυνατὸν
2698 5311 2755 5364 δὲ
2783 5311 2879 5365 καὶ
2905 5311 3066 5365 σάλον
3094 5311 3393 5382 ἐπαχθῆναι
3421 5313 3480 5381 τῇ
3513 5312 3585 5380 τῇ
3620 5322 3754 5377 μεταο

2220 5402 2518 5472 τιθεμένων
2561 5402 2669 5456 τῶν
2707 5404 2794 5456 ἐπ’
2831 5402 3003 5474 αὐτῆς
3036 5402 3313 5474 ¹δαιμόνων
3347 5400 3437 5455 ἐπὶ
3466 5398 3750 5467 παραδοχὴν

2219 5492 2382 5548 θείων
2408 5493 2812 5565 θεσπισμάτων.
