3904 6588
164 407 265 459 685

1356 394 1444 449 EX
1454 392 1725 450 POSITIO
1761 391 1825 446 ΙΝ
1870 389 2212 447 PSALMOS.

3298 378 3402 438 686

162 516 265 567 ἀπὸ
286 514 382 583 τῆς
408 510 711 582 ὑπερϐολῆς
736 511 829 564 τοῦ
848 511 1072 580 σεισμοῦ
1092 510 1193 579 τῆς
1211 509 1313 579 γῆς
1343 506 1721 579 συντριϐείσης

1857 502 2031 558 lcirco
2074 500 2233 573 quasi
2289 515 2356 557 ex
2399 501 2696 573 byperbone
2749 499 3006 555 motionis
3055 506 3217 553 terra
3266 512 3405 552 con-

165 611 253 659 καὶ
294 604 635 675 διαλυθείσης
678 603 821 657 οὓτω
861 603 1031 674 φησί·
1062 601 1411 674 Θεράπευσον
1441 601 1510 653 τά
1540 599 1688 668 πάθη
1708 638 1721 660 ,

166 699 250 752 καὶ
275 698 523 752 διάλυσον
560 696 658 759 τὰς
690 696 996 767 συμφοράς.

229 788 532 854 Κατάνυξιν
558 788 705 857 λέγει
724 788 784 841 τὸ
805 786 983 857 ὲφόσῳ
1000 786 1198 857 δήποτε
1225 784 1508 857 πράγματι
1534 781 1727 836 παθεῖν

164 882 259 953 τὴν
307 880 485 951 ψυχήν
529 896 542 909 °
578 878 749 942 οὕτως
781 879 908 931 ὅταν
946 877 1115 949 λέγῃ,
1155 875 1217 929 τὸ
1268 875 1726 942 διεσχίσθησαν,

163 972 259 1026 καὶ
332 973 405 1025 οὐ
467 972 886 1039 κατενύγησαν
907 1009 921 1034 ,
996 967 1303 1030 τουτέστιν,
1373 964 1729 1034 ἀποτυχόντες

162 1062 449 1128 πολλάκις,
521 1063 642 1116 οὐδὲ
706 1060 877 1124 οὕτως
940 1058 1140 1113 ἔπαθον
1186 1058 1285 1129 τὴν
1341 1056 1549 1128 ψυχὴν,
1607 1055 1729 1108 οὐδὲ

161 1156 506 1225 κατέγνωσαν
566 1156 794 1208 ἑαυτῶν.
866 1152 1120 1207 Τοιοῦτόν
1177 1152 1293 1204 ἐστι
1356 1150 1450 1203 κα¹ι
1502 1151 1564 1203 τὸ
1589 1190 1603 1215 ,
1669 1150 1727 1202 Ἀ

158 1248 395 1317 λέγεται
427 1248 498 1300 ἐν
536 1245 663 1311 ταῖς
701 1244 969 1313 καρδίαις
998 1241 1185 1312 ὑμῶν,
1225 1242 1295 1295 ἐν
1335 1240 1466 1308 ταῖς
1504 1240 1731 1305 κοίταις

161 1339 328 1408 ὑμῶν
365 1339 753 1407 κατανύγητε.
787 1335 1111 1400 Τουτέστιν,
1160 1333 1196 1388 ἃ
1239 1332 1556 1404 βουλεύεσθε
1591 1332 1732 1386 κατά

157 1434 418 1494 διάνοιαν,
452 1432 536 1498 ἐφ’
568 1429 797 1501 ἡσυχίας
820 1427 992 1493 ὄντες,
1024 1429 1082 1481 ἐν
1107 1429 1173 1497 τῇ
1203 1426 1359 1496 κλίνῃ
1387 1424 1732 1495 λογισάμενοι

159 1523 477 1590 κατάγνωτε
497 1518 728 1582 ἑαυτῶν,
758 1518 851 1571 καὶ
875 1516 1286 1588 μεταμελήθητε
1312 1517 1397 1585 ἐφ’
1423 1510 1503 1578 οἷς
1521 1514 1735 1584 διεπρά·

160 1610 346 1676 ξασθε.
375 1608 529 1663 Οὕτω
556 1608 649 1662 καὶ
682 1606 775 1660 ἐπὶ
803 1606 903 1676 τῆς
933 1606 1237 1668 Σουσάννας
1271 1604 1532 1675 περὶτῶν
1564 1620 1733 1674 πρεσ-

157 1703 405 1774 ϐυτέρων
431 1702 617 1772 φησιν,
651 1699 740 1753 ὅτι
764 1699 1188 1767 κατενύγησαν
1229 1695 1305 1765 τῇ
1332 1695 1546 1764 καρδίᾳ
1571 1710 1584 1723 ο
1621 1712 1736 1748 του-

157 1795 369 1861 τέστιν,
399 1793 599 1847 ἔπαθον
645 1791 731 1844 ἐπ’
766 1791 902 1861 αὐτῇ
929 1789 1035 1843 ὑπὸ
1065 1789 1164 1859 τῆς
1190 1786 1488 1857 ἐπιθυμίας
1519 1788 1736 1857 συνεχό-

162 1901 342 1956 μενοι.
377 1882 671 1938 Κάνταῦθα
690 1878 782 1936 οὖν
803 1880 1093 1946 κατάνυξιν
1118 1880 1274 1934 καλεῖ
1298 1878 1396 1951 τὴν
1421 1879 1737 1952 ἐπιθυμίαν,
1769 1871 1813 1927 Β

157 1976 239 2039 ὡς
268 1975 439 2039 πάθος
467 1974 889 2046 ἐνεργαζόμενον
918 1975 985 2044 τῇ
1023 1972 1191 2043 ψυχῇ.
1234 1971 1322 2035 Ὧς
1349 1971 1458 2043 γὰρ
1500 1974 1741 2043 μεταμέ-

156 2065 286 2120 λεια
313 2066 407 2120 καὶ
435 2066 723 2132 κατάνυξις
744 2064 1067 2137 πράγματος
1092 2064 1261 2128 πάθος
1287 2065 1523 2134 ἐμποιεῖ,
1557 2065 1648 2118 καὶ
1666 2065 1743 2129 ὠς

158 2158 433 2229 ἐπιθυμία
474 2157 570 2210 καὶ
607 2157 746 2227 ἔρως
791 2157 1049 2227 χαλεπὸν,
1092 2156 1267 2220 οὕτως
1314 2156 1521 2228 ἀθυμία
1571 2157 1743 2220 πάθος

156 2250 544 2322 ἐνεργάζεται.
576 2249 681 2308 Τὸν
697 2250 753 2303 δὲ
774 2247 913 2303 οἶνον
936 2249 1026 2302 ἐπὶ
1045 2249 1145 2317 τῆς
1176 2250 1461 2319 συμφορᾶς
1487 2249 1574 2301 ἀεὶ
1593 2247 1741 2318 λέγει

155 2346 263 2400 xa‘t
289 2345 388 2415 τῆς
418 2343 707 2415 τιμωρίας·
727 2341 833 2395 ἀπὸ
856 2340 951 2394 τοῦ
983 2340 1073 2393 τὸν
1099 2336 1240 2394 οἶνον
1269 2340 1490 2394 πλείονα
1520 2337 1743 2394 δοθέντα

154 2436 442 2507 παράγειν
467 2437 592 2499 τοὺς
630 2433 923 2506 λογισμοὺς
944 2474 959 2498 ,
1004 2436 1096 2487 καὶ
1132 2433 1495 2505 παραφέρειν,
1526 2435 1623 2487 καὶ
1641 2434 1741 2505 τὴν

154 2526 322 2596 παρά
352 2525 447 2578 τοῦ
474 2524 607 2578 Θεοῦ
656 2524 926 2596 τιμωρίαν
961 2522 1117 2587 ἐκτὸς
1144 2523 1238 2577 τοῦ
1278 2523 1618 2588 καθεστῶτος
1649 2526 1744 2595 έρ-

155 2616 458 2685 γάςεσθαι.
507 2615 678 2669 Τοῦτο
724 2612 816 2669 οὖν
870 2631 1071 2686 φησιν·
1128 2613 1253 2669 ’Ότι
1306 2616 1577 2686 τιμωρίαν
1612 2617 1744 2687 ἡμῖν

154 2708 531 2779 ἐπενεχθῆναι
572 2706 951 2778 συνεχώρησας
978 2748 992 2773 ,
1018 2706 1159 2760 οὕτω
1190 2708 1288 2778 μὲν
1315 2707 1572 2777 δαψιλῶς,
1601 2707 1745 2763 ὥστε

152 2802 350 2855 δοκεῖν
379 2804 459 2863 εἰς
491 2800 801 2868 ἀπόγνωσιν
836 2798 938 2868 τῆς
976 2798 1248 2870 τιμωρίας
1280 2800 1527 2869 μετέχειν
1557 2816 1571 2830 °
1604 2801 1747 2855 οὓτω

153 2893 216 2947 δὲ
250 2891 522 2963 χαλεπὴν,
548 2891 622 2954 ὡς
650 2889 854 2953 πάθους
885 2890 979 2943 καὶ
1009 2889 1249 2961 ἀθυμίας
1290 2891 1578 2962 αὐτάρκως
1608 2894 1745 2964 πλη·

156 2983 303 3056 ροῦν
328 2981 430 3055 τήν
468 2982 665 3052 ψυχήν.

233 3167 398 3237 Στίχ.
428 3172 503 3231 ς’.
526 3194 594 3207 —-
635 3165 773 3217 Ἀλλ’
803 3164 861 3218 ἐν
888 3162 1038 3235 μέσῳ
1079 3163 1348 3219 τοσούτων
1374 3164 1534 3230 ὄντας
1561 3166 1748 3221 κακῶν
1775 3206 1818 3263 C

148 3260 271 3315 οὐκ
300 3259 523 3330 ἀφῆκας
551 3258 759 3323 παθεῖν,
787 3256 973 3328 ῶσπερ
1013 3258 1069 3311 δὲ
1100 3256 1312 3329 σημείῳ
1343 3258 1450 3311 τινὶ
1468 3258 1749 3328 διακρίνας

151 3354 348 3426 ἡμᾶς·
372 3352 542 3415 οὓτως
559 3351 616 3407 ἐν
639 3352 787 3422 μέσῳ
810 3351 916 3403 τῶν
936 3349 1121 3404 κακῶν
1139 3350 1536 3421 στρεφομένους
1561 3352 1750 3407 ἀνεπιο

146 3443 499 3505 δουλεύτους
543 3442 880 3514 φυλαχθῆναι
918 3440 1180 3512 ἐποίησας
1228 3440 1331 3511 τῆς
1356 3440 1465 3494 τῶν
1493 3442 1749 3496 ἐναντίων

149 3535 495 3605 ἐπιϐουλῆς.
528 3534 697 3588 Τοῦτο
723 3532 781 3586 δὲ
811 3534 875 3586 ὲκ
909 3533 1219 3605 μεταφορᾶς
1250 3532 1399 3601 λέγει
1426 3529 1533 3586 τῶν
1552 3535 1610 3587 ἐν
1638 3536 1751 3599 τοῖς

145 3627 436 3697 πολέμοις
488 3621 748 3689 πολλάκις
796 3624 1251 3696 ἀναμιγνυμένων
1293 3626 1406 3687 τοῖς
1446 3624 1749 3696 πολεμίοις,

144 3710 375 3772 οἵτινες
403 3708 655 3778 ἀλλήλοις
684 3707 890 3761 διδόασι
930 3710 1132 3778 σημεῖα
1160 3708 1255 3761 καὶ
1286 3706 1530 3779 σύμὸολα
1552 3710 1753 3764 οἰκειό-

138 3818 359 3872 τητος,
390 3802 484 3853 καὶ
512 3799 871 3868 γινώσκουσιν
901 3798 1163 3870 ἀλλήλους
1196 3800 1254 3853 ἐν
1280 3798 1624 3872 ἀπομιμήσει
1655 3797 1752 3856 τοῦ

142 3893 460 3963 σχήματος
486 3932 501 3956 ,
536 3889 612 3954 ὡς
644 3890 720 3960 μὴ
774 3888 973 3961 ἀθρόαν
1012 3889 1108 3943 καὶ
1144 3889 1554 3961 ἀπροσδόκητον
1619 3891 1753 3946 ὑπο-

138 3984 350 4038 στῶσι
384 3983 487 4053 τὴν
512 3981 802 4052 τιμωρίαν·
837 3982 884 4033 οί
911 3981 1019 4052 γὰρ
1047 3979 1206 4034 τοῦτο
1221 3979 1517 4049 ποιοῦντες,
1545 3984 1635 4037 ἀεὶ
1660 4002 1757 4057 ση-

139 4074 332 4146 μεῖόν
356 4091 416 4126 τι
441 4072 658 4135 πάντως
702 4071 950 4144 ἀλλήλοις
978 4072 1074 4125 καὶ
1119 4071 1367 4142 σύνθημα
1392 4073 1648 4140 διδόασιν,
1678 4076 1756 4142 ὡς

128 4168 221 4223 ἂν
261 4167 351 4239 μὴ
387 4165 497 4219 ἀπὸ
528 4164 628 4236 τῆς
663 4164 804 4217 κατὰ
832 4163 893 4217 τὸ
929 4165 1113 4235 σχῆμα
1154 4164 1465 4235 κοινότητος
1497 4166 1757 4240 ἀλλήλους

129 4261 293 4315 ἀντὶ
315 4258 434 4310 τῶν
458 4256 730 4324 πολεμίων
756 4255 983 4309 ἀνέλωσι
1004 4272 1016 4285 ·
1052 4256 1264 4327 σημείῳ
1282 4256 1339 4310 δέ
1366 4272 1473 4312 τινι
1496 4260 1758 4332 γνωρίμῳ

124 4352 550 4423 διακρίνοντες
599 4347 894 4417 ἀλλήλους,
956 4347 1314 4417 φυλάττονται
1362 4349 1461 4419 μὲν
1494 4350 1592 4414 τάς
1635 4350 1757 4404 κατ’

122 4440 437 4511 ἀλλήλων
465 4437 680 4506 σφαγὰς
709 4476 723 4501 ,
760 4437 1059 4508 πράττουσι
1099 4435 1157 4490 δέ
1196 4437 1335 4507 μετά
1364 4438 1545 4509 πάσης
1576 4440 1761 4505 ἀδείας

1834 596 1973 650 tritae
2014 610 2078 649 ac
2100 595 2379 651 dissoluta:
2404 596 2486 650 sic
2533 596 2608 649 ait
2639 615 2651 649 :
2679 593 2895 649 Medere
2923 592 3325 655 all‘ectionilius,
3352 598 3409 645 et

1835 685 2074 740 dissolve
2106 686 2472 741 calamitates.
3206 674 3211 679 ’
3238 680 3243 685 ’

1906 776 2038 831 lem.
2064 806 2136 817 —-
2158 776 2645 847 Compunctlonem
2684 783 2841 830 vocat
2870 776 3170 846 quamlibet
3213 774 3412 829 anima

1834 885 1962 941 erga
2008 885 2391 940 quamcunque
2428 884 2542 924 rem
2583 868 2960 931 aﬂ‘ectionem;
2993 875 3053 920 ut
3093 882 3216 921 cum
3247 866 3408 933 dicit,

1836 961 2096 1030 Dissipati
2138 970 2280 1025 sunt,
2322 978 2414 1015 nec
2462 960 2763 1028 compuncti
2789 959 2962 1024 (Psat.
2996 973 3181 1013 xulv.
3214 958 3325 1029 15),
3353 958 3409 1012 id

1836 1063 1943 1117 est,
1971 1053 2350 1125 saepenumero
2384 1054 2654 1118 frustrati,
2704 1050 3014 1121 nequedum
3055 1051 3239 1105 animo
3278 1051 3413 1105 moti
3488 1120 3491 1123 Ἴ

1839 1154 1988 1209 sunt,
2043 1161 2220 1217 neque
2266 1146 2595 1215 semetipsos
2642 1153 2998 1199 accusarunt.
3051 1144 3186 1198 Tale
3233 1152 3320 1198 est
3359 1148 3417 1197 et

1839 1237 1997 1302 illud,
2047 1237 2175 1303 Qun:
2207 1236 2386 1290 dicitis
2437 1237 2489 1289 in
2521 1234 2769 1289 cordibus
2811 1236 3015 1301 vestris,
3051 1236 3108 1289 in
3152 1232 3414 1287 cubilibus

1839 1331 2025 1385 vestris
2077 1329 2491 1400 compungimini
2532 1328 2709 1399 (Psal.
2765 1344 2839 1392 tv,
2887 1329 2964 1398 5).
3007 1328 3065 1382 ld
3124 1334 3230 1393 est,
3283 1326 3417 1392 Qua:

1839 1432 2020 1481 mente
2054 1424 2294 1485 volvitis,
2327 1427 2382 1478 in
2409 1426 2594 1494 quiete
2628 1424 2936 1486 constituti,
2985 1424 3038 1477 in
3083 1422 3281 1477 lectulo
3326 1436 3418 1474 ra—

1839 1518 2044 1572 tionem
2097 1517 2349 1572 ineuntes
2375 1516 2747 1586 vosmetipsos
2786 1515 3173 1578 condemnate,
3205 1522 3261 1569 et
3296 1526 3419 1583 pm-

1841 1610 2134 1662 nitentiam
2168 1609 2313 1679 agite
2342 1623 2446 1677 pro
2485 1608 2822 1662 commissus.
2865 1606 2958 1661 Sic
3000 1606 3167 1661 etiam
3214 1606 3280 1661 ad
3314 1604 3420 1660 Sn—

1843 1715 2072 1766 sannam
2098 1701 2166 1755 de
2199 1699 2512 1755 senioribus
2542 1700 2637 1763 ait,
2673 1699 2937 1764 Quoniam
2968 1698 3266 1767 compuncti
3292 1707 3421 1752 sunt

1843 1793 2000 1847 corde
2033 1791 2195 1863 (Dan.
2234 1808 2349 1857 xm,
2392 1792 2520 1857 56);
2555 1792 2607 1847 id
2662 1802 2767 1857 est,
2800 1792 2978 1847 allecti
3021 1791 3241 1847 fuerunt
3288 1806 3423 1862 erga

1842 1886 1991 1943 illam
2054 1900 2083 1939 a
2136 1884 2588 1955 concupiscentia
2636 1882 2861 1939 detenti.
2919 1884 3034 1939 Hoc
3083 1885 3205 1938 loco
3255 1883 3425 1954 igitur

1841 1974 2317 2043 compunctionem
2350 1980 2512 2026 vocat
2549 1974 3075 2042 concupiscentiam,
3117 1982 3178 2027 ut
3213 1988 3335 2044 quae
3364 1974 3422 2028 in

1842 2066 2023 2119 anima
2070 2063 2271 2120 excitet
2325 2062 2690 2119 aﬂ‘ectionem.
2744 2064 3214 2131 Quemadmodum
3273 2069 3422 2121 enim

1844 2156 2165 2226 pmnitentia
2200 2163 2254 2211 et
2290 2156 2639 2226 compunctio
2684 2157 2764 2212 rei
2810 2155 3063 2212 allectum
3115 2158 3334 2222 inserit,
3364 2166 3422 2213 et

1844 2249 1987 2303 sicut
2019 2246 2467 2317 concupiscentia
2499 2254 2552 2301 et
2580 2262 2733 2302 amor
2756 2249 3081 2312 molestiam,
3128 2249 3209 2303 sic
3251 2248 3421 2303 animi

1844 2340 2078 2410 dejectio
2134 2339 2448 2409 passionem
2496 2339 2714 2410 ingerit.
2756 2339 2927 2394 Porro
2968 2340 3153 2394 vinum
3204 2355 3425 2409 semper

1844 2432 1912 2485 de
1964 2431 2279 2486 calamitate
2327 2440 2380 2486 et
2426 2431 2699 2501 supplicio
2733 2429 2903 2495 dicit;
2955 2446 3022 2486 eo
3064 2430 3208 2501 quod
3240 2429 3427 2483 vinum

1844 2522 2127 2591 copiosius
2164 2520 2354 2575 datum
2397 2522 2757 2592 cogitationes
2801 2519 3121 2584 transferat,
3154 2529 3209 2576 et
3244 2529 3429 2576 trans-

1845 2623 2043 2681 vertat,
2100 2624 2156 2669 et
2193 2614 2523 2684 supplicium
2558 2626 2587 2667 a
2628 2613 2749 2668 θοι)
2802 2613 3012 2669 illatum
3064 2630 3093 2668 a
3144 2630 3246 2669 suo
3281 2622 3430 2669 statu

1846 2714 2083 2764 mentem
2110 2705 2403 2761 dimoveat.
2446 2702 2561 2760 Hoc
2596 2705 2781 2776 itaque
2813 2706 2947 2761 dicit
2980 2727 2991 2760 :
3026 2706 3297 2772 Quoniam
3329 2722 3431 2761 no-

1847 2801 1933 2856 bis
1988 2800 2319 2872 supplicium
2391 2798 2623 2871 irrogari
2677 2799 3016 2869 permisisti,
3079 2799 3245 2870 idque
3295 2797 3432 2855 adeo

1848 2894 2111 2955 ubertim,
2155 2900 2215 2946 ut
2254 2907 2365 2962 prae
2400 2906 2560 2961 paena
2604 2894 2661 2948 in
2694 2890 3130 2960 desperationem
3172 2891 3432 2947 inducere

1848 2985 2153 3051 videreris;
2191 2984 2330 3040 adeo
2358 2995 2540 3039 autem
2568 2998 2752 3055 grave,
2783 2991 2843 3038 ut
2874 2983 3131 3053 passione
3160 2992 3215 3039 et
3252 2983 3432 3055 pusil-

1850 3077 2155 3132 lanimitate
2181 3076 2418 3131 animam
2459 3074 2804 3131 abundanter
2830 3075 3099 3144 impleret.

1920 3169 2088 3225 Vens.
2140 3169 2193 3224 6.
2224 3198 2296 3210 —
2318 3164 2588 3224 Craterum
2624 3169 2680 3222 in
2712 3167 2893 3223 medio
2936 3176 3210 3222 tantorum
3259 3182 3431 3221 maio-

1855 3278 1977 3318 rum
2014 3261 2345 3318 exsistentes
2376 3275 2486 3315 non
2520 3259 2818 3329 permisisti
2861 3259 3004 3322 laedi,
3041 3260 3136 3315 sed
3167 3268 3428 3329 tanquam

1857 3356 2017 3427 signo
2046 3355 2289 3426 quodam
2331 3369 2432 3409 nos
2466 3353 2844 3423 distinguens;
2889 3352 2971 3410 sic
3013 3350 3070 3407 in
3104 3352 3288 3408 medio
3314 3367 3435 3406 ma-

1857 3447 2036 3505 lorum
2079 3454 2389 3509 versantes,
2422 3446 2491 3499 ab
2536 3444 2756 3501 insidiis
2797 3444 3238 3502 adversariorum
3283 3452 3436 3500 tutos

1858 3538 2128 3598 custodiri
2172 3537 2373 3595 fecisti.
2424 3536 2539 3593 Hoc
2586 3545 2767 3593 autem
2813 3537 2946 3593 dicit
3010 3552 3078 3594 ex
3120 3536 3437 3608 metaphora

1858 3648 2073 3698 eorum,
2117 3631 2212 3703 qui
2247 3630 2301 3686 in
2346 3630 2508 3687 bellis
2541 3644 2919 3701 saepenumero
2952 3629 3204 3687 hostibus
3233 3630 3440 3701 permi-

1860 3722 1952 3787 sti,
1988 3722 2093 3777 sibi
2126 3728 2319 3776 mutuo
2353 3721 2510 3792 signa
2543 3720 2789 3791 quaedam
2820 3735 2883 3775 ac
2923 3721 3170 3793 symbola
3204 3720 3439 3775 familia-

1861 3812 2043 3867 ritatis
2073 3826 2170 3867 seu
2194 3810 2450 3866 amicitia:
2471 3809 2730 3880 praebent,
2755 3812 2899 3866 unde
2923 3827 2980 3866 se
3011 3812 3242 3868 invicem
3270 3827 3439 3882 agno-

1863 3908 2023 3958 scant
2081 3902 2137 3956 in
2191 3900 2554 3956 similitudine
2603 3902 2805 3972 ﬁgurae,
2868 3917 2936 3956 ne
2982 3902 3322 3973 repentinam
3384 3912 3440 3958 et

1865 3994 2295 4065 inexspectatam
2356 3997 2559 4048 caedem
2614 3992 2941 4047 incurrant:
2984 3994 3077 4062 qui
3127 3992 3272 4048 enim
3334 3992 3439 4048 hoc

1866 4086 2093 4151 faciunt,
2125 4100 2343 4157 semper
2369 4084 2595 4141 omnino
2617 4084 2722 4139 sibi
2755 4094 2943 4138 mutuo
2971 4085 3186 4156 signum
3217 4084 3439 4157 aliquod

1864 4193 1929 4233 ex
1964 4174 2220 4231 condicto
2263 4173 2506 4237 tradunt,
2561 4189 2631 4228 ne
2676 4182 2898 4244 propter
2940 4188 3285 4229 communem
3318 4190 3440 4244 spe-

1867 4270 2005 4326 ciem
2033 4284 2092 4324 se
2123 4268 2355 4323 invicem
2390 4282 2490 4338 pro
2537 4267 2786 4322 hostibus
2818 4268 3197 4322 interimerent
3228 4286 3241 4322 ε
3273 4283 3441 4339 porro

1868 4362 2028 4433 signo
2071 4360 2258 4429 aliquo
2286 4356 2514 4413 notabili
2556 4356 2787 4411 invicem
2817 4355 3215 4420 discernentes,
3267 4374 3297 4412 a
3333 4375 3441 4413 mtt-

1870 4455 1979 4509 tnis
2026 4452 2247 4523 quidem
2282 4447 2527 4505 caadibus
2581 4447 2882 4512 abstinent,
2944 4463 3071 4503 cum
3111 4449 3262 4504 omni
3308 4464 3442 4505 vero

120 4534 211 4588 τὰ
249 4528 543 4586 δοκοῦντα
572 4531 649 4593 είς
678 4528 805 4591 τοὺς
832 4527 1123 4598 πολεμίους
1148 4544 1161 4558 ·
1192 4528 1221 4581 δ
1247 4529 1313 4601 δὴ
1336 4529 1559 4600 ποιῆσαι
1581 4549 1641 4586 τε
1667 4533 1743 4587 κα⁴

1870 4544 2166 4600 securitate
2210 4537 2421 4594 faciunt
2460 4551 2523 4593 ea
2563 4552 2684 4606 quae
2722 4546 2913 4593 contra
2951 4538 3138 4595 hostes
3187 4539 3441 4595 videntur

117 4621 528 4697 φυλάξασθαι
566 4620 806 4683 ἐκείνους
845 4620 942 4690 οὐχ
980 4613 1093 4672 οἷόν
1142 4637 1203 4672 τε
1253 4621 1329 4691 τῷ
1379 4623 1619 4692 σχήματι
1664 4625 1763 4694 μὲν

112 4712 603 4783 ἀπατωμένους,
629 4711 691 4764 τὸ
722 4710 971 4780 σύνθημα
996 4710 1053 4764 δὲ
1082 4712 1183 4765 οὐκ
1214 4711 1441 4773 εἰδότας.
1470 4713 1639 4768 Τοῦτο
1668 4712 1765 4772 οὗν

107 4825 345 4881 φησιν
372 4823 388 4836 ·
441 4805 563 4857 Ὀτι
598 4802 787 4872 ὥσπερ
826 4802 1038 4872 σημείῳ
1086 4803 1193 4855 τινὶ
1235 4803 1551 4874 διακρίνας,
1583 4807 1766 4879 πάσης

103 4904 317 4975 ἡμᾶς
374 4894 597 4967 egeam
633 4894 736 4963 τῆς
784 4896 917 4963 παρ’
943 4894 1168 4947 ἐκείνων
1201 4895 1523 4967 ἐπιϐουλῆς,
1576 4899 1653 4961 ὡς
1699 4898 1765 4951 ἂν

102 4998 299 5067 μήτε
348 4989 466 5043 ὑπὸ
494 4987 667 5052 τόξων
712 4987 1027 5057 φερομένων
1076 4988 1212 5058 μήτε
1258 4987 1362 5041 ὑπό
1392 5006 1536 5053 τινος
1576 4990 1764 5062 ἐτέρου

96 5085 336 5141 πάθοι
348 5078 461 5152 μέν
491 5095 543 5131 τι
569 5076 758 5132 δεινόν.
786 5078 958 5131 Τοῦτο
987 5078 1043 5131 δὲ
1074 5080 1168 5132 καὶ
1196 5078 1305 5132 ἀπὸ
1322 5080 1430 5133 τῶν
1460 5082 1578 5135 κατ’
1601 5083 1765 5151 Αἴγυ-

92 5195 288 5235 πτον
330 5171 532 5227 λαϐὼν
551 5166 702 5223 εἶπεν
721 5212 736 5234 ,
762 5171 843 5223 ὅτι
873 5169 1060 5241 ὥσπερ
1082 5171 1291 5239 σημείῳ
1306 5173 1410 5225 τινὶ
1434 5172 1511 5242 τῷ
1537 5174 1629 5227 ἐπὶ
1658 5174 1766 5227 τῶν

89 5271 347 5346 φλιῶν
382 5265 583 5334 αἵματι
605 5261 882 5333 διακρίνας
914 5260 1137 5325 τούτους
1158 5263 1266 5315 ἀπὸ
1290 5263 1397 5315 τῶν
1429 5264 1764 5331 Αἰγυπτίων,

81 5367 409 5425 τούτους
443 5358 541 5428 μὲν
571 5352 828 5416 ἀϐλαϐεῖς
852 5353 1194 5424 διετήρησεν,
1223 5354 1466 5418 ἐκείνους
1492 5355 1548 5408 δὲ
1569 5358 1765 5427 ὲτιμω.

85 5464 181 5535 ρή
196 5468 422 5511 suto.

179 5544 408 5613 Στίχ.
440 5536 503 5604 ζ’.
539 5569 607 5577 -
628 5537 810 5591 Ταῦτα
832 5537 911 5603 δὲ,
936 5536 1120 5608 φησιν,
1143 5535 1402 5607 ἐποίησας
1426 5536 1565 5609 ὑπὲρ
1611 5538 1767 5609 ἡμῶν

74 5646 234 5701 τῶν
274 5631 699 5708 ἠγαπημένων
730 5629 835 5682 ὑπὸ
874 5628 969 5682 σοῦ
995 5670 1011 5695 ,
1047 5628 1136 5683 ἵνα
1165 5628 1327 5698 ἡμεῖς
1364 5628 1767 5701 ἀπαλλαγῶμεν

66 5743 219 5810 τῆς
250 5725 539 5787 ἐκείνων
564 5720 874 5793 ἐπιϐουλῆς.
905 5716 1039 5775 Εἶτα
1060 5720 1155 5810 καὶ
1174 5721 1465 5792 εὐχόμενος
1493 5722 1767 5793 ἐπιφέρει,

70 5808 357 5887 *ὁπως
401 5818 536 5889 γὰρ,
561 5817 747 5887 φησιν,
775 5813 1030 5880 ἀϐλαϐεῖς
1059 5808 1455 5887 διαμείναντες,
1479 5815 1768 5893 ῥυσθῶμεν

1866 4642 2175 4707 opportuna
2200 4630 2378 4701 :quod
2410 4629 2599 4700 utique
2625 4630 2727 4699 ipsi
2760 4628 2939 4686 facere
2959 4639 3122 4701 atque
3149 4630 3442 4687 observare

1868 4728 2094 4782 minime
2144 4731 2390 4795 possent,
2448 4722 2494 4776 si
2538 4723 2720 4792 specie
2764 4722 2983 4793 quidem
3031 4720 3439 4793 deciperentur,

1866 4819 2184 4874 condictum
2208 4829 2341 4869 vero
2367 4813 2585 4884 signum
2617 4815 2952 4885 ignorarent.
2982 4812 3094 4869 Hoc
3117 4815 3305 4885 itaque
3328 4815 3438 4868 ait:

1867 4905 2025 4972 Quod
2061 4904 2207 4959 sicut
2238 4900 2397 4971 signo
2425 4901 2613 4971 aliquo
2642 4902 2985 4968 discernens,
3022 4918 3213 4959 omnes
3243 4918 3345 4959 nos
3373 4904 3441 4958 ab

1869 4997 2087 5050 illorum
2118 4992 2330 5048 insidiis
2376 4993 2644 5058 liberasti,
2687 5000 2746 5047 ut
2806 5009 2984 5064 neque
3036 5010 3064 5048 a
3110 4994 3438 5065 sagittariis.

1871 5103 2047 5157 neque
2072 5086 2142 5139 ab
2172 5085 2281 5139 alio
2308 5084 2492 5153 aliquo
2513 5083 2791 5153 quidpiam
2820 5085 2949 5138 mali
2974 5093 3302 5155 pateremur.
3328 5083 3441 5138 Hoc

1868 5191 2051 5235 autem
2086 5178 2249 5233 etiam
2284 5176 2423 5231 dixit
2461 5178 2922 5247 exemploeorum
2960 5193 3083 5247 qua:
3121 5177 3175 5231 in
3204 5175 3441 5248 IEgypto

1868 5270 2261 5341 contigerunt:
2292 5268 2421 5337 quia
2473 5267 2632 5337 quasi
2670 5268 2827 5336 signo
2867 5272 3125 5339 quopiam
3176 5271 3442 5338 sanguine

1868 5362 2203 5417 liminarium
2252 5360 2353 5415 bos
2396 5359 2466 5414 ab
2501 5358 2777 5431 Egyptiis
2818 5362 3187 5422 distittsuens.
3240 5364 3440 5419 illaesos

1869 5452 2188 5515 custodivit,
2229 5449 2514 5522 Egyptios
2541 5469 2671 5509 vero
2696 5453 2927 5524 punivit.

1940 5540 2109 5598 Vens.
2142 5542 2192 5595 7.
2224 5574 2291 5583 —
2323 5541 2447 5597 Haec
2490 5552 2696 5609 autem,
2731 5546 2931 5617 inquit,
2976 5559 3079 5614 pro
3120 5545 3281 5601 nonis
3326 5560 3353 5599 a
3390 5553 3443 5600 te

1868 5635 2080 5691 dileCtis
2097 5632 2349 5699 effecisti,
2376 5642 2435 5688 ut
2468 5637 2536 5691 ab
2562 5636 2780 5691 illorum
2810 5637 3029 5692 insidiis
3060 5637 3439 5693 liberaremur.

1870 5723 2075 5780 Deinde
2118 5724 2283 5779 etiam
2328 5736 2528 5790 rogans
2573 5725 2880 5797 subiungit,
2938 5726 3007 5782 Ut
3052 5727 3334 5791 nimirum,
3368 5728 3422 5780 in

1872 5816 2012 5888 quit,
2044 5817 2198 5874 illasi
2248 5826 2670 5887 permanentes,
2719 5821 2755 5874 ι’
2794 5819 2936 5876 facie
2976 5835 3140 5879 arcus
3179 5819 3436 5892 liberare-
