3904 6530
523 386 629 448 εει

1694 374 2043 432 TIIEODORI
2091 371 2317 430 MOPSU
2326 373 2569 431 ESTENI

3660 380 3760 438 688

523 520 672 566 mur,
720 502 936 557 dilectis
992 499 1103 553 tuis
1158 497 1483 567 prtedictum
1532 496 1751 566 signum
1796 492 2092 549 tradidisti.

2199 491 2311 545 ἀπὸ
2335 487 2629 561 προσώπου
2648 488 2824 555 τόξου,
2848 492 2962 553 τοῖς
2988 490 3294 561 ἀγαπητοτς
3320 508 3413 546 σου
3433 493 3534 563 τὴν
3564 495 3763 567 λεχθεῐ-

528 596 645 650 Hoc
696 602 879 648 autem
924 592 1090 646 etiam
1131 590 1222 644 hic
1250 588 1565 652 dicendum,
1615 587 1764 658 quod
1804 594 1934 639 tunc
1962 585 2096 640 Iibe-

524 688 635 741 rari
670 693 926 754 poterunt
965 681 1035 737 ab
1066 681 1308 736 inimicis
1336 679 1728 742 invisibilibus,
1755 678 1976 749 quando
2001 691 2096 732 eos

523 777 761 833 servabit
788 775 1013 830 dextera
1057 783 1171 836 tua,
1218 772 1390 827 Filius
1444 784 1570 826 tuus
1610 770 1946 841 unigenitus.
1996 767 2097 823 Hic

520 869 667 922 enim
721 867 948 921 dextera
1003 865 1095 919 Dei
1141 879 1515 933 saepenumero
1563 862 1951 932 interpretatus
1989 869 2094 925 est,

521 957 823 1027 praesertim
863 956 1085 1026 quando
1134 956 1484 1024 praepositum
1537 962 1619 1008 est
1656 953 1809 1017 illud,
1852 951 2097 1007 Stabilivi

521 1060 569 1101 te
597 1048 816 1102 dextera
832 1047 983 1113 juxta
1007 1062 1120 1099 mea
1146 1043 1284 1115 (Isa.
1320 1060 1430 1110 xu,
1460 1045 1550 1113 lO)
1576 1062 1590 1109 ;
1620 1052 1695 1109 et,
1722 1043 1952 1099 Dextera
1980 1060 2095 1097 mea

519 1138 752 1207 ﬁrmavit
799 1140 987 1191 cretum
1020 1135 1159 1205 (lsa.
1212 1151 1403 1195 vatu,
1455 1134 1567 1203 15).
1616 1132 1911 1189 Sciendum
1958 1148 2095 1203 quo-

520 1229 684 1283 modo
715 1227 917 1281 iterum
961 1226 1153 1279 ordine
1187 1225 1559 1296 intelligentia:
1608 1239 1729 1279 sese
1758 1224 1999 1278 habeant
2030 1238 2094 1277 ea

518 1335 641 1389 quae
683 1318 1054 1390 proferuntur.
1095 1315 1337 1370 Primum
1387 1317 1532 1370 enim
1582 1316 1674 1369 ubi
1727 1316 2088 1377 exaudiverit,

518 1420 706 1467 servat
755 1411 941 1465 Deus:
979 1418 1033 1463 et
1079 1410 1190 1463 haec
1238 1415 1639 1478 consequenter
1684 1418 1768 1462 est
1824 1408 2093 1462 connexio

522 1505 811 1565 orationis,
840 1513 962 1573 post
988 1501 1167 1563 Salva,
1188 1502 1383 1556 exaudi
1409 1517 1489 1554 me
1519 1500 1787 1556 habentis.
1812 1499 1927 1555 Nisi
1953 1499 2094 1554 forte

522 1597 604 1652 sic
688 1596 1060 1666 intelligatur;
1107 1596 1281 1665 quasi-
1321 1595 1468 1648 dicat
1515 1613 1528 1649 :
1574 1593 1805 1649 Salvans
1868 1594 2093 1648 dextera

517 1688 725 1743 exaudi
765 1704 874 1751 me,
904 1689 978 1742 ita
1011 1696 1069 1742 ut
1116 1688 1249 1741 mibi
1287 1696 1506 1742 servato
1544 1688 1599 1739 in
1633 1686 1773 1741 votis
1811 1685 1883 1740 sit
1908 1684 2091 1739 divina

516 1781 659 1836 bona
705 1781 1022 1850 postulare;
1067 1780 1179 1833 haec
1212 1788 1395 1831 autem
1442 1794 1550 1831 non
1594 1785 1725 1831 sunt
1774 1778 1880 1831 alia
1921 1792 2085 1847 quam

2199 598 2296 634 σαν
2354 582 2654 653 σημείωσιν
2704 582 2929 646 ἔδωκας.
2980 584 3215 637 Λεκτέον
3247 584 3305 637 δὲ
3339 588 3437 639 καὶ
3473 580 3610 653 ὧδε,
3648 592 3762 644 τότε

2198 674 2461 744 ῥωσθῆναι
2490 674 2598 729 ἀπὸ
2630 675 2900 745 πολεμίων
2934 676 3182 747 ἀοράτων
3224 677 3548 749 δυνήσονται
3576 720 3591 742 .
3643 683 3764 737 ὅταν

2199 763 2350 837 σώσῃ
2379 767 2412 835 ἡ
2444 764 2594 830 δεξιά
2629 782 2744 831 σου,
2772 768 2801 819 ό
2826 768 3121 838 μονογενής
3158 784 3253 821 σου
3280 769 3429 833 Υἱός.
3465 766 3638 835 Οὗτος
3662 776 3764 845 γὰρ

2196 856 2345 924 δεξιά
2380 856 2514 910 Θεοῦ
2546 858 2879 927 ἡρμήνευται
2924 858 3203 923 πολλάκις,
3239 860 3476 931 μάλιστα
3518 863 3609 917 ἅτε
3640 882 3764 935 προ-

2196 947 2374 1000 έκειτο
2403 948 2491 1010 τὸ,
2550 947 3007 1017 Ἠσφαλισὰμην
3035 962 3108 1002 σε
3136 948 3212 1017 τῇ
3249 950 3418 1018 δεξιᾷ
3454 951 3534 1019 τῇ
3570 951 3764 1021 δικαίᾳ

2191 1056 2310 1108 μου
2330 1055 2344 1069 ο
2386 1039 2503 1103 καὶ,
2544 1039 2616 1093 Ἠ
2640 1038 2809 1103 δεξιά
2834 1058 2953 1109 μου
2989 1041 3317 1110 ὲστερέωσε
3350 1044 3458 1098 τὸν
3483 1047 3761 1113 οὐρανόν.

2210 1129 2556 1181 Ἐπιστατέον
2585 1130 2661 1193 ὠς
2700 1129 2936 1201 ἔμπαλιν
2970 1134 3035 1203 τῇ
3067 1133 3218 1197 τάξει
3250 1134 3351 1205 τῆς
3377 1136 3623 1205 νοήσεως
3659 1136 3764 1206 ἔχει

2194 1222 2264 1273 τὰ
2296 1222 2394 1291 τῆς
2439 1224 2739 1293 προφορᾶς.
2784 1224 3053 1295 Πρότερον
3086 1226 3196 1297 γὰρ
3228 1228 3580 1292 εἰσακούσας,
3610 1228 3766 1294 σώζει

2195 1313 2325 1375 Θεός
2352 1330 2366 1345 ’
2409 1314 2502 1366 καὶ
2536 1315 2673 1387 αῦτη
2708 1316 2741 1385 ἡ
2776 1317 3083 1381 ἀκολούθως
3110 1320 3345 1391 ἁρμονία
3393 1322 3495 1392 τῆς
3530 1322 3757 1386 λέξεως,

2200 1405 2336 1475 μετά
2372 1406 2432 1457 τὸ
2464 1405 2676 1460 Σῶσον
2705 1411 2766 1462 τὸ
2791 1408 3171 1465 Ἑπάκουσόν
3191 1430 3310 1481 μου
3331 1414 3584 1485 ἐχούσης.
3607 1414 3669 1466 Εἰ
3695 1415 3764 1485 μὴ

2197 1497 2305 1566 ἄρα
2336 1495 2478 1549 οὕτω
2509 1498 2757 1570 νοηθείηο
2793 1500 2980 1563 Σώσας
3006 1504 3073 1573 τῇ
3103 1502 3254 1574 δεξιᾷ
3278 1505 3588 1559 ἐπάκουσόν
3618 1522 3753 1574 μου,

2196 1588 2358 1658 εὐχῆς
2385 1588 2549 1657 οὔσης
2580 1591 2705 1659 ἐμοὶ
2736 1590 2813 1661 τῷ
2844 1591 3068 1646 σωθέντι
3094 1596 3222 1664 περὶ
3251 1595 3413 1648 θείων
3436 1596 3661 1665 ἀγαθῶν
3682 1598 3764 1649 ai-

2195 1678 2441 1748 τουμένῳ
2466 1694 2479 1706 °
2507 1680 2607 1732 οὐκ
2632 1679 2767 1733 ἄλλα
2797 1680 2854 1733 δέ
2875 1680 3046 1736 ταῦτα
3068 1684 3176 1736 τῶν
3198 1683 3294 1737 τοῦ
3332 1685 3650 1755 πνεύματος
3671 1703 3759 1755 χα-

2201 1769 2497 1839 ρισμάτων.
2541 1771 2842 1844 Ἀγαπητοὶ
2887 1774 2944 1827 δὲ
2974 1774 3070 1828 τοῦ
3099 1775 3237 1829 Θεοῦ
3286 1778 3674 1847 τυγχάνουσιν,
3720 1780 3762 1830 oi

516 1826 659 1836 ,νην
705 1826 1022 1850 ,ηπ-.--η
1067 1826 1178 1833 η..-
1443 1826 1550 1831 ---η
1596 1826 1723 1831 η---
1776 1826 1880 1831 -η
1926 1826 2085 1847 ηπ---

515 1872 664 1926 dona
703 1871 941 1942 Spiritus
997 1872 1198 1925 sancti.
1238 1870 1411 1923 Porro
1444 1870 1627 1924 dilecti
1675 1869 1769 1923 Dei
1815 1878 1945 1923 sunt
1986 1869 2084 1931 illi.

2195 1826 2305 1914 διὰ.
2329 1826 2755 1931 καλοκαγαθίαν.
2782 1866 2935 1930 ὄντες
2978 1826 3129 1932 ἀξιοι⁷
3149 1826 3259 1921 ⁷τοῦ

515 1962 610 2035 qui
645 1963 714 2018 ob
749 1978 959 2018 morum
994 1962 1323 2032 probitatem
1356 1961 1505 2033 digni
1535 1967 1665 2017 sunt
1700 1960 1767 2015 ab
1793 1960 1884 2016 illo
1912 1959 2086 2031 diligi.

1036 2074 1359 2129 PSALMUS
1389 2073 1599 2129 LXVII.

587 2186 752 2245 Vsus.
790 2187 875 2243 18.
902 2215 972 2227 -—
999 2187 1131 2241 Cum
1168 2186 1337 2256 igitur
1366 2186 1605 2257 populus
1647 2188 1807 2257 quasi
1839 2188 2091 2256 captivus

516 2288 664 2336 esset
700 2280 757 2333 in
782 2278 1023 2349 Egypto
1052 2280 1325 2345 serviens,
1361 2278 1602 2333 extraxit
1631 2293 1727 2333 eos
1764 2294 1795 2332 e
1826 2279 2091 2335 servitute

521 2369 689 2435 Deus,
718 2377 772 2424 et
813 2368 1068 2423 liberavit
1103 2369 1217 2438 lege
1247 2367 1377 2422 belli
1404 2385 1417 2420 :
1453 2382 1578 2421 nam
1608 2381 1734 2421 cum
1770 2366 1957 2422 hostes
1987 2382 2090 2436 pu-

516 2463 774 2525 nivisset,
811 2470 941 2515 tunc
970 2460 1121 2530 ipsos
1155 2460 1375 2530 eripuit.
1403 2459 1711 2530 Captivitas
1742 2468 1925 2515 autem
1949 2459 2089 2515 dici-

514 2564 626 2619 tur,
658 2553 929 2626 quidquid
963 2554 1081 2625 lege
1112 2553 1239 2608 belli
1289 2552 1527 2624 capitur.
1563 2553 1681 2607 Hoc
1712 2560 1796 2610 est
1824 2553 1970 2624 quod
2007 2554 2089 2609 di-

510 2647 626 2712 cit;
684 2660 748 2699 ac
798 2646 846 2701 si
880 2645 1073 2699 dicat:
1116 2643 1489 2712 Captivitatem
1536 2644 1777 2715 (scilicet
1813 2661 1935 2708 nos,
1995 2646 2088 2716 qui

512 2738 673 2808 quasi
721 2738 777 2792 in
808 2738 1130 2809 captivitate
1158 2738 1567 2809 serviebamus)
1598 2739 1859 2807 captivam
1895 2739 2088 2795 ducem

513 2829 809 2899 (tanquam
846 2829 1008 2884 fortis
1040 2830 1148 2884 dux
1173 2828 1301 2884 belli
1336 2830 1452 2900 lege
1480 2830 1746 2901 vincens)
1784 2832 2085 2895 abduxisti,

510 2926 566 2975 et
602 2920 917 2975 extraxisti.
956 2918 1107 2975 Istud
1164 2930 1372 2980 autem,
1430 2920 1727 2974 Ascendisti
1774 2920 1829 2973 in
1876 2920 2087 2973 altum:

512 3011 925 3067 demonstratae
964 3026 1048 3075 es,
1091 3011 1289 3082 inquit,
1329 3025 1562 3081 magnus
1586 3020 1642 3065 et
1669 3013 1963 3067 excelsus:
2004 3011 2082 3065 id-

512 3105 665 3159 circo
694 3105 941 3173 accepisti
968 3104 1108 3157 dona
1138 3105 1188 3156 in
1219 3102 1536 3157 hominibus.
1568 3102 1725 3159 Tunc
1754 3106 1919 3159 etiam
1944 3104 2089 3160 Deus

512 3198 651 3266 ipsis
685 3205 1039 3266 praeceperat,
1076 3205 1134 3249 ut
1163 3206 1411 3265 peterent
1442 3210 1571 3251 vasa
1614 3204 1873 3267 argentea
1905 3206 1957 3251 et
1989 3212 2088 3251 au-

2196 1953 2359 2008 αὑτοῦ

2752 2068 3048 2122 ΨΑΛΜυΣ
3085 2068 3200 2123 ΞΖ⁹.

2262 2179 2412 2249 Στίχ.
2447 2186 2537 2249 ιη’.
2578 2209 2648 2219 --
2694 2180 2910 2253 Ἐπειδὴ
2942 2176 3034 2235 οῦν
3079 2184 3109 2235 ό
3147 2183 3273 2247 λαὸς
3306 2184 3384 2247 ὡς
3420 2187 3757 2255 αἰχμάλωτος

2189 2265 2259 2341 ἦν
2288 2272 2345 2323 ὲν
2376 2273 2441 2342 τῇ
2488 2271 2749 2342 Αἰγύπτῳ
2778 2272 3065 2339 δουλεύων,
3100 2274 3401 2342 ἐξέσπασεν
3441 2280 3645 2344 αὐτοὺς
3668 2281 3755 2351 τῆς

2188 2360 2431 2425 δουλείας
2459 2363 2487 2415 ὁ
2509 2361 2659 2426 Θεὸς,
2684 2364 2778 2416 καὶ
2806 2364 3083 2435 ἀπήλλαξε
3112 2366 3351 2437 πολέμου
3383 2370 3534 2440 νόμῳ
3558 2388 3573 2400 ·
3594 2388 3754 2441 τιμωο

2194 2453 2498 2522 ρησάμενος
2521 2452 2629 2525 γὰρ
2654 2457 2779 2517 τοὺς
2797 2456 3092 2522 ἐναντίους,
3118 2456 3259 2511 οῦτω
3277 2461 3503 2525 τούτους
3528 2463 3755 2530 ἀφεῖλεν.

2188 2546 2542 2617 Αίχμαλωσία
2570 2548 2626 2601 δὲ
2660 2548 2910 2617 λέγεται,
2957 2551 3103 2604 ἅπαν
3145 2552 3203 2606 τὸ
3232 2554 3291 2607 ἐν
3332 2554 3581 2625 πολέμου
3623 2558 3757 2627 νόμῳ

2188 2637 2614 2709 λαμϐανόμενον.
2651 2640 2819 2694 Τοῦτό
2867 2661 3031 2713 φησιν
3055 2662 3067 2675 ·
3105 2646 3180 2709 ὡς
3212 2645 3279 2698 ἂν
3317 2649 3449 2720 εἴπῃ
3473 2665 3487 2677 ·
3530 2649 3650 2715 Τὴν
3683 2652 3757 2702 αἱ·

2190 2732 2545 2798 χμαλωσίαν
2590 2732 2872 2804 (δηλονότι
2902 2736 3047 2805 ἡμᾶς
3071 2778 3086 2801 ,
3123 2738 3250 2801 τοὺς
3288 2738 3362 2801 ὡς
3396 2740 3456 2792 ἐν
3487 2742 3757 2810 αἰχμαλωο

2190 2825 2281 2893 σίᾳ
2306 2822 2676 2891 δουλεύοντας)
2698 2828 3191 2896 αίχμαλωτεύσας
3211 2831 3229 2900 (
3251 2831 3325 2893 ὠς
3358 2832 3583 2902 ἰσχυρὸς
3608 2850 3758 2902 στραο

2188 2915 2387 2984 τιώτης
2428 2914 2665 2983 πολέμου
2706 2915 2856 2985 νόμῳ
2900 2920 3161 2988 νικήσας)
3219 2922 3472 2988 ἀφεῖλες,
3522 2924 3618 2975 καὶ
3662 2925 3755 2974 ἀπ-

2194 3007 2462 3071 έσπασας.
2496 3008 2569 3059 Τὸ
2595 3008 2671 3072 δὲ,
2720 3008 2952 3074 Ἁνέϐης
2978 3012 3065 3074 εὶς
3092 3011 3269 3079 ὕψος,
3298 3012 3572 3081 ἐδείχθης,
3611 3016 3755 3081 φησὶ,

2192 3102 2367 3172 μέγας
2415 3102 2507 3154 καὶ
2548 3102 2752 3172 ὑψηλός
2780 3119 2793 3132 ·
2848 3102 2936 3155 διὰ
2983 3104 3141 3157 τοῦτο
3187 3105 3399 3172 ἔλαϐες
3441 3106 3675 3175 δόματα
3700 3108 3759 3159 ἐν

2190 3194 2541 3263 ἀνθρώποις.
2572 3195 2876 3266 Προσέταξε
2908 3196 3017 3267 γὰρ
3055 3199 3237 3261 αὐτοῖς
3270 3199 3386 3250 τότε
3417 3201 3445 3253 ό
3476 3199 3611 3261 Θεὸς
3631 3244 3647 3265 ,
3688 3202 3758 3252 αἱ·

511 3304 648 3350 rea;
684 3298 848 3358 atque
882 3288 973 3341 ubi
1009 3288 1123 3341 haec
1154 3286 1485 3357 petivissent
1520 3297 1850 3358 acceperunt
1876 3288 2084 3359 (Exod.

2194 3287 2354 3358 τῆσαι
2385 3287 2551 3356 σκεύη
2588 3289 2803 3359 ἀργυρᾶ
2835 3287 2927 3341 καὶ
2953 3290 3129 3358 χρυσᾶ
3148 3305 3160 3317 ·
3191 3290 3283 3343 καὶ
3309 3290 3482 3343 ταῦτα
3512 3294 3756 3361 αἰτήσαν-

512 3378 635 3448 tx):
682 3378 881 3434 deinde
927 3389 1102 3434 morte
1137 3380 1501 3450 primogenita
1548 3380 1838 3435 iuvadentc
1879 3380 2086 3450 (Exod.

511 3472 645 3541 xu),
677 3478 981 3541 eruperunt
1014 3486 1081 3524 ex
1112 3470 1371 3541 Egypto,
1406 3469 1632 3542 jubente
1665 3470 1795 3539 Deo,
1822 3473 2088 3529 habentes

511 3561 675 3615 etiam
704 3575 857 3615 vasa.
902 3559 1020 3615 Non
1068 3562 1260 3631 igitur,
1310 3563 1510 3631 inquit,
1545 3577 1646 3618 nos
1686 3564 1861 3618 solum
1905 3574 2089 3618 extra-

511 3651 667 3717 xisti,
694 3660 750 3707 et
780 3668 811 3706 e
839 3653 1104 3708 servitute
1136 3652 1402 3717 liberasti,
1442 3653 1537 3709 sed
1569 3654 1736 3708 etiam
1762 3654 1904 3709 dona
1935 3670 2090 3710 acce-

512 3743 647 3815 pisti
673 3744 741 3799 ab
770 3743 1107 3807 hominibus,
1139 3745 1296 3813 quasi
1322 3761 1445 3798 eum
1470 3746 1633 3801 donis
1657 3748 1914 3802 omnibus
1939 3748 2088 3818 ipsos

510 3833 943 3888 dimittentibus.
991 3833 1261 3887 Cancrum
1293 3833 1589 3902 Apostolus
1616 3834 1722 3888 hoc
1770 3835 2088 3890 testimonio

511 3940 647 3981 usus
679 3933 765 3980 est
798 3923 1024 3994 (Ephes.
1056 3940 1127 3987 IV,
1156 3922 1218 3990 8)
1258 3926 1413 3994 quasi
1449 3923 1516 3979 de
1543 3925 1763 3980 Christo
1788 3943 1803 3991 ;
1826 3926 2086 3996 quoniam

508 4026 563 4071 et
602 4018 720 4086 ipse
758 4032 860 4072 nos
890 4016 995 4071 sub
1034 4015 1256 4071 diabolo
1288 4017 1533 4085 captivos
1570 4017 1927 4078 exsistentcs,
1962 4032 2086 4072 cum

510 4108 692 4178 ipsum
745 4109 942 4179 prmlio
976 4109 1113 4163 inito
1160 4107 1477 4171 devicisset,
1518 4107 1741 4162 exemit.
1793 4106 2087 4179 Propterea

511 4218 637 4257 cum
670 4203 816 4258 istud
848 4202 1097 4271 accepisti
1125 4200 1267 4254 dona
1301 4208 1494 4255 nostro
1526 4200 1782 4270 loquendi
1807 4203 1946 4256 mori
1978 4218 2089 4257 non

511 4296 841 4366 quadraret,
879 4310 988 4364 quo
1030 4295 1083 4348 in
1124 4292 1523 4349 ecclesiasticis
1547 4294 1833 4348 sententiis
1858 4295 2085 4360 utimur,

514 4387 814 4443 immutans
837 4387 1059 4441 verbum
1095 4386 1364 4452 accepisti,
1401 4385 1537 4439 dixit
1559 4385 1770 4439 dedisti.
1803 4384 1918 4441 Hoc
1938 4388 2088 4443 enim

514 4476 740 4534 Christo
792 4481 970 4550 magis
1015 4477 1375 4547 congruebat,
1430 4487 1490 4531 ut
1517 4478 1609 4548 qui
1639 4492 1747 4532 non
1793 4480 2085 4549 acceperit,

2188 3393 2280 3439 τες
2322 3376 2539 3429 ἔλαϐονο
2598 3374 2717 3431 εἶτα
2773 3378 3173 3442 καταλαὸόντος
3223 3379 3318 3432 τοῦ
3367 3379 3604 3433 θανάτου
3662 3381 3759 3432 τῶν

2190 3470 2570 3539 πρωτοτόκων,
2610 3468 2937 3541 ἐξώρμησαν
2956 3470 3053 3540 τῆς
3077 3470 3351 3538 Αἰγύπτου
3376 3472 3455 3542 τῷ
3488 3475 3758 3543 apem:-

2192 3580 2322 3634 ματι
2348 3562 2441 3616 τοῦ
2466 3562 2622 3625 Θεοῦ,
2655 3563 2867 3633 ἔχοντες
2893 3564 2988 3617 καὶ
3026 3564 3093 3616 τὰ
3118 3565 3307 3635 σκεύη.
3339 3567 3449 3634 Οὐχ
3475 3569 3629 3635 ἡμᾶς
3658 3563 3758 3630 οὖν,

2190 3655 2353 3725 φησὶ,
2390 3654 2546 3724 μόνον
2574 3655 2795 3723 ἀφείλου
2817 3695 2831 3719 ,
2868 3655 2961 3708 καὶ
2990 3656 3089 3726 τῆς
3131 3657 3374 3720 δουλείας
3408 3659 3756 3729 ἀπήλλαξας’

2189 3747 2323 3802 ἀλλὰ
2344 3748 2438 3799 καὶ
2464 3747 2673 3818 δόματα
2696 3747 2885 3811 ἔλαϐες
2908 3748 3056 3819 παρὰ
3083 3748 3190 3800 τῶν
3216 3748 3541 3820 ἀνθρώπων,
3568 3748 3761 3803 ὡσανεὶ

2193 3840 2331 3911 μετὰ
2369 3839 2555 3910 δώρων
2592 3840 2811 3893 πάντων
2844 3840 3042 3904 αὐτοὺς
3077 3840 3502 3910 ἐκπεμψάντων.
3567 3842 3758 3911 Ἐχρή-

2192 3949 2321 3985 σατο
2360 3931 2417 3983 δὲ
2444 3932 2472 3982 ὁ
2513 3931 2835 3995 ’Λπόστολος
2880 3931 3056 4005 ταύτῃ
3092 3936 3157 4003 τῇ
3191 3934 3484 4004 μαρτυρία,
3529 3933 3610 3998 ὡς
3646 3935 3760 4004 περὶ

2188 4023 2281 4077 τοῦ
2308 4024 2542 4094 Χριστοῦ
2567 4042 2579 4054 '
2607 4025 2689 4077 ὅτι
2714 4024 2808 4079 καὶ
2836 4025 2996 4089 αὐτὸς
3024 4026 3401 4096 αἰχμαλώτους
3425 4028 3579 4097 ἡμᾶς
3612 4028 3762 4089 ὄντας

2190 4115 2295 4168 ὑπὸ
2312 4114 2404 4168 τοῦ
2429 4114 2697 4180 διαϐόλου,
2729 4116 2878 4187 μάχῃ
2902 4119 2967 4186 τῇ
2994 4117 3129 4186 πρὸς
3153 4118 3314 4171 αὑτὸν
3338 4120 3593 4187 νικήσας,
3614 4117 3761 4187 ἀφεί-

2189 4208 2328 4261 λετο.
2362 4206 2459 4260 Διά
2497 4206 2655 4260 τοῦτο
2692 4207 2875 4277 ἐπειδὴ
2903 4207 2963 4260 τὸ
3004 4208 3259 4275 Ἕλαόες
3285 4208 3511 4278 δόματα
3548 4210 3654 4280 οὐχ
3675 4212 3764 4279 ἧρ-

2192 4318 2354 4370 μοττε
2386 4302 2525 4353 κατὰ
2562 4298 2622 4352 τὸ
2656 4300 2783 4369 παρ’
2825 4301 2957 4369 ἡμῖν
2989 4299 3110 4363 ἔθος
3134 4340 3149 4364 ,
3179 4300 3367 4371 ὥσπερ
3403 4302 3461 4354 ἐν
3502 4304 3633 4364 ταῖς
3659 4302 3765 4353 δια·

2189 4390 2368 4455 λέξεσι
2400 4392 2519 4452 ταῖς
2550 4388 3037 4459 ἐκκλησιαστικαῖς
3070 4389 3418 4459 κεχρήμεθα,
3449 4389 3765 4453 ὑπαλλάξας

2189 4482 2249 4535 τὸ
2268 4480 2541 4545 Ἕλαϐες,
2561 4474 2712 4532 εἶπεν
2738 4479 2799 4531 τὸ
2815 4477 3106 4545 Ἐδωκας.
3130 4478 3300 4531 Τοῦτο
3318 4478 3427 4549 γὰρ
3442 4476 3766 4551 ἁρμοδιώτεο

514 4569 609 4624 sed
640 4580 763 4640 post
790 4585 1083 4624 ascensum
1121 4583 1281 4622 suum
1334 4567 1389 4620 in
1422 4569 1592 4622 cmlos
1634 4568 1873 4637 Spiritus
1906 4572 2085 4627 sancti

2194 4590 2286 4645 ρον
2312 4574 2405 4625 ἐπὶ
2432 4570 2691 4666 Χρισξοῦ,
2718 4572 2779 4624 οὐ
2813 4570 3070 4634 λαϐόντος
3088 4611 3104 4637 ,
3142 4568 3278 4624 ἀλλὰ
3301 4570 3440 4639 μετά
3470 4570 3572 4641 τὴν
3591 4568 3765 4623 ἄνοδοι

511 4660 656 4715 dona
687 4660 918 4730 largitus
957 4661 1050 4716 sit.

1004 4887 1325 4944 PSALMUS
1352 4890 1584 4945 LXVIII.

2193 4632 2291 4734 τὴν
2315 4665 2373 4716 ὲν
2394 4632 2507 4726 τοῖς
2532 4632 2781 4733 οῦρανοῖς
2808 4632 3101 4725 δεδωκότος
3126 4659 3221 4713 τοῦ
3240 4632 3558 4731 πνεύματος
3576 4658 3652 4712 τά
3677 4674 3765 4726 ια·

2195 4758 2455 4831 ρίσματα.

2755 4892 3049 4946 ΨΑΛΜΟΣ
3083 4890 3211 4944 EH’.

541 5009 618 5078 (1)
658 5004 911 5077 Ejusdem
949 5003 1012 5057 de
1049 5004 1476 5070 interpretatione
1505 5007 1819 5087 sexagesimi
1843 5010 2031 5087 octavi
2066 5010 2285 5075 psalmi,
2325 5009 2381 5061 in
2418 5006 2575 5061 verba
2614 5006 2710 5058 illa
2744 5022 2761 5057 :
2795 5002 3072 5059 Dederunt
3109 5004 3164 5057 in
3196 5016 3383 5056 escam
3417 5016 3595 5055 meam
3638 4999 3737 5061 fel,

1576 5086 1631 5130 et
1669 5086 1723 5129 tu
1763 5086 1855 5132 Siti
1896 5094 2015 5133 mea
2054 5088 2384 5149 potaverunt
2420 5093 2506 5132 me
2542 5086 2719 5131 aceto.

580 5192 853 5258 Quoniam
900 5192 1008 5247 cibi
1050 5201 1103 5247 et
1150 5201 1312 5264 potus
1360 5207 1560 5247 suaves
1604 5192 1821 5262 quidem
1869 5193 2007 5248 ﬁunt
2048 5196 2103 5250 in
2146 5204 2390 5265 tempore
2443 5194 2666 5265 gaudii,
2715 5193 2963 5248 insuavia
3004 5199 3186 5246 autem
3230 5199 3285 5246 et
3327 5204 3518 5244 amara
3572 5190 3633 5243 in
3681 5192 3771 5243 tn'-

510 5289 699 5355 stitia;
748 5288 880 5342 talia
917 5296 1111 5355 erant,
1172 5289 1383 5358 inquit,
1435 5302 1556 5358 quae
1602 5287 1673 5343 ab
1714 5288 1822 5343 illis
1877 5289 2111 5356 ﬁebant,
2148 5298 2211 5344 ut
2253 5306 2318 5346 ex
2361 5290 2585 5345 tristitia
2626 5297 2681 5345 et
2724 5289 2807 5343 ira
2850 5297 3000 5344 esset
3042 5287 3263 5357 quidem
3302 5288 3438 5342 mihi
3482 5288 3535 5342 in
3589 5287 3771 5341 locum

511 5380 654 5435 fellis
696 5381 892 5444 cibus,
940 5390 1088 5437 esset
1135 5389 1319 5435 autem
1366 5387 1421 5434 et
1468 5378 1620 5449 potio
1667 5386 1824 5434 aceto
1870 5381 2009 5435 nihil
2052 5382 2333 5439 diﬂerens.
2386 5381 2621 5437 Maxime
2666 5391 2854 5436 autem
2904 5382 3009 5436 hoc
3061 5383 3122 5435 tit
3168 5381 3227 5436 in
3285 5379 3597 5435 iracundiis
3656 5395 3771 5448 qua:

513 5475 568 5529 iu
606 5476 961 5532 tribulatione
1012 5475 1183 5540 ﬁunt,
1228 5472 1378 5545 quod
1424 5472 1724 5529 verisimile
1778 5482 1897 5528 erat
1944 5477 2056 5544 pati
2104 5493 2201 5534 eos
2248 5486 2445 5533 contra
2494 5491 2647 5533 suos.
2702 5476 2850 5534 Usus
2898 5486 3084 5533 autem
3129 5485 3215 5532 est
3263 5476 3616 5549 evangelista
3670 5475 3769 5529 hoc

512 5567 829 5623 testimonio
868 5568 922 5621 iu
976 5565 1243 5633 Domino,
1293 5573 1347 5620 et
1392 5565 1512 5636 ipse
1557 5572 1739 5619 autem
1789 5562 2094 5624 Dominus:
2140 5567 2297 5625 Zelus
2350 5568 2537 5625 domus
2587 5578 2689 5625 tua:
2734 5568 2959 5624 comedit
3004 5584 3121 5636 me,
3170 5568 3238 5625 de
3284 5571 3471 5641 seipse
3518 5568 3773 5631 dicens;

590 5768 665 5839 (Ι)
706 5766 783 5825 Ex
831 5771 1066 5827 concilio
1107 5770 1215 5826 ΟΡ.
1251 5786 1415 5839 supra
1463 5770 1655 5838 citato,
1704 5767 1880 5826 Mansi
1931 5768 2033 5837 IX,
2080 5772 2206 5829 2l5.
