3904 6534
135 365 234 426 689

1307 362 1674 421 exposmo
1727 362 1798 418 IN
1837 325 2171 422 PSALuos.

133 490 186 538 et
225 481 410 535 beatus
447 477 652 534 Paulus
696 477 766 536 de
789 476 1012 537 ludatis
1051 480 1327 551 loquens:
1379 479 1502 535 Fiat
1531 495 1711 534 mensa
1749 494 1968 543 eorum,
1997 491 2146 550 etc.;

3273 367 3380 426 690

2193 492 2250 537 et
2289 482 2484 540 beatus
2527 482 2728 542 Petrus
2770 483 2838 540 de
2877 482 3062 540 Juda:
3108 483 3238 540 Fiat
3283 486 3382 540 ha-

133 573 315 630 bitatio
355 574 470 644 ejus
515 571 744 628 deserta.
795 573 863 630 Et
905 582 1058 632 certe
1100 575 1338 632 diversis
1389 574 1709 631 constitutis
1758 574 1962 638 rebus,
2014 591 2125 630 non
2173 578 2333 648 quasi
2387 580 2603 648 psalmo
2646 580 2813 636 modo
2862 580 3085 650 quidem
3137 573 3236 651 pio
3289 581 3382 638 his

131 671 312 735 dicto,
357 669 554 724 iterum
602 679 783 724 autem
826 670 896 726 de
940 671 1076 737 illo,
1125 679 1180 726 et
1226 665 1424 728 iterum
1475 670 1544 727 de
1589 669 1736 724 alio:
1780 668 1880 724 sed
1917 670 2047 740 quia
2089 670 2158 728 de
2204 671 2409 728 Judaeis
2445 675 2594 730 dicta
2639 686 2768 732 sunt
2812 676 3011 745 plura,
3055 675 3154 746 qui
3195 691 3256 733 se
3295 691 3382 732 se-

130 770 460 835 paraverunt
517 762 587 819 de
636 763 748 820 Deo
808 775 872 833 et,
919 766 1072 838 lege,
1129 767 1518 823 eonvincentia
1579 767 1800 822 illorum
1855 765 2302 833 indevotionem,
2364 772 2714 827 necessarius
2776 779 2863 827 est
2921 772 3376 831 testimoniorum

131 869 262 910 usus
307 851 472 909 simul
515 860 571 910 et
619 868 689 909 ex
735 855 900 913 rebus
938 864 1135 929 captus
1179 858 1362 929 qualis
1409 865 1527 924 est,
1583 854 1848 911 Dederuut
1891 857 1945 910 in
1985 873 2162 912 escam
2209 877 2378 915 meam
2422 861 2529 929 fel,
2572 875 2622 916 et
2668 864 2722 917 in
2767 862 2859 916 siti
2905 880 3020 918 mea
3065 873 3384 933 notaverunt

131 963 209 1001 tne
255 956 421 1003 acea»

197 1064 344 1134 Στίχ.
391 1063 493 1130 κζ’.
527 1097 598 1108 -
641 1067 752 1121 Καὶ
796 1067 871 1140 (l)
905 1069 1199 1124 ἀπέκειντο
1243 1069 1420 1124 πάντα
1465 1070 1698 1142 δρῶντες

1875 1070 2040 1129 Vens.
2075 1074 2165 1130 27.
2192 1104 2262 1115 -
2291 1074 2358 1130 Ει
2401 1076 2726 1132 institerunt
2767 1077 2952 1132 omnia
2979 1077 3244 1135 adversus
3280 1093 3384 1134 nos

128 1155 248 1208 καθ’
293 1157 469 1228 ἡμῶν,
510 1159 598 1238 ἀει
649 1162 770 1225 ταῖς
818 1162 1333 1233 προλαμϐανούσαις
1389 1166 1698 1235 συμφοραῖς

129 1247 320 1318 ἑτέρας
343 1251 658 1319 εἰσάγοντες
679 1293 694 1316 ,
726 1253 822 1307 καὶ
848 1255 1106 1308 οὐδέποτε
1141 1256 1401 1328 λήγοντες
1427 1256 1520 1310 τοῦ
1561 1255 1698 1326 πρὸς

127 1341 274 1412 ἡμᾶς
300 1341 560 1412 πολέμου.

197 1432 348 1502 Στίχ.
375 1433 489 1504 κη’.
524 1464 592 1477 --
624 1435 736 1490 Οὐκ
775 1436 888 1508 ἔχει
929 1439 960 1491 ὁ
995 1439 1128 1504 Θεὸς
1156 1440 1354 1504 αἰτίαν,
1393 1441 1442 1493 εἰ
1472 1440 1608 1511 πρὸς
1641 1439 1700 1493 ὃν

127 1523 400 1596 ἐπόθησαν
432 1527 842 1598 παραδέδονται,
872 1530 1074 1602 δηλαδὴ
1104 1532 1182 1603 τῷ
1214 1533 1350 1586 Θεοῦ
1388 1533 1700 1602 ἀποστατή-

131 1629 284 1666 σαντι
331 1615 598 1689 διαϐόλῳ·
643 1617 994 1682 ἐξαπέστειλε
1043 1621 1172 1689 γοῦν
1217 1623 1412 1686 αὐτοὺς
1453 1621 1594 1674 κατὰ
1632 1621 1702 1676 τὰ

127 1687 538 1781 ἐπιτηδεύματα
569 1711 676 1764 τῶν
704 1712 941 1782 καρδιῶν
974 1713 1181 1766 αὐτῶν·
1209 1713 1290 1767 διὸ
1315 1713 1700 1784 προστιθέασιν

125 1801 358 1870 ἀνομίας
395 1803 482 1853 ἐπ’
521 1803 805 1872 ἀνομίαις.·
830 1803 940 1872 Τὴν
973 1805 1132 1858 σκιὰν
1165 1804 1222 1858 δὲ
1263 1805 1359 1858 τοῦ
1393 1804 1560 1874 νόμου
1601 1805 1700 1875 τῆς

124 1891 384 1962 ἐλθούσης
436 1896 872 1965 προτιμήσαντες
913 1895 1205 1965 ἀληθείας,
1242 1894 1559 1965 ἐξώσθησαν
1605 1894 1702 1949 καὶ

123 1984 218 2035 τοῦ
246 1984 411 2038 τόπου
441 1989 542 2057 τῆς
571 1988 804 2058 τυπικῆς
836 1987 1114 2059 λατρείας,
1149 1993 1214 2060 τῇ
1248 1989 1491 2061 προτέρα
1525 2006 1698 2060 προσ-

43 2069 69 2111 -ἓ
118 2071 360 2136 τιθέντες
395 2075 662 2145 ἁμαρτία,
701 2079 759 2128 ὲν
787 2077 864 2146 τῷ
881 2078 979 2144 τῆς
1019 2079 1273 2142 Ἰουδαίας
1289 2079 1395 2145 ἔξω
1413 2079 1699 2149 βούλεσθαι

115 2163 296 2217 ταῦτα
329 2169 521 2228 ποιεῖν,
562 2167 643 2219 διὸ
666 2169 766 2220 οὐκ
797 2171 1137 2240 εἰσέρχονται
1175 2173 1232 2222 ἐν
1272 2171 1588 2242 δικαιοσύνῃ
1630 2173 1696 2242 τῇ

110 2255 205 2308 διὰ
239 2259 473 2322 πίστεως
521 2259 692 2328 Ἰησοῦ
723 2262 960 2331 Χριστοῦ
984 2280 995 2292 ·
1037 2263 1164 2332 περὶ
1191 2259 1259 2332 ἧς
1292 2265 1537 2335 εἴρηται’
1569 2265 1698 2318 Νῦν

108 2347 182 2401 δὲ
228 2351 408 2418 χωρίς
446 2353 633 2420 νόμου
675 2353 1032 2422 δικαιοσύνη
1061 2355 1208 2409 Θεοῦ
1259 2357 1701 2426 πεφανέρωται,

101 2443 570 2512 μαρτυρουμένη
602 2444 719 2498 ὑπὸ
744 2445 849 2498 τοῦ
880 2447 1067 2513 νόμου
1090 2445 1187 2498 καὶ
1218 2445 1334 2498 τῶν
1353 2447 1694 2516 προφητῶν.

106 2531 253 2602 Περὶ
282 2533 441 2585 σκιὰν
470 2533 577 2605 γὰρ
605 2535 819 2604 ἔχοντες
847 2537 956 2597 ἀεὶ,
993 2536 1110 2599 πῶς
1153 2537 1474 2607 εἰσήρχοντο
1517 2541 1576 2592 ἐν
1620 2539 1698 2592 δι-

104 2623 377 2696 καιοσύνῃ
400 2625 468 2696 ἢν
490 2627 763 2698 ἠγνόησαν
790 2628 926 2681 Θεοῦ
949 2647 962 2696 ;
993 2628 1111 2696 Τὴν
1137 2629 1296 2683 ἰδίαν
1319 2630 1430 2699 γὰρ
1453 2631 1697 2697 ζητοῦν-

101 2733 210 2781 τες
226 2716 488 2785 στῆσαι,
520 2717 594 2786 τῇ
619 2719 972 2789 δικαιοσύνῃ
1005 2720 1110 2774 τοῦ
1139 2721 1286 2775 Θεοῦ
1316 2725 1428 2792 οὐχ
1475 2723 1696 2777 ὑπετά-

101 2826 318 2878 γησαν
339 2827 350 2838 ·
381 2810 580 2864 ταύτὸν
613 2812 719 2884 γὰρ
741 2812 803 2864 τὸ
841 2813 1202 2884 ὑποταγῆναι,
1237 2815 1314 2885 τῷ
1343 2814 1606 2868 εἰσελθεῖν
1637 2816 1695 2867 ἐν

98 2903 274 2973 αὐτῇ.

177 2993 337 3064 Στίχ.
370 2994 474 3049 κθν.
509 3025 578 3036 -
629 2997 1094 3067 Ἐξαλειφθεῖεν,
1139 2998 1418 3052 τουτέστιν
1468 2999 1694 3055 ἀποϐά-

95 3103 294 3139 ¹ιὀιεν.
338 3087 530 3139 Βίϐλον
556 3088 614 3141 δὲ
642 3088 789 3157 λέγει
828 3087 1068 3153 ζώντων,
1098 3087 1175 3153 ὡς
1206 3088 1299 3142 τοῦ
1339 3090 1474 3144 Θεοῦ
1503 3090 1694 3162 ὥσπερ

95 3176 159 3225 ἐν
205 3172 378 3244 βίϐλῳ
405 3174 512 3227 τινὶ
543 3175 670 3239 τοὺς
708 3176 917 3240 ζῶντας
943 3176 1158 3268 ἕχονξος
1195 3177 1690 3249 καταλεγομένους,

92 3267 165 3317 ἐκ
219 3269 534 3338 μεταφορᾶς
586 3266 694 3320 τῶν
734 3267 1023 3338 βασιλέων,
1060 3266 1167 3321 τῶν
1206 3271 1262 3322 ἐν
1314 3272 1433 3334 ταῖς
1489 3271 1692 3340 βίϐλοις

90 3352 344 3421 ἐχόντων
380 3354 865 3427 ἐγγεγραμμένους
901 3358 1028 3421 τοὺς
1058 3356 1166 3410 τῶν
1202 3360 1550 3428 στρατιωτῶν
1588 3379 1691 3416 κα-

84 3444 391 3508 κλόνους.

674 3563 970 3618 ΨΑΛΜΟΣ
1002 3564 1125 3619 UA'.

168 3689 437 3800 Στίχ.Ηε’.
468 3721 537 3733 —-
571 3693 647 3800 'le
673 3696 790 3800 ετρό
821 3696 1036 3800 οὺχκώς
1063 3699 1156 3752 ἐπὶ
1182 3701 1373 3769 χρόνου
1412 3698 1584 3785 λέγει,
1611 3699 1688 3766 ὣς
1715 3736 1764 3800 c

74 3798 247 3845 τινες
276 3781 540 3853 ᾠήθησαν
558 3799 575 3815 ο
599 3785 723 3838 ἐπεὶ
748 3785 910 3840 ποίαν
929 3785 1043 3851 ’ἐξει
1067 3787 1204 3860 πρὸς
1229 3788 1290 3842 τὸ
1320 3779 1692 3858 παραμένειν

76 3873 468 3942 ἀκολουθίαν;
499 3876 958 3946 Συμπαραμενεῐ
1002 3878 1142 3950 γὰρ,
1197 3881 1368 3951 φησὶ.
1416 3880 1497 3947 τῷ
1535 3883 1691 3950 ἡλίῳ

72 3964 197 4017 καὶ
234 3963 358 4032 πρὸ
387 3962 500 4032 τῆς
531 3965 802 4035 σελήνης
821 3968 1033 4037 γενεὰς
1067 3969 1308 4040 γενεῶν.
1345 3971 1418 4024 Τὸ
1449 3973 1547 4043 μὲν
1580 3973 1689 4044 γὰρ

66 4057 600 4125 συμπαραμένειν
636 4061 718 4122 εἰς
749 4059 811 4112 τὸ
834 4060 967 4130 ἑξῆς
997 4059 1238 4130 λέγεται,
1276 4063 1339 4116 τὸ
1369 4063 1426 4116 δὲ
1456 4067 1574 4134 πρό
1593 4066 1688 4119 ἐπὶ

58 4146 206 4200 τῶν
263 4148 673 4218 προλαϐόντων.
719 4152 908 4216 Οὐδεὶς
938 4149 1033 4207 οὖν
1079 4155 1227 4224 λέγει
1261 4155 1343 4210 ὅτι
1389 4158 1496 4228 πρὸ
1529 4157 1686 4212 τοῦδε

60 4245 544 4311 συμπαραμενεί.
577 4243 639 4296 Ei
663 4242 721 4296 δέ
749 4261 833 4306 τις
860 4245 923 4298 τὸ
950 4248 1411 4316 συμπαραμενεῖ
1449 4249 1523 4320 μὴ
1555 4250 1683 4321 βού-

51 4332 243 4385 λοιτο
271 4333 419 4385 κατὰ
436 4334 616 4386 κοινοῦ
642 4334 898 4400 νοεῖσθαι,
927 4337 1120 4400 καὶτὸ,
1145 4337 1260 4404 πρὸ
1282 4336 1391 4406 τῆς
1413 4340 1688 4410 σελήνης

47 4423 314 4492 γενεὰς
363 4423 602 4492 γενεῶν,
657 4425 809 4478 οὐδὲν
862 4428 1116 4498 ποιήσει,
1147 4429 1264 4483 ἀλλ’
1310 4431 1343 4499 ἢ
1379 4431 1550 4501 χωλὸν
1588 4435 1686 4487 καὶ

41 4514 427 4585 ἁπλήρωτον
451 4515 574 4587 ἔχον
593 4519 691 4588 τὴν
706 4518 970 4573 διάνοιαν·
991 4521 1052 4572 οὐ
1080 4520 1187 4591 γὰρ
1207 4523 1480 4594 συνῆπται
1507 4525 1680 4596 αὐτῷ,

35 4606 163 4659 ὅτι
204 4604 382 4671 ἐστιν,
427 4606 511 4660 ὅτι
551 4607 810 4678 ὑπάρχει,
840 4609 873 4679 ἥ
907 4610 989 4663 ὃτι
1026 4606 1128 4682 ἦν,
1160 4611 1270 4682 ήτι
1310 4613 1570 4669 τοιοῦτον.
1609 4616 1686 4669 Τὸ

33 4696 188 4766 μὲν
240 4690 342 4749 οὖν
386 4699 844 4768 συμπαραμενεῐ
888 4699 1032 4754 κατὰ
1072 4702 1255 4756 κοινοῦ
1304 4703 1488 4773 λέγειν
1531 4706 1592 4759 τὸ
1625 4707 1683 4760 δὲ

27 4785 203 4856 πρό
228 4786 335 4840 οὐκ
362 4786 454 4840 ἐπὶ
474 4789 573 4860 τῆς
589 4790 686 4843 τοῦ
710 4793 905 4863 χρόνου
934 4792 1083 4862 λέγει
1111 4795 1408 4866 ὑπεροχῆς,
1440 4797 1558 4852 ἀλλ’
1582 4799 1681 4853 ἐπὶ

27 4880 177 4949 τῆς
213 4877 344 4930 κατ’
389 4879 522 4932 αὐτὸ
567 4880 628 4933 τὸ
659 4881 958 4953 διαμένειν.
992 4886 1252 4955 Διαμενεῖ
1282 4890 1485 4954 τοίνυν,
1520 4892 1676 4962 φησὶ,

27 4972 172 5026 καὶ
210 4970 751 5042 διαφυλαχθήσονται
774 4976 808 5046 ή
830 4977 1022 5046 εἰρήνη
1051 4979 1145 5031 καὶ
1167 4979 1228 5032 τὸ
1255 4979 1462 5036 δίκαιον
1489 4983 1577 5037 ἴσα
1601 4985 1682 5056 τῷ

1803 1171 2039 1232 lentare,
2072 1168 2512 1238 praecedentibus
2541 1171 2948 1227 calamitatibus
2999 1188 3216 1243 semper
3242 1173 3383 1230 alias

1804 1261 2328 1330 superinducentes,
2354 1270 2410 1319 et
2433 1279 2714 1335 nunquam
2743 1279 2772 1318 a
2799 1264 2938 1320 bello
2961 1264 3251 1320 adversum
3277 1280 3384 1321 nos

1804 1365 2109 1413 cessantes.

1876 1447 2041 1505 Vens.
2072 1450 2162 1506 28.
2193 1481 2263 1494 -
2292 1451 2434 1507 Deus
2467 1467 2578 1506 non
2614 1458 2700 1506 est
2751 1451 2806 1506 in
2855 1464 3050 1515 causa,
3110 1449 3157 1505 si
3193 1447 3382 1502 traditi

1805 1541 1916 1598 sint
1952 1542 2030 1595 illi
2081 1559 2242 1612 quem
2293 1543 2698 1608 desiderarunt,
2755 1541 2970 1598 scilicet
3025 1539 3250 1594 diabolo
3287 1537 3394 1594 Dei.

1805 1633 2115 1689 desertori:
2160 1635 2370 1689 dimisit
2417 1635 2584 1706 igitur
2634 1650 2731 1690 eos
2777 1632 3079 1690 secundum
3116 1631 3381 1685 adiuven-

1803 1726 1983 1779 tiones
2017 1725 2264 1779 cordium
2298 1726 2542 1795 ipsorum
2574 1743 2590 1791 ;
2638 1724 2846 1780 idcirco
2877 1728 3248 1792 apposuerunt
3278 1719 3385 1773 ini-

1801 1817 2043 1886 quitates
2101 1833 2266 1884 super
2323 1817 2665 1888 iniquitates.
2722 1817 2992 1871 Caeterum
3058 1828 3183 1868 eum
3242 1811 3381 1882 legis

1804 1910 2051 1963 umbram
2073 1919 2317 1965 venturae
2341 1911 2555 1965 veritati
2584 1910 2946 1980 przetuleriut,
2976 1907 3140 1962 etiam
3165 1905 3385 1974 expulsi

1803 2009 1933 2056 sunt
1978 2017 2009 2056 e
2061 2003 2182 2057 loco
2235 2005 2416 2059 cultus
2469 2003 2736 2073 Iiguralis,
2789 2003 2893 2058 hoc
2937 2008 3165 2072 peccato
3207 1998 3378 2070 priori

1803 2093 2150 2163 adjicieutes,
2197 2094 2345 2164 quod
2379 2101 2531 2149 extra
2557 2091 2799 2148 Iudaeam
2833 2091 3108 2147 voluerint
3157 2091 3266 2145 ista
3301 2088 3384 2142 fa-

1801 2201 1945 2250 cere,
1995 2185 2118 2239 ideo
2163 2200 2272 2239 non
2310 2187 2516 2239 intrant
2553 2185 2607 2238 in
2651 2185 2955 2253 justitiam,
3014 2197 3136 2252 quae
3167 2189 3252 2236 est
3285 2195 3382 2250 per

1801 2279 1962 2333 ﬁdem
1983 2277 2110 2332 Jesu
2136 2278 2366 2343 Christi,
2409 2279 2477 2332 de
2501 2294 2608 2347 qua
2630 2279 2837 2332 dictum
2863 2283 2944 2330 est
2970 2294 2983 2329 :
3013 2273 3172 2327 Nune
3205 2281 3388 2325 autem-

1800 2374 1912 2428 sine
1939 2372 2049 2441 lege
2087 2372 2307 2441 justitia
2350 2371 2449 2424 Dei
2492 2369 2839 2438 manifestata
2878 2377 2978 2432 est,
3028 2365 3317 2434 testiﬁcata
3346 2378 3381 2415 a

1801 2465 1908 2534 lege
1943 2475 1991 2518 et
2020 2465 2285 2532 prophetis
2317 2462 2500 2534 (Rom.
2534 2477 2617 2526 ιιι,
2643 2460 2765 2530 21).
2798 2459 2934 2514 Cum
2969 2458 3113 2512 enim
3161 2470 3382 2524 semper

1803 2559 2010 2612 umbra:
2045 2557 2409 2620 adlimrerent,
2457 2555 2737 2626 quomodo
2784 2554 3086 2608 intrassent
3116 2550 3171 2603 in
3209 2548 3380 2618 justi-

1800 2653 1928 2706 tiam
1963 2650 2058 2707 Dei
2093 2665 2260 2721 quam
2297 2649 2670 2720 ignorabant?
2702 2647 2868 2702 Suam
2899 2645 3044 2698 enim
3087 2651 3391 2713 quwrentes.

1797 2752 2050 2805 statuere,
2078 2743 2304 2811 justitia:
2327 2740 2424 2794 Dei
2449 2757 2552 2794 non
2579 2748 2703 2794 sunt
2726 2738 2949 2808 subjecti
2981 2734 3166 2805 (Rom.
3185 2750 3242 2801 ι,
3272 2731 3328 2804 5)
3355 2749 3368 2784 :

1799 2850 1924 2889 nam
1956 2835 2096 2890 idem
2127 2843 2212 2890 est
2239 2833 2462 2901 subjici,
2497 2833 2642 2903 quod
2676 2832 2880 2886 intrare
2913 2829 2969 2883 in
3002 2842 3148 2884 eam.

1871 3014 2038 3070 Vens.
2060 3014 2152 3069 29.
2175 3045 2245 3054 —-
2272 3013 2580 3074 Deleantur,
2614 3012 2665 3066 id
2689 3017 2775 3067 est
2797 3009 3114 3064 moriantur.
3147 3004 3375 3059 Librum

1797 3114 1979 3162 autem
2005 3107 2138 3161 dicit
2166 3107 2485 3170 viventium,
2515 3103 2674 3174 quasi
2705 3099 2849 3156 Deus
2872 3101 2925 3154 in
2955 3099 3096 3154 libro
3115 3094 3380 3167 qquiam

1796 3203 2042 3256 viventes
2080 3200 2278 3255 habeat
2327 3198 2656 3260 recensitos,
2698 3210 2764 3251 ex
2809 3191 3129 3262 metaphora
3160 3200 3374 3258 regum,

1794 3295 1888 3364 qui
1922 3293 1978 3347 in
2014 3291 2171 3348 libris
2198 3289 2432 3360 scriptos
2452 3289 2652 3344 habent
2678 3285 2962 3356 catalogos
2984 3283 3188 3338 ducum
3212 3293 3374 3335 exer-

1794 3390 1941 3446 citus

2301 3602 2622 3662 PSALMUS
2675 3600 2860 3656 LXXI.

1865 3700 2034 3757 Vens.
2080 3701 2134 3756 5.
2171 3728 2240 3740 —
2271 3697 2423 3754 Istud
2473 3706 2593 3751 aute
2642 3710 2749 3750 non
2797 3692 2959 3764 quasi
3009 3689 3076 3746 de
3127 3695 3375 3757 tempore

1792 3795 1951 3859 dicit,
1988 3801 2047 3848 ut
2068 3792 2236 3864 aliqui
2269 3798 2570 3862 putarunt;
2605 3803 2728 3842 nam
2762 3785 2979 3857 qualem
3010 3783 3116 3837 hoc
3148 3780 3377 3835 haberet

1789 3888 2191 3944 connexiouem
2244 3900 2368 3939 cum
2397 3883 2568 3938 verbo
2590 3879 2937 3951 permanere?
2964 3873 3100 3930 Nam
3132 3887 3374 3942 comper-

1791 3981 2045 4044 manebit,
2079 3979 2282 4050 inquit,
2315 3994 2437 4031 cum
2466 3976 2577 4030 sole
2605 3985 2652 4028 et
2688 3981 2812 4027 ante
2837 3971 3040 4035 lunam,
3071 3966 3129 4020 in
3156 3979 3374 4035 genera-

1793 4075 1960 4128 tiones
1996 4073 2413 4142 generatiouum.
2451 4069 2640 4137 Itaque
2680 4063 2909 4119 verbum
2944 4064 3254 4130 permanere
3302 4053 3372 4107 ad

1790 4165 2098 4236 sequentia,
2160 4161 2476 4233 praepositio
2527 4173 2660 4212 vero
2719 4164 2842 4209 ante
2890 4152 2957 4207 ad
3007 4145 3372 4222 praecedentia

1789 4256 2050 4309 refertur.
2079 4251 2253 4307 Nemo
2286 4250 2455 4321 igitur
2493 4248 2651 4314 dicit,
2699 4245 2845 4315 quod
2880 4241 3116 4297 antehac
3150 4250 3370 4309 perma-

1788 4344 1962 4398 nebit.
2000 4341 2057 4397 Si
2109 4341 2237 4412 quis
2287 4353 2419 4394 vero
2471 4336 2616 4393 istud
2667 4328 3110 4401 compermanebit
3160 4323 3369 4395 aliquid

1788 4434 2169 4490 subaudiendo
2189 4431 2418 4500 intelligi
2437 4429 2595 4489 nolit,
2609 4428 2773 4482 etiam
2791 4424 2960 4488 istud,
2975 4430 3097 4476 ante
3112 4419 3294 4474 lunam
3313 4417 3377 4472 in

1784 4528 2142 4600 generationes
2172 4525 2587 4595 generatiouum,
2608 4515 2687 4574 nil
2717 4518 2823 4572 nisi
2847 4527 3101 4571 mancum
3138 4517 3193 4566 et
3215 4509 3369 4600 clauf

1785 4621 1916 4675 dum
1943 4633 2164 4674 sensum
2197 4616 2362 4671 faciet
2388 4633 2404 4681 ;
2436 4630 2545 4669 non
2569 4611 2715 4667 enim
2742 4610 2816 4664 illi
2845 4607 3188 4675 adiunctum,
3221 4599 3370 4672 quod

1785 4715 1881 4781 sit,
1911 4713 2058 4784 quod
2089 4711 2345 4775 exsistat,
2382 4707 2469 4761 vel
2497 4704 2646 4776 quod
2680 4702 2868 4764 fuerit,
2897 4699 2983 4754 vel
3007 4695 3140 4768 quid
3167 4692 3364 4784 simile.

1784 4783 1978 4875 Itaque
2018 4804 2163 4858 istud
2219 4796 2663 4868 compermanebit
2722 4790 2926 4862 aliquid
2983 4783 3364 4844 subaudiendo

1783 4895 1958 4961 dicit;
2010 4892 2161 4948 istud
2213 4906 2344 4946 vero
2377 4899 2499 4943 ante
2547 4902 2657 4942 non
2709 4883 2778 4938 de
2834 4879 3100 4950 temporis
3132 4889 3366 4932 excessu

1782 4987 1939 5049 dicit,
1976 4985 2073 5041 sed
2105 4984 2174 5039 de
2207 4985 2325 5054 ipsa
2364 4977 2765 5050 permanentia.
2794 4970 3144 5028 Permauebit
3174 4968 3363 5038 igitur,

27 5062 225 5134 ῇλὶῳ
277 5060 605 5130 λάμποντα,
652 5063 748 5117 καὶ
801 5065 944 5136 ὑπὲρ
980 5067 1080 5137 τὴν
1115 5068 1366 5140 σελήνην,
1398 5069 1539 5126 ὥστε
1582 5061 1678 5127 διξαὶ

1808 5079 1987 5148 nquit,
2047 5085 2102 5132 et
2152 5074 2498 5132 custodietur
2551 5085 2658 5142 pax
2708 5079 2872 5138 atque
2914 5063 3132 5135 justitia
3188 5060 3362 5114 instar

27 5153 352 5227 προέχειν
399 5154 500 5223 τῆς
537 5154 768 5225 σελήνης
811 5157 949 5210 κατὰ
993 5157 1171 5212 τοῦτο.
1225 5159 1326 5214 Διὰ
1370 5162 1424 5214 τί
1472 5162 1529 5216 δὲ
1581 5167 1676 5219 καὶ

1784 5171 1922 5227 solis
1945 5168 2254 5240 splendida,
2285 5175 2341 5222 et
2370 5180 2538 5237 supra
2562 5165 2770 5226 lunam,
2796 5161 2870 5214 ita
2901 5167 2960 5212 ut
2989 5154 3153 5211 etiam
3176 5152 3361 5205 lunam

27 5243 313 5335 προέχει
337 5243 435 5314 τῆς
459 5243 728 5316 σελήνης;
760 5245 885 5300 Ὅτι
910 5248 944 5318 ή
974 5249 1074 5320 μὲν
1106 5249 1220 5320 ἔχει
1262 5252 1356 5304 καὶ
1395 5253 1675 5323 μειώσεως

1803 5278 1958 5335 psam
1993 5263 2049 5318 in
2079 5262 2186 5316 hoc
2223 5267 2466 5330 superet.
2499 5257 2682 5323 Quare
2712 5263 2896 5309 autem
2926 5251 3116 5304 lunam
3144 5257 3360 5335 quoque

27 5334 324 5398 πολλοὺς
363 5336 590 5405 καιροὺς
611 5377 628 5402 ,
656 5335 797 5408 αὕτη
823 5336 882 5390 δὲ
916 5340 974 5392 ἐν
1000 5338 1078 5410 τῷ
1107 5340 1381 5412 διαμένειν
1413 5344 1503 5397 ἀεὶ
1524 5384 1541 5409 ,
1577 5350 1674 5402 καὶ

1803 5333 1956 5428 psam
2004 5352 2324 5410 antecellit?
2353 5350 2494 5418 Quia
2540 5346 2804 5402 nimirum
2840 5344 2958 5413 ipsa
2989 5339 3154 5395 etiam
3186 5333 3359 5389 multa

27 5430 261 5494 ιῦξει,
299 5426 397 5479 καὶ
430 5425 779 5496 φυλάττεται.
802 5429 877 5483 Τὸ
903 5430 961 5484 δὲ
981 5470 996 5496 ,
1023 5431 1238 5502 γενεὰς
1257 5432 1502 5504 γενεῶν,
1529 5437 1675 5501 κατὰ

1801 5425 2031 5518 empora
2049 5443 2378 5500 defectionis
2400 5440 2604 5506 habet,
2636 5437 2754 5492 haec
2783 5441 2966 5488 autem
2991 5431 3122 5486 dum
3145 5438 3357 5495 semper
3413 5496 3423 5503 .

29 5524 83 5576 ὸ
135 5519 377 5572 οἰκεῖον
410 5517 604 5590 ἰδίωμα
637 5514 792 5576 εἶπεν
816 5522 940 5576 ἀντὶ
975 5521 1070 5575 τοῦ
1109 5523 1202 5577 ἐπὶ
1226 5523 1384 5581 πολύ.

1801 5514 2091 5606 termanet,
2135 5537 2302 5592 etiam
2329 5541 2587 5606 augetur,
2618 5538 2675 5588 et
2718 5526 3052 5586 custoditur.
3083 5521 3356 5579 Caeterum

27 5610 249 5678 stud,
297 5608 370 5664 1η
416 5612 774 5668 aenerationes
814 5615 1231 5686 generatiouum,
1299 5619 1604 5681 secundum
1647 5608 1948 5705 Scriptura:
1984 5630 2270 5703 proprium
2302 5626 2564 5700 loquendi
2617 5625 2842 5682 modum
2896 5620 3035 5677 dixit
3081 5631 3186 5690 pro
3235 5613 3360 5670 diu.

83 5842 227 5916 (Ι)
261 5839 346 5899 Ex
378 5842 665 5907 Cordcrio.
