3804 6526
473 389 571 445 691

1662 389 2010 447 'I‘IIEODORI
2050 393 2530 455 MOPSUESTENI
2586 466 2593 469 ἦ
3607 401 3694 456 692

548 503 709 559 Vizns.
742 503 877 555 7—.
901 500 1230 557 Ostenderat
1270 519 1329 559 se
1373 504 1517 560 istud
1560 508 1889 573 permanebit
1922 525 2038 559 cum

2218 514 2365 584 Στίχ.
2418 519 2482 579 ζ’.
2524 546 2591 556 ——
2630 515 2869 580 Ἔδειξεν
2902 515 2982 570 ὅτι
3020 516 3101 581 τὸ,
3139 515 3589 585 συμπαραμενεῖ
3633 515 3695 581 τῷ

472 595 604 656 sole,
624 594 690 647 de
712 607 846 661 pace
874 606 938 645 ac
969 591 1183 660 justitia
1221 593 1464 647 dixisse:
1490 597 1681 649 eadem
1721 598 1887 665 igitur
1912 613 2046 652 usus

471 683 857 746 similitudine,
884 682 1031 737 istud
1056 684 1257 738 orietur
1281 686 1443 754 quasi
1472 686 1542 739 de
1563 686 1681 741 sole
1712 701 1935 756 quoque
1963 686 2043 741 di-

471 776 581 840 xit;
616 774 670 828 id
704 781 788 828 est
827 773 1135 845 apparebit.
1164 773 1264 837 Ita,
1292 776 1488 846 inquit,
1521 777 1725 831 lucebit
1759 779 1902 832 sicut
1936 778 2041 833 sol.

468 867 627 922 Nunc
684 867 872 936 itaque
931 867 1037 923 hoc
1090 868 1267 937 ipsum
1318 869 1671 925 manifestius
1722 871 2042 927 declaravit.

469 961 647 1031 Atque
679 961 887 1021 omnia,
915 959 1114 1030 inquit,
1139 976 1236 1030 per
1268 976 1455 1016 curam
1482 970 1631 1016 tuam
1663 972 1774 1016 tam
1804 963 1913 1017 alta
1941 976 2042 1033 pax

468 1052 796 1118 continebit,
845 1060 904 1106 ut
940 1068 1094 1124 aeque
1127 1053 1471 1124 impossibile
1522 1056 1769 1109 futurum
1819 1056 1912 1118 sit,
1948 1070 2043 1125 pa-

468 1159 586 1199 cem
616 1144 739 1214 ejus
768 1159 832 1200 ac
862 1145 1007 1201 lunai
1052 1146 1423 1201 substantiam
1462 1146 1717 1201 dissolvi.
1749 1144 1902 1201 Solet
1942 1160 2043 1198 au-

467 1245 580 1293 tem
636 1236 923 1306 Scriptura
972 1237 1026 1291 in
1077 1237 1355 1293 similibus
1386 1238 1465 1291 uti
1500 1237 1852 1308 hyperbolis;
1888 1247 1947 1292 ut
1987 1237 2043 1291 in

466 1332 682 1402 psalmo
710 1331 1052 1401 octogesimo
1099 1337 1316 1391 octavo.
1345 1328 1549 1383 Portam
1590 1331 1643 1382 in
1680 1330 1933 1383 swculum
1972 1345 2047 1382 se-

467 1439 585 1477 men
618 1421 752 1490 ejus,
794 1431 842 1474 et
898 1419 1141 1477 thronum
1193 1419 1307 1488 ejus
1359 1420 1495 1479 sicut
1549 1421 1659 1475 dies
1707 1421 1822 1473 caeli
1851 1418 2042 1491 (Psal.

468 1528 734 1578 txxxvnt,
775 1512 887 1579 50).
911 1511 1045 1567 Cum
1086 1512 1260 1581 magis
1298 1511 1647 1583 hyperbolice
1679 1511 1933 1575 dixisset,
1960 1529 2047 1567 re-

467 1619 634 1675 gnum
669 1605 723 1657 in
759 1602 1177 1662 successoribus
1205 1602 1422 1657 Davidis
1446 1619 1597 1674 aeque
1635 1619 1699 1659 ac
1732 1605 1932 1659 C(Blllm
1957 1607 2043 1659 in-

465 1696 788 1753 dissolubile
820 1710 1262 1765 permansurum,
1290 1695 1347 1751 in
1380 1696 1740 1764 sequentibus
1772 1712 1904 1752 vero
1940 1696 2042 1751 ite-

465 1806 587 1850 rum
610 1790 709 1850 ait.
738 1788 808 1849 Et
836 1787 1051 1843 thronus
1066 1787 1179 1857 ejus
1204 1789 1340 1847 sicut
1358 1788 1438 1842 sol
1457 1789 1511 1842 in
1532 1798 1805 1858 conspectu
1840 1805 1973 1852 meo,
1993 1798 2045 1843 et

464 1887 600 1939 sicut
620 1884 748 1937 (una
786 1882 1016 1951 perfecta
1050 1882 1103 1936 in
1146 1892 1396 1938 wternum
1419 1880 1586 1954 (Ibid.
1612 1882 1702 1949 58)
1735 1901 1748 1936 :
1777 1899 1899 1953 qua:
1936 1883 2042 1937 uti-

465 1995 571 2049 que
611 1993 800 2035 revera
841 1993 951 2032 non
999 1977 1073 2030 ita
1132 1975 1500 2045 contigerunt,
1542 1976 1636 2031 sed
1695 1975 2043 2046 hyperbolice

467 2068 614 2126 dicta
654 2076 783 2125 sunt
813 2082 843 2123 a
885 2065 1170 2137 Scriptura
1206 2065 1392 2125 divina

538 2260 706 2315 Vsus.
737 2260 792 2315 8.
821 2290 889 2300 —
919 2256 1044 2315 Non
1078 2256 1227 2328 quod
1274 2257 1501 2313 omnino
1549 2256 1841 2325 imperabit
1866 2263 1920 2311 et
1953 2269 2043 2310 re-

467 2362 576 2425 get,
605 2351 702 2409 sed
727 2352 859 2423 quia
887 2350 1030 2405 fama
1063 2358 1118 2405 et
1134 2348 1312 2421 gloria
1343 2364 1535 2404 omnes
1566 2348 1742 2417 ipsum
1779 2355 2039 2416 tanquam

465 2447 760 2500 Dominum
791 2458 954 2498 suum
987 2441 1375 2497 admirabuudi
1404 2440 1816 2497 venerabuntur
1847 2456 1860 2492 :
1890 2438 2037 2509 quod

464 2541 631 2596 etiam
664 2550 857 2593 revera
890 2535 1094 2591 factum
1128 2536 1425 2605 reperitur.

538 2652 705 2707 Vsus.
739 2651 914 2708 l7.-—-
940 2647 1042 2704 Hic
1089 2649 1254 2704 etiam
1295 2646 1697 2702 demonstravit
1728 2642 1876 2700 istud
1912 2650 2041 2696 ante

464 2761 576 2801 non
607 2745 676 2800 de
708 2752 957 2812 tempore
994 2740 1126 2805 dici,
1154 2751 1213 2794 ut
1240 2738 1466 2795 Christo
1504 2737 1803 2793 convenire
1842 2734 2040 2815 existi-

463 2848 643 2895 metur
673 2857 685 2892 :
716 2836 865 2908 quod
911 2834 1079 2903 aliqui
1129 2841 1421 2903 putarunt.
1464 2830 1600 2889 Nam
1636 2830 1682 2885 si
1737 2827 1886 2885 istud
1919 2834 2041 2883 ante

463 2932 534 2987 de
562 2940 808 3000 tempore
836 2942 900 2982 ac
928 2926 998 2981 de
1029 2924 1467 2996 praaexsistentia
1493 2921 1725 2986 diceret,
1753 2918 2035 2991 quomodo

464 3004 811 3095 permanebit,
836 3019 985 3092 quod
1019 3020 1073 3074 in
1123 3017 1485 3089 sequentibus
1520 3016 1632 3070 ait?
1663 3015 1810 3070 Adeo
1845 3014 2035 3084 igitur,

466 3115 671 3186 inquit,
708 3127 910 3168 nomen
944 3110 1067 3181 ejus
1108 3118 1293 3164 manet
1342 3108 1693 3171 admirabile,
1719 3122 1829 3161 non
1876 3119 2038 3160 secus

2147 606 2319 672 ἡλίῳ,
2348 606 2442 659 ἐπὶ
2465 605 2565 676 τῆς
2604 608 2828 681 είρήνης
2868 603 2987 661 εἷπε
3022 609 3116 663 καὶ
3146 608 3241 661 τοῦ
3270 607 3478 660 δικαίου
3503 626 3517 637 ·
3555 610 3689 677 ἐχρή-

2146 714 2275 750 σατο
2323 693 2415 750 οὖν
2464 698 2559 751 καὶ
2603 700 2669 769 τῇ
2724 700 3023 771 ὁμοιότητι,
3069 700 3133 752 τὸ
3160 697 3441 754 ἁνατελεῖ
3489 701 3577 751 ἐπὶ
3620 700 3693 751 τοζ

2146 789 2297 859 ἡλίου
2328 788 2532 843 εἰπών’
2574 791 2695 844 ἀντὶ
2744 790 2838 843 τοῦ
2887 793 3207 863 φανήσεται.
3260 791 3446 855 Οὕτως
3498 790 3693 859 λάμψει,

2145 883 2331 952 φησιν,
2360 883 2437 947 ὼς
2468 886 2496 937 6
2523 883 2691 954 ἥλιος.
2726 882 2840 936 Νῦν
2883 878 2977 938 οὖν
3014 885 3146 938 αὐτὸ
3194 883 3428 954 ἐδήλωσε
3464 884 3695 951 σαφέστεο

2150 989 2261 1043 ρον.
2287 974 2397 1027 Καὶ
2428 974 2590 1037 οὕτω,
2615 976 2767 1044 φησὶ,
2796 974 2989 1045 βαθεῖα
3022 976 3201 1030 πάντα
3222 976 3440 1040 καθέξει
3465 976 3499 1045 ή
3534 976 3696 1046 εἰρήνη

2144 1065 2231 1117 διὰ
2264 1065 2364 1136 τὴν
2406 1066 2555 1137 παρὰ
2594 1067 2689 1119 σού
2724 1068 3070 1139 κηδεμονίαν,
3101 1068 3175 1132 ὡς
3222 1069 3423 1139 ὁμοίως
3469 1068 3697 1122 ἀδύνατον

2145 1150 2304 1219 εἶναι,
2332 1155 2557 1227 λυθῆναι
2590 1173 2650 1209 τε
2678 1157 2777 1227 τὴν
2807 1158 2895 1210 ἐπ’
2923 1157 3088 1210 αὑτοῦ
3118 1159 3340 1229 εἰρήνην
3380 1156 3479 1211 καὶ⁵
3507 1156 3603 1226 τῆς
3628 1174 3697 1209 σε-

2144 1247 2313 1318 λήνης
2354 1247 2453 1318 τὴν
2505 1246 2756 1320 ὓπαρξιν.
2811 1249 2945 1312 Ταῖς
2998 1249 3056 1303 δὲ
3096 1248 3421 1320 ὑπερϐολαῖς
3477 1249 3571 1302 ἐπὶ
3610 1248 3698 1302 τῶν

2145 1338 2401 1392 τοιούτων
2428 1338 2547 1403 ἔθος
2588 1338 2887 1411 κεχρῆσθαι
2912 1342 2977 1410 τῇ
3024 1338 3145 1411 θείᾳ
3186 1340 3402 1410 Γραφῇ,
3431 1340 3510 1403 ὡς
3543 1339 3628 1393 καὶ
3653 1342 3697 1392 ὲν

2145 1430 2223 1499 τῷ
2267 1436 2360 1501 ’κη’
2403 1430 2623 1501 ψαλμῷ,
2665 1430 2744 1490 τὸ.
2804 1430 3072 1500 ϐήσομαι
3115 1433 3203 1497 εἰς
3254 1432 3363 1484 τὸν
3419 1429 3605 1485 αἰῶνα
3645 1431 3696 1484 τὸ

2146 1521 2384 1592 σπέρμα
2407 1519 2614 1585 αὐτοῦ,
2637 1521 2735 1575 καί
2760 1519 2868 1574 τὸν
2896 1522 3112 1588 θρόνον
3127 1519 3313 1576 αὐτοῦ
3341 1521 3425 1586 ὡς
3449 1521 3561 1587 τὰς
3583 1518 3697 1588 ἠμὲ-

2138 1630 2254 1681 pag
2301 1613 2406 1667 τοῦ
2454 1610 2733 1681 οὐρανοῦ.
2800 1610 3331 1682 ’Υπερῆολικώτερον
3379 1610 3575 1673 εἰπὼν,
3621 1610 3698 1680 τὴν

2150 1706 2424 1776 βασιλείαν
2452 1707 2639 1769 ἐντοῖς
2671 1705 2933 1775 διαδόχοις
2965 1704 3061 1759 τοῦ
3092 1704 3256 1758 Δαϐὶδ
3284 1703 3379 1758 ἴσα
3399 1702 3481 1773 τῷ
3515 1702 3699 1773 οὐρανῷ

2148 1797 2428 1852 ἀδιάλυτον
2452 1797 2787 1870 παραμένειν
2804 1814 2818 1828 ο
2842 1796 2938 1852 καὶ
2964 1795 3091 1867 ἑξῆς
3113 1796 3171 1849 δὲ
3194 1795 3381 1858 πάλιν,
3403 1794 3521 1848 Καὶ
3543 1798 3574 1848 ό
3594 1794 3700 1861 θρό-

2144 1907 2252 1957 νος
2284 1888 2470 1944 αὐτοῦ
2518 1890 2599 1956 ὡς
2646 1891 2681 1943 ό
2709 1889 2883 1957 ἣλιος
2921 1888 3200 1945 ἐναντίον
3246 1903 3385 1955 μου,
3431 1885 3537 1941 καὶ
3572 1886 3643 1951 ὡς
3669 1886 3697 1951 ὴ

2144 1979 2377 2048 σελήνη
2411 1978 2847 2048 κατηρτισμένη
2886 1979 2976 2045 είς
3002 1977 3110 2031 τὸν
3137 1975 3357 2030 αὶώνα·
3392 1973 3543 2044 ἅπερ
3582 1972 3699 2026 κατᾶ

2145 2072 2245 2143 μὲν
2268 2071 2329 2125 τὸ
2356 2071 2578 2144 ἀκριϐὲς
2614 2070 2713 2140 οὐχ
2746 2068 2889 2122 οὕτω
2933 2068 3179 2139 γέγονεν,
3217 2064 3697 2138 ύπερὸολικώτερον

2140 2164 2196 2219 δὲ
2220 2164 2434 2237 εἴρηται
2469 2165 2534 2235 τῇ
2562 2163 2685 2234 Θείᾳ
2704 2162 2893 2234 Γραφῇ

2211 2282 2360 2351 Στίχ.
2397 2278 2470 2349 η’.
2515 2307 2586 2320 -
2616 2278 2729 2348 Οὐχ
2763 2278 2847 2330 ὅτι
2897 2275 3165 2349 κρατήσει
3195 2273 3415 2338 πάντως
3442 2271 3546 2326 καὶ
3569 2271 3696 2342 βασι-

2141 2371 2346 2436 λεύσει,
2384 2370 2498 2425 ἀλλ’
2545 2370 2626 2422 ὅτι
2671 2370 2739 2440 τῇ
2775 2368 2931 2441 φήμῃ
2974 2366 3070 2419 καὶ
3107 2368 3172 2437 τῇ
3224 2364 3353 2437 δόξῃ
3402 2362 3606 2425 πάντες
3640 2360 3696 2423 ὡς

2141 2466 2347 2538 Κύριον
2381 2463 2588 2519 ἑαυτῶν
2626 2462 3024 2532 θαυμάσονται·
3059 2460 3089 2513 ὂ
3119 2459 3214 2513 καὶ
3250 2455 3472 2529 ἀληθῶς
3507 2452 3698 2525 γεγονὸς

2142 2558 2474 2630 εὑρίσκεται.

2212 2672 2361 2742 Στίχ.
2399 2673 2483 2739 ιζ’.
2503 2703 2574 2712 -
2606 2670 2809 2735 Ἕδειξε
2844 2667 3121 2725 κάνταῦθα
3153 2668 3233 2720 ὅτι
3266 2664 3326 2718 τὸ
3355 2664 3477 2733 πρό
3506 2663 3601 2716 οὐκ
3624 2660 3698 2713 ἐπὶ

2141 2764 2333 2837 χρόνου
2370 2764 2540 2833 λέγει,
2583 2765 2669 2817 ἵνα
2707 2763 2786 2833 τῷ
2816 2760 3036 2833 Χριστῷ
3069 2759 3360 2831 ἁρμόττειν
3408 2754 3697 2825 νομισθῇ,δ

2140 2872 2284 2919 τινες
2310 2854 2589 2926 ᾠήθησαν.
2620 2855 2684 2908 Εἰ
2712 2853 2820 2925 γὰρ
2845 2854 2905 2907 τὸ
2935 2852 3053 2922 πρό
3088 2851 3182 2904 ἐπὶ
3223 2849 3419 2920 χρόνου
3458 2847 3699 2914 λέγεικαὶ

2142 2945 2555 3019 προῦπάρξεως,
2588 2945 2705 3008 πῶς
2746 2944 2806 2997 τὸ
2838 2942 3121 3014 διαμενεῖ,
3159 2943 3293 3010 ὅπερ
3322 2940 3417 2993 ἐπὶ
3448 2938 3564 2990 τῶν
3595 2936 3699 3003 ἑξῆς

2141 3037 2325 3106 mu;
2379 3037 2536 3092 Οὕτω
2584 3038 2785 3100 τοίνυν,
2828 3036 2983 3107 φησὶ,
3040 3034 3102 3088 τὸ
3134 3033 3303 3103 ὄνομα
3348 3030 3525 3085 αὐτοῦ
3577 3030 3699 3099 μένει

2143 3128 2580 3203 θαυμαζόμενον.
2609 3130 2706 3183 οὐκ
2753 3128 2973 3183 ἔλαττον
3002 3127 3035 3198 ἢ
3059 3128 3088 3180 6
3118 3126 3265 3196 ἥλιος
3294 3123 3390 3176 καὶ
3421 3124 3456 3193 ὴ
3506 3120 3695 3188 σελήνη.

466 3223 531 3261 ac
584 3207 669 3262 sol
723 3214 779 3261 et
827 3206 980 3259 luna.
1021 3205 1204 3273 Atque
1255 3202 1419 3271 hujus
1477 3200 1875 3255 demonstratio
1922 3206 2034 3260 est,

2151 3196 2465 3274 Ka‘t'roﬁzvou
2490 3220 2785 3287 ἁπόδειξιςς
2810 3220 2869 3272 τὸ
2897 3196 3033 3290 ἄχρι
3053 3218 3153 3288 τῆς
3179 3214 3339 3286 δεῦρο
3363 3212 3461 3266 τοῦ
3484 3230 3545 3264 τε
3574 3210 3697 3281 ἡλίου

465 3297 614 3368 quod
657 3296 975 3366 usquedum
1008 3295 1091 3349 sol
1125 3302 1182 3348 et
1212 3293 1339 3347 luna
1373 3298 1722 3363 permanent,
1755 3290 1872 3361 ipse
1904 3304 2043 3359 quo-

464 3405 573 3459 que
597 3389 666 3444 ab
694 3387 952 3443 omnibus
986 3385 1311 3440 hominibus
1336 3390 1695 3445 memoretnr,
1718 3390 1773 3437 et
1802 3380 2042 3437 admira-

465 3481 606 3534 tioni
638 3480 712 3533 sit
742 3487 964 3549 propter
1010 3476 1361 3547 sapientiam,
1386 3484 1443 3530 et
1500 3474 1756 3544 gloriam,
1781 3482 1835 3528 et
1864 3472 2042 3528 hono-

477 3588 617 3640 rem,
648 3587 810 3642 quem
844 3569 992 3641 apud
1028 3583 1223 3624 omnes
1256 3576 1586 3625 consecutus
1620 3574 1725 3622 est.

540 3684 674 3739 lum.
706 3716 775 3733 τ-
803 3683 905 3738 Hic
932 3684 1169 3738 maxime
1200 3682 1433 3737 adduxit
1461 3695 1689 3736 causam
1721 3694 2040 3735 sermonum

467 3778 536 3834 ad
588 3779 767 3848 ipsum
816 3777 1154 3839 habitorum,
1186 3776 1314 3847 quia
1362 3775 1436 3831 ob
1490 3788 1785 3830 commune
1832 3772 2042 3829 bonum

464 3876 657 3924 narrat
686 3868 808 3939 ejus
841 3867 1063 3923 decora.
1092 3866 1376 3938 Siquidem
1412 3867 1596 3920 omnis
1646 3865 1824 3920 houor
1871 3864 2040 3935 regis,

463 3971 521 4018 et
572 3962 880 4032 praesertim
935 3959 1069 4032 justi
1120 3974 1279 4023 cura,
1330 3971 1680 4032 communem
1744 3956 2042 4012 utilitatem

466 4027 678 4124 spectat
722 4027 1091 4109 subditorum.
1125 4027 1358 4122 PrOpter
1408 4051 1590 4119 ipsum
1623 4048 1797 4111 enim,
1835 4046 2040 4118 inquit,

464 4146 826 4201 admirationi
889 4154 1056 4200 erunt
1113 4158 1304 4199 omnes
1350 4143 1549 4205 tribus,
1605 4140 1659 4196 id
1710 4150 1818 4206 est,
1861 4139 2044 4195 omnis

462 4240 657 4295 Israel.
683 4242 865 4310 Atque
896 4238 1065 4307 hujus
1106 4245 1496 4307 argumentum
1531 4243 1637 4298 est,
1669 4233 1818 4303 quod
1850 4232 2042 4303 regina

466 4330 652 4386 Austri
704 4329 772 4383 ad
817 4329 998 4400 ipsum
1062 4326 1309 4389 veniens,
1355 4326 1547 4380 beatos
1598 4323 2045 4393 pronuntiaverit

470 4422 755 4476 ministros
797 4421 941 4491 ejus,
977 4418 1125 4490 quod
1156 4417 1378 4473 assidue
1416 4416 1685 4487 sapientia
1734 4416 1857 4487 ejus
1897 4415 2044 4477 frue-

470 4523 684 4572 rentur.

957 4673 1282 4732 PSALMUS
1332 4672 1539 4736 LXXII,

532 4807 703 4867 Vens.
735 4811 913 4867 l0.-—.
946 4808 1012 4863 Et
1044 4812 1230 4865 vivent
1276 4825 1401 4863 cum
1446 4809 1757 4871 saturitate,
1788 4808 1919 4863 dum
1963 4809 2040 4863 ita

462 4902 531 4955 ab
560 4899 697 4971 ipsis
725 4901 837 4956 vita
867 4900 1198 4967 instituitur,
1227 4912 1286 4957 ut
1313 4905 1497 4959 nullus
1524 4904 1647 4957 vitae
1676 4903 1795 4957 dies
1819 4910 2042 4972 praster-

460 4994 615 5059 ﬂuat,
648 4992 786 5064 ipsis
835 5008 867 5048 a
919 5006 1096 5050 morte
1141 4996 1461 5065 praeventis.
1496 4992 1610 5048 Hoc
1649 5001 1834 5047 autem
1882 4992 2037 5055 dicit,

457 5103 572 5143 non
608 5086 768 5156 quasi
815 5087 1044 5142 omnino
1086 5088 1508 5142 determinatum
1545 5096 1765 5156 tempus
1819 5087 1892 5141 sit
1939 5099 2039 5138 cu-

456 5178 683 5248 juslibet
721 5178 965 5233 hominis
1004 5179 1275 5243 viventis,
1305 5178 1400 5235 sed
1438 5178 1587 5249 quod
1634 5195 1736 5234 nos
1782 5178 2040 5248 frequen-

462 5281 563 5331 ter,
603 5286 730 5325 cum
780 5279 981 5326 natura
1039 5273 1213 5328 simus
1270 5272 1624 5341 passionibus
1681 5272 1929 5337 obnoxii,
1971 5271 2040 5325 ab

461 5364 723 5421 aerumnis
772 5372 826 5420 et
863 5364 1255 5421 afﬂictionibus
1302 5364 1387 5419 vel
1436 5364 1713 5433 aliquibus
1762 5365 2039 5420 similibus

463 5463 692 5509 mortem
724 5456 1131 5519 sustineamus;
1160 5469 1326 5524 quam
1364 5454 1409 5509 si
1442 5453 1727 5509 declinare
1757 5456 2036 5525 potuisse-

464 5562 610 5609 mus,
641 5547 969 5618 longissimo
1018 5555 1266 5617 tempore
1303 5547 1657 5603 vixissemus.
1696 5546 1834 5601 Alia;
1886 5548 2034 5602 enim

462 5645 670 5694 mortes
724 5648 853 5693 sunt
911 5655 1037 5710 quae
1085 5640 1155 5694 ab
1212 5639 1475 5695 aerumnis
1530 5638 1867 5699 inferuntur,
1918 5640 2037 5695 alia:

464 5730 595 5789 item
647 5745 769 5799 qua:
816 5747 926 5786 non
974 5731 1043 5785 ab
1091 5732 1335 5788 externis
1384 5734 1569 5796 malis,
1605 5732 1701 5787 sed
1728 5748 1794 5787 ex
1836 5732 2039 5800 ipsius-

466 5827 576 5886 ωσι
632 5829 842 5890 natura;
891 5822 1205 5883 conditione
1258 5822 1702 5894 proﬁciscuntur.
1734 5822 1868 5877 Nam
1912 5823 2036 5879 licet

2144 3312 2237 3366 καὶ
2282 3312 2380 3384 τῆς
2429 3312 2658 3383 σελήνης
2706 3310 3083 3381 διαμενόντων,
3142 3306 3417 3378 διαμένειν
3475 3305 3697 3357 κάκεῖνον

2143 3402 2296 3473 παρὰ
2321 3403 2487 3459 πᾶσιν
2516 3400 2825 3472 ἀνθρώποις
2859 3396 3328 3470 μνημονευόμενόν
3358 3412 3438 3459 τε,
3478 3394 3572 3447 καὶ
3594 3393 3699 3445 θαυ-

2147 3492 2450 3564 μαζόμενον
2480 3492 2572 3544 ἐπὶ
2604 3494 2669 3561 τῇ
2707 3486 2886 3561 σοφίᾳ,
2913 3489 3005 3542 ἐπὶ
3047 3490 3114 3559 τῇ
3142 3486 3292 3557 δόξῃ,
3324 3485 3421 3536 ἐπὶ
3449 3487 3525 3555 τῇ
3564 3484 3695 3552 τιμῇ.

2142 3579 2210 3657 ἧς
2238 3583 2388 3656 παρὰ
2412 3584 2627 3641 πάντων
2652 3582 2831 3652 ἔτυχε.

2226 3696 2491 3753 Ἐνταῦοα
2530 3696 2766 3764 μάλιστα
2805 3695 3078 3763 συνήγαγε
3105 3692 3213 3746 τῶν
3245 3693 3323 3756 εἰς
3359 3690 3526 3746 αὐτὸν
3554 3688 3697 3754 λόγων

2143 3788 2241 3860 τὴν
2273 3788 2473 3854 αἰτίαν,
2500 3788 2581 3841 ὅτι
2624 3786 2713 3840 διὰ
2750 3787 2810 3838 τὸ
2834 3786 3009 3840 κοινὸν
3051 3785 3145 3839 τοῦ
3194 3785 3435 3855 πλήθους
3477 3783 3548 3836 τὰ
3594 3778 3699 3841 περὶ

2143 3880 2304 3935 αὐτὸν
2340 3879 2605 3949 διηγεῖται
2635 3877 2794 3933 καλά.
2832 3877 2988 3930 Πᾶσα
3015 3875 3123 3949 γὰρ
3147 3874 3278 3946 τιμή
3311 3873 3597 3944 βασιλέως,
3626 3868 3698 3922 καὶ

2147 3973 2379 4045 μάλιστα
2424 3972 2459 4043 ὴ
2510 3969 2603 4024 τοῦ
2636 3970 2844 4031 δικαίου
2896 3969 3134 4041 φροντὶς,
3165 3967 3342 4021 κοινὸν
3375 3966 3569 4033 beato;
3613 3961 3701 4014 τῶν

2145 4064 2597 4136 βασιλευομένων.
2624 4061 3112 4133 Θαυμασθήσονται
3132 4059 3262 4131 γὰρ,
3288 4059 3445 4130 φησὶ,
3476 4059 3545 4112 δι’
3563 4054 3699 4109 αὐτὸν

2145 4159 2316 4211 πᾶσαι
2348 4159 2403 4211 αἱ
2430 4156 2611 4226 φυλαὶ,
2640 4156 2907 4217 τουτέστι,
2943 4156 3049 4218 πᾶς
3078 4156 3107 4207 6
3139 4152 3375 4225 Ἰσραήλ.
3396 4153 3511 4205 Καὶ
3535 4148 3699 4201 τούτου

2143 4249 2437 4314 ἀπόδειξις,
2469 4249 2529 4303 τὸ
2558 4249 2654 4319 τὴν
2683 4246 2778 4301 τοῦ
2804 4247 2957 4301 νότου
2988 4246 3303 4316 βασίλισσαν
3340 4238 3698 4315 παραγενομὲ·

2144 4357 2263 4410 νην,
2308 4342 2606 4411 μακαρίσαι
2653 4339 2776 4401 τοὺς
2816 4336 3309 4409 ὑπηρετουμένους,
3345 4335 3429 4388 ὅτι
3464 4326 3700 4404 διηνεκῶς

2144 4433 2348 4503 ταύτης
2374 4432 2651 4503 ἀπήλαυσν
2686 4431 2787 4501 τῆς
2819 4429 3030 4498 σοφίας.

2715 4677 3001 4731 ΨΑΛΜΟΣ
3040 4674 3155 4728 ΟΒ’.

2220 4815 2368 4886 Στίχ.
2392 4814 2446 4867 ι’.
2477 4844 2547 4856 -—
2574 4812 2683 4865 Kal
2707 4811 2962 4881 ζήσονται
2994 4810 3131 4880 μετὰ
3160 4808 3365 4871 ἀδείας,
3396 4820 3697 4875 συγκρατου-

2153 4908 2320 4978 μένης
2362 4905 2543 4967 αὐτοῖς
2574 4904 2672 4973 τῆς
2700 4902 2864 4972 ζωῆς,
2896 4900 2972 4963 ὡς
3012 4901 3084 4970 μὴ
3127 4897 3511 4969 παραιρεῖσθαι
3562 4893 3694 4965 μηδε-

2152 5000 2279 5069 μίαν
2308 4996 2487 5051 αύτῶν
2514 4996 2749 5067 ἡμέραν,
2789 4993 2881 5046 τοῦ
2907 4993 3022 5063 βίου
3056 4988 3586 5062 προλαμϐανομέικυν
3614 4982 3697 5037 ὐπδ

2147 5087 2242 5141 τοῦ
2276 5087 2527 5141 θανάτου.
2557 5085 2726 5138 Τοῦτο
2746 5083 2803 5136 δὲ
2822 5083 2991 5151 λέγει,
3018 5084 3115 5152 οὐχ
3140 5080 3216 5143 ὡς
3242 5080 3454 5141 πάντως
3491 5072 3684 5147 ὡρισμὲ

2147 5199 2237 5236 νον
2271 5180 2461 5250 καιρὸν
2507 5178 2709 5242 παντὸς
2752 5176 3042 5246 ἀνθρώπου
3077 5175 3300 5238 ζῶντος,
3341 5171 3452 5225 ἀλλ’
3476 5171 3556 5232 ὡς
3594 5166 3694 5219 πολ-

2147 5275 2323 5338 λάκις,
2355 5272 2512 5344 ἡμῶν
2540 5272 2629 5324 διὰ
2673 5270 2733 5324 τὸ
2765 5268 3042 5340 παθητοὺς
3089 5264 3227 5321 εἶναι
3268 5265 3365 5337 τὴν
3394 5263 3571 5333 φύσιν,
3613 5257 3698 5310 ὁτὲ

2150 5367 2445 5440 συμφορῶν
2477 5366 2571 5420 καὶ
2594 5364 2825 5434 θλίψεων
2864 5364 2897 5434 ἦ
2925 5364 3019 5418 καί
3047 5380 3209 5416 τινων
3236 5362 3486 5415 τοιούτων

2147 5460 2348 5515 νόντων
2384 5459 2611 5511 θάνατον
2632 5473 2644 5486 ’
2681 5456 2741 5510 δν
2766 5457 2815 5508 εί
2856 5455 3215 5526 δυνηθείημεν
3251 5453 3316 5507 ἂν
3356 5449 3697 5507 ἐκκλίναντες.

2144 5553 2239 5606 ἐπὶ
2284 5552 2546 5621 μήκιστον
2588 5548 2798 5619 βιῶναι.
2829 5546 3045 5617 Ἕτεροι
3072 5546 3177 5617 γὰρ
3215 5545 3264 5598 οἱ
3298 5543 3402 5597 ἀπὸ
3428 5540 3540 5593 τῶν
3574 5555 3697 5606 cup-

2147 5645 2331 5716 φορῶν
2359 5642 2671 5715 γιγνόμενοι
2709 5640 2948 5703 θάνατοι,
2980 5641 3073 5692 καὶ
3110 5639 3285 5709 ἕτεροι
3311 5637 3358 5689 οἱ
3391 5635 3485 5686 ούκ
3510 5633 3575 5683 ἐκ
3606 5629 3697 5680 τῶν

2146 5733 2343 5797 ἔξωθεν
2384 5733 2591 5797 κακῶν,
2630 5731 2743 5785 ἀλλ’
2772 5730 2867 5784 ἀπ’
2894 5729 3073 5783 αὐτῶν
3102 5730 3157 5781 ἐν
3183 5730 3248 5799 τῇ
3274 5726 3574 5790 κατασκευῇ
3617 5723 3697 5786 τῆς

2148 5824 2361 5897 φύσεως
2406 5824 2812 5899 συμϐαίνοντες.
2848 5820 2967 5876 Κᾶν
3006 5821 3111 5891 γὰρ
3162 5819 3324 5890 μηδὲν
3356 5814 3547 5880 ἔξωθεν
3592 5815 3702 5863 ἐπιο
