3904 6540
135 340 236 397 693

1322 347 1693 408 EXPOSITIO
1725 352 1792 408 IN
1835 353 2176 410 PSALMOS.

3262 359 3373 416 690

130 467 346 536 γένηται
372 459 503 536 (οἷον
528 467 556 520 ὁ
580 466 668 521 διὰ
701 465 887 539 ξίφους
914 471 948 543 ἢ
978 472 1119 538 τινὸς
1149 474 1394 529 τοιούτου
1423 476 1694 541 θάνατος),

1827 478 2150 532 :xtrinsccus
2201 478 2334 533 nihil
2375 478 2682 550 accnderit(
2719 495 2771 534 ν.
2831 495 2884 551 g.
2916 495 3065 536 mors
3116 498 3212 554 per
3261 486 3376 552 gla-

129 559 237 612 ἀλλ’
263 561 401 630 αύτὴ
431 561 646 624 πάντως
678 563 712 632 ἠ
737 563 896 630 φύσις
921 567 1000 629 είς
1040 569 1217 638 γῆρας
1240 568 1502 632 ἐλάσασα,
1539 572 1703 640 ἀναγ-

133 652 296 715 καίως
323 654 610 720 ἐφέλκεται
639 655 733 708 τὸν
773 657 1020 715 θάνατον.
1060 660 1147 724 Ὠς
1175 657 1268 715 οὖν
1314 664 1576 734 πρότερον
1609 665 1705 717 αὑ-

127 743 233 794 τῶν
265 743 432 796 πολλὰ
459 745 679 801 τοιαῦτα
711 748 1110 816 ὑπομενόντων,
1157 755 1251 806 καὶ⁵
1275 754 1378 808 ὑπὸ
1421 754 1530 808 τῶν
1567 772 1702 809 κατ-

130 836 354 906 εχόντων
398 838 584 891 κακῶν
629 839 892 905 πολλάκις
934 842 1469 916 προλαμϐανομένων
1510 849 1590 910 εἰς
1611 848 1701 900 τὸν

131 925 378 998 θάνατον,
413 927 568 981 τοῦτό
615 949 747 1000 φησι
785 933 867 985 ὅτι
908 934 1092 987 οὐκέτι
1141 933 1417 990 πείσονται
1461 938 1702 991 τοιοῦτον

129 1022 299 1085 οὐδὲν,
333 1023 446 1076 ἀλλ’
474 1024 653 1088 ἕξουσι
683 1027 781 1090 τὰς
810 1027 1022 1098 ἡμέρας
1069 1027 1314 1100 πλήρεις,
1349 1031 1440 1085 τὸν
1463 1031 1571 1086 ἀπὸ
1601 1032 1701 1102 τῆς

130 1114 342 1183 φύσεως
370 1116 596 1170 θάνατον
630 1118 974 1190 ὲκδεγόμενοι
1009 1121 1187 1188 μόνον.

682 1321 974 1375 ΨΑΛΜΟΣ
1027 1322 1147 1378 Ol".

199 1431 344 1505 Στίχ.
377 1439 434 1485 ει.
450 1435 678 1503 -Ἕχει
699 1435 796 1506 μὲν
814 1436 1014 1508 πολλὴν
1038 1437 1146 1491 ἀπὸ
1169 1438 1268 1512 τῆς
1291 1441 1585 1513 ἑρμηνείας
1605 1445 1702 1516 τὴν

128 1522 414 1576 δυσκολίαν
443 1524 502 1577 τὸ
526 1527 707 1596 ῥητόν.
736 1527 897 1595 Λέγει
921 1529 976 1582 δὲ
1008 1529 1138 1584 αὐτὸ
1167 1531 1462 1604 Σύμμαχος
1485 1537 1696 1606 σαφῶς·

132 1614 372 1666 Ἔθεντο
420 1615 492 1668 τὰ
521 1616 740 1684 σημεῖα
783 1619 982 1673 αὐτῶν
1027 1621 1354 1691 ἐπισήμως,
1401 1626 1702 1697 γνώρισμα

127 1705 281 1757 κατὰ
308 1704 421 1772 τὴν
447 1706 693 1760 εἴσοδον
719 1709 939 1764 ἐπάνω.
987 1713 1204 1784 Ἐπειδὴ
1229 1715 1336 1786 γὰρ
1357 1716 1475 1780 ἔθος
1496 1714 1562 1789 ἦν
1592 1723 1702 1784 τοῖς

1803 568 1952 622 dium
2001 580 2095 624 aut
2129 568 2294 623 simili
2349 569 2511 624 modo
2553 570 2903 640 illata),ipsa
2937 581 3117 628 tamen
3177 582 3372 630 natura

1803 674 1901 729 per
1935 674 1994 712 se
2023 659 2250 713 omnino
2279 658 2346 713 ad
2383 659 2602 714 senium
2636 669 2915 731 provecta,
2952 668 3268 719 necessario
3291 681 3372 719 sc-

1803 768 1927 805 cum
1978 759 2210 807 mortem
2250 753 2498 806 attrahit.
2532 752 2818 824 Tanquam
2861 755 3029 824 igitur
3067 757 3171 826 ipsi
3219 758 3376 830 prius

1802 843 1972 897 multa
2045 843 2353 900 istiusmodi
2409 848 2655 915 perpessi
2713 846 2844 912 sint,
2889 857 2945 902 et
2991 865 3020 902 a
3080 849 3242 903 malis
3291 850 3377 903 in-

1801 936 2124 1006 gruentibus
2160 951 2304 1006 saepe
2353 937 2649 992 immatura
2693 949 2871 993 morte
2917 943 3181 1010 praeventi
3243 944 3375 1005 sint,

1802 1030 1878 1082 ait
1918 1030 2067 1100 ipsos
2102 1031 2178 1085 nil
2207 1031 2384 1086 simile
2412 1030 2647 1100 amplius
2675 1030 2731 1084 in
2763 1039 3047 1100 posterum
3081 1047 3375 1102 passuros,

1803 1124 1897 1178 sed
1949 1123 2066 1179 dies
2115 1126 2305 1194 plenos
2339 1123 2647 1187 habituros,
2683 1139 2750 1176 ex
2796 1123 2974 1178 solius
3019 1130 3233 1177 natura:
3279 1123 3376 1178 de-

1803 1213 1948 1267 fectu
1983 1225 2210 1268 mortem
2249 1222 2460 1267 tantum
2509 1213 2784 1268 obituros.

2295 1325 2614 1383 PSALMUS
2652 1324 2888 1381 LXXIII.

1871 1439 2038 1495 Vens.
2076 1442 2132 1496 5.
2157 1471 2228 1482 -
2249 1441 2465 1496 Dictum
2495 1442 2599 1497 hoc
2632 1442 2861 1496 multam
2893 1440 3060 1496 habet
3103 1439 3159 1494 in
3207 1447 3382 1493 Inter-

1803 1534 2068 1601 pretando
2131 1533 2530 1590 difﬁcultatem.
2584 1534 2949 1604 Symmachus
2988 1540 3170 1588 autem
3221 1533 3374 1587 clare

1803 1623 1905 1679 hoc
1939 1626 2054 1680 ait:
2099 1625 2400 1680 Posuerunt
2447 1628 2598 1697 signa
2647 1643 2748 1680 sua
2794 1625 3096 1696 insigniter,
3119 1623 3377 1679 indicium

1803 1714 1872 1768 ad
1893 1715 2188 1784 ingressum
2214 1731 2455 1783 superne.
2481 1716 2615 1770 Cum
2652 1715 2801 1769 enim
2837 1714 3081 1784 antiquis
3113 1716 3378 1769 usitatum

128 1797 401 1862 παλαιοῖς,
429 1800 580 1853 εῐπου
603 1800 725 1854 τινὰ
753 1803 1063 1874 ἐκράτησαν
1087 1807 1259 1872 πόλιν,
1289 1811 1380 1862 ἐπὶ
1409 1811 1504 1882 τῆς
1531 1813 1702 1884 πύλης

1827 1813 1969 1868 :sset,
1996 1815 2054 1859 ut
2084 1811 2129 1859 si
2158 1807 2378 1875 quando
2414 1807 2692 1860 civitatem
2722 1807 2962 1876 aliquam
2991 1807 3291 1876 cepissent,
3325 1806 3382 1860 in

129 1891 434 1960 γράμματα
478 1893 878 1966 διαχαράττειν,
929 1897 1026 1969 τὴν
1077 1900 1287 1955 ἑαυτῶν
1335 1909 1702 1977 προσηγορίαν

130 1982 482 2050 ἐμφαίνοντα,
518 1985 594 2049 ὡς
650 1987 906 2059 ἐνίκησάν
942 2008 1002 2043 τε
1050 1992 1146 2045 καὶ
1189 1993 1377 2048 ἔλαϐον
1420 1997 1516 2068 τὴν
1548 2000 1703 2055 πόλιν

129 2073 502 2143 αἰχμάλωτον·
555 2079 813 2144 πολλάκις
845 2082 901 2135 δὲ
943 2085 1036 2138 καί
1066 2103 1188 2140 τινα
1240 2087 1316 2152 ὡς
1368 2094 1566 2162 σημεῖα
1610 2095 1705 2148 κα)⁵

133 2165 378 2236 σύμὸολα
411 2169 974 2242 ὲγκαταπηγνόμενοι,
1007 2170 1092 2229 οἷα
1111 2177 1173 2248 δὴ
1218 2179 1386 2234 πολλὰ
1431 2184 1586 2254 ήμῶν
1636 2186 1705 2240 τὰ

130 2256 368 2350 τρόπαια
399 2261 493 2314 καὶ
525 2263 594 2317 τὰ
625 2263 886 2336 σύμϐολα,
933 2270 1220 2341 ἐπισήμως
1254 2273 1359 2343 πρὸ
1390 2275 1488 2346 τῆς
1529 2277 1705 2350 πύλης

131 2347 358 2443 έθηκαν,
413 2352 490 2416 ὡς
552 2357 944 2428 κρατήσαντες,
992 2361 1068 2427 ὡς
1125 2365 1468 2434 αἰχμάλωτον
1536 2347 1705 2443 αὐτην

131 2438 409 2507 λαϐόντες.

201 2702 358 2799 ξτίχ.
391 2709 724 2772 ς’.-Οὖτω
750 2731 807 2769 τε
828 2716 998 2791 αὐτὴν
1015 2721 1247 2791 ἀφειδῶς
1273 2725 1602 2799 ἐπόρθησαν,
1631 2731 1708 2796 ὡς

131 2796 229 2854 καὶ
262 2798 364 2860 τὰς
389 2799 499 2853 τῶν
525 2803 839 2875 οἰκημάτων
864 2808 1032 2881 θύρας
1068 2813 1279 2880 ἀξίναις
1322 2796 1704 2884 κατακόπτειν,

129 2886 207 2950 ὼς
239 2888 306 2943 ἂν
335 2893 384 2943 εί
413 2893 544 2958 ξύλα
579 2913 663 2959 τις
709 2898 766 2950 ἐν
807 2900 958 2966 ὕλαις
1004 2904 1224 2974 τέμνοι,
1273 2909 1584 2979 ἀναγκαίως
1621 2913 1708 2968 διὰ

129 2980 233 3052 τὴν
264 2983 374 3037 τῶν
405 2986 705 3058 ἀνθρώπων
732 2993 1036 3065 τεμνόμενα
1067 2999 1276 3068 χρείαν.

697 3103 990 3160 ΨΑΛΜΟΣ
1028 3110 1142 3164 ΟΔ’.

202 3210 358 3280 Στίχ.
381 3212 654 3281 β’.-Καὶ
679 3218 787 3271 ἀπὸ
813 3219 907 3273 τοῦ
933 3221 1026 3275 σοῦ
1060 3225 1339 3297 ὀνόματος,
1367 3247 1517 3299 φησι,
1545 3233 1707 3287 καλέ-

135 3317 304 3370 σομεν
346 3304 590 3370 ἑαυτούς.
636 3309 780 3362 Ἀντὶ
825 3311 943 3379 τοῦ,
973 3317 1248 3389 Δεσπότην
1281 3337 1338 3373 σε
1385 3324 1712 3396 ὁμολογήσο-

134 3411 261 3463 μεν,
299 3397 615 3469 εὐεργέτην,
651 3405 983 3477 προστάτην,
1019 3409 1243 3476 εἰκότως
1265 3412 1358 3481 ἀφ’
1382 3407 1457 3468 ὧν
1478 3417 1714 3488 ἀπηλαύο

132 3503 317 3580 σαμεν
359 3488 420 3541 τὸ
465 3490 741 3562 ὠφέλιμον
790 3498 1189 3570 παιδευόμενοι.
1244 3505 1404 3560 Ἰδιον
1451 3509 1559 3580 γὰρ
1606 3511 1715 3565 τῶν

125 3576 467 3648 ἀνθρώπων,
501 3581 562 3635 τὸ
584 3584 680 3638 ἀπ’
708 3586 934 3641 ἐκείνων
973 3591 1253 3648 καλεῖσθαι
1291 3597 1398 3650 τῶν
1428 3576 1717 3666 δεσποζόν-

125 3687 243 3721 των
273 3669 308 3740 ἤ
339 3672 796 3742 εὐεργετούντων.
841 3675 966 3734 Οἷον
1004 3683 1134 3737 ὅταν
1161 3685 1432 3758 λέγωμεν,
1473 3691 1532 3743 ὐ
1561 3694 1717 3748 τοῦδε

126 3761 247 3813 εἴτε
279 3761 493 3828 δοῦλος,
521 3766 634 3820 εἴτε
665 3770 882 3837 οἰκεῖος,
913 3773 1013 3825 εἴθ’
1045 3776 1343 3845 ὁτιδήποτε
1373 3783 1630 3839 τοιοῦτον.

204 3850 366 3920 Στίχ.
389 3852 460 3920 γ’.
475 3883 544 3892 -
559 3856 826 3913 Ἐνταῦθα
844 3861 1038 3926 ἑνικῶς
1060 3861 1232 3932 εἶπεν,
1257 3869 1316 3921 ού
1337 3872 1720 3945 Διηγησόμεθα

126 3942 322 3996 πάντα
369 3947 437 3997 τὰ
491 3947 770 4034 θαυμάσια
840 3969 966 4018 σου,
1017 3957 1153 4011 ἀλλὰ
1203 3942 1721 4034 Διηγήσομαιξούκ

125 4034 270 4088 ἄλλο
297 4053 351 4088 τι
383 4031 715 4110 βουλόμενος
748 4045 940 4110 εἰπεῖν,
979 4047 1091 4100 ἀλλ’
1122 4050 1197 4113 ὡς
1239 4031 1467 4107 ἑκάστου
1505 4057 1596 4110 τοῦ
1638 4059 1723 4112 λέ-

124 4144 331 4194 γοντος
362 4130 494 4201 ὅπερ
518 4133 576 4184 ὲν
605 4137 671 4204 τῇ
703 4139 855 4208 κοινῇ
895 4140 1114 4194 πάντων
1141 4143 1384 4212 γίγνεται
1415 4153 1582 4221 φωνῇ.
1612 4152 1723 4204 Λα-

128 4221 376 4292 ϐόμενος
402 4220 494 4278 οὖν
539 4227 736 4296 σχολῆς
775 4230 865 4283 καὶ
911 4232 1218 4304 εὐκαιρίας,
1258 4238 1352 4291 καὶ
1391 4241 1724 4311 ἀπαλλαγεὶς

126 4313 241 4383 τῆς
289 4315 481 4385 ἐφόδου
527 4318 636 4372 τῶν
685 4322 1063 4393 πολεμούντων
1105 4327 1266 4398 ἔργον
1319 4331 1576 4403 θήσομαι,
1614 4336 1724 4391 τῶν

127 4411 457 4480 γενομένων
485 4411 546 4464 τὸ
577 4413 806 4481 μέγεθος
837 4413 1157 4482 διηγεῖσθαι.
1190 4419 1360 4474 Τοῦτο
1390 4422 1446 4475 δὲ
1476 4424 1606 4477 αὐτὸ
1628 4425 1724 4499 τὴν

1809 1906 1966 1968 porta
2003 1899 2269 1968 quasdam
2320 1898 2531 1954 litteras
2564 1899 2961 1969 insculperent,
3001 1915 3123 1968 qua:
3179 1914 3381 1954 nomen

1807 2005 1996 2044 eorum
2044 1989 2375 2057 indicarent,
2407 2005 2472 2044 ac
2511 1991 2734 2044 modum
2767 2005 2878 2061 quo
2915 1991 3194 2046 civitatem
3237 1989 3384 2045 devi-

1806 2083 2034 2146 cissent,
2070 2091 2236 2154 atque
2272 2084 2326 2136 in
2379 2097 2536 2138 suam
2581 2090 2917 2152 potestatem
2996 2084 3378 2154 redegissent:

1809 2187 2186 2240 saepenumero
2215 2180 2402 2227 autem
2445 2171 2694 2241 quaedam
2728 2174 2889 2242 quasi
2921 2173 3078 2244 signa
3106 2189 3201 2229 seu
3233 2190 3382 2246 sym-

1808 2265 1934 2320 bola
1983 2265 2395 2334 imprimebant,
2437 2271 2533 2317 aut
2568 2263 2973 2334 insculpebant,
3006 2267 3188 2335 qualia
3218 2267 3383 2322 nimi-

1810 2368 1932 2409 rum
1977 2362 2106 2410 sunt
2143 2353 2314 2408 multa
2369 2360 2560 2408 nostra
2614 2363 2818 2424 tropaea
2850 2361 2907 2408 et
2951 2354 3221 2425 symbola,
3257 2369 3382 2423 quae

1810 2447 2102 2518 insigniter
2144 2455 2272 2502 ante
2326 2456 2538 2518 portam
2605 2456 2934 2519 posuerunt,
2973 2454 3236 2517 tanquam
3289 2447 3383 2518 qui

1811 2535 1961 2590 illam
1994 2535 2052 2589 in
2087 2551 2243 2592 suam
2277 2545 2604 2608 potestatem
2658 2535 2994 2606 redegerint,
3021 2544 3076 2590 et
3111 2537 3395 2607 captivam.

1811 2625 2065 2682 fecerint.

1881 2718 2050 2776 Vens.
2077 2721 2130 2774 6.
2154 2748 2223 2759 —
2260 2719 2395 2775 Tam
2433 2720 2750 2776 immaniter
2799 2733 2918 2774 eam
2969 2725 3283 2784 vastarunt,
3325 2727 3387 2772 ut

1811 2813 1975 2867 etiam
2035 2811 2320 2867 domorum
2377 2812 2578 2882 januas
2656 2811 2946 2868 securibus
3000 2809 3381 2881 infringerent,

1815 2918 1920 2957 non
1956 2918 2116 2958 secus
2169 2917 2234 2957 ac
2282 2903 2375 2972 qui
2426 2903 2574 2973 ligna
2624 2904 2679 2957 in
2734 2902 2888 2958 silvis
2921 2901 3158 2967 caedunt,
3191 2916 3388 2957 neces-

1814 2997 1961 3048 sario
1993 2996 2083 3050 illa
2115 3005 2305 3050 secant
2333 2997 2399 3051 ad
2440 3012 2602 3052 usum
2641 2998 2963 3053 humanum.

2313 3108 2640 3166 PSALMUS
2680 3109 2918 3167 LXXIV.

1896 3222 2058 3278 Vens.
2084 3224 2139 3278 2.
2162 3256 2222 3265 -
2250 3222 2314 3278 Et
2343 3239 2408 3280 ex
2443 3225 2666 3280 nomine
2717 3233 2834 3291 tuo,
2868 3225 3069 3296 inquit,
3099 3240 3202 3281 nos
3236 3225 3410 3294 ipsos.

1821 3313 2244 3382 appellabimus.
2285 3313 2339 3367 Id
2391 3321 2495 3376 est,
2530 3321 2583 3366 te
2631 3311 2925 3368 Dominum
2977 3313 3394 3377 conﬁtebimur,

1822 3402 2246 3468 benefactorem,
2281 3403 2602 3474 przesidemg
2629 3403 2697 3458 ab
2729 3404 2794 3458 iis
2825 3419 2947 3475 qua:
2976 3404 3259 3460 consecuti
3295 3419 3394 3458 su-

1823 3509 1946 3549 mus
1981 3496 2273 3551 utilitatem
2325 3495 2529 3552 edocti.
2553 3495 2848 3566 Proprium
2888 3496 3036 3551 enim
3081 3496 3391 3558 hominum,

1823 3594 1884 3640 ut
1913 3603 1944 3642 a
1978 3587 2095 3643 suis
2128 3588 2366 3642 dominis
2395 3596 2489 3642 aut
2522 3588 2964 3644 benefactoribus
2994 3588 3366 3658 appellentur,

1822 3693 1877 3732 v.
1910 3694 1961 3747 g.
1992 3679 2121 3732 dum
2160 3678 2432 3734 dicimus:
2461 3678 2563 3734 Hic
2592 3679 2738 3734 illius
2769 3687 2854 3734 cst
2886 3679 3002 3734 sive
3031 3693 3246 3743 servus,
3279 3678 3397 3732 sive

1824 3771 2162 3826 domesticus
2182 3787 2246 3826 ac
2278 3771 2589 3838 familiaris,
2611 3772 2726 3827 sive
2755 3772 2888 3843 quid
2919 3771 3256 3827 istiusmodi.

1897 3862 2064 3918 Vens.
2095 3864 2149 3917 3.
2175 3893 2247 3905 —
2268 3865 2370 3918 Hic
2411 3865 2769 3934 singulariter
2824 3865 2983 3931 dixit,
3014 3862 3133 3918 Non
3168 3876 3397 3917 enarra-

1826 3955 2008 4011 bimus
2062 3956 2246 4010 omnia
2297 3957 2569 4012 mirabilia
2620 3967 2734 4022 tua.
2774 3957 2868 4012 sed
2921 3954 3224 4009 Enarrabo.
3280 3951 3422 4005 Non

1829 4045 1974 4100 aliud
2004 4045 2132 4116 quid
2165 4047 2357 4103 volens
2385 4046 2591 4112 dicere,
2623 4063 2787 4117 quam
2825 4045 2972 4116 quod
3018 4043 3402 4113 unusquisque

1829 4139 1978 4192 dicat
2012 4139 2062 4192 id
2100 4140 2246 4207 quoi
2280 4141 2560 4193 communi
2597 4140 2843 4194 omnium
2894 4149 3031 4192 voce
3083 4137 3163 4191 ﬁt.
3195 4135 3403 4190 Nactus

1832 4230 2000 4300 igitur
2030 4231 2204 4284 otium
2253 4240 2308 4286 et
2357 4231 2848 4300 opportunitatem,
2881 4238 2935 4284 et
2966 4229 3036 4284 ab
3070 4229 3276 4282 insultu
3304 4227 3420 4281 Ιιοε-Δ

1831 4323 1996 4377 stium
2021 4323 2312 4387 liberatus,
2344 4324 2449 4378 hoc
2481 4324 2612 4377 mihi
2662 4322 2944 4392 negotium
2991 4335 3315 4390 proponam,
3345 4326 3421 4370 ut-

1831 4431 2019 4471 eorum
2047 4432 2167 4487 quae
2200 4416 2344 4472 facta
2369 4427 2500 4472 sunt
2529 4415 2956 4488 magnitudinem
2984 4426 3261 4468 enarrem.
3289 4410 3404 4464 Hoc

129 4501 502 4572 εὐχαριστίαν
535 4504 700 4572 λέγει.
735 4506 1065 4578 Εὐχαριστία
1090 4509 1199 4582 γὰρ
1232 4514 1312 4574 είς
1343 4513 1493 4579 Θεὸν,
1518 4516 1576 4568 τὸ
1605 4519 1709 4587 ὁμο

1834 4509 2013 4578 ipsum
2049 4516 2230 4564 autem
2267 4509 2569 4579 gratiarum
2604 4508 2874 4561 actionem
2907 4512 3088 4559 vocat.
3113 4501 3408 4558 Gratitudo

130 4591 332 4660 λογεῖν
357 4595 782 4664 εὐεργετεῖσθαι,
813 4598 1166 4668 διηγούμενον
1187 4600 1286 4665 τὰς
1320 4604 1546 4675 χάριτας
1572 4623 1586 4636 ο
1620 4602 1731 4662 οἷον

133 4685 246 4740 καὶ
293 4689 356 4739 ὲν
393 4687 473 4757 τῷ
518 4687 561 4740 θ’
602 4689 801 4760 ψαλμῷ
851 4691 949 4743 τό⁹
1005 4693 1560 4766 Ἐξομολογήσομαι
1608 4715 1728 4765 σοι,

125 4779 352 4847 Κύριε,
381 4780 452 4833 ὲν
479 4781 591 4851 ὅλῃ
622 4783 699 4850 τῇ
727 4783 938 4852 καρδίᾳ
964 4803 1112 4854 μου·
1152 4786 1508 4858 διηγήσομαι
1540 4790 1735 4845 πάντα

125 4871 222 4926 τὰ
255 4872 558 4940 θαυμὰσιά
606 4891 745 4930 σου.
787 4878 919 4929 Ποῖα
953 4875 1045 4931 οὖν
1098 4878 1374 4948 θαυμάσια
1427 4885 1734 4953 διηγεῖται;

151 4962 322 5033 Ἐγὼ
349 4966 680 5034 εὐθύτητας
704 4967 905 5035 κρινῶ.
930 4969 1136 5032 Ταῦτα,
1165 4973 1246 5025 ὅτι
1280 4975 1591 5044 ἐπηγγείλω
1618 4976 1739 5046 κρὶ-
1771 5002 1774 5006 ι

1835 4600 1982 4654 enim
2029 4599 2084 4654 in
2128 4598 2296 4655 Deum
2348 4608 2454 4666 est,
2500 4600 2751 4654 conﬁteri
2806 4597 3154 4660 beneﬁcium,
3203 4597 3409 4666 gratias

1835 4692 2349 4757 commemorando;
2380 4692 2541 4760 quale
2558 4701 2640 4745 est
2662 4700 2714 4744 et
2737 4690 2868 4744 illud
2895 4690 2948 4743 in
2982 4689 3193 4758 psalmo
3216 4701 3400 4742 nono:

1839 4780 2144 4850 Conﬁtebor
2167 4783 2281 4842 tibi,
2316 4782 2559 4845 Domine,
2581 4783 2636 4834 in
2672 4791 2782 4836 toto
2809 4782 2966 4836 corde
2994 4796 3141 4844 meo;
3177 4778 3410 4832 narrabo

1837 4874 2016 4925 omnia
2045 4872 2318 4927 mirabilia
2351 4873 2637 4943 tua(Psal.
2662 4890 2739 4935 ix,
2763 4875 2837 4942 I).
2856 4872 3047 4938 Qualia
3069 4873 3233 4941 igitur
3253 4869 3415 4923 mira-

1837 4963 1966 5018 bilia
2015 4966 2276 5018 enarrat?
2328 4964 2436 5034 Ego
2474 4965 2719 5032 justitias
2757 4963 3030 5032 iudicabo.
3082 4961 3208 5015 Haac
3261 4966 3412 5021 sunt,

121 5073 266 5108 νειν
287 5055 612 5127 εύθύτητας,
635 5059 710 5122 ὡς
733 5059 827 5112 τοῦ
858 5060 992 5115 Θεοῦ
1016 5062 1172 5117 τοῦτο
1194 5065 1436 5128 εἰπόντος
1461 5066 1555 5118 καὶ
1577 5067 1742 5135 ὲπαγο

117 5146 505 5217 γειλαμένου.
536 5149 812 5202 Δέδεικται
845 5151 954 5222 γὰρ
983 5152 1273 5222 πολλαχοῦ,
1305 5154 1426 5206 ἀντὶ
1454 5153 1547 5206 τοῦ
1577 5153 1738 5225 ἔργου

112 5241 248 5296 τὸν
279 5239 440 5306 λόγον
486 5241 577 5292 καὶ
603 5240 702 5311 τὴν
730 5241 1062 5311 ἐπαγγελίαν
1105 5243 1416 5314 λαμϐάνων.
1448 5245 1524 5297 Οὐ
1561 5244 1641 5296 δεῖ
1683 5244 1740 5297 δὲ

117 5330 485 5400 Θαυμάξειν,
508 5332 591 5384 ὅτι
611 5333 686 5406 μὴ
712 5330 853 5397 εἷπε,
875 5335 1215 5405 Διηγήσομαι
1237 5335 1303 5389 τὰ
1324 5335 1600 5405 θαυμάσιά
1622 5352 1738 5399 σου,

111 5427 291 5478 ὅταν
325 5421 475 5473 λάϐω
501 5423 710 5493 καιρόν.
748 5425 906 5477 Ἰδιον
937 5426 1046 5497 γὰρ
1078 5425 1265 5488 αὐτοῦ,
1298 5427 1358 5479 τὸ
1385 5428 1448 5479 ἐκ
1480 5427 1577 5497 τῆς
1610 5429 1741 5480 axo-

109 5514 382 5576 λουθίας
415 5513 590 5581 λέγειν
617 5513 689 5568 τὰ
716 5515 778 5568 ἐκ
805 5533 966 5569 τινων
1008 5516 1262 5587 ρηθέντα,
1291 5518 1386 5570 καὶ
1419 5517 1492 5588 μὴ
1524 5535 1744 5589 προστι-

113 5604 312 5661 Θέναι
349 5605 409 5655 τὸ
435 5603 637 5668 εἰπών,
674 5605 707 5675 ἢ
743 5604 956 5674 λέγων,
985 5607 1018 5678 ἡ
1045 5625 1094 5660 τι
1123 5608 1382 5661 τοιοῦτον.
1408 5609 1517 5661 Καὶ
1545 5608 1742 5660 πολλα-

113 5695 260 5768 χοῦ
304 5696 372 5748 ἄν
401 5713 482 5760 τις
531 5695 678 5764 εὖροι
714 5697 954 5769 ζητήσας
989 5700 1097 5752 τῶν
1131 5700 1407 5770 Ψαλμῶνο
1433 5696 1542 5754 οἷον
1586 5701 1643 5752 ὲν
1668 5699 1746 5770 τῷ

116 5787 291 5869 ριθ’,
329 5789 486 5858 Πρὸς
522 5791 735 5858 Κύριον
771 5792 841 5846 ἐν
875 5791 954 5858 τῷ
993 5794 1300 5866 θλίϐεσθαᾷ
1333 5809 1407 5862 με
1433 5790 1741 5862 ἐκέκραξα.

1838 5055 1984 5126 quod
2017 5057 2335 5126 promiseris
2380 5056 2628 5125 justitias
2652 5055 2928 5124 judicare,
2959 5055 3118 5125 quasi
3157 5052 3269 5106 Deo
3314 5051 3418 5102 hoc

1840 5147 2057 5203 dicente
2085 5165 2150 5204 ac
2181 5150 2556 5218 promittente.
2590 5147 2853 5202 Plurimis
2887 5147 3034 5200 enim
3069 5146 3204 5198 locis
3233 5152 3422 5197 osten-

1842 5255 1964 5295 sum
1995 5249 2103 5301 est,
2133 5239 2281 5310 quod
2318 5255 2418 5310 pro
2468 5255 2635 5310 opere
2661 5252 2974 5294 sermonem
3009 5251 3074 5290 ac
3105 5232 3419 5304 promissio-

1844 5346 1966 5385 nem
2024 5331 2313 5400 acceperit.
2361 5328 2481 5383 Non
2531 5336 2748 5399 oportet
2793 5336 2974 5381 autem
3025 5325 3244 5387 mirari,
3273 5322 3420 5392 quod

1844 5436 1955 5475 non
2005 5421 2226 5485 dixerit,
2296 5421 2580 5476 Enarrabo
2627 5419 2902 5474 mirabilia
2941 5427 3054 5479 tua,
3097 5426 3223 5471 cum
3258 5430 3419 5469 accc~

1845 5530 1977 5584 pero
2007 5524 2240 5582 tempus.
2266 5511 2558 5582 Proprium
2593 5512 2740 5567 enim
2790 5512 2983 5579 ipsius,
3021 5517 3082 5562 ut
3129 5524 3196 5563 ex
3226 5520 3421 5561 conse-

1847 5606 2034 5673 quenti
2068 5604 2270 5660 referat
2298 5621 2360 5660 ea
2392 5619 2513 5676 quae
2548 5604 2616 5659 ab
2649 5602 2927 5673 aliquibus
2972 5600 3119 5654 dicta
3170 5605 3320 5662 sunt,
3367 5606 3422 5650 et

1849 5715 1959 5753 non
1998 5697 2162 5752 addat
2203 5699 2435 5753 verbum
2476 5697 2647 5760 aiens,
2683 5694 2766 5749 vel
2806 5693 3010 5757 dicens,
3040 5699 3133 5745 aut
3176 5689 3303 5759 quid
3349 5688 3419 5740 si-

1849 5792 1995 5852 mile.
2028 5790 2206 5863 Atque
2240 5792 2344 5847 hoc
2384 5789 2698 5862 frequenter.
2723 5787 2852 5863 quis
2908 5785 3142 5864 reperiet
3174 5783 3231 5842 in
3277 5778 3413 5836 Psal
