3904 6548
464 326 571 385 695

1627 338 1974 399 TllEODORI
2004 343 2486 405 MOPSUESTENI
3616 354 3710 410 696

467 441 592 504 n.is,
614 441 656 496 si
673 451 882 513 quatrat
901 463 915 510 ;
931 445 1056 500 utin
1084 446 1293 516 psalmo
1312 452 1615 506 centesimo
1637 455 1849 511 decimo
1869 472 2037 517 nono.

2604 432 2610 451 .

2150 466 2241 518 καὶ
2267 466 2597 535 εἰσήκουσέ
2617 485 2738 537 μου
2762 484 2775 498 ’
2812 468 2907 521 καὶ
2936 469 2997 522 ού
3026 468 3434 538 προστεθεικὼς
3455 468 3520 521 τὸ
3545 468 3717 522 εἰκών

465 534 551 587 Ad
585 534 858 589 Dominum
890 554 1007 590 cum
1056 539 1611 599 tribularerclamavi
1640 556 1724 600 εει
1762 550 2035 603 exaudivit

468 628 737 697 m:(Psal.
766 644 914 692 cxlx,
934 631 967 683 ι
983 630 1031 699 );
1056 641 1108 686 et
1129 648 1233 687 non
1266 634 1573 706 adjungens
1595 638 1818 693 verbum
1840 639 2043 707 dicem,

467 720 773 789 subjunxit,
806 721 1049 783 Domine,
1079 723 1246 778 libera
1289 728 1528 780 animam
1568 746 1761 794 meam,
1786 746 1883 800 per
1913 732 2047 786 reti-

467 813 725 874 centiam,
747 828 811 868 ex
835 819 1189 885 consequenti
1227 820 1543 889 significans
1574 822 1721 877 istud
1744 824 1919 878 dicens
1944 840 1962 889 ;
1993 831 2048 879 et

465 902 669 957 clarius
706 904 758 957 in
811 906 1054 962 secundo
1106 908 1680 975 psalmo:Astiteruut
1728 913 1907 977 enim,
1971 914 2049 967 in.

464 994 605 1062 quit,
639 1009 784 1063 reges
827 1004 1002 1061 terrae,
1038 1007 1087 1051 et
1114 1000 1377 1068 principes
1417 1014 1769 1057 convenerunt
1804 1005 1855 1057 in
1888 1021 2048 1057 unum

464 1082 715 1141 adversus
768 1087 1069 1152 Dominum,
1096 1102 1142 1143 et
1194 1091 1445 1147 adversus
1475 1093 1747 1148 Christum
1786 1096 1920 1163 ejus.
1954 1096 2048 1149 Di-

464 1191 771 1248 rumpamus
800 1182 1011 1235 vincula
1051 1199 1229 1235 eorum
1262 1182 1437 1253 (Ρδαί.
1471 1186 1628 1253 ιι,2).
1657 1186 1811 1242 Nunc
1866 1196 2045 1242 autem

465 1270 783 1340 relinquens
826 1275 1053 1328 verbum
1084 1276 1347 1341 dicentes,
1384 1294 1519 1332 usus
1558 1286 1643 1333 est
1676 1279 1881 1349 ubique
1916 1296 2045 1350 pro-

467 1365 585 1432 pria
606 1366 1017 1436 consequentia.
1045 1367 1221 1437 Atque
1248 1370 1474 1423 omnino
1502 1370 1604 1424 boc
1633 1372 1887 1439 plurimis
1913 1373 2048 1428 locis

465 1457 708 1524 reperire
731 1458 907 1513 liccat.
928 1456 1031 1513 Sed
1054 1460 1167 1515 haec
1192 1460 1425 1516 sumciat
1443 1463 1799 1531 proposuisse
1823 1462 1874 1516 in
1895 1464 2049 1517 testi-

466 1549 713 1604 monium
745 1550 865 1621 ejus
891 1552 1035 1621 quod
1055 1568 1084 1606 a
1106 1554 1261 1609 nobis
1283 1553 1510 1608 dictum.
1542 1557 1602 1608 ln
1638 1556 1757 1625 ipsa
1787 1556 2048 1623 deinceps

466 1636 917 1710 interpretatione
952 1658 1095 1713 sarpe
1135 1644 1279 1698 dicta
1317 1645 1534 1715 phrasis
1572 1648 1845 1706 occurrit:
1869 1649 2049 1716 legen—

465 1732 599 1785 tium
632 1734 821 1804 utique
862 1735 966 1788 erit
1019 1737 1337 1793 meminisse
1382 1753 1600 1795 semper
1643 1739 2047 1794 subauditionis

465 1839 562 1880 seu
596 1824 1109 1895 adsigniﬁcationis.

536 1912 700 1969 Vens.
723 1915 773 1968 7.
796 1943 867 1954 -—
893 1916 1111 1970 Exitum
1164 1933 1542 1987 saepenumero
1572 1926 1733 1972 vocat
1779 1920 1915 1975 solis
1960 1935 2049 1973 or-

466 2013 608 2067 tum.
638 2018 697 2062 ut
736 2010 890 2071 illud,
918 2009 1114 2065 Exitus
1142 2013 1394 2065 matutini
1435 2022 1484 2066 et
1516 2027 1725 2079 respcre
1760 2012 2047 2066 delectabis

467 2101 643 2169 (Psal.
667 2115 811 2165 tum,
834 2102 913 2166 9).
944 2102 1081 2168 Quia
1104 2104 1267 2158 etiam
1292 2105 1496 2159 exitum
1520 2106 1653 2159 solis
1682 2114 1837 2158 vocat
1870 2106 2045 2172 ipsum

466 2189 755 2247 orientem.
782 2199 841 2244 ut
865 2190 1033 2257 istud,
1056 2192 1096 2243 Α
1117 2208 1321 2247 summa
1336 2193 1463 2247 caelo
1484 2196 1711 2263 egressio
1728 2195 1841 2255 eius
1865 2192 2039 2265 (Psal.

466 2278 703 2351 κυῶ).
727 2277 1106 2355 Egressionem
1133 2284 1299 2353 igitur
1317 2300 1410 2339 seu
1428 2286 1633 2339 exitum
1654 2285 1787 2339 dicit
1806 2287 2044 2351 partium

465 2376 840 2441 orientalium,
878 2377 1154 2432 desertum
1188 2391 1319 2431 vero
1348 2376 1618 2431 montium
1643 2377 2047 2448 septentriona-

465 2468 598 2523 lium
630 2475 684 2523 et
714 2468 1175 2523 meridionalium.
1212 2468 1345 2522 Nam
1381 2471 1508 2540 quia
1549 2470 1780 2526 duorum
1812 2470 2044 2523 istorum

464 2560 745 2614 climatum
791 2570 976 2631 partes
1028 2562 1146 2616 alia:
1199 2560 1419 2631 quidem
1469 2570 1596 2617 sunt
1631 2561 1950 2617 inhabitatze
1981 2575 2045 2615 ac

462 2651 715 2715 desertae,
735 2661 955 2722 propter
972 2668 1256 2708 excessum
1278 2654 1472 2724 glaciei
1496 2654 1728 2725 (scilicet
1750 2654 2062 2723 boreales).

462 2742 581 2797 aliae
597 2758 724 2798 vero
741 2752 963 2815 propter
984 2746 1208 2800 nimium
1229 2747 1466 2801 calorem
1485 2748 1701 2816 (nempe
1717 2744 2038 2813 australes),

464 2836 580 2895 brce
610 2839 721 2893 duo
743 2840 961 2895 climata
989 2841 1269 2897 desertum
1294 2842 1562 2897 montium
1587 2840 1893 2910 appellavit.
1910 2836 2041 2892 Vult

464 2937 647 2984 autem
679 2931 884 2994 dicere,
913 2932 1059 3002 quod
1086 2932 1277 2987 nullibi
1307 2931 1379 2987 sit
1411 2931 1579 2986 Deum
1613 2930 1871 3001 ell‘ugere.
1898 2930 2039 2995 Quo-

462 3035 683 3092 cunque
712 3023 857 3078 enim
909 3022 974 3077 ad
1018 3032 1258 3094 quatuor
1291 3022 1417 3077 coeli
1449 3022 1671 3076 climata
1715 3019 2038 3081 recesseris,

465 3112 633 3167 Deum
680 3129 1025 3169 communem
1068 3113 1308 3185 judicem
1354 3122 1409 3168 et
1458 3113 1665 3184 ubique
1705 3118 2036 3183 praesentem

464 3211 703 3280 eﬂugere
734 3228 1078 3283 nequaquam
1112 3220 1286 3281 potes.

538 3301 703 3359 Vens.
726 3304 778 3358 8.
801 3335 872 3343 —
901 3303 1102 3357 Vinum
1136 3304 1339 3373 accipit
1379 3300 1447 3356 de
1476 3302 1770 3371 supplicio,
1800 3316 1867 3356 eo
1898 3300 2044 3370 quod

466 3394 542 3448 illi
584 3396 675 3464 qui
713 3396 1020 3465 puniuntur
1073 3395 1251 3450 instar
1285 3394 1631 3461 diriosorum
1667 3393 2046 3462 eireumagan—

464 3493 578 3548 tur,
605 3494 661 3541 et
694 3486 1060 3541 succumbant
1089 3486 1260 3556 plaga
1290 3482 1405 3540 Dei.
1430 3485 1604 3539 liabet
1636 3485 1804 3551 enim,
1840 3484 2040 3555 inquit,

464 3575 521 3631 in
578 3592 746 3631 manu
795 3591 894 3631 sua
931 3576 1157 3632 calicem
1192 3576 1414 3646 plenum
1473 3590 1626 3630 mero
1667 3575 1830 3643 vino;
1878 3591 1945 3631 ac
1997 3575 2043 3631 si

465 3668 615 3722 dicat
663 3669 1026 3725 terribiliores
1074 3684 1287 3740 poenas,
1312 3685 1379 3726 eo
1417 3669 1568 3741 quod
1597 3661 1787 3723 vinum
1825 3683 2042 3722 merum

462 3760 643 3832 magis
673 3760 856 3826 feriat,
887 3777 983 3819 seu
1012 3763 1317 3832 perturbet.
1343 3762 1515 3818 Porro
1564 3761 1788 3815 mistum
1825 3776 1937 3816 non
1973 3758 2042 3814 de

464 3852 852 3909 commistione
904 3853 1038 3908 dicit
1082 3854 1393 3925 (quomodo
1440 3854 1610 3917 enim,
1640 3868 1764 3909 cum
1822 3867 2038 3907 merum

462 3940 687 4008 dixerit,
720 3959 917 4000 rursus
975 3946 1200 4001 mistum
1236 3946 1613 4016 appellaret?),
1642 3945 1737 4002 sed
1779 3944 1910 4016 quia
1945 3944 2043 3999 mi-

461 4034 695 4090 stionem
718 4050 863 4105 saepe
888 4050 1153 4093 vocamus
1182 4051 1519 4097 mensuram,
1546 4051 1667 4106 quae
1684 4034 1752 4090 ad
1777 4037 2037 4089 haustum

459 4124 713 4193 sumciat.
755 4127 870 4183 Hoc
914 4130 1170 4183 nimirum
1200 4128 1373 4183 voluit
1423 4127 1629 4189 dicere,
1661 4126 1807 4198 quod
1857 4125 2039 4181 istius-

458 4214 607 4268 modi
649 4216 836 4271 mistio
864 4216 1029 4272 fuerit
1071 4218 1207 4273 adeo
1239 4233 1457 4287 magna,
1485 4227 1546 4271 ut
1578 4218 1805 4272 calicem
1844 4216 2036 4286 imple-

459 4307 619 4362 verit.
651 4304 733 4362 Ex
781 4316 1017 4380 utroque
1067 4312 1214 4366 enim
1262 4311 1379 4365 vult
1412 4309 1727 4380 signiﬁcare
1776 4306 2034 4378 supplicii

457 4396 859 4469 intensionem;
886 4412 998 4457 tum
1027 4419 1094 4459 ex
1123 4420 1189 4459 eo
1214 4404 1358 4474 quod
1394 4419 1602 4457 merum
1628 4404 1815 4457 vinum
1846 4401 2035 4464 fuerit,

2147 556 2413 623 ἐπήγαγε,
2441 560 2637 627 Κύριε,
2658 558 2845 625 ῥῦσαι
2870 558 2985 626 τὴν
3011 562 3225 628 ψυχήν
3255 577 3395 629 μου,
3424 559 3567 613 κατὰ
3593 562 3717 613 ἁπο-

2149 644 2415 716 σιὼπησιν
2446 649 2695 720 σημάνας
2730 651 2794 704 ὲκ
2828 652 2930 721 τῆς
2954 652 3275 718 ἀκολουθίας
3298 655 3359 707 τὸ
3388 654 3607 708 ειπών·
3630 654 3713 707 καὶ

2149 737 2480 810 σαφέστερον
2533 742 2592 793 ὲν
2642 740 2719 811 τῷ
2764 742 2999 814 δευτέρῳ
3035 744 3269 815 ψαλμῷ,
3323 745 3720 814 Παρέστησαν

2147 829 2277 901 γὰρ,
2307 831 2493 901 φησὶν,
2524 834 2573 886 oi
2601 834 2886 901 ,ϐασιλεῖς
2922 830 3030 903 τῆς
3055 835 3184 906 γῆς,
3212 836 3313 891 καὶ
3352 839 3408 891 οἱ
3435 837 3722 906 ἄρχοντες

2147 921 2553 991 συνήχθησαν
2586 924 2683 978 ἐπὶ
2724 926 2791 978 τὸ
2835 927 2981 981 αὐτὸ
3015 928 3167 981 κατὰ
3203 928 3307 982 τοῦ
3349 929 3596 996 Κυρίου,
3626 927 3719 979 καὶ

2148 1014 2299 1067 κατὰ
2328 1015 2434 1069 τοῦ
2461 1016 2721 1085 Χριστοῦ
2752 1018 2961 1073 αὑτοῦ.
2993 1018 3409 1087 Διαρῤήξωμεν
3446 1018 3593 1083 τοὺς
3636 1016 3722 1069 δε-

2148 1105 2342 1174 σμοὺς
2366 1107 2580 1162 αὐτῶν.
2603 1108 2717 1160 Νῦν
2739 1108 2795 1161 δὲ
2817 1108 3139 1180 παραλιπὼν
3158 1109 3219 1163 τὸ
3242 1110 3548 1179 λέγοντες,
3576 1109 3721 1178 ἐχρή-

2150 1212 2281 1251 σατο
2328 1202 2393 1269 τῇ
2425 1198 2600 1269 οἰκεία
2648 1200 2713 1253 δι’
2749 1199 2884 1253 ὅλων
2922 1200 3235 1272 ἀκολουθίᾳ..
3270 1202 3380 1254 Καὶ
3430 1200 3573 1263 ὅλως
3604 1199 3725 1251 πολ-

2148 1289 2311 1359 λαχοῦ
2342 1288 2500 1343 τοῦτο
2547 1290 2691 1343 ἔστιν
2734 1292 2933 1361 εὑρεῖν.
2979 1294 3163 1363 Ἀρκεῖ
3200 1291 3309 1362 γάρ
3333 1291 3511 1344 ταῦτα
3550 1305 3722 1361 παρα-

2150 1387 2409 1457 θεμένους
2450 1388 2530 1450 εἰς
2561 1388 2864 1458 μαρτυρίαν
2895 1387 2988 1441 τοῦ
3034 1390 3164 1458 παρ’
3204 1387 3361 1458 ἡμῶν
3406 1384 3719 1456 λεγομένω.

2163 1480 2250 1533 Ἑν
2287 1479 2422 1550 αὐτῇ
2457 1480 2688 1549 καθεξῆς
2712 1480 2976 1552 ἑρμηνείᾳ
2997 1480 3167 1547 δεῖξαι
3193 1478 3463 1548 πολλαχοῦ
3493 1476 3723 1547 φερόμε-

2149 1586 2239 1621 νον
2276 1570 2335 1621 τὸ
2376 1570 2599 1638 ίδίωμα’
2631 1570 2741 1622 τῶν
2783 1569 3261 1635 ἀναγινωσκόντων
3310 1569 3494 1637 μέντοι
3530 1566 3621 1637 εἴη
3664 1565 3723 1619 ἂν

2154 1660 2511 1731 μνημονεύειν
2541 1661 2850 1732 ἁπανταχοῦ
2878 1661 2975 1732 τῆς
3000 1660 3391 1732 ἐπισημασίας.

2221 1913 2370 1982 Στίχ.
2407 1911 2471 1976 ζ’.
2498 1943 2567 1953 --
2603 1911 2819 1976 Ἔξοδον
2851 1909 3119 1980 πολλαχοῦ
3150 1908 3304 1963 καλεῖ
3321 1906 3423 1977 τὴν
3452 1904 3551 1958 τοῦ
3581 1901 3728 1974 ἡλίου

2149 2003 2430 2074 ἀνατολὴν,
2470 2003 2547 2065 ὡς
2588 2002 2669 2063 τὸ,
2721 2000 2998 2066 Ἐξόδους
3048 2000 3268 2067 πρωῖας
3321 1996 3421 2050 καὶ
3470 1993 3727 2061 ἑσπέρας

2149 2095 2409 2163 τέρψεις.
2452 2092 2666 2163 Ἐπειδὴ
2697 2093 2791 2145 καὶ
2836 2091 3013 2156 ἔξοδον
3050 2090 3146 2143 τοῦ
3185 2089 3335 2160 ἡλίου
3372 2087 3532 2141 καλεῖ
3567 2087 3725 2156 αὐτὴν

2147 2187 2245 2257 τὴν
2294 2185 2592 2253 ἀνατολήψ
2632 2184 2707 2246 ὡς
2753 2183 2834 2247 τὸ,
2876 2183 2991 2236 Ἀπ’
3020 2181 3206 2251 ἄκρου
3237 2180 3344 2234 τοῦ
3389 2177 3657 2245 οὐρανοῦ
3690 2177 3724 2243 ἠ

2148 2279 2361 2344 ἔξοδος
2384 2278 2592 2332 αὐτοῦ.
2624 2275 2842 2341 Ἐξοδον
2864 2271 2954 2328 οὖν
2975 2274 3123 2342 λέγει
3148 2273 3256 2326 τῶν
3278 2269 3581 2329 ἀνατολῶν,
3609 2268 3726 2338 ἔρη-

2152 2389 2251 2441 μον
2279 2369 2336 2423 δὲ
2365 2370 2535 2442 ὀρέων
2575 2370 2775 2440 ἄρκτου
2808 2368 2903 2421 καὶ
2948 2365 3315 2437 μεσημϐρίας.
3367 2360 3595 2431 Ἐπειδὴ
3629 2362 3725 2428 γὰρ

2148 2463 2255 2516 τῶν
2296 2462 2390 2516 δύο
2417 2461 2620 2515 τούτων
2654 2461 2930 2530 κλιμάτων
2963 2458 3031 2511 τά
3078 2457 3175 2527 μέν
3228 2458 3376 2508 ἐστιν
3421 2454 3591 2507 ἄοικα
3642 2450 3725 2503 καὶ

2148 2558 2350 2629 ἔρημα,
2386 2556 2463 2629 Δδι’
2496 2553 2800 2623 ὑπερϐολὴν
2847 2551 3049 2621 κρύους
3081 2550 3242 2619 (λέγω
3264 2549 3320 2602 δὲ
3354 2547 3423 2600 τά
3464 2544 3722 2616 ἀρκτῶα).

2146 2650 2215 2703 τὰ
2241 2648 2296 2703 δὲ
2344 2626 2410 2701 δῖ’
2444 2646 2748 2719 ὑπερϐολὴν
2793 2646 3029 2706 θάλπους
3072 2642 3166 2713 (ὡς
3214 2642 3282 2695 τά
3335 2635 3721 2709 μεσημϐρινὰ).

2148 2742 2369 2811 ἐρήμων
2402 2740 2571 2810 ὀρέων
2602 2738 2827 2792 ἐκάλεσε
2855 2737 3027 2790 ταῦτα
3074 2735 3142 2787 τὰ
3169 2734 3260 2787 δύο
3299 2732 3567 2799 κλίματα.
3604 2725 3723 2780 Boa-

2146 2831 2298 2884 λεται
2344 2830 2401 2884 δὲ
2450 2831 2641 2886 εἰπεῖν.
2674 2829 2755 2881 ὅτι
2802 2825 3101 2897 οὐδαμόθεν
3150 2823 3264 2876 ἔστι
3313 2820 3604 2887 διαευγεῖν
3642 2816 3723 2867 τὶν

2146 2922 2298 2977 Θεόν.
2328 2924 2504 2976 Ὅπου
2534 2921 2663 2974 ποτὲ
2685 2920 2792 2990 γάρ
2813 2919 2878 2973 ἂν
2904 2917 3149 2987 ἀπέλθῃς
3173 2914 3279 2968 τῶν
3305 2912 3594 2982 τεσσάρων
3619 2909 3723 2959 κλι-

2150 3019 2334 3090 μάτων
2365 3016 2459 3069 τοῦ
2497 3012 2745 3086 ούρανοῦ,
2781 3013 3061 3080 διαφυγεῖν
3107 3008 3204 3077 οὐχ
3235 3001 3347 3059 οἷον
3385 3022 3447 3056 τε
3479 3002 3574 3055 τὸν
3603 2999 3723 3053 Θεὸν

2147 3110 2324 3166 κοινὸν
2352 3110 2483 3163 ὄντα
2508 3107 2767 3179 δικάστην
2796 3106 2892 3158 καὶ
2922 3100 3200 3172 πανταχοῦ
3231 3097 3500 3169 παρόντα.

2220 3286 2368 3357 Στίχ.
2404 3292 2476 3355 η’.
2510 3315 2579 3325 --
2601 3283 2706 3336 Τὸν
2734 3276 2874 3336 οἶνον
2908 3279 3001 3331 ἐπὶ
3028 3277 3125 3347 τῆς
3150 3273 3423 3345 τιμωρίας
3442 3268 3721 3357 λαμϐάνει.

2149 3378 2255 3433 ἀπὸ
2289 3356 2380 3431 τοῦ
2418 3373 2797 3447 περιάγεσθαι,
2828 3370 2921 3426 καὶ
2970 3368 3336 3423 καταπίπτειν
3366 3366 3437 3433 τῇ
3472 3360 3571 3414 τοῦ
3599 3356 3723 3411 Θεοῦ

2148 3470 2353 3539 πληγῇ,
2393 3468 2519 3531 τοὺς
2548 3464 2988 3535 τιμωρουμένους
3017 3459 3173 3527 δίκην
3213 3454 3551 3527 μεθυόντων.
3583 3451 3725 3519 Ἔχει

2146 3563 2276 3634 γὰρ,
2307 3561 2493 3632 φησιν,
2527 3560 2584 3612 ὲν
2614 3560 2681 3629 τῇ
2709 3554 2899 3609 ἑαυτοῦ
2922 3553 3066 3625 χειρὶ
3088 3551 3344 3621 ποτήριον
3371 3541 3726 3615 πεπληρωμῶ

2146 3673 2236 3709 νον
2264 3653 2505 3725 ἀκράτου
2528 3650 2671 3704 οἴνου
2691 3667 2703 3678 ·
2743 3648 2832 3701 ἴνα
2856 3649 2983 3717 εἴπῃ
3012 3640 3395 3715 φοϐερωτέρας
3440 3634 3724 3708 τιμωρίας,

2145 3746 2253 3799 ἀπὸ
2284 3745 2377 3798 τοῦ
2429 3744 2520 3797 τὸν
2563 3743 2800 3814 ἄκρατον
2844 3736 2987 3793 οἶνον
3021 3736 3282 3809 μειζόνως
3327 3725 3727 3786 καθάπτεσθαι.

2145 3839 2218 3891 Τὸ
2247 3838 2304 3893 δὲ
2354 3837 2700 3908 κεράσματος
2727 3835 2788 3888 ού
2836 3830 3177 3904 κεκραμένου
3228 3827 3395 3895 λέγει·
3431 3822 3577 3891 (πῶς
3603 3817 3725 3888 γὰρ.

2145 3928 2255 3985 οἷόν
2284 3948 2342 3983 τε
2376 3929 2606 3983 εἰπόντα
2631 3926 2894 3998 ἀκράτου,
2927 3922 3089 3975 πάλιν
3122 3920 3294 3974 εἰπεῖν
3319 3912 3730 3985 κεκραμένοιη)

2143 4024 2257 4079 ἀλλ’
2288 4022 2477 4093 ἐπειδὴ
2506 4021 2702 4092 κρᾶσιν
2756 4016 3015 4079 πολλάκις
3045 4010 3317 4083 καλοῦμεν
3360 4008 3426 4061 τὸ
3452 4006 3674 4105 μέτρον,
3693 3998 3732 4105 ’ὃ

2143 4114 2281 4189 πρὸς
2320 4116 2474 4168 πόσιν
2503 4113 2681 4184 ἀρκεῖ.
2716 4109 2886 4164 Τοῦτο
2910 4105 3184 4178 ἠϐουλήθη
3220 4103 3419 4165 εἰπεῖν,
3449 4100 3536 4151 ὅτι
3562 4100 3732 4189 τοιαυ-

2140 4227 2241 4279 την
2267 4208 2462 4277 κρᾶσιν
2505 4204 2649 4258 οὕτω
2673 4205 2955 4273 μεγίστην,
2982 4200 3122 4252 ὥστε
3156 4194 3446 4266 πληρῶσαι
3471 4190 3535 4243 τὸ
3566 4187 3731 4255 ποτή-

2146 4318 2276 4373 ριον.
2296 4299 2554 4353 Βούλεται
2566 4298 2622 4351 δὲ
2635 4298 2810 4349 είπεῖν
2827 4293 2885 4359 ἐξ
2902 4290 3228 4363 ἀμφοτέρων
3240 4288 3337 4358 τῆς
3348 4283 3622 4355 τιμωρέας
3633 4279 3729 4347 τὴν

2141 4393 2418 4448 ἐπίτασινε
2458 4390 2549 4444 καὶ
2574 4392 2637 4443 ὲκ
2676 4387 2769 4442 τοῦ
2792 4388 3027 4459 ἄκρατον
3052 4377 3189 4435 εἶναι
3221 4381 3311 4434 τὸν
3333 4375 3498 4433 οῐνον,
3532 4373 3625 4427 καὶ
3669 4373 3735 4423 ὲκ

457 4495 576 4545 tum
607 4506 671 4546 ex
698 4506 766 4548 eo
795 4468 942 4563 quod
972 4495 1113 4549 calix
1146 4468 1341 4566 plenus
1379 4495 1693 4549 exstiterit:
1724 4508 1876 4548 mero
1910 4493 2034 4563 qui-

2150 4486 2235 4542 τοῦ
2255 4484 2613 4555 πεπληρῶσαι
2628 4483 2688 4535 τὸ
2705 4483 2979 4551 ποτήριον·
2998 4476 3075 4548 τῷ
3100 4476 3196 4546 μὲν
3214 4470 3514 4543 ἀκράτῳὼ
3529 4468 3593 4521 αὖ
3604 4483 3737 4534 στη-

457 4582 582 4638 dem
608 4587 983 4641 austeritatem
1008 4596 1062 4642 et
1092 4588 1487 4643 vehementiam
1525 4586 1836 4648 declarans,
1861 4584 2036 4655 pleni-

456 4673 649 4730 tudine
674 4690 807 4730 vero
831 4676 1217 4731 sufﬁcientiam
1244 4693 1340 4733 seu
1366 4676 1788 4739 abumlantiam,
1814 4672 2036 4743 etquod

457 4766 525 4819 ad
559 4780 754 4823 omnes
808 4769 1163 4840 pertingeret.
1197 4770 1525 4825 Graviorem
1582 4776 1764 4821 autem
1818 4780 2036 4837 prunam

455 4857 751 4927 appellavit
783 4857 989 4914 faecem.
1020 4859 1155 4930 Ego,
1180 4860 1378 4929 inquit.
1414 4860 1587 4928 magis
1622 4858 1828 4911 clarum
1860 4855 2036 4921 ebibi;

455 4946 511 5001 id
559 4957 645 5004 est
686 4949 993 5006 minoribus
1041 4952 1201 5008 malis
1232 4950 1516 5021 subjectus
1561 4949 1657 5003 fui.
1689 4948 1867 5017 Ipsam
1898 4960 2031 5001 vero

454 5039 643 5095 faecem
676 5039 961 5112 Babylonii
1010 5044 1222 5109 bibent,
1260 5045 1315 5100 id
1344 5052 1450 5108 est,
1482 5042 1737 5114 graviora
1771 5056 1870 5110 pro
1904 5038 2035 5092 faci-

458 5132 692 5189 noribus
723 5135 842 5192 suis
866 5136 1041 5191 luent.

2144 4578 2236 4649 ρόν
2266 4578 2359 4630 καὶ
2387 4574 2601 4628 εὔτονον
2629 4573 2861 4633 δεικνὺς,
2879 4568 2956 4639 τῷ
2982 4566 3039 4621 δὲ
3066 4566 3260 4637 πλήρει
3284 4563 3345 4616 τὸ
3364 4560 3611 4631 διαρκὲς,
3638 4556 3735 4649 καὶ

2141 4648 2360 4724 πάντων
2401 4667 2725 4737 ἁπτόμενον.
2778 4663 2889 4733 Τὴν
2935 4658 3319 4732 χαλεπωτέραν
3364 4651 3423 4707 δὲ
3457 4648 3736 4720 τιμωρίαν

2140 4763 2368 4837 τρυγίαν
2399 4758 2677 4815 ἐκάλεσεν.
2724 4754 2885 4824 Ἐγὼ,
2911 4752 3065 4824 φησί,
3094 4750 3156 4803 τὸ
3172 4746 3527 4814 διειδέστερον

2138 4832 2438 4921 τουτέστιν,
2467 4853 2759 4907 ἐλάττωσιν
2786 4845 3098 4917 ὑπεϐλήθην
3123 4842 3331 4903 κακοῖς.
3352 4834 3613 4906 Αὑτὴνδὲ
3640 4832 3738 4897 τὴν

2140 4948 2496 5018 ὑποστάθμην
2527 4942 2860 4997 Βαϐυλώνιοι
2889 4938 2963 5009 (1)
2999 4938 3213 4990 πίονται
3237 4949 3251 4962 ⁸
3280 4932 3404 4985 ἀντὶ
3421 4927 3534 4992 τοῦ,
3570 4924 3740 4997 χαλε-

2142 5038 2364 5108 πώτερα
2391 5030 2463 5091 ὧν
2495 5034 2822 5106 εἰργάσαντο
2855 5030 3154 5085 πείσονται.

522 5309 598 5387 (Ι.)
626 5308 937 5387 lingendum
966 5313 1243 5387 Ἀσσύριοι
1270 5322 1457 5372 monet
1486 5315 1614 5373 Otto
1664 5312 1703 5367 F
1710 5311 1814 5367 rid.
1850 5308 2135 5365 Fritzsciie
2200 5302 2276 5361 De
2318 5306 2513 5362 Tlteod.
2574 5303 2747 5360 Mons.
2793 5302 2917 5357 Vita
2945 5313 2995 5357 et
3040 5300 3264 5370 Script.,
3308 5316 3363 5371 p.
3433 5291 3745 5353 50-813:

453 5377 611 5436 ιειε.
638 5377 795 5440 Εοῖτ.
