3804 6556
203 377 295 433 I07
1638 373 1709 432 ΙΝ
1755 374 1996 433 JOBUM.
3327 371 3435 429 698

199 495 3431 554 ρπϐ-’Μιξ-

1470 679 1598 770 IN
1687 675 2133 768 JOBUM.

169 1029 441 1097 Ejusdem
497 1028 762 1086 Theodori
809 1028 1138 1099 reprobantis
1164 1039 1239 1099 ret
1274 1028 1471 1082 librum
1512 1024 1616 1080 Job
1639 1064 1674 1099 ,_
1706 1034 1757 1099 et
1785 1026 1831 1085 Α
1859 1020 1964 1078 sibi
1994 1029 2048 1076 et
2075 1018 2199 1074 ﬁlia
2224 1032 2340 1074 sua
2363 1014 2431 1072 ad
2464 1015 2774 1071 fabularum
2801 1015 3059 1087 ﬁgmenta
3086 1014 3434 1070 communio-

243 1111 439 1155 coutra
480 1093 891 1168 conscriptorcm
928 1100 1077 1167 ejus,
1116 1098 1171 1152 id
1207 1107 1286 1152 est
1309 1137 1324 1160 ,
1358 1093 1756 1168 sanctumASpi-

247 1172 412 1222 ritum
437 1212 463 1250 ._
486 1165 707 1250 dicentis
738 1171 876 1242 quod
910 1165 1124 1241 pagana
1152 1170 1361 1237 sapiens
1391 1169 1528 1220 hunc
1561 1165 1755 1220 librum

246 1253 572 1308 conscrrpsu
583 1281 597 1293 .

242 1348 345 1402 llis
367 1349 447 1420 (ι)
479 1365 605 1421 qua
635 1367 734 1421 pro
765 1352 1011 1407 doctrina
1044 1350 1325 1405 hominum
1355 1348 1560 1421 scripta
1593 1355 1745 1412 sunt,

156 1447 221 1495 et
260 1438 583 1498 Salomonis
612 1442 737 1497 libri
769 1440 1199 1497 eonnumerandi
1227 1449 1377 1505 sunt,
1412 1440 1466 1495 id
1494 1450 1598 1504 est,
1620 1439 1755 1495 Pro-

155 1533 361 1586 verbia
398 1541 455 1588 et
487 1532 911 1597 Eeclesiastica,
948 1549 1070 1602 qua
1111 1536 1231 1603 ipse
1271 1549 1335 1589 ex
1371 1549 1471 1589 sua
1518 1548 1751 1603 persona

156 1623 233 1676 ad
272 1625 516 1677 aliorum
555 1625 848 1680 utilitatem
891 1625 1239 1694 composuit,
1287 1641 1413 1680 cum
1456 1627 1753 1696 prepbetia

152 1708 398 1783 quidem
445 1715 678 1785 gratiam
727 1731 837 1770 non
883 1715 1226 1785 accepisset,
1273 1716 1579 1787 prudentia
1620 1734 1752 1774 vero

157 1804 447 1867 gratiam,
502 1823 625 1875 qua
656 1808 940 1862 evidenter
971 1810 1140 1863 altera
1188 1817 1273 1865 est
1320 1817 1517 1881 prater
1563 1811 1748 1880 illam,

154 1885 481 1952 secundum
512 1899 657 1953 beati
688 1898 841 1954 Pauli
871 1915 1082 1956 vocem.

778 2013 848 2067 Et
874 2025 990 2083 post
1021 2016 1151 2070 alia.

231 2119 375 2174 Erat
423 2121 592 2189 igitur
640 2132 779 2179 satis
822 2126 1109 2191 idoneum,
1157 2143 1493 2198 supervacua
1528 2131 1745 2202 quidem

153 2213 357 2265 omnia
398 2215 565 2268 verba
605 2215 825 2271 auferre
846 2216 1149 2288 Scriptura
1173 2239 1185 2273 :
1213 2236 1333 2291 qua
1364 2232 1543 2278 autem
1578 2226 1643 2280 ad
1681 2227 1749 2283 si-

151 2304 583 2372 gniﬁcationem
615 2309 739 2362 vita
765 2308 886 2376 ejus
916 2312 1229 2365 necessaria
1257 2324 1417 2368 erant
1444 2331 1721 2386 exponere

151 2413 291 2467 qua
325 2399 515 2452 omnia
552 2400 895 2456 sufﬁciebant
931 2405 1233 2474 quemlibet
1261 2406 1327 2460 ad
1359 2409 1584 2464 meliora
1617 2426 1720 2465 con

151 2496 429 2552 vertere,
483 2497 537 2544 et
584 2493 962 2547 amulatorem
1016 2494 1195 2549 facere
1237 2495 1388 2550 boni.
1432 2496 1589 2551 Nunc
1618 2514 1749 2553 vero

150 2597 289 2635 cum
329 2582 436 2635 hoc
472 2599 579 2636 non
618 2584 867 2651 fecisset,
904 2586 971 2639 ad
1015 2588 1142 2641 vani
1188 2588 1413 2643 honoris
1453 2600 1747 2665 amatorem

149 2687 273 2723 non
310 2676 685 2727 necessarium
715 2677 1039 2740 respiciens,
1065 2692 1174 2731 non
1203 2678 1256 2731 in
1288 2678 1530 2735 minimis
1554 2682 1748 2737 existi-

150 2764 396 2815 mationi
442 2765 578 2831 justi
629 2767 818 2820 nocuit
859 2768 1004 2837 apud
1039 2784 1169 2832 eos,
1203 2771 1295 2839 qui
1331 2771 1546 2825 divinas
1604 2771 1750 2827 Scri-

152 2867 355 2921 pturas
381 2872 488 2910 non
512 2873 635 2911 cum
656 2859 834 2913 debita
861 2860 1150 2915 devotione
1173 2862 1426 2931 judicare
1456 2864 1664 2927 solent,
1695 2873 1749 2919 et

149 2963 218 2999 ex
260 2947 367 3001 hoc
401 2950 605 3005 multos
644 2951 773 3005 fecit
807 2953 1012 3022 scripta
1047 2954 1363 3025 inculpare,
1398 2962 1452 3008 et
1485 2954 1551 3009 ad
1582 2969 1747 3010 aecu—

151 3040 439 3094 sationem
470 3056 533 3095 ea
568 3042 785 3098 trahere
817 3044 959 3099 beati
993 3043 1118 3099 Job.

774 3151 841 3206 Et
873 3162 990 3222 post
1016 3154 1148 3208 alia.

228 3262 357 3330 Ipsa
393 3264 579 3319 statim
610 3265 775 3320 verba
798 3305 815 3333 ,
849 3281 913 3320 ex
946 3267 1147 3335 quibus
1180 3267 1421 3337 incipere
1451 3282 1573 3322 eum
1612 3268 1746 3323 dicit

150 3356 544 3424 conscriptor,
581 3372 706 3411 cum
753 3359 1134 3428 pervenissent
1172 3362 1366 3421 amici,
1402 3362 1526 3430 quis
1558 3361 1745 3415 consi-

149 3446 425 3500 deranter
454 3449 638 3501 omnia
668 3448 898 3515 videns,
949 3451 1133 3505 omnia
1187 3452 1273 3507 vel
1317 3452 1542 3514 dicens,
1594 3461 1747 3521 putet

150 3545 255 3589 aut
281 3538 436 3591 dicat
460 3538 596 3607 justi
627 3555 867 3610 unquam
903 3542 1073 3596 menti
1101 3543 1435 3597 convenire?
1460 3542 1743 3597 Maledicta

147 3630 307 3682 enim
340 3638 455 3682 tam
493 3634 663 3685 multa
700 3626 969 3702 colligeré
1000 3634 1187 3689 statim
1219 3635 1288 3689 ab
1320 3634 1508 3697 initio,
1555 3643 1610 3689 et
1651 3649 1741 3689 re-

151 3722 265 3776 bus
315 3737 381 3774 ea
426 3723 713 3792 imponere
753 3743 875 3796 qua
906 3727 1255 3781 maledictum
1302 3727 1585 3797 suscipere
1628 3744 1739 3782 non

148 3822 425 3882 poSSunt,
463 3815 592 3882 quia
623 3832 724 3870 nec
751 3817 1054 3873 subsistere
1093 3818 1420 3882 creduntur,
1456 3820 1583 3886 quis
1618 3819 1738 3872 exi-

148 3908 348 3959 stimet
372 3906 489 3960 viro
517 3909 848 3974 convenire,
879 3910 973 3979 qui
1002 3924 1125 3964 cum
1167 3917 1319 3963 tanta
1364 3909 1634 3979 sapientia
1686 3918 1741 3965 et

147 3996 367 4050 virtute
403 4004 459 4051 et
491 4000 797 4053 reverentia
828 4015 984 4054 suam
1020 4000 1189 4053 vitam
1222 4000 1633 4070 gubernasset?

148 4130 225 4181 Et
256 4147 356 4199 per
389 4134 566 4186 omnia
620 4134 906 4197 reprobatis
949 4135 1271 4201 scripturam
1319 4134 1421 4188 Job
1442 4138 1470 4192 .'
1504 4142 1553 4188 et
1606 4148 1736 4186 con-

228 4205 482 4275 εει-νέρωνί
514 4204 829 4259 maledicens
873 4204 1049 4275 (idem
1089 4215 1264 4259 autem
1303 4216 1379 4258 est
1407 4205 1579 4257 dicere
1607 4220 1737 4257 san-

223 4283 313 4325 (to
353 4274 586 4355 Spiritui
608 4279 649 4343 ),
682 4277 734 4329 in
770 4278 873 4344 ﬁne
905 4277 1360 4343 interpretationis
1398 4275 1739 4343 blasphemia:

220 4361 340 4397 sua:
372 4350 447 4396 ita
481 4350 647 4398 dicit:

214 4466 466 4519 Parvum
516 4470 696 4516 autem
740 4468 793 4515 et
837 4458 989 4516 istud
1032 4458 1297 4531 ﬂagitium
1346 4459 1414 4513 ad
1457 4459 1560 4513 hoc
1590 4458 1736 4529 quod

145 4561 205 4613 in
243 4560 353 4611 ﬁne
385 4555 622 4625 positum
658 4562 762 4608 est.
797 4551 914 4608 Hoc
943 4555 1089 4607 enim
1122 4552 1271 4622 quod
1306 4552 1479 4617 dixit,
1514 4551 1736 4608 tertiam

144 4653 325 4705 tiliam
362 4663 519 4703 suam
552 4646 853 4700 Amaltheae
900 4660 1074 4700 cornu
1112 4661 1237 4701 cum
1287 4660 1551 4708 vocasse,
1599 4644 1737 4699 nihil

146 4742 303 4795 aliud
338 4748 458 4803 est,
488 4754 652 4807 quam
681 4738 975 4792 ostendere
1022 4752 1148 4791 eum
1194 4737 1482 4807 paganicis
1536 4736 1738 4792 fabulis

142 4830 585 4891 assentientem,
642 4836 695 4882 et
740 4827 1065 4882 idololatria
1097 4827 1351 4898 ﬁgmenta
1383 4827 1696 4898 diligentem
1720 4866 1734 4891 ,

142 4934 305 4979 certo
336 4921 561 4990 quidem
607 4920 943 4984 constituto,
988 4919 1137 4991 quod
1181 4935 1283 4976 nec
1326 4921 1470 4975 scire
1514 4920 1736 4990 quidem

141 5018 216 5071 de
245 5015 384 5070 Jove
413 5021 468 5068 et
501 5013 744 5068 Saturno
788 5022 844 5069 et
895 5012 1112 5069 Juuone
1162 5016 1462 5086 paganicas
1511 5013 1732 5067 fabulas

143 5112 370 5176 poterat
396 5101 500 5156 Job
527 5103 753 5167 beatus,
786 5102 955 5157 homo
985 5104 1255 5160 barbarus
1284 5113 1339 5159 et
1371 5103 1733 5157 Edomitanus

142 5208 375 5266 genere.
413 5193 571 5260 Quod
605 5192 653 5248 si
684 5202 738 5248 et
768 5195 972 5260 sciret,
1002 5195 1097 5250 sed
1126 5210 1234 5249 non
1270 5194 1392 5249 ﬁlia
1425 5209 1539 5248 sua
1567 5193 1734 5245 mira-

141 5289 335 5345 biliter
357 5287 626 5343 divinitus
657 5294 817 5349 nata,
835 5303 901 5342 ex
924 5287 1247 5342 idololatria
1273 5287 1502 5357 paganis
1531 5285 1734 5340 fabulis

140 5396 354 5437 nomen
380 5380 721 5450 imponeret,
751 5379 1017 5434 decorare
1046 5394 1167 5436 eam
1200 5378 1526 5434 existimans
1570 5377 1617 5433 si
1655 5379 1731 5432 ita

140 5476 442 5529 nominata
476 5473 694 5529 fuisset.
728 5471 846 5527 lloc
889 5473 1035 5528 enim
1079 5482 1199 5528 erat
1244 5473 1475 5543 paganis
1525 5470 1727 5526 fabulis

140 5566 555 5627 consentientis
575 5604 591 5629 ,
620 5574 675 5621 et
706 5565 1027 5621 idololatria
1049 5564 1330 5635 diligentis
1356 5562 1614 5633 ﬁgmenta
1634 5602 1649 5625 ,
1676 5569 1732 5617 et

145 5664 323 5720 ﬁliam
366 5660 632 5715 decorare
670 5665 765 5728 per
791 5674 854 5713 ea
880 5657 1113 5713 volentis
1133 5697 1149 5720 ,
1180 5664 1235 5713 ct
1263 5656 1634 5713 desiderantis
1667 5663 1723 5710 ct

1770 3700 1812 3758 C

1857 1128 1982 1169 nem
2012 1127 2138 1168 esse
2172 1108 2370 1166 videri.
2407 1108 2512 1165 Sed
2545 1109 2696 1179 quod
2744 1124 2906 1164 omne
2951 1108 3058 1163 hoc
3110 1109 3431 1181 ﬁgmentum

1855 1212 1936 1259 est
1958 1240 1973 1268 ,
2004 1202 2260 1257 omnibus
2292 1209 2503 1257 certum
2532 1207 2638 1255 est.

2448 1331 2515 1386 Et
2552 1340 2667 1399 post
2698 1330 2831 1385 alia.

1927 1447 1994 1503 Et
2022 1448 2371 1517 eonscriptor
2397 1447 2620 1515 quidem
2651 1443 2975 1499 manifestus
2998 1454 3085 1500 est
3103 1483 3119 1507 ,
3150 1459 3216 1499 ex
3244 1458 3433 1499 amore

1852 1556 2053 1611 magno
2083 1549 2137 1595 et
2171 1540 2487 1608 importuno
2519 1538 2649 1591 vani
2680 1537 2910 1593 honoris
2951 1537 3059 1592 hoc
3093 1551 3314 1605 passus.
3361 1533 3434 1592 Ut

1850 1634 1997 1688 enim
2044 1633 2435 1701 semeptipsum
2489 1632 2807 1686 ostenderet
2847 1639 2903 1685 et
2948 1638 3212 1684 extranea
3244 1627 3434 1685 erudi-

1848 1734 1967 1780 tum
1997 1740 2118 1780 esse
2144 1724 2399 1779 doctrina
2418 1763 2433 1788 ,
2462 1731 2517 1779 et
2544 1738 2879 1793 paganorum
2909 1722 3216 1777 fabularum
3248 1724 3432 1779 scien-

1849 1816 1982 1870 tiam
2014 1813 2304 1877 habuisse,
2336 1828 2475 1884 quas
2505 1813 2573 1868 de
2603 1812 2715 1868 illis
2757 1828 2896 1883 quos
2937 1811 3069 1868 deos
3112 1813 3386 1883 putabant
3410 1851 3427 1878 ,

1851 1906 2037 1962 ﬁrmas
2068 1906 2373 1971 habebant,
2405 1905 2694 1959 minimum
2726 1906 3062 1961 existimavit
3093 1906 3430 1960 nominatio-

1849 2014 1971 2053 nem
2018 1998 2177 2053 istam
2226 1999 2353 2053 inde
2399 2005 2678 2066 acceptam
2725 1997 2874 2066 justo
2916 1997 3228 2065 imponere.
3268 1996 3429 2066 quasi

1849 2105 1947 2158 per
1975 2105 2094 2144 eam
2122 2089 2291 2144 ﬁliam
2321 2104 2475 2144 suam
2504 2088 2755 2143 decorari
2787 2088 3010 2143 volenti.
3044 2088 3176 2142 Mihi
3201 2102 3329 2142 vero
3358 2102 3429 2143 ex

1848 2186 1958 2233 tota
1994 2179 2115 2233 libri
2152 2178 2563 2247 conscriptione
2619 2178 2788 2247 liquet
2841 2178 3273 2247 conscriptorcm
3332 2190 3430 2246 pa.

1848 2270 2039 2341 ganica
2066 2270 2296 2326 scientia
2334 2286 2458 2325 esse
2494 2270 2803 2332 eruditum,
2845 2269 2914 2322 ad
2954 2269 3116 2337 cujus
3153 2268 3424 2322 imitatio-

1729 2359 1742 2381 ’
1778 2366 1820 2422 Β
1850 2379 1973 2417 nem
2004 2371 2328 2433 prasentem
2358 2362 2548 2417 volens
2579 2362 2912 2432 scripturam
2946 2375 3298 2430 componere,
3328 2374 3427 2413 no-

1849 2453 1961 2507 cuit
1986 2453 2228 2508 historia
2251 2452 2671 2523 pulchritudini.
2696 2452 2797 2518 Qui
2823 2452 2970 2506 enim
2994 2450 3142 2521 apud
3166 2451 3290 2505 illos
3317 2458 3424 2505 trao

1848 2544 2063 2614 gadias
2090 2552 2447 2613 componunt,
2474 2559 2672 2599 causas
2700 2544 2919 2613 quidem
2949 2543 3225 2613 accipiunt
3249 2543 3316 2596 ab
3338 2542 3427 2598 bis

1848 2652 1969 2705 qua
1998 2636 2153 2689 multi
2184 2637 2507 2706 loquuntur,
2532 2635 2752 2705 quando
2779 2636 2943 2690 etiam
2972 2649 3093 2688 eam
3127 2634 3427 2705 contigerit

1847 2728 2252 2797 quodammodo
2299 2728 2445 2799 apud
2490 2728 2760 2798 plurimos
2803 2726 3119 2797 Opinionem
3168 2727 3423 2781 veritatis

1850 2817 2092 2872 habere:
2134 2833 2267 2887 pura
2307 2826 2490 2871 autem
2531 2831 2699 2871 causa
2742 2824 2999 2881 utentes,
3050 2830 3208 2870 suam
3244 2824 3425 2870 artem

1848 2915 1902 2959 et
1948 2907 2272 2976 sapientiam
2322 2907 2379 2959 in
2432 2906 2835 2973 compositione
2883 2903 3196 2958 fabularum
3233 2911 3424 2958 ostcn«

1848 3000 1977 3051 dere
2012 2997 2311 3059 festinant,
2340 3003 2395 3051 et
2427 3010 2689 3064 personas
2723 2994 3143 3049 introduccntes
3173 2995 3279 3050 sibi
3317 2995 3425 3069 pla-

1848 3090 2023 3156 citas,
2063 3097 2116 3141 et
2147 3105 2308 3143 voces
2337 3090 2823 3157 eireumponentes
2850 3088 2934 3141 eis
2958 3127 2973 3151 ,
3005 3101 3034 3140 a
3074 3087 3279 3156 quibus
3308 3087 3425 3140 cla-

1846 3178 2023 3232 riores
2078 3177 2193 3232 ﬁeri
2242 3179 2590 3232 arbitrantur
2624 3184 2678 3231 et
2712 3178 3001 3243 decorari,
3039 3185 3098 3231 ut
3139 3187 3196 3233 et
3229 3176 3423 3247 queri-

1847 3270 2087 3323 moniam
2141 3277 2196 3323 et
2246 3269 2463 3324 laudem
2514 3285 2636 3339 qua
2676 3285 2704 3323 a
2746 3270 2970 3339 scriptis
3008 3269 3266 3334 infertur,
3307 3269 3426 3324 sive

1849 3377 1946 3431 pcr
1982 3362 2353 3422 intellectum,
2391 3362 2509 3417 sive
2541 3377 2637 3431 per
2666 3362 2783 3431 ipsa
2814 3363 2983 3417 verba
3023 3363 3264 3431 scriptor
3293 3376 3424 3432 pec-

1845 3454 2090 3517 caverit,
2120 3470 2232 3509 non
2264 3454 2330 3508 ad
2366 3469 2633 3525 personas
2664 3469 2896 3524 quarum
2927 3455 3094 3509 verba
3124 3453 3388 3525 contingit
3408 3492 3424 3517 ,

1847 3544 2090 3614 legentes
2136 3544 2416 3613 referant,
2461 3546 2564 3611 sed
2602 3548 2668 3600 ad
2716 3546 2917 3601 fabula
2961 3546 3419 3616 conscriptorcm.

1847 3636 1914 3691 Et
1943 3637 2048 3693 iste
2072 3646 2258 3692 autem
2290 3653 2433 3707 cum.
2462 3638 2769 3694 invenisset
2802 3645 2857 3693 et
2900 3638 2968 3693 de
3007 3638 3169 3693 beato
3207 3635 3311 3692 Job
3341 3637 3427 3691 hi-

1846 3729 2074 3784 storiam
2109 3729 2400 3783 maximam
2435 3736 2490 3786 et
2520 3731 2725 3784 claram
2749 3770 2764 3793 ,
2799 3745 2921 3801 qua
2955 3732 3010 3785 in
3047 3746 3143 3786 ore
3176 3730 3424 3785 omnium

1845 3823 2098 3878 similiter
2130 3821 2412 3876 ferebatur
2444 3836 2556 3875 non
2587 3823 2767 3877 solum
2817 3821 3110 3877 lsraelitici
3165 3820 3386 3890 generis
3407 3861 3422 3885 ,

1845 3912 1940 3967 sed
1970 3919 2026 3966 et
2060 3912 2331 3976 aliorum,
2364 3927 2527 3981 quem
2577 3913 2741 3966 etiam
2790 3911 3083 3966 clariorem
3123 3910 3215 3964 Dei
3264 3910 3429 3966 testi-

1847 4001 2099 4055 monium
2140 4000 2378 4055 faciebat
2408 4003 2557 4070 quod
2600 4002 2798 4056 factum
2835 4009 2920 4057 est
2960 4000 3025 4054 ad
3064 4001 3423 4071 prophetam,

1845 4094 2078 4164 gloriam
2124 4109 2191 4148 ex
2228 4094 2607 4165 magnitudine
2647 4108 2831 4148 causa
2872 4095 3063 4148 volens
3095 4093 3381 4164 suscipere
3405 4134 3421 4151 .

1845 4186 1988 4240 hanc
2027 4185 2359 4253 scripturam
2397 4186 2748 4256 composuit,
2790 4200 2900 4239 non
2943 4186 3224 4257 cegitans,
3276 4185 3422 4255 quod

1845 4277 2015 4351 multa
2051 4275 2359 4330 differentia
2393 4284 2479 4332 est
2501 4317 2516 4341 ,
2554 4278 2701 4334 inter
2733 4277 3025 4333 historiam
3054 4277 3191 4347 justi
3224 4292 3424 4332 secun-

1844 4366 1973 4419 dum
2002 4365 2198 4419 divina
2239 4364 2535 4435 Scriptura
2564 4375 2617 4422 et
2649 4368 3055 4437 simplicitatem
3107 4376 3184 4422 et~
3207 4369 3424 4423 subtili-

1843 4467 2010 4515 tatem
2046 4460 2422 4531 propositam,
2456 4468 2511 4515 ct
2544 4462 2688 4515 inter
2717 4461 2885 4516 verba
2922 4460 3197 4531 superﬂua
3220 4502 3234 4527 ,
3269 4470 3323 4517 et
3354 4462 3419 4515 ad

1843 4550 2220 4620 probationem
2265 4549 2523 4604 conﬁcta.
2575 4550 2708 4605 inde
2755 4558 2810 4605 et
2858 4551 2980 4605 illas
3027 4550 3422 4620 plasmationes

1844 4638 2008 4706 fecit,
2056 4639 2112 4692 in
2164 4639 2368 4709 quibus
2418 4649 2700 4695 certamen
2748 4641 2814 4695 ad
2862 4638 3032 4695 Deum
3069 4639 3200 4694 fecit
3228 4640 3425 4695 diabo-

1844 4732 1994 4797 lum,
2050 4740 2107 4785 et
2154 4746 2319 4786 voces
2374 4732 2520 4787 sicut
2571 4731 2745 4785 voluit
2792 4732 3229 4803 circumposuit,
3286 4731 3423 4785 alias

1843 4824 2065 4895 quidem
2098 4824 2285 4892 justo,
2325 4826 2464 4879 alias
2500 4840 2632 4879 vero
2666 4825 2860 4880 amicis
2891 4844 2904 4879 :
2945 4825 2999 4879 in
3034 4826 3236 4895 quibus
3270 4824 3423 4876 voci-

1844 4920 1947 4975 bus
2000 4930 2265 4990 quantum
2331 4921 2666 4990 competenti
2728 4920 3011 4984 excessit,
3069 4918 3279 4973 dictum
3340 4925 3423 4971 est

1843 5010 2009 5064 etiam
2062 5011 2116 5063 in
2149 5011 2550 5080 superioribus.
2587 5011 2745 5064 Illum
2774 5022 2958 5064 autem
3002 5009 3180 5062 Elium
3220 5009 3274 5062 in
3327 5021 3424 5076 po-

1841 5109 2049 5154 stremo
2096 5099 2406 5155 introduxit
2454 5109 2622 5155 tanta
2660 5100 2881 5169 injuria
2932 5101 3091 5168 plena
3141 5098 3421 5151 dicentem

1839 5190 2105 5245 adversus
2134 5190 2382 5259 justum,
2415 5199 2470 5245 et
2504 5190 2556 5244 in
2598 5192 2704 5245 ﬁne
2735 5205 2984 5261 persona
3003 5186 3421 5258 magnitudinis

1839 5286 2038 5341 divina
2076 5295 2290 5341 natura
2333 5287 2735 5355 circumposuit
2781 5287 2942 5341 talem
2989 5284 3319 5345 dictionem,
3365 5282 3421 5336 in

1839 5392 1945 5447 qua
1979 5393 2087 5432 non
2123 5378 2298 5448 piguit
2332 5378 2497 5432 etiam
2529 5377 2854 5448 ﬁgmentum
2888 5386 3043 5432 cetus
3078 5375 3301 5430 addere.
3339 5372 3419 5428 Ex

1839 5471 1947 5525 hoc
1973 5478 2155 5526 autem
2187 5471 2508 5540 importuno
2539 5470 2661 5524 vani
2695 5470 2921 5524 honoris
2964 5483 3187 5529 amore.
3222 5474 3276 5523 et
3313 5479 3417 5522 no-

1834 5561 2190 5615 minationem
2232 5561 2375 5616 hanc
2414 5577 2482 5617 ex
2524 5560 2726 5619 fabulis
2766 5559 3050 5634 paganieis
3088 5565 3367 5630 arreptam
3391 5596 3407 5621 .

1836 5652 1998 5709 beato
2024 5652 2129 5708 Job
2158 5654 2480 5725 applicavit.

222 5817 306 5889 (l)
338 5814 417 5871 Ex
449 5814 684 5871 concilio
718 5812 821 5868 ('Zi‘.
863 5829 1024 5885 supra
1058 5814 1294 5880 laudato,
1336 5821 1394 5868 ut
1421 5815 1702 5885 sequentia
1734 5815 1896 5873 etiam
1930 5814 2261 5878 fragmenta.

3449 877 3471 901 Ρ

3457 1201 3470 1259 ι
