3804 6526
485 314 593 372 ϐἒθ

1695 318 2044 379 THEODORI
2076 321 2560 382 MOPSUESTENI
3586 340 3659 399 ἴου

515 413 3653 479 mw

1238 574 1364 662 IN
1434 575 2041 668 CANTICUM
2117 577 2944 674 CANTICOBUM.

485 839 566 893 Ad
584 839 691 894 hac
721 840 1001 924 (“autem
1018 840 1436 924 despernit‘idem
1468 839 1773 924 Theodorus
1800 847 1849 924 et
1875 838 2055 924 Cagti-
2080 845 2128 903 Α
2154 848 2416 913 tanquam
2470 844 2849 915 insipientium
2870 884 2887 909 ,
2936 854 2991 902 et
3038 848 3159 904 sine
3204 862 3371 906 causa
3414 851 3662 924 alienigena

554 927 672 963 cum
703 909 1056 972 canticorum.
1077 920 1125 963 et
1152 915 1288 965 sicut
1318 910 1386 963 ad
1412 921 1648 963 amatam
1672 912 1773 964 sibi
1802 910 1912 964 hwc
1943 909 2049 964 Sa-

553 982 809 1035 lomouem
839 983 1144 1049 scripsisse,
1176 982 1327 1042 dicit,
1363 981 1587 1049 infanda
1621 980 2049 1036 Christianorum

552 1052 770 1105 auribus
800 1051 863 1104 de
887 1053 982 1104 lioc
1007 1067 1291 1118 exponens.
1323 1050 1494 1104 Habet
1525 1061 1699 1105 autem
1725 1052 1800 1107 sic
1825 1067 1841 1105 :

551 1142 690 1196 Cum
723 1158 809 1198 me
840 1143 1349 1213 piguissetCantica
1379 1144 1717 1198 canticorum
1749 1142 2048 1213 perlegere,

480 1236 741 1307 quoniam
786 1252 965 1307 neque
1025 1237 1323 1292 secundum
1377 1237 1749 1307 propheticam
1805 1236 2047 1307 speciem

478 1329 728 1400 exposita
758 1337 922 1393 sunt,
954 1344 1129 1400 neque
1156 1330 1455 1384 secundum
1486 1330 1838 1385 historiarum
1882 1328 2050 1383 tradi-

480 1422 682 1475 tionem
704 1460 720 1484 ,
753 1422 899 1476 sicut
928 1424 1205 1492 scriptura
1240 1436 1531 1493 regnorum
1553 1462 1568 1487 ,
1607 1437 1784 1491 neque
1822 1420 2048 1477 demon-

479 1512 713 1567 strativa
761 1513 1138 1570 admonitione
1177 1514 1345 1568 studii
1392 1523 1642 1576 utuntur,
1694 1510 1882 1567 nescio
1917 1525 2046 1582 quo-

478 1602 642 1659 modo
691 1611 909 1660 tuarum
960 1606 1269 1661 litterarum
1310 1611 1641 1676 praeceptum
1694 1603 1763 1659 de
1813 1603 2043 1660 Cantico

476 1693 814 1749 canticorum
866 1696 1093 1767 exigens
1141 1711 1171 1750 a
1229 1696 1391 1751 nobis
1437 1694 1873 1750 irrecusabiliter
1916 1708 2048 1748 cau-

476 1801 593 1841 sam
614 1827 629 1851 ,
665 1786 795 1843 fecit
827 1803 914 1844 me
942 1789 1090 1843 circa
1130 1804 1254 1844 eum
1288 1787 1696 1859 diligentiorem
1718 1825 1734 1851 ,
1778 1786 2048 1841 violenter

474 1878 720 1947 quidem.
755 1877 819 1933 Et
854 1880 934 1935 sic
966 1896 1067 1934 nec
1097 1880 1242 1934 enim
1270 1880 1515 1945 cessavi,
1544 1885 1600 1933 et
1631 1878 1791 1932 initio
1819 1877 1938 1947 ipso
1968 1878 2048 1931 le-

474 1971 675 2025 ctionis
706 1970 863 2039 quasi
909 1971 1155 2026 studiosa
1186 1970 1474 2025 alacritate
1502 1968 1750 2024 oscitans
1778 1966 2041 2039 frequen-

473 2070 579 2129 tur,
609 2072 663 2117 et
692 2063 1025 2131 dormitans,
1058 2064 1201 2118 sicut
1230 2062 1485 2118 convivio
1526 2061 1732 2117 codicis
1775 2060 2037 2131 nuptiali,

471 2164 529 2210 et
558 2156 660 2211 hoc
688 2157 851 2227 regali
872 2195 887 2221 ,
925 2163 1293 2226 percantatus.

961 2245 1024 2300 Et
1059 2255 1175 2315 post
1200 2262 1393 2317 pauca.

546 2336 653 2391 Sed
687 2339 767 2393 sic
798 2354 895 2408 per
925 2338 1250 2408 sapientiam
1297 2337 1555 2409 gentibus
1584 2346 1639 2391 et
1667 2334 1871 2391 Judaeis
1912 2350 2047 2405 prae-

472 2423 761 2482 dicabilem
808 2438 862 2483 et
894 2427 1195 2483 terribilem
1243 2428 1597 2483 exsistentem
1648 2435 1707 2481 ut
1763 2427 2041 2481 solertem.

475 2516 632 2575 Unde
664 2530 718 2576 et
745 2536 851 2591 pax
884 2522 934 2577 ei
965 2520 1194 2589 ﬁrmior,
1225 2536 1391 2591 quam
1424 2521 1477 2575 in
1508 2519 1878 2575 anterioribus
1910 2528 2045 2574 tem-

472 2612 703 2683 poribus
740 2622 896 2680 erat,
943 2615 1138 2671 timore
1184 2629 1412 2671 summa:
1452 2613 1600 2669 circa
1648 2628 1711 2669 ea
1742 2612 2045 2683 prudentiae

479 2702 715 2761 frenatis
775 2706 1027 2776 gentibus
1066 2706 1205 2761 bella
1244 2706 1555 2760 amantibus
1582 2746 1598 2770 ,
1658 2704 2041 2777 Egyptiacum

470 2797 785 2852 convivium
830 2798 999 2862 facit,
1049 2796 1394 2853 Salomonem
1436 2798 1577 2869 apud
1622 2796 1839 2853 Judteos
1881 2798 2044 2852 vitio-

470 2902 615 2954 sum,
643 2896 902 2961 tanquam
932 2890 1111 2961 legum
1140 2898 1489 2960 paternarum
1535 2891 2039 2961 praevaricatorem,

470 2980 845 3036 abilicantiutn
903 2983 1235 3053 alienigenas
1292 2983 1552 3052 nuptias,
1613 2992 1668 3038 et
1727 2980 1795 3037 ad
1850 2981 2043 3052 puellae

469 3072 778 3127 convivium
808 3074 1006 3129 cecidit
1038 3074 1307 3145 fugiendae
1339 3073 1560 3144 quidem
1595 3073 1760 3127 etiam
1795 3074 1915 3143 ipso
1950 3088 2041 3141 pa-

467 3162 577 3215 trio
605 3162 843 3217 deformi
879 3165 1063 3219 colore
1114 3165 1558 3237 (nocturnorum
1599 3166 1746 3220 enim
1791 3164 2039 3219 colorum

469 3250 740 3323 Egyptus
767 3254 1051 3325 genitrix),
1088 3257 1264 3326 magis
1293 3272 1421 3313 vero
1455 3256 1745 3326 fugiendae,
1777 3257 2039 3328 quoniam

468 3346 561 3413 qui
591 3360 762 3415 genus
800 3345 1034 3401 habebat
1075 3363 1140 3401 ex
1180 3348 1349 3403 Cham
1374 3388 1389 3410 ,
1431 3348 1525 3418 qui
1558 3349 1731 3404 haeres
1764 3348 1865 3402 fuit
1897 3349 2042 3403 anti-

468 3449 591 3504 qua:
622 3435 1019 3491 malidictionis
1051 3435 1198 3503 Noe,
1230 3453 1295 3492 ex
1346 3438 1547 3507 quibus
1596 3454 1794 3507 passus
1818 3447 1901 3493 est
1939 3439 2041 3492 ali-

2148 937 2463 993 vocantium
2497 952 2562 993 ea
2590 954 2711 1009 qua:
2743 940 2963 1010 cognita
2990 949 3139 998 sunt.

2750 1052 2819 1108 Et
2844 1064 2960 1123 post
2987 1057 3120 1111 alio.

2219 1140 2326 1207 Qui
2374 1143 2519 1198 enim
2564 1146 2714 1199 canit
2760 1162 2975 1202 onmem
3021 1148 3423 1213 cantationem,
3467 1164 3521 1204 se
3551 1149 3665 1206 dele-

2148 1240 2294 1288 ctat:
2324 1250 2425 1305 ego
2471 1250 2599 1290 vero
2644 1237 2862 1307 quidem
2907 1253 3047 1293 cano
3076 1242 3411 1310 propositam
3444 1245 3664 1295 cantatio-

2148 1338 2272 1377 nem
2294 1337 2309 1376 :
2331 1324 2532 1394 quibus
2559 1340 2691 1381 vero
2714 1340 2874 1391 cano,
2896 1344 3006 1383 non
3035 1344 3157 1384 cum
3184 1329 3293 1384 illis
3320 1346 3409 1383 ine
3435 1330 3665 1384 delectans

2148 1428 2319 1469 cano:
2352 1414 2600 1470 nolebam
2628 1417 2773 1472 enim
2803 1433 3047 1473 mearum
3079 1421 3394 1490 nuptiarum
3418 1420 3666 1474 detractio-

2151 1504 2240 1560 nis
2265 1520 2389 1562 esse
2419 1506 2475 1560 in
2501 1508 2699 1563 saecula
2738 1509 3109 1581 conscriptor.
3153 1507 3491 1565 Necessitate
3527 1519 3665 1564 autem

2151 1599 2523 1656 excusationis
2568 1599 2760 1657 volens
2804 1616 3041 1667 canere,
3096 1616 3329 1673 quorum
3385 1618 3491 1656 non
3542 1604 3663 1661 volo.

2149 1688 2515 1745 cantationem
2557 1705 2758 1746 canere
2795 1706 2986 1763 cogor,
3028 1701 3087 1747 ut
3128 1693 3202 1748 sit
3249 1694 3391 1747 mihi
3437 1693 3665 1748 canticum

2149 1794 2317 1848 super
2368 1794 2573 1835 morem
2624 1782 2848 1836 cantici.
2900 1782 3110 1838 Canere
3165 1783 3311 1839 enim
3370 1784 3530 1838 modo
3573 1798 3667 1837 cum

2146 1887 2348 1942 sponsa
2379 1887 2565 1940 cogor,
2600 1888 2725 1943 quae
2767 1873 3082 1943 vituperant
3106 1873 3378 1943 publicam
3411 1874 3667 1929 escusatio-

2150 1980 2274 2020 nem
2299 2004 2316 2030 ,
2348 1964 2664 2020 etclainare
2707 1980 2771 2021 ea
2812 1980 2936 2034 quae
2993 1964 3332 2021 abscondere
3384 1966 3667 2021 nubentibus

2149 2052 2325 2110 decet.
2361 2053 2629 2121 Quoniam
2664 2055 2808 2107 enim
2840 2052 3133 2124 conﬂigere
3174 2069 3276 2110 nos
3297 2054 3668 2125 vituperationi-

2147 2144 2248 2200 bus
2272 2152 2466 2214 putant
2484 2182 2500 2206 ,
2524 2151 2579 2202 et.
2599 2146 3087 2214 reprehensionum
3117 2146 3428 2217 opprobriis
3455 2145 3668 2208 dividere.

2146 2233 2367 2287 audiant
2393 2247 2492 2287 nos
2522 2240 2739 2288 nostros
2773 2234 3053 2303 amplexus
3078 2244 3338 2290 canentes
3370 2234 3611 2296 calidius,
3630 2242 3668 2287 et

2144 2323 2472 2394 nuptialium
2507 2331 2824 2378 nostrorum
2863 2333 3268 2393 unguentorum
3304 2325 3541 2394 amplius
3569 2323 3669 2377 odo-

2145 2430 2259 2469 rem
2291 2414 2602 2483 accipiant:
2647 2414 3059 2470 circumsonent
3095 2414 3328 2470 canticis
3362 2416 3573 2485 tragicis
3600 2430 3670 2471 ne

2145 2517 2386 2563 strorum
2446 2506 2813 2561 osculorum:
2871 2508 3050 2562 clama
3112 2515 3261 2561 tuam
3299 2507 3671 2578 nigritudinem.

2144 2613 2366 2669 sponsa,
2396 2614 2750 2670 purpuream,
2776 2598 3074 2670 gratiosam
3107 2599 3282 2653 clama
3309 2617 3324 2653 :
3361 2608 3513 2651 tuum
3538 2611 3673 2668 genus

2143 2692 2486 2762 vituperatur
2522 2690 2815 2746 laudabilis
2857 2691 3124 2761 originis,
3168 2690 3340 2745 Israel
3384 2689 3667 2760 congentile.

2142 2780 2327 2851 incipe
2355 2781 2517 2836 initio
2547 2782 2922 2851 responsionis
2954 2782 3021 2835 ad
3048 2796 3180 2837 eos:
3214 2779 3294 2834 Ex
3320 2781 3519 2836 calidis
3546 2793 3671 2834 oscu-

2144 2873 2211 2928 lis
2251 2874 2386 2928 meis
2436 2880 2791 2943 cognoscant.
2836 2873 2983 2943 quod
3026 2873 3314 2928 amatoriis
3361 2871 3670 2927 sermonibus

2142 2964 2445 3020 adinvicem
2478 2962 2742 3030 fruimur;
2776 2965 2995 3019 discant
3032 2964 3413 3034 percutientes
3439 2964 3671 3032 vitupera-

2142 3056 2387 3111 tionibus
2426 3057 2649 3111 tacitam
2683 3056 2950 3111 citharam
2990 3056 3214 3126 nuptias
3253 3062 3551 3117 amantem;
3598 3066 3667 3105 co-

2141 3156 2413 3220 gnoscant
2458 3148 2972 3214 maledictionibus,
3020 3146 3167 3215 quod
3218 3146 3433 3201 saltare
3479 3144 3531 3198 in
3570 3144 3673 3196 meis

2142 3241 2350 3310 nuptiis
2376 3254 2407 3293 a
2434 3240 2595 3295 nobis
2620 3240 2792 3310 putati
2823 3247 2972 3295 sunt.
3002 3237 3122 3292 Non
3149 3236 3482 3293 maledicere
3505 3235 3671 3293 sciant.

2142 3336 2289 3406 quod
2320 3335 2702 3391 excitaverunt
2734 3348 2973 3388 amorem
3008 3340 3349 3387 resonantem
3385 3326 3673 3400 iucundiora

2142 3426 2651 3496 vituperatoribus;
2690 3425 2858 3479 intret
2902 3438 3068 3477 aures
3114 3436 3305 3477 eorum
3351 3433 3567 3473 amarus
3600 3414 3675 3468 ali-

467 3527 599 3595 quid
636 3525 895 3582 Salomon
928 3529 1076 3583 circa
1119 3504 1380 3600 conjugis;
1415 3504 1748 3586 deside—rium
1769 3571 1784 3595 ,
1838 3538 1893 3586 ει
1938 3546 2038 3600 ορ-
2065 3529 2112 3591 c
2142 3520 2266 3587 quis
2302 3518 2357 3572 in
2387 3516 2556 3572 corde
2587 3516 2848 3571 stimulus
2880 3523 3196 3570 nostrorum
3232 3513 3566 3567 osculorum.
3595 3504 3674 3600 Sed

466 3617 691 3687 probrio
726 3619 1191 3688 praevaricationis
1220 3620 1472 3676 irritatus
1493 3660 1509 3686 ,
1543 3624 1827 3693 componit
1859 3622 2035 3675 canti-

465 3722 585 3762 cam
634 3710 1081 3773 excusationem.
1132 3719 1193 3765 ut
1240 3712 1450 3782 gratior
1499 3712 1663 3766 etiam
1714 3713 1868 3768 uxori
1922 3712 2033 3776 sit,

465 3801 700 3857 canticis
730 3800 1038 3858 delectatus
1066 3818 1168 3874 pro
1192 3820 1256 3859 ea
1286 3804 1445 3860 factis
1471 3823 1484 3860 :
1516 3814 1571 3862 et
1598 3806 2035 3876 improperautes

466 3894 747 3962 sapienter
796 3896 1111 3965 percussit,
1159 3903 1422 3967 tanquam
1468 3898 1767 3968 conscripti
1810 3912 2036 3953 causam

462 3985 541 4040 illi
584 3985 777 4044 dantes
825 3987 1171 4052 laetitiarum,
1200 3999 1256 4045 et
1296 4005 1407 4045 non
1442 3990 1778 4063 paenitentia:
1819 3998 2037 4062 propter

462 4079 686 4147 nuptias
714 4086 975 4149 tanquam
1007 4096 1226 4151 pravas.
1259 4080 1417 4137 Unde
1446 4083 1517 4136 ab
1545 4083 1750 4138 osculis
1780 4082 2009 4150 nuptiali

461 4168 567 4224 bus
596 4171 777 4224 statim
811 4172 857 4227 ei
890 4181 944 4227 et
972 4172 1188 4227 initium
1219 4181 1340 4237 est,
1390 4182 1650 4244 tanquam
1686 4176 1902 4229 sistenti
1935 4189 2035 4229 no-

467 4276 587 4326 vatn
632 4271 859 4333 nuptam
906 4266 1304 4320 reclamantem
1350 4266 1833 4337 vituperantibus:
1870 4264 2039 4321 Oscu-

465 4353 602 4405 letur
631 4370 712 4408 me
735 4372 957 4425 sponsus
1003 4357 1068 4410 ab
1117 4358 1315 4413 osculis
1362 4359 1470 4412 oris
1521 4375 1636 4427 ejus
1661 4399 1674 4423 ,
1709 4368 1765 4413 et
1792 4366 2037 4413 vestrum

465 4443 599 4497 inihi
629 4459 761 4499 cura
791 4449 940 4502 nulla
969 4450 1324 4525 opprobrium
1359 4450 1699 4505 latrantium.
1743 4450 1810 4505 Et
1839 4452 2035 4506 iterum

2144 3610 2458 3666 intellectus
2491 3607 2710 3679 quidem
2746 3606 3107 3675 couscriptori
3137 3602 3413 3673 ejusmodi
3453 3612 3565 3661 est,
3594 3598 3668 3651 ha-

2142 3702 2305 3757 bebat
2333 3715 2464 3755 vero
2496 3699 2829 3755 intellectum
2851 3737 2867 3761 ,
2904 3713 2969 3753 eo
2999 3696 3142 3767 quod
3173 3697 3291 3751 sine
3321 3694 3540 3748 nomine
3566 3703 3668 3743 con-

2144 3793 2496 3863 scriptionem
2528 3791 2695 3857 fecit,
2747 3791 3130 3845 tantummodo
3178 3802 3286 3841 non
3343 3786 3584 3840 clamans
3625 3777 3675 3831 ad

2144 3885 2345 3950 Israel,
2372 3883 2516 3955 quod
2547 3898 2660 3938 non
2691 3882 2865 3953 ipsius
2893 3879 3206 3935 Salomonis
3230 3886 3318 3933 est
3345 3876 3673 3944 conscriptor.

2145 3977 2238 4031 sed
2272 3976 2599 4033 necessitate
2630 3973 3017 4030 aemulationis.

2703 4083 2773 4139 Et
2807 4092 2926 4154 post
2962 4097 3154 4152 pauca.

2214 4179 2346 4245 Quae
2391 4177 2576 4231 omnia
2608 4182 2829 4247 oportet
2862 4175 3109 4245 legentes
3145 4170 3346 4226 librum
3380 4164 3671 4240 cogitando.

2146 4286 2247 4326 nec
2287 4272 2354 4325 ad
2392 4267 2746 4338 impudicitiae
2784 4264 3153 4319 hortationem
3195 4269 3393 4333 putare
3425 4276 3546 4316 esse
3576 4271 3677 4312 eone

2146 4360 2500 4431 scriptionem
2534 4353 2953 4427 sapientissimi,
3001 4359 3056 4408 et
3113 4358 3337 4421 propter
3378 4349 3484 4404 hoc
3531 4346 3679 4401 odisse

2146 4451 2367 4522 (qualis
2404 4449 2553 4504 enim
2590 4455 2738 4502 esset
2776 4444 2991 4499 utilitas
3031 4441 3310 4497 Salomoni
3347 4440 3599 4495 festinare
3626 4430 3677 4486 ad

466 4533 705 4590 irritatio
732 4538 799 4593 ad
829 4509 1262 4609 vituperationes
1290 4556 1391 4611 pro
1421 4556 1623 4612 sponsa
1654 4557 1753 4597 sua
1783 4542 2034 4598 calidior.
2081 4509 2609 4609 Aconscriptionem
2651 4535 3036 4607 impudicitiae,
3075 4533 3165 4587 cui
3215 4540 3270 4586 et
3317 4530 3439 4587 sine
3468 4523 3678 4583 conscri-

439 4619 642 4699 _Nigra
672 4643 787 4681 sunt
819 4636 868 4683 et
902 4629 1067 4693 bona,
1104 4631 1233 4699 ﬁlia:
1260 4629 1595 4697 Jerusalem,
1626 4634 1762 4687 sicut
1793 4634 2037 4688 taberna-

465 4714 587 4767 cula
616 4714 810 4777 Cedar,
844 4719 981 4772 sicut
1011 4719 1163 4789 pellis
1195 4721 1519 4778 Salomonis.
1556 4720 1636 4777 Ne
1663 4723 1833 4787 mihi,
1862 4723 2030 4787 dicit,

464 4805 703 4859 colorem
750 4807 818 4861 ad
870 4811 1327 4881 vituperationem
1374 4817 1700 4885 proponite,
1746 4814 1855 4871 nisi
1897 4816 2035 4870 forte

2144 4634 2333 4703 ptione
2367 4638 2612 4701 potestas
2633 4638 2753 4684 erat
2782 4624 3176 4697 impudicitiae?
3195 4622 3236 4688 l,
3267 4637 3370 4677 nec
3398 4618 3678 4676 collaudare

2145 4723 2393 4778 codicem
2414 4762 2428 4784 .
2459 4721 2603 4775 sicut
2637 4720 2926 4774 habentem
2958 4715 3302 4787 prophetiam
3355 4713 3677 4768 dictationem

2149 4816 2420 4870 bonorum
2468 4812 2748 4869 Ecclesia.
2792 4808 2850 4865 Si
2887 4809 3034 4865 enim
3060 4806 3434 4877 propheticam
3484 4808 3676 4873 gratsam

461 4896 628 4950 etiam
660 4896 801 4953 bene
826 4902 1300 4970 compositurum?
1331 4906 1752 4961 aediﬁcationum
1783 4921 1849 4961 ex
1880 4906 2037 4977 nigro
2073 4885 2118 4941 ί)
2142 4906 2473 4970 meruisset,
2528 4903 2864 4959 mentionem
2917 4899 3122 4955 alicubi
3175 4896 3272 4951 Dei
3324 4894 3541 4950 fecisset
3601 4888 3677 4958 (in

464 4984 642 5055 lapide
667 4985 884 5042 Arabia:
913 4989 1271 5057 miraculum,
1303 4995 1758 5064 vituperationem
1790 5010 1912 5051 esse
1942 5012 2038 5066 pu-

463 5076 626 5131 tatis:
652 5092 885 5148 quorum
920 5081 1159 5151 lapidum
1191 5084 1324 5140 mihi
1356 5086 1599 5141 membra
1630 5087 1829 5142 similia
1865 5096 2034 5155 sunt,

461 5169 606 5224 sicut
634 5170 863 5241 quidam
897 5173 1104 5243 lapides
1145 5178 1395 5246 pretiosi.
1427 5179 1677 5233 Caeruleo
1712 5180 1859 5234 enim
1912 5178 2035 5249 ipso

461 5261 698 5329 coloris,
732 5264 877 5334 quod
915 5265 1292 5337 vituperantes
1330 5269 1568 5335 canitis,
1605 5269 1911 5326 similitudo
1950 5281 2035 5328 est

462 5354 654 5410 talium
682 5356 925 5427 lapidum
948 5399 963 5424 ,
991 5368 1045 5415 et
1073 5362 1272 5433 regalis
1302 5377 1582 5433 purpurae,
1614 5371 1670 5418 et
1697 5363 1896 5434 regalis
1927 5378 2037 5417 non

462 5446 803 5517 simpliciter.
838 5453 935 5507 sed
970 5454 1187 5522 qualem
1223 5454 1482 5509 Salomon
1513 5453 1909 5519 circumdatur,
1942 5455 2035 5525 qui

464 5537 590 5607 plus
616 5542 871 5598 omnibus
902 5545 1121 5615 regibus
1144 5553 1467 5603 ornamenta
1494 5557 1661 5601 amat.
1703 5545 1808 5602 Sed
1839 5558 1893 5601 et
1927 5561 2036 5602 cze-

466 5631 573 5686 teri
627 5636 825 5691 cantici
855 5638 1123 5708 expositio
1142 5680 1156 5707 ,
1189 5639 1429 5693 irritatio
1458 5648 1542 5695 est
1571 5638 2036 5710 vituperationum

540 5768 617 5840 (Ι)
648 5770 725 5828 Ex
764 5771 954 5830 cadem
988 5775 1201 5831 concilo
1235 5774 1521 5833 Constant.

2144 5000 2292 5055 nulla
2326 4999 2471 5053 enim
2506 4998 2826 5069 prophetica
2862 4997 3141 5066 scriptura
3175 4992 3319 5048 Deus
3353 5007 3462 5046 non
3502 5000 3678 5042 memo-

2141 5094 2359 5161 ratur),
2390 5091 2484 5146 sed
2519 5091 2664 5147 scire
2702 5090 2903 5145 debent
2942 5102 3167 5150 omnes,
3202 5081 3561 5141 aemulationis
3596 5092 3678 5131 nu-

2141 5181 2328 5253 ptialis
2357 5181 2604 5236 codicem
2647 5179 2893 5235 mensale
2941 5177 3223 5232 canticum
3269 5189 3421 5235 esse,
3474 5172 3608 5226 sicut
3638 5172 3678 5218 et

2141 5273 2209 5329 de
2233 5287 2420 5326 amore
2446 5279 2634 5343 postea
2656 5270 2970 5325 convivium
2994 5268 3154 5324 Plato
3182 5263 3527 5335 conscripsit.
3552 5255 3678 5312 Unde

2143 5377 2243 5418 nec
2275 5361 2502 5427 Iudicis,
2537 5376 2635 5416 nec
2662 5361 2823 5416 nobis
2850 5360 3070 5431 publica
3098 5359 3263 5415 lectio
3293 5367 3528 5425 unquam
3560 5350 3678 5403 Can-

2142 5453 2241 5509 tici
2273 5455 2616 5507 canticorum
2652 5450 2797 5508 facta
2827 5462 2948 5518 est,
2978 5458 3242 5522 tanquam
3287 5445 3607 5505 domesticus
3632 5445 3677 5492 et

2145 5546 2413 5618 nuptialis
2471 5543 2784 5602 Salomonis
2842 5543 3115 5601 conviviis
3168 5549 3361 5599 cantus
3404 5532 3676 5607 opprobria

2147 5652 2362 5709 sponsae
2394 5650 2619 5693 sonans.
