3904 6530
241 365 335 422 τοι
1095 372 1598 431 (ιοΜΜιΝτΑκιΑ
1654 375 1722 431 ΙΝ
1761 373 1783 429 ἶ

1921 375 2005 432 UM
2043 375 2586 432 TESTAMENTUM.
3359 374 3463 431 ’102

1246 528 3449 562 w

275 518 1821 554 Μ

858 698 1660 828 THEODORI
1743 700 2843 831 MOPSUESTENI

428 944 1582 1040 COMMEN'I‘ABIOBUM
1662 952 1785 1040 IN
1865 950 2300 1044 NOVUM
2371 954 3264 1051 TESTAMENTUM

1317 1140 1492 1209 ΩΗΛΕ
1524 1140 1880 1196 REPERIRI
1919 1141 2388 1201 POTUERUNT.

1215 1317 1510 1362 COLLEGIT
1533 1343 1550 1373 ,
1651 1318 1970 1364 DISPOSUIT
1994 1345 2012 1376 ,
2110 1323 2481 1367 EMENDAVIT

915 1479 1241 1574 ΟΤΤΟ
1289 1481 2033 1576 FBIDOLINUS
2092 1485 2781 1591 FRITZSCHE,

512 1686 598 1727 τε.
629 1686 715 1728 υιι.
740 1686 806 1729 ετ
842 1685 893 1730 IN
927 1685 1183 1729 ΔΟΔΒΕΙΙΔ
1207 1687 1480 1728 τυωεεκει
1518 1690 1567 1728 Ρ.
1595 1689 1644 1728 Ρ.
1677 1688 1753 1738 0.,
1787 1689 2148 1730 Βωωοτηεςιε
2171 1691 2491 1734 κειρυεωωε
2512 1693 2688 1735 τσιιιε.
2709 1694 2762 1735 Η.
2789 1695 2840 1735 Τ.
2873 1687 3182 1735 Ρηηετυι

1295 1779 1596 1822 εοοιετλτιε
1616 1780 1754 1821 ωετ.
1775 1781 1965 1824 τηεοι.
1995 1782 2129 1823 LIPS.
2161 1784 2396 1828 SODALIS.

1084 1922 1313 1988 (Turici,
1357 1931 1556 1990 sumptu
1607 1926 1794 1990 Meyeri
1845 1933 1899 1980 et
1950 1927 2154 1979 Zelleri.
2201 1921 2339 1992 1847,
2376 1927 2428 1980 in
2489 1930 2604 1995 8‘.)

1510 2261 2182 2358 PRIEFATIO.

295 2621 440 2681 Cum
465 2623 522 2680 in
551 2624 1036 2694 commentatione,
1071 2641 1234 2696 quam
1267 2635 1396 2684 ante
1424 2627 1527 2685 hos
1557 2627 1813 2684 undecim
1843 2643 2020 2684 annos
2052 2627 2121 2683 de
2154 2624 2425 2681 Theodori
2452 2625 2813 2697 Mopsuesteni
2845 2624 2956 2680 vlta
2981 2632 3033 2682 et
3060 2625 3286 2698 scriptis
3312 2624 3452 2681 itala

223 2715 377 2774 edidi
410 2717 509 2788 (l),
544 2733 630 2773 me
655 2733 782 2774 mox
813 2735 934 2792 quae
967 2727 1245 2775 restarent
1267 2720 1335 2775 de
1372 2721 1664 2777 Theodoro
1691 2721 2098 2792 disputaturum
2132 2719 2527 2791 significarem,
2565 2734 2675 2773 non
2706 2719 2822 2775 fore
2849 2720 3183 2783 existimavi,
3218 2727 3278 2772 ut
3301 2718 3458 2774 ﬁdem

223 2808 413 2864 datam
439 2818 548 2864 tam
580 2811 674 2866 diu
703 2810 964 2868 fallerem.
996 2813 1102 2868 Sed
1131 2821 1192 2868 ut
1221 2813 1297 2880 fit,
1340 2814 1448 2868 alia
1479 2829 1567 2870 me
1595 2814 1705 2870 alio
1745 2821 2049 2869 traxerunt.
2077 2815 2142 2869 Et
2180 2815 2416 2886 primum
2451 2813 2691 2884 quidem,
2724 2828 2845 2868 cum
2877 2813 3040 2883 paulo
3077 2821 3198 2882 post
3225 2813 3458 2882 patriam

222 2917 354 2955 cum
384 2902 627 2958 Helvetia
655 2915 1101 2970 commutassem,
1126 2909 1251 2962 novi
1278 2909 1521 2964 muneris
1551 2911 1795 2966 rationes
1829 2925 2126 2980 rerumque
2157 2909 2578 2966 vicissitudines
2623 2909 2943 2971 effecerunt,
2982 2915 3042 2962 ut
3089 2907 3158 2961 ad
3197 2909 3303 2960 alia
3333 2906 3450 2960 ani-

222 3011 377 3051 mum
409 3000 771 3069 appellerem;
800 3001 996 3057 deinde
1027 3017 1156 3057 vero
1203 3019 1326 3057 cum
1373 3005 1508 3058 mihi
1553 3005 1829 3060 interdum
1865 3006 2059 3070 otium,
2088 3021 2199 3075 quo
2230 3006 2360 3058 nihil
2403 3012 2486 3059 est
2533 3004 2769 3066 dulcius,
2804 3003 3081 3065 fecissem,
3133 3001 3239 3054 alia
3279 2999 3457 3054 studia

221 3086 466 3141 animum
506 3090 623 3144 sive
667 3101 907 3146 erectum
950 3093 1292 3147 oblectarunt
1340 3095 1455 3149 sive
1502 3094 1774 3164 dejectum
1824 3106 2139 3152 erexerunt.
2187 3096 2294 3150 Sed
2333 3096 2466 3149 nihil
2512 3095 2576 3148 ad
2614 3095 2750 3149 alios
2795 3094 3106 3146 domestica:
3155 3107 3286 3146 meae
3333 3091 3450 3146 sive

218 3177 634 3244 delectationes,
660 3182 775 3238 sive
806 3184 1232 3241 sollicitudines.
1255 3186 1579 3257 Quanquam
1609 3187 1827 3256 seposui
1860 3204 1982 3256 qua:
2004 3187 2300 3255 aliquando
2341 3187 2680 3257 depromam.
2711 3185 2790 3239 Ad
2821 3184 3164 3239 Theodorum
3191 3193 3248 3236 ut
3279 3197 3458 3236 rever-

219 3280 332 3335 tar,
361 3288 636 3344 nunquam
668 3277 886 3347 quidem
917 3279 1039 3347 ejus
1075 3295 1304 3348 prorsus
1336 3281 1621 3335 immemor
1655 3279 1757 3342 fui,
1787 3279 1880 3334 sed
1913 3295 2038 3334 cum
2075 3281 2314 3334 viderem
2346 3279 2643 3349 quotannis
2673 3276 2784 3331 fere
2828 3292 2968 3330 nova
3000 3277 3120 3347 ejus
3152 3277 3452 3346 fragmenta

215 3381 286 3420 ex
327 3366 565 3422 tenebris
602 3368 669 3422 ad
702 3369 876 3423 lucem
906 3370 1176 3439 protrahi,
1209 3371 1381 3425 satius
1414 3371 1574 3425 habui
1607 3371 2070 3440 opportunitatem
2113 3369 2418 3425 disserendi
2451 3369 2712 3439 opperiri.
2754 3366 2910 3420 Nunc
2937 3383 3065 3421 vero
3096 3377 3307 3436 tempus
3338 3382 3458 3422 esse

214 3458 457 3522 credidi,
487 3468 545 3513 ut
581 3461 816 3529 primum
850 3463 1033 3517 omnia
1060 3463 1180 3532 ejus
1216 3461 1543 3534 fragmenta,
1575 3479 1698 3533 quae
1729 3463 2016 3533 hucusque
2041 3463 2317 3533 publicata
2345 3469 2492 3524 sunt,
2520 3461 2573 3513 in
2602 3475 2769 3513 unum
2801 3459 3126 3529 colligamus
3159 3466 3212 3514 et
3239 3458 3458 3528 digera-

213 3567 365 3608 mus.
394 3552 517 3608 Hec
545 3557 692 3611 enim
723 3564 1086 3627 praaterquam
1115 3559 1259 3628 quod
1291 3558 1689 3614 diversissimis
1720 3561 1774 3614 in
1810 3560 1988 3626 libris,
2015 3574 2246 3629 quorum
2278 3559 2458 3613 aditus
2483 3573 2592 3612 non
2629 3558 2817 3611 multis
2861 3567 3007 3626 patet
3036 3557 3313 3627 leguntur,
3341 3555 3456 3610 fieri

214 3646 295 3701 lta
338 3648 554 3716 poterit,
586 3658 646 3704 ut
674 3659 728 3704 et
760 3651 1082 3709 adulterinis
1111 3653 1346 3723 genuina
1379 3653 1597 3709 facilius
1641 3654 2022 3710 discernamus
2055 3661 2110 3708 et
2156 3669 2280 3706 cum
2321 3667 2430 3706 uno
2456 3652 2612 3722 quasi
2652 3658 2842 3704 tenore
2873 3652 3059 3702 animo
3089 3663 3151 3702 ea
3185 3647 3442 3719 persequi

212 3742 500 3806 possimus
521 3741 699 3810 qualis
730 3740 1054 3799 Theodorus
1074 3745 1301 3814 ejusque
1328 3761 1481 3800 mens
1516 3745 1680 3799 fuerit
1715 3747 2027 3801 accuratius
2062 3744 2400 3816 indagemus.
2421 3743 2657 3799 Omnino
2680 3741 2824 3812 quod
2857 3742 3174 3812 praeteriens
3202 3755 3434 3794 moneo:

211 3848 329 3886 non
352 3847 474 3886 eam
511 3833 796 3905 hucusque
835 3852 996 3906 quam
1030 3838 1273 3907 oportuit
1306 3837 1410 3892 viri
1441 3837 1585 3891 docti
1617 3837 1672 3891 in
1700 3852 1888 3892 eorum
1928 3838 2262 3908 scriptorum
2300 3837 2822 3900 ecclesiastieorum,
2857 3851 3090 3904 quorum
3118 3835 3240 3889 libri
3270 3833 3448 3890 maxi-

209 3940 362 3978 mam
399 3935 604 3996 partem
633 3931 937 4000 perierunt,
981 3931 1310 4003 fragmentis
1350 3931 1672 4002 colligendis
1711 3947 1933 4001 operam
1979 3933 2386 4002 impenderunt.
2415 3931 2514 3988 Cui
2549 3934 2626 3988 rei
2663 3933 2708 3986 si
2751 3933 2926 4002 magis
2959 3930 3292 3993 vacaverint,
3323 3928 3454 3982 mihi

208 4021 424 4077 credite
455 4025 639 4094 plures
665 4041 854 4081 eorum
882 4029 1038 4097 quasi
1066 4043 1132 4083 ex
1153 4030 1382 4084 mortuis
1413 4028 1914 4090 resuscitabuntur,
1940 4044 2117 4098 neque
2146 4030 2320 4082 solum
2357 4029 2584 4084 historia
2612 4028 2898 4091 litteraria,
2920 4041 3107 4082 verum
3143 4025 3262 4095 ipsa
3290 4023 3454 4078 etiam

208 4112 450 4169 historia
473 4117 846 4174 ecclesiastica
875 4135 1127 4190 magnam
1162 4121 1290 4176 inde
1324 4121 1592 4191 percipiet
1624 4121 1943 4176 utilitatem.

284 4201 402 4258 Hoc
432 4205 598 4275 igitur
626 4209 765 4263 libro
813 4208 1086 4265 Theodori
1136 4211 1656 4267 commentariorum
1698 4211 1752 4266 in
1795 4211 2003 4265 Novum
2043 4211 2458 4266 Testamentum
2507 4209 2767 4280 reliquias
2817 4209 3207 4279 comprehenur
3246 4215 3299 4262 et
3329 4222 3454 4262 cum

201 4293 255 4349 J.
285 4296 350 4351 C.
383 4297 654 4366 Orellius,
687 4304 894 4374 collega
924 4313 979 4361 et
1019 4307 1230 4363 amicus
1263 4307 1552 4378 egregius,
1583 4313 1906 4376 potestatem
1945 4307 2078 4360 mihi
2113 4307 2333 4361 fecisset
2362 4305 2530 4362 indici
2563 4305 2856 4359 lectionum
2889 4319 2984 4373 per
3018 4311 3281 4357 semestre
3309 4301 3452 4370 quod

203 4388 384 4444 instat
423 4391 714 4448 hibernum
769 4396 823 4450 in
871 4407 1061 4452 nostra
1104 4400 1384 4453 academia
1435 4398 1813 4454 habendarum
1867 4398 2229 4469 praeludendi,
2259 4399 2362 4453 hac
2403 4399 2694 4453 occasione
2735 4412 2867 4450 usus
2905 4410 3025 4450 smn
3073 4391 3346 4446 Theodori
3383 4391 3450 4446 De

205 4477 596 4537 lncarnatione
621 4483 750 4537 Filii
780 4485 876 4540 Dei
913 4487 1175 4542 librorum
1214 4503 1335 4558 quae
1375 4497 1676 4558 supersunt
1721 4488 1947 4543 collecta
1978 4497 2032 4543 et
2064 4489 2351 4544 emendata
2381 4489 2661 4554 exhibere,
2706 4489 2800 4557 qui
2845 4486 3063 4541 libellus
3090 4484 3284 4538 Turici
3307 4485 3450 4552 typis

202 4567 404 4625 Orellii
456 4571 695 4629 Fusslini
731 4583 784 4629 et
826 4579 1101 4632 sociorum
1137 4581 1170 4633 4
1203 4582 1506 4650 impressus
1533 4590 1635 4635 est.
1673 4580 1804 4646 Quae
1839 4589 2048 4636 restant
2092 4580 2365 4636 Theodori
2405 4581 2706 4650 fragmenta
2745 4579 3055 4650 dogmatica
3106 4586 3160 4631 et
3191 4577 3243 4630 in
3282 4574 3450 4630 Vetus

203 4666 621 4724 Testamentum
663 4676 936 4742 exegetica
960 4684 1074 4730 tum
1102 4678 1257 4730 edam
1288 4693 1411 4731 cum
1435 4679 1537 4732 hoc
1567 4677 1809 4730 virorum
1842 4678 2129 4732 doctorum
2164 4679 2432 4733 interesse
2461 4691 2800 4744 cognovero.

283 4761 360 4815 De
393 4761 555 4829 hujus
597 4763 722 4817 libri
749 4765 998 4819 instituto
1031 4768 1218 4835 paucis
1247 4767 1468 4838 defungi
1511 4768 1655 4821 licet.
1695 4766 1830 4819 Nam
1870 4782 1995 4821 cum
2037 4782 2145 4821 non
2183 4766 2236 4820 id
2272 4781 2530 4835 agerem,
2570 4772 2628 4818 ut
2670 4763 3017 4816 Theodorum
3085 4760 3448 4830 explicarem,

205 4850 308 4907 sed
339 4860 399 4905 ut
425 4853 546 4921 ejus
585 4854 749 4908 verba
788 4856 1075 4910 emendata
1126 4859 1436 4912 exhiberem
1464 4898 1477 4919 ,
1525 4872 1651 4910 raro
1705 4864 1866 4910 notas
1916 4856 2131 4925 subjeci
2172 4865 2228 4910 et
2267 4854 2378 4908 fere
2416 4854 2582 4908 verbo
2625 4861 2838 4906 tantum
2880 4850 3187 4920 significavi
3230 4848 3275 4902 si
3316 4846 3448 4916 quid

203 4942 330 4996 sive
356 4957 451 5011 per
483 4943 684 5013 linguae
710 4943 830 4997 sive
862 4960 956 5012 per
996 4945 1133 5000 alias
1175 4945 1417 5000 rationes
1448 4945 1689 4999 notabile
1721 4945 1852 4998 mihi
1888 4959 2012 5000 esse
2062 4944 2362 4999 videretur.
2405 4943 2462 4996 In
2499 4951 2652 4997 textu
2699 4939 3043 4996 emendando
3079 4955 3186 4992 non
3220 4937 3448 4992 audacia

201 5044 264 5088 et
302 5035 352 5087 vi
391 5043 680 5102 grassatus
713 5051 871 5099 sum,
911 5036 1008 5091 sed
1037 5053 1202 5108 quam
1241 5038 1356 5092 ﬁeri
1380 5039 1560 5108 potuit
1595 5037 1829 5092 maxime
1855 5037 2063 5092 codicis
2089 5037 2314 5106 vestigia
2349 5035 2475 5106 legi.
2521 5033 2650 5088 Scio
2689 5041 3008 5088 catenarum
3058 5039 3271 5083 textum
3329 5028 3445 5096 ple-

203 5140 448 5194 rumque
477 5126 770 5181 admodum
804 5143 926 5182 esse
974 5127 1225 5182 vitiatum
1260 5137 1314 5183 et
1343 5135 1662 5198 corruptum
1685 5167 1700 5193 ,
1745 5128 1847 5181 alia
1877 5143 2001 5182 esse
2030 5127 2270 5193 omissa,
2337 5126 2517 5180 alieno
2551 5126 2670 5179 loco
2704 5125 2881 5194 posita
2918 5123 3054 5186 alia,
3082 5121 3318 5188 denique
3379 5120 3443 5172 li-

201 5226 401 5274 center
428 5221 606 5290 egisse
645 5230 936 5288 auctores;
964 5231 1341 5279 verumtamen
1369 5225 1414 5278 si
1440 5225 1564 5295 quis
1596 5225 1698 5279 liac
1731 5239 1790 5279 re
1821 5224 1978 5279 nisus
2019 5223 2191 5279 libros
2223 5223 2464 5292 scriptos
2497 5224 2679 5277 minus
2714 5219 3015 5283 curaverit,
3049 5219 3097 5271 is
3145 5225 3202 5270 ut
3261 5216 3434 5270 multa

200 5308 501 5377 ingeniose
524 5351 538 5374 ,
576 5309 644 5364 ad
676 5311 964 5366 veritatem
1000 5329 1171 5382 pauca
1203 5314 1524 5383 disputabit.
1568 5312 1675 5370 Sed
1710 5314 1856 5369 haud
1890 5329 2016 5368 raro
2042 5314 2144 5369 levi
2174 5309 2958 5382 mutationeinterpunctionis
2990 5308 3075 5363 vel
3112 5314 3442 5361 accentuum

194 5400 464 5471 genuinas
502 5402 766 5460 lectiones
807 5407 1026 5460 restitui
1066 5415 1341 5476 poterant.

197 5533 3434 5563 οοοοοοοοοοοοοοοιοοοσο.ο..ο.......οσσοοοοοοοοοοο’σὀοσοο

276 5587 575 5660 Reliquum
603 5602 724 5656 est,
764 5600 821 5646 ut
852 5595 1208 5652 quaestionem
1245 5597 1613 5667 perdifﬁcilem
1662 5598 1731 5656 de
1754 5598 2041 5657 Theodoro
2078 5596 2345 5654 monacho
2383 5595 2573 5668 paucis
2607 5593 2890 5665 attingam.
2926 5589 3114 5648 Codex
3168 5589 3414 5646 Cramcri

277 5769 355 5840 (1)
384 5769 573 5826 Exstat
609 5771 763 5825 initio
789 5769 950 5836 huius
973 5771 1284 5827 voluminis.
