3904 6528
489 323 597 382 703
1292 280 1295 283 Ι
1677 330 2025 389 TIIEODORI

2196 336 2542 396 'SUESTENI
3640 351 3738 410 704

492 444 825 505 Bodleianus
849 464 973 504 cum
1005 459 1252 507 catenam
1295 451 1350 506 in
1384 451 1687 523 Epistolam
1720 454 1789 508 ad
1825 453 2103 512 Romanos
2135 461 2517 517 tantummodo
2550 478 2726 534 usque
2784 466 2852 521 ad
2919 474 3086 537 caput
3140 481 3349 523 nonum
3401 470 3734 538 contineret,

489 541 720 597 Cramer
748 558 778 597 e
810 543 1002 600 codice
1031 544 1345 603 Monacensi
1369 587 1385 612 ,
1412 548 1478 602 de
1506 563 1618 618 quo
1650 565 1702 602 v.
1742 548 1954 605 Reiser.
2002 551 2183 607 (ἴαται.
2218 553 2446 626 theoloq.
2469 596 2484 620 ,
2522 573 2577 628 p.
2613 559 2646 614 9
2670 598 2686 623 ,
2735 559 3180 630 supplementum
3222 562 3363 618 satis
3394 562 3641 633 amplum
3680 580 3734 635 p.

494 632 597 685 165
625 648 701 687 ss.
737 634 956 703 adjecit.
994 634 1045 692 Is
1077 637 1251 704 code;
1282 638 1505 695 XXXIX
1536 640 1842 712 fragmenta
1877 643 2168 700 Theodoro
2198 652 2470 704 monacho
2504 652 2794 707 adscribit.
2844 652 3050 708 Horum
3085 654 3353 722 sedecim,
3387 632 3533 710 adde
3565 632 3737 711 unum

490 720 833 782 Theodoreto
866 728 1134 784 tributum
1160 772 1175 795 ,
1231 731 1335 786 fide
1372 732 1627 787 codicum
1679 733 1958 790 Bodleiani
1990 746 2046 793 et
2077 736 2358 806 Vaticani,
2397 758 2562 811 quam
2596 746 2736 800 male
2770 746 3094 810 addubites,
3146 720 3524 818 Mopsuesteni
3572 758 3734 815 sunt,

489 812 599 867 duo
628 813 960 873 Theodoreti
995 836 1087 891 pp.
1117 822 1257 887 416,
1285 824 1417 892 469;
1460 841 1511 880 v.
1540 826 1612 894 ej.
1644 825 1745 896 Op.
1778 828 1868 883 ed.
1911 828 2058 893 Hal.,
2092 832 2182 897 Ill,
2219 849 2311 904 pp.
2352 834 2478 901 125,
2512 836 2636 901 159,
2675 849 2917 908 quatuor
2951 855 3002 894 c.
3030 812 3249 897 Bodlei.
3276 841 3522 896 Diodoro
3558 812 3736 911 assig;

497 917 651 971 nant,
693 925 781 980 pp.
822 912 944 977 188,
979 915 1099 978 199,
1142 916 1271 982 226,
1300 918 1445 987 252;
1479 919 1553 974 cf.
1585 935 1679 990 pp.
1710 923 1833 984 105,
1871 925 1995 990 114,
2034 925 2160 992 128,
2195 927 2298 984 110
2327 937 2382 983 et
2408 946 2579 984 unum
2625 948 2681 1002 p.
2714 932 2822 986 212
2845 935 3105 988 convenit
3145 950 3212 990 ex
3264 941 3420 1005 parte
3448 950 3577 990 cum
3628 934 3737 988 fra-

487 1002 726 1071 gmentis
763 1004 818 1058 in
853 1021 905 1061 c.
941 1007 1101 1064 Bodl.
1141 1027 1194 1081 p.
1239 1014 1342 1067 119
1383 1031 1430 1071 s.
1462 1014 1703 1073 Diodoro
1729 1019 1972 1084 tributis,
2022 1020 2099 1074 ita
2140 1038 2273 1076 vero
2310 1032 2370 1079 ut
2400 1032 2717 1081 catenarum
2750 1036 3007 1086 auctores
3032 1030 3224 1085 eodem
3265 1002 3417 1085 fonte
3448 1045 3585 1085 usos
3616 1044 3736 1084 esse

486 1104 770 1189 appareat.
802 1098 958 1154 Addo
989 1104 1137 1171 quod
1168 1104 1310 1161 idem
1342 1107 1516 1162 codex
1553 1125 1606 1181 p.
1645 1110 1749 1165 125
1771 1127 1817 1165 s.
1856 1112 2127 1167 Diodorea
2159 1114 2320 1179 dicit,
2351 1134 2470 1186 qua:
2502 1134 2591 1189 pp.
2628 1120 2766 1181 219,
2798 1120 2929 1185 220.
2994 1120 3295 1177 Severiano
3355 1135 3411 1177 et
3442 1121 3735 1176 Theodoro

491 1183 909 1279 adscribuntur.
941 1192 1173 1251 Restant
1230 1200 1469 1256 sedecim
1510 1201 1819 1273 fragmenta
1847 1221 1939 1275 pp.
1970 1207 2107 1272 εδδ,
2144 1208 2291 1272 260,
2317 1183 2457 1273 265,
2493 1183 2623 1277 eos,
2660 1213 2785 1279 521,
2811 1183 2937 1277 528,
2964 1217 3091 1279 581,
3122 1216 3250 1279 587,
3280 1216 3407 1279 592,
3435 1217 3580 1277 395,
3607 1215 3733 1279 597,

483 1277 628 1375 401,
657 1282 764 1375 114
787 1326 802 1347 ,
826 1286 937 1339 417
963 1328 977 1352 ,
1014 1291 1151 1355 477,
1182 1292 1286 1348 508
1307 1332 1322 1355 ,
1344 1310 1466 1364 quae
1495 1297 1626 1365 quin
1658 1296 1934 1353 Theodori
1972 1316 2023 1355 at

2192 1304 2375 1367 nachi,
2406 1313 2499 1359 aut
2532 1304 2903 1375 Mopsucsteni
2929 1350 2945 1372 ,
2976 1317 3071 1363 aut
3106 1309 3325 1363 Diodori
3350 1308 3465 1363 sint
3495 1324 3608 1362 non
3649 1314 3734 1360 est

483 1373 630 1438 quod
663 1374 902 1433 dubites.
943 1380 1090 1436 Idem
1125 1386 1267 1438 valet
1291 1385 1358 1441 de
1386 1398 1512 1442 octo
1538 1390 1765 1445 scholiis
1806 1408 1927 1461 quae
1961 1392 2250 1450 Theodoro
2309 1373 2659 1464 tribuuntur,
2691 1415 2741 1452 v.
2781 1416 2835 1469 p.
2874 1401 3000 1457 558.
3061 1401 3214 1470 (Haac
3273 1402 3340 1455 iis
3400 1406 3731 1469 repugnant.

483 1481 606 1565 fluit!
632 1470 699 1565 ad
728 1474 975 1530 eumdem
1006 1476 1039 1533 Ι.
1080 1478 1112 1531 9
1136 1524 1149 1544 ,
1170 1480 1242 1534 25
1265 1496 1316 1536 c.
1350 1480 1529 1540 Vatic.
1560 1483 1910 1542 Theodorum
1937 1487 2112 1559 Mops.
2143 1491 2517 1562 disputantem
2546 1493 2681 1549 facit
2711 1510 2763 1549 v.
2797 1495 2943 1549 infra
2981 1512 3034 1565 p.
3065 1497 3133 1549 55
3164 1497 3237 1564 s.)
3261 1495 3399 1558 559,
3424 1494 3523 1547 411
3555 1534 3570 1557 ,
3604 1490 3729 1556 481,

483 1556 587 1611 509
613 1599 627 1621 ,
658 1559 764 1614 516
784 1603 798 1627 ,
824 1564 927 1620 518
950 1609 964 1633 ,
992 1567 1116 1623 526.
1149 1570 1285 1637 Quis
1310 1572 1504 1627 horum
1535 1575 1649 1629 hzec
1699 1578 1987 1647 scripserit
2024 1556 2091 1635 ex
2129 1556 2312 1637 indole
2347 1581 2780 1654 fragmentorum
2812 1600 2955 1654 {cgre
2981 1556 3241 1649 -ellicias',
3276 1556 3403 1638 cum
3464 1584 3517 1637 hi
3553 1583 3731 1636 inter-

481 1659 666 1725 pretes
694 1655 916 1713 interse
950 1660 1244 1718 admodum
1278 1666 1485 1723 similes
1508 1666 1731 1724 fuerint.
1758 1669 1888 1736 Quae
1916 1686 2040 1727 cum
2070 1674 2147 1727 ita
2201 1674 2313 1729 sint
2350 1683 2554 1732 temere
2582 1677 2764 1747 egisse
2813 1677 2947 1731 mihi
2981 1678 3199 1733 viderer
3228 1678 3275 1733 si
3328 1678 3444 1732 hazc
3497 1676 3552 1729 in
3588 1675 3731 1728 hunc

482 1743 682 1801 librum
712 1753 1061 1822 recepissem,
1103 1759 1214 1815 imo
1252 1770 1680 1835 exspectandum
1723 1774 2071 1839 existimavi,
2107 1776 2284 1832 donec
2320 1776 2575 1832 codicum
2622 1777 2758 1833 ﬁdes
2808 1778 2958 1833 hunc
3019 1778 3225 1833 nodum
3280 1776 3595 1846 expediret.
3665 1776 3730 1827 At

478 1852 610 1893 vero
656 1853 866 1912 quaerat
894 1849 1166 1920 quispiam
1207 1856 1330 1925 quis
1368 1858 1531 1915 fuerit
1576 1865 1666 1921 ille
1696 1864 2019 1924 Theodorus
2051 1870 2213 1924 modo
2240 1872 2540 1928 monachus
2583 1880 2637 1927 et
2672 1874 2972 1944 presbyter,
3009 1873 3169 1926 modo
3202 1871 3527 1930 monachus,
3565 1868 3730 1921 modo

478 1936 763 2007 presbyter
799 1941 1000 2010 dictus,
1032 1949 1125 2016 qui
1154 1949 1209 2005 in
1237 1956 1445 2010 catenis
1475 1974 1618 2029 saepe
1648 1973 2003 2019 memoratur.
2037 1965 2116 2019 Ad
2147 1982 2307 2036 quam
2339 1969 2698 2037 quaestionem
2730 1985 2798 2023 ne
2828 1984 2975 2023 nunc
3001 1969 3221 2038 quidem
3253 1968 3333 2036 (v.
3368 1973 3726 2020 commentat.

477 2032 683 2103 meam)
716 2036 888 2092 habeo
909 2043 1052 2110 quod
1083 2048 1464 2115 reSpondeam.
1484 2054 1679 2110 Plures
1699 2059 1846 2113 viros
1875 2059 1944 2112 ita
1976 2032 2274 2129 appellatos
2303 2032 2474 2118 fuisse
2503 2065 2730 2130 scimus,
2762 2081 2815 2119 ν.
2839 2032 3075 2117 Fabricii
3099 2062 3233 2115 Bibl.
3260 2032 3377 2124 Cn,
3408 2059 3501 2114 sed
3528 2058 3725 2110 horum

474 2138 801 2196 quemquam
827 2131 1119 2203 Scripturm
1146 2154 1315 2195 sacra:
1344 2142 1695 2214 interpretem
1730 2151 1998 2205 claruisse
2026 2154 2300 2208 memoriae
2328 2170 2435 2208 non
2468 2165 2553 2209 est
2581 2157 2879 2225 proditum.
2910 2154 3115 2211 Deinde
3139 2171 3203 2210 ex
3235 2153 3560 2224 fragmentis
3596 2151 3726 2219 ipsis

473 2218 760 2291 hucusque
792 2225 1075 2297 impressis
1107 2250 1175 2289 ne
1214 2238 1527 2307 conjectura
1563 2243 1780 2311 quidem
1810 2248 2145 2315 assequaris,
2197 2226 2376 2318 qualis
2417 2250 2579 2303 fuerit
2627 2260 2680 2303 et
2717 2266 2825 2319 quo
2861 2258 3103 2320 tempore
3139 2248 3357 2302 vixerit.
3396 2246 3725 2314 Quanquam

471 2310 715 2369 virorum
748 2318 912 2388 hujus
940 2326 1198 2391 nominis,
1226 2329 1279 2383 in
1310 2348 1449 2401 quos
1479 2335 1666 2403 incidi,
1700 2337 1788 2390 hic
1820 2355 1962 2392 unus
1991 2344 2364 2397 tantummodo
2390 2343 2601 2397 videtur
2630 2344 2683 2396 in
2715 2360 2941 2398 censum
2973 2343 3160 2398 venire
3185 2357 3366 2413 posse,
3398 2337 3725 2393 Theodorus

468 2405 894 2479 Alexandrinus,
937 2422 1260 2489 monachus,
1308 2428 1402 2496 qui
1435 2427 1745 2488 Severianis
1779 2444 1896 2489 erat
1944 2436 2217 2493 addictus.
2254 2418 2459 2493 Claruit
2497 2440 2600 2494 sub
2630 2440 2815 2495 sa‘culi
2858 2440 2997 2494 sexti
3039 2440 3211 2494 initio.
3247 2437 3389 2491 Dixit
3426 2437 3492 2492 de
3530 2452 3601 2491 eo
3626 2434 3725 2487 Fa-

468 2500 633 2603 cund.
673 2502 728 2568 2,
762 2506 840 2569 5.,
873 2509 993 2578 ejus
1017 2512 1184 2571 libros
1209 2527 1399 2574 contra
1436 2520 1799 2580 Themistium
1830 2530 2156 2584 memoravit
2186 2530 2415 2587 Photius
2445 2532 2581 2587 Bibl.
2610 2548 2660 2587 c.
2686 2533 2825 2603 108;
2860 2534 3085 2587 omnino
3116 2550 3167 2588 v.
3194 2530 3431 2586 Fabricii
3460 2530 3607 2583 Bibl.
3632 2528 3720 2582 Gr.

466 2592 556 2699 fdj
578 2595 729 2653 "‘"L
758 2600 942 2699 X~_PP:
963 2608 1087 2676 572.
1120 2613 1238 2667 710-
1258 2616 1337 2671 Ne
1369 2618 1557 2688 plura;
1594 2623 1905 2694 disquirant
1931 2628 2025 2681 alii
2052 2644 2139 2683 me
2165 2629 2441 2686 doctiores
2466 2630 2532 2684 de
2564 2629 2685 2684 viro
2714 2592 2828 2693 illo,
2865 2630 2959 2699 qui
2989 2630 3107 2685 sine
3142 2630 3252 2684 ulla
3284 2627 3635 2683 dubitatione
3664 2626 3725 2679 de

466 2684 878 2793 ἰηιῗξρνθίθυδδ
916 2696 1198 2771 δοτίριιιηι
1227 2684 1385 2764 sacra
1414 2684 1553 2767 bene
1584 2684 1801 2769 meruit.
1831 2716 2156 2787 Fragmenta
2190 2721 2310 2790 ejus
2354 2722 2613 2793 leguntur
2645 2723 2698 2778 in
2746 2724 2954 2777 catenis
2988 2723 3041 2776 in
3084 2720 3394 2775 Matthmum
3423 2733 3453 2770 a
3484 2718 3722 2785 Possino

463 2784 534 2883 Et
557 2778 817 2883 Cfi’mffo
834 2791 1034 2883 fumis.
1070 2796 1155 2848 illa
1184 2801 1424 2857 continet
1456 2805 1558 2857 tria
1590 2805 1630 2861 1.
1657 2823 1747 2877 pp.
1768 2810 1856 2873 55,
1877 2778 2121 2878 65:2“;
2158 2778 2272 2867 ltzec
2295 2778 2611 2883 quindecim
2651 2830 2741 2883 pp.
2774 2816 2862 2880 15,
2893 2814 2983 2878 55,
3013 2813 3104 2877 54,
3132 2812 3219 2875 57,
3254 2811 3343 2873 59,
3374 2810 3461 2873 48,
3497 2810 3594 2865 5f.
3631 2780 3717 2869 $6,

466 2865 796 2976 j§._n78.__79,
827 2878 917 2976 s7,
947 2883 1037 2976 ξε,
1082 2887 1200 2949 125.
1246 2891 1371 2946 245.
1421 2865 1671 2966 Denique
1695 2865 1817 2955 cod.
1844 2865 2015 2959 'coiéi.
2049 2865 2266 2959 catenae
2302 2865 3477 2976 ίᾏἋέίεῖθρίῖέιβιὸῖ-ἰιιῖιέ.’ἐξΑ.ὀνειηιρτο
3523 2900 3723 2955 Oxonii

464 2960 605 3069 1838
962 2974 1262 3047 fragmenta
1289 2986 1478 3040 tribuit
1509 2960 1798 3047 Theodoro
1820 2994 2089 3050 monacho
2110 3004 2164 3051 et
2194 2996 2513 3068 presbytero
2534 2960 2726 3069 ppl.55.
2748 2998 2874 3061 227,
2906 2999 2976 3053 cl.
3003 3014 3095 3068 pp.
3121 2996 3247 3061 427,
3284 2994 3410 3058 458,
3442 3010 3572 3065 qua:
3596 2994 3718 3048 cod.

462 3050 601 3159 Nov.
631 3057 835 3132 Collcg.
867 3063 1157 3127 Theodoro
1186 3074 1480 3148 Ancyrano
1517 3083 1781 3153 assignat.
1814 3084 1927 3140 lloc
1959 3088 2002 3143 si
2037 3050 2247 3153 verum,
2272 3050 2697 3145 isaue‘l‘heordo—ti
2716 3050 3076 3146 scribendutm
3105 3096 3213 3155 est,
3246 3050 3562 3159 quanqu-am
3590 3086 3720 3142 illud

464 3150 603 3208 mire
637 3156 856 3223 cecidit,
886 3165 1029 3231 quod
1062 3167 1117 3221 in
1156 3171 1329 3227 altero
1354 3176 1543 3231 codice
1575 3187 1807 3250 utroque
1841 3180 1960 3236 loco
1993 3181 2256 3238 Theodori
2284 3185 2416 3239 Anc.
2444 3193 2725 3241 exaratum
2751 3197 2851 3242 est.

573 3284 889 3349 Scribebam
922 3295 1102 3357 Turici
1138 3303 1256 3359 Kal.
1290 3305 1597 3379 Septembr.
1636 3330 1686 3367 a.
1718 3314 2155 3373 MDCCCXLVll.

2937 3413 2960 3432 '
3051 3440 3115 3497 ο.
3149 3439 3207 3497 r.
3240 3438 3615 3497 FRITSCHB.

473 3621 3707 3696 Wz—W

1290 3816 1923 3908 THEODORI
2044 3823 2887 3918 MOPSUESTENI

894 4011 979 4073 IN
1007 4012 1535 4078 EVANGELIUM
1591 4021 1986 4081 MATTHZEI
2022 4021 2589 4089 COMMENTARII
2633 4030 3128 4096 FRAGMENTA
3163 4035 3270 4113 (1).

528 4372 609 4444 (2)
657 4375 942 4432 ΜΜιΙιζΒυε
995 4380 1217 4449 quidem
1266 4386 1603 4455 evangelista
1658 4397 1785 4457 post
1837 4390 2172 4447 tentationes
2210 4390 2377 4457 dicit,
2424 4391 2572 4463 quod
2616 4392 2943 4450 accedentes
2992 4398 3171 4468 angeli
3215 4399 3619 4458 ministrabant
3663 4404 3714 4459 ei

457 4466 674 4536 (Matth.
702 4488 775 4536 IV,
812 4473 898 4545 11)
928 4489 941 4525 :
976 4474 1187 4529 scilicet
1215 4492 1338 4530 cum
1382 4494 1449 4532 co
1486 4483 1795 4548 constituti,
1832 4491 1887 4538 et
1931 4494 2296 4554 cooperantes
2321 4524 2337 4550 ,
2393 4497 2449 4541 et
2482 4488 2741 4543 omnibus
2784 4489 2931 4543 circa
2979 4506 3103 4546 eum
3146 4492 3258 4548 Deo
3297 4496 3711 4565 ministrantes,

457 4567 604 4635 quod
637 4568 749 4638 jam
787 4585 881 4639 per
906 4572 1209 4626 certamina
1249 4572 1315 4626 ad
1360 4575 1637 4633 diabolum
1673 4587 1934 4636 ostensus
1964 4591 2051 4635 est
2080 4582 2309 4638 clarior.
2344 4581 2451 4637 Sed
2496 4593 2552 4637 ct
2589 4584 2734 4653 quod
2776 4600 3011 4653 passuro
3046 4586 3096 4639 ci
3128 4588 3365 4642 aderant
3389 4592 3567 4661 angeli
3591 4632 3609 4657 ,
3642 4608 3711 4646 ex

453 4655 766 4729 Evangeliis
790 4662 1060 4719 discimus
1095 4684 1108 4719 :
1138 4677 1191 4723 ct
1216 4684 1339 4725 cum
1378 4674 1699 4741 resurrexit,
1739 4675 1793 4729 in
1833 4685 2193 4732 monumento
2220 4677 2323 4732 visi
2363 4684 2513 4733 sunt.
2555 4675 2659 4732 Per
2681 4681 2867 4733 omnia
2895 4682 3095 4734 etenim
3147 4683 3254 4736 ista
3286 4687 3713 4743 monstrabatur

453 4754 696 4824 dignitas
724 4757 956 4823 Christi,
1001 4763 1146 4830 quod
1184 4764 1499 4835 iuseparate
1544 4770 1595 4824 ei
1638 4771 1814 4841 angeli
1858 4771 2110 4836 aderant,
2146 4779 2202 4826 et
2235 4772 2495 4827 omnibus
2521 4772 2671 4825 circa
2702 4787 2828 4827 eum
2871 4774 3277 4828 ministrabant.
3315 4775 3475 4830 Sicut
3499 4778 3651 4831 enim
3682 4793 3713 4829 a

452 4850 811 4917 peccantibus
864 4868 1226 4924 separantur,
1278 4860 1360 4915 sic
1407 4870 1462 4915 et
1514 4878 1610 4932 per
1656 4864 1912 4918 meritum
1944 4863 2231 4919 honoratis
2261 4863 2617 4919 subveniunt.
2665 4861 2895 4933 Propter
2938 4864 3085 4934 quod
3132 4867 3269 4921 bene
3314 4867 3584 4924 Dominus
3634 4871 3714 4923 ait

451 4943 660 5012 (10am,
695 4964 734 5013 ι,
758 4950 957 5019 51,52)
988 4972 1003 5008 :
1035 4953 1192 5019 Quod
1227 4956 1408 5027 majus
1446 4960 1723 5024 videbitis,
1749 4969 1803 5015 et
1832 4962 1976 5031 quod
2013 4961 2212 5015 caelum
2261 4960 2537 5030 aperietur
2584 4959 2842 5013 omnibus
2872 4974 2969 5029 per
3002 4973 3089 5013 me
3112 4999 3126 5021 .
3174 4968 3230 5012 et
3283 4974 3482 5017 omnes
3521 4962 3709 5031 angeli

449 5056 665 5113 semper
717 5060 930 5101 mecum
958 5056 1155 5118 erunt,
1191 5066 1340 5106 nunc
1378 5053 1598 5122 quidem
1646 5057 2007 5113 ascendentes
2032 5099 2047 5125 ,
2084 5071 2231 5113 nunc
2267 5070 2400 5110 vero
2428 5053 2827 5111 descendentes
2850 5092 2868 5119 ,
2904 5054 3050 5110 sicut
3093 5057 3159 5109 ad
3199 5057 3570 5114 domesticum
3610 5060 3711 5117 Dei

447 5146 502 5192 ct
547 5140 811 5197 amicum.

520 5231 600 5303 (5)
638 5230 779 5293 Nam
824 5233 1054 5289 rationis
1098 5233 1321 5306 quidem
1366 5236 1651 5307 proprium
1693 5247 1809 5307 est,
1841 5239 2107 5297 discretio
2145 5241 2421 5298 bonorum
2460 5251 2516 5300 et
2551 5245 2845 5302 malorum.
2876 5245 3016 5302 Cum
3042 5261 3173 5303 vero
3202 5262 3313 5303 non
3351 5259 3539 5307 essent
3569 5266 3711 5307 coa-

518 5410 595 5480 (1)
633 5410 1281 5500 Evangeliumniilatttl‘iaai
1305 5414 1687 5500 Iheodorus‘,
1718 5428 1855 5477 teste
1879 5421 2016 5479 Ebe-
2120 5425 2427 5500 Evangelii]
2456 5428 2591 5500 libro
2616 5430 2786 5499 primo
2806 5446 2827 5486 :
2847 5431 2941 5486 sed
2969 5447 3022 5485 ν.
3048 5430 3287 5500 quaedixi
3315 5433 3368 5487 in
3385 5432 3706 5489 Comment.

447 5480 942 5574 diestt.gAsseman.
982 5485 1127 5574 Bilrl.
1161 5485 1260 5542 ον.
1303 5486 1393 5551 1n,
1425 5503 1464 5555 ι,
1495 5504 1549 5557 ρ.
1580 5480 1694 5561 52),
1726 5508 1836 5549 uno
1867 5501 2017 5551 ιοωο
2119 5498 2204 5574 de_
2229 5480 2501 5574 Theodori
2537 5480 2779 5574 trivit;
2806 5480 3167 5574 ὲΐέοιῐῖρίίὲῗ
3184 5480 3707 5571 ᾔῖιίῗὶέἐὸᾝῖιῖἷέ

447 5552 514 5607 ad
539 5552 744 5638 iulium
775 5556 1090 5638 explicavit.
1177 5627 1223 5638 η
1381 5552 1457 5638 Μ’
1498 5552 1546 5638 ξ-
1895 5633 1948 5638 μ
1973 5634 1988 5638 Α
2120 5568 2382 5622 volumini
2415 5552 2678 5638 praefixa).

519 5623 596 5706 is)
629 5624 748 5678 Act.
780 5623 939 5706 conc.
967 5625 1244 5706 gonst._l_l_.
1278 5643 1352 5691 ιν,
1376 5628 1470 5706 g9.
1499 5628 1669 5706 gigans;
1692 5629 2015 5706 lX,p._214.
2190 5638 2267 5703 (ω
2298 5623 2505 5692 Amic.
2549 5623 2741 5694 Const.
2770 5639 2835 5697 ιι.
2868 5658 2941 5706 ιν,
2973 5642 3062 5704 55,
3106 5643 3221 5706 Vig.
3276 5644 3337 5697 (ι.
3378 5643 3468 5702 se.
3495 5641 3583 5696 Ea:
3616 5647 3707 5701 Iris

447 5689 827 5782 Vig‘ilzconst'1
851 5697 944 5757 27,
969 5696 1144 5782 Diansi
1167 5698 1258 5782 IX,
1292 5689 1347 5782 pg
1376 5699 1465 5755 79.
1500 5699 1747 5782 Ejusdem
1772 5689 1841 5782 ξιέ
1861 5689 2012 5758 inter,
2118 5689 2235 5782 quae
2262 5689 2480 5761 suntin:
3491 5689 3711 5782 «—~

447 5763 739 5818 vretatione
780 5764 1048 5837 Evangelii
1099 5768 1120 5840 [
1152 5763 1367 5828 vettfl.
1424 5763 1707 5828 secundum
1754 5772 2014 5830 Joannem
2122 5763 2261 5834 Deus
2295 5783 2487 5835 creavit
2521 5763 2811 5848 contraria,
2842 5784 2877 5837 ἕ.
2906 5763 3117 5839 είὺοηξι
3143 5794 3189 5839 ει
3225 5786 3386 5838 mala.
3426 5803 3445 5837 ι
