3904 6530
167 354 265 413 705

1232 344 1301 401 IN
1342 342 1793 401 EVANCELIUM
1832 339 2191 399 MATTHEI.

3277 335 3383 392 706

168 471 347 533 traria,
370 483 483 524 non
517 474 638 523 erat
665 466 717 521 ei
752 464 1020 538 possibile
1049 463 1259 534 aliquid
1289 462 1625 518 discernere.
1658 460 1903 515 Primum
1934 458 2105 529 igitur
2132 457 2189 513 in
2219 456 2306 513 his
2330 472 2453 529 quae
2477 465 2663 515 creata
2696 464 2859 523 sunt,
2894 470 3142 527 magnam
3166 464 3386 511 contra-
3466 444 3483 483 ⁵

164 566 406 621 rielatetu
444 563 591 618 fecit.

233 654 278 722 (1
290 668 309 721 )
344 654 616 720 Quoniam
647 658 831 705 autem
863 663 976 702 non
1006 645 1255 701 obaudiit
1291 643 1486 707 Adam,
1513 642 1711 699 deinde
1739 641 1995 699 subditus
2028 652 2113 699 est
2140 646 2303 699 morti
2334 663 2348 699 :
2379 657 2429 699 et
2466 646 2670 701 factum
2700 653 2785 701 est
2822 646 2926 700 hoc
2956 654 3174 717 propter
3200 645 3385 701 inohe-
3456 694 3459 697 η

165 744 443 809 dientiam,
475 743 623 815 quod
656 752 709 798 et
734 742 874 797 citra
902 735 1324 793 inobedientiam
1358 742 1584 805 propter
1610 733 1900 790 utilitatem
1931 745 2175 790 nostram
2208 748 2238 788 a
2282 734 2546 792 Creatore
2589 727 2794 791 factum
2838 748 2948 801 est,
2983 737 3160 792 edocti
3192 753 3384 794 sumus

163 851 349 891 omnes
382 844 688 906 peccatum.

799 921 953 974 ΚΕΦ.
998 920 1076 970 Λ’.

231 1017 375 1085 Στίχ.
408 1021 496 1085 ιη’.
530 1042 601 1053 -
624 1013 699 1065 Τὸ
724 1010 948 1080 Πνεῦμα
981 1008 1057 1078 (2)
1085 1006 1146 1059 τὸ
1174 1006 1326 1073 ἆγιον
1355 1004 1453 1074 μία
1487 1002 1572 1065 τίς
1603 1004 1719 1055 ἐστι

159 1112 257 1181 τῆς
295 1108 524 1179 Τριάδος
550 1105 863 1167 ὑπόστασις,
896 1101 989 1155 καὶ
1010 1098 1132 1152 οὑτε
1160 1098 1348 1168 Πατὴρ
1375 1094 1717 1164 ὀνομάζεται,

159 1202 282 1255 οὑτε
308 1200 453 1261 Υἱὸς,
488 1197 601 1251 ἀλλ’
630 1193 904 1265 ἐξαίρετόν
926 1209 977 1244 τι
998 1191 1166 1260 ὄνομα
1195 1188 1327 1259 ἔχει.
1358 1186 1419 1238 τὸ
1442 1185 1720 1239 καλεῖσθαι

159 1291 383 1359 Πνεῦμα
412 1290 585 1357 ἅγιον,
620 1286 694 1349 ὥς
728 1302 892 1354 φησιν
924 1285 953 1335 ὁ
987 1280 1175 1351 Σωτὴρ
1204 1278 1341 1348 πρὸς
1372 1277 1497 1339 τοὺς
1527 1274 1719 1329 ἑαυτοῦ

161 1382 440 1453 μαθητάςο
504 1377 898 1446 Πορευθέντες
939 1371 1352 1441 μαθητεύσατε
1405 1368 1599 1419 πάντα
1650 1366 1724 1419 τὰ

156 1476 325 1542 ἔθνη,
350 1468 738 1538 βαπτίζοντες
769 1465 989 1530 αὐτοὺς
1028 1464 1115 1527 είς
1145 1460 1212 1514 τὸ
1245 1460 1433 1527 ὄνομα
1462 1456 1568 1541 τοῦ
1607 1456 1723 1509 Πα-

156 1566 296 1633 τρός
346 1564 441 1615 καὶ
492 1560 600 1614 τοῦ
658 1557 796 1611 Υἱοῦ
833 1554 932 1607 καὶ
975 1552 1082 1606 τοῦ
1131 1549 1301 1617 ἁγίου
1357 1547 1718 1613 Πνεύματος.

159 1658 371 1725 Ὠσπερ
417 1652 525 1723 γὰρ
570 1648 822 1704 κοινωνόν
887 1648 1004 1698 ὲστι
1039 1640 1209 1710 Πατρί
1242 1655 1299 1691 τε
1352 1638 1445 1690 καὶ
1488 1636 1602 1707 Υίῷ
1642 1637 1722 1700 είς

154 1747 255 1817 τὴν
280 1744 375 1799 τοῦ
398 1744 599 1805 παντὸς
622 1737 998 1810 δημιουργίαν,
1017 1734 1159 1786 οὑτω
1187 1731 1277 1783 καὶ
1302 1730 1360 1783 τὸ
1383 1732 1446 1782 ὲκ
1466 1731 1563 1799 τῆς
1582 1729 1723 1801 Παρ-

152 1838 314 1891 θένου
354 1834 450 1890 τοῦ
482 1833 729 1904 Σωτῆρος
763 1829 922 1897 σῶμα
954 1823 1344 1879 κατεσκεύασε.

806 1919 960 1972 ΚΕΦ.
1002 1915 1077 1968 B'.

231 2018 377 2088 Στίχ.
418 2021 518 2080 ις’.
550 2043 621 2053 -
650 2013 813 2075 Ὅσον
836 2010 921 2076 ’(5)
953 2008 1062 2077 γὰρ
1091 2006 1278 2076 χρόνον
1308 2001 1658 2057 ὑπώπτευσεν
1696 2004 1723 2054 ὁ

161 2110 412 2179 Ἡρώδης
440 2103 577 2159 εἶναι
611 2103 717 2158 ἀπὸ
749 2102 849 2172 τῆς
891 2100 983 2153 τοῦ
1015 2097 1247 2170 Χριστοῦ
1291 2096 1592 2165 γεννήσεως
1637 2094 1725 2147 διὰ

150 2205 255 2274 τῆς
278 2202 387 2255 τῶν
415 2200 600 2270 μάγων
625 2192 906 2256 ἐλεύσεως,
926 2190 1193 2244 τοσούτων
1223 2187 1357 2241 ἐτῶν
1383 2187 1575 2248 παῖδας
1597 2186 1723 2239 axo-

2481 915 2636 971 CAP.
2678 918 2716 971 l.

1893 994 2061 1062 Vens.
2094 1007 2180 1063 18.
2207 1036 2279 1047 -
2306 1005 2545 1076 Spiritus
2588 1015 2815 1063 sanctus
2864 1022 2975 1061 una
3014 1018 3099 1062 est
3147 1024 3382 1078 persona

1827 1098 2136 1162 Trinitatis,
2168 1113 2289 1169 quae
2325 1113 2502 1168 neque
2528 1098 2689 1152 Pater
2721 1107 2948 1151 vocatur
2982 1114 3157 1167 neque
3188 1099 3383 1162 Filius,

1827 1189 1919 1243 sed
1949 1189 2229 1259 proprium
2256 1189 2421 1243 habet
2443 1202 2666 1252 nomen,
2686 1184 2926 1257 Spiritus
2950 1198 3192 1251 sanctus,
3226 1189 3385 1255 juxta

1827 1275 1902 1339 id,
1934 1276 2080 1345 quod
2115 1276 2373 1329 Salvator
2400 1274 2467 1328 ad
2493 1272 2795 1343 discipulos
2834 1275 2910 1326 ait
2938 1290 2952 1326 :
2980 1273 3177 1328 Euntes
3209 1276 3387 1329 docete

1826 1382 2003 1421 omnes
2039 1376 2235 1437 gentes,
2263 1367 2592 1435 baptizantes
2625 1380 2711 1418 eos
2758 1363 2816 1417 in
2864 1365 3071 1418 nomine
3110 1364 3292 1418 Patris
3336 1376 3387 1419 et

1826 1456 1959 1511 Filii
1986 1468 2035 1510 et
2064 1454 2294 1524 Spiritus
2317 1459 2488 1510 sancti
2515 1455 2733 1525 (Matth.
2755 1467 2952 1518 xxvnt,
2970 1454 3091 1523 ib).
3114 1452 3388 1518 Quemad—

1826 1549 2047 1604 modum
2076 1549 2222 1604 enim
2248 1547 2397 1601 Patri
2431 1555 2484 1602 et
2510 1546 2653 1602 Filio
2676 1555 3005 1618 cooperatus
3036 1557 3119 1600 est
3150 1544 3390 1616 Spiritus

1826 1649 2055 1696 sanctus
2106 1640 2162 1694 in
2196 1638 2480 1694 creatione
2508 1639 2730 1707 mundi,
2758 1642 2832 1695 ita
2862 1647 2916 1697 et
2936 1639 3237 1694 Salvatoris
3265 1653 3389 1691 (οι--

1826 1748 1930 1801 pus
1962 1748 2031 1789 ex
2067 1731 2289 1804 Virgine
2322 1739 2500 1788 matre
2528 1734 2647 1804 ipse
2673 1736 2881 1804 aptavit
2911 1740 2965 1788 et
2989 1730 3317 1787 construxit.

2477 1909 2628 1963 CAP.
2675 1909 2736 1960 ll.

1897 1998 2065 2057 Vens.
2119 2001 2208 2057 16.
2240 2000 2611 2068 -Quantutn
2669 2000 2814 2053 enim
2871 2006 3085 2068 tempus
3142 1998 3211 2053 ab
3265 2006 3389 2052 ortu

1827 2093 2036 2148 Christi
2071 2095 2254 2149 habita
2286 2096 2503 2149 ratione
2535 2093 2803 2148 adventus
2832 2091 3111 2163 Magorum
3137 2093 3391 2161 opinatus

1828 2194 1914 2239 est
1947 2183 2190 2239 Herodes
2226 2184 2523 2251 etiluxisse,
2564 2192 2729 2239 tanta:
2771 2183 2948 2238 artatis
2981 2183 3239 2252 puerulos
3274 2189 3393 2234 tru-

154 2297 365 2349 κτεῖναι
414 2286 866 2359 παρεκελεύσατο.
911 2282 1003 2352 Μὴ
1029 2280 1209 2333 τοίνυν
1238 2277 1511 2346 ὑπολάϐῃς
1546 2276 1721 2328 αἰτίαν

1846 2275 2093 2331 :idandos
2134 2278 2367 2332 curavit.
2402 2278 2478 2331 Ne
2513 2292 2642 2332 vero
2679 2276 2962 2332 existimes
2997 2291 3220 2329 causam
3266 2291 3392 2329 esse

152 2382 295 2439 εἶναι
328 2385 425 2452 τῆς
446 2379 552 2432 τῶν
578 2376 778 2428 παίδων
801 2372 983 2425 ἀδίκου
1020 2370 1229 2439 σφαγῆς
1253 2367 1351 2438 τὴν
1373 2365 1464 2420 τοῦ
1492 2362 1727 2434 Χριστοῦ

153 2475 431 2543 γέννησιν,
466 2469 598 2522 ἀλλὰ
623 2466 718 2537 τὴν
756 2464 848 2518 τοῦ
896 2462 1134 2534 Ἡρώδου
1168 2462 1351 2513 ἀθεῖαν
1384 2476 1444 2511 τε
1477 2458 1571 2511 καὶ
1604 2459 1731 2512 ἀνο-

154 2568 406 2635 σιότητα*
438 2561 557 2615 οὐδὲ
585 2559 690 2628 γὰρ
716 2560 763 2609 οἱ
786 2556 876 2608 τὸν
906 2554 1139 2625 Χριστὸν
1168 2550 1578 2622 σταυρώσαντες
1607 2548 1729 2601 τότε

152 2656 419 2724 γεγόνασι
459 2650 682 2719 πονηροὶ
706 2687 721 2707 .
760 2647 895 2701 ἀλλὰ
931 2647 1371 2717 προϋπάρχοντες
1412 2644 1506 2696 καὶ
1539 2639 1729 2711 καιροῦ

152 2747 449 2816 λαϐόμενοι
485 2741 707 2803 ἑαυτοὺς
734 2742 1082 2809 ἐφανέρωσαν
1108 2737 1302 2797 οἵτινες
1330 2730 1489 2804 ἦσαν.

820 2924 976 2977 ΚΕΦ.
1008 2923 1079 2974 Γ⁶.

228 3022 387 3091 Στίχ.
425 3026 517 3085 ις’.
546 3048 617 3061 -
655 3017 743 3070 Ἐν
792 3016 921 3068 εῖδει
953 3014 1029 3083 (4)
1086 3009 1413 3083 περιστερᾶς
1454 3006 1625 3075 ἐφάνη
1672 3005 1734 3057 τὸ

154 3116 396 3185 Πνεῦμα
416 3114 475 3167 τὸ
500 3112 650 3181 ἅγιον
674 3110 748 3171 ὡς
772 3104 1119 3177 φιλόστοργόν
1139 3119 1197 3155 τε
1220 3102 1312 3154 καὶ
1334 3098 1730 3171 φιλάνθρωπον,

153 3210 254 3262 καὶ
315 3205 571 3266 πολλάκις
620 3202 708 3269 ὑφ’
755 3198 911 3270 ἡμῶν
964 3194 1319 3264 ἁθετούμενον
1356 3189 1516 3244 πάλιν
1554 3190 1734 3259 ἔχεται

155 3298 327 3369 ἡμῶν
364 3296 458 3348 καὶ
492 3292 771 3361 εὐεργετεῖ
814 3288 902 3341 διὰ
930 3287 1028 3356 τὴν
1079 3283 1246 3337 αὑτοῦ
1294 3282 1620 3353 ἁγαθότητα.
1669 3280 1736 3335 Ἦ

150 3392 270 3461 γὰρ
322 3384 616 3457 περιστερὰ
656 3381 1005 3451 φιλόστοργον
1048 3372 1181 3429 οὖσα
1216 3375 1312 3427 καὶ
1360 3372 1738 3443 φιλάνθρωπον

152 3480 329 3544 ζῶον,
364 3477 468 3530 ὑπὸ
496 3473 794 3545 ἀνθρώπων
827 3467 1152 3537 ἀδικουμένη
1192 3465 1259 3517 τὰ
1294 3464 1506 3533 ἐκείνης
1541 3462 1737 3531 ἔκγονα

1830 2367 1997 2423 caedis
2050 2382 2342 2436 puerorum
2385 2369 2727 2424 nativitatem
2776 2369 3024 2424 Christi:
3057 2384 3244 2421 verum
3290 2366 3393 2419 lle-

1830 2459 1982 2513 rodis
2018 2458 2351 2529 impietatem
2386 2475 2449 2513 ac
2483 2460 2724 2514 furorem
2772 2460 3251 2514 immanissimum.
3283 2457 3392 2512 Ne"

1829 2567 1935 2620 que
1959 2550 2104 2605 enim
2134 2551 2226 2620 qui
2256 2550 2534 2605 Christum
2581 2552 2867 2606 aﬂixerunt
2906 2553 3077 2619 cruci,
3104 2552 3232 2605 ntali
3277 2561 3393 2605 tum

1833 2642 2068 2710 primum
2097 2640 2352 2707 fuerunt,
2380 2642 2473 2697 sed
2507 2658 2629 2696 cum
2657 2642 2979 2711 jamdudum
3015 2645 3149 2697 tales
3186 2652 3393 2705 essent,

1833 2742 2051 2803 arrepta
2112 2738 2427 2799 occasione,
2484 2748 2545 2788 se
2609 2734 2716 2803 ipsi
2780 2734 3145 2803 prodiderunt
3203 2736 3395 2803 quales

1835 2842 1993 2881 88881]
2003 2836 2021 2879 ῐ
2030 2866 2043 2879 .

2466 2916 2615 2969 CAP.
2660 2917 2748 2971 Ill.

1909 3004 2070 3061 Vens.
2098 3006 2270 3059 16.-
2290 3004 2349 3060 ιιι
2384 3009 2565 3076 specie
2586 3009 2853 3063 columba
2880 3006 3131 3077 apparuit
3158 3003 3397 3074 Spiritus

1837 3110 2063 3157 sanctus
2126 3108 2316 3169 utpote
2390 3108 2587 3154 natura
2638 3102 2960 3164 benevolus,
3005 3108 3059 3152 et
3115 3098 3398 3151 hominum

1838 3193 2053 3262 generis
2110 3205 2300 3246 amans
2333 3210 2345 3245 :
2375 3201 2427 3246 et
2490 3194 2616 3246 licet
2663 3208 2692 3245 a
2737 3194 2897 3247 nobis
2952 3206 3092 3260 saepe
3146 3190 3401 3258 repulsus

1838 3285 2207 3355 exclususque
2250 3302 2446 3342 rursus
2478 3288 2768 3354 requirens
2804 3287 3249 3356 atnplectensque
3278 3298 3400 3343 nes,

1837 3375 2121 3429 beneﬁciis
2174 3374 2384 3440 fovens,
2414 3378 2634 3446 propria
2684 3376 2919 3445 quadam
2951 3372 3295 3429 liberalitatis
3330 3372 3404 3422 in.

1840 3474 1981 3520 nata:
2010 3467 2271 3521 bonitate.
2291 3468 2552 3522 Columba
2575 3468 2720 3524 enim
2745 3468 3062 3523 benevolum
3089 3463 3403 3517 hominum-

149 3568 539 3623 ἀποσπώντων
574 3581 634 3617 τε
680 3563 771 3616 καὶ
817 3559 1123 3620 ἐσθιόντων,
1169 3557 1271 3609 οὑκ
1307 3553 1600 3623 ἀφίσταται
1630 3554 1728 3608 τῶι

1846 3574 1946 3626 que
1969 3574 2159 3613 amans
2192 3560 2412 3625 animal,
2442 3562 2643 3614 violata
2683 3562 2811 3615 licet
2845 3561 2914 3615 ab
2957 3556 3274 3613 hominibus
3309 3554 3405 3623 qui

150 3658 441 3729 συνήθων,
470 3655 582 3709 ἀλλ’
614 3654 793 3723 ἔχεται
821 3648 1108 3708 παντοίως.

1846 3649 2022 3719 pullos
2060 3651 2107 3703 ei
2144 3666 2275 3704 suos
2321 3652 2682 3705 substrahunt
2717 3666 2923 3720 eosque
2952 3647 3268 3708 comedunt,
3298 3658 3407 3696 nun

146 3752 377 3808 deserit
425 3762 605 3805 tamen
652 3746 875 3801 infestas
923 3758 1110 3797 eorum
1151 3739 1357 3809 rapinis
1407 3740 1602 3794 domos
1654 3755 1720 3796 ac
1755 3743 1940 3813 nidos,
1975 3746 2179 3801 auibus
2231 3746 2398 3799 semel
2445 3747 2702 3809 insuevit,
2731 3745 2827 3800 sed
2862 3746 2916 3799 in
2956 3747 3024 3800 iis
3091 3747 3280 3807 haeret,
3352 3746 3410 3794 et

150 3859 365 3901 oarere
392 3844 585 3913 pergit.

228 3937 411 3990 Vens.
439 3936 525 3989 l5.
558 3964 628 3973 —
664 3931 797 3986 Nam
830 3930 906 4001 (5)
938 3936 992 3983 et
1021 3925 1153 3981 illttd
1180 3943 1193 3981 :
1226 3925 1330 3979 Hic
1371 3935 1450 3980 est
1489 3924 1664 3979 Filius
1696 3942 1841 3981 meus
1879 3925 2126 3990 dilectus,
2162 3926 2217 3978 in
2245 3941 2345 3994 quo
2375 3925 2502 3978 mihi
2550 3924 2864 3993 complacui,
2925 3925 3137 3979 insania
3186 3925 3412 3981 evidens

142 4036 240 4084 est
286 4027 363 4082 de
386 4027 495 4081 Deo
527 4025 707 4081 Verbo
731 4032 926 4094 putare
956 4022 1139 4075 dicere
1191 4034 1340 4075 eum.
1370 4018 1473 4085 Qui
1517 4020 1661 4073 enim
1698 4020 1835 4073 dixit
1878 4039 1893 4074 :
1929 4019 2030 4073 Hic
2058 4029 2136 4074 est
2168 4018 2343 4075 Filius
2379 4036 2523 4074 meus
2576 4020 2839 4082 dilectus;
2875 4026 2929 4074 et
2974 4020 3187 4087 intulit:
3223 4022 3279 4074 in
3310 4023 3412 4089 quo

144 4124 299 4177 mihi
334 4121 623 4189 complacui
647 4161 661 4184 ,
692 4117 1017 4190 signiﬁcavit
1050 4114 1193 4185 quod
1231 4122 1415 4183 aperte
1442 4112 1510 4168 ad
1550 4116 2012 4185 comparationem
2050 4112 2153 4167 hoc
2182 4112 2313 4167 dicit
2345 4112 2575 4165 aliorum
2610 4113 2865 4181 ﬁliorum,
2897 4116 2989 4185 qui
3015 4130 3116 4170 nec
3147 4115 3328 4171 dilecti
3360 4118 3411 4173 ei

142 4225 327 4278 sunt,
368 4230 466 4270 nec
499 4215 713 4271 nlacere
735 4212 898 4267 nimis
926 4216 1224 4282 potuerunt
1242 4208 1313 4265 ei.

808 4304 963 4358 ΚΕΦ.
1016 4305 1088 4356 A'.

2511 4300 2660 4357 CAP.
2703 4300 2793 4355 IV.

220 4402 392 4472 Στίχ.
426 4398 490 4470 β’.
520 4428 589 4438 --
620 4398 747 4451 Ὅτε
772 4397 852 4467 (6)
883 4398 911 4450 ὁ
934 4395 1166 4467 Χριστὸς
1205 4393 1510 4456 ἐπείνασεν,
1541 4393 1616 4456 ὡς
1643 4394 1728 4461 γέ-

1922 4392 2264 4450 Vsns.2.—
2298 4394 2528 4461 Quando
2573 4394 2831 4450 Christus
2878 4396 3103 4459 esuriit,
3159 4404 3218 4451 ut
3274 4399 3416 4453 scri-

141 4508 441 4567 γραπται,
474 4490 594 4543 τότε
627 4491 656 4542 ὁ
683 4487 922 4550 διάϐολος
952 4485 1251 4539 ἐπιτίθεται
1274 4486 1573 4555 πειράσων,
1624 4486 1728 4536 ἐπέ

1850 4495 2002 4557 ptum
2029 4495 2137 4552 est,
2166 4495 2297 4543 tunc
2315 4487 2565 4544 diabolus
2596 4491 2649 4541 in
2684 4504 2808 4542 eum
2837 4487 3043 4542 invadit
3081 4495 3413 4545 tentaturus.

136 4587 284 4641 οὐδὲ
318 4584 467 4637 πάνυ
496 4580 808 4650 τεθαύμακε
843 4578 941 4649 τὴν
980 4579 1037 4631 ἐν
1074 4576 1480 4645 τεσσαράκοντα
1510 4576 1728 4647 ἡμέραις

1852 4577 2076 4633 Scilicet
2129 4594 2240 4633 non
2290 4579 2522 4632 nimium
2572 4579 2877 4634 admiratus
2919 4587 3001 4635 est
3052 4580 3417 4651 quadraginta

138 4675 454 4747 νηστείαν,
480 4672 760 4741 γινώσκων
783 4672 872 4724 τὸν
919 4670 1101 4723 Ἠλίαν
1125 4668 1389 4731 τοσαύτας
1415 4668 1625 4740 ἡμέρας
1652 4685 1728 4737 νη-

1850 4667 2064 4723 dierum
2103 4669 2395 4739 jejunium,
2433 4686 2645 4724 memor
2669 4669 2839 4723 Eliam
2874 4670 3097 4725 totidem
3135 4670 3253 4726 dies
3270 4672 3417 4741 jeju-

135 4766 500 4821 στεύσαντα.
552 4762 643 4815 Διὸ
685 4763 777 4815 κα)⁸
819 4762 1097 4833 Θαρρήσας
1156 4758 1512 4832 προσέϐαλεν,
1561 4761 1728 4829 ὅμοιοι

1853 4760 1945 4813 ιιίο
1966 4762 2340 4816 continuasse.
2367 4762 2497 4816 lude
2519 4761 2684 4832 igitur
2708 4764 2888 4818 animo
2911 4771 3129 4832 sumpto
3155 4772 3415 4833 tanquam

133 4860 375 4928 ἐκείνῳ
400 4855 627 4926 νομίσας
655 4849 791 4909 εἶναι
818 4855 912 4906 καὶ
935 4852 995 4905 οὑ
1030 4851 1161 4904 Θεόν

1852 4849 1906 4903 in
1931 4848 2059 4904 Elite
2093 4850 2326 4905 similem
2349 4849 2478 4919 (III
2497 4850 2620 4922 Reg.
2648 4868 2760 4918 nx,
2785 4853 2863 4924 8),
2896 4852 3145 4924 nihilque
3174 4852 3417 4909 humano

133 4953 399 5024 iastigio
442 4951 619 5018 majus
656 4949 961 5011 habentem,
989 4946 1263 5005 audacter,
1297 4944 1472 4999 aleam
1504 4943 1822 4999 certaminis
1853 4954 2293 5013 exspectaturus,
2325 4946 2493 5000 vadit.
3450 4930 3455 4933 ’

222 5094 321 5155 (Ι)
361 5090 486 5141 Act.
514 5085 573 5140 C.
600 5085 787 5139 Const.
813 5100 875 5144 ιι,
901 5099 973 5145 tv,
998 5081 1088 5147 56,
1114 5080 1234 5155 Vig.
1262 5087 1455 5155 Const.
1485 5078 1757 5155 57,_Is:jus-

128 5150 278 5217 dent
302 5150 385 5214 rex
410 5158 543 5209 libro
574 5156 593 5227 [
617 5164 745 5209 vett.
782 5155 927 5215 libri,
960 5168 1023 5205 ca:
1048 5150 1224 5227 eodeni
1254 5151 1386 5227 libro
1411 5150 1430 5222 ]
1456 5150 1593 5219 quod
1616 5150 1754 5227 Deus

126 5242 452 5303 peccatum
480 5221 745 5303 docuit‘et
776 5233 991 5303 mortem
1031 5221 1375 5303 introduxiﬁ‘
1412 5221 1462 5275 γ.
1500 5232 1620 5289 qua:
1643 5221 1753 5273 dixi

126 5289 198 5361 in
229 5305 559 5357 comment.
594 5312 646 5364 p.
670 5295 759 5356 64,
791 5310 843 5347 ιι.
880 5290 1130 5364 5__(iul'ra,
1152 5292 1263 5364 col.
1291 5289 1402 5358 55).

219 5356 642 5441 (9.)Leg‘unttir
678 5366 789 5441 haec
823 5365 882 5441 in
907 5361 1099 5441 hiatth.
1147 5356 1446 5429 fragmenta
1475 5356 1753 5441 Craeca'i'n

126 5474 171 5500 ,,
228 5429 246 5497 Ξ
298 5429 694 5509 Βςηιῖιοίατιιιιι
732 5436 785 5488 in
826 5430 1137 5509 Matthwum
1164 5440 1359 5509 _tomus
1411 5429 1564 5509 prior.
1601 5429 1754 5482 exhi-

126 5525 289 5569 bens
362 5499 611 5561 'catenam
652 5504 820 5559 Gru'c.
886 5502 1040 5555 Patr.
1084 5500 1239 5553 unius
1294 5507 1343 5551 et
1381 5499 1564 5569 viginti
1618 5515 1755 5551 nunc

127 5568 822 5652 eammeam-.1?»
874 5570 1183 5652 animus.“
1260 5568 1614 5652 διέαιετίεείππὲ
1687 5569 1750 5648 ιδ·

126 5635 371 5713 δαΐοιί
403 5648 467 5701 de
501 5645 766 5700 Mantehal
795 5642 1022 5713 archiep.
1064 5638 1313 5713 Tolosani
1335 5637 1534 5713 ΔΡιτινιιδ
1570 5635 1754 5713 Possi-

297 5738 335 5775 e
368 5734 475 5771 30c.
500 5716 628 5770 Iesu
656 5730 860 5769 eacrar.
902 5705 1218 5765 Litterarum
1249 5707 1453 5781 Tolosae
1467 5705 1749 5781 professor,

127 5777 673 5858 Extantiquissimis
710 5784 1023 5839 membranis
1062 5781 1217 5844 eruit,
1261 5777 1453 5833 Latina
1498 5779 1753 5846 interpre—

1862 5080 2060 5133 tatione
2100 5088 2151 5133 et
2191 5082 2407 5135 scholiis
2435 5081 2746 5145 illustravit,
2783 5080 3078 5149 librumque
3112 5079 3330 5149 addidit
3357 5079 3420 5132 de

1862 5149 2147 5221 concordia
2175 5153 2621 5218 evangelistarnm
2668 5154 2725 5205 in
2752 5148 3057 5221 genealogia
3084 5148 3280 5221 Christ.
3298 5149 3420 5221 _To-

1859 5220 1986 5290 (oste
2017 5218 2170 5273 1646.
2206 5221 2243 5274 f.
2288 5217 2531 5290 Singulis
2575 5217 2852 5290 praemissa
2905 5217 3033 5273 sunt
3059 5217 3421 5290 νηΘεοδὼρου

1858 5288 2363 5357 Μοψουεστίαςμιιιι
2382 5287 2470 5359 (ad
2492 5287 2646 5351 xxiii,
2674 5292 2784 5358 15.)
2814 5290 2877 5343 θ.
2909 5287 3242 5358 Ἀντιοχέως.
3266 5287 3419 5354 Qtwd

1858 5359 2188 5430 prinioioco
2216 5360 2399 5429 posui,
2432 5361 2710 5415 invenitur
2741 5377 2797 5430 ρ.
2832 5360 2918 5415 15.

1928 5426 2005 5497 (5)
2044 5426 2256 5498 Ροεεὶιῇ
2293 5440 2399 5483 cat.
2434 5446 2488 5498 p.
2520 5431 2609 5483 51.

1926 5496 2005 5565 (Et)
2042 5496 2266 5553 Possini
2289 5507 2397 5552 cat.
2427 5496 2481 5567 β.
2517 5500 2606 5552 45.

1927 5568 2024 5637 (5)
2048 5568 2170 5622 Act.
2207 5569 2269 5622 C.
2301 5566 2493 5623 ConSt.
2530 5584 2590 5631 ιι,
2627 5586 2699 5630 tv,
2753 5569 2844 5629 40,
2882 5567 3045 5637 Vigil.
3099 5577 3275 5624 const.
3325 5566 3419 5633 40,

1859 5635 2109 5700 Eiusdem
2136 5637 2329 5691 Tlteod.
2370 5653 2435 5691 ea:
2481 5640 2909 5705 interpretatione
2951 5635 3052 5692 Sec.
3110 5638 3419 5694 Matthwum

1856 5706 2168 5775 Evangelii;
2209 5709 2301 5762 sed
2334 5725 2386 5759 v.
2416 5725 2538 5775 qua:
2565 5710 2676 5763 dixi
2706 5710 2759 5764 in
2794 5718 3091 5765 comment.

1927 5777 2003 5847 (6)
2036 5776 2249 5833 Possini
2282 5789 2388 5834 cat.
2421 5794 2473 5848 p.
2510 5779 2597 5833 46.
