3904 6528
476 317 580 376 797

1131 437 1284 491 CAP.
1331 439 1394 492 ν.

545 527 711 585 Vens.
741 530 830 584 40.
863 560 928 570 -
953 529 1221 586 Convenit
1262 549 1372 587 non
1406 535 1686 591 declinare
1729 539 2043 594 contentio-

473 639 597 677 nem
629 638 750 676 cum
787 622 1141 688 adversariis,
1170 625 1394 693 quando
1419 642 1484 681 ea
1514 643 1614 696 pro
1644 629 1910 699 religione
1949 636 2046 683 aut

473 715 670 784 pietate
701 714 883 768 fuerit.
906 712 1060 768 Tunc
1091 715 1238 769 enim
1267 718 1589 772 exantlandi
1610 719 1867 775 alacriter
1891 720 2046 775 labo-

473 821 562 861 res
609 821 820 869 omnes,
853 815 908 859 et
952 807 1092 859 mala
1131 822 1476 878 quzecunque
1529 809 1848 879 perferenda
1882 812 2046 866 etiam

471 913 596 953 cum
630 899 851 967 gaudio.
888 898 1043 963 Quod
1088 901 1134 954 si
1173 900 1317 956 adsit
1359 901 1542 972 aliqua
1577 903 1734 972 c0pia
1775 912 2042 972 tempora-

470 987 600 1040 lium
652 1001 857 1050 rerum,
896 986 1176 1041 toleranda
1231 989 1464 1045 libenter
1518 990 1639 1060 ejus
1688 991 1928 1058 jactura,
1986 1002 2041 1047 et

467 1079 683 1148 eripere
728 1078 934 1133 volenti
968 1079 1404 1145 concedendum,
1435 1082 1572 1136 nihil
1599 1084 1898 1154 quidquam
1956 1083 2041 1137 hi-

469 1168 676 1224 scendo
699 1177 914 1223 contra.

1661 326 2010 385 THEODORI
2046 329 2524 387 MOPSUESTENI
3621 335 3696 383 ’Μ

2075 454 2124 510 Δ

2796 450 2946 503 ΚΕΦ.
2980 450 3052 503 Ε’.

2217 541 2365 610 Στίχ.
2407 547 2480 611 μ’.
2507 571 2575 581 -
2600 542 2873 613 Προσήκει
2898 545 2971 612 (1)
2999 543 3096 614 τὴν
3119 543 3253 615 πρὸς
3293 543 3420 607 τοὺς
3447 544 3694 606 ἐναντίους

2151 636 2225 705 μὴ
2249 636 2516 689 ἐκκλίνειν
2560 637 2908 706 φιλονεικίαν,
2956 639 3085 692 ὅταν
3129 639 3268 709 ὑπὲρ
3293 636 3396 707 τῆς
3441 636 3694 699 εὑσεὸείας

2141 729 2406 799 τυγχάνῃ,
2432 730 2630 799 μᾶλλον
2664 731 2762 800 μὲν
2791 726 2884 785 οὖν
2917 731 3013 783 καὶ
3042 731 3112 784 τὰ
3139 729 3288 783 δεινὰ
3307 729 3598 799 ὑπομένειν
3621 730 3698 782 καὶ

2142 821 2354 891 χαίρειν
2401 823 2496 874 ἐπὶ
2531 823 2758 885 τούτοις.
2797 822 2860 876 Εἰ
2904 823 2961 874 δὲ
2995 823 3183 893 ἔτερόν
3214 839 3269 875 τι
3310 822 3420 874 τῶν
3455 820 3698 891 βιωτικῶν

2147 909 2402 981 ὑπάρχει,
2435 912 2605 980 ἡδέως
2639 914 2991 983 παραχωρεῖν
3025 912 3101 983 τῷ
3131 911 3442 984 βουλομένῳ
3471 910 3568 964 καὶ
3597 910 3698 981 μηδ’

2144 1002 2442 1056 ὁπωστιοῦν
2467 1003 2940 1072 ἀντιφθέγγεσθαι.

2060 1307 2073 1321 .
2114 1266 2252 1321 VIII.

2060 1307 2073 1321 .
2114 1267 2179 1320 VI
2211 1267 2252 1321 l.

541 1356 709 1413 Vens.
740 1359 827 1413 I5.
861 1387 931 1397 —
965 1356 1324 1427 Snpplicabat
1349 1356 1427 1429 (2)
1454 1365 1636 1414 autem
1662 1360 1734 1424 ei,
1767 1267 2069 1430 inquiﬁAEt
2101 1267 2321 1414 cularet
2350 1375 2603 1429 puerum.
2635 1359 2716 1414 Ad
2763 1375 2924 1430 quem
2971 1360 3238 1417 Dominus
3283 1361 3455 1416 dicit:
3487 1358 3598 1431 Ego
3623 1374 3702 1414 xe-

467 1459 629 1512 niens
649 1457 853 1512 curabo
871 1473 1016 1512 eum.
1040 1455 1334 1525 PrOpterea
1359 1454 1594 1509 maxime
1622 1455 1740 1525 ipse
1759 1454 2069 1525 promptius
2101 1454 2181 1510 ire
2206 1455 2479 1525 promisit,
2509 1465 2570 1510 ut
2591 1457 2767 1511 virtus
2795 1458 3138 1513 centurionis
3156 1473 3278 1513 cum
3308 1456 3512 1527 refugit
3546 1471 3702 1525 appa-

468 1557 633 1604 reret.
667 1549 900 1611 Etenim,
935 1546 1058 1601 Non
1094 1563 1211 1600 sum
1246 1545 1454 1615 dignus,
1490 1543 1643 1609 dicit,
1676 1553 1735 1598 ut
1762 1546 1927 1600 intres
1961 1545 2056 1600 sub
2089 1553 2282 1600 tectum
2309 1563 2517 1611 meum;
2549 1549 2713 1618 igitur
2741 1549 2890 1602 verbo
2924 1557 3130 1602 tantum
3163 1549 3269 1612 die,
3302 1555 3356 1603 et
3391 1547 3498 1602 hoc
3524 1561 3703 1599 curare

466 1640 972 1697 sulliciet.Primum
997 1642 1162 1711 igitur
1189 1641 1548 1697 reverentiam
1578 1628 2100 1707 multam,'secundo
2130 1649 2312 1696 autem
2343 1644 2634 1698 maximam
2690 1643 2849 1700 ﬁdem
2918 1643 3177 1699 ostendit.
3215 1641 3424 1696 Deinde
3481 1649 3540 1695 et
3592 1656 3704 1694 cum

465 1737 753 1807 prudentia
794 1736 952 1791 [idem
985 1736 1260 1806 propriam
1295 1743 1642 1791 monstrans:
1676 1735 1821 1790 Nam
1874 1747 1924 1790 et
1951 1752 2043 1805 ego
2074 1743 2118 1798 B
2219 1735 2361 1791 Bene
2389 1736 2602 1795 intulit:
2627 1736 2703 1808 (3)
2722 1737 2964 1808 Namque
2983 1748 3032 1793 et
3048 1755 3139 1810 ego
3156 1738 3308 1792 homo
3329 1753 3470 1799 sum,
3490 1743 3551 1789 ut
3572 1734 3705 1790 dicat

465 1825 618 1879 homo
637 1842 749 1878 sum
770 1824 864 1878 sub
893 1833 1169 1894 potestate,
1189 1825 1384 1879 habens
1406 1825 1499 1880 sub
1523 1842 1603 1879 me
1620 1827 1836 1892 milites,
1856 1834 1904 1879 et
1926 1825 2044 1879 dico

465 1914 605 1980 huic,
633 1913 789 1978 Vade,
802 1923 849 1967 et
868 1914 1030 1976 vadit;
1047 1925 1096 1967 et
1118 1914 1236 1979 alii,
1263 1913 1722 1981 Vcni,etvenit;et
1743 1933 1886 1971 servo
1908 1933 2044 1984 meo,

466 2004 581 2058 Fac
609 2006 725 2069 hoc,
755 2017 803 2060 et
833 2006 984 2075 facit.
1021 2005 1329 2062 Prudentiaa
1357 2007 1504 2062 enim
1549 2015 1688 2070 erat,
1736 2009 2041 2064 secundum

465 2099 869 2168 rationemque
885 2099 934 2153 ei
965 2098 1272 2163 videbatur,
1303 2099 1432 2153 talia
1459 2099 1685 2156 credere
1717 2100 1784 2155 de
1797 2101 2039 2156 Christo.

465 2189 641 2244 Homo
669 2191 810 2244 enim
829 2199 883 2245 et
910 2205 1044 2260 ego:
1082 2190 1180 2246 sed
1209 2201 1413 2256 tamen,
1449 2206 1684 2262 quorum
1734 2193 1922 2261 accepi
1952 2207 2043 2262 po-

464 2291 737 2344 testatem,
769 2281 960 2336 horum
994 2297 1114 2349 sum
1145 2282 1401 2338 dominus
1427 2302 1441 2337 ε
1471 2299 1594 2352 qua:
1612 2284 1745 2337 mihi
1765 2285 2038 2352 videntur,

461 2389 526 2430 ea
559 2374 697 2428 ﬁunt
730 2388 760 2426 a
796 2374 932 2428 meis
961 2374 1248 2443 subjectis.
1283 2373 1425 2445 Ergo
1477 2375 1615 2429 nihil
1643 2375 1712 2430 ab
1747 2390 1807 2431 re
1841 2385 1944 2439 est,
1985 2384 2040 2432 et

466 2477 519 2522 te
542 2467 682 2521 hanc
713 2474 961 2521 sumente
995 2479 1027 2519 a
1064 2465 1172 2521 Deo
1205 2474 1550 2537 potestatem,
1607 2469 1778 2524 verbo
1824 2476 2036 2522 tantum

456 2558 685 2627 jubente
737 2558 934 2628 expelli
996 2559 1299 2628 passiones.
1364 2558 1553 2628 Neque
1589 2560 1734 2613 enim
1773 2567 2072 2630 tanquam-

461 2648 555 2704 Dei
589 2648 811 2713 Filium,
843 2657 897 2704 et
925 2658 1050 2704 ante
1066 2643 1284 2705 omnem
1300 2661 1605 2705 creaturam
1626 2651 2034 2716 subsistentem,

459 2747 514 2793 ct
549 2739 792 2792 onmium
850 2755 971 2809 qua:
1003 2749 1132 2794 sunt
1193 2739 1703 2810 opiﬁcem,adierat
1761 2742 2032 2796 centurio.

458 2833 585 2890 Ilaec
612 2836 755 2891 enim
791 2853 966 2907 neque
995 2837 1386 2907 discipulorum
1421 2847 1536 2893 erat
1568 2846 1698 2892 tunc
1729 2839 1872 2892 scire
1905 2845 2036 2890 ante

458 2945 701 2995 crucem,
734 2931 880 2984 sicut
910 2931 965 2984 in
1000 2931 1225 3000 reliquis
1256 2930 1632 2991 ostendemus,
1670 2929 1899 2983 Domino
1938 2929 2036 2999 ad-

452 3021 698 3090 jnvante,
730 3021 1023 3078 subtilius:
1053 3023 1148 3076 sed
1177 3029 1440 3093 tanquam
1475 3021 1751 3076 hominem
1799 3035 1895 3090 per
1922 3020 2034 3073 vir-

456 3123 624 3170 tutem
653 3115 909 3186 adeptum
937 3130 966 3168 a
1000 3114 1108 3171 Deo
1148 3116 1410 3184 majorem
1439 3127 1602 3183 quam
1644 3121 1729 3166 est
1789 3112 2028 3167 hominis

454 3215 799 3277 potestatem.
863 3205 1019 3262 Unde
1071 3207 1123 3263 ei
1179 3206 1360 3264 dixit:
1426 3205 1559 3260 Nam
1605 3212 1661 3261 et
1715 3219 1816 3276 ego
1860 3205 2028 3260 homo

455 3313 600 3354 ευηη.

525 3393 696 3450 Vens.
723 3394 815 3450 '54.
847 3425 917 3437 —
945 3393 1236 3462 Rogabant
1283 3394 1447 3466 igitur
1491 3402 1553 3450 ut
1592 3393 1664 3450 ad
1699 3395 1835 3450 alios
1887 3393 2023 3448 lines

455 3484 744 3547 transiret,
775 3484 934 3554 quasi
962 3499 1071 3537 non
1093 3483 1242 3554 digni
1261 3493 1448 3538 essent
1469 3483 1562 3554 qui
1588 3491 1740 3538 tanto
1765 3484 1908 3538 bono
1925 3497 2023 3538 sua

453 3572 510 3626 in
547 3572 721 3643 patria
749 3571 1084 3640 fruerentur,
1109 3572 1288 3628 territi
1313 3571 1524 3628 scilicet
1553 3581 1775 3644 propter
1803 3579 2022 3644 peccata

453 3675 572 3716 sua.

1087 3767 1240 3825 CAP.
1279 3766 1368 3824 IX.

521 3860 688 3917 Vens.
719 3861 774 3917 8.
799 3890 870 3900 —
896 3859 1047 3933 Opus
1099 3861 1320 3932 quidem
1358 3859 1606 3915 divinum
1649 3860 1900 3926 videtur;
1932 3858 2026 3914 ille

447 3958 628 4005 autem
664 3951 756 4019 qui
790 3948 942 4014 fecit,
970 3951 1166 4016 homo;
1191 3963 1297 4019 qua
1333 3948 1399 4003 de
1424 3963 1592 4002 causa
1628 3948 1774 4002 velut
1815 3948 2021 4004 donum

448 4037 566 4102 Dei,
587 4053 697 4093 non
729 4045 790 4092 ut
819 4038 1073 4094 virtutem
1109 4038 1314 4093 Christi
1346 4037 1617 4090 mirantur
1651 4037 1809 4092 illud.

1123 4150 1250 4204 IAP.
1293 4148 1363 4204 X.

1123 4151 1134 4167 ‘
1235 4189 1250 4204 .
1293 4150 1363 4204 X.

518 4241 684 4298 Vens.
721 4241 774 4296 5.
804 4273 874 4282 —
901 4150 1234 4296 Samariigrii
1272 4242 1528 4297 civitates
1579 4241 1903 4296 habitabant
1958 4245 2014 4298 in

449 4335 626 4391 media
657 4335 775 4404 ipsa
807 4332 993 4388 Judasa
1027 4334 1185 4400 sitas,
1212 4349 1310 4404 per
1339 4348 1477 4403 quas
1508 4334 1882 4389 necessarium
1916 4335 2020 4391 iter

2144 1827 2294 1882 Nihil
2324 1829 2632 1884 mirandum
2663 1831 2710 1885 si
2739 1831 2841 1885 hoc
2875 1840 3054 1903 potes,
3095 1846 3219 1885 cum
3253 1829 3329 1887 sis
3370 1829 3538 1884 homo
3567 1829 3707 1882 acci~

2145 1920 2300 1991 piens
2321 1936 2354 1975 a
2385 1919 2496 1976 Deo
2520 1939 2533 1975 :
2557 1924 2815 1993 quoniam
2845 1931 2900 1976 et
2931 1939 3033 1994 ego
3063 1937 3186 1977 cum
3218 1921 3322 1977 hoc
3351 1922 3482 1983 sim,
3508 1919 3708 1990 accipio

2143 2010 2503 2078 obedientes,
2577 2014 2742 2070 semel
2816 2014 3024 2070 habens
3089 2013 3318 2084 jubendi
3389 2019 3706 2082 potestatem

2144 2110 2365 2174 propter
2401 2103 2611 2160 datoris
2658 2105 3079 2172 indulgentiam.

2212 2365 2553 2436 Quapropter
2574 2365 2648 2437 (4)
2675 2381 2774 2420 nec
2801 2366 3160 2434 incongruum
3188 2371 3292 2429 est,
3314 2370 3369 2419 et
3407 2371 3462 2418 te
3495 2371 3709 2432 accepta

2140 2455 2245 2509 ista
2270 2469 2302 2508 a
2339 2455 2445 2509 Deo
2484 2460 2776 2525 potestate,
2811 2454 2981 2508 verbo
3015 2453 3136 2508 solo
3159 2451 3446 2521 jubentem
3500 2453 3710 2521 abigere

2139 2545 2447 2614 passiones.
2494 2544 2602 2598 Nec
2650 2544 2795 2598 enim
2856 2551 3120 2613 tanquam
3151 2541 3286 2598 Filio
3342 2541 3440 2596 Dei
3482 2553 3537 2597 et
3591 2551 3710 2598 ante

2141 2638 2450 2692 universam
2475 2644 2784 2690 creaturam
2823 2635 3139 2702 exsistenti,
3173 2644 3228 2691 et
3257 2635 3504 2692 creatori
3525 2649 3708 2690 eorum

2136 2742 2259 2797 qua:
2288 2735 2436 2791 sunt,
2465 2725 2698 2782 accessit
2733 2725 3004 2781 centurio.

2199 3387 2347 3457 Στίχ.
2380 3385 2474 3441 λδί.
2492 3416 2560 3430 -—-
2582 3383 2972 3456 Παρεκάλεσαν
2992 3385 3171 3440 τοίνυν
3194 3384 3279 3454 ἐφ’
3303 3383 3530 3457 ἑτέρους
3554 3401 3705 3456 μετα.

2130 3480 2286 3551 ϐῆναι
2315 3478 2532 3542 τόπους,
2554 3477 2630 3540 ὡς
2647 3477 2748 3530 οὑκ
2768 3477 2908 3543 ἄξιοι
2926 3476 3077 3540 ὄντες
3103 3475 3354 3530 τοσοῦτον
3385 3477 3593 3545 ἀγαθὸν
3618 3477 3700 3529 ἐπὶ

2127 3573 2226 3643 τῆς
2260 3571 2468 3633 οἰκείας
2493 3569 2638 3640 ἔχειν
2663 3567 2879 3642 χώρας,
2928 3569 3200 3633 δείσαντες
3232 3569 3406 3640 δήπου
3454 3571 3702 3640 ἁμαρτηο

2133 3666 2318 3736 μάτων
2343 3665 2548 3718 ἱἕνεκεν.

2787 3776 2942 3828 ΚΕΦ.
2983 3776 3060 3829 Θθ.

2197 3870 2343 3941 Στίχ.
2377 3876 2446 3942 η’.
2481 3899 2553 3910 -
2590 3867 2743 3922 Θεῖον
2765 3867 2825 3921 τὸ
2848 3868 3075 3938 πρᾶγμα
3100 3865 3480 3935 γινώσκουσιν,
3521 3868 3608 3921 τὸν
3646 3867 3698 3920 ὁὶ

2126 3965 2425 4034 ποιήσαντα
2469 3961 2670 4032 ὁρῶσιν
2714 3961 3018 4031 ἄνθρωπον·
3055 3961 3144 4013 διὰ
3175 3959 3334 4013 τοῦτο
3362 3961 3456 4024 ,ὡς
3495 3962 3698 4029 δωρεὰν

2121 4054 2218 4110 τοῦ
2247 4055 2405 4120 Θεοῦ,
2440 4053 2535 4107 καὶ
2563 4053 2659 4124 οὑχ
2685 4051 2762 4116 ὡς
2788 4052 2952 4106 αὑτοῦ
2978 4051 3207 4124 δύναμιν
3237 4052 3630 4124 θαυμάζουσιν.

2790 4170 2948 4222 ΚΕΦ.
2994 4171 3036 4224 I.

2196 4263 2344 4335 Στίχ.
2370 4270 2430 4318 ε’.
2457 4293 2528 4304 -
2549 4263 2612 4317 Οἱ
2631 4263 2975 4334 Σαμαρεῖται
3008 4262 3087 4334 (5)
3109 4261 3294 4327 πόλεις
3333 4263 3617 4333 κατῴκουν
3643 4263 3696 4313 ἐν

2128 4357 2280 4428 μέσῳ
2312 4358 2409 4428 τῆς
2454 4356 2736 4421 Ἰουδαίας,
2772 4355 2840 4409 δι’
2870 4349 2946 4411 ὧν
2971 4356 3265 4425 ἀναγκαῖον
3300 4352 3369 4426 ἦν
3402 4358 3528 4420 τοὺς
3565 4357 3699 4408 ἀπο-

446 4435 566 4482 erat
587 4427 847 4498 apostolis
875 4427 1019 4480 ultro
1042 4426 1298 4494 citroque
1324 4441 1420 4495 per
1440 4423 1683 4479 Judzeam
1705 4438 1946 4478 commea
1957 4438 2018 4475 n-

2148 4447 2341 4511 ττὸλους
2364 4445 2710 4518 πορεύεσθαι.
2733 4447 2823 4499 Διὸ
2841 4446 2934 4500 καὶ
2964 4447 3199 4502 ἐκώλυεν
3231 4449 3450 4512 αὐτοὺς,
3473 4446 3552 4516 μὴ
3572 4451 3697 4499 εἰσι

449 4518 614 4572 tibus.
638 4516 940 4572 Occasione
973 4517 1140 4587 igitur
1165 4517 1366 4587 saepius
1383 4531 1682 4572 oceursura
1705 4515 2014 4570 introeundi

444 4607 714 4678 ejusmodi
742 4607 928 4672 urbes,
954 4616 1102 4664 vetat
1125 4611 1276 4680 ipsos
1305 4627 1318 4664 :
1345 4625 1406 4663 ne
1427 4609 1759 4663 introieritis.
1783 4605 1855 4662 De
1888 4623 2016 4677 gen-

445 4700 592 4754 tibus
620 4714 748 4754 vero
782 4714 893 4754 non
922 4698 1081 4764 dixit,
1113 4717 1174 4755 ne
1210 4701 1543 4767 introieritis,
1577 4701 1672 4755 sed
1702 4715 1764 4753 ne
1782 4700 1935 4752 eatis.

515 4789 684 4846 Vens.
721 4791 896 4847 16.—
923 4789 980 4845 Si
1014 4793 1139 4862 quis
1171 4792 1439 4847 columbae
1478 4792 1659 4862 pullos
1689 4791 2006 4854 abstulerit,

448 4893 626 4938 Lamen
661 4883 752 4936 illa
797 4883 855 4937 in
893 4883 1016 4939 loco
1045 4883 1237 4939 eodem
1270 4884 1468 4938 iterum
1497 4897 1598 4938 ova
1636 4882 1922 4937 incubabit
1957 4891 2012 4937 et

442 4973 716 5030 excludet.
737 4972 930 5045 Itaque
963 4984 1019 5031 et
1049 4991 1170 5040 vos,
1198 4975 1297 5040 ait,
1332 4975 1549 5030 insidiis
1581 4982 1635 5030 et
1667 4982 2012 5045 persecutio-

442 5068 606 5122 nibus
654 5068 906 5138 appetiti,
938 5075 1151 5123 manete
1199 5069 1256 5123 in
1292 5083 1413 5123 mea
1447 5068 1574 5133 tide,
1610 5082 1786 5137 neque
1815 5067 2009 5131 averti,

441 5161 706 5216 abducive
737 5177 836 5217 vos
871 5177 1144 5232 quoquam
1176 5162 1359 5217 sinite.
1387 5159 1655 5216 Caeterum
1689 5170 1751 5214 ut
1783 5175 2014 5230 serpens

441 5252 658 5324 fugiens
691 5254 1090 5323 occultansque
1122 5255 1366 5325 seipsum
1396 5253 1576 5309 evadit
1610 5255 1819 5318 salvus,
1856 5255 1930 5306 ita
1961 5262 2015 5307 et

439 5358 538 5397 vos
569 5345 614 5398 si
650 5343 772 5414 fuga
804 5345 1110 5401 vitaveritis
1132 5360 1228 5400 eos
1251 5346 1344 5414 qui
1375 5346 1624 5401 cruentis
1651 5344 1849 5398 armati
1873 5344 2013 5397 odiis

438 5449 535 5488 vos
575 5434 643 5488 ad
676 5434 879 5489 caedem
909 5443 1185 5505 quzernnt,
1213 5435 1433 5490 vivetis.

511 5569 589 5640 (I)
617 5569 831 5640 Eossini
863 5579 974 5625 eat.
1013 5587 1070 5640 p.
1101 5572 1188 5626 77.

508 5639 586 5710 (Ξ)
619 5639 857 5696 Facund.
882 5657 977 5708 pro
1001 5639 1302 5710 defensione
1327 5655 1396 5697 tr.
1420 5645 1636 5709 capitul.
1683 5663 1764 5710 In,
1792 5648 1838 5704 4.

508 5711 596 5780 (1'3),
620 5712 1132 5780 Acta‘cpncﬁonst.
1161 5728 1220 5775 ιι,
1246 5727 1318 5776 Iv,
1350 5715 1412 5770 51
1464 5714 1643 5780 Vigilii
1670 5719 1896 5776 constit.
1917 5721 2005 5775 ΒΞ.

443 5768 720 5833 εαηιιιινιο
750 5768 885 5823 libro
917 5785 1191 5830 comment.
1211 5768 1326 5835 ’σαεξ
1359 5768 1549 5842 Matth:

2121 4536 2361 4604 ἐλθητε·
2407 4538 2498 4590 ἐπὶ
2527 4537 2582 4591 δὲ
2612 4537 2720 4590 τῶν
2749 4536 2916 4591 ἐθνῶν
2951 4537 3052 4594 οὐκ
3083 4534 3202 4592 εἷπε
3231 4539 3327 4606 Μὴ
3366 4539 3695 4604 εἰσέλθητε,

2123 4629 2260 4684 ἀλλὰ
2289 4629 2384 4699 Μὴ
2420 4629 2745 4698 ἀπέλθητε.

2191 4806 2337 4879 Στίχ.
2371 4817 2466 4874 ις’.
2504 4840 2571 4851 -
2617 4810 2742 4865 Ἐάν
2767 4828 2850 4875 τις
2887 4811 2965 4881 (6)
3015 4815 3342 4885 περιστερᾶς
3394 4815 3699 4884 dapem-ﬁta:

2118 4900 2244 4965 τοὺς
2272 4903 2543 4969 νεοσσοὺς,
2583 4904 2640 4957 ἐν
2673 4904 2750 4973 τῷ
2790 4905 2940 4974 τόπῳ
2967 4906 3160 4977 ἐκείνῳ
3190 4907 3353 4960 πάλιν
3403 4909 3699 4961 νεοττεύει.

2118 4991 2208 5044 Διὸ
2239 4993 2332 5045 καὶ
2362 4993 2518 5063 ὑμεῖς
2537 5036 2552 5060 ,
2595 4997 2779 5066 φησὶν,
2809 4997 3276 5069 ἐπιϐουλευόμενοί
3304 5017 3365 5052 τε
3391 5002 3477 5054 καὶ
3499 5002 3702 5053 διωκὸ-

2124 5100 2275 5151 μενοι
2312 5083 2498 5154 μένετε
2537 5087 2594 5138 ὲν
2623 5089 2687 5157 τῇ
2737 5089 2843 5160 ἐμῇ
2879 5090 3058 5143 πίστει
3101 5093 3198 5145 καὶ
3231 5093 3354 5163 μηδ’
3389 5095 3515 5157 ὅλως
3560 5096 3704 5162 ἀφί-

2123 5174 2346 5227 στασθε⁸
2366 5177 2458 5228 καὶ
2483 5175 2672 5248 ὥσπερ
2687 5181 2715 5231 ὀ
2729 5179 2849 5249 ὄφις
2865 5180 3080 5250 φεύγων
3103 5185 3196 5236 καὶ
3219 5185 3470 5256 κρύπτων
3490 5187 3702 5237 ἑαυτὸν

2121 5265 2349 5328 σώζεται
2371 5304 2385 5329 ,
2417 5266 2558 5319 οὕτω
2590 5269 2685 5321 καὶ
2717 5269 2874 5340 ὑμεῖς
2907 5271 3198 5343 φεύγοντες
3237 5277 3363 5341 τοὺς
3401 5275 3703 5346 μέλλοντας

2117 5356 2358 5427 ἀναιρεῖν
2388 5357 2530 5427 ὑμᾶς
2561 5357 2813 5428 ζήσεσθε.

2190 5584 2267 5652 (4)
2297 5586 2429 5643 Ihid.
2469 5609 2520 5647 ιι.
2553 5595 2620 5649 52

2191 5661 2268 5732 (57)
2310 5659 2524 5732 Possini
2551 5671 2657 5717 cat.
2690 5677 2745 5732 p.
2777 5660 2897 5716 194.

2197 5731 2275 5801 (6)
2309 5731 2442 5786 lbid.
