3804 6524
149 357 262 417 “:09

215 566 375 634 Στίχ.
407 562 559 626 C2——
578 560 791 613 Θυσιῶν
823 559 942 628 μὲν,
967 556 1133 625 φησὶν
1156 553 1254 625 (l),
1280 555 1340 606 οὺ
1369 550 1730 623 προσδέομαι,

1293 340 1359 398 IN
1390 358 1391 361 ‘
1421 336 1868 398 EVANGELIUM
1912 333 2265 392 MAT'I‘IUEI.

810 466 969 520 ΚΕΦ.
998 464 1094 517 IB'.
1756 465 1800 519 Α

3289 327 3394 383 710

2444 448 2598 506 CAP.
2642 446 2763 503 XII.

1904 541 2069 595 Vens.
2109 535 2160 594 7.
2192 570 2261 581 ——
2294 534 2617 608 Sacriﬁciis,
2653 540 2853 611 inquit,
2874 553 2986 592 non
3026 535 3266 609 indigeo,
3302 535 3392 590 illa

145 630 382 727 δέχομαι
406 654 463 707 δὲ
493 653 699 715 ταύτας
719 652 787 721 τῇ
809 651 910 719 τῆς
944 645 1215 717 ὑμετέρας
1249 643 1527 706 ἀσθενείας
1543 640 1736 712 γνώμῃ

1886 648 2020 689 lmen
2062 634 2306 703 suscipio
2352 648 2440 689 me
2487 642 2684 689 vestrae
2730 630 3038 687 inﬁrmitati
3089 644 3397 684 accommo-

147 740 635 813 συγκαταϐαίνων,
673 736 921 792 ἀπαιτῶν
966 734 1023 786 δὲ
1054 733 1121 787 τά
1165 733 1258 785 δύο
1294 731 1486 795 ταῦτα,
1535 730 1635 800 τήν
1676 744 1736 780 τε

1886 741 1973 782 ms
2000 740 2014 779 :
2053 733 2111 779 at
2136 723 2245 779 duo
2277 724 2389 778 haec
2422 726 2660 795 postulo,
2687 732 2747 778 ut
2784 738 2871 780 me
2902 737 3090 777 amore
3118 729 3173 777 et
3207 721 3398 793 proxi-

146 836 291 904 πρὸς
320 832 424 902 ἐμὲ
463 830 674 886 εὖνοιαν
710 829 806 881 καὶ
836 827 938 896 τὴν
986 825 1065 886 εἰς
1114 822 1206 875 τὸν
1241 822 1408 884 πέλας
1437 817 1737 893 φιλανθρω-

147 926 307 978 πίαν·
340 922 518 976 ταῦτα
545 922 655 991 γὰρ
700 916 1007 989 νομοθετῶν
1056 914 1248 985 πρῶτα
1287 913 1525 967 τέθεικα·
1585 913 1740 978 Ἀγα-

147 1016 383 1081 πήσεις
422 1014 640 1081 Κύριον
672 1009 780 1065 τὸν
829 1009 978 1064 Θεόν
1029 1022 1146 1062 σου
1194 1005 1291 1060 καὶ
1332 1003 1438 1058 τὸν
1479 1002 1741 1070 πλησίον

146 1126 275 1162 σου
307 1109 392 1173 ὡς
424 1106 658 1159 ἑαυτόν.
942 1138 946 1143 .

223 1198 383 1267 Στίχ.
413 1196 508 1250 λδ¹.
532 1225 602 1237 ——
632 1191 703 1246 Ὦ
725 1236 739 1259 ,
772 1193 904 1262 φησὶ
926 1232 941 1259 ,
972 1190 1189 1245 πάντων
1224 1187 1522 1259 ἀνθρώπων
1575 1202 1741 1257 πονηο

152 1290 385 1362 ρότατοι
434 1289 529 1341 καὶ
572 1286 714 1340 κατὰ
768 1283 932 1355 μηδὲν
979 1284 1045 1352 τῇ
1092 1279 1329 1350 πονηρίᾳ
1372 1276 1482 1330 τῶν
1523 1275 1743 1346 ἐχιδνῶν

150 1378 558 1448 ἀφεστηκότες·
591 1377 651 1428 οὺ
677 1372 991 1444 θαυμαστὸν
1016 1372 1064 1423 εί
1088 1369 1255 1442 μηδὲν
1283 1367 1581 1437 φθέγγεσθε
1611 1368 1746 1435 ἀγα·

154 1469 277 1532 θδν,
315 1469 515 1522 ἕπεται
541 1466 651 1535 γὰρ
677 1468 745 1537 τῇ
778 1462 1016 1517 διαθέσει
1054 1461 1154 1530 τῆς
1184 1460 1362 1530 ψυχῆς
1391 1458 1460 1512 τὰ
1505 1460 1740 1530 ῥήματα*

152 1562 303 1617 ἀλλὰ
324 1561 446 1623 πῶς
475 1558 700 1628 εὔφημα
725 1553 1029 1624 φθέγγεσθε
1046 1593 1060 1617 ,
1084 1552 1155 1605 τὰ
1179 1551 1346 1621 χείρω
1372 1549 1745 1621 προῃρημένοι

152 1651 425 1707 καθάπαὲ
454 1650 548 1703 καὶ
573 1647 706 1711 ποὺς
739 1646 801 1700 τὸ
829 1648 1007 1716 χεῖρον
1038 1642 1399 1705 ἐκκλίνοντες;

817 1734 971 1789 ΚΕΦ.
1016 1732 1095 1786 II"

1838 831 1987 872 mum
2047 828 2323 886 quemque
2379 813 2725 869 humanitate
2782 812 3229 883 prosequamini;
3276 827 3399 881 qua;

1837 904 1984 959 enim
2022 905 2229 975 primas
2280 905 2425 959 inter
2460 902 2715 957 mandata
2760 917 2881 957 mea
2928 910 3113 957 tenent
3150 899 3397 971 :Diliges

1840 995 2129 1051 Dominum
2172 995 2335 1051 Deum
2375 1006 2543 1062 tuum,
2585 1005 2635 1050 et
2658 996 2952 1065 proximum
2993 996 3131 1050 sicut
3178 994 3401 1062 teipsum

1845 1085 2079 1158 (Matth.
2102 1102 2241 1163 xm,
2260 1086 2347 1153 37,
2371 1084 2490 1156 59).

1911 1176 2079 1235 Vens.
2114 1179 2292 1234 54.--
2319 1176 2386 1245 0,
2420 1177 2625 1248 inquit.
2665 1177 2951 1232 hominum
2990 1177 3235 1232 omnium
3280 1191 3404 1233 sce-

1842 1270 2128 1327 lestissimi
2165 1278 2221 1326 et
2259 1270 2469 1325 malitia
2524 1268 2728 1340 viperis
2782 1268 3016 1332 similes,
3049 1284 3161 1323 non
3195 1268 3401 1324 mirum

1845 1363 1891 1418 si
1924 1363 2059 1417 nihil
2093 1363 2226 1418 boni
2277 1361 2605 1433 loquimini;
2641 1360 2828 1416 verbis
2858 1360 3004 1415 enim
3039 1361 3242 1416 mentis
3272 1359 3401 1414 adeo

1844 1462 1966 1511 ctus
1992 1456 2414 1525 exprimuntur:
2447 1465 2500 1510 et
2528 1451 2805 1523 quomodo
2835 1452 3163 1508 benedicere
3178 1451 3408 1522 potestis

1844 1546 1938 1616 qui
1988 1547 2127 1601 nihil
2175 1546 2283 1601 nisi
2341 1546 2616 1602 deteriora
2662 1544 2880 1601 sentitis
2938 1554 2993 1600 et
3027 1543 3097 1599 ad
3134 1542 3407 1599 deteriora

1846 1650 2022 1708 usque
2048 1637 2372 1693 declinatis?

2459 1727 2612 1785 CAP.
2652 1727 2794 1784 XIII.

237 1835 393 1904 Στίχ.
429 1831 529 1901 λγ’.
575 1858 646 1873 -—
698 1828 954 1898 Ἀλεύρου
1004 1826 1080 1895 (‘2)
1127 1824 1266 1877 σάτα
1310 1821 1437 1893 τρία
1486 1821 1750 1893 Ἕλληνας

1918 1817 2087 1875 Vens.
2118 1819 2208 1875 35.
2238 1848 2311 1859 ——
2342 1817 2560 1874 Farina:
2607 1827 2725 1874 sata
2773 1818 2879 1873 tria
2923 1816 3164 1883 Graecos,
3190 1819 3412 1877 Iudaeos

157 1926 265 1979 καὶ
295 1921 588 1983 Ἰουδαίους
611 1919 706 1973 καὶ
737 1914 1082 1987 Σαμαρείτας
1106 1911 1381 1983 ὁνομάζεν
1407 1910 1616 1975 τούτοις
1640 1914 1751 1976 τοῖς

156 2016 353 2087 τρισὶν
380 2009 721 2083 ἐμϐληθεῖσα
749 2010 783 2077 ἠ
811 2007 956 2077 ζύμη
979 2004 1037 2057 ἒν
1060 2003 1287 2076 φύραμα
1310 2003 1408 2075 τὴν
1430 2004 1589 2073 φύσιν
1617 2006 1752 2059 πάν.

160 2124 281 2161 των
311 2103 636 2175 εἰργάσατο.

440 2194 447 2201 ’
825 2188 981 2241 ΚΕΦ.
1023 2188 1119 2240 IA’.

242 2287 401 2357 Στὶχ.
436 2292 506 2339 α’.
525 2314 593 2325 —-
609 2280 841 2353 Ἕτερός
862 2281 940 2350 (ὅ)
975 2281 1121 2331 ἐστιν
1146 2277 1387 2350 Ἡρώδης
1410 2280 1440 2332 ὁ
1473 2279 1754 2350 βασιλεὺς,

166 2379 272 2433 καὶ
314 2379 504 2446 ἔτερος
536 2377 565 2428 ὁ
592 2373 899 2444 τετράρχης
929 2371 957 2422 ὁ
985 2369 1099 2434 υἱὸς
1130 2369 1319 2423 αὑτοῦ.
1350 2369 1508 2423 Μετὰ
1530 2369 1638 2440 γάρ
1666 2369 1757 2423 τὸν

165 2470 270 2524 τοῦ
295 2467 563 2539 βασιλέως
598 2466 659 2517 Ἥ
670 2462 837 2535 ρὼδου
868 2460 1097 2513 θάνατον
1117 2461 1196 2523 είς
1220 2461 1547 2532 τετραρχίας
1567 2462 1757 2515 διεῖλον

167 2565 224 2616 οξ
270 2561 536 2630 Ῥωμαῖοι
571 2558 669 2626 τὴν
704 2552 983 2625 βασιλείαν
1016 2551 1180 2604 αὐτοῦ
1205 2595 1220 2619 ,
1265 2555 1294 2606 ὁ
1326 2552 1382 2606 δὲ
1414 2551 1601 2606 τούτου
1643 2552 1759 2616 υἱὸς

166 2655 236 2708 ἓν
271 2652 442 2724 μέρος
489 2650 587 2721 τῆς
618 2644 947 2717 τετραρχίας
992 2639 1172 2714 εἶχεν·
1214 2636 1367 2705 οὗτος
1407 2642 1463 2695 δὲ
1500 2638 1567 2713 ἦν
1598 2644 1628 2695 ὁ
1670 2641 1761 2695 τὸν

172 2746 501 2816 Πρόδρομον
528 2739 918 2812 καρατομήσας
940 2776 956 2801 ,
992 2735 1085 2787 καὶ
1128 2733 1216 2787 διὰ
1257 2732 1421 2787 τοῦτο
1448 2732 1603 2798 δίκας
1631 2732 1763 2787 ἔδω·

170 2854 277 2891 κεν
299 2836 403 2889 οὐκ
426 2835 507 2895 είς
544 2829 783 2902 μακράν.

254 2925 408 2996 Στίχ.
442 2923 542 2980 κε’.
566 2951 640 2963 -ο
668 2921 947 2991 Τετάρτην
973 2919 1051 2986 (ι)
1090 2916 1237 2985 λέγει
1277 2913 1517 2986 φυλακὴν
1545 2914 1642 2985 τῆς
1668 2932 1764 2969 νυ-

172 3021 312 3083 κτὸς
350 3018 449 3089 τὴν
482 3015 742 3088 τριωρίαν
772 3013 869 3085 τὴν
908 3012 1046 3065 ueri
1096 3010 1196 3081 τὴν
1243 3008 1439 3079 ἐνάτην
1475 3007 1624 3079 ὥραν
1668 3008 1767 3079 τῆς

177 3110 404 3173 νυκτός.

842 3196 1001 3249 ΚΕΦ.
1037 3192 1139 3248 IE'.

256 3292 413 3362 Στίχ.
440 3297 529 3360 ιγ’.
551 3288 925 3357 -Μανιχαῖοι
955 3286 1012 3339 δὲ
1044 3282 1353 3355 βουλόμενοι
1380 3278 1649 3334 δεικνύναι
1679 3278 1772 3333 τὸν

182 3386 357 3455 νόμον
393 3382 495 3435 οὐκ
551 3374 688 3432 εἶναι
736 3377 832 3430 τοῦ
884 3375 1094 3444 [Ia-:96;
1139 3372 1230 3426 τοῦ
1279 3367 1552 3441 Χριστοῦ,
1602 3366 1773 3438 ταύτῃ

180 3478 492 3546 κέχρηνται
528 3473 593 3542 τῇ
635 3467 933 3541 μαρτυρίᾳ,
968 3466 1214 3519 πλεῖστον
1237 3464 1360 3515 ὅσον
1382 3461 1480 3531 τῆς
1516 3458 1774 3530 ἀληθείας

183 3565 599 3635 ἀποσφαλέντες
627 3580 641 3594 ⁸
675 3563 736 3615 οὑ
780 3560 888 3631 γὰρ
937 3559 1065 3629 περὶ
1113 3557 1212 3626 τῆς
1248 3554 1391 3608 κατὰ
1427 3552 1589 3622 νόμον
1628 3550 1775 3619 λέγει

184 3661 502 3729 διαγωγῆς,
550 3655 688 3710 ἀλλὰ
744 3653 844 3723 τῆς
891 3651 999 3704 τῶν
1037 3647 1345 3719 Φαρισαίων
1389 3644 1685 3717 αἱρέσεως,
1725 3638 1775 3694 οἳ

184 3754 313 3814 ταῖς
355 3748 585 3810 οἰκείαις
615 3745 876 3806 ἐπινοίαις
909 3743 1135 3795 πλεῖστα
1181 3736 1397 3792 ἐναντία
1426 3736 1553 3798 τοὺς
1590 3732 1775 3786 πειθο-

190 3843 393 3915 μένους
422 3841 604 3902 αὐτοῖς
628 3836 994 3902 ἐξεπαίδευον,
1022 3830 1202 3895 καθὼς
1229 3830 1323 3884 καὶ
1344 3828 1503 3889 αὐτὸς
1530 3824 1779 3897 ὁΚύριος

187 3933 460 4005 ἀνωτέρω
479 3930 726 3999 φαίνεται
756 3927 941 3997 σαφῶς
966 3925 1204 3994 ἐλέγχων
1233 3919 1452 3984 αὐτούς.

264 4024 423 4093 Στίχ.
454 4021 549 4074 λδ⁷.
581 4048 652 4060 --
679 4018 844 4073 Οὔπω
871 4016 970 4086 τὴν
993 4008 1245 4085 βούλησιν
1272 4009 1511 4079 συνῆκαν
1530 4048 1545 4072 ,
1572 4007 1653 4061 ὅτι
1679 4006 1780 4077 τὴν

192 4118 290 4170 ἐπὶ
321 4118 447 4178 ταῖς
475 4108 704 4181 τροφαῖς
732 4104 887 4170 αὖθις
919 4101 1365 4175 θαυματουργίαν
1394 4095 1535 4169 ὑπὲρ
1567 4096 1666 4167 τῆς
1690 4096 1780 4150 πίο

1850 1917 1906 1965 et
1946 1912 2325 1966 Samaritanus
2370 1920 2550 1965 vocat.
2587 1909 2684 1965 liis
2728 1910 2873 1964 enim
2919 1911 3097 1966 tribus
3148 1912 3410 1982 injectum

1853 2000 2185 2055 fermentum
2211 2000 2542 2071 evangelica:
2566 1998 2830 2055 doctrinae
2860 2016 3023 2056 unam
3055 2016 3120 2057 ex
3155 2003 3413 2059 omnibus
3527 1996 3533 2028 έ

1855 2103 2092 2143 massam
2128 2088 2502 2144 commiscuit.

2466 2174 2620 2232 CAP.
2661 2176 2779 2231 XIV

1924 2265 2090 2321 Vens.
2129 2266 2439 2323 l.—Alius
2492 2275 2577 2322 est
2616 2266 2863 2323 Herodes
2896 2284 3012 2332 rex,
3049 2268 3192 2324 alius
3218 2277 3417 2326 tetrar-

1856 2360 1962 2414 cha
1996 2360 2140 2416 ﬁlius
2179 2359 2323 2429 ejus.
2373 2359 2585 2415 Etenim
2614 2370 2737 2431 post
2766 2362 2972 2416 obitum
3007 2362 3152 2433 regis
3183 2360 3417 2419 Herodis

1860 2449 1914 2503 in
1970 2452 2301 2506 tetrarchias
2348 2452 2654 2508 diviserunt
2699 2451 2933 2507 Romani
2984 2468 3211 2523 regnum
3272 2451 3416 2525 ejus.

1859 2540 2063 2596 Ilarum
2100 2558 2261 2597 unam
2302 2542 2446 2599 ﬁlius
2476 2543 2599 2614 ejus
2633 2545 2893 2610 obtinuit,
2919 2544 3008 2599 hic
3040 2546 3132 2615 qui
3166 2543 3420 2601 Praecur-

1861 2647 2039 2687 sorem
2094 2634 2408 2690 decollavit.
2433 2632 2608 2705 Cujus
2644 2635 2869 2692 sceleris
2922 2649 3115 2705 pinnas
3165 2650 3279 2691 non
3323 2635 3422 2691 diu

1862 2732 1987 2796 post
2013 2724 2181 2781 dedit.

1936 2899 2105 2956 Vens.
2124 2900 2215 2955 25.
2236 2931 2307 2942 —
2323 2899 2585 2967 Quartam
2614 2909 2775 2958 vocat
2802 2903 2979 2958 noctis
3000 2902 3235 2973 vigiliam
3258 2903 3424 2958 trium

1866 2991 2125 3046 horarum
2167 2992 2404 3061 spatium
2453 3006 2574 3062 qua:
2616 3000 2741 3062 post
2787 3006 2988 3046 nonam
3022 2992 3202 3047 noctis
3236 2991 3426 3046 horam

1870 3082 2317 3138 munerabantur.

2492 3170 2648 3227 CAP.
2688 3171 2805 3227 XV.

1945 3260 2108 3320 Vnns.
2145 3263 2232 3319 15.
2258 3261 2465 3317 σ-Ηοο
2501 3262 2724 3334 quidem
2756 3262 3130 3317 testimonium
3163 3271 3431 3335 usurpant

1872 3353 2155 3410 Manichaai
2206 3365 2265 3408 ut
2313 3355 2544 3424 probent
2590 3354 2762 3426 legem
2804 3369 2913 3407 non
2953 3354 3123 3409 fuisse
3163 3369 3193 3407 a
3227 3353 3435 3409 Christi

1871 3445 2034 3501 Patre
2085 3450 2468 3509 constitutam,
2498 3446 2592 3500 sed
2652 3460 2814 3515 quam
2867 3444 3185 3515 longissime
3223 3460 3253 3499 a
3287 3446 3432 3519 veri-

1873 3545 1987 3592 tate
2030 3536 2311 3592 aberrant.
2349 3536 2450 3593 llic
2479 3538 2624 3591 enim
2658 3550 2768 3591 non
2803 3536 2983 3607 agitur
3016 3535 3085 3592 de
3123 3536 3255 3604 legis
3298 3551 3437 3605 pra:-

1876 3631 2069 3701 ccptis,
2103 3630 2198 3686 sed
2232 3633 2297 3686 de
2323 3628 2723 3686 Pharisaeorum
2768 3629 3056 3695 doctrinis,
3086 3628 3201 3698 qui,
3229 3627 3440 3697 opinio-

1876 3724 2038 3779 nibus
2076 3725 2194 3780 suis
2226 3723 2590 3793 indulgentes,
2625 3722 2852 3777 asseclis
2886 3721 3001 3778 suis
3028 3720 3370 3791 disciplinam
3407 3734 3440 3774 a

1878 3815 1995 3886 lege
2017 3815 2476 3885 quamplurimum
2511 3813 2926 3869 dissentientem
2951 3812 3323 3879 inculcabant,
3356 3811 3437 3866 uti

1877 3907 1961 3960 vel
1991 3904 2106 3974 ipse
2131 3902 2383 3958 Salvator
2401 3904 2535 3958 illud
2551 3906 2631 3959 eis
2665 3917 2831 3973 supra
2853 3913 3039 3972 aperte
3064 3902 3439 3973 exprobravit.

1951 3996 2120 4052 Vens.
2150 3997 2238 4050 54.
2258 4025 2329 4035 -
2354 3994 2606 4049 Nondum
2647 3995 3029 4051 intellexerant
3050 3993 3337 4048 Dominum
3374 3995 3441 4051 ad

1880 4088 2306 4142 conﬁrmandam
2359 4084 2520 4140 tidem
2569 4085 2862 4140 consilium
2892 4084 3103 4154 cepisse
3135 4084 3290 4141 cibos
3319 4100 3445 4138 rur-

194 4223 376 4269 στεως
477 4175 681 4273 Κύριος
724 4197 975 4252 ἐϐούλετο
1000 4192 1397 4267 παρασχέσθαι,
1425 4189 1602 4245 καίτοι
1629 4190 1663 4261 ἡ
1694 4191 1764 4243 ἐπ

1886 4194 1980 4235 sus
2010 4177 2147 4232 mira
2177 4177 2393 4232 ratione
2424 4175 2848 4247 niultiplicandi,
2876 4175 3003 4231 licet
3030 4176 3084 4231 id
3116 4176 3293 4247 ipsum
3330 4178 3443 4232 haec

193 4266 479 4371 ερὼτησις
511 4266 590 4358 είς
623 4292 780 4346 τοῦτο
812 4291 945 4345 αὐτὸ
975 4266 1327 4357 διανίστησιν,
1358 4286 1434 4347 ὡς
1464 4285 1492 4337 ὁ
1535 4281 1764 4350 Ἰωάννη‹

1886 4270 2239 4340 intermgatio
2292 4268 2635 4336 intenderet],
2672 4268 2835 4324 sicuti
2873 4269 3034 4323 docet
3086 4268 3223 4323 illud
3273 4266 3444 4324 Joan-

194 4390 449 4445 διδάσκει
476 4385 556 4456 τῷ
579 4400 594 4416 ⁸
634 4384 826 4439 Πόθεν
852 4378 1239 4451 ἀγοράσωμεν
1265 4375 1510 4446 ἄρτους,
1543 4375 1643 4429 ἵνα
1670 4372 1783 4442 φάο

197 4496 396 4555 τωσιν
418 4474 622 4542 curat;

283 4569 574 4625 Ἐϐούλετο
610 4565 719 4638 γὰρ
756 4560 1217 4634 διαγυμνάζεσθαι
1250 4558 1347 4629 τὴν
1383 4556 1490 4610 τῶν
1526 4552 1782 4627 μαθητῶν

198 4666 383 4736 ψυχὴν
429 4665 511 4726 είς
539 4661 601 4713 τὸ
638 4656 913 4712 πιστεύειν
954 4658 1020 4726 τῇ
1057 4653 1177 4724 θείᾳ
1208 4649 1371 4705 αὑτοῦ
1408 4647 1672 4736 δυνάμει,
1700 4643 1782 4696 ὅτι

1884 4365 1972 4419 nis
1997 4382 2009 4418 :
2037 4360 2182 4417 Unde
2208 4378 2436 4417 amemus
2468 4376 2627 4430 panes
2647 4371 2703 4415 ut
2731 4360 3047 4414 manducent
3074 4359 3167 4416 lii?

1813 4472 1858 4528 D

1957 4540 2223 4610 Cupiebat
2256 4540 2404 4594 enim
2453 4538 2528 4592 ita
2560 4536 2798 4591 animam
2844 4535 3240 4607 discipulorum
3291 4536 3452 4591 insti-

1887 4638 2041 4687 tuere
2068 4642 2125 4685 ut
2154 4630 2267 4700 jam
2309 4646 2417 4685 non
2448 4631 2539 4697 (ιθ,
2565 4629 2751 4684 divina
2782 4628 2956 4696 ipsius
2998 4628 3201 4682 virtute
3236 4627 3453 4683 dubita-

205 4720 505 4831 ίιὴῖόγοιξ
532 4753 715 4824 μόνον,
739 4748 875 4804 ἀλλὰ
896 4720 1192 4817 καὶ-ἐργοίς
1216 4743 1342 4806 τοὺς
1365 4734 1764 4794 ἀκολουθοῦντας

1887 4734 2030 4790 rent,
2067 4724 2297 4793 ideoque
2325 4721 2613 4777 erudiebat
2650 4736 2746 4777 eos
2777 4735 2888 4774 non
2943 4720 3293 4776 sermonibus
3333 4726 3456 4773 tan-

203 4851 520 4904 ἐπαίδευεν.

278 4943 397 4996 Οὐκ
429 4935 748 5007 ἀγνοοῦντος
772 4933 806 5004 ἡ
836 4928 1126 5001 ἐρώτησις,
1153 4926 1265 4980 ἀλλ’
1299 4923 1392 4977 ἐπὶ
1418 4920 1516 4994 τὴν
1538 4917 1789 4989 αἴσθησιν

205 5036 309 5106 τῆς
344 5030 542 5086 ἐαυτοῦ
564 5027 845 5097 δυνάμεως
876 5021 1180 5089 ἐνάγοντος.

1890 4826 2032 4881 tum,
2057 4813 2153 4869 sed
2183 4813 2467 4884 operibus.

1964 4906 2273 4975 lnterrogat
2306 4921 2411 4959 non
2438 4905 2597 4975 quasi
2627 4906 2859 4975 ignoret,
2891 4903 2984 4962 sed
3017 4911 3077 4960 ut
3115 4902 3321 4959 clarius
3346 4900 3456 4959 vir-

1887 5007 2062 5054 tutem
2106 5012 2261 5053 suam
2296 4998 2659 5053 demonstret.

1678 5119 1829 5176 CAP.
1870 5113 2005 5175 XVI.

284 5239 456 5295 Vens.
489 5237 546 5291 5.
578 5263 649 5274 -
680 5230 946 5287 Dominus
997 5228 1141 5284 enim
1180 5223 1433 5279 Christus
1461 5217 1539 5291 (5)
1560 5223 1677 5272 erat
1715 5212 1936 5286 quidem
1987 5218 2042 5264 et
2078 5206 2220 5263 Deus
2251 5214 2305 5261 et
2342 5205 2521 5269 homo,
2556 5212 2851 5295 utrumque
2878 5202 3177 5295 secundum
3211 5207 3461 5254 naturam

218 5288 478 5389 simi—liter
528 5345 596 5385 ex
621 5328 794 5382 altero
817 5322 1038 5395 quidem
1061 5328 1355 5387 apparens,
1378 5325 1443 5366 ex
1466 5288 1639 5362 altero
1658 5318 1789 5359 vero
1813 5306 2001 5370 utpote
2022 5296 2323 5354 secundum
2347 5302 2599 5348 naturam
2621 5290 2882 5395 divinam,
2907 5288 3199 5393 invisibilis
3215 5295 3463 5341 exstaus.

218 5382 772 5485 Ξξξξξξιὶέιᾷιυηυω
805 5382 1028 5489 quidem
1080 5382 1342 5469 omnibus
1397 5400 1753 5461 manifestum
1804 5401 1993 5466 utpote
2039 5390 2186 5462 quod
2232 5386 2573 5459 apparebat:
2627 5382 2902 5438 hominem
2931 5382 3077 5435 enim
3112 5393 3233 5433 eum
3274 5392 3461 5432 omnes

320 5637 372 5702 ί)
412 5629 633 5689 Possini
652 5634 762 5685 cat.
800 5642 856 5698 p.
874 5592 1006 5680 §02.

292 5637 373 5777 ἕω
412 5703 551 5777 ηοω.

318 5709 373 5772 ι)
412 5703 551 5759 Ibid.

296 5774 372 5849 (δ)
414 5774 551 5830 una.

1964 5598 2041 5669 (4)
2063 5594 2141 5669 Ex
2156 5594 2355 5669 Catena
2368 5588 2706 5669 Grameriuut
2718 5583 2999 5669 sequentia
3017 5581 3130 5669 duo
3139 5579 3461 5669 fragmenta:

1968 5653 2045 5741 (5')
2063 5663 2379 5741 Fact_ind.__l.
2422 5662 2456 5714 Ι.
2488 5676 2587 5741 ιιι,
2718 5653 2947 5741 Videtur
2981 5653 3462 5741 hoc‘l'rggn‘ientutn

1897 5724 2041 5797 ex‘l:
2057 5736 2292 5809 quodam
2316 5731 2591 5789 Theodori
2629 5726 2937 5799 dogmatico
2966 5724 3365 5795 depromptum.
