3804 6518
65 341 147 397 715
1234 334 1302 389 ΙΝ
1355 334 1582 392 EVANG
1591 334 1651 388 El

1729 333 1805 389 JM
1843 334 2082 390 MARCI.

3168 367 3267 402 ιη

60 460 145 512 τῶν
169 452 395 524 ἀστέρων
415 450 617 523 πτῶσιν
642 452 1017 524 ὁμολογοῦσιν,
1038 454 1113 516 ὡς
1141 453 1462 522 ἀγνοοῦντες
1487 453 1589 527 τὴν
1617 460 1651 517 Α

1734 468 1817 507 uae
1840 452 1908 507 de
1941 469 2074 509 casu
2109 455 2389 510 stellarum
2416 471 2446 510 e
2480 457 2621 511 cmlo
2652 456 2743 511 hic
2778 456 3048 513 habentur
3073 459 3270 515 admit-

60 548 133 602 τοῦ
158 544 278 598 Θεοῦ
311 544 535 614 δύναμιν
564 545 659 599 καὶ
686 544 768 598 ὅτι
808 545 988 598 πάντα
1023 545 1102 615 τῷ
1130 544 1394 617 θελήματι
1424 546 1588 599 αὐτοῦ

64 636 318 692 ἀκολουθεῖ.

116 726 240 795 Στξχ.
277 724 508 795 μη’,μθ’.
530 755 599 764 -
624 724 698 778 Τὸ
737 725 836 795 μὲν
869 721 961 779 οὖν
996 726 1073 795 (1)
1102 726 1280 793 λέγειν
1304 726 1397 780 τὸν
1425 727 1592 780 κακὸν

63 818 228 880 δοῦλον,
253 817 329 871 δτι
361 816 617 883 Χρονίζει
641 819 674 870 ὁ
707 819 930 885 κύριος,
960 817 1168 871 τέθεικε
1199 820 1480 889 σημαίνων
1511 822 1592 872 ὃτι

65 912 139 962 οὐκ
165 909 323 971 ἄλλως
354 908 780 979 ἁμαρτάνουσιν,
807 909 924 961 ἀλλ’
945 910 979 979 ἦ
1004 909 1084 980 τῷ
1115 908 1190 980 μὴ
1223 914 1477 982 παρεῖναι
1503 912 1594 964 τὸν

66 1000 240 1070 κριτὴν,
269 998 387 1069 μηδ’
410 1000 546 1062 ὅλως
570 999 647 1069 (2)
678 998 897 1052 ἔσεσθαι
926 999 1105 1071 κρίσιν
1143 1003 1343 1055 ἐννοεῖν
1376 1002 1591 1063 αὐτούς’

66 1092 110 1141 τὸ
121 1090 183 1155 ἃ,
204 1090 434 1143 τύπτειν
448 1088 586 1156 τοὺς
603 1088 1006 1155 συνδούλους,
1025 1089 1191 1159 λέγει,
1222 1090 1300 1162 τῷ
1336 1092 1594 1161 μεγίστην

67 1178 269 1245 γίνεσθαι
292 1181 401 1242 τοῖς
440 1180 764 1249 ἀρχομένοις
790 1179 994 1252 βλάϐην
1017 1181 1159 1235 κατὰ
1185 1182 1360 1254 ψυχὴν
1385 1182 1473 1236 διὰ
1490 1182 1596 1235 τῶν

70 1270 349 1341 σφαλμάτων
375 1267 486 1323 τῶν
509 1270 888 1325 διδασκόντων.

582 1549 833 1603 ΚΕΦΑΛ.
868 1550 995 1603 KE'.

125 1643 250 1711 Στίχ.
281 1641 375 1695 κδ’.
402 1670 472 1681 —
504 1641 901 1713 Κατακρύπτει
926 1643 1003 1713 (5)
1044 1642 1106 1695 τὸ
1138 1642 1398 1697 τάλαντον
1421 1644 1600 1711 ἀγνώ-

1694 554 1811 600 tere
1858 554 2141 611 recusant,
2174 548 2494 616 ignorantes
2528 549 2784 604 videlicet
2819 549 2914 605 Dei
2945 553 3265 620 potentiam,

1693 639 1854 708 cujus
1904 640 2133 693 nutibus
2183 649 2238 693 et
2288 641 2561 693 voluntati
2616 650 2815 695 cuncta
2865 642 3265 714 obsequuntur.

1768 730 1939 786 Vens.
1982 731 2076 797 48,
2109 731 2198 785 49.
2226 761 2294 769 -
2325 731 2480 796 Quod
2532 731 2811 786 inducitur
2849 732 2931 787 sic
2958 749 3143 790 secum
3188 735 3274 790 di-

1695 838 1829 879 cens
1869 826 2049 879 malus
2091 839 2287 880 servus
2334 824 2581 877 :‘Tardat
2622 825 2794 879 venire
2839 826 3157 881 dominus...
3206 842 3273 881 eo

1696 917 2042 988 signiﬁcatur
2084 932 2195 971 non
2244 919 2349 971 alia
2380 917 2491 971 fere
2523 917 2591 972 de
2632 932 2802 972 causa
2833 933 3068 987 peccare
3102 920 3273 973 homi-

1697 1024 1796 1063 nes
1834 1024 1999 1077 quam
2039 1008 2187 1078 quod
2238 1017 2563 1077 praesentem
2610 1008 2851 1076 judicem
2883 1025 2992 1064 non
3026 1011 3269 1077 videant,

1696 1114 1798 1154 nec
1841 1100 2067 1152 Omnino
2119 1112 2360 1167 unquam
2402 1097 2647 1152 futurum
2684 1098 2956 1167 judicium
2996 1108 3269 1170 reputent.

1698 1191 1857 1259 Quod
1921 1192 2073 1246 addit
2133 1191 2337 1245 malum
2396 1206 2613 1245 servum
2666 1190 2939 1246 verberare
2974 1208 3270 1255 conservos,

1699 1284 1824 1339 ideo
1872 1283 2007 1338 dicit
2051 1283 2201 1353 quod
2236 1283 2540 1336 maximum
2574 1296 2638 1336 ac
2666 1282 2841 1354 plagis
2886 1283 3175 1353 quibusvis
3221 1294 3277 1339 et

1699 1375 2027 1431 verberibus
2072 1390 2171 1445 par
2216 1373 2628 1428 incommodum
2678 1376 2733 1426 in
2763 1374 2975 1428 animas
3007 1375 3277 1429 redundet

1700 1465 2049 1524 subditorum
2093 1480 2159 1521 ex
2190 1465 2374 1534 culpis
2413 1466 2811 1536 erroribusquc
2858 1467 3275 1537 magistrorum.

2306 1554 2460 1611 CAP.
2500 1548 2687 1611 XXV.‘

1772 1646 1941 1705 Vens.
1968 1648 2060 1703 Ἡ.
2083 1678 2153 1688 —
2173 1647 2426 1703 Occultat
2457 1648 2721 1703 talentum
2741 1650 2998 1719 ingratus
3020 1662 3074 1705 et
3103 1652 3277 1722 piger,

75 1755 163 1808 μων
186 1737 251 1788 ὢν
276 1735 367 1789 καὶ
397 1736 631 1807 ὀκνηρὸς
653 1778 669 1803 ,
714 1737 809 1789 καὶ
846 1737 1014 1807 μηδὲν
1059 1737 1433 1807 ἐργασάμενος
1473 1730 1545 1790 ὧν
1571 1739 1600 1790 ὁ
1638 1803 1651 1815 1

1729 1742 1951 1812 iihilque
1980 1750 2240 1812 cperatus
2267 1756 2458 1797 eorum
2486 1756 2611 1812 qua:
2644 1742 2902 1798 dominus
2933 1745 3037 1813 ipsi
3076 1760 3280 1815 praece-

74 1803 223 1899 itt'apto;
251 1829 391 1900 αὐτῷ
421 1803 728 1883 ἐνετείλατο
746 1846 762 1862 ·
805 1803 887 1882 διὸ
908 1803 1028 1882 -καὶ
1058 1803 1352 1900 ἀρθήσεται
1391 1830 1485 1883 καὶ
1521 1830 1605 1882 δο-
1635 1803 1651 1858 ¹

1729 1803 1879 1890 ierat:
1909 1803 2036 1889 Ideo
2068 1833 2349 1890 auferetur
2388 1837 2457 1890 ab
2502 1803 2598 1891 illo
2638 1844 2693 1891 et
2724 1803 3195 1891 dabitur-habenti
3229 1847 3283 1892 et

76 1922 257 1993 θήσεται
284 1922 456 1993 ἔχοντι
492 1924 590 1976 καὶ
628 1922 1002 1994 ἐργαζομένῳ.

590 2016 838 2070 una.
886 2017 1033 2082 κεῖν.

128 2106 251 2175 Στίχ.
276 2106 467 2172 κς’.-
494 2107 612 2161 Οὐκ
641 2108 717 2179 (4)
745 2103 886 2161 εἷπε
912 2106 1080 2161 Τοῦτό
1106 2108 1223 2160 ἐστι
1250 2106 1311 2160 τὸ
1340 2107 1606 2179 σύμϐολον

78 2198 148 2250 τοῦ
172 2197 396 2270 σώματός
432 2217 558 2271 μου,
590 2201 685 2254 καὶ
715 2202 874 2254 τοῦτο
897 2200 993 2254 τοῦ
1022 2201 1252 2272 αἵματός
1291 2217 1414 2272 μου,
1448 2201 1607 2267 ἀλλὰ,

84 2290 225 2343 Τοῦτό
239 2293 357 2345 ἐστι
382 2293 447 2346 τὸ
466 2291 644 2363 σῶμά
659 2311 778 2362 μου
803 2293 903 2347 καὶ
931 2293 998 2347 τὸ
1020 2286 1163 2363 αἷμά
1178 2311 1318 2362 μου,
1344 2293 1608 2347 διδάσκων

81 2384 191 2452 ἡμᾶς
217 2386 282 2455 μὴ
304 2385 434 2455 πρὸς
455 2384 559 2456 τὴν
585 2385 747 2454 φύσιν
778 2387 909 2458 ὁρᾷν
932 2386 1028 2440 τοῦ
1062 2386 1441 2455 προκειμένου,
1474 2386 1609 2441 ἀλλὰ

81 2473 144 2524 διὰ
162 2473 246 2542 τῆς
273 2476 561 2546 γενομένης
595 2475 947 2547 εὐχαριστίας
988 2478 1067 2538 εἰς
1116 2476 1295 2548 σάρκα
1332 2477 1427 2530 καὶ
1469 2474 1608 2549 αἷμα

86 2565 476 2633 μεταϐάλλεσθαι.

137 2850 198 2925 (ᾖ)
227 2851 426 2925 Possini
463 2862 581 2910 cat.
602 2870 671 2925 γρ.
703 2854 829 2911 550.

138 2923 198 2994 (2)
224 2922 354 2993 Cal...
377 2926 453 2997 μὴ
477 2925 543 2980 δὲ
569 2922 728 2988 ὅλως.

1705 1925 2028 1995 negotianti.

2299 2013 2455 2072 CAP.
2493 2014 2685 2068 XXVI.

1777 2104 1944 2161 Vens.
1964 2105 2057 2159 26.
2086 2135 2155 2146 —-—
2178 2104 2296 2161 Non
2323 2105 2466 2161 dixit
2497 2122 2509 2157 :
2543 2104 2657 2161 Hoc
2704 2115 2790 2161 est
2824 2106 3132 2178 symbolum
3163 2122 3285 2161 cor-

1708 2201 1862 2270 poris
1910 2200 2040 2266 mei,
2076 2200 2263 2254 ethoc
2307 2200 2613 2272 symbolum
2654 2201 2946 2271 sanguinis
2976 2200 3105 2265 mei,
3140 2201 3234 2256 sed
3268 2217 3281 2252 :

1711 2291 1827 2345 Hoc
1854 2302 1930 2346 est
1973 2308 2162 2358 corpus
2210 2307 2383 2345 meum
2412 2300 2463 2346 et
2512 2294 2726 2362 sanguis
2772 2308 2938 2347 meus.
2972 2291 3139 2348 Docet
3186 2309 3286 2349 nos

1709 2398 1820 2438 non
1875 2384 2160 2438 attendere
2205 2392 2459 2438 naturam
2504 2384 2585 2439 rei
2616 2385 2880 2456 subjectae
2925 2399 2991 2441 ac
3031 2385 3288 2442 sensibus

1714 2475 2016 2545 propositae
2050 2491 2063 2526 :
2097 2489 2162 2530 ea
2210 2475 2360 2530 enirn
2418 2491 2517 2546 per
2563 2478 2864 2546 gratiarum
2914 2477 3189 2533 actionem
3236 2490 3290 2531 et

1715 2567 1883 2621 verba
1929 2582 2094 2637 super
2119 2582 2238 2622 eam
2284 2569 2663 2639 pronuntiata,
2694 2570 2751 2624 in
2804 2584 3028 2626 carnem
3062 2577 3115 2626 et
3162 2586 3288 2625 san-

1714 2658 1935 2728 guinem
1970 2667 2179 2713 mutata
2206 2670 2313 2715 est.

1785 2856 1863 2997 $5)
1900 2857 2116 2912 Possini
2146 2864 2255 2913 cat.
2283 2873 2337 2927 p.
2374 2857 2499 2912 558.

1813 2929 1864 2997 4)
1905 2926 2124 2982 Possini
2150 2937 2260 2983 cat.
2286 2943 2340 2997 p.
2373 2928 2497 2983 350.

1813 2929 1864 2997 4)
1905 2926 2124 2982 Possini
2150 2937 2260 2983 cat.
2286 2926 2340 2998 p.
2373 2928 2497 2983 350.

114 3109 3267 3146 mw

874 3299 1509 3395 THEODOBI
1585 3303 2429 3398 MOPSUESTENI

504 3495 627 3559 AD
683 3494 1216 3558 EVANGELIUM
1263 3495 1521 3558 MARCI
1562 3495 2135 3562 COMMENTARII
2182 3500 2681 3567 FRAGMENTA
2713 3504 2818 3587 (1).

628 3820 891 3904 ΚΕΦΑΑ.
945 3844 1020 3899 1'.

144 3930 267 4006 Στιχ.
292 3936 351 3991 δ’.
371 3965 439 3977 -—
479 3937 704 4008 Ἐρωτᾷ
732 3935 807 4007 (2)
836 3935 964 3999 τοὺς
1005 3934 1289 3997 Ἰουδαίους
1310 3933 1339 3985 ὁ
1362 3933 1553 4003 Σωτὴρ
1576 3947 1624 3983 ει

1652 3850 1699 3913 C

2368 3844 2524 3901 CAP.
2567 3845 2653 3902 Ill.

1801 3934 1977 3994 Vens.
2012 3937 2068 3991 4.
2094 3935 2405 3993 —Judteos
2438 3937 2691 3994 Salvator
2712 3940 3015 4011 interrogat
3040 3956 3108 3995 an
3141 3942 3299 3996 liceat

100 4022 262 4089 ἔξεστιν
288 4031 340 4083 ὲν
364 4005 635 4099 Σαὸὃᾶτῳ
670 4005 1017 4100 θεραπεύειν,
1046 4027 1141 4080 καὶ
1175 4026 1351 4096 ψυχὴν
1391 4024 1561 4078 σῶσαι
1589 4024 1623 4095 ἢ

1729 4005 1801 4080 ir;
1823 4025 2062 4081 Sabbato
2086 4010 2285 4082 sanare
2312 4037 2368 4082 et
2399 4028 2636 4083 animam
2661 4028 2873 4085 salvare
2901 4005 2996 4085 aut
3036 4030 3299 4100 perdere;

99 4118 309 4176 ἀπολέσαι
330 4140 343 4153 ι
374 4125 420 4177 οἱ
447 4117 504 4177 δὲ
548 4121 847 4188 σιωπῶσιν,
879 4120 1079 4185 εἰδότες
1111 4122 1193 4174 ὅτι
1222 4119 1437 4181 πάντως
1465 4119 1625 4172 αὐτὸν

1729 4106 1789 4173 bi
1823 4133 1954 4173 vero
1987 4118 2172 4177 silent.
2195 4127 2579 4189 exspectantes
2625 4121 2798 4176 donec
2828 4120 3051 4176 omnino
3078 4131 3300 4177 curetur

100 4209 262 4266 ἰάσεται

1729 4207 2002 4265 inﬁrmus.

1550 4319 1704 4376 CAP.
1736 4318 1827 4376 ιν.

158 4438 303 4499 Vatis.
328 4442 416 4496 2i.
444 4471 516 4482 —
554 4440 658 4496 Per
683 4438 930 4494 modium
966 4435 1043 4507 (5)
1071 4436 1293 4506 quidem
1323 4435 1536 4492 malitia
1562 4440 1727 4504 atque
1750 4440 1966 4489 terrena
1996 4435 2309 4504 prudentia,
2348 4450 2443 4504 per
2473 4434 2752 4490 lucernam
2778 4449 2907 4490 vero
2938 4434 3107 4492 virtus
3140 4437 3301 4491 intel~

97 4532 271 4602 ligenda
295 4545 393 4591 est.
426 4533 559 4590 llam
595 4533 787 4602 itaque
809 4530 913 4587 sub
945 4529 1156 4586 malitia
1181 4530 1441 4587 collocari
1477 4542 1591 4583 non
1615 4534 1817 4598 potest.
1849 4526 2109 4582 Lectulus
2139 4535 2321 4583 autem
2358 4528 2595 4598 pigritiae
2630 4528 2939 4599 symbolum
2968 4539 3069 4592 est,
3105 4532 3303 4602 quippe

98 4626 270 4694 corpori
296 4628 527 4698 quietem
555 4626 832 4698 prmbens.
878 4622 1064 4679 Virtus
1094 4624 1359 4695 itaqucin
1383 4622 1603 4677 excelso
1623 4620 2004 4689 custodienda,
2041 4637 2150 4676 non
2182 4637 2278 4691 per
2302 4621 2579 4693 pigritiam
2609 4622 2931 4678 occultanda
2957 4631 3074 4693 est;
3099 4624 3301 4680 bonum

96 4715 211 4771 enim
232 4721 521 4791 neglectum
550 4719 716 4792 perit.

150 4874 274 4947 Στίχ.
300 4876 521 4943 κς’-κθ¹.
546 4906 619 4917 -—
662 4874 977 4944 Βουλήματι
1009 4870 1262 4944 ἡμετέρῳ
1301 4870 1379 4942 (ι)
1409 4870 1631 4941 ἐπιτρέ-

1811 4864 1980 4922 Vens.
2009 4866 2199 4921 26-29.
2231 4896 2300 4907 —-
2328 4867 2441 4922 lloc
2482 4869 2601 4924 loco
2654 4871 2917 4925 voluntati
2953 4881 3157 4928 nostra:
3184 4874 3305 4928 Sal-

100 4981 190 5017 πων
210 4970 427 5025 ἐνταῦθα
465 4972 494 5023 ὁ
533 4970 725 5040 Σωτὴρ
767 4968 866 5037 τὴν
895 4964 1180 5038 ἐργασίαν,
1207 4963 1295 5016 ἵνα
1326 4964 1399 5033 μὴ
1429 4963 1489 5015 τὸ
1522 4963 1632 5016 πᾶν

1741 4967 1897 5013 vator
1935 4958 2228 5012 committit
2283 4973 2446 5030 opus,
2480 4960 2560 5028 Ine
2612 4961 2731 5032 ipse
2779 4965 2960 5017 omnia
2998 4962 3195 5019 fecisse
3229 4965 3306 5017 vi-

98 5056 226 5121 αὐτὸς
251 5062 715 5132 κατεργαζόμενος
746 5056 1024 5128 φαίνηται,
1053 5056 1148 5107 καὶ
1177 5053 1336 5125 ἡμῶν
1377 5052 1633 5107 ἀκούσιον

1741 5052 1956 5115 deatur,
1976 5065 2080 5106 nec
2112 5050 2293 5105 virtus
2317 5060 2506 5107 nostra
2536 5053 2610 5109 sit
2635 5054 3004 5109 involuntaria
3026 5064 3124 5109 aut
3152 5056 3306 5109 inde-

100 5144 294 5203 ἑσταιτὺ
321 5153 543 5221 ἀγαθὸν,
578 5151 673 5204 καὶ
705 5150 781 5220 μὴ
817 5148 958 5201 κατὰ
984 5146 1305 5217 προαίρεσιν
1339 5144 1635 5215 ἡμετέραν,

1745 5144 2000 5209 liberata,
2037 5158 2210 5212 quare
2259 5145 2367 5198 hoc
2414 5146 2698 5217 subiungit
2728 5166 2741 5201 :
2774 5146 2944 5203 Terra
2995 5147 3142 5201 enim
3205 5162 3306 5203 Ha

163 5331 230 5403 (l)
250 5333 589 5412 'l‘lieodorum
618 5334 787 5412 Marci
811 5331 1169 5404 Evangelium
1205 5330 1468 5412 singulari
1489 5343 1640 5385 com-
1668 5332 1716 5389 D
1744 5330 1975 5412 exposui
2003 5329 2070 5412 in
2105 5336 2399 5412 conmm'ent.

108 5406 343 5473 mentarlo
375 5407 746 5461 illustravisse
779 5419 880 5459 nec
915 5406 1483 5473 veterum‘quisquam
1508 5414 1640 5469 pro—

1814 5396 1894 5471 (9.)
1921 5399 2125 5471 Catena
2156 5396 2249 5453 Gr.
2276 5398 2497 5471 Patrum
2526 5398 2584 5471 i_n
2615 5397 2711 5471 Er.
2744 5397 3056 5471 secLMarc.
3084 5397 3304 5471 collect.

106 5468 237 5548 didit,
266 5490 360 5531 nec
390 5476 670 5548 probabile
708 5473 962 5548 est.A$ed
984 5488 1109 5528 cum
1134 5466 1377 5548 Marcum
1409 5466 1641 5548 prorsus
1744 5466 1908 5548 atque
2000 5468 2228 5538 interpr.
2289 5468 2451 5525 Petro
2526 5468 2779 5526 Possino.
2838 5466 2995 5524 Rom.
3037 5468 3194 5528 1675.
3241 5470 3305 5532 ll,

109 5545 343 5615 negligere
380 5540 489 5602 non
524 5554 733 5615 posset,
790 5544 1006 5599 videtur
1040 5558 1155 5599 rem
1184 5544 1261 5615 ita
1307 5540 1639 5615 instituisse,

103 5617 151 5661 ut
168 5610 316 5669 Marci
337 5617 426 5672 ubi
454 5610 594 5687 opus
614 5610 762 5672 esset
784 5616 842 5687 in
862 5614 1200 5687 reliquorum
1220 5610 1641 5687 Evangeliorum

1744 5557 1796 5681 ὴ.
1816 5541 2128 5681 ἓξϐοῑοηε
2153 5614 2247 5666 Gr.
2268 5610 2563 5681 Patrum‘in
2587 5609 2790 5664 Lucam
2818 5607 3009 5665 Latine
3024 5608 3108 5665 ed.
3129 5606 3305 5663 Βοιώ.

104 5678 794 5742 εοηιιιιεηῑπὶἰείἐιίοηεω
833 5678 1081 5746 haberet,
1130 5699 1196 5737 ex
1232 5678 1640 5805 quibusipauca
1742 5678 2062 5749 Corderius,
2090 5684 2254 5738 Antv.
2286 5680 2445 5745 i628,
2481 5678 2546 5746 f.,
2586 5697 2636 5751 p.
2672 5681 2796 5735 526.

106 5746 394 5805 fragmenta.
447 5771 569 5805 num
614 5772 781 5805 suum
814 5755 1004 5805 nosui.
1062 5760 1371 5805 manarent.
1402 5750 1442 5805 C
1473 5792 1490 5805 .
1520 5767 1643 5805 quae
1816 5753 1891 5805 (4i
1922 5752 2140 5805 Possini
2167 5758 2273 5805 cat.
2303 5753 2359 5805 in
2380 5751 2547 5805 Marc.
2581 5766 2635 5805 ι).
2672 5750 2759 5805 91.

106 5746 394 5822 ῐι’θειιιιξιιιει,
447 5771 569 5828 qua:
614 5772 781 5828 supra
814 5755 1004 5826 posui,
1062 5746 1371 5810 manarent.
1402 5750 1442 5808 C

280 5852 544 5916 Ρηιιοι.
583 5854 697 5915 Gn.
746 5850 968 5912 LXVI.

1520 5767 1643 5823 qua:

1816 5753 1891 5824 (4)
1922 5752 2140 5811 Possini
2167 5758 2273 5808 cat.
2303 5753 2359 5809 in
2380 5751 2547 5807 Marc.
2581 5766 2635 5822 p.
2672 5750 2759 5805 91.

2906 5844 2982 5905 23
