3904 6530
217 267 316 319 ’717

1415 262 1477 316 IN
1524 259 1974 316 EVANGEIJUM
2033 259 2262 316 LUC/E.

3377 263 3480 318 718

216 381 428 450 χθῆναι,
456 381 540 433 ἵνα
562 380 650 433 τὸν
679 380 886 432 ἑαυτῶν
913 380 1135 433 ’έκαστοι
1162 380 1466 434 θεάσωνται
1509 379 1627 432 θεὸν
1656 380 1785 449 μήτε

1903 392 2008 446 quo
2034 378 2290 448 quisquis
2339 395 2499 435 suum
2543 382 2752 438 videret
2784 381 2971 442 deum,
3005 396 3184 450 neque
3225 381 3354 446 sibi,
3384 398 3483 438 ne-

212 471 388 541 ἐαυτῷ
408 473 544 542 μήτε
572 471 798 534 ἐκείνοις
825 471 1420 542 βοηθῆσαιδυνάμενον,
1445 471 1538 524 καὶ
1568 470 1791 538 γνῶσιν,

208 563 284 627 ὡς
311 563 413 616 οὐκ
441 564 586 616 ἐστιν
615 565 673 617 ἐν
704 565 886 626 αὐτοῖς
912 565 1184 635 σωτηρίας
1217 564 1392 626 ἐλπίς.
1433 564 1552 632 Ὑφ’
1581 564 1679 616 ’ένα
1707 561 1796 615 ἄν·

207 655 306 724 δρα
347 656 423 724 (1)
476 655 746 708 τοσούτων
790 655 1096 724 γενομένων
1147 656 1316 709 ἐθνῶν
1365 657 1460 708 καὶ
1503 654 1640 706 θεῶν
1685 654 1794 707 τῶν

209 747 491 817 ἀρξάντων
529 748 693 813 ποτὲ,
735 747 902 801 πάλαι
935 749 1031 818 μὲν
1064 749 1168 801 ὑπὸ
1197 748 1470 801 Μακεδόσι
1498 749 1678 817 μόνοις
1704 765 1795 815 γε-

207 840 542 910 γενημένων,
575 835 675 893 εἶτ’
700 836 856 904 αὖθις
886 841 992 894 ὑπὸ
1028 841 1338 911 Ῥωμαίοις,
1365 842 1459 893 καὶ
1488 841 1792 910 ζητούντων

204 933 364 994 Θεὸν,
403 926 557 1004 ᾧπερ
601 934 858 1002 ἀσφαλῶς
902 934 1398 987 καταπιστεύσειαν
1431 935 1688 996 ἑαυτοὺς,
1734 936 1792 986 ἐν

201 1023 418 1086 τούτοις
461 1026 536 1092 (‘2)
579 1024 734 1096 ὤφθη
797 1026 1032 1097 Χριστὸς
1083 1027 1177 1078 καὶ
1226 1025 1500 1094 δεομένοις
1544 1028 1790 1097 ἐπεφάνη

203 1115 350 1166 κατὰ
376 1113 585 1183 καιρὸν,
622 1116 885 1186 πρότερον
915 1116 1012 1186 μὲν
1036 1117 1095 1168 οὐ
1129 1115 1268 1168 κατὰ
1299 1114 1447 1183 ἔθνη,
1485 1115 1620 1168 ἀλλὰ
1649 1118 1793 1170 κατὰ

202 1203 374 1274 ἄνδρα
407 1206 764 1277 ἐκλεγόμενος
798 1209 873 1277 (5)
899 1208 1008 1260 ἀπὸ
1035 1207 1144 1260 τῶν
1165 1208 1354 1269 ἐθνῶν,
1379 1205 1469 1269 οὓς
1501 1206 1789 1278 άνεύρισκε

202 1295 601 1366 πειθομένους,
629 1298 724 1350 νῦν
755 1298 813 1348 δὲ
857 1298 1000 1350 κατὰ
1041 1298 1190 1368 ἔθνη.
1236 1299 1310 1351 Οὐ
1359 1297 1468 1368 γάρ
1506 1297 1790 1368 βιάζεσθαι

203 1385 458 1455 βούλεται
510 1389 572 1441 τὸ
603 1388 807 1441 ἐθέλειν
836 1389 994 1459 ἡμῶν
1038 1391 1067 1442 ὁ
1106 1390 1259 1452 θεὸς,
1296 1387 1361 1440 ἵν’
1393 1390 1530 1458 ὅπερ
1565 1389 1790 1459 θέλομεν

201 1478 284 1548 μὴ
310 1479 602 1550 ἐθέλωμεν·
632 1481 790 1533 τοῦτο
820 1481 928 1550 γὰρ
957 1481 1111 1534 οὐδὲν
1143 1481 1328 1550 ἕτερόν
1372 1483 1521 1534 ἐστιν
1562 1480 1594 1551 ἦ
1629 1499 1791 1551 μετα-

198 1575 384 1624 ποιεῖν
409 1571 507 1642 τὴν
541 1572 701 1640 φύσιν
730 1574 760 1642 ἡ
770 1572 907 1642 μῶν.

1897 484 2004 538 que
2031 470 2148 524 suis
2187 470 2446 540 opitulari
2475 475 2768 540 valentem,
2802 483 2968 547 atque
3007 473 3216 527 nullam
3251 475 3482 528 omnino

1898 560 1952 614 in
1979 559 2050 614 iis
2072 575 2198 616 esse
2237 562 2433 616 salutis
2461 579 2612 632 spem
2649 572 3037 635 cognosceret.
3072 561 3340 619 Redactis
3373 565 3480 617 ita-

1897 667 2006 722 que
2026 655 2130 709 sub
2151 663 2476 724 potestatem
2513 657 2676 710 unius
2706 658 2808 710 viri
2839 667 2915 712 tot
2932 657 3152 728 populis
3186 667 3350 725 atque
3373 656 3481 712 diis

1898 743 2051 798 hisce
2078 745 2355 812 quondam
2393 747 2816 814 imperantibus,
2849 763 2880 802 a
2912 747 3048 802 solis
3085 746 3310 817 quidem
3344 746 3478 800 olim

1897 836 2312 897 Macedonibus.
2348 838 2588 907 denique
2635 854 2768 892 vero
2811 855 2840 891 a
2875 837 3142 895 Romanis
3177 838 3478 907 subjectis,

1896 928 2075 998 iisque
2121 928 2286 983 Deum
2329 931 2727 999 quzerentibus,
2762 939 2821 985 ut
2863 932 2942 985 illi
2975 939 3094 987 tute
3129 947 3252 988 sese
3278 931 3477 986 crede-

1895 1032 2016 1074 rent
2067 1024 2587 1094 committerentque
2619 1043 2632 1077 :
2666 1039 2762 1094 per
2810 1024 2863 1079 id
2924 1032 3143 1095 tempus
3189 1025 3345 1080 visus
3393 1033 3481 1080 est

1893 1111 2169 1178 Christus,
2193 1121 2246 1168 et
2263 1127 2567 1184 opportune
2583 1117 2836 1185 apparuit
2865 1117 3258 1186 indigentibus.
3293 1115 3480 1173 Primo

1895 1206 2113 1274 quidem
2152 1222 2259 1260 non
2306 1207 2553 1277 singulos
2597 1214 2812 1276 gentes,
2869 1207 2965 1261 sed
3017 1207 3266 1277 singulos
3310 1208 3480 1262 homi-

1893 1313 2012 1357 nes.
2049 1315 2187 1366 quos
2240 1298 2428 1353 ﬁdeles
2483 1298 2761 1352 invenitde
2801 1300 3222 1368 gentibuselegit
3283 1316 3478 1354 :nunc

1896 1405 2024 1444 vero
2054 1391 2297 1460 singulas
2323 1401 2535 1461 gentes.
2570 1390 2714 1446 Deus
2759 1392 2904 1446 enim
2950 1406 3060 1446 non
3097 1393 3212 1446 vult
3242 1393 3351 1446 vim
3385 1409 3480 1446 vo-

1894 1483 2090 1536 luntati
2119 1492 2325 1538 nostrae
2357 1483 2574 1547 inferri,
2609 1493 2686 1544 ut,
2715 1483 2861 1554 quod
2913 1484 3190 1546 volumus,
3221 1500 3334 1538 non
3381 1500 3476 1538 vo-

1893 1577 2179 1630 luerimus.
2222 1575 2334 1630 Hoc
2385 1577 2531 1631 enim
2577 1576 2713 1630 nihil
2763 1575 2913 1630 aliud
2953 1584 3062 1639 est,
3100 1576 3207 1631 nisi
3257 1584 3478 1632 mutare

1891 1674 2146 1718 naturam
2179 1675 2448 1720 nostram.

277 1757 357 1825 (4)
386 1759 494 1811 Καὶ
514 1758 658 1821 τίνος
686 1756 843 1828 χάριν
873 1757 1002 1809 ποτὲ
1028 1755 1127 1826 μὲν
1146 1755 1339 1825 τούτῳ,
1369 1755 1497 1808 ποτὲ
1519 1755 1575 1807 δὲ
1598 1756 1785 1822 ἐκείνῳ

1962 1756 2029 1811 Et
2051 1774 2212 1826 quam
2235 1759 2304 1811 ob
2325 1772 2548 1810 causam
2579 1758 2716 1812 alias
2753 1759 2976 1827 quidem
3006 1759 3156 1826 huic,
3177 1759 3316 1815 alias
3346 1775 3479 1814 vero

196 1852 282 1922 τῷ
313 1851 459 1904 ἔθνει
477 1852 577 1914 τὰς
610 1851 1048 1923 καθολικωτέρας
1072 1851 1172 1920 τῆς
1194 1850 1521 1920 οἰκουμένης
1548 1848 1793 1914 ἐξουσίας

197 1944 494 2014 παρεδίδου
521 1945 550 1995 ὁ
579 1944 729 2006 Θεὸς,
757 1943 833 2007 ὡς
871 1946 983 2006 τοῖς
1007 1943 1147 1995 κατὰ
1174 1943 1248 2014 (5)
1278 1942 1468 2012 καιρὸν
1497 1941 1793 2012 κρατοῦσιν

193 2036 394 2104 νόμοις
423 2037 516 2089 καὶ
558 2036 706 2106 ημᾶς
757 2037 967 2098 πάντας
1006 2053 1065 2088 τε
1111 2033 1344 2105 χρῆσθαι
1397 2034 1472 2102 (6)
1520 2034 1647 2097 τοὺς
1693 2035 1795 2086 ὑπ-

191 2127 436 2195 ηκόους;
460 2127 572 2179 Καὶ
599 2126 664 2178 δι’
693 2126 857 2190 ἄλλας
882 2127 980 2197 μὲν
1009 2125 1207 2189 πολλὰς
1229 2126 1407 2187 αἰτίας
1439 2125 1642 2189 ταύτας
1673 2143 1796 2178 συν-

191 2217 402 2290 εχώρει
434 2220 534 2281 τὰς
583 2218 884 2288 μεταϐολὰς
916 2216 1161 2284 γίνεσθαι
1199 2218 1292 2270 καὶ
1317 2217 1404 2270 διὰ
1449 2217 1510 2270 τὸ
1548 2217 1784 2287 χρῆσθαι

1894 1849 1971 1904 illi
2009 1851 2208 1918 popqu
2251 1851 2562 1903 universale
2604 1851 2655 1903 in
2707 1851 2898 1904 orbem
2935 1861 3212 1906 terrarum
3252 1851 3480 1907 tradidit

1893 1940 2197 1995 dominium
2238 1941 2404 2002 Deus,
2434 1943 2508 1993 ita
2544 1950 2600 1995 ut
2644 1959 2746 1998 nos
2779 1959 3001 2013 quoque
3033 1959 3227 1999 omnes
3263 1945 3478 2014 legibus

1893 2034 1998 2087 hoc
2035 2044 2280 2102 tempore
2313 2033 2711 2102 imperantibus
2746 2050 2955 2090 morem
2981 2036 3278 2105 geramus?
3303 2037 3479 2092 Aliaso

1893 2139 2000 2195 que
2031 2123 2234 2176 multas
2273 2121 2343 2175 ob
2369 2137 2566 2176 causas
2605 2121 2768 2176 hasce
2807 2124 3139 2178 mutationes
3170 2124 3307 2187 ﬁeri,
3336 2125 3478 2179 Deo-

1894 2234 2002 2287 que
2035 2217 2112 2271 uti
2150 2221 2451 2278 concessit,
2489 2224 2549 2268 ut
2583 2217 2921 2272 necessitate
2948 2219 3124 2274 coacti
3154 2221 3376 2275 veniant
3407 2221 3477 2274 ad

190 2311 356 2381 Θεῷ,
397 2312 484 2364 ἵνα
513 2311 738 2364 ἔλθωσιν
763 2311 845 2381 (7)
886 2310 946 2376 ἐξ
983 2311 1229 2380 ἀνάγκης
1258 2311 1348 2362 ἐπὶ
1393 2309 1452 2363 τὸ
1486 2309 1666 2381 ζητεῖν
1694 2310 1785 2363 τὸν

1903 2310 2250 2381 quaerendum
2283 2325 2471 2363 verum
2501 2308 2688 2363 Deum.

191 2404 372 2467 ὅντως
391 2403 544 2458 Θεόν.
1663 2413 1666 2416 ’

1709 2513 1861 2570 CAP.
1895 2513 1982 2568 111.

274 2633 446 2691 Vens.
476 2635 568 2689 22.
594 2666 665 2676 —
687 2635 803 2692 Hoc
833 2637 980 2691 enim
1021 2637 1119 2705 (8),
1164 2638 1310 2707 quod
1336 2655 1348 2690 :
1387 2637 1488 2690 llic
1516 2645 1592 2690 est
1626 2635 1802 2689 Filius
1833 2651 1978 2688 meus
2007 2619 2250 2695 dilectus,
2299 2634 2354 2686 in
2383 2649 2484 2698 quo
2512 2633 2640 2686 mihi
2675 2633 3018 2702 complacuit,
3058 2635 3113 2688 in
3148 2635 3479 2706 baptismate

206 2730 567 2799 adoptionem
605 2731 942 2786 demonstrat
973 2731 1275 2787 secundum
1307 2731 1776 2801 comparationem
1810 2727 2054 2782 Judaica:
2081 2725 2417 2797 adoptionis,
2448 2727 2578 2796 quia
2606 2735 2660 2780 et
2693 2725 2758 2780 ad
2789 2726 2912 2781 illos
2942 2725 3148 2780 dictum
3181 2735 3337 2790 erat:
3362 2725 3475 2795 Ego

208 2821 373 2875 dixi:
408 2819 500 2874 Dii
544 2822 692 2884 estis,
732 2830 784 2876 et
842 2821 947 2890 filii
988 2820 1200 2874 Επειδὶ
1241 2837 1417 2874 omnes
1463 2819 1649 2889 (Psal.
1693 2833 1905 2880 Lxxxn,
1949 2815 2053 2887 6);
2090 2825 2178 2872 et:
2226 2814 2398 2869 Filios
2430 2816 2587 2883 genui
2628 2825 2675 2869 et
2704 2816 2936 2870 exaltavi
2966 2815 3114 2886 (Isa.
3148 2835 3184 2885 ι,
3217 2819 3319 2890 ‘2):
3354 2820 3477 2889 ejus

200 2917 527 2988 adoptionis
568 2917 928 2987 praecipuum,
963 2933 1030 2972 eo
1060 2917 1206 2987 quod
1242 2916 1399 2978 dixit,
1435 2916 1677 2980 dilectus,
1709 2923 1763 2970 et
1789 2913 1842 2966 in
1871 2930 1972 2983 quo
2000 2912 2129 2966 mihi
2159 2911 2496 2981 complacuit,
2527 2910 2844 2966 ostendens.
2879 2909 3110 2982 Propter
3148 2911 3252 2968 hoc
3283 2922 3339 2968 et
3371 2929 3475 2969 vox

199 3013 393 3068 Patris
426 3013 587 3067 liebat
630 3013 982 3083 adoptionem
1029 3013 1385 3076 conﬁrmans,
1420 3019 1474 3067 et
1513 3009 1638 3064 Filii
1679 3010 2056 3064 nominatione
2104 3022 2204 3078 per
2235 3006 2587 3074 adoptionem
2623 3005 2927 3060 secundum
2952 3008 3181 3075 gratiam
3215 3021 3338 3061 eum
3380 3009 3474 3078 qui

198 3117 340 3156 vere
374 3102 550 3157 Filius
580 3111 685 3166 est,
715 3101 1135 3157 demonstrabat
1164 3121 1177 3156 :
1207 3102 1371 3172 cujus
1398 3101 1716 3171 conjunctio
1741 3100 1806 3153 ad
1835 3115 2019 3154 veram
2050 3109 2104 3154 et
2147 3099 2358 3151 ﬁrmam
2399 3095 2746 3166 adoptionem
2787 3096 2952 3151 istum
2982 3097 3389 3152 constituebat:
3421 3108 3476 3153 et

202 3193 450 3265 Spiritus
474 3205 700 3252 sanctus
734 3195 790 3250 in
829 3195 1013 3267 specie
1044 3197 1314 3250 columbzc
1345 3195 1712 3257 descendens,
1747 3192 2052 3262 permansit
2078 3205 2243 3262 super
2266 3205 2415 3251 eum,
2445 3196 2722 3256 quatenus
2755 3188 2808 3242 in
2831 3188 3223 3258 conjunctione
3245 3189 3314 3244 ad
3347 3204 3472 3244 eum

200 3286 305 3358 qui
339 3301 463 3340 vere
493 3285 668 3342 Filius
700 3293 807 3350 est,
840 3287 962 3355 ejus
994 3287 1372 3357 eooperationi
1408 3286 1654 3341 intentus
1683 3293 1922 3350 maneat,
1959 3282 2172 3338 ﬁrmam
2202 3281 2516 3350 adoptionis
2550 3281 2754 3336 habens
2782 3281 3142 3352 dignitatem:
3173 3298 3271 3352 per
3290 3281 3472 3338 omnia

200 3391 390 3435 autem
423 3380 477 3434 in
512 3396 622 3451 quo
648 3382 830 3452 primo
859 3383 1168 3450 adoptionis
1193 3382 1651 3453 praeformabatur
1684 3381 1976 3452 baptisma,
2011 3379 2136 3433 dico
2160 3387 2341 3432 autem
2381 3377 2593 3431 Domini
2625 3377 2854 3441 Christi,
2879 3393 2944 3431 ex
2978 3377 3139 3432 Patre
3171 3386 3225 3434 et
3255 3377 3395 3434 Filio
3418 3388 3474 3434 et

199 3477 420 3548 Spiritu
455 3487 646 3532 sancto
679 3477 784 3532 hoc
809 3478 956 3547 quod
993 3478 1174 3544 ﬁebat,
1211 3478 1605 3548 complebatur.

817 3593 1070 3647 ΚΕΦΑΛ.
1115 3592 1190 3645 A".

273 3701 427 3772 Στέχ.
453 3707 521 3756 α’.
545 3731 616 3742 -
636 3703 801 3757 Οὐδὲν
824 3702 900 3772 (9)
930 3704 1135 3762 καινὸν,
1157 3702 1482 3756 ἀσεϐέστατε
1509 3701 1785 3766 Ἰουλιανὲ,

197 3797 252 3847 εἰ
295 3796 390 3846 καὶ
411 3793 737 3860 γινώσκεται
761 3795 866 3847 ὑπὸ
886 3795 994 3847 τῶν
1021 3795 1293 3865 δαιμόνων
1323 3795 1416 3847 καὶ
1441 3793 1786 3864 ὁμολογεῖται

197 3884 341 3946 Θεὸς
367 3884 462 3935 καὶ
495 3882 812 3953 πειράζεται
838 3885 942 3937 ὑπὸ
967 3884 1059 3938 τοῦ
1091 3885 1350 3955 ἄρχοντος
1381 3883 1490 3936 τῶν
1514 3882 1785 3952 δαιμόνων

203 3973 286 4046 μὴ
315 3973 704 4044 ὁμολογοῦντος
739 3976 838 4044 τὴν
867 3975 1034 4028 αὑτοῦ
1063 3973 1358 4056 βασιλείαν.
1391 3975 1466 4027 Οὐ
1503 3975 1610 4044 γάρ
1647 3973 1789 4027 κατὰ

197 4067 299 4120 τὸν
342 4067 505 4120 αὐτὸν
551 4067 764 4138 χρόνον,
811 4067 947 4120 ἀλλὰ
1003 4069 1267 4138 πρότερον
1319 4068 1417 4137 μὲν
1463 4065 1789 4134 ἀγωνίζεται

280 4241 362 4308 (1)
393 4241 703 4308 Augustum
739 4239 847 4293 dici
881 4249 1028 4294 recte
1059 4240 1373 4294 observavit
1406 4239 1608 4295 Muent.

281 4311 361 4376 (2)
384 4311 499 4430 ΙἚν
536 4311 786 4376 τούτοις.
823 4312 1066 4366 Muent.;
1101 4325 1190 4378 per
1220 4310 1273 4363 id
1300 4321 1534 4380 .tempus.
1583 4309 1788 4376 Malim,

281 4393 352 4430 ter
401 4389 524 4430 tos.’

203 4385 352 4437 inter
384 4385 524 4432 hos.’

280 4455 300 4519 (
306 4453 373 4522 5)
403 4449 545 4522 Male
571 4451 888 4522 scriltasi—
914 4451 1113 4522 ἄνδρας
1137 4451 1530 4520 ἐκλεγομένους
1553 4482 1621 4490 -
1649 4450 1789 4518 (ῡὸ-

198 4521 442 4591 derlein.
482 4520 725 4589 Tlteolog.
782 4520 1032 4575 Biblioth.
1085 4522 1232 4591 Lips.
1288 4522 1447 4586 1788,
1496 4539 1568 4586 tv,
1627 4523 1679 4581 7,
1734 4539 1786 4590 p.

199 4592 370 4660 49⁸2).
407 4590 615 4644 Censor
659 4592 788 4645 libri
834 4591 1102 4647 Mncnter.
1153 4590 1458 4662 (Gottiiiger
1499 4595 1601 4662 gel.
1650 4597 1787 4645 Anz.

203 4664 375 4724 1788,
411 4677 464 4734 p.
501 4662 662 4734 1246)
684 4674 852 4734 recte
885 4666 1117 4725 monuit,
1152 4681 1202 4714 v.
1231 4663 1374 4734 κατὰ
1402 4663 1526 4734 ἔθνη
1568 4673 1621 4718 ct
1651 4663 1791 4734 κατὰ

199 4734 383 4798 ἄνδρα
415 4731 766 4785 distributive
795 4735 1058 4786 sumenda
1091 4749 1212 4787 esse
1253 4733 1361 4800 (cf.
1395 4731 1559 4790 Cord.
1593 4745 1698 4786 cat.
1735 4733 1788 4785 iii

143 4841 146 4843 μ
199 4803 350 4868 nsal.
391 4816 449 4863 II,
484 4817 536 4872 p.
570 4801 694 4855 6M.
732 4800 939 4872 Theod.
965 4805 1026 4856 οὑ
1059 4803 1181 4856 καθ’
1205 4805 1301 4856 ἕνα
1335 4804 1592 4857 καὶκατὰ
1627 4803 1790 4872 μέρος

197 4871 663 4939 ἀποθνησκόντων
682 4901 750 4910 -
768 4872 806 4938 ).
839 4871 1044 4926 Enarra
1073 4893 1085 4927 :
1113 4874 1371 4941 principio
1393 4882 1606 4941 (rerum
1632 4871 1794 4927 Chri-

205 4944 557 5022 stianarum)
594 4959 696 4994 non
742 4943 982 5022 singulos
1016 4943 1259 5022 populos.
1308 4944 1400 5022 sed
1451 4947 1611 5008 viros,
1660 4959 1790 5012 quos
1826 4968 1869 5022 Ι)

200 5013 547 5083 obsequentes
587 5012 895 5074 reperiebat,
938 5013 1002 5065 de
1039 5013 1244 5082 populis
1270 5014 1444 5083 elegit,
1487 5033 1625 5069 nunc
1668 5029 1784 5067 vero

201 5081 311 5152 (de
360 5095 469 5156 suo
503 5089 768 5156 _tenipore
811 5081 1068 5156 loquitur
1125 5081 1484 5153 Theodorus)
1543 5087 1782 5156 singulos

199 5149 453 5226 populos.
495 5149 614 5226 1am
641 5149 822 5217 ’qttaari
867 5149 1097 5226 pctet'at.
1129 5169 1228 5226 cur
1275 5170 1391 5214 non,
1441 5149 1786 5226 statim'post

199 5220 416 5292 Christi
474 5221 764 5292 adventum
817 5225 1000 5292 populi
1059 5225 1186 5278 l'ucti
1238 5234 1422 5278 essent
1461 5220 1780 5284 Christiani.

202 5291 391 5365 llujns
424 5290 502 5365 rei
530 5290 1021 5365 hauc'l‘beodorus
1053 5293 1292 5365 reddidit
1321 5297 1610 5359 rationem,
1637 5300 1782 5365 quod

201 5360 495 5434 religionis
559 5362 884 5416 Christiana:
947 5363 1238 5434 professio,
1294 5365 1396 5418 nisi
1449 5366 1587 5422 forte
1643 5360 1783 5424 Deus

201 5433 510 5507 humanam
553 5442 812 5507 naturam
868 5441 1281 5497 commutasset,
1326 5435 1396 5488 ab
1435 5437 1570 5507 ipsis
1609 5439 1786 5494 homi-

201 5503 374 5557 nibus
427 5500 703 5568 penderet.

281 5573 359 5638 (Ξ)
392 5569 504 5648 lloc
525 5571 900 5648 fragmentum
929 5589 1050 5648 cum
1084 5575 1412 5644 praecedenti
1444 5581 1638 5648 paucis
1673 5579 1786 5638 for-

199 5651 356 5696 tasse
391 5641 567 5694 verbis
607 5642 913 5710 interjeclis
947 5641 1192 5701 cohaisit.

275 5712 357 5780 (5')
397 5711 601 5766 Mucnt.
641 5717 753 5776 τοῖς
780 5713 892 5767 τόν.

2530 3585 2686 3640 CAP.
2739 3583 2832 3642 IV.

1967 3696 2136 3753 Vsus.
2163 3697 2186 3751 1
2218 3711 2340 3767 sqq.
2363 3726 2434 3737 —
2457 3694 2578 3750 Non
2609 3702 2695 3751 est
2738 3709 2937 3750 novum
2971 3695 3126 3765 quid,
3166 3695 3334 3766 impie
3376 3694 3474 3750 Ju-

1896 3788 2060 3853 liane,
2110 3786 2322 3851 Jesum,
2369 3785 2497 3840 licet
2571 3785 2848 3840 daemones
2908 3801 3034 3840 eum
3106 3796 3468 3857 cognoscant,

1894 3877 2183 3947 Deumque
2219 3893 2343 3932 esse
2374 3877 2764 3942 conﬁteantur,
2793 3875 2968 3930 nihilo
3007 3885 3192 3933 tamen
3223 3878 3406 3934 secius
3437 3893 3472 3934 a

1897 3971 2144 4040 principe
2179 3969 2512 4037 daemonum,
2545 3984 2774 4038 regnum
2836 3969 2960 4037 ejus
2996 3969 3147 4023 haud
3192 3969 3470 4039 professo.

1898 4062 2098 4115 tentari
2119 4059 2278 4128 (Luc.
2306 4077 2381 4127 iv,
2401 4059 2492 4125 54,
2515 4060 2606 4127 41,
2629 4060 2736 4131 al.)
2762 4075 2908 4114 :non
2935 4060 3084 4116 enim
3115 4060 3307 4116 eodem
3338 4072 3470 4118 tem-

1974 4238 2049 4300 (6i
2077 4238 2284 4312 Mttent.
2317 4239 2526 4303 πάντας
2577 4241 2902 4312 κεχρῆσθαι.
2941 4243 2996 4297 lt.
3027 4259 3078 4299 e.
3109 4273 3179 4283 —
3207 4246 3284 4298 ita
3312 4257 3369 4299 ut
3397 4249 3472 4302 le-

1898 4308 2070 4389 gibus,
2111 4309 2307 4389 quibus
2368 4321 2478 4363 tum
2515 4312 2587 4364 eis
2637 4308 2964 4389 eratLetiam
2995 4331 3089 4368 nos
3118 4331 3316 4381 omnes,
3379 4321 3470 4389 qui

1899 4381 2121 4458 subjecti
2167 4397 2370 4458 sunmus,
2424 4382 2867 4458 uterentur.__Sed
2894 4393 3293 4458 praeterquam
3321 4381 3471 4458 quod

1900 4449 2143 4518 perfecto
2173 4449 2488 4514 olfendaris,
2518 4452 2680 4506 verba
2704 4453 2793 4505 illa
2819 4449 3070 4508 videntur
3097 4449 3297 4511 Iuliani
3320 4449 3468 4519 esse.

1971 4520 2047 4589 (7)
2102 4519 2304 4593 Muent.
2341 4551 2412 4560 —
2442 4523 2535 4593 καὶ
2580 4522 2906 4592 διαχρῆσθαι
2940 4523 3058 4593 Θεῷ
3091 4525 3318 4579 ἔλθωσιν
3353 4558 3426 4572 -ιη
3451 4571 3465 4585 .

1902 4588 2158 4644 Fortasse
2188 4592 2343 4645 locus
2371 4591 2524 4646 valde
2555 4588 2839 4647 inutilat'us
2869 4603 2972 4648 est.
3013 4588 3120 4650 Sed
3151 4594 3469 4655 Theodoreti

1898 4676 2032 4732 sum
2079 4662 2368 4732 sententia
2398 4677 2518 4716 mea
2557 4663 2872 4732 conjectura
2917 4664 3185 4720 edicitur:
3216 4697 3288 4706 —
3323 4677 3378 4724 et
3410 4680 3470 4726 ut

1899 4729 2008 4803 Deo
2043 4731 2369 4803 uterentur_(
2385 4740 2443 4786 ut
2466 4732 2575 4795 dei,
2608 4729 2770 4801 quem
2799 4734 3035 4803 quisque
3063 4737 3286 4802 coleret,
3314 4741 3468 4794 inﬁr-

1899 4800 2141 4872 mitatem
2172 4801 2585 4870 experirentur)
2626 4800 2735 4872 quo
2773 4800 3098 4862 necessitate
3119 4800 3295 4861 coacti
3325 4814 3469 4864 veni-

1898 4881 2021 4948 rent
2051 4870 2116 4948 ad
2140 4873 2492 4948 quaerendum
2531 4870 2706 4948 verum
2742 4873 3251 4948 Deum.ATheodorii
3277 4878 3470 4948 dispu-

1893 4940 2041 5031 tatio
2065 4941 2188 5031 hinc
2212 4949 2317 5031 ‘est
2336 4961 2348 4995 :
2397 4941 2537 4997 Deus
2561 4944 2724 5026 modo
2754 4946 2898 5026 apud
2932 4946 3097 5028 hunc,
3125 4947 3293 5031 _modo
3321 4940 3464 5031 apud

1892 5009 2322 5089 illumpopulum
2341 5027 2615 5089 summum
2640 5009 2926 5089 imperium
2949 5031 3072 5072 esse
3084 5009 3211 5070 ideo
3231 5009 3468 5089 maxime

1893 5081 2084 5142 voluit,
2114 5088 2173 5132 ut
2193 5083 2620 5155 gentespuhlica
2645 5084 2955 5138 calamitate
2977 5101 3179 5154 pressae
3199 5087 3266 5140 ad
3283 5105 3464 5155 suum,

1894 5164 2053 5226 quem
2087 5159 2340 5218 putarent
2368 5153 2616 5226 deumse
2645 5153 3049 5226 converterent,
3097 5157 3358 5226 quo_ejus
3384 5153 3468 5215 in;

1896 5219 2206 5291 ﬁrmitatem
2239 5223 2447 5291 experti
2485 5223 2552 5276 ad
2598 5241 2774 5277 verum
2804 5219 3155 5281 ducerentur.
3189 5219 3309 5283 Hoc
3334 5245 3469 5286 vero

1894 5298 2009 5363 tum
2037 5289 2255 5344 demum
2296 5289 2443 5347 recte
2475 5293 2591 5357 ﬁeri
2623 5302 2856 5363 poterat,
2885 5310 3010 5348 cum
3044 5311 3320 5352 sumntum
3363 5300 3466 5352 itii-

1894 5359 2102 5436 perium
2122 5377 2244 5436 _non
2265 5363 2408 5436 apud
2441 5379 2607 5417 unum
2625 5359 2998 5436 'eumdcmque
3021 5365 3279 5436 populum
3297 5381 3436 5425 esset
3451 5413 3466 5435 ,

1893 5435 1987 5482 sed
2021 5430 2089 5482 ab
2121 5431 2223 5485 hoc
2251 5430 2319 5486 ad
2353 5433 2504 5486 illum
2541 5430 2956 5491 transferretur.

1966 5493 2390 5577 (tl)_{ict..C.‘C.
2425 5519 2484 5562 ll,
2530 5519 2602 5563 tv,
2642 5505 2726 5566 l8,
2778 5503 2938 5577 Vigil.
2971 5517 3146 5561 const.
3185 5509 3270 5569 19,
3307 5508 3468 5577 Ejus-

1893 5570 2135 5645 deui
2155 5569 2253 5645 _M.
2285 5571 2348 5645 de
2377 5583 2667 5628 commento
2696 5592 2798 5629 sec.
2830 5574 3030 5630 Lucam
3063 5569 3354 5645 Evangelii:

1935 5639 2042 5718 .(9)
2071 5640 2127 5719 lu
2155 5642 2256 5694 hoc
2279 5641 2580 5711 fragmento
2604 5647 2759 5766 plura
2789 5647 3112 5702 refelluntur
3128 5636 3247 5718 quae
3271 5659 3466 5707 contra

1935 5721 2176 5766 Istortam
2211 5713 2530 5766 mutationis
2559 5714 2599 5766 C
2625 5715 2761 5766 tristi
2793 5715 3045 5766 Julianus
3076 5725 3317 5766 mnium-

1892 5709 2176 5766 historiam
2211 5709 2530 5768 mutationis
2559 5709 2761 5770 Christi
2793 5715 3045 5774 Julianus
3076 5709 3317 5776 protulit.
