3904 6592
399 348 501 402 πο
1450 401 1456 402 ί
1601 322 1955 382 rnsooom
1994 319 2480 377 uepsuusrem
3556 317 3669 374 720

399 471 550 529 pure,
576 449 672 508 sed
701 453 948 522 prius,et
971 443 1187 499 inscius
1219 438 1445 510 quidem
1477 453 1601 492 cum
1625 420 1692 491 eo
1721 436 1977 498 dimicat;

2110 434 2316 503 ιγνοῶν,
2351 432 2603 504 ἡττηθεὶς
2643 433 2699 486 δὲ
2732 431 2954 502 ὕστερον
2983 430 3243 502 γνωρίζει
3289 430 3385 483 καὶ
3417 431 3674 500 ὁμολογεῖ

398 521 597 600 deinde
635 521 765 595 vero
810 537 1012 599 vietus,
1050 531 1348 601 imperium
1383 528 1505 597 ejus
1541 526 1792 597 agnoscit
1822 531 1987 591 atque

2110 527 2183 596 τὴν
2219 525 2494 594 βασιλείαν
2518 523 2684 576 αὑτοῦ
2721 524 2912 593 λέγων.
2941 523 3176 594 Οἷδαμέν
3205 540 3264 575 σε
3286 524 3373 583 τίς
3405 521 3475 576 εἷ·
3521 527 3586 576 σὺ
3624 521 3674 577 εἷ

403 633 694 689 conﬁtetur
737 629 887 683 hisee
922 621 1463 679 verbiszNoscimus
1505 632 1580 684 te,
1622 620 1746 690 quis
1788 619 1894 682 sis;
1926 627 1985 670 ιιι

2110 639 2114 663 ι
2147 615 2334 683 ’Ἀγιος
2367 613 2461 666 τοῦ
2504 614 2738 686 Ἰσραήλ.
2773 615 2846 667 Οὐ
2873 613 2982 682 γὰρ
3020 615 3125 685 πρὸ
3163 613 3258 666 τοῦ
3297 615 3678 683 βαπτίσματπ

402 740 462 781 es
492 723 726 778 Sanetus
758 717 972 773 Israelis
992 714 1156 787 (Luc.
1187 731 1260 777 tv,
1283 714 1372 777 54;
1409 713 1581 766 Marc.
1618 729 1656 776 ι,
1679 711 1800 779 54).
1830 708 1982 761 Hand

2110 706 2258 758 ταῦτα
2287 706 2561 776 ὁμολογεῖ,
2594 705 2730 760 ἀλλὰ
2763 707 2900 776 μετὰ
2930 707 2990 758 τὸ
3031 706 3314 776 βάπτισμα
3339 707 3438 759 καὶ
3463 707 3524 758 τὸ
3552 723 3675 758 πει-

401 817 548 871 enim
595 819 719 865 ante
757 809 1032 878 baptisma
1069 809 1184 861 haec
1216 805 1531 875 profitetur,
1565 803 1660 858 sed
1696 809 1984 871 postquam

2110 798 2352 868 ιασθῆναι
2393 799 2487 850 καὶ
2524 797 2806 849 κατελθεῖν
2845 800 2908 851 ὲκ
2963 801 3062 869 τῆς
3115 800 3324 870 ἐρήμου
3370 801 3677 868 νικήσαντα

402 914 457 960 et
513 903 825 972 baptizatus
891 908 946 954 et
1003 906 1248 953 tentatus
1280 904 1428 950 esset
1489 893 1692 958 Iesus,
1735 892 1987 948 redierit-

403 1011 507 1065 que
551 1009 615 1048 ex
661 992 900 1054 deserto,
931 990 1112 1044 vietor
1145 987 1349 1042 diaboli
1392 985 1696 1040 secundum
1739 997 1981 1044 carnem,

403 1085 703 1141 secundum
742 1095 906 1153 quam
937 1089 991 1137 et
1023 1088 1327 1136 tentaverat
1361 1093 1506 1133 eum.
1535 1075 1584 1131 ls
1617 1076 1762 1130 enim
1815 1073 1982 1126 Deum

405 1177 672 1239 Verbum,
702 1175 947 1231 essentia
973 1188 1072 1228 sua
1101 1172 1356 1226 omnibus
1400 1172 1670 1239 ignotum,
1713 1167 1856 1221 haud
1879 1183 1986 1233 ,(-ο-

405 1283 696 1342 gnoscens,
736 1275 860 1322 enm
911 1265 1071 1319 modo
1101 1265 1328 1319 tentavit
1375 1262 1674 1316 secundum
1729 1275 1979 1321 carnem,

405 1379 526 1433 qua:
562 1369 618 1417 et
677 1374 866 1415 revera
918 1358 1112 1411 famem
1156 1356 1621 1422 tentationemque
1663 1366 1824 1422 passa
1877 1358 1979 1405 est.

409 1453 518 1510 Sed
567 1451 766 1512 Moses,
792 1451 989 1519 inqtnt,
1017 1456 1310 1518 postquam
1343 1447 1708 1516 quadraginta
1751 1443 1871 1498 dies
1899 1443 1983 1509 je-

402 1551 714 1618 junaverat.
764 1547 934 1615 legem
994 1543 1238 1612 accepit;
1293 1540 1422 1594 Elite
1470 1553 1618 1600 vero,
1657 1544 1782 1607 post
1838 1535 1982 1590 idem

408 1651 621 1707 tempus
654 1636 867 1704 jejunio
897 1641 1205 1702 peractum,
1231 1631 1432 1684 divime
1460 1629 1806 1697 contigerunt
1832 1640 1984 1679 reve-

407 1729 686 1783 lationes:
728 1726 888 1779 Jesus
929 1735 1135 1787 autem,
1169 1723 1303 1792 quid
1354 1729 1475 1791 post
1526 1721 1667 1775 idem
1707 1717 1979 1787 jejunium

2085 889 2174 941 τὸν
2199 886 2443 940 διάϐολον
2472 886 2614 939 κατὰ
2641 886 2739 955 τὴν
2767 887 2946 956 σάρκα
2969 928 2983 951 ,
3015 886 3136 940 καθ’
3166 888 3233 958 ἢν
3265 889 3359 942 καὶ
3382 888 3676 958 ἐπείραζεν

2085 979 2266 1032 αὐτόν.
2297 979 2372 1030 Οὐ
2415 977 2522 1048 γὰρ
2551 976 2704 1040 εἰδὼς
2741 978 2832 1030 τὸν
2867 978 2997 1032 Θεὸν
3039 979 3213 1047 Λόγον
3251 981 3544 1050 ἐπείρασεν
3587 979 3672 1031 ἀν’

2087 1072 2250 1123 πᾶσιν
2282 1070 2388 1140 γὰρ
2427 1068 2545 1121 κατ’
2571 1069 2759 1121 οὐσίαν
2795 1071 2823 1120 ὁ
2856 1069 2988 1132 Θεός
3026 1071 3173 1122 ἐστιν
3194 1071 3501 1137 ἄγνωστος,
3533 1071 3674 1122 ἀλλὰ

2086 1161 2228 1216 κατὰ
2272 1163 2369 1231 τὴν
2405 1163 2603 1232 σάρκα,
2633 1161 2754 1213 καθ’
2790 1161 2860 1231 ἣν
2891 1159 3104 1231 άληθῶς
3139 1163 3235 1216 καὶ
3276 1163 3536 1215 ὲπείνασε
3581 1165 3679 1214 καὶ

2086 1252 2407 1323 ὲπειράσθη.
2450 1251 2611 1304 Ἀλλὰ
2651 1253 2884 1321 Μωσῆς,
2918 1254 3104 1322 φησιν,
3148 1254 3360 1323 ἡμέρας
3399 1255 3680 1323 τεσσαρά-

2086 1361 2249 1398 κοντα
2285 1342 2606 1412 νηστεύσας,
2640 1342 2797 1394 ἔλαϐε
2829 1343 2918 1395 τὸν
2953 1344 3142 1413 νόμονο
3188 1343 3373 1405 Ἠλίας
3397 1343 3458 1395 δὲ
3482 1345 3682 1395 τοσσύο

2085 1455 2180 1500 τας
2206 1433 2531 1506 νηστεύσας,
2563 1435 2723 1486 θείων
2751 1434 3020 1504 αὑτοψιῶν
3051 1433 3259 1504 ἔτυχεν·
3307 1435 3520 1504 Ἰησοῦς
3545 1435 3602 1486 δὲ
3628 1434 3681 1486 τί

2088 1527 2226 1600 μετὰ
2247 1527 2516 1596 τοσαύτην
2542 1525 2617 1598 (ί)
2653 1525 2904 1596 νηστείαν
2927 1525 3117 1578 ἔλαϐεν
3144 1525 3219 1596 (Ξ)
3245 1541 3259 1589 ;
3305 1526 3425 1578 Οὐκ
3451 1521 3576 1577 ἶσον
3603 1524 3680 1593 τῷ

2085 1619 2268 1674 λαϐεῖν
2303 1618 2465 1688 νόμον
2489 1618 2583 1670 καὶ
2604 1616 2858 1680 θεοπτίας
2879 1617 3173 1688 ἀξιωθῆναι
3205 1618 3264 1670 τὸ
3278 1618 3467 1671 λαϐεῖν
3493 1618 3646 1684 Εύαγ
3662 1647 3678 1653 -

2087 1712 2265 1778 γέλιον
2287 1709 2378 1762 καὶ
2407 1706 2644 1778 κηρύξαι
2672 1707 2771 1779 τὴν
2802 1707 2911 1762 τῶν
2942 1708 3185 1779 οὐρανῶν
3218 1707 3523 1776 βασιλείανο
3552 1725 3680 1758 τοτα

409 1819 663 1890 accepit?
705 1817 863 1870 Haud
895 1817 1126 1885 aequalis
1151 1815 1364 1868 obtinet
1409 1813 1550 1866 ratio
1584 1811 1727 1864 inter
1766 1818 1982 1862 utrum-

2110 1803 2238 1856 ιῦτον
2271 1801 2327 1854 δὲ
2369 1799 2641 1870 διάφορον,
2671 1801 2794 1852 ὅσον
2831 1799 3060 1870 οὐρανὸς
3101 1799 3348 1868 διαφέρει
3390 1799 3496 1868 τῆς
3543 1797 3675 1867 γῆς,

410 1928 540 1982 que,
574 1912 745 1982 legem
795 1910 1069 1978 accipere,
1105 1908 1527 1974 divinarumque
1581 1903 1806 1973 dignum
1857 1916 1986 1955 cen-

411 1999 520 2054 seri
577 1998 999 2062 revelationum,
1036 2004 1197 2065 atque
1255 1994 1603 2064 Evangelium
1646 1993 1894 2061 accipere
1933 2000 1987 2045 et

409 2103 638 2159 regnum
695 2090 962 2142 caelorum
1021 2087 1344 2156 praedicare.
1389 2085 1564 2138 Tanta
1630 2085 1776 2138 enim
1843 2083 1988 2138 inter

410 2189 705 2248 utrumque
748 2177 1083 2244 differentia,
1110 2185 1312 2246 quanta
1358 2177 1559 2231 emlum
1611 2176 1757 2228 inter
1802 2182 1885 2228 est
1926 2186 1990 2227 ac

412 2282 636 2335 terram,
670 2271 978 2324 imnmrtale
997 2277 1052 2321 et
1076 2270 1329 2328 mortale.
1353 2277 1620 2321 aeternum
1651 2273 1991 2334 ettempora-

415 2362 583 2414 rium.
614 2361 748 2412 lllud
798 2374 947 2423 vero,
975 2360 1114 2411 omni
1157 2360 1307 2411 verba
1356 2355 1452 2409 Dei
1475 2355 1636 2427 (Luc.
1661 2371 1736 2418 ιν,
1773 2354 1859 2424 4),
1882 2369 1990 2406 non

416 2449 679 2503 doctrime
711 2461 875 2501 causa
905 2446 1060 2507 dicit,
1104 2447 1200 2500 sed
1253 2452 1476 2515 propter
1526 2445 1992 2513 comparationem

416 2539 548 2593 cibi.
573 2539 653 2591 Ad
701 2539 935 2607 ineptam
971 2537 1116 2592 enim
1160 2537 1308 2590 illius
1354 2537 1820 2606 provocationem,
1858 2533 1995 2587 Jube

420 2639 480 2683 ut
531 2628 732 2700 lapides
786 2629 877 2680 isti
932 2644 1092 2696 panes
1145 2629 1278 2695 [iant
1311 2624 1544 2696 (Matth.
1601 2643 1672 2690 tv,
1709 2625 1802 2694 5),
1834 2623 1994 2694 quasi

424 2719 610 2776 Jesum
653 2721 854 2789 ubique
891 2736 1030 2789 pane
1062 2718 1262 2773 nutriri
1312 2725 1608 2788 oporteret,
1641 2731 1830 2771 eorum
1880 2729 1996 2768 me—

421 2827 542 2866 mor
595 2813 717 2878 qua:
773 2813 827 2864 in
903 2811 1124 2865 deserto
1191 2809 1334 2863 laeta
1393 2815 1601 2872 essent,
1658 2805 1998 2860 commonuit

422 2920 569 2970 emo,
612 2905 839 2958 dicens:
874 2901 999 2957 Non
1049 2919 1177 2972 opus
1229 2902 1381 2956 habet
1421 2899 1564 2955 Deus
1615 2900 1857 2969 panibus.
1897 2897 1999 2950 Et-

425 2996 569 3050 enim
603 2993 745 3049 Dens
777 2997 985 3064 absque
1048 3010 1186 3064 pane
1242 2991 1500 3048 lsraelem
1533 2990 1764 3044 nutrivit
1819 2989 1872 3041 in
1905 2988 2002 3041 de-

429 3094 598 3147 serto.
630 3095 684 3141 et
735 3088 947 3141 nutrire
993 3102 1115 3140 eum
1154 3093 1333 3156 potest
1367 3091 1529 3154 prout
1575 3083 1690 3136 vult
1739 3079 1998 3147 Verbum,

430 3181 670 3234 divinam
701 3181 916 3250 (verbo)
956 3179 1206 3233 indicans
1253 3176 1573 3231 creatricem
1628 3174 1991 3227 voluntatem.

431 3269 570 3327 Mosi
613 3271 833 3342 quidem
884 3279 939 3325 et
970 3269 1118 3333 Elian,
1161 3269 1226 3322 ad
1267 3268 1478 3321 minora
1517 3265 1625 3318 alia
1666 3263 2005 3333 properanti-

433 3359 559 3427 bus,
595 3362 744 3415 haud
791 3362 1123 3430 permissum
1185 3367 1269 3414 est
1312 3357 1512 3412 tentari
1546 3371 1575 3409 a
1606 3355 1824 3411 diabolo
1858 3355 2006 3409 :Re-

433 3453 702 3522 deinptori
763 3467 916 3514 vero,
960 3451 1049 3504 cui
1099 3448 1392 3503 dissolutio
1440 3445 1635 3501 mortis
1683 3445 2006 3514 priorisque

435 3546 721 3601 sententiae
772 3558 917 3597 curae
971 3550 1121 3604 erat,
1156 3538 1469 3596 necessario
1518 3537 1572 3591 id
1614 3537 1863 3607 permitti
1910 3538 2008 3592 de-

437 3637 581 3691 buit.
612 3635 783 3690 Valde
811 3636 960 3690 enim
998 3633 1251 3687 diabolus
1285 3631 1534 3685 homines
1569 3637 1764 3684 contra
1792 3629 2008 3684 divinas

439 3728 814 3799 legislationes
842 3727 895 3779 in
937 3724 1030 3788 iis,
1055 3739 1178 3794 quae
1206 3724 1260 3776 in
1301 3730 1570 3791 potestate
1600 3728 1788 3774 nostra
1829 3719 2008 3789 posita

441 3828 594 3884 sunt,
624 3818 909 3873 deﬂectere
961 3828 1125 3886 atque
1155 3815 1413 3883 decipere
1461 3813 1633 3882 cupit.
1663 3811 1799 3865 lllud
1857 3826 2008 3875 vero,

441 3917 500 3962 ut
534 3910 619 3963 lex
647 3909 923 3968 ederetur,
945 3907 1430 3976 suscipereturque
1455 3918 1581 3958 eum
1615 3917 1722 3956 non
1754 3903 1807 3955 in
1841 3902 2011 3956 Hosis

443 4001 538 4056 sed
570 4001 625 4054 in
662 3998 752 4054 Dei
783 4004 930 4052 esset
959 4005 1252 4066 potestate,
1279 3995 1536 4050 diabolus
1573 3995 1836 4064 impedire
1865 3994 2008 4048 haud

441 4090 640 4161 potuit.
670 4088 1012 4146 Concessum
1046 4098 1232 4142 tamen
1266 4088 1342 4140 illi
1375 4094 1480 4149 est,
1508 4087 1564 4140 in
1597 4087 1707 4143 illis
1738 4101 1841 4142 nos
1863 4086 2013 4142 deei-

443 4196 592 4252 pere,
623 4195 743 4250 quae
794 4179 977 4234 facere
1007 4187 1173 4248 atque
1213 4179 1470 4231 omittere
1502 4177 1559 4230 in
1608 4187 1800 4230 nostro
1834 4178 2015 4248 posita.

445 4280 574 4328 sunt
629 4273 878 4328 arbitrio.
910 4270 984 4324 Ita
1020 4285 1240 4340 quoque
1280 4269 1546 4322 Adamum
1595 4269 1809 4339 decepit
1847 4285 1862 4320 :
1909 4285 2011 4339 gu-

445 4364 607 4418 statio
659 4363 804 4418 enim
861 4361 1097 4425 arboris,
1144 4361 1272 4415 licet
1320 4375 1428 4412 non
1481 4360 1534 4412 in
1593 4367 1866 4429 potestate
1915 4375 2016 4414 no-

2087 1897 2179 1949 κα).
2195 1893 2256 1947 τὸ
2279 1892 2545 1946 ἀθάνατον
2565 1891 2658 1945 τοῦ
2679 1891 2896 1962 θνητοῦ,
2919 1893 3014 1946 καὶ
3035 1891 3096 1943 τὸ
3113 1891 3281 1944 αῖδιον
3303 1890 3399 1944 τοῦ
3423 1892 3686 1960 προσκαίο

2091 1989 2380 2060 ρου.Τὺδὲ,
2420 1989 2549 2042 Ἐπὶ
2567 1987 2742 2040 παντὶ
2760 1987 2979 2056 ῥήματι
2997 1987 3241 2050 Θεοῦ,οὑ
3272 1987 3403 2057 περὶ
3431 1985 3684 2039 διδασκα-

2087 2081 2208 2144 λίας
2248 2081 2426 2149 λέγει,
2477 2080 2611 2134 ἀλλὰ
2660 2081 2797 2150 πρὸς
2842 2079 2935 2132 τὸν
2985 2080 3252 2152 πορισμὸν
3289 2079 3392 2149 τῆς
3452 2078 3680 2146 τροφῆς.

2089 2173 2230 2244 Πρὸς
2260 2173 2368 2243 γὰρ
2399 2172 2497 2243 τὴν
2527 2171 2734 2224 ἐκείνου
2777 2171 3076 2242 πρόκλησιν
3110 2169 3311 2224 ἄτοπον
3351 2167 3548 2232 οὖσαν,
3601 2169 3680 2230 τὸ,

2091 2266 2242 2321 Εἰπὲ
2256 2267 2357 2319 ἵνα
2381 2269 2434 2319 οί
2454 2266 2609 2320 λίθοι
2639 2264 2803 2332 ἄρτοι
2832 2265 3108 2334 γίνωνται
3127 2265 3228 2333 (⁸5),
3245 2265 3322 2328 ὼς
3345 2266 3518 2317 παντὶ
3539 2264 3684 2331 τόπῳ

2093 2359 2197 2411 ὑπὸ
2223 2358 2387 2431 άρτου
2421 2358 2787 2429 διατραφῆναι
2815 2357 3121 2425 ὀφείλοντος
3141 2401 3156 2423 ,
3191 2358 3263 2412 τὰ
3293 2361 3351 2412 ἐν
3381 2361 3452 2428 τῇ
3492 2359 3683 2429 ἐρήμῳ

2091 2427 2358 2519 γενόμενα
2373 2427 2802 2518 ὑπομιμνήσκων
2818 2447 2978 2500 αὐτὸν
2997 2447 3204 2516 ἔλεγεν,
3221 2448 3295 2511 ὡς
3307 2451 3393 2502 Οὐ
3409 2427 3593 2517 χρεία
3607 2448 3682 2514 (ί)

2093 2539 2288 2608 ἀρτων
2318 2537 2398 2604 τῷ
2433 2539 2574 2604 Θεῷ.
2610 2538 2721 2591 Καὶ
2749 2539 2876 2593 ἄνευ
2899 2541 3010 2611 γὰρ
3038 2540 3218 2611 ἄρτων
3243 2539 3375 2602 Θεὸς
3402 2543 3464 2592 ὲν
3498 2540 3686 2608 ἐρήμῳ

2099 2630 2352 2701 διέθρεψε
2385 2629 2475 2682 τὸν
2517 2628 2752 2700 Ἰσραὴλ,
2780 2633 2874 2684 καὶ
2907 2631 3070 2683 αὑτὸν
3108 2629 3402 2702 διαθρέψαι
3435 2631 3682 2694 δύναται,

2096 2719 2275 2785 καθὼς
2305 2719 2370 2774 ἂν
2405 2719 2684 2792 βούληται,
2717 2722 2868 2794 ῥῆμα
2899 2723 3074 2791 λέγων
3102 2723 3201 2792 τὴν
3235 2723 3534 2794 ποιητικὴν
3566 2720 3683 2791 βού-

2097 2812 2254 2882 λησιν
2289 2811 2384 2864 τοῦ
2418 2811 2574 2865 Θεοῦ.
2619 2812 2694 2884 (5)
2727 2813 2931 2884 Μωσῆς
2977 2812 3034 2866 δὲ
3078 2813 3172 2866 καὶ
3226 2813 3418 2877 Ἠλίας
3460 2815 3685 2884 νηστεύο

2101 2921 2292 2968 σαντες
2328 2905 2390 2957 ού
2425 2903 2876 2977 συνεχωρήθησαν
2909 2905 3270 2978 πειρασθῆναι
3300 2907 3409 2958 ὑπὸ
3441 2905 3546 2958 τοῦ
3579 2907 3684 2958 δια-

2103 2995 2259 3048 ϐόλου
2298 2994 2434 3066 πρὸς
2461 2995 2624 3067 ἕτερα
2655 2995 2976 3060 σπεύδοντες
3008 2999 3328 3069 μικρότερα·
3358 3000 3389 3050 ὁ
3416 2998 3475 3051 δὲ
3507 2999 3688 3069 Σωτὴρ

2107 3085 2421 3154 ἀναγκαίως
2462 3088 2834 3160 συνεχωρήθη,
2894 3090 3034 3160 πρὸς
3089 3089 3186 3160 τὴν
3246 3090 3554 3144 κατάλυσιν
3604 3090 3689 3143 τοῦ

2106 3178 2337 3232 θανάτου
2366 3177 2782 3249 πολιτευόμενος
2803 3181 2897 3232 καὶ
2927 3181 3081 3234 λύσιν
3111 3181 3212 3251 τῆς
3246 3184 3530 3255 προτέρας
3563 3187 3691 3237 ἀπο-

2107 3270 2348 3339 φάσεως.
2384 3269 2530 3340 Πρδς
2554 3270 2662 3342 γὰρ
2684 3270 2782 3334 τὰς
2812 3273 3133 3342 νομοθεσίας
3169 3272 3262 3326 τοῦ
3293 3273 3432 3327 Θεοῦ
3479 3277 3690 3329 σπεύδει

2105 3360 2199 3412 καὶ
2224 3361 2251 3412 ὁ
2271 3359 2513 3423 διάϐολος
2533 3360 2820 3432 ἐκτρέπειν
2843 3361 2936 3414 καὶ
2958 3362 3174 3432 ἁπατᾷν
3213 3364 3338 3426 τοὺς
3370 3363 3691 3434 ἀνθρώπους

2108 3453 2165 3505 ἐν
2194 3446 2276 3514 οἷς
2306 3450 2372 3505 ἂν
2407 3450 2582 3503 ἔνεστι
2606 3451 2667 3504 τὸ
2690 3453 2775 3521 ἐφ’
2799 3453 2952 3522 ἡμῖν,
2987 3452 3046 3505 τὸ
3069 3451 3126 3505 δὲ
3157 3453 3459 3524 ἀναχθῆναι
3495 3456 3579 3525 ((ι)
3610 3456 3692 3506 καὶ

2106 3542 2292 3596 λαϐεῖν
2330 3542 2422 3596 τὸν
2459 3542 2623 3613 νόμον
2662 3545 2690 3596 ὁ
2735 3543 2978 3608 διάϐολος
3031 3545 3240 3598 ἀνελεῖν
3293 3547 3397 3599 οὐκ
3437 3547 3688 3616 ἠδύνατο.

2109 3635 2279 3688 Τοῦτο
2307 3635 2415 3706 γὰρ
2459 3629 2527 3706 ἦν
2560 3635 2653 3687 ἐπὶ
2684 3631 2763 3704 τῷ
2799 3634 2919 3704 Θεῷ
2949 3635 3043 3688 καὶ
3089 3635 3189 3689 οὐκ
3221 3637 3315 3689 ἐπὶ
3345 3636 3427 3706 τῷ
3485 3639 3688 3692 Μωσεῖ.

2115 3727 2185 3779 Ἀ
2216 3726 2274 3780 δέ
2309 3728 2457 3780 ἐστιν
2483 3727 2566 3796 ἐφ’
2589 3728 2720 3796 ἡμῖν
2741 3727 2965 3797 ποιῆσαι
2993 3727 3087 3779 καὶ
3115 3726 3190 3798 μὴ
3219 3728 3469 3798 ποιῆσαι,
3501 3731 3561 3781 ἐν
3582 3730 3692 3782 τού-

2110 3836 2224 3881 τοις
2270 3819 2374 3894 κα)ι
2417 3820 2632 3889 ἀπατᾷν
2686 3821 3087 3889 συγχωρεῖται,
3127 3820 3262 3892 ὅπερ
3314 3823 3412 3874 καὶ
3461 3823 3561 3874 ἐπὶ
3607 3822 3691 3874 τοῦ

2125 3906 2298 3978 ’Δδὰμ
2331 3907 2577 3978 ἐποίησε.
2614 3907 2686 3959 Τὸ
2724 3906 2831 3978 γὰρ
2867 3907 3105 3976 ἅψασθαι
3145 3910 3220 3980 (7)
3261 3910 3357 3962 τοῦ
3409 3910 3572 3975 ξύλου
3607 3914 3690 3964 καὶ

2117 3993 2231 4064 μὴ,
2270 3993 2366 4046 τοῦ
2416 3994 2500 4064 ἐφ’
2555 3995 2686 4065 ἡμῖν
2733 3995 2828 4048 καὶ
2877 3995 3219 4066 αὐθαίρετον.
3279 4000 3434 4053 Ἐπεὶ
3471 3999 3567 4056 οὖν
3613 4001 3692 4055 διὰ

2116 4084 2393 4148 πολιτείας
2428 4085 2522 4138 καὶ
2565 4085 2658 4138 τοῦ
2697 4087 3084 4156 ἀναμαρτήτου
3124 4089 3231 4141 ἔδει
3263 4092 3578 4146 καταλῦσαι
3605 4094 3690 4162 τὴν

2114 4177 2210 4229 τοῦ
2259 4176 2488 4230 θανάτου
2537 4177 2810 4246 ἀπόφασιν
2845 4177 3122 4246 πάσχοντα
3167 4180 3307 4252 ὑπὲρ
3353 4183 3688 4254 ἁμαρτωλῶν

2117 4268 2278 4321 αὑτὸν
2310 4269 2692 4340 ἀναμάρτητον
2719 4268 2849 4323 ὄντα
2871 4308 2886 4332 ,
2919 4270 3021 4322 οὐκ
3051 4269 3322 4325 ἐδείκνυτο
3352 4273 3413 4326 δὲ
3441 4276 3688 4346 ἀναμάρο

2118 4377 2281 4429 τητος
2324 4361 2354 4412 ὁ
2407 4361 2571 4432 μήπω
2611 4359 2753 4414 κατὰ
2795 4361 2973 4414 πάντα
3013 4361 3473 4433 πολιτευσάμενος
3525 4366 3608 4417 καὶ
3643 4367 3692 4415 έν

447 4461 562 4506 stra
602 4452 777 4522 posita
805 4453 896 4516 sit,
939 4461 1239 4520 spontanea
1285 4457 1465 4503 tamen
1508 4459 1614 4504 est.
1653 4449 1792 4505 Cum
1851 4450 2003 4520 igitut

2125 4455 2291 4506 πᾶσιν
2322 4453 2731 4523 ἀγωνισάμενος
2764 4451 2899 4523 πρὸς
2929 4453 3029 4523 τὴν
3069 4453 3368 4526 ἁμαρτίαν,
3412 4455 3505 4510 διὰ
3549 4456 3693 4508 τοῦτο

448 4544 625 4612 ipsum
663 4541 874 4604 Jesum.
907 4542 999 4611 qui
1050 4542 1260 4609 absque
1306 4548 1530 4610 peccato
1565 4550 1736 4604 esset,
1763 4550 2021 4610 peceato-

449 4652 574 4690 rum
609 4649 776 4690 causa
803 4636 957 4690 curis
1012 4643 1180 4704 atque
1230 4635 1544 4689 innocentia
1582 4649 1684 4689 sua
1737 4635 1870 4702 pati,
1898 4649 2022 4688 sen-

451 4726 787 4796 tentiamque
841 4725 1033 4780 mortis
1104 4725 1322 4778 auferre
1359 4731 1657 4792 oporteret,
1689 4739 1798 4779 non
1839 4736 2018 4778 tamen

519 4926 598 4996 (Ι)
629 4923 698 4996 Χ.
729 4924 939 4996 Theod.
974 4925 1039 4978 ad
1073 4923 1262 4979 Matth.
1294 4924 1448 4996 "7,72.

519 4993 596 5068 (2)
758 4995 915 5049 Ἀλλὰ
959 4995 1135 5068 Μωσ.Δ
1164 5025 1234 5035 -
1257 5025 1329 5034 —
1357 4993 1547 5048 ἐλαϐεν
1573 5035 1589 5068 ,
1617 4993 1820 5048 .lluliani
1851 5002 2016 5068 sunt,

450 5064 772 5137 nonetiam,
812 5075 870 5118 ut
911 5068 1057 5137 male
1087 5064 1313 5137 biuenL,
1343 5065 1628 5137 sequentia
1657 5090 1729 5104 -ο
1758 5067 2022 5137 προσκαίο

453 5155 572 5209 pou.
602 5135 878 5209 1‘b8é._—_—
909 5135 1076 5204 λέγει.
1113 5135 1236 5209 Ηῳο
1262 5144 1489 5209 propter
1524 5133 1714 5209 falsam
1751 5177 1766 5201 ,
1803 5133 2021 5209 'Juliani

451 5205 636 5270 credo,
675 5221 716 5277 ν
762 5207 875 5259 ,ἐπὶ
907 5223 967 5259 π.
1014 5209 1064 5277 ῥ.
1089 5221 1137 5259 τ.
1168 5205 1218 5258 Θ.
1261 5205 1763 5277 interpretationem
1792 5207 2020 5260 addidit.

455 5276 729 5347 Πορισμδν
751 5293 800 5329 τ.
832 5291 920 5346 τρ.
954 5274 1023 5330 de
1048 5276 1458 5345 comparatione
1485 5274 1612 5329 cibi.

548 5349 603 5414 5)
644 5347 681 5398 Γ
685 5347 933 5398 ένωνται.
1355 5390 1358 5392 ,

523 5296 532 5329 ι
571 5295 729 5347 ισμον
751 5295 800 5329 τ.
832 5295 920 5346 τρ.
954 5295 1020 5330 oe
1048 5295 1458 5345 comparatione
1485 5295 1612 5329 cun.

548 5349 603 5414 5)
644 5347 681 5398 Γ
685 5347 933 5398 ένωνται.
1355 5390 1358 5392 ,

523 5295 601 5488 (ἰ)
634 5416 836 5488 Muent.
895 5417 1006 5487 Προ
1054 5433 1162 5488 γαρ
1215 5431 1316 5484 την
1373 5445 1444 5455 -
1485 5445 1573 5468 -—.
1621 5431 1787 5486 αρτου
1841 5415 2028 5469 διατα-

455 5486 619 5557 φηναι
682 5486 982 5554 οφειλοντες
1045 5503 1114 5539 τα
1135 5486 1214 5526 “--
1251 5501 1549 5554 γενομενα,
1607 5501 2034 5557 υπομιμνησκων

457 5556 665 5610 αυτου..
697 5586 768 5596 -
796 5587 866 5596 -
897 5573 1083 5626 χρειαν
1119 5586 1186 5594 --
1215 5587 1284 5595 —
1315 5565 1435 5609 ante
1493 5556 1935 5626 provocationem
1965 5585 2036 5595 -—

492 5629 611 5680 nasi
649 5643 846 5680 necesse
876 5625 1088 5680 omnino
1113 5634 1276 5688 esset,
1315 5636 1369 5677 ut
1396 5627 1574 5677 omnia
1604 5641 1720 5692 qua:
1743 5627 1797 5678 in
1827 5625 2032 5678 deserto

492 5644 611 5680 uasa
649 5644 846 5680 necesse
876 5644 1088 5680 omnino
1113 5644 1276 5688 esset,
1315 5644 1369 5677 ut
1396 5644 1574 5677 omnm
1604 5644 1720 5692 qua:
1743 5644 1797 5678 ιη
1827 5644 2032 5678 aeserto

458 5644 607 5765 yacta
633 5707 840 5762 essent,
891 5713 923 5749 a
954 5713 1087 5764 pane
1130 5697 1347 5749 dissolvi
1377 5695 1652 5757 deberent,
1710 5698 2033 5749 commonuit

458 5782 576 5820 cum
610 5769 794 5823 dicens
824 5769 978 5820 —.l
1041 5766 1378 5836 Ὀφείλοντος
1435 5774 1584 5820 recte
1637 5765 1750 5835 jam
1809 5767 2032 5836 scripsit

2119 4543 2178 4608 ἐξ
2206 4544 2452 4614 ἀνάγκης
2479 4545 2841 4613 συγχωρεῖται
2872 4544 3234 4616 πειρασθῆναι
3263 4548 3368 4600 ὑπὸ
3391 4548 3492 4601 τοῦ
3524 4549 3691 4602 διαϐόο

2119 4634 2229 4697 λου,
2261 4633 2336 4697 ὡς
2359 4633 2605 4704 βούλεται
2637 4633 2801 4695 αὐτὸς
2826 4634 2854 4685 ὁ
2881 4633 3145 4700 διάϐολος,
3171 4637 3257 4690 ἵνα
3284 4638 3553 4710 καθαρῶς
3579 4643 3693 4692 ἁνα-

2125 4725 2399 4798 μάρτητος
2415 4726 2576 4798 ὀφθῇ,
2610 4726 2668 4779 οὐ
2695 4723 2774 4795 τῷ
2802 4723 2876 4795 μὴ
2906 4727 3288 4800 πειρασθῆναι,
3323 4731 3467 4784 ἀλλὰ
3493 4733 3571 4803 τῷ
3602 4751 3690 4802 φυ-

3697 4889 3708 4914 ι

2123 4942 2178 5002 Υ..
2211 4927 2267 4981 d.
2331 4929 2746 5002 indederlein.
2797 4928 2978 4987 Theol.
3027 4932 3166 4987 Bibl.
3223 4933 3262 4988 l.
3313 4933 3366 4997 Ι,
3419 4947 3542 5002 pag.
3580 4932 3688 4985 493.

2129 4995 2292 5052 Verte
2329 5013 2345 5069 ξ
2381 5000 2463 5051 Ad
2524 5002 2751 5068 ineptam
2804 5005 2944 5055 enim
2985 5001 3132 5055 illius
3185 4995 3691 5069 provoeaiio‘nem—

2128 5069 2284 5136 quasi
2313 5067 2498 5138 {esum
2532 5067 2721 5138 ubique
2749 5086 2884 5138 pane
2911 5075 3106 5125 nutriri
3133 5067 3419 5138 oporteret.

2203 5139 2279 5206 (5)
2313 5137 2433 5191 Jam
2466 5140 2531 5192 ad
2564 5137 2725 5195 aliam
2751 5137 2869 5194 rem
2903 5143 3101 5197 transit
3127 5137 3191 5194 ac
3221 5143 3384 5195 docet
3408 5182 3423 5204 ,
3452 5156 3556 5195 cur
3585 5143 3694 5195 Ser-

2129 5210 2607 5280 vator‘tentandus
2642 5211 2856 5274 fuisset,
2887 5227 3062 5280 neque
3090 5226 3219 5265 vero
3250 5212 3432 5266 Moses
3455 5212 3690 5265 ettElias.

2139 5274 2488 5400 glanil‘estum
2520 5289 2602 5334 est
2623 5319 2636 5342 ,
2669 5296 2791 5335 eum
2826 5281 2914 5334 hic
2947 5274 3163 5351 quoque
3197 5291 3394 5335 contra
3424 5280 3692 5335 lulianum

2181 5359 2445 5400 isoutare.

2181 5359 2445 5400 lSDUUlI'e.

2207 5416 2283 5487 (6)
2337 5416 2566 5491 Μιιοῐιι..
2620 5419 2864 5490 ανεχθειν
2890 5422 2951 5474 ?l
3001 5420 3301 5491 ἀναχθῆναι
3323 5460 3338 5486 ,
3371 5422 3502 5474 duci
3535 5437 3610 5476 sc.
3649 5421 3694 5473 in

2138 5485 2365 5540 montem
2400 5485 2570 5542 Sinni.
2683 5508 2695 5522 ·

2205 5558 2289 5639 ,(7)
2326 5556 2530 5612 Μυθηι-
2561 5560 2766 5639 1:93:19
2823 5559 3145 5639 οψασθαι-
3174 5569 3339 5639 atque
3397 5561 3464 5639 in_
3491 5559 3690 5639 δίε-,πει

2140 5630 2256 5700 seio
2301 5640 2464 5700 quam
2515 5630 2770 5700 subtilem
2815 5630 3691 5700 distinctionem'deprebendissc

2140 5698 2243 5773 s_ib_i
2279 5699 2432 5754 visus
2467 5707 2569 5773 est.
2616 5698 2787 5773 Paulo
2819 5711 2940 5768 post
2966 5703 3058 5756 τοῦ
3086 5703 3168 5770 ἐφ’
3193 5703 3326 5773 ἡμῖν
3350 5698 3499 5756 bene
3523 5701 3688 5753 habet.

2139 5767 2244 5820 Τοῦ
2275 5777 2357 5824 est
2392 5768 2560 5839 genit.
2589 5767 2899 5839 partitivus.
