3804 6568
366 278 465 334 727

1457 283 1806 341 TIIEODORI
1848 282 2327 339 MOPSUESTENI

3498 280 3626 337 ω

358 394 442 447 illi
472 395 1171 460 crcdentes,salvarentur.
1202 395 1491 452 Manifeste
1517 412 1649 452 vero
1680 395 1927 451 Herodes
1958 446 1964 457 ι

2055 396 2203 466 τούτῳ
2227 395 2403 466 ζητῶν
2426 413 2478 447 τι
2513 394 2727 464 θαῦμα,
2757 393 2871 446 ἀλλ’
2899 393 2973 455 ὡς
3008 390 3266 462 μεμηνὼς
3292 390 3417 449 κατ’
3440 393 3621 446 αὑτοῦ

358 485 504 540 hanc
535 487 605 541 ob
652 502 874 543 causam
902 488 1111 541 nullum
1144 490 1396 557 quaesivit
1442 491 1789 554 miraculum,
1834 487 1933 543 sed

360 579 439 633 illi
470 580 642 634 iratus
666 579 1039 649 indignatione
1062 578 1286 651 dignum
1312 581 1517 651 aliquid
1536 581 1719 637 videre
1735 594 1931 649 exspe-

360 671 545 722 ctavit.
587 667 704 722 Non
744 668 890 723 enim
936 680 1195 741 tanquam
1227 676 1526 736 insontem,
1559 672 1690 726 licet
1740 678 1799 724 ut
1832 670 1935 723 im-

360 766 636 826 potentem
671 774 797 814 eum
841 772 1146 831 sperneret,
1178 764 1367 821 Jesum
1411 764 1640 829 dimisit,
1686 764 1783 819 sed
1834 764 1932 817 mi-

360 847 505 901 litari
541 863 664 902 eum
691 860 844 906 veste
890 853 1144 919 induens,
1182 856 1337 911 misit
1391 855 1459 909 ad
1496 854 1755 919 Pilatum,
1789 869 1933 924 quo-

361 953 506 1003 cum,
535 949 744 993 remota
792 944 1123 1012 suspicione,
1188 946 1579 1002 reconciliatus
1615 953 1754 1011 erat,
1803 960 1929 999 cum

362 1029 521 1085 hoste
551 1041 717 1102 atque
743 1033 970 1090 inimico
1000 1039 1230 1107 potitus,
1263 1053 1385 1094 eum
1411 1039 1559 1093 velut
1590 1038 1797 1091 hostem
1827 1038 1933 1090 im-

360 1129 636 1189 potentem
665 1130 1055 1180 contemneret.

2034 488 2128 541 καὶ
2174 488 2322 550 ἀξιον
2362 486 2531 557 ὀργῆς
2573 502 2625 537 τι
2666 483 2963 538 θεάσασθαι
3005 482 3340 554 προσδοκῶν.
3390 482 3462 534 Ού
3498 485 3621 554 γὰρ

2034 580 2207 634 ἀθῶον
2235 580 2466 648 ἀφῆκεν,
2489 577 2689 647 καίπερ
2715 576 3130 645 καταφρονήσας
3152 573 3226 637 ὡς
3257 573 3425 643 μηδὲν
3451 574 3619 643 ποιῆ-

2035 690 2123 724 σαι
2169 670 2482 740 δυνάμενον,
2530 668 2663 721 ἀλλά
2713 664 3106 736 στρατιωτικὴν
3164 664 3331 717 αὐτὸν
3383 662 3621 725 Eva-33a;

2036 762 2238 832 ἐσθῆτα
2280 757 2573 826 ἀπέπεμψε
2620 755 2697 826 τῷ
2741 754 2956 824 Πιλάτῳ
2986 753 3136 823 φίλος
3162 751 3493 821 γενόμενος,
3537 750 3621 814 ὡς

2037 852 2372 919 ἀπαλλαγεὶς
2401 849 2631 919 ὑποψίας
2672 848 2768 900 καὶ
2795 848 3072 918 κρατήσας
3102 843 3297 915 ἐχθροῦ
3328 843 3425 895 καὶ
3455 842 3623 896 πολε-

2041 945 2186 1014 μίου,
2209 938 2570 1008 ὲξουδενώσας
2592 938 2750 991 αὑτὸν
2777 938 2853 1000 ὡς
2876 936 3068 1007 ἐχθρὸν
3092 934 3288 1007 μηκέτι
3309 951 3367 986 τι
3394 934 3627 1003 ποιῆσαι

2036 1036 2354 1104 δυνάμενον.

2716 1301 2889 1319 Μ

1207 1434 1836 1528 THEODORI
1927 1433 2761 1527 MOPSUESTENI

799 1630 882 1691 IN
912 1627 1443 1693 EVANGELIUM
1499 1629 1832 1692 JOANNIS
1879 1627 2449 1692 COMMENTARII
2503 1627 3005 1690 FRAGMENTA
3054 1626 3165 1706 (1).

947 1909 1290 1971 Ριιοοιειιιυ
1300 1912 1347 1967 Μ
1354 1954 1368 1967 .

452 2023 583 2079 Post
645 2021 864 2077 Domini
923 2023 981 2078 in
1044 2026 1215 2081 caelos
1281 2026 1703 2093 ascensionem,

373 2128 617 2187 tempore
660 2117 919 2187 discipuli
978 2116 1341 2190 Jerosolymis
1390 2121 1714 2176 commorati
1774 2132 1934 2187 sunt,

372 2206 585 2263 vicinas
625 2207 876 2262 civitates
918 2207 1185 2265 obeuntes
1212 2249 1226 2273 ,
1261 2218 1315 2264 et
1349 2208 1554 2266 Judzeis
1593 2212 1943 2279 potissimum

372 2300 736 2369 praedicantes
758 2338 774 2365 ,
809 2300 984 2356 donec
1015 2316 1247 2372 magnus
1280 2302 1374 2358 ille
1400 2302 1624 2367 Paulus,
1673 2304 1942 2359 instinctu

384 2392 583 2447 divinae
633 2394 823 2461 gratiae
874 2391 942 2445 ad
988 2392 1164 2461 palam
1213 2395 1471 2463 gentibus
1535 2393 1941 2464 prmdicandum

375 2491 691 2555 segregatus
739 2483 859 2537 l‘uit.
920 2482 1206 2554 Temporis
1263 2494 1445 2542 autem
1512 2502 1804 2557 progressu
1862 2485 1946 2538 di-

376 2576 500 2629 vina
538 2576 715 2645 gratia
768 2590 899 2630 suos
937 2577 1320 2646 praedicatores
1367 2586 1520 2647 parte
1549 2578 1731 2646 aliqua
1789 2585 1946 2632 terrae

375 2666 628 2723 concludi
672 2667 896 2723 minime
935 2670 1288 2737 permittens,
1338 2669 1569 2725 diversis
1613 2685 1708 2724 eos
1741 2668 1946 2723 muniis

376 2759 445 2813 ad
491 2766 697 2814 remota
756 2760 874 2814 loca
925 2759 1133 2814 eduxit.
1199 2760 1439 2816 Simonis
1495 2759 1764 2828 siquidem
1818 2772 1947 2828 pro-

378 2851 546 2908 fessio
619 2850 779 2906 beato
834 2851 995 2905 Petro
1054 2851 1280 2905 Romam
1340 2851 1718 2920 proﬁciscendi
1783 2864 1946 2906 occa-

376 2942 587 2997 sionem
654 2941 841 3005 dedit,
897 2942 1053 2996 alteri
1101 2957 1229 2996 vero
1278 2942 1385 2995 alio
1437 2961 1453 2996 :
1501 2957 1607 2996 non
1648 2941 1793 2996 enim
1844 2942 1947 2996 ista

372 3031 697 3088 recensendi
767 3032 930 3086 modo
995 3040 1209 3102 tempus
1259 3041 1363 3088 est.
1420 3031 1511 3087 Sic
1566 3048 1729 3103 porro
1791 3033 1949 3087 beato

378 3138 597 3194 quoque
637 3122 836 3177 Joanni
865 3122 1113 3193 Ephesus
1143 3125 1337 3195 obtigit
1379 3124 1755 3187 iuhabitanda,
1812 3128 1939 3179 uni-

375 3229 593 3268 versam
643 3213 841 3269 exinde
888 3215 1075 3269 Asiam
1144 3216 1489 3285 peragranti,
1548 3217 1950 3285 maximamque

376 3302 501 3368 ejus
544 3304 740 3358 incolis
780 3304 1167 3374 prmdicatione
1222 3321 1321 3359 sua
1354 3307 1643 3360 utilitatem
1679 3306 1949 3361 alierenti.

2626 1907 3030 1963 ΠΡΟΟΙΜΙΟΝ.

1779 2027 1944 2098 longo
1979 2034 2018 2087 Β
2119 2025 2271 2080 Μετά
2294 2025 2391 2096 τὴν
2424 2024 2498 2096 (2)
2533 2026 2611 2089 είς
2649 2027 2912 2097 οὐρανοὺς
2937 2024 3198 2097 ἀνάληψιν
3237 2023 3333 2078 τοῦ
3378 2027 3471 2080 Κυ
3485 2026 3643 2101 ριίου,⁵

2043 2118 2135 2169 ἐπὶ
2198 2115 2375 2186 πολλῷ
2400 2116 2517 2185 μὲν
2563 2119 2676 2180 τοῖς
2720 2117 3108 2187 Ἱεροσολύμοις
3166 2117 3514 2188 ἐνδιέτριψαν
3583 2119 3633 2168 οἱ

2050 2208 2290 2278 μαθηταὶ
2347 2207 2426 2276 τῷ
2486 2209 2695 2278 χρόνῳ,
2750 2209 2849 2272 τὰς
2895 2211 3119 2280 πλησίον
3173 2210 3635 2281 περινοστοῦντες

2044 2298 2223 2362 πόλεις
2257 2299 2349 2351 καὶ
2384 2298 2582 2368 μᾶλλον
2629 2302 2738 2363 τοῖς
2781 2300 3051 2364 Ἰουδαίοις
3075 2301 3441 2373 διαλεγόμενοι
3497 2303 3633 2371 περὶ

2046 2391 2139 2442 τοῦ
2198 2391 2569 2461 κηρύγματος,
2628 2392 2787 2461 μέχρι
2844 2392 3051 2457 Παῦλος
3096 2394 3125 2446 ό
3163 2393 3331 2465 μέγας
3381 2392 3494 2445 ὑπὸ
3529 2394 3633 2462 τῆς

2045 2482 2192 2545 θείας
2224 2483 2444 2553 χάριτος
2472 2483 2715 2553 ὲναχθεὶς
2755 2486 3002 2557 φανερῶς
3050 2487 3183 2557 πρὸς
3219 2487 3275 2538 τὸ
3293 2488 3408 2548 τοῖς
3432 2484 3634 2537 ἔθνεσι

2046 2574 2333 2643 κηρύττειν
2385 2574 2689 2646 ἀφωρίσθη.
2748 2576 2852 2629 Τοῦ
2901 2577 2958 2630 δὲ
3015 2579 3203 2648 χρόνου
3249 2576 3568 2649 προϐάντος
3597 2578 3635 2645 ἡ

2046 2663 2164 2715 θεία
2197 2664 2385 2733 χάρις,
2427 2665 2528 2717 οὐκ
2565 2666 2863 2737 ἀνεχομένη
2918 2668 3043 2729 τοὺς
3097 2668 3322 2730 οἰκείους
3364 2668 3633 2734 κήρυκας

2046 2756 2104 2807 ἐν
2151 2754 2304 2825 μέρει
2336 2756 2773 2826 περικεκλεῖσθαι
2806 2758 2905 2827 τῆς
2934 2761 3064 2829 γῆς,
3106 2759 3379 2829 διαφόροις
3406 2759 3630 2811 οἰκονο-

2052 2846 2202 2917 μίαις
2231 2848 2426 2911 αὐτοὺς
2469 2848 2562 2901 ἐπὶ
2601 2851 2728 2912 τοὺς
2767 2852 2957 2920 πόρρω
2984 2851 3180 2915 τόπους
3212 2850 3506 2920 ἐξήγαγεν.
3560 2850 3628 2901 Ἥ

2053 2939 2150 3011 μὲν
2180 2938 2288 3011 γὰρ
2309 2940 2549 3010 Σίμωνος
2579 2941 2853 3011 πρόφασις
2878 2941 2968 2994 τὸν
2999 2942 3259 3011 μακάριον
3284 2940 3499 3011 Πέτρον

2051 3033 2142 3084 επὶ
2183 3031 2397 3103 Ῥώμην
2429 3032 2546 3085 ὁδὸν
2573 3032 2900 3102 ποιήσασθαι
2947 3032 3382 3104 παρεσκεύαζεν,
3425 3030 3631 3099 ἕτερον

2049 3125 2107 3178 δὲ
2150 3124 2351 3195 ἑτέρως
2376 3141 2389 3155 °
2441 3126 2503 3178 οὐ
2544 3125 2652 3197 γὰρ
2702 3124 2872 3179 ταῦτα
2912 3125 3006 3179 νῦν
3046 3124 3363 3190 καταλέγειν
3401 3125 3625 3192 καιρός.

2054 3216 2208 3268 Οὖτω
2236 3214 2300 3287 δὴ
2325 3216 2418 3268 καὶ
2444 3215 2473 3269 ό
2502 3216 2770 3286 μακάριος
2806 3215 3056 3286 Ἰωάννης
3074 3215 3207 3268 οίκεῖ
3232 3214 3326 3284 τὴν
3355 3214 3628 3281 Ἔφεσον,

2053 3305 2271 3367 ἅπασαν
2304 3305 2571 3375 ἐφοδεύων
2612 3308 2711 3378 τὴν
2758 3307 2937 3360 Ἀσίαν
2983 3307 3075 3360 καὶ
3116 3304 3308 3373 πολλὴν
3343 3306 3461 3366 τοῖς
3511 3304 3632 3355 ἐκεῖ

378 3394 721 3465 Conscriptis
770 3396 938 3466 igitur
973 3396 1246 3465 editisque
1296 3406 1619 3451 cancrorum
1653 3398 1935 3465 evangeli-

2055 3398 2141 3451 διὰ
2172 3398 2279 3451 τῶν
2309 3399 2525 3452 οίκείων
2570 3376 2742 3467 λόγων
2768 3399 2868 3467 τὴν
2914 3398 3174 3467 ὠφέλειαν
3220 3393 3625 3464 παρεχόμενος.

380 3497 590 3542 starum
628 3487 866 3543 Mattbei
904 3496 958 3543 et
999 3488 1189 3553 Marci,
1230 3505 1441 3544 necnon
1481 3498 1538 3543 et
1579 3488 1739 3543 Luca:
1777 3489 1950 3543 Evan-

379 3577 559 3649 geliis,
600 3579 784 3634 statim
823 3580 1081 3635 omnibus
1115 3595 1211 3649 per
1247 3581 1437 3636 orbem
1472 3580 1727 3636 ﬁdelibus
1762 3580 1951 3635 distri-

382 3671 537 3733 buta,
567 3679 621 3725 et
660 3671 729 3726 ab
761 3672 955 3727 iisdem
1005 3688 1224 3744 magno,
1267 3672 1348 3726 uti
1382 3687 1479 3742 par
1506 3682 1646 3735 erat,
1674 3674 1859 3727 studio
1884 3687 1949 3727 ac

382 3762 647 3829 religione
687 3771 911 3832 accepta
948 3771 1095 3818 sunt.
1127 3763 1331 3818 Verum
1371 3778 1498 3817 cum
1532 3762 1715 3818 ﬁdeles
1757 3763 1951 3818 Asiani

384 3853 602 3908 beatum
651 3851 914 3908 Joannem
952 3855 1020 3909 ad
1072 3854 1427 3925 Evangelium
1467 3855 1859 3917 scribendum,
1896 3860 1951 3909 et

384 3945 721 4000 auctoritate
748 3959 812 4000 ac
846 3944 949 4001 lide
983 3947 1198 4002 caeteris
1227 3947 1544 4017 praepollere
1571 3947 1952 4001 existimarent

383 4041 467 4107 (ut
492 4038 585 4106 qui
615 4045 742 4092 ante
767 4034 1079 4092 Matthaeum
1111 4052 1237 4091 cum
1259 4037 1482 4092 Christo
1513 4036 1691 4090 fuerat
1714 4051 1948 4090 conver-

384 4139 536 4184 satus
562 4136 617 4185 et
651 4128 912 4197 majorem
952 4128 1263 4183 dilectionis
1293 4143 1356 4182 ac
1396 4130 1587 4199 gratia:
1633 4126 1954 4197 praerogati-

384 4236 506 4273 vam
548 4228 881 4290 acceperat),
925 4221 1097 4277 libros
1129 4219 1551 4289 Evangeliorum
1585 4221 1688 4290 ipsi
1728 4220 1948 4274 obtule-

384 4318 545 4375 runt,
583 4317 643 4363 ut
683 4310 805 4379 ejus
851 4310 916 4365 de
944 4311 1077 4381 ipsis
1112 4310 1379 4379 judicium
1413 4312 1782 4380 explorarent.
1828 4311 1954 4379 Ipse

389 4413 567 4460 autem
596 4418 692 4460 eos
721 4409 781 4458 ut
804 4403 1017 4458 veritati
1041 4403 1263 4473 quidem
1306 4418 1583 4458 consonos
1603 4402 1949 4472 approbavit,

387 4496 655 4548 nonnulla
702 4502 884 4548 tamen
924 4494 1061 4547 dixit
1092 4495 1161 4549 ah
1191 4496 1273 4551 eis
1320 4495 1695 4565 przetermissa
1745 4503 1801 4549 et
1827 4496 1955 4565 qui-

385 4584 510 4640 dem
536 4625 551 4649 ,
584 4599 706 4655 qua:
740 4583 807 4638 ad
837 4585 1203 4639 eruditionem
1253 4587 1497 4640 omnium
1549 4586 1663 4640 fere
1718 4585 1955 4639 maxime

386 4675 794 4739 conducerent,
850 4675 1134 4732 miracula.
1184 4676 1433 4731 Addebat
1473 4678 1698 4747 insuper
1736 4692 1862 4732 cum
1886 4675 1954 4731 de

387 4767 593 4820 Christi
624 4768 678 4820 in
708 4784 874 4822 carne
929 4770 1166 4824 adventu
1204 4769 1621 4833 disseruissent,
1652 4785 1762 4824 non
1790 4784 1951 4838 opor-

388 4858 564 4914 tuisse
593 4873 814 4930 quoque
858 4858 1202 4915 divinitatem
1243 4860 1362 4930 ejus
1396 4861 1617 4916 silentio
1652 4861 1954 4930 prmterire,

386 4967 455 5006 ne
483 4953 742 5021 temporis
774 4960 1037 5009 successu
1068 4954 1323 5009 homines
1354 4954 1423 5009 iis
1444 4952 1716 5007 duntaxat
1742 4967 1957 5008 sermo-

388 5049 552 5103 nibus
602 5051 829 5117 assueti,
884 5052 937 5105 id
991 5060 1203 5107 tantum
1261 5052 1407 5121 quod
1436 5050 1734 5120 apparebat
1765 5047 1957 5103 crede-

386 5151 530 5197 rent.
588 5142 830 5211 ltogatus
891 5153 975 5200 est
1039 5145 1224 5217 itaque
1275 5159 1306 5200 a
1368 5143 1653 5207 fratribus,
1720 5149 1781 5196 ut
1836 5157 1957 5211 quae

386 5234 622 5287 maxime
673 5236 738 5289 ad
786 5236 1153 5292 eruditionem
1203 5236 1517 5293 necessaria
1555 5234 1851 5304 iudicaret.
1901 5240 1956 5287 et

387 5338 417 5377 a
447 5325 663 5379 caeteris
701 5328 1071 5382 praetermissa
1105 5336 1375 5390 cerneret,
1410 5327 1707 5396 diligenter
1742 5325 1953 5394 scripto

456 5478 535 5545 tl)
567 5476 737 5548 llujns
759 5480 1135 5533 commentarii
1169 5478 1466 5549 fragmenta
1500 5478 1692 5549 Crmca
1724 5492 1844 5549 quae
1872 5493 1951 5531 se-

388 5547 799 5619 quuntur’fere
840 5551 1031 5619 omnia
1086 5547 1340 5619 leguntur
1399 5550 1451 5602 in
1484 5548 1688 5601 Catena
1728 5547 1948 5619 Patrum

390 5618 696 5688 léi'zecorum
733 5619 785 5672 in
832 5618 889 5672 S.
936 5617 1198 5673 Joaunein
1240 5636 1304 5674 ex
1348 5618 1734 5688 antiquissimo
1763 5617 1953 5671 Grazco

392 5686 579 5741 codice
637 5703 738 5743 ms.
792 5705 937 5745 nunc
984 5693 1217 5761 primum
1260 5692 1316 5745 in
1357 5686 1533 5745 lucent
1565 5689 1711 5745 edita
1734 5718 1803 5731 --
1831 5719 1899 5730 —
1924 5703 1955 5746 a

2053 3490 2264 3543 Γίνεται
2309 3490 2487 3543 τοίνυν
2527 3492 2585 3543 ὲν
2619 3490 2827 3553 τούτοις
2863 3490 2974 3543 τῶν
2997 3487 3192 3542 λοιπῶν
3222 3486 3631 3554 convexi.va

2053 3583 2281 3645 ἕκδοσις,
2309 3582 2587 3636 Ματθαίου
2616 3599 2673 3635 τε
2697 3583 2790 3635 καὶ
2810 3582 3060 3652 Μάρκου,
3086 3580 3166 3632 ἔτι
3191 3578 3291 3649 μὴν
3311 3579 3413 3631 καὶ
3430 3578 3627 3631 Acuti

2050 3672 2119 3725 τὰ
2137 3674 2308 3725 οἰκεῖα
2327 3670 2679 3741 γεγραφότων
2702 3670 3030 3739 Εὐαγγέλια,
3052 3668 3252 3738 διεδόθη
3280 3684 3340 3720 τε
3367 3668 3460 3719 καὶ
3486 3668 3633 3719 κατὰ

2052 3763 2230 3831 πάσης
2251 3765 2309 3815 ὲν
2331 3764 2528 3834 ἀκαρεῖ
2551 3763 2648 3832 τῆς
2676 3762 2998 3833 οἰκουμένης
3022 3760 3115 3813 καὶ
3146 3758 3248 3812 ὑπὸ
3275 3756 3384 3811 τῶν
3416 3757 3628 3810 ναστῶν

2053 3853 2414 3918 ἐσπουδάζετο
2445 3854 2660 3927 πάντων
2687 3853 2823 3923 μετά
2848 3851 3069 3917 πολλῆς,
3090 3851 3163 3913 ὡς
3188 3848 3354 3911 εἰκὸς,
3386 3848 3488 3916 τῆς
3508 3849 3629 3900 δια-

2054 3945 2273 4009 θέσεως.
2320 3944 2456 3997 ’Ᾱλλ⁹
2488 3944 2538 3996 οὶ
2570 3944 2698 4014 περὶ
2731 3945 2828 4013 τὴν
2858 3942 3039 3996 Ἀσίαν
3082 3940 3283 4003 πιστοὶ,
3312 3938 3631 4004 ἀξιοπιστό-

2050 4054 2210 4108 τερον
2235 4036 2343 4090 τῶν
2370 4036 2569 4090 λοιπῶν
2603 4038 2682 4099 εἰς
2708 4037 2806 4106 τὴν
2830 4033 2922 4087 τοῦ
2949 4033 3278 4103 Εὐαγγελίου
3312 4032 3631 4103 μαρτυρίαν

2066 4128 2317 4198 Ἰωάννην
2341 4127 2623 4197 κρίναντες
2651 4125 2789 4180 εἶναι
2809 4126 2900 4180 τὸν
2932 4126 3215 4197 μακάρων,
3246 4123 3321 4189 ὠς
3355 4123 3451 4177 καὶ
3480 4124 3627 4177 ἀνω-

2055 4220 2146 4275 θεν
2178 4220 2328 4291 αὐτῷ
2373 4220 2597 4275 συνόντα
2647 4221 2740 4288 καὶ
2788 4220 2893 4291 πρὸ
2928 4217 3207 4273 Ματθαίου
3252 4217 3343 4272 καὶ
3382 4216 3629 4279 πλείονος

2053 4313 2140 4367 διὰ
2160 4313 2257 4382 τὴν
2277 4313 2496 4383 ἀγάπην
2524 4313 2623 4382 τῆς
2649 4312 2869 4382 χάριτος
2892 4308 3291 4373 ἀπολαύσαντα,
3320 4310 3629 4380 προσήνεγ-

2055 4420 2156 4457 καν
2188 4404 2289 4474 μὲν
2320 4403 2469 4477 αὐτῷ
2494 4402 2592 4467 τὰς
2637 4403 2872 4473 βίϐλους,
2906 4401 3095 4473 μαθεῖν
3120 4402 3309 4471 ἥντινα
3369 4400 3502 4470 περῖ⁵
3529 4401 3629 4452 αὑ-

2054 4497 2162 4550 τῶν
2209 4495 2321 4566 ἔχει
2368 4496 2465 4564 τὴν
2510 4495 2665 4558 δόξαν
2719 4496 2847 4564 παρ’
2892 4493 3056 4549 αὐτοῦ
3098 4492 3424 4563 βουλόμενοι.
3473 4492 3541 4544 ’0
3574 4493 3627 4544 δὲ

2055 4587 2285 4658 ιῐἓ¹¹¹τῖίὶνεει⁵εε
2334 4587 2431 4655 μὲν
2460 4586 2559 4655 τῆς
2587 4586 2843 4658 ἀληθείας
2874 4588 3001 4651 τοὺς
3033 4585 3370 4655 γεγραφότας
3390 4624 3408 4647 ,
3454 4584 3626 4653 {qn—‘5;

2058 4678 2115 4731 δὲ
2140 4678 2345 4748 βραχέα
2368 4678 2468 4747 μὲν
2490 4680 2673 4742 αὐτοῖς
2693 4676 3115 4749 παραλελεῖφθαι
3139 4676 3231 4729 καὶ
3254 4674 3363 4730 τῶν
3391 4674 3627 4745 μάλιστα

2057 4770 2369 4837 ἀναγκαίων
2400 4768 2653 4838 λεχθῆναι
2682 4768 2973 4839 θαυμάτων
2990 4767 3059 4821 τὰ
3079 4767 3427 4822 διδασκαλικά
3449 4766 3625 4819 ἀπαν-

2055 4875 2124 4910 τα
2180 4858 2395 4931 μικροῦ.
2442 4855 2577 4912 Εἶτα
2612 4861 2705 4911 καὶ
2739 4858 2845 4913 δεῖν
2884 4857 3085 4925 ἔφασκε
3119 4858 3243 4920 τοὺς
3279 4856 3409 4927 περὶ
3437 4856 3539 4925 τῆς
3572 4860 3626 4910 ἐν
3654 4866 3666 4931 _‘

2057 4922 2219 5023 σαρκὶ
2236 4922 2538 5021 παρουσίας
2551 4951 2646 5004 τοῦ
2667 4950 2901 5022 Χριστοῦ
2921 4922 3329 5021 διαλεγομένους
3350 4922 3624 5020 μηδὲῆτοῦς
3654 4922 3663 5031 ἱ

2056 5043 2184 5112 περὶ
2214 5042 2308 5112 τῆς
2351 5042 2604 5112 θεότητος
2641 5042 2833 5111 λόγους
2873 5042 3223 5113 παραλιπεῖν,
3255 5042 3393 5096 ὥστε
3428 5042 3502 5112 μὴ
3530 5041 3622 5095 τοῦ

2055 5136 2241 5206 χρόνου
2275 5134 2656 5206 προϐαίνοντος
2694 5120 2903 5197 τούτοις
2924 5133 3292 5197 ἐνεθισθέντας
3319 5136 3428 5197 τοῖς
3449 5135 3621 5200 λόγοις

2061 5229 2187 5292 τοὺς
2224 5227 2542 5300 ἀνθρώπους
2586 5226 2743 5280 τοῦτο
2777 5226 2935 5297 μόνον
2988 5226 3151 5281 αὑτὸν
3199 5224 3435 5297 νομίζειν
3489 5228 3620 5297 ὅπερ

2066 5321 2335 5390 ἐφαίνετο.
2400 5320 2523 5373 Ἐπὶ
2579 5318 2789 5384 τούτοις
2842 5318 3187 5389 παράκλησις
3232 5318 3337 5373 τῶν
3387 5320 3618 5388 ἀδελφῶν

3650 5122 3655 5151 l

2057 5476 2376 5532 Balthasare
2407 5473 2669 5528 Corderio
2717 5471 3088 5540 Antverpiano
3122 5471 3177 5525 S.
3205 5468 3252 5524 Ι.
3284 5470 3457 5540 ε.ιιι.γ
3477 5467 3619 5540 θέει

2059 5548 2113 5599 in
2131 5548 2272 5600 alma
2296 5545 2587 5599 Viennensi
2622 5542 2771 5606 univ.
2805 5540 2892 5593 Pr.
2920 5536 3225 5610 Antverpize
3252 5538 3410 5602 1650,
3440 5539 3475 5591 ί.
3506 5536 3620 5592 Sin-

2060 5617 2201 5687 gulis
2230 5616 2445 5684 przeﬁxa
2480 5622 2607 5667 sunt
2635 5630 2684 5664 v.
2710 5610 2982 5683 Θεοδώρου
3015 5611 3406 5682 Μοψουεστίας.

2132 5688 2207 5757 (2)
2235 5687 2397 5742 (Iord.
2436 5692 2540 5739 cat.
2575 5698 2803 5755 prowm.
