3904 6516
182 316 270 375 ῙΞΩ

1312 320 1376 374 IN
1414 305 1859 378 EVANGELIUM
1898 318 2203 375 JOANNIS.

3267 326 3388 381 ’75οσ

175 436 377 505 ἐγένετο,
412 432 577 490 ταῦτα
600 434 635 489 ἃ
662 434 895 507 μάλιστα
922 439 1196 507 ἀναγκαῖα
1238 439 1335 508 μὲν
1366 439 1540 510 κρίνει
1569 440 1703 508 πρὸς

1816 440 2124 505 mandaret,
2156 438 2390 509 quodet
2425 439 2575 495 fecit.
2616 439 2769 495 Unde
2805 440 2994 498 statim
3049 438 3104 493 in
3140 440 3371 495 exordio

173 526 497 590 διδασκαλίαν,
552 528 1025 601 παραλελειμμένα
1076 530 1133 583 δὲ
1190 532 1293 603 δρᾷ
1341 534 1453 595 τοῖς
1498 533 1701 595 λοιποῖς

172 619 350 690 γράψαι
384 618 514 688 μετὰ
559 620 815 690 σπουδῆς,
859 620 887 673 ὃ
934 621 998 690 δὴ
1048 622 1142 675 καὶ
1194 623 1702 693 πεποίηκεν.’¹Οθεν

172 709 284 762 εὐθὺ
317 711 403 780 μὲν
433 710 524 763 καὶ
572 709 631 774 ἐξ
656 710 829 781 ἀρχῆς
873 712 998 778 περὶ
1042 711 1147 764 τῶν
1176 712 1275 773 τῆς
1306 710 1552 780 θεότητος
1587 716 1704 780 ἐφι-

170 800 401 873 λοσόφησε
440 802 752 873 δογμάτων,
801 802 1005 872 ταύτην
1046 803 1348 871 ἀναγκαίαν
1378 804 1575 873 κρίνων
1606 804 1699 857 τοῦ

170 892 464 961 Εὑαγγελίου
511 894 727 947 ἔσεσθαι
775 894 873 963 τὴν
922 895 1117 965 ἀρχὴν,
1164 895 1258 947 καὶ
1294 894 1435 947 οὕτω
1477 896 1569 947 ἐπὶ
1604 896 1701 966 τὴν

1803 532 1870 586 de
1893 531 2182 586 divinitate
2211 541 2466 588 accurate
2499 533 2763 590 disseruit
2798 551 2811 585 :
2850 535 2979 589 hinc
3018 534 3371 606 Evangelium

1804 623 2122 677 necessario
2199 622 2594 692 auspicandum
2662 636 2845 689 ratus,
2918 640 2983 679 ac
3056 625 3252 680 deinde
3304 624 3373 679 ad

1804 714 2200 769 incarnationis
2268 729 2401 783 opus
2451 716 2759 780 transiens,
2819 732 3001 772 rerum
3068 731 3099 769 a
3144 716 3375 771 Domino

1802 807 2074 861 dictarum
2099 808 2183 861 vel
2212 818 2487 877 gestarum
2515 822 2623 861 non
2655 808 2801 862 aliud
2834 818 3029 877 praeter
3067 810 3169 863 hoc
3201 810 3375 864 veris-

1804 900 2006 955 simum
2039 916 2163 955 esse
2204 901 2535 970 principium
2578 908 2922 970 perspectum
2956 903 3167 957 habens

168 982 440 1053 οἰκονομίαν
471 983 729 1053 μεταὸὰς,
758 984 877 1035 τότε
906 984 999 1038 καὶ
1022 983 1183 1046 αὐτὸς
1206 984 1331 1053 περὶ
1364 982 1456 1036 τοῦ
1489 984 1694 1055 Κυρίου
1731 987 2027 1059 λεχθέντων
2056 990 2089 1061 ἢ
2118 992 2415 1059 γεγονότων
2445 993 2541 1063 οὐχ
2567 992 2761 1063 ἑτέραν
2786 992 2929 1060 τινὰ,
2994 994 3108 1048 ἀλλ’
3141 993 3176 1057 ἢ
3249 990 3377 1048 ταύ-

167 1088 257 1139 την
285 1072 421 1136 εἰδὼς
450 1069 612 1127 οὖσαν
648 1074 1018 1146 ἀληθεστάτην
1050 1078 1245 1147 ἀρχὴν.

732 1168 983 1221 ΚΕΦΑΛ.
1027 1169 1107 1222 A'.

230 1256 357 1326 Στίχ.
386 1263 450 1325 γ’.
495 1288 565 1298 --
610 1259 767 1323 Τινὲς
798 1260 896 1330 μὲν
920 1255 1012 1314 οὖν
1040 1261 1119 1331 (l)
1159 1260 1331 1324 οὕτως
1364 1260 1703 1330 ἀνέγνωσαν,

170 1348 235 1399 '0
255 1347 477 1416 γέγονεν
500 1349 570 1403 ἐν
601 1351 778 1417 αὐτῷ,
806 1353 923 1405 ἀντὶ
946 1352 1064 1418 τοῦ,
1092 1352 1165 1406 δι’
1195 1353 1399 1419 αὐτοῦ,
1433 1352 1705 1420 λέγοντεςο

166 1437 279 1500 Πῶς
297 1439 346 1492 δὲ
371 1442 463 1494 οὐκ
488 1441 679 1512 εὔηθες
694 1438 783 1514 ἦν,
804 1446 852 1496 εἰ
876 1443 1032 1496 τοῦτο
1057 1444 1249 1514 ἔμελλε
1276 1444 1452 1512 λέγειν
1476 1446 1505 1497 ὁ
1531 1446 1708 1513 Εὐαγ-

164 1532 410 1603 γελιστὴς,
446 1534 518 1598 ὥς
548 1553 599 1588 τι
628 1536 891 1591 διδάσκων
921 1539 1067 1607 ἡμᾶς
1101 1539 1281 1591 καινὸν
1321 1538 1414 1591 καὶ
1451 1540 1563 1601 τοῖς
1606 1538 1703 1591 ἀν·-

164 1622 381 1694 ορὼποις
407 1627 712 1696 ἀγνωστονς
749 1631 814 1682 Ὃ
845 1629 947 1683 κᾶν
983 1630 1011 1680 ὁ
1056 1629 1233 1700 τυχὼν
1269 1632 1441 1684 εἰπεῖν
1474 1629 1702 1701 ἐδυνήθη

2470 1165 2623 1221 CAP.
2658 1165 2701 1220 l.

1874 1257 2039 1315 Vens.
2067 1259 2121 1314 ὅ.
2140 1287 2206 1302 -
2224 1258 2505 1329 cherunt
2539 1259 2760 1329 quidem
2784 1260 2989 1329 plures,
3018 1263 3156 1330 quod
3179 1264 3380 1333 factum

1804 1359 1879 1404 est
1912 1351 1966 1404 in
1997 1352 2133 1420 ipso,
2166 1366 2267 1421 pro
2291 1366 2382 1419 per
2408 1352 2601 1419 ipsum,
2628 1351 2873 1408 dicentes
2899 1369 2913 1406 :
2940 1354 3043 1419 Qui
3064 1368 3244 1410 autem
3270 1373 3380 1413 non

1803 1451 1953 1499 esset
1972 1444 2268 1498 ridiculum
2290 1483 2305 1508 ,
2340 1443 2386 1498 si
2428 1443 2504 1499 ita
2535 1445 2807 1514 loquendo
2840 1443 3189 1516 Evangelista
3215 1489 3229 1508 ,
3277 1464 3397 1509 nos.

1806 1551 1920 1590 rem
1966 1551 2163 1590 novam
2212 1544 2267 1591 et
2319 1536 2639 1592 hominibus
2676 1539 2914 1608 ignotam
2958 1541 3155 1595 docere
3200 1541 3382 1597 inten—

1806 1628 1980 1684 derit?
2012 1627 2103 1684 Vel
2137 1629 2331 1684 obvius
2356 1628 2591 1699 quisque
2616 1639 2671 1684 et
2707 1629 2775 1685 de
2806 1631 2968 1685 obvio
2994 1647 3212 1701 quoque
3236 1633 3382 1688 idem

162 1718 251 1769 καὶ
278 1716 393 1786 περὶ
413 1718 681 1787 τυχόντος*
694 1720 878 1788 Χωρὶς
900 1722 1085 1775 αὐτοῦ
1104 1721 1337 1790 ἐγένετο
1350 1720 1490 1775 οὐδὲ
1503 1720 1572 1775 ἐν
1587 1720 1706 1775 τῶν

1816 1735 2055 1775 asserere
2122 1720 2391 1789 potuisset
2437 1739 2449 1775 :
2520 1720 2647 1775 Sine
2706 1722 2821 1790 ipso
2878 1722 3077 1791 factum
3127 1733 3204 1778 est
3249 1724 3384 1778 nihil

160 1808 231 1861 δι’
256 1808 425 1862 αὐτοῦ
452 1811 796 1878 γεγονότων.
840 1812 954 1875 Πᾶς
990 1814 1098 1882 γὰρ
1145 1812 1391 1865 ὁστισοῦν
1439 1814 1532 1865 καὶ
1579 1812 1707 1883 περὶ

1816 1826 1987 1863 eorum
2012 1826 2127 1879 qua:
2157 1827 2248 1879 per
2309 1812 2483 1881 ipsum
2514 1812 2660 1881 facta
2698 1823 2840 1867 sunt.
2870 1813 3003 1869 Nam
3033 1817 3262 1886 quilibet
3296 1818 3383 1873 vel

160 1902 345 1963 παντὸς
372 1901 522 1955 τοῦτο
548 1904 681 1973 ὲρεῑ,
710 1903 938 1975 ἐπείπερ
965 1904 1121 1975 δῆλον
1145 1903 1219 1967 ὡς
1252 1904 1343 1957 ἐπὶ
1372 1906 1571 1969 παντὸς
1600 1905 1707 1958 τῶν

1816 1899 1875 1957 de
1923 1902 2168 1969 quolibet
2219 1901 2360 1957 idem
2411 1903 2782 1973 proﬁtebitur,
2831 1920 2953 1960 cum
2997 1916 3255 1977 appareat
3313 1908 3381 1963 de

158 1994 185 2046 ὅ
208 2011 257 2045 τι
288 1994 405 2047 ποτὲ
447 1994 925 2066 διαπραττομένων
956 1998 1055 2050 οὐκ
1098 1997 1164 2050 ἂν
1194 1998 1337 2053 εῐποι
1368 2016 1452 2061 τις
1486 1999 1706 2069 ἑτέρως,

158 2085 189 2154 ἢ
232 2087 309 2138 ὅτι
370 2086 486 2140 Τῶν
525 2088 599 2139 δι’
643 2088 828 2141 αὑτοῦ
873 2089 1205 2159 γενομένων
1266 2088 1446 2143 οὐδὲν
1502 2090 1709 2159 γέγονε

157 2177 328 2244 χωρὶς
371 2172 576 2231 αὑτοῦ.
634 2179 788 2241 Τινὲς
843 2180 899 2231 δὲ
954 2181 1155 2250 ἑτέρως
1191 2181 1545 2249 ἀνέγνωσαν·
1596 2182 1705 2237 Καὶ

156 2268 327 2335 χωρὶς
354 2268 530 2322 αὐτοῦ
562 2270 795 2338 ἐγένετο
825 2270 966 2325 οὐδὲ
1009 2272 1079 2326 ἓν
1104 2289 1118 2303 ο
1172 2268 1322 2326 εἶτα·
1369 2275 1438 2326 Ὃ
1466 2276 1711 2345 γέγονεν

154 2358 223 2410 ἐν
248 2358 397 2424 αὐτῷ
425 2359 533 2428 ζωὴ
568 2357 645 2431 ἦν
668 2379 680 2391 ·
729 2363 897 2416 πολλὰ
928 2363 1037 2435 γὰρ
1066 2365 1311 2435 ἀμέτοχα
1353 2363 1497 2437 ζωῆς
1540 2369 1706 2431 ἐστιν,

153 2449 227 2511 ὡς
257 2450 327 2518 γῆ
356 2452 440 2503 καὶ
468 2450 589 2522 δρη.
623 2451 809 2506 Ἔστιν
840 2449 931 2508 οὖν
969 2454 1143 2528 πλοκὴ
1171 2456 1263 2509 καὶ
1294 2455 1583 2526 βεϐαίωσις
1615 2458 1709 2511 τοῦ

151 2543 404 2613 προτέρου
442 2560 457 2574 θ
510 2539 629 2597 εἶτα
670 2546 761 2599 καὶ
802 2547 834 2616 ἡ
880 2548 1165 2618 σαφήνεια.
1215 2548 1403 2601 Εἰπὼν
1442 2548 1572 2620 γὰρ,
1625 2551 1710 2603 ὅτι

150 2634 345 2688 Πάντα
395 2634 468 2688 δι’
513 2636 698 2689 αὐτοῦ
748 2637 1009 2707 ἐγένετο,
1057 2640 1322 2710 ἐπήγαγε
1375 2640 1482 2695 Καὶ
1532 2642 1711 2710 χωρὶς

150 2726 329 2779 αὐτοῦ
368 2726 504 2780 οὐδὲ
539 2727 607 2781 ἓν
641 2728 671 2782 ὃ
696 2729 960 2799 γέγονεν,
1000 2731 1246 2784 τουτέστι
1290 2733 1383 2786 καὶ
1429 2734 1710 2803 συντόμως

148 2817 336 2880 εἰπεῖν,
379 2818 539 2870 Οὐδὲν
571 2819 678 2873 τῶν
709 2821 1009 2888 γεγονότων
1038 2823 1164 2877 ἄνευ
1199 2824 1362 2877 αὑτοῦ
1396 2827 1707 2897 γεγένηται,

152 2907 312 2988 μόνου
334 2908 423 2960 τοῦ
450 2911 659 2981 Πατρδς
690 2912 931 2987 ὑπεξῃρη
942 2914 1099 2984 μένου
1124 2916 1223 2987 τῆς
1248 2916 1410 2969 αὐτοῦ
1445 2920 1712 2989 ποιήσεως

149 2999 246 3069 σὺν
276 2998 351 3068 τῷ
379 3001 515 3070 ἁγίῳ
544 3002 836 3073 Πνεύματι,
873 3005 1168 3078 ἐπειδήπερ
1193 3009 1280 3060 ἀεὶ
1310 3008 1481 3062 συνὼν
1508 3012 1710 3075 αὐτοῖς,

1808 1992 2001 2060 quovis
2052 2008 2166 2047 rem
2212 2010 2602 2064 quamcunque
2659 1998 2975 2065 perficiente
3020 1999 3207 2053 eadem
3252 1999 3383 2065 dici,

1808 2082 2009 2135 Eorum
2037 2100 2153 2153 qua:
2188 2101 2279 2153 per
2305 2086 2475 2153 ipsum
2512 2086 2653 2155 facta
2680 2098 2802 2141 sunt
2829 2089 2959 2141 nihil
2991 2090 3103 2143 sine
3132 2084 3244 2157 ipso
3273 2091 3386 2158 fac-

1811 2182 1919 2224 tum
1940 2182 2038 2230 est.
2068 2173 2303 2240 Quidam
2322 2184 2503 2232 autem
2526 2178 2683 2233 aliter
2710 2178 2977 2248 legerunt,
3006 2196 3132 2233 nam
3162 2180 3340 2249 primo
3366 2199 3382 2236 :

1811 2263 1879 2317 Et
1901 2268 2013 2319 sine
2039 2268 2150 2335 ipso
2178 2268 2377 2334 factum
2395 2279 2473 2325 est
2496 2271 2648 2335 nihil,
2668 2280 2722 2324 et
2744 2272 2940 2327 deinde
2966 2289 2979 2322 :
3008 2272 3159 2339 Quod
3183 2273 3385 2342 factum

1808 2357 1964 2410 estin
1992 2358 2103 2426 ipso
2137 2360 2244 2412 vita
2287 2370 2436 2425 erat;
2482 2362 2654 2416 multa
2682 2362 2826 2417 enim
2865 2364 2978 2417 vita
3031 2372 3254 2429 carent,
3298 2365 3379 2418 uti

1810 2458 1958 2506 terra
2015 2462 2069 2507 et
2125 2461 2360 2508 montes.
2416 2451 2542 2507 Haec
2585 2454 2755 2523 igitur
2812 2454 3172 2525 precedentia
3230 2468 3386 2510 com—

1808 2543 2013 2613 plicant
2067 2552 2121 2599 et
2179 2544 2541 2613 confirmant,
2590 2546 2700 2599 imo
2754 2553 2809 2601 et
2874 2547 3172 2602 elucidant.
3246 2546 3385 2601 Nam

1811 2642 1935 2705 post
1962 2636 2073 2700 illa,
2113 2636 2303 2691 Omnia
2330 2653 2421 2705 per
2442 2638 2612 2705 ipsum
2635 2636 2781 2705 facta
2803 2648 2949 2703 sunt,
2981 2640 3149 2705 addit,
3178 2638 3247 2693 Et
3274 2641 3391 2695 sine

1811 2729 1926 2796 ipso
1950 2728 2083 2782 nihil
2102 2728 2239 2797 quod
2262 2728 2486 2797 factum,
2520 2729 2625 2783 hoc
2648 2739 2731 2784 est
2756 2738 2817 2783 ut
2840 2746 2953 2784 uno
2972 2732 3139 2785 verbo
3162 2732 3379 2801 loquar,

1811 2818 1958 2874 Nihil
1982 2836 2168 2875 eorum
2196 2837 2319 2891 quae
2352 2822 2495 2877 facta
2527 2831 2656 2877 sunt
2692 2822 2759 2877 ab
2780 2823 2889 2877 alio
2914 2822 3058 2878 facta
3090 2833 3239 2889 sunt,
3274 2826 3383 2880 nisi

1814 2911 1951 2968 forte
1982 2928 2012 2966 a
2041 2913 2203 2968 Patre
2242 2914 2364 2983 ejus
2394 2923 2448 2969 et
2476 2914 2685 2985 Spiritu
2732 2925 2963 2983 sancto;
2998 2932 3125 2970 nam
3160 2917 3386 2987 quando

1814 3004 1883 3058 ab
1916 3004 1995 3058 eis
2030 3019 2309 3075 nunquam
2332 3005 2620 3069 dividitur,
2660 3016 2713 3061 et
2741 3022 2924 3062 rerum
2950 3008 3196 3062 omnium
3225 3023 3384 3063 crea-

146 3088 368 3152 είκότως
412 3091 503 3143 καὶ
547 3093 688 3147 κατά
725 3095 824 3165 τὴν
848 3094 959 3150 τῶν
984 3096 1118 3152 ὅλων
1141 3098 1497 3169 δημιουργίαν
1525 3103 1707 3166 αὐτοῖς

1816 3096 2022 3154 tionem
2052 3112 2165 3152 una
2195 3112 2319 3153 cum
2344 3097 2427 3153 eis
2460 3103 2719 3167 operetur
2756 3107 2993 3169 oportet.

145 3179 525 3250 κεκοινώνηκε.

216 3273 382 3326 Τοῦτο
420 3270 571 3327 εἶπεν
608 3276 683 3347 (2)
716 3277 803 3331 διὰ
832 3276 1049 3333 πάντων
1088 3278 1369 3351 βουληθεὶς
1405 3282 1575 3347 δεῖξαι
1611 3283 1709 3354 (5),

142 3368 226 3419 ὅτι
256 3362 409 3430 οὗτος
436 3369 521 3420 ἀεὶ
550 3369 711 3439 συνῆν
748 3368 825 3440 τῷ
856 3372 1052 3442 Πατρὶ,
1085 3372 1160 3436 ὡς
1186 3374 1369 3443 ὅμοιος
1402 3375 1499 3445 τὴν
1528 3375 1711 3443 φύσιν,

142 3460 219 3523 ὡς
263 3462 511 3523 κοινωνὸς
556 3461 654 3531 τῆς
699 3460 1077 3533 δημιουργίας,
1113 3465 1186 3530 ὡς
1236 3465 1411 3520 συνὼν
1460 3467 1560 3538 μὲν
1602 3470 1712 3534 ἀεὶ,

143 3553 615 3621 συνεργασάμενος
640 3553 696 3605 δὲ
722 3554 810 3608 ὅτε
842 3554 946 3608 ἔδει
970 3556 1221 3624 γενέσθαι
1248 3558 1314 3613 τὰ
1344 3559 1491 3614 ὄντα.
1523 3561 1714 3631 Σαφῶς

139 3646 199 3700 δὲ
240 3645 461 3710 ἔδειξεν,
507 3646 586 3698 ὅτι
624 3645 703 3712 τὸ,
755 3646 827 3699 δι’
868 3648 1075 3715 αὐτοῦ,
1121 3651 1182 3704 οὐ
1222 3652 1495 3717 διακονίας
1531 3655 1715 3709 ἕνεκεν

138 3738 294 3809 αὐτῷ
326 3742 517 3801 κεῖται,
548 3740 681 3792 ἀλλὰ
701 3743 1014 3811 συνεργείας
1039 3760 1054 3774 ·
1102 3746 1195 3798 καὶ
1218 3746 1311 3800 τοῦ
1349 3748 1513 3818 μηδὲν
1544 3748 1715 3817 ὑφεξ-

138 3832 417 3902 αιρεῖσθαι
462 3832 558 3901 τῆς
609 3832 771 3884 αὐτοῦ
822 3835 1093 3904 ποιήσεως
1134 3836 1241 3889 τῶν
1301 3839 1623 3905 γεγονότων,
1656 3839 1718 3892 τὸ

1883 3276 2000 3333 Hoc
2027 3276 2197 3341 dixit,
2229 3283 2289 3331 ut
2325 3292 2424 3346 per
2456 3276 2573 3333 haec
2598 3278 2780 3332 omnia
2817 3275 3167 3331 conﬁrmaret
3191 3276 3388 3332 Filium

1814 3386 2031 3441 semper
2062 3370 2254 3425 adesse
2291 3368 2479 3435 Patri,
2524 3378 2583 3424 ut
2622 3371 2714 3439 qui
2752 3370 2997 3439 ejusdem
3035 3372 3107 3426 sit
3145 3379 3378 3435 naturae,

1813 3474 1867 3521 et
1898 3478 2129 3520 consors
2168 3463 2531 3532 operationis,
2562 3478 2778 3533 semper
2801 3464 3021 3533 quidem
3066 3465 3116 3519 ei
3158 3465 3381 3519 coexsi-

1816 3564 2000 3622 stens,
2040 3569 2345 3624 cooperans
2384 3569 2517 3608 vero
2570 3569 2695 3609 cum
2744 3554 3068 3625 expediebat
3134 3556 3390 3611 universa

1815 3648 2069 3721 produci.
2119 3646 2277 3700 Clare
2329 3653 2511 3700 autem
2554 3647 2829 3707 ostendit.
2863 3648 3034 3711 illud,
3068 3665 3160 3717 per
3186 3650 3385 3716 ipsum,

1816 3741 1884 3797 de
1914 3756 1980 3795 eo
2007 3755 2114 3793 non
2154 3739 2451 3793 ministerii
2483 3753 2674 3806 causa,
2710 3739 2805 3794 sed
2830 3741 3236 3810 eooperationis
3266 3756 3389 3811 gra-

1815 3833 1894 3886 tia
1951 3831 2157 3884 dictum
2209 3845 2373 3896 esse,
2434 3839 2491 3885 et
2551 3845 2621 3885 ne
2663 3830 2795 3900 quid
2855 3847 3041 3886 rerum
3088 3834 3157 3887 ab
3207 3834 3388 3903 ipsius

132 3926 482 3992 ἐπαγαγεῖν·
526 3926 635 3978 Kal
676 3925 855 3993 χωρὶς
893 3928 1079 3981 αὑτοῦ
1117 3928 1351 3997 ἐγένετο
1383 3928 1526 3982 οὐδὲ
1566 3928 1707 3996 Eam!

1818 3922 2178 3976 fabricatione
2232 3921 2586 3986 eximeretur,
2620 3921 2945 3990 adiunctum
2980 3931 3034 3977 et
3078 3922 3217 3978 illud
3255 3941 3271 3978 :
3312 3922 3384 3976 Et

131 4017 393 4086 γέγονεν
424 4016 521 4087 (4)-

1818 4017 1931 4069 sine
1961 4017 2074 4084 ipso
2104 4014 2305 4082 factum
2337 4022 2415 4068 est
2443 4013 2597 4078 nihil,
2640 4013 2780 4083 quod
2816 4015 3021 4083 factum
3048 4023 3147 4069 est.

208 4106 363 4176 Στίχ.
400 4106 461 4160 δ’.
508 4137 577 4147 —
618 4106 722 4160 Ἐν
755 4107 831 4176 (5)
885 4107 1046 4172 αὐτῷ
1088 4106 1199 4176 ζωὴ
1250 4104 1360 4179 ἦν·
1415 4110 1536 4163 ἀντὶ
1583 4108 1707 4173 τοῦ,

1890 4105 2057 4160 Vens.
2095 4105 2148 4158 4.
2178 4133 2250 4147 --
2287 4103 2349 4159 In
2376 4105 2489 4172 ipso
2520 4105 2629 4158 vita
2652 4114 2786 4159 erat.
2811 4105 3082 4171 Quoniam
3107 4106 3217 4160 vim
3244 4106 3386 4161 vivi-

127 4198 390 4267 Πηγάζει
421 4196 515 4269 τὴν
565 4196 798 4269 ζωτικὴν
833 4199 1082 4270 δύναμιν,
1126 4200 1202 4263 ὡς
1238 4200 1312 4269 μὴ
1366 4201 1525 4270 μόνον
1557 4201 1707 4253 «ore»

1818 4196 1975 4250 ficam
2049 4194 2179 4250 facit
2230 4197 2532 4259 scaturire,
2599 4198 2673 4251 ita
2720 4205 2780 4250 ut
2836 4212 2947 4251 non
3001 4197 3179 4251 solum
3235 4198 3384 4252 vivat

122 4291 259 4361 ζῇν,
290 4289 431 4341 ἀλλὰ
478 4290 573 4342 καὶ
606 4290 781 4355 ζῶντα
815 4294 1008 4356 ποιεῖν,
1040 4293 1174 4363 ὅπερ
1203 4292 1297 4345 καὶ
1331 4287 1399 4363 ἦν
1424 4292 1707 4347 ἀκόλουθοι

1818 4290 1973 4358 ipse,
2033 4305 2223 4345 verum
2286 4290 2449 4343 etiam
2505 4288 2629 4343 aliis
2686 4288 2853 4343 vitam
2912 4297 3155 4358 praestet.
3225 4288 3384 4344 Unde

117 4382 212 4451 τῷ
231 4421 249 4444 ,
294 4383 403 4435 Kal
432 4382 607 4450 χωρὶς
635 4384 819 4438 αὑτοῦ
849 4384 1084 4453 ἐγένετο
1121 4384 1263 4439 οὐδὲ
1291 4384 1360 4438 ἐν
1388 4384 1418 4439 ὃ
1453 4384 1707 4455 γέγονεν.

1820 4382 2069 4451 sequitur
2099 4398 2115 4435 :
2145 4380 2215 4434 Et
2250 4382 2363 4435 sine
2396 4383 2507 4449 ipso
2547 4382 2747 4449 factum
2793 4391 2870 4436 est
2923 4382 3060 4436 nihil
3091 4382 3227 4451 quod
3267 4382 3383 4450 fac-

135 4472 411 4541 Ἑποίησε
429 4472 555 4541 γὰρ,
586 4475 738 4542 φησι,
758 4474 825 4526 τὰ
844 4476 991 4536 ὅντα,
1023 4474 1284 4545 πηγάζων
1312 4473 1407 4546 τὴν
1432 4474 1595 4546 ζωὴν,
1623 4476 1707 4528 καὶ

1823 4482 1932 4527 tum
1964 4481 2063 4528 est.
2100 4471 2254 4527 Fecit
2279 4473 2450 4536 enim,
2499 4473 2699 4542 inquit,
2738 4476 2941 4537 omnia,
2974 4473 3144 4527 vitam
3186 4488 3385 4543 suppe-

105 4563 189 4616 οὐ
218 4562 467 4629 παράγει
486 4559 641 4629 μόνον
662 4562 850 4629 φύσεις
877 4562 1081 4627 ἁπλῶς,
1113 4563 1247 4617 ἀλλά
1274 4564 1380 4636 γὰρ
1412 4566 1504 4617 καὶ
1536 4564 1707 4629 ζῶσας

1819 4570 2021 4631 (litans,
2075 4566 2150 4621 ita
2202 4578 2258 4620 ut
2312 4582 2418 4622 non
2467 4576 2697 4622 naturas
2738 4568 3007 4622 duntaxat
3063 4567 3385 4637 simpliciter
3440 4586 3445 4591 ·

104 4657 303 4706 ποιεῖ.
1817 4661 2112 4730 producat,
2148 4659 2243 4716 sed
2274 4662 2438 4715 etiam
2475 4661 2733 4715 viviﬁcet.

211 4748 373 4798 ’Δντὶ
416 4746 545 4800 τοῦ’
600 4748 747 4819 Αὐτὴ
795 4748 975 4818 μέντοι
1007 4749 1041 4818 ἡ
1089 4747 1147 4800 ὲν
1190 4746 1338 4817 αὐτῷ
1383 4746 1611 4819 δύναμις
1652 4751 1707 4803 οὐ

1890 4752 2165 4819 Quoniam
2200 4753 2391 4807 eadem
2430 4753 2487 4807 in
2524 4753 2643 4822 ipso
2673 4754 2871 4815 virtus,
2898 4766 3008 4804 non
3038 4746 3382 4802 vivificandis

92 4842 429 4905 ζωοποιεῖν
472 4842 629 4911 μόνον
673 4843 850 4912 ἱκανὴ,
888 4841 1024 4894 ἀλλά
1054 4840 1149 4893 καὶ
1182 4840 1433 4909 γνώσεως
1475 4840 1707 4912 πληροῦν

1816 4845 1991 4901 solum
2025 4846 2320 4899 animabus
2348 4844 2653 4907 hominum,
2681 4858 2870 4898 verum
2904 4842 3071 4897 etiam
3111 4841 3260 4893 omni
3289 4853 3383 4892 co-

1815 4936 2061 5004 gnitione
2092 4937 2215 4990 illas
2250 4936 2563 4991 imbuendis
2598 4936 2815 4989 abunde
2840 4934 3067 4990 sufficit.

82 4932 219 4992 τὰς
256 4932 377 4983 τῶν
412 4932 715 5003 ἀνθρώπων
746 4933 942 5003 ψυχάς.

1884 5028 2046 5082 Vens.
2069 5027 2194 5080 6.-
2215 5028 2484 5082 Cancrum
2515 5027 2581 5082 ad
2604 5026 2727 5079 Filii
2759 5026 3158 5095 apparitionem
3189 5029 3376 5074 trans-

190 5022 355 5092 Στίχ.
396 5030 473 5087 ς’.
504 5054 569 5065 —-
597 5025 981 5096 Μετεληλυθὼς
1011 5025 1084 5095 (6)
1122 5025 1309 5078 λοιπὸν
1338 5025 1429 5078 ἐπὶ
1457 5024 1556 5094 τὴν
1589 5026 1712 5076 ἐπι-

69 5113 364 5183 φάνειαν
392 5113 491 5167 τοῦ
522 5116 672 5181 Υἱοῖι,
707 5116 827 5169 τίνα
860 5118 925 5170 ἂν
953 5110 1109 5186 εὗρεν
1134 5116 1306 5187 ἀρχὴν
1340 5115 1551 5185 ἑτέραν,
1579 5116 1611 5185 ἢ
1644 5114 1707 5168 τὰ

1816 5122 1964 5184 iens,
2026 5121 2285 5190 quidnam
2353 5118 2502 5173 aliud
2564 5119 2896 5187 principium
2954 5114 3162 5169 invenit
3212 5123 3376 5179 quam

62 5204 265 5260 κατὰ
290 5206 393 5257 τὸν
435 5206 717 5275 Ἰωάννην;
747 5207 860 5274 Ἀφ’
889 5202 949 5261 οὗ
973 5206 1351 5277 γνωρίζεσθαι,
1380 5206 1525 5268 ὅστις
1554 5200 1620 5275 ἦν
1654 5205 1707 5269 ὃς

1816 5210 1944 5264 illud
1994 5208 2295 5263 secundum
2341 5205 2645 5259 Joannem?
2704 5204 2856 5259 Unde
2907 5206 3031 5259 licet
3077 5198 3380 5270 intelligere

52 5300 210 5367 τὴν
249 5296 447 5368 ἀρχὴν
481 5296 718 5360 ἐδέξατο.

1816 5301 1935 5371 quis
1962 5301 2034 5356 sit
2064 5300 2157 5371 qui
2199 5298 2531 5369 principium
2565 5299 2797 5366 accepit.

1883 5476 1957 5543 (3)
1989 5475 2054 5529 ν.
2082 5476 2249 5541 δεῖξαι
2286 5476 2336 5528 in
2369 5481 2558 5527 catena
2594 5490 2701 5528 non
2733 5470 2947 5541 legitur.

1883 5547 1958 5615 (4)
1991 5546 2107 5598 Cal.
2144 5563 2195 5614 p.
2232 5545 2313 5609 16,
2342 5546 2371 5597 ὃ
2402 5543 2639 5615 ἐγένετο.

1881 5620 1957 5688 (5)
1982 5616 2144 5688 Curd.
2177 5625 2283 5669 cat.
2326 5616 2498 5688 p._1_8,
2532 5614 2617 5671 19.

1885 5684 1960 5757 lti)
1989 5684 2151 5742 Cord.
2173 5696 2279 5741 cat.
2304 5684 2461 5757 p.2l.

171 5475 265 5544 (1)
293 5475 379 5527 Ex
408 5473 669 5526 Vaticana
687 5472 889 5543 Evang.
906 5483 1091 5527 catena
1110 5474 1528 5544 ed.Ang.Mains
1555 5476 1701 5530 Scri-

18 5543 247 5618 p.'or.'
284 5554 431 5618 pett.
461 5560 594 5618 nova
627 5544 851 5618 collect.,
878 5545 1059 5618 t._l,p.
1085 5543 1209 5599 225.
1246 5543 1421 5618 quiip.
1444 5547 1553 5618 7575
1574 5565 1706 5600 con-

20 5613 229 5675 ferri
272 5615 456 5681 jubet
505 5614 647 5685 hunc
695 5616 867 5667 locum
893 5613 1136 5668 Graecum
1180 5630 1301 5685 cum
1340 5613 1530 5671 Latino
1560 5618 1703 5685 apud

15 5686 528 5744 Combulisium
565 5684 701 5738 Bibl.
745 5687 1003 5751 conciam,
1032 5686 1071 5751 Ι,
1108 5701 1159 5756 p.
1188 5684 1313 5741 281.

153 5758 246 5826 (2')
282 5756 478 5811 (Iord.
524 5766 626 5809 cat.
660 5772 710 5825 ιι.
754 5756 835 5807 l7.
