  <div class='ocr_page' id='page_1' title='image "/cluster/home/n/w/nwhite01/storage/ocr_20150623/66/hvd.32044020183315/371.png"; bbox 0 0 3904 6580; ppageno 0'>
   <div class='ocr_carea' id='block_1_1' title="bbox 951 263 996 271">
    <p class='ocr_par' dir='ltr' id='par_1_1' title="bbox 951 263 996 271">
     <span class='ocr_line' id='line_1_1' title="bbox 951 263 996 271; baseline 0.022 -1"><span class='ocrx_word' id='word_1_1' title='bbox 951 263 996 271; x_wconf 69' lang='lat'><strong><em>—</em></strong></span> 
     </span>
    </p>
   </div>
   <div class='ocr_carea' id='block_1_2' title="bbox 445 347 542 407">
    <p class='ocr_par' dir='ltr' id='par_1_2' title="bbox 445 347 542 407">
     <span class='ocr_line' id='line_1_2' title="bbox 445 347 542 407; baseline 0.041 -3"><span class='ocrx_word' id='word_1_2' title='bbox 445 347 542 407; x_wconf 76' lang='lat'><strong>73!</strong></span> 
     </span>
    </p>
   </div>
   <div class='ocr_carea' id='block_1_3' title="bbox 1637 352 2502 412">
    <p class='ocr_par' dir='ltr' id='par_1_3' title="bbox 1637 352 2502 412">
     <span class='ocr_line' id='line_1_3' title="bbox 1637 352 2502 412; baseline 0.001 -5"><span class='ocrx_word' id='word_1_3' title='bbox 1637 352 1987 409; x_wconf 70' lang='grc' dir='ltr'>Τ-ΗΕουθιιι</span> <span class='ocrx_word' id='word_1_4' title='bbox 2022 354 2502 412; x_wconf 75' lang='lat' dir='ltr'><strong>MOPSUESTENI</strong></span> 
     </span>
    </p>
   </div>
   <div class='ocr_carea' id='block_1_4' title="bbox 3601 355 3700 412">
    <p class='ocr_par' dir='ltr' id='par_1_4' title="bbox 3601 355 3700 412">
     <span class='ocr_line' id='line_1_4' title="bbox 3601 355 3700 412; baseline 0.01 -1"><span class='ocrx_word' id='word_1_5' title='bbox 3601 355 3700 412; x_wconf 72' lang='lat'><strong>732</strong></span> 
     </span>
    </p>
   </div>
   <div class='ocr_carea' id='block_1_5' title="bbox 514 467 3700 542">
    <p class='ocr_par' dir='ltr' id='par_1_5' title="bbox 514 467 3700 542">
     <span class='ocr_line' id='line_1_5' title="bbox 514 467 3700 542; baseline 0.001 -18"><span class='ocrx_word' id='word_1_6' title='bbox 514 469 576 524; x_wconf 77' lang='lat' dir='ltr'><em>In</em></span> <span class='ocrx_word' id='word_1_7' title='bbox 613 468 901 538; x_wconf 78' lang='lat' dir='ltr'><strong>(l)mtmdo</strong></span> <span class='ocrx_word' id='word_1_8' title='bbox 924 476 1060 534; x_wconf 79' lang='lat' dir='ltr'><strong>erat,</strong></span> <span class='ocrx_word' id='word_1_9' title='bbox 1091 477 1140 524; x_wconf 85' lang='lat' dir='ltr'><strong>et</strong></span> <span class='ocrx_word' id='word_1_10' title='bbox 1175 467 1396 523; x_wconf 73' lang='lat' dir='ltr'><strong>mundus</strong></span> <span class='ocrx_word' id='word_1_11' title='bbox 1427 485 1518 539; x_wconf 84' lang='lat' dir='ltr'><strong>per</strong></span> <span class='ocrx_word' id='word_1_12' title='bbox 1537 486 1652 524; x_wconf 86' lang='lat' dir='ltr'><strong>eum</strong></span> <span class='ocrx_word' id='word_1_13' title='bbox 1679 471 1853 539; x_wconf 76' lang='lat' dir='ltr'><strong>factus</strong></span> <span class='ocrx_word' id='word_1_14' title='bbox 1882 487 1980 537; x_wconf 75' lang='lat' dir='ltr'><strong>est,</strong></span> <span class='ocrx_word' id='word_1_15' title='bbox 2013 483 2060 526; x_wconf 91' lang='lat' dir='ltr'><strong>et</strong></span> <span class='ocrx_word' id='word_1_16' title='bbox 2087 475 2311 527; x_wconf 79' lang='lat' dir='ltr'><strong>mundus</strong></span> <span class='ocrx_word' id='word_1_17' title='bbox 2335 488 2452 527; x_wconf 79' lang='lat' dir='ltr'><strong>eum</strong></span> <span class='ocrx_word' id='word_1_18' title='bbox 2483 488 2593 526; x_wconf 83' lang='lat' dir='ltr'><strong>non.</strong></span> <span class='ocrx_word' id='word_1_19' title='bbox 2613 472 2874 542; x_wconf 79' lang='lat' dir='ltr'><strong>cognovit,</strong></span> <span class='ocrx_word' id='word_1_20' title='bbox 2907 471 3100 528; x_wconf 89' lang='lat' dir='ltr'><strong>dicens</strong></span> <span class='ocrx_word' id='word_1_21' title='bbox 3125 471 3440 527; x_wconf 82' lang='lat' dir='ltr'><strong>venientem</strong></span> <span class='ocrx_word' id='word_1_22' title='bbox 3463 471 3522 526; x_wconf 92' lang='lat' dir='ltr'><strong>in</strong></span> <span class='ocrx_word' id='word_1_23' title='bbox 3557 472 3700 526; x_wconf 83' lang='lat' dir='ltr'><strong>hunc</strong></span> 
     </span>
    </p>
   </div>
   <div class='ocr_carea' id='block_1_6' title="bbox 447 561 3701 635">
    <p class='ocr_par' dir='ltr' id='par_1_6' title="bbox 447 561 3701 635">
     <span class='ocr_line' id='line_1_6' title="bbox 447 561 3701 635; baseline 0.001 -21"><span class='ocrx_word' id='word_1_24' title='bbox 447 561 714 616; x_wconf 69' lang='lat' dir='ltr'><strong>nimdum</strong></span> <span class='ocrx_word' id='word_1_25' title='bbox 752 563 820 617; x_wconf 90' lang='lat' dir='ltr'><strong>de</strong></span> <span class='ocrx_word' id='word_1_26' title='bbox 875 561 1103 616; x_wconf 81' lang='lat' dir='ltr'><strong>Domino</strong></span> <span class='ocrx_word' id='word_1_27' title='bbox 1143 561 1364 616; x_wconf 79' lang='lat' dir='ltr'><strong>Christo</strong></span> <span class='ocrx_word' id='word_1_28' title='bbox 1400 563 1537 618; x_wconf 83' lang='lat' dir='ltr'><strong>bene</strong></span> <span class='ocrx_word' id='word_1_29' title='bbox 1570 562 1782 630; x_wconf 93' lang='lat' dir='ltr'><strong>intulit,</strong></span> <span class='ocrx_word' id='word_1_30' title='bbox 1820 562 1887 618; x_wconf 85' lang='grc' dir='ltr'>Ιιι</span> <span class='ocrx_word' id='word_1_31' title='bbox 1929 564 2284 631; x_wconf 83' lang='lat' dir='ltr'><strong>mundoerat,</strong></span> <span class='ocrx_word' id='word_1_32' title='bbox 2321 574 2380 619; x_wconf 88' lang='lat' dir='ltr'><strong>ut</strong></span> <span class='ocrx_word' id='word_1_33' title='bbox 2426 563 2741 620; x_wconf 73' lang='lat' dir='ltr'><strong>ostenderet</strong></span> <span class='ocrx_word' id='word_1_34' title='bbox 2767 565 2896 635; x_wconf 84' lang='lat' dir='ltr'><strong>quia</strong></span> <span class='ocrx_word' id='word_1_35' title='bbox 2927 563 3237 620; x_wconf 79' lang='lat' dir='ltr'><strong>venientem</strong></span> <span class='ocrx_word' id='word_1_36' title='bbox 3273 564 3340 618; x_wconf 91' lang='lat' dir='ltr'><strong>ad</strong></span> <span class='ocrx_word' id='word_1_37' title='bbox 3385 563 3701 618; x_wconf 82' lang='lat' dir='ltr'><strong>manifesta-</strong></span> 
     </span>
    </p>
   </div>
   <div class='ocr_carea' id='block_1_7' title="bbox 447 648 3700 732">
    <p class='ocr_par' dir='ltr' id='par_1_7' title="bbox 447 648 3700 732">
     <span class='ocr_line' id='line_1_7' title="bbox 447 648 3700 732; baseline 0.001 -23"><span class='ocrx_word' id='word_1_38' title='bbox 447 656 656 711; x_wconf 89' lang='lat' dir='ltr'><strong>tionem</strong></span> <span class='ocrx_word' id='word_1_39' title='bbox 699 657 904 710; x_wconf 89' lang='lat' dir='ltr'><strong>retulit.</strong></span> <span class='ocrx_word' id='word_1_40' title='bbox 938 655 1256 712; x_wconf 88' lang='lat' dir='ltr'><strong>Substantia</strong></span> <span class='ocrx_word' id='word_1_41' title='bbox 1301 660 1446 714; x_wconf 92' lang='lat' dir='ltr'><strong>enim</strong></span> <span class='ocrx_word' id='word_1_42' title='bbox 1478 667 1533 715; x_wconf 87' lang='lat' dir='ltr'><strong>et</strong></span> <span class='ocrx_word' id='word_1_43' title='bbox 1571 667 1935 715; x_wconf 16' lang='lat' dir='ltr'><strong>naturaaerat</strong></span> <span class='ocrx_word' id='word_1_44' title='bbox 1967 661 2027 714; x_wconf 86' lang='lat' dir='ltr'><strong>in</strong></span> <span class='ocrx_word' id='word_1_45' title='bbox 2065 661 2290 725; x_wconf 91' lang='lat' dir='ltr'><strong>mundo,</strong></span> <span class='ocrx_word' id='word_1_46' title='bbox 2329 662 2526 732; x_wconf 87' lang='lat' dir='ltr'><strong>inquit,</strong></span> <span class='ocrx_word' id='word_1_47' title='bbox 2566 670 2622 716; x_wconf 91' lang='lat' dir='ltr'><strong>et</strong></span> <span class='ocrx_word' id='word_1_48' title='bbox 2648 670 2830 716; x_wconf 83' lang='lat' dir='ltr'><strong>antea.</strong></span> <span class='ocrx_word' id='word_1_49' title='bbox 2861 661 2927 716; x_wconf 80' lang='lat' dir='ltr'><strong>Et</strong></span> <span class='ocrx_word' id='word_1_50' title='bbox 2959 661 3126 717; x_wconf 89' lang='lat' dir='ltr'><strong>veluti</strong></span> <span class='ocrx_word' id='word_1_51' title='bbox 3173 661 3277 715; x_wconf 89' lang='lat' dir='ltr'><strong>hoc</strong></span> <span class='ocrx_word' id='word_1_52' title='bbox 3305 675 3499 730; x_wconf 86' lang='lat' dir='ltr'><strong>parum</strong></span> <span class='ocrx_word' id='word_1_53' title='bbox 3539 648 3700 724; x_wconf 73' lang='lat' dir='ltr'><strong>esset,</strong></span> 
     </span>
    </p>
   </div>
   <div class='ocr_carea' id='block_1_8' title="bbox 449 747 3704 824">
    <p class='ocr_par' dir='ltr' id='par_1_8' title="bbox 449 747 3704 824">
     <span class='ocr_line' id='line_1_8' title="bbox 449 747 3704 824; baseline 0.002 -23"><span class='ocrx_word' id='word_1_54' title='bbox 449 747 656 809; x_wconf 91' lang='lat' dir='ltr'><strong>intulit,</strong></span> <span class='ocrx_word' id='word_1_55' title='bbox 685 747 915 802; x_wconf 81' lang='lat' dir='ltr'><strong>Mundus</strong></span> <span class='ocrx_word' id='word_1_56' title='bbox 945 765 1036 818; x_wconf 87' lang='lat' dir='ltr'><strong>per</strong></span> <span class='ocrx_word' id='word_1_57' title='bbox 1060 766 1174 805; x_wconf 82' lang='lat' dir='ltr'><strong>eum</strong></span> <span class='ocrx_word' id='word_1_58' title='bbox 1205 750 1380 818; x_wconf 83' lang='lat' dir='ltr'><strong>[actus</strong></span> <span class='ocrx_word' id='word_1_59' title='bbox 1401 760 1477 806; x_wconf 82' lang='lat' dir='ltr'><strong>est</strong></span> <span class='ocrx_word' id='word_1_60' title='bbox 1512 767 1531 804; x_wconf 91' lang='lat'><strong><em>:</em></strong></span> <span class='ocrx_word' id='word_1_61' title='bbox 1557 751 1662 805; x_wconf 85' lang='lat' dir='ltr'><strong>hoc</strong></span> <span class='ocrx_word' id='word_1_62' title='bbox 1696 762 1799 818; x_wconf 88' lang='lat' dir='ltr'><strong>est,</strong></span> <span class='ocrx_word' id='word_1_63' title='bbox 1836 752 2197 818; x_wconf 72' lang='lat' dir='ltr'><strong>Quidmirum</strong></span> <span class='ocrx_word' id='word_1_64' title='bbox 2233 754 2280 809; x_wconf 90' lang='lat' dir='ltr'><strong>si</strong></span> <span class='ocrx_word' id='word_1_65' title='bbox 2303 763 2422 809; x_wconf 89' lang='lat' dir='ltr'><strong>erat</strong></span> <span class='ocrx_word' id='word_1_66' title='bbox 2443 754 2500 808; x_wconf 82' lang='lat' dir='ltr'><strong>in</strong></span> <span class='ocrx_word' id='word_1_67' title='bbox 2518 753 2749 818; x_wconf 88' lang='lat' dir='ltr'><strong>mundo,</strong></span> <span class='ocrx_word' id='word_1_68' title='bbox 2781 753 2876 824; x_wconf 88' lang='lat' dir='ltr'><strong>qui</strong></span> <span class='ocrx_word' id='word_1_69' title='bbox 2911 769 3022 808; x_wconf 91' lang='lat' dir='ltr'><strong>non</strong></span> <span class='ocrx_word' id='word_1_70' title='bbox 3049 761 3218 817; x_wconf 84' lang='lat' dir='ltr'><strong>esset,</strong></span> <span class='ocrx_word' id='word_1_71' title='bbox 3247 753 3358 808; x_wconf 86' lang='lat' dir='ltr'><strong>nisi</strong></span> <span class='ocrx_word' id='word_1_72' title='bbox 3384 753 3478 807; x_wconf 89' lang='lat' dir='ltr'><strong>ille</strong></span> <span class='ocrx_word' id='word_1_73' title='bbox 3504 753 3704 808; x_wconf 83' lang='lat' dir='ltr'><strong>voluis-</strong></span> 
     </span>
    </p>
   </div>
   <div class='ocr_carea' id='block_1_9' title="bbox 450 841 3708 916">
    <p class='ocr_par' dir='ltr' id='par_1_9' title="bbox 450 841 3708 916">
     <span class='ocr_line' id='line_1_9' title="bbox 450 841 3708 916; baseline 0.002 -20"><span class='ocrx_word' id='word_1_74' title='bbox 450 842 571 896; x_wconf 83' lang='lat' dir='ltr'><strong>set?</strong></span> <span class='ocrx_word' id='word_1_75' title='bbox 602 841 711 896; x_wconf 82' lang='lat' dir='ltr'><strong>Sed</strong></span> <span class='ocrx_word' id='word_1_76' title='bbox 748 850 930 896; x_wconf 87' lang='lat' dir='ltr'><strong>tamen</strong></span> <span class='ocrx_word' id='word_1_77' title='bbox 953 850 1071 897; x_wconf 87' lang='lat' dir='ltr'><strong>erat</strong></span> <span class='ocrx_word' id='word_1_78' title='bbox 1099 843 1320 914; x_wconf 88' lang='lat' dir='ltr'><strong>quidem</strong></span> <span class='ocrx_word' id='word_1_79' title='bbox 1379 844 1433 898; x_wconf 92' lang='lat' dir='ltr'><strong>in</strong></span> <span class='ocrx_word' id='word_1_80' title='bbox 1464 845 1670 899; x_wconf 90' lang='lat' dir='ltr'><strong>mundo</strong></span> <span class='ocrx_word' id='word_1_81' title='bbox 1718 854 1776 900; x_wconf 91' lang='lat' dir='ltr'><strong>et</strong></span> <span class='ocrx_word' id='word_1_82' title='bbox 1807 854 1985 911; x_wconf 87' lang='lat' dir='ltr'><strong>antea,</strong></span> <span class='ocrx_word' id='word_1_83' title='bbox 2017 854 2074 900; x_wconf 89' lang='lat' dir='ltr'><strong>et</strong></span> <span class='ocrx_word' id='word_1_84' title='bbox 2110 845 2241 900; x_wconf 85' lang='lat' dir='ltr'><strong>fecit</strong></span> <span class='ocrx_word' id='word_1_85' title='bbox 2267 847 2430 902; x_wconf 82' lang='lat' dir='ltr'><strong>etiam</strong></span> <span class='ocrx_word' id='word_1_86' title='bbox 2481 847 2744 902; x_wconf 89' lang='lat' dir='ltr'><strong>mundum</strong></span> <span class='ocrx_word' id='word_1_87' title='bbox 2778 846 2916 916; x_wconf 87' lang='lat' dir='ltr'><strong>ipse,</strong></span> <span class='ocrx_word' id='word_1_88' title='bbox 2953 845 3022 900; x_wconf 87' lang='lat' dir='ltr'><strong>Et</strong></span> <span class='ocrx_word' id='word_1_89' title='bbox 3056 848 3283 901; x_wconf 80' lang='lat' dir='ltr'><strong>mundus</strong></span> <span class='ocrx_word' id='word_1_90' title='bbox 3315 863 3435 900; x_wconf 85' lang='lat' dir='ltr'><strong>eum</strong></span> <span class='ocrx_word' id='word_1_91' title='bbox 3478 862 3587 900; x_wconf 78' lang='lat' dir='ltr'><strong>non</strong></span> <span class='ocrx_word' id='word_1_92' title='bbox 3630 863 3708 901; x_wconf 87' lang='lat' dir='ltr'><strong>co-</strong></span> 
     </span>
    </p>
   </div>
   <div class='ocr_carea' id='block_1_10' title="bbox 447 933 3303 1010">
    <p class='ocr_par' dir='ltr' id='par_1_10' title="bbox 447 933 3303 1010">
     <span class='ocr_line' id='line_1_10' title="bbox 447 933 3303 1010; baseline 0.002 -23"><span class='ocrx_word' id='word_1_93' title='bbox 447 935 644 1003; x_wconf 82' lang='lat' dir='ltr'><strong>gnovit.</strong></span> <span class='ocrx_word' id='word_1_94' title='bbox 677 933 818 990; x_wconf 88' lang='lat' dir='ltr'><strong>Bene</strong></span> <span class='ocrx_word' id='word_1_95' title='bbox 852 935 941 990; x_wconf 88' lang='lat' dir='ltr'><strong>hic</strong></span> <span class='ocrx_word' id='word_1_96' title='bbox 972 936 1038 990; x_wconf 85' lang='lat' dir='ltr'><strong>Et</strong></span> <span class='ocrx_word' id='word_1_97' title='bbox 1061 953 1165 991; x_wconf 87' lang='lat' dir='ltr'><strong>non</strong></span> <span class='ocrx_word' id='word_1_98' title='bbox 1197 939 1435 1008; x_wconf 81' lang='lat' dir='ltr'><strong>cognovit</strong></span> <span class='ocrx_word' id='word_1_99' title='bbox 1462 939 1622 1005; x_wconf 81' lang='lat' dir='ltr'><strong>dixit,</strong></span> <span class='ocrx_word' id='word_1_100' title='bbox 1653 941 1800 994; x_wconf 91' lang='lat' dir='ltr'><strong>velut</strong></span> <span class='ocrx_word' id='word_1_101' title='bbox 1831 941 1876 994; x_wconf 89' lang='lat' dir='ltr'><strong>si</strong></span> <span class='ocrx_word' id='word_1_102' title='bbox 1902 939 2112 994; x_wconf 77' lang='lat' dir='ltr'><strong>diceret</strong></span> <span class='ocrx_word' id='word_1_103' title='bbox 2135 955 2244 994; x_wconf 89' lang='lat' dir='ltr'><strong>non</strong></span> <span class='ocrx_word' id='word_1_104' title='bbox 2275 941 2962 1010; x_wconf 85' lang='lat' dir='ltr'><strong>eognoveruntproprium</strong></span> <span class='ocrx_word' id='word_1_105' title='bbox 2989 940 3303 994; x_wconf 90' lang='lat' dir='ltr'><strong>Dominum.</strong></span> 
     </span>
    </p>
   </div>
   <div class='ocr_carea' id='block_1_11' title="bbox 519 1025 2036 1105">
    <p class='ocr_par' dir='ltr' id='par_1_11' title="bbox 519 1025 2019 1089">
     <span class='ocr_line' id='line_1_11' title="bbox 519 1025 2019 1089; baseline 0.004 -9"><span class='ocrx_word' id='word_1_106' title='bbox 519 1025 687 1082; x_wconf 73' lang='lat' dir='ltr'><strong>Vens.</strong></span> <span class='ocrx_word' id='word_1_107' title='bbox 720 1027 894 1083; x_wconf 72' lang='lat'><strong>10.—</strong></span> <span class='ocrx_word' id='word_1_108' title='bbox 922 1027 1050 1084; x_wconf 86' lang='lat' dir='ltr'><strong>Post</strong></span> <span class='ocrx_word' id='word_1_109' title='bbox 1083 1032 1174 1084; x_wconf 86' lang='lat' dir='ltr'><strong>illa</strong></span> <span class='ocrx_word' id='word_1_110' title='bbox 1209 1032 1372 1086; x_wconf 89' lang='lat' dir='ltr'><strong>verba</strong></span> <span class='ocrx_word' id='word_1_111' title='bbox 1410 1051 1423 1085; x_wconf 90' lang='lat'><strong>:</strong></span> <span class='ocrx_word' id='word_1_112' title='bbox 1472 1031 1857 1089; x_wconf 71' lang='lat' dir='ltr'><strong>Venientemin</strong></span> <span class='ocrx_word' id='word_1_113' title='bbox 1883 1034 2019 1087; x_wconf 81' lang='lat' dir='ltr'><strong>hunc</strong></span> 
     </span>
    </p>
   </div>
   <div class='ocr_carea' id='block_1_12' title="bbox 2146 1025 3708 1105">
    <p class='ocr_par' dir='ltr' id='par_1_12' title="bbox 2189 1032 3708 1105">
     <span class='ocr_line' id='line_1_12' title="bbox 2189 1032 3708 1105; baseline 0.001 -19"><span class='ocrx_word' id='word_1_114' title='bbox 2189 1033 2338 1103; x_wconf 84' lang='grc' dir='ltr'>Στίχ.</span> <span class='ocrx_word' id='word_1_115' title='bbox 2389 1041 2440 1087; x_wconf 86' lang='grc' dir='ltr'><strong>ι’.</strong></span> <span class='ocrx_word' id='word_1_116' title='bbox 2472 1065 2561 1076; x_wconf 88' lang='grc'><strong>---</strong></span> <span class='ocrx_word' id='word_1_117' title='bbox 2596 1032 2781 1087; x_wconf 81' lang='grc' dir='ltr'>Εἰπὼν</span> <span class='ocrx_word' id='word_1_118' title='bbox 2822 1033 2899 1105; x_wconf 73' lang='grc'><strong>(2)</strong></span> <span class='ocrx_word' id='word_1_119' title='bbox 2948 1034 3009 1088; x_wconf 85' lang='grc' dir='ltr'>τὸ</span> <span class='ocrx_word' id='word_1_120' title='bbox 3032 1075 3049 1101; x_wconf 91' lang='grc'><strong>,</strong></span> <span class='ocrx_word' id='word_1_121' title='bbox 3093 1035 3463 1102; x_wconf 78' lang='grc' dir='ltr'>Ἐρχόμενον</span> <span class='ocrx_word' id='word_1_122' title='bbox 3488 1035 3577 1100; x_wconf 81' lang='grc' dir='ltr'>εις</span> <span class='ocrx_word' id='word_1_123' title='bbox 3608 1035 3708 1087; x_wconf 76' lang='grc' dir='ltr'><strong>τὸν</strong></span> 
     </span>
    </p>
   </div>
   <div class='ocr_carea' id='block_1_13' title="bbox 451 1118 2018 1194">
    <p class='ocr_par' dir='ltr' id='par_1_13' title="bbox 451 1118 2018 1194">
     <span class='ocr_line' id='line_1_13' title="bbox 451 1118 2018 1194; baseline 0.004 -22"><span class='ocrx_word' id='word_1_124' title='bbox 451 1118 729 1185; x_wconf 86' lang='lat' dir='ltr'><strong>mundum,</strong></span> <span class='ocrx_word' id='word_1_125' title='bbox 761 1119 830 1175; x_wconf 91' lang='lat' dir='ltr'><strong>de</strong></span> <span class='ocrx_word' id='word_1_126' title='bbox 856 1119 1086 1176; x_wconf 91' lang='lat' dir='ltr'><strong>Domino</strong></span> <span class='ocrx_word' id='word_1_127' title='bbox 1117 1123 1238 1191; x_wconf 87' lang='lat' dir='ltr'><strong>ejus</strong></span> <span class='ocrx_word' id='word_1_128' title='bbox 1263 1123 1482 1178; x_wconf 84' lang='lat' dir='ltr'><strong>Christo</strong></span> <span class='ocrx_word' id='word_1_129' title='bbox 1505 1132 1654 1178; x_wconf 89' lang='lat' dir='ltr'><strong>recte</strong></span> <span class='ocrx_word' id='word_1_130' title='bbox 1691 1125 1981 1194; x_wconf 83' lang='lat' dir='ltr'><strong>subjuuxit</strong></span> <span class='ocrx_word' id='word_1_131' title='bbox 2005 1142 2018 1179; x_wconf 89' lang='lat'><strong>:</strong></span> 
     </span>
    </p>
   </div>
   <div class='ocr_carea' id='block_1_14' title="bbox 449 1209 2025 1276">
    <p class='ocr_par' dir='ltr' id='par_1_14' title="bbox 449 1209 2025 1276">
     <span class='ocr_line' id='line_1_14' title="bbox 449 1209 2025 1276; baseline 0.004 -13"><span class='ocrx_word' id='word_1_132' title='bbox 449 1209 519 1263; x_wconf 85' lang='lat' dir='ltr'><strong>lu</strong></span> <span class='ocrx_word' id='word_1_133' title='bbox 545 1210 741 1266; x_wconf 87' lang='lat' dir='ltr'><strong>mundo</strong></span> <span class='ocrx_word' id='word_1_134' title='bbox 776 1221 926 1276; x_wconf 86' lang='lat' dir='ltr'><strong>erat,</strong></span> <span class='ocrx_word' id='word_1_135' title='bbox 965 1223 1021 1266; x_wconf 90' lang='lat' dir='ltr'><strong>ut</strong></span> <span class='ocrx_word' id='word_1_136' title='bbox 1061 1213 1372 1268; x_wconf 85' lang='lat' dir='ltr'><strong>declararet</strong></span> <span class='ocrx_word' id='word_1_137' title='bbox 1421 1215 1555 1269; x_wconf 90' lang='lat' dir='ltr'><strong>illud</strong></span> <span class='ocrx_word' id='word_1_138' title='bbox 1593 1217 1877 1269; x_wconf 81' lang='lat' dir='ltr'><strong>venientem</strong></span> <span class='ocrx_word' id='word_1_139' title='bbox 1908 1216 2025 1271; x_wconf 87' lang='lat' dir='ltr'><strong>dic-</strong></span> 
     </span>
    </p>
   </div>
   <div class='ocr_carea' id='block_1_15' title="bbox 450 1307 2022 1374">
    <p class='ocr_par' dir='ltr' id='par_1_15' title="bbox 450 1307 2022 1374">
     <span class='ocr_line' id='line_1_15' title="bbox 450 1307 2022 1374; baseline 0.004 -19"><span class='ocrx_word' id='word_1_140' title='bbox 450 1309 568 1356; x_wconf 92' lang='lat' dir='ltr'><strong>tum</strong></span> <span class='ocrx_word' id='word_1_141' title='bbox 621 1319 746 1358; x_wconf 90' lang='lat' dir='ltr'><strong>esse</strong></span> <span class='ocrx_word' id='word_1_142' title='bbox 796 1313 1020 1374; x_wconf 89' lang='lat' dir='ltr'><strong>pr0pter</strong></span> <span class='ocrx_word' id='word_1_143' title='bbox 1071 1307 1257 1360; x_wconf 87' lang='lat' dir='ltr'><strong>carnis</strong></span> <span class='ocrx_word' id='word_1_144' title='bbox 1302 1307 1826 1363; x_wconf 75' lang='lat' dir='ltr'><strong>maniiestationem.</strong></span> <span class='ocrx_word' id='word_1_145' title='bbox 1885 1307 2022 1362; x_wconf 83' lang='lat' dir='ltr'><strong>Nam</strong></span> 
     </span>
    </p>
   </div>
   <div class='ocr_carea' id='block_1_16' title="bbox 453 1394 2023 1469">
    <p class='ocr_par' dir='ltr' id='par_1_16' title="bbox 453 1394 2023 1469">
     <span class='ocr_line' id='line_1_16' title="bbox 453 1394 2023 1469; baseline 0.002 -19"><span class='ocrx_word' id='word_1_146' title='bbox 453 1394 757 1450; x_wconf 86' lang='lat' dir='ltr'><strong>secundum</strong></span> <span class='ocrx_word' id='word_1_147' title='bbox 799 1397 1121 1469; x_wconf 78' lang='lat' dir='ltr'><strong>bypostasin</strong></span> <span class='ocrx_word' id='word_1_148' title='bbox 1147 1439 1162 1463; x_wconf 97' lang='lat'><strong>,</strong></span> <span class='ocrx_word' id='word_1_149' title='bbox 1199 1397 1377 1468; x_wconf 84' lang='lat' dir='ltr'><strong>inquit</strong></span> <span class='ocrx_word' id='word_1_150' title='bbox 1405 1439 1421 1464; x_wconf 94' lang='lat'><strong>,</strong></span> <span class='ocrx_word' id='word_1_151' title='bbox 1456 1414 1522 1453; x_wconf 90' lang='lat' dir='ltr'><strong>ac</strong></span> <span class='ocrx_word' id='word_1_152' title='bbox 1557 1409 1814 1454; x_wconf 91' lang='lat' dir='ltr'><strong>naturam</strong></span> <span class='ocrx_word' id='word_1_153' title='bbox 1842 1415 2023 1464; x_wconf 87' lang='lat' dir='ltr'><strong>suam,</strong></span> 
     </span>
    </p>
   </div>
   <div class='ocr_carea' id='block_1_17' title="bbox 451 1485 2027 1559">
    <p class='ocr_par' dir='ltr' id='par_1_17' title="bbox 451 1485 2027 1559">
     <span class='ocr_line' id='line_1_17' title="bbox 451 1485 2027 1559; baseline 0.004 -19"><span class='ocrx_word' id='word_1_154' title='bbox 451 1485 618 1540; x_wconf 86' lang='lat' dir='ltr'><strong>etiam</strong></span> <span class='ocrx_word' id='word_1_155' title='bbox 653 1493 815 1542; x_wconf 82' lang='lat' dir='ltr'><strong>antea</strong></span> <span class='ocrx_word' id='word_1_156' title='bbox 868 1487 923 1542; x_wconf 94' lang='lat' dir='ltr'><strong>in</strong></span> <span class='ocrx_word' id='word_1_157' title='bbox 957 1488 1160 1542; x_wconf 89' lang='lat' dir='ltr'><strong>mundo</strong></span> <span class='ocrx_word' id='word_1_158' title='bbox 1203 1497 1364 1555; x_wconf 83' lang='lat' dir='ltr'><strong>erat,</strong></span> <span class='ocrx_word' id='word_1_159' title='bbox 1398 1489 1521 1559; x_wconf 90' lang='lat' dir='ltr'><strong>ipso</strong></span> <span class='ocrx_word' id='word_1_160' title='bbox 1549 1491 1808 1547; x_wconf 84' lang='lat' dir='ltr'><strong>videlicet</strong></span> <span class='ocrx_word' id='word_1_161' title='bbox 1847 1491 2027 1546; x_wconf 89' lang='lat' dir='ltr'><strong>adhuc</strong></span> 
     </span>
    </p>
   </div>
   <div class='ocr_carea' id='block_1_18' title="bbox 455 1577 2043 1656">
    <p class='ocr_par' dir='ltr' id='par_1_18' title="bbox 455 1577 2043 1656">
     <span class='ocr_line' id='line_1_18' title="bbox 455 1577 2043 1656; baseline 0.004 -24"><span class='ocrx_word' id='word_1_162' title='bbox 455 1577 810 1649; x_wconf 81' lang='lat' dir='ltr'><strong>imperfecto,</strong></span> <span class='ocrx_word' id='word_1_163' title='bbox 842 1579 986 1634; x_wconf 90' lang='lat' dir='ltr'><strong>unde</strong></span> <span class='ocrx_word' id='word_1_164' title='bbox 1026 1582 1313 1648; x_wconf 67' lang='lat' dir='ltr'><strong>subiunxit</strong></span> <span class='ocrx_word' id='word_1_165' title='bbox 1352 1602 1363 1636; x_wconf 94' lang='lat'>:</span> <span class='ocrx_word' id='word_1_166' title='bbox 1396 1582 1466 1638; x_wconf 78' lang='lat' dir='ltr'><strong>Et</strong></span> <span class='ocrx_word' id='word_1_167' title='bbox 1493 1584 1719 1638; x_wconf 76' lang='lat' dir='ltr'><strong>ntundus</strong></span> <span class='ocrx_word' id='word_1_168' title='bbox 1738 1601 1830 1654; x_wconf 83' lang='lat' dir='ltr'><strong>per</strong></span> <span class='ocrx_word' id='word_1_169' title='bbox 1853 1586 2043 1656; x_wconf 80' lang='lat' dir='ltr'><strong>ipsum-</strong></span> 
     </span>
    </p>
   </div>
   <div class='ocr_carea' id='block_1_19' title="bbox 453 1670 2028 1746">
    <p class='ocr_par' dir='ltr' id='par_1_19' title="bbox 453 1670 2028 1746">
     <span class='ocr_line' id='line_1_19' title="bbox 453 1670 2028 1746; baseline 0.006 -22"><span class='ocrx_word' id='word_1_170' title='bbox 453 1670 629 1740; x_wconf 76' lang='lat' dir='ltr'><strong>factus</strong></span> <span class='ocrx_word' id='word_1_171' title='bbox 687 1680 785 1726; x_wconf 80' lang='lat' dir='ltr'><strong>est.</strong></span> <span class='ocrx_word' id='word_1_172' title='bbox 857 1671 1024 1739; x_wconf 83' lang='lat' dir='ltr'><strong>Quasi</strong></span> <span class='ocrx_word' id='word_1_173' title='bbox 1070 1674 1219 1728; x_wconf 87' lang='lat' dir='ltr'><strong>dicat</strong></span> <span class='ocrx_word' id='word_1_174' title='bbox 1258 1694 1270 1728; x_wconf 87' lang='lat'><strong>:</strong></span> <span class='ocrx_word' id='word_1_175' title='bbox 1307 1674 1513 1746; x_wconf 84' lang='lat' dir='ltr'><strong>Ecquid</strong></span> <span class='ocrx_word' id='word_1_176' title='bbox 1569 1677 1806 1742; x_wconf 86' lang='lat' dir='ltr'><strong>mirum,</strong></span> <span class='ocrx_word' id='word_1_177' title='bbox 1867 1679 1915 1733; x_wconf 89' lang='lat' dir='ltr'><strong>si</strong></span> <span class='ocrx_word' id='word_1_178' title='bbox 1969 1678 2028 1733; x_wconf 90' lang='lat' dir='ltr'><strong>in</strong></span> 
     </span>
    </p>
   </div>
   <div class='ocr_carea' id='block_1_20' title="bbox 451 1764 2030 1842">
    <p class='ocr_par' dir='ltr' id='par_1_20' title="bbox 451 1764 2030 1842">
     <span class='ocr_line' id='line_1_20' title="bbox 451 1764 2030 1842; baseline 0.006 -24"><span class='ocrx_word' id='word_1_179' title='bbox 451 1764 660 1819; x_wconf 90' lang='lat' dir='ltr'><strong>mundo</strong></span> <span class='ocrx_word' id='word_1_180' title='bbox 686 1771 843 1831; x_wconf 89' lang='lat' dir='ltr'><strong>erat,</strong></span> <span class='ocrx_word' id='word_1_181' title='bbox 885 1766 980 1836; x_wconf 88' lang='lat' dir='ltr'><strong>qui</strong></span> <span class='ocrx_word' id='word_1_182' title='bbox 1006 1767 1234 1822; x_wconf 83' lang='lat' dir='ltr'><strong>omnino</strong></span> <span class='ocrx_word' id='word_1_183' title='bbox 1282 1784 1394 1822; x_wconf 91' lang='lat' dir='ltr'><strong>non</strong></span> <span class='ocrx_word' id='word_1_184' title='bbox 1429 1769 1628 1826; x_wconf 82' lang='lat' dir='ltr'><strong>fuisset</strong></span> <span class='ocrx_word' id='word_1_185' title='bbox 1654 1810 1669 1836; x_wconf 85' lang='lat'><strong>,</strong></span> <span class='ocrx_word' id='word_1_186' title='bbox 1707 1772 1817 1827; x_wconf 89' lang='lat' dir='ltr'><strong>nisi</strong></span> <span class='ocrx_word' id='word_1_187' title='bbox 1843 1771 2030 1842; x_wconf 88' lang='lat' dir='ltr'><strong>ipsum</strong></span> 
     </span>
    </p>
   </div>
   <div class='ocr_carea' id='block_1_21' title="bbox 450 1857 929 1913">
    <p class='ocr_par' dir='ltr' id='par_1_21' title="bbox 450 1857 929 1913">
     <span class='ocr_line' id='line_1_21' title="bbox 450 1857 929 1913; baseline 0.002 -2"><span class='ocrx_word' id='word_1_188' title='bbox 450 1870 579 1913; x_wconf 83' lang='lat' dir='ltr'><strong>esse</strong></span> <span class='ocrx_word' id='word_1_189' title='bbox 611 1857 882 1913; x_wconf 88' lang='lat' dir='ltr'><strong>voluisset</strong></span> <span class='ocrx_word' id='word_1_190' title='bbox 906 1859 929 1912; x_wconf 77' lang='lat' dir='ltr'><strong>‘t</strong></span> 
     </span>
    </p>
   </div>
   <div class='ocr_carea' id='block_1_22' title="bbox 522 1948 2030 2024">
    <p class='ocr_par' dir='ltr' id='par_1_22' title="bbox 522 1948 2030 2024">
     <span class='ocr_line' id='line_1_22' title="bbox 522 1948 2030 2024; baseline 0.008 -26"><span class='ocrx_word' id='word_1_191' title='bbox 522 1948 1096 2007; x_wconf 73' lang='lat' dir='ltr'><strong>Vsas.l3.—-Uberem</strong></span> <span class='ocrx_word' id='word_1_192' title='bbox 1115 1968 1250 2010; x_wconf 84' lang='lat' dir='ltr'><strong>sane</strong></span> <span class='ocrx_word' id='word_1_193' title='bbox 1267 1969 1326 2009; x_wconf 90' lang='lat' dir='ltr'><strong>se</strong></span> <span class='ocrx_word' id='word_1_194' title='bbox 1348 1953 1787 2024; x_wconf 87' lang='lat' dir='ltr'><strong>suscipientibus</strong></span> <span class='ocrx_word' id='word_1_195' title='bbox 1816 1970 2030 2010; x_wconf 83' lang='lat' dir='ltr'><strong>merce-</strong></span> 
     </span>
    </p>
   </div>
   <div class='ocr_carea' id='block_1_23' title="bbox 453 2038 2030 2118">
    <p class='ocr_par' dir='ltr' id='par_1_23' title="bbox 453 2038 2030 2118">
     <span class='ocr_line' id='line_1_23' title="bbox 453 2038 2030 2118; baseline 0.006 -24"><span class='ocrx_word' id='word_1_196' title='bbox 453 2038 578 2096; x_wconf 89' lang='lat' dir='ltr'><strong>dem</strong></span> <span class='ocrx_word' id='word_1_197' title='bbox 607 2041 884 2097; x_wconf 84' lang='lat' dir='ltr'><strong>retribuit.</strong></span> <span class='ocrx_word' id='word_1_198' title='bbox 904 2043 1149 2100; x_wconf 92' lang='lat' dir='ltr'><strong>Primum</strong></span> <span class='ocrx_word' id='word_1_199' title='bbox 1177 2048 1452 2118; x_wconf 86' lang='lat' dir='ltr'><strong>siquidem</strong></span> <span class='ocrx_word' id='word_1_200' title='bbox 1490 2049 1901 2118; x_wconf 77' lang='lat' dir='ltr'><strong>maximumque</strong></span> <span class='ocrx_word' id='word_1_201' title='bbox 1932 2049 2030 2103; x_wconf 85' lang='lat' dir='ltr'><strong>bo-</strong></span> 
     </span>
    </p>
   </div>
   <div class='ocr_carea' id='block_1_24' title="bbox 452 2135 2031 2208">
    <p class='ocr_par' dir='ltr' id='par_1_24' title="bbox 452 2135 2031 2208">
     <span class='ocr_line' id='line_1_24' title="bbox 452 2135 2031 2208; baseline 0.004 -21"><span class='ocrx_word' id='word_1_202' title='bbox 452 2148 612 2198; x_wconf 90' lang='lat' dir='ltr'><strong>num,</strong></span> <span class='ocrx_word' id='word_1_203' title='bbox 644 2135 871 2192; x_wconf 85' lang='lat' dir='ltr'><strong>honoris</strong></span> <span class='ocrx_word' id='word_1_204' title='bbox 907 2138 1314 2207; x_wconf 87' lang='lat' dir='ltr'><strong>quodammodo</strong></span> <span class='ocrx_word' id='word_1_205' title='bbox 1356 2140 1443 2195; x_wconf 92' lang='lat' dir='ltr'><strong>sui</strong></span> <span class='ocrx_word' id='word_1_206' title='bbox 1490 2141 1603 2196; x_wconf 91' lang='lat' dir='ltr'><strong>illis</strong></span> <span class='ocrx_word' id='word_1_207' title='bbox 1663 2141 1896 2208; x_wconf 85' lang='lat' dir='ltr'><strong>largitus</strong></span> <span class='ocrx_word' id='word_1_208' title='bbox 1950 2150 2031 2195; x_wconf 88' lang='lat' dir='ltr'><strong>est</strong></span> 
     </span>
    </p>
   </div>
   <div class='ocr_carea' id='block_1_25' title="bbox 452 2229 2032 2304">
    <p class='ocr_par' dir='ltr' id='par_1_25' title="bbox 452 2229 2032 2304">
     <span class='ocr_line' id='line_1_25' title="bbox 452 2229 2032 2304; baseline 0.004 -23"><span class='ocrx_word' id='word_1_209' title='bbox 452 2229 846 2298; x_wconf 61' lang='lat' dir='ltr'><strong>aequalitatem,</strong></span> <span class='ocrx_word' id='word_1_210' title='bbox 869 2231 1036 2301; x_wconf 89' lang='lat' dir='ltr'><strong>paulo</strong></span> <span class='ocrx_word' id='word_1_211' title='bbox 1053 2232 1268 2288; x_wconf 85' lang='lat' dir='ltr'><strong>scilicet</strong></span> <span class='ocrx_word' id='word_1_212' title='bbox 1284 2248 1387 2288; x_wconf 85' lang='lat' dir='ltr'><strong>suo</strong></span> <span class='ocrx_word' id='word_1_213' title='bbox 1404 2234 1698 2298; x_wconf 90' lang='lat' dir='ltr'><strong>minorem,</strong></span> <span class='ocrx_word' id='word_1_214' title='bbox 1726 2234 1906 2304; x_wconf 87' lang='lat' dir='ltr'><strong>qualis</strong></span> <span class='ocrx_word' id='word_1_215' title='bbox 1927 2233 2032 2304; x_wconf 89' lang='lat' dir='ltr'><strong>ipsi</strong></span> 
     </span>
    </p>
   </div>
   <div class='ocr_carea' id='block_1_26' title="bbox 453 2319 2031 2394">
    <p class='ocr_par' dir='ltr' id='par_1_26' title="bbox 453 2319 2031 2394">
     <span class='ocr_line' id='line_1_26' title="bbox 453 2319 2031 2394; baseline 0.001 -20"><span class='ocrx_word' id='word_1_216' title='bbox 453 2333 688 2386; x_wconf 85' lang='lat' dir='ltr'><strong>capaces</strong></span> <span class='ocrx_word' id='word_1_217' title='bbox 703 2331 878 2386; x_wconf 90' lang='lat' dir='ltr'><strong>erant,</strong></span> <span class='ocrx_word' id='word_1_218' title='bbox 901 2319 1185 2378; x_wconf 83' lang='lat' dir='ltr'><strong>ﬁliationis</strong></span> <span class='ocrx_word' id='word_1_219' title='bbox 1210 2339 1306 2380; x_wconf 88' lang='lat' dir='ltr'><strong>eos</strong></span> <span class='ocrx_word' id='word_1_220' title='bbox 1329 2339 1562 2379; x_wconf 86' lang='lat' dir='ltr'><strong>munere</strong></span> <span class='ocrx_word' id='word_1_221' title='bbox 1589 2324 1846 2378; x_wconf 88' lang='lat' dir='ltr'><strong>donando</strong></span> <span class='ocrx_word' id='word_1_222' title='bbox 1878 2342 1892 2378; x_wconf 87' lang='lat'><strong>:</strong></span> <span class='ocrx_word' id='word_1_223' title='bbox 1924 2339 2031 2394; x_wconf 91' lang='lat' dir='ltr'><strong>qua</strong></span> 
     </span>
    </p>
   </div>
   <div class='ocr_carea' id='block_1_27' title="bbox 454 2410 2032 2488">
    <p class='ocr_par' dir='ltr' id='par_1_27' title="bbox 454 2410 2032 2488">
     <span class='ocr_line' id='line_1_27' title="bbox 454 2410 2032 2488; baseline 0.005 -25"><span class='ocrx_word' id='word_1_224' title='bbox 454 2410 630 2482; x_wconf 77' lang='lat' dir='ltr'><strong>gratia</strong></span> <span class='ocrx_word' id='word_1_225' title='bbox 684 2411 958 2479; x_wconf 80' lang='lat' dir='ltr'><strong>fruuntur,</strong></span> <span class='ocrx_word' id='word_1_226' title='bbox 1001 2429 1108 2470; x_wconf 88' lang='lat' dir='ltr'><strong>non</strong></span> <span class='ocrx_word' id='word_1_227' title='bbox 1153 2416 1456 2470; x_wconf 80' lang='lat' dir='ltr'><strong>secundum</strong></span> <span class='ocrx_word' id='word_1_228' title='bbox 1515 2415 1817 2471; x_wconf 89' lang='lat' dir='ltr'><strong>naturalem</strong></span> <span class='ocrx_word' id='word_1_229' title='bbox 1868 2431 2032 2488; x_wconf 85' lang='lat' dir='ltr'><strong>gene-</strong></span> 
     </span>
    </p>
   </div>
   <div class='ocr_carea' id='block_1_28' title="bbox 455 2501 2035 2575">
    <p class='ocr_par' dir='ltr' id='par_1_28' title="bbox 455 2501 2035 2575">
     <span class='ocr_line' id='line_1_28' title="bbox 455 2501 2035 2575; baseline 0.003 -20"><span class='ocrx_word' id='word_1_230' title='bbox 455 2501 692 2557; x_wconf 82' lang='lat' dir='ltr'><strong>rationis</strong></span> <span class='ocrx_word' id='word_1_231' title='bbox 754 2502 1005 2559; x_wconf 89' lang='lat' dir='ltr'><strong>ordinem</strong></span> <span class='ocrx_word' id='word_1_232' title='bbox 1079 2505 1450 2575; x_wconf 81' lang='lat' dir='ltr'><strong>corporaliter</strong></span> <span class='ocrx_word' id='word_1_233' title='bbox 1507 2504 1884 2570; x_wconf 88' lang='lat' dir='ltr'><strong>renascendo,</strong></span> <span class='ocrx_word' id='word_1_234' title='bbox 1935 2503 2035 2560; x_wconf 80' lang='lat' dir='ltr'><strong>sed</strong></span> 
     </span>
    </p>
   </div>
   <div class='ocr_carea' id='block_1_29' title="bbox 459 2593 2044 2668">
    <p class='ocr_par' dir='ltr' id='par_1_29' title="bbox 459 2593 2044 2668">
     <span class='ocr_line' id='line_1_29' title="bbox 459 2593 2044 2668; baseline 0.002 -19"><span class='ocrx_word' id='word_1_235' title='bbox 459 2593 648 2649; x_wconf 87' lang='lat' dir='ltr'><strong>divina</strong></span> <span class='ocrx_word' id='word_1_236' title='bbox 697 2594 946 2661; x_wconf 89' lang='lat' dir='ltr'><strong>virtute,</strong></span> <span class='ocrx_word' id='word_1_237' title='bbox 1003 2612 1100 2667; x_wconf 81' lang='lat' dir='ltr'><strong>per</strong></span> <span class='ocrx_word' id='word_1_238' title='bbox 1158 2597 1579 2653; x_wconf 87' lang='lat' dir='ltr'><strong>similitudinem</strong></span> <span class='ocrx_word' id='word_1_239' title='bbox 1624 2596 1919 2668; x_wconf 87' lang='lat' dir='ltr'><strong>quamdam</strong></span> <span class='ocrx_word' id='word_1_240' title='bbox 1977 2605 2044 2652; x_wconf 82' lang='lat' dir='ltr'><strong>et&#39;</strong></span> 
     </span>
    </p>
   </div>
   <div class='ocr_carea' id='block_1_30' title="bbox 455 2685 1500 2758">
    <p class='ocr_par' dir='ltr' id='par_1_30' title="bbox 455 2685 1500 2758">
     <span class='ocr_line' id='line_1_30' title="bbox 455 2685 1500 2758; baseline 0 -18"><span class='ocrx_word' id='word_1_241' title='bbox 455 2685 771 2741; x_wconf 82' lang='lat' dir='ltr'><strong>aﬂinitatem</strong></span> <span class='ocrx_word' id='word_1_242' title='bbox 802 2687 1169 2757; x_wconf 77' lang='lat' dir='ltr'><strong>spiritualiter</strong></span> <span class='ocrx_word' id='word_1_243' title='bbox 1205 2688 1500 2758; x_wconf 87' lang='lat' dir='ltr'><strong>procreati.</strong></span> 
     </span>
    </p>
   </div>
   <div class='ocr_carea' id='block_1_31' title="bbox 526 2777 2035 2850">
    <p class='ocr_par' dir='ltr' id='par_1_31' title="bbox 526 2777 2035 2850">
     <span class='ocr_line' id='line_1_31' title="bbox 526 2777 2035 2850; baseline -0.001 -18"><span class='ocrx_word' id='word_1_244' title='bbox 526 2777 740 2833; x_wconf 86' lang='lat' dir='ltr'><strong>Etenim</strong></span> <span class='ocrx_word' id='word_1_245' title='bbox 775 2778 939 2843; x_wconf 89' lang='lat' dir='ltr'><strong>Deus,</strong></span> <span class='ocrx_word' id='word_1_246' title='bbox 969 2780 1234 2835; x_wconf 88' lang='lat' dir='ltr'><strong>charitate</strong></span> <span class='ocrx_word' id='word_1_247' title='bbox 1269 2780 1463 2850; x_wconf 81' lang='lat' dir='ltr'><strong>plenus</strong></span> <span class='ocrx_word' id='word_1_248' title='bbox 1496 2794 1627 2850; x_wconf 79' lang='lat' dir='ltr'><strong>erga</strong></span> <span class='ocrx_word' id='word_1_249' title='bbox 1665 2780 1918 2834; x_wconf 83' lang='lat' dir='ltr'><strong>homines</strong></span> <span class='ocrx_word' id='word_1_250' title='bbox 1950 2784 2035 2830; x_wconf 90' lang='lat' dir='ltr'><strong>at-</strong></span> 
     </span>
    </p>
   </div>
   <div class='ocr_carea' id='block_1_32' title="bbox 455 2870 2036 2941">
    <p class='ocr_par' dir='ltr' id='par_1_32' title="bbox 455 2870 2036 2941">
     <span class='ocr_line' id='line_1_32' title="bbox 455 2870 2036 2941; baseline -0.004 -12"><span class='ocrx_word' id='word_1_251' title='bbox 455 2885 563 2941; x_wconf 83' lang='lat' dir='ltr'><strong>que</strong></span> <span class='ocrx_word' id='word_1_252' title='bbox 587 2870 885 2939; x_wconf 81' lang='lat' dir='ltr'><strong>beneﬁcus,</strong></span> <span class='ocrx_word' id='word_1_253' title='bbox 936 2887 1044 2926; x_wconf 92' lang='lat' dir='ltr'><strong>non</strong></span> <span class='ocrx_word' id='word_1_254' title='bbox 1083 2872 1158 2938; x_wconf 87' lang='lat' dir='ltr'><strong>vi,</strong></span> <span class='ocrx_word' id='word_1_255' title='bbox 1218 2887 1320 2928; x_wconf 88' lang='lat' dir='ltr'><strong>nec</strong></span> <span class='ocrx_word' id='word_1_256' title='bbox 1363 2873 1716 2936; x_wconf 81' lang='lat' dir='ltr'><strong>necessitate,</strong></span> <span class='ocrx_word' id='word_1_257' title='bbox 1777 2871 2036 2928; x_wconf 88' lang='lat' dir='ltr'><strong>suasione</strong></span> 
     </span>
    </p>
   </div>
   <div class='ocr_carea' id='block_1_33' title="bbox 455 2964 2031 3036">
    <p class='ocr_par' dir='ltr' id='par_1_33' title="bbox 455 2964 2031 3036">
     <span class='ocr_line' id='line_1_33' title="bbox 455 2964 2031 3036; baseline 0 -18"><span class='ocrx_word' id='word_1_258' title='bbox 455 2972 638 3019; x_wconf 82' lang='lat' dir='ltr'><strong>autem</strong></span> <span class='ocrx_word' id='word_1_259' title='bbox 696 2980 761 3019; x_wconf 88' lang='lat' dir='ltr'><strong>ac</strong></span> <span class='ocrx_word' id='word_1_260' title='bbox 805 2964 1199 3021; x_wconf 78' lang='lat' dir='ltr'><strong>benefaciendo</strong></span> <span class='ocrx_word' id='word_1_261' title='bbox 1241 2981 1444 3021; x_wconf 87' lang='lat' dir='ltr'><strong>omnes</strong></span> <span class='ocrx_word' id='word_1_262' title='bbox 1496 2965 1562 3020; x_wconf 90' lang='lat' dir='ltr'><strong>ad</strong></span> <span class='ocrx_word' id='word_1_263' title='bbox 1607 2966 1785 3036; x_wconf 86' lang='lat' dir='ltr'><strong>ipsum</strong></span> <span class='ocrx_word' id='word_1_264' title='bbox 1839 2966 2031 3018; x_wconf 81' lang='lat' dir='ltr'><strong>traxit.</strong></span> 
     </span>
    </p>
   </div>
   <div class='ocr_carea' id='block_1_34' title="bbox 457 3057 2035 3129">
    <p class='ocr_par' dir='ltr' id='par_1_34' title="bbox 457 3057 2035 3129">
     <span class='ocr_line' id='line_1_34' title="bbox 457 3057 2035 3129; baseline 0.002 -18"><span class='ocrx_word' id='word_1_265' title='bbox 457 3057 662 3128; x_wconf 85' lang='lat' dir='ltr'><strong>Itaque.</strong></span> <span class='ocrx_word' id='word_1_266' title='bbox 722 3072 844 3113; x_wconf 91' lang='lat' dir='ltr'><strong>cum</strong></span> <span class='ocrx_word' id='word_1_267' title='bbox 900 3059 1161 3123; x_wconf 77' lang='lat' dir='ltr'><strong>venisset,</strong></span> <span class='ocrx_word' id='word_1_268' title='bbox 1211 3059 1305 3114; x_wconf 87' lang='lat' dir='ltr'><strong>alii</strong></span> <span class='ocrx_word' id='word_1_269' title='bbox 1359 3075 1485 3114; x_wconf 89' lang='lat' dir='ltr'><strong>eum</strong></span> <span class='ocrx_word' id='word_1_270' title='bbox 1541 3065 1893 3129; x_wconf 71' lang='lat' dir='ltr'><strong>receperunt,</strong></span> <span class='ocrx_word' id='word_1_271' title='bbox 1942 3061 2035 3114; x_wconf 90' lang='lat' dir='ltr'><strong>alii</strong></span> 
     </span>
    </p>
   </div>
   <div class='ocr_carea' id='block_1_35' title="bbox 456 3147 2038 3223">
    <p class='ocr_par' dir='ltr' id='par_1_35' title="bbox 456 3147 2038 3223">
     <span class='ocr_line' id='line_1_35' title="bbox 456 3147 2038 3223; baseline 0.006 -23"><span class='ocrx_word' id='word_1_272' title='bbox 456 3162 590 3202; x_wconf 89' lang='lat' dir='ltr'><strong>vero</strong></span> <span class='ocrx_word' id='word_1_273' title='bbox 614 3163 745 3202; x_wconf 90' lang='lat' dir='ltr'><strong>non.</strong></span> <span class='ocrx_word' id='word_1_274' title='bbox 785 3147 1045 3205; x_wconf 90' lang='lat' dir='ltr'><strong>llomines</strong></span> <span class='ocrx_word' id='word_1_275' title='bbox 1074 3150 1224 3204; x_wconf 90' lang='lat' dir='ltr'><strong>enim</strong></span> <span class='ocrx_word' id='word_1_276' title='bbox 1253 3150 1498 3220; x_wconf 83' lang='lat' dir='ltr'><strong>quidem,</strong></span> <span class='ocrx_word' id='word_1_277' title='bbox 1535 3168 1661 3206; x_wconf 90' lang='lat' dir='ltr'><strong>cum</strong></span> <span class='ocrx_word' id='word_1_278' title='bbox 1694 3162 1920 3223; x_wconf 88' lang='lat' dir='ltr'><strong>propter</strong></span> <span class='ocrx_word' id='word_1_279' title='bbox 1945 3169 2038 3209; x_wconf 91' lang='lat' dir='ltr'><strong>nc-</strong></span> 
     </span>
    </p>
   </div>
   <div class='ocr_carea' id='block_1_36' title="bbox 457 3240 2026 3316">
    <p class='ocr_par' dir='ltr' id='par_1_36' title="bbox 457 3240 2026 3316">
     <span class='ocr_line' id='line_1_36' title="bbox 457 3240 2026 3316; baseline 0.004 -22"><span class='ocrx_word' id='word_1_280' title='bbox 457 3240 769 3296; x_wconf 89' lang='lat' dir='ltr'><strong>cessitatem</strong></span> <span class='ocrx_word' id='word_1_281' title='bbox 799 3242 994 3297; x_wconf 90' lang='lat' dir='ltr'><strong>domus</strong></span> <span class='ocrx_word' id='word_1_282' title='bbox 1027 3244 1390 3298; x_wconf 88' lang='lat' dir='ltr'><strong>ministerium</strong></span> <span class='ocrx_word' id='word_1_283' title='bbox 1423 3245 1739 3308; x_wconf 90' lang='lat' dir='ltr'><strong>instituunt,</strong></span> <span class='ocrx_word' id='word_1_284' title='bbox 1769 3247 1863 3316; x_wconf 89' lang='lat' dir='ltr'><strong>qui</strong></span> <span class='ocrx_word' id='word_1_285' title='bbox 1901 3263 2026 3302; x_wconf 84' lang='lat' dir='ltr'><strong>con-</strong></span> 
     </span>
    </p>
   </div>
   <div class='ocr_carea' id='block_1_37' title="bbox 459 3327 2037 3408">
    <p class='ocr_par' dir='ltr' id='par_1_37' title="bbox 459 3327 2037 3408">
     <span class='ocr_line' id='line_1_37' title="bbox 459 3327 2037 3408; baseline 0.005 -26"><span class='ocrx_word' id='word_1_286' title='bbox 459 3327 609 3382; x_wconf 90' lang='lat' dir='ltr'><strong>ducti</strong></span> <span class='ocrx_word' id='word_1_287' title='bbox 645 3339 771 3384; x_wconf 90' lang='lat' dir='ltr'><strong>sunt</strong></span> <span class='ocrx_word' id='word_1_288' title='bbox 796 3345 996 3400; x_wconf 83' lang='lat' dir='ltr'><strong>maguo</strong></span> <span class='ocrx_word' id='word_1_289' title='bbox 1041 3348 1269 3386; x_wconf 84' lang='lat' dir='ltr'><strong>numero</strong></span> <span class='ocrx_word' id='word_1_290' title='bbox 1315 3334 1432 3403; x_wconf 87' lang='lat' dir='ltr'><strong>lege</strong></span> <span class='ocrx_word' id='word_1_291' title='bbox 1479 3333 1682 3389; x_wconf 87' lang='lat' dir='ltr'><strong>domini</strong></span> <span class='ocrx_word' id='word_1_292' title='bbox 1720 3337 2037 3408; x_wconf 82' lang='lat' dir='ltr'><strong>astringun-</strong></span> 
     </span>
    </p>
   </div>
   <div class='ocr_carea' id='block_1_38' title="bbox 459 3418 2033 3498">
    <p class='ocr_par' dir='ltr' id='par_1_38' title="bbox 459 3418 2033 3498">
     <span class='ocr_line' id='line_1_38' title="bbox 459 3418 2033 3498; baseline 0.007 -25"><span class='ocrx_word' id='word_1_293' title='bbox 459 3427 570 3475; x_wconf 88' lang='lat' dir='ltr'><strong>tur.</strong></span> <span class='ocrx_word' id='word_1_294' title='bbox 602 3418 747 3476; x_wconf 89' lang='lat' dir='ltr'><strong>Deus</strong></span> <span class='ocrx_word' id='word_1_295' title='bbox 777 3432 958 3476; x_wconf 89' lang='lat' dir='ltr'><strong>autem</strong></span> <span class='ocrx_word' id='word_1_296' title='bbox 989 3437 1096 3476; x_wconf 90' lang='lat' dir='ltr'><strong>non</strong></span> <span class='ocrx_word' id='word_1_297' title='bbox 1127 3424 1378 3495; x_wconf 81' lang='lat' dir='ltr'><strong>indigens</strong></span> <span class='ocrx_word' id='word_1_298' title='bbox 1405 3426 1616 3495; x_wconf 90' lang='lat' dir='ltr'><strong>aliquo,</strong></span> <span class='ocrx_word' id='word_1_299' title='bbox 1656 3438 1877 3498; x_wconf 90' lang='lat' dir='ltr'><strong>propter</strong></span> <span class='ocrx_word' id='word_1_300' title='bbox 1933 3445 2033 3484; x_wconf 86' lang='lat' dir='ltr'><strong>no-</strong></span> 
     </span>
    </p>
   </div>
   <div class='ocr_carea' id='block_1_39' title="bbox 461 3514 2037 3588">
    <p class='ocr_par' dir='ltr' id='par_1_39' title="bbox 461 3514 2037 3588">
     <span class='ocr_line' id='line_1_39' title="bbox 461 3514 2037 3588; baseline 0.004 -21"><span class='ocrx_word' id='word_1_301' title='bbox 461 3523 632 3567; x_wconf 77' lang='lat' dir='ltr'><strong>etram</strong></span> <span class='ocrx_word' id='word_1_302' title='bbox 659 3514 891 3569; x_wconf 90' lang='lat' dir='ltr'><strong>salutem</strong></span> <span class='ocrx_word' id='word_1_303' title='bbox 922 3517 1258 3570; x_wconf 28' lang='lat' dir='ltr'><strong>verolomnia</strong></span> <span class='ocrx_word' id='word_1_304' title='bbox 1291 3530 1480 3586; x_wconf 86' lang='lat' dir='ltr'><strong>agens,</strong></span> <span class='ocrx_word' id='word_1_305' title='bbox 1513 3520 1675 3588; x_wconf 82' lang='lat' dir='ltr'><strong>hujus</strong></span> <span class='ocrx_word' id='word_1_306' title='bbox 1725 3537 1825 3576; x_wconf 91' lang='lat' dir='ltr'><strong>nos</strong></span> <span class='ocrx_word' id='word_1_307' title='bbox 1859 3521 2037 3576; x_wconf 88' lang='lat' dir='ltr'><strong>domi-</strong></span> 
     </span>
    </p>
   </div>
   <div class='ocr_carea' id='block_1_40' title="bbox 462 3603 2040 3680">
    <p class='ocr_par' dir='ltr' id='par_1_40' title="bbox 462 3603 2040 3680">
     <span class='ocr_line' id='line_1_40' title="bbox 462 3603 2040 3680; baseline 0.006 -23"><span class='ocrx_word' id='word_1_308' title='bbox 462 3619 567 3658; x_wconf 87' lang='lat' dir='ltr'><strong>nos</strong></span> <span class='ocrx_word' id='word_1_309' title='bbox 598 3603 748 3659; x_wconf 83' lang='lat' dir='ltr'><strong>facit.</strong></span> <span class='ocrx_word' id='word_1_310' title='bbox 778 3605 919 3671; x_wconf 77' lang='lat' dir='ltr'><strong>Quid</strong></span> <span class='ocrx_word' id='word_1_311' title='bbox 948 3622 1079 3677; x_wconf 87' lang='lat' dir='ltr'><strong>ergo</strong></span> <span class='ocrx_word' id='word_1_312' title='bbox 1109 3609 1359 3678; x_wconf 88' lang='lat' dir='ltr'><strong>castigat,</strong></span> <span class='ocrx_word' id='word_1_313' title='bbox 1387 3611 1584 3680; x_wconf 88' lang='lat' dir='ltr'><strong>inquit,</strong></span> <span class='ocrx_word' id='word_1_314' title='bbox 1635 3630 1742 3666; x_wconf 90' lang='lat' dir='ltr'><strong>non</strong></span> <span class='ocrx_word' id='word_1_315' title='bbox 1779 3614 2040 3669; x_wconf 87' lang='lat' dir='ltr'><strong>obedien-</strong></span> 
     </span>
    </p>
   </div>
   <div class='ocr_carea' id='block_1_41' title="bbox 2124 1126 3710 1198">
    <p class='ocr_par' dir='ltr' id='par_1_41' title="bbox 2124 1126 3710 1198">
     <span class='ocr_line' id='line_1_41' title="bbox 2124 1126 3710 1198; baseline 0.001 -19"><span class='ocrx_word' id='word_1_316' title='bbox 2124 1127 2375 1195; x_wconf 59' lang='grc' dir='ltr'>κόσμον,</span> <span class='ocrx_word' id='word_1_317' title='bbox 2401 1128 2526 1198; x_wconf 77' lang='grc' dir='ltr'>περὶ</span> <span class='ocrx_word' id='word_1_318' title='bbox 2551 1126 2643 1180; x_wconf 82' lang='grc' dir='ltr'>τοῦ</span> <span class='ocrx_word' id='word_1_319' title='bbox 2665 1127 2940 1180; x_wconf 86' lang='grc' dir='ltr'>Δεσπότου</span> <span class='ocrx_word' id='word_1_320' title='bbox 2967 1126 3203 1198; x_wconf 85' lang='grc' dir='ltr'><strong>Χριστοῦ</strong></span> <span class='ocrx_word' id='word_1_321' title='bbox 3229 1126 3411 1190; x_wconf 82' lang='grc' dir='ltr'>καλῶς</span> <span class='ocrx_word' id='word_1_322' title='bbox 3430 1127 3710 1197; x_wconf 71' lang='grc' dir='ltr'>ἐπήγαγεν</span> 
     </span>
    </p>
   </div>
   <div class='ocr_carea' id='block_1_42' title="bbox 2123 1218 3710 1290">
    <p class='ocr_par' dir='ltr' id='par_1_42' title="bbox 2123 1218 3710 1290">
     <span class='ocr_line' id='line_1_42' title="bbox 2123 1218 3710 1290; baseline -0.001 -16"><span class='ocrx_word' id='word_1_323' title='bbox 2123 1221 2201 1285; x_wconf 84' lang='grc' dir='ltr'><strong>τὸ,</strong></span> <span class='ocrx_word' id='word_1_324' title='bbox 2246 1220 2339 1274; x_wconf 84' lang='grc' dir='ltr'><strong>Ἐν</strong></span> <span class='ocrx_word' id='word_1_325' title='bbox 2362 1219 2442 1286; x_wconf 84' lang='grc' dir='ltr'><strong>τῷ</strong></span> <span class='ocrx_word' id='word_1_326' title='bbox 2471 1223 2675 1288; x_wconf 79' lang='grc' dir='ltr'>κόσμῳ</span> <span class='ocrx_word' id='word_1_327' title='bbox 2705 1218 2806 1290; x_wconf 80' lang='grc' dir='ltr'><strong>ἦν,</strong></span> <span class='ocrx_word' id='word_1_328' title='bbox 2839 1221 2979 1274; x_wconf 81' lang='grc' dir='ltr'>ὥστε</span> <span class='ocrx_word' id='word_1_329' title='bbox 3009 1221 3313 1287; x_wconf 79' lang='grc' dir='ltr'>δεῖξαι,,ὅτι</span> <span class='ocrx_word' id='word_1_330' title='bbox 3344 1220 3434 1284; x_wconf 73' lang='grc' dir='ltr'>τὸ,</span> <span class='ocrx_word' id='word_1_331' title='bbox 3471 1221 3710 1288; x_wconf 80' lang='grc' dir='ltr'>ἐρχόμε-</span> 
     </span>
    </p>
   </div>
   <div class='ocr_carea' id='block_1_43' title="bbox 2125 1307 3710 1382">
    <p class='ocr_par' dir='ltr' id='par_1_43' title="bbox 2125 1307 3710 1382">
     <span class='ocr_line' id='line_1_43' title="bbox 2125 1307 3710 1382; baseline -0.001 -17"><span class='ocrx_word' id='word_1_332' title='bbox 2125 1329 2258 1377; x_wconf 78' lang='grc' dir='ltr'>νον,</span> <span class='ocrx_word' id='word_1_333' title='bbox 2302 1312 2438 1382; x_wconf 80' lang='grc' dir='ltr'>πρὸς</span> <span class='ocrx_word' id='word_1_334' title='bbox 2465 1312 2563 1382; x_wconf 76' lang='grc' dir='ltr'><strong>τὴν</strong></span> <span class='ocrx_word' id='word_1_335' title='bbox 2591 1312 2676 1364; x_wconf 85' lang='grc' dir='ltr'><strong>διά</strong></span> <span class='ocrx_word' id='word_1_336' title='bbox 2711 1313 2909 1381; x_wconf 73' lang='grc' dir='ltr'>σαρκὸς</span> <span class='ocrx_word' id='word_1_337' title='bbox 2941 1307 3092 1365; x_wconf 79' lang='grc' dir='ltr'>εἶπεν</span> <span class='ocrx_word' id='word_1_338' title='bbox 3121 1314 3452 1382; x_wconf 81' lang='grc' dir='ltr'>φανέρωσιν.</span> <span class='ocrx_word' id='word_1_339' title='bbox 3491 1312 3571 1381; x_wconf 81' lang='grc' dir='ltr'><strong>Τῇ</strong></span> <span class='ocrx_word' id='word_1_340' title='bbox 3606 1311 3710 1382; x_wconf 68' lang='grc' dir='ltr'><strong>γὰρ</strong></span> 
     </span>
    </p>
   </div>
   <div class='ocr_carea' id='block_1_44' title="bbox 2133 1401 3713 1475">
    <p class='ocr_par' dir='ltr' id='par_1_44' title="bbox 2133 1401 3713 1475">
     <span class='ocr_line' id='line_1_44' title="bbox 2133 1401 3713 1475; baseline 0 -18"><span class='ocrx_word' id='word_1_341' title='bbox 2133 1404 2451 1466; x_wconf 83' lang='grc' dir='ltr'><strong>ὑποστάσει,</strong></span> <span class='ocrx_word' id='word_1_342' title='bbox 2486 1405 2640 1474; x_wconf 72' lang='grc' dir='ltr'>φησὶ,</span> <span class='ocrx_word' id='word_1_343' title='bbox 2668 1406 2761 1458; x_wconf 75' lang='grc' dir='ltr'><strong>καὶ</strong></span> <span class='ocrx_word' id='word_1_344' title='bbox 2794 1408 2859 1474; x_wconf 82' lang='grc' dir='ltr'>τῇ</span> <span class='ocrx_word' id='word_1_345' title='bbox 2895 1405 3054 1472; x_wconf 75' lang='grc' dir='ltr'>φύσει</span> <span class='ocrx_word' id='word_1_346' title='bbox 3083 1401 3153 1475; x_wconf 82' lang='grc' dir='ltr'>ἦν</span> <span class='ocrx_word' id='word_1_347' title='bbox 3185 1407 3242 1458; x_wconf 82' lang='grc' dir='ltr'>ἐν</span> <span class='ocrx_word' id='word_1_348' title='bbox 3267 1405 3347 1475; x_wconf 84' lang='grc' dir='ltr'>τῷ</span> <span class='ocrx_word' id='word_1_349' title='bbox 3380 1404 3598 1473; x_wconf 84' lang='grc' dir='ltr'>κόσμῳ,</span> <span class='ocrx_word' id='word_1_350' title='bbox 3623 1403 3713 1458; x_wconf 72' lang='grc' dir='ltr'><strong>καὶ</strong></span> 
     </span>
    </p>
   </div>
   <div class='ocr_carea' id='block_1_45' title="bbox 2127 1495 3712 1567">
    <p class='ocr_par' dir='ltr' id='par_1_45' title="bbox 2127 1495 3712 1567">
     <span class='ocr_line' id='line_1_45' title="bbox 2127 1495 3712 1567; baseline -0.001 -19"><span class='ocrx_word' id='word_1_351' title='bbox 2127 1497 2233 1567; x_wconf 82' lang='grc' dir='ltr'><strong>πρὸ</strong></span> <span class='ocrx_word' id='word_1_352' title='bbox 2277 1495 2487 1558; x_wconf 81' lang='grc' dir='ltr'>τούτου,</span> <span class='ocrx_word' id='word_1_353' title='bbox 2521 1497 2625 1549; x_wconf 79' lang='grc' dir='ltr'>καὶ·</span> <span class='ocrx_word' id='word_1_354' title='bbox 2651 1497 2725 1559; x_wconf 85' lang='grc' dir='ltr'>ὼς</span> <span class='ocrx_word' id='word_1_355' title='bbox 2767 1497 2862 1550; x_wconf 71' lang='grc' dir='ltr'><strong>καὶ</strong></span> <span class='ocrx_word' id='word_1_356' title='bbox 2890 1496 3082 1549; x_wconf 86' lang='grc' dir='ltr'>τούτου</span> <span class='ocrx_word' id='word_1_357' title='bbox 3126 1496 3323 1567; x_wconf 84' lang='grc' dir='ltr'>μικροῦ</span> <span class='ocrx_word' id='word_1_358' title='bbox 3374 1514 3522 1559; x_wconf 82' lang='grc' dir='ltr'>τινος</span> <span class='ocrx_word' id='word_1_359' title='bbox 3568 1497 3712 1558; x_wconf 65' lang='lat' dir='ltr'><strong>om;</strong></span> 
     </span>
    </p>
   </div>
   <div class='ocr_carea' id='block_1_46' title="bbox 2128 1585 3718 1658">
    <p class='ocr_par' dir='ltr' id='par_1_46' title="bbox 2128 1585 3718 1658">
     <span class='ocr_line' id='line_1_46' title="bbox 2128 1585 3718 1658; baseline -0.003 -17"><span class='ocrx_word' id='word_1_360' title='bbox 2128 1590 2408 1658; x_wconf 72' lang='grc' dir='ltr'>ἐπήγαγε·’</span> <span class='ocrx_word' id='word_1_361' title='bbox 2435 1586 2541 1640; x_wconf 73' lang='grc' dir='ltr'><strong>Καὶ</strong></span> <span class='ocrx_word' id='word_1_362' title='bbox 2564 1590 2597 1641; x_wconf 82' lang='grc' dir='ltr'><em>ὁ</em></span> <span class='ocrx_word' id='word_1_363' title='bbox 2617 1588 2843 1656; x_wconf 81' lang='grc' dir='ltr'>κόσμος</span> <span class='ocrx_word' id='word_1_364' title='bbox 2857 1585 2938 1654; x_wconf 15' lang='grc' dir='ltr'>,δι”</span> <span class='ocrx_word' id='word_1_365' title='bbox 2953 1586 3146 1640; x_wconf 83' lang='grc' dir='ltr'>αὐτοῦ</span> <span class='ocrx_word' id='word_1_366' title='bbox 3162 1587 3421 1656; x_wconf 80' lang='grc' dir='ltr'>ἐγένετο·</span> <span class='ocrx_word' id='word_1_367' title='bbox 3446 1585 3718 1650; x_wconf 82' lang='grc' dir='ltr'>τουτέστι,</span> 
     </span>
    </p>
   </div>
   <div class='ocr_carea' id='block_1_47' title="bbox 2127 1671 3715 1748">
    <p class='ocr_par' dir='ltr' id='par_1_47' title="bbox 2127 1671 3715 1748">
     <span class='ocr_line' id='line_1_47' title="bbox 2127 1671 3715 1748; baseline -0.005 -16"><span class='ocrx_word' id='word_1_368' title='bbox 2127 1680 2237 1732; x_wconf 74' lang='grc' dir='ltr'>Καὶ</span> <span class='ocrx_word' id='word_1_369' title='bbox 2260 1679 2310 1730; x_wconf 86' lang='grc' dir='ltr'><strong>τί</strong></span> <span class='ocrx_word' id='word_1_370' title='bbox 2340 1677 2669 1748; x_wconf 84' lang='grc' dir='ltr'>θαυμαστὸν,</span> <span class='ocrx_word' id='word_1_371' title='bbox 2702 1678 2750 1729; x_wconf 82' lang='grc' dir='ltr'><strong>εί</strong></span> <span class='ocrx_word' id='word_1_372' title='bbox 2779 1673 2846 1748; x_wconf 80' lang='grc' dir='ltr'>ἦν</span> <span class='ocrx_word' id='word_1_373' title='bbox 2876 1679 2937 1728; x_wconf 83' lang='grc' dir='ltr'><strong>ἐν</strong></span> <span class='ocrx_word' id='word_1_374' title='bbox 2968 1677 3047 1748; x_wconf 78' lang='grc' dir='ltr'><strong>τῷ</strong></span> <span class='ocrx_word' id='word_1_375' title='bbox 3075 1677 3285 1747; x_wconf 87' lang='grc' dir='ltr'>κόσμῳ,</span> <span class='ocrx_word' id='word_1_376' title='bbox 3313 1676 3373 1740; x_wconf 86' lang='grc' dir='ltr'><strong>ὃς</strong></span> <span class='ocrx_word' id='word_1_377' title='bbox 3399 1675 3504 1729; x_wconf 80' lang='grc' dir='ltr'><strong>οὐκ</strong></span> <span class='ocrx_word' id='word_1_378' title='bbox 3538 1675 3609 1728; x_wconf 78' lang='grc' dir='ltr'><strong>ἂν</strong></span> <span class='ocrx_word' id='word_1_379' title='bbox 3633 1671 3715 1746; x_wconf 72' lang='grc' dir='ltr'>ἦν,</span> 
     </span>
    </p>
   </div>
   <div class='ocr_carea' id='block_1_48' title="bbox 2129 1767 2864 1841">
    <p class='ocr_par' dir='ltr' id='par_1_48' title="bbox 2129 1767 2864 1841">
     <span class='ocr_line' id='line_1_48' title="bbox 2129 1767 2864 1841; baseline -0.001 -20"><span class='ocrx_word' id='word_1_380' title='bbox 2129 1771 2179 1822; x_wconf 85' lang='grc' dir='ltr'><strong>εί</strong></span> <span class='ocrx_word' id='word_1_381' title='bbox 2211 1769 2287 1841; x_wconf 84' lang='grc' dir='ltr'>μὴ</span> <span class='ocrx_word' id='word_1_382' title='bbox 2319 1769 2526 1831; x_wconf 83' lang='grc' dir='ltr'>ἐκεῖνος</span> <span class='ocrx_word' id='word_1_383' title='bbox 2554 1767 2821 1838; x_wconf 74' lang='grc' dir='ltr'>ἐϐουλήθη</span> <span class='ocrx_word' id='word_1_384' title='bbox 2850 1784 2864 1832; x_wconf 92' lang='lat'><strong>;</strong></span> 
     </span>
    </p>
   </div>
   <div class='ocr_carea' id='block_1_49' title="bbox 2204 1945 3724 2017">
    <p class='ocr_par' dir='ltr' id='par_1_49' title="bbox 2204 1945 3724 2017">
     <span class='ocr_line' id='line_1_49' title="bbox 2204 1945 3724 2017; baseline 0 -16"><span class='ocrx_word' id='word_1_385' title='bbox 2204 1947 2353 2017; x_wconf 84' lang='grc' dir='ltr'>Στίχ.</span> <span class='ocrx_word' id='word_1_386' title='bbox 2390 1953 2481 2015; x_wconf 85' lang='grc' dir='ltr'><strong>ιγέ</strong></span> <span class='ocrx_word' id='word_1_387' title='bbox 2515 1973 2583 1984; x_wconf 87' lang='grc'><strong>-·</strong></span> <span class='ocrx_word' id='word_1_388' title='bbox 2622 1945 2736 1998; x_wconf 73' lang='grc' dir='ltr'><strong>Οὐκ</strong></span> <span class='ocrx_word' id='word_1_389' title='bbox 2762 1946 2988 2016; x_wconf 65' lang='lat' dir='ltr'><strong>dxepS’s;</strong></span> <span class='ocrx_word' id='word_1_390' title='bbox 3023 1945 3098 2014; x_wconf 67' lang='lat'><strong>(5)</strong></span> <span class='ocrx_word' id='word_1_391' title='bbox 3139 1945 3469 2017; x_wconf 79' lang='grc' dir='ltr'>τὸ“πρᾶγμα</span> <span class='ocrx_word' id='word_1_392' title='bbox 3506 1948 3724 2014; x_wconf 68' lang='grc' dir='ltr'>ἐγένετο</span> 
     </span>
    </p>
   </div>
   <div class='ocr_carea' id='block_1_50' title="bbox 2130 2036 3717 2108">
    <p class='ocr_par' dir='ltr' id='par_1_50' title="bbox 2130 2036 3717 2108">
     <span class='ocr_line' id='line_1_50' title="bbox 2130 2036 3717 2108; baseline 0.001 -18"><span class='ocrx_word' id='word_1_393' title='bbox 2130 2043 2242 2102; x_wconf 82' lang='grc' dir='ltr'>τοῖς</span> <span class='ocrx_word' id='word_1_394' title='bbox 2275 2037 2588 2108; x_wconf 82' lang='grc' dir='ltr'>δεξαμένοις</span> <span class='ocrx_word' id='word_1_395' title='bbox 2620 2036 2805 2092; x_wconf 87' lang='grc' dir='ltr'>αὐτόν.</span> <span class='ocrx_word' id='word_1_396' title='bbox 2838 2037 2911 2088; x_wconf 78' lang='grc' dir='ltr'><strong>Τὸ</strong></span> <span class='ocrx_word' id='word_1_397' title='bbox 2939 2037 3046 2107; x_wconf 79' lang='grc' dir='ltr'>γὰρ</span> <span class='ocrx_word' id='word_1_398' title='bbox 3077 2036 3293 2108; x_wconf 84' lang='grc' dir='ltr'>πρῶτον</span> <span class='ocrx_word' id='word_1_399' title='bbox 3327 2038 3423 2090; x_wconf 79' lang='grc' dir='ltr'><strong>καὶ</strong></span> <span class='ocrx_word' id='word_1_400' title='bbox 3452 2037 3717 2107; x_wconf 74' lang='grc' dir='ltr'>’μέγιστον</span> 
     </span>
    </p>
   </div>
   <div class='ocr_carea' id='block_1_51' title="bbox 2131 2129 3716 2202">
    <p class='ocr_par' dir='ltr' id='par_1_51' title="bbox 2131 2129 3716 2202">
     <span class='ocr_line' id='line_1_51' title="bbox 2131 2129 3716 2202; baseline -0.001 -15"><span class='ocrx_word' id='word_1_401' title='bbox 2131 2130 2653 2202; x_wconf 77' lang='grc' dir='ltr'>ἀγαθὸν.ὲχαρεσατο</span> <span class='ocrx_word' id='word_1_402' title='bbox 2679 2131 2778 2201; x_wconf 77' lang='grc' dir='ltr'><strong>τὴν</strong></span> <span class='ocrx_word' id='word_1_403' title='bbox 2809 2131 2945 2202; x_wconf 79' lang='grc' dir='ltr'>πρὸς</span> <span class='ocrx_word' id='word_1_404' title='bbox 2976 2131 3166 2184; x_wconf 78' lang='grc' dir='ltr'>ἑαυτὸν</span> <span class='ocrx_word' id='word_1_405' title='bbox 3207 2129 3486 2201; x_wconf 77' lang='grc' dir='ltr'>ἰσοτιμίαν</span> <span class='ocrx_word' id='word_1_406' title='bbox 3524 2132 3716 2202; x_wconf 74' lang='grc' dir='ltr'>μικροῦ</span> 
     </span>
    </p>
   </div>
   <div class='ocr_carea' id='block_1_52' title="bbox 2132 2219 3716 2295">
    <p class='ocr_par' dir='ltr' id='par_1_52' title="bbox 2132 2219 3716 2295">
     <span class='ocr_line' id='line_1_52' title="bbox 2132 2219 3716 2295; baseline -0.001 -17"><span class='ocrx_word' id='word_1_407' title='bbox 2132 2225 2379 2287; x_wconf 82' lang='grc' dir='ltr'>δεδωκὼς</span> <span class='ocrx_word' id='word_1_408' title='bbox 2408 2226 2530 2278; x_wconf 79' lang='grc' dir='ltr'>καθ’</span> <span class='ocrx_word' id='word_1_409' title='bbox 2561 2224 2684 2276; x_wconf 81' lang='grc' dir='ltr'>ὅσον</span> <span class='ocrx_word' id='word_1_410' title='bbox 2711 2219 2778 2295; x_wconf 79' lang='grc' dir='ltr'>ἦν</span> <span class='ocrx_word' id='word_1_411' title='bbox 2811 2226 2867 2277; x_wconf 78' lang='grc' dir='ltr'><strong>ἐν</strong></span> <span class='ocrx_word' id='word_1_412' title='bbox 2897 2224 3116 2293; x_wconf 66' lang='grc' dir='ltr'>ἐξουσία</span> <span class='ocrx_word' id='word_1_413' title='bbox 3149 2223 3313 2294; x_wconf 74' lang='grc' dir='ltr'>ἔχειν,</span> <span class='ocrx_word' id='word_1_414' title='bbox 3342 2225 3445 2294; x_wconf 81' lang='grc' dir='ltr'>τῆς</span> <span class='ocrx_word' id='word_1_415' title='bbox 3476 2225 3716 2294; x_wconf 74' lang='grc' dir='ltr'>υίότητος</span> 
     </span>
    </p>
   </div>
   <div class='ocr_carea' id='block_1_53' title="bbox 2133 2309 3718 2388">
    <p class='ocr_par' dir='ltr' id='par_1_53' title="bbox 2133 2309 3718 2388">
     <span class='ocr_line' id='line_1_53' title="bbox 2133 2309 3718 2388; baseline 0 -19"><span class='ocrx_word' id='word_1_416' title='bbox 2133 2319 2230 2388; x_wconf 84' lang='grc' dir='ltr'>τὴν</span> <span class='ocrx_word' id='word_1_417' title='bbox 2260 2316 2557 2371; x_wconf 81' lang='grc' dir='ltr'>ἀπόλαυσιν</span> <span class='ocrx_word' id='word_1_418' title='bbox 2583 2317 2766 2378; x_wconf 82' lang='grc' dir='ltr'>αὐτοῖς</span> <span class='ocrx_word' id='word_1_419' title='bbox 2799 2316 3182 2385; x_wconf 84' lang='grc' dir='ltr'>χαρισάμενος,</span> <span class='ocrx_word' id='word_1_420' title='bbox 3207 2309 3274 2386; x_wconf 84' lang='grc' dir='ltr'>ἦς</span> <span class='ocrx_word' id='word_1_421' title='bbox 3304 2316 3596 2387; x_wconf 73' lang='grc' dir='ltr'>άπήλαυον</span> <span class='ocrx_word' id='word_1_422' title='bbox 3628 2317 3718 2384; x_wconf 69' lang='grc'>(4),</span> 
     </span>
    </p>
   </div>
   <div class='ocr_carea' id='block_1_54' title="bbox 2132 2407 3715 2482">
    <p class='ocr_par' dir='ltr' id='par_1_54' title="bbox 2132 2407 3715 2482">
     <span class='ocr_line' id='line_1_54' title="bbox 2132 2407 3715 2482; baseline 0.001 -19"><span class='ocrx_word' id='word_1_423' title='bbox 2132 2411 2192 2463; x_wconf 88' lang='grc' dir='ltr'><strong>οὐ</strong></span> <span class='ocrx_word' id='word_1_424' title='bbox 2225 2408 2367 2462; x_wconf 83' lang='grc' dir='ltr'>κατὰ</span> <span class='ocrx_word' id='word_1_425' title='bbox 2397 2409 2497 2480; x_wconf 86' lang='grc' dir='ltr'><strong>τὴν</strong></span> <span class='ocrx_word' id='word_1_426' title='bbox 2543 2408 2753 2462; x_wconf 82' lang='grc' dir='ltr'>οἰκείαν</span> <span class='ocrx_word' id='word_1_427' title='bbox 2790 2407 2951 2477; x_wconf 79' lang='grc' dir='ltr'>φύσιν</span> <span class='ocrx_word' id='word_1_428' title='bbox 2981 2409 3144 2462; x_wconf 86' lang='grc' dir='ltr'>πάλιν</span> <span class='ocrx_word' id='word_1_429' title='bbox 3189 2409 3410 2482; x_wconf 75' lang='grc' dir='ltr'><strong>διαδοχῇ</strong></span> <span class='ocrx_word' id='word_1_430' title='bbox 3469 2427 3582 2463; x_wconf 82' lang='grc' dir='ltr'>τινι</span> <span class='ocrx_word' id='word_1_431' title='bbox 3625 2427 3715 2464; x_wconf 85' lang='grc' dir='ltr'>σω-</span> 
     </span>
    </p>
   </div>
   <div class='ocr_carea' id='block_1_55' title="bbox 2137 2500 3717 2573">
    <p class='ocr_par' dir='ltr' id='par_1_55' title="bbox 2137 2500 3717 2573">
     <span class='ocr_line' id='line_1_55' title="bbox 2137 2500 3717 2573; baseline -0.001 -19"><span class='ocrx_word' id='word_1_432' title='bbox 2137 2500 2382 2573; x_wconf 83' lang='grc' dir='ltr'>ματικῶς</span> <span class='ocrx_word' id='word_1_433' title='bbox 2410 2501 2741 2570; x_wconf 72' lang='grc' dir='ltr'>τικτόμενοι,</span> <span class='ocrx_word' id='word_1_434' title='bbox 2780 2500 2915 2553; x_wconf 83' lang='grc' dir='ltr'>ἀλλὰ</span> <span class='ocrx_word' id='word_1_435' title='bbox 2948 2501 3069 2572; x_wconf 75' lang='grc' dir='ltr'>θείᾳ</span> <span class='ocrx_word' id='word_1_436' title='bbox 3099 2501 3329 2572; x_wconf 83' lang='grc' dir='ltr'>δυνάμει</span> <span class='ocrx_word' id='word_1_437' title='bbox 3353 2502 3448 2554; x_wconf 80' lang='grc' dir='ltr'>διὰ</span> <span class='ocrx_word' id='word_1_438' title='bbox 3468 2503 3572 2572; x_wconf 80' lang='grc' dir='ltr'>τῆς</span> <span class='ocrx_word' id='word_1_439' title='bbox 3592 2503 3717 2572; x_wconf 72' lang='grc' dir='ltr'>πρὸς</span> 
     </span>
    </p>
   </div>
   <div class='ocr_carea' id='block_1_56' title="bbox 2133 2594 3719 2665">
    <p class='ocr_par' dir='ltr' id='par_1_56' title="bbox 2133 2594 3719 2665">
     <span class='ocr_line' id='line_1_56' title="bbox 2133 2594 3719 2665; baseline -0.001 -16"><span class='ocrx_word' id='word_1_440' title='bbox 2133 2595 2297 2649; x_wconf 73' lang='grc' dir='ltr'>αὐτὸν</span> <span class='ocrx_word' id='word_1_441' title='bbox 2328 2594 2645 2665; x_wconf 86' lang='grc' dir='ltr'>ὁμοιότητός</span> <span class='ocrx_word' id='word_1_442' title='bbox 2676 2611 2737 2647; x_wconf 90' lang='grc' dir='ltr'><strong>τε</strong></span> <span class='ocrx_word' id='word_1_443' title='bbox 2771 2594 2880 2647; x_wconf 69' lang='grc' dir='ltr'>καῖ’</span> <span class='ocrx_word' id='word_1_444' title='bbox 2913 2595 3211 2663; x_wconf 78' lang='grc' dir='ltr'>συναφείας</span> <span class='ocrx_word' id='word_1_445' title='bbox 3251 2594 3352 2665; x_wconf 80' lang='grc' dir='ltr'><strong>τὴν</strong></span> <span class='ocrx_word' id='word_1_446' title='bbox 3387 2594 3616 2664; x_wconf 81' lang='grc' dir='ltr'>γένεσιν</span> <span class='ocrx_word' id='word_1_447' title='bbox 3644 2595 3719 2648; x_wconf 82' lang='grc' dir='ltr'>δε-</span> 
     </span>
    </p>
   </div>
   <div class='ocr_carea' id='block_1_57' title="bbox 2136 2689 2374 2760">
    <p class='ocr_par' dir='ltr' id='par_1_57' title="bbox 2136 2689 2374 2760">
     <span class='ocr_line' id='line_1_57' title="bbox 2136 2689 2374 2760; baseline 0.004 -21"><span class='ocrx_word' id='word_1_448' title='bbox 2136 2689 2195 2760; x_wconf 89' lang='grc' dir='ltr'>χό</span> <span class='ocrx_word' id='word_1_449' title='bbox 2202 2704 2374 2757; x_wconf 85' lang='grc' dir='ltr'>μενοι.</span> 
     </span>
    </p>
   </div>
   <div class='ocr_carea' id='block_1_58' title="bbox 2207 2777 3719 2852">
    <p class='ocr_par' dir='ltr' id='par_1_58' title="bbox 2207 2777 3719 2852">
     <span class='ocr_line' id='line_1_58' title="bbox 2207 2777 3719 2852; baseline -0.003 -17"><span class='ocrx_word' id='word_1_450' title='bbox 2207 2780 2284 2849; x_wconf 80' lang='lat'><strong>(5)</strong></span> <span class='ocrx_word' id='word_1_451' title='bbox 2313 2779 2710 2850; x_wconf 82' lang='grc' dir='ltr'>Φιλάνθρωπος·</span> <span class='ocrx_word' id='word_1_452' title='bbox 2739 2777 2850 2848; x_wconf 74' lang='grc' dir='ltr'><strong>γάρ</strong></span> <span class='ocrx_word' id='word_1_453' title='bbox 2901 2777 2976 2831; x_wconf 79' lang='grc' dir='ltr'>ὢν</span> <span class='ocrx_word' id='word_1_454' title='bbox 3033 2781 3060 2834; x_wconf 87' lang='grc' dir='ltr'><strong>ό</strong></span> <span class='ocrx_word' id='word_1_455' title='bbox 3109 2779 3242 2842; x_wconf 70' lang='grc' dir='ltr'>Θεὸς</span> <span class='ocrx_word' id='word_1_456' title='bbox 3293 2781 3390 2832; x_wconf 77' lang='grc' dir='ltr'><strong>καὶ</strong></span> <span class='ocrx_word' id='word_1_457' title='bbox 3446 2781 3719 2852; x_wconf 79' lang='grc' dir='ltr'>εὐεργετι-</span> 
     </span>
    </p>
   </div>
   <div class='ocr_carea' id='block_1_59' title="bbox 2136 2869 3718 2944">
    <p class='ocr_par' dir='ltr' id='par_1_59' title="bbox 2136 2869 3718 2944">
     <span class='ocr_line' id='line_1_59' title="bbox 2136 2869 3718 2944; baseline 0.001 -19"><span class='ocrx_word' id='word_1_458' title='bbox 2136 2871 2252 2936; x_wconf 72' lang='grc' dir='ltr'>κὸς,</span> <span class='ocrx_word' id='word_1_459' title='bbox 2287 2869 2381 2943; x_wconf 75' lang='grc' dir='ltr'><strong>βίᾳ</strong></span> <span class='ocrx_word' id='word_1_460' title='bbox 2407 2870 2504 2940; x_wconf 85' lang='grc' dir='ltr'><strong>μὲν</strong></span> <span class='ocrx_word' id='word_1_461' title='bbox 2531 2870 2662 2922; x_wconf 75' lang='grc' dir='ltr'>οὐδὲ·</span> <span class='ocrx_word' id='word_1_462' title='bbox 2688 2870 2899 2941; x_wconf 79' lang='grc' dir='ltr'>ἀνάγκῃ</span> <span class='ocrx_word' id='word_1_463' title='bbox 2924 2912 2938 2934; x_wconf 95' lang='grc'><strong>,</strong></span> <span class='ocrx_word' id='word_1_464' title='bbox 2973 2870 3154 2924; x_wconf 86' lang='grc' dir='ltr'>πειθοί</span> <span class='ocrx_word' id='word_1_465' title='bbox 3192 2872 3248 2924; x_wconf 83' lang='grc' dir='ltr'>δὲ</span> <span class='ocrx_word' id='word_1_466' title='bbox 3297 2874 3393 2925; x_wconf 80' lang='grc' dir='ltr'>καὶ</span> <span class='ocrx_word' id='word_1_467' title='bbox 3426 2873 3507 2944; x_wconf 84' lang='grc' dir='ltr'><strong>τῷ</strong></span> <span class='ocrx_word' id='word_1_468' title='bbox 3553 2876 3718 2926; x_wconf 83' lang='grc' dir='ltr'>ποιεῖν</span> 
     </span>
    </p>
   </div>
   <div class='ocr_carea' id='block_1_60' title="bbox 2135 2959 3718 3034">
    <p class='ocr_par' dir='ltr' id='par_1_60' title="bbox 2135 2959 3718 3034">
     <span class='ocr_line' id='line_1_60' title="bbox 2135 2959 3718 3034; baseline 0 -18"><span class='ocrx_word' id='word_1_469' title='bbox 2135 2959 2194 3016; x_wconf 79' lang='grc' dir='ltr'>εὖ</span> <span class='ocrx_word' id='word_1_470' title='bbox 2244 2963 2370 3025; x_wconf 80' lang='grc' dir='ltr'>τοὺς</span> <span class='ocrx_word' id='word_1_471' title='bbox 2413 2961 2767 3032; x_wconf 79' lang='grc' dir='ltr'>βουλομένους</span> <span class='ocrx_word' id='word_1_472' title='bbox 2805 2963 3052 3026; x_wconf 78' lang='grc' dir='ltr'>ἅπαντας</span> <span class='ocrx_word' id='word_1_473' title='bbox 3105 2963 3252 3016; x_wconf 79' lang='grc' dir='ltr'>ἕλκει</span> <span class='ocrx_word' id='word_1_474' title='bbox 3305 2965 3444 3034; x_wconf 77' lang='grc' dir='ltr'>πρὸς</span> <span class='ocrx_word' id='word_1_475' title='bbox 3483 2964 3675 3018; x_wconf 80' lang='grc' dir='ltr'>ἑαυτόν</span> <span class='ocrx_word' id='word_1_476' title='bbox 3704 2983 3718 2995; x_wconf 78' lang='grc' dir='ltr'><strong>ο</strong></span> 
     </span>
    </p>
   </div>
   <div class='ocr_carea' id='block_1_61' title="bbox 2138 3053 3723 3124">
    <p class='ocr_par' dir='ltr' id='par_1_61' title="bbox 2138 3053 3723 3124">
     <span class='ocr_line' id='line_1_61' title="bbox 2138 3053 3723 3124; baseline 0 -16"><span class='ocrx_word' id='word_1_477' title='bbox 2138 3056 2230 3109; x_wconf 79' lang='grc' dir='ltr'><strong>καὶ</strong></span> <span class='ocrx_word' id='word_1_478' title='bbox 2262 3055 2349 3108; x_wconf 82' lang='grc' dir='ltr'>διὰ</span> <span class='ocrx_word' id='word_1_479' title='bbox 2371 3054 2528 3107; x_wconf 80' lang='grc' dir='ltr'>τοῦτο</span> <span class='ocrx_word' id='word_1_480' title='bbox 2559 3053 2780 3107; x_wconf 79' lang='grc' dir='ltr'>ἐλθόντα</span> <span class='ocrx_word' id='word_1_481' title='bbox 2803 3053 2963 3107; x_wconf 68' lang='grc' dir='ltr'>αὐτὸν</span> <span class='ocrx_word' id='word_1_482' title='bbox 2992 3057 3038 3107; x_wconf 85' lang='grc' dir='ltr'><strong>οἱ</strong></span> <span class='ocrx_word' id='word_1_483' title='bbox 3076 3055 3172 3124; x_wconf 81' lang='grc' dir='ltr'><strong>μὲν</strong></span> <span class='ocrx_word' id='word_1_484' title='bbox 3199 3056 3413 3119; x_wconf 79' lang='grc' dir='ltr'>ἔλαὸον,</span> <span class='ocrx_word' id='word_1_485' title='bbox 3445 3057 3494 3109; x_wconf 85' lang='grc' dir='ltr'>οἱ</span> <span class='ocrx_word' id='word_1_486' title='bbox 3539 3057 3596 3110; x_wconf 79' lang='grc' dir='ltr'>δὲ</span> <span class='ocrx_word' id='word_1_487' title='bbox 3630 3058 3723 3109; x_wconf 61' lang='grc' dir='ltr'>οὐκ</span> 
     </span>
    </p>
   </div>
   <div class='ocr_carea' id='block_1_62' title="bbox 2116 3145 3721 3224">
    <p class='ocr_par' dir='ltr' id='par_1_62' title="bbox 2116 3145 3721 3224">
     <span class='ocr_line' id='line_1_62' title="bbox 2116 3145 3721 3224; baseline -0.001 -24"><span class='ocrx_word' id='word_1_488' title='bbox 2116 3145 2725 3224; x_wconf 66' lang='grc' dir='ltr'><strong>¹ἐδέξαντο.Ἄνθρωποι</strong></span> <span class='ocrx_word' id='word_1_489' title='bbox 2755 3145 2854 3215; x_wconf 76' lang='grc' dir='ltr'>μὲν</span> <span class='ocrx_word' id='word_1_490' title='bbox 2884 3145 3015 3216; x_wconf 82' lang='grc' dir='ltr'>γὰρ,</span> <span class='ocrx_word' id='word_1_491' title='bbox 3038 3147 3132 3199; x_wconf 66' lang='lat' dir='ltr'><strong>{ire</strong></span> <span class='ocrx_word' id='word_1_492' title='bbox 3163 3148 3222 3200; x_wconf 85' lang='grc' dir='ltr'>ἐν</span> <span class='ocrx_word' id='word_1_493' title='bbox 3257 3147 3418 3219; x_wconf 78' lang='grc' dir='ltr'>χρείᾳ</span> <span class='ocrx_word' id='word_1_494' title='bbox 3449 3148 3721 3201; x_wconf 74' lang='grc' dir='ltr'>καθεστῶο</span> 
     </span>
    </p>
   </div>
   <div class='ocr_carea' id='block_1_63' title="bbox 2137 3237 3723 3311">
    <p class='ocr_par' dir='ltr' id='par_1_63' title="bbox 2137 3237 3723 3311">
     <span class='ocr_line' id='line_1_63' title="bbox 2137 3237 3723 3311; baseline -0.001 -19"><span class='ocrx_word' id='word_1_495' title='bbox 2137 3257 2227 3301; x_wconf 82' lang='grc' dir='ltr'><strong>τες</strong></span> <span class='ocrx_word' id='word_1_496' title='bbox 2264 3239 2362 3311; x_wconf 84' lang='grc' dir='ltr'>τῆς</span> <span class='ocrx_word' id='word_1_497' title='bbox 2407 3238 2513 3291; x_wconf 81' lang='grc' dir='ltr'>τῶν</span> <span class='ocrx_word' id='word_1_498' title='bbox 2568 3237 2794 3291; x_wconf 86' lang='grc' dir='ltr'>οίκετῶν</span> <span class='ocrx_word' id='word_1_499' title='bbox 2847 3237 3153 3304; x_wconf 79' lang='grc' dir='ltr'>διακονίας,</span> <span class='ocrx_word' id='word_1_500' title='bbox 3204 3239 3299 3292; x_wconf 77' lang='grc' dir='ltr'><strong>καὶ</strong></span> <span class='ocrx_word' id='word_1_501' title='bbox 3365 3239 3723 3310; x_wconf 74' lang='grc' dir='ltr'>βουλομένους</span> 
     </span>
    </p>
   </div>
   <div class='ocr_carea' id='block_1_64' title="bbox 2139 3329 3720 3401">
    <p class='ocr_par' dir='ltr' id='par_1_64' title="bbox 2139 3329 3720 3401">
     <span class='ocr_line' id='line_1_64' title="bbox 2139 3329 3720 3401; baseline -0.001 -17"><span class='ocrx_word' id='word_1_502' title='bbox 2139 3331 2368 3393; x_wconf 81' lang='grc' dir='ltr'>πολλοὺς</span> <span class='ocrx_word' id='word_1_503' title='bbox 2398 3329 2476 3400; x_wconf 85' lang='grc' dir='ltr'>τῷ</span> <span class='ocrx_word' id='word_1_504' title='bbox 2522 3330 2618 3400; x_wconf 81' lang='grc' dir='ltr'>τῆς</span> <span class='ocrx_word' id='word_1_505' title='bbox 2656 3329 2972 3392; x_wconf 80' lang='grc' dir='ltr'>δεσποτείας</span> <span class='ocrx_word' id='word_1_506' title='bbox 3020 3330 3310 3401; x_wconf 75' lang='grc' dir='ltr'>κατέχουσι</span> <span class='ocrx_word' id='word_1_507' title='bbox 3356 3331 3509 3401; x_wconf 85' lang='grc' dir='ltr'>νόμῳ</span> <span class='ocrx_word' id='word_1_508' title='bbox 3537 3347 3551 3361; x_wconf 78' lang='grc'><em>’</em></span> <span class='ocrx_word' id='word_1_509' title='bbox 3592 3333 3621 3384; x_wconf 84' lang='grc' dir='ltr'><strong>ό</strong></span> <span class='ocrx_word' id='word_1_510' title='bbox 3669 3331 3720 3383; x_wconf 69' lang='grc' dir='ltr'>δὲ</span> 
     </span>
    </p>
   </div>
   <div class='ocr_carea' id='block_1_65' title="bbox 2139 3419 3724 3500">
    <p class='ocr_par' dir='ltr' id='par_1_65' title="bbox 2139 3419 3724 3500">
     <span class='ocr_line' id='line_1_65' title="bbox 2139 3419 3724 3500; baseline -0.001 -22"><span class='ocrx_word' id='word_1_511' title='bbox 2139 3423 2273 3486; x_wconf 80' lang='grc' dir='ltr'>Θεὸς</span> <span class='ocrx_word' id='word_1_512' title='bbox 2297 3422 2549 3493; x_wconf 76' lang='grc' dir='ltr'>ἀνενδεὴς</span> <span class='ocrx_word' id='word_1_513' title='bbox 2577 3419 2654 3473; x_wconf 77' lang='grc' dir='ltr'>ὢν</span> <span class='ocrx_word' id='word_1_514' title='bbox 2673 3461 2687 3484; x_wconf 94' lang='grc'><strong>,</strong></span> <span class='ocrx_word' id='word_1_515' title='bbox 2714 3423 2814 3492; x_wconf 80' lang='grc' dir='ltr'>τῆς</span> <span class='ocrx_word' id='word_1_516' title='bbox 2843 3421 2900 3473; x_wconf 84' lang='grc' dir='ltr'><strong>δὲ</strong></span> <span class='ocrx_word' id='word_1_517' title='bbox 2924 3423 3199 3494; x_wconf 86' lang='grc' dir='ltr'>ἡμετέρας</span> <span class='ocrx_word' id='word_1_518' title='bbox 3239 3423 3426 3476; x_wconf 73' lang='grc' dir='ltr'>ἕνεκεν</span> <span class='ocrx_word' id='word_1_519' title='bbox 3454 3424 3724 3500; x_wconf 64' lang='grc' dir='ltr'>σωςςῃρίας</span> 
     </span>
    </p>
   </div>
   <div class='ocr_carea' id='block_1_66' title="bbox 2145 3511 3723 3584">
    <p class='ocr_par' dir='ltr' id='par_1_66' title="bbox 2145 3511 3723 3584">
     <span class='ocr_line' id='line_1_66' title="bbox 2145 3511 3723 3584; baseline -0.001 -18"><span class='ocrx_word' id='word_1_520' title='bbox 2145 3514 2303 3584; x_wconf 76' lang='grc' dir='ltr'>μόνον</span> <span class='ocrx_word' id='word_1_521' title='bbox 2339 3514 2552 3566; x_wconf 76' lang='grc' dir='ltr'>ἅπαντα</span> <span class='ocrx_word' id='word_1_522' title='bbox 2589 3511 2878 3581; x_wconf 80' lang='grc' dir='ltr'>πράττων,</span> <span class='ocrx_word' id='word_1_523' title='bbox 2924 3513 3072 3582; x_wconf 79' lang='grc' dir='ltr'>ἡμᾶς</span> <span class='ocrx_word' id='word_1_524' title='bbox 3117 3513 3318 3575; x_wconf 77' lang='grc' dir='ltr'>αὐτοὺς</span> <span class='ocrx_word' id='word_1_525' title='bbox 3353 3517 3501 3566; x_wconf 80' lang='grc' dir='ltr'>ποιεῖ</span> <span class='ocrx_word' id='word_1_526' title='bbox 3539 3513 3723 3566; x_wconf 73' lang='grc' dir='ltr'>τούτου</span> 
     </span>
    </p>
   </div>
   <div class='ocr_carea' id='block_1_67' title="bbox 2141 3586 3725 3674">
    <p class='ocr_par' dir='ltr' id='par_1_67' title="bbox 2141 3586 3725 3674">
     <span class='ocr_line' id='line_1_67' title="bbox 2141 3586 3725 3674; baseline -0.001 -18"><span class='ocrx_word' id='word_1_527' title='bbox 2141 3586 2386 3674; x_wconf 67' lang='grc' dir='ltr'>κυρίους.</span> <span class='ocrx_word' id='word_1_528' title='bbox 2419 3589 2506 3653; x_wconf 61' lang='grc' dir='ltr'><strong>’Τί</strong></span> <span class='ocrx_word' id='word_1_529' title='bbox 2539 3589 2633 3655; x_wconf 74' lang='grc' dir='ltr'><strong>οὖν</strong></span> <span class='ocrx_word' id='word_1_530' title='bbox 2675 3600 2928 3665; x_wconf 84' lang='grc' dir='ltr'>κολάζει,</span> <span class='ocrx_word' id='word_1_531' title='bbox 2978 3603 3111 3672; x_wconf 76' lang='grc' dir='ltr'>φησὶ</span> <span class='ocrx_word' id='word_1_532' title='bbox 3135 3644 3150 3666; x_wconf 89' lang='grc'><strong>,</strong></span> <span class='ocrx_word' id='word_1_533' title='bbox 3189 3603 3319 3665; x_wconf 77' lang='grc' dir='ltr'>τοὺς</span> <span class='ocrx_word' id='word_1_534' title='bbox 3364 3603 3467 3656; x_wconf 78' lang='grc' dir='ltr'><strong>οὐκ</strong></span> <span class='ocrx_word' id='word_1_535' title='bbox 3506 3605 3725 3674; x_wconf 76' lang='grc' dir='ltr'>ἔχοντας</span> 
     </span>
    </p>
   </div>
   <div class='ocr_carea' id='block_1_68' title="bbox 463 3692 2036 3779">
    <p class='ocr_par' dir='ltr' id='par_1_68' title="bbox 463 3697 2036 3764">
     <span class='ocr_line' id='line_1_68' title="bbox 463 3697 2036 3764; baseline 0.007 -14"><span class='ocrx_word' id='word_1_536' title='bbox 463 3704 546 3752; x_wconf 88' lang='lat' dir='ltr'><strong>tes</strong></span> <span class='ocrx_word' id='word_1_537' title='bbox 573 3697 718 3752; x_wconf 89' lang='lat' dir='ltr'><strong>sibi?</strong></span> <span class='ocrx_word' id='word_1_538' title='bbox 741 3697 879 3764; x_wconf 84' lang='lat' dir='ltr'><strong>Quia</strong></span> <span class='ocrx_word' id='word_1_539' title='bbox 906 3701 1070 3754; x_wconf 86' lang='lat' dir='ltr'><strong>etiam</strong></span> <span class='ocrx_word' id='word_1_540' title='bbox 1104 3701 1484 3758; x_wconf 89' lang='lat' dir='ltr'><strong>inobedientes</strong></span> <span class='ocrx_word' id='word_1_541' title='bbox 1513 3720 1612 3759; x_wconf 89' lang='lat' dir='ltr'><strong>nos</strong></span> <span class='ocrx_word' id='word_1_542' title='bbox 1659 3721 1807 3760; x_wconf 78' lang='lat' dir='ltr'><strong>cura:</strong></span> <span class='ocrx_word' id='word_1_543' title='bbox 1853 3707 2036 3762; x_wconf 90' lang='lat' dir='ltr'><strong>habet.</strong></span> 
     </span>
    </p>
   </div>
   <div class='ocr_carea' id='block_1_69' title="bbox 2146 3692 3728 3779">
    <p class='ocr_par' dir='ltr' id='par_1_69' title="bbox 2146 3692 3728 3766">
     <span class='ocr_line' id='line_1_69' title="bbox 2146 3692 3728 3766; baseline -0.002 -18"><span class='ocrx_word' id='word_1_544' title='bbox 2146 3693 2440 3750; x_wconf 82' lang='grc' dir='ltr'>ὑπακούειν</span> <span class='ocrx_word' id='word_1_545' title='bbox 2470 3693 2646 3764; x_wconf 55' lang='lat' dir='ltr'><strong>adtigi;</strong></span> <span class='ocrx_word' id='word_1_546' title='bbox 2674 3692 2796 3746; x_wconf 88' lang='grc' dir='ltr'>Ὅτι</span> <span class='ocrx_word' id='word_1_547' title='bbox 2830 3693 2926 3746; x_wconf 75' lang='grc' dir='ltr'>καὶ</span> <span class='ocrx_word' id='word_1_548' title='bbox 2956 3695 3029 3765; x_wconf 81' lang='grc' dir='ltr'>μὴ</span> <span class='ocrx_word' id='word_1_549' title='bbox 3059 3695 3394 3764; x_wconf 77' lang='grc' dir='ltr'>πειθομένων</span> <span class='ocrx_word' id='word_1_550' title='bbox 3427 3696 3591 3766; x_wconf 78' lang='grc' dir='ltr'>ἡμῶν</span> <span class='ocrx_word' id='word_1_551' title='bbox 3617 3695 3728 3748; x_wconf 78' lang='grc' dir='ltr'>λίαν</span> 
     </span>
    </p>
   </div>
   <div class='ocr_carea' id='block_1_70' title="bbox 367 3787 2039 3867">
    <p class='ocr_par' dir='ltr' id='par_1_70' title="bbox 367 3787 2039 3867">
     <span class='ocr_line' id='line_1_70' title="bbox 367 3787 2039 3867; baseline 0.007 -27"><span class='ocrx_word' id='word_1_552' title='bbox 367 3792 370 3796; x_wconf 88' lang='grc'><strong>’</strong></span> <span class='ocrx_word' id='word_1_553' title='bbox 463 3787 614 3842; x_wconf 86' lang='lat' dir='ltr'><strong>Adeo</strong></span> <span class='ocrx_word' id='word_1_554' title='bbox 661 3789 838 3846; x_wconf 91' lang='lat' dir='ltr'><strong>bonus</strong></span> <span class='ocrx_word' id='word_1_555' title='bbox 891 3798 1000 3858; x_wconf 88' lang='lat' dir='ltr'><strong>est,</strong></span> <span class='ocrx_word' id='word_1_556' title='bbox 1038 3799 1098 3846; x_wconf 91' lang='lat' dir='ltr'><strong>ut</strong></span> <span class='ocrx_word' id='word_1_557' title='bbox 1129 3808 1226 3846; x_wconf 90' lang='lat' dir='ltr'><strong>nos</strong></span> <span class='ocrx_word' id='word_1_558' title='bbox 1260 3792 1626 3857; x_wconf 86' lang='lat' dir='ltr'><strong>discedentes,</strong></span> <span class='ocrx_word' id='word_1_559' title='bbox 1679 3804 1772 3850; x_wconf 88' lang='lat' dir='ltr'><strong>aut</strong></span> <span class='ocrx_word' id='word_1_560' title='bbox 1826 3795 2039 3867; x_wconf 85' lang='lat' dir='ltr'><strong>fugien-</strong></span> 
     </span>
    </p>
   </div>
   <div class='ocr_carea' id='block_1_71' title="bbox 463 3881 2037 3956">
    <p class='ocr_par' dir='ltr' id='par_1_71' title="bbox 463 3881 2037 3956">
     <span class='ocr_line' id='line_1_71' title="bbox 463 3881 2037 3956; baseline 0.008 -23"><span class='ocrx_word' id='word_1_561' title='bbox 463 3889 547 3936; x_wconf 88' lang='lat' dir='ltr'><strong>tes</strong></span> <span class='ocrx_word' id='word_1_562' title='bbox 582 3896 691 3935; x_wconf 93' lang='lat' dir='ltr'><strong>non</strong></span> <span class='ocrx_word' id='word_1_563' title='bbox 723 3881 977 3951; x_wconf 81' lang='lat' dir='ltr'><strong>deserat;</strong></span> <span class='ocrx_word' id='word_1_564' title='bbox 1021 3884 1118 3939; x_wconf 90' lang='lat' dir='ltr'><strong>sed</strong></span> <span class='ocrx_word' id='word_1_565' title='bbox 1171 3901 1294 3940; x_wconf 90' lang='lat' dir='ltr'><strong>cum</strong></span> <span class='ocrx_word' id='word_1_566' title='bbox 1348 3886 1580 3956; x_wconf 87' lang='lat' dir='ltr'><strong>primam</strong></span> <span class='ocrx_word' id='word_1_567' title='bbox 1642 3889 1864 3944; x_wconf 80' lang='lat' dir='ltr'><strong>virtutis</strong></span> <span class='ocrx_word' id='word_1_568' title='bbox 1894 3891 2037 3945; x_wconf 88' lang='lat' dir='ltr'><strong>viam</strong></span> 
     </span>
    </p>
   </div>
   <div class='ocr_carea' id='block_1_72' title="bbox 462 3973 2039 4050">
    <p class='ocr_par' dir='ltr' id='par_1_72' title="bbox 462 3973 2039 4050">
     <span class='ocr_line' id='line_1_72' title="bbox 462 3973 2039 4050; baseline 0.006 -23"><span class='ocrx_word' id='word_1_569' title='bbox 462 3973 924 4044; x_wconf 87' lang='lat' dir='ltr'><strong>derelinquimus,</strong></span> <span class='ocrx_word' id='word_1_570' title='bbox 975 3977 1119 4032; x_wconf 87' lang='lat' dir='ltr'><strong>viam</strong></span> <span class='ocrx_word' id='word_1_571' title='bbox 1175 3978 1496 4034; x_wconf 67' lang='lat' dir='ltr'><strong>obedientiae</strong></span> <span class='ocrx_word' id='word_1_572' title='bbox 1533 3996 1597 4033; x_wconf 87' lang='lat' dir='ltr'><strong>ac</strong></span> <span class='ocrx_word' id='word_1_573' title='bbox 1652 3983 2039 4050; x_wconf 88' lang='lat' dir='ltr'><strong>prosperitatis</strong></span> 
     </span>
    </p>
   </div>
   <div class='ocr_carea' id='block_1_73' title="bbox 462 4066 2041 4146">
    <p class='ocr_par' dir='ltr' id='par_1_73' title="bbox 462 4066 2041 4146">
     <span class='ocr_line' id='line_1_73' title="bbox 462 4066 2041 4146; baseline 0.008 -27"><span class='ocrx_word' id='word_1_574' title='bbox 462 4066 626 4120; x_wconf 88' lang='lat' dir='ltr'><strong>aliam</strong></span> <span class='ocrx_word' id='word_1_575' title='bbox 656 4067 816 4124; x_wconf 90' lang='lat' dir='ltr'><strong>nobis</strong></span> <span class='ocrx_word' id='word_1_576' title='bbox 861 4070 1110 4140; x_wconf 90' lang='lat' dir='ltr'><strong>imponit,</strong></span> <span class='ocrx_word' id='word_1_577' title='bbox 1161 4072 1302 4127; x_wconf 88' lang='lat' dir='ltr'><strong>viam</strong></span> <span class='ocrx_word' id='word_1_578' title='bbox 1336 4073 1719 4144; x_wconf 83' lang='lat' dir='ltr'><strong>castigationis</strong></span> <span class='ocrx_word' id='word_1_579' title='bbox 1754 4084 1918 4146; x_wconf 90' lang='lat' dir='ltr'><strong>atque</strong></span> <span class='ocrx_word' id='word_1_580' title='bbox 1957 4076 2041 4130; x_wconf 83' lang='lat' dir='ltr'><strong>ul-</strong></span> 
     </span>
    </p>
   </div>
   <div class='ocr_carea' id='block_1_74' title="bbox 466 4157 2042 4236">
    <p class='ocr_par' dir='ltr' id='par_1_74' title="bbox 466 4157 2042 4236">
     <span class='ocr_line' id='line_1_74' title="bbox 466 4157 2042 4236; baseline 0.008 -27"><span class='ocrx_word' id='word_1_581' title='bbox 466 4157 698 4224; x_wconf 90' lang='lat' dir='ltr'><strong>tionum,</strong></span> <span class='ocrx_word' id='word_1_582' title='bbox 738 4175 808 4214; x_wconf 92' lang='lat' dir='ltr'><strong>ne</strong></span> <span class='ocrx_word' id='word_1_583' title='bbox 848 4160 1067 4216; x_wconf 90' lang='lat' dir='ltr'><strong>illarum</strong></span> <span class='ocrx_word' id='word_1_584' title='bbox 1095 4164 1530 4234; x_wconf 79' lang='lat' dir='ltr'><strong>experimentum</strong></span> <span class='ocrx_word' id='word_1_585' title='bbox 1564 4167 1863 4236; x_wconf 90' lang='lat' dir='ltr'><strong>capiamus,</strong></span> <span class='ocrx_word' id='word_1_586' title='bbox 1898 4167 2042 4221; x_wconf 89' lang='lat' dir='ltr'><strong>invi-</strong></span> 
     </span>
    </p>
   </div>
   <div class='ocr_carea' id='block_1_75' title="bbox 465 4248 2037 4328">
    <p class='ocr_par' dir='ltr' id='par_1_75' title="bbox 465 4248 2037 4328">
     <span class='ocr_line' id='line_1_75' title="bbox 465 4248 2037 4328; baseline 0.01 -27"><span class='ocrx_word' id='word_1_587' title='bbox 465 4248 621 4320; x_wconf 88' lang='lat' dir='ltr'><strong>tique</strong></span> <span class='ocrx_word' id='word_1_588' title='bbox 666 4253 1030 4321; x_wconf 83' lang='lat' dir='ltr'><strong>sapientiores</strong></span> <span class='ocrx_word' id='word_1_589' title='bbox 1073 4253 1394 4309; x_wconf 67' lang='lat' dir='ltr'><strong>efficiamur.</strong></span> <span class='ocrx_word' id='word_1_590' title='bbox 1433 4253 1566 4310; x_wconf 85' lang='lat' dir='ltr'><strong>Nam</strong></span> <span class='ocrx_word' id='word_1_591' title='bbox 1601 4267 1652 4312; x_wconf 91' lang='lat' dir='ltr'><strong>et</strong></span> <span class='ocrx_word' id='word_1_592' title='bbox 1679 4259 2037 4328; x_wconf 80' lang='lat' dir='ltr'><strong>legislatores,</strong></span> 
     </span>
    </p>
   </div>
   <div class='ocr_carea' id='block_1_76' title="bbox 465 4342 2041 4423">
    <p class='ocr_par' dir='ltr' id='par_1_76' title="bbox 465 4342 2041 4423">
     <span class='ocr_line' id='line_1_76' title="bbox 465 4342 2041 4423; baseline 0.01 -28"><span class='ocrx_word' id='word_1_593' title='bbox 465 4342 524 4396; x_wconf 90' lang='lat' dir='ltr'><strong>in</strong></span> <span class='ocrx_word' id='word_1_594' title='bbox 569 4343 951 4402; x_wconf 81' lang='lat' dir='ltr'><strong>maleiactores</strong></span> <span class='ocrx_word' id='word_1_595' title='bbox 1008 4347 1208 4402; x_wconf 69' lang='lat' dir='ltr'><strong>auitas</strong></span> <span class='ocrx_word' id='word_1_596' title='bbox 1265 4363 1332 4402; x_wconf 89' lang='lat' dir='ltr'><strong>ac</strong></span> <span class='ocrx_word' id='word_1_597' title='bbox 1379 4364 1600 4406; x_wconf 87' lang='lat' dir='ltr'><strong>severas</strong></span> <span class='ocrx_word' id='word_1_598' title='bbox 1649 4354 2041 4423; x_wconf 74' lang='lat' dir='ltr'><strong>castigationes</strong></span> 
     </span>
    </p>
   </div>
   <div class='ocr_carea' id='block_1_77' title="bbox 466 4433 2041 4517">
    <p class='ocr_par' dir='ltr' id='par_1_77' title="bbox 466 4433 2041 4517">
     <span class='ocr_line' id='line_1_77' title="bbox 466 4433 2041 4517; baseline 0.011 -29"><span class='ocrx_word' id='word_1_599' title='bbox 466 4433 800 4500; x_wconf 88' lang='lat' dir='ltr'><strong>decernunt,</strong></span> <span class='ocrx_word' id='word_1_600' title='bbox 861 4437 1219 4494; x_wconf 83' lang='lat' dir='ltr'><strong>nihilominus</strong></span> <span class='ocrx_word' id='word_1_601' title='bbox 1282 4455 1388 4494; x_wconf 89' lang='lat' dir='ltr'><strong>non</strong></span> <span class='ocrx_word' id='word_1_602' title='bbox 1452 4457 1768 4498; x_wconf 86' lang='lat' dir='ltr'><strong>aversamur</strong></span> <span class='ocrx_word' id='word_1_603' title='bbox 1821 4457 2041 4517; x_wconf 86' lang='lat' dir='ltr'><strong>atquee</strong></span> 
     </span>
    </p>
   </div>
   <div class='ocr_carea' id='block_1_78' title="bbox 467 4528 2035 4603">
    <p class='ocr_par' dir='ltr' id='par_1_78' title="bbox 467 4528 2035 4603">
     <span class='ocr_line' id='line_1_78' title="bbox 467 4528 2035 4603; baseline 0.008 -23"><span class='ocrx_word' id='word_1_604' title='bbox 467 4534 661 4581; x_wconf 87' lang='lat' dir='ltr'><strong>contra</strong></span> <span class='ocrx_word' id='word_1_605' title='bbox 709 4528 1131 4598; x_wconf 85' lang='lat' dir='ltr'><strong>castigationum</strong></span> <span class='ocrx_word' id='word_1_606' title='bbox 1197 4533 1369 4600; x_wconf 86' lang='lat' dir='ltr'><strong>gratia</strong></span> <span class='ocrx_word' id='word_1_607' title='bbox 1413 4534 1594 4601; x_wconf 87' lang='lat' dir='ltr'><strong>magni</strong></span> <span class='ocrx_word' id='word_1_608' title='bbox 1646 4534 1916 4603; x_wconf 83' lang='lat' dir='ltr'><strong>facimus;</strong></span> <span class='ocrx_word' id='word_1_609' title='bbox 1987 4539 2035 4592; x_wconf 81' lang='lat' dir='ltr'><strong>si</strong></span> 
     </span>
    </p>
   </div>
   <div class='ocr_carea' id='block_1_79' title="bbox 467 4619 2040 4694">
    <p class='ocr_par' dir='ltr' id='par_1_79' title="bbox 467 4619 2040 4694">
     <span class='ocr_line' id='line_1_79' title="bbox 467 4619 2040 4694; baseline 0.006 -20"><span class='ocrx_word' id='word_1_610' title='bbox 467 4619 658 4682; x_wconf 87' lang='lat' dir='ltr'><strong>etiam,</strong></span> <span class='ocrx_word' id='word_1_611' title='bbox 688 4621 780 4690; x_wconf 94' lang='lat' dir='ltr'><strong>qui</strong></span> <span class='ocrx_word' id='word_1_612' title='bbox 807 4620 874 4676; x_wconf 91' lang='lat' dir='ltr'><strong>de</strong></span> <span class='ocrx_word' id='word_1_613' title='bbox 904 4622 1114 4676; x_wconf 88' lang='lat' dir='ltr'><strong>ratione</strong></span> <span class='ocrx_word' id='word_1_614' title='bbox 1147 4623 1342 4692; x_wconf 86' lang='lat' dir='ltr'><strong>agendi</strong></span> <span class='ocrx_word' id='word_1_615' title='bbox 1373 4625 1656 4693; x_wconf 88' lang='lat' dir='ltr'><strong>sapienter</strong></span> <span class='ocrx_word' id='word_1_616' title='bbox 1705 4635 2040 4694; x_wconf 89' lang='lat' dir='ltr'><strong>statuerunt,</strong></span> 
     </span>
    </p>
   </div>
   <div class='ocr_carea' id='block_1_80' title="bbox 468 4710 2045 4792">
    <p class='ocr_par' dir='ltr' id='par_1_80' title="bbox 468 4710 2045 4792">
     <span class='ocr_line' id='line_1_80' title="bbox 468 4710 2045 4792; baseline 0.008 -28"><span class='ocrx_word' id='word_1_617' title='bbox 468 4710 840 4779; x_wconf 84' lang='lat' dir='ltr'><strong>admiramur;</strong></span> <span class='ocrx_word' id='word_1_618' title='bbox 909 4723 1116 4782; x_wconf 88' lang='lat' dir='ltr'><strong>quanto</strong></span> <span class='ocrx_word' id='word_1_619' title='bbox 1188 4716 1364 4786; x_wconf 90' lang='lat' dir='ltr'><strong>magis</strong></span> <span class='ocrx_word' id='word_1_620' title='bbox 1426 4716 1688 4771; x_wconf 88' lang='lat' dir='ltr'><strong>admirari</strong></span> <span class='ocrx_word' id='word_1_621' title='bbox 1751 4735 2045 4792; x_wconf 87' lang='lat' dir='ltr'><strong>amareque</strong></span> 
     </span>
    </p>
   </div>
   <div class='ocr_carea' id='block_1_81' title="bbox 470 4801 2043 4883">
    <p class='ocr_par' dir='ltr' id='par_1_81' title="bbox 470 4801 2043 4883">
     <span class='ocr_line' id='line_1_81' title="bbox 470 4801 2043 4883; baseline 0.008 -26"><span class='ocrx_word' id='word_1_622' title='bbox 470 4801 642 4858; x_wconf 89' lang='lat' dir='ltr'><strong>Deum</strong></span> <span class='ocrx_word' id='word_1_623' title='bbox 674 4806 742 4859; x_wconf 93' lang='lat' dir='ltr'><strong>ob</strong></span> <span class='ocrx_word' id='word_1_624' title='bbox 778 4806 1094 4876; x_wconf 87' lang='lat' dir='ltr'><strong>hujusmodi</strong></span> <span class='ocrx_word' id='word_1_625' title='bbox 1123 4823 1313 4862; x_wconf 89' lang='lat' dir='ltr'><strong>curam</strong></span> <span class='ocrx_word' id='word_1_626' title='bbox 1355 4810 1653 4866; x_wconf 87' lang='lat' dir='ltr'><strong>debemus!</strong></span> <span class='ocrx_word' id='word_1_627' title='bbox 1702 4811 2043 4883; x_wconf 90' lang='lat' dir='ltr'><strong>Stupendum</strong></span> 
     </span>
    </p>
   </div>
   <div class='ocr_carea' id='block_1_82' title="bbox 468 4898 2044 4974">
    <p class='ocr_par' dir='ltr' id='par_1_82' title="bbox 468 4898 2044 4974">
     <span class='ocr_line' id='line_1_82' title="bbox 468 4898 2044 4974; baseline 0.008 -26"><span class='ocrx_word' id='word_1_628' title='bbox 468 4903 652 4949; x_wconf 89' lang='lat' dir='ltr'><strong>autem</strong></span> <span class='ocrx_word' id='word_1_629' title='bbox 685 4905 832 4951; x_wconf 78' lang='lat' dir='ltr'><strong>esset</strong></span> <span class='ocrx_word' id='word_1_630' title='bbox 863 4898 1099 4967; x_wconf 89' lang='lat' dir='ltr'><strong>aliquem</strong></span> <span class='ocrx_word' id='word_1_631' title='bbox 1133 4900 1463 4970; x_wconf 90' lang='lat' dir='ltr'><strong>discipulum</strong></span> <span class='ocrx_word' id='word_1_632' title='bbox 1499 4918 1607 4956; x_wconf 89' lang='lat' dir='ltr'><strong>non</strong></span> <span class='ocrx_word' id='word_1_633' title='bbox 1647 4905 1894 4974; x_wconf 85' lang='lat' dir='ltr'><strong>magistri</strong></span> <span class='ocrx_word' id='word_1_634' title='bbox 1949 4905 2044 4961; x_wconf 89' lang='lat' dir='ltr'><strong>de-</strong></span> 
     </span>
    </p>
   </div>
   <div class='ocr_carea' id='block_1_83' title="bbox 469 4986 2044 5066">
    <p class='ocr_par' dir='ltr' id='par_1_83' title="bbox 469 4986 2044 5066">
     <span class='ocr_line' id='line_1_83' title="bbox 469 4986 2044 5066; baseline 0.008 -27"><span class='ocrx_word' id='word_1_635' title='bbox 469 4986 668 5042; x_wconf 89' lang='lat' dir='ltr'><strong>decore</strong></span> <span class='ocrx_word' id='word_1_636' title='bbox 703 4989 1052 5054; x_wconf 88' lang='lat' dir='ltr'><strong>erubescere,</strong></span> <span class='ocrx_word' id='word_1_637' title='bbox 1105 4993 1199 5047; x_wconf 90' lang='lat' dir='ltr'><strong>sed</strong></span> <span class='ocrx_word' id='word_1_638' title='bbox 1237 4993 1501 5047; x_wconf 88' lang='lat' dir='ltr'><strong>audacter</strong></span> <span class='ocrx_word' id='word_1_639' title='bbox 1549 4997 1651 5048; x_wconf 82' lang='lat' dir='ltr'><strong>hoc</strong></span> <span class='ocrx_word' id='word_1_640' title='bbox 1685 4997 2044 5066; x_wconf 89' lang='lat' dir='ltr'><strong>opprobrium</strong></span> 
     </span>
    </p>
   </div>
   <div class='ocr_carea' id='block_1_84' title="bbox 470 5075 2034 5153">
    <p class='ocr_par' dir='ltr' id='par_1_84' title="bbox 470 5075 2034 5153">
     <span class='ocr_line' id='line_1_84' title="bbox 470 5075 2034 5153; baseline 0.007 -21"><span class='ocrx_word' id='word_1_641' title='bbox 470 5085 660 5132; x_wconf 89' lang='lat' dir='ltr'><strong>uotum</strong></span> <span class='ocrx_word' id='word_1_642' title='bbox 697 5075 911 5142; x_wconf 80' lang='lat' dir='ltr'><strong>facere;</strong></span> <span class='ocrx_word' id='word_1_643' title='bbox 945 5081 1157 5153; x_wconf 88' lang='lat' dir='ltr'><strong>hocque</strong></span> <span class='ocrx_word' id='word_1_644' title='bbox 1187 5082 1404 5153; x_wconf 88' lang='lat' dir='ltr'><strong>signum</strong></span> <span class='ocrx_word' id='word_1_645' title='bbox 1432 5092 1580 5138; x_wconf 85' lang='lat' dir='ltr'><strong>esset.</strong></span> <span class='ocrx_word' id='word_1_646' title='bbox 1610 5100 1717 5138; x_wconf 88' lang='lat' dir='ltr'><strong>non</strong></span> <span class='ocrx_word' id='word_1_647' title='bbox 1751 5087 2034 5143; x_wconf 85' lang='lat' dir='ltr'><strong>minimum</strong></span> 
     </span>
    </p>
   </div>
   <div class='ocr_carea' id='block_1_85' title="bbox 544 5244 1234 5318">
    <p class='ocr_par' dir='ltr' id='par_1_85' title="bbox 544 5244 1234 5318">
     <span class='ocr_line' id='line_1_85' title="bbox 544 5244 1234 5318; baseline 0.004 -18"><span class='ocrx_word' id='word_1_648' title='bbox 544 5246 620 5318; x_wconf 82' lang='lat' dir='ltr'><strong>(l)</strong></span> <span class='ocrx_word' id='word_1_649' title='bbox 651 5244 894 5304; x_wconf 88' lang='lat' dir='ltr'><strong>Facund.</strong></span> <span class='ocrx_word' id='word_1_650' title='bbox 923 5249 961 5302; x_wconf 91' lang='grc'><strong>1.</strong></span> <span class='ocrx_word' id='word_1_651' title='bbox 1003 5249 1039 5303; x_wconf 95' lang='lat' dir='ltr'><strong>l.</strong></span> <span class='ocrx_word' id='word_1_652' title='bbox 1071 5265 1148 5311; x_wconf 78' lang='lat' dir='ltr'><strong>ix,</strong></span> <span class='ocrx_word' id='word_1_653' title='bbox 1180 5251 1234 5303; x_wconf 70' lang='lat'><strong>3.</strong></span> 
     </span>
    </p>
   </div>
   <div class='ocr_carea' id='block_1_86' title="bbox 469 5319 2052 5444">
    <p class='ocr_par' dir='ltr' id='par_1_86' title="bbox 469 5319 2052 5444">
     <span class='ocr_line' id='line_1_86' title="bbox 541 5319 2052 5392; baseline 0.001 -22"><span class='ocrx_word' id='word_1_654' title='bbox 541 5319 618 5386; x_wconf 76' lang='lat'><strong>(9.)</strong></span> <span class='ocrx_word' id='word_1_655' title='bbox 645 5319 808 5373; x_wconf 87' lang='lat' dir='ltr'><strong>Cord.</strong></span> <span class='ocrx_word' id='word_1_656' title='bbox 841 5330 948 5376; x_wconf 91' lang='lat' dir='ltr'><strong>cat.</strong></span> <span class='ocrx_word' id='word_1_657' title='bbox 983 5337 1034 5391; x_wconf 91' lang='lat' dir='ltr'><strong>p.</strong></span> <span class='ocrx_word' id='word_1_658' title='bbox 1065 5320 1153 5374; x_wconf 68' lang='lat'><strong>23.</strong></span> <span class='ocrx_word' id='word_1_659' title='bbox 1179 5319 1264 5375; x_wconf 82' lang='lat' dir='ltr'><strong>Cf.</strong></span> <span class='ocrx_word' id='word_1_660' title='bbox 1305 5320 1444 5392; x_wconf 79' lang='lat' dir='ltr'><strong>frag.</strong></span> <span class='ocrx_word' id='word_1_661' title='bbox 1487 5335 1741 5391; x_wconf 88' lang='lat' dir='ltr'><strong>sequens,</strong></span> <span class='ocrx_word' id='word_1_662' title='bbox 1775 5319 1964 5375; x_wconf 88' lang='lat' dir='ltr'><strong>Latine</strong></span> <span class='ocrx_word' id='word_1_663' title='bbox 1987 5333 2052 5375; x_wconf 79' lang='lat' dir='ltr'><strong>ex</strong></span> 
     </span>
     <span class='ocr_line' id='line_1_87' title="bbox 469 5387 744 5444; baseline -0.004 0"><span class='ocrx_word' id='word_1_664' title='bbox 469 5387 744 5444; x_wconf 68' lang='lat' dir='ltr'><strong>Facundo.</strong></span> 
     </span>
    </p>
   </div>
   <div class='ocr_carea' id='block_1_87' title="bbox 515 5403 744 5444">
    <p class='ocr_par' dir='ltr' id='par_1_87' title="bbox 515 5403 744 5444">
     <span class='ocr_line' id='line_1_88' title="bbox 515 5403 744 5444; baseline 0.004 -2"><span class='ocrx_word' id='word_1_665' title='bbox 515 5403 744 5444; x_wconf 83' lang='lat' dir='ltr'><strong>acunao.</strong></span> 
     </span>
    </p>
   </div>
   <div class='ocr_carea' id='block_1_88' title="bbox 543 5459 1181 5531">
    <p class='ocr_par' dir='ltr' id='par_1_88' title="bbox 543 5459 1181 5531">
     <span class='ocr_line' id='line_1_89' title="bbox 543 5459 1181 5531; baseline -0.003 -17"><span class='ocrx_word' id='word_1_666' title='bbox 543 5459 622 5531; x_wconf 80' lang='grc'><strong>(5)</strong></span> <span class='ocrx_word' id='word_1_667' title='bbox 661 5459 828 5531; x_wconf 63' lang='grc' dir='ltr'>ροτό,</span> <span class='ocrx_word' id='word_1_668' title='bbox 863 5469 970 5516; x_wconf 91' lang='lat' dir='ltr'><strong>cat.</strong></span> <span class='ocrx_word' id='word_1_669' title='bbox 1002 5477 1056 5531; x_wconf 89' lang='lat' dir='ltr'><strong>p.</strong></span> <span class='ocrx_word' id='word_1_670' title='bbox 1091 5461 1181 5515; x_wconf 74' lang='grc'><strong>27.</strong></span> 
     </span>
    </p>
   </div>
   <div class='ocr_carea' id='block_1_89' title="bbox 573 5527 2046 5603">
    <p class='ocr_par' dir='ltr' id='par_1_89' title="bbox 573 5527 2046 5603">
     <span class='ocr_line' id='line_1_90' title="bbox 573 5527 2046 5603; baseline -0.002 -18"><span class='ocrx_word' id='word_1_671' title='bbox 573 5528 786 5603; x_wconf 44' lang='grc' dir='ltr'><strong>4))Ῐίέ1.</strong></span> <span class='ocrx_word' id='word_1_672' title='bbox 806 5527 1059 5603; x_wconf 64' lang='lat' dir='ltr'><strong>Matthiae</strong></span> <span class='ocrx_word' id='word_1_673' title='bbox 1088 5531 1243 5586; x_wconf 69' lang='lat' dir='ltr'><strong>Ausi.</strong></span> <span class='ocrx_word' id='word_1_674' title='bbox 1283 5534 1487 5603; x_wconf 83' lang='lat' dir='ltr'><strong>griccli.</strong></span> <span class='ocrx_word' id='word_1_675' title='bbox 1519 5531 1882 5603; x_wconf 76' lang='lat' dir='ltr'><strong>Graium._ed.</strong></span> <span class='ocrx_word' id='word_1_676' title='bbox 1906 5530 1962 5596; x_wconf 71' lang='grc'><strong>2,</strong></span> <span class='ocrx_word' id='word_1_677' title='bbox 2006 5527 2046 5595; x_wconf 89' lang='lat' dir='ltr'><strong>l,</strong></span> 
     </span>
    </p>
   </div>
   <div class='ocr_carea' id='block_1_90' title="bbox 474 5599 2044 5670">
    <p class='ocr_par' dir='ltr' id='par_1_90' title="bbox 474 5599 2044 5670">
     <span class='ocr_line' id='line_1_91' title="bbox 474 5599 2044 5670; baseline 0.001 -17"><span class='ocrx_word' id='word_1_678' title='bbox 474 5615 530 5670; x_wconf 85' lang='lat' dir='ltr'><strong>p.</strong></span> <span class='ocrx_word' id='word_1_679' title='bbox 558 5599 683 5655; x_wconf 75' lang='lat'><strong>510.</strong></span> <span class='ocrx_word' id='word_1_680' title='bbox 716 5601 820 5656; x_wconf 86' lang='lat' dir='ltr'><strong>Sed</strong></span> <span class='ocrx_word' id='word_1_681' title='bbox 853 5602 1033 5657; x_wconf 89' lang='lat' dir='ltr'><strong>inveni</strong></span> <span class='ocrx_word' id='word_1_682' title='bbox 1063 5605 1226 5658; x_wconf 88' lang='lat' dir='ltr'><strong>etiam</strong></span> <span class='ocrx_word' id='word_1_683' title='bbox 1251 5599 1448 5658; x_wconf 71' lang='lat' dir='ltr'><strong>Achill.</strong></span> <span class='ocrx_word' id='word_1_684' title='bbox 1477 5603 1596 5658; x_wconf 89' lang='lat' dir='ltr'><strong>Tat.</strong></span> <span class='ocrx_word' id='word_1_685' title='bbox 1629 5605 1716 5658; x_wconf 89' lang='lat' dir='ltr'><strong>ed.</strong></span> <span class='ocrx_word' id='word_1_686' title='bbox 1748 5599 2044 5656; x_wconf 78' lang='lat' dir='ltr'><strong>FJacobs.</strong></span> 
     </span>
    </p>
   </div>
   <div class='ocr_carea' id='block_1_91' title="bbox 477 5670 2050 5745">
    <p class='ocr_par' dir='ltr' id='par_1_91' title="bbox 477 5670 2050 5745">
     <span class='ocr_line' id='line_1_92' title="bbox 477 5670 2050 5745; baseline 0.001 -23"><span class='ocrx_word' id='word_1_687' title='bbox 477 5685 533 5745; x_wconf 51' lang='grc' dir='ltr'><strong>ιλ.</strong></span> <span class='ocrx_word' id='word_1_688' title='bbox 571 5670 635 5723; x_wconf 70' lang='grc'><strong>14</strong></span> <span class='ocrx_word' id='word_1_689' title='bbox 659 5671 963 5745; x_wconf 72' lang='grc' dir='ltr'>ἀπήλαυσα.</span> <span class='ocrx_word' id='word_1_690' title='bbox 990 5672 1152 5745; x_wconf 84' lang='lat' dir='ltr'><strong>Basil.</strong></span> <span class='ocrx_word' id='word_1_691' title='bbox 1174 5672 1243 5725; x_wconf 87' lang='grc' dir='ltr'><strong>Μ.</strong></span> <span class='ocrx_word' id='word_1_692' title='bbox 1270 5675 1414 5728; x_wconf 93' lang='lat' dir='ltr'><strong>hom.</strong></span> <span class='ocrx_word' id='word_1_693' title='bbox 1449 5675 1502 5728; x_wconf 89' lang='lat' dir='ltr'><strong>in</strong></span> <span class='ocrx_word' id='word_1_694' title='bbox 1533 5691 1618 5745; x_wconf 91' lang='lat' dir='ltr'><strong>ps.</strong></span> <span class='ocrx_word' id='word_1_695' title='bbox 1653 5691 1763 5745; x_wconf 84' lang='lat' dir='ltr'><strong>xw,</strong></span> <span class='ocrx_word' id='word_1_696' title='bbox 1805 5674 1844 5737; x_wconf 88' lang='grc' dir='ltr'>Ι,</span> <span class='ocrx_word' id='word_1_697' title='bbox 1870 5671 2050 5742; x_wconf 69' lang='lat' dir='ltr'><strong>p.119.</strong></span> 
     </span>
    </p>
   </div>
   <div class='ocr_carea' id='block_1_92' title="bbox 477 5738 2051 5816">
    <p class='ocr_par' dir='ltr' id='par_1_92' title="bbox 477 5738 2051 5816">
     <span class='ocr_line' id='line_1_93' title="bbox 477 5738 2051 5816; baseline 0.003 -24"><span class='ocrx_word' id='word_1_698' title='bbox 477 5738 677 5816; x_wconf 57' lang='grc' dir='ltr'><strong>βίη-ω,</strong></span> <span class='ocrx_word' id='word_1_699' title='bbox 704 5740 859 5794; x_wconf 85' lang='grc' dir='ltr'>πόσοι</span> <span class='ocrx_word' id='word_1_700' title='bbox 880 5743 1018 5816; x_wconf 72' lang='grc' dir='ltr'>ὄναρ</span> <span class='ocrx_word' id='word_1_701' title='bbox 1039 5743 1443 5816; x_wconf 76' lang='grc' dir='ltr'>πλουτήσαντες</span> <span class='ocrx_word' id='word_1_702' title='bbox 1486 5738 1946 5816; x_wconf 77' lang='grc' dir='ltr'>ὑπεραπήλαυσαν</span> <span class='ocrx_word' id='word_1_703' title='bbox 1975 5747 2051 5810; x_wconf 88' lang='lat' dir='ltr'><strong>(at</strong></span> 
     </span>
    </p>
   </div>
   <div class='ocr_carea' id='block_1_93' title="bbox 486 5810 2048 5886">
    <p class='ocr_par' dir='ltr' id='par_1_93' title="bbox 486 5810 2048 5886">
     <span class='ocr_line' id='line_1_94' title="bbox 486 5810 2048 5886; baseline 0.003 -22"><span class='ocrx_word' id='word_1_704' title='bbox 486 5810 775 5882; x_wconf 77' lang='lat' dir='ltr'><strong>legendum</strong></span> <span class='ocrx_word' id='word_1_705' title='bbox 807 5827 930 5868; x_wconf 87' lang='lat' dir='ltr'><strong>cum</strong></span> <span class='ocrx_word' id='word_1_706' title='bbox 975 5810 1388 5871; x_wconf 78' lang='lat' dir='ltr'><strong>ilemstcrliusio</strong></span> <span class='ocrx_word' id='word_1_707' title='bbox 1419 5815 1568 5885; x_wconf 74' lang='grc' dir='ltr'>ὕπαρ</span> <span class='ocrx_word' id='word_1_708' title='bbox 1598 5810 1959 5886; x_wconf 48' lang='grc' dir='ltr'>ἀπήλαυσαν,</span> <span class='ocrx_word' id='word_1_709' title='bbox 1998 5831 2048 5868; x_wconf 88' lang='lat' dir='ltr'><strong>v.</strong></span> 
     </span>
    </p>
   </div>
   <div class='ocr_carea' id='block_1_94' title="bbox 2150 3785 3728 3858">
    <p class='ocr_par' dir='ltr' id='par_1_94' title="bbox 2150 3785 3728 3858">
     <span class='ocr_line' id='line_1_95' title="bbox 2150 3785 3728 3858; baseline -0.003 -16"><span class='ocrx_word' id='word_1_710' title='bbox 2150 3789 2371 3856; x_wconf 80' lang='grc' dir='ltr'>κήδεται</span> <span class='ocrx_word' id='word_1_711' title='bbox 2397 3827 2412 3851; x_wconf 91' lang='grc'><strong>,</strong></span> <span class='ocrx_word' id='word_1_712' title='bbox 2444 3787 2649 3858; x_wconf 85' lang='grc' dir='ltr'>σφόδρα</span> <span class='ocrx_word' id='word_1_713' title='bbox 2679 3785 2753 3839; x_wconf 83' lang='grc' dir='ltr'>ὢν</span> <span class='ocrx_word' id='word_1_714' title='bbox 2787 3785 2990 3854; x_wconf 83' lang='grc' dir='ltr'>ἀγαθὸς</span> <span class='ocrx_word' id='word_1_715' title='bbox 3009 3825 3024 3849; x_wconf 89' lang='grc'><strong>,</strong></span> <span class='ocrx_word' id='word_1_716' title='bbox 3062 3787 3156 3838; x_wconf 57' lang='grc' dir='ltr'><strong>καὶ⁷</strong></span> <span class='ocrx_word' id='word_1_717' title='bbox 3202 3786 3615 3856; x_wconf 81' lang='grc' dir='ltr'>ἀποπηδώντων</span> <span class='ocrx_word' id='word_1_718' title='bbox 3647 3791 3728 3840; x_wconf 75' lang='grc' dir='ltr'>καὶ</span> 
     </span>
    </p>
   </div>
   <div class='ocr_carea' id='block_1_95' title="bbox 2149 3876 3728 3951">
    <p class='ocr_par' dir='ltr' id='par_1_95' title="bbox 2149 3876 3728 3951">
     <span class='ocr_line' id='line_1_96' title="bbox 2149 3876 3728 3951; baseline 0 -19"><span class='ocrx_word' id='word_1_719' title='bbox 2149 3879 2457 3951; x_wconf 83' lang='grc' dir='ltr'>φευγόντων</span> <span class='ocrx_word' id='word_1_720' title='bbox 2487 3879 2588 3932; x_wconf 77' lang='grc' dir='ltr'><strong>οὐκ</strong></span> <span class='ocrx_word' id='word_1_721' title='bbox 2616 3878 2906 3946; x_wconf 81' lang='grc' dir='ltr'>ἀφίσταται</span> <span class='ocrx_word' id='word_1_722' title='bbox 2926 3891 2940 3905; x_wconf 89' lang='grc'><strong>·</strong></span> <span class='ocrx_word' id='word_1_723' title='bbox 2967 3876 3080 3931; x_wconf 82' lang='grc' dir='ltr'>ἀλλ’</span> <span class='ocrx_word' id='word_1_724' title='bbox 3115 3878 3301 3950; x_wconf 77' lang='grc' dir='ltr'>ἐπειδὴ</span> <span class='ocrx_word' id='word_1_725' title='bbox 3333 3879 3611 3949; x_wconf 82' lang='grc' dir='ltr'>προτέραν</span> <span class='ocrx_word' id='word_1_726' title='bbox 3640 3879 3728 3948; x_wconf 72' lang='grc' dir='ltr'>τῆς</span> 
     </span>
    </p>
   </div>
   <div class='ocr_carea' id='block_1_96' title="bbox 2148 3970 3729 4044">
    <p class='ocr_par' dir='ltr' id='par_1_96' title="bbox 2148 3970 3729 4044">
     <span class='ocr_line' id='line_1_97' title="bbox 2148 3970 3729 4044; baseline -0.002 -19"><span class='ocrx_word' id='word_1_727' title='bbox 2148 3972 2466 4044; x_wconf 80' lang='grc' dir='ltr'>εὐεργεσίας</span> <span class='ocrx_word' id='word_1_728' title='bbox 2489 3971 2605 4023; x_wconf 81' lang='grc' dir='ltr'>ὁδὸν</span> <span class='ocrx_word' id='word_1_729' title='bbox 2647 3970 3004 4040; x_wconf 82' lang='grc' dir='ltr'>ἀπωσάμεθα,</span> <span class='ocrx_word' id='word_1_730' title='bbox 3031 3971 3129 4041; x_wconf 82' lang='grc' dir='ltr'><strong>τὴν</strong></span> <span class='ocrx_word' id='word_1_731' title='bbox 3152 3970 3239 4023; x_wconf 80' lang='grc' dir='ltr'>διὰ</span> <span class='ocrx_word' id='word_1_732' title='bbox 3265 3971 3363 4041; x_wconf 84' lang='grc' dir='ltr'>τῆς</span> <span class='ocrx_word' id='word_1_733' title='bbox 3389 3971 3620 4034; x_wconf 77' lang='grc' dir='ltr'>πειθοῦς</span> <span class='ocrx_word' id='word_1_734' title='bbox 3646 3974 3729 4024; x_wconf 73' lang='grc' dir='ltr'><strong>καὶ</strong></span> 
     </span>
    </p>
   </div>
   <div class='ocr_carea' id='block_1_97' title="bbox 2146 4060 3730 4135">
    <p class='ocr_par' dir='ltr' id='par_1_97' title="bbox 2146 4060 3730 4135">
     <span class='ocr_line' id='line_1_98' title="bbox 2146 4060 3730 4135; baseline -0.003 -15"><span class='ocrx_word' id='word_1_735' title='bbox 2146 4065 2240 4120; x_wconf 82' lang='grc' dir='ltr'>τοῦ</span> <span class='ocrx_word' id='word_1_736' title='bbox 2271 4065 2460 4119; x_wconf 87' lang='grc' dir='ltr'>παθεῖν</span> <span class='ocrx_word' id='word_1_737' title='bbox 2495 4060 2575 4127; x_wconf 77' lang='grc' dir='ltr'><strong>εὖ,</strong></span> <span class='ocrx_word' id='word_1_738' title='bbox 2618 4065 2715 4133; x_wconf 83' lang='grc' dir='ltr'><strong>τὴν</strong></span> <span class='ocrx_word' id='word_1_739' title='bbox 2751 4064 2944 4134; x_wconf 77' lang='grc' dir='ltr'>ἑτέραν</span> <span class='ocrx_word' id='word_1_740' title='bbox 2971 4065 3102 4133; x_wconf 84' lang='grc' dir='ltr'>ἡμῖν</span> <span class='ocrx_word' id='word_1_741' title='bbox 3126 4064 3481 4133; x_wconf 79' lang='grc' dir='ltr'>ἐπεισήγαγε,</span> <span class='ocrx_word' id='word_1_742' title='bbox 3518 4064 3622 4135; x_wconf 78' lang='grc' dir='ltr'>τὴν</span> <span class='ocrx_word' id='word_1_743' title='bbox 3650 4065 3730 4117; x_wconf 69' lang='grc' dir='ltr'>διὰ</span> 
     </span>
    </p>
   </div>
   <div class='ocr_carea' id='block_1_98' title="bbox 2146 4155 3732 4230">
    <p class='ocr_par' dir='ltr' id='par_1_98' title="bbox 2146 4155 3732 4230">
     <span class='ocr_line' id='line_1_99' title="bbox 2146 4155 3732 4230; baseline -0.003 -18"><span class='ocrx_word' id='word_1_744' title='bbox 2146 4163 2246 4230; x_wconf 83' lang='grc' dir='ltr'><strong>τῆς</strong></span> <span class='ocrx_word' id='word_1_745' title='bbox 2277 4158 2550 4221; x_wconf 83' lang='grc' dir='ltr'>κολάσεως</span> <span class='ocrx_word' id='word_1_746' title='bbox 2581 4156 2674 4210; x_wconf 75' lang='grc' dir='ltr'>καὶ</span> <span class='ocrx_word' id='word_1_747' title='bbox 2699 4156 2809 4209; x_wconf 84' lang='grc' dir='ltr'>τῶν</span> <span class='ocrx_word' id='word_1_748' title='bbox 2836 4155 3115 4225; x_wconf 83' lang='grc' dir='ltr'>τιμωριῶν</span> <span class='ocrx_word' id='word_1_749' title='bbox 3134 4197 3148 4219; x_wconf 92' lang='grc'><strong>,</strong></span> <span class='ocrx_word' id='word_1_750' title='bbox 3192 4157 3340 4219; x_wconf 85' lang='grc' dir='ltr'>ὅπως</span> <span class='ocrx_word' id='word_1_751' title='bbox 3367 4157 3473 4210; x_wconf 83' lang='grc' dir='ltr'>δέει</span> <span class='ocrx_word' id='word_1_752' title='bbox 3514 4157 3593 4228; x_wconf 83' lang='grc' dir='ltr'>μὴ</span> <span class='ocrx_word' id='word_1_753' title='bbox 3625 4161 3732 4209; x_wconf 58' lang='grc' dir='ltr'>πεῖν</span> 
     </span>
    </p>
   </div>
   <div class='ocr_carea' id='block_1_99' title="bbox 2153 4244 3730 4321">
    <p class='ocr_par' dir='ltr' id='par_1_99' title="bbox 2153 4244 3730 4321">
     <span class='ocr_line' id='line_1_100' title="bbox 2153 4244 3730 4321; baseline -0.003 -19"><span class='ocrx_word' id='word_1_754' title='bbox 2153 4267 2252 4321; x_wconf 86' lang='grc' dir='ltr'><strong>ραν</strong></span> <span class='ocrx_word' id='word_1_755' title='bbox 2288 4249 2397 4302; x_wconf 86' lang='grc' dir='ltr'><strong>τῶν</strong></span> <span class='ocrx_word' id='word_1_756' title='bbox 2427 4246 2684 4301; x_wconf 76' lang='grc' dir='ltr'>τοιούτων</span> <span class='ocrx_word' id='word_1_757' title='bbox 2723 4245 2930 4307; x_wconf 76' lang='grc' dir='ltr'>λαϐεῖν,</span> <span class='ocrx_word' id='word_1_758' title='bbox 2960 4245 3054 4297; x_wconf 73' lang='grc' dir='ltr'><strong>καὶ</strong></span> <span class='ocrx_word' id='word_1_759' title='bbox 3076 4244 3299 4308; x_wconf 79' lang='grc' dir='ltr'>ἄκοντες</span> <span class='ocrx_word' id='word_1_760' title='bbox 3340 4245 3730 4313; x_wconf 64' lang='grc' dir='ltr'>σωφρονῶμεν.</span> 
     </span>
    </p>
   </div>
   <div class='ocr_carea' id='block_1_100' title="bbox 2161 4336 3730 4411">
    <p class='ocr_par' dir='ltr' id='par_1_100' title="bbox 2161 4336 3730 4411">
     <span class='ocr_line' id='line_1_101' title="bbox 2161 4336 3730 4411; baseline -0.009 -14"><span class='ocrx_word' id='word_1_761' title='bbox 2161 4344 2313 4397; x_wconf 75' lang='grc' dir='ltr'>Ἐπεὶ</span> <span class='ocrx_word' id='word_1_762' title='bbox 2342 4341 2436 4396; x_wconf 72' lang='grc' dir='ltr'><strong>καὶ</strong></span> <span class='ocrx_word' id='word_1_763' title='bbox 2461 4343 2513 4394; x_wconf 84' lang='grc' dir='ltr'>οἱ</span> <span class='ocrx_word' id='word_1_764' title='bbox 2540 4339 2823 4411; x_wconf 86' lang='grc' dir='ltr'>νομοθέται</span> <span class='ocrx_word' id='word_1_765' title='bbox 2847 4339 3047 4402; x_wconf 79' lang='grc' dir='ltr'>πολλάς</span> <span class='ocrx_word' id='word_1_766' title='bbox 3075 4339 3171 4391; x_wconf 74' lang='grc' dir='ltr'>καὶ</span> <span class='ocrx_word' id='word_1_767' title='bbox 3200 4337 3438 4406; x_wconf 76' lang='grc' dir='ltr'>χαλεπὰς</span> <span class='ocrx_word' id='word_1_768' title='bbox 3460 4337 3609 4390; x_wconf 68' lang='grc' dir='ltr'>κατὰ</span> <span class='ocrx_word' id='word_1_769' title='bbox 3634 4336 3730 4388; x_wconf 69' lang='grc' dir='ltr'><strong>τῶν</strong></span> 
     </span>
    </p>
   </div>
   <div class='ocr_carea' id='block_1_101' title="bbox 2148 4428 3734 4507">
    <p class='ocr_par' dir='ltr' id='par_1_101' title="bbox 2148 4428 3734 4507">
     <span class='ocr_line' id='line_1_102' title="bbox 2148 4428 3734 4507; baseline -0.007 -18"><span class='ocrx_word' id='word_1_770' title='bbox 2148 4434 2550 4507; x_wconf 81' lang='grc' dir='ltr'>ἡμαρτηκότων</span> <span class='ocrx_word' id='word_1_771' title='bbox 2593 4431 2802 4486; x_wconf 85' lang='grc' dir='ltr'>τιθέασι</span> <span class='ocrx_word' id='word_1_772' title='bbox 2855 4431 3169 4502; x_wconf 77' lang='grc' dir='ltr'>τιμωρίας’</span> <span class='ocrx_word' id='word_1_773' title='bbox 3219 4430 3312 4481; x_wconf 72' lang='grc' dir='ltr'><strong>καὶ</strong></span> <span class='ocrx_word' id='word_1_774' title='bbox 3349 4428 3498 4497; x_wconf 81' lang='grc' dir='ltr'>ὅμως</span> <span class='ocrx_word' id='word_1_775' title='bbox 3542 4428 3734 4488; x_wconf 71' lang='grc' dir='ltr'>αὐτοὺς</span> 
     </span>
    </p>
   </div>
   <div class='ocr_carea' id='block_1_102' title="bbox 2149 4521 3732 4598">
    <p class='ocr_par' dir='ltr' id='par_1_102' title="bbox 2149 4521 3732 4598">
     <span class='ocr_line' id='line_1_103' title="bbox 2149 4521 3732 4598; baseline -0.008 -17"><span class='ocrx_word' id='word_1_776' title='bbox 2149 4529 2249 4581; x_wconf 74' lang='grc' dir='ltr'><strong>οὐκ</strong></span> <span class='ocrx_word' id='word_1_777' title='bbox 2279 4524 2735 4598; x_wconf 84' lang='grc' dir='ltr'>ἀποστρεφόμεθα</span> <span class='ocrx_word' id='word_1_778' title='bbox 2758 4543 2772 4556; x_wconf 87' lang='grc'><strong>·</strong></span> <span class='ocrx_word' id='word_1_779' title='bbox 2807 4523 2895 4577; x_wconf 75' lang='grc' dir='ltr'><strong>διὰ</strong></span> <span class='ocrx_word' id='word_1_780' title='bbox 2921 4523 3092 4576; x_wconf 76' lang='grc' dir='ltr'>ταῦτα</span> <span class='ocrx_word' id='word_1_781' title='bbox 3131 4522 3224 4574; x_wconf 73' lang='grc' dir='ltr'><strong>καὶ</strong></span> <span class='ocrx_word' id='word_1_782' title='bbox 3259 4521 3454 4590; x_wconf 80' lang='grc' dir='ltr'>μᾶλλον</span> <span class='ocrx_word' id='word_1_783' title='bbox 3487 4521 3732 4590; x_wconf 77' lang='grc' dir='ltr'>τιμῶμεν</span> 
     </span>
    </p>
   </div>
   <div class='ocr_carea' id='block_1_103' title="bbox 2149 4607 3744 4686">
    <p class='ocr_par' dir='ltr' id='par_1_103' title="bbox 2149 4607 3744 4686">
     <span class='ocr_line' id='line_1_104' title="bbox 2149 4607 3744 4686; baseline -0.006 -14"><span class='ocrx_word' id='word_1_784' title='bbox 2149 4619 2258 4672; x_wconf 77' lang='grc' dir='ltr'><strong>τῶν</strong></span> <span class='ocrx_word' id='word_1_785' title='bbox 2291 4617 2565 4672; x_wconf 82' lang='grc' dir='ltr'>κολάσεων</span> <span class='ocrx_word' id='word_1_786' title='bbox 2608 4617 2794 4686; x_wconf 70' lang='grc' dir='ltr'>χάρινο</span> <span class='ocrx_word' id='word_1_787' title='bbox 2830 4618 2877 4668; x_wconf 84' lang='grc' dir='ltr'>εἰ</span> <span class='ocrx_word' id='word_1_788' title='bbox 2919 4616 2976 4668; x_wconf 80' lang='grc' dir='ltr'>δὲ</span> <span class='ocrx_word' id='word_1_789' title='bbox 3008 4613 3231 4676; x_wconf 76' lang='grc' dir='ltr'>τούτους</span> <span class='ocrx_word' id='word_1_790' title='bbox 3259 4607 3744 4683; x_wconf 54' lang='grc' dir='ltr'><strong>θαυμᾶᾇᾶξὶἓηῖῑῖῗ</strong></span> 
     </span>
    </p>
   </div>
   <div class='ocr_carea' id='block_1_104' title="bbox 2149 4703 3736 4778">
    <p class='ocr_par' dir='ltr' id='par_1_104' title="bbox 2149 4703 3736 4778">
     <span class='ocr_line' id='line_1_105' title="bbox 2149 4703 3736 4778; baseline -0.01 -11"><span class='ocrx_word' id='word_1_791' title='bbox 2149 4713 2338 4778; x_wconf 79' lang='grc' dir='ltr'>ταξίαν</span> <span class='ocrx_word' id='word_1_792' title='bbox 2369 4709 2686 4778; x_wconf 75' lang='grc' dir='ltr'>εἰσάγοντας</span> <span class='ocrx_word' id='word_1_793' title='bbox 2733 4710 2791 4761; x_wconf 82' lang='grc' dir='ltr'>ὲν</span> <span class='ocrx_word' id='word_1_794' title='bbox 2825 4707 2903 4778; x_wconf 83' lang='grc' dir='ltr'><strong>τῷ</strong></span> <span class='ocrx_word' id='word_1_795' title='bbox 2945 4707 3044 4778; x_wconf 87' lang='grc' dir='ltr'><strong>βίῳ</strong></span> <span class='ocrx_word' id='word_1_796' title='bbox 3069 4749 3082 4771; x_wconf 92' lang='grc'><strong>,</strong></span> <span class='ocrx_word' id='word_1_797' title='bbox 3112 4707 3170 4759; x_wconf 80' lang='grc' dir='ltr'>οὐ</span> <span class='ocrx_word' id='word_1_798' title='bbox 3207 4704 3384 4774; x_wconf 80' lang='grc' dir='ltr'>πολλῷ</span> <span class='ocrx_word' id='word_1_799' title='bbox 3418 4705 3631 4774; x_wconf 67' lang='grc' dir='ltr'>μᾶλλον</span> <span class='ocrx_word' id='word_1_800' title='bbox 3653 4703 3736 4755; x_wconf 71' lang='grc' dir='ltr'>τὸν</span> 
     </span>
    </p>
   </div>
   <div class='ocr_carea' id='block_1_105' title="bbox 2150 4796 3735 4872">
    <p class='ocr_par' dir='ltr' id='par_1_105' title="bbox 2150 4796 3735 4872">
     <span class='ocr_line' id='line_1_106' title="bbox 2150 4796 3735 4872; baseline -0.015 -14"><span class='ocrx_word' id='word_1_801' title='bbox 2150 4805 2282 4859; x_wconf 78' lang='grc' dir='ltr'>Θεὸν</span> <span class='ocrx_word' id='word_1_802' title='bbox 2301 4800 2698 4872; x_wconf 81' lang='grc' dir='ltr'>ἐκπλήττεσθαι</span> <span class='ocrx_word' id='word_1_803' title='bbox 2725 4801 2806 4854; x_wconf 83' lang='grc' dir='ltr'><strong>δεῖ</strong></span> <span class='ocrx_word' id='word_1_804' title='bbox 2835 4800 2928 4853; x_wconf 72' lang='grc' dir='ltr'><strong>καὶ</strong></span> <span class='ocrx_word' id='word_1_805' title='bbox 2957 4800 3179 4868; x_wconf 80' lang='grc' dir='ltr'>ἀγαπᾷν</span> <span class='ocrx_word' id='word_1_806' title='bbox 3207 4799 3304 4865; x_wconf 83' lang='grc' dir='ltr'>τῆς</span> <span class='ocrx_word' id='word_1_807' title='bbox 3333 4796 3735 4867; x_wconf 27' lang='grc' dir='ltr'><strong>τοσαύτηςέκς-</strong></span> 
     </span>
    </p>
   </div>
   <div class='ocr_carea' id='block_1_106' title="bbox 2151 4884 3734 4970">
    <p class='ocr_par' dir='ltr' id='par_1_106' title="bbox 2151 4884 3734 4970">
     <span class='ocr_line' id='line_1_107' title="bbox 2151 4884 3734 4970; baseline -0.008 -22"><span class='ocrx_word' id='word_1_808' title='bbox 2151 4895 2403 4970; x_wconf 79' lang='grc' dir='ltr'>δεμονίας</span> <span class='ocrx_word' id='word_1_809' title='bbox 2447 4893 2661 4957; x_wconf 74' lang='grc' dir='ltr'>ἕνεκεν;</span> <span class='ocrx_word' id='word_1_810' title='bbox 2707 4891 2995 4961; x_wconf 86' lang='grc' dir='ltr'>Θαυμάσαι</span> <span class='ocrx_word' id='word_1_811' title='bbox 3033 4890 3078 4942; x_wconf 75' lang='grc' dir='ltr'>δ’</span> <span class='ocrx_word' id='word_1_812' title='bbox 3126 4888 3190 4943; x_wconf 82' lang='grc' dir='ltr'>ἄν</span> <span class='ocrx_word' id='word_1_813' title='bbox 3231 4905 3316 4950; x_wconf 87' lang='grc' dir='ltr'><strong>τις</strong></span> <span class='ocrx_word' id='word_1_814' title='bbox 3355 4886 3444 4940; x_wconf 80' lang='grc' dir='ltr'>τοῦ</span> <span class='ocrx_word' id='word_1_815' title='bbox 3490 4884 3734 4956; x_wconf 73' lang='grc' dir='ltr'>μαθητοῦ</span> 
     </span>
    </p>
   </div>
   <div class='ocr_carea' id='block_1_107' title="bbox 2156 4977 3736 5058">
    <p class='ocr_par' dir='ltr' id='par_1_107' title="bbox 2156 4977 3736 5058">
     <span class='ocr_line' id='line_1_108' title="bbox 2156 4977 3736 5058; baseline -0.008 -17"><span class='ocrx_word' id='word_1_816' title='bbox 2156 4987 2230 5058; x_wconf 82' lang='grc' dir='ltr'>μὴ</span> <span class='ocrx_word' id='word_1_817' title='bbox 2260 4984 2642 5055; x_wconf 84' lang='grc' dir='ltr'>αἰσχυνόμενος</span> <span class='ocrx_word' id='word_1_818' title='bbox 2665 4985 2756 5037; x_wconf 72' lang='grc' dir='ltr'><strong>ἐπὶ</strong></span> <span class='ocrx_word' id='word_1_819' title='bbox 2789 4986 2855 5054; x_wconf 81' lang='grc' dir='ltr'>τῇ</span> <span class='ocrx_word' id='word_1_820' title='bbox 2887 4982 2979 5034; x_wconf 80' lang='grc' dir='ltr'><strong>τοῦ</strong></span> <span class='ocrx_word' id='word_1_821' title='bbox 3006 4979 3321 5033; x_wconf 81' lang='grc' dir='ltr'>διδασκάλου</span> <span class='ocrx_word' id='word_1_822' title='bbox 3354 4977 3572 5046; x_wconf 67' lang='grc' dir='ltr'>ἀτιμία,</span> <span class='ocrx_word' id='word_1_823' title='bbox 3609 4977 3736 5030; x_wconf 60' lang='grc' dir='ltr'>ἀλλὰ</span> 
     </span>
    </p>
   </div>
   <div class='ocr_carea' id='block_1_108' title="bbox 2159 5071 3735 5151">
    <p class='ocr_par' dir='ltr' id='par_1_108' title="bbox 2159 5071 3735 5151">
     <span class='ocr_line' id='line_1_109' title="bbox 2159 5071 3735 5151; baseline -0.009 -18"><span class='ocrx_word' id='word_1_824' title='bbox 2159 5080 2297 5151; x_wconf 78' lang='grc' dir='ltr'>μετὰ</span> <span class='ocrx_word' id='word_1_825' title='bbox 2330 5077 2644 5150; x_wconf 65' lang='grc' dir='ltr'>παρρησίας</span> <span class='ocrx_word' id='word_1_826' title='bbox 2675 5077 2775 5147; x_wconf 81' lang='grc' dir='ltr'>τὴν</span> <span class='ocrx_word' id='word_1_827' title='bbox 2832 5077 2912 5138; x_wconf 80' lang='grc' dir='ltr'>εἰς</span> <span class='ocrx_word' id='word_1_828' title='bbox 2950 5073 3111 5128; x_wconf 76' lang='grc' dir='ltr'>αὑτὸν</span> <span class='ocrx_word' id='word_1_829' title='bbox 3158 5071 3538 5140; x_wconf 71' lang='grc' dir='ltr'>γεγενημένην</span> <span class='ocrx_word' id='word_1_830' title='bbox 3588 5071 3735 5139; x_wconf 80' lang='grc' dir='ltr'>ὔὸριν</span> 
     </span>
    </p>
   </div>
   <div class='ocr_carea' id='block_1_109' title="bbox 3559 4609 3722 4624">
    <p class='ocr_par' dir='ltr' id='par_1_109' title="bbox 3559 4609 3722 4624">
     <span class='ocr_line' id='line_1_110' title="bbox 3559 4609 3722 4624; baseline -0.012 0"><span class='ocrx_word' id='word_1_831' title='bbox 3559 4609 3722 4624; x_wconf 62' lang='lat' dir='ltr'><strong>——-—‘V&quot;</strong></span> 
     </span>
    </p>
   </div>
   <div class='ocr_carea' id='block_1_110' title="bbox 2162 5231 3735 5314">
    <p class='ocr_par' dir='ltr' id='par_1_110' title="bbox 2162 5231 3735 5314">
     <span class='ocr_line' id='line_1_111' title="bbox 2162 5231 3735 5314; baseline -0.01 -14"><span class='ocrx_word' id='word_1_832' title='bbox 2162 5244 2471 5303; x_wconf 74' lang='lat' dir='ltr'><strong>Aristaeneti</strong></span> <span class='ocrx_word' id='word_1_833' title='bbox 2497 5243 2802 5314; x_wconf 31' lang='lat' dir='ltr'><strong>epist.*cur.</strong></span> <span class='ocrx_word' id='word_1_834' title='bbox 2823 5241 3100 5314; x_wconf 82' lang='lat' dir='ltr'><strong>_Abresch.</strong></span> <span class='ocrx_word' id='word_1_835' title='bbox 3127 5238 3343 5314; x_wconf 56' lang='lat' dir='ltr'><strong>Z_woll&#39;.e</strong></span> <span class='ocrx_word' id='word_1_836' title='bbox 3365 5235 3502 5314; x_wconf 61' lang='lat' dir='ltr'><strong>I759</strong></span> <span class='ocrx_word' id='word_1_837' title='bbox 3536 5252 3591 5304; x_wconf 91' lang='lat' dir='ltr'><strong>p.</strong></span> <span class='ocrx_word' id='word_1_838' title='bbox 3615 5231 3735 5314; x_wconf 65' lang='grc' dir='ltr'>μδ)</span> 
     </span>
    </p>
   </div>
   <div class='ocr_carea' id='block_1_111' title="bbox 2161 5307 3738 5388">
    <p class='ocr_par' dir='ltr' id='par_1_111' title="bbox 2161 5307 3738 5388">
     <span class='ocr_line' id='line_1_112' title="bbox 2161 5307 3738 5388; baseline -0.009 -18"><span class='ocrx_word' id='word_1_839' title='bbox 2161 5319 2261 5388; x_wconf 82' lang='grc' dir='ltr'>τῆς</span> <span class='ocrx_word' id='word_1_840' title='bbox 2298 5307 2625 5388; x_wconf 50' lang='grc' dir='ltr'>ζημίας-1η</span> <span class='ocrx_word' id='word_1_841' title='bbox 2651 5311 3136 5388; x_wconf 67' lang='lat' dir='ltr'><strong>Theodoretoharc</strong></span> <span class='ocrx_word' id='word_1_842' title='bbox 3164 5309 3334 5388; x_wconf 79' lang='lat' dir='ltr'><strong>forma</strong></span> <span class='ocrx_word' id='word_1_843' title='bbox 3361 5307 3574 5388; x_wconf 65' lang='lat' dir='ltr'><strong>saepius</strong></span> 
     </span>
    </p>
   </div>
   <div class='ocr_carea' id='block_1_112' title="bbox 2161 5377 3739 5457">
    <p class='ocr_par' dir='ltr' id='par_1_112' title="bbox 2161 5377 3739 5457">
     <span class='ocr_line' id='line_1_113' title="bbox 2161 5377 3739 5457; baseline -0.009 -17"><span class='ocrx_word' id='word_1_844' title='bbox 2161 5377 2270 5442; x_wconf 67' lang='lat' dir='ltr'><strong>tur.</strong></span> <span class='ocrx_word' id='word_1_845' title='bbox 2308 5377 2386 5441; x_wconf 41' lang='lat' dir='ltr'><strong>VI</strong></span> <span class='ocrx_word' id='word_1_846' title='bbox 2408 5377 2572 5457; x_wconf 70' lang='lat' dir='ltr'><strong>indic.</strong></span> <span class='ocrx_word' id='word_1_847' title='bbox 2613 5383 2716 5457; x_wconf 86' lang='lat' dir='ltr'><strong>ed._</strong></span> <span class='ocrx_word' id='word_1_848' title='bbox 2747 5381 2878 5457; x_wconf 65' lang='lat' dir='ltr'><strong>lial.</strong></span> <span class='ocrx_word' id='word_1_849' title='bbox 2901 5398 2969 5457; x_wconf 83' lang='lat' dir='ltr'><strong>s._</strong></span> <span class='ocrx_word' id='word_1_850' title='bbox 2992 5378 3405 5457; x_wconf 63' lang='grc' dir='ltr'>ἀπηλαύσαμεν.</span> <span class='ocrx_word' id='word_1_851' title='bbox 3436 5377 3502 5457; x_wconf 54' lang='lat' dir='ltr'><strong>si</strong></span> <span class='ocrx_word' id='word_1_852' title='bbox 3526 5386 3739 5457; x_wconf 49' lang='lat' dir='ltr'><strong>catena</strong></span> 
     </span>
    </p>
   </div>
   <div class='ocr_carea' id='block_1_113' title="bbox 2159 5446 3738 5523">
    <p class='ocr_par' dir='ltr' id='par_1_113' title="bbox 2159 5446 3738 5523">
     <span class='ocr_line' id='line_1_114' title="bbox 2159 5446 3738 5523; baseline -0.011 -11"><span class='ocrx_word' id='word_1_853' title='bbox 2159 5460 2314 5523; x_wconf 81' lang='lat' dir='ltr'><strong>lides,</strong></span> <span class='ocrx_word' id='word_1_854' title='bbox 2349 5455 2670 5511; x_wconf 87' lang='lat' dir='ltr'><strong>Theodorus</strong></span> <span class='ocrx_word' id='word_1_855' title='bbox 2707 5452 2846 5506; x_wconf 80' lang='lat' dir='ltr'><strong>infra</strong></span> <span class='ocrx_word' id='word_1_856' title='bbox 2905 5452 2972 5506; x_wconf 91' lang='lat' dir='ltr'><strong>ad</strong></span> <span class='ocrx_word' id='word_1_857' title='bbox 3025 5446 3186 5507; x_wconf 79' lang='lat' dir='ltr'><strong>Joan.</strong></span> <span class='ocrx_word' id='word_1_858' title='bbox 3210 5446 3300 5511; x_wconf 56' lang='lat' dir='ltr'><strong>vr,</strong></span> <span class='ocrx_word' id='word_1_859' title='bbox 3335 5448 3388 5511; x_wconf 76' lang='grc'>5,</span> <span class='ocrx_word' id='word_1_860' title='bbox 3428 5446 3738 5516; x_wconf 76' lang='grc' dir='ltr'>ὴρύθμιζεν</span> 
     </span>
    </p>
   </div>
   <div class='ocr_carea' id='block_1_114' title="bbox 2158 5529 2399 5584">
    <p class='ocr_par' dir='ltr' id='par_1_114' title="bbox 2158 5529 2399 5584">
     <span class='ocr_line' id='line_1_115' title="bbox 2158 5529 2399 5584; baseline -0.025 0"><span class='ocrx_word' id='word_1_861' title='bbox 2158 5529 2399 5584; x_wconf 74' lang='lat' dir='ltr'><strong>Scripsit.</strong></span> 
     </span>
    </p>
   </div>
   <div class='ocr_carea' id='block_1_115' title="bbox 2229 5547 3742 5670">
    <p class='ocr_par' dir='ltr' id='par_1_115' title="bbox 2229 5547 3742 5670">
     <span class='ocr_line' id='line_1_116' title="bbox 2229 5547 3742 5670; baseline -0.009 -18"><span class='ocrx_word' id='word_1_862' title='bbox 2229 5547 2614 5670; x_wconf 47' lang='lat' dir='ltr'><strong>Egisiiactenus</strong></span> <span class='ocrx_word' id='word_1_863' title='bbox 2640 5595 3008 5670; x_wconf 62' lang='lat' dir='ltr'><strong>fragmentum</strong></span> <span class='ocrx_word' id='word_1_864' title='bbox 3049 5601 3136 5648; x_wconf 90' lang='lat' dir='ltr'><strong>est</strong></span> <span class='ocrx_word' id='word_1_865' title='bbox 3162 5591 3332 5670; x_wconf 79' lang='lat' dir='ltr'><strong>etiam</strong></span> <span class='ocrx_word' id='word_1_866' title='bbox 3345 5585 3508 5670; x_wconf 81' lang='lat' dir='ltr'><strong>apud</strong></span> <span class='ocrx_word' id='word_1_867' title='bbox 3539 5585 3742 5670; x_wconf 74' lang='lat' dir='ltr'><strong>Corde-</strong></span> 
     </span>
    </p>
   </div>
   <div class='ocr_carea' id='block_1_116' title="bbox 2154 5658 3738 5734">
    <p class='ocr_par' dir='ltr' id='par_1_116' title="bbox 2154 5658 3738 5734">
     <span class='ocr_line' id='line_1_117' title="bbox 2154 5658 3738 5734; baseline -0.011 -10"><span class='ocrx_word' id='word_1_868' title='bbox 2154 5658 2300 5724; x_wconf 49' lang='lat' dir='ltr'><strong>riu‘m&#39;</strong></span> <span class='ocrx_word' id='word_1_869' title='bbox 2324 5670 2376 5722; x_wconf 89' lang='lat' dir='ltr'><strong>in</strong></span> <span class='ocrx_word' id='word_1_870' title='bbox 2405 5667 2634 5720; x_wconf 83' lang='lat' dir='ltr'><strong>Catena.</strong></span> <span class='ocrx_word' id='word_1_871' title='bbox 2667 5658 2850 5734; x_wconf 66' lang='lat' dir='ltr'><strong>Pergit</strong></span> <span class='ocrx_word' id='word_1_872' title='bbox 2902 5679 3028 5718; x_wconf 82' lang='lat' dir='ltr'><strong>vere</strong></span> <span class='ocrx_word' id='word_1_873' title='bbox 3069 5659 3518 5734; x_wconf 80' lang='lat' dir='ltr'><strong>multo_u_lterius</strong></span> <span class='ocrx_word' id='word_1_874' title='bbox 3563 5658 3738 5734; x_wconf 58' lang='lat' dir='ltr'><strong>codex</strong></span> 
     </span>
    </p>
   </div>
   <div class='ocr_carea' id='block_1_117' title="bbox 2162 5726 3742 5809">
    <p class='ocr_par' dir='ltr' id='par_1_117' title="bbox 2162 5726 3742 5809">
     <span class='ocr_line' id='line_1_118' title="bbox 2162 5726 3742 5809; baseline -0.009 -16"><span class='ocrx_word' id='word_1_875' title='bbox 2162 5741 2382 5809; x_wconf 67' lang='lat' dir='ltr'><strong>Reginae</strong></span> <span class='ocrx_word' id='word_1_876' title='bbox 2410 5737 2621 5790; x_wconf 74' lang='lat' dir='ltr'><strong>Sueciae</strong></span> <span class='ocrx_word' id='word_1_877' title='bbox 2655 5735 2740 5800; x_wconf 74' lang='lat' dir='ltr'><strong>IX,</strong></span> <span class='ocrx_word' id='word_1_878' title='bbox 2772 5726 2860 5806; x_wconf 71' lang='lat' dir='ltr'><strong>ap.</strong></span> <span class='ocrx_word' id='word_1_879' title='bbox 2895 5738 3033 5806; x_wconf 80' lang='lat' dir='ltr'><strong>Aug.</strong></span> <span class='ocrx_word' id='word_1_880' title='bbox 3075 5732 3186 5788; x_wconf 83' lang='lat' dir='ltr'><strong>Mai</strong></span> <span class='ocrx_word' id='word_1_881' title='bbox 3227 5730 3365 5785; x_wconf 82' lang='lat' dir='ltr'><strong>Bibl.</strong></span> <span class='ocrx_word' id='word_1_882' title='bbox 3407 5745 3528 5782; x_wconf 77' lang='lat' dir='ltr'><strong>nov.</strong></span> <span class='ocrx_word' id='word_1_883' title='bbox 3584 5726 3742 5781; x_wconf 82' lang='lat' dir='ltr'><strong>Patr.</strong></span> 
     </span>
    </p>
   </div>
   <div class='ocr_carea' id='block_1_118' title="bbox 2161 5809 2691 5880">
    <p class='ocr_par' dir='ltr' id='par_1_118' title="bbox 2161 5809 2691 5880">
     <span class='ocr_line' id='line_1_119' title="bbox 2161 5809 2691 5880; baseline -0.009 -15"><span class='ocrx_word' id='word_1_884' title='bbox 2161 5826 2257 5876; x_wconf 84' lang='lat' dir='ltr'><strong>vu,</strong></span> <span class='ocrx_word' id='word_1_885' title='bbox 2293 5827 2345 5880; x_wconf 92' lang='lat' dir='ltr'><strong>p.</strong></span> <span class='ocrx_word' id='word_1_886' title='bbox 2378 5809 2502 5864; x_wconf 75' lang='lat'><strong>396.</strong></span> <span class='ocrx_word' id='word_1_887' title='bbox 2535 5809 2691 5862; x_wconf 80' lang='grc' dir='ltr'>Ευιτ.</span> 
     </span>
    </p>
   </div>
  </div>
