3904 6554
305 387 410 442 ’7ῧὸ

1434 389 1498 444 IN
1564 383 2010 442 EVANGELIUM
2081 387 2384 449 JOANNIS.

3463 392 3580 448 7587.

301 511 712 584 ἀναγράφοντας
740 530 760 543 σ
783 513 876 567 καὶ
900 513 1056 568 τοῦτο
1086 515 1142 569 δέ
1169 516 1230 569 οὐ
1259 514 1454 586 μικρὸν
1490 515 1552 568 τὸ
1583 514 1874 585 φιλαληθες

2022 517 2308 572 eracitatis
2341 513 2790 591 characte'i'isque
2821 535 3033 575 eorum.
3056 518 3326 574 Caeterum
3359 532 3583 570 vexam-

304 605 486 660 αὐτῶν
516 606 717 677 τρόπου
765 623 824 658 τε
853 608 1152 678 τεκμήριον
1172 625 1186 638 ·
1232 609 1324 661 καὶ
1363 608 1536 672 ἄλλως
1567 608 1623 660 δὲ
1656 609 1746 661 τὸν
1801 609 1884 660 αι-

309 698 640 770 σχυνόμενον
669 698 807 769 ὑπὲρ
831 698 947 752 τῶν.
975 699 1294 770 ὑϐρικότων,
1331 701 1426 768 οὐχ
1457 702 1596 771 ὑπερ
1618 699 1714 752 τοῦ
1752 717 1888 769 παρ-

305 790 617 861 οινηθέντος
684 789 1032 861 αἰσχύνεσθαι
1111 792 1215 861 χρή
1251 811 1264 823 ·
1343 786 1498 855 οὗτος
1555 793 1665 862 γὰρ
1719 791 1892 862 ταύτῃ

312 883 516 954 μᾶλλον
554 882 815 954 ἔλαμψεν,
853 884 945 936 καὶ
982 885 1120 954 μετὰ
1158 884 1254 956 τὴν
1290 883 1447 956 ὓϐριν
1473 885 1740 955 τοσαύτην
1783 882 1892 936 τῶν

310 975 617 1046 ὑδρικότων
643 974 967 1046 ποιούμενος
1006 976 1263 1047 πρόνοιαν
1291 993 1305 1008 ο
1338 977 1533 1028 ἐκεῖνοι
1565 975 1621 1028 δὲ
1650 973 1894 1044 ἀγνώμο-

308 1084 402 1128 νες
432 1068 529 1120 καὶ
565 1067 750 1137 μιαροὶ
775 1068 924 1138 παρὰ
948 1070 1112 1122 πᾶσιν
1141 1068 1437 1139 ἐφάνησαν,
1468 1067 1558 1120 τὸν
1589 1068 1680 1119 ἐπὶ
1700 1067 1893 1118 τοσού-

307 1174 422 1208 των
461 1159 906 1228 παραγενόμενον
941 1159 1158 1226 ἀγαθῶν
1205 1159 1281 1223 ὡς
1319 1158 1510 1230 ἐχθρὸν
1543 1159 1894 1228 ἀπωσάμενοι

307 1248 408 1300 καὶ
452 1248 712 1319 πολέμιον
733 1267 748 1281 ο
779 1250 840 1302 οὑ
869 1251 1043 1323 ταύτῃ
1073 1250 1233 1320 μόνον
1261 1250 1591 1321 ἐϐλάκησαν,
1629 1248 1766 1304 ἀλλὰ
1800 1250 1895 1303 καὶ

307 1340 389 1410 τῷ
416 1340 489 1413 μὴ
521 1345 704 1413 τυχεῖν
733 1335 806 1396 ὧν
835 1343 1098 1414 ἔτυχον-οἱ
1125 1343 1378 1406 λαϐόντες
1408 1343 1588 1396 αὐτόν.

386 1435 537 1504 Στίχ.
570 1435 652 1488 ιδ’.
683 1464 749 1475 —-
793 1436 1004 1507 Σκηνὴν
1041 1436 1098 1489 δὲ
1131 1437 1206 1505 (Ι)
1256 1438 1348 1490 καὶ
1382 1436 1472 1488 ἐπὶ
1519 1434 1820 1506 ἀνθρώπων
1868 1436 1896 1487 ὁ

328 1525 385 1575 Ἀ
397 1526 650 1588 πόστολος
674 1527 732 1579 τὸ
758 1527 915 1597 σῶμα
941 1526 1111 1592 καλεῖ,
1136 1528 1310 1596 λέγων
1327 1545 1340 1557 ο
1369 1527 1476 1582 Καὶ
1505 1526 1615 1597 γὰρ
1644 1529 1696 1580 οἱ
1727 1525 1895 1592 ὄντες

314 1617 388 1668 ἐν
414 1617 493 1682 τῷ
515 1617 728 1684 σκήνει
750 1618 1139 1690 στενάζομενο
1171 1621 1262 1674 καὶ
1297 1621 1477 1684 πάλιν,
1521 1619 1774 1688 Οἴδαμεν
1809 1618 1899 1672 ὅτι

316 1705 432 1758 ἐὰν
466 1708 504 1774 ἡ
541 1708 802 1777 ἐπίγειος
844 1708 1013 1778 ἡμῶν
1057 1709 1216 1763 οἰκία
1255 1709 1360 1764 τοῦ
1402 1708 1674 1777 σκήνους
1717 1723 1897 1760 κατα-

318 1798 502 1867 λυθῇ.
555 1799 775 1870 ’ἰδίωμα
809 1801 865 1876 δέ
900 1801 997 1871 τῆς
1027 1801 1252 1872 Γραφῆς
1299 1799 1408 1853 ἀπὸ
1439 1799 1540 1868 τῆς
1575 1799 1775 1870 σαρκὸς
1806 1799 1897 1851 τὸν

320 1865 750 1963 ὂλονήάνθρωπον
781 1865 983 1951 καλεῖν,
1015 1865 1090 1956 ὡς
1263 1890 1418 1958 Πρὸς
1443 1865 1517 1943 σέ
1546 1865 1715 1944 πᾶονα
1741 1888 1897 1958 σὰρξ
1931 1865 1973 1920 Β

320 1983 492 2052 ἥξει·
551 1986 646 2039 καὶ
681 1987 740 2038 τὸ
762 2028 776 2050 ,
831 1986 1052 2056 Ἐκχεῶ
1094 1986 1213 2042 ἀπὸ
1259 1985 1366 2040 τοῦ
1398 1976 1741 2054 Πνεύματό(
1780 2000 1900 2052 μου

320 2078 423 2132 ἐπὶ
453 2077 660 2134 πᾶσαν
696 2078 914 2148 σάρκα.

397 2260 546 2330 Στίχ.
580 2266 662 2316 ιε’.
694 2291 760 2299 -
779 2260 852 2312 Τὸ
882 2259 980 2330 (2),
1004 2260 1220 2323 ὀπίσω,
1251 2258 1612 2328 ἔμπροσθεν,
1646 2257 1786 2311 κατὰ
1804 2256 1904 2328 τὴν

323 2350 482 2418 δόξαν
529 2352 675 2423 λέγει
723 2354 817 2406 καὶ
850 2354 948 2424 τὴν
998 2353 1149 2424 παρὰ
1182 2351 1490 2424 ἀνθρώποις
1523 2350 1820 2420 ὑπόληψιν)
1855 2350 1905 2401 εί

323 2444 404 2510 δὲ,
436 2444 715 2515 Γέγονεν,
753 2441 903 2500 εἶπεν
931 2447 1053 2500 ἀντὶ
1083 2445 1198 2509 τοῦ,
1227 2446 1518 2516 Γενήσεται
1541 2487 1556 2510 ,
1597 2444 1655 2496 οὐ
1691 2443 1904 2513 θαυμα-

327 2537 487 2589 στόν·
523 2535 659 2607 πρὸς
684 2535 792 2604 γὰρ
824 2536 902 2606 τῷ
924 2536 1090 2608 χύδην
1129 2535 1478 2609 εὑρίσκεσθαι
1521 2537 1722 2606 ταύτην
1753 2537 1812 2588 ἐν
1837 2537 1904 2606 τῇ

326 2626 450 2700 θείᾳ
470 2629 658 2700 Γραφῇ
688 2629 786 2700 τὴν
816 2629 1124 2700 συνήθειαν,
1155 2629 1234 2682 ἐτι
1264 2630 1358 2682 καὶ
1394 2629 1486 2682 τὸν
1520 2627 1906 2698 εὐαγγελιστὴν

323 2723 386 2777 ἐν
419 2726 532 2786 τοῖς
563 2722 817 2794 ἀνωτέρω
866 2721 1037 2786 οὕτως
1082 2724 1340 2794 εἰρηκότα
1372 2722 1676 2793 ἐδείξαμεν,
1709 2721 1789 2782 τὸ,
1827 2722 1909 2773 Οὐ

324 2815 676 2880 κατέλαϐεν,
699 2815 882 2885 σαφῶς
906 2816 1144 2879 εἰπόντα,
1171 2818 1290 2871 ἀντὶ
1309 2817 1422 2884 τοῦ,
1446 2817 1640 2871 Οὐκέτι
1659 2817 1907 2888 λήψεται.

401 2906 550 2975 Στίχ.
576 2905 678 2969 κζ’.
707 2936 773 2946 --
799 2905 980 2976 Μηδὲν
1018 2903 1366 2976 ὑφορώμενος
1403 2904 1541 2976 μετὰ
1571 2905 1672 2974 τῆς
1745 2919 1913 2974 προσι

322 2994 572 3064 ηκούσης
596 2994 902 3066 ἐλευθερίας
924 2995 990 3048 τὰ
1006 2996 1132 3063 περὶ
1153 2994 1246 3047 τοῦ
1271 2994 1506 3065 Χριστοῦ
1529 2996 1693 3048 πᾶσιν
1710 2995 1885 3061 άνακη
1900 3022 1915 3033 ο

327 3085 522 3158 ρὺττει
549 3088 576 3139 ὁ
616 3085 884 3156 μακάριος
927 3087 1212 3158 Ἰωάννης⁶
1248 3087 1335 3140 διὰ
1372 3085 1480 3158 γάρ
1511 3087 1666 3139 τοῦτο
1705 3087 1795 3139 καὶ
1821 3085 1914 3138 τὸν

1971 609 2139 664 tibus
2167 611 2519 667 contumeliis
2547 613 2907 681 erubescens,
2942 619 3196 667 vexatura
3224 625 3335 664 non
3365 609 3567 666 erube-

1991 717 2144 758 scere
2173 702 2334 757 debet
2357 719 2372 767 ;
2393 701 2472 756 sic
2496 704 2640 758 enim
2666 711 2817 758 tanto
2843 704 3020 774 magis
3050 700 3407 773 splendescit,
3442 715 3567 754 cum

1992 797 2282 865 imprimis,
2306 796 2511 852 talibus
2528 796 2884 851 contumeliis
2914 795 3210 866 perpessis,
3240 791 3570 848 vexantibus

1993 888 2264 958 providet.
2301 887 2380 942 Illi
2421 887 2573 942 stulti
2613 887 2980 958 sacrilegique
3010 887 3268 940 oninihus
3301 900 3570 955 apparue-

1998 990 2149 1042 runt,
2179 996 2326 1045 cum,
2357 981 2448 1048 qui
2477 987 2698 1048 propter
2742 979 2945 1032 bonum
2990 983 3240 1038 venerat,
3278 976 3404 1029 boni
3449 985 3570 1028 tan-

1997 1077 2188 1144 quam'
2214 1073 2496 1126 inimicum
2527 1078 2581 1126 et
2622 1071 2834 1124 hostem
2873 1068 3203 1138 repellendo.
3242 1065 3357 1121 Non
3391 1067 3570 1122 solum

1997 1170 2052 1222 in
2098 1170 2201 1221 hoc
2229 1174 2582 1229 erraverunt,
2633 1165 2739 1220 sed
2783 1164 2948 1220 etiam
3001 1177 3109 1216 non
3172 1161 3566 1233 consequendo

1998 1263 2144 1332 quod
2182 1259 2465 1316 consecuti
2496 1264 2625 1315 sunt
2651 1257 2744 1328 qui
2780 1271 2905 1311 eum
2933 1261 3278 1324 receperunt.

2069 1437 2720 1507 Vasti—Apostolus
2750 1436 2914 1490 etiam
2944 1433 3246 1488 humanum
3273 1446 3474 1501 corpus
3500 1439 3576 1483 ta-

1999 1531 2354 1586 bernaculum
2386 1530 2642 1600 appellat,
2678 1528 2868 1582 dicens
2904 1528 3082 1580 :Nam
3119 1535 3165 1578 et
3211 1525 3498 1594 quisumus
3521 1524 3576 1575 in

1999 1627 2096 1678 hoc
2153 1623 2496 1677 tabernaculo
2522 1662 2538 1686 ,
2574 1621 2964 1692 ingemiscimus
3002 1616 3101 1688 (11
3135 1616 3259 1672 Cor.
3303 1632 3355 1678 γ,
3384 1613 3472 1684 4).
3511 1613 3577 1667 Et

2001 1718 2198 1772 iterum
2233 1734 2247 1771 :
2282 1714 2490 1770 Scimus
2518 1715 2768 1784 quoniam
2790 1713 2835 1766 si
2877 1711 3140 1764 terrestris
3171 1708 3360 1762 domus
3395 1715 3578 1761 nostra

2001 1811 2156 1880 hujus
2192 1808 2536 1863 habitationis
2585 1807 2909 1861 dissolvatur
2945 1803 3140 1876 (ibid.,
3172 1802 3259 1873 1).
3301 1799 3578 1857 Usitatum

2003 1916 2182 1959 autem
2205 1903 2523 1972 Scriptum,
2548 1917 2578 1955 a
2596 1915 2761 1954 carne
2781 1906 2954 1953 totum
2977 1896 3256 1950 hominem
3277 1893 3579 1964 appellare,

2005 2010 2063 2054 ut
2087 1999 2142 2053 in
2170 1998 2263 2052 illo
2298 2016 2311 2051 :
2345 1996 2426 2049 Ad
2452 2007 2497 2050 te
2525 1996 2694 2049 omnis
2725 2011 2850 2048 caro
2890 1993 3055 2045 ueniet
3106 1989 3280 2060 (Psat.
3312 2004 3460 2052 wa,
3497 1987 3579 2056 2}.

2003 2089 2071 2143 Et
2094 2093 2147 2144 in
2169 2105 2273 2145 eo:
2307 2088 2598 2157 Eﬂ'undam
2616 2087 2677 2141 de
2695 2087 2885 2155 spiritu
2918 2101 3029 2138 meo
3052 2097 3207 2150 super
3228 2096 3434 2133 onmem
3460 2096 3584 2133 car-

2006 2197 2124 2235 nem
2155 2179 2315 2246 (Joel.
2344 2196 2405 2242 Il,
2433 2178 2546 2247 28).

2077 2271 2245 2329 Vens.
2284 2271 2369 2325 15.
2397 2300 2464 2310 -
2493 2269 2623 2324 Post
2668 2277 2723 2326 et
2752 2278 2874 2324 ante
2898 2269 3052 2339 juxta
3085 2270 3396 2339 opinionem
3429 2265 3581 2330 dicit,

2007 2377 2170 2436 atque
2230 2365 2299 2420 ad
2361 2364 2696 2420 intellectum
2750 2362 3056 2417 hominum.
3101 2361 3159 2417 Si
3214 2361 3346 2415 dicit
3379 2360 3583 2429 factum

2007 2469 2086 2514 est
2114 2459 2220 2513 hoc
2250 2465 2333 2514 est
2367 2473 2465 2528 pro
2487 2457 2576 2526 fiet
2600 2474 2618 2520 ;
2647 2455 2782 2527 quid
2810 2456 3012 2510 mirum
3037 2455 3061 2508 ?
3106 2471 3230 2510 cum
3274 2449 3588 2507 ostenderi-

2008 2568 2135 2608 mus
2155 2553 2294 2606 banc
2338 2567 2459 2607 esse
2495 2549 2798 2620 Scriptura:
2847 2563 3016 2603 sacra:
3065 2549 3168 2603 hoc
3212 2561 3452 2618 persaepe
3502 2542 3588 2597 di-

2009 2645 2166 2700 cendi
2186 2643 2670 2705 consuetudinem,
2698 2649 2946 2697 nostrum
2987 2642 3150 2696 etiam
3173 2639 3586 2709 Evangelistam

2011 2738 2222 2793 dixisse
2259 2752 2467 2806 supra:
2515 2754 2619 2790 non
2674 2733 3176 2803 comprehenderunt
3210 2733 3305 2800 (v.
3334 2731 3426 2801 6.)
3485 2746 3588 2802 pro

2014 2828 2465 2897 comprehendent.

2090 2920 2251 2978 Vens.
2305 2921 2397 2974 27.
2425 2949 2498 2962 -—
2536 2917 2682 2972 Nihil
2717 2917 3008 2983 suspicans
3050 2922 3239 2984 aperta
3291 2912 3545 2967 libertate
3571 2949 3586 2971 ,

2015 3026 2138 3081 quae
2163 3010 2230 3064 ad
2251 3009 2534 3064 Christum
2561 3017 2836 3078 spectant,
2873 3005 3171 3060 annuntiat
3197 3004 3391 3058 beatus
3424 2998 3591 3054 Joan-

2017 3122 2137 3160 nes.
2177 3105 2302 3159 ldeo
2327 3113 2508 3158 autem
2530 3104 2699 3157 etiam
2733 3102 2914 3172 signat
2950 3101 3128 3154 locum
3153 3099 3240 3168 (v.
3267 3093 3385 3167 28.)
3420 3092 3594 3148 Evan-

322 3178 498 3231 τόπον
530 3178 948 3248 ἐπισημαίνεται
985 3179 1013 3230 ό
1047 3177 1438 3249 εὐαγγελιστὴς
1461 3219 1475 3243 ,
1510 3179 1596 3230 ἵνα
1631 3178 1728 3247 τὴν
1771 3178 1911 3246 παρο

340 3268 529 3288 ικ,ι,η.
567 3267 721 3288 D,IP__
782 3269 866 3288 ἀμ-
1001 3287 1025 3288 ,,
1067 3270 1084 3288 ἢ
1324 3270 1337 3288 9
1390 3287 1395 3288 ,
1524 3271 1617 3288 ,',,
1650 3285 1767 3288 ___A_
1824 3267 1911 3288 _\_.

2021 3197 2232 3269 gelista,
2269 3197 2337 3250 ad
2375 3195 2628 3250 ﬁduciam
2662 3193 2930 3264 praeconis
2961 3206 3157 3261 magna
3212 3185 3592 3243 annuntiantis

326 3268 530 3341 ῥησίαν
562 3267 724 3333 δείξει
774 3269 868 3323 τοῦ
923 3270 1440 3340 μεγαλοφωνοτάτου
1500 3271 1769 3341 κήρυκοςο
1820 3267 1912 3320 τὸν

2021 3289 2436 3346 ostendendam.
2467 3287 2602 3344 Cum
2631 3288 2777 3342 enim
2812 3288 2877 3339 atl
2909 3284 3204 3339 Jortlanem
3257 3279 3592 3346 devenisset,

323 3362 441 3434 γὰρ
475 3361 744 3433 Ἰορδάνην
779 3363 1124 3430 καταλαϐὼν,
1160 3365 1218 3416 ἐν
1267 3365 1417 3434 μέσῳ
1449 3363 1526 3433 τῷ
1553 3361 1746 3433 πλήθει
1773 3378 1914 3431 παρ-

325 3456 502 3511 όντων
536 3460 789 3512 ἁπάντων
835 3457 940 3509 τῶν
995 3457 1085 3509 ὑπ’
1117 3457 1278 3510 αὐτοῦ
1333 3456 1744 3526 βαπτιζομένων
1793 3458 1915 3527 (βα-

323 3549 574 3616 πτίζοντι
597 3551 702 3621 γὰρ
735 3550 1040 3621 ἐπέστησαν
1069 3551 1116 3602 οἱ
1159 3549 1442 3616 Ἰουδαῖοι),
1480 3549 1576 3621 τὴν
1599 3547 1916 3621 θαυμαστὴν

325 3643 552 3713 ἐκείνην
611 3642 806 3714 ἐρρηξε
852 3635 1071 3712 φωνήν⁸
1131 3644 1252 3695 Οὐκ
1304 3642 1420 3710 εἰμὶ
1479 3641 1684 3708 ἱκανὸς
1729 3641 1919 3695 λῦσαι

327 3735 444 3790 τὸν
469 3734 684 3805 ἱμάντα
709 3735 814 3789 τοῦ
833 3734 1217 3804 ὑποδήματος
1247 3734 1455 3789 αὑτοῦ.

408 3827 557 3898 Στίχ.
590 3827 697 3897 κη’.
736 3857 805 3867 -
836 3826 1021 3881 Ταῦτα
1059 3827 1114 3880 δὲ
1154 3828 1371 3896 ἐγένετο
1408 3827 1508 3879 οὐκ
1539 3828 1596 3880 ἐν
1632 3829 1700 3897 τῇ
1746 3825 1920 3895 Βηθα-

329 3919 429 3990 νίᾳ
455 3961 470 3982 ,
503 3917 618 3972 ἀλλ’
647 3921 704 3972 ἐν
725 3921 792 3990 τῇ
824 3918 1068 3990 Βηθαρᾷ,
1100 3917 1174 3982 ὡς
1199 3917 1268 3970 τὰ
1299 3918 1500 3988 ἀκριϐῆ
1538 3917 1780 3988 περιέχει
1811 3915 1920 3969 τῶν

331 4012 689 4082 ἀντιγράφων
710 4029 722 4042 ·
754 4014 789 4083 ὴ
828 4011 938 4083 γὰρ
970 4010 1208 4083 Βηθανία
1247 4011 1367 4081 οὐχὶ
1396 4009 1571 4080 πέραν
1614 4010 1877 4080 Ἰορδάνου
1903 4053 1918 4076 ,

330 4106 460 4160 οὐδὲ
489 4105 582 4158 ἐπὶ
608 4105 707 4175 τῆς
741 4105 948 4178 ἐρήμου
968 4100 1057 4176 ἦν,
1081 4104 1195 4158 ἀλλ’
1224 4103 1390 4173 ἐγγύς
1421 4120 1524 4155 που
1553 4101 1661 4155 τῶν
1692 4102 1922 4174 Ἰεροσο-

330 4199 566 4269 λύμων
620 4199 748 4262 τοὺς
795 4197 852 4250 δέ
906 4199 1099 4260 τόπους
1132 4197 1548 4266 ἐπισημαίνεται
1600 4195 1674 4256 ὼς
1717 4194 1784 4246 τὰ
1820 4193 1924 4263 πρὸ

338 4289 541 4362 μικροῦ
580 4289 863 4361 συμϐάντα
889 4289 982 4343 τοῦ
1013 4290 1207 4362 χρόνου
1235 4287 1538 4358 διηγεῖσθαι
1571 4285 1798 4358 μέλλων,
1829 4286 1924 4337 καὶ

334 4386 470 4448 τοὺς
503 4384 777 4455 παρόντας
806 4384 900 4437 καὶ
931 4384 1238 4454 θεωμένους
1279 4383 1558 4453 μάρτυρας
1604 4379 1926 4450 ποιούμενος

335 4473 445 4539 τῆς
467 4472 724 4543 ἀληθείας
751 4472 860 4525 τῶν
888 4472 1216 4542 λεγομένων.

2019 3381 2075 3436 in
2113 3381 2290 3436 media
2318 3381 2473 3434 turba
2498 3379 2746 3435 omnium
2781 3376 3074 3430 astanliutu
3112 3375 3180 3427 ab
3208 3388 3271 3426 eo
3295 3371 3596 3440 baptizato¢
3623 3369 3627 3373 ’

2018 3488 2138 3526 rum
2171 3474 2269 3541 (ad
2301 3470 2633 3540 baptismum
2658 3469 2804 3523 enim
2827 3466 2945 3534 ejus
2967 3459 3596 3529 concurrerantludai)

2019 3565 2134 3618 hare
2163 3563 2438 3618 mirabilia
2479 3561 2644 3616 verba
2687 3559 3033 3614 denuntiavit
3058 3575 3070 3610 :
3099 3555 3223 3610 Non
3252 3570 3370 3609 sum
3401 3551 3596 3624 dignus

2021 3667 2077 3710 ut
2116 3657 2316 3711 solvam
2342 3655 2456 3724 ejus
2486 3654 2769 3723 corrigiam
2808 3649 3172 3705 calceamenti.

2089 3833 2259 3892 Vens.
2283 3834 2374 3889 28.
2401 3864 2472 3874 —
2492 3832 2617 3888 Haec
2637 3841 2821 3886 autem
2842 3831 2985 3885 facta
3015 3835 3146 3885 sunt
3174 3843 3286 3882 non
3313 3826 3367 3879 in
3390 3823 3595 3877 Betha-

2021 3926 2134 3986 nia,
2158 3923 2254 3980 sed
2287 3924 2342 3977 in
2365 3921 2622 3986 Bethara,
2647 3927 2706 3974 ut
2736 3921 2937 3974 habent
2961 3919 3303 3972 accuratiora
3323 3915 3568 3984 exempla
3585 3930 3604 3965 τι

2022 4019 2121 4072 ria.
2158 4015 2426 4069 Bethania
2466 4013 2611 4068 enim
2663 4028 2771 4065 non
2825 4021 2943 4064 erat
2996 4011 3076 4063 cis
3115 4006 3406 4062 Jordanem
3437 4047 3453 4073 ,
3501 4020 3605 4060 nec

2024 4111 2078 4165 in
2111 4109 2371 4174 deserto,
2409 4105 2508 4162 sed
2550 4120 2719 4176 prope
2748 4103 3077 4159 Jerusalem.
3119 4100 3245 4156 Haec
3276 4101 3394 4154 loca
3419 4109 3604 4153 autem

2026 4211 2180 4256 notat
2208 4201 2336 4270 quia
2363 4199 2526 4269 paulo
2556 4206 2683 4268 post
2717 4197 2860 4250 facta
2895 4212 2960 4249 eo
2995 4203 3244 4264 tempore
3279 4201 3604 4245 narraturus

2026 4301 2132 4358 est,
2151 4299 2317 4361 utque
2335 4296 2583 4345 astantes
2603 4285 2848 4342 veritatis
2882 4285 3174 4339 verborum
3195 4288 3363 4336 testes
3383 4278 3602 4332 habeat.

418 4565 570 4636 Στίχ;
603 4563 705 4619 κθ¹.
738 4594 810 4608 --
836 4563 1089 4635 Εἰρηκὼς
1132 4563 1366 4617 ἐνταῦθα
1405 4564 1434 4615 ό
1472 4562 1804 4631 Βαπτιστὴς,
1843 4563 1912 4616 ὅτι

2100 4559 2268 4614 Vens.
2299 4557 2388 4613 29.
2419 4586 2472 4598 -
2514 4554 2613 4609 llic
2636 4552 2880 4623 Baptista
2904 4549 3094 4605 dicens
3129 4563 3142 4600 :
3169 4543 3268 4596 Hic
3297 4552 3373 4597 est
3404 4541 3495 4612 qui
3516 4540 3610 4593 tol-

339 4653 542 4723 Θῦτός
571 4657 742 4710 ἐστιν
772 4659 805 4710 ὁ
831 4656 1015 4724 αἴρων
1048 4656 1164 4724 τὴν
1191 4655 1481 4724 ἁμαρτίαν
1518 4654 1624 4708 τοῦ
1671 4653 1926 4723 κόσμου,

337 4753 445 4806 οὐκ
477 4748 649 4817 εἶπεν,
697 4755 731 4806 ὁ
770 4749 1107 4821 μονογενὴς
1141 4749 1305 4816 Υἱὸς,
1343 4749 1483 4816 οὐδὲ,
1511 4752 1544 4803 ό
1589 4745 1673 4802 ὢν
1700 4749 1769 4802 ἐν
1807 4747 1931 4814 τοῖς

339 4846 601 4910 κόλποις
633 4843 738 4897 τοῦ
755 4842 984 4910 Πατρός
1007 4883 1021 4907 ,
1058 4837 1145 4894 οἷα
1171 4840 1418 4908 φαίνεται
1450 4841 1506 4893 ἐν
1532 4842 1644 4904 τοῖς
1674 4838 1932 4909 ἀνωτέρω

340 4933 588 5005 εἰρηκώς
608 4949 622 4960 ·
657 4933 836 4986 καίτοι
866 4931 1042 4996 ἔδοξεν
1083 4930 1149 4984 ἂν
1178 4929 1272 4985 νῦν
1305 4930 1725 5000 ἁκολουθότερον
1763 4927 1930 4981 αὑτοῦ

341 5029 411 5079 τὸ
465 5026 695 5098 μέγεθος
732 5026 909 5094 λέγειν
960 5025 1059 5095 τῆς
1117 5024 1330 5094 φύσεως
1381 5025 1461 5087 είς
1524 5021 1780 5086 ἐπιδείξιν
1833 5023 1933 5090 τῆς

343 5121 683 5190 ἐπαγγελίας
723 5119 832 5172 τῶν
861 5119 927 5172 δι’
957 5118 1122 5171 αὐτοῦ
1157 5117 1530 5189 δοθησομένων
1555 5131 1567 5143 ⁸
1615 5114 1751 5168 ἀλλὰ
1777 5113 1933 5166 τοῦτο

349 5211 455 5284 μὲν
485 5212 584 5264 οὐκ
616 5211 752 5282 ἐφη,
801 5209 1008 5278 Ἀμνὸν
1032 5208 1089 5260 δέ
1128 5197 1288 5261 αὑτὸν
1319 5207 1575 5260 ἐκάλεσεν
1606 5204 1712 5258 τοῦ
1744 5204 1890 5258 Θεοῦ
1915 5220 1930 5234 ·

347 5309 492 5376 ὅπερ
515 5299 583 5374 ἦν
616 5302 787 5374 ὄνομα
816 5301 912 5355 τοῦ
955 5301 1160 5365 πάθους
1195 5299 1527 5370 σημαντικόν
1550 5315 1565 5329 '
1602 5297 1831 5368 ἐπείπερ
1877 5299 1935 5349 ἐν

345 5398 431 5468 τῷ
472 5396 634 5451 πάθει
670 5395 770 5467 τὴν
798 5395 1074 5465 ἁμαρτίαν
1109 5393 1423 5446 κατέλυσεν.
1458 5391 1678 5461 Ταύτης
1725 5389 1834 5461 γὰρ
1879 5391 1936 5443 ἐν

345 5492 419 5560 τῇ
452 5487 736 5557 θνητότητι
773 5485 871 5557 τὴν
903 5485 1153 5538 ἐπίτασιν
1188 5483 1490 5554 δεξαμένης
1511 5523 1524 5546 ,
1560 5481 1653 5534 τοῦ
1681 5482 1737 5534 δὲ
1769 5481 1934 5534 θανά-

342 5601 447 5636 του
480 5581 642 5635 πάλιν
675 5579 768 5633 ὑπ’
801 5580 1036 5643 ἐκείναις
1077 5577 1199 5632 καθ’
1235 5578 1390 5649 ἡμῶν
1432 5575 1782 5646 σφιχθέντος,
1815 5575 1939 5642 ἐληη

343 5676 532 5738 λυθως
559 5675 590 5727 ό
619 5673 998 5744 Κύριοςήμῶν
1025 5675 1054 5726 ὁ
1087 5672 1278 5743 Σωτὴρ
1309 5670 1513 5742 Ἰησοῦς
1532 5669 1785 5742 Χριστὸς.
1803 5670 1936 5724 ἐκεί-

350 5842 359 5848 ”
429 5858 510 5931 (1)
543 5855 707 5914 Cord.
735 5866 842 5911 cat.
877 5873 928 5928 p.
967 5855 1053 5910 51.

2034 4656 2094 4708 lit
2121 4662 2394 4722 peccatum
2422 4649 2626 4710 mundi,
2661 4662 2768 4701 non
2802 4643 2942 4698 dixit
2969 4661 2982 4697 :
3016 4656 3145 4697 ecce
3173 4637 3346 4692 Filius
3376 4634 3614 4704 unigeni-

2034 4755 2139 4805 tus,
2177 4759 2275 4797 nec
2309 4756 2436 4796 ecce
2470 4739 2557 4809 qui
2587 4747 2662 4791 est
2693 4739 2748 4790 in
2783 4736 2901 4789 sinu
2930 4733 3135 4797 Patris,
3168 4737 3226 4783 ut
3259 4743 3424 4798 supra
3468 4725 3609 4778 vidi-

2032 4853 2155 4892 mus
2192 4838 2266 4906 (ν.
2298 4835 2412 4902 18).
2440 4833 2694 4886 Attamen
2739 4828 3018 4883 videretur
3050 4821 3371 4894 magnitudo
3403 4828 3615 4873 natura:

2033 4939 2183 4986 recte
2214 4927 2494 4984 enuntiari
2541 4925 2610 4980 ad
2662 4921 3061 4994 promissiones
3118 4930 3309 4972 eorum
3347 4929 3467 4982 qua-
3513 4912 3612 4965 da-

2033 5032 2194 5077 turus
2229 5028 2347 5075 erat
2390 5015 2725 5088 probandas.
2752 5011 2858 5067 Sed
2902 5011 3004 5064 hoc
3043 5023 3158 5063 non
3201 5005 3357 5067 dixit,
3407 5003 3614 5072 Agnum

2033 5128 2168 5168 vero
2227 5111 2321 5165 Dei
2371 5117 2534 5163 vocat
2568 5108 2760 5171 illum,
2803 5119 2914 5174 quo
2954 5101 3144 5173 passio
3179 5097 3613 5167 signiﬁcabatur,

2035 5223 2160 5262 cum
2190 5204 2449 5275 passione
2479 5215 2580 5256 sua
2611 5204 2901 5269 peccatum
2935 5193 3178 5249 diluerit.
3207 5190 3442 5244 Peccato
3468 5186 3612 5240 enim

2036 5302 2092 5355 in
2133 5305 2326 5354 nostra
2356 5293 2695 5349 mortalitate
2723 5299 2986 5359 regnante
3013 5327 3027 5347 ,
3059 5299 3123 5338 ac
3153 5281 3398 5336 vicissim
3444 5287 3617 5331 morte

2037 5401 2259 5464 propter
2292 5397 2575 5460 peccatum
2619 5385 2782 5439 nobis
2815 5382 3150 5439 adhaerente,
3185 5373 3448 5428 Dominus
3515 5387 3617 5425 no-

2039 5461 2154 5539 ster
2181 5480 2342 5536 Jesus
2369 5480 2626 5534 Christus
2656 5473 2972 5539 venit,hanc
2994 5477 3047 5523 et
3066 5465 3198 5520 illud
3223 5465 3383 5519 nobis
3406 5461 3618 5518 condo-

2038 5591 2201 5640 nans;
2217 5589 2281 5628 ac
2304 5580 2478 5627 morte
2503 5588 2596 5642 per
2615 5576 2842 5622 mortem
2863 5581 3016 5620 suam
3038 5555 3618 5624 destructa,destruxit

2039 5682 2260 5739 quoque
2292 5673 2575 5735 peccatum
2608 5663 2661 5716 in
2703 5668 2892 5716 nostra
2920 5654 3258 5713 mortalitate
3289 5649 3618 5706 radicatam.

2119 5844 2197 5908 (Ξ)
2228 5842 2329 5898 Mai
2361 5842 2489 5898 ibid.
