3904 6594
413 384 538 441 .735

1603 386 1959 474 'r-ueooom
1993 385 2484 444 MOPSUESTENI

3580 387 3685 442 736

426 501 538 558 Nos
572 504 834 574 verojam
869 505 1215 562 immortales
1257 505 1461 562 virtute
1506 505 1918 577 promissionis,
1945 507 2000 563 in

2126 526 2214 562 nov
2246 526 2306 561 τε
2343 507 2480 579 ὁμοῦ
2524 524 2619 576 την
2649 523 2956 576 αμνηστιαν
2986 492 3315 577 ἐδωρήσατο,
3346 505 3438 558 καὶ
3464 509 3558 556 τὸν
3595 506 3686 558 ιιι-

427 605 707 664 pnsterum
737 597 918 665 reipsa
951 597 1370 654 immortalitate
1407 598 1656 666 donavit,
1688 607 2008 670 peccatum-

426 702 533 756 que
563 686 742 742 diluit.
798 685 966 742 Recte
995 705 1125 760 ergo
1157 689 1261 744 hoc
1298 691 1352 745 in
1383 693 1502 747 loco
1532 692 1656 762 agni
1688 707 1879 747 vocem
1913 693 2009 746 ad-

430 777 628 831 hibuit.
679 778 874 833 Dicens
921 788 1102 836 autem
1139 799 1152 836 :
1191 798 1306 838 ecce.
1347 783 1529 853 Agnus
1569 784 1704 848 Dei,
1743 785 1858 854 jam
1883 801 2007 840 eum

427 880 778 939 exspectasse
801 873 1040 936 videtur,
1075 890 1225 929 nunc
1254 886 1435 930 autem
1467 877 1644 932 oculis
1682 887 2006 947 praesentem

427 960 836 1021 demonstrans,
874 979 934 1015 se
965 979 1070 1015 non
1113 964 1324 1018 diutius
1355 974 1684 1034 exspectare
1716 967 2002 1032 ostendit;

434 1068 556 1104 nam
585 1053 759 1108 Isaias
783 1054 1000 1107 dixerat
1029 1073 1042 1108 ;
1071 1053 1215 1109 Sicut
1238 1057 1344 1117 ovis
1375 1058 1443 1109 ad
1471 1059 1787 1112 occisionem
1816 1060 2007 1112 ductus

443 1153 501 1196 ’st
528 1183 543 1205 ,
580 1153 628 1196 et
680 1145 818 1197 sicut
868 1163 1032 1216 agnus
1088 1164 1268 1200 coram
1324 1149 1566 1203 tondente
1600 1167 1654 1204 se
1694 1151 2010 1206 obmutescet

429 1233 566 1296 (lsa.
603 1250 720 1299 LIII,
761 1237 836 1308 7).
871 1239 973 1304 Qui
1005 1240 1302 1295 credebant
1339 1243 1621 1312 prophetae
1653 1244 1857 1305 verbis,
1885 1245 2007 1298 illos

429 1329 575 1383 hunc
610 1339 934 1400 exspectare
959 1333 1187 1397 sciebat,
1221 1335 1429 1389 scilicet
1454 1351 1784 1405 quemquam
1814 1347 2010 1390 ventu-

430 1433 555 1472 rum
598 1436 721 1480 esse
767 1423 859 1491 qui
909 1424 1026 1478 suis
1069 1424 1420 1492 passionibus
1477 1426 1715 1497 perfecte
1759 1429 2006 1483 omnium

432 1519 655 1578 peccata
681 1512 1075 1581 dilueret.Ecce
1105 1516 1285 1586 Agnus
1322 1517 1438 1583 Dei,
1471 1519 1684 1574 scilicet
1710 1520 1798 1574 hic
1827 1528 1911 1573 est
1943 1519 2009 1576 de

431 1617 542 1670 quo
597 1604 944 1674 prophetavit
993 1607 1189 1664 Isaias.
1241 1609 1648 1665 Advertendum
1695 1621 1780 1664 est
1824 1619 2008 1664 tamen

431 1695 704 1765 quomodo
725 1696 1068 1767 Evangelista
1094 1699 1291 1755 dixerit
1316 1701 1382 1754 ad
1410 1704 1583 1769 ipsum
1611 1704 1825 1758 venisse
1849 1711 2009 1773 (non-

431 1785 561 1837 dum
585 1796 765 1841 autem
789 1787 1101 1856 baptizatus
1123 1789 1343 1859 fuerat).
1371 1792 1445 1845 Ita
1469 1809 1534 1848 ex
1557 1794 1812 1853 omnibus
1829 1794 2027 1850 dicere.

431 1877 634 1932 uitiissa
674 1877 930 1936 festinare
961 1881 1202 1948 videtur,
1229 1884 1374 1940 dicta
1400 1902 1530 1942 vero
1555 1886 1779 1954 iterare,
1809 1904 2003 1958 super-

433 1966 601 2022 ﬂuum
636 1973 958 2028 existimans

2111 616 2270 656 νατον
2293 599 2382 653 διὰ
2409 599 2504 652 τοῦ
2532 598 2734 662 οἰκείου
2760 598 2928 661 λύσας
2954 598 3182 652 θανάτου
3207 641 3222 663 ,
3255 598 3433 651 ἀνεῖλε
3467 600 3568 667 μὲν
3597 597 3691 667 τὴν

2110 693 2169 744 ὲν
2196 694 2261 762 τῇ
2294 690 2452 759 φύσει
2495 690 2596 757 τῆς
2635 688 2960 760 θνητότητος
2992 689 3350 761 ὲῤῥιζομένην
3395 688 3690 758 ἁμαρτίαν,

2111 783 2410 847 ἀθανάτους
2439 783 2495 836 δὲ
2525 783 2626 852 ἠδη
2673 782 2771 851 μὲν
2798 784 2862 853 τῇ
2895 782 3198 852 ἐπαγγελίᾳ
3220 824 3234 846 ,
3268 783 3348 845 είς
3380 781 3612 852 ὕστερον
3638 783 3692 836 δὲ

2110 875 2204 929 καὶ
2235 874 2314 945 τῷ
2341 876 2623 946 πράγματι
2658 874 3028 944 ἐργασάμενος
3069 874 3147 943 τῷ
3177 873 3335 945 δώρῳ
3360 872 3465 942 τῆς
3488 873 3694 926 ἀθανα-

2118 967 2236 1030 σίας
2257 1007 2272 1032 ,
2304 967 2398 1019 καὶ
2435 967 2534 1036 τὴν
2579 966 2851 1036 ἁμαρτίαν
2899 965 3195 1018 κατέλυσεν
3219 983 3233 997 ·
3268 963 3695 1019 ἁκολουθότατον

2117 1059 2289 1112 τοίνυν
2320 1058 2552 1111 ἐνταῦθα
2581 1060 2646 1128 τῇ
2674 1055 2768 1108 τοῦ
2804 1057 2996 1125 ἀμνοῦ
3030 1056 3368 1129 προσηγορίᾳ
3403 1057 3694 1126 ἐχρήσατο.

2114 1151 2363 1203 Φαίνεται
2397 1150 2576 1220 μέντοι
2607 1151 2698 1202 καὶ
2731 1150 2934 1222 τὸ,Ἵδε
2970 1154 3001 1203 ό
3037 1151 3241 1218 Ἀμνύς
3274 1148 3382 1202 τοῦ
3415 1146 3592 1212 Θεοῦ,
3613 1147 3696 1199 λέ-

2113 1263 2224 1313 γων
2267 1245 2340 1307 ὼς
2381 1245 2446 1297 ἂν
2480 1243 2579 1313 ’ήδη
2622 1242 2718 1312 μὲν
2745 1242 2904 1296 αὑτὸν
2933 1240 3386 1313 προσδοκώμενον
3409 1282 3425 1305 ,
3455 1239 3699 1309 παρόντα

2113 1337 2168 1388 δὲ
2207 1336 2300 1388 νῦν
2333 1338 2442 1398 τοῖς
2479 1335 2677 1405 ὁρῶσιν
2711 1334 3026 1395 ὑποδεικνὺς
3046 1373 3060 1386 .
3089 1332 3364 1386 καὶτοῦτο
3391 1332 3499 1383 οὐκ
3531 1329 3696 1397 ὴλπιο

2118 1429 2271 1493 κότος
2295 1447 2308 1458 ν
2345 1427 2527 1498 ἐπειδὴ
2556 1428 2662 1497 γὰρ
2691 1427 2830 1479 κατὰ
2847 1427 2945 1496 τὴν
2984 1426 3203 1478 Ἡσαΐου
3225 1425 3430 1493 φωνὴν,
3465 1423 3591 1489 τὴν,
3609 1421 3699 1486 Ὠς

2117 1523 2412 1588 πρόϐατον
2440 1520 2536 1572 ἐπὶ
2563 1520 2808 1588 σφαγὴν
2840 1518 2994 1588 ἤχθη
3015 1561 3030 1583 ,
3079 1519 3173 1572 καί
3217 1517 3296 1582 ὡς
3322 1515 3520 1582 ἀμνὸς

2117 1631 2220 1677 νος
2249 1613 2452 1668 ἔναντι
2480 1611 2585 1664 τοῦ
2621 1612 2931 1678 κείραντος
2956 1612 3140 1665 αὐτόν
3164 1627 3178 1641 ³
3209 1608 3519 1680 προσδοκᾷί
3543 1604 3700 1656 αὑτὸν

2119 1709 2183 1776 τῇ
2216 1706 2521 1773 προφητικῇ
2555 1702 3081 1764 κατακολουθοῦντας
3111 1702 3210 1772 ἤδη
3236 1702 3388 1769 φωνῇ
3412 1739 3427 1758 ,
3454 1698 3536 1759 ὡς
3560 1695 3702 1747 ἐλεύ-

2122 1799 2271 1852 σεταί
2294 1815 2375 1860 τις
2404 1797 2461 1860 ὃς
2490 1797 2630 1866 ὑπὲρ
2659 1796 2876 1850 πάντων
2910 1794 3097 1848 παθὼν
3131 1794 3284 1846 λύσει
3313 1792 3415 1855 τὰς
3446 1791 3701 1842 ἁπάντων

2109 1890 2381 1960 ἁμαρτίας
2409 1889 2652 1952 εἰκότως.
2689 1888 2762 1942 Τὸ
2799 1887 2877 1949 δὲ,
2911 1886 3022 1940 Ἴδε
3064 1890 3095 1940 ὀ
3131 1885 3333 1954 Ἀμνὸς
3377 1883 3489 1935 τοῦ
3535 1879 3697 1942 Θεοῦ,

2046 1970 2084 2023 Β
2113 1980 2409 2047 τουτέστιν,
2429 1974 2596 2043 Οὗτος
2628 1981 2832 2040 ἐκεῖνος
2856 1979 2984 2050 περὶ
3001 1971 3062 2031 οὗ
3085 1977 3412 2049 προείρηκεν
3448 1971 3696 2032 Ἡσαΐας

431 2062 668 2132 κάκείνῳ
697 2065 877 2134 μέντοι
910 2068 1235 2138 προσεκτέον
1267 2069 1414 2133 ὅπως
1444 2072 1472 2123 ὁ
1503 2071 1891 2144 εὐαγγελιστὴς
1920 2072 1981 2124 τὸ
2023 2075 2119 2144 μὲν
2167 2076 2246 2126 ὅτι
2291 2074 2426 2144 πρὸς
2456 2073 2616 2126 αὐτὸν
2655 2071 2909 2141 ἐλήλυθεν
2930 2111 2946 2135 ,
2999 2066 3149 2122 εἶπεν
3172 2087 3186 2098 ·
3225 2069 3307 2121 ὅτι
3374 2067 3430 2119 δὲ
3482 2064 3701 2116 ἐϐαπτί-

433 2152 555 2223 σθη.
592 2155 690 2207 οὐκ
727 2157 840 2210 ἑτι*
876 2158 1017 2212 οὕτω
1049 2159 1113 2212 δι’
1152 2160 1272 2214 ὅλου
1314 2163 1559 2232 φαίνεται
1598 2166 1664 2219 τὰ
1699 2167 1796 2235 μὲν
1834 2167 2308 2238 παραλελειμμένα
2336 2166 2648 2230 σπουδάζων
2668 2167 2866 2230 είπεῖν,
2929 2162 3000 2218 τὰ
3068 2163 3133 2216 δὲ·
3182 2161 3452 2232 εἰρημένα
3523 2159 3700 2210 δευτε-

434 2240 580 2312 ροῦν,
615 2245 864 2315 περιττὸν
901 2248 1159 2318 νομίζων.

506 2377 669 2434 Vens.
700 2381 790 2436 52.
835 2413 908 2426 --
940 2385 1071 2442 Inde
1119 2389 1476 2445 manifestum
1527 2402 1612 2447 est
1661 2409 1769 2450 non
1817 2411 2008 2450 omnes

433 2480 680 2528 astantes
737 2474 1001 2544 Spiritum
1068 2490 1324 2535 sanctum
1379 2493 1642 2552 tanquam
1697 2486 2007 2539 columbam

433 2560 854 2620 descendentem
900 2569 1147 2634 vidisse,
1201 2573 1295 2627 sed
1350 2577 1650 2630 secundum
1718 2577 2008 2645 quantulum

433 2655 774 2723 Spiritualem
805 2659 1070 2716 visionem
1099 2664 1278 2718 solum
1307 2663 1575 2721 Joannem
1603 2669 1828 2730 vidisse,
1866 2669 2013 2723 sicut

433 2748 712 2817 propheta:
762 2750 816 2804 in
869 2754 1048 2809 medio
1089 2757 1390 2811 multorum
1419 2759 1675 2813 omnibus
1708 2759 2013 2814 invisibilia

432 2837 622 2894 videre
662 2841 932 2898 solebant.
983 2845 1154 2900 Porro
1201 2849 1592 2904 stultissimum
1639 2859 1725 2904 est
1774 2851 1920 2920 quod
1976 2866 2008 2904 a

433 2933 770 3002 quibusdam
794 2935 1024 3001 dicitur,
1052 2938 1266 2995 scilicet
1297 2940 1422 2995 ideo
1443 2941 1669 2997 Christo
1695 2942 2011 2997 inferiorem

433 3025 650 3079 ostendi
690 3025 955 3095 Spiritum
998 3039 1272 3096 sanctum,
1308 3035 1453 3103 quod
1500 3035 1754 3088 columba
1793 3035 2014 3090 homine

435 3117 506 3171 sit
537 3117 797 3186 inferior;
823 3135 950 3174 nam
980 3121 1141 3186 visio,
1175 3138 1283 3177 non
1307 3132 1506 3178 natura
1529 3135 1647 3180 erat
1673 3125 1821 3194 quod
1844 3139 2014 3194 appa-

436 3210 611 3262 rebat.
639 3207 865 3280 Insuper
897 3211 945 3266 si
994 3227 1106 3268 non
1144 3214 1284 3268 dixit
1312 3234 1324 3269 :
1357 3217 1659 3286 unigenilus
1691 3216 1892 3276 Filius,
1930 3216 2015 3269 vel

435 3301 524 3368 qui
551 3310 626 3356 est
655 3301 708 3354 in
739 3303 860 3354 sinu
897 3301 1110 3366 Patris,
1145 3321 1270 3360 cum
1304 3306 1374 3360 sit
1409 3309 1575 3363 unius
1609 3308 1706 3362 Dei
1739 3308 2015 3361 dimittere

437 3400 696 3460 peccata,
741 3409 840 3462 per
875 3411 1068 3464 agnum
1121 3397 1560 3454 incarnationem
1601 3399 2016 3464 manifestavit',

437 3490 492 3537 et
523 3499 619 3552 per
649 3485 752 3539 hoc
783 3486 929 3555 quod
958 3488 1190 3543 habebat
1219 3491 1363 3557 quod
1396 3491 1702 3546 divinitatis
1732 3491 2018 3562 proprium

437 3586 543 3636 est,
571 3575 718 3645 quod
746 3579 1004 3633 convenit
1028 3595 1192 3650 agno,
1222 3592 1448 3652 pr0pter
1473 3583 1802 3639 inetfabilem
1838 3585 2020 3637 unita-

438 3677 568 3731 tem,
600 3685 664 3724 ac
697 3681 923 3742 propter
953 3689 1122 3730 unum
1162 3684 1222 3729 et
1269 3676 1446 3745 idem,
1484 3677 1772 3732 immixtim
1822 3678 1926 3732 hoc
1968 3687 2023 3732 et

439 3760 598 3815 illud.

516 3875 677 3932 Vens.
711 3878 899 3934 32-34.
928 3907 998 3920 —-
1025 3879 1270 3937 Joannes
1297 3883 1487 3953 igitur,
1534 3883 1626 3954 qui
1668 3891 1842 3937 totum
1880 3893 2022 3938 tem-

437 3982 540 4038 pus
571 3973 910 4041 praeteritum
936 3989 1113 4042 usque
1156 3975 1223 4026 ad
1252 3974 1780 4030 demonstrationem
1806 3974 2013 4029 Christi

440 4064 493 4114 in
522 4063 764 4118 obscuro
798 4065 925 4120 vitae
959 4081 1160 4135 genere
1197 4073 1251 4120 et
1282 4067 1337 4120 in
1377 4067 1600 4122 deserto
1642 4075 2016 4136 transegerat,

439 4169 468 4206 a
498 4155 684 4209 divina
716 4157 796 4212 sic
814 4157 1090 4212 excitatus
1115 4159 1314 4228 gratia.
1345 4167 1402 4212 ut
1424 4160 1552 4216 talis
1581 4161 1756 4221 ﬁeret,
1790 4160 2009 4229 qualem

437 4251 556 4304 tleri
591 4265 714 4305 eum
749 4259 1060 4321 oporteret,
1097 4266 1222 4305 cum
1266 4253 1396 4304 talia
1429 4252 1607 4304 otIieia
1644 4251 1868 4304 Christo
1915 4250 2022 4303 Do-

439 4342 589 4394 mino
629 4351 910 4410 praestare,
950 4350 1119 4412 atque
1166 4358 1483 4412 praecursor
1528 4343 1650 4409 ejus
1683 4342 1840 4395 brevi
1898 4340 2020 4394 ﬁeri

439 4432 693 4501 deberet,
740 4435 836 4488 illo
895 4434 1134 4504 denique
1178 4443 1424 4505 tempore
1459 4435 1797 4502 conspicuus
1847 4433 2024 4488 factus

441 4532 548 4590 est,
586 4542 692 4580 non
745 4527 799 4579 in
835 4527 1003 4581 urbes
1039 4527 1354 4596 ingressus,
1387 4527 1478 4583 sed
1527 4527 1581 4579 in
1617 4525 1837 4580 deserto
1878 4542 2021 4594 opus

443 4633 604 4672 suum
664 4620 980 4687 perlicicns.
1046 4618 1243 4674 Omnia
1313 4620 1495 4684 enim,
1579 4627 1636 4673 ut
1700 4620 1770 4672 ita
1841 4620 2026 4673 eveni-

2183 2395 2330 2464 Στίχ.
2355 2393 2454 2462 λβν.
2474 2423 2543 2433 -
2563 2393 2730 2462 Δῆλον
2755 2391 2831 2463 (1)
2852 2392 2907 2444 δὲ
2940 2389 3185 2443 ἐντεῦθεν
3209 2389 3283 2450 ὡς
3308 2389 3365 2439 έν
3391 2386 3531 2438 εἴδει
3557 2403 3700 2454 περι-

2118 2490 2312 2558 στερᾶς
2340 2487 2600 2557 γενομένη
2636 2488 2668 2556 ὴ
2698 2485 2790 2538 τοῦ
2818 2485 3136 2554 Πνεύματος
3158 2481 3409 2542 κάθοδος,
3442 2480 3511 2530 οὗ
3546 2481 3703 2529 πᾶσιν

2119 2579 2272 2650 ὤφθη
2308 2584 2418 2642 τοῖς
2448 2577 2711 2649 παροῦσιν
2737 2619 2752 2641 ,
2785 2577 2921 2629 ἀλλὰ
2960 2575 3100 2627 κατά
3150 2590 3271 2624 τινα
3322 2568 3704 2640 πνευματικὴν

2121 2671 2353 2741 θεωρίαν
2389 2669 2532 2738 μόνῳ
2561 2667 2715 2738 ὤφθη
2739 2667 2815 2737 τῷ
2861 2666 3102 2736 Ἰωάννῃ,
3132 2662 3313 2724 καθὼς
3349 2661 3474 2723 ἔθος
3507 2657 3577 2731 ἦν
3601 2664 3714 2722 τοῖς

2123 2763 2428 2832 προφήταις
2459 2762 2515 2814 ὲν
2559 2759 2708 2830 μέσῳ
2740 2758 2950 2811 πολλῶν
2977 2757 3045 2810 τὰ
3069 2757 3232 2808 πᾶσιν
3261 2752 3558 2824 ἀθεώρητα
3594 2751 3700 2820 βλέ-

2124 2871 2244 2906 πειν
2274 2853 2372 2923 (2).
2416 2851 2788 2922 Εὐηθέστατον
2828 2851 2934 2921 ἄρα
2977 2851 3198 2903 κάκεῖνο
3241 2847 3312 2900 τὸ·
3356 2847 3517 2915 παρὰ
3549 2862 3722 2897 τινων.

2121 2945 2432 3015 λεγόμενον,
2470 2944 2545 3007 ὡς
2577 2943 2796 2996 ἔλαττον
2825 2942 3069 2995 ἐντεῦθεν
3102 2940 3196 2993 τοῦ
3225 2937 3466 3011 Χριστοῦ
3496 2937 3700 2990 δείῃυο

2119 3056 2210 3090 ται
2257 3037 2318 3090 τὸ
2351 3037 2596 3106 Πνεῦμα,
2639 3036 2938 3106 ἐπειδήπερ
2990 3033 3289 3105 περιστερὰ
3343 3031 3589 3084 ἐλάττων
3620 3033 3704 3084 ἀν-

2122 3127 2374 3201 θρώπων·
2399 3129 2631 3180 ὀπτασία
2663 3128 2771 3197 γὰρ
2803 3123 2896 3197 ἦν,
2928 3126 2987 3179 οὐ
3025 3123 3210 3194 φύσις,
3236 3125 3297 3176 τὸ
3333 3125 3662 3192 φαινόμενον
3687 3139 3698 3150 ·

2121 3224 2168 3274 εί
2200 3222 2256 3274 δὲ
2282 3221 2375 3274 καὶ
2412 3221 2486 3292 μὴ
2516 3215 2692 3286 εἶπεν,
2719 3220 3106 3289 ὁμονογενὴς
3135 3218 3284 3283 Υἱὸς,
3328 3217 3388 3285 ἢ,
3419 3219 3454 3270 ό
3496 3214 3586 3268 ὢν
3625 3219 3704 3278 εἰς

2120 3313 2230 3365 τὸν
2259 3313 2492 3366 κόλπον
2530 3311 2635 3365 τοῦ
2668 3312 2915 3379 Πατρός,
2957 3309 3078 3364 ἐπεὶ
3109 3309 3169 3362 τὸ
3216 3310 3393 3380 αἴρειν
3430 3310 3703 3378 ἁμαρτίας

2127 3403 2288 3474 μόνου
2321 3401 2476 3462 Θεοῦ,
2501 3402 2588 3456 διὰ
2616 3403 2709 3456 τοῦ
2732 3402 2926 3472 ἀμνοῦ
2953 3402 3052 3473 τὴν
3081 3401 3392 3470 οίκονομίαν
3415 3399 3700 3468 ἐδήλωσεν*

2122 3494 2217 3547 καὶ
2238 3493 2324 3546 διὰ
2347 3493 2438 3546 τοῦ
2470 3494 2865 3565 ἐπιφερομένου
2894 3495 2953 3547 τὸ
2978 3495 3106 3546 ἴδιον
3138 3495 3234 3562 τῆς
3264 3493 3551 3562 θεότητος,
3577 3491 3705 3543 ὅτεεο

2121 3587 2332 3656 ἥρμοσε
2358 3585 2438 3656 τῷ
2468 3587 2624 3656 ἁμνῷ
2656 3586 2744 3639 διὰ
2791 3587 2890 3655 τὴν
2921 3586 3193 3658 ἄφραστον
3227 3586 3455 3644 ἕνωσιν,
3496 3585 3594 3635 καὶ
3627 3584 3704 3635 διὰ

2121 3677 2184 3730 τὺ
2216 3678 2275 3732 ἓν
2304 3677 2396 3731 καὶ
2433 3677 2493 3730 τὸ
2523 3679 2654 3732 αὐτὸ
2683 3678 3004 3748 ἀσυγχύτως
3033 3676 3189 3730 τοῦτό
3219 3693 3279 3728 τε
3315 3677 3567 3729 κάκεῖνο.

2193 3882 2341 3952 Στίχ.
2385 3881 2587 3951 λβ¹-λδ’.
2631 3910 2702 3922 ——
2742 3881 2800 3934 ’0
2833 3879 3009 3933 τοίνυν
3063 3879 3314 3950 Ἰωάννης
3349 3877 3444 3946 ΚΞ)
3497 3877 3708 3930 ἅπαντα

2122 3971 2214 4024 τὸν
2243 3970 2656 4041 παρεληλυθότα
2683 3970 2873 4042 χρόνον
2902 3969 2992 4023 τὸν
3025 3973 3218 4042 μέχρις
3256 3969 3708 4034 ἀναδείξεως-αὑ-

2124 4063 2218 4116 τοῦ
2244 4064 2455 4133 ἀφανὴς
2481 4062 2556 4116 ὢν
2587 4063 2681 4116 καὶ
2725 4064 2867 4118 κατὰ
2907 4063 3004 4133 τὴν
3041 4063 3245 4134 ἔρημον
3274 4062 3505 4129 διάγων,
3539 4061 3707 4122 οὕτως

2125 4154 2230 4207 ὑπὸ
2259 4156 2353 4224 τῆς
2403 4155 2551 4219 θείας
2583 4156 2900 4225 κινούμενος
2947 4156 3164 4227 χάριτος
3206 4157 3298 4208 ἐπὶ
3343 4155 3422 4225 τῷ
3456 4154 3708 4222 γενέσθαι

2123 4245 2364 4298 τοιοῦτον
2391 4246 2571 4310 αὑτὸν,
2600 4243 2819 4319 οἷόνπερ
2865 4247 3116 4316 γενέσθαι
3143 4246 3308 4317 ἐχρῆν
3337 4244 3579 4315 τοσαύτῃ
3608 4244 3710 4295 λει-

2124 4337 2352 4407 τουργίᾳ
2383 4337 2747 4392 διακονεῖσθαι
2797 4339 3056 4409 μέλλοντα
3092 4339 3182 4391 καὶ
3225 4337 3537 4408 πρόδρομον
3573 4335 3710 4403 γινό-

2131 4445 2291 4498 μενον
2335 4429 2604 4482 Δεσπότου
2631 4430 2890 4500 Χριστοῦ,
2927 4431 3012 4484 διὰ
3056 4429 3268 4501 μακροῦ
3310 4429 3435 4482 τότε
3473 4429 3710 4496 ἀνετεὰνη

2125 4519 2218 4571 τοῦ
2249 4520 2464 4592 χρόνου,
2494 4522 2594 4574 οὐκ
2625 4523 2705 4584 είς
2733 4521 2832 4591 τὴν
2867 4522 3019 4574 πόλιν
3067 4521 3404 4591 ἒξεληλυθὼς
3428 4562 3444 4583 ,
3478 4519 3604 4571 ἀλλ’
3627 4518 3711 4570 επὶ

2126 4613 2226 4682 τὴν
2276 4612 2481 4683 ἔρημον
2531 4613 2591 4665 τὸ
2639 4615 2835 4666 οἰκεῖον
2879 4614 3038 4682 ἔργον
3067 4613 3322 4666 ἐκτελῶν.
3374 4613 3566 4666 Πάντα
3612 4611 3711 4680 γὰρ

442 4717 589 4770 rent,
635 4710 819 4765 divina
857 4711 1035 4780 gratia
1069 4711 1362 4780 disposuit.
1406 4711 1651 4766 Joannes
1707 4711 1894 4780 igitur,
1953 4727 2014 4766 ne

2126 4703 2296 4766 οὕτως
2328 4706 2359 4774 ἡ
2393 4703 2507 4758 θεία
2539 4705 2692 4773 χάρις
2723 4705 2974 4771 γενέσθαι
3008 4705 3380 4774 ᾡκονόμησεν·
3415 4705 3492 4767 ὡς
3514 4703 3582 4756 ἂν
3611 4719 3709 4771 μη-

444 4799 766 4856 hominibus
802 4817 971 4872 prava
1007 4802 1074 4856 de
1112 4817 1198 4865 eo,
1231 4802 1324 4874 qui
1363 4803 1522 4856 testis
1561 4801 1775 4854 Domini
1811 4800 2016 4855 Christi

442 4907 572 4946 esse
617 4892 868 4958 deberet,
906 4895 1148 4948 oriretur
1198 4896 1407 4966 Opinio,
1461 4895 1619 4964 quasi
1676 4895 1761 4947 vel
1819 4909 2024 4964 cogna-

393 5045 395 5048 ι
445 4984 633 5045 tionis,
668 5001 776 5054 qua
809 5002 934 5038 cum
969 4985 1191 5042 Christo
1216 4987 1446 5056 junctus
1477 4995 1626 5040 esset
1663 4985 2024 5054 (consangui-

393 5075 397 5148 ξ
443 5089 560 5126 nea:
597 5074 740 5128 enim
794 5083 997 5130 matres
1052 5091 1243 5128 eorum
1296 5086 1350 5129 et
1397 5076 1658 5129 amicitia:
1715 5075 1876 5128 avitae
1912 5088 2028 5126 me-

391 5152 398 5186 τ

393 5166 397 5200 ε
443 5182 625 5220 mores
651 5167 854 5234 erant),
884 5169 965 5221 vcl
990 5167 1416 5221 consuetudinis
1449 5183 1477 5219 a
1508 5168 1692 5237 pueris
1720 5181 1888 5221 causa
1915 5166 2028 5218 haec

444 5255 509 5307 de
546 5269 612 5308 eo
638 5257 955 5310 testimonia
1002 5258 1227 5311 reddere
1269 5259 1451 5317 vellet,
1491 5273 1519 5310 a
1550 5257 1734 5310 divina
1767 5257 1943 5330 gratia
1970 5255 2022 5307 in

447 5345 722 5401 desertum
756 5348 961 5404 ductus
989 5359 1094 5415 est,
1133 5357 1186 5404 et
1217 5350 1424 5420 ubique
1463 5350 1759 5418 impulsus,
1796 5359 1853 5400 ut
1879 5347 2025 5401 veri-

518 5549 592 5615 (l)
619 5547 878 5604 Posthinc
919 5567 1092 5618 usque
1117 5550 1184 5605 ad
1215 5549 1274 5603 τὸ
1309 5550 1638 5618 φαινόμενον
1661 5547 1861 5618 legitur
1887 5543 2027 5615 apud

451 5617 653 5671 Corder
667 5623 674 5669 i
687 5635 774 5671 um
787 5660 798 5672 .

521 5689 597 5758 (2)
624 5689 752 5761 llaec
773 5691 922 5744 addit
966 5692 1262 5746 Corderius
1299 5708 1422 5761 (piae
1467 5691 1653 5746 omisit
1685 5688 1787 5742 Mai
1826 5707 1840 5744 :

451 5755 705 5834 περιλξτρν
727 5755 792 5828 ἦν
805 5761 880 5834 Λτδ
895 5762 1094 5834 λέγειν,
1112 5763 1185 5826 ὡς
1222 5762 1256 5816 Ἰ
1263 5755 1474 5834 ωᾶννης
1492 5761 1842 5832 ἐμαρτύρησε
1858 5759 2031 5834 λέγων

450 5827 830 5885 τεθεᾶσθαιτὺ
857 5827 1096 5903 Πνεῦμα,
1122 5834 1278 5904 εἰπερ
1307 5827 1550 5898 ἅπαντας
1585 5827 1872 5896 κοινωνοὺς
1906 5831 2030 5898 ἔσχε

1878 5686 2030 5740 Ἐπεὶ

2123 4795 2286 4866 δεμία
2317 4795 2494 4866 φαύλη
2523 4813 2606 4858 τις
2635 4796 2856 4866 γένηται
2884 4797 2960 4866 (4)
3003 4801 3117 4859 τοῖς
3145 4795 3453 4866 ἀνθριῖητοις
3493 4795 3712 4848 ὑπόνοια

2127 4884 2223 4936 τοῦ
2257 4885 2542 4954 μέλλοντος
2579 4889 2877 4958 μαρτυρεῖν
2907 4887 2983 4957 τῷ
3015 4889 3260 4959 Δεσπὸτῃ
3289 4887 3536 4958 Χριστῷ,
3583 4885 3712 4953 ὡςῆ

2131 4978 2448 5045 συγγενείας
2475 4979 2660 5031 ἕνεκεν
2688 4983 2785 5050 τῆς
2816 4981 2952 5050 πρὸς
2985 4981 3074 5033 τδν
3106 4981 3340 5052 Χριστὸν
3377 4979 3713 5046 (συγγενίδες

2129 5070 2238 5142 γὰρ
2280 5067 2420 5140 ἦσαν
2449 5073 2504 5123 αἱ
2540 5071 2777 5140 μητέρες
2806 5072 2985 5124 αὐτῶν
3015 5071 3109 5124 καὶ
3134 5072 3316 5141 φιλίας
3345 5072 3712 5141 ἐμνημόνευον

2134 5164 2254 5234 τῆς)
2289 5164 2591 5233 προγόνων,
2622 5165 2653 5234 ἢ
2683 5165 2768 5218 διὰ
2796 5165 2893 5234 τὴν
2925 5166 2989 5216 ἐκ
3021 5165 3222 5218 παίδων
3256 5164 3551 5234 συνήθειαν
3596 5161 3714 5233 βού-

2133 5253 2318 5307 λεσθαι
2344 5254 2568 5308 τοιαῦτα
2597 5258 2892 5326 μαρτυρεῖν
2918 5255 3086 5326 αὐτῷ,
3121 5255 3224 5308 ὑπὸ
3255 5257 3353 5325 τῆς
3380 5255 3529 5318 θείας
3564 5257 3714 5325 χαριε-

2129 5361 2220 5406 τος
2252 5345 2332 5407 είς
2355 5342 2451 5412 τὴν
2479 5343 2684 5415 ἔρημον
2709 5342 2996 5416 ἐξηνέχθη,
3020 5345 3353 5415 πανταχόθεν
3377 5345 3554 5414 ὲπαγὸ
3561 5359 3712 5414 μενος

2137 5546 2233 5615 τῆς
2262 5541 2387 5615 θέας
2411 5542 2536 5615 τους
2566 5541 3277 5615 παρόνταςηῐᾷῦηθέστατον,
3310 5561 3363 5598 κ.
3395 5563 3445 5597 τ.
3482 5544 3530 5599 λ.
3560 5543 3708 5615 Eon.

2209 5617 2286 5684 (5)
2335 5614 2448 5668 Hoc
2473 5612 2836 5684 fragmentum
2868 5612 3112 5669 Muenter
3149 5615 3382 5683 primum
3415 5615 3582 5668 edidit
3608 5614 3642 5665 l.
3676 5615 3706 5664 Ι.

2137 5704 2190 5759 p.
2220 5683 2330 5740 135
2360 5701 2434 5739 ss.
2464 5699 2529 5759 ei:
2557 5683 2681 5759 cod.
2720 5683 2954 5739 Vindob.
2991 5699 3115 5759 szu
3152 5692 3398 5759 catenam
3425 5685 3476 5740 in
3505 5685 3712 5740 Lucam

2137 5753 2445 5814 exhibente.
2492 5753 2843 5826 Przemissum
2865 5762 2948 5811 est
2974 5769 3028 5810 v.
3045 5753 3340 5826 Θεοδώρου.

2215 5829 2290 5899 (4)
2324 5827 2524 5884 Muent.
2556 5825 2794 5897 γίνηται.
