3904 6534
202 346 300 403 737
1349 343 1415 397 IN

1479 343 1922 399 EVANGELIUM
1972 344 2280 401 JUANNIS.

3342 347 3443 403 738

198 467 290 521 τοῦ
321 466 420 535 τῆς
449 462 707 534 ἀληθείας
736 463 919 515 ἕνεκεν
965 464 1258 533 μαρτυρεῖν
1308 463 1454 534 αὑτῴ
1482 464 1549 517 τὰ
1577 463 1775 533 γνωρί-

1887 466 2007 519 Latis
2033 480 2199 517 causa
2233 463 2355 532 cjus
2386 463 2766 518 manifestaret
2794 462 3183 533 perfectiones.
3213 460 3445 531 Propter

200 573 401 627 σματα.
448 553 580 606 aurs
608 552 663 604 δὲ
693 551 791 620 τῆς
820 551 961 603 κατά
1007 552 1106 621 τὴν
1135 551 1339 621 ἔρημον
1370 554 1648 622 διατριϐῆς
1678 554 1773 607 καὶ

198 648 306 701 ἀπὸ
331 646 426 698 τοῦ
456 644 817 711 ἁκοινωνήτου
850 642 946 713 τῆς
971 642 1243 714 διαγωγῆς
1293 643 1452 696 τοῦτο
1494 646 1625 698 αὐτὸ
1657 645 1773 698 δια-

200 736 613 809 μαρτυρόμενος
668 733 819 801 ἔλεγε
853 750 866 762 ’
939 733 1109 801 Κάγὼ
1165 737 1276 788 οὐκ
1328 735 1497 804 ᾔδειν
1553 736 1771 801 αὑτὸν,

197 830 337 884 ἀλλ’
370 833 402 881 ό
432 827 674 896 πέμψας
696 842 774 895 με
806 824 1201 889 βαπτίζεινὲν
1230 828 1398 881 ὕδατι
1423 828 1651 894 ἐκεῖνός
1674 846 1775 896 μοι

196 919 352 973 εἷπε.

268 1010 419 1079 Στὶχ.
454 1010 557 1079 μζ.
612 1038 683 1049 --
722 1010 786 1061 Ἦ
817 1010 1067 1078 Ναζαρὲτ
1114 1010 1191 1078 (1)
1240 1012 1379 1063 πάνυ
1428 1010 1774 1080 διαϐέϐληται

199 1104 355 1174 παρὰ
384 1105 497 1165 τοῖς
539 1100 812 1165 Ἰουδαίοις
861 1100 1085 1165 ἀνωθεν,
1116 1102 1358 1171 δηλονότι
1387 1104 1461 1166 ὡς
1503 1104 1607 1155 ὑπὸ
1637 1106 1777 1157 ἐθνι-

200 1195 313 1247 κῶν
358 1194 557 1264 μᾶλλον
585 1192 898 1262 οἰκούμενον
947 1193 1007 1245 τὸ
1042 1194 1242 1264 χωρίον
1282 1195 1374 1247 καὶ
1400 1194 1598 1261 ἀγαθὸν
1626 1197 1776 1262 ἐνεγ-

197 1288 315 1337 κεῖν
360 1282 615 1337 οὐδέποτέ
662 1300 714 1335 τι
763 1283 1075 1353 δυνάμενον.
1108 1284 1270 1336 Ὀθεν
1312 1284 1404 1336 καὶ
1446 1285 1495 1336 οἱ
1538 1285 1774 1338 Ἰουδαῖοι

196 1376 389 1444 ελεγον
420 1374 557 1445 πρὸς
580 1373 671 1426 τὸν
698 1374 1006 1443 Νικόδημον
1027 1390 1041 1405 ·
1076 1374 1431 1442 Ἐρεύνησον
1450 1372 1549 1426 καὶ
1569 1373 1657 1426 ἴδε
1684 1373 1772 1438 τὸ,

195 1466 522 1535 Προφήτης
541 1466 609 1518 ἐκ
626 1463 733 1533 τῆς
752 1466 1082 1530 Γαλιλαίας
1104 1468 1215 1519 οὐκ
1234 1465 1556 1534 ἐγήγερται.
1583 1465 1775 1529 Καλῶς

196 1556 294 1613 οὖν
340 1558 438 1611 καὶ
480 1560 507 1611 ὁ
552 1558 816 1621 Φίλιππος
850 1557 987 1625 πρὸς
1032 1557 1122 1611 τὸν
1164 1556 1455 1627 Ναθαναήλ
1481 1574 1494 1589 ·
1553 1560 1775 1626 Ἔρχου

198 1649 298 1701 καὶ
331 1648 443 1700 ἴδε.
496 1646 715 1716 Ἐπειδὴ
758 1646 866 1716 γάρ
898 1663 1010 1715 μοι,
1058 1647 1209 1715 φησὶ,
1253 1646 1350 1716 τὴν
1376 1647 1608 1701 παλαιὰν
1644 1664 1777 1719 προ-

202 1737 377 1807 βάλλῃ
402 1736 583 1802 δόξαν,
626 1734 737 1803 ἐγώ
769 1752 850 1787 σοι
875 1736 944 1788 τά
984 1736 1281 1806 πράγματα
1310 1736 1579 1790 δεικνύναι
1605 1739 1773 1806 ἐπαγ-

1879 555 2372 610 comtnorationem
2409 570 2540 608 vero
2570 556 2691 623 ejus
2734 556 2787 608 in
2818 555 3060 616 deserto,
3094 563 3259 623 atque
3294 555 3447 607 inso-

1878 646 2075 701 ciabile
2107 645 2233 698 vita:
2262 643 2600 706 institutum,
2633 645 2764 699 illud
2804 647 2982 713 ipsum
3012 648 3173 699 etiam
3215 655 3446 698 testatus

1879 739 2018 792 dixit
2056 756 2069 790 :
2105 736 2174 790 Et
2202 753 2296 806 ego
2336 736 2624 791 nesciebam
2670 753 2823 799 eum;
2851 737 2942 789 sed
2976 739 3065 806 qui
3092 740 3235 790 misit
3268 754 3348 790 me
3392 745 3449 789 ut

1881 828 2206 898 baptizarem
2246 844 2406 897 aqua,
2439 830 2484 882 is
2510 828 2636 881 mihi
2666 828 2805 879 dixit
2833 826 3017 882 llaan.
3051 844 3087 890 ι,
3122 829 3237 898 '35).

1955 992 2120 1047 Vens.
2152 991 2237 1043 A7.
2275 1022 2343 1032 --
2370 988 2637 1044 Nazareth
2665 989 2796 1041 olim
2838 1004 2865 1040 a
2896 988 3103 1043 Judazis
3131 988 3289 1041 valde
3320 1003 3452 1041 con-

1882 1084 2253 1140 temnebatur.
2295 1082 2420 1151 quia
2454 1081 2712 1134 nimirum
2756 1081 2827 1134 ab
2863 1080 3101 1134 ethnicis
3151 1079 3267 1133 fere
3302 1079 3453 1147 regio

1883 1177 1974 1228 illa
2007 1174 2372 1233 incolebatur.
2424 1188 2525 1227 nec
2568 1186 2809 1241 unquam
2844 1171 2972 1225 boni
3011 1171 3293 1241 quidpiam
3322 1187 3452 1241 pro-

1882 1266 2087 1321 tulerit.
2145 1264 2295 1319 Unde
2349 1269 2514 1319 etiam
2560 1262 2735 1317 Judali
2798 1264 3059 1317 dicebant
3112 1262 3450 1319 Nicodemo:

1882 1358 2135 1413 Scrutare
2169 1358 2477 1425 Scripturas
2516 1366 2564 1410 et
2609 1356 2757 1419 vide,
2804 1357 2929 1425 quia
2979 1372 3011 1408 a
3060 1355 3286 1408 Galila’a
3334 1371 3454 1422 pro-

1880 1450 2035 1518 pheta
2069 1465 2171 1502 non
2213 1450 2382 1518 surgit
2428 1448 2614 1517 (Joau.
2651 1464 2749 1511 vti,
2782 1448 2893 1518 52).
2927 1448 3094 1501 liecte
3128 1447 3294 1516 igitur
3326 1446 3454 1499 Phi-

1880 1543 2066 1612 lippus
2109 1540 2434 1595 Natbanaeli
2489 1542 2607 1594 ait:
2659 1540 2801 1595 Vade
2847 1548 2903 1595 et
2952 1541 3087 1594 vide.
3131 1539 3268 1593 Cum
3304 1542 3452 1593 enim

1884 1634 2015 1688 mihi
2041 1674 2056 1698 ,
2092 1635 2301 1704 inquit,
2352 1637 2639 1705 antiquam
2675 1634 2910 1703 objicias
2945 1635 3263 1705 opinionem
3286 1673 3302 1700 ,
3354 1648 3455 1701 ego

1882 1726 1980 1779 tibi
2007 1741 2095 1781 res
2117 1727 2267 1795 ipsas
2284 1727 2572 1783 declarare
2594 1725 3057 1782 instituo.Deinde
3074 1723 3454 1788 Jesus,videns

196 1828 461 1897 γέλλομαι
480 1827 582 1898 (2).
597 1823 732 1880 Εἶτα
752 1827 826 1889 ὡς
854 1825 1028 1897 Ἰησοῦ
1049 1826 1327 1897 πόρρωθεν
1346 1827 1677 1899 θεασαμένου
1694 1830 1775 1884 τὸν

1887 1817 2086 1886 alonge
2112 1818 2419 1873 venientem
2439 1819 2504 1871 ad
2525 1834 2584 1872 se
2606 1816 2928 1879 Nathanael,
2954 1817 3123 1869 dixit:
3150 1814 3285 1868 Ecce
3306 1830 3455 1866 verus

200 1917 522 1986 Ναθαναὴλ,
553 1916 647 1969 καὶ
679 1915 944 1980 εἰπόντος,
983 1915 1106 1969 Ἰδε
1137 1915 1371 1982 ἀληθὴς
1412 1916 1782 1984 Ἰσραηλίτης

196 2009 269 2060 ἐν
288 2001 339 2072 ᾧ
359 2007 540 2071 δόλος
557 2008 667 2060 οὐκ
688 2006 820 2060 ἐστι
840 2024 854 2039 ·
886 2006 987 2060 καὶ
1012 2008 1119 2061 τοῦ
1140 2006 1463 2074 Ναθαναὴλ
1484 2008 1777 2073 εἰπόντος,

197 2098 396 2151 Πόθεν
406 2112 484 2163 με
501 2095 849 2163 γινώσκεις-ς
883 2096 1194 2164 Ἀπεκρίθη
1228 2096 1470 2163 Ἰησοῦς
1488 2112 1501 2126 ·
1529 2097 1648 2166 Πρὸ
1675 2096 1781 2149 τοῦ

196 2205 272 2242 σε
307 2190 615 2241 φίλιππον
645 2186 939 2257 φωνῆσαι,
972 2189 1069 2242 καὶ
1097 2188 1224 2259 ἑξῆς
1247 2203 1261 2216 ο
1314 2186 1436 2241 ὅθεν
1474 2189 1568 2241 καὶ
1603 2191 1631 2241 ὁ
1663 2189 1780 2241 Να-

197 2281 409 2350 θαναὴλ
459 2280 639 2349 ἔργοις
690 2281 874 2344 αὐτοῖς
913 2281 1013 2352 τὴν
1048 2280 1322 2346 ἀπόδειξιν
1372 2280 1573 2345 λαϐὼν,
1623 2281 1777 2351 φησι·

196 2373 284 2425 Σὺ
311 2368 370 2428 εἷ
398 2375 433 2425 ὀ
484 2371 615 2437 Υἱὸς
641 2372 747 2427 τοῦ
789 2372 935 2426 Θεοῦ
968 2375 1002 2427 ό
1028 2372 1327 2438 ,βασιλεὺς
1361 2372 1469 2427 τοῦ
1508 2373 1777 2441 Ἰσραήλ.

196 2463 386 2516 Ταῦτα
438 2465 679 2535 δηλονότι
726 2465 853 2534 περὶ
892 2462 987 2516 τοῦ
1040 2463 1272 2534 Χριστοῦ
1323 2465 1662 2532 προσεδόκων
1702 2466 1779 2527 ὡς

194 2558 554 2625 οἱκειωμένου
602 2555 753 2629 παρὰ
802 2556 1009 2619 πάντας
1048 2557 1206 2627 Θεῷ,
1253 2555 1329 2620 ὡς
1370 2556 1632 2627 βασιλέως
1682 2556 1775 2610 τοῦ

209 2647 452 2718 Ἰσραὴλ,
476 2651 524 2701 εἰ
548 2649 641 2701 κα)⁵
660 2647 1027 2719 ἀμυδρότερον
1046 2646 1184 2700 αὐτὰ
1208 2647 1302 2699 καὶ¹
1324 2645 1779 2717 σωματικώτερον

193 2734 337 2797 τέως
385 2736 727 2805 προσεδόκων
761 2753 775 2769 ο
832 2735 956 2790 οὔτε
996 2735 1104 2807 γὰρ
1157 2736 1306 2799 ὅπως
1348 2731 1417 2807 ἦν
1471 2736 1597 2801 Υἱὸς
1641 2737 1776 2791 Θεοῦ

209 2823 502 2889 Ἰουδαίους
546 2826 665 2878 τότε
694 2826 890 2881 ειδέναι
939 2827 1160 2880 δυνατὸν
1190 2822 1258 2897 ἦν
1278 2865 1293 2890 ,
1339 2828 1454 2882 ἀλλ’
1483 2828 1604 2881 οὐδὲ
1630 2829 1778 2892 ὅπως

196 2912 458 2981 βασιλεύς
488 2931 501 2944 ’
553 2915 667 2968 ἀλλ’
690 2915 809 2969 οὐδὲ
848 2911 917 2986 ἦν
970 2915 1062 2968 τοῦ
1094 2915 1387 2986 Ναθαναὴλ
1414 2916 1576 2981 εὐθὺς
1603 2918 1777 2971 ἐκεῖνο

196 3006 535 3073 ἐπιγνῶναι,
586 3007 617 3059 ὃ
665 3006 858 3077 μακρῷ
904 3007 1085 3077 χρόνῳ
1132 3009 1225 3061 καὶ
1272 3011 1398 3073 τοὺς
1447 3010 1778 3073 ἀποστόλους

195 3097 431 3167 ὕστερον
472 3099 777 3165 ἐγνωκότας
809 3098 956 3151 ἔστιν
996 3100 1177 3170 εὑρεῖν
1214 3116 1231 3132 ο
1283 3101 1511 3173 ἐπείπερ
1552 3100 1774 3173 ἐθεώρει

192 3191 303 3259 μὲν
353 3191 639 3260 ἄνθρωπον
664 3208 676 3220 °
728 3191 795 3244 τὰ
835 3192 893 3244 δὲ
940 3192 1090 3262 παρά
1133 3191 1227 3244 τοῦ
1264 3194 1469 3264 Κυρίου
1514 3193 1773 3263 λεχθέντα

193 3282 336 3353 πρὸς
360 3282 523 3335 αὑτὸν
555 3281 707 3334 οὔπω
726 3282 949 3335 τοιαῦτα
973 3276 1060 3352 ἦν,
1083 3281 1221 3335 ὥστε
1238 3282 1337 3354 τὴν
1376 3283 1534 3353 φύσιν
1561 3284 1775 3355 ἐκείνην

194 3375 528 3445 ἐμφαίνειν·
587 3376 706 3428 ἐπεὶ
758 3375 852 3428 καὶ
900 3374 1196 3445 προφητῶν
1247 3375 1405 3447 ἔργον
1454 3376 1614 3429 τοῦτο
1664 3372 1771 3447 ἦν·

193 3469 392 3539 ἀμέλει
407 3469 501 3521 καὶ
535 3470 833 3533 Ἐλισσαῖος
856 3469 1069 3538 ἐλέγχει
1087 3468 1177 3521 τὸν
1195 3470 1392 3523 οἰκεῖον
1416 3468 1663 3541 μαθητὴν
1686 3468 1776 3522 τὸν

192 3561 423 3630 χρυσίον
451 3560 680 3614 λαϐόντα
703 3564 852 3632 παρὰ
874 3563 967 3616 τοῦ
993 3563 1229 3633 Νεεμάν,
1256 3562 1427 3616 καίτοι
1450 3578 1512 3629 γε
1539 3561 1775 3631 πλείστῳ

192 3652 273 3721 τῷ
305 3653 632 3723 διαστήματι
663 3654 944 3726 πόρρωθεν
968 3674 981 3686 ο
1031 3656 1141 3708 ἀλλ’
1169 3656 1313 3725 ὅμως
1342 3654 1435 3707 καὶ
1457 3654 1517 3707 τὸ
1546 3655 1777 3725 πρᾶγμα

190 3746 345 3807 ὅπως
406 3745 620 3812 ἐγένετο
676 3746 954 3801 ὑποκάτω
999 3747 1107 3817 τῆς
1149 3747 1349 3814 συκῆς
1428 3748 1774 3812 πιστεύεις;

191 3834 452 3894 Μείζονα
482 3835 704 3889 τούτων
735 3836 869 3903 ὄψει
892 3854 907 3867 ⁸
937 3837 1031 3890 καὶ
1059 3836 1231 3903 οὕτως
1266 3835 1463 3899 ἔδειξεν
1510 3836 1592 3888 ὅτι
1625 3836 1775 3888 οὐδὲν

197 3926 347 3996 μέγα
371 3916 433 3978 τδ
466 3924 594 3997 παρ’
620 3902 785 3980 αὐτοῖι
822 3926 1029 3997 λεχθὲν,
1066 3902 1198 3998 μηδὲ
1229 3926 1370 3979 οὓτω
1415 3925 1598 3980 ἱκανὸν
1632 3925 1773 3978 ὥστε

190 4016 442 4087 ἀκριϐῶς
477 4016 661 4083 αὐτὸν,
695 4016 841 4079 ὅστις
881 4016 987 4087 εἴη,
1022 4016 1387 4087 παραστῆσαι.

267 4108 419 4177 Στίχ.
449 4112 513 4161 vl.
542 4139 608 4147 —
633 4106 929 4179 Αὑτάρκως
962 4108 1036 4179 (5)
1088 4106 1365 4178 ἐμφαίνων
1394 4105 1543 4178 αὐτῷ
1570 4107 1668 4179 τῆς
1697 4108 1774 4159 οἱ·

189 4203 350 4266 κείας
380 4202 660 4272 δυνάμεως
691 4200 789 4273 τὴν
837 4200 1173 4273 περιουσίαν,
1218 4201 1337 4253 ὅθεν
1390 4203 1484 4256 καὶ
1527 4204 1555 4255 ὁ
1592 4202 1774 4255 Ναθα-

184 4292 328 4363 ναὴλ
379 4292 558 4363 ἔργοις
591 4293 772 4354 αὐτοῖς
823 4292 919 4362 τὴν
978 4290 1247 4357 ἀπόδειξιν
1302 4292 1504 4359 λαϐὼν,
1568 4293 1769 4364 φησιν’

1883 1908 2158 1968 Israelita.
2181 1911 2233 1961 in
2263 1926 2363 1979 quo
2382 1908 2533 1962 dolus
2565 1926 2671 1962 non
2702 1919 2802 1962 est.
2840 1908 2981 1961 Dicit
3016 1909 3064 1960 ei
3096 1904 3403 1958 Nathanael
3436 1918 3454 1956 :

1888 1998 2033 2053 Unde
2057 2016 2135 2052 me
2172 2002 2310 2053 nosti
2325 2003 2350 2056 ?
2376 1999 2657 2068 Respondit
2676 1998 2836 2053 Jesus
2860 2013 2877 2051 :
2903 1997 3229 2066 Priusquam
3255 2008 3303 2049 te
3329 1994 3456 2047 Plii-

1882 2092 2052 2159 lippus
2086 2102 2315 2155 vacaret,
2351 2102 2406 2146 et
2451 2093 2770 2162 reliqua.....
2821 2088 2976 2145 Unde
3023 2098 3077 2142 et
3114 2088 3248 2157 ipsis
3284 2086 3458 2155 Operi-

1880 2182 1983 2238 bus
2003 2186 2288 2238 convictus
2305 2184 2479 2237 fuerat
2504 2193 2563 2236 ut
2585 2184 2795 2237 diceret
2817 2200 2832 2236 :
2858 2181 2936 2235 Tu
2956 2197 3009 2234 es
3033 2178 3211 2232 Filius
3247 2178 3361 2238 [λεί.
3400 2186 3456 2227 ιιι

1878 2290 1932 2328 es
1945 2289 2037 2327 rex
2059 2273 2232 2328 Israel
2249 2280 2325 2343 (ν.
2355 2274 2469 2345 59).
2487 2272 2743 2329 Christus
2767 2273 3011 2342 profecto
3033 2269 3457 2338 exspectabatur

1881 2372 2139 2435 tanquam
2174 2365 2267 2420 Dei
2293 2381 2404 2435 pra:
2434 2365 2694 2420 omnibus
2724 2362 3036 2425 familiaris,
3068 2370 3329 2429 tanquam
3360 2372 3455 2410 rex

1878 2454 2067 2525 Israel,
2100 2458 2208 2512 nisi
2241 2460 2408 2512 etiam
2434 2457 2577 2511 forte
2620 2456 2913 2511 obscurius
2952 2454 3237 2522 magisque
3263 2465 3455 2503 carna-

1880 2548 2042 2612 liter;
2089 2564 2189 2603 nec
2222 2550 2366 2603 enim
2405 2548 2683 2618 quomodo
2732 2554 2877 2602 esset
2908 2545 3083 2600 Filius
3112 2544 3205 2599 Dei
3239 2542 3456 2597 Iudaeos

1877 2648 1998 2694 erat
2029 2640 2292 2710 possibile
2335 2645 2480 2697 seire
2504 2682 2517 2706 ,
2569 2658 2669 2697 nec
2696 2640 2974 2711 quomodo
3019 2656 3148 2705 rex;
3193 2652 3294 2691 nec
3325 2650 3455 2705 ergo

1879 2734 2137 2802 possibile
2156 2747 2276 2791 erat
2296 2734 2594 2790 Nathanael
2619 2736 2808 2789 statim
2836 2734 2938 2788 hoc
2968 2733 3133 2796 scire,
3160 2730 3305 2801 quod
3334 2739 3457 2798 post

1878 2825 2099 2896 longum
2128 2837 2343 2896 tempus
2379 2829 2529 2896 ipsos
2563 2826 2845 2897 apostolos
2875 2824 3093 2879 tandem
3129 2822 3455 2893 cognovisse

1879 2916 2147 2973 videmus.
2183 2917 2283 2972 llic
2321 2921 2464 2973 enim
2502 2927 2713 2971 tantum
2746 2919 3019 2972 hominem
3055 2915 3304 2976 videbat;
3335 2926 3456 2981 quae

1877 3020 2057 3065 autem
2080 3010 2149 3064 ad
2168 3010 2346 3080 ipsum
2369 3026 2399 3064 a
2418 3008 2653 3065 Domino
2705 3011 2848 3065 dicta
2873 3010 3110 3074 fuerant,
3135 3008 3200 3061 ad
3231 3007 3456 3061 demon-

1880 3100 2163 3154 strandam
2198 3101 2425 3153 alteram
2462 3111 2715 3156 naturam
2745 3116 2854 3155 non
2902 3107 3153 3170 poterant
3185 3097 3453 3154 subicere.

1878 3191 2124 3262 Namque
2151 3194 2219 3249 de
2250 3195 2532 3264 prophetis
2577 3195 2707 3248 talia
2743 3200 3042 3247 narrantur
3075 3210 3087 3245 :
3123 3192 3264 3245 haud
3293 3190 3463 3257 dubie,

1879 3284 2095 3339 Eliseus
2112 3285 2441 3356 discipulum
2461 3302 2619 3341 suum
2637 3285 2987 3355 reprehendit
3009 3284 3058 3351 (1
3078 3284 3138 3338 V.
3155 3283 3339 3354 Reg.v,
3363 3282 3456 3352 26)

1878 3377 2023 3447 quod
2057 3392 2087 3429 a
2115 3375 2356 3431 Naaman
2388 3394 2587 3432 aurum
2641 3389 2963 3448 acceperat,
2994 3378 3247 3446 quamvis
3296 3377 3456 3444 longe

1879 3467 2117 3521 abesset.
2166 3467 2421 3521 Attamen
2472 3476 2525 3523 et
2567 3475 2779 3521 tantum
2812 3477 3032 3537 propter
3071 3467 3216 3536 quod
3248 3466 3455 3519 factum

1881 3564 1964 3611 est
2009 3556 2083 3626 (ν.
2119 3556 2209 3627 50)
2250 3558 2345 3611 sub
2386 3558 2491 3625 ﬁcu
2524 3558 2736 3614 credis?
2785 3557 2965 3627 Majas
2997 3559 3077 3609 lu's
3110 3557 3325 3610 videbis.
3365 3555 3455 3609 Sic

1877 3645 2117 3701 ostendit
2157 3646 2295 3699 nihil
2338 3663 2463 3702 esse
2495 3664 2756 3719 magnum
2788 3650 2933 3718 quod
2964 3650 3054 3703 ille
3082 3649 3316 3709 dixerat,
3352 3661 3455 3700 nec

1878 3738 1944 3793 ad
1972 3738 2132 3809 plane
2167 3739 2615 3809 patefaciendum
2648 3741 2829 3812 qualis
2859 3748 2976 3796 erat
3007 3742 3309 3796 subiciens.

1951 4107 2121 4163 Vens.
2151 4107 2240 4162 50.
2275 4137 2344 4149 --
2373 4107 2605 4162 Abunde
2638 4115 2886 4177 protecta
2910 4108 3049 4162 satis
3084 4108 3186 4177 ipsi
3235 4107 3454 4160 virtutis

1882 4217 1992 4256 suae
2042 4198 2476 4270 magnitudinem
2520 4198 2935 4261 declaraverat,
3010 4196 3453 4267 quandoquidem

1881 4295 2181 4349 Natltanael
2229 4294 2296 4346 ah
2328 4294 2463 4364 ipsis
2500 4295 2666 4348 etiam
2708 4291 2972 4361 operibus
3015 4299 3234 4359 accepta
3267 4290 3453 4343 decla-

200 4383 420 4445 Ῥαὸἔὶ,
462 4382 542 4435 σὺ
574 4382 629 4435 εἷ
660 4385 693 4435 ό
734 4381 867 4446 Υἱὸς
896 4382 1001 4436 τοῦ
1038 4383 1206 4446 Θεοῦ,
1230 4382 1311 4436 σὺ
1333 4379 1391 4436 εἴ
1412 4386 1443 4435 ὀ
1474 4383 1775 4447 ,βασιλεὺς

1887 4390 2113 4454 ratione,
2151 4388 2299 4441 dicat
2328 4404 2341 4439 :
2373 4385 2538 4439 Rabbi
2561 4426 2576 4449 ,
2622 4394 2675 4438 tu
2706 4402 2758 4439 es
2791 4384 2969 4438 Filius
3002 4384 3140 4445 Dei,
3194 4394 3246 4436 tu
3281 4400 3332 4435 es
3364 4397 3453 4435 rm:

186 4475 301 4527 τοῦ
348 4474 621 4543 Ἰσραήλ.
656 4474 843 4528 Ταῦτα
869 4476 976 4546 γὰρ
1000 4474 1238 4545 δηλονότι
1264 4478 1390 4548 περὶ
1412 4475 1504 4529 τοῦ
1535 4476 1775 4548 Χριστοῦ

184 4567 567 4637 προσεδόκων.

1876 4476 2073 4532 Israel.
2132 4475 2241 4531 lsta
2289 4476 2545 4533 videlicet
2606 4484 2774 4548 atque
2825 4475 3101 4546 ejusmodi
3136 4475 3203 4528 de
3233 4474 3454 4528 Christo

1879 4571 2298 4641 exspectabant.

262 4657 442 4713 Rahbi
480 4658 578 4729 (4),
611 4665 668 4710 ιιι
701 4672 761 4712 es
786 4654 958 4712 Filius
994 4656 1189 4723 Dei,tu
1220 4675 1278 4714 es
1310 4676 1405 4715 rex
1431 4658 1622 4725 Israel,
1647 4661 1753 4716 hoc
1781 4671 1864 4717 est
1892 4680 1905 4715 :
1938 4660 2019 4714 Tu
2045 4677 2104 4715 es
2132 4661 2225 4715 ille
2258 4660 2355 4731 qui
2385 4660 2453 4715 de
2486 4659 2647 4731 longe
2690 4659 3019 4729 praedicatus
3058 4669 3143 4715 est
3179 4658 3452 4718 Christus.

181 4754 308 4808 Hoc
338 4753 488 4805 enim
520 4749 731 4805 scilicet
763 4750 832 4804 de
862 4748 1083 4806 Christo
1113 4753 1388 4823 sperabat,
1433 4753 1577 4808 sicut
1608 4754 1916 4811 domestico
1943 4755 2243 4809 constituto
2283 4764 2482 4823 praeter
2516 4769 2708 4809 omnes
2745 4753 2876 4808 Deo.

253 4847 459 4901 Certus
496 4844 714 4914 quidem
747 4845 824 4915 (ὕ)
845 4855 900 4899 et
925 4843 1044 4915 ipse
1076 4854 1217 4911 erat,
1256 4845 1457 4902 Filium
1487 4848 1583 4904 Dei
1616 4864 1725 4903 non
1759 4850 2062 4905 secundum
2096 4850 2319 4905 deitatis
2356 4846 2549 4902 dicens
2591 4847 2956 4910 nativitatem,
3007 4847 3100 4901 sed
3155 4847 3454 4901 secundum

177 4938 344 5009 quod
379 4936 721 4990 domesticus
751 4933 861 4989 Deo
884 4942 1003 4988 erat
1047 4953 1061 4990 :
1094 4950 1190 5006 per
1220 4937 1367 5008 quod
1402 4938 1498 4992 fllii
1523 4936 1639 5005 Dei,
1671 4939 1767 5011 qui
1790 4956 1887 5011 per
1912 4942 2171 4995 virtutem
2202 4937 2493 4995 domestici
2518 4935 2629 4992 Deo
2663 4937 2952 4992 constituti
2990 4938 3264 5001 homines,
3312 4939 3454 4993 inte-

176 5043 296 5095 rim
328 5036 692 5091 vocabantur.

809 5123 1063 5178 ΚΕΦΑΛ.
1095 5121 1170 5174 B'.

256 5223 412 5292 Στίχ.
538 5250 607 5263 -—
637 5216 816 5282 Ἄξιον
842 5216 918 5287 (6)
955 5216 1182 5285 ζητῆσαι
1223 5214 1384 5266 πόθεν
1435 5212 1665 5287 ἐπῆλθεν
1704 5214 1773 5283 τῇ

174 5318 364 5389 μητρὶ
404 5314 545 5383 μέγα
570 5330 621 5365 τι
646 5311 1014 5381 φαντασθῆναι
1043 5308 1168 5378 περὶ
1193 5307 1284 5359 τοῦ
1317 5304 1534 5369 παιδός·
1556 5307 1776 5375 σημεῖον

170 5412 303 5481 γὰρ
336 5406 489 5461 οὐδὲν
519 5400 587 5475 ἦν
636 5402 951 5475 πεποιηκώς
979 5418 991 5431 ³
1020 5401 1222 5467 ταύτην
1258 5399 1365 5469 γάρ
1412 5415 1575 5469 φησιν
1600 5396 1773 5467 ἀρχὴν

256 5587 337 5655 (l)
368 5583 537 5640 Cord.
574 5582 782 5655 pLGOa
1085 5645 1132 5655 __
1176 5648 1185 5655 _

256 5644 339 5719 l2)
374 5644 921 5725 Pergit-Theodorus
960 5664 1045 5717 ap.
1085 5645 1284 5700 Maium
1322 5644 1454 5700 ibid.

256 5730 339 5795 1⁸5)
376 5722 542 5780 Cord.
571 5732 685 5795 cat.
714 5722 883 5795 p._6l.
1302 5784 1320 5795 .
1384 5784 1423 5795 η
1594 5785 1625 5795 μ

254 5784 339 5871 (4)
372 5797 570 5867 Ejusd.
621 5784 729 5849 Th:
753 5792 816 5845 de
850 5793 1116 5858 interpret.
1149 5804 1250 5844 sec.
1288 5784 1344 5840 Ι.
1376 5784 1666 5855 Evangelii,
1706 5784 1767 5837 de

2536 5122 2688 5179 CAP.
2725 5124 2790 5178 Ι.

1954 5211 2118 5269 Vens.
2150 5214 2204 5269 5.
2257 5241 2327 5259 -ν
2354 5214 2553 5272 Merito
2585 5218 2969 5287 inquirendum
2995 5226 3079 5271 est
3115 5215 3261 5269 unde
3292 5216 3453 5269 matri

1885 5305 1951 5361 de
1984 5306 2095 5361 ﬁlio
2121 5307 2237 5363 haec
2270 5311 2434 5364 tacita
2460 5311 2659 5365 fiducia
2696 5320 2815 5366 orta
2857 5319 3036 5377 esset;
3062 5311 3276 5364 nullum
3308 5312 3452 5363 enim

1881 5398 2207 5453 miraculum
2245 5398 2488 5469 fecerat,
2534 5418 2659 5457 cum
2692 5403 3025 5473 evangelista
3059 5401 3207 5454 dicat
3256 5400 3330 5470 (ν.
3366 5399 3454 5469 ll)

1882 5576 2015 5629 libro
2036 5578 2227 5647 primo.
2257 5578 2376 5631 Act.
2411 5578 2473 5632 C.
2507 5578 2570 5633 C.
2606 5595 2667 5643 ιι,
2700 5594 2775 5644 tv,
2810 5579 2897 5632 53.
2927 5577 3045 5647 Vig.
3076 5578 3137 5633 C.
3174 5580 3262 5633 55.

1952 5647 2025 5713 (5)
2065 5646 2129 5699 Et
2153 5660 2268 5716 post
2297 5649 2569 5712 aliaaAct.
2607 5649 2669 5705 C.
2698 5649 2761 5705 C.
2806 5650 2869 5716 ll,
2900 5665 2973 5715 tv,
2996 5645 3084 5705 34.
3122 5647 3245 5721 Vig.
3279 5649 3340 5705 C.
3361 5645 3453 5702 54.

1949 5717 2021 5771 (6)
2057 5717 2159 5773 Mai
2194 5718 2329 5775 ibid.
