3904 6520
528 324 643 377 ἴδε)

1723 319 2065 374 Τιιιεουυιιι
2105 314 2584 372 MOPSUESTENI

3681 311 3736 364 τί
3746 311 3775 361 0

543 442 648 496 hoc
702 439 895 494 fecisse
954 437 1169 491 initium
1224 437 1596 506 signortun‘in
1650 439 1792 490 Cana
1839 438 2084 492 Galilaaa:

2201 438 2307 488 τῶν
2339 434 2577 502 σημείων
2609 433 2859 502 ἐποίησεν
2901 434 2962 484 ἐν
2992 432 3145 501 Κανᾷ
3175 432 3272 498 τῆς
3302 428 3586 490 Γαλιλαίας
3612 443 3626 456 ·
3660 432 3706 481 εἰ
3728 430 3777 482 El:

541 531 773 597 Quidam
824 539 1001 583 autem
1034 526 1174 581 forte
1209 526 1406 580 dixerit
1432 528 1534 581 hoc
1566 545 1671 581 non
1700 528 1930 597 probare
1954 527 2103 582 sulIi-

541 624 751 678 cienter
801 622 1019 674 initium
1066 620 1167 673 hoc
1209 619 1379 674 fuisse
1431 621 1862 683 miraculorum;
1899 620 2003 673 hoc
2048 620 2104 673 in

541 715 661 769 loco
691 714 923 783 primum
960 711 1182 780 quidem
1225 710 1397 767 fuisse
1418 751 1431 772 ,
1472 712 1568 767 sed
1598 730 1706 766 non
1735 712 1958 767 omnino
1987 713 2102 783 pri-

540 821 719 865 mum;
769 819 895 857 nam
930 805 1235 869 verisimile
1292 813 1376 857 est
1424 805 1525 857 alia
1578 806 1706 857 alibi
1744 804 1958 859 fecisse.
2022 804 2100 857 Ad

541 896 642 948 hoc
677 896 1130 963 reSpondebimus
1184 895 1446 949 Joannem
1506 896 1713 950 dixisse
1759 895 1819 963 (I,
1856 896 1945 965 51)
1982 915 1994 949 :
2036 894 2104 947 Et

536 999 626 1052 ego
650 984 939 1036 nesciebam
984 1000 1149 1038 eum:
1190 985 1279 1037 sed
1311 994 1366 1036 ut
1415 985 1776 1051 manifestatur
1805 986 1859 1037 in
1907 984 2099 1046 Israel,

537 1086 809 1144 propterea
836 1077 948 1129 veni
985 1076 1278 1142 baptizans.
1335 1075 1506 1129 Porro
1536 1077 1579 1129 si
1614 1085 1856 1143 tempore
1915 1077 2098 1129 adole-

536 1170 756 1223 scentia:
805 1169 1069 1221 miracula
1101 1168 1341 1230 fecisset,
1374 1169 1580 1222 nullum
1621 1184 1759 1237 opus
1792 1168 1985 1223 fuisset
2018 1169 2101 1221 ls-

535 1262 743 1317 raelitis
768 1269 828 1315 ut
863 1260 1344 1327 manifestaretnr;
1401 1276 1520 1329 quze
1565 1262 1710 1314 enim
1773 1260 1911 1312 facta
1959 1258 2099 1312 fuis-

536 1364 713 1421 sent,
770 1355 1070 1409 illustriora
1128 1352 1299 1408 fuisse
1362 1355 1675 1407 viderentur
1715 1392 1729 1411 ,
1787 1362 1975 1421 utpote
2033 1352 2101 1405 ab

535 1446 881 1499 adolescente
911 1445 1072 1498 facta.
1101 1444 1281 1498 Unum
1317 1460 1446 1497 vero
1473 1453 1682 1497 tantum
1728 1443 2096 1497 testimonium

537 1538 663 1591 huic
698 1535 851 1591 alTert
880 1536 1055 1589 Lucas
1080 1540 1163 1600 ('tl,
1188 1536 1300 1604 4‘2).
1326 1552 1441 1589 cum
1473 1536 1646 1604 factus
1679 1544 1810 1588 esset
1842 1551 2097 1587 annorum

533 1627 846 1687 duodecim,
895 1627 1187 1695 magistros
1230 1627 1540 1680 audientem
1593 1626 1824 1685 sedisse,
1873 1626 2099 1693 suisque

533 1718 817 1787 responsis
864 1718 1169 1771 mirabilem
1215 1718 1326 1771 illis
1370 1718 1546 1771 visum
1582 1716 1773 1770 fuisse.
1812 1715 2097 1771 Verisimi-

2206 529 2353 595 λέγει
2382 546 2463 590 τις
2500 528 2572 596 μὴ
2604 522 2743 578 εἶναι
2788 524 2947 576 τοῦτο
2993 525 3289 593 τεκμήριον
3323 521 3507 575 ἱκανὸν
3533 522 3631 573 τοῦ
3656 521 3777 574 ταύ-

2205 635 2304 687 την
2329 617 2500 687 ἀρχὴν
2536 613 2673 669 εἶναι
2698 615 2803 667 τῶν
2830 616 3070 685 σημείων
3093 612 3369 684 ἐγχωροῦν
3399 614 3515 665 ἐκεῖ
3544 614 3775 681 πρῶτον,

2209 708 2284 778 μὴ
2318 710 2496 777 μέντοι
2532 710 2744 770 πάντως
2774 707 3015 777 πρῶτον·
3043 708 3188 769 εἰκὸς
3216 706 3324 775 γὰρ
3353 706 3515 757 αὐτὸν
3544 704 3773 773 ἀλλαχοῦ

2207 801 2561 870 πεποιηκέναι
2594 800 2754 869 ἕτερα
2778 818 2790 829 ·
2824 803 2996 852 ἐκεῖνο
3022 800 3157 870 πρὸς
3186 799 3382 860 αὐτοὺς
3419 796 3681 867 ἐροῦμεν,
3702 799 3776 850 ὅτι

2217 894 2467 959 Ἰωάννης
2505 894 2687 959 φησὶν,
2725 894 2805 944 ὅτι
2854 890 2997 958 Ἐγὼ
3029 893 3139 943 οὐκ
3182 890 3349 957 ᾔδειν
3393 889 3605 949 αὐτὸν,
3648 889 3776 941 ἀλλ’

2205 986 2302 1037 ἵνα
2341 984 2651 1052 φανερωθῇ
2679 983 2757 1048 τῷ
2795 984 3029 1049 Ἰσραὴλ
3057 1025 3070 1041 ,
3106 983 3203 1035 διὰ
3240 982 3416 1034 τοῦτο
3442 977 3644 1049 ἦλθον
3667 982 3775 1043 ,ϐα-

2203 1073 2416 1133 πτίζων
2435 1093 2448 1107 ο
2492 1076 2539 1126 εί
2567 1074 2673 1145 γὰρ
2711 1074 2832 1127 καθ’
2854 1074 3071 1143 ἠλικίαν
3092 1075 3556 1145 ἐθαυματούργει,
3586 1075 3686 1126 οὐκ
3718 1074 3778 1126 iv

2204 1166 2497 1236 ἐδεήθησαν
2523 1169 2571 1219 οἱ
2614 1167 2939 1236 Ἰσραηλῖται
2985 1166 3076 1218 τοῦ
3120 1168 3279 1219 αὐτὸν
3311 1166 3731 1236 φανερώσαντος
3760 1184 3772 1196 ·

2201 1260 2269 1311 τά
2314 1276 2373 1310 τε
2403 1259 2511 1328 γὰρ
2562 1258 2818 1326 γινόμενα
2856 1259 3258 1328 παραδοξότερα
3293 1259 3358 1311 ἂν
3407 1258 3592 1322 ἔδοξεν
3622 1254 3773 1321 εἶναι,

2203 1350 2295 1402 ἆτε
2339 1349 2486 1417 παρὰ
2521 1348 2802 1418 μειρακίου
2833 1350 3098 1416 γενόμενα
3121 1366 3133 1377 ⁸
3168 1349 3224 1400 ἓν
3265 1350 3319 1401 δὲ
3350 1349 3513 1415 μόνον
3544 1350 3777 1419 ἐμαρτύ-

2206 1457 2366 1511 ρησεν
2392 1441 2538 1509 αύτῷ
2576 1442 2605 1491 ὁ
2627 1442 2839 1501 Λουκᾶς
2857 1482 2871 1496 .
2905 1442 2986 1492 ὅτι
3014 1441 3301 1504 ἐκαθέζετο
3328 1442 3676 1509 δωδεκαετὴς
3705 1442 3773 1494 ὧν

2199 1531 2307 1582 τῶν
2327 1530 2660 1583 διδασκάλων
2691 1529 3065 1600 ἀκροώμενος,
3086 1530 3180 1583 καὶ
3211 1531 3298 1583 διὰ
3328 1532 3429 1600 τῆς
3454 1533 3771 1602 ἐρωτήσεως

2201 1622 2371 1674 ἐδόκει
2406 1623 2588 1685 αὐτοῖς
2627 1622 2925 1691 θαυμάσιος
2953 1618 3089 1675 εἶναι
3121 1639 3134 1651 °
3171 1624 3393 1685 εἰκότως
3424 1624 3485 1677 δὲ
3514 1625 3615 1675 καὶ
3642 1627 3771 1677 κατὰ

2200 1714 2354 1781 λόγον
2377 1714 2475 1766 οὐκ
2509 1714 2711 1783 ἤρξατο
2743 1714 2851 1765 τῶν
2893 1716 3132 1785 σημείων
3174 1717 3237 1768 ἐκ
3278 1715 3505 1786 πρώτης
3536 1717 3769 1783 ἡλικίας,

533 1808 658 1862 liter
687 1816 866 1863 autem
911 1815 963 1861 et
1015 1817 1073 1860 ut
1111 1824 1237 1862 vere
1267 1808 1500 1869 dicatur,
1538 1823 1643 1861 nou
1676 1808 1841 1876 coepit
1869 1822 1896 1858 a
1927 1807 2084 1875 prima

2202 1804 2288 1856 ἵνα
2326 1804 2398 1874 μὴ
2448 1780 2638 1867 δόξωσι
2678 1780 2976 1873 φάντασμα.
3008 1800 3165 1859 εἶναι.
3190 1780 3358 1857 Πόθεν
3400 1780 3495 1858 οὖν
3545 1780 3770 1871 ἐπῆλθεν

531 1900 899 1954 adolescentia
958 1899 1221 1952 miracula
1265 1900 1465 1962 facere,
1514 1915 1581 1952 ne
1614 1901 1933 1967 phantasma
1974 1914 2098 1953 esse

532 1992 829 2046 vtderetur.
864 1988 1018 2044 Unde
1044 2005 1197 2059 ergo,
1232 1989 1431 2059 inquit,
1456 1998 1603 2043 tanta
1634 1991 1747 2044 hac
1772 1992 1930 2043 matri
1958 1990 2095 2043 [idu-

530 2084 613 2137 cia
632 2083 697 2137 de
743 2084 835 2136 illo
860 2083 972 2154 (5)?
998 2084 1264 2152 reliquum
1290 2091 1374 2137 est
1394 2093 1451 2135 ut
1481 2082 1813 2137 manifestari
1847 2084 2092 2153 coeperit.

531 2175 606 2228 Ex
638 2174 865 2231 Joannis
895 2175 1113 2246 quidem
1138 2174 1454 2229 testimonio
1486 2176 1864 2229 manifestatus
1896 2176 2092 2239 fuerat,

527 2284 592 2321 ex
626 2268 806 2321 verbis
835 2284 954 2336 qua:
985 2268 1051 2321 ad
1092 2266 1395 2335 discipulos
1429 2268 1763 2335 protulerat;
1804 2283 1964 2337 supra
2000 2283 2094 2321 au-

531 2369 638 2414 tem
669 2359 851 2413 omnia
881 2360 1017 2422 haec,
1054 2376 1117 2413 ex
1164 2359 1523 2427 conceptione
1556 2366 1720 2428 atque
1762 2375 1826 2412 ex
1858 2360 1944 2413 his
1973 2375 2094 2429 qua:

530 2452 942 2520 conceptionem
984 2450 1201 2505 fuerant
1241 2450 1519 2513 comitata,
1564 2450 1797 2503 maxima
1832 2451 1896 2505 de
1923 2466 2092 2520 puero

528 2550 645 2593 orta
677 2540 836 2593 matri
872 2540 1045 2593 fuerat
1066 2540 1275 2609 Opinio,
1311 2541 1607 2608 omniaque
1640 2541 2001 2594 conservabat
2031 2542 2088 2594 in

526 2630 692 2684 corde
730 2646 830 2685 suo
870 2629 1018 2700 (Luc.
1047 2646 1109 2693 ιι,
1138 2630 1245 2698 19).
1279 2630 1415 2683 Cum
1442 2631 1605 2699 igitur
1638 2632 1894 2700 cognovit
1922 2629 2090 2685 Joan-

524 2736 648 2775 nem
680 2722 853 2790 gratia
888 2723 1032 2775 illius
1066 2722 1302 2784 venisse,
1339 2721 1406 2774 de
1435 2722 1525 2774 illo
1560 2722 1931 2775 testiinonium
1964 2737 2086 2790 per-

522 2810 732 2876 bibere,
753 2812 1162 2881 discipulosque
1204 2812 1423 2874 habere,
1457 2822 1585 2867 tunc
1616 2822 1810 2866 caetera
1845 2814 2087 2882 gaudens

522 2904 817 2959 revocavit.
858 2904 993 2958 Nam
1043 2921 1103 2959 se
1139 2905 1493 2959 illustriorem
1529 2904 1711 2959 facere
1744 2907 2088 2975 gratiamque

519 2995 629 3049 illis
662 2996 904 3065 prazbere
951 2996 1187 3049 volebat.
1224 2994 1383 3049 Forte
1413 2996 1621 3065 aliquid
1671 2996 1894 3049 humani
1922 3012 2086 3067 expe-

2198 1896 2263 1963 τῇ
2320 1895 2485 1963 μητρὶ
2550 1894 2691 1963 μέγα
2746 1895 3114 1965 φαντασθῆναι
3169 1898 3296 1967 περί
3344 1898 3537 1958 αὑτοῦ,
3580 1901 3765 1966 φησίν;

2198 1984 2676 2037 ἀποκαλύπτεσθαι
2707 1984 2889 2038 λοιπὸν
2912 1987 3106 2056 ἤρχετο
3128 2004 3141 2016 ·
3172 1988 3265 2040 καὶ
3290 1988 3348 2053 ἐξ
3385 1989 3646 2043 Ἰωάννου
3678 2009 3768 2042 καο

2197 2076 2420 2145 τάδηλος
2453 2072 2554 2147 ἦν,
2590 2078 2652 2128 ἐκ
2699 2077 2807 2128 τῶν
2854 2078 2987 2146 πρὸς
3023 2080 3150 2141 τοὺς
3185 2079 3433 2148 μαθητάς
3465 2082 3767 2150 εἰρημένων

2198 2168 2374 2237 αὐτῷ’
2408 2170 2501 2221 καὶ
2532 2168 2636 2240 πρὸ
2665 2168 2853 2222 τούτου
2882 2170 2939 2222 δὲ
2962 2170 3200 2231 πάντων,
3243 2172 3379 2240 αὑτὴ
3419 2175 3450 2241 ἡ
3490 2172 3763 2241 adlinet;

2197 2260 2290 2313 καὶ
2330 2260 2397 2312 τὰ
2423 2259 2551 2329 περὶ
2584 2259 2683 2329 τὴν
2717 2260 2975 2330 σύλληψιν
3004 2262 3292 2330 γενόμενα,
3327 2265 3605 2333 μεγίστην
3642 2267 3762 2334 αὐτῇ

2196 2350 2443 2421 περὶτοῦ
2479 2352 2667 2414 παιδὸς
2714 2352 2968 2421 ἐνέθηκεν
3009 2353 3107 2425 τὴν
3137 2354 3363 2428 [δόξαν],
3402 2359 3504 2409 καὶ
3537 2355 3608 2428 ἦν
3640 2376 3762 2427 συμ-

2194 2444 2482 2508 ϐάλλουσα,
2511 2446 2664 2513 φησὶ,
2697 2444 2871 2499 πάντα
2891 2446 2948 2498 ἐν
2976 2449 3041 2516 τῇ
3066 2448 3261 2519 καρδίᾳ
3294 2450 3484 2521 αὐτῆς.
3514 2451 3649 2504 ’Ὀτε
3681 2448 3761 2505 οἷον

2191 2531 2329 2589 οἶδεν
2374 2538 2457 2590 ὅτι
2499 2538 2749 2606 Ἰωάννης
2797 2538 2863 2591 δι’
2898 2540 3055 2593 αὑτὸν
3102 2536 3266 2610 ἦλθεν
3319 2542 3411 2594 καὶ
3468 2543 3759 2612 ἐμαρτύρει

2192 2628 2340 2697 αὐτῷ
2360 2668 2375 2691 ,
2402 2630 2497 2681 καὶ
2526 2630 2607 2681 ὅτι
2636 2630 2881 2699 μαθητὰς
2914 2630 3091 2700 ἔσχεν,
3125 2632 3245 2685 τότε
3277 2631 3463 2684 λοιπὸν
3490 2632 3759 2706 θαρροῦσα

2190 2720 2517 2791 παρεκάλει·
2542 2720 2789 2774 ἐϐούλετο
2821 2722 2929 2793 γὰρ
2959 2722 3157 2792 ἑαυτὴν
3189 2722 3583 2795 λαμπροτέραν
3618 2728 3759 2795 ποιῆο

2192 2827 2280 2862 σαι
2305 2811 2382 2880 (1)
2418 2811 2645 2875 ἐκείνοις
2688 2829 2747 2865 τε
2774 2815 2933 2883 χάριν
2970 2815 3331 2869 καταθέσθαι·
3370 2818 3465 2871 καὶ
3495 2820 3639 2889 τάχα
3663 2823 3757 2890 γὰρ

2188 2899 2524 2970 ἀνθρώπινόν
2558 2919 2608 2955 τι
2645 2902 2870 2973 ἔπασχε,
2904 2906 3156 2977 καθάπερ
3186 2910 3279 2961 καὶ
3309 2912 3358 2961 οἱ
3411 2910 3640 2980 ἀδελφοὶ⁸
3666 2912 3753 2963 αὖ·

2187 2988 2280 3041 τοῦ
2310 2988 2555 3057 λέγοντες
2579 3007 2594 3021 ο
2638 2991 2845 3057 Δεῖξον
2873 2997 3133 3048 σεαυτὸν
3164 2996 3243 3062 τῷ
3293 3000 3505 3067 κόσμῳ
3527 3017 3540 3031 ’
3580 3000 3755 3069 βουλό-

519 3088 789 3151 riebatur,
811 3085 1270 3156 quemadmodum
1296 3087 1493 3141 fratres
1512 3087 1633 3155 ejus
1663 3088 1753 3156 qui
1786 3087 2041 3141 dicebant
2066 3106 2079 3141 :

2192 3099 2340 3152 μενοι
2370 3083 2470 3155 τὴν
2497 3085 2562 3139 ἐκ
2589 3085 2697 3140 τῶν
2728 3085 3018 3159 θαυμάτων
3044 3088 3199 3156 δόξαν
3232 3092 3656 3163 καρπώσασθαι.

520 3177 811 3241 Manifesta
841 3180 1063 3246 teipsum
1094 3177 1288 3229 mundo
1313 3180 1433 3244 (vn,
1458 3176 1534 3247 4),
1567 3194 1633 3233 ex
1661 3179 1942 3234 miraculis
1969 3179 2088 3248 ejus

520 3270 749 3338 gloriam
787 3268 1081 3338 adepturos
1110 3276 1415 3337 sperantes.

588 3379 753 3435 Vens.
791 3380 844 3435 9.
881 3409 953 3420 —
984 3380 1409 3435 Architriclinus
1433 3381 1740 3437 ministerio
1772 3400 2083 3439 mensarum

518 3472 913 3543 apparatuique
943 3472 1256 3542 nuptiarum
1284 3482 1531 3542 praeerat.
1585 3474 1862 3533 Advocare
1908 3487 2084 3534 autem

516 3581 815 3635 sponsum,
846 3581 954 3635 quo
986 3566 1170 3619 audito
1216 3566 1518 3635 inquirere,
1571 3571 1833 3625 scientem
1884 3588 2085 3642 sponso

517 3674 624 3712 non
657 3672 783 3712 esse
826 3658 1056 3710 alterum
1118 3657 1341 3720 vinum,
1404 3674 1467 3711 ac
1525 3661 1742 3729 quidem
1799 3673 2083 3733 postquam

513 3747 893 3816 inquisivisset
955 3746 1100 3801 unde
1172 3746 1359 3800 vinum
1430 3758 1621 3815 esset,
1683 3754 1825 3820 quod
1882 3754 2082 3809 factum

516 3838 690 3893 fuerat
724 3838 939 3893 discere
966 3878 980 3901 ,
1017 3838 1243 3892 omnino
1277 3854 1491 3907 (equum
1526 3851 1666 3896 erat.
1700 3843 1870 3899 Nemo
1900 3854 2082 3902 tamen

509 3932 729 3985 illorum
764 3928 1021 3991 credidit,
1048 3930 1139 3983 sed
1172 3939 1381 3986 tantum
1406 3932 1508 3987 hoc
1539 3935 1725 3988 retulit
1747 3938 2083 4007 evangelista

508 4028 569 4075 ut
599 4019 914 4075 ostenderet
948 4034 1055 4075 non
1088 4019 1261 4073 solum
1301 4036 1497 4088 aquam
1545 4022 1598 4076 in
1634 4025 1817 4077 vinum
1852 4040 2081 4081 conver-

507 4127 623 4167 sam
651 4110 945 4171 tuisse,sed
976 4110 1029 4163 in
1054 4118 1304 4163 naturam
1338 4112 1578 4181 aliquam
1604 4116 1911 4170 mirabilem
1942 4118 2075 4171 vini.

505 4203 714 4258 Caetera
748 4212 931 4256 autem
964 4209 1021 4255 ut
1048 4201 1348 4273 superﬂua,
1384 4220 1484 4259 nec
1519 4204 1744 4260 utilitati
1777 4208 2077 4264 inservien-

508 4296 583 4349 tia
616 4294 876 4364 neglexit.

578 4407 742 4464 Vens.
795 4408 982 4463 {lt-l9.
1029 4439 1097 4449 —
1147 4407 1310 4464 Visus
1362 4418 1446 4465 est
1521 4410 1802 4479 Christus,
1865 4430 1987 4469 cum
2039 4432 2069 4472 e

507 4500 707 4568 templo
736 4501 1047 4554 venditores
1063 4503 1572 4573 nummulariosque
1596 4508 1928 4571 exturbavit,
1956 4525 2064 4564 non

507 4591 935 4660 negotiationem
988 4592 1209 4655 solum,
1261 4609 1452 4648 verum
1497 4597 1658 4650 etiam
1720 4599 2063 4654 victimarum

506 4683 667 4737 ritum
699 4682 992 4738 sustulisse
1014 4722 1029 4745 ,
1085 4684 1527 4755 quandoquidem
1562 4688 1726 4743 boves
1755 4692 2068 4747 columbas-

502 4788 610 4840 que
667 4788 855 4828 earnm
886 4772 1151 4827 duntaxat
1178 4776 1352 4843 gratia
1385 4779 1701 4833 venderent.
1741 4781 1896 4837 Unde
1931 4786 2063 4837 'satis

503 4866 575 4936 ﬁt]
606 4866 919 4935 probabile,
965 4882 1088 4920 eum
1148 4868 1213 4919 ad
1266 4872 1724 4927 resurrectionem
1775 4875 2063 4941 allusisse,

499 4970 564 5008 ac
606 4955 651 5009 si
684 4954 847 5008 tacite
881 4953 1087 5009 diceret
1121 4974 1133 5008 :
1168 4954 1297 5024 Ejus
1335 4958 1551 5028 signum
1594 4962 1875 5029 quaeritis,
1926 4980 2031 5033 pau

499 5046 669 5115 lisper
714 5053 1047 5115 exspectate.
1092 5046 1225 5099 Cum
1270 5049 1416 5101 enim
1463 5066 1547 5103 me
1590 5052 1863 5107 sublatum
1901 5063 2060 5124 puta-

497 5137 653 5199 bitis,
687 5146 819 5191 tunc
853 5136 1068 5191 demum
1121 5153 1453 5207 resurgens,
1508 5143 1764 5197 omnibus
1800 5145 2065 5214 meipsum

494 5231 794 5296 exhibebo,
829 5230 1228 5300 ostendamque
1282 5233 1376 5302 qui
1419 5235 1544 5289 sim.
1594 5235 1659 5288 Et
1708 5237 1790 5291 sic
1839 5237 2062 5307 quidem

494 5323 773 5378 veteribus
833 5324 942 5377 illis
987 5325 1330 5393 antiquatis,
1381 5341 1520 5379 nova
1552 5327 1799 5397 quaedam
1833 5331 2064 5384 exsistet

496 5414 704 5481 politia,
734 5429 886 5468 novae
906 5413 1163 5469 videlicet
1192 5415 1343 5471 illius
1366 5415 1495 5471 vita:
1542 5426 1665 5488 post
1696 5420 2065 5475 resurrectio-

496 5518 616 5557 nem
648 5505 952 5573 promissae.

2256 3389 2405 3460 Στίχ.
2443 3389 2506 3445 θ’.
2552 3422 2622 3433 -
2674 3394 3097 3469 Ἀρχιτρίκλινον
3142 3400 3293 3471 λέγει
3323 3402 3416 3457 τὸν
3464 3403 3749 3475 ἐξάρχοντα

2184 3483 2281 3551 τῆς
2315 3484 2621 3553 ὑπηρεσίας
2652 3490 2747 3540 καὶ
2774 3490 2872 3558 τῆς
2897 3493 2977 3554 εἰς
3014 3492 3107 3545 τὸν
3148 3495 3326 3563 γάμον
3357 3500 3708 3567 παρασκευῆς
3732 3515 3745 3528 ·

2184 3574 2327 3638 είκὸς
2360 3575 2415 3627 δέ
2442 3572 2509 3647 ἦν
2536 3577 2626 3629 καὶ
2653 3577 2742 3631 τὸν
2772 3582 3000 3650 νυμφίον
3022 3584 3443 3654 ἐγκαλούμενον,
3473 3590 3571 3642 καὶ
3598 3589 3747 3642 ἀκού-

2185 3684 2351 3720 σαντα
2374 3667 2695 3742 διαπορῆσαι
2717 3711 2732 3735 ,
2768 3673 2946 3726 εἰδότα
2975 3674 3049 3738 ὡς
3073 3675 3173 3728 οὐκ
3198 3671 3266 3746 ἦν
3298 3678 3453 3748 αύτῷ
3484 3676 3626 3742 οἶνος
3645 3682 3747 3733 Ets-

2186 3776 2275 3829 ρος
2298 3801 2311 3824 ,
2343 3762 2436 3813 καὶ
2468 3763 2737 3832 ἐρωτῆσαι
2785 3764 2882 3835 μέν
2911 3765 3032 3820 ὅθεν
3074 3768 3104 3819 ὁ
3131 3764 3308 3833 οἶνος,
3354 3771 3553 3840 μαθεῖν
3600 3773 3653 3825 δὲ
3693 3775 3748 3827 τὸ

2181 3850 2399 3916 γεγονός
2419 3868 2432 3881 ·
2470 3852 2583 3903 ἀλλ’
2617 3854 2766 3923 ὅμως
2787 3856 2936 3907 οὐδὲν
2975 3856 3176 3911 τούτων
3206 3860 3555 3930 προσέθηκεν
3578 3903 3593 3926 ,
3626 3862 3747 3914 ἀλλά

2183 3944 2342 4013 μόνον
2388 3944 2541 3998 τοῦτο
2574 3946 2979 4016 ἐμνημόνευσεν
3001 3988 3016 4013 ,
3065 3948 3204 4002 ὥστε
3238 3950 3484 4021 δηλῶσαι
3517 3953 3642 4025 [ὅτι]
3688 3956 3744 4006 οὐ

2182 4037 2339 4105 μόνον
2361 4038 2420 4089 τὸ
2450 4036 2591 4109 ὕδωρ
2618 4041 2697 4101 είς
2712 4034 2850 4091 οἶνον
2883 4042 3259 4111 μετεποίησεν,
3279 4044 3418 4097 ἀλλὰ
3435 4046 3546 4114 γὰρ
3570 4049 3655 4099 καὶ
3673 4048 3745 4108 εἰς

2178 4123 2490 4196 θαυμαστήν
2518 4143 2639 4179 τινα
2678 4128 2838 4195 φύσιν
2884 4129 3064 4182 οἷνουο
3122 4131 3192 4184 τά
3227 4133 3411 4201 μέντοι
3474 4134 3631 4187 λοιπὰ
3673 4135 3742 4197 ὡς

2176 4216 2423 4287 περιττὰ,
2452 4218 2616 4288 μηδὲν
2639 4221 2704 4290 τῇ
2733 4220 2890 4293 χρεία
2924 4222 3342 4294 συμϐαλλόμενα
3370 4228 3740 4298 παρῃτήσατο.

2242 4415 2387 4486 Στίχ.
2415 4416 2590 4470 ιδ’-ιθ’.
2614 4448 2683 4457 —
2720 4418 2923 4471 Ἐδόκει
2963 4420 3038 4491 (2)
3086 4422 3114 4472 ὁ
3151 4422 3387 4491 Χριστὸς
3427 4426 3554 4488 τοὺς
3588 4428 3642 4477 ἐν
3668 4424 3743 4493 τῷ

2175 4506 2302 4579 ἱερῷ
2334 4510 2648 4564 ἀπελαύνων
2676 4512 2952 4582 καπήλους
2998 4514 3089 4565 καὶ
3131 4513 3540 4585 κολ[λ]υ6ιστάς
3562 4520 3617 4569 ού
3649 4518 3739 4585 τὴν

2172 4602 2439 4670 ἐμπορίαν
2492 4603 2651 4670 μόνον
2691 4603 3011 4667 καταλύειν,
3066 4604 3199 4658 ἀλλὰ
3252 4608 3349 4659 καὶ
3388 4607 3451 4659 τὸ
3489 4608 3593 4660 τῶν
3638 4608 3741 4659 θυ-

2170 4693 2297 4745 σιῶν
2332 4692 2471 4756 ἐθος,
2503 4695 2728 4766 ἐπείπερ
2768 4695 2987 4749 ἐκείνων
3028 4697 3211 4751 ἕνεκεν
3247 4700 3295 4751 οἱ
3346 4702 3741 4771 πιπράσκοντες

2168 4785 2291 4847 τούς
2324 4802 2380 4837 τε
2415 4784 2539 4854 βόας
2572 4791 2665 4839 καὶ
2702 4788 2800 4851 τὰς
2844 4790 3169 4859 περιστερὰς
3196 4791 3552 4862 ἐπίπρασκον.
3585 4794 3739 4846 Ὅθεν

2168 4874 2390 4938 εἰκότως
2420 4877 2511 4928 ἐπὶ
2548 4878 2646 4947 τὴν
2689 4878 2984 4932 ἀνάστασιν
3019 4880 3315 4952 ἐχώρησεν,
3357 4883 3435 4947 ὡς
3470 4882 3535 4936 ἂν
3578 4886 3735 4953 εἴπῃ·

2170 4966 2382 5036 Ταύτης
2410 4970 2629 5037 σημεῖον
2656 4968 2885 5041 ζητεῖτε,
2910 4970 3079 5041 βραχύ
3109 4988 3160 5025 τι
3188 4974 3532 5043 ἀναμείνατε.
3565 4975 3741 5027 Ἐπει-

2168 5058 2261 5111 δάν
2291 5059 2399 5129 γάρ
2430 5059 2636 5113 ἀνελεῖν
2672 5079 2737 5131 με
2764 5062 2970 5132 δόξητε,
3015 5065 3133 5117 τότε
3162 5064 3403 5128 ἀναστὰς
3431 5067 3587 5118 πᾶσιν
3615 5066 3739 5116 ἐαυ-

2163 5152 2252 5205 τὸν
2280 5154 2532 5223 γνωρίσω
2560 5155 2705 5218 ὅστις
2744 5156 2877 5226 εἰμί.
2909 5158 3017 5210 Καὶ
3046 5156 3188 5209 οὕτω
3211 5158 3384 5211 ταῦτα
3413 5159 3512 5226 μὲν
3542 5158 3608 5209 τὰ
3639 5160 3739 5210 πά-

2166 5242 2252 5295 λαι
2298 5243 2608 5313 λυθήσεται,
2651 5247 2746 5299 καὶ
2795 5249 2951 5315 καινὴ
3002 5265 3084 5310 τις
3126 5248 3387 5313 πολιτεία,
3419 5249 3511 5302 ἅτε
3547 5248 3612 5316 δὴ
3647 5250 3739 5298 καὶ

2166 5332 2351 5384 καινοῦ
2400 5333 2515 5401 βίου
2567 5334 2658 5388 τοῦ
2712 5336 2851 5406 μετὰ
2889 5338 2984 5410 τὴν
3040 5338 3330 5392 ἀνάστασιν
3371 5340 3741 5405 κατευαγτεὶο

2166 5423 2517 5495 λ[ιζ]ομένου.

560 5677 636 5755 (1)
667 5677 765 5755 [tie
808 5683 1164 5749 praenoscitur
1212 5693 1366 5753 pater
1397 5683 1630 5739 Nestorii
1673 5684 1737 5741 de
1776 5686 1949 5755 gloria
1989 5688 2039 5747 ιι,
2093 5690 2159 5745 Μ.
2190 5689 2248 5743 V.
2280 5690 2635 5747 detrahentis.

566 5747 644 5819 (2)
674 5747 835 5804 ϐοτά.
868 5760 973 5805 cat.
1004 5770 1054 5822 p.
1090 5755 1173 5807 75.
