3904 6526
218 360 314 414 741

818 468 1067 521 ΚΕΦΛΛ.
1120 465 1194 521 Γ’.

288 566 439 634 Στίχ.
469 571 527 616 ε’.
563 593 632 602 -—-
663 560 763 614 Τὸν
793 562 985 632 τρόπον
1015 558 1428 630 (Ιχὲξηγήσατο
1461 555 1558 624 τῆς
1591 551 1680 604 διὰ
1702 548 1795 602 τοῦ

1406 349 1474 405 IN
1512 344 1957 403 EVANGELIUM
1992 344 2293 401 JOANNIS.

3357 337 3460 392 Ἰζιὲ

2544 450 2698 507 CAP.
2738 450 2824 505 lll.

1967 544 2130 599 Vens.
2163 546 2215 600 5.
2244 575 2313 585 ——
2342 543 2558 599 Modum
2594 560 2703 614 quo
2736 559 2833 615 per
2870 541 3201 611 baptismum
3235 549 3464 608 regene-

219 658 592 728 βαπτίσματος
623 654 1053 723 άναγεννήσεως,
1102 650 1196 703 τοῦ
1254 650 1350 720 μὲν
1395 647 1605 710 ὓδατος,
1659 646 1716 696 ὲν
1754 633 1799 709 ᾧ

1934 655 2124 702 emur,
2177 638 2474 708 exposuit,
2520 638 2648 691 dum
2690 638 2745 691 in
2793 651 2933 705 aqua
2966 633 3187 703 quidem
3226 627 3467 685 conferri

219 750 523 821 πληροῦται
552 747 612 799 τὸ
636 747 793 818 ἔργον
828 743 1016 810 εἰπὼν,
1039 742 1128 797 τοῦ
1171 742 1226 794 δὲ
1271 738 1582 809 Πνεῦματος
1622 736 1698 800 ἐν,
1720 731 1799 803 τῷ

1902 731 2077 792 illum,
2124 728 2215 783 sed
2262 736 2454 781 sancto
2508 724 2717 795 Spiritu
2768 724 3046 795 propriam
3081 721 3138 774 in
3195 720 3469 775 elemento

221 842 378 895 ὕδατι
408 840 504 911 τὴν
531 839 733 892 οἰκείαν
763 837 1091 909 πληροῦντος
1118 833 1415 904 ἐνέργειαν.
1446 829 1505 882 '0
1536 827 1666 890 Θεὸς
1692 824 1800 895 γὰρ

1939 826 2159 878 irtutem
2192 829 2510 884 exsercnte,
2542 818 2732 887 perﬁci
2775 817 3052 888 negotium
3084 814 3188 867 hoc
3215 812 3467 864 aﬂirmat.

220 937 319 989 καὶ
349 934 574 1005 Πνεῦμα
602 932 864 993 υἱοθεσίας
891 931 1126 997 λέγεται,
1150 929 1246 996 οὐχ
1271 924 1432 994 ὕδωρ,
1469 920 1654 990 ἐπειδὴ
1683 916 1803 970 τού-

222 1046 317 1082 του
346 1032 412 1099 τῇ
439 1027 663 1096 δυνάμει
687 1026 785 1096 τὴν
812 1024 1165 1093 ἀναγέννησιν
1193 1017 1482 1088 δεχόμεθα’
1519 1012 1704 1066 τούτου
1730 1013 1803 1077 ’γε

220 1124 394 1176 ἕνεκα
434 1121 528 1174 καὶ
578 1122 635 1171 ἐν
681 1118 759 1187 τῷ
810 1116 1139 1186 βαπτίσματι
1178 1111 1238 1163 τὸ
1273 1110 1368 1179 μὲν
1406 1105 1629 1175 Πνεῦμα
1669 1100 1805 1172 μετὰ

220 1212 442 1284 Πατρδς
480 1212 574 1263 καὶ
612 1209 740 1262 Υίοῦ
776 1206 1131 1277 ὀνομάζομεν,
1175 1201 1268 1254 τοῦ
1304 1199 1359 1252 δὲ
1390 1198 1579 1259 ὓδατος
1615 1196 1674 1248 οὐ
1708 1210 1806 1264 με·-

229 1306 505 1377 μνήμεθα·
554 1305 627 1365 ὡς
680 1299 993 1372 φαίνεσθαι,
1028 1298 1109 1349 ὅτι
1154 1295 1215 1347 τὸ
1246 1293 1341 1363 μὲν
1393 1287 1656 1359 σύμϐολον
1714 1285 1808 1336 καὶ

225 1401 419 1470 χρείας
442 1399 582 1459 τινὸς
620 1395 803 1448 ’ένεκεν
830 1387 1336 1461 παραλαμϐάνεται,
1364 1385 1424 1438 τὸ
1459 1381 1514 1433 δὲ
1555 1379 1627 1442 ὡς
1657 1380 1808 1447 ἐνερ-

227 1491 363 1559 γοῦν
393 1490 527 1559 μετᾶ
555 1488 761 1557 [ἰατρὸς
790 1486 881 1537 καὶ
908 1482 1035 1536 Υἱοῦ
1063 1476 1483 1545 ὲπικαλούμεθα,
1515 1473 1635 1524 ἐπεὶ
1660 1470 1751 1523 καὶ
1782 1469 1809 1521 ὁ

226 1584 438 1653 Κύριος
468 1580 598 1652 πρὸς
629 1580 687 1631 τὸ
706 1620 719 1639 ,
748 1580 997 1630 Aurata:
1029 1577 1111 1639 εἰς
1140 1572 1255 1639 τὴν
1275 1568 1521 1652 ’κοιλίαν
1554 1562 1659 1631 τῆς
1702 1578 1809 1631 μη·

227 1649 372 1743 me}
408 1649 700 1727 εἰσελθεῖν
740 1670 836 1723 καὶ
882 1649 1279 1737 γεννηθῆναι,
1308 1661 1367 1713 τὸ
1411 1660 1468 1725 ἐξ
1516 1656 1703 1717 ὕδατός
1751 1669 1810 1704 τε

228 1770 329 1820 καὶ
370 1765 683 1833 ΙΙνεύματος
720 1760 1026 1825 ἀντέταξεν.
1062 1757 1268 1825 Ὥσπερ
1298 1753 1389 1804 ἐπὶ
1432 1750 1529 1819 τῆς
1577 1744 1811 1816 φυσικῆς

229 1860 542 1929 γεννήσεως
572 1857 604 1926 ἡ
640 1853 816 1907 κοιλία
844 1851 903 1904 τὸ
930 1848 1155 1920 φυσικὸν
1195 1841 1553 1918 ὲργαστήριόν
1581 1840 1718 1898 ἐστι,
1756 1837 1812 1888 ἐν

230 1925 279 2018 ᾧ
318 1925 399 2002 τὸ-
445 1925 757 2017 τικτόμενον
818 1941 1153 1997 ἀποτελεῖται
1198 1937 1318 2007 θεία
1360 1934 1605 2002 δυνάμει,
1654 1930 1689 2001 ἢ
1742 1925 1816 1997 (9)

231 2043 383 2095 κατά
411 2040 501 2092 τὸν
524 2038 725 2093 ἀνωθεν
758 2036 879 2105 ὅρον
906 2032 1035 2086 αὐτὸ
1065 2029 1397 2084 διαπλάττει·
1425 2024 1567 2078 οὕτω
1602 2021 1693 2075 καὶ
1735 2021 1820 2071 ὲν-

237 2132 419 2186 ταῦθα
446 2132 505 2183 τὸ
532 2130 673 2200 ὕδωρ
706 2129 763 2179 ἐν
806 2126 954 2191 τάξει
994 2124 1091 2193 τῆς
1131 2120 1333 2192 μητρὸς
1374 2115 1722 2187 λαμϐάνεται,
1760 2111 1821 2165 τὸ

160 2268 163 2271 ι
232 2225 299 2277 δὲ
331 2217 556 2287 Πνεῦμα
584 2222 640 2274 ὲν
673 2218 822 2283 τάξει
852 2216 943 2269 τοῦ
972 2214 1383 2272 διαπλάττοντος
1410 2208 1696 2261 Δεσπότου.

183 2394 222 2451 ,ί
313 2400 462 2468 Στίχ.
512 2402 617 2450 κα’.
668 2426 739 2435 -
787 2393 979 2455 Καλῶς
1031 2391 1105 2460 (5)
1166 2385 1350 2442 εἶπεν·
1396 2389 1451 2438 '0
1498 2390 1569 2439 τὰ
1621 2384 1825 2452 φαῦλα

237 2490 554 2559 πράσσων
594 2490 704 2555 καί,
742 2488 794 2539 Ὁ
842 2483 1027 2539 ποιῶν
1076 2482 1191 2550 τὴν
1234 2480 1537 2547 ἀλήθειαν·
1588 2478 1730 2541 οὒτε,
1767 2477 1825 2529 Ὀ

239 2584 482 2654 πράξας,
517 2580 708 2647 εἰπὼν,
730 2579 875 2646 οὔτε,
908 2579 969 2631 '0
999 2578 1249 2647 ποιήσας.
1295 2574 1556 2643 Ἐγχωρεῖ
1597 2574 1703 2639 γὰρ
1733 2570 1825 2623 καὶ

237 2677 333 2729 τὸν
362 2674 663 2745 ποιήσαντα
693 2672 752 2725 τὸ
782 2672 949 2725 κακὸν
990 2669 1285 2738 ἀποστῆναι
1332 2666 1429 2735 μὲν
1472 2665 1567 2735 τῆς
1608 2662 1823 2727 κακίας,

245 2766 379 2818 ἰδεῖν
412 2764 467 2817 δὲ
500 2762 634 2834 πρὸς
679 2760 738 2814 τὸ
766 2760 947 2825 καλὸν,
997 2758 1091 2811 καὶ
1132 2749 1223 2808 τὸν
1267 2758 1332 2825 τῇ
1366 2754 1591 2825 ἀληθείᾳ
1617 2753 1828 2825 χαίρειν

242 2856 717 2925 ἐπαγγελλόμενον
744 2851 929 2907 νεῦσαί
953 2867 1080 2903 ποτε
1116 2848 1249 2919 πρὸς
1286 2847 1346 2900 τὸ
1392 2849 1588 2918 χεῖρον.
1620 2844 1711 2897 Διὸ
1754 2839 1829 2897 εί-

242 2966 351 3002 πεν
393 2949 454 3001 τὸ
499 2946 790 3015 πράσσων
839 2945 932 2997 καὶ
983 2942 1045 2995 τὸ
1098 2940 1303 2994 ποιῶν
1345 2938 1467 2992 οὗτε
1508 2938 1615 3008 γὰρ
1654 2937 1829 2991 ἔνεστι

248 3038 383 3107 περὶ
406 3038 505 3108 τὴν
532 3036 730 3090 κακίαν
750 3033 1086 3103 διακείμενον
1112 3030 1323 3102 χαίρειν
1350 3029 1430 3101 τῷ
1457 3028 1630 3101 καλῷ,
1677 3029 1769 3082 καὶ
1801 3032 1830 3081 ό

1904 913 2047 968 Deus
2078 911 2347 981 siquidem
2380 950 2395 974 ,
2432 916 2484 963 et
2518 924 2622 962 non
2661 922 2802 977 aqua
2829 949 2843 970 ,
2886 905 3123 976 Spiritus
3152 899 3469 972 adoptionis

1906 1005 2229 1076 appeilatur,
2276 1000 2720 1072 quandoquidem
2749 998 2949 1051 virtute
2977 995 3152 1051 solius
3180 991 3276 1047 Dei
3318 1004 3474 1059 rege-

1906 1112 2185 1152 neremur.
2216 1095 2388 1161 Quam
2414 1094 2485 1148 ob
2508 1107 2731 1147 causam
2761 1090 2819 1142 in
2855 1088 3131 1155 baptismo
3159 1084 3325 1137 etiam
3351 1080 3473 1149 Spi-

1906 1192 2076 1245 ritum
2105 1205 2214 1243 una
2246 1204 2369 1242 cum
2404 1186 2569 1240 Patre
2611 1182 2861 1252 Filioque
2900 1180 3250 1234 nominamus
3273 1216 3288 1240 ,
3321 1186 3479 1243 aqua:

1906 1301 2038 1339 vero
2080 1284 2400 1353 neutiquam
2433 1278 2809 1340 meminimus,
2859 1285 2917 1328 ut
2950 1273 3037 1327 vel
3074 1271 3203 1324 inde
3239 1266 3477 1321 manile-

1909 1388 2056 1433 stum
2122 1377 2232 1441 sit,
2285 1375 2432 1427 illam
2494 1373 2715 1442 quidem
2776 1371 2954 1424 instar
2998 1363 3141 1434 signi
3193 1358 3481 1429 cujusdam

1910 1486 1975 1525 ac
2028 1480 2198 1535 noue,
2254 1467 2323 1521 ad
2386 1465 2667 1536 quidpiam
2735 1457 3156 1532 signiﬁcandum
3221 1449 3480 1508 assumi:

1914 1563 2179 1633 Spiritum
2208 1576 2337 1615 vero
2380 1568 2639 1629 tanquam
2675 1556 2992 1612 effectorem
3022 1565 3125 1604 una
3157 1562 3283 1602 cum
3321 1543 3484 1597 Patre

1911 1654 2164 1725 Filioque
2202 1653 2483 1717 invocari,
2524 1646 2974 1720 quandoquidem
3009 1642 3173 1698 etiam
3220 1638 3487 1692 Dominus

1915 1747 2038 1802 istis
2072 1746 2290 1805 verbis,
2336 1742 2517 1798 Potest
2552 1743 2609 1795 in
2662 1749 2889 1794 ventrem
2932 1734 3121 1789 matris
3173 1729 3395 1785 introire
3438 1734 3488 1779 et

1918 1839 2147 1899 renasci,
2180 1838 2283 1890 hoc
2311 1836 2378 1890 de
2406 1850 2548 1904 aqua
2572 1842 2626 1887 et
2660 1832 2865 1901 Spiritu
2890 1825 3146 1898 Opposuit
3172 1843 3185 1878 :
3216 1830 3273 1876 ut
3303 1834 3492 1891 quem-

1921 1930 2216 1985 admodum
2247 1929 2299 1981 in
2338 1926 2573 1980 naturali
2611 1923 2991 1994 generatione,
3031 1924 3229 1972 venter
3249 1921 3486 1970 naturae,

1919 2024 1973 2077 in
2009 2038 2115 2092 qua
2153 2021 2295 2075 fetus
2332 2019 2549 2081 divina,
2595 2016 2674 2069 uti
2726 2022 2854 2068 ante
2887 2012 3095 2065 dictum
3135 2015 3219 2063 est
3244 2048 3259 2072 ,
3286 2006 3493 2058 virtute

1922 2114 2102 2183 ipsum
2148 2111 2472 2167 elformante
2520 2107 2840 2178 perﬁcitur,
2878 2102 3093 2158 oﬂicina
3128 2099 3384 2156 exsistit:
3413 2095 3495 2150 sic

1919 2207 1977 2258 'et
2008 2204 2113 2257 hoc
2144 2202 2287 2265 loco,
2327 2215 2467 2269 aqua
2496 2198 2716 2269 quidem
2746 2195 2995 2250 matricis
3019 2233 3034 2258 ,
3075 2191 3311 2261 Spiritus
3358 2201 3494 2242 vero

1923 2294 2198 2351 elfectoris
2232 2292 2444 2347 Domini
2479 2293 2632 2346 vices
2666 2288 2836 2345 subit.

1995 2387 2163 2444 Vens.
2196 2386 2287 2441 21.
2314 2415 2385 2426 —-
2418 2384 2563 2438 Scite
2597 2394 2805 2447 autem,
2835 2381 2924 2451 qui
2950 2379 3091 2433 male
3123 2376 3281 2446 facit,
3318 2383 3367 2428 et
3406 2370 3497 2442 qui

1927 2481 2057 2550 facit
2088 2480 2395 2542 veritatem,
2440 2492 2549 2531 non
2576 2490 2743 2540 vero,
2779 2474 2868 2544 qui
2901 2473 3024 2542 fecit
3046 2511 3061 2535 ,
3093 2469 3255 2525 dixit.
3313 2465 3500 2536 Siqui-

1929 2578 2051 2631 dem
2077 2574 2368 2642 contingit,
2405 2586 2530 2625 eum
2566 2570 2659 2639 qui
2692 2568 2832 2621 mala
2858 2563 3213 2636 perpetravit,
3243 2573 3500 2615 nonnun-

1927 2682 2093 2738 quam
2115 2665 2462 2734 resipiscere,
2489 2668 2545 2716 et
2567 2676 2598 2714 a
2625 2660 2894 2730 pravitate
2925 2656 3202 2711 abstinere
3228 2671 3242 2708 :
3276 2662 3503 2735 rursum

1928 2772 2062 2813 vero
2091 2764 2177 2812 est
2214 2755 2422 2819 videre,
2458 2766 2604 2818 eum,
2632 2750 2725 2820 qui
2754 2758 2811 2803 et
2839 2745 3145 2802 honestatis
3177 2750 3231 2798 et
3254 2722 3505 2796 veritatis

1930 2858 2143 2905 amator
2168 2848 2389 2902 habitus
2411 2846 2503 2909 sit,
2554 2851 2767 2898 mutare
2786 2838 3101 2910 aliquando,
3129 2844 3184 2891 et
3206 2836 3272 2889 ad
3298 2832 3504 2889 malum

1936 2955 2167 3008 vergere
2197 2938 2460 3008 quocirca
2489 2933 2578 3003 qui
2609 2931 2741 2999 facit
2766 2930 2903 2985 dixit
2935 2944 2949 2979 :
2986 2927 3101 2981 ﬁeri
3127 2926 3270 2981 enim
3292 2923 3506 2992 nequit,

1933 3040 1993 3085 ut
2038 3030 2130 3100 qui
2182 3028 2405 3082 malitiae
2444 3025 2666 3081 deditus
2700 3031 2824 3087 est,
2880 3018 3072 3074 virtuti
3113 3016 3189 3072 sit
3221 3015 3504 3079 addictus.

244 3128 347 3198 τῆς
382 3126 636 3197 ἀληθείας
680 3125 910 3197 ἐραστὴς
955 3124 1170 3187 πάντως
1217 3122 1332 3176 ἐστὶ
1369 3120 1474 3174 τῶν
1507 3119 1685 3175 καλῶν
1718 3122 1822 3174 ὲπι-

1934 3133 1987 3181 et
2014 3122 2268 3195 quisquis
2302 3119 2554 3177 veritatis
2581 3125 2795 3172 amator
2828 3122 2947 3180 est,
2991 3111 3261 3167 virtutum
3289 3122 3509 3180 quoque

246 3219 523 3291 θυμητής.

323 3330 473 3401 Στίχ.
493 3330 590 3384 κδ’.
604 3330 786 3381 -Ὅλα
811 3328 886 3400 (4)
903 3327 1073 3381 ταῦτα
1094 3328 1333 3399 πρότερα
1352 3328 1607 3396 γεγονότα
1622 3327 1721 3397 τῆς
1737 3325 1831 3379 τοῦ

247 3418 557 3476 Βαπτιστοῦ
578 3416 908 3491 καθείρξεως
924 3419 1032 3472 τῶν
1052 3418 1249 3471 λοιπῶν
1270 3414 1831 3487 εὐαγγελιστῶν,ἐύθὺ

252 3514 515 3589 μετά[τὸ]
532 3512 622 3566 τοῦ
643 3513 845 3583 Κυρίου
868 3511 1173 3583 βάπτισμα,
1188 3512 1282 3564 καὶ
1308 3511 1433 3573 τοὺς
1450 3511 1692 3563 διαϐόλου
1715 3527 1833 3562 πει-

256 3609 523 3684 ρασμοὺς,
538 3608 815 3661 Ματθαίου
836 3606 933 3677 μὲν
958 3604 1216 3667 εἰπόντος·
1236 3605 1526 3668 Ἀκούσας
1542 3603 1630 3656 ὅτι
1644 3602 1831 3658 Ἰωάν-

251 3719 372 3768 νης
396 3699 713 3768 παρεδόθη,
740 3697 1124 3767 ἀνεχώρησεν
1141 3698 1261 3750 ἀπὸ
1287 3697 1397 3764 τῆς
1431 3695 1714 3761 Ἰουδαίας
1745 3698 1832 3761 εὶς

253 3794 376 3861 την
408 3793 773 3846 Γαλιλαίαν’
834 3788 1053 3859 εὔδηλον
1117 3789 1296 3857 μέντοι
1344 3788 1426 3839 ὅτι
1480 3786 1574 3839 καὶ
1618 3787 1832 3849 Λουκᾶς

251 3888 358 3956 τὴν
390 3884 560 3956 αὐτὴν
594 3883 821 3945 ἐκείνοις
870 3880 1191 3935 ἀκολουθίαν
1224 3878 1494 3949 ἐζήλωσεν
1544 3878 1643 3949 τῆς
1689 3878 1833 3931 διδα-

254 3977 512 4041 σκαλίαςο
540 3976 615 4041 ὡς
642 3974 925 4042 φαίνεσθαι
965 3976 1047 4028 ὅτι
1074 3974 1153 4026 δεῖ
1180 3972 1664 4044 καταλ[ε]ιπόντων
1690 3972 1833 4025 ὲκεί-

253 4087 367 4124 νων
398 4068 465 4120 τὰ
495 4069 600 4139 πρὸ
629 4068 725 4138 τῆς
754 4067 997 4122 Ἰωάννου
1026 4064 1354 4134 καθείρξεως
1384 4064 1486 4117 ὑπὸ
1514 4064 1606 4116 τοῦ
1628 4063 1831 4134 Κυρίου

253 4161 562 4230 γεγονότα,
596 4159 767 4213 ταῦτα
814 4159 1046 4228 μάλιστα
1094 4158 1256 4221 αὐτὸς
1301 4157 1634 4228 ἐφρόντισεν.
1670 4157 1733 4209 Ei
1776 4156 1833 4209 δέ

254 4272 345 4317 τις
383 4253 561 4320 λέγοι,
614 4254 724 4306 Καὶ
759 4252 864 4324 μὴν
889 4254 919 4305 ὁ
947 4252 1221 4315 Ματθαῖος
1268 4251 1435 4305 εἰπὼν
1475 4251 1833 4321 βεϐαπτίσθαι

254 4346 351 4399 τὸν
397 4344 625 4413 Ἰησοῦν,
658 4345 751 4398 καὶ
798 4343 859 4396 τὸ
897 4343 1120 4414 Πνεῦμα
1150 4346 1233 4396 ἐπ’
1266 4344 1426 4397 αὑτὸν
1459 4344 1835 4414 καταϐεϐηκέ-

256 4450 371 4495 ναι,
389 4435 731 4505 παραχρῆμα
750 4433 1020 4505 ἐπιφέρει,
1050 4434 1184 4487 Τότε
1205 4432 1483 4488 ἐκϐάλλει
1502 4434 1568 4488 τὸ
1593 4436 1835 4504 Πνεῦμα

255 4496 596 4593 aute/ei;
773 4496 1035 4597 ἐρῆμον,
1080 4526 1297 4580 λεκτέον
1357 4528 1432 4591 ὡς
1482 4530 1516 4598 ἡ
1570 4532 1704 4585 τότε
1746 4496 1835 4584 λέ·
1869 4496 1913 4550 D

258 4621 346 4687 ξις
382 4619 483 4672 οὐκ
535 4620 623 4673 ἀεὶ
653 4620 712 4673 τὸ
743 4619 1104 4689 παραχρῆμα
1154 4620 1431 4690 σημαίνει,
1468 4623 1581 4675 ἀλλ’
1609 4624 1722 4676 ἐσθ’
1757 4626 1846 4678 ὅτε

260 4710 364 4765 καὶ
396 4710 467 4764 τὰ
520 4711 658 4781 μετά
704 4712 873 4765 πολὺν
922 4712 1112 4781 χρόνον
1160 4711 1583 4783 συμϐησόμενα·
1634 4716 1709 4779 ὼς
1761 4718 1843 4780 τὸ,

269 4803 413 4857 Τότε
455 4803 513 4855 οι
551 4802 624 4856 ἐν
656 4801 731 4871 τῇ
772 4802 1029 4869 Ἰουδαίᾳ
1056 4803 1480 4872 φευγέτωσαν,
1520 4805 1710 4878 ὥσπερ
1750 4810 1845 4862 καὶ

262 4895 326 4948 τὸ
358 4896 563 4961 εὐθύς.

852 5099 1118 5163 ΥΚΕΦΑΛ.
1168 5104 1241 5157 A'.

337 5214 490 5284 Στίχ.
533 5214 697 5270 θ’.-
740 5214 987 5270 Διδάσκει
1041 5217 1119 5285 (5)
1169 5218 1225 5270 δὲ
1271 5220 1452 5287 ἡμᾶς,
1500 5221 1580 5272 ὅτι
1630 5222 1725 5291 οὐχ
1772 5223 1847 5286 ὡς

260 5305 563 5377 ἐτεροδόξῳ
596 5306 661 5359 δι’
695 5306 892 5378 ἔχθραν
936 5310 996 5361 τὸ
1047 5310 1190 5380 ὕδωρ
1228 5309 1408 5364 δοῦναι
1452 5315 1843 5381 παραιτήσατο,

264 5401 388 5453 ἀλλ’
417 5400 490 5463 ὡς
527 5400 785 5469 μέλλοντα
817 5403 906 5455 τὸν
949 5401 1008 5467 ἐξ
1043 5402 1271 5474 ἀρχαίου
1303 5403 1551 5473 κείμενον
1586 5403 1733 5474 αὐτῷ
1760 5405 1848 5457 νό-

268 5490 385 5564 [μι]
395 5509 493 5561 μον
511 5492 820 5565 παραϐῆναι
838 5494 927 5547 ὑπ’
939 5494 1182 5565 ἀνάγκης
1199 5495 1507 5566 ὑπομνῆσαι
1532 5495 1847 5568 βουλομένη.

341 5674 422 5747 (ξ)
460 5672 625 5747 Cord.
656 5684 767 5747 cat.
794 5692 850 5747 p.
890 5678 979 5733 58.

265 5745 574 5873 llCat.
630 5745 833 5803 omissa
881 5764 934 5802 γ.
988 5748 1024 5820 ἦ
1076 5750 1277 5819 ριιειιει
1328 5748 1520 5805 deinde
1555 5750 1693 5804 αὑτά
1722 5753 1848 5821 ‘pro

1940 3235 2157 3289 semper
2186 3225 2273 3274 est
2305 3217 2504 3271 cultor.

2011 3335 2177 3389 Vens.
2207 3334 2297 3387 24.
2324 3362 2393 3371 -
2421 3329 2617 3385 Omnia
2647 3329 2764 3383 haec
2796 3327 2974 3397 prima
3009 3323 3076 3377 ad
3103 3319 3511 3376 incarceratio-

1939 3446 2061 3485 nem
2112 3427 2341 3483 Joannis
2396 3425 2654 3493 Baptistae
2703 3418 3007 3491 spectantia
3038 3456 3051 3482 ,
3100 3415 3246 3486 apud
3282 3421 3512 3467 caeteros

1937 3521 2338 3589 evangelistas,
2384 3516 2571 3572 statim
2611 3523 2734 3585 post
2782 3510 2995 3565 Domini
3033 3507 3363 3577 baptismum
3390 3510 3513 3559 ten-

1939 3615 2292 3682 tationesque
2346 3608 2553 3664 diaboli
2598 3614 2939 3668 evenerunt;
2991 3600 3246 3653 Matthaeo
3290 3594 3511 3667 quidem

1939 3707 2156 3761 dicente
2187 3704 2283 3775 (tv,
2316 3702 2425 3769 12),
2463 3700 2595 3755 Cum
2626 3697 2859 3752 audisset
2904 3694 3060 3748 Jesus
3093 3692 3232 3763 quod
3277 3689 3516 3743 Joannes

1941 3800 2167 3853 traditus
2202 3805 2356 3858 esset,
2389 3792 2601 3849 secessit
2626 3810 2658 3845 α
2679 3790 2874 3844 Judtea
2896 3790 2951 3842 in
2983 3785 3284 3840 Galilwam.
3310 3782 3509 3837 Notum

1938 3903 2021 3946 est
2045 3890 2209 3945 etiam
2236 3887 2441 3941 Lucam
2471 3900 2580 3955 prae
2604 3883 2817 3939 cmteris
2848 3888 3096 3935 catenam
3128 3878 3397 3931 factorum
3429 3874 3515 3928 di-

1938 3985 2192 4037 viuorum
2242 3986 2501 4034 accurate
2551 3980 2844 4041 retulisse,
2877 3986 2935 4029 ut
2980 3974 3161 4028 videre
3211 3981 3315 4033 est,
3363 3984 3513 4033 cum,

1940 4075 2152 4133 caneris
2187 4072 2568 4127 omittentibus
2600 4086 2720 4139 qum
2754 4066 3246 4122 incarcerationem
3289 4061 3516 4117 Joannis

1940 4172 2373 4228 antecesserant,
2405 4172 2649 4232 tempore
2671 4167 2849 4214 autem
2875 4158 3078 4214 Christi
3110 4155 3253 4210 facta
3277 4154 3516 4218 fuerant,

1942 4261 2006 4316 ad
2058 4261 2151 4313 illa
2206 4257 2445 4311 maxime
2496 4254 2830 4309 incubuerit.
2875 4250 3103 4317 Quidam
3156 4248 3295 4303 forte
3322 4248 3514 4303 dicet:

1942 4356 2055 4409 lmo
2099 4351 2418 4412 Mattltaeus,
2482 4356 2773 4418 postquam
2823 4346 2959 4399 dixit
3017 4342 3203 4399 Jesum
3269 4341 3519 4412 baptiza-

1942 4456 2055 4500 tum
2102 4445 2310 4507 fuisse,
2363 4458 2426 4497 ac
2478 4441 2739 4511 Spiritum
2774 4445 3027 4493 sanctum
3060 4450 3226 4506 super
3279 4449 3403 4490 eum
3428 4432 3523 4488 de-

1942 4538 2256 4601 scendisse,
2294 4534 2479 4589 statim
2510 4532 2661 4587 addit
2694 4551 2706 4586 :
2742 4530 2886 4583 Tum:
2915 4528 3148 4598 Spiritus
3174 4526 3373 4595 expulit
3402 4541 3521 4580 eum

1941 4633 1996 4685 iu
2018 4632 2280 4684 desertum
2316 4626 2529 4698 (Matth.
2576 4641 2629 4679 tv
2658 4663 2671 4687 ,
2706 4622 2971 4691 hilare.
3006 4620 3187 4690 1,12).
3220 4618 3521 4673 Dicendum

1940 4733 2024 4780 est
2060 4737 2247 4777 vocem
2278 4729 2401 4772 tunc
2436 4734 2543 4772 non
2579 4733 2795 4786 semper
2820 4717 3000 4770 statim
3034 4714 3386 4786 signiﬁcare;
3427 4711 3522 4766 sed

1941 4812 2238 4882 aliquando
2266 4826 2389 4881 quae
2424 4811 2586 4880 longo
2616 4819 2736 4880 post
2761 4817 3010 4878 tempore
3044 4816 3305 4863 eventura
3356 4812 3521 4870 sunt;

1941 4907 2151 4960 scilicet
2188 4922 2202 4960 :
2242 4904 2389 4957 Tunc
2430 4903 2520 4971 qui
2571 4904 2625 4955 in
2669 4901 2861 4955 Judwa
2900 4910 3022 4956 sunt
3048 4900 3254 4969 fugiant
3302 4896 3521 4968 (Matth.

1948 5014 2101 5059 xxw,
2136 4997 2249 5068 16),
2286 4995 2749 5068 quemadmodum
2780 4996 2942 5050 etiam
2966 4995 3090 5048 cito.

2594 5102 2749 5160 CAP.
2797 5103 2885 5158 1V.

2025 5223 2191 5279 Vens.
2222 5224 2276 5277 9.
2307 5251 2377 5261 ——
2404 5220 2574 5275 Docet
2600 5226 2784 5274 autem
2814 5232 2939 5281 nos,
2971 5214 3252 5285 quomodo
3281 5227 3392 5267 non
3412 5220 3530 5267 tan-

1953 5331 2117 5388 quam
2157 5313 2322 5369 alicui
2372 5313 2602 5366 alterius
2645 5320 2841 5375 sectte,
2880 5315 3107 5379 propter
3151 5304 3527 5370 inimicitiam,

1954 5407 2034 5463 illi
2074 5419 2271 5475 aquam
2303 5402 2434 5456 dare
2467 5398 2836 5464 recusaverit,
2867 5397 2963 5455 sed
2990 5397 3137 5468 quod
3175 5397 3353 5466 ipsum
3385 5395 3529 5449 obli-

1948 5495 2195 5567 gationis
2224 5507 2337 5549 suae
2376 5492 2646 5546 monitura
2679 5489 2875 5556 vellet,
2924 5503 2993 5544 ne
3035 5488 3319 5558 antiquam
3352 5486 3530 5557 legem

2084 5674 2294 5744 )Cord.
2320 5682 2428 5728 cat.
2469 5690 2523 5743 p.
2572 5673 2690 5729 102.

2136 5746 2235 5799 Mai
2266 5746 2398 5799 ibid.

2144 5816 2309 5871 Cord.
2352 5825 2457 5871 cat.
2494 5815 2612 5869 12-1.

2024 5677 2079 5746 ('5

2024 5747 2101 5827 (ἦ)

2029 5816 2105 5888 (5)
