3928 6522
474 328 629 386 4499

1552 337 1819 397 SYNESII
1862 338 2328 399 PTOLEMAIDIS
2367 336 2678 396 EPISCOPI

3610 336 3751 393 1500

485 448 597 513 sit,
637 445 926 505 disertius.
975 449 1319 511 Marcianum
1352 455 1780 529 philosophum,
1824 462 1919 532 qui
1966 460 2057 516 Pa-

2171 458 2327 532 ἐμοῦ.
2360 459 2480 513 Κάν
2520 476 2572 513 τι
2616 457 2865 526 δύνηταιο
2900 455 3235 526 στοχάζομαι
3270 455 3332 508 δὲ
3375 454 3465 507 ὅτι
3514 452 3755 517 δύναται,

484 540 797 609 ρΙιΙαεοηίαι
827 543 1067 614 praefuit,
1115 562 1239 601 meo
1276 549 1503 605 nomine
1527 552 1739 609 salutes
1771 556 1957 610 velim.
2002 552 2071 610 Et

489 631 535 684 si
568 632 849 703 quidpiam
898 645 1113 706 potest,
1166 639 1331 711 257
1368 657 1531 711 posse
1581 654 1767 701 autem
1798 647 2067 718 conjicio,

490 722 637 777 istud
678 724 975 796 prohibere
1002 732 1336 799 contendat,
1366 751 1438 791 ne
1480 736 1530 793 is
1566 738 1667 809 qui
1712 755 1925 795 mecum
1974 741 2071 797 ad-

489 815 711 869 modum
744 822 1080 890 cognatione
1110 826 1443 893 conjunctus
1472 837 1526 884 et
1555 832 1923 888 consobrinus
1958 842 2068 900 est,

486 922 516 957 a
548 905 892 966 delatoribus
944 914 1447 984 calumniantibus,
1490 922 1823 979 certissimis
1874 924 2068 993 patria:

2170 553 2467 607 κωλυσάτω
2498 552 2733 622 συγγενῆ
2776 568 2875 622 μου
2916 550 3121 621 σφόδρα
3160 548 3496 617 αὐτανέψιον
3534 546 3650 618 [τρ.
3674 550 3759 601 άν-

2165 644 2441 717 τανέψιον]
2473 684 2488 709 ,
2537 645 2698 715 ἔργον
2736 642 2983 713 γενέσθαι
3038 641 3397 711 συκοᾳαντῶν
3458 640 3756 703 ἐνδεικτιὶγν,

2167 739 2363 792 κοινῶν
2401 738 2715 811 ἀλαστόρων
2744 739 2841 809 τῆς
2872 736 3083 809 χώρας·
3120 738 3179 791 ὄν
3212 753 3296 789 σοι
3353 734 3499 805 μετὰ
3535 735 3633 805 τῆς
3658 735 3759 787 ἑπι-

2170 832 2363 904 στολῆς
2390 832 2506 887 υἱὸν
2538 830 2847 905 ἐγχειρίζω,
2868 830 2935 884 δι’
2959 829 3019 884 δν
3054 829 3205 894 ὄντες
3230 827 3461 897 ἀδελφοὶ
3492 825 3613 892 δύο,
3631 828 3760 898 apti;

2167 922 2573 996 άριθμούμεθα.

488 1010 693 1055 nostra:
737 1004 985 1075 pestibus
1010 1048 1025 1073 ,
1080 1010 1279 1066 misere
1328 1014 1654 1071 conﬁciatur
1695 1032 1711 1069 ε
1766 1033 1930 1088 quem
1967 1021 2067 1075 tibi
2101 1036 2231 1077 cum
2276 1023 2381 1078 hac
2424 1018 2661 1090 epistola
2689 1017 2787 1074 lilii
2816 1017 2937 1074 loco
2959 1014 3271 1081 committo.
3310 1021 3553 1085 propter
3589 1029 3763 1083 (1⁸³⁸⁸³⁵

485 1108 611 1146 cum
640 1093 749 1149 duo
778 1096 1049 1154 duntaxat
1080 1100 1283 1158 fratres
1312 1104 1510 1169 simus,
1536 1114 1652 1163 tres
1683 1125 2063 1169 numeratuur.

1017 1233 1361 1293 EPISTULA
1391 1239 1556 1296 CXX.

1176 1375 1382 1435 Fratri.

560 1477 758 1537 Medici
804 1485 986 1541 solent
1047 1487 1118 1544 iis
1168 1491 1263 1561 qui
1312 1508 1457 1562 aegre
1530 1506 1797 1551 evomunt
1869 1495 2075 1566 tepidae

486 1586 648 1641 aqua:
688 1577 1051 1635 sorbitionem
1089 1584 1482 1653 praescribere,
1522 1597 1582 1641 ut
1619 1588 1769 1658 quod
1802 1590 1954 1644 intus
1987 1594 2075 1643 est

487 1681 615 1719 cum
669 1684 734 1723 ea
772 1670 936 1726 simul
988 1675 1303 1732 extrahant.
1345 1678 1483 1735 Volo
1525 1681 1693 1751 igitur
1742 1699 1916 1739 novos
1967 1683 2066 1739 tibi

2716 1243 3058 1300 ΕΙΙΙΣΤΟΛΗ
3092 1244 3225 1297 ΡΚ⁹.

2799 1379 2883 1446 Τῷ
2907 1379 3171 1450 ἀδελφῷ.

2244 1495 2307 1547 υἱ
2350 1494 2741 1565 Ἀσκληπιάδαι
2789 1497 2897 1557 τοῖς
2944 1494 3263 1564 δυσεμέτοις
3300 1493 3505 1556 ὕδατος
3551 1492 3764 1563 χλιαρου

2172 1585 2406 1640 διδόασιν
2458 1589 2808 1659 ἀπορροφεῢ,
2867 1588 2952 1641 ἵνα
3014 1586 3189 1657 τούτῳ
3254 1586 3764 1639 συνεπισπάσωνται

2175 1679 2267 1732 καὶ
2294 1678 2355 1731 τὸ
2383 1679 2865 1749 προαποκεξμενον.
2892 1678 3162 1749 Βούλομαι
3188 1678 3254 1748 δὴ
3286 1694 3373 1731 σοι
3400 1676 3564 1745 κάγὼ
3590 1679 3762 1748 φήμας

490 1771 742 1816 rumores
770 1764 1028 1820 nuntiare
1047 1806 1062 1828 ,
1092 1769 1186 1837 qui
1216 1768 1284 1823 ad
1330 1787 1418 1827 me
1453 1789 1626 1843 nuper
1652 1790 1716 1827 ex
1760 1777 2057 1832 continenti

2169 1768 2358 1833 καινὰς
2387 1770 2613 1840 ἔναγχος
2634 1770 2698 1823 ἐκ
2722 1770 2823 1839 τῆς
2856 1770 3085 1843 ἠπείρου
3112 1770 3571 1839 διακομισθεζσας
3593 1772 3760 1836 ἀπαγ-

485 1861 618 1905 sunt
647 1854 837 1920 allati,
887 1866 948 1912 ut
998 1859 1122 1917 illos
1170 1876 1297 1916 cum
1338 1863 1527 1921 fenore
1566 1866 1700 1923 mihi
1737 1868 1979 1937 reddas,
2020 1868 2069 1925 si

484 1942 617 2010 quid
654 1947 804 2002 nosti
837 1951 1101 2020 amplius,
1141 1952 1412 2023 adjiciens

995 2083 1334 2144 EPISTOLA
1373 2088 1563 2147 CXXI.

901 2218 1194 2278 Anastasio
1231 2222 1647 2294 hydrocometar.

555 2327 781 2400 Ulysses
807 2330 1145 2405 Polyphemo
1185 2338 1454 2405 suadebat
1510 2349 1571 2395 ut
1614 2358 1645 2399 e
1681 2344 1949 2414 spelunca
2005 2364 2068 2406 se

477 2419 802 2480 dimitteret.
840 2425 1134 2484 Veterator
1160 2430 1308 2485 enim
1330 2473 1346 2498 ,
1379 2432 1597 2499 aiebat,
1622 2450 1723 2506 ego
1768 2452 1890 2492 sum
1918 2479 1933 2503 ,
1966 2456 2053 2511 op-

478 2522 829 2584 portuneque
864 2518 963 2573 tibi
1016 2520 1313 2576 admodum
1365 2522 1618 2579 subsidio
1672 2525 1915 2592 fuerim,
1973 2532 2063 2585 cui

475 2604 681 2658 marini
723 2621 948 2663 amores
996 2609 1077 2665 illi
1120 2626 1231 2667 non
1278 2613 1418 2669 satis
1447 2630 1515 2669 ex
1540 2623 1671 2670 voto
1704 2618 2059 2689 respondent.

477 2693 694 2750 Etenim
727 2712 833 2769 ego
858 2700 1147 2759 cautiones
1175 2704 1444 2775 quasdam
1476 2705 1597 2761 scio
1620 2743 1637 2769 ,
1677 2716 1732 2762 et
1760 2723 1936 2765 nexus
1957 2748 1975 2774 ,
2006 2721 2066 2764 et

474 2790 778 2846 amatorias
807 2792 1099 2851 illecebras
1119 2837 1135 2861 ,
1180 2798 1388 2866 quibus
1412 2798 1498 2853 vel
1526 2800 1801 2855 tantillum
1831 2800 2063 2858 Galatea

477 2878 737 2937 resistere
780 2898 891 2939 non
933 2893 1134 2955 potest.
1181 2886 1297 2944 Hoc
1336 2898 1394 2944 tu
1439 2891 1618 2946 solum
1660 2894 1865 2949 ostium
1908 2909 2063 2950 amo-

475 2980 603 3027 veto
628 3015 645 3039 ,
676 2975 763 3030 vel
799 2991 997 3033 saxum
1043 2980 1195 3036 istud
1238 2981 1434 3054 ingens
1474 2984 1662 3055 potius
1700 3000 1716 3038 :
1751 2986 1885 3040 mihi
1914 2987 2061 3042 enim

476 3067 561 3120 vel
609 3072 1049 3136 promontorium
1100 3088 1228 3130 esse
1275 3075 1518 3133 videtur.
1564 3076 1678 3149 Ego
1723 3093 1857 3134 vero
1903 3079 1972 3134 ad
2007 3087 2063 3135 te

474 3170 743 3225 revertar,
777 3176 905 3218 cum
939 3164 1094 3221 dicto
1121 3166 1288 3224 citius
1330 3170 1571 3239 puellam
1616 3171 1875 3244 adegero.
1916 3170 2062 3238 Quid

466 3251 610 3315 dixi,
630 3252 867 3324 adegero
884 3256 907 3308 ?
924 3255 1101 3328 Ipsam
1126 3259 1274 3323 illam
1294 3262 1482 3318 multis
1502 3263 1799 3336 prastigiis
1820 3264 2063 3320 adducta

473 3341 693 3397 facilem
728 3346 1004 3415 praebebo.
1034 3349 1231 3405 Orabit
1252 3359 1326 3417 te,
1354 3362 1412 3409 et
1442 3356 1801 3414 obsecrabit:
1840 3368 1900 3415 tu
1929 3376 2062 3417 vero

460 3433 702 3490 .delicias
727 3452 857 3508 ages
878 3478 894 3504 ,
936 3448 992 3495 et
1020 3442 1239 3500 illudes.
1284 3443 1675 3505 Verumtamen
1708 3453 1900 3507 nescio
1925 3452 2061 3523 quid

471 3524 694 3585 interim
746 3528 1025 3598 ejusmodi
1074 3537 1397 3606 scrupulum
1443 3538 1655 3609 injicit;
1692 3556 1762 3598 ne
1792 3544 2059 3602 vellcrum

470 3620 827 3679 succldorum
898 3626 1044 3684 l‘etor
1120 3629 1369 3688 delicata
1441 3634 1639 3705 puella:
1671 3674 1689 3702 ,
1749 3638 2063 3709 saepiusque

470 3712 544 3767 de
575 3714 665 3771 die
709 3716 913 3776 lavanti
979 3721 1229 3795 ingratus
1280 3725 1514 3782 accidat.
1562 3727 1834 3786 Consulto
1875 3731 2062 3803 itaque

472 3808 700 3876 feceris,
734 3812 785 3874 si
829 3813 1014 3869 omnia
1042 3829 1379 3887 componens
1412 3832 1664 3885 everras,
1688 3830 1744 3877 et
1772 3822 1959 3889 cluas,
1994 3838 2061 3879 ac

468 3902 659 3959 suillas
696 3904 1014 3963 cubiculum
1040 3924 1059 3964 :
1089 3910 1374 3981 multoque
1401 3909 1584 3967 adhuc
1626 3914 1939 3971 consultius
1962 3957 1977 3981 ,
2010 3916 2059 3973 si

467 4002 524 4047 et
558 4010 795 4053 coronas
825 4000 1109 4069 paraveris
1137 4016 1205 4056 ex
1240 4003 1441 4060 hedera
1464 4044 1479 4070 ,
1515 4012 1571 4061 et
1600 4006 1882 4071 similace,
1917 4024 2057 4080 quas

468 4086 609 4153 tibi,
660 4089 883 4161 tuisque
935 4090 1151 4150 deliciis
1205 4094 1477 4165 imponas.
1538 4097 1648 4153 Sed
1706 4098 1838 4170 quid
1891 4102 2055 4157 etiam

467 4181 732 4237 restitas?
774 4182 893 4239 Non
936 4184 1050 4256 jam
1089 4185 1234 4244 fores
1266 4189 1555 4246 emoliris?
1599 4190 1682 4245 Ad
1724 4193 1839 4249 haec
1889 4195 2059 4265 igitur

466 4270 833 4342 Polyphemus
884 4276 1217 4333 cachinnum
1278 4280 1513 4345 extulit,
1569 4291 1837 4352 quantum
1878 4288 2057 4355 potuit

464 4363 1123 4439 maximum,'manusque
1146 4371 1457 4440 complosit.
1487 4370 1555 4426 Et
1584 4371 1809 4445 Ulysses
1833 4377 2053 4446 quidem

2173 1860 2371 1927 γεϊλαι,
2403 1862 2490 1915 ἴνα
2528 1879 2618 1932 μοι
2656 1862 3087 1927 πολλαπλασίους
3124 1862 3298 1927 αὐτὰς
3331 1862 3574 1933 ἀποδῷς,
3604 1879 3760 1934 πρω-

2174 1952 2288 2018 θεὶς
2315 1954 2369 2008 ετ
2400 1970 2455 2008 τι
2490 1954 2649 2009 πλέον
2681 1955 2835 2020 εἰδὼς
2866 1957 3177 2028 τυγχάνεις.

2680 2088 3025 2144 ΕΠΙΣΤΟΛΗ
3062 2091 3245 2147 ΡΚΑ’.

2287 2220 2655 2289 Ἀναστασίῳ
2683 2224 3073 2296 ὐδροκωμήτῃ
3104 2225 3220 2298 [γρ.
3254 2226 3646 2300 ὐδρομύστῐιῖο

2269 2334 2539 2400 Οδυσσεύς
2573 2337 2754 2392 ἔπειθε
2796 2339 2892 2391 τὸν
2930 2338 3257 2409 Πολύφημον
3297 2338 3569 2407 διατεῖναι
3602 2340 3757 2394 αὐτὸν

2167 2424 2234 2478 ὲκ
2258 2426 2353 2479 τοῦ
2392 2429 2675 2499 σπηλαίου.
2718 2430 2859 2502 Γύης
2892 2430 2999 2502 γάρ
3044 2432 3180 2501 ειμι,
3213 2431 3310 2485 καὶ
3366 2433 3447 2495 εἰς
3487 2433 3760 2503 καιρὶνάν

2169 2533 2253 2569 σοι
2302 2519 2537 2590 παρείην
2580 2521 2680 2574 οὐκ
2729 2521 3042 2591 εὐτυχοῦντι
3090 2522 3159 2575 τά
3210 2524 3298 2585 εις
3344 2524 3441 2576 τὸν
3486 2523 3760 2577 θαλάττιον

2166 2607 2367 2679 ἔρωτα.
2409 2610 2549 2665 Ἀλλ’
2581 2612 2693 2681 ἐγώ
2724 2630 2806 2667 τοι
2845 2614 2939 2667 καὶ
2983 2614 3200 2685 ἐπῳδάς
3252 2612 3395 2678 οἶδα,
3452 2617 3552 2670 καὶ
3602 2634 3760 2669 κατει-

2165 2701 2418 2773 δέσμους,
2462 2706 2556 2758 καὶ
2602 2707 2873 2777 ἐρωτικὰς
2920 2709 3290 2777 κατανάγκας,
3337 2704 3429 2774 αἷς
3469 2712 3575 2765 οὐκ
3625 2711 3756 2775 εἰκὸς

2165 2794 2436 2865 ἀντισχεῖν
2487 2798 2610 2851 οὐδὲ
2666 2799 2983 2871 προσδραχύ
3050 2801 3151 2874 τὴν
3210 2802 3542 2859 Γαλάτειαν.
3593 2806 3757 2858 Μόνον

2166 2887 2431 2960 ὑπόστηθι
2472 2892 2536 2944 σὺ
2566 2892 2665 2962 τὴν
2708 2889 2879 2962 θύραν
2922 2894 3288 2965 ἀποκινῆσαν
3325 2894 3537 2965 μᾶλλον
3578 2896 3635 2949 δὲ
3676 2897 3758 2948 τὸν

2164 2980 2358 3053 θυρεὸν
2386 2981 2591 3037 τοῦτον.
2632 2982 2787 3053 Ἐμοὶ
2826 2984 2924 3055 μὲν
2955 2985 3065 3056 γάρ
3104 2988 3200 3038 καὶ
3244 2986 3603 3058 ἀκρωτήριον
3633 2985 3761 3043 εἶναι

2164 3074 2436 3144 φαίνεται.
2477 3074 2618 3143 Ἐγὼ
2645 3075 2702 3129 δὲ
2739 3077 2994 3149 ἐπανήξω
3027 3096 3130 3142 σοι,
3158 3078 3357 3132 θᾶττον
3398 3080 3433 3151 ἦ
3482 3081 3641 3148 λόγος
3669 3081 3760 3152 τὴν

2088 3137 2132 3197 C
2167 3137 2334 3220 παῖδα
2385 3137 2997 3239 κατεργασάμενος.’;1“ί
3042 3137 3185 3239 λέγω
3234 3137 3754 3244 κατεργασάμέννιςιὲ

2164 3259 2347 3330 Αὐτὴν
2372 3261 2587 3332 ἐκείνην
2608 3262 2872 3332 ἀποφανῶ
2898 3278 2980 3314 σοι
2999 3262 3160 3334 δεῦρο
3184 3264 3411 3328 πολλαῖς
3443 3266 3591 3334 ἴυγξι
3615 3283 3756 3334 γενο-

2167 3347 2336 3419 μένην
2361 3347 2639 3421 ἀγώγιμον
2658 3365 2673 3380 ’
2703 3351 2799 3403 καὶ
2830 3350 3081 3422 δεήσεταί
3115 3369 3210 3406 σου
3240 3353 3336 3408 καὶ
3377 3355 3715 3427 ἀντιϐολήσει
3737 3372 3749 3384 ’

2165 3440 2231 3492 σὺ
2269 3439 2325 3493 δὲ
2353 3440 2519 3513 άκκιῇ
2566 3442 2659 3496 καὶ
2706 3442 3131 3516 κατειρωνεύσῃ.
3159 3446 3329 3517 Ἀτάρ
3368 3449 3578 3517 μεταξὺ
3612 3449 3677 3518 μὶ
3706 3464 3751 3500 τι

2162 3531 2258 3584 καὶ
2286 3532 2523 3586 τοιοῦτον
2550 3533 2766 3604 ἔθραξε,
2795 3536 2869 3606 μὴ
2913 3535 3021 3589 τῶν
3063 3536 3270 3590 κωδίων
3296 3539 3563 3609 ὁογράσος
3594 3538 3750 3608 ἀηδὴς

2160 3622 2385 3692 γένηται
2428 3624 2565 3696 κόρῃ
2612 3625 2913 3697 τρυφώσῃ,
2963 3627 3060 3679 καὶ
3101 3626 3371 3699 λουομὲνῃ
3411 3631 3517 3699 τῆς
3552 3628 3750 3698 ἡμέρας

2160 3714 2441 3779 πολλάκις.
2491 3716 2671 3772 Καλὸν
2719 3712 2813 3772 οὖν
2854 3718 2902 3771 εξ
2953 3717 3133 3773 πάντα
3169 3719 3503 3791 εὐθετήσας,
3533 3721 3751 3791 ἐκκορή-

2162 3808 2316 3871 σειάς
2337 3825 2397 3862 τε
2444 3808 2543 3862 καὶ
2583 3809 2888 3875 ὲκπλυνεῖς,
2926 3812 3023 3865 καὶ
3066 3811 3462 3883 ὲνθυμιάσειας
3490 3814 3553 3866 τὸ
3577 3813 3749 3884 δωμά-

2158 3915 2309 3953 τιον·
2345 3899 2425 3953 ἔτι
2470 3899 2529 3954 δὲ
2566 3900 2806 3969 κάλλιον,
2840 3905 2889 3956 εἰ
2931 3904 3025 3958 καὶ
3058 3904 3363 3973 στεφάνους
3403 3906 3746 3978 παρασκευά-

2162 4007 2303 4055 σαιο,
2330 3992 2515 4045 κιττοῦ
2542 4009 2602 4046 τε
2639 3994 2733 4047 καὶ
2774 3994 3004 4064 μίλακος
3045 3994 3159 4067 [γρ.
3200 3996 3403 4069 σμῖλ.],
3434 3994 3525 4061 οἷς
3565 3997 3745 4050 σαυτόν

2155 4099 2219 4136 τε
2270 4084 2459 4138 καὶτὰ
2490 4085 2714 4139 παιδικά
2754 4086 3067 4158 ἀναδήσαιο.
3108 4087 3265 4142 Ἀλλά
3305 4089 3365 4142 τί
3419 4089 3744 4160 διατρέεεις;

2159 4180 2272 4233 Οὐκ
2299 4181 2568 4252 ἐγχειρεῖς
2592 4181 2691 4255 ήδη
2723 4184 2788 4255 τῇ
2817 4183 2995 4257 θύρας
3029 4185 3173 4257 Πρὸς
3196 4181 3289 4239 οὐν
3321 4185 3503 4240 ταῦτα
3535 4190 3563 4241 ὁ
3586 4184 3745 4241 Πολύ-

2157 4287 2340 4343 φημος
2366 4273 2700 4346 ἑξεκάγχασέ
2735 4292 2796 4330 τε
2827 4276 2951 4331 ὅσον
2971 4276 3198 4347 ἠδύνατο
3233 4276 3521 4348 μέγιστον,
3554 4279 3644 4333 καὶ
3674 4276 3741 4330 τὼ

2155 4366 2306 4437 χεῖρε
2344 4365 2629 4438 ἐκρότησε.
2678 4368 2789 4421 Καὶ
2841 4368 2872 4420 δ
2920 4369 3018 4440 μὲν
3061 4369 3356 4433 Ὀδυσσεὺς
3402 4368 3546 4440 ᾤετο
3594 4369 3743 4425 αὐτὸν

465 4466 576 4519 prae
608 4453 809 4522 gaudio
844 4455 997 4511 illum
1031 4459 1118 4513 sui
1153 4470 1461 4530 compotem
1497 4478 1607 4518 non
1652 4479 1775 4520 esse
1808 4467 2051 4523 arbitra-

2162 4454 2264 4509 ὑπὸ
2305 4460 2584 4528 χαρμονῆς
2627 4456 2728 4512 οὐκ
2759 4456 2904 4529 ἔχειν
2927 4459 2956 4512 ὃ
2987 4476 3039 4512 τι
3086 4458 3263 4530 ἑαυτῷ
3302 4461 3598 4532 χρήσαιτο,
3622 4476 3741 4513 κατ-

462 4543 661 4610 ιηιιιιν,
718 4546 868 4617 quod
912 4564 973 4605 se
1019 4550 1137 4606 suis
1188 4550 1400 4608 deliciis
1442 4553 1746 4622 potiturum
1776 4567 2046 4625 speraret.

460 4637 532 4691 At
576 4638 666 4693 ille
722 4650 965 4697 mentum
1000 4642 1123 4713 ejus
1165 4644 1361 4700 leniter
1398 4646 1750 4714 demulcens,
1782 4649 1950 4758 358
2000 4651 2047 4708 Ο

462 4728 632 4758 Nnmn
658 4731 672 4758 I
709 4730 843 4758 ,ιι-ι.
926 4734 1256 4758 ..-f_.._:.._---
1287 4737 1486 4758 l.-_.___
1505 4739 1578 4758 ,εΑ
1636 4740 1727 4758 μξρι
1755 4742 1767 4755 ο
1853 4743 1865 4754 ο
1889 4743 1903 4758 ι
1973 4745 1985 4757 υ

460 4728 673 4785 Nemo!
707 4730 886 4800 dixit,
926 4734 1259 4792 vaferrimus
1287 4737 1584 4793 homuncio
1634 4728 2046 4809 mibi'videris,

458 4832 515 4878 et
556 4838 739 4877 rerum
791 4839 896 4878 usu
931 4826 1187 4885 detritus.
1224 4827 1429 4884 Verum
1462 4831 1611 4887 aliud
1637 4832 1898 4904 quiddam
1930 4851 2047 4892 mo-

460 4916 605 4971 lire:
662 4931 763 4971 nec
794 4917 941 4972 enim
978 4918 1107 4988 ipse
1152 4921 1338 4993 fugam
1393 4922 1521 4979 inde
1550 4938 1829 4995 capesses.
1866 4927 2047 4999 Atque

460 5008 648 5083 Ulyssi
700 5009 927 5081 quidem
986 5010 1146 5082 (nam
1207 5012 1466 5082 injuriam
1512 5031 1647 5072 sane
1696 5019 2044 5093 patiebatur)

459 5118 559 5157 sua
592 5118 823 5173 prorsus
852 5110 971 5158 erat
1000 5102 1292 5174 profutura
1326 5105 1623 5162 calliditas.
1674 5107 1751 5165 De
1797 5120 1850 5166 te
1890 5127 2045 5181 vero,

457 5196 550 5253 nui
585 5195 817 5251 audacia
859 5196 1190 5267 Cyclopem,
1240 5196 1401 5253 factis
1436 5198 1732 5270 Sisyphum
1764 5200 2000 5259 referres
2024 5246 2039 5271 ,

450 5288 666 5356 justitia
697 5303 891 5358 pinnas
921 5290 1190 5359 sumpsit,
1225 5289 1423 5361 lexque
1454 5291 1806 5360 constrinxit,
1840 5295 2041 5365 quibus

455 5393 739 5447 nunquam
767 5378 977 5432 utinam
1016 5378 1240 5434 illudas.
1277 5378 1437 5446 Quod
1468 5378 1518 5436 si
1559 5382 1786 5438 omnino
1829 5384 2043 5455 legibus

456 5469 800 5537 superiorem
848 5474 903 5524 te
946 5483 1071 5525 esse
1118 5484 1346 5526 necesse
1382 5476 1468 5526 est
1510 5488 1526 5526 :
1575 5480 1631 5526 at
1674 5488 1775 5543 ego
1831 5489 1940 5529 non
1991 5476 2043 5532 is

454 5560 558 5612 situ
627 5558 722 5628 qui
758 5572 853 5615 eas
911 5561 1159 5626 solvam,
1199 5570 1294 5616 aut
1344 5563 1588 5619 carceris
1638 5562 1787 5619 fores
1846 5564 2039 5621 eﬂrin-

456 5666 600 5718 gum.
627 5650 841 5707 Etenim
888 5654 934 5707 si
976 5655 1115 5726 reip.
1165 5672 1332 5726 penes
1370 5657 1657 5727 episcopos
1689 5665 1838 5712 esset
1868 5658 2042 5714 admi-

455 5741 735 5810 nistratio,
792 5744 1014 5801 eosdem
1072 5749 1220 5818 ipsos
1276 5758 1557 5820 oporteret
1600 5751 1858 5822 nequitia:
1915 5766 2041 5810 esse

2156 4547 2451 4603 ελπίσαντα
2499 4548 2611 4604 τῶν
2660 4550 2927 4605 παιδικῶν
2974 4550 3347 4623 περιέσεσθαι.
3397 4552 3462 4606 '0
3497 4552 3578 4617 δὲ,
3619 4552 3745 4605 ὐπο-

2144 4641 2433 4708 γενειάσας
2461 4642 2645 4709 αὐτὸν,
2677 4638 2747 4696 Ὦ
2778 4642 2929 4707 Οὐτι,
2959 4643 3063 4715 ἔφη
3082 4657 3099 4673 ο
3150 4644 3490 4716 δριμύτατον
3532 4646 3632 4717 μὲν
3660 4647 3745 4699 ἁν-

2144 4733 2386 4804 θρὼπιον
2441 4734 2624 4798 ἔοικας
2676 4730 2855 4800 εἶναι,
2909 4736 3004 4789 καὶ
3060 4738 3641 4809 ὲγκατατετριμμὲνον
3686 4738 3738 4788 ἓν

2144 4826 2484 4897 πράγμασιν.
2510 4826 2673 4880 ’Δλλο
2712 4828 2895 4899 μέντοι
2948 4845 3003 4881 τι
3058 4828 3339 4882 «obitur
3387 4830 3604 4884 ἐνθένδε
3641 4829 3740 4898 γὰρ

2143 4919 2245 4972 οὐκ
2276 4919 2622 4992 ἀποδράσεις.
2660 4920 2719 4975 '0
2751 4920 2852 4991 μὲν
2878 4915 2973 4975 οὖν
3009 4920 3300 4985 Ὀδυσσεὺς
3337 4922 3615 4992 (ἠδικεῖτο
3641 4922 3740 4991 γάρ

2144 5012 2342 5082 ῦντως)
2370 5011 2592 5083 ἔμελλεν
2617 5011 2725 5079 ἄρα
2753 5015 2852 5083 τῆς
2881 5013 3218 5085 πανουργίας
3246 5013 3566 5084 ὀνήσεσθαι.
3594 5014 3663 5067 Σὲ
3686 5014 3738 5066 ει

2142 5104 2429 5160 Κύκλωπα
2460 5106 2557 5177 μὲν
2578 5104 2710 5159 ὄντα
2746 5108 2811 5176 τῇ
2839 5104 3032 5177 τόλμῃ,
3076 5106 3311 5175 Σίσυφον
3339 5106 3399 5159 δὲ
3422 5108 3542 5169 τοῖς
3568 5108 3735 5177 ἔγχει-

2147 5197 2356 5267 ρήμασι
2380 5196 2502 5268 δίκη
2538 5196 2796 5269 μετῆλθε,
2845 5198 2939 5251 καὶ⁸
2980 5197 3145 5267 νόμος
3181 5196 3497 5269 καθεῖρξεν,
3543 5191 3618 5251 ὧν
3663 5198 3729 5267 μὴ

2144 5306 2277 5342 ποτε
2316 5291 2380 5342 σύ
2414 5290 2861 5358 καταγελάσειας.
2896 5289 2959 5342 Εἰ
2985 5289 3042 5342 δὲ
3080 5288 3163 5342 δεῖ
3199 5289 3420 5353 πάντως
3454 5290 3729 5361 ὑπερέχειν

2146 5380 2209 5433 σὲ
2238 5378 2346 5433 τῶν
2370 5382 2580 5452 νόμων
2609 5380 2746 5434 ἀλλὰ
2774 5381 2849 5451 μὴ
2880 5378 3055 5449 ἔγωγε
3100 5378 3219 5450 εῐην
3246 5381 3277 5432 ὁ
3316 5380 3612 5451 παραλύων
3636 5379 3722 5432 az}.

2142 5474 2295 5539 τοὺς,
2318 5473 2412 5527 καὶ
2450 5472 2550 5537 τὰς
2590 5472 2762 5545 θύρας
2802 5472 3187 5543 καταρῤηγνύς
3225 5470 3320 5546 τοῦ
3370 5472 3466 5524 ἐπὶ
3506 5474 3617 5534 τοίς
3650 5471 3723 5524 δε·

2144 5566 2393 5636 σμώταις
2422 5567 2740 5637 οἰκήματος.
2766 5566 2875 5620 Καὶ
2898 5564 3009 5633 γὰρ
3044 5565 3093 5617 εἱ
3138 5564 3239 5634 μὲν
3279 5559 3350 5635 ἦν
3396 5565 3490 5616 ἐπὶ
3523 5567 3628 5625 tot;
3658 5562 3717 5614 ιε·

2147 5656 2390 5729 ρεῦσινή
2432 5656 2692 5719 πολιτεία,
2724 5655 2945 5718 τούτους
2998 5654 3107 5708 ἔδει
3146 5655 3245 5723 τῆς
3278 5654 3544 5725 πονηρίας
3577 5653 3715 5705 mla-

2148 5749 2280 5814 στὰς
2303 5745 2459 5806 εἶναι.
2496 5752 2583 5815 Ὠς
2624 5749 2738 5804 ἐστι
2773 5765 2836 5817 γε
2868 5750 2927 5803 τὸ
2949 5748 3207 5820 δημόσιον
3248 5747 3403 5817 ξίφος
3426 5748 3524 5817 οὐχ
3550 5742 3709 5816 ἧττον,
