  <div class='ocr_page' id='page_1' title='image "/cluster/home/n/w/nwhite01/storage/ocr_20150623/66/hvd.32044020183315/756.png"; bbox 0 0 3928 6520; ppageno 0'>
   <div class='ocr_carea' id='block_1_1' title="bbox 85 370 239 431">
    <p class='ocr_par' dir='ltr' id='par_1_1' title="bbox 85 370 239 431">
     <span class='ocr_line' id='line_1_1' title="bbox 85 370 239 431; baseline -0.006 0"><span class='ocrx_word' id='word_1_1' title='bbox 85 370 239 431; x_wconf 68' lang='grc'><strong>1801</strong></span> 
     </span>
    </p>
   </div>
   <div class='ocr_carea' id='block_1_2' title="bbox 1238 368 2254 429">
    <p class='ocr_par' dir='ltr' id='par_1_2' title="bbox 1238 368 2254 429">
     <span class='ocr_line' id='line_1_2' title="bbox 1238 368 2254 429; baseline 0 -2"><span class='ocrx_word' id='word_1_2' title='bbox 1238 368 1625 429; x_wconf 75' lang='lat' dir='ltr'><strong>EPISTOUE.</strong></span> <span class='ocrx_word' id='word_1_3' title='bbox 1669 400 1742 412; x_wconf 93' lang='lat'><strong>—</strong></span> <span class='ocrx_word' id='word_1_4' title='bbox 1777 368 2001 428; x_wconf 74' lang='grc' dir='ltr'>Ειιιετ.</span> <span class='ocrx_word' id='word_1_5' title='bbox 2044 369 2254 429; x_wconf 67' lang='lat' dir='ltr'><strong>CXXII.</strong></span> 
     </span>
    </p>
   </div>
   <div class='ocr_carea' id='block_1_3' title="bbox 3228 345 3393 423">
    <p class='ocr_par' dir='ltr' id='par_1_3' title="bbox 3228 345 3393 423">
     <span class='ocr_line' id='line_1_3' title="bbox 3228 345 3393 423; baseline 0 -2"><span class='ocrx_word' id='word_1_6' title='bbox 3228 345 3393 423; x_wconf 62' lang='lat' dir='ltr'><strong>“ista</strong></span> 
     </span>
    </p>
   </div>
   <div class='ocr_carea' id='block_1_4' title="bbox 81 448 1714 577">
    <p class='ocr_par' dir='ltr' id='par_1_4' title="bbox 81 492 1701 577">
     <span class='ocr_line' id='line_1_4' title="bbox 81 492 1701 577; baseline 0.001 -28"><span class='ocrx_word' id='word_1_7' title='bbox 81 497 127 567; x_wconf 76' lang='grc' dir='ltr'>ἢ</span> <span class='ocrx_word' id='word_1_8' title='bbox 176 495 251 549; x_wconf 82' lang='grc' dir='ltr'>τὰ</span> <span class='ocrx_word' id='word_1_9' title='bbox 296 495 357 549; x_wconf 73' lang='grc' dir='ltr'>ἒν</span> <span class='ocrx_word' id='word_1_10' title='bbox 396 495 508 558; x_wconf 82' lang='grc' dir='ltr'>τοῖς</span> <span class='ocrx_word' id='word_1_11' title='bbox 551 492 1019 567; x_wconf 85' lang='grc' dir='ltr'>προτεμενίσμασι</span> <span class='ocrx_word' id='word_1_12' title='bbox 1052 492 1166 565; x_wconf 78' lang='lat'><strong>(55)</strong></span> <span class='ocrx_word' id='word_1_13' title='bbox 1211 495 1458 577; x_wconf 77' lang='grc' dir='ltr'>χέρνιϐα,</span> <span class='ocrx_word' id='word_1_14' title='bbox 1492 496 1701 561; x_wconf 79' lang='grc' dir='ltr'>πόλεως</span> 
     </span>
    </p>
   </div>
   <div class='ocr_carea' id='block_1_5' title="bbox 1818 448 3392 577">
    <p class='ocr_par' dir='ltr' id='par_1_5' title="bbox 1818 448 3392 563">
     <span class='ocr_line' id='line_1_5' title="bbox 1818 448 3392 563; baseline -0.003 -15"><span class='ocrx_word' id='word_1_15' title='bbox 1818 494 2071 550; x_wconf 76' lang='lat' dir='ltr'><strong>vindices.</strong></span> <span class='ocrx_word' id='word_1_16' title='bbox 2135 454 2592 563; x_wconf 76' lang='lat' dir='ltr'><strong>Quandoquidem</strong></span> <span class='ocrx_word' id='word_1_17' title='bbox 2665 489 2923 563; x_wconf 81' lang='lat' dir='ltr'><strong>publicus</strong></span> <span class='ocrx_word' id='word_1_18' title='bbox 2994 448 3211 561; x_wconf 84' lang='lat' dir='ltr'><strong>gladius</strong></span> <span class='ocrx_word' id='word_1_19' title='bbox 3280 504 3392 543; x_wconf 86' lang='lat' dir='ltr'><strong>non</strong></span> 
     </span>
    </p>
   </div>
   <div class='ocr_carea' id='block_1_6' title="bbox 88 586 500 659">
    <p class='ocr_par' dir='ltr' id='par_1_6' title="bbox 88 586 500 659">
     <span class='ocr_line' id='line_1_6' title="bbox 88 586 500 659; baseline 0.005 -19"><span class='ocrx_word' id='word_1_20' title='bbox 88 586 248 640; x_wconf 87' lang='grc' dir='ltr'>καθα</span> <span class='ocrx_word' id='word_1_21' title='bbox 256 587 500 659; x_wconf 81' lang='grc' dir='ltr'>ρτήριον.</span> 
     </span>
    </p>
   </div>
   <div class='ocr_carea' id='block_1_7' title="bbox 92 767 1695 861">
    <p class='ocr_par' dir='ltr' id='par_1_7' title="bbox 92 767 1695 861">
     <span class='ocr_line' id='line_1_7' title="bbox 92 767 1695 861; baseline 0.007 -40"><span class='ocrx_word' id='word_1_22' title='bbox 92 768 275 823; x_wconf 80' lang='grc' dir='ltr'>Οὕτω</span> <span class='ocrx_word' id='word_1_23' title='bbox 299 768 399 821; x_wconf 78' lang='grc' dir='ltr'>καὶ</span> <span class='ocrx_word' id='word_1_24' title='bbox 429 767 548 822; x_wconf 78' lang='grc' dir='ltr'><strong>τῶν</strong></span> <span class='ocrx_word' id='word_1_25' title='bbox 578 767 848 836; x_wconf 75' lang='grc' dir='ltr'>πρόσθεν</span> <span class='ocrx_word' id='word_1_26' title='bbox 872 770 1241 840; x_wconf 76' lang='grc' dir='ltr'>επευθόμεθα</span> <span class='ocrx_word' id='word_1_27' title='bbox 1268 772 1417 826; x_wconf 66' lang='grc' dir='ltr'>κλέα</span> <span class='ocrx_word' id='word_1_28' title='bbox 1438 774 1695 861; x_wconf 58' lang='grc' dir='ltr'>ἀνδρῶγ.</span> 
     </span>
    </p>
   </div>
   <div class='ocr_carea' id='block_1_8' title="bbox 88 942 1700 1009">
    <p class='ocr_par' dir='ltr' id='par_1_8' title="bbox 88 942 1700 1009">
     <span class='ocr_line' id='line_1_8' title="bbox 88 942 1700 1009; baseline 0.008 -15"><span class='ocrx_word' id='word_1_29' title='bbox 88 942 296 1006; x_wconf 71' lang='grc' dir='ltr'>Οὕτως</span> <span class='ocrx_word' id='word_1_30' title='bbox 340 944 579 1006; x_wconf 79' lang='grc' dir='ltr'><strong>ἐποίουν,</strong></span> <span class='ocrx_word' id='word_1_31' title='bbox 624 944 729 1009; x_wconf 76' lang='grc' dir='ltr'>ἕως</span> <span class='ocrx_word' id='word_1_32' title='bbox 771 944 944 1005; x_wconf 72' lang='grc' dir='ltr'>ἐδόκει</span> <span class='ocrx_word' id='word_1_33' title='bbox 992 948 1155 1002; x_wconf 74' lang='grc' dir='ltr'>καλὸν</span> <span class='ocrx_word' id='word_1_34' title='bbox 1200 944 1341 1003; x_wconf 76' lang='grc' dir='ltr'>εἶναι</span> <span class='ocrx_word' id='word_1_35' title='bbox 1393 950 1490 1004; x_wconf 77' lang='grc' dir='ltr'><strong>τὸν</strong></span> <span class='ocrx_word' id='word_1_36' title='bbox 1534 953 1700 1008; x_wconf 81' lang='grc' dir='ltr'>αὑτὸν</span> 
     </span>
    </p>
   </div>
   <div class='ocr_carea' id='block_1_9' title="bbox 89 1034 1701 1114">
    <p class='ocr_par' dir='ltr' id='par_1_9' title="bbox 89 1034 1701 1114">
     <span class='ocr_line' id='line_1_9' title="bbox 89 1034 1701 1114; baseline 0.006 -27"><span class='ocrx_word' id='word_1_37' title='bbox 89 1034 365 1105; x_wconf 73' lang='grc' dir='ltr'>εὔχεσθαί</span> <span class='ocrx_word' id='word_1_38' title='bbox 397 1051 456 1097; x_wconf 85' lang='grc' dir='ltr'><strong>τε</strong></span> <span class='ocrx_word' id='word_1_39' title='bbox 494 1035 634 1108; x_wconf 64' lang='grc' dir='ltr'>ὑπὲρ</span> <span class='ocrx_word' id='word_1_40' title='bbox 665 1036 775 1088; x_wconf 90' lang='grc' dir='ltr'><strong>τῶν</strong></span> <span class='ocrx_word' id='word_1_41' title='bbox 820 1036 1013 1091; x_wconf 86' lang='grc' dir='ltr'>κοινῶν</span> <span class='ocrx_word' id='word_1_42' title='bbox 1041 1039 1285 1107; x_wconf 82' lang='grc' dir='ltr'>ἀγαθῶν,</span> <span class='ocrx_word' id='word_1_43' title='bbox 1318 1043 1414 1096; x_wconf 77' lang='grc' dir='ltr'>καὶ</span> <span class='ocrx_word' id='word_1_44' title='bbox 1439 1043 1701 1114; x_wconf 84' lang='grc' dir='ltr'>πράττειν</span> 
     </span>
    </p>
   </div>
   <div class='ocr_carea' id='block_1_10' title="bbox 89 1126 1703 1203">
    <p class='ocr_par' dir='ltr' id='par_1_10' title="bbox 89 1126 1703 1203">
     <span class='ocr_line' id='line_1_10' title="bbox 89 1126 1703 1203; baseline 0.007 -24"><span class='ocrx_word' id='word_1_45' title='bbox 89 1128 254 1192; x_wconf 79' lang='grc' dir='ltr'>ὅπως</span> <span class='ocrx_word' id='word_1_46' title='bbox 311 1126 377 1181; x_wconf 85' lang='grc' dir='ltr'>ἂν</span> <span class='ocrx_word' id='word_1_47' title='bbox 436 1128 819 1200; x_wconf 75' lang='grc' dir='ltr'>παραγένοιτο.</span> <span class='ocrx_word' id='word_1_48' title='bbox 884 1131 994 1184; x_wconf 79' lang='grc' dir='ltr'><strong>Καὶ</strong></span> <span class='ocrx_word' id='word_1_49' title='bbox 1058 1132 1168 1203; x_wconf 73' lang='grc' dir='ltr'><strong>γὰρ</strong></span> <span class='ocrx_word' id='word_1_50' title='bbox 1224 1133 1551 1201; x_wconf 82' lang='grc' dir='ltr'>Αἰγύπτιοι,</span> <span class='ocrx_word' id='word_1_51' title='bbox 1606 1138 1703 1192; x_wconf 74' lang='grc' dir='ltr'>καὶ</span> 
     </span>
    </p>
   </div>
   <div class='ocr_carea' id='block_1_11' title="bbox 108 1220 1700 1297">
    <p class='ocr_par' dir='ltr' id='par_1_11' title="bbox 108 1220 1700 1297">
     <span class='ocr_line' id='line_1_11' title="bbox 108 1220 1700 1297; baseline 0.008 -25"><span class='ocrx_word' id='word_1_52' title='bbox 108 1220 393 1292; x_wconf 76' lang='grc' dir='ltr'>Ἐϐραίων</span> <span class='ocrx_word' id='word_1_53' title='bbox 419 1220 576 1288; x_wconf 76' lang='grc' dir='ltr'>γένος</span> <span class='ocrx_word' id='word_1_54' title='bbox 598 1220 788 1291; x_wconf 79' lang='grc' dir='ltr'>χρόνον</span> <span class='ocrx_word' id='word_1_55' title='bbox 814 1225 1009 1293; x_wconf 74' lang='grc' dir='ltr'>συχνὸν</span> <span class='ocrx_word' id='word_1_56' title='bbox 1032 1224 1138 1277; x_wconf 79' lang='grc' dir='ltr'><strong>ὑπὸ</strong></span> <span class='ocrx_word' id='word_1_57' title='bbox 1160 1225 1267 1279; x_wconf 87' lang='grc' dir='ltr'><strong>τῶν</strong></span> <span class='ocrx_word' id='word_1_58' title='bbox 1290 1226 1484 1297; x_wconf 82' lang='grc' dir='ltr'><strong>ἱερέων</strong></span> <span class='ocrx_word' id='word_1_59' title='bbox 1514 1228 1700 1284; x_wconf 74' lang='grc' dir='ltr'>ἐϐασι-</span> 
     </span>
    </p>
   </div>
   <div class='ocr_carea' id='block_1_12' title="bbox 88 1312 1703 1394">
    <p class='ocr_par' dir='ltr' id='par_1_12' title="bbox 88 1312 1703 1394">
     <span class='ocr_line' id='line_1_12' title="bbox 88 1312 1703 1394; baseline 0.007 -29"><span class='ocrx_word' id='word_1_60' title='bbox 88 1312 399 1386; x_wconf 83' lang='grc' dir='ltr'>λεύθησαν.</span> <span class='ocrx_word' id='word_1_61' title='bbox 439 1313 593 1366; x_wconf 74' lang='grc' dir='ltr'>Ἐπεὶ</span> <span class='ocrx_word' id='word_1_62' title='bbox 628 1313 686 1367; x_wconf 85' lang='grc' dir='ltr'>δὲ</span> <span class='ocrx_word' id='word_1_63' title='bbox 732 1314 1101 1387; x_wconf 83' lang='grc' dir='ltr'>διῳκίσοησαν</span> <span class='ocrx_word' id='word_1_64' title='bbox 1124 1320 1175 1373; x_wconf 88' lang='grc' dir='ltr'><strong>οί</strong></span> <span class='ocrx_word' id='word_1_65' title='bbox 1215 1319 1352 1389; x_wconf 82' lang='grc' dir='ltr'>βίοι,</span> <span class='ocrx_word' id='word_1_66' title='bbox 1389 1321 1483 1374; x_wconf 78' lang='grc' dir='ltr'>καὶ</span> <span class='ocrx_word' id='word_1_67' title='bbox 1526 1324 1554 1376; x_wconf 99' lang='lat'><strong>6</strong></span> <span class='ocrx_word' id='word_1_68' title='bbox 1604 1324 1703 1394; x_wconf 81' lang='grc' dir='ltr'>μὲν</span> 
     </span>
    </p>
   </div>
   <div class='ocr_carea' id='block_1_13' title="bbox 94 1405 1705 1487">
    <p class='ocr_par' dir='ltr' id='par_1_13' title="bbox 94 1405 1705 1487">
     <span class='ocr_line' id='line_1_13' title="bbox 94 1405 1705 1487; baseline 0.007 -29"><span class='ocrx_word' id='word_1_69' title='bbox 94 1406 278 1476; x_wconf 76' lang='grc' dir='ltr'>ἱερὸς,</span> <span class='ocrx_word' id='word_1_70' title='bbox 302 1405 332 1457; x_wconf 88' lang='lat'><strong>6</strong></span> <span class='ocrx_word' id='word_1_71' title='bbox 349 1405 406 1458; x_wconf 84' lang='grc' dir='ltr'>δὲ</span> <span class='ocrx_word' id='word_1_72' title='bbox 430 1406 755 1476; x_wconf 74' lang='grc' dir='ltr'><strong>ἡγεμονικὸς</strong></span> <span class='ocrx_word' id='word_1_73' title='bbox 786 1409 1099 1482; x_wconf 74' lang='grc' dir='ltr'>ἀπεδείχθη,</span> <span class='ocrx_word' id='word_1_74' title='bbox 1127 1412 1419 1483; x_wconf 80' lang='grc' dir='ltr'>τετάχαται</span> <span class='ocrx_word' id='word_1_75' title='bbox 1443 1413 1499 1469; x_wconf 79' lang='grc' dir='ltr'>δὲ</span> <span class='ocrx_word' id='word_1_76' title='bbox 1528 1415 1705 1487; x_wconf 74' lang='grc' dir='ltr'>ἕτεροι</span> 
     </span>
    </p>
   </div>
   <div class='ocr_carea' id='block_1_14' title="bbox 93 1498 1701 1574">
    <p class='ocr_par' dir='ltr' id='par_1_14' title="bbox 93 1498 1701 1574">
     <span class='ocr_line' id='line_1_14' title="bbox 93 1498 1701 1574; baseline 0.007 -26"><span class='ocrx_word' id='word_1_77' title='bbox 93 1498 209 1567; x_wconf 60' lang='grc' dir='ltr'>μὲν</span> <span class='ocrx_word' id='word_1_78' title='bbox 230 1498 291 1559; x_wconf 69' lang='grc' dir='ltr'>ὲν</span> <span class='ocrx_word' id='word_1_79' title='bbox 312 1499 423 1560; x_wconf 84' lang='grc' dir='ltr'>τοῖς</span> <span class='ocrx_word' id='word_1_80' title='bbox 450 1498 791 1568; x_wconf 81' lang='grc' dir='ltr'>πράγμασιν,</span> <span class='ocrx_word' id='word_1_81' title='bbox 816 1501 976 1571; x_wconf 77' lang='grc' dir='ltr'>ἡμεῖς</span> <span class='ocrx_word' id='word_1_82' title='bbox 1002 1501 1059 1554; x_wconf 78' lang='grc' dir='ltr'>δὲ</span> <span class='ocrx_word' id='word_1_83' title='bbox 1089 1503 1147 1554; x_wconf 84' lang='grc' dir='ltr'>ὲν</span> <span class='ocrx_word' id='word_1_84' title='bbox 1167 1505 1289 1566; x_wconf 82' lang='grc' dir='ltr'>ταῖς</span> <span class='ocrx_word' id='word_1_85' title='bbox 1319 1504 1507 1574; x_wconf 80' lang='grc' dir='ltr'><strong>εὐχαῖς</strong></span> <span class='ocrx_word' id='word_1_86' title='bbox 1529 1501 1701 1568; x_wconf 81' lang='grc' dir='ltr'>εἶναι’</span> 
     </span>
    </p>
   </div>
   <div class='ocr_carea' id='block_1_15' title="bbox 90 1586 1707 1670">
    <p class='ocr_par' dir='ltr' id='par_1_15' title="bbox 90 1586 1707 1670">
     <span class='ocr_line' id='line_1_15' title="bbox 90 1586 1707 1670; baseline 0.005 -27"><span class='ocrx_word' id='word_1_87' title='bbox 90 1586 188 1655; x_wconf 78' lang='grc' dir='ltr'>οἷς</span> <span class='ocrx_word' id='word_1_88' title='bbox 214 1592 244 1643; x_wconf 88' lang='lat'><strong>6</strong></span> <span class='ocrx_word' id='word_1_89' title='bbox 278 1590 441 1660; x_wconf 75' lang='grc' dir='ltr'>νόμος</span> <span class='ocrx_word' id='word_1_90' title='bbox 486 1591 820 1662; x_wconf 80' lang='grc' dir='ltr'><strong>ἀπαγορεύει</strong></span> <span class='ocrx_word' id='word_1_91' title='bbox 862 1595 1019 1663; x_wconf 85' lang='grc' dir='ltr'>χεῖρα</span> <span class='ocrx_word' id='word_1_92' title='bbox 1057 1594 1271 1666; x_wconf 76' lang='grc' dir='ltr'><strong>ὀρέγειν</strong></span> <span class='ocrx_word' id='word_1_93' title='bbox 1309 1597 1374 1666; x_wconf 82' lang='grc' dir='ltr'>τῇ</span> <span class='ocrx_word' id='word_1_94' title='bbox 1413 1596 1559 1670; x_wconf 78' lang='grc' dir='ltr'>δίκῃ,</span> <span class='ocrx_word' id='word_1_95' title='bbox 1611 1600 1707 1655; x_wconf 77' lang='grc' dir='ltr'><strong>καὶ</strong></span> 
     </span>
    </p>
   </div>
   <div class='ocr_carea' id='block_1_16' title="bbox 93 1682 1707 1757">
    <p class='ocr_par' dir='ltr' id='par_1_16' title="bbox 93 1682 1707 1757">
     <span class='ocr_line' id='line_1_16' title="bbox 93 1682 1707 1757; baseline 0.005 -20"><span class='ocrx_word' id='word_1_96' title='bbox 93 1682 503 1740; x_wconf 77' lang='grc' dir='ltr'>ἀποκτιννύναι</span> <span class='ocrx_word' id='word_1_97' title='bbox 554 1686 647 1738; x_wconf 84' lang='grc' dir='ltr'>τὸν</span> <span class='ocrx_word' id='word_1_98' title='bbox 700 1686 1103 1757; x_wconf 83' lang='grc' dir='ltr'>πονηρότατον’</span> <span class='ocrx_word' id='word_1_99' title='bbox 1138 1688 1252 1753; x_wconf 88' lang='grc' dir='ltr'><strong>πῶς</strong></span> <span class='ocrx_word' id='word_1_100' title='bbox 1294 1691 1360 1744; x_wconf 81' lang='grc' dir='ltr'>ἄν</span> <span class='ocrx_word' id='word_1_101' title='bbox 1399 1707 1484 1754; x_wconf 85' lang='grc' dir='ltr'><strong>τις</strong></span> <span class='ocrx_word' id='word_1_102' title='bbox 1524 1692 1707 1757; x_wconf 77' lang='grc' dir='ltr'>αὐτοῖς</span> 
     </span>
    </p>
   </div>
   <div class='ocr_carea' id='block_1_17' title="bbox 90 1776 1708 1853">
    <p class='ocr_par' dir='ltr' id='par_1_17' title="bbox 90 1776 1708 1853">
     <span class='ocr_line' id='line_1_17' title="bbox 90 1776 1708 1853; baseline 0.005 -26"><span class='ocrx_word' id='word_1_103' title='bbox 90 1776 457 1845; x_wconf 65' lang='grc' dir='ltr'><strong>ἐπιτρέψειεν</strong></span> <span class='ocrx_word' id='word_1_104' title='bbox 493 1776 650 1848; x_wconf 79' lang='grc' dir='ltr'>ἀνδρὶ</span> <span class='ocrx_word' id='word_1_105' title='bbox 698 1776 992 1849; x_wconf 73' lang='grc' dir='ltr'>πανούργῳ</span> <span class='ocrx_word' id='word_1_106' title='bbox 1029 1780 1189 1849; x_wconf 85' lang='grc' dir='ltr'>χεῖρα</span> <span class='ocrx_word' id='word_1_107' title='bbox 1223 1779 1408 1847; x_wconf 81' lang='grc' dir='ltr'>ὀρέξαι</span> <span class='ocrx_word' id='word_1_108' title='bbox 1441 1780 1585 1834; x_wconf 85' lang='grc' dir='ltr'>κατὰ</span> <span class='ocrx_word' id='word_1_109' title='bbox 1611 1782 1708 1853; x_wconf 83' lang='grc' dir='ltr'>τῆς</span> 
     </span>
    </p>
   </div>
   <div class='ocr_carea' id='block_1_18' title="bbox 91 1864 1705 1943">
    <p class='ocr_par' dir='ltr' id='par_1_18' title="bbox 91 1864 1705 1943">
     <span class='ocr_line' id='line_1_18' title="bbox 91 1864 1705 1943; baseline 0.004 -24"><span class='ocrx_word' id='word_1_110' title='bbox 91 1870 305 1938; x_wconf 77' lang='grc' dir='ltr'>δίκης;</span> <span class='ocrx_word' id='word_1_111' title='bbox 355 1867 495 1921; x_wconf 84' lang='grc' dir='ltr'>Ἀλλ’</span> <span class='ocrx_word' id='word_1_112' title='bbox 526 1867 659 1937; x_wconf 73' lang='grc' dir='ltr'>ἐγὼ,</span> <span class='ocrx_word' id='word_1_113' title='bbox 691 1868 753 1922; x_wconf 82' lang='grc' dir='ltr'>τό</span> <span class='ocrx_word' id='word_1_114' title='bbox 788 1886 851 1939; x_wconf 90' lang='grc' dir='ltr'><strong>γε</strong></span> <span class='ocrx_word' id='word_1_115' title='bbox 897 1871 977 1933; x_wconf 82' lang='grc' dir='ltr'><strong>είς</strong></span> <span class='ocrx_word' id='word_1_116' title='bbox 1008 1870 1109 1941; x_wconf 79' lang='grc' dir='ltr'><strong>ἐμὲ</strong></span> <span class='ocrx_word' id='word_1_117' title='bbox 1152 1864 1306 1943; x_wconf 77' lang='grc' dir='ltr'>ἧκον,</span> <span class='ocrx_word' id='word_1_118' title='bbox 1336 1872 1482 1926; x_wconf 75' lang='grc' dir='ltr'>ἅπαν</span> <span class='ocrx_word' id='word_1_119' title='bbox 1532 1873 1705 1931; x_wconf 75' lang='grc' dir='ltr'>ποιῶο</span> 
     </span>
    </p>
   </div>
   <div class='ocr_carea' id='block_1_19' title="bbox 96 1957 1706 2036">
    <p class='ocr_par' dir='ltr' id='par_1_19' title="bbox 96 1957 1706 2036">
     <span class='ocr_line' id='line_1_19' title="bbox 96 1957 1706 2036; baseline 0.004 -25"><span class='ocrx_word' id='word_1_120' title='bbox 96 1957 343 2030; x_wconf 79' lang='grc' dir='ltr'>εὔχομαι</span> <span class='ocrx_word' id='word_1_121' title='bbox 370 1960 465 2013; x_wconf 77' lang='grc' dir='ltr'>καὶ</span> <span class='ocrx_word' id='word_1_122' title='bbox 501 1960 662 2024; x_wconf 73' lang='grc' dir='ltr'>οἴκοι,</span> <span class='ocrx_word' id='word_1_123' title='bbox 688 1964 781 2014; x_wconf 78' lang='grc' dir='ltr'>καὶ</span> <span class='ocrx_word' id='word_1_124' title='bbox 812 1963 906 2015; x_wconf 76' lang='grc' dir='ltr'><strong>ἐπὶ</strong></span> <span class='ocrx_word' id='word_1_125' title='bbox 947 1962 1057 2015; x_wconf 88' lang='grc' dir='ltr'><strong>τῶν</strong></span> <span class='ocrx_word' id='word_1_126' title='bbox 1104 1963 1299 2016; x_wconf 80' lang='grc' dir='ltr'>κοινῶν</span> <span class='ocrx_word' id='word_1_127' title='bbox 1342 1964 1503 2035; x_wconf 83' lang='grc' dir='ltr'>ἱερῶν</span> <span class='ocrx_word' id='word_1_128' title='bbox 1535 1965 1706 2036; x_wconf 68' lang='lat'><strong>61:59-</strong></span> 
     </span>
    </p>
   </div>
   <div class='ocr_carea' id='block_1_20' title="bbox 97 2053 1710 2128">
    <p class='ocr_par' dir='ltr' id='par_1_20' title="bbox 97 2053 1710 2128">
     <span class='ocr_line' id='line_1_20' title="bbox 97 2053 1710 2128; baseline 0.002 -22"><span class='ocrx_word' id='word_1_129' title='bbox 97 2056 263 2122; x_wconf 76' lang='grc' dir='ltr'>σχεῖν</span> <span class='ocrx_word' id='word_1_130' title='bbox 292 2053 391 2123; x_wconf 82' lang='grc' dir='ltr'>τῆς</span> <span class='ocrx_word' id='word_1_131' title='bbox 419 2053 632 2118; x_wconf 86' lang='grc' dir='ltr'>ἀδικίας</span> <span class='ocrx_word' id='word_1_132' title='bbox 656 2054 753 2124; x_wconf 83' lang='grc' dir='ltr'>τὴν</span> <span class='ocrx_word' id='word_1_133' title='bbox 785 2054 963 2127; x_wconf 85' lang='grc' dir='ltr'>δίκην,</span> <span class='ocrx_word' id='word_1_134' title='bbox 1003 2056 1099 2111; x_wconf 78' lang='grc' dir='ltr'>καὶ</span> <span class='ocrx_word' id='word_1_135' title='bbox 1137 2056 1402 2127; x_wconf 75' lang='grc' dir='ltr'>πονηρίας</span> <span class='ocrx_word' id='word_1_136' title='bbox 1436 2056 1710 2128; x_wconf 74' lang='grc' dir='ltr'>ἐκκαθαρ·</span> 
     </span>
    </p>
   </div>
   <div class='ocr_carea' id='block_1_21' title="bbox 96 2145 1709 2218">
    <p class='ocr_par' dir='ltr' id='par_1_21' title="bbox 96 2145 1709 2218">
     <span class='ocr_line' id='line_1_21' title="bbox 96 2145 1709 2218; baseline 0.005 -23"><span class='ocrx_word' id='word_1_137' title='bbox 96 2145 273 2216; x_wconf 72' lang='grc' dir='ltr'>ϋῆναι</span> <span class='ocrx_word' id='word_1_138' title='bbox 299 2145 399 2217; x_wconf 81' lang='grc' dir='ltr'>τὴν</span> <span class='ocrx_word' id='word_1_139' title='bbox 434 2146 609 2202; x_wconf 81' lang='grc' dir='ltr'>πόλιν.</span> <span class='ocrx_word' id='word_1_140' title='bbox 634 2146 806 2200; x_wconf 80' lang='grc' dir='ltr'>Τοῦτο</span> <span class='ocrx_word' id='word_1_141' title='bbox 826 2147 884 2201; x_wconf 80' lang='grc' dir='ltr'>δὲ</span> <span class='ocrx_word' id='word_1_142' title='bbox 913 2147 1108 2201; x_wconf 75' lang='grc' dir='ltr'>ταυτὸν</span> <span class='ocrx_word' id='word_1_143' title='bbox 1132 2148 1250 2201; x_wconf 76' lang='grc' dir='ltr'>ἐστι</span> <span class='ocrx_word' id='word_1_144' title='bbox 1289 2146 1367 2218; x_wconf 79' lang='grc' dir='ltr'><strong>τῷ</strong></span> <span class='ocrx_word' id='word_1_145' title='bbox 1404 2148 1573 2201; x_wconf 82' lang='grc' dir='ltr'>κακὸν</span> <span class='ocrx_word' id='word_1_146' title='bbox 1611 2166 1709 2203; x_wconf 87' lang='grc' dir='ltr'>κα-</span> 
     </span>
    </p>
   </div>
   <div class='ocr_carea' id='block_1_22' title="bbox 97 2236 1711 2312">
    <p class='ocr_par' dir='ltr' id='par_1_22' title="bbox 97 2236 1711 2312">
     <span class='ocr_line' id='line_1_22' title="bbox 97 2236 1711 2312; baseline 0.002 -23"><span class='ocrx_word' id='word_1_147' title='bbox 97 2236 223 2299; x_wconf 85' lang='grc' dir='ltr'><strong>κῶς</strong></span> <span class='ocrx_word' id='word_1_148' title='bbox 254 2236 593 2292; x_wconf 80' lang='grc' dir='ltr'><strong>ἀπολωλέναι</strong></span> <span class='ocrx_word' id='word_1_149' title='bbox 617 2238 712 2292; x_wconf 80' lang='grc' dir='ltr'>καὶ</span> <span class='ocrx_word' id='word_1_150' title='bbox 752 2239 833 2301; x_wconf 82' lang='grc' dir='ltr'>σὲ,</span> <span class='ocrx_word' id='word_1_151' title='bbox 876 2240 972 2293; x_wconf 77' lang='grc' dir='ltr'>καὶ</span> <span class='ocrx_word' id='word_1_152' title='bbox 1014 2239 1173 2293; x_wconf 79' lang='grc' dir='ltr'>ἄλλον</span> <span class='ocrx_word' id='word_1_153' title='bbox 1214 2240 1363 2303; x_wconf 83' lang='grc' dir='ltr'>ὅστις</span> <span class='ocrx_word' id='word_1_154' title='bbox 1404 2256 1487 2293; x_wconf 93' lang='grc' dir='ltr'><strong>σοι</strong></span> <span class='ocrx_word' id='word_1_155' title='bbox 1534 2256 1711 2312; x_wconf 80' lang='grc' dir='ltr'>παρα-</span> 
     </span>
    </p>
   </div>
   <div class='ocr_carea' id='block_1_23' title="bbox 96 2328 1711 2405">
    <p class='ocr_par' dir='ltr' id='par_1_23' title="bbox 96 2328 1711 2405">
     <span class='ocr_line' id='line_1_23' title="bbox 96 2328 1711 2405; baseline 0.002 -25"><span class='ocrx_word' id='word_1_156' title='bbox 96 2328 361 2396; x_wconf 78' lang='grc' dir='ltr'>πλήσιος.</span> <span class='ocrx_word' id='word_1_157' title='bbox 392 2329 653 2401; x_wconf 85' lang='grc' dir='ltr'>Ἔστωδὴ</span> <span class='ocrx_word' id='word_1_158' title='bbox 683 2347 765 2383; x_wconf 89' lang='grc' dir='ltr'><strong>σοι</strong></span> <span class='ocrx_word' id='word_1_159' title='bbox 801 2330 960 2384; x_wconf 83' lang='grc' dir='ltr'>τοῦτο</span> <span class='ocrx_word' id='word_1_160' title='bbox 991 2333 1309 2405; x_wconf 79' lang='grc' dir='ltr'>τεκμήριον,</span> <span class='ocrx_word' id='word_1_161' title='bbox 1344 2331 1427 2395; x_wconf 91' lang='grc' dir='ltr'><strong>τίς</strong></span> <span class='ocrx_word' id='word_1_162' title='bbox 1479 2330 1545 2391; x_wconf 84' lang='grc' dir='ltr'>ἂν</span> <span class='ocrx_word' id='word_1_163' title='bbox 1590 2333 1711 2400; x_wconf 68' lang='grc' dir='ltr'>ἐγε-</span> 
     </span>
    </p>
   </div>
   <div class='ocr_carea' id='block_1_24' title="bbox 95 2418 1709 2493">
    <p class='ocr_par' dir='ltr' id='par_1_24' title="bbox 95 2418 1709 2493">
     <span class='ocr_line' id='line_1_24' title="bbox 95 2418 1709 2493; baseline 0.004 -24"><span class='ocrx_word' id='word_1_164' title='bbox 95 2420 306 2488; x_wconf 69' lang='grc' dir='ltr'>νόμην,</span> <span class='ocrx_word' id='word_1_165' title='bbox 347 2418 468 2485; x_wconf 78' lang='grc' dir='ltr'>ἐξόν</span> <span class='ocrx_word' id='word_1_166' title='bbox 505 2438 560 2476; x_wconf 89' lang='grc' dir='ltr'><strong>τι</strong></span> <span class='ocrx_word' id='word_1_167' title='bbox 607 2424 813 2486; x_wconf 76' lang='grc' dir='ltr'>ποιεῖν,</span> <span class='ocrx_word' id='word_1_168' title='bbox 854 2421 935 2487; x_wconf 82' lang='grc' dir='ltr'>ὃς,</span> <span class='ocrx_word' id='word_1_169' title='bbox 963 2421 1150 2493; x_wconf 75' lang='grc' dir='ltr'>ἐπειδὴ</span> <span class='ocrx_word' id='word_1_170' title='bbox 1195 2422 1294 2476; x_wconf 79' lang='grc' dir='ltr'>οὐκ</span> <span class='ocrx_word' id='word_1_171' title='bbox 1335 2422 1533 2490; x_wconf 77' lang='grc' dir='ltr'>ἔξεστι,</span> <span class='ocrx_word' id='word_1_172' title='bbox 1576 2439 1709 2484; x_wconf 76' lang='grc' dir='ltr'>κατ-</span> 
     </span>
    </p>
   </div>
   <div class='ocr_carea' id='block_1_25' title="bbox 96 2530 357 2587">
    <p class='ocr_par' dir='ltr' id='par_1_25' title="bbox 96 2530 357 2587">
     <span class='ocr_line' id='line_1_25' title="bbox 96 2530 357 2587; baseline 0.004 -20"><span class='ocrx_word' id='word_1_173' title='bbox 96 2530 357 2587; x_wconf 80' lang='grc' dir='ltr'>αρωμαι.</span> 
     </span>
    </p>
   </div>
   <div class='ocr_carea' id='block_1_26' title="bbox 625 2778 1193 2833">
    <p class='ocr_par' dir='ltr' id='par_1_26' title="bbox 625 2778 1193 2833">
     <span class='ocr_line' id='line_1_26' title="bbox 625 2778 1193 2833; baseline -0.004 0"><span class='ocrx_word' id='word_1_174' title='bbox 625 2779 969 2833; x_wconf 74' lang='grc' dir='ltr'><strong>ΕΠΙΣΤΟΔΠ</strong></span> <span class='ocrx_word' id='word_1_175' title='bbox 1016 2780 1106 2832; x_wconf 83' lang='lat' dir='ltr'><strong>PK</strong></span> <span class='ocrx_word' id='word_1_176' title='bbox 1117 2778 1193 2831; x_wconf 86' lang='lat' dir='ltr'><strong>B’.</strong></span> 
     </span>
    </p>
   </div>
   <div class='ocr_carea' id='block_1_27' title="bbox 728 2869 1103 2939">
    <p class='ocr_par' dir='ltr' id='par_1_27' title="bbox 728 2869 1103 2939">
     <span class='ocr_line' id='line_1_27' title="bbox 728 2869 1103 2939; baseline 0 -14"><span class='ocrx_word' id='word_1_177' title='bbox 728 2870 812 2937; x_wconf 83' lang='grc' dir='ltr'><strong>Τῷ</strong></span> <span class='ocrx_word' id='word_1_178' title='bbox 841 2869 1103 2939; x_wconf 70' lang='grc' dir='ltr'>ἀδελφῷ.</span> 
     </span>
    </p>
   </div>
   <div class='ocr_carea' id='block_1_28' title="bbox 182 2961 1715 3035">
    <p class='ocr_par' dir='ltr' id='par_1_28' title="bbox 182 2961 1715 3035">
     <span class='ocr_line' id='line_1_28' title="bbox 182 2961 1715 3035; baseline 0 -19"><span class='ocrx_word' id='word_1_179' title='bbox 182 2961 368 3017; x_wconf 79' lang='grc' dir='ltr'>Πολλὰ</span> <span class='ocrx_word' id='word_1_180' title='bbox 412 2962 629 3032; x_wconf 77' lang='grc' dir='ltr'>κάγαθὰ</span> <span class='ocrx_word' id='word_1_181' title='bbox 670 2963 881 3031; x_wconf 83' lang='grc' dir='ltr'>γένοιτο</span> <span class='ocrx_word' id='word_1_182' title='bbox 923 2966 1036 3027; x_wconf 81' lang='grc' dir='ltr'>τοῖς</span> <span class='ocrx_word' id='word_1_183' title='bbox 1083 2966 1320 3035; x_wconf 85' lang='grc' dir='ltr'>ίερευσιν</span> <span class='ocrx_word' id='word_1_184' title='bbox 1364 2961 1715 3033; x_wconf 78' lang='grc' dir='ltr'>Δύξουμιτῶν</span> 
     </span>
    </p>
   </div>
   <div class='ocr_carea' id='block_1_29' title="bbox 100 3054 1714 3128">
    <p class='ocr_par' dir='ltr' id='par_1_29' title="bbox 100 3054 1714 3128">
     <span class='ocr_line' id='line_1_29' title="bbox 100 3054 1714 3128; baseline -0.004 -16"><span class='ocrx_word' id='word_1_185' title='bbox 100 3056 231 3126; x_wconf 63' lang='grc' dir='ltr'>[χρ.</span> <span class='ocrx_word' id='word_1_186' title='bbox 254 3054 595 3128; x_wconf 73' lang='grc' dir='ltr'>Αὐξιδιτῶν],</span> <span class='ocrx_word' id='word_1_187' title='bbox 616 3055 667 3109; x_wconf 78' lang='grc' dir='ltr'>οἳ</span> <span class='ocrx_word' id='word_1_188' title='bbox 691 3055 800 3109; x_wconf 88' lang='grc' dir='ltr'><strong>τῶν</strong></span> <span class='ocrx_word' id='word_1_189' title='bbox 824 3056 1167 3127; x_wconf 82' lang='grc' dir='ltr'><strong>στρατιωτῶν</strong></span> <span class='ocrx_word' id='word_1_190' title='bbox 1192 3055 1630 3111; x_wconf 74' lang='grc' dir='ltr'>καταδεδυκότων</span> <span class='ocrx_word' id='word_1_191' title='bbox 1655 3056 1714 3106; x_wconf 83' lang='grc' dir='ltr'>ὲν</span> 
     </span>
    </p>
   </div>
   <div class='ocr_carea' id='block_1_30' title="bbox 1798 580 3392 659">
    <p class='ocr_par' dir='ltr' id='par_1_30' title="bbox 1798 580 3392 659">
     <span class='ocr_line' id='line_1_30' title="bbox 1798 580 3392 659; baseline -0.004 -21"><span class='ocrx_word' id='word_1_192' title='bbox 1798 586 1981 639; x_wconf 90' lang='lat' dir='ltr'><strong>minus</strong></span> <span class='ocrx_word' id='word_1_193' title='bbox 2035 599 2199 653; x_wconf 83' lang='lat' dir='ltr'><strong>quant</strong></span> <span class='ocrx_word' id='word_1_194' title='bbox 2269 583 2515 640; x_wconf 74' lang='lat' dir='ltr'><strong>lustralis</strong></span> <span class='ocrx_word' id='word_1_195' title='bbox 2562 598 2739 654; x_wconf 88' lang='lat' dir='ltr'><strong>aqua,</strong></span> <span class='ocrx_word' id='word_1_196' title='bbox 2796 598 2919 653; x_wconf 74' lang='lat' dir='ltr'><strong>quze</strong></span> <span class='ocrx_word' id='word_1_197' title='bbox 2965 582 3021 637; x_wconf 92' lang='lat' dir='ltr'><strong>in</strong></span> <span class='ocrx_word' id='word_1_198' title='bbox 3064 580 3392 659; x_wconf 88' lang='lat' dir='ltr'><strong>templorum</strong></span> 
     </span>
    </p>
   </div>
   <div class='ocr_carea' id='block_1_31' title="bbox 1797 674 3156 746">
    <p class='ocr_par' dir='ltr' id='par_1_31' title="bbox 1797 674 3156 746">
     <span class='ocr_line' id='line_1_31' title="bbox 1797 674 3156 746; baseline 0 -16"><span class='ocrx_word' id='word_1_199' title='bbox 1797 676 2088 731; x_wconf 78' lang='lat' dir='ltr'><strong>vestibulis</strong></span> <span class='ocrx_word' id='word_1_200' title='bbox 2116 675 2444 740; x_wconf 73' lang='lat' dir='ltr'><strong>collocatur,</strong></span> <span class='ocrx_word' id='word_1_201' title='bbox 2477 676 2717 732; x_wconf 73' lang='lat' dir='ltr'><strong>civitatis</strong></span> <span class='ocrx_word' id='word_1_202' title='bbox 2745 684 2830 732; x_wconf 87' lang='lat' dir='ltr'><strong>est</strong></span> <span class='ocrx_word' id='word_1_203' title='bbox 2854 674 3156 746; x_wconf 85' lang='lat' dir='ltr'><strong>piaculum.</strong></span> 
     </span>
    </p>
   </div>
   <div class='ocr_carea' id='block_1_32' title="bbox 1878 809 3391 883">
    <p class='ocr_par' dir='ltr' id='par_1_32' title="bbox 1878 809 3391 883">
     <span class='ocr_line' id='line_1_32' title="bbox 1878 809 3391 883; baseline 0 -20"><span class='ocrx_word' id='word_1_204' title='bbox 1878 809 1971 863; x_wconf 83' lang='lat' dir='ltr'><strong>Sic</strong></span> <span class='ocrx_word' id='word_1_205' title='bbox 2001 821 2231 863; x_wconf 71' lang='lat' dir='ltr'><strong>veterum</strong></span> <span class='ocrx_word' id='word_1_206' title='bbox 2281 809 2439 865; x_wconf 77' lang='lat' dir='ltr'><strong>decus</strong></span> <span class='ocrx_word' id='word_1_207' title='bbox 2472 811 2725 865; x_wconf 76' lang='lat' dir='ltr'><strong>audimus</strong></span> <span class='ocrx_word' id='word_1_208' title='bbox 2753 851 2768 877; x_wconf 92' lang='lat'><strong>,</strong></span> <span class='ocrx_word' id='word_1_209' title='bbox 2804 811 3109 883; x_wconf 73' lang='lat' dir='ltr'><strong>[artiumque</strong></span> <span class='ocrx_word' id='word_1_210' title='bbox 3137 811 3391 867; x_wconf 76' lang='lat' dir='ltr'><strong>virorum.</strong></span> 
     </span>
    </p>
   </div>
   <div class='ocr_carea' id='block_1_33' title="bbox 1798 944 3390 1019">
    <p class='ocr_par' dir='ltr' id='par_1_33' title="bbox 1798 944 3390 1019">
     <span class='ocr_line' id='line_1_33' title="bbox 1798 944 3390 1019; baseline 0.001 -20"><span class='ocrx_word' id='word_1_211' title='bbox 1798 945 1960 999; x_wconf 82' lang='lat' dir='ltr'><strong>Hunc</strong></span> <span class='ocrx_word' id='word_1_212' title='bbox 2007 947 2063 1000; x_wconf 90' lang='lat' dir='ltr'><strong>in</strong></span> <span class='ocrx_word' id='word_1_213' title='bbox 2122 944 2345 1001; x_wconf 88' lang='lat' dir='ltr'><strong>modum</strong></span> <span class='ocrx_word' id='word_1_214' title='bbox 2399 946 2762 1012; x_wconf 77' lang='lat' dir='ltr'><strong>factitabant,</strong></span> <span class='ocrx_word' id='word_1_215' title='bbox 2790 947 2974 1018; x_wconf 84' lang='lat' dir='ltr'><strong>quoad</strong></span> <span class='ocrx_word' id='word_1_216' title='bbox 3013 946 3279 1019; x_wconf 83' lang='lat' dir='ltr'><strong>Optimum</strong></span> <span class='ocrx_word' id='word_1_217' title='bbox 3309 947 3390 1001; x_wconf 77' lang='lat' dir='ltr'><strong>vi-</strong></span> 
     </span>
    </p>
   </div>
   <div class='ocr_carea' id='block_1_34' title="bbox 1800 1037 3391 1110">
    <p class='ocr_par' dir='ltr' id='par_1_34' title="bbox 1800 1037 3391 1110">
     <span class='ocr_line' id='line_1_34' title="bbox 1800 1037 3391 1110; baseline -0.003 -15"><span class='ocrx_word' id='word_1_218' title='bbox 1800 1041 2054 1106; x_wconf 85' lang='lat' dir='ltr'><strong>debatur,</strong></span> <span class='ocrx_word' id='word_1_219' title='bbox 2100 1040 2355 1096; x_wconf 89' lang='lat' dir='ltr'><strong>eumdem</strong></span> <span class='ocrx_word' id='word_1_220' title='bbox 2410 1054 2511 1110; x_wconf 88' lang='lat' dir='ltr'><strong>pro</strong></span> <span class='ocrx_word' id='word_1_221' title='bbox 2552 1041 2829 1095; x_wconf 86' lang='lat' dir='ltr'><strong>communi</strong></span> <span class='ocrx_word' id='word_1_222' title='bbox 2865 1040 3011 1094; x_wconf 90' lang='lat' dir='ltr'><strong>bono</strong></span> <span class='ocrx_word' id='word_1_223' title='bbox 3033 1048 3157 1093; x_wconf 86' lang='lat' dir='ltr'><strong>vota</strong></span> <span class='ocrx_word' id='word_1_224' title='bbox 3186 1037 3391 1102; x_wconf 78' lang='lat' dir='ltr'><strong>facere,</strong></span> 
     </span>
    </p>
   </div>
   <div class='ocr_carea' id='block_1_35' title="bbox 1803 1126 3389 1203">
    <p class='ocr_par' dir='ltr' id='par_1_35' title="bbox 1803 1126 3389 1203">
     <span class='ocr_line' id='line_1_35' title="bbox 1803 1126 3389 1203; baseline -0.005 -15"><span class='ocrx_word' id='word_1_225' title='bbox 1803 1132 1970 1203; x_wconf 82' lang='lat' dir='ltr'><strong>idque</strong></span> <span class='ocrx_word' id='word_1_226' title='bbox 2006 1132 2183 1203; x_wconf 91' lang='lat' dir='ltr'><strong>ipsum</strong></span> <span class='ocrx_word' id='word_1_227' title='bbox 2218 1132 2299 1186; x_wconf 90' lang='lat' dir='ltr'><strong>uti</strong></span> <span class='ocrx_word' id='word_1_228' title='bbox 2329 1132 2675 1201; x_wconf 88' lang='lat' dir='ltr'><strong>contingeret</strong></span> <span class='ocrx_word' id='word_1_229' title='bbox 2708 1144 2931 1200; x_wconf 86' lang='lat' dir='ltr'><strong>operam</strong></span> <span class='ocrx_word' id='word_1_230' title='bbox 2974 1128 3132 1185; x_wconf 90' lang='lat' dir='ltr'><strong>dare.</strong></span> <span class='ocrx_word' id='word_1_231' title='bbox 3170 1126 3305 1182; x_wconf 88' lang='lat' dir='ltr'><strong>Nam</strong></span> <span class='ocrx_word' id='word_1_232' title='bbox 3339 1139 3389 1181; x_wconf 89' lang='lat' dir='ltr'><strong>et</strong></span> 
     </span>
    </p>
   </div>
   <div class='ocr_carea' id='block_1_36' title="bbox 1799 1220 3396 1294">
    <p class='ocr_par' dir='ltr' id='par_1_36' title="bbox 1799 1220 3396 1294">
     <span class='ocr_line' id='line_1_36' title="bbox 1799 1220 3396 1294; baseline -0.004 -15"><span class='ocrx_word' id='word_1_233' title='bbox 1799 1222 2087 1294; x_wconf 69' lang='lat' dir='ltr'><strong>Aigyptii,</strong></span> <span class='ocrx_word' id='word_1_234' title='bbox 2148 1232 2203 1279; x_wconf 90' lang='lat' dir='ltr'><strong>et</strong></span> <span class='ocrx_word' id='word_1_235' title='bbox 2254 1220 2613 1279; x_wconf 69' lang='lat' dir='ltr'><strong>Hebraeorum</strong></span> <span class='ocrx_word' id='word_1_236' title='bbox 2653 1237 2862 1292; x_wconf 86' lang='lat' dir='ltr'><strong>genus,</strong></span> <span class='ocrx_word' id='word_1_237' title='bbox 2924 1222 3090 1292; x_wconf 86' lang='lat' dir='ltr'><strong>longo</strong></span> <span class='ocrx_word' id='word_1_238' title='bbox 3150 1229 3396 1290; x_wconf 81' lang='lat' dir='ltr'><strong>tempore</strong></span> 
     </span>
    </p>
   </div>
   <div class='ocr_carea' id='block_1_37' title="bbox 1804 1311 3391 1385">
    <p class='ocr_par' dir='ltr' id='par_1_37' title="bbox 1804 1311 3391 1385">
     <span class='ocr_line' id='line_1_37' title="bbox 1804 1311 3391 1385; baseline -0.004 -15"><span class='ocrx_word' id='word_1_239' title='bbox 1804 1314 2157 1371; x_wconf 84' lang='lat' dir='ltr'><strong>sacerdotum</strong></span> <span class='ocrx_word' id='word_1_240' title='bbox 2215 1315 2447 1385; x_wconf 88' lang='lat' dir='ltr'><strong>imperio</strong></span> <span class='ocrx_word' id='word_1_241' title='bbox 2494 1314 2581 1370; x_wconf 92' lang='lat' dir='ltr'><strong>usi</strong></span> <span class='ocrx_word' id='word_1_242' title='bbox 2643 1323 2791 1368; x_wconf 89' lang='lat' dir='ltr'><strong>sunt.</strong></span> <span class='ocrx_word' id='word_1_243' title='bbox 2864 1311 2973 1369; x_wconf 88' lang='lat' dir='ltr'><strong>Sed</strong></span> <span class='ocrx_word' id='word_1_244' title='bbox 3031 1321 3391 1384; x_wconf 73' lang='lat' dir='ltr'><strong>posteaquam</strong></span> 
     </span>
    </p>
   </div>
   <div class='ocr_carea' id='block_1_38' title="bbox 1807 1401 3391 1479">
    <p class='ocr_par' dir='ltr' id='par_1_38' title="bbox 1807 1401 3391 1479">
     <span class='ocr_line' id='line_1_38' title="bbox 1807 1401 3391 1479; baseline -0.005 -17"><span class='ocrx_word' id='word_1_245' title='bbox 1807 1409 2096 1479; x_wconf 86' lang='lat' dir='ltr'><strong>utriusque</strong></span> <span class='ocrx_word' id='word_1_246' title='bbox 2121 1408 2244 1463; x_wconf 75' lang='lat' dir='ltr'><strong>vita:</strong></span> <span class='ocrx_word' id='word_1_247' title='bbox 2276 1407 2481 1463; x_wconf 76' lang='lat' dir='ltr'><strong>factum</strong></span> <span class='ocrx_word' id='word_1_248' title='bbox 2505 1414 2591 1463; x_wconf 88' lang='lat' dir='ltr'><strong>est</strong></span> <span class='ocrx_word' id='word_1_249' title='bbox 2618 1405 2914 1461; x_wconf 84' lang='lat' dir='ltr'><strong>divortium</strong></span> <span class='ocrx_word' id='word_1_250' title='bbox 2937 1444 2955 1468; x_wconf 95' lang='lat'><strong>,</strong></span> <span class='ocrx_word' id='word_1_251' title='bbox 2981 1415 3036 1460; x_wconf 90' lang='lat' dir='ltr'><strong>et</strong></span> <span class='ocrx_word' id='word_1_252' title='bbox 3065 1404 3171 1461; x_wconf 83' lang='lat' dir='ltr'><strong>alia</strong></span> <span class='ocrx_word' id='word_1_253' title='bbox 3197 1401 3391 1463; x_wconf 82' lang='lat' dir='ltr'><strong>sacris,</strong></span> 
     </span>
    </p>
   </div>
   <div class='ocr_carea' id='block_1_39' title="bbox 1806 1491 3398 1571">
    <p class='ocr_par' dir='ltr' id='par_1_39' title="bbox 1806 1491 3398 1571">
     <span class='ocr_line' id='line_1_39' title="bbox 1806 1491 3398 1571; baseline -0.007 -18"><span class='ocrx_word' id='word_1_254' title='bbox 1806 1500 1915 1554; x_wconf 86' lang='lat' dir='ltr'><strong>alia</strong></span> <span class='ocrx_word' id='word_1_255' title='bbox 1973 1500 2305 1571; x_wconf 91' lang='lat' dir='ltr'><strong>principatui</strong></span> <span class='ocrx_word' id='word_1_256' title='bbox 2364 1506 2454 1555; x_wconf 88' lang='lat' dir='ltr'><strong>est</strong></span> <span class='ocrx_word' id='word_1_257' title='bbox 2512 1498 2827 1564; x_wconf 84' lang='lat' dir='ltr'><strong>attributa;</strong></span> <span class='ocrx_word' id='word_1_258' title='bbox 2890 1495 3096 1566; x_wconf 88' lang='lat' dir='ltr'><strong>aliique</strong></span> <span class='ocrx_word' id='word_1_259' title='bbox 3158 1491 3398 1563; x_wconf 84' lang='lat' dir='ltr'><strong>negotiis</strong></span> 
     </span>
    </p>
   </div>
   <div class='ocr_carea' id='block_1_40' title="bbox 1807 1587 3395 1666">
    <p class='ocr_par' dir='ltr' id='par_1_40' title="bbox 1807 1587 3395 1666">
     <span class='ocr_line' id='line_1_40' title="bbox 1807 1587 3395 1666; baseline -0.006 -19"><span class='ocrx_word' id='word_1_260' title='bbox 1807 1594 2086 1666; x_wconf 90' lang='lat' dir='ltr'><strong>gerendis,</strong></span> <span class='ocrx_word' id='word_1_261' title='bbox 2120 1610 2223 1648; x_wconf 89' lang='lat' dir='ltr'><strong>nos</strong></span> <span class='ocrx_word' id='word_1_262' title='bbox 2255 1592 2552 1647; x_wconf 75' lang='lat' dir='ltr'><strong>fundendis</strong></span> <span class='ocrx_word' id='word_1_263' title='bbox 2580 1590 2839 1663; x_wconf 84' lang='lat' dir='ltr'><strong>precibus</strong></span> <span class='ocrx_word' id='word_1_264' title='bbox 2868 1587 3144 1659; x_wconf 69' lang='lat' dir='ltr'><strong>praepositi</strong></span> <span class='ocrx_word' id='word_1_265' title='bbox 3178 1599 3395 1645; x_wconf 80' lang='lat' dir='ltr'><strong>sumus,</strong></span> 
     </span>
    </p>
   </div>
   <div class='ocr_carea' id='block_1_41' title="bbox 1808 1679 3399 1756">
    <p class='ocr_par' dir='ltr' id='par_1_41' title="bbox 1808 1679 3399 1756">
     <span class='ocr_line' id='line_1_41' title="bbox 1808 1679 3399 1756; baseline -0.005 -17"><span class='ocrx_word' id='word_1_266' title='bbox 1808 1685 2012 1756; x_wconf 91' lang='lat' dir='ltr'><strong>quibus</strong></span> <span class='ocrx_word' id='word_1_267' title='bbox 2043 1686 2126 1740; x_wconf 72' lang='lat' dir='ltr'><strong>lex</strong></span> <span class='ocrx_word' id='word_1_268' title='bbox 2157 1693 2304 1740; x_wconf 84' lang='lat' dir='ltr'><strong>vetat</strong></span> <span class='ocrx_word' id='word_1_269' title='bbox 2355 1699 2577 1740; x_wconf 87' lang='lat' dir='ltr'><strong>manum</strong></span> <span class='ocrx_word' id='word_1_270' title='bbox 2631 1691 2892 1755; x_wconf 74' lang='lat' dir='ltr'><strong>praestare</strong></span> <span class='ocrx_word' id='word_1_271' title='bbox 2925 1680 3175 1752; x_wconf 74' lang='lat' dir='ltr'><strong>legibus,</strong></span> <span class='ocrx_word' id='word_1_272' title='bbox 3218 1686 3272 1733; x_wconf 88' lang='lat' dir='ltr'><strong>et</strong></span> <span class='ocrx_word' id='word_1_273' title='bbox 3312 1679 3399 1736; x_wconf 75' lang='lat' dir='ltr'><strong>vel</strong></span> 
     </span>
    </p>
   </div>
   <div class='ocr_carea' id='block_1_42' title="bbox 1810 1770 3400 1845">
    <p class='ocr_par' dir='ltr' id='par_1_42' title="bbox 1810 1770 3400 1845">
     <span class='ocr_line' id='line_1_42' title="bbox 1810 1770 3400 1845; baseline -0.006 -11"><span class='ocrx_word' id='word_1_274' title='bbox 1810 1779 2297 1834; x_wconf 83' lang='lat' dir='ltr'><strong>sceleratissimum</strong></span> <span class='ocrx_word' id='word_1_275' title='bbox 2344 1777 2655 1832; x_wconf 78' lang='lat' dir='ltr'><strong>interﬁcere</strong></span> <span class='ocrx_word' id='word_1_276' title='bbox 2689 1793 2703 1830; x_wconf 89' lang='lat'><strong>:</strong></span> <span class='ocrx_word' id='word_1_277' title='bbox 2740 1789 2985 1845; x_wconf 82' lang='lat' dir='ltr'><strong>quonam</strong></span> <span class='ocrx_word' id='word_1_278' title='bbox 3039 1770 3204 1827; x_wconf 88' lang='lat' dir='ltr'><strong>modo</strong></span> <span class='ocrx_word' id='word_1_279' title='bbox 3242 1771 3400 1840; x_wconf 80' lang='lat' dir='ltr'><strong>quis-</strong></span> 
     </span>
    </p>
   </div>
   <div class='ocr_carea' id='block_1_43' title="bbox 1810 1863 3399 1944">
    <p class='ocr_par' dir='ltr' id='par_1_43' title="bbox 1810 1863 3399 1944">
     <span class='ocr_line' id='line_1_43' title="bbox 1810 1863 3399 1944; baseline -0.006 -19"><span class='ocrx_word' id='word_1_280' title='bbox 1810 1889 1975 1944; x_wconf 83' lang='lat' dir='ltr'><strong>quam</strong></span> <span class='ocrx_word' id='word_1_281' title='bbox 2032 1872 2100 1926; x_wconf 91' lang='lat' dir='ltr'><strong>iis</strong></span> <span class='ocrx_word' id='word_1_282' title='bbox 2137 1871 2516 1934; x_wconf 85' lang='lat' dir='ltr'><strong>concesserit,</strong></span> <span class='ocrx_word' id='word_1_283' title='bbox 2560 1883 2783 1924; x_wconf 89' lang='lat' dir='ltr'><strong>manum</strong></span> <span class='ocrx_word' id='word_1_284' title='bbox 2837 1865 3049 1921; x_wconf 80' lang='lat' dir='ltr'><strong>homini</strong></span> <span class='ocrx_word' id='word_1_285' title='bbox 3104 1863 3399 1920; x_wconf 81' lang='lat' dir='ltr'><strong>veteratori</strong></span> 
     </span>
    </p>
   </div>
   <div class='ocr_carea' id='block_1_44' title="bbox 1810 1959 3399 2034">
    <p class='ocr_par' dir='ltr' id='par_1_44' title="bbox 1810 1959 3399 2034">
     <span class='ocr_line' id='line_1_44' title="bbox 1810 1959 3399 2034; baseline -0.005 -15"><span class='ocrx_word' id='word_1_286' title='bbox 1810 1972 2005 2019; x_wconf 80' lang='lat' dir='ltr'><strong>contra</strong></span> <span class='ocrx_word' id='word_1_287' title='bbox 2031 1964 2156 2033; x_wconf 86' lang='lat' dir='ltr'><strong>jura</strong></span> <span class='ocrx_word' id='word_1_288' title='bbox 2189 1963 2507 2034; x_wconf 81' lang='lat' dir='ltr'><strong>porrigere?</strong></span> <span class='ocrx_word' id='word_1_289' title='bbox 2536 1964 2608 2019; x_wconf 80' lang='lat' dir='ltr'><strong>At</strong></span> <span class='ocrx_word' id='word_1_290' title='bbox 2631 1977 2732 2033; x_wconf 85' lang='lat' dir='ltr'><strong>ego</strong></span> <span class='ocrx_word' id='word_1_291' title='bbox 2760 1968 3027 2032; x_wconf 82' lang='lat' dir='ltr'><strong>quantum</strong></span> <span class='ocrx_word' id='word_1_292' title='bbox 3075 1959 3131 2012; x_wconf 92' lang='lat' dir='ltr'><strong>in</strong></span> <span class='ocrx_word' id='word_1_293' title='bbox 3166 1973 3253 2013; x_wconf 91' lang='lat' dir='ltr'><strong>me</strong></span> <span class='ocrx_word' id='word_1_294' title='bbox 3287 1965 3399 2021; x_wconf 86' lang='lat' dir='ltr'><strong>est,</strong></span> 
     </span>
    </p>
   </div>
   <div class='ocr_carea' id='block_1_45' title="bbox 1810 2049 3403 2127">
    <p class='ocr_par' dir='ltr' id='par_1_45' title="bbox 1810 2049 3403 2127">
     <span class='ocr_line' id='line_1_45' title="bbox 1810 2049 3403 2127; baseline -0.007 -15"><span class='ocrx_word' id='word_1_295' title='bbox 1810 2074 2029 2112; x_wconf 87' lang='lat' dir='ltr'><strong>onmem</strong></span> <span class='ocrx_word' id='word_1_296' title='bbox 2060 2056 2297 2127; x_wconf 89' lang='lat' dir='ltr'><strong>lapidem</strong></span> <span class='ocrx_word' id='word_1_297' title='bbox 2327 2070 2543 2117; x_wconf 85' lang='lat' dir='ltr'><strong>moveo,</strong></span> <span class='ocrx_word' id='word_1_298' title='bbox 2578 2052 2746 2124; x_wconf 83' lang='lat' dir='ltr'><strong>idque</strong></span> <span class='ocrx_word' id='word_1_299' title='bbox 2774 2063 2822 2107; x_wconf 89' lang='lat' dir='ltr'><strong>et</strong></span> <span class='ocrx_word' id='word_1_300' title='bbox 2851 2049 3131 2121; x_wconf 89' lang='lat' dir='ltr'><strong>privatim,</strong></span> <span class='ocrx_word' id='word_1_301' title='bbox 3165 2056 3220 2103; x_wconf 90' lang='lat' dir='ltr'><strong>et</strong></span> <span class='ocrx_word' id='word_1_302' title='bbox 3248 2062 3403 2102; x_wconf 81' lang='lat' dir='ltr'><strong>com-</strong></span> 
     </span>
    </p>
   </div>
   <div class='ocr_carea' id='block_1_46' title="bbox 1811 2138 3405 2214">
    <p class='ocr_par' dir='ltr' id='par_1_46' title="bbox 1811 2138 3405 2214">
     <span class='ocr_line' id='line_1_46' title="bbox 1811 2138 3405 2214; baseline -0.008 -11"><span class='ocrx_word' id='word_1_303' title='bbox 1811 2148 2070 2203; x_wconf 92' lang='lat' dir='ltr'><strong>munibus</strong></span> <span class='ocrx_word' id='word_1_304' title='bbox 2114 2146 2167 2201; x_wconf 91' lang='lat' dir='ltr'><strong>in</strong></span> <span class='ocrx_word' id='word_1_305' title='bbox 2199 2146 2377 2202; x_wconf 89' lang='lat' dir='ltr'><strong>sacris</strong></span> <span class='ocrx_word' id='word_1_306' title='bbox 2416 2160 2549 2209; x_wconf 89' lang='lat' dir='ltr'><strong>oro,</strong></span> <span class='ocrx_word' id='word_1_307' title='bbox 2588 2153 2651 2199; x_wconf 91' lang='lat' dir='ltr'><strong>ut</strong></span> <span class='ocrx_word' id='word_1_308' title='bbox 2694 2142 2972 2214; x_wconf 87' lang='lat' dir='ltr'><strong>injustitia</strong></span> <span class='ocrx_word' id='word_1_309' title='bbox 3013 2141 3270 2210; x_wconf 84' lang='lat' dir='ltr'><strong>superior</strong></span> <span class='ocrx_word' id='word_1_310' title='bbox 3309 2138 3405 2205; x_wconf 75' lang='lat' dir='ltr'><strong>ju-</strong></span> 
     </span>
    </p>
   </div>
   <div class='ocr_carea' id='block_1_47' title="bbox 1811 2232 3398 2305">
    <p class='ocr_par' dir='ltr' id='par_1_47' title="bbox 1811 2232 3398 2305">
     <span class='ocr_line' id='line_1_47' title="bbox 1811 2232 3398 2305; baseline -0.008 -12"><span class='ocrx_word' id='word_1_311' title='bbox 1811 2238 1962 2293; x_wconf 88' lang='lat' dir='ltr'><strong>stitia</strong></span> <span class='ocrx_word' id='word_1_312' title='bbox 1997 2238 2110 2302; x_wconf 89' lang='lat' dir='ltr'><strong>sit,</strong></span> <span class='ocrx_word' id='word_1_313' title='bbox 2142 2245 2197 2293; x_wconf 90' lang='lat' dir='ltr'><strong>et</strong></span> <span class='ocrx_word' id='word_1_314' title='bbox 2234 2237 2433 2293; x_wconf 82' lang='lat' dir='ltr'><strong>civitas</strong></span> <span class='ocrx_word' id='word_1_315' title='bbox 2465 2236 2537 2292; x_wconf 88' lang='lat' dir='ltr'><strong>ab</strong></span> <span class='ocrx_word' id='word_1_316' title='bbox 2575 2235 2729 2291; x_wconf 88' lang='lat' dir='ltr'><strong>omni</strong></span> <span class='ocrx_word' id='word_1_317' title='bbox 2775 2232 3019 2305; x_wconf 88' lang='lat' dir='ltr'><strong>nequitia</strong></span> <span class='ocrx_word' id='word_1_318' title='bbox 3045 2236 3398 2301; x_wconf 67' lang='lat' dir='ltr'><strong>repurgetur.</strong></span> 
     </span>
    </p>
   </div>
   <div class='ocr_carea' id='block_1_48' title="bbox 1813 2324 3403 2395">
    <p class='ocr_par' dir='ltr' id='par_1_48' title="bbox 1813 2324 3403 2395">
     <span class='ocr_line' id='line_1_48' title="bbox 1813 2324 3403 2395; baseline -0.006 -11"><span class='ocrx_word' id='word_1_319' title='bbox 1813 2330 1929 2385; x_wconf 90' lang='lat' dir='ltr'><strong>lloc</strong></span> <span class='ocrx_word' id='word_1_320' title='bbox 1963 2339 2145 2385; x_wconf 89' lang='lat' dir='ltr'><strong>autem</strong></span> <span class='ocrx_word' id='word_1_321' title='bbox 2179 2329 2323 2385; x_wconf 91' lang='lat' dir='ltr'><strong>idem</strong></span> <span class='ocrx_word' id='word_1_322' title='bbox 2350 2339 2456 2393; x_wconf 89' lang='lat' dir='ltr'><strong>est,</strong></span> <span class='ocrx_word' id='word_1_323' title='bbox 2482 2343 2549 2383; x_wconf 82' lang='lat' dir='ltr'><strong>ac</strong></span> <span class='ocrx_word' id='word_1_324' title='bbox 2588 2327 2731 2382; x_wconf 88' lang='lat' dir='ltr'><strong>male</strong></span> <span class='ocrx_word' id='word_1_325' title='bbox 2756 2327 2960 2382; x_wconf 80' lang='lat' dir='ltr'><strong>malum</strong></span> <span class='ocrx_word' id='word_1_326' title='bbox 2992 2324 3204 2395; x_wconf 84' lang='lat' dir='ltr'><strong>perire,</strong></span> <span class='ocrx_word' id='word_1_327' title='bbox 3236 2329 3294 2376; x_wconf 91' lang='lat' dir='ltr'><strong>et</strong></span> <span class='ocrx_word' id='word_1_328' title='bbox 3324 2331 3403 2385; x_wconf 80' lang='lat' dir='ltr'><strong>te.</strong></span> 
     </span>
    </p>
   </div>
   <div class='ocr_carea' id='block_1_49' title="bbox 1811 2417 3406 2494">
    <p class='ocr_par' dir='ltr' id='par_1_49' title="bbox 1811 2417 3406 2494">
     <span class='ocr_line' id='line_1_49' title="bbox 1811 2417 3406 2494; baseline -0.006 -17"><span class='ocrx_word' id='word_1_329' title='bbox 1811 2432 1867 2477; x_wconf 90' lang='lat' dir='ltr'><strong>et</strong></span> <span class='ocrx_word' id='word_1_330' title='bbox 1903 2423 2073 2477; x_wconf 83' lang='lat' dir='ltr'><strong>alium</strong></span> <span class='ocrx_word' id='word_1_331' title='bbox 2111 2422 2412 2494; x_wconf 89' lang='lat' dir='ltr'><strong>quemlibet</strong></span> <span class='ocrx_word' id='word_1_332' title='bbox 2452 2421 2533 2477; x_wconf 89' lang='lat' dir='ltr'><strong>tui</strong></span> <span class='ocrx_word' id='word_1_333' title='bbox 2582 2420 2843 2477; x_wconf 82' lang='lat' dir='ltr'><strong>similem.</strong></span> <span class='ocrx_word' id='word_1_334' title='bbox 2878 2417 2943 2471; x_wconf 82' lang='lat' dir='ltr'><strong>Et</strong></span> <span class='ocrx_word' id='word_1_335' title='bbox 2973 2417 3078 2473; x_wconf 80' lang='lat' dir='ltr'><strong>hoc</strong></span> <span class='ocrx_word' id='word_1_336' title='bbox 3109 2428 3406 2487; x_wconf 81' lang='lat' dir='ltr'><strong>argumen-</strong></span> 
     </span>
    </p>
   </div>
   <div class='ocr_carea' id='block_1_50' title="bbox 1811 2504 3403 2585">
    <p class='ocr_par' dir='ltr' id='par_1_50' title="bbox 1811 2504 3403 2585">
     <span class='ocr_line' id='line_1_50' title="bbox 1811 2504 3403 2585; baseline -0.006 -16"><span class='ocrx_word' id='word_1_337' title='bbox 1811 2524 1929 2569; x_wconf 88' lang='lat' dir='ltr'><strong>tum</strong></span> <span class='ocrx_word' id='word_1_338' title='bbox 1964 2515 2059 2569; x_wconf 93' lang='lat' dir='ltr'><strong>tibi</strong></span> <span class='ocrx_word' id='word_1_339' title='bbox 2092 2515 2204 2579; x_wconf 88' lang='lat' dir='ltr'><strong>sit,</strong></span> <span class='ocrx_word' id='word_1_340' title='bbox 2236 2514 2551 2585; x_wconf 87' lang='lat' dir='ltr'><strong>qualisnam</strong></span> <span class='ocrx_word' id='word_1_341' title='bbox 2590 2512 2814 2568; x_wconf 77' lang='lat' dir='ltr'><strong>futurus</strong></span> <span class='ocrx_word' id='word_1_342' title='bbox 2872 2509 3111 2573; x_wconf 79' lang='lat' dir='ltr'><strong>luerim,</strong></span> <span class='ocrx_word' id='word_1_343' title='bbox 3168 2506 3218 2564; x_wconf 92' lang='lat' dir='ltr'><strong>si</strong></span> <span class='ocrx_word' id='word_1_344' title='bbox 3268 2504 3403 2576; x_wconf 85' lang='lat' dir='ltr'><strong>quid</strong></span> 
     </span>
    </p>
   </div>
   <div class='ocr_carea' id='block_1_51' title="bbox 1812 2596 3461 2677">
    <p class='ocr_par' dir='ltr' id='par_1_51' title="bbox 1812 2596 3461 2677">
     <span class='ocr_line' id='line_1_51' title="bbox 1812 2596 3461 2677; baseline -0.005 -16"><span class='ocrx_word' id='word_1_345' title='bbox 1812 2608 1950 2661; x_wconf 90' lang='lat' dir='ltr'><strong>mihi</strong></span> <span class='ocrx_word' id='word_1_346' title='bbox 1982 2607 2163 2663; x_wconf 78' lang='lat' dir='ltr'><strong>facere</strong></span> <span class='ocrx_word' id='word_1_347' title='bbox 2192 2607 2442 2663; x_wconf 85' lang='lat' dir='ltr'><strong>licuisset</strong></span> <span class='ocrx_word' id='word_1_348' title='bbox 2462 2648 2479 2673; x_wconf 90' lang='lat'><strong>,</strong></span> <span class='ocrx_word' id='word_1_349' title='bbox 2508 2604 2604 2677; x_wconf 90' lang='lat' dir='ltr'><strong>qui</strong></span> <span class='ocrx_word' id='word_1_350' title='bbox 2629 2646 2648 2671; x_wconf 89' lang='lat'><strong>,</strong></span> <span class='ocrx_word' id='word_1_351' title='bbox 2687 2604 2837 2675; x_wconf 89' lang='lat' dir='ltr'><strong>quod</strong></span> <span class='ocrx_word' id='word_1_352' title='bbox 2862 2603 3002 2658; x_wconf 89' lang='lat' dir='ltr'><strong>nibil</strong></span> <span class='ocrx_word' id='word_1_353' title='bbox 3031 2602 3197 2657; x_wconf 86' lang='lat' dir='ltr'><strong>liceat</strong></span> <span class='ocrx_word' id='word_1_354' title='bbox 3220 2640 3238 2666; x_wconf 95' lang='lat'><strong>,</strong></span> <span class='ocrx_word' id='word_1_355' title='bbox 3262 2596 3409 2654; x_wconf 74' lang='lat' dir='ltr'><strong>diris</strong></span> <span class='ocrx_word' id='word_1_356' title='bbox 3454 2605 3461 2613; x_wconf 88' lang='lat'><strong>&#39;</strong></span> 
     </span>
    </p>
   </div>
   <div class='ocr_carea' id='block_1_52' title="bbox 1814 2700 2167 2756">
    <p class='ocr_par' dir='ltr' id='par_1_52' title="bbox 1814 2700 2167 2756">
     <span class='ocr_line' id='line_1_52' title="bbox 1814 2700 2167 2756; baseline 0.006 -3"><span class='ocrx_word' id='word_1_357' title='bbox 1814 2708 1867 2755; x_wconf 90' lang='lat' dir='ltr'><strong>te</strong></span> <span class='ocrx_word' id='word_1_358' title='bbox 1899 2700 2167 2756; x_wconf 75' lang='lat' dir='ltr'><strong>devoveo.</strong></span> 
     </span>
    </p>
   </div>
   <div class='ocr_carea' id='block_1_53' title="bbox 2297 2784 2882 2845">
    <p class='ocr_par' dir='ltr' id='par_1_53' title="bbox 2297 2784 2882 2845">
     <span class='ocr_line' id='line_1_53' title="bbox 2297 2784 2882 2845; baseline -0.007 0"><span class='ocrx_word' id='word_1_359' title='bbox 2297 2788 2639 2845; x_wconf 81' lang='lat' dir='ltr'><strong>EPISTOLA</strong></span> <span class='ocrx_word' id='word_1_360' title='bbox 2668 2784 2882 2843; x_wconf 75' lang='lat' dir='ltr'><strong>CXXII.</strong></span> 
     </span>
    </p>
   </div>
   <div class='ocr_carea' id='block_1_54' title="bbox 2510 2881 2719 2936">
    <p class='ocr_par' dir='ltr' id='par_1_54' title="bbox 2510 2881 2719 2936">
     <span class='ocr_line' id='line_1_54' title="bbox 2510 2881 2719 2936; baseline -0.014 0"><span class='ocrx_word' id='word_1_361' title='bbox 2510 2881 2719 2936; x_wconf 83' lang='lat' dir='ltr'><strong>Fratri.</strong></span> 
     </span>
    </p>
   </div>
   <div class='ocr_carea' id='block_1_55' title="bbox 1886 2961 3411 3031">
    <p class='ocr_par' dir='ltr' id='par_1_55' title="bbox 1886 2961 3411 3031">
     <span class='ocr_line' id='line_1_55' title="bbox 1886 2961 3411 3031; baseline -0.009 -1"><span class='ocrx_word' id='word_1_362' title='bbox 1886 2973 2131 3030; x_wconf 85' lang='lat' dir='ltr'><strong>Plurima</strong></span> <span class='ocrx_word' id='word_1_363' title='bbox 2172 2972 2558 3028; x_wconf 81' lang='lat' dir='ltr'><strong>Auxiditarum</strong></span> <span class='ocrx_word' id='word_1_364' title='bbox 2584 2967 2972 3027; x_wconf 86' lang='lat' dir='ltr'><strong>sacerdotibus</strong></span> <span class='ocrx_word' id='word_1_365' title='bbox 3001 2965 3145 3031; x_wconf 72' lang='lat' dir='ltr'><strong>bona</strong></span> <span class='ocrx_word' id='word_1_366' title='bbox 3185 2961 3411 3025; x_wconf 71' lang='lat' dir='ltr'><strong>contiu-</strong></span> 
     </span>
    </p>
   </div>
   <div class='ocr_carea' id='block_1_56' title="bbox 1810 3057 3415 3138">
    <p class='ocr_par' dir='ltr' id='par_1_56' title="bbox 1810 3057 3415 3138">
     <span class='ocr_line' id='line_1_56' title="bbox 1810 3057 3415 3138; baseline -0.002 -17"><span class='ocrx_word' id='word_1_367' title='bbox 1810 3079 1986 3138; x_wconf 82' lang='lat' dir='ltr'><strong>gant,</strong></span> <span class='ocrx_word' id='word_1_368' title='bbox 2036 3068 2130 3137; x_wconf 88' lang='lat' dir='ltr'><strong>qui</strong></span> <span class='ocrx_word' id='word_1_369' title='bbox 2157 3104 2174 3129; x_wconf 90' lang='lat'><strong>,</strong></span> <span class='ocrx_word' id='word_1_370' title='bbox 2229 3080 2355 3122; x_wconf 92' lang='lat' dir='ltr'><strong>cum</strong></span> <span class='ocrx_word' id='word_1_371' title='bbox 2407 3064 2614 3119; x_wconf 88' lang='lat' dir='ltr'><strong>milites</strong></span> <span class='ocrx_word' id='word_1_372' title='bbox 2655 3061 2713 3117; x_wconf 92' lang='lat' dir='ltr'><strong>in</strong></span> <span class='ocrx_word' id='word_1_373' title='bbox 2758 3058 3026 3116; x_wconf 89' lang='lat' dir='ltr'><strong>montium</strong></span> <span class='ocrx_word' id='word_1_374' title='bbox 3056 3074 3117 3114; x_wconf 85' lang='lat' dir='ltr'><strong>se</strong></span> <span class='ocrx_word' id='word_1_375' title='bbox 3163 3057 3415 3117; x_wconf 70' lang='lat' dir='ltr'><strong>latebras</strong></span> 
     </span>
    </p>
   </div>
   <div class='ocr_carea' id='block_1_57' title="bbox 102 3142 1714 3257">
    <p class='ocr_par' dir='ltr' id='par_1_57' title="bbox 102 3142 1711 3222">
     <span class='ocr_line' id='line_1_57' title="bbox 102 3142 1711 3222; baseline -0.002 -20"><span class='ocrx_word' id='word_1_376' title='bbox 102 3152 384 3222; x_wconf 75' lang='grc' dir='ltr'>χηραμοῖς</span> <span class='ocrx_word' id='word_1_377' title='bbox 407 3148 571 3221; x_wconf 86' lang='grc' dir='ltr'>ὀρῶν,</span> <span class='ocrx_word' id='word_1_378' title='bbox 612 3148 706 3203; x_wconf 76' lang='grc' dir='ltr'>καὶ</span> <span class='ocrx_word' id='word_1_379' title='bbox 744 3147 1038 3215; x_wconf 80' lang='grc' dir='ltr'>ἀξιούντων</span> <span class='ocrx_word' id='word_1_380' title='bbox 1075 3147 1136 3201; x_wconf 84' lang='grc' dir='ltr'>τὸ</span> <span class='ocrx_word' id='word_1_381' title='bbox 1179 3142 1319 3219; x_wconf 76' lang='grc' dir='ltr'>αἷμα</span> <span class='ocrx_word' id='word_1_382' title='bbox 1355 3148 1634 3220; x_wconf 82' lang='grc' dir='ltr'>φρουρεῖν,</span> <span class='ocrx_word' id='word_1_383' title='bbox 1663 3148 1711 3200; x_wconf 89' lang='grc' dir='ltr'><strong>οί</strong></span> 
     </span>
    </p>
   </div>
   <div class='ocr_carea' id='block_1_58' title="bbox 1818 3142 3410 3257">
    <p class='ocr_par' dir='ltr' id='par_1_58' title="bbox 1818 3148 3410 3224">
     <span class='ocr_line' id='line_1_58' title="bbox 1818 3148 3410 3224; baseline -0.003 -13"><span class='ocrx_word' id='word_1_384' title='bbox 1818 3156 2210 3219; x_wconf 88' lang='lat' dir='ltr'><strong>abdidissent,</strong></span> <span class='ocrx_word' id='word_1_385' title='bbox 2264 3168 2541 3224; x_wconf 88' lang='lat' dir='ltr'><strong>suumque</strong></span> <span class='ocrx_word' id='word_1_386' title='bbox 2592 3151 2698 3223; x_wconf 90' lang='lat' dir='ltr'><strong>ipsi</strong></span> <span class='ocrx_word' id='word_1_387' title='bbox 2744 3148 3070 3220; x_wconf 85' lang='lat' dir='ltr'><strong>sanguinem</strong></span> <span class='ocrx_word' id='word_1_388' title='bbox 3125 3150 3410 3206; x_wconf 84' lang='lat' dir='ltr'><strong>custodire</strong></span> 
     </span>
    </p>
   </div>
   <div class='ocr_carea' id='block_1_59' title="bbox 103 3236 1712 3308">
    <p class='ocr_par' dir='ltr' id='par_1_59' title="bbox 103 3236 1712 3308">
     <span class='ocr_line' id='line_1_59' title="bbox 103 3236 1712 3308; baseline -0.001 -16"><span class='ocrx_word' id='word_1_389' title='bbox 103 3241 171 3292; x_wconf 75' lang='grc' dir='ltr'>δὲ</span> <span class='ocrx_word' id='word_1_390' title='bbox 196 3238 290 3292; x_wconf 78' lang='grc' dir='ltr'><strong>τὸν</strong></span> <span class='ocrx_word' id='word_1_391' title='bbox 326 3239 584 3308; x_wconf 82' lang='grc' dir='ltr'>ἀγροῖκον</span> <span class='ocrx_word' id='word_1_392' title='bbox 624 3236 762 3291; x_wconf 82' lang='grc' dir='ltr'>λεὼν</span> <span class='ocrx_word' id='word_1_393' title='bbox 796 3237 1297 3308; x_wconf 82' lang='grc' dir='ltr'>παρακαλέσαντες,</span> <span class='ocrx_word' id='word_1_394' title='bbox 1339 3238 1447 3292; x_wconf 80' lang='grc' dir='ltr'><strong>ἀπὸ</strong></span> <span class='ocrx_word' id='word_1_395' title='bbox 1495 3237 1605 3292; x_wconf 87' lang='grc' dir='ltr'><strong>τῶν</strong></span> <span class='ocrx_word' id='word_1_396' title='bbox 1637 3238 1712 3291; x_wconf 78' lang='lat' dir='ltr'><strong>is-</strong></span> 
     </span>
    </p>
   </div>
   <div class='ocr_carea' id='block_1_60' title="bbox 102 3329 1715 3405">
    <p class='ocr_par' dir='ltr' id='par_1_60' title="bbox 102 3329 1715 3405">
     <span class='ocr_line' id='line_1_60' title="bbox 102 3329 1715 3405; baseline -0.001 -21"><span class='ocrx_word' id='word_1_397' title='bbox 102 3332 230 3405; x_wconf 77' lang='grc' dir='ltr'><strong>ρῶν</strong></span> <span class='ocrx_word' id='word_1_398' title='bbox 251 3331 433 3384; x_wconf 77' lang='grc' dir='ltr'>αὐτῶν</span> <span class='ocrx_word' id='word_1_399' title='bbox 453 3329 553 3403; x_wconf 79' lang='grc' dir='ltr'>τὴν</span> <span class='ocrx_word' id='word_1_400' title='bbox 598 3330 728 3383; x_wconf 70' lang='grc' dir='ltr'>εὐθὺ</span> <span class='ocrx_word' id='word_1_401' title='bbox 778 3329 888 3383; x_wconf 89' lang='grc' dir='ltr'><strong>τῶν</strong></span> <span class='ocrx_word' id='word_1_402' title='bbox 943 3330 1216 3401; x_wconf 74' lang='grc' dir='ltr'>πολεμίων</span> <span class='ocrx_word' id='word_1_403' title='bbox 1263 3331 1569 3402; x_wconf 78' lang='grc' dir='ltr'>ἡγήσαντο·</span> <span class='ocrx_word' id='word_1_404' title='bbox 1617 3330 1715 3384; x_wconf 73' lang='grc' dir='ltr'>καὶ</span> 
     </span>
    </p>
   </div>
   <div class='ocr_carea' id='block_1_61' title="bbox 106 3421 1713 3507">
    <p class='ocr_par' dir='ltr' id='par_1_61' title="bbox 106 3421 1713 3507">
     <span class='ocr_line' id='line_1_61' title="bbox 106 3421 1713 3507; baseline 0.001 -31"><span class='ocrx_word' id='word_1_405' title='bbox 106 3423 575 3495; x_wconf 77' lang='grc' dir='ltr'>προσευξάμενοι,</span> <span class='ocrx_word' id='word_1_406' title='bbox 601 3422 863 3494; x_wconf 78' lang='grc' dir='ltr'>τρόπαιον</span> <span class='ocrx_word' id='word_1_407' title='bbox 891 3421 1124 3495; x_wconf 74' lang='grc' dir='ltr'>ἔστησαν</span> <span class='ocrx_word' id='word_1_408' title='bbox 1149 3424 1209 3476; x_wconf 74' lang='grc' dir='ltr'>ὲν</span> <span class='ocrx_word' id='word_1_409' title='bbox 1239 3426 1306 3495; x_wconf 79' lang='grc' dir='ltr'><strong>τῇ</strong></span> <span class='ocrx_word' id='word_1_410' title='bbox 1347 3423 1713 3507; x_wconf 60' lang='grc' dir='ltr'>Μμρσινίτιδι.</span> 
     </span>
    </p>
   </div>
   <div class='ocr_carea' id='block_1_62' title="bbox 103 3514 1716 3589">
    <p class='ocr_par' dir='ltr' id='par_1_62' title="bbox 103 3514 1716 3589">
     <span class='ocr_line' id='line_1_62' title="bbox 103 3514 1716 3589; baseline -0.001 -18"><span class='ocrx_word' id='word_1_411' title='bbox 103 3516 342 3589; x_wconf 74' lang='grc' dir='ltr'>Φάραγξ</span> <span class='ocrx_word' id='word_1_412' title='bbox 383 3516 441 3570; x_wconf 77' lang='grc' dir='ltr'>δὲ</span> <span class='ocrx_word' id='word_1_413' title='bbox 475 3515 617 3586; x_wconf 74' lang='grc' dir='ltr'>αὕτη</span> <span class='ocrx_word' id='word_1_414' title='bbox 660 3516 953 3588; x_wconf 75' lang='grc' dir='ltr'>προμήκης</span> <span class='ocrx_word' id='word_1_415' title='bbox 992 3533 1053 3569; x_wconf 86' lang='grc' dir='ltr'><strong>τε</strong></span> <span class='ocrx_word' id='word_1_416' title='bbox 1099 3516 1193 3570; x_wconf 74' lang='grc' dir='ltr'>καὶ</span> <span class='ocrx_word' id='word_1_417' title='bbox 1240 3515 1452 3587; x_wconf 78' lang='grc' dir='ltr'>βαθεῖα,</span> <span class='ocrx_word' id='word_1_418' title='bbox 1480 3516 1577 3571; x_wconf 75' lang='grc' dir='ltr'>καὶ</span> <span class='ocrx_word' id='word_1_419' title='bbox 1614 3514 1716 3587; x_wconf 77' lang='grc' dir='ltr'>ὕλη</span> 
     </span>
    </p>
   </div>
   <div class='ocr_carea' id='block_1_63' title="bbox 107 3607 1718 3680">
    <p class='ocr_par' dir='ltr' id='par_1_63' title="bbox 107 3607 1718 3680">
     <span class='ocr_line' id='line_1_63' title="bbox 107 3607 1718 3680; baseline -0.002 -16"><span class='ocrx_word' id='word_1_420' title='bbox 107 3610 438 3680; x_wconf 80' lang='grc' dir='ltr'>συνηρεφής</span> <span class='ocrx_word' id='word_1_421' title='bbox 455 3625 470 3640; x_wconf 76' lang='grc' dir='ltr'><strong>ο</strong></span> <span class='ocrx_word' id='word_1_422' title='bbox 497 3608 612 3664; x_wconf 80' lang='grc' dir='ltr'>ἀλλ’</span> <span class='ocrx_word' id='word_1_423' title='bbox 641 3608 748 3663; x_wconf 80' lang='grc' dir='ltr'><strong>ὑπὸ</strong></span> <span class='ocrx_word' id='word_1_424' title='bbox 772 3607 867 3662; x_wconf 79' lang='grc' dir='ltr'>τοῦ</span> <span class='ocrx_word' id='word_1_425' title='bbox 893 3609 1058 3679; x_wconf 81' lang='grc' dir='ltr'>μηδὲν</span> <span class='ocrx_word' id='word_1_426' title='bbox 1085 3610 1197 3673; x_wconf 75' lang='grc' dir='ltr'>τοῖς</span> <span class='ocrx_word' id='word_1_427' title='bbox 1225 3607 1523 3680; x_wconf 71' lang='grc' dir='ltr'>βαρϐάροις</span> <span class='ocrx_word' id='word_1_428' title='bbox 1553 3607 1718 3661; x_wconf 84' lang='grc' dir='ltr'>ὅπλον</span> 
     </span>
    </p>
   </div>
   <div class='ocr_carea' id='block_1_64' title="bbox 106 3697 1721 3773">
    <p class='ocr_par' dir='ltr' id='par_1_64' title="bbox 106 3697 1721 3773">
     <span class='ocr_line' id='line_1_64' title="bbox 106 3697 1721 3773; baseline -0.004 -16"><span class='ocrx_word' id='word_1_429' title='bbox 106 3703 383 3772; x_wconf 77' lang='grc' dir='ltr'>πολέμιον</span> <span class='ocrx_word' id='word_1_430' title='bbox 411 3700 813 3773; x_wconf 78' lang='grc' dir='ltr'>ἀπηντηκέναι,</span> <span class='ocrx_word' id='word_1_431' title='bbox 863 3701 961 3754; x_wconf 69' lang='grc' dir='ltr'><strong>καλ⁸</strong></span> <span class='ocrx_word' id='word_1_432' title='bbox 1006 3698 1105 3763; x_wconf 80' lang='grc' dir='ltr'><strong>τὰς</strong></span> <span class='ocrx_word' id='word_1_433' title='bbox 1143 3698 1452 3770; x_wconf 80' lang='grc' dir='ltr'>δυσχωρίας</span> <span class='ocrx_word' id='word_1_434' title='bbox 1485 3697 1721 3770; x_wconf 75' lang='grc' dir='ltr'>ἐθάρση-</span> 
     </span>
    </p>
   </div>
   <div class='ocr_carea' id='block_1_65' title="bbox 107 3788 1720 3863">
    <p class='ocr_par' dir='ltr' id='par_1_65' title="bbox 107 3788 1720 3863">
     <span class='ocr_line' id='line_1_65' title="bbox 107 3788 1720 3863; baseline -0.003 -15"><span class='ocrx_word' id='word_1_435' title='bbox 107 3813 242 3848; x_wconf 85' lang='grc' dir='ltr'>σαν.</span> <span class='ocrx_word' id='word_1_436' title='bbox 280 3792 547 3863; x_wconf 84' lang='grc' dir='ltr'>Ἐμελλον</span> <span class='ocrx_word' id='word_1_437' title='bbox 592 3792 650 3846; x_wconf 77' lang='grc' dir='ltr'>δέ</span> <span class='ocrx_word' id='word_1_438' title='bbox 700 3809 804 3845; x_wconf 76' lang='grc' dir='ltr'><strong>που</strong></span> <span class='ocrx_word' id='word_1_439' title='bbox 867 3791 961 3846; x_wconf 63' lang='grc' dir='ltr'>καὶ</span> <span class='ocrx_word' id='word_1_440' title='bbox 1022 3790 1383 3863; x_wconf 84' lang='grc' dir='ltr'>μελαμπύγου</span> <span class='ocrx_word' id='word_1_441' title='bbox 1435 3788 1720 3856; x_wconf 80' lang='grc' dir='ltr'>τεύξεσθαι</span> 
     </span>
    </p>
   </div>
   <div class='ocr_carea' id='block_1_66' title="bbox 102 3873 1722 3954">
    <p class='ocr_par' dir='ltr' id='par_1_66' title="bbox 102 3873 1722 3954">
     <span class='ocr_line' id='line_1_66' title="bbox 102 3873 1722 3954; baseline -0.006 -14"><span class='ocrx_word' id='word_1_442' title='bbox 102 3887 365 3940; x_wconf 73' lang='grc' dir='ltr'>Φαύστου</span> <span class='ocrx_word' id='word_1_443' title='bbox 406 3884 501 3938; x_wconf 78' lang='grc' dir='ltr'><strong>τοῦ</strong></span> <span class='ocrx_word' id='word_1_444' title='bbox 554 3882 805 3939; x_wconf 85' lang='grc' dir='ltr'>διακόνου</span> <span class='ocrx_word' id='word_1_445' title='bbox 865 3880 977 3936; x_wconf 85' lang='grc' dir='ltr'><strong>τῶν</strong></span> <span class='ocrx_word' id='word_1_446' title='bbox 1035 3882 1215 3954; x_wconf 90' lang='grc' dir='ltr'>ίερῶν.</span> <span class='ocrx_word' id='word_1_447' title='bbox 1274 3873 1444 3942; x_wconf 70' lang='grc' dir='ltr'>Οὗτός</span> <span class='ocrx_word' id='word_1_448' title='bbox 1489 3880 1639 3932; x_wconf 71' lang='grc' dir='ltr'>ἐστιν</span> <span class='ocrx_word' id='word_1_449' title='bbox 1693 3880 1722 3931; x_wconf 89' lang='lat'><strong>6</strong></span> 
     </span>
    </p>
   </div>
   <div class='ocr_carea' id='block_1_67' title="bbox 105 3971 1723 4047">
    <p class='ocr_par' dir='ltr' id='par_1_67' title="bbox 105 3971 1723 4047">
     <span class='ocr_line' id='line_1_67' title="bbox 105 3971 1723 4047; baseline -0.005 -16"><span class='ocrx_word' id='word_1_450' title='bbox 105 3977 339 4047; x_wconf 80' lang='grc' dir='ltr'>πρῶτος</span> <span class='ocrx_word' id='word_1_451' title='bbox 368 3976 609 4039; x_wconf 76' lang='grc' dir='ltr'>ὑποστὰς</span> <span class='ocrx_word' id='word_1_452' title='bbox 634 3975 861 4047; x_wconf 81' lang='grc' dir='ltr'>ὁπλίτην</span> <span class='ocrx_word' id='word_1_453' title='bbox 890 3973 1098 4044; x_wconf 80' lang='grc' dir='ltr'>γυμνὸς</span> <span class='ocrx_word' id='word_1_454' title='bbox 1116 4013 1132 4035; x_wconf 91' lang='grc'><strong>,</strong></span> <span class='ocrx_word' id='word_1_455' title='bbox 1165 3974 1263 4026; x_wconf 72' lang='grc' dir='ltr'><strong>καὶ</strong></span> <span class='ocrx_word' id='word_1_456' title='bbox 1292 3971 1492 4035; x_wconf 85' lang='grc' dir='ltr'>παίσας</span> <span class='ocrx_word' id='word_1_457' title='bbox 1519 3971 1585 4024; x_wconf 81' lang='grc' dir='ltr'>ὲκ</span> <span class='ocrx_word' id='word_1_458' title='bbox 1609 3988 1723 4041; x_wconf 56' lang='grc' dir='ltr'>χει-</span> 
     </span>
    </p>
   </div>
   <div class='ocr_carea' id='block_1_68' title="bbox 110 4063 1722 4141">
    <p class='ocr_par' dir='ltr' id='par_1_68' title="bbox 110 4063 1722 4141">
     <span class='ocr_line' id='line_1_68' title="bbox 110 4063 1722 4141; baseline -0.004 -19"><span class='ocrx_word' id='word_1_459' title='bbox 110 4071 215 4141; x_wconf 62' lang='lat' dir='ltr'><strong>pb;</strong></span> <span class='ocrx_word' id='word_1_460' title='bbox 256 4068 388 4139; x_wconf 79' lang='grc' dir='ltr'>λίθῳ</span> <span class='ocrx_word' id='word_1_461' title='bbox 414 4068 773 4141; x_wconf 84' lang='grc' dir='ltr'>κροταφιαίαν</span> <span class='ocrx_word' id='word_1_462' title='bbox 798 4066 1035 4139; x_wconf 79' lang='grc' dir='ltr'>πληγὴν,</span> <span class='ocrx_word' id='word_1_463' title='bbox 1062 4066 1123 4120; x_wconf 85' lang='grc' dir='ltr'>οὐ</span> <span class='ocrx_word' id='word_1_464' title='bbox 1159 4064 1359 4137; x_wconf 84' lang='grc' dir='ltr'>βαλὼν,</span> <span class='ocrx_word' id='word_1_465' title='bbox 1384 4064 1500 4119; x_wconf 82' lang='grc' dir='ltr'>ἀλλ’</span> <span class='ocrx_word' id='word_1_466' title='bbox 1528 4063 1722 4135; x_wconf 87' lang='grc' dir='ltr'>ῶσπερ</span> 
     </span>
    </p>
   </div>
   <div class='ocr_carea' id='block_1_69' title="bbox 106 4154 1722 4232">
    <p class='ocr_par' dir='ltr' id='par_1_69' title="bbox 106 4154 1722 4232">
     <span class='ocr_line' id='line_1_69' title="bbox 106 4154 1722 4232; baseline -0.006 -16"><span class='ocrx_word' id='word_1_467' title='bbox 106 4162 229 4228; x_wconf 73' lang='grc' dir='ltr'><strong>πὺξ</strong></span> <span class='ocrx_word' id='word_1_468' title='bbox 266 4160 520 4232; x_wconf 76' lang='grc' dir='ltr'>ἐνθορὼν.</span> <span class='ocrx_word' id='word_1_469' title='bbox 576 4160 817 4214; x_wconf 82' lang='grc' dir='ltr'>Πεσόντα</span> <span class='ocrx_word' id='word_1_470' title='bbox 869 4159 925 4213; x_wconf 82' lang='grc' dir='ltr'>δὲ</span> <span class='ocrx_word' id='word_1_471' title='bbox 970 4159 1074 4229; x_wconf 71' lang='grc' dir='ltr'>ἤδη</span> <span class='ocrx_word' id='word_1_472' title='bbox 1107 4155 1402 4229; x_wconf 79' lang='grc' dir='ltr'>περιδύσας</span> <span class='ocrx_word' id='word_1_473' title='bbox 1443 4154 1512 4209; x_wconf 79' lang='grc' dir='ltr'><strong>τὰ</strong></span> <span class='ocrx_word' id='word_1_474' title='bbox 1558 4154 1722 4220; x_wconf 84' lang='grc' dir='ltr'>ὅπλα,</span> 
     </span>
    </p>
   </div>
   <div class='ocr_carea' id='block_1_70' title="bbox 109 4245 1712 4322">
    <p class='ocr_par' dir='ltr' id='par_1_70' title="bbox 109 4245 1712 4322">
     <span class='ocr_line' id='line_1_70' title="bbox 109 4245 1712 4322; baseline -0.004 -20"><span class='ocrx_word' id='word_1_475' title='bbox 109 4252 353 4320; x_wconf 74' lang='grc' dir='ltr'>συχνοὺς</span> <span class='ocrx_word' id='word_1_476' title='bbox 386 4249 475 4304; x_wconf 76' lang='grc' dir='ltr'><strong>ἐπ’</strong></span> <span class='ocrx_word' id='word_1_477' title='bbox 502 4250 651 4322; x_wconf 79' lang='grc' dir='ltr'>αὐτῷ</span> <span class='ocrx_word' id='word_1_478' title='bbox 699 4249 1113 4320; x_wconf 84' lang='grc' dir='ltr'>κατείργασται.</span> <span class='ocrx_word' id='word_1_479' title='bbox 1149 4247 1261 4301; x_wconf 74' lang='grc' dir='ltr'><strong>Καὶ</strong></span> <span class='ocrx_word' id='word_1_480' title='bbox 1305 4248 1455 4310; x_wconf 79' lang='grc' dir='ltr'>ὅστις</span> <span class='ocrx_word' id='word_1_481' title='bbox 1498 4245 1557 4300; x_wconf 74' lang='grc' dir='ltr'>δὲ</span> <span class='ocrx_word' id='word_1_482' title='bbox 1598 4246 1712 4299; x_wconf 67' lang='grc' dir='ltr'>ἔτεα</span> 
     </span>
    </p>
   </div>
   <div class='ocr_carea' id='block_1_71' title="bbox 110 4337 1725 4413">
    <p class='ocr_par' dir='ltr' id='par_1_71' title="bbox 110 4337 1725 4413">
     <span class='ocr_line' id='line_1_71' title="bbox 110 4337 1725 4413; baseline -0.002 -19"><span class='ocrx_word' id='word_1_483' title='bbox 110 4360 216 4413; x_wconf 74' lang='grc' dir='ltr'><strong>ρος</strong></span> <span class='ocrx_word' id='word_1_484' title='bbox 258 4342 399 4413; x_wconf 81' lang='grc' dir='ltr'>ἀνὴρ</span> <span class='ocrx_word' id='word_1_485' title='bbox 434 4341 639 4411; x_wconf 80' lang='grc' dir='ltr'>ἀγαθὸς</span> <span class='ocrx_word' id='word_1_486' title='bbox 675 4340 854 4406; x_wconf 74' lang='grc' dir='ltr'>ἔδοξεν</span> <span class='ocrx_word' id='word_1_487' title='bbox 890 4342 948 4394; x_wconf 82' lang='grc' dir='ltr'>ἐν</span> <span class='ocrx_word' id='word_1_488' title='bbox 977 4339 1055 4411; x_wconf 83' lang='grc' dir='ltr'>τῷ</span> <span class='ocrx_word' id='word_1_489' title='bbox 1096 4339 1237 4402; x_wconf 83' lang='grc' dir='ltr'>τότε,</span> <span class='ocrx_word' id='word_1_490' title='bbox 1277 4338 1524 4393; x_wconf 79' lang='grc' dir='ltr'>Φαῦστον</span> <span class='ocrx_word' id='word_1_491' title='bbox 1546 4337 1725 4391; x_wconf 88' lang='grc' dir='ltr'>αίτια-</span> 
     </span>
    </p>
   </div>
   <div class='ocr_carea' id='block_1_72' title="bbox 105 4426 1723 4507">
    <p class='ocr_par' dir='ltr' id='par_1_72' title="bbox 105 4426 1723 4507">
     <span class='ocr_line' id='line_1_72' title="bbox 105 4426 1723 4507; baseline -0.004 -17"><span class='ocrx_word' id='word_1_492' title='bbox 105 4435 244 4490; x_wconf 78' lang='grc' dir='ltr'>τὲον</span> <span class='ocrx_word' id='word_1_493' title='bbox 281 4435 388 4488; x_wconf 89' lang='grc' dir='ltr'><strong>τῶν</strong></span> <span class='ocrx_word' id='word_1_494' title='bbox 426 4435 755 4507; x_wconf 80' lang='grc' dir='ltr'>γενομένων,</span> <span class='ocrx_word' id='word_1_495' title='bbox 774 4434 869 4489; x_wconf 79' lang='grc' dir='ltr'>καὶ</span> <span class='ocrx_word' id='word_1_496' title='bbox 890 4430 973 4498; x_wconf 70' lang='grc' dir='ltr'>οἷς</span> <span class='ocrx_word' id='word_1_497' title='bbox 1013 4433 1208 4501; x_wconf 79' lang='grc' dir='ltr'>ἐποίει,</span> <span class='ocrx_word' id='word_1_498' title='bbox 1231 4433 1326 4486; x_wconf 70' lang='grc' dir='ltr'>καὶ</span> <span class='ocrx_word' id='word_1_499' title='bbox 1348 4426 1430 4497; x_wconf 73' lang='grc' dir='ltr'>οἷς</span> <span class='ocrx_word' id='word_1_500' title='bbox 1456 4430 1607 4502; x_wconf 75' lang='grc' dir='ltr'>παρὰ</span> <span class='ocrx_word' id='word_1_501' title='bbox 1629 4429 1723 4484; x_wconf 80' lang='grc' dir='ltr'>τὸν</span> 
     </span>
    </p>
   </div>
   <div class='ocr_carea' id='block_1_73' title="bbox 1819 3240 3417 3315">
    <p class='ocr_par' dir='ltr' id='par_1_73' title="bbox 1819 3240 3417 3315">
     <span class='ocr_line' id='line_1_73' title="bbox 1819 3240 3417 3315; baseline -0.001 -16"><span class='ocrx_word' id='word_1_502' title='bbox 1819 3247 2048 3310; x_wconf 83' lang='lat' dir='ltr'><strong>vellent,</strong></span> <span class='ocrx_word' id='word_1_503' title='bbox 2096 3245 2361 3301; x_wconf 81' lang='lat' dir='ltr'><strong>rusticam</strong></span> <span class='ocrx_word' id='word_1_504' title='bbox 2398 3244 2615 3315; x_wconf 88' lang='lat' dir='ltr'><strong>plebem</strong></span> <span class='ocrx_word' id='word_1_505' title='bbox 2657 3251 3075 3306; x_wconf 87' lang='lat' dir='ltr'><strong>convocantes,</strong></span> <span class='ocrx_word' id='word_1_506' title='bbox 3123 3240 3311 3296; x_wconf 85' lang='lat' dir='ltr'><strong>statim</strong></span> <span class='ocrx_word' id='word_1_507' title='bbox 3338 3242 3417 3298; x_wconf 83' lang='lat' dir='ltr'><strong>ab</strong></span> 
     </span>
    </p>
   </div>
   <div class='ocr_carea' id='block_1_74' title="bbox 1815 3331 3415 3409">
    <p class='ocr_par' dir='ltr' id='par_1_74' title="bbox 1815 3331 3415 3409">
     <span class='ocr_line' id='line_1_74' title="bbox 1815 3331 3415 3409; baseline -0.003 -14"><span class='ocrx_word' id='word_1_508' title='bbox 1815 3340 1994 3395; x_wconf 88' lang='lat' dir='ltr'><strong>sacris</strong></span> <span class='ocrx_word' id='word_1_509' title='bbox 2033 3338 2207 3409; x_wconf 89' lang='lat' dir='ltr'><strong>ipsis,</strong></span> <span class='ocrx_word' id='word_1_510' title='bbox 2255 3344 2409 3391; x_wconf 87' lang='lat' dir='ltr'><strong>recta</strong></span> <span class='ocrx_word' id='word_1_511' title='bbox 2464 3334 2533 3390; x_wconf 87' lang='lat' dir='ltr'><strong>ad</strong></span> <span class='ocrx_word' id='word_1_512' title='bbox 2565 3334 2755 3391; x_wconf 85' lang='lat' dir='ltr'><strong>hostes</strong></span> <span class='ocrx_word' id='word_1_513' title='bbox 2791 3334 3071 3389; x_wconf 82' lang='lat' dir='ltr'><strong>duxerunt</strong></span> <span class='ocrx_word' id='word_1_514' title='bbox 3094 3370 3112 3396; x_wconf 94' lang='lat'><strong>,</strong></span> <span class='ocrx_word' id='word_1_515' title='bbox 3159 3331 3415 3403; x_wconf 75' lang='lat' dir='ltr'><strong>fusisque</strong></span> 
     </span>
    </p>
   </div>
   <div class='ocr_carea' id='block_1_75' title="bbox 1817 3424 3418 3500">
    <p class='ocr_par' dir='ltr' id='par_1_75' title="bbox 1817 3424 3418 3500">
     <span class='ocr_line' id='line_1_75' title="bbox 1817 3424 3418 3500; baseline -0.002 -16"><span class='ocrx_word' id='word_1_516' title='bbox 1817 3431 1885 3485; x_wconf 90' lang='lat' dir='ltr'><strong>ad</strong></span> <span class='ocrx_word' id='word_1_517' title='bbox 1937 3429 2110 3485; x_wconf 91' lang='lat' dir='ltr'><strong>Deum</strong></span> <span class='ocrx_word' id='word_1_518' title='bbox 2165 3430 2457 3500; x_wconf 88' lang='lat' dir='ltr'><strong>precibus,</strong></span> <span class='ocrx_word' id='word_1_519' title='bbox 2502 3435 2773 3497; x_wconf 70' lang='lat' dir='ltr'><strong>trepazum</strong></span> <span class='ocrx_word' id='word_1_520' title='bbox 2822 3432 3139 3491; x_wconf 11' lang='lat' dir='ltr'><strong>erexerunt,</strong></span> <span class='ocrx_word' id='word_1_521' title='bbox 3170 3425 3227 3482; x_wconf 93' lang='lat' dir='ltr'><strong>in</strong></span> <span class='ocrx_word' id='word_1_522' title='bbox 3260 3424 3418 3498; x_wconf 72' lang='lat' dir='ltr'><strong>Myr-</strong></span> 
     </span>
    </p>
   </div>
   <div class='ocr_carea' id='block_1_76' title="bbox 1818 3516 3416 3591">
    <p class='ocr_par' dir='ltr' id='par_1_76' title="bbox 1818 3516 3416 3591">
     <span class='ocr_line' id='line_1_76' title="bbox 1818 3516 3416 3591; baseline -0.004 -13"><span class='ocrx_word' id='word_1_523' title='bbox 1818 3522 2061 3579; x_wconf 91' lang='lat' dir='ltr'><strong>sinitide.</strong></span> <span class='ocrx_word' id='word_1_524' title='bbox 2088 3520 2260 3576; x_wconf 82' lang='lat' dir='ltr'><strong>Vallis</strong></span> <span class='ocrx_word' id='word_1_525' title='bbox 2289 3520 2405 3575; x_wconf 66' lang='lat' dir='ltr'><strong>baac</strong></span> <span class='ocrx_word' id='word_1_526' title='bbox 2438 3519 2492 3575; x_wconf 92' lang='lat' dir='ltr'><strong>in</strong></span> <span class='ocrx_word' id='word_1_527' title='bbox 2509 3517 2676 3591; x_wconf 72' lang='lat'><strong>259</strong></span> <span class='ocrx_word' id='word_1_528' title='bbox 2693 3518 2916 3589; x_wconf 88' lang='lat' dir='ltr'><strong>longum</strong></span> <span class='ocrx_word' id='word_1_529' title='bbox 2942 3516 3174 3582; x_wconf 77' lang='lat' dir='ltr'><strong>directa,</strong></span> <span class='ocrx_word' id='word_1_530' title='bbox 3199 3524 3255 3573; x_wconf 91' lang='lat' dir='ltr'><strong>et</strong></span> <span class='ocrx_word' id='word_1_531' title='bbox 3282 3531 3416 3588; x_wconf 88' lang='lat' dir='ltr'><strong>pro-</strong></span> 
     </span>
    </p>
   </div>
   <div class='ocr_carea' id='block_1_77' title="bbox 1818 3608 3411 3681">
    <p class='ocr_par' dir='ltr' id='par_1_77' title="bbox 1818 3608 3411 3681">
     <span class='ocr_line' id='line_1_77' title="bbox 1818 3608 3411 3681; baseline -0.006 -10"><span class='ocrx_word' id='word_1_532' title='bbox 1818 3615 2020 3681; x_wconf 76' lang='lat' dir='ltr'><strong>iunda,</strong></span> <span class='ocrx_word' id='word_1_533' title='bbox 2057 3630 2121 3670; x_wconf 86' lang='lat' dir='ltr'><strong>ac</strong></span> <span class='ocrx_word' id='word_1_534' title='bbox 2165 3613 2321 3670; x_wconf 80' lang='lat' dir='ltr'><strong>silvis</strong></span> <span class='ocrx_word' id='word_1_535' title='bbox 2351 3614 2667 3679; x_wconf 88' lang='lat' dir='ltr'><strong>condensa;</strong></span> <span class='ocrx_word' id='word_1_536' title='bbox 2714 3609 2934 3667; x_wconf 89' lang='lat' dir='ltr'><strong>barbari</strong></span> <span class='ocrx_word' id='word_1_537' title='bbox 2974 3617 3203 3675; x_wconf 85' lang='lat' dir='ltr'><strong>autem,</strong></span> <span class='ocrx_word' id='word_1_538' title='bbox 3258 3608 3411 3680; x_wconf 80' lang='lat' dir='ltr'><strong>quod</strong></span> 
     </span>
    </p>
   </div>
   <div class='ocr_carea' id='block_1_78' title="bbox 1819 3702 3409 3766">
    <p class='ocr_par' dir='ltr' id='par_1_78' title="bbox 1819 3702 3409 3766">
     <span class='ocr_line' id='line_1_78' title="bbox 1819 3702 3409 3766; baseline -0.005 -4"><span class='ocrx_word' id='word_1_539' title='bbox 1819 3708 1956 3763; x_wconf 89' lang='lat' dir='ltr'><strong>nibil</strong></span> <span class='ocrx_word' id='word_1_540' title='bbox 2002 3707 2107 3762; x_wconf 91' lang='lat' dir='ltr'><strong>sibi</strong></span> <span class='ocrx_word' id='word_1_541' title='bbox 2165 3704 2450 3762; x_wconf 88' lang='lat' dir='ltr'><strong>hostilium</strong></span> <span class='ocrx_word' id='word_1_542' title='bbox 2491 3702 2834 3759; x_wconf 84' lang='lat' dir='ltr'><strong>occurrisset</strong></span> <span class='ocrx_word' id='word_1_543' title='bbox 2886 3717 3201 3766; x_wconf 83' lang='lat' dir='ltr'><strong>armorum,</strong></span> <span class='ocrx_word' id='word_1_544' title='bbox 3243 3702 3409 3757; x_wconf 84' lang='lat' dir='ltr'><strong>etiam</strong></span> 
     </span>
    </p>
   </div>
   <div class='ocr_carea' id='block_1_79' title="bbox 1820 3792 3413 3866">
    <p class='ocr_par' dir='ltr' id='par_1_79' title="bbox 1820 3792 3413 3866">
     <span class='ocr_line' id='line_1_79' title="bbox 1820 3792 3413 3866; baseline -0.004 -14"><span class='ocrx_word' id='word_1_545' title='bbox 1820 3798 2085 3858; x_wconf 84' lang='lat' dir='ltr'><strong>audacter</strong></span> <span class='ocrx_word' id='word_1_546' title='bbox 2110 3806 2277 3852; x_wconf 87' lang='lat' dir='ltr'><strong>erant</strong></span> <span class='ocrx_word' id='word_1_547' title='bbox 2308 3794 2565 3866; x_wconf 87' lang='lat' dir='ltr'><strong>ingressi.</strong></span> <span class='ocrx_word' id='word_1_548' title='bbox 2602 3793 2709 3848; x_wconf 90' lang='lat' dir='ltr'><strong>Sed</strong></span> <span class='ocrx_word' id='word_1_549' title='bbox 2740 3792 3007 3849; x_wconf 88' lang='lat' dir='ltr'><strong>oll&#39;ensuri</strong></span> <span class='ocrx_word' id='word_1_550' title='bbox 3038 3792 3228 3863; x_wconf 87' lang='lat' dir='ltr'><strong>utique</strong></span> <span class='ocrx_word' id='word_1_551' title='bbox 3252 3799 3413 3847; x_wconf 83' lang='lat' dir='ltr'><strong>erant</strong></span> 
     </span>
    </p>
   </div>
   <div class='ocr_carea' id='block_1_80' title="bbox 1822 3883 3413 3955">
    <p class='ocr_par' dir='ltr' id='par_1_80' title="bbox 1822 3883 3413 3955">
     <span class='ocr_line' id='line_1_80' title="bbox 1822 3883 3413 3955; baseline -0.002 -12"><span class='ocrx_word' id='word_1_552' title='bbox 1822 3890 2133 3944; x_wconf 89' lang='lat' dir='ltr'><strong>animosum</strong></span> <span class='ocrx_word' id='word_1_553' title='bbox 2195 3904 2262 3943; x_wconf 87' lang='lat' dir='ltr'><strong>ac</strong></span> <span class='ocrx_word' id='word_1_554' title='bbox 2298 3896 2587 3942; x_wconf 89' lang='lat' dir='ltr'><strong>strenuum</strong></span> <span class='ocrx_word' id='word_1_555' title='bbox 2635 3883 2945 3954; x_wconf 84' lang='lat' dir='ltr'><strong>Faustum,</strong></span> <span class='ocrx_word' id='word_1_556' title='bbox 2999 3884 3093 3955; x_wconf 87' lang='lat' dir='ltr'><strong>qui</strong></span> <span class='ocrx_word' id='word_1_557' title='bbox 3132 3885 3187 3939; x_wconf 92' lang='lat' dir='ltr'><strong>in</strong></span> <span class='ocrx_word' id='word_1_558' title='bbox 3233 3884 3413 3940; x_wconf 74' lang='lat' dir='ltr'><strong>sacris</strong></span> 
     </span>
    </p>
   </div>
   <div class='ocr_carea' id='block_1_81' title="bbox 1822 3975 3415 4049">
    <p class='ocr_par' dir='ltr' id='par_1_81' title="bbox 1822 3975 3415 4049">
     <span class='ocr_line' id='line_1_81' title="bbox 1822 3975 3415 4049; baseline -0.003 -14"><span class='ocrx_word' id='word_1_559' title='bbox 1822 3979 2040 4035; x_wconf 85' lang='lat' dir='ltr'><strong>diaconi</strong></span> <span class='ocrx_word' id='word_1_560' title='bbox 2079 3994 2305 4035; x_wconf 88' lang='lat' dir='ltr'><strong>munere</strong></span> <span class='ocrx_word' id='word_1_561' title='bbox 2335 3977 2603 4049; x_wconf 84' lang='lat' dir='ltr'><strong>fungitur.</strong></span> <span class='ocrx_word' id='word_1_562' title='bbox 2634 3976 2733 4031; x_wconf 91' lang='lat' dir='ltr'><strong>llic</strong></span> <span class='ocrx_word' id='word_1_563' title='bbox 2763 3976 2856 4031; x_wconf 92' lang='lat' dir='ltr'><strong>ille</strong></span> <span class='ocrx_word' id='word_1_564' title='bbox 2890 3984 2976 4032; x_wconf 88' lang='lat' dir='ltr'><strong>est</strong></span> <span class='ocrx_word' id='word_1_565' title='bbox 3024 3975 3119 4047; x_wconf 91' lang='lat' dir='ltr'><strong>qui</strong></span> <span class='ocrx_word' id='word_1_566' title='bbox 3163 3976 3415 4047; x_wconf 77' lang='lat' dir='ltr'><strong>princeps</strong></span> 
     </span>
    </p>
   </div>
   <div class='ocr_carea' id='block_1_82' title="bbox 1824 4067 3413 4139">
    <p class='ocr_par' dir='ltr' id='par_1_82' title="bbox 1824 4067 3413 4139">
     <span class='ocr_line' id='line_1_82' title="bbox 1824 4067 3413 4139; baseline -0.001 -13"><span class='ocrx_word' id='word_1_567' title='bbox 1824 4080 2096 4127; x_wconf 88' lang='lat' dir='ltr'><strong>armatum</strong></span> <span class='ocrx_word' id='word_1_568' title='bbox 2123 4070 2351 4126; x_wconf 89' lang='lat' dir='ltr'><strong>militem</strong></span> <span class='ocrx_word' id='word_1_569' title='bbox 2383 4069 2615 4125; x_wconf 89' lang='lat' dir='ltr'><strong>inermis</strong></span> <span class='ocrx_word' id='word_1_570' title='bbox 2640 4068 2857 4139; x_wconf 79' lang='lat' dir='ltr'><strong>excepit</strong></span> <span class='ocrx_word' id='word_1_571' title='bbox 2903 4086 2918 4123; x_wconf 90' lang='lat'><strong>:</strong></span> <span class='ocrx_word' id='word_1_572' title='bbox 2961 4082 3125 4139; x_wconf 89' lang='lat' dir='ltr'><strong>quem</strong></span> <span class='ocrx_word' id='word_1_573' title='bbox 3154 4067 3413 4124; x_wconf 79' lang='lat' dir='ltr'><strong>cominus</strong></span> 
     </span>
    </p>
   </div>
   <div class='ocr_carea' id='block_1_83' title="bbox 1824 4161 3412 4236">
    <p class='ocr_par' dir='ltr' id='par_1_83' title="bbox 1824 4161 3412 4236">
     <span class='ocr_line' id='line_1_83' title="bbox 1824 4161 3412 4236; baseline -0.003 -16"><span class='ocrx_word' id='word_1_574' title='bbox 1824 4164 2009 4236; x_wconf 87' lang='lat' dir='ltr'><strong>lapide</strong></span> <span class='ocrx_word' id='word_1_575' title='bbox 2036 4164 2275 4235; x_wconf 86' lang='lat' dir='ltr'><strong>tempori</strong></span> <span class='ocrx_word' id='word_1_576' title='bbox 2331 4163 2477 4219; x_wconf 88' lang='lat' dir='ltr'><strong>illiso</strong></span> <span class='ocrx_word' id='word_1_577' title='bbox 2528 4161 2718 4228; x_wconf 79' lang='lat' dir='ltr'><strong>leriit,</strong></span> <span class='ocrx_word' id='word_1_578' title='bbox 2777 4178 2885 4218; x_wconf 90' lang='lat' dir='ltr'><strong>non</strong></span> <span class='ocrx_word' id='word_1_579' title='bbox 2910 4170 2972 4217; x_wconf 91' lang='lat' dir='ltr'><strong>ut</strong></span> <span class='ocrx_word' id='word_1_580' title='bbox 3010 4177 3135 4217; x_wconf 88' lang='lat' dir='ltr'><strong>eum</strong></span> <span class='ocrx_word' id='word_1_581' title='bbox 3178 4161 3412 4231; x_wconf 85' lang='lat' dir='ltr'><strong>jacerct,</strong></span> 
     </span>
    </p>
   </div>
   <div class='ocr_carea' id='block_1_84' title="bbox 1825 4253 3413 4326">
    <p class='ocr_par' dir='ltr' id='par_1_84' title="bbox 1825 4253 3413 4326">
     <span class='ocr_line' id='line_1_84' title="bbox 1825 4253 3413 4326; baseline -0.004 -14"><span class='ocrx_word' id='word_1_582' title='bbox 1825 4256 1922 4312; x_wconf 90' lang='lat' dir='ltr'><strong>sed</strong></span> <span class='ocrx_word' id='word_1_583' title='bbox 1976 4265 2035 4311; x_wconf 91' lang='lat' dir='ltr'><strong>ut</strong></span> <span class='ocrx_word' id='word_1_584' title='bbox 2083 4255 2240 4326; x_wconf 85' lang='lat' dir='ltr'><strong>quasi</strong></span> <span class='ocrx_word' id='word_1_585' title='bbox 2282 4254 2482 4326; x_wconf 86' lang='lat' dir='ltr'><strong>pugnis</strong></span> <span class='ocrx_word' id='word_1_586' title='bbox 2527 4253 2745 4311; x_wconf 80' lang='lat' dir='ltr'><strong>infestis</strong></span> <span class='ocrx_word' id='word_1_587' title='bbox 2774 4254 3032 4311; x_wconf 89' lang='lat' dir='ltr'><strong>insiliret.</strong></span> <span class='ocrx_word' id='word_1_588' title='bbox 3088 4254 3253 4322; x_wconf 81' lang='lat' dir='ltr'><strong>Quo,</strong></span> <span class='ocrx_word' id='word_1_589' title='bbox 3285 4268 3413 4307; x_wconf 90' lang='lat' dir='ltr'><strong>cum</strong></span> 
     </span>
    </p>
   </div>
   <div class='ocr_carea' id='block_1_85' title="bbox 1824 4346 3414 4419">
    <p class='ocr_par' dir='ltr' id='par_1_85' title="bbox 1824 4346 3414 4419">
     <span class='ocr_line' id='line_1_85' title="bbox 1824 4346 3414 4419; baseline -0.003 -14"><span class='ocrx_word' id='word_1_590' title='bbox 1824 4350 2151 4414; x_wconf 88' lang='lat' dir='ltr'><strong>cecidisset,</strong></span> <span class='ocrx_word' id='word_1_591' title='bbox 2198 4348 2371 4415; x_wconf 89' lang='lat' dir='ltr'><strong>armis</strong></span> <span class='ocrx_word' id='word_1_592' title='bbox 2395 4346 2671 4419; x_wconf 85' lang='lat' dir='ltr'><strong>spoliato,</strong></span> <span class='ocrx_word' id='word_1_593' title='bbox 2718 4347 2994 4419; x_wconf 90' lang='lat' dir='ltr'><strong>plurimos</strong></span> <span class='ocrx_word' id='word_1_594' title='bbox 3039 4363 3207 4418; x_wconf 87' lang='lat' dir='ltr'><strong>super</strong></span> <span class='ocrx_word' id='word_1_595' title='bbox 3258 4347 3414 4401; x_wconf 91' lang='lat' dir='ltr'><strong>illum</strong></span> 
     </span>
    </p>
   </div>
   <div class='ocr_carea' id='block_1_86' title="bbox 1826 4438 3417 4513">
    <p class='ocr_par' dir='ltr' id='par_1_86' title="bbox 1826 4438 3417 4513">
     <span class='ocr_line' id='line_1_86' title="bbox 1826 4438 3417 4513; baseline -0.002 -16"><span class='ocrx_word' id='word_1_596' title='bbox 1826 4441 2152 4513; x_wconf 86' lang='lat' dir='ltr'><strong>prostravit.</strong></span> <span class='ocrx_word' id='word_1_597' title='bbox 2186 4439 2263 4495; x_wconf 83' lang='lat' dir='ltr'><strong>Ac</strong></span> <span class='ocrx_word' id='word_1_598' title='bbox 2299 4438 2346 4495; x_wconf 91' lang='lat' dir='ltr'><strong>si</strong></span> <span class='ocrx_word' id='word_1_599' title='bbox 2381 4438 2509 4511; x_wconf 90' lang='lat' dir='ltr'><strong>quis</strong></span> <span class='ocrx_word' id='word_1_600' title='bbox 2557 4438 2701 4494; x_wconf 91' lang='lat' dir='ltr'><strong>alius</strong></span> <span class='ocrx_word' id='word_1_601' title='bbox 2735 4438 2789 4495; x_wconf 91' lang='lat' dir='ltr'><strong>id</strong></span> <span class='ocrx_word' id='word_1_602' title='bbox 2832 4439 3100 4511; x_wconf 89' lang='lat' dir='ltr'><strong>temporis</strong></span> <span class='ocrx_word' id='word_1_603' title='bbox 3148 4438 3307 4494; x_wconf 75' lang='lat' dir='ltr'><strong>fortis</strong></span> <span class='ocrx_word' id='word_1_604' title='bbox 3330 4440 3417 4494; x_wconf 85' lang='lat' dir='ltr'><strong>vir</strong></span> 
     </span>
    </p>
   </div>
   <div class='ocr_carea' id='block_1_87' title="bbox 107 4526 1714 4609">
    <p class='ocr_par' dir='ltr' id='par_1_87' title="bbox 107 4526 1714 4600">
     <span class='ocr_line' id='line_1_87' title="bbox 107 4526 1714 4600; baseline -0.004 -16"><span class='ocrx_word' id='word_1_605' title='bbox 107 4528 317 4600; x_wconf 62' lang='grc' dir='ltr'>καιρὸν</span> <span class='ocrx_word' id='word_1_606' title='bbox 342 4526 661 4598; x_wconf 75' lang='grc' dir='ltr'>ἐφθέγγετο.</span> <span class='ocrx_word' id='word_1_607' title='bbox 695 4526 833 4597; x_wconf 80' lang='grc' dir='ltr'><strong>Ἐγὼ</strong></span> <span class='ocrx_word' id='word_1_608' title='bbox 847 4527 905 4581; x_wconf 75' lang='grc' dir='ltr'>δὲ</span> <span class='ocrx_word' id='word_1_609' title='bbox 934 4528 1027 4581; x_wconf 58' lang='grc' dir='ltr'><strong>καὶ¹</strong></span> <span class='ocrx_word' id='word_1_610' title='bbox 1058 4526 1301 4590; x_wconf 68' lang='grc' dir='ltr'>ἅπαντας</span> <span class='ocrx_word' id='word_1_611' title='bbox 1318 4527 1449 4590; x_wconf 76' lang='grc' dir='ltr'>τοὺς</span> <span class='ocrx_word' id='word_1_612' title='bbox 1477 4540 1714 4597; x_wconf 89' lang='grc' dir='ltr'>παραγε-</span> 
     </span>
    </p>
   </div>
   <div class='ocr_carea' id='block_1_88' title="bbox 1818 4526 3419 4609">
    <p class='ocr_par' dir='ltr' id='par_1_88' title="bbox 1827 4529 3419 4603">
     <span class='ocr_line' id='line_1_88' title="bbox 1827 4529 3419 4603; baseline -0.003 -13"><span class='ocrx_word' id='word_1_613' title='bbox 1827 4551 1950 4590; x_wconf 89' lang='lat' dir='ltr'><strong>esse</strong></span> <span class='ocrx_word' id='word_1_614' title='bbox 1981 4535 2134 4589; x_wconf 90' lang='lat' dir='ltr'><strong>visus</strong></span> <span class='ocrx_word' id='word_1_615' title='bbox 2180 4540 2308 4598; x_wconf 87' lang='lat' dir='ltr'><strong>est,</strong></span> <span class='ocrx_word' id='word_1_616' title='bbox 2362 4532 2457 4587; x_wconf 90' lang='lat' dir='ltr'><strong>uni</strong></span> <span class='ocrx_word' id='word_1_617' title='bbox 2511 4529 2719 4587; x_wconf 83' lang='lat' dir='ltr'><strong>Fausto</strong></span> <span class='ocrx_word' id='word_1_618' title='bbox 2764 4532 2843 4589; x_wconf 90' lang='lat' dir='ltr'><strong>rei</strong></span> <span class='ocrx_word' id='word_1_619' title='bbox 2891 4533 3064 4587; x_wconf 85' lang='lat' dir='ltr'><strong>totius</strong></span> <span class='ocrx_word' id='word_1_620' title='bbox 3108 4531 3283 4603; x_wconf 89' lang='lat' dir='ltr'><strong>gloria</strong></span> <span class='ocrx_word' id='word_1_621' title='bbox 3316 4532 3419 4586; x_wconf 85' lang='lat' dir='ltr'><strong>tri-</strong></span> 
     </span>
    </p>
   </div>
   <div class='ocr_carea' id='block_1_89' title="bbox 106 4617 1723 4694">
    <p class='ocr_par' dir='ltr' id='par_1_89' title="bbox 106 4617 1723 4694">
     <span class='ocr_line' id='line_1_89' title="bbox 106 4617 1723 4694; baseline -0.003 -19"><span class='ocrx_word' id='word_1_622' title='bbox 106 4622 383 4692; x_wconf 81' lang='grc' dir='ltr'>νομένους</span> <span class='ocrx_word' id='word_1_623' title='bbox 401 4619 480 4687; x_wconf 88' lang='grc' dir='ltr'>τῷ</span> <span class='ocrx_word' id='word_1_624' title='bbox 504 4620 852 4694; x_wconf 78' lang='grc' dir='ltr'>ἕργῳῆδιστα</span> <span class='ocrx_word' id='word_1_625' title='bbox 866 4618 934 4673; x_wconf 77' lang='grc' dir='ltr'>ἂν</span> <span class='ocrx_word' id='word_1_626' title='bbox 962 4617 1370 4690; x_wconf 80' lang='grc' dir='ltr'>στεφανώσαιμι</span> <span class='ocrx_word' id='word_1_627' title='bbox 1401 4618 1495 4673; x_wconf 68' lang='grc' dir='ltr'><strong>κοιλ⁵</strong></span> <span class='ocrx_word' id='word_1_628' title='bbox 1516 4619 1723 4688; x_wconf 77' lang='grc' dir='ltr'><strong>ἀνακη⁹</strong></span> 
     </span>
    </p>
   </div>
   <div class='ocr_carea' id='block_1_90' title="bbox 110 4710 1724 4786">
    <p class='ocr_par' dir='ltr' id='par_1_90' title="bbox 110 4710 1724 4786">
     <span class='ocr_line' id='line_1_90' title="bbox 110 4710 1724 4786; baseline -0.002 -20"><span class='ocrx_word' id='word_1_629' title='bbox 110 4714 372 4786; x_wconf 80' lang='grc' dir='ltr'>ρύξαιμι.</span> <span class='ocrx_word' id='word_1_630' title='bbox 400 4712 611 4784; x_wconf 88' lang='grc' dir='ltr'>Πρῶτοι</span> <span class='ocrx_word' id='word_1_631' title='bbox 636 4711 746 4784; x_wconf 83' lang='grc' dir='ltr'><strong>γὰρ</strong></span> <span class='ocrx_word' id='word_1_632' title='bbox 766 4711 974 4783; x_wconf 75' lang='grc' dir='ltr'>ἥψαντο</span> <span class='ocrx_word' id='word_1_633' title='bbox 1000 4711 1180 4765; x_wconf 88' lang='grc' dir='ltr'>καλῶν</span> <span class='ocrx_word' id='word_1_634' title='bbox 1198 4712 1395 4782; x_wconf 76' lang='grc' dir='ltr'>ἔργων,</span> <span class='ocrx_word' id='word_1_635' title='bbox 1424 4710 1591 4777; x_wconf 80' lang='grc' dir='ltr'>δεῖξαι</span> <span class='ocrx_word' id='word_1_636' title='bbox 1614 4711 1724 4773; x_wconf 85' lang='grc' dir='ltr'>τοῖς</span> 
     </span>
    </p>
   </div>
   <div class='ocr_carea' id='block_1_91' title="bbox 108 4800 1726 4877">
    <p class='ocr_par' dir='ltr' id='par_1_91' title="bbox 108 4800 1726 4877">
     <span class='ocr_line' id='line_1_91' title="bbox 108 4800 1726 4877; baseline -0.006 -16"><span class='ocrx_word' id='word_1_637' title='bbox 108 4806 700 4877; x_wconf 75' lang='grc' dir='ltr'>καταπεπληγμένοις,</span> <span class='ocrx_word' id='word_1_638' title='bbox 729 4805 810 4859; x_wconf 83' lang='grc' dir='ltr'>ὅτι</span> <span class='ocrx_word' id='word_1_639' title='bbox 834 4805 909 4877; x_wconf 83' lang='grc' dir='ltr'>μὴ</span> <span class='ocrx_word' id='word_1_640' title='bbox 934 4802 1279 4875; x_wconf 71' lang='grc' dir='ltr'>Κορύϐαντες</span> <span class='ocrx_word' id='word_1_641' title='bbox 1309 4804 1435 4864; x_wconf 83' lang='grc' dir='ltr'>εἰσι,</span> <span class='ocrx_word' id='word_1_642' title='bbox 1464 4801 1595 4872; x_wconf 80' lang='grc' dir='ltr'>μηδὲ</span> <span class='ocrx_word' id='word_1_643' title='bbox 1616 4800 1726 4852; x_wconf 90' lang='grc' dir='ltr'><strong>τῶν</strong></span> 
     </span>
    </p>
   </div>
   <div class='ocr_carea' id='block_1_92' title="bbox 108 4894 1712 4971">
    <p class='ocr_par' dir='ltr' id='par_1_92' title="bbox 108 4894 1712 4971">
     <span class='ocr_line' id='line_1_92' title="bbox 108 4894 1712 4971; baseline -0.007 -16"><span class='ocrx_word' id='word_1_644' title='bbox 108 4902 281 4971; x_wconf 61' lang='grc' dir='ltr'>παρὰ</span> <span class='ocrx_word' id='word_1_645' title='bbox 312 4900 411 4971; x_wconf 81' lang='grc' dir='ltr'>τὴν</span> <span class='ocrx_word' id='word_1_646' title='bbox 449 4900 606 4953; x_wconf 78' lang='grc' dir='ltr'>Ῥέαν</span> <span class='ocrx_word' id='word_1_647' title='bbox 634 4897 923 4967; x_wconf 87' lang='grc' dir='ltr'>δαιμόνων,</span> <span class='ocrx_word' id='word_1_648' title='bbox 952 4895 1065 4949; x_wconf 80' lang='grc' dir='ltr'>ἀλλ’</span> <span class='ocrx_word' id='word_1_649' title='bbox 1106 4894 1385 4965; x_wconf 78' lang='grc' dir='ltr'>ἄνθρωποι</span> <span class='ocrx_word' id='word_1_650' title='bbox 1435 4894 1531 4945; x_wconf 69' lang='grc' dir='ltr'>καὶ</span> <span class='ocrx_word' id='word_1_651' title='bbox 1581 4909 1712 4962; x_wconf 86' lang='grc' dir='ltr'>τρω-</span> 
     </span>
    </p>
   </div>
   <div class='ocr_carea' id='block_1_93' title="bbox 106 4982 1728 5062">
    <p class='ocr_par' dir='ltr' id='par_1_93' title="bbox 106 4982 1728 5062">
     <span class='ocr_line' id='line_1_93' title="bbox 106 4982 1728 5062; baseline -0.008 -14"><span class='ocrx_word' id='word_1_652' title='bbox 106 4995 230 5057; x_wconf 73' lang='grc' dir='ltr'>τοὶ,</span> <span class='ocrx_word' id='word_1_653' title='bbox 266 4994 359 5045; x_wconf 75' lang='grc' dir='ltr'>καὶ</span> <span class='ocrx_word' id='word_1_654' title='bbox 384 4992 591 5062; x_wconf 75' lang='grc' dir='ltr'>θνητοὶ,</span> <span class='ocrx_word' id='word_1_655' title='bbox 619 4990 871 5060; x_wconf 78' lang='grc' dir='ltr'>καθάπερ</span> <span class='ocrx_word' id='word_1_656' title='bbox 899 4989 1081 5059; x_wconf 82' lang='grc' dir='ltr'>ἡμεῖς.</span> <span class='ocrx_word' id='word_1_657' title='bbox 1114 4988 1177 5040; x_wconf 80' lang='lat' dir='ltr'><strong>El</strong></span> <span class='ocrx_word' id='word_1_658' title='bbox 1221 4985 1277 5039; x_wconf 79' lang='grc' dir='ltr'>δὲ</span> <span class='ocrx_word' id='word_1_659' title='bbox 1312 4982 1410 5037; x_wconf 76' lang='grc' dir='ltr'>καὶ</span> <span class='ocrx_word' id='word_1_660' title='bbox 1442 4986 1603 5053; x_wconf 74' lang='grc' dir='ltr'>ἡμεῖς</span> <span class='ocrx_word' id='word_1_661' title='bbox 1635 4983 1728 5038; x_wconf 79' lang='grc' dir='ltr'><strong>ἄν·</strong></span> 
     </span>
    </p>
   </div>
   <div class='ocr_carea' id='block_1_94' title="bbox 106 5076 1730 5156">
    <p class='ocr_par' dir='ltr' id='par_1_94' title="bbox 106 5076 1730 5156">
     <span class='ocr_line' id='line_1_94' title="bbox 106 5076 1730 5156; baseline -0.007 -16"><span class='ocrx_word' id='word_1_662' title='bbox 106 5089 253 5156; x_wconf 83' lang='grc' dir='ltr'>δρες</span> <span class='ocrx_word' id='word_1_663' title='bbox 280 5083 571 5154; x_wconf 85' lang='grc' dir='ltr'>γενοίμεθα</span> <span class='ocrx_word' id='word_1_664' title='bbox 600 5084 659 5135; x_wconf 83' lang='grc' dir='ltr'>ὲν</span> <span class='ocrx_word' id='word_1_665' title='bbox 695 5085 808 5146; x_wconf 88' lang='grc' dir='ltr'>τοῖς</span> <span class='ocrx_word' id='word_1_666' title='bbox 839 5079 1122 5143; x_wconf 88' lang='grc' dir='ltr'>τοιούτοις,</span> <span class='ocrx_word' id='word_1_667' title='bbox 1166 5077 1287 5131; x_wconf 84' lang='grc' dir='ltr'>οὐδὲ</span> <span class='ocrx_word' id='word_1_668' title='bbox 1331 5076 1399 5131; x_wconf 77' lang='grc' dir='ltr'>τὰ</span> <span class='ocrx_word' id='word_1_669' title='bbox 1450 5076 1730 5147; x_wconf 84' lang='grc' dir='ltr'>δευτερεῖα</span> 
     </span>
    </p>
   </div>
   <div class='ocr_carea' id='block_1_95' title="bbox 104 5170 1727 5247">
    <p class='ocr_par' dir='ltr' id='par_1_95' title="bbox 104 5170 1727 5247">
     <span class='ocr_line' id='line_1_95' title="bbox 104 5170 1727 5247; baseline -0.006 -16"><span class='ocrx_word' id='word_1_670' title='bbox 104 5178 339 5247; x_wconf 80' lang='grc' dir='ltr'>γένοιτο</span> <span class='ocrx_word' id='word_1_671' title='bbox 367 5176 433 5229; x_wconf 79' lang='grc' dir='ltr'>ἂν</span> <span class='ocrx_word' id='word_1_672' title='bbox 458 5175 778 5245; x_wconf 79' lang='grc' dir='ltr'>ἀφιλότιμα.</span> <span class='ocrx_word' id='word_1_673' title='bbox 812 5172 984 5243; x_wconf 78' lang='grc' dir='ltr'>Τυχδν</span> <span class='ocrx_word' id='word_1_674' title='bbox 1016 5172 1061 5225; x_wconf 84' lang='grc' dir='ltr'>δ’</span> <span class='ocrx_word' id='word_1_675' title='bbox 1088 5171 1157 5225; x_wconf 84' lang='grc' dir='ltr'>ἂν</span> <span class='ocrx_word' id='word_1_676' title='bbox 1190 5170 1285 5224; x_wconf 78' lang='grc' dir='ltr'>καὶ</span> <span class='ocrx_word' id='word_1_677' title='bbox 1322 5172 1567 5241; x_wconf 86' lang='grc' dir='ltr'>πρωτεῖα</span> <span class='ocrx_word' id='word_1_678' title='bbox 1599 5185 1727 5237; x_wconf 89' lang='grc' dir='ltr'>συγ-</span> 
     </span>
    </p>
   </div>
   <div class='ocr_carea' id='block_1_96' title="bbox 110 5262 1724 5341">
    <p class='ocr_par' dir='ltr' id='par_1_96' title="bbox 110 5262 1724 5341">
     <span class='ocr_line' id='line_1_96' title="bbox 110 5262 1724 5341; baseline -0.006 -19"><span class='ocrx_word' id='word_1_679' title='bbox 110 5268 534 5341; x_wconf 76' lang='grc' dir='ltr'>χωρηθείημεν,</span> <span class='ocrx_word' id='word_1_680' title='bbox 563 5269 612 5321; x_wconf 74' lang='grc' dir='ltr'>εἰ</span> <span class='ocrx_word' id='word_1_681' title='bbox 642 5266 719 5339; x_wconf 73' lang='grc' dir='ltr'>μὴ</span> <span class='ocrx_word' id='word_1_682' title='bbox 768 5266 1099 5338; x_wconf 82' lang='grc' dir='ltr'>λοχήσαντες</span> <span class='ocrx_word' id='word_1_683' title='bbox 1146 5266 1205 5317; x_wconf 80' lang='grc' dir='ltr'>ὲν</span> <span class='ocrx_word' id='word_1_684' title='bbox 1240 5262 1487 5336; x_wconf 80' lang='grc' dir='ltr'>φάραγγι</span> <span class='ocrx_word' id='word_1_685' title='bbox 1528 5278 1724 5315; x_wconf 84' lang='grc' dir='ltr'>πεντε-</span> 
     </span>
    </p>
   </div>
   <div class='ocr_carea' id='block_1_97' title="bbox 112 5357 1724 5434">
    <p class='ocr_par' dir='ltr' id='par_1_97' title="bbox 112 5357 1724 5434">
     <span class='ocr_line' id='line_1_97' title="bbox 112 5357 1724 5434; baseline -0.006 -15"><span class='ocrx_word' id='word_1_686' title='bbox 112 5363 362 5419; x_wconf 75' lang='grc' dir='ltr'>καίδεκα</span> <span class='ocrx_word' id='word_1_687' title='bbox 396 5362 826 5434; x_wconf 84' lang='grc' dir='ltr'>προνομεύοντες</span> <span class='ocrx_word' id='word_1_688' title='bbox 864 5361 1276 5432; x_wconf 84' lang='grc' dir='ltr'>εὐτυχήσαμεν,</span> <span class='ocrx_word' id='word_1_689' title='bbox 1326 5358 1461 5413; x_wconf 69' lang='grc' dir='ltr'>ἀλλὰ</span> <span class='ocrx_word' id='word_1_690' title='bbox 1506 5357 1724 5428; x_wconf 85' lang='grc' dir='ltr'>νομίμῳ</span> 
     </span>
    </p>
   </div>
   <div class='ocr_carea' id='block_1_98' title="bbox 1822 4624 3418 4697">
    <p class='ocr_par' dir='ltr' id='par_1_98' title="bbox 1822 4624 3418 4697">
     <span class='ocr_line' id='line_1_98' title="bbox 1822 4624 3418 4697; baseline -0.001 -15"><span class='ocrx_word' id='word_1_691' title='bbox 1822 4626 2040 4682; x_wconf 87' lang='lat' dir='ltr'><strong>bucnda</strong></span> <span class='ocrx_word' id='word_1_692' title='bbox 2064 4633 2171 4691; x_wconf 86' lang='lat' dir='ltr'><strong>est,</strong></span> <span class='ocrx_word' id='word_1_693' title='bbox 2202 4640 2327 4680; x_wconf 91' lang='lat' dir='ltr'><strong>cum</strong></span> <span class='ocrx_word' id='word_1_694' title='bbox 2364 4624 2435 4681; x_wconf 92' lang='lat' dir='ltr'><strong>ob</strong></span> <span class='ocrx_word' id='word_1_695' title='bbox 2466 4640 2530 4680; x_wconf 90' lang='lat' dir='ltr'><strong>ea</strong></span> <span class='ocrx_word' id='word_1_696' title='bbox 2556 4640 2679 4696; x_wconf 69' lang='lat' dir='ltr'><strong>quae</strong></span> <span class='ocrx_word' id='word_1_697' title='bbox 2706 4625 2901 4697; x_wconf 80' lang='lat' dir='ltr'><strong>gessit,</strong></span> <span class='ocrx_word' id='word_1_698' title='bbox 2931 4632 3047 4679; x_wconf 90' lang='lat' dir='ltr'><strong>tum</strong></span> <span class='ocrx_word' id='word_1_699' title='bbox 3076 4625 3149 4679; x_wconf 92' lang='lat' dir='ltr'><strong>ob</strong></span> <span class='ocrx_word' id='word_1_700' title='bbox 3198 4639 3261 4679; x_wconf 89' lang='lat' dir='ltr'><strong>ea</strong></span> <span class='ocrx_word' id='word_1_701' title='bbox 3292 4639 3418 4695; x_wconf 68' lang='lat' dir='ltr'><strong>quae</strong></span> 
     </span>
    </p>
   </div>
   <div class='ocr_carea' id='block_1_99' title="bbox 1824 4713 3415 4789">
    <p class='ocr_par' dir='ltr' id='par_1_99' title="bbox 1824 4713 3415 4789">
     <span class='ocr_line' id='line_1_99' title="bbox 1824 4713 3415 4789; baseline -0.001 -19"><span class='ocrx_word' id='word_1_702' title='bbox 1824 4732 1920 4789; x_wconf 90' lang='lat' dir='ltr'><strong>per</strong></span> <span class='ocrx_word' id='word_1_703' title='bbox 1954 4728 2169 4786; x_wconf 86' lang='lat' dir='ltr'><strong>tempus</strong></span> <span class='ocrx_word' id='word_1_704' title='bbox 2218 4714 2354 4769; x_wconf 89' lang='lat' dir='ltr'><strong>illud</strong></span> <span class='ocrx_word' id='word_1_705' title='bbox 2386 4714 2544 4769; x_wconf 81' lang='lat' dir='ltr'><strong>dixit.</strong></span> <span class='ocrx_word' id='word_1_706' title='bbox 2575 4713 2686 4787; x_wconf 81' lang='lat' dir='ltr'><strong>Ego</strong></span> <span class='ocrx_word' id='word_1_707' title='bbox 2723 4729 2856 4770; x_wconf 90' lang='lat' dir='ltr'><strong>vero</strong></span> <span class='ocrx_word' id='word_1_708' title='bbox 2904 4729 3097 4770; x_wconf 89' lang='lat' dir='ltr'><strong>omnes</strong></span> <span class='ocrx_word' id='word_1_709' title='bbox 3134 4713 3260 4769; x_wconf 90' lang='lat' dir='ltr'><strong>illos</strong></span> <span class='ocrx_word' id='word_1_710' title='bbox 3318 4713 3415 4784; x_wconf 90' lang='lat' dir='ltr'><strong>qui</strong></span> 
     </span>
    </p>
   </div>
   <div class='ocr_carea' id='block_1_100' title="bbox 1824 4808 3416 4877">
    <p class='ocr_par' dir='ltr' id='par_1_100' title="bbox 1824 4808 3416 4877">
     <span class='ocr_line' id='line_1_100' title="bbox 1824 4808 3416 4877; baseline -0.003 -12"><span class='ocrx_word' id='word_1_711' title='bbox 1824 4810 1905 4865; x_wconf 89' lang='lat' dir='ltr'><strong>rei</strong></span> <span class='ocrx_word' id='word_1_712' title='bbox 1943 4808 2337 4868; x_wconf 78' lang='lat' dir='ltr'><strong>interfuerunt,</strong></span> <span class='ocrx_word' id='word_1_713' title='bbox 2389 4808 2754 4863; x_wconf 82' lang='lat' dir='ltr'><strong>libentissime</strong></span> <span class='ocrx_word' id='word_1_714' title='bbox 2797 4822 3147 4871; x_wconf 88' lang='lat' dir='ltr'><strong>coronarem,</strong></span> <span class='ocrx_word' id='word_1_715' title='bbox 3180 4822 3243 4862; x_wconf 81' lang='lat' dir='ltr'><strong>ac</strong></span> <span class='ocrx_word' id='word_1_716' title='bbox 3275 4822 3416 4877; x_wconf 66' lang='lat' dir='ltr'><strong>prae-</strong></span> 
     </span>
    </p>
   </div>
   <div class='ocr_carea' id='block_1_101' title="bbox 1825 4898 3414 4972">
    <p class='ocr_par' dir='ltr' id='par_1_101' title="bbox 1825 4898 3414 4972">
     <span class='ocr_line' id='line_1_101' title="bbox 1825 4898 3414 4972; baseline -0.003 -16"><span class='ocrx_word' id='word_1_717' title='bbox 1825 4902 1983 4956; x_wconf 91' lang='lat' dir='ltr'><strong>conis</strong></span> <span class='ocrx_word' id='word_1_718' title='bbox 2013 4916 2149 4955; x_wconf 92' lang='lat' dir='ltr'><strong>voce</strong></span> <span class='ocrx_word' id='word_1_719' title='bbox 2206 4900 2587 4970; x_wconf 73' lang='lat' dir='ltr'><strong>prazdicarem.</strong></span> <span class='ocrx_word' id='word_1_720' title='bbox 2642 4898 2814 4953; x_wconf 82' lang='lat' dir='ltr'><strong>Primi</strong></span> <span class='ocrx_word' id='word_1_721' title='bbox 2868 4900 3015 4955; x_wconf 89' lang='lat' dir='ltr'><strong>enim</strong></span> <span class='ocrx_word' id='word_1_722' title='bbox 3070 4898 3414 4972; x_wconf 84' lang='lat' dir='ltr'><strong>egregiorum</strong></span> 
     </span>
    </p>
   </div>
   <div class='ocr_carea' id='block_1_102' title="bbox 1826 4994 3417 5064">
    <p class='ocr_par' dir='ltr' id='par_1_102' title="bbox 1826 4994 3417 5064">
     <span class='ocr_line' id='line_1_102' title="bbox 1826 4994 3417 5064; baseline -0.004 -15"><span class='ocrx_word' id='word_1_723' title='bbox 1826 4995 2137 5049; x_wconf 75' lang='lat' dir='ltr'><strong>facinorum</strong></span> <span class='ocrx_word' id='word_1_724' title='bbox 2176 5002 2429 5048; x_wconf 86' lang='lat' dir='ltr'><strong>auctores</strong></span> <span class='ocrx_word' id='word_1_725' title='bbox 2480 5009 2540 5049; x_wconf 90' lang='lat' dir='ltr'><strong>se</strong></span> <span class='ocrx_word' id='word_1_726' title='bbox 2590 4994 2976 5064; x_wconf 61' lang='lat' dir='ltr'><strong>praebuerunt;</strong></span> <span class='ocrx_word' id='word_1_727' title='bbox 3015 5001 3076 5047; x_wconf 93' lang='lat' dir='ltr'><strong>ut</strong></span> <span class='ocrx_word' id='word_1_728' title='bbox 3124 4994 3229 5047; x_wconf 91' lang='lat' dir='ltr'><strong>hoc</strong></span> <span class='ocrx_word' id='word_1_729' title='bbox 3274 4998 3417 5045; x_wconf 82' lang='lat' dir='ltr'><strong>atto-</strong></span> 
     </span>
    </p>
   </div>
   <div class='ocr_carea' id='block_1_103' title="bbox 1827 5085 3417 5157">
    <p class='ocr_par' dir='ltr' id='par_1_103' title="bbox 1827 5085 3417 5157">
     <span class='ocr_line' id='line_1_103' title="bbox 1827 5085 3417 5157; baseline -0.003 -16"><span class='ocrx_word' id='word_1_730' title='bbox 1827 5088 1962 5141; x_wconf 90' lang='lat' dir='ltr'><strong>nitis</strong></span> <span class='ocrx_word' id='word_1_731' title='bbox 1998 5102 2063 5141; x_wconf 85' lang='lat' dir='ltr'><strong>ac</strong></span> <span class='ocrx_word' id='word_1_732' title='bbox 2099 5085 2400 5157; x_wconf 81' lang='lat' dir='ltr'><strong>lymphatis</strong></span> <span class='ocrx_word' id='word_1_733' title='bbox 2429 5086 2551 5141; x_wconf 89' lang='lat' dir='ltr'><strong>istis</strong></span> <span class='ocrx_word' id='word_1_734' title='bbox 2590 5088 2975 5147; x_wconf 82' lang='lat' dir='ltr'><strong>ostenderent,</strong></span> <span class='ocrx_word' id='word_1_735' title='bbox 3025 5100 3135 5140; x_wconf 88' lang='lat' dir='ltr'><strong>non</strong></span> <span class='ocrx_word' id='word_1_736' title='bbox 3166 5097 3263 5138; x_wconf 86' lang='lat' dir='ltr'><strong>eos</strong></span> <span class='ocrx_word' id='word_1_737' title='bbox 3293 5095 3417 5137; x_wconf 84' lang='lat' dir='ltr'><strong>esse</strong></span> 
     </span>
    </p>
   </div>
   <div class='ocr_carea' id='block_1_104' title="bbox 1826 5172 3417 5249">
    <p class='ocr_par' dir='ltr' id='par_1_104' title="bbox 1826 5172 3417 5249">
     <span class='ocr_line' id='line_1_104' title="bbox 1826 5172 3417 5249; baseline -0.006 -16"><span class='ocrx_word' id='word_1_738' title='bbox 1826 5177 2193 5249; x_wconf 75' lang='lat' dir='ltr'><strong>Corybantes,</strong></span> <span class='ocrx_word' id='word_1_739' title='bbox 2231 5192 2409 5248; x_wconf 87' lang='lat' dir='ltr'><strong>neque</strong></span> <span class='ocrx_word' id='word_1_740' title='bbox 2431 5193 2497 5231; x_wconf 73' lang='lat' dir='ltr'><strong>ex</strong></span> <span class='ocrx_word' id='word_1_741' title='bbox 2534 5175 2699 5232; x_wconf 64' lang='lat' dir='ltr'><strong>libere</strong></span> <span class='ocrx_word' id='word_1_742' title='bbox 2729 5175 2924 5230; x_wconf 81' lang='lat' dir='ltr'><strong>matris</strong></span> <span class='ocrx_word' id='word_1_743' title='bbox 2955 5173 3184 5230; x_wconf 88' lang='lat' dir='ltr'><strong>asseclis</strong></span> <span class='ocrx_word' id='word_1_744' title='bbox 3213 5172 3417 5227; x_wconf 66' lang='lat' dir='ltr'><strong>daamo~</strong></span> 
     </span>
    </p>
   </div>
   <div class='ocr_carea' id='block_1_105' title="bbox 1828 5264 3417 5339">
    <p class='ocr_par' dir='ltr' id='par_1_105' title="bbox 1828 5264 3417 5339">
     <span class='ocr_line' id='line_1_105' title="bbox 1828 5264 3417 5339; baseline -0.005 -13"><span class='ocrx_word' id='word_1_745' title='bbox 1828 5270 2026 5331; x_wconf 87' lang='lat' dir='ltr'><strong>nibus,</strong></span> <span class='ocrx_word' id='word_1_746' title='bbox 2086 5268 2184 5325; x_wconf 89' lang='lat' dir='ltr'><strong>sed</strong></span> <span class='ocrx_word' id='word_1_747' title='bbox 2244 5269 2499 5326; x_wconf 88' lang='lat' dir='ltr'><strong>homines</strong></span> <span class='ocrx_word' id='word_1_748' title='bbox 2536 5285 2693 5339; x_wconf 62' lang='lat' dir='ltr'><strong>atque</strong></span> <span class='ocrx_word' id='word_1_749' title='bbox 2745 5284 2810 5322; x_wconf 91' lang='lat' dir='ltr'><strong>ac</strong></span> <span class='ocrx_word' id='word_1_750' title='bbox 2856 5282 2958 5321; x_wconf 88' lang='lat' dir='ltr'><strong>nos</strong></span> <span class='ocrx_word' id='word_1_751' title='bbox 2989 5264 3311 5321; x_wconf 82' lang='lat' dir='ltr'><strong>vulneribus</strong></span> <span class='ocrx_word' id='word_1_752' title='bbox 3352 5278 3417 5318; x_wconf 85' lang='lat' dir='ltr'><strong>ac</strong></span> 
     </span>
    </p>
   </div>
   <div class='ocr_carea' id='block_1_106' title="bbox 1828 5356 3413 5427">
    <p class='ocr_par' dir='ltr' id='par_1_106' title="bbox 1828 5356 3413 5427">
     <span class='ocr_line' id='line_1_106' title="bbox 1828 5356 3413 5427; baseline -0.003 -10"><span class='ocrx_word' id='word_1_753' title='bbox 1828 5361 1996 5417; x_wconf 89' lang='lat' dir='ltr'><strong>morti</strong></span> <span class='ocrx_word' id='word_1_754' title='bbox 2029 5361 2321 5417; x_wconf 74' lang='lat' dir='ltr'><strong>obnoxios.</strong></span> <span class='ocrx_word' id='word_1_755' title='bbox 2355 5361 2515 5427; x_wconf 82' lang='lat' dir='ltr'><strong>Quod</strong></span> <span class='ocrx_word' id='word_1_756' title='bbox 2559 5364 2604 5415; x_wconf 92' lang='lat' dir='ltr'><strong>si</strong></span> <span class='ocrx_word' id='word_1_757' title='bbox 2648 5362 2817 5416; x_wconf 91' lang='lat' dir='ltr'><strong>ctiam</strong></span> <span class='ocrx_word' id='word_1_758' title='bbox 2851 5373 2954 5415; x_wconf 91' lang='lat' dir='ltr'><strong>nos</strong></span> <span class='ocrx_word' id='word_1_759' title='bbox 2999 5356 3103 5414; x_wconf 84' lang='lat' dir='ltr'><strong>viri</strong></span> <span class='ocrx_word' id='word_1_760' title='bbox 3142 5370 3413 5413; x_wconf 88' lang='lat' dir='ltr'><strong>essemus.</strong></span> 
     </span>
    </p>
   </div>
   <div class='ocr_carea' id='block_1_107' title="bbox 1379 5545 2146 5604">
    <p class='ocr_par' dir='ltr' id='par_1_107' title="bbox 1379 5545 2146 5604">
     <span class='ocr_line' id='line_1_107' title="bbox 1379 5545 2146 5604; baseline 0.001 -1"><span class='ocrx_word' id='word_1_761' title='bbox 1379 5548 1563 5604; x_wconf 83' lang='lat' dir='ltr'><strong>DION.</strong></span> <span class='ocrx_word' id='word_1_762' title='bbox 1596 5545 1874 5603; x_wconf 78' lang='lat' dir='ltr'><strong>PETAVII</strong></span> <span class='ocrx_word' id='word_1_763' title='bbox 1912 5546 2146 5604; x_wconf 64' lang='lat' dir='ltr'><strong>NOTE.</strong></span> 
     </span>
    </p>
   </div>
   <div class='ocr_carea' id='block_1_108' title="bbox 201 5702 1722 5776">
    <p class='ocr_par' dir='ltr' id='par_1_108' title="bbox 201 5702 1722 5776">
     <span class='ocr_line' id='line_1_108' title="bbox 201 5702 1722 5776; baseline 0.002 -19"><span class='ocrx_word' id='word_1_764' title='bbox 201 5702 321 5776; x_wconf 30' lang='lat' dir='ltr'><strong>(A55)</strong></span> <span class='ocrx_word' id='word_1_765' title='bbox 368 5704 445 5757; x_wconf 83' lang='grc' dir='ltr'><strong>Τὰ</strong></span> <span class='ocrx_word' id='word_1_766' title='bbox 465 5702 535 5757; x_wconf 77' lang='grc' dir='ltr'><strong>ἐν</strong></span> <span class='ocrx_word' id='word_1_767' title='bbox 565 5702 1548 5776; x_wconf 14' lang='grc' dir='ltr'>τοῖςθηρευέμεν-[σμασι.ᾼῼΙιῐγεοει.</span> <span class='ocrx_word' id='word_1_768' title='bbox 1580 5713 1722 5776; x_wconf 76' lang='lat' dir='ltr'><strong>orat.</strong></span> 
     </span>
    </p>
   </div>
   <div class='ocr_carea' id='block_1_109' title="bbox 119 5774 1728 5843">
    <p class='ocr_par' dir='ltr' id='par_1_109' title="bbox 119 5774 1728 5843">
     <span class='ocr_line' id='line_1_109' title="bbox 119 5774 1728 5843; baseline 0 -14"><span class='ocrx_word' id='word_1_769' title='bbox 119 5777 161 5829; x_wconf 81' lang='lat'><strong>6</strong></span> <span class='ocrx_word' id='word_1_770' title='bbox 199 5774 277 5828; x_wconf 83' lang='lat' dir='ltr'><strong>De</strong></span> <span class='ocrx_word' id='word_1_771' title='bbox 314 5777 522 5843; x_wconf 67' lang='grc' dir='ltr'>μωηίι..</span> <span class='ocrx_word' id='word_1_772' title='bbox 565 5782 605 5827; x_wconf 87' lang='grc' dir='ltr'>ι.</span> <span class='ocrx_word' id='word_1_773' title='bbox 635 5774 701 5827; x_wconf 85' lang='lat' dir='ltr'><strong>VI</strong></span> <span class='ocrx_word' id='word_1_774' title='bbox 730 5775 861 5828; x_wconf 88' lang='lat' dir='ltr'><strong>edit.</strong></span> <span class='ocrx_word' id='word_1_775' title='bbox 904 5776 1101 5836; x_wconf 86' lang='lat' dir='ltr'><strong>Savi|.,</strong></span> <span class='ocrx_word' id='word_1_776' title='bbox 1148 5792 1200 5843; x_wconf 90' lang='lat' dir='ltr'><strong>p.</strong></span> <span class='ocrx_word' id='word_1_777' title='bbox 1244 5774 1345 5827; x_wconf 67' lang='grc'><strong>794</strong></span> <span class='ocrx_word' id='word_1_778' title='bbox 1378 5774 1391 5830; x_wconf 79' lang='grc' dir='ltr'>Ξ</span> <span class='ocrx_word' id='word_1_779' title='bbox 1447 5777 1545 5829; x_wconf 75' lang='grc' dir='ltr'><strong>Διὰ</strong></span> <span class='ocrx_word' id='word_1_780' title='bbox 1569 5775 1728 5829; x_wconf 83' lang='grc' dir='ltr'>τοῦτο</span> 
     </span>
    </p>
   </div>
   <div class='ocr_carea' id='block_1_110' title="bbox 120 5844 1731 5919">
    <p class='ocr_par' dir='ltr' id='par_1_110' title="bbox 120 5844 1731 5919">
     <span class='ocr_line' id='line_1_110' title="bbox 120 5844 1731 5919; baseline -0.001 -16"><span class='ocrx_word' id='word_1_781' title='bbox 120 5846 327 5916; x_wconf 80' lang='grc' dir='ltr'>ὥσπερ</span> <span class='ocrx_word' id='word_1_782' title='bbox 398 5847 449 5898; x_wconf 82' lang='lat' dir='ltr'><strong>oi</strong></span> <span class='ocrx_word' id='word_1_783' title='bbox 512 5845 769 5918; x_wconf 80' lang='grc' dir='ltr'>λουτῆρες</span> <span class='ocrx_word' id='word_1_784' title='bbox 827 5845 1017 5911; x_wconf 75' lang='grc' dir='ltr'>ὓδατος</span> <span class='ocrx_word' id='word_1_785' title='bbox 1100 5844 1515 5919; x_wconf 68' lang='grc' dir='ltr'>πεπληῖωμένοι</span> <span class='ocrx_word' id='word_1_786' title='bbox 1574 5846 1731 5918; x_wconf 73' lang='grc' dir='ltr'>ἐστή-</span> 
     </span>
    </p>
   </div>
   <div class='ocr_carea' id='block_1_111' title="bbox 1831 5690 3419 5821">
    <p class='ocr_par' dir='ltr' id='par_1_111' title="bbox 1831 5690 3419 5821">
     <span class='ocr_line' id='line_1_111' title="bbox 1831 5690 3419 5821; baseline -0.011 -62"><span class='ocrx_word' id='word_1_787' title='bbox 1831 5723 1963 5760; x_wconf 83' lang='grc' dir='ltr'>κασι</span> <span class='ocrx_word' id='word_1_788' title='bbox 2012 5705 2120 5790; x_wconf 71' lang='grc' dir='ltr'><strong>πρὸ</strong></span> <span class='ocrx_word' id='word_1_789' title='bbox 2170 5701 2460 5777; x_wconf 74' lang='lat' dir='ltr'><strong>[LXXXV]</strong></span> <span class='ocrx_word' id='word_1_790' title='bbox 2503 5701 2613 5756; x_wconf 88' lang='grc' dir='ltr'><strong>τῶν</strong></span> <span class='ocrx_word' id='word_1_791' title='bbox 2644 5698 2824 5783; x_wconf 77' lang='grc' dir='ltr'>θυρῶν</span> <span class='ocrx_word' id='word_1_792' title='bbox 2853 5698 2953 5821; x_wconf 49' lang='grc' dir='ltr'><strong>της</strong></span> <span class='ocrx_word' id='word_1_793' title='bbox 2983 5692 3299 5821; x_wconf 59' lang='grc' dir='ltr'>ἐκκλησίας,</span> <span class='ocrx_word' id='word_1_794' title='bbox 3331 5690 3419 5753; x_wconf 72' lang='grc' dir='ltr'><strong>ἵνα</strong></span> 
     </span>
     <span class='ocr_line' id='line_1_112' title="bbox 1833 5759 3419 5821; baseline -0.003 0"><span class='ocrx_word' id='word_1_795' title='bbox 1833 5776 1997 5821; x_wconf 65' lang='lat' dir='ltr'><strong>vhan</strong></span> <span class='ocrx_word' id='word_1_796' title='bbox 2020 5793 2117 5821; x_wconf 68' lang='grc' dir='ltr'>τας</span> <span class='ocrx_word' id='word_1_797' title='bbox 2153 5776 2340 5821; x_wconf 70' lang='grc' dir='ltr'><strong>νεῖοάε</strong></span> <span class='ocrx_word' id='word_1_798' title='bbox 2370 5792 2483 5821; x_wconf 67' lang='grc' dir='ltr'>σοιν</span> <span class='ocrx_word' id='word_1_799' title='bbox 2516 5773 2659 5821; x_wconf 70' lang='grc' dir='ltr'>οὕτω</span> <span class='ocrx_word' id='word_1_800' title='bbox 2682 5789 2780 5821; x_wconf 71' lang='grc' dir='ltr'><strong>τηε</strong></span> <span class='ocrx_word' id='word_1_801' title='bbox 2806 5770 2908 5821; x_wconf 79' lang='grc' dir='ltr'>ἐκκ</span> <span class='ocrx_word' id='word_1_802' title='bbox 2942 5767 3100 5821; x_wconf 79' lang='grc' dir='ltr'>ησίαε</span> <span class='ocrx_word' id='word_1_803' title='bbox 3156 5764 3253 5821; x_wconf 79' lang='grc' dir='ltr'><strong>ξω.</strong></span> <span class='ocrx_word' id='word_1_804' title='bbox 3280 5759 3419 5817; x_wconf 82' lang='grc' dir='ltr'>καθ-</span> 
     </span>
    </p>
   </div>
   <div class='ocr_carea' id='block_1_112' title="bbox 1833 5759 3429 5848">
    <p class='ocr_par' dir='ltr' id='par_1_112' title="bbox 1833 5759 3429 5848">
     <span class='ocr_line' id='line_1_113' title="bbox 1833 5759 3429 5848; baseline -0.021 -1"><span class='ocrx_word' id='word_1_805' title='bbox 1833 5759 1997 5848; x_wconf 63' lang='grc' dir='ltr'>νίψῃς</span> <span class='ocrx_word' id='word_1_806' title='bbox 2020 5759 2117 5841; x_wconf 48' lang='grc' dir='ltr'><strong>τὶς</strong></span> <span class='ocrx_word' id='word_1_807' title='bbox 2153 5759 2340 5847; x_wconf 54' lang='grc' dir='ltr'>ἰεῖράς</span> <span class='ocrx_word' id='word_1_808' title='bbox 2370 5759 2483 5829; x_wconf 74' lang='grc' dir='ltr'>σούο</span> <span class='ocrx_word' id='word_1_809' title='bbox 2516 5773 2659 5829; x_wconf 74' lang='grc' dir='ltr'>οὓτω</span> <span class='ocrx_word' id='word_1_810' title='bbox 2682 5759 2780 5844; x_wconf 73' lang='grc' dir='ltr'>τ’ῆς</span> <span class='ocrx_word' id='word_1_811' title='bbox 2806 5759 3105 5843; x_wconf 74' lang='grc' dir='ltr'>ἐκκλησίας</span> <span class='ocrx_word' id='word_1_812' title='bbox 3124 5759 3253 5834; x_wconf 67' lang='grc' dir='ltr'>ἔξω,</span> <span class='ocrx_word' id='word_1_813' title='bbox 3280 5759 3429 5817; x_wconf 82' lang='grc' dir='ltr'>καθ--</span> 
     </span>
    </p>
   </div>
   <div class='ocr_carea' id='block_1_113' title="bbox 1840 5848 2873 5920">
    <p class='ocr_par' dir='ltr' id='par_1_113' title="bbox 1840 5848 2873 5920">
     <span class='ocr_line' id='line_1_114' title="bbox 1840 5848 2873 5920; baseline -0.003 -19"><span class='ocrx_word' id='word_1_814' title='bbox 1840 5848 2053 5915; x_wconf 75' lang='grc' dir='ltr'>ἑςονται</span> <span class='ocrx_word' id='word_1_815' title='bbox 2085 5848 2136 5903; x_wconf 82' lang='grc' dir='ltr'><strong>οι</strong></span> <span class='ocrx_word' id='word_1_816' title='bbox 2165 5848 2415 5920; x_wconf 76' lang='grc' dir='ltr'>πένητες.</span> <span class='ocrx_word' id='word_1_817' title='bbox 2563 5857 2572 5864; x_wconf 94' lang='grc'><strong>·</strong></span> <span class='ocrx_word' id='word_1_818' title='bbox 2754 5854 2761 5861; x_wconf 81' lang='lat'><strong>‘</strong></span> <span class='ocrx_word' id='word_1_819' title='bbox 2864 5852 2873 5861; x_wconf 87' lang='lat'>&#39;</span> 
     </span>
    </p>
   </div>
  </div>
