3892 6520
158 380 289 438 ίέηθ
1275 379 1656 439 EPISTOLIE.
1674 411 1735 423 —

1842 379 1997 437 ηδτ.
2040 379 2279 437 CXXIX."
3277 375 3372 436 151
3384 379 3422 435 σ

159 519 239 555 σοι
260 501 355 556 καὶ
392 504 460 573 τῇ
482 502 556 574 τῇ
585 500 887 572 Αἰγύπτου,
925 500 1023 556 τοῦ
1062 502 1209 556 πιεῖν
1235 501 1379 574 ὕδωρ
1403 501 1552 555 Γεῶν
1572 501 1686 571 (59)
1715 517 1730 563 ;

1842 499 1979 566 Quid
2010 501 2132 565 tibi,
2163 509 2219 555 et
2246 508 2411 556 terra
2436 500 2682 573 Egypti.
2717 509 2774 556 ut
2804 501 2962 558 bibas
2998 515 3196 571 aquam
3226 499 3419 555 Geon?

157 594 229 649 Τὸ
274 594 384 666 γάρ
427 595 622 659 ἔθνος,
669 595 939 667 θεομάχον
996 595 1258 667 ἀρχαῖον,
1304 596 1402 650 καὶ
1456 594 1733 665 Πατράσιν

1842 592 1985 647 Gens
2035 594 2184 647 enim
2220 593 2326 647 ista
2380 593 2490 649 Deo
2533 595 2861 665 jampridem
2918 595 3143 650 rebellis
3202 606 3311 659 est,
3346 608 3417 647 ae

158 686 326 756 ἁγίοις
354 686 613 758 πολέμιον

658 799 1008 854 ΕΠΙΣΤΟΛΗ
1057 798 1237 854 ΡΚΘθσ

752 909 1135 982 Πυλαιμένει.

228 1007 473 1063 Πλάτωνι
509 1004 808 1079 Σωκράτης
854 1002 1147 1079 πεποίηται
1195 1002 1438 1077 προσιὼν
1488 1002 1587 1074 μὲν
1635 1000 1735 1072 ὀψέ

160 1117 286 1154 ποτε
322 1099 457 1173 πρὸς
484 1099 554 1153 τά
582 1099 828 1164 παιδικά,
853 1098 1022 1164 ἀξιῶν
1044 1098 1101 1152 δὲ
1132 1095 1274 1151 αὐτὰ
1304 1096 1379 1169 μὴ
1407 1093 1733 1168 θαυμάζειν,

158 1192 448 1264 είῶσπερ,
492 1191 661 1263 φησὶ,
713 1190 867 1263 μόλις
898 1190 1196 1261 ἠρξάμην,
1237 1187 1382 1243 οὕτω
1431 1189 1524 1243 καὶ
1580 1187 1733 1259 μόλις

157 1284 492 1356 παυσαίμην.
551 1282 694 1353 Ἐγὼ
750 1283 806 1337 δέ
858 1300 949 1353 μοι
1000 1282 1142 1337 δοκῶ
1190 1281 1358 1336 ταύτὸ
1408 1279 1735 1335 πεπονθέναι

157 1376 324 1441 πάθος
358 1376 496 1449 πρὸς
537 1377 595 1430 σὲ
616 1415 632 1441 ,
654 1376 757 1435 καὶ
784 1375 885 1449 τὴν
916 1376 1085 1447 αὐτὴν
1109 1375 1315 1441 δίκαιος
1343 1369 1482 1430 εἶναι
1526 1392 1732 1446 παραι-

155 1469 361 1524 τεῖσθαι
398 1468 730 1540 συγγνώμην
749 1510 765 1535 ,
805 1468 1050 1522 ἐνιαυτὸν
1084 1468 1235 1531 ὅλον,
1264 1469 1365 1522 οὐκ
1395 1466 1544 1532 ἄξιον
1565 1506 1580 1530 ,
1611 1466 1733 1520 οὐδὲ

155 1558 348 1630 ἀληθὲς
398 1559 614 1622 εἰπεῖν,
668 1557 941 1628 ἐπισχὼν,
993 1555 1130 1612 ἀλλὰ
1180 1556 1358 1628 μάτην
1390 1554 1605 1617 στείλας
1634 1552 1735 1616 τάς

155 1652 477 1716 ἐπιστολάς,
513 1650 591 1721 τῷ
629 1650 791 1704 πάλιν
841 1650 1011 1713 αὐτάς
1065 1651 1145 1713 εἰς
1199 1648 1301 1712 τὰς
1354 1648 1493 1719 ἐμάς
1542 1648 1733 1719 χεῖρας

153 1740 612 1813 ἀνακομισθῆναιο
642 1740 737 1793 νῦν
767 1734 858 1793 οὖν
887 1739 1093 1811 άθρόας
1124 1737 1253 1811 [πρ.
1284 1736 1377 1791 νῦν
1396 1735 1618 1808 ἀθρόας]
1641 1738 1733 1789 ὲκ·-

1834 684 2046 741 sanctis
2067 683 2327 740 Patribus
2359 685 2604 741 inimica.

2318 798 2656 856 EPISTULA
2686 799 2924 856 CXXIX.

2468 912 2784 986 Pylwmeni.

1907 1004 2170 1063 Socrates
2196 1006 2340 1078 apud
2370 1006 2656 1062 Platonem
2698 1007 2981 1063 inducitur
3008 1021 3132 1062 sero
3165 1007 3230 1061 ad
3268 1021 3421 1059 ama-

1834 1098 1950 1154 sios
1968 1116 2102 1155 suos
2122 1100 2413 1166 accedens,
2432 1108 2596 1172 atque
2625 1098 2834 1155 idcirco
2856 1100 3170 1171 postulans,
3192 1099 3419 1153 minim:

1834 1201 1895 1248 ut
1929 1194 2202 1249 mirentur
2257 1194 2326 1259 si,
2386 1194 2489 1258 uti.
2552 1192 2755 1263 inquit,
2808 1208 2953 1264 agre
3005 1193 3291 1262 coeperim,
3342 1193 3418 1245 ita

1832 1301 1979 1356 agre
2006 1285 2279 1341 desinam.
2314 1284 2428 1355 Ego
2455 1298 2588 1339 vero
2615 1282 2867 1338 eumdem
2896 1297 3025 1353 erga
3065 1290 3118 1337 te
3156 1280 3416 1335 allectum

1833 1380 2007 1434 animi
2036 1378 2353 1450 suscepisse
2373 1376 2962 1444 videor,eamdemque
2993 1374 3093 1429 abs
3126 1385 3177 1428 te
3201 1373 3417 1427 veniam

1833 1472 2035 1527 merito
2065 1486 2229 1542 posse
2263 1469 2576 1542 deprecari,
2610 1469 2705 1540 qui
2740 1476 2855 1522 toto
2893 1483 3039 1522 anno
3065 1483 3173 1522 non
3212 1466 3419 1527 dicam,

1832 1578 2015 1633 neque
2042 1563 2187 1617 enim
2216 1560 2277 1616 id
2305 1576 2434 1617 vere
2464 1575 2711 1631 possum,
2741 1558 3057 1624 omiserim;
3087 1558 3179 1614 sed
3214 1556 3419 1611 frustra

1832 1653 2074 1709 dederim
2105 1653 2350 1717 litteras;
2380 1653 2642 1723 quoniam
2678 1666 2874 1706 rursus
2913 1649 2982 1703 ad
3027 1664 3177 1703 meas
3223 1664 3425 1703 manus

1832 1760 2069 1803 reversa
2100 1753 2253 1801 sunt.
2286 1743 2445 1800 Nunc
2489 1745 2673 1814 itaque
2704 1742 2871 1797 simul
2903 1756 3096 1796 omnes
3129 1740 3197 1795 ad
3244 1750 3297 1795 te
3332 1757 3422 1795 re-

153 1834 375 1903 πέμπω.
429 1833 528 1895 Ἀς
588 1830 649 1884 οὐ
705 1830 867 1901 μόνον
921 1829 1112 1902 ὥσπερ
1166 1829 1347 1901 φόρων
1395 1827 1732 1898 ἐλλείμματα

1842 1839 2036 1903 mitto;
2062 1852 2203 1907 quas
2222 1852 2332 1891 non
2356 1836 2519 1891 modo
2546 1836 2696 1891 velut
2725 1832 3007 1890 residuum
3029 1832 3423 1904 pensitationis

151 1918 431 1985 άποδιδοὺς
485 1920 821 1992 μακρηγορῶ
853 1936 867 1951 ⁸
908 1918 1048 1973 άλλά
1089 1918 1183 1973 καὶ
1226 1918 1612 1989 προσενεγκεῖν
1644 1932 1730 1968 σοι

153 2014 413 2087 βούλομαι
436 2013 582 2083 ⁴(60).
620 2012 849 2075 Καίτοι,
896 2012 962 2083 νὴ
996 2011 1089 2066 τὸν
1136 2010 1309 2081 φίλιον
1361 2010 1452 2063 τὸν
1490 2009 1622 2080 ἐμόν
1668 2024 1729 2060 τε

150 2102 249 2164 καὶ
279 2108 388 2172 σὸν,
416 2107 504 2160 ἐπ’
539 2105 688 2178 αὐτῷ
727 2106 901 2177 τούτῳ
928 2105 1167 2177 κατέϐην
1198 2105 1288 2158 ἐπὶ
1321 2103 1610 2169 θάλατταν,
1635 2104 1731 2159 καὶ

146 2203 262 2266 τοῖς
307 2198 651 2253 Φυκουντίων
684 2197 932 2251 κωπεῦσι
983 2196 1285 2267 διείλεγμαι
1310 2236 1325 2259 .
1389 2197 1732 2268 σχασάμενος

150 2292 403 2365 ἱππικὴν,
446 2292 536 2346 ἵνα
565 2290 760 2345 στείλω
786 2290 923 2363 πρὸς
946 2291 1092 2361 ὑμᾶς
1119 2289 1279 2344 τοῦτο
1315 2289 1434 2361 μὲν,
1471 2290 1728 2360 γράμμα,

144 2387 305 2441 τοῦτο
336 2386 392 2440 δέ
425 2403 441 2417 υ
486 2384 601 2439 ἀλλ’
631 2384 732 2438 οὐκ
764 2382 914 2449 ἄξιον
960 2382 1233 2438 ποιεῖσθαι
1279 2384 1576 2451 κατάλογον
1620 2381 1733 2437 τῶν

146 2477 507 2549 πεμφθέντων
544 2478 641 2549 μὲν
662 2517 677 2539 ,
708 2473 849 2529 ὥστε
882 2475 1198 2547 Πυλαιμένη
1240 2473 1453 2527 λαϐεῖν’
1487 2476 1546 2528 ὲν
1583 2473 1732 2527 Ἀλε-

146 2565 402 2639 ξανδρείᾳ
464 2567 522 2621 δὲ
595 2564 926 2621 ἐκτεθέντων
999 2565 1088 2619 διά
1143 2565 1236 2620 τὸν
1302 2566 1732 2637 δυστυχέστατον

146 2658 448 2715 ἀπόπλουν.
493 2658 603 2713 Καί
651 2675 743 2711 σου
799 2657 897 2729 μὲν
935 2657 1099 2711 ἕνεκα
1124 2674 1139 2689 ·
1218 2656 1399 2710 καίτοι
1458 2657 1567 2710 τῶν
1615 2657 1736 2711 ἐκεῖ

143 2751 318 2822 φίλων
368 2753 395 2805 ὁ
428 2749 791 2820 φιλικώτατός
847 2767 936 2821 μοι
983 2748 1331 2819 Πυλαιμένης
1363 2749 1549 2802 ἐστίν·
1594 2747 1732 2801 ἀλλὰ

143 2844 219 2916 νὴ
263 2843 359 2916 τὴν
400 2842 585 2915 τιμίαν
620 2859 713 2896 σου
742 2841 981 2896 διάθεσιν
1006 2881 1021 2905 ,
1060 2842 1189 2911 ῥᾷον
1219 2839 1285 2893 ἂν
1315 2840 1522 2910 ἤνεγκα
1546 2880 1560 2903 ,
1596 2840 1629 2911 ἥ
1664 2839 1747 2893 δι’·

144 2937 367 3009 ἐτέρους
424 2936 690 3006 συχνοὺς,
725 2936 820 2990 καὶ
875 2935 1108 3005 μάλιστα
1155 2933 1242 2987 διά
1301 2932 1393 2986 τὸν
1428 2933 1733 3003 θαυμάσιον

144 3028 424 3101 Πρόκλον,
478 3028 572 3081 καὶ
610 3028 900 3099 Τρύφωνα.
936 3027 1071 3097 Περὶ
1106 3018 1181 3078 ὧν
1234 3026 1329 3079 καὶ
1390 3026 1567 3095 μόνων
1590 3067 1605 3090 ,
1653 3025 1731 3089 ὡς

142 3119 665 3192 προσαγορευόντων
702 3136 769 3189 με
810 3119 1114 3190 γέγραφας.
1166 3116 1483 3171 Ἀπέστειλα
1535 3113 1627 3171 οὖν
1660 3120 1726 3189 τῇ

1839 1930 2153 1994 exsolvens,
2214 1944 2317 2001 ago
2367 1929 2692 1997 verbosius;
2749 1926 2845 1984 sed
2879 1935 2935 1982 et
2964 1925 3169 1997 aliquid
3225 1923 3425 1980 oderie

1840 2024 2072 2095 insuper
2102 2021 2252 2079 volo.
2293 2021 2619 2094 Quanquam
2682 2032 2838 2077 tuum
2886 2034 3182 2090 meumque
3231 2018 3425 2090 praesi-

1839 2117 1963 2172 dem
2000 2115 2260 2171 amicitia
2287 2121 2494 2182 testor;
2519 2114 2590 2171 ob
2617 2111 2671 2168 id
2692 2129 2861 2168 unum
2895 2111 2963 2167 ad
3003 2127 3156 2166 mare
3189 2110 3426 2167 descen-

1838 2208 2049 2273 deram,
2080 2214 2135 2263 et
2162 2222 2288 2261 cum
2313 2203 2637 2277 Phycontiis
2662 2203 2963 2275 remigibus
2987 2196 3231 2273 egeram,
3249 2216 3422 2271 eque-

1839 2306 2010 2355 strem
2036 2298 2316 2360 omittens,
2348 2303 2408 2351 ut
2435 2294 2503 2349 ad
2533 2311 2628 2352 vos
2650 2296 2848 2365 partim
2878 2294 3089 2349 litteras
3112 2294 3423 2355 mitterem;

1842 2391 2041 2461 partim
2069 2390 2091 2457 ;’
2120 2390 2215 2447 sed
2274 2389 2502 2445 minime
2537 2387 2915 2461 percensenda
2952 2394 3102 2452 sunt,
3142 2401 3264 2456 qua
3297 2400 3423 2439 cum

1838 2498 1906 2537 eo
1936 2482 2126 2537 animo
2154 2480 2456 2544 misissem,
2482 2487 2543 2535 ut
2578 2480 2645 2533 ad
2664 2476 3027 2551 Pylaemenem
3050 2475 3425 2545 pervenirent,

1839 2572 2188 2630 Alexandria
2221 2573 2477 2644 exposita
2529 2580 2684 2636 sunt,
2744 2578 2970 2641 propter
3016 2567 3423 2623 incommodam

1841 2666 2273 2737 navigationem.
2306 2665 2386 2719 Ac
2440 2673 2711 2735 quantum
2758 2678 2893 2719 sane
2936 2660 3003 2716 ad
3054 2672 3106 2716 te
3154 2660 3423 2732 pertinet,

1840 2758 1944 2815 etsi
1980 2758 2253 2822 omnium,
2283 2771 2427 2828 quos
2453 2756 2567 2810 illic
2600 2756 2795 2821 habeo,
2849 2755 3152 2809 amicorum
3198 2752 3426 2806 amicis-

1841 2851 2016 2907 simus
2065 2849 2199 2904 mihi
2240 2858 2327 2903 est
2377 2846 2753 2919 Pylaemenes,
2806 2844 3169 2900 nihilominus
3215 2852 3425 2904 tamen,

1840 2958 1940 3014 per
1975 2940 2260 3012 egregium
2317 2940 2484 2994 animi
2516 2940 2595 2993 tui
2626 2938 2882 2993 allectum
2940 2937 3069 3007 juro
3090 2978 3105 3002 ,
3152 2935 3340 2990 minus
3370 2936 3425 2988 id

1841 3033 2073 3090 moleste
2104 3033 2392 3099 tulissem,
2427 3048 2593 3103 quam
2618 3032 2858 3086 aliorum
2882 3031 3182 3085 multorum
3217 3042 3423 3092 causa;

1844 3126 2149 3199 prasertim
2191 3124 2632 3179 clarissimorum
2663 3124 2905 3178 virorum
2938 3120 3118 3176 Procli
3170 3136 3235 3175 ac
3283 3120 3426 3194 Try-

146 3214 256 3285 μὲν
281 3213 436 3283 τιμία
471 3228 564 3265 σου
591 3210 868 3276 διαθέσει,
901 3209 1104 3283 χρυσοῦ
1134 3209 1444 3281 νομίσματα
1473 3210 1624 3273 δέκα,
1656 3210 1732 3282 τῷ

1842 3218 2066 3290 phonis;
2095 3216 2164 3272 de
2213 3216 2417 3287 quibus
2459 3216 2614 3279 solis,
2686 3222 2746 3269 ut
2808 3214 2903 3286 qui
2966 3229 3055 3270 me
3098 3215 3427 3279 salutarent,

140 3304 205 3357 δὲ
237 3303 433 3375 ἑταίρῳ
471 3302 736 3374 Πρόκλῳ,
772 3300 915 3355 κατά
949 3301 1041 3354 τὸν
1077 3300 1366 3354 θεσπέσιον
1395 3300 1506 3368 (61)
1552 3302 1736 3354 Ἡσίο-

139 3395 274 3459 δον,
304 3394 634 3466 τριτημόρια
666 3393 837 3446 πλείω
883 3393 994 3446 τῶν
1041 3392 1171 3464 παρ’
1216 3392 1403 3447 αὑτοῦ.
1439 3394 1593 3463 Ἔχει
1625 3392 1736 3463 γάρ

139 3485 324 3549 οὕτως
348 3501 363 3517 ·
406 3482 728 3555 Ἀποδημῶν
756 3482 1021 3554 ἐδεξάμην
1051 3485 1131 3547 είς
1165 3483 1257 3537 τὸν
1286 3484 1566 3537 ἀπόπλουν
1610 3484 1734 3555 δεῆ-

144 3597 254 3633 σαν
283 3580 413 3650 παρ’
440 3577 605 3631 αὑτοῦ
639 3578 927 3647 χρυσίνους
956 3577 1238 3647 ἐξήκοντα.
1264 3577 1498 3642 Τούτους
1533 3595 1738 3649 γεγρα-

141 3675 318 3744 φὴκει
368 3671 467 3741 μὲν
516 3670 925 3740 ἐϐδομήκοντα*
959 3668 1255 3723 ἀπέστειλα
1297 3669 1357 3723 δὲ
1386 3670 1734 3740 ὁγδοήκοντα.

155 3765 445 3833 Ἐγένοντο
492 3762 536 3816 δ’
570 3762 635 3816 ἂν
689 3762 770 3816 ἔτι
804 3762 985 3833 πολλῷ
1033 3762 1290 3827 πλείους,
1342 3763 1389 3815 εἰ
1428 3762 1495 3815 τά
1542 3761 1738 3833 πρῶτα

138 3857 293 3928 πρὸς
335 3858 480 3927 ὑμᾶς
530 3854 855 3926 ἐκεκόμιστο
894 3853 1236 3925 γράμματα,
1287 3854 1382 3906 καὶ
1414 3853 1447 3924 ἡ
1477 3852 1610 3917 ναῦς
1648 3852 1741 3906 ἐπ’

140 3949 381 4011 ἐκείνοις
419 3950 533 4011 τοῖς
558 3947 678 4001 τότε
723 3946 985 4017 φορτίοις.
1018 3944 1132 3998 Νῦν
1168 3945 1224 3999 δὲ
1261 3945 1372 4014 ἐγὼ
1415 3946 1515 4017 μὲν
1537 3988 1553 4013 ,
1595 3945 1737 4019 τύχῃ

136 4038 259 4093 τιν)⁸
286 4038 651 4108 χρησάμενος,
682 4036 773 4088 ἐπὶ
807 4034 907 4106 τὴν
948 4032 1355 4105 Ἀλεξάνδρειαν
1385 4033 1736 4105 ἀπεδήμησαο

136 4132 247 4183 καὶ
275 4131 388 4191 τοῖς
423 4126 709 4199 ὑμετέροις
744 4124 926 4195 λιμέσι
956 4126 1310 4195 προσορμιεῖν
1328 4123 1486 4196 ᾤμην
1515 4123 1577 4177 τὸ
1604 4123 1739 4177 σκά-

137 4237 251 4290 φος
276 4234 290 4249 °
326 4218 387 4272 τὸ
420 4220 464 4272 δ’
488 4216 778 4273 ἐλάνθανεν
822 4214 1084 4280 ὲξώσταις
1122 4216 1345 4287 ἀνέμοις
1376 4218 1485 4270 ἀπὸ
1510 4219 1740 4290 Κρήτης

140 4310 313 4383 μόλις
342 4312 421 4374 εἰς
467 4309 567 4381 τὴν
597 4306 902 4378 Αἰγυπτίαν
934 4306 1218 4362 άποσωθὲν
1262 4307 1551 4362 θάλατταν.
1587 4310 1658 4363 Ἣ
1685 4309 1739 4363 τί

136 4401 391 4457 ἐκώλυεν
424 4404 568 4475 ὑμᾶς
591 4447 605 4472 ,
641 4404 830 4479 ὥσπερ
877 4405 977 4472 τάς
1024 4407 1373 4480 ἀλεκτορίδας
1395 4448 1411 4474 ,
1460 4409 1603 4463 οὕτω
1638 4409 1739 4473 τὰς

136 4495 417 4567 χερσαίας
442 4495 666 4567 τρέφειν
693 4498 987 4570 στρουθούς
1010 4518 1025 4565 ;
1062 4500 1414 4571 Ἀποδοθῆναι
1446 4504 1558 4565 τοῖς
1584 4504 1739 4573 ἐμοῖς

134 4588 211 4641 τὸ
266 4588 618 4658 γραμμάτιον
673 4589 828 4662 παρά
871 4588 966 4643 τοῦ
1020 4589 1474 4661 θαυμασιωτάτου
1522 4572 1738 4664 Πατρός
1769 4572 1815 4627 D

136 4676 401 4746 Πρόκλου
430 4677 639 4731 δίκαιον
663 4717 680 4742 ,
710 4679 838 4739 τοὺς
878 4678 1207 4750 ὀγδοήκοντα
1248 4685 1536 4756 χρυσίνους
1578 4704 1738 4757 κομι-

136 4767 396 4837 σαμένου
411 4786 424 4799 ’
451 4768 657 4825 καὶτὸν
681 4771 898 4844 ἑταῖρον
923 4771 1165 4843 Τρωΐλον
1190 4776 1609 4847 παρασκεύασον
1624 4778 1737 4849 (62)

1837 3311 2172 3367 mentionem
2206 3310 2410 3364 fecisti.
2446 3307 2821 3374 Quamobrem
2861 3307 3080 3377 egregio
3124 3316 3218 3361 tuo
3241 3308 3427 3361 animo

1837 3405 2027 3460 decem
2075 3416 2332 3457 nummos
2381 3416 2579 3456 aureos
2636 3401 2798 3467 misi;
2832 3399 2996 3472 264
3022 3398 3196 3455 sodali
3236 3408 3425 3455 autem

1838 3495 2056 3560 Proclo,
2109 3492 2574 3565 quemadmodum
2637 3493 2862 3549 divinus
2922 3492 3198 3549 Hesiodus
3242 3495 3427 3564 jubet,

1837 3589 2038 3645 triente
2072 3586 2199 3658 plus
2233 3602 2398 3656 quam
2456 3587 2524 3640 ab
2569 3602 2634 3641 eo
2668 3587 2798 3640 mihi
2838 3598 3123 3657 erogatum
3163 3600 3307 3654 erat,
3343 3604 3429 3643 re-

1838 3678 2027 3750 pendi.
2049 3677 2144 3732 Sic
2164 3677 2313 3732 enim
2335 3691 2458 3732 sese
2480 3692 2570 3731 res
2588 3676 2782 3732 habet:
2808 3676 2944 3731 Cum
2969 3694 3193 3748 peregre
3224 3695 3427 3743 essem,

1838 3770 2027 3840 itaque
2068 3783 2297 3824 necesse
2326 3767 2673 3833 habuissem,
2728 3784 2926 3824 aureos
2961 3770 3031 3824 ab
3060 3770 3154 3824 illo
3196 3784 3429 3840 sexage-

1838 3876 1943 3917 nos
1979 3862 2036 3916 in
2063 3871 2432 3915 commeatum
2473 3860 2701 3931 accepi;
2730 3876 2830 3931 pro
2858 3862 3059 3931 quibus
3085 3862 3176 3917 ille
3209 3871 3427 3932 septun-

1839 3968 2013 4025 genos
2046 3952 2369 4022 scripserat.
2396 3954 2467 4007 At
2497 3967 2599 4023 ego
2621 3960 2921 4022 octogenos
2944 3954 3069 4009 misi
3093 3971 3107 4020 ;
3138 3955 3425 4025 multoque

1841 4046 2032 4118 plures
2066 4043 2325 4109 fuissent,
2364 4044 2410 4100 si
2430 4044 2642 4113 priores
2674 4044 2740 4098 ad
2775 4060 2871 4101 eos
2900 4045 3095 4099 littera
3143 4047 3427 4115 pervenis—

1841 4147 1987 4205 sent,
2020 4154 2239 4209 unaque
2268 4138 2428 4193 navis
2459 4138 2570 4201 illa,
2602 4153 2728 4193 cum
2765 4138 2834 4194 iis
2861 4153 2999 4210 quas
3033 4147 3147 4192 tum
3199 4139 3427 4193 vehebat

1838 4232 2141 4287 mercibus.
2167 4230 2288 4286 Jam
2328 4244 2461 4285 vero
2512 4245 2645 4286 casu
2701 4231 2889 4301 aliquo
2913 4241 3142 4287 coactus
3183 4232 3426 4286 Alexan-

1838 4327 2019 4381 driam
2052 4325 2339 4397 profectus
2361 4340 2483 4380 sum
2524 4344 2539 4380 :
2574 4340 2817 4396 cumque
2859 4326 2928 4381 ad
2974 4335 3171 4395 portus
3212 4334 3431 4381 vesti-os

1840 4419 2118 4490 navigium
2143 4417 2503 4489 appulsurum
2535 4418 2841 4481 crederem,
2884 4416 3037 4472 nullo
3076 4415 3429 4471 animadver—

1840 4517 2017 4573 tente,
2051 4510 2461 4565 contrariorum
2487 4509 2693 4580 impetu
2726 4518 3017 4565 ventorum
3035 4524 3179 4580 agre
3208 4524 3238 4563 a
3266 4507 3428 4563 Creta

1843 4602 2152 4672 repulsum,
2184 4602 2240 4656 in
2269 4616 2419 4657 mare
2440 4600 2755 4672 Egyptium
2793 4603 2988 4657 evasit.
3039 4601 3263 4674 Alioqui
3293 4602 3427 4673 quid

1844 4690 2160 4761 prohiberet
2184 4691 2349 4746 modo
2380 4706 2498 4755 vos,
2539 4692 3006 4763 quemadmodum
3056 4694 3313 4764 gallinas,
3355 4695 3427 4748 ita

1846 4792 1905 4838 et
1948 4791 2240 4839 terrestres
2274 4784 2757 4841 struthiocamelos
2800 4786 2990 4841 alere?
3044 4785 3428 4859 Syngraphani

1423 4953 1605 5010 mou.
1631 4953 1911 5014 psmn
1935 4956 2185 5029 inor/az.

184 5162 187 5163 ν
227 5102 348 5189 (59)
383 5103 505 5189 1‘03”)
533 5103 1107 5189 πιεῖνμῦδωρῌΓεῶν.
1157 5106 1363 5167 Jerem.
1390 5126 1465 5189 ρ),
1511 5112 1602 5177 18,
1646 5129 1735 5184 pro

1842 5114 2019 5189 ᾼὺτῷ
2039 5117 2121 5182 τῷ
2139 5120 2254 5189 ne.

129 5173 267 5246 quo
295 5174 353 5246 in
383 5173 611 5230 Hebrao
639 5185 723 5231 est
747 5173 950 5239 nm,
976 5189 1144 5246 quam
1173 5196 1360 5236 vocem
1390 5173 1618 5239 Hieron.
1647 5173 1746 5240 ex-

1858 5123 2019 5203 ρλρτςρ
2039 5123 2121 5182 τῷ
2139 5123 2356 5203 μέτρῳ,
2386 5123 2723 5203 κᾳζλῴὶδν,
2754 5127 2822 5179 al
2848 5142 2918 5203 θέε
2937 5124 3181 5203 Bima}.

1874 5187 1956 5268 ρς
1975 5185 2058 5268 53:
2078 5185 2454 5268 κρητταρθζκαὶ
2479 5194 2545 5268 ἐς
2569 5185 2827 5268 ὕστερον
2845 5196 3054 5268 deus”
3077 5185 3284 5268 rem.

756 5245 1240 5337 l§li§1§tomissis
1261 5254 1411 5337 unquis
1443 5253 1606 5317 Siloa,
1629 5271 1750 5326 qua
1843 5245 1961 5310 Cie.
2004 5245 2448 5337 IibTx'n'Epist.
2472 5245 2540 5318 di
3051 5245 3428 5337 autem

133 5313 361 5395 iper-{unt
384 5332 503 5395 eum
533 5313 763 5395 silentio,
788 5318 1049 5395 desideres
1068 5333 1243 5395 aquas
1270 5313 1451 5391 S'ihor,’
1475 5313 1602 5395 qua!
1626 5313 1746 5381 ίαν-

135 5384 358 5438 ὸέάὶηἱε
387 5385 544 5454 hujus
577 5390 760 5441 δαισαίὶ
784 5390 926 5442 vitiis
954 5384 1318 5445 sordidantur.

225 5454 348 5535 (βο)
399 5458 605 5535 ἈββάΔ
624 5459 723 5535 καὶ
770 5461 1241 5535 προσενεῖκεῒν’-
1264 5477 1364 5516 σοι
1414 5464 1745 5535 βούλομαι.

133 5523 398 5609 Vitiosa,
428 5527 536 5582 nisi
581 5527 767 5609 fallor,
799 5523 981 5609 lectio.
1032 5523 1204 5609 Deest
1220 5532 1362 5588 forte
1401 5523 1528 5591 ante
1570 5523 1742 5609 προστ

133 5600 438 5674 ενεγκεῖν,
463 5612 666 5674 nomen
698 5600 945 5674 aliquod,
982 5612 1112 5672 puta
1140 5603 1312 5674 δῶρα.

255 5668 349 5748 6i)
386 5667 549 5723 Κατὰ
609 5669 719 5724 τὸν
764 5667 1090 5728 θεσπέοῖιον
1142 5667 1437 5733 Ἡσίοδον.
1481 5675 1543 5732 In
1576 5678 1739 5748 Ἕργ.

132 5738 259 5807 ἀεὶ
292 5738 397 5807 tiu.

1844 5341 1926 5408 mf
1951 5328 2208 5408 parabam
2243 5328 2419 5408 adid,
2444 5336 2585 5408 quod
2620 5337 2709 5389 ille
2725 5328 2859 5408 mihi
2903 5328 3251 5399 misissetfut
3278 5338 3430 5406 αὑτῷ

1843 5398 1923 5479 τῷ
1955 5398 2163 5479 μέτρῳ,
2196 5404 2290 5479 καὶ
2322 5398 2502 5479 λώϊον,
2526 5407 2581 5479 si
2610 5406 2767 5479 modo
2792 5408 3085 5479 potuissem
3119 5398 3145 5462 :7
3174 5425 3299 5461 nam
3329 5398 3428 5462 Iw}:

1841 5474 2301 5545 etiqmﬂesiodus
2338 5474 2577 5545 ascribit.
2601 5478 2663 5529 αῖ
2691 5494 2754 5529 κε
2785 5475 2996 5545 δύνηαι.

2080 5545 2190 5596 Καὶ
2234 5544 2615 5621 τὼς-ἑταῖρον
2649 5538 3421 5621 Τρωΐλοκπαρασκεύαονον.

1841 5610 1903 5690 in
1950 5611 2135 5690 tribus
2179 5615 2456 5670 veteribus
2488 5610 2947 5690 scriptum‘erat,
2984 5610 3302 5674 ἀποστεῖλαί
3333 5636 3423 5690 μοι

1839 5679 1921 5733 ὅτι
1942 5683 2309 5757 κομισάμενος
2326 5686 2590 5757 τυγχάνει
2610 5679 2678 5741 τὰ
2705 5686 2906 5757 βιϐλία,
2929 5679 3035 5745 etc.
3060 5690 3192 5757 Qua
3218 5679 3427 5753 tamen,

1841 5751 1989 5819 quod
2018 5751 2117 5822 per
2143 5751 2203 5829 se
2233 5754 2374 5814 satis
2412 5751 2613 5815 nostra
2644 5751 2810 5817 lectio
2837 5751 3142 5829 censure},
3176 5751 3430 5818 addenda

124 5802 240 5862 Εὖ
254 5802 379 5879 per
389 5808 742 5886 μετρεῖσθαι,
754 5814 915 5884 παρὰ
937 5816 1226 5889 γείτονος,
1246 5811 1320 5877 εὖ
1339 5816 1390 5873 δ’
1412 5818 1744 5879 ἀποδοῦναι
1848 5802 2206 5898 incipiam:
