3928 6530
219 340 360 397 1513

1328 338 1709 396 ΕΡΙΞΤΟΙΑΑΞ.
1750 368 1820 379 -
1851 337 2071 394 EPIST.
2110 336 2324 394 CXXX.

3315 341 3455 398 45M

214 460 315 511 aiat
342 454 442 526 τὴν
466 453 649 525 χώραν
699 452 881 525 ἔχουσι
923 452 1017 508 νῦν
1044 453 1095 507 oi.
1122 452 1387 524 πολέμιοι.
1432 452 1573 522 Ἐγὼ
1602 453 1659 506 δέ
1688 452 1788 505 ὑπὸ

1893 467 2014 505 rum
2054 453 2272 522 ungulis
2298 452 2581 525 pulsamur
2617 452 2825 516 omnia,
2876 467 3201 523 omnemque
3231 454 3337 509 late
3368 470 3457 510 re-

218 547 575 620 μεσοπυργίῳ
602 545 930 617 τεταγμένος
959 545 1276 616 ὑπνομαχῶ.

226 727 336 780 Ἐν
361 725 489 793 δορὶ
517 725 634 795 μέν
655 744 756 795 μοι
780 723 929 795 μᾶζα
948 724 1314 795 μεμαγμένη,
1342 724 1413 778 ἐν
1440 724 1566 793 δορί
1590 720 1755 791 οἶνος

374 742 489 793 sapt
517 742 634 795 μεν
655 744 756 795 μοι
780 742 929 795 paea
1020 742 1105 795 μα
1138 742 1314 795 pem,
1342 742 1413 778 er
1440 742 1566 793 oopt
1590 742 1633 779 οι

374 797 728 865 Ἰσμαρικόςυ
765 797 915 849 πίνω
938 742 1088 850 ἐμὲ*
1108 744 1237 865 δορὶ
1262 795 1633 865 κεκλιμένος.

213 889 334 941 Οὐκ
358 885 475 943 οἶδα
519 890 569 941 εί
614 889 813 959 μᾶλλον
869 890 1165 961 ’Δρχιλόχῳ
1207 891 1381 944 εἰπεῖν
1413 889 1586 943 ταῦτα
1618 904 1791 959 προσ-

212 981 422 1050 ήκοντα
453 976 541 1051 ἦν.
582 980 764 1045 Κακὺς
797 983 982 1046 κακῶς
1011 981 1263 1036 ἀπόλοιτο
1290 979 1605 1052 Κερεάλιος,
1636 980 1683 1032 εί
1714 977 1790 1050 μὴ

212 1074 315 1127 καὶ
344 1070 697 1143 προαπόλωλε
725 1072 823 1143 τῆς
850 1073 1020 1143 ἀρᾶς·
1052 1072 1127 1135 ὡς
1156 1070 1302 1136 ἄξιός
1323 1087 1387 1141 γε
1418 1065 1487 1142 ἦν
1512 1069 1671 1140 ἔργον
1700 1084 1791 1136 γεο

211 1166 430 1235 γονέναι
459 1165 551 1218 τοῦ
587 1164 777 1237 πρώην
818 1164 1086 1235 χειμῶνος
1108 1181 1122 1195 ·
1154 1163 1213 1227 δς
1240 1163 1426 1233 ἐπειδὴ
1476 1161 1575 1231 τὴν
1608 1158 1791 1230 χώραν

210 1252 357 1307 εἶδεν
395 1258 452 1308 ἐν
498 1247 543 1323 ᾧ
579 1254 824 1307 κινδύνου
857 1254 1211 1323 κατέστησεν,
1240 1252 1508 1322 ὴπίστησε
1539 1246 1793 1313 καθάπαξ

210 1347 283 1413 τῇ
309 1346 377 1413 γῇ
407 1360 421 1373 ·
451 1343 546 1397 καὶ
573 1342 635 1395 τὸ
682 1342 905 1413 χρυσίον
957 1340 1131 1405 ἐνθεὶς
1178 1340 1509 1411 διαρμενίοις
1545 1337 1790 1402 ὁλκάσιν,

210 1431 313 1483 ἐπὶ
340 1430 613 1502 μετεώρου
642 1430 876 1484 σαλεύει.
898 1430 1008 1493 Τὰς
1032 1430 1088 1483 δέ
1112 1429 1396 1492 ἐπιστολὰς
1423 1427 1587 1481 αὐτοῦ
1616 1445 1793 1499 παρα-

212 1522 374 1593 φέρει
401 1523 663 1593 κελήτιον’
696 1521 870 1575 ταῦτα
899 1521 935 1576 ἃ
953 1521 1017 1592 δὴ
1047 1522 1141 1574 καὶ
1172 1519 1438 1591 ποιοῦμεν
1473 1519 1794 1573 ἐπιταττού-

212 1633 338 1679 σας.
360 1614 491 1668 εῖσω
511 1613 706 1684 τειχῶν
724 1608 882 1677 εἶναι,
910 1611 1112 1683 μηδένα
1126 1611 1406 1682 προπηδᾷν
1428 1611 1534 1663 τῶν
1548 1612 1789 1681 τάφρων,

211 1707 357 1777 μηδὲ
384 1705 551 1777 ὁμόσε
600 1706 796 1776 χωρεῖν
834 1704 1069 1775 ἀμάχοις
1093 1701 1433 1772 ἀνθρώποις·
1483 1701 1517 1772 ἢ
1561 1701 1793 1771 διαμαρ-

1890 544 2105 614 gioneiu
2130 543 2320 599 hostes
2352 543 2623 597 obtinent.
2680 540 2793 611 Ego
2845 557 2946 612 pro
2990 543 3263 599 mmnibus
3316 544 3457 599 inter

1891 641 2075 689 tun-es
2104 635 2403 689 collocatus
2437 646 2633 688 somno
2663 632 2969 689 conﬂictor.

1963 728 2126 783 llam
2160 727 2289 782 mihi
2316 729 2524 783 hastato
2556 730 2842 798 prwbetur,
2881 728 3120 783 Bacchus
3150 730 3206 782 in
3232 729 3392 784 hasta

2038 799 2328 854 Ismaricus
2346 816 2365 851 :
2388 798 2511 851 dum
2538 816 2617 853 me
2644 800 2865 853 sustinet
2897 798 3075 862 hasta,
3109 799 3248 855 bibo.

1888 890 2087 946 Nescio
2118 907 2185 943 an
2226 890 2616 944 Archilochum
2647 888 2822 959 magis
2871 889 2985 943 haec
3023 905 3293 960 usurpare
3325 904 3460 944 con-

1890 984 2121 1037 veniret.
2156 981 2291 1035 Male
2322 983 2498 1035 malus
2538 988 2721 1049 pereat
2768 980 3030 1046 Cerealis,
3058 981 3164 1036 nisi
3196 990 3321 1035 ante
3359 981 3461 1035 im-

1890 1076 2265 1145 precationem
2294 1074 2556 1143 perierit;
2595 1073 2730 1127 adeo
2752 1074 2950 1143 dignus
2991 1081 3109 1128 erat
3135 1089 3297 1143 quem
3333 1088 3462 1143 pro-

1889 1168 2035 1221 xima
2066 1175 2361 1235 tempestas
2414 1180 2445 1220 e
2497 1165 2675 1220 medio
2717 1166 2946 1221 tolleret.
3013 1164 3116 1231 Qui
3171 1170 3457 1235 postquam

1891 1257 2280 1313 animadvertit
2332 1273 2580 1327 quasnam
2606 1258 2661 1311 in
2691 1258 2928 1326 pericula
2956 1256 3293 1326 provinciam
3325 1271 3459 1310 con-

1886 1348 2130 1417 iecisset,
2160 1358 2320 1404 terra:
2354 1350 2572 1419 penitus
2595 1350 2803 1403 dillidit.
2844 1348 3031 1414 Itaque
3055 1364 3189 1404 auro
3222 1349 3369 1403 omni
3405 1348 3461 1403 in

1891 1440 2165 1496 actuarias
2190 1441 2333 1496 binis
2367 1442 2500 1497 velis
2529 1443 2827 1497 instructas
2860 1441 3141 1510 imposito,
3169 1440 3223 1495 in
3263 1442 3380 1496 salo
3408 1447 3463 1494 et

1891 1533 2147 1589 anchoris
2173 1534 2418 1588 fluctuat.
2449 1533 2668 1588 Littera:
2700 1548 2828 1589 vero
2857 1533 3003 1587 illius
3031 1533 3251 1601 parvula
3281 1532 3463 1587 celoce

1891 1625 2255 1680 deferuntur:
2280 1642 2400 1697 qua:
2431 1627 2598 1691 idem,
2629 1627 2777 1696 quod
2827 1642 2928 1681 nos
2964 1625 3219 1687 facimus,
3270 1625 3463 1695 przeci-

1892 1719 2069 1787 piunt,
2097 1726 2155 1773 ut
2187 1718 2330 1772 intra
2365 1734 2553 1772 muros
2587 1718 3011 1783 contineantur;
3047 1731 3118 1771 ne
3171 1716 3458 1785 quisquam

206 1799 437 1870 τύρεται
463 1796 700 1869 καθαρὸς
728 1797 901 1860 αἰτίας
923 1794 1081 1849 εἶναι.
1108 1793 1358 1857 (μαλακάς
1383 1794 1440 1847 δέ
1470 1794 1788 1847 καθιστάναι

1892 1819 2048 1864 extra
2084 1810 2261 1866 fossas
2296 1811 2533 1877 exsiliat,
2579 1826 2713 1865 neve
2746 1825 2870 1865 cum
2908 1809 3133 1864 invictis
3187 1808 3319 1861 viris
3349 1820 3465 1859 ma-

205 1888 454 1942 διδάσκει
485 1889 584 1959 τῆς
622 1886 815 1950 νυκτὸς
854 1887 1139 1957 τέτταρας,
1175 1884 1250 1948 ὡς
1277 1885 1335 1938 ἐν
1364 1884 1441 1955 τῷ
1476 1885 1550 1955 μὴ
1591 1884 1789 1940 καθεύ-

206 1981 326 2034 δειν
354 1978 527 2032 οὐσῶν
556 1978 666 2031 τῶν
690 1977 939 2031 ἐλπίδων.
969 1978 1150 2030 Ἐοικε
1172 1976 1281 2047 γάρ
1308 1969 1445 2029 εἶναι
1472 1977 1540 2030 τά
1568 1976 1790 2030 τοιαῦτα

208 2072 401 2141 σοφὸς,
437 2073 532 2126 άτε
560 2070 862 2142 ἐπιτήδειος
893 2071 1110 2140 ἀτυχεῖν
1145 2069 1449 2141 ἄνθρωπος.
1479 2070 1588 2122 Καί
1619 2069 1700 2122 τοί
1727 2087 1791 2138 γε

204 2166 347 2235 ἡμῖν
375 2164 495 2216 οὐδὲ
524 2163 771 2233 μετέχειν
794 2160 1069 2232 ἠϐουλήθη
1093 2160 1203 2214 τῶν
1232 2161 1545 2232 συμφορῶν.
1576 2161 1651 2213 Οὐ
1682 2160 1790 2232 γὰρ

206 2257 346 2326 παρ’
375 2254 600 2321 ἔπαλξιν
625 2254 814 2325 ὥσπερ
841 2253 951 2322 ἐγὼ
984 2252 1234 2316 Συνέσιος
1266 2255 1295 2307 ό
1323 2253 1630 2323 φιλόσοφος,
1658 2253 1792 2307 ἀλλὰ

205 2347 367 2417 παρά
399 2347 592 2417 κώπην
636 2348 665 2400 ό
696 2345 997 2417 στρατηγὸς
1026 2344 1260 2399 ῖσταται.
1297 2345 1361 2398 Εἰ
1392 2345 1457 2415 δὴ
1488 2344 1596 2399 τῶν
1630 2362 1790 2416 ποιη-

208 2441 404 2510 μάτων
452 2440 583 2509 ὲρᾷς
635 2439 778 2508 άπερ
812 2438 1055 2508 ᾔτησαςο
1094 2436 1186 2489 καί
1212 2436 1294 2489 τοί
1327 2453 1392 2503 γε
1435 2438 1596 2507 ἡμεῖς
1636 2437 1790 2490 οὐδὲν

201 2530 396 2590 αὐτοῖς
433 2526 691 2596 σύνισμεν
720 2525 941 2593 ἀγαθὸν,
971 2526 1054 2579 ὃτι
1089 2524 1163 2595 μὴ
1205 2523 1303 2596 τὴν
1342 2524 1627 2578 ὑπόθεσιν·
1663 2525 1792 2578 σύν-

200 2620 367 2684 ευξαι
396 2616 725 2689 Κυρηναίοις
763 2616 957 2688 μικρὸν
1002 2615 1111 2670 ἀπὸ
1140 2614 1251 2669 τῶν
1285 2615 1466 2670 ὅπλων
1508 2615 1780 2684 γενέσθαι.

212 2712 314 2772 Ὠς
341 2708 449 2781 γὰρ
482 2710 576 2761 νῦν
606 2708 823 2779 ἔχομεν,
853 2708 954 2761 οὐκ
986 2706 1131 2762 ἔστιν
1159 2706 1269 2763 ἀπὸ
1299 2707 1567 2761 κιϐωτίων
1594 2707 1781 2780 ἐξερά-

199 2820 305 2864 σαι
333 2800 446 2874 [γρ.
480 2800 799 2873 ἐξάρασθαι]
832 2800 1031 2872 βιϐλία.

1889 1916 2017 1955 num
2038 1918 2419 1968 conseramus,
2446 1902 2651 1973 alioqui
2671 1900 2805 1956 deos
2821 1900 3183 1970 hominesque
3207 1905 3462 1959 testatur,

1887 1991 2038 2045 omni
2087 2006 2147 2047 se
2179 1994 2339 2062 culpa
2378 2001 2719 2047 vacaturum.
2760 1990 2843 2045 Ad
2893 1991 3009 2045 bazc
3039 1998 3337 2060 quaternas
3369 2002 3466 2058 per

1888 2090 2107 2137 noctem
2134 2082 2350 2153 vigilias
2377 2084 2644 2139 constitui
2673 2082 2865 2152 jubet;
2895 2080 3053 2152 quasi
3088 2081 3145 2136 in
3193 2079 3466 2135 insomnia

1888 2187 2014 2239 spes
2046 2173 2118 2227 sit
2150 2173 2333 2228 omnis
2367 2184 2558 2228 nostra
2616 2176 2816 2245 posita.
2870 2172 3106 2228 Videtur
3132 2170 3278 2227 enim
3313 2170 3466 2225 hisce

1890 2258 1944 2311 iu
1987 2258 2152 2313 rebus
2176 2269 2468 2328 expertus;
2503 2270 2693 2331 utpote
2723 2263 2987 2317 aerumnis
3019 2276 3085 2315 ac
3110 2261 3347 2316 miseriis
3376 2276 3467 2317 as-

1889 2346 2191 2403 suefactus.
2245 2349 2361 2404 Etsi
2399 2366 2468 2405 ne
2502 2352 2792 2407 nobiscum
2828 2353 3052 2423 quidem
3093 2367 3463 2407 mrumnarum

1889 2453 2013 2492 esse
2040 2440 2213 2493 voluit
2242 2442 2541 2514 particeps.
2574 2442 2691 2497 Non
2724 2443 2874 2499 enim
2907 2444 2975 2499 ad
3028 2444 3465 2516 propugnacula,

1889 2526 2054 2599 266
2088 2540 2145 2583 ut
2175 2545 2276 2601 ego
2307 2531 2573 2603 Synesius
2600 2532 2984 2603 philosophus,
3012 2534 3107 2589 sed
3145 2533 3213 2588 ad
3253 2546 3464 2589 remum

1890 2619 1999 2672 dux
2036 2622 2313 2677 consistit.
2345 2624 2528 2689 Quare
2560 2624 2605 2679 si
2642 2634 2898 2695 poemata
2939 2625 3245 2687 desideras,
3278 2638 3400 2694 qua:
3427 2636 3464 2675 α

1890 2726 1979 2767 me
2010 2712 2322 2781 postulasti,
2370 2717 2588 2771 tametsi
2652 2718 2707 2771 in
2748 2718 2817 2773 iis
2852 2717 3012 2782 nihil,
3064 2723 3265 2787 praeter
3302 2729 3467 2784 argu-

1882 2816 2124 2861 mentum
2150 2844 2168 2870 ,
2196 2806 2357 2862 laude
2377 2808 2599 2879 dignum
2631 2809 3004 2879 agnoscimus,
3035 2822 3162 2862 eum
3190 2804 3465 2879 Cyrenaais

201 2910 461 2968 precare.
494 2900 553 2948 ut
576 2893 645 2948 ab
668 2894 837 2947 armis
867 2892 1141 2962 respirare
1171 2891 1354 2945 liceat.
1385 2889 1522 2944 Nam
1558 2897 1615 2944 ut
1643 2906 1790 2945 nunc
1827 2907 1887 2947 se
1924 2902 2125 2953 nostra:
2145 2912 2234 2953 res
2257 2897 2476 2965 habent,
2512 2897 2685 2953 libros
2710 2916 2742 2954 e
2781 2898 2977 2955 loculis
3030 2912 3253 2972 egerere
3290 2898 3461 2953 otium

202 2997 302 3044 est
333 2987 569 3041 nullum.

739 3073 1084 3128 ΕΠΙΣΤΟΛΗ
1123 3074 1247 3127 PA'.

811 3162 1195 3233 Πυλαιμένει.

279 3261 424 3323 Τοὺς
456 3256 866 3328 γεωμετρικοὺς
891 3255 1051 3327 ὄρους
1080 3253 1477 3325 ἀληθεστάτους
1510 3251 1668 3324 ἡγοῦ,
1699 3253 1790 3305 ὅτε

203 3370 279 3423 γε
313 3351 411 3406 καὶ
438 3352 558 3413 ταῖς
585 3348 772 3413 ἄλλαις
801 3348 1130 3417 ἐπιστήμαις
1154 3347 1387 3417 ὑπάρχει
1411 3344 1788 3416 σεμνύνεσθαι,

198 3441 317 3495 κᾶν
346 3438 684 3510 καταμικρὸν
713 3439 796 3501 εἰς
828 3438 927 3500 τάς
956 3436 1255 3503 ἀποδείξεις
1280 3436 1459 3490 αὐτῶν
1488 3438 1552 3490 ἐκ
1579 3452 1792 3506 γεωμε-

200 3531 368 3602 τρίας
391 3548 444 3585 τι
475 3530 939 3600 συμπορίσωνται.
974 3529 1131 3582 Ἔστι
1179 3528 1353 3599 δήπου
1401 3545 1486 3591 τις
1525 3529 1582 3581 ἐν
1608 3528 1793 3591 αὺτοῖς

200 3625 370 3692 λόγος
401 3620 570 3688 ἀξιῶν
599 3621 669 3674 τὰ
692 3619 770 3692 τῷ
798 3620 947 3692 αὐτῷ
976 3620 1046 3675 τά
1073 3620 1233 3685 αὺτά,
1263 3622 1355 3675 καὶ
1380 3620 1632 3691 ἀλλήλοις
1652 3615 1790 3674 εἶναι

198 3716 319 3767 δεῖν
354 3712 422 3767 τὰ
467 3712 627 3767 αὑτά.
668 3711 823 3782 Ἐμοὶ
853 3711 915 3783 δή
953 3728 1011 3764 σε
1039 3712 1138 3782 μὲν
1163 3714 1192 3765 ό
1216 3712 1418 3783 τρόπος
1449 3711 1673 3782 ἐποίησε
1703 3712 1789 3780 φί-

198 3808 300 3859 λον
320 3822 334 3835 ·
366 3806 457 3858 τὸν
499 3805 558 3858 δέ
592 3804 892 3875 θαυμάσιον
926 3804 1169 3873 Διογένη,
1211 3804 1306 3857 καὶ
1337 3804 1370 3874 ἡ
1405 3804 1565 3873 φύσις
1588 3804 1785 3873 ’ἄμφω

197 3898 261 3951 δέ
304 3896 422 3960 ἐνὸς
452 3897 573 3949 ἐστε
603 3896 766 3964 φίλοι.
808 3897 898 3948 Δεῖ
925 3895 989 3965 δή
1024 3896 1117 3947 καὶ
1160 3894 1405 3965 ἀλλήλων
1454 3895 1599 3964 ὑμᾶς
1629 3895 1789 3966 ἐξηρ-

196 3989 441 4058 τῆσθαι,
485 3988 736 4058 καθάπερ
783 3986 918 4057 ἐμοῦ
970 3987 1063 4040 τοῦ
1112 3985 1299 4056 μέσου.
1355 3986 1616 4039 Συνάπτω
1673 4003 1787 4038 τοι-

197 4080 413 4151 γαροῦν
454 4081 597 4149 ὑμᾶς
646 4080 893 4150 ἀλλήλοις
942 4080 1031 4133 διὰ
1075 4080 1174 4150 τῆς
1223 4079 1529 4151 ἐπιπολῆς,
1569 4078 1687 4149 μεθ’
1721 4072 1789 4149 ἧς

2385 3072 2729 3130 EPISTOLA
2766 3075 2961 3131 CXXX
2975 3120 2987 3131 .

2524 3165 2837 3236 Pylaemem'.

1962 3252 2339 3310 Geometricas
2377 3254 2729 3313 definitiones
2767 3260 3088 3314 verissimas
3130 3275 3255 3317 esse
3291 3270 3465 3332 puta:

1891 3356 2019 3399 cum
2060 3352 2270 3399 caetera!
2300 3347 2465 3401 etiam
2514 3348 2823 3417 disciplina:
2877 3350 3202 3421 glorientur,
3250 3354 3467 3425 quoties

1892 3434 2149 3503 exiguum
2186 3435 2395 3505 aliquid
2424 3435 2493 3490 ad
2522 3451 2655 3492 suas
2676 3437 3188 3496 demonstrationes
3218 3457 3284 3497 ex
3336 3458 3466 3512 geo-

1894 3525 2086 3578 metria
2126 3527 2565 3596 corrogaverint.
2623 3526 2725 3582 Est.
2770 3536 2954 3584 autem
3007 3530 3264 3586 nimirum
3327 3534 3467 3589 ratio

1892 3614 2141 3682 quazdam
2192 3616 2337 3670 inter
2391 3615 2551 3682 illas,
2603 3633 2725 3687 quae
2777 3622 2917 3674 ratio
2970 3622 3161 3676 eadem
3213 3623 3355 3678 inter
3409 3640 3468 3679 se

1892 3703 2081 3759 deﬁnit
2107 3720 2232 3761 esse
2272 3714 2547 3776 oportere,
2600 3724 2722 3780 quae
2782 3710 2971 3765 eadem
3026 3727 3152 3767 eum
3213 3728 3325 3769 uno
3373 3729 3469 3770 oo-

1896 3797 2130 3867 demque
2164 3796 2391 3853 fuerint.
2434 3798 2553 3853 Jam
2592 3817 2717 3855 cum
2766 3810 2820 3857 te
2862 3802 2996 3857 mihi
3049 3789 3303 3869 animus,
3356 3821 3468 3861 mo-

1892 3902 2089 3958 resque
2128 3889 2479 3943 eonciliarint
2505 3932 2520 3956 ,
2552 3892 2830 3961 egregium
2863 3908 2995 3947 vero
3028 3892 3325 3965 Diogenem
3370 3911 3469 3951 na-

1888 3986 2011 4032 tura
2032 3979 2196 4034 etiam
2229 3981 2369 4050 ipsa,
2416 3984 2578 4037 ambo
2608 3992 2790 4038 autem
2817 3984 3063 4054 ejusdem
3091 3988 3266 4042 amici
3300 3989 3424 4045 sitis
3448 4032 3464 4057 ,

1888 4084 2116 4126 necesse
2150 4079 2230 4126 est
2258 4072 2505 4143 profecto
2547 4076 2783 4130 invicem
2832 4094 2930 4133 vos
2970 4094 3096 4134 esse
3136 4081 3464 4150 devinctos;

196 4171 403 4227 ἐαυτὸν
456 4172 556 4242 μὲν
591 4170 843 4224 ἐπιδώσει
883 4173 948 4241 τῇ
1000 4170 1152 4239 φιλίᾳ⁴
1183 4168 1285 4239 τῆς
1337 4169 1437 4239 σῆς
1482 4185 1784 4239 σεμνοπρε-

1892 4161 2346 4230 quemadmodum
2390 4181 2605 4221 mecum
2649 4169 2806 4233 estis,
2856 4178 3119 4241 tanquam
3168 4187 3293 4227 cum
3354 4189 3468 4228 me-

198 4260 370 4324 πείας
407 4263 435 4313 ό
459 4259 760 4329 θαυμάσιος
790 4261 1078 4332 Διογένηςθ
1116 4260 1466 4331 ἀντιλήψεται
1493 4258 1569 4323 δὲ,
1605 4255 1663 4313 εὖ
1686 4255 1781 4313 οἶδ’

1892 4255 2026 4322 dio,
2078 4256 2339 4326 colligati.
2392 4256 2763 4324 Quamobrem
2814 4276 2913 4317 vos
2946 4278 3049 4333 ego
3095 4263 3330 4318 invicem
3368 4264 3468 4321 hac

194 4352 311 4412 ὅτι,
346 4349 437 4402 τὸν
490 4349 620 4425 ἐμὸν
674 4350 1013 4420 Πυλαιμένη.
1068 4349 1264 4403 Καλῶν
1316 4350 1424 4421 γάρ
1468 4354 1625 4422 ἐμὸν,
1657 4350 1783 4405 οὔτε

1892 4347 2119 4414 epistola
2148 4346 2459 4418 conjungo;
2490 4366 2596 4419 qua
2630 4367 2753 4405 eum
2784 4354 3025 4423 seipsum
3054 4354 3468 4425 magniﬁcentia

197 4441 508 4511 αἰσχύνειν,
543 4423 666 4493 οὔτε
696 4441 1045 4511 αἰσχύνεσθαι
1076 4442 1306 4513 φήσαιμ’
1341 4420 1408 4496 ἂν
1428 4420 1624 4512 ἔγωγε.
1658 4442 1781 4498 Ὀτι

1892 4447 1993 4492 tua:
2039 4439 2293 4493 amicitia:
2343 4441 2642 4510 praeclarus
2694 4442 2964 4514 Diogenes
3019 4448 3355 4513 committet,
3401 4462 3465 4503 ae

194 4533 259 4585 δὲ
288 4531 377 4583 διὰ
418 4530 513 4582 σοῦ
542 4530 785 4592 καὶτοὺς
816 4529 1008 4593 ἄλλους
1037 4530 1148 4594 ἕξει
1169 4531 1294 4593 τοὺς
1324 4530 1424 4601 ἐμὲ
1456 4530 1783 4599 ἀγαπῶντας

1892 4531 2099 4586 deferet
2135 4552 2149 4587 :
2185 4533 2433 4589 vicissim
2467 4544 2667 4599 autem,
2717 4538 2795 4590 uti
2827 4537 3064 4603 conﬁdo,
3106 4537 3463 4611 Pylaemenem

198 4624 413 4693 φίλους,
448 4625 593 4684 ὅσοις
638 4623 696 4676 δὲ
741 4622 968 4693 δύναμίς
1011 4624 1149 4687 ἐστι,
1183 4624 1279 4677 καὶ
1321 4625 1645 4694 χρησίμους.
1684 4626 1785 4678 οὒκ

1892 4637 2070 4675 meum
2107 4623 2361 4693 accipiet.
2394 4623 2565 4690 Quem
2608 4641 2733 4679 eum
2793 4629 3008 4697 appello
3052 4644 3259 4693 meum,
3290 4646 3468 4702 neque

195 4717 269 4770 ἂν
300 4716 508 4778 δίκαιος
529 4715 667 4785 εἴην,
698 4715 745 4767 εί
773 4715 1198 4785 ἀμφιϐάλλοιμν
1239 4715 1321 4768 δεῖ
1348 4716 1405 4768 δὲ
1439 4715 1590 4787 αὐτῷ
1614 4716 1785 4785 φίλων

1892 4712 1969 4765 illi
2006 4712 2269 4781 pudorem
2318 4714 2521 4780 facere,
2551 4731 2728 4784 neque
2768 4716 2909 4771 allici
2944 4732 3053 4784 tne,
3091 4718 3354 4775 audacter
3382 4720 3468 4774 di-

196 4806 517 4879 χρησίμων,
554 4805 713 4877 εἴπερ
752 4823 829 4876 τῳ
863 4806 1103 4861 πώποτε.
1140 4805 1224 4859 Τά
1264 4806 1373 4877 γὰρ
1424 4808 1546 4859 κατ’
1600 4806 1783 4870 αὑτὸν,

1892 4806 2086 4859 xerim.
2119 4806 2228 4861 Sed
2257 4807 2499 4877 reliquos
2530 4808 2777 4878 insuper,
2812 4808 2907 4879 qui
2956 4825 3045 4865 me
3074 4819 3279 4877 ament,
3329 4810 3467 4865 ami-

195 4905 280 4963 ὼς
326 4900 384 4952 ἐν
412 4898 804 4970 βραχυτάτοις,
838 4896 1011 4960 οὕτως
1051 4896 1166 4967 ἔχει
1194 4915 1208 4929 ’
1244 4896 1380 4961 Νέος
1403 4898 1551 4951 ἐστὶν
1581 4897 1786 4961 ἀπλοῦς

1892 4910 2004 4958 eos,
2035 4911 2135 4951 eos
2178 4897 2347 4953 etiam
2381 4900 2571 4964 utiles,
2638 4901 2842 4970 quibus
2895 4899 3131 4959 facultas
3187 4908 3461 4971 suppetet,

196 4994 300 5046 καὶ
330 4995 600 5060 γενναῖος,
641 4991 949 5062 θυμοειδὴς,
980 4990 1074 5044 καὶ
1108 4991 1302 5061 πρᾷος,
1336 4991 1480 5053 οἴους
1508 4990 1538 5041 ό
1563 4990 1788 5044 Πλάτων

1892 4995 2064 5055 perte
2103 4988 2257 5043 illum
2294 4990 2886 5063 babiturum,iniquus
2939 4994 3042 5049 sim
3091 4993 3139 5049 si
3194 4993 3464 5048 dubitem.

194 5086 347 5149 ἀξιοῖ
364 5085 464 5154 τῆς
485 5084 680 5137 ἐαυτοῦ
711 5084 920 5146 πόλεως
948 5085 1073 5146 τοὺς
1095 5082 1339 5151 φύλακας
1360 5077 1518 5136 εἶναι.
1562 5081 1787 5152 Ἐστρά-

1892 5077 1982 5131 Est
2020 5088 2203 5135 autem
2240 5082 2369 5151 ipsi,
2402 5082 2449 5137 si
2479 5083 2567 5136 cui
2601 5099 2844 5154 unquam
2873 5084 3058 5149 alteri,
3090 5083 3285 5137 amicis
3324 5097 3463 5151 opus

194 5176 389 5230 τευταί
423 5176 487 5244 γέ
512 5192 595 5229 τοι
635 5178 729 5230 καὶ
758 5170 912 5238 οὗτος
946 5176 1140 5245 κομιδῆ
1173 5174 1458 5244 μειράκιον
1491 5172 1585 5228 ὥν.
1626 5176 1787 5243 Ἀρτι

1892 5171 2139 5226 utilibus.
2173 5171 2223 5228 ls
2253 5174 2398 5227 enim
2429 5181 2533 5237 est,
2586 5183 2645 5228 ut
2703 5176 2895 5245 paucis
2927 5173 3237 5244 expediam,
3279 5189 3461 5227 rerum

194 5268 257 5319 δὲ
284 5266 345 5330 ἐξ
379 5266 597 5336 ἐφήϐων
620 5261 755 5335 ἦρξε
784 5268 912 5336 παρ’
940 5266 1073 5335 ἡμῖν
1094 5265 1192 5335 τὴν
1218 5264 1325 5315 τῶν
1357 5264 1780 5335 στρατευμάτων

1892 5263 2039 5318 illius
2078 5271 2297 5319 status:
2344 5266 2684 5321 Adolescens
2726 5267 2957 5336 simplex
2985 5272 3092 5331 est,
3135 5278 3200 5319 ae
3236 5278 3465 5335 genero-

195 5355 400 5427 ἀρχὴν,
452 5355 931 5427 παραϐαλλόμενος
974 5356 1067 5408 ἐπὶ
1119 5354 1403 5423 βασκάνων
1459 5353 1775 5426 μαρτύρων.

1892 5368 2006 5414 sus.
2044 5355 2209 5409 animi
2253 5357 2469 5425 plenus,
2504 5366 2669 5427 atque
2718 5358 2884 5420 mitis,
2940 5355 3256 5426 cuiusmodi
3306 5353 3467 5409 Plato

196 5445 448 5499 Τοιοῦτοι
482 5447 590 5518 γὰρ
639 5448 689 5499 οἱ
740 5447 957 5500 πολῖται
1018 5446 1154 5518 πρὸς
1200 5447 1346 5500 ἆπαν
1386 5446 1445 5505 τὸ
1491 5444 1774 5517 εὐτυχοῦν·

1892 5444 2026 5515 reip,
2059 5460 2175 5500 suae
2206 5448 2467 5502 custodes
2495 5463 2620 5503 esse
2647 5446 2950 5502 desiderat.
3013 5444 3262 5501 Militavit
3300 5460 3465 5516 porro

197 5537 319 5592 ἀλλ’
346 5531 499 5601 οὗτος
533 5539 723 5593 ἑαυτὸν
756 5540 997 5610 παρέσχε
1029 5537 1125 5591 καὶ
1155 5537 1350 5605 φθόνου
1378 5536 1608 5608 κρείττω
1639 5534 1772 5605 (66).

1892 5546 1938 5592 et
1966 5540 2013 5592 is
2048 5538 2341 5593 admodum
2382 5555 2537 5609 puer.
2578 5539 2772 5593 Statim
2795 5545 3003 5604 autem,
3042 5545 3331 5609 postouam
3364 5552 3466 5591 exp

1435 5626 1614 5682 DION.
1650 5627 1926 5683 PETAVII
1967 5628 2199 5684 ΝΟἸίΕ.

276 5725 391 5793 (66)
440 5724 685 5779 Ἑαυτὸν
710 5725 976 5794 παρέσχε
999 5724 1093 5777 καὶ
1122 5726 1309 5794 φόϐου
1333 5726 1593 5791 κρείττω.
1630 5723 1787 5789 Quod

1894 5725 1991 5784 ait.
2030 5725 2175 5792 factu
2208 5733 2284 5778 est
2325 5724 2546 5791 gloriam
2577 5725 2767 5777 virtute
2794 5739 3063 5794 superare,
3108 5733 3157 5778 et
3189 5722 3253 5775 ab
3278 5720 3343 5775 iis
3373 5719 3463 5774 die

276 5744 391 5793 (υο)
453 5744 685 5779 δαυτον
710 5744 976 5794 παρεσχε
999 5744 1093 5777 και
1145 5744 1309 5779 ὋΟΟυ
1333 5744 1593 5791 κρείττω,
1630 5744 1787 5789 quoa
1894 5744 1991 5784 ειιι.
2030 5744 2175 5792 laetu
2208 5744 2283 5778 εει
2325 5744 2546 5791 ᾳιοηηιη
2577 5744 2767 5777 ῑνιΐιιιιε
2794 5744 3063 5789 ευριγανε,
3108 5744 3157 5778 ει
3189 5744 3253 5775 αν
3278 5744 3343 5775 ΠΙ
3373 5744 3461 5774 ιη-

198 5795 581 5851 difﬁcillimum
623 5798 699 5849 ait
731 5794 791 5847 υ.
827 5794 1047 5849 llieron.
1076 5744 1163 5847 ad,
1180 5793 1456 5849 Salvinatn
1488 5815 1501 5845 :
1536 5794 1775 5864 Diﬂicile,
1888 5794 2001 5865 ligi,
2037 5794 2347 5868 [LXXXVI]
2382 5812 2508 5865 quos
2536 5798 2824 5865 prwcadas.
2861 5792 2961 5851 Ubi
2993 5794 3130 5848 nihil
3163 5800 3333 5859 mutu,
3358 5805 3461 5847 nec

531 5893 802 5951 ΡΑτιιοι.
850 5892 944 5949 Gn
1021 5891 1233 5955 LXVI.

3063 5883 3137 5945 48
