3928 6528
516 322 654 376 1315

1560 317 1828 375 SYNESII
1860 318 2327 374 PTOLEMAIDIS
2364 319 2672 377 EPISCOPI

3637 331 3755 385 1516

509 440 676 501 cessit
709 455 775 494 ex
805 421 1053 509 ephebis,
1086 437 1230 507 apud
1276 452 1377 493 nos
1438 451 1566 491 cum
1610 437 1843 508 imperio
1911 437 2081 507 c0piis

2193 438 2328 509 Περὶ
2363 433 2424 492 οὗ
2456 439 2623 493 πολλά
2666 440 2764 510 μὲν
2806 439 2872 493 ἂν
2901 440 3085 512 ἕτερος
3112 439 3285 497 εἶπεν.
3334 444 3475 498 Ἀλλ’
3517 446 3757 517 ἐοίκαμεν

513 530 757 597 praefuit,
793 531 897 583 sub
930 530 1136 598 inlquis
1171 530 1401 584 testibus
1458 531 1701 599 pericula
1755 531 2086 601 suscipiens.

511 623 674 677 Tales
703 622 847 683 enim
916 622 1189 677 adversus
1250 622 1492 677 secunda
1542 624 1724 676 omnia
1779 625 1927 679 cives
1966 639 2090 679 esse

510 718 709 769 solent.
780 715 981 769 Verum
1040 714 1131 769 ille
1193 716 1339 770 omni
1385 732 1445 769 se
1502 715 1704 770 invidia
1750 717 2088 785 superiorem

507 809 763 879 prmstitit
791 826 806 873 ξ
840 808 910 863 de
951 825 1060 878 quo
1095 810 1254 879 plura
1276 809 1496 879 quidem
1523 810 1664 865 alius
1694 811 1969 879 quispiam
2000 810 2089 863 di-

507 898 669 950 xerit.
711 896 816 951 Sed
842 914 945 952 nos
984 898 1177 951 eodem
1212 897 1596 954 aﬂecti'modo
1624 899 1873 954 videmur
1904 899 2088 965 ambo,

506 1004 607 1057 ego
642 988 709 1040 ad
752 990 1132 1055 praedicandas
1165 990 1375 1055 laudes,
1412 991 1502 1045 ille
1531 991 1599 1049 ad
1627 991 1954 1047 audiendas.
1982 990 2085 1045 Sed

508 1091 566 1132 ut
606 1096 715 1133 uno
760 1082 931 1135 verbo
997 1082 1200 1144 dicam.
1261 1082 1351 1136 ille
1393 1085 1562 1138 armis
1617 1084 1804 1138 hostes
1862 1083 2087 1154 patria;

503 1173 730 1240 virtute,
758 1174 850 1243 qui
884 1175 939 1227 in
972 1189 1034 1228 ea
1077 1182 1239 1227 erant
1286 1174 1520 1243 perditi,
1560 1176 1860 1244 superavit.
1892 1174 2089 1227 Adulta

498 1261 610 1329 jam
637 1271 798 1315 aetate
826 1262 1126 1332 potentiam
1173 1272 1389 1324 nactus,
1442 1262 1753 1332 philosophi
1786 1261 2090 1315 necessitu-

502 1352 631 1406 dine
666 1352 804 1406 nihil
873 1353 1158 1423 indignum
1202 1353 1445 1407 admisit.
1513 1353 1673 1423 267
1710 1354 1894 1422 Atque
1949 1352 2090 1421 ejus-

507 1445 809 1499 modicum
847 1447 939 1510 sit,
982 1444 1318 1498 diﬂicillimis
1366 1446 1603 1514 negotiis
1655 1445 1986 1514 implicatur,
2020 1445 2090 1499 ob

509 1537 563 1589 id
598 1538 835 1592 maxime
876 1537 1022 1607 quod
1068 1537 1275 1606 probus
1310 1546 1365 1591 et
1423 1539 1685 1594 honestus
1728 1548 1832 1593 est.
1865 1536 1999 1591 Nam
2032 1546 2090 1591 ιιι

505 1630 742 1699 quisque
773 1631 1069 1695 candidus,
1100 1645 1163 1684 ac
1188 1630 1325 1685 bene
1356 1640 1603 1685 moratus
1645 1638 1751 1694 est,
1804 1632 1877 1684 ita
1909 1646 1938 1684 a
1973 1646 2091 1685 ma-

505 1722 670 1793 lignis
703 1732 756 1777 et
792 1722 1024 1793 perditis
1059 1723 1114 1777 in
1147 1724 1304 1778 lucro
1346 1723 1641 1793 deputatur
1670 1741 1683 1777 :
1709 1734 1874 1793 atque
1907 1739 1975 1778 ex
2006 1725 2085 1777 al-

2191 528 2298 599 γάρ
2321 531 2519 599 ὁμοίως
2550 530 2715 601 ἔχειν,
2748 532 2861 600 ἐγώ
2878 550 2937 585 τε
2965 534 3103 604 πρὸς
3122 536 3183 588 τὸ
3213 539 3477 601 ἐπαινεῖν,
3504 538 3602 591 καὶ
3628 533 3761 602 07m;

2192 622 2327 691 πρὸς
2364 624 2424 674 τὸ
2469 624 2827 677 ἐπαινεῖσθαι.
2861 626 3140 680 Συνελόντι
3181 628 3257 693 δὲ,
3290 630 3570 699 ἐνίκησεν,
3598 631 3760 692 ὅπλοις

2195 712 2292 780 μὲν
2339 715 2463 775 τοὺς
2497 714 2595 783 τῆς
2649 714 2908 785 πατρίδος
2937 717 3196 789 ἐχθρούς·
3232 721 3401 789 ἀρετῇ
3430 719 3512 782 δὲ,
3564 721 3688 782 τοὺς
3715 724 3760 773 ἐν

2191 803 2325 874 αύτῇ
2374 804 2661 875 πονηρούς.
2728 806 2867 870 Νέος
2920 808 2978 861 ὲν
3034 808 3249 880 ἐξουσίᾳ
3304 810 3634 879 γενόμενος,
3680 814 3763 865 οὐκ

2190 893 2391 963 ⁴ξξσχυνε
2420 894 2712 964 φιλοσόφου
2751 898 3086 965 συγγένειαν.
3124 898 3377 963 Τοιοῦτος
3409 898 3486 951 ὣν
3519 901 3765 969 πράγμα-

2193 1001 2276 1037 σιν
2318 985 2499 1055 ὁμιλεί
2540 986 2845 1052 δυσκόλοις,
2875 988 2941 1041 δι’
2976 989 3108 1041 αὐτὸ
3137 990 3237 1059 οὐχ
3279 991 3483 1060 ἥκιστα
3518 991 3585 1043 τὸ
3621 993 3764 1054 καλὸς

2192 1079 2286 1130 καὶ
2313 1077 2513 1145 ἀγαθὸς
2549 1075 2707 1133 εἶναι.
2740 1081 3007 1151 Ἐρμαιον
3040 1082 3151 1153 γάρ
3177 1086 3289 1136 ἐστι
3326 1084 3438 1135 τῶν
3488 1086 3764 1155 κακοήθων

2193 1172 2334 1234 ἅπας
2367 1172 2617 1242 ἐπιεικής
2635 1188 2649 1203 ·
2675 1166 2776 1225 ’καὶ
2801 1175 2835 1243 ἡ
2869 1174 3125 1245 πρόσοδος
3151 1177 3263 1238 τοῖς
3300 1180 3568 1247 πονηροῖς
3596 1180 3660 1230 ὲκ
3682 1182 3766 1247 τῆς

2192 1262 2381 1332 ἐτέρας
2445 1263 2662 1333 μερίδος
2726 1264 3104 1335 παραγίνεται.
3166 1268 3478 1339 Ἐνδεῑκτης
3537 1265 3633 1323 οὖν
3694 1289 3767 1333 τις

2191 1351 2355 1415 ἀξιῶν
2389 1352 2822 1422 μισθοδοτεῖσθαι
2856 1354 2986 1425 παρ’
3013 1354 3196 1419 αὐτοῦ,
3228 1357 3323 1410 καὶ
3356 1358 3435 1427 μὴ
3467 1359 3765 1429 τυγχάνων,

2190 1447 2343 1518 δίκην
2366 1447 2503 1517 πρὸς
2529 1446 2693 1499 αὐτὸν
2724 1446 2933 1515 ἔλαχεν.
2976 1446 3065 1510 Ὠς
3091 1447 3147 1500 δὲ
3173 1448 3232 1499 ού
3258 1448 3579 1519 προύχώρει
3610 1450 3768 1520 ταύτῃ

2190 1539 2250 1592 τὸ
2276 1538 2477 1591 σπᾶσαί
2506 1556 2560 1590 τι
2585 1538 2694 1591 τῶν
2718 1539 2777 1591 ού
2803 1538 3209 1609 προσηκόντων,
3386 1536 3534 1611 ἦσαν
3556 1541 3609 1593 οἱ
3629 1542 3768 1609 νόμοι

2194 1630 2313 1700 μεθ’
2339 1629 2517 1701 ἡμῶν,
2553 1630 2747 1700 ἑτέραν
2782 1630 3071 1701 ἐτράπετο.
3101 1630 3211 1683 Καὶ
3230 1633 3469 1685 ποιεῖται
3501 1631 3605 1702 τὴν
3624 1632 3767 1702 δίκην

2191 1723 2433 1791 γραφὴν,
2463 1720 2882 1791 ἀνατεινάμενος
2908 1720 3161 1792 ἔγκλημα
3181 1719 3275 1774 τοῦ
3298 1722 3768 1794 κατηγορουμένου

501 1791 619 1868 tera
652 1791 811 1884 parte
840 1814 1033 1885 ingens
1065 1816 1225 1869 malis
1256 1791 1572 1885 proventus,
1610 1791 1800 1884 atque
1824 1830 2081 1885 compen-

2193 1813 2584 1884 πρεσϐύτερον.
2618 1813 2780 1866 Ἤκει
2810 1812 2875 1882 δὴ
2910 1812 2971 1865 τὸ
2993 1791 3260 1885 κληθῆναι
3298 1791 3537 1881 φθάσαςξ
3570 1815 3645 1867 Ού
3672 1816 3767 1883 γὰρ

500 1907 651 1960 dium
698 1906 896 1961 oritur.
931 1908 1102 1976 Igitur
1140 1907 1352 1961 delator
1394 1907 1582 1961 nescio
1615 1907 1739 1976 quis
1779 1908 2085 1962 mercedem

500 2002 569 2052 ab
601 2000 722 2068 ipso
780 1999 1090 2069 exprimere
1152 2000 1365 2065 volens,
1428 1998 1522 2053 ubi
1582 1998 1718 2052 nihil
1779 2010 2084 2068 promovet,

500 2092 650 2146 litem
694 2092 781 2145 illi
825 2091 1103 2158 intendit;
1160 2090 1256 2147 sed
1286 2105 1410 2145 cum
1444 2090 1620 2144 nihilo
1644 2090 1819 2160 magis
1856 2090 1959 2144 hac
1995 2106 2087 2144 ra-

503 2186 655 2238 tione
687 2184 986 2254 quidquam
1021 2192 1209 2253 posset
1242 2184 1433 2238 alienaz
1478 2183 1555 2237 rei
1597 2183 1870 2251 pellicere,
1904 2198 2030 2236 cum
2059 2198 2089 2235 a

503 2275 667 2329 nobis
696 2274 823 2343 jura
863 2289 927 2330 ac
984 2275 1133 2344 leges
1180 2281 1383 2339 essent,
1428 2274 1537 2327 alio
1585 2288 1645 2329 se
1696 2273 1985 2336 convertit,
2036 2284 2090 2327 et

498 2367 645 2421 litem
675 2368 728 2420 in
750 2368 1171 2422 accusationem
1212 2375 1555 2428 commutat,
1586 2365 1796 2419 crimen
1849 2379 1941 2418 reo
1969 2365 2088 2433 ipso

496 2458 779 2527 antiquius
822 2458 1130 2513 intentans.
1178 2457 1323 2527 Ergo
1376 2467 1502 2512 ante
1540 2456 1918 2510 vadimonium
1967 2472 2089 2511 sese

498 2548 666 2602 sistit.
732 2547 921 2619 Neque
982 2548 1128 2603 enim
1187 2548 1478 2617 desperato
1536 2547 1921 2602 calumniatori
1974 2547 2087 2601 ullo

2194 1906 2341 1971 ἄξιον
2389 1905 2633 1959 ἐνδοῦναι
2672 1904 2971 1958 θανατῶντί
3009 1922 3074 1973 γε
3118 1906 3468 1977 συκοφάντῃ,
3523 1906 3623 1959 καὶ
3653 1923 3768 1976 προ-

2195 1998 2348 2051 έσθαι
2390 1997 2460 2050 τὰ
2488 1997 2721 2068 πατρῷά
2762 2014 2845 2062 τε,
2891 1997 2985 2049 καὶ
3027 1997 3097 2050 τά
3146 1997 3396 2067 παππῷα
3446 1998 3590 2067 μετά
3628 1998 3767 2066 δόξης

2197 2092 2446 2161 αἰσχρᾶς.
2480 2090 2621 2161 Πρὸς
2665 2089 2858 2154 ταῦτα,
2892 2089 3061 2141 δεῖται
3095 2089 3263 2159 φίλων
3297 2088 3533 2152 ἀδόλων,
3569 2092 3768 2157 mgf..-

2196 2182 2421 2247 λεύτων,
2454 2182 2577 2235 νοῦν
2608 2181 2863 2251 ἐχόντων,
2897 2174 3008 2243 οἷος
3036 2176 3088 2234 εἷ
3112 2180 3198 2234 σύ.
3233 2181 3388 2245 Ἔξει
3418 2181 3478 2234 δὲ
3506 2181 3641 2251 (σὺν
3664 2180 3771 2249 Θεῷ

2198 2275 2434 2345 εἰρήσθω
2455 2277 2471 2345 )
2508 2276 2566 2328 σὲ
2594 2275 2692 2344 μὲν
2710 2275 2777 2327 δι’
2803 2274 2959 2345 ἐμοῦ,
2981 2274 3069 2328 διὰ
3101 2274 3193 2326 σοῦ
3216 2274 3273 2327 δὲ
3293 2276 3423 2336 τοὺς
3447 2275 3640 2343 φίλους
3658 2276 3767 2337 τοὺς

2196 2368 2361 2437 ἐμούς
2399 2385 2457 2419 τε
2486 2369 2579 2420 καὶ
2612 2367 2765 2430 σούςο
2810 2363 2885 2422 ὧν
2919 2368 2947 2420 ὃ
2985 2385 3036 2419 τι
3060 2368 3123 2421 ἄν
3149 2384 3231 2430 τις
3261 2366 3483 2434 ’ἀγαθὸν
3509 2369 3593 2430 εἰς
3624 2366 3771 2419 αὐτὸν

2196 2459 2517 2530 ἐργάσηται,
2564 2459 2754 2514 τούτου
2796 2461 2893 2533 τὴν
2937 2463 3095 2533 χάριν
3143 2462 3383 2529 ὀφείλειν
3426 2463 3546 2532 ἐγὼ
3578 2463 3768 2522 δίκαιός

2195 2553 2329 2618 εἰμι.

497 2642 662 2697 modo
687 2642 1021 2702 credendum
1056 2651 1181 2707 est;
1218 2656 1397 2712 neque
1437 2650 1662 2712 paterna
1692 2648 1746 2695 et
1773 2640 1921 2694 avita
1942 2639 2085 2695 bona
2127 2643 2271 2707 turpi
2298 2658 2423 2696 cum
2463 2643 2735 2702 dedecore
2773 2648 3049 2718 perdenda
3085 2660 3231 2703 sunt.
3272 2649 3356 2703 Ad
3423 2649 3533 2703 hoc
3592 2653 3763 2705 amitis

497 2752 636 2805 opus
667 2738 831 2792 habet
870 2737 1128 2802 sinceris,
1158 2736 1383 2792 minime
1399 2734 1649 2829 ‘fucatis,
1684 2734 2076 2805 prudentibus.
2121 2736 2431 2803 cujusmodi
2463 2754 2522 2793 es
2558 2748 2613 2793 tu
2643 2758 2657 2805 ;
2695 2742 2912 2797 habebit
2943 2758 3070 2797 vero
3096 2744 3289 2822 (quod
3341 2732 3452 2796 Deo
3522 2749 3769 2813 probante

498 2829 703 2883 dictum
730 2843 759 2881 a
787 2843 874 2883 me
899 2828 1011 2898 sit)
1043 2839 1093 2883 te
1144 2825 1582 2897 primum'opera
1613 2840 1752 2887 mea,
1787 2834 1882 2879 tua
1928 2840 2082 2887 vero,
2126 2827 2337 2884 amicos
2404 2846 2579 2895 meos,
2643 2839 2922 2903 tuosque:
2998 2849 3230 2903 quorum
3292 2825 3572 2905 quidquid
3638 2840 3768 2893 ullus

498 2922 747 2979 beneﬁcii
781 2923 835 2977 in
868 2924 1025 2977 illum
1062 2921 1382 2985 contulerit,
1438 2921 1600 2990 hujus
1637 2937 1721 2975 me
1771 2921 1959 2991 gratia:
2004 2935 2102 2992 par
2140 2933 2225 2976 est
2254 2923 2551 2978 debitorem
2589 2941 2903 2998 agnoscere.

980 3035 1318 3091 EPISTULA
1349 3034 1567 3088 CXXXI

1194 3127 1398 3182 Fratri.

568 3218 824 3274 Mulieres
865 3220 1086 3290 quidem
1119 3221 1432 3286 vociferari,
1480 3236 1542 3275 ac
1574 3230 1766 3290 pectus
1806 3222 2084 3290 plangere.

497 3318 554 3365 et
606 3328 821 3366 comam
854 3313 1058 3368 vellere
1103 3356 1118 3379 ,
1162 3313 1301 3368 visis
1345 3321 1441 3367 aut
1501 3315 1775 3371 nuntiatis
1809 3314 2087 3379 hostibus,

498 3402 842 3458 tolerabilius
868 3404 1041 3458 videri
1069 3411 1251 3472 potest
1275 3423 1287 3458 :
1316 3419 1629 3473 quanquam
1659 3421 1725 3457 ne
1744 3403 2085 3457 tolerandum

498 3494 720 3563 quidem
754 3494 1038 3550 existimat
1067 3493 1243 3560 Plato,
1285 3495 1429 3564 quod
1456 3496 1628 3549 instar
1657 3496 1980 3563 gallinarum
2014 3496 2082 3548 ad

498 3588 681 3657 pullos
712 3588 994 3658 tegendos,
1048 3587 1359 3657 cuicunque
1388 3588 1549 3641 etiam
1586 3587 1926 3642 validissimo
1962 3602 2084 3641 sese

498 3680 676 3734 nnlint
723 3694 1002 3749 Opponere
1046 3698 1060 3734 :
1101 3679 1196 3734 sed
1257 3679 1549 3750 pessimam
1595 3678 1838 3731 humano
1894 3677 2080 3747 generi

499 3769 703 3824 famam
729 3777 1054 3841 aspergant;
1085 3785 1194 3839 prae
1214 3770 1473 3823 omnibus
1496 3767 1549 3821 id
1572 3783 1695 3822 esse
1724 3768 1913 3822 bestiis
1932 3768 2084 3836 igna-

497 3864 805 3917 vissimum.
839 3863 916 3918 Te
946 3878 1077 3918 vero
1110 3861 1300 3917 eadem
1335 3860 1428 3914 illa
1467 3860 1836 3922 committere,
1880 3866 2080 3912 noctu-

498 3972 604 4025 que
643 3956 1005 4025 intemperiis,
1032 3970 1097 4009 ac
1131 3953 1433 4009 terroribus
1481 3951 1698 4017 agitari,
1730 3959 1784 4005 et
1833 3950 2075 4017 exsilire,

497 4058 551 4101 et
582 4047 875 4102 identidem
913 4046 1237 4109 vociferari,
1305 4044 1408 4099 sub
1440 4044 1576 4114 ipsis
1630 4042 1867 4113 prazsidii
1906 4043 2078 4112 portis

497 4150 681 4194 astare
706 4141 1000 4194 barbarum
1034 4136 1329 4209 (ejusmodi
1361 4137 1507 4191 enim
1538 4136 1605 4190 de
1632 4143 1686 4192 te
1720 4136 1969 4206 quaedam
2008 4136 2079 4191 ad

494 4242 584 4282 me
617 4228 823 4298 perlata
857 4226 1042 4296 sunt),
1092 4226 1332 4281 etiamne
1377 4223 1508 4279 ferri
1544 4224 1692 4280 istud
1724 4234 1922 4295 potest,
1954 4241 2077 4280 cum

496 4321 551 4375 id
579 4321 844 4376 absonum
878 4321 1069 4390 utique
1103 4317 1385 4382 videatur,
1444 4332 1569 4372 eum
1595 4318 1689 4387 qui
1724 4317 1894 4372 frater
1925 4333 2079 4373 meus

1103 3356 1118 3379 ,
1162 3313 1301 3368 visis
1345 3321 1441 3367 aut
1501 3315 1775 3371 nuntiatis
1809 3314 2116 3379 hostibus”

2120 3017 2163 3075 C
2319 3095 2328 3104 ,
2709 3038 3051 3093 summa
3090 3040 3258 3094 PAA'.

2795 3128 2878 3193 Τῷ
2898 3128 3155 3198 ἀδελφῷ.

2264 3215 2336 3267 Τὸ
2365 3216 2462 3285 μὲν
2503 3216 2603 3281 τὰς
2631 3221 2897 3287 γυναῖκας
2949 3220 3078 3291 βοᾷν
3121 3221 3214 3274 καὶ
3264 3224 3761 3292 στερνοτυπεῖσθαι,

2154 3358 2158 3364 ,
2193 3308 2286 3359 καὶ
2320 3309 2650 3379 σπαράττειν
2680 3312 2777 3374 τὰς
2819 3312 3026 3381 κόμας,
3055 3313 3452 3381 ἐπιφανέντων,
3497 3316 3529 3384 ἧ
3568 3332 3763 3383 προαγ-

2192 3399 2494 3465 γελοέντων
2525 3401 2816 3471 πολεμίων,
2847 3396 3006 3472 ἦττον
3054 3402 3120 3455 ἂν
3148 3402 3315 3467 δόξειε
3344 3404 3522 3457 δεινόν
3542 3423 3557 3436 ·
3598 3406 3763 3457 tufts:

2194 3491 2289 3543 καὶ
2310 3491 2469 3545 τοῦτο
2492 3493 2662 3547 δεινὸν
2683 3496 2710 3546 ὁ
2734 3494 2958 3549 Πλάτων
2981 3496 3091 3565 (67)
3114 3497 3302 3560 οἴεται,
3335 3496 3397 3548 τὸ
3420 3498 3560 3565 μηδὲ
3585 3498 3763 3567 ὥσπερ

2188 3582 2287 3645 τὰς
2302 3584 2477 3653 ὄρνεις
2498 3583 2702 3638 ἐθέλειν
2722 3585 3063 3656 ἀμυνομένας
3082 3586 3223 3657 ὑπὲρ
3240 3586 3350 3639 τῶν
3376 3590 3609 3641 νεοττῶν
3639 3592 3765 3659 πρὸς

2189 3674 2364 3728 ὁτιοῦν
2416 3674 2525 3725 τῶν
2560 3673 2955 3745 ἀλκιμωτάτων
3002 3675 3392 3731 ἀνθίστασθαι·
3426 3678 3568 3732 ἀλλὰ
3617 3680 3764 3744 δόξαν

2188 3771 2446 3837 καταχεῖν
2477 3766 2593 3838 [πο.
2622 3768 2939 3841 κατασχεῖν]
2958 3769 3052 3823 τοῦ
3084 3770 3193 3823 τῶν
3219 3770 3535 3841 ἀνθρώπων
3562 3774 3761 3842 γένους,

2186 3858 2267 3909 ὅτι
2296 3858 2511 3910 πάντων
2536 3856 2739 3928 θηρίων
2763 3858 3125 3928 ἀτολμότατον
3154 3860 3371 3927 γέγονε.
3401 3860 3477 3914 Τὸ
3499 3862 3559 3916 δὲ
3594 3864 3685 3915 καί
3710 3878 3761 3914 π

2186 3949 2358 4003 ταύτά
2389 3950 2623 4014 ἐκείναις
2654 3950 2991 4022 πλημμελεῖν
3012 3991 3026 4017 ,
3056 3953 3150 4005 καὶ
3172 3951 3391 4026 νύκτωρ
3419 3956 3767 4026 ἐκδειματώ-

2190 4040 2333 4102 σθαι,
2375 4040 2469 4093 καὶ
2512 4040 2919 4107 διανίστασθαι,
2972 4044 3064 4096 καὶ
3111 4044 3237 4115 βοᾷν
3282 4048 3419 4117 παρ’
3454 4048 3629 4117 αὐτὴν
3678 4045 3761 4098 τοῦ

2186 4131 2449 4204 φρουρίου
2469 4132 2567 4203 τὴν
2600 4133 2771 4205 θύραν
2803 4133 3026 4187 ἑστάναι
3050 4134 3320 4206 βάρϐαρον
3340 4153 3357 4165 ³
3403 4137 3634 4192 τοιαῦτα
3660 4137 3761 4205 γάρ

2184 4241 2267 4287 τις
2300 4225 2599 4294 ἀπήγγειλε
2629 4226 2759 4298 περὶ
2801 4226 2893 4280 σοῦ
2916 4245 2929 4258 ·
2959 4228 3074 4290 πῶς
3122 4227 3201 4280 ἔτι
3238 4228 3416 4281 ταῦτα
3444 4230 3637 4283 οἰστάο
3662 4230 3757 4281 κᾶν

2185 4314 2411 4379 ἀλλοίως
2445 4315 2620 4369 ἔοικεν
2657 4312 2818 4381 εἶναι,
2852 4317 2984 4387 ὲμὺν
3015 4318 3238 4388 ἀδελφὸν
3257 4319 3411 4382 ὄντα,
3441 4321 3636 4374 ἔπειτα
3657 4323 3757 4373 δει-

496 4412 727 4473 sit,esse
757 4379 1215 4466 formiddlosum?
1240 4409 1407 4478 Atqui
1438 4422 1539 4478 ego
1575 4379 1753 4477 primo
1776 4409 1960 4463 statim
1990 4409 2077 4463 di-

2188 4407 2274 4459 λὸν
2304 4402 2474 4472 srvat;
2508 4408 2721 4477 Ἔγωγέ
2748 4379 2831 4461 τοι
2864 4379 3335 4480 παρανατειλάσης
3359 4379 3530 4474 εύθίις
3557 4413 3756 4482 ἡμέρας

496 4503 683 4556 luculo
745 4518 911 4572 quam
962 4501 1080 4557 ﬁeri
1132 4501 1454 4571 longissime
1498 4509 1679 4570 potest
1730 4501 2075 4570 obequitans,

497 4594 727 4649 auribus
750 4604 913 4664 atque
938 4594 1113 4650 oculis
1135 4593 1201 4649 de
1226 4591 1583 4648 abactoribus
1614 4592 1681 4646 iis
1710 4607 1831 4661 qua:
1854 4607 2078 4662 possum

498 4687 738 4754 inquiro.
799 4685 987 4756 Neque
1013 4687 1156 4741 enim
1190 4686 1376 4739 hostes
1399 4683 1811 4753 appellaverim,
1862 4685 1955 4740 sed
2001 4685 2079 4737 la-

496 4788 684 4833 trones
723 4792 787 4831 ac
819 4788 1158 4849 grassatores
1181 4818 1196 4842 ,
1241 4784 1336 4829 aut
1365 4775 1413 4830 si
1445 4775 1590 4844 quod
1613 4776 1760 4830 aliud
1795 4776 2079 4846 abjectius

497 4885 697 4925 nomen
727 4879 848 4934 est,
888 4870 981 4939 qui
1011 4870 1286 4923 neminem
1317 4866 1516 4924 fortius
1538 4869 1887 4923 invadentem
1912 4870 2076 4924 susti-

497 4972 663 5019 neant
683 5002 698 5029 ,
735 4964 831 5019 sed
861 4961 1084 5017 timidos
1127 4952 1192 5016 ac
1222 4961 1483 5017 attonitos
1506 4961 1772 5016 duntaxat
1797 4963 1962 5034 268
1985 4963 2075 5032 ju-

500 5054 985 5125 gulant,tanquam
1012 5052 1275 5125 pecudes,
1298 5052 1909 5125 ac.despoliaut.Noetu
1945 5069 2075 5109 vero

2182 4499 2643 4567 ἐξιππασάμενος,
2680 4499 2755 4564 ὡς
2781 4500 3005 4554 ἀνυστὸν
3033 4502 3395 4571 πορρωτάτω,
3433 4502 3536 4555 καὶ
3555 4502 3653 4554 ὠσὶ
3672 4504 3755 4552 καὶ

2181 4590 2481 4660 ὀφθαλμοῖς
2534 4591 2601 4645 τὰ
2652 4590 2798 4644 κατά
2825 4592 2948 4655 τοὺς
2982 4592 3257 4655 ἀπελάτας
3289 4592 3523 4654 τούτους
3556 4595 3754 4647 ᾶπαντα

2184 4683 2643 4753 πολυπραγμονῶ.
2675 4684 2807 4736 Οὐδὲ
2841 4684 2947 4756 γὰρ
2978 4684 3126 4749 ἄξιον
3165 4684 3348 4738 καλεῖν
3382 4686 3584 4748 αὐτοὺς
3610 4686 3754 4736 πολε-

2188 4777 2360 4846 μίους,
2391 4776 2525 4830 ἀλλά
2550 4777 2752 4850 λῃστᾰς
2778 4778 2810 4848 ἢ
2840 4777 3178 4842 λωποδύτας,
3199 4779 3233 4847 ἡ
3256 4795 3309 4831 τι
3327 4779 3577 4831 τοιοῦτον
3596 4780 3752 4846 ovain

2186 4869 2750 4941 μικροπρεπέστατον,
2790 4870 2839 4922 οἳ
2872 4871 3075 4942 μηδένα
3119 4870 3225 4923 τῶν
3266 4872 3605 4941 ἐρρωμένως
3640 4872 3750 4920 ἑπι-

2184 4961 2497 5031 φερομένων
2522 4962 2859 5030 ὑφίστανται,
2882 4962 3016 5015 ἀλλά
3043 4962 3235 5033 μόνους
3254 4964 3381 5026 τοὺς
3407 4962 3751 5029 καταπλῆγας

2184 5053 2646 5122 ἀποσφάττουσιν,
2686 5053 2873 5125 ὥσπερ
2907 5057 3098 5125 ἱερεῖα,
3142 5054 3238 5106 καὶ
3270 5053 3612 5124 περιδύουσι.
3649 5052 3749 5103 λύ-

1746 5190 1929 5250 DION.
1962 5190 2237 5246 PETAVII
2283 5190 2327 5244 Ν
2335 5190 2521 5245 ΟΤᾸΞ.

498 5308 711 5363 Erasmi
740 5307 1112 5375 conjecturam
1157 5308 1351 5376 probo,
1400 5307 1495 5375 qui
1526 5307 1775 5361 invidiam
1814 5322 1911 5377 pro
1946 5307 2065 5376 glo-

498 5382 637 5432 riam
670 5378 943 5447 rescribit.
987 5377 1120 5429 Nam
1154 5379 1341 5447 gloriae
1387 5379 1617 5432 invideri
1657 5380 1834 5443 solet,
1891 5378 2066 5432 virtus

498 5451 759 5518 diligitur.
803 5446 961 5518 Felix
1018 5448 1203 5517 itaque
1256 5458 1380 5513 est,
1435 5450 1530 5518 qui
1584 5448 1812 5517 gloriam
1863 5448 2068 5518 virtute

497 5517 870 5583 transcendit;
925 5518 1000 5571 ita
1046 5519 1192 5573 enim
1238 5521 1360 5588 plus
1401 5517 1607 5573 amoris
1638 5533 1803 5587 quam
1853 5517 2069 5571 invidia:

500 5596 759 5641 meretur.

571 5658 680 5723 (67‘,
718 5656 827 5711 Kal
872 5674 960 5709 τοι
1001 5658 1099 5710 καὶ
1141 5659 1317 5711 τοῦτο
1346 5659 1543 5711 δεινὸν
1577 5661 1608 5711 ό
1644 5654 1909 5709 Πλάτων.
1946 5655 2065 5711 Lib.

502 5723 577 5776 De
603 5727 700 5794 leg.
730 5743 802 5779 vn
843 5746 855 5780 :
890 5727 1061 5795 Πολλὴ
1107 5748 1227 5795 που,
1254 5730 1420 5780 κακία
1442 5728 1732 5788 πολιτείας,
1771 5725 1941 5789 οὕτως
1988 5730 2070 5779 αξ-

506 5796 685 5865 σχρῶς
731 5798 828 5860 τὰς
877 5793 1139 5865 γυναῖκας
1189 5793 1325 5850 εἶναι
1373 5796 1780 5868 τεθραμμένας,
1820 5798 1896 5860 ὡς
1942 5797 2067 5868 μηδ’

2174 5306 2362 5376 (Lamp
2394 5304 2612 5376 ὄρνιθας
2647 5304 2772 5376 περὶ
2802 5305 3026 5376 τέκνων
3047 5303 3365 5376 μαχομένας
3408 5306 3549 5375 πρὸς
3582 5303 3745 5376 ὁτιοῦν

2170 5377 2280 5428 τῶν
2313 5374 2695 5446 ἰσχυρωτάτων
2723 5374 2924 5446 θηρίων
2958 5374 3527 5446 θέλεινᾲποθνήσκειν
3558 5375 3741 5446 τε.-χῂ

2175 5442 2691 5508 πάνταςκινδύνους
2730 5442 3079 5507 κινδυνεύειν,
3120 5444 3239 5496 ἀλλ’
3272 5442 3437 5505 εὐθὺς
3472 5445 3607 5514 πρὸς
3631 5442 3736 5504 ἱερὰ

2176 5514 2485 5592 φερομένας
2506 5556 2527 5593 ζ
2568 5516 2776 5593 πάντας
2797 5514 3027 5593 -βωμούς
3054 5530 3124 5593 ,τε
3162 5514 3255 5566 καὶ
3281 5515 3443 5593 ναοὺς
3478 5514 3737 5592 syrma)?-

2175 5581 2284 5649 ναί,
2317 5581 2596 5650 καΐδὸξαν
2621 5584 2714 5637 τοῦ
2754 5581 2863 5636 τῶν
2900 5581 3198 5652 ἀνθρώπιον
3242 5584 3433 5652 γένορς
3474 5581 3735 5647 καταχξῐι,

2175 5656 2249 5717 ὡς
2281 5649 2829 5708 πάντωνδειλότατον
2873 5649 3029 5718 φύσεί
3085 5649 3274 5722 θηρίον
3328 5649 3493 5706 εἶναι.
3546 5652 3735 5722 Senius

2176 5725 2252 5777 De
2283 5725 2476 5779 remed.
2516 5726 2723 5792 fortuit.
2756 5740 2774 5776 :
2819 5722 3108 5792 [inbecilles
3140 5718 3347 5774 natura
3387 5738 3587 5775 sumus.
3635 5718 3737 5769 3c-

2176 5805 2352 5849 turam
2382 5790 2645 5863 infamare
2671 5794 2849 5847 nolite.
2884 5790 2988 5846 Illa
3016 5792 3179 5860 fortes
3201 5808 3299 5846 nos
3334 5793 3534 5857 quiuit.
