3928 6536
477 358 613 414 1519

1491 349 1760 408 SYNESII
1802 346 2270 404 PTOLEMAIDIS
2308 346 2625 406 EPISCOPl

3599 351 3723 405 1520

477 468 825 541 perferendas
858 470 1118 524 traderes.
1148 466 1223 522 Ita
1252 468 1398 522 enim
1436 466 1525 529 fit,
1556 475 1615 521 ut
1639 470 1917 535 nunquam
1975 481 2056 519 re-

2168 482 2293 528 τιον,
2341 465 2441 535 τὴν
2482 462 2772 536 επιστολὴν
2802 463 3136 534 πέμπεσθαι,
3172 464 3305 535 μηδὶ
3332 464 3430 517 ἕνα
3470 466 3725 517 ποιεῖσθαι

474 575 681 627 centes,
704 564 797 618 sed
830 570 1100 618 vetustate
1128 571 1468 631 consumpta:
1501 561 1569 614 ad
1600 576 1686 615 me
1713 560 2050 630 perveniant.

476 654 583 709 Fac
612 657 796 726 igitur,
834 657 977 724 quod
1004 670 1090 709 me
1117 654 1294 709 facere
1326 653 1499 708 vides.
1535 650 1728 706 Nullus
1759 652 2055 720 imperato-

474 748 550 801 ris
576 746 890 801 vercdarius
914 760 1114 813 equum
1147 744 1425 814 publicum
1450 751 1670 797 mutans
1709 744 1843 797 urbe
1898 742 2059 811 protl-

471 837 719 898 ciscitur,
747 835 836 889 cui
864 848 975 889 non
1009 834 1311 891 [numeratis
1337 836 1569 890 Sarcinae
1597 848 1725 903 pars
1756 834 1938 902 aliqua
1961 832 2052 895 sit,

472 930 616 998 quod
653 928 717 979 ad
740 926 1104 981 eruditionem
1154 934 1301 979 tuam
1356 926 1617 980 mittitur.
1656 924 1837 990 Quare
1867 926 1913 979 si
1958 924 2055 979 tibi

473 1020 703 1075 ﬁdeliter
729 1018 982 1082 reddant,
1028 1017 1143 1071 sive
1189 1032 1403 1078 omnes,
1452 1019 1568 1071 sive
1615 1032 1804 1070 eorum
1844 1016 2055 1086 aliqui,

474 1112 643 1166 multa
672 1110 740 1164 iis
763 1124 1028 1179 prospera
1056 1108 1397 1178 contingant.
1434 1108 1568 1162 Boni
1589 1107 1732 1161 enim
1774 1108 1875 1161 viri
1905 1114 2054 1163 sunt.

474 1204 569 1257 Sin
606 1205 786 1257 minus
809 1242 823 1264 ,
852 1202 954 1255 hac
986 1209 1047 1255 tu
1087 1202 1142 1255 in
1176 1208 1332 1271 parte
1369 1202 1693 1269 prudentior
1723 1216 1817 1266 es,
1858 1201 1950 1270 qui
1991 1200 2059 1255 iis

475 1290 632 1347 fidem
660 1307 768 1344 non
793 1290 1079 1357 adhibeas,
1118 1291 1320 1359 quibus
1351 1289 1539 1343 haberi
1572 1289 1778 1344 nullam
1817 1299 2054 1361 Oportet.

474 1387 579 1443 Sed
617 1403 687 1443 ne
734 1386 1023 1441 librarium
1078 1395 1133 1442 et
1172 1401 1274 1440 nos
1323 1384 1531 1439 frustra
1574 1386 1885 1455 fatigemus,
1931 1400 2056 1440 cum

472 1479 699 1535 minime
730 1477 1092 1549 perferendas
1136 1477 1202 1533 ad
1248 1486 1303 1533 te
1347 1478 1559 1532 litteras
1591 1476 1889 1539 dictamus,
1937 1492 2060 1532 cer-

472 1575 576 1625 tior
606 1571 757 1627 reddi
789 1572 975 1640 cupio.
1010 1569 1346 1624 Mutabimus
1380 1574 1523 1624 enim
1551 1569 1810 1639 deinceps
1840 1578 2059 1625 senten-

470 1666 633 1732 tiam;
672 1664 885 1732 solique
916 1662 1078 1716 Petro
1105 1662 1473 1715 committam.
1510 1659 1621 1715 llas
1644 1676 1808 1731 porro
1845 1662 2059 1718 litteras

472 1771 502 1808 a
540 1755 701 1810 Petro
729 1755 1001 1823 perlatum
1038 1754 1105 1809 iri
1139 1752 1404 1816 arbitror,
1428 1768 1567 1822 quas
1595 1752 1664 1807 de
1703 1768 1863 1807 sacra
1892 1770 2055 1807 manu

471 1846 767 1916 acceperit.
802 1845 955 1900 Mitto
998 1845 1143 1899 enim
1187 1846 1285 1901 has
1316 1860 1347 1900 e
1383 1843 1669 1914 Pentapoli
1713 1844 1779 1899 ad
1811 1859 2058 1899 commu-

472 1955 596 1993 nem
644 1938 994 2007 magistram;
1052 1938 1167 1992 lnec
1222 1947 1408 1992 autem
1477 1940 1787 2008 cuicunque
1840 1937 2057 1993 libuerit

473 2032 783 2086 committet
813 2049 826 2083 :
861 2031 1051 2085 libebit
1080 2039 1284 2097 autem,
1322 2031 1531 2101 optime
1566 2033 1708 2095 scio,
1734 2032 1783 2087 ei
1815 2032 2056 2092 tradere,

472 2122 567 2194 qui
604 2123 675 2176 sit
703 2121 1054 2176 notissimus.
1096 2119 1286 2190 Neque
1324 2121 1471 2175 enim
1509 2121 1741 2182 scimus,
1783 2135 1817 2174 ο
1848 2121 2062 2176 charis-

470 2215 610 2270 sime
640 2230 704 2268 ac
734 2214 994 2284 praeclare
1024 2214 1130 2277 vir,
1166 2229 1235 2267 an
1268 2223 1457 2283 postea
1494 2213 1770 2268 salutandi
1818 2214 2051 2269 invicem

472 2305 708 2361 facultas
761 2306 832 2359 sit
872 2303 1109 2357 affutura
1136 2342 1153 2369 ,
1196 2312 1485 2374 propterea
1525 2302 1671 2373 quod
1713 2303 1931 2372 ignavia
1962 2303 2061 2357 du~

471 2412 598 2451 cum
622 2396 744 2450 sine
773 2394 1081 2449 certamine
1113 2393 1358 2463 regionis
1398 2392 1584 2448 hostes
1622 2392 1936 2462 potiuntur;
1973 2408 2062 2447 so-

472 2489 621 2557 lique
663 2502 764 2541 nos
809 2486 1137 2555 superstites
1184 2500 1399 2549 sumus,
1435 2485 1531 2555 qui
1568 2484 1635 2538 ad
1687 2485 1901 2538 munita
1944 2484 2080 2539 loca-

472 2580 846 2649 confugimns,
893 2579 1174 2643 omnibus,
1227 2586 1500 2647 quthuot
1549 2575 1605 2630 in
1658 2576 2062 2645 campestribus

474 2672 804 2741 deprehensi
848 2680 1001 2735 sunt,
1044 2669 1317 2739 pecudum
1365 2684 1519 2723 more
1553 2669 1846 2738 iugulatis.
1889 2666 2062 2722 Verc-

471 2781 597 2820 mur
636 2772 819 2817 autem
854 2777 925 2817 ne
955 2761 1219 2816 diuturna
1268 2762 1324 2814 in
1373 2760 1442 2815 iis
1488 2760 1626 2813 locis
1663 2760 1877 2812 illorum
1912 2774 2063 2813 com-

473 2856 708 2912 moratio
738 2870 903 2925 quam
935 2854 1173 2923 plurima
1210 2853 1442 2907 castella
1492 2852 1582 2907 siti
1617 2850 1684 2903 ad
1727 2850 2061 2906 deditionem

472 2946 787 3017 compellat.
837 2944 967 3012 Quae
1005 2962 1174 3001 causa
1223 2954 1328 3012 est,
1379 2960 1480 2999 cur
1524 2944 1957 3009 recrituinationi
1989 2944 2062 2997 illi

476 3049 606 3105 tute,
652 3056 773 3110 qua:
812 3040 880 3094 de
934 3038 1255 3095 muneribus
1313 3045 1453 3104 erat,
1498 3053 1606 3092 non
1662 3025 2060 3108 responderim.

476 3131 663 3200 Neque
692 3131 845 3184 enim.
874 3130 1048 3189 otium
1097 3129 1224 3193 fuit,
1254 3144 1322 3183 eo
1361 3129 1509 3198 quod
1552 3129 1607 3183 in
1656 3129 1928 3183 machina:
1967 3142 2061 3181 cu-
2092 3164 2133 3219 ο

473 3223 691 3292 jusdam
732 3221 1096 3276 fabricatione
1130 3220 1468 3290 occupabar.
1507 3219 1621 3273 Hoc
1655 3220 1800 3273 enim
1845 3219 2061 3282 molior,

478 3312 943 3382 quemadmodum
977 3327 1008 3366 e
1040 3311 1292 3366 turribus
1340 3327 1450 3367 non
1493 3309 1879 3367 contemnendi
1928 3324 2065 3379 pon-

481 3401 629 3457 deris
670 3402 879 3470 lapides
923 3414 1089 3469 quam
1144 3399 1470 3470 longissime
1505 3399 1836 3470 jaculemur.
1890 3398 2067 3453 Simul

485 3504 666 3547 autem
699 3502 753 3547 et
784 3490 1035 3546 mittendi
1074 3491 1141 3544 ad
1174 3505 1259 3545 me
1288 3506 1518 3547 munera
1550 3500 1874 3561 potestatem
1902 3490 2065 3545 facio.

487 3583 777 3657 Synesium
830 3582 1041 3651 quippe
1097 3580 1352 3652 Olympio
1412 3580 1609 3635 cedere
1672 3596 1900 3636 necesse
1936 3589 2063 3637 est:

486 3692 673 3730 verum
718 3690 781 3727 ea
812 3675 950 3743 lege,
986 3689 1057 3728 ne
1111 3674 1351 3727 lautiora
1390 3687 1621 3727 munera
1669 3673 1801 3728 sint.
1850 3671 1985 3726 Nam
2014 3683 2069 3727 et

487 3778 622 3823 tunc
664 3768 874 3832 luxum,
914 3783 1023 3837 quo
1076 3766 1131 3820 in
1171 3766 1521 3820 contubernii
1575 3766 1898 3823 diversoriis
1936 3783 2069 3823 usus

482 3877 566 3926 es,
606 3860 831 3914 minime
877 3860 1149 3930 probavi:
1184 3859 1279 3915 sed
1329 3858 1588 3913 militaria
1627 3874 1692 3915 ea
1738 3862 1883 3915 dona
1933 3862 2067 3925 sint,

484 3966 647 4006 arcus
685 3952 896 4006 scilicet
930 3966 995 4006 ac
1024 3951 1258 4022 spicula.
1297 3951 1425 4006 Haec
1457 3963 1637 4006 autem
1680 3968 1788 4006 una
1817 3968 1940 4006 cum
1969 3968 2066 4006 cu-

485 4044 755 4115 spi'dibus.
793 4045 970 4099 Arcus
987 4044 1207 4114 quidem
1258 4044 1343 4099 vel
1383 4044 1606 4101 aliunde
1647 4058 1897 4100 coemere
1938 4059 2068 4116 pos-

486 4150 608 4189 sum
636 4152 650 4200 ;
683 4143 777 4188 aut
798 4148 940 4203 quos
969 4135 1087 4204 ipse
1109 4133 1223 4203 jam
1270 4134 1448 4189 habeo
1470 4133 1635 4204 27o
1655 4132 1882 4190 reficere
1910 4153 1923 4188 :
1953 4136 2071 4205 spi-

484 4228 611 4281 cula
639 4240 768 4281 vero
793 4241 934 4296 :13ng
960 4232 1375 4294 comparantur,
1401 4240 1522 4295 quae
1549 4224 1768 4294 quidem
1799 4225 1921 4280 usui
1949 4241 2071 4281 esse

489 4319 726 4388 possint.
757 4317 1014 4388 {Egyptia
1047 4316 1194 4372 enim
1232 4316 1333 4370 ista
1357 4317 1628 4387 geniculis
1655 4318 2069 4387 protuberantia

488 4410 879 4464 substrictiore
920 4408 1237 4463 internodio
1284 4418 1433 4463 sunt.
1494 4408 1705 4463 Idcirco
1742 4424 1841 4478 per
1888 4410 2071 4479 seipsa

2158 555 2513 626 διακομιστὴν
2556 556 2715 626 μόνον
2759 554 2854 607 τὸν
2901 555 3154 623 φίλτατον
3196 555 3381 624 Σύρον.
3432 555 3594 607 οὕτω
3632 556 3727 625 γὰρ

2161 648 2449 717 συμϐαίνει
2484 647 2547 699 τὸ
2579 647 2712 718 μηδὲ
2746 650 2981 717 νεαροῖς,
3018 646 3135 700 ἀλλ’
3156 645 3342 710 ἑώλοις
3370 647 3560 709 αὐτοῖς
3592 664 3727 718 περι-

2158 740 2469 809 τυγχάνειν.
2506 739 2717 810 Ὠσπερ
2745 734 2838 793 οὖν
2873 738 3003 807 ἐγὼ,
3054 740 3150 792 καὶ
3183 739 3345 801 αὐτὸς
3378 739 3529 792 οὕτω
3578 741 3726 791 ποίει.

2161 830 2347 894 Οὐδεὶς
2380 830 2643 900 βασιλέως
2672 831 3071 902 ἀγγελιαφόρος
3095 831 3355 903 δημοσίαν
3387 832 3561 885 ἵππον
3584 834 3730 902 ἀμεί-

2161 925 2270 977 ϐων
2300 924 2467 991 ἔξεισι
2495 924 2592 993 τῆς
2615 924 2845 987 πόλεως.
2872 918 2917 992 ᾧ
2944 925 3018 996 μὴ
3048 926 3117 979 τὰ
3146 925 3279 996 πρὸς
3308 925 3411 997 τὴν
3448 926 3550 995 σὴν
3576 926 3733 993 λογιό-

2160 1033 2299 1085 τητα
2327 1015 2491 1086 μέρος
2520 1015 2732 1084 γίνεται
2755 1015 2850 1069 τοῦ
2879 1017 3108 1069 κατόπιν
3142 1016 3384 1087 φορτίον.
3426 1016 3491 1068 Εἰ
3533 1016 3636 1085 μὲν
3655 1012 3735 1069 οὖν

2159 1105 2502 1162 ἀποδιδόασιν
2529 1107 2563 1178 ἧ
2599 1108 2825 1170 πάντες,
2850 1109 2885 1178 ἦ
2910 1125 3054 1171 τινες
3084 1106 3284 1173 αὐτῶν,
3314 1106 3488 1159 πολλὰ
3531 1109 3737 1175 κάγαθὰ

2160 1202 2271 1262 τοῖς
2300 1198 2610 1252 ἀποδιδοῦσι
2656 1199 2888 1266 γένοιτο,
2929 1202 3183 1269 χρηστοῖς
3222 1194 3374 1252 οὖσιν
3398 1215 3415 1230 ⁸
3462 1201 3515 1252 εί
3556 1200 3614 1251 δὲ
3649 1199 3737 1269 μὴ,

2162 1291 2457 1364 καὶταύτῃ
2502 1293 2567 1345 σὺ
2603 1290 2939 1363 σοφώτερος,
2986 1290 3231 1345 ἀπιστῶν
3258 1286 3339 1355 οἷς
3384 1292 3564 1357 ἄξιον.
3610 1292 3737 1345 Ἀλλ’

2162 1389 2249 1440 ἵνα
2285 1387 2419 1458 μηδὲ
2446 1390 2608 1458 ἡμεῖς
2631 1388 2808 1457 μάτην
2836 1388 3125 1457 κόπτωμεν
3152 1386 3242 1439 τὸν
3273 1386 3627 1455 ὑπογραφέα,
3648 1386 3737 1448 τὰς

2160 1481 2259 1531 οὐκ
2300 1477 2777 1549 ἀποδοθησομένας
2810 1477 3101 1539 ἐπιστολὰς
3130 1476 3597 1547 ὑπαγορεύοντες,
3644 1494 3738 1546 μα-

2162 1571 2273 1623 ῢείν
2302 1570 2459 1636 ἀξιῶ.
2496 1568 2968 1639 Μεθαρμοσόμεθα
2992 1568 3101 1639 γὰρ
3121 1568 3215 1621 τοῦ
3237 1567 3455 1635 λοιποῦ,
3480 1568 3579 1620 καὶ
3607 1568 3739 1638 μόνῳ

2162 1662 2439 1714 πιστεύσω
2488 1660 2567 1732 τῷ
2598 1661 2814 1733 Πέτρῳ.
2861 1660 3079 1729 Ταύτην
3105 1661 3169 1729 γέ
3204 1676 3286 1712 τοι
3316 1659 3421 1729 τὴν
3454 1659 3737 1729 ἐπιστολὴν

2164 1755 2364 1825 Πέτρον
2394 1750 2545 1825 οἶμαι
2589 1754 2924 1824 διακομιεῖν,
2959 1752 3108 1822 παρὰ
3155 1753 3329 1823 μέσης
3390 1752 3630 1805 λαὸόντα
3650 1752 3739 1821 τῆς

2164 1848 2317 1916 ἱερᾶς
2361 1845 2564 1917 χειρός.
2618 1844 2829 1899 Στέλλω
2852 1848 2962 1918 γὰρ
2991 1843 3159 1914 αὐτὴν
3192 1843 3301 1896 ἀπὸ
3349 1843 3738 1905 Πενταπόλεως

2163 1937 2272 2005 ἐγὼ
2303 1937 2438 2007 πρὸς
2476 1937 2575 2009 τὴν
2604 1936 2919 1991 διδάσκαλον
2950 1937 3050 2007 τὴν
3084 1936 3290 2004 κοινήν.
3336 1934 3491 2005 Αὕτη
3542 1935 3602 1987 δὲ
3643 1938 3739 2004 ὅτῳ

2164 2030 2411 2100 βούλεται
2440 2028 2600 2083 δώσει
2626 2048 2639 2061 ·
2682 2028 2999 2099 βουλήσεται
3024 2028 3104 2091 δὲ,
3136 2023 3196 2081 εὖ
3227 2026 3325 2080 οἷδ’
3357 2028 3467 2093 ὅτι,
3507 2026 3591 2096 τῷ
3614 2044 3739 2095 7m-

2166 2122 2456 2193 ριμωτάτῳ
2478 2123 2801 2192 παρασχεῖν.
2833 2120 2942 2173 Καὶ
2963 2122 3072 2192 γὰρ
3098 2120 3205 2173 οὐδ’
3238 2120 3425 2190 ἴσμεν,
3452 2112 3501 2171 ὦ
3530 2118 3738 2187 φίλτατε

2163 2217 2257 2267 καὶ
2287 2213 2578 2285 θαυμάσιε,
2625 2213 2674 2265 εἱ
2716 2212 2810 2265 καὶ
2839 2211 3001 2264 πάλιν
3032 2210 3207 2276 ἔξεστι
3243 2212 3577 2281 προσειπεῖν
3606 2210 3739 2279 ἡμᾶς

2162 2307 2446 2377 ἀλλήλους.
2480 2303 2661 2376 Κακία
2685 2305 2792 2375 γὰρ
2819 2304 3156 2375 στρατηγῶν,
3189 2302 3401 2373 ἀμαχεὶ
3428 2302 3622 2370 γέγονε
3641 2300 3739 2353 τῶν

2166 2399 2437 2468 πολεμίων
2471 2399 2504 2468 ἡ
2533 2396 2706 2468 χώρα,
2752 2396 2847 2449 καὶ
2878 2396 3027 2466 μόνοι
3056 2395 3236 2465 ζῶμεν
3264 2395 3386 2447 ὅσοι
3430 2394 3505 2446 τὰ
3544 2393 3738 2465 ἔρυμνὰ

2164 2490 2591 2559 κατειλήφαμεν,
2619 2488 2731 2541 τῶν
2773 2490 2831 2541 ὲν
2884 2489 2995 2550 τοῖς
3033 2485 3236 2548 πεδίοις
3268 2485 3739 2555 κατειλημμένων,

2164 2581 2354 2651 ῶσπερ
2385 2580 2595 2653 ἱερείων
2616 2579 3053 2649 ἀπεσφαγμένων
3073 2577 3186 2649 [γρ.
3200 2576 3739 2649 ἁποσφαττομένων].

2164 2671 2389 2740 Δέδιμεν
2414 2671 2470 2725 δὲ
2502 2670 2601 2741 τὴν
2636 2670 2992 2742 προσεδρείαν
3027 2669 3225 2732 αὐτῶν,
3269 2668 3347 2741 μὴ
3376 2671 3578 2741 χρονία
3604 2688 3743 2737 γενο-

2169 2761 2304 2830 μένη
2351 2759 2495 2830 δίψει
2541 2763 2962 2833 παραστήσηται
2994 2760 3062 2816 τὰ
3094 2760 3262 2813 πολλὰ
3292 2761 3406 2813 τῶν
3454 2762 3740 2832 φρουρίων.

2164 2852 2352 2925 Ταύτῃ
2396 2854 2495 2907 καὶ
2541 2856 2656 2917 τοῖς
2703 2852 3112 2924 ἀντεγκλήμασι
3158 2851 3270 2923 (68)
3321 2856 3443 2917 τοῖς
3485 2856 3617 2925 περὶ
3645 2854 3744 2907 τῶν

2164 2946 2354 3015 δώρων
2403 2946 2504 3000 οὐκ
2535 2945 2941 3017 ἀπεκρινάμην.
2997 2946 3073 2999 Οὐ
3105 2945 3212 3019 γάρ
3261 2963 3353 3017 μοι
3389 2946 3583 3019 σχολὴ,
3616 2947 3743 3015 πρός

2167 3055 2275 3091 τινι
2311 3039 2531 3110 μηχανῇ
2574 3038 2665 3091 τὸν
2698 3036 2823 3093 νοῦν
2855 3037 3051 3108 ἔχοντι.
3086 3039 3599 3109 Κατασκευάζομαι
3644 3040 3743 3107 γὰρ

2166 3130 2241 3195 ώς
2266 3132 2330 3184 ἂν
2351 3132 2461 3185 ἀπὸ
2487 3131 2596 3184 τῶν
2626 3130 2851 3203 πύργων
2882 3130 3262 3202 ἑκηϐολώτατα
3287 3131 3610 3202 πέμποιμεν
3636 3131 3742 3202 (ne.

2172 3220 2490 3294 καταπεμ.]
2538 3222 2794 3291 ἀξιόλογα
2822 3221 2984 3275 λίθων
3015 3222 3173 3293 βάρη.
3207 3222 3362 3293 Ἀμα
3403 3223 3462 3275 δὲ
3496 3224 3591 3275 καὶ
3623 3222 3745 3274 ἐνδί-

2170 3313 2310 3383 δωμί
2358 3331 2441 3366 σοι
2476 3313 2717 3384 πέμπειν
2755 3331 2843 3383 μοι
2868 3313 3033 3385 δῶρα.
3083 3316 3176 3366 Δεῖ
3200 3313 3309 3386 γὰρ
3336 3315 3514 3366 εἴκειν
3558 3315 3746 3383 Ὀλυμ-

2169 3405 2278 3475 πίῳ
2303 3404 2558 3457 Συνέσιον
2582 3421 2595 3435 ·
2649 3404 2724 3476 μὴ
2759 3405 2941 3475 μέντοι
2989 3406 3278 3476 τρυφῶντα
3302 3406 3477 3477 δῶρα.
3514 3408 3622 3460 Καὶ
3648 3410 3748 3477 7&9

2170 3497 2265 3549 κώ.
2289 3494 2409 3558 τότε
2440 3495 2540 3565 τὴν
2566 3495 2779 3566 τρυφὴν
2804 3495 3138 3567 ἐμεμψάμην
3165 3495 3276 3567 (69)
3310 3496 3421 3549 τῶν
3447 3499 3752 3566 καταλυμᾶρ

2169 3606 2276 3641 των
2300 3587 2395 3641 τοῦ
2424 3589 2698 3641 συσσιτίου
2722 3604 2737 3618 ο
2770 3588 2885 3642 ἀλλ’
2915 3587 3054 3642 ἔστω
3084 3590 3477 3658 στρατιωτικὰ,
3507 3590 3638 3653 τόξα
3657 3590 3750 3642 καὶ

2172 3679 2321 3749 βέλη,
2350 3680 2488 3750 μετὰ
2515 3678 2625 3733 τῶν
2658 3678 2963 3750 στυρακίων
3000 3680 3180 3751 μέντοι
3208 3679 3277 3731 τὰ
3306 3678 3460 3750 βέλη.
3487 3680 3629 3744 Τόξα
3656 3680 3751 3750 μὲν

2170 3764 2262 3822 οὖν
2292 3769 2387 3822 καὶ
2416 3769 2682 3841 ἑτέρωθεν
2722 3769 3061 3841 ώνησαίμην,
3110 3770 3204 3823 καὶ
3233 3769 3304 3821 τὰ
3348 3770 3483 3824 ὅντα
3516 3773 3753 3840 ἀνακτη-

2173 3860 2376 3933 σαίμην
2402 3877 2416 3892 ⁸
2467 3861 2595 3932 βέλη
2623 3863 2679 3915 δὲ
2705 3864 2765 3917 οὐ
2804 3862 2982 3935 ῥᾴδιόν
3014 3864 3131 3916 ἐστι
3159 3862 3515 3933 πορίσασθαι,
3559 3863 3753 3916 οὔκουν

2170 3950 2312 4003 ὥστε
2353 3952 2449 4004 καὶ
2492 3952 2792 4022 ἐπιτήδεια.
2841 3952 2923 4004 Τὰ
2971 3952 3079 4022 γὰρ
3119 3952 3393 4020 Αἰγύπτια
3422 3952 3603 4006 ταῦτα
3643 3957 3753 4013 τοῖς

2169 4042 2393 4109 γόνασιν
2452 4042 2735 4108 οἰδοῦντα,
2788 4046 2905 4106 τοῖς
2971 4044 3393 4113 παραγονατὶοις
3455 4044 3747 4107 συνιζάνει.

2171 4134 2354 4205 Ταύτῃ
2384 4135 2479 4187 καὶ
2524 4135 2816 4205 σφάλλεται
2859 4136 2988 4206 παρ’
3018 4134 3246 4188 ἑαυτῶν.
3284 4134 3469 4187 Ἐοικε
3508 4135 3618 4207 γὰρ
3642 4137 3749 4196 τοῖς

2171 4226 2234 4278 ἐκ
2260 4225 2482 4296 πρώτης
2511 4227 2810 4297 ἀφετηρίας
2850 4226 3293 4295 ἐμποδιζομένως
3315 4242 3378 4278 τε
3396 4266 3413 4290 ,
3454 4227 3558 4279 καὶ
3582 4242 3749 4296 προσ-

2106 4366 2129 4392 ,
2170 4317 2451 4373 κόπτουσι.
2499 4318 2580 4371 Τὰ
2632 4320 2759 4389 παρ’
2790 4319 2918 4388 ὑμῖν
2960 4318 3036 4383 δὲ,
3085 4318 3299 4388 εὐμήκη
3335 4319 3399 4371 τὲ
3451 4321 3609 4379 ἐστι,
3658 4319 3748 4370 καὶ

2178 4409 2423 4480 ἁκριόῶς
2466 4411 2546 4473 είς
2590 4410 2708 4473 ἑνὸς
2754 4408 3035 4482 κυλίνδρῳ
3065 4410 3250 4480 σχῆμα
3279 4410 3747 4479 στρογγύλλεται’

490 4503 849 4569 frustrantur.
906 4499 1118 4554 Similia
1159 4501 1305 4555 enim
1346 4500 1416 4553 iis
1470 4509 1619 4563 sunt,
1665 4502 1757 4569 qui
1806 4500 1990 4554 statim
2038 4516 2061 4554 a

2175 4502 2311 4572 ὅπερ
2352 4501 2415 4553 τὸ
2464 4503 2573 4554 πᾶν
2619 4504 2766 4554 ἐστιν
2815 4502 2897 4565 είς
2943 4501 3273 4571 εὐθυπορίαν
3328 4502 3430 4572 τῆς
3494 4504 3747 4573 πτήσεος.

492 4593 680 4661 primis
724 4594 1042 4648 carceribus
1084 4594 1479 4663 impediuntur,
1519 4599 1574 4645 et
1613 4590 1913 4645 offendunt.
1959 4589 2067 4646 Ve-

490 4694 605 4740 stra
632 4693 816 4739 autem
840 4686 1072 4758 oblonga
1098 4693 1251 4749 sunt,
1290 4692 1345 4738 et
1376 4684 1432 4737 in
1462 4683 1629 4737 unius
1667 4683 1898 4752 cylindri
1935 4682 2072 4749 figu-

490 4788 608 4826 ram
652 4770 1023 4834 rptundantur
1049 4790 1063 4826 :
1094 4770 1243 4841 quod
1292 4770 1363 4824 ad
1420 4770 1638 4825 volatus
1683 4771 2069 4824 rectitudinem

490 4864 650 4918 unice
698 4860 933 4917 confert.
994 4861 1121 4917 Haec
1179 4872 1239 4917 tu
1290 4862 1357 4917 ad
1418 4877 1507 4917 me
1567 4864 1788 4930 mittes;
1852 4878 2069 4919 necnon

491 4966 758 5023 equorum
803 4953 955 5007 frena
1003 4954 1071 5007 ad
1124 4969 1286 5010 usum
1338 4939 1792 5010 accommodata:
1843 4970 1971 5008 nam
2018 4967 2072 5010 et

495 5060 692 5114 equum
742 5045 893 5098 illum
934 5044 1206 5110 ltalicum,
1246 5060 1410 5115 quem
1457 5052 1519 5099 tu
1560 5055 1803 5102 .venusta
1854 5046 1945 5098 illa
1978 5053 2072 5099 tua

2174 4593 2361 4648 Ταῦτά
2391 4611 2480 4664 μοι
2500 4592 2735 4664 πέμπειν
2759 4610 2776 4625 θ
2810 4594 2903 4648 καὶ
2930 4594 3176 4664 χαλινοὺς
3202 4594 3385 4646 ἵππων
3412 4595 3655 4662 ἀγαθοὺς
3676 4595 3751 4654 εἰς

2174 4688 2371 4757 χρῆσιν
2396 4704 2409 4717 ·
2446 4687 2568 4739 ἐπεὶ
2595 4688 2689 4740 καὶ
2720 4686 2810 4740 τὸν
2839 4687 3004 4741 ἵππον
3031 4688 3123 4741 τὸν
3161 4687 3381 4750 Ἰταλὸν,
3402 4686 3464 4739 ὃν
3485 4688 3750 4758 ἐπῄνεσας

2174 4780 2241 4848 τῇ
2273 4775 2489 4851 γλώττῃ
2510 4778 2577 4847 τῇ
2608 4777 2770 4849 καλῇ,
2807 4777 3012 4849 σφόδρα
3046 4776 3111 4831 ἂν
3139 4771 3279 4829 εἶδον
3301 4776 3478 4845 ἡδέως
3502 4794 3518 4808 ο
3565 4777 3747 4844 ἐπειδὴ

2174 4870 2270 4921 καὶ
2316 4869 2527 4940 πατέρα
2578 4868 2772 4922 πώλων
2818 4869 3038 4937 ἀγαθῶν
3094 4870 3204 4942 (70)
3256 4870 3389 4939 ἡμῖν
3440 4870 3609 4922 αὐτὸν
3651 4870 3749 4921 ὑπο

2181 4956 2381 5026 ισχνοῦ.
2413 4959 2488 5010 Οὐ
2526 4960 2632 5029 μὴν
2680 4958 2816 5011 ἀλλὰ
2859 4960 2953 5012 καὶ
2998 4960 3147 5013 κάτω
3178 4976 3277 5011 που
3308 4960 3407 5030 τῆς
3439 4959 3749 5026 ἐπιπολῆς.

2183 5047 2322 5117 μετὰ
2364 5048 2461 5119 τὴν
2492 5049 2814 5121 ὑπογραφὴν
2857 5043 3035 5121 εὗρον,
3082 5053 3163 5104 ὅτι
3208 5051 3394 5121 μένειν
3433 5051 3627 5121 ἐδέησε
3668 5051 3750 5103 cev

1738 5179 1920 5235 DION.
1963 5180 2239 5237 PETAVII
2280 5183 2518 5241 NOTAE.

567 5293 678 5364 (68)
725 5295 911 5362 Ταύτῃ
945 5294 1041 5347 καὶ
1080 5295 1204 5361 τοῖς
1229 5295 1700 5365 ἀντίη-κλήμασι.
1730 5299 1825 5353 Sic
1852 5306 1972 5353 erat
2011 5300 2065 5353 in

495 5365 709 5439 duobus
736 5365 983 5439 scriptis.
1016 5367 1120 5421 Alii
1146 5367 1635 5437 προτεμενίσμασι,
1662 5370 1807 5438 quod
1842 5370 1973 5439 quid
1998 5370 2071 5423 sit

497 5434 703 5508 nescio.
736 5432 960 5489 Planior
1000 5441 1130 5489 ver‘o
1163 5432 1351 5491 nostra
1381 5432 1504 5508 est;
1540 5454 1605 5492 ex
1649 5432 1755 5507 q'ua
1802 5432 2067 5508 intelligi-

497 5520 618 5558 mus
647 5504 954 5578 Olympium
986 5520 1110 5578 cum
1144 5508 1321 5561 amice
1353 5522 1383 5560 a
1429 5504 1843 5577 Synesioesset
1872 5504 2068 5578 objur-

498 5582 677 5642 gatus,
706 5575 947 5648 vicissim
974 5576 1413 5642 recriminatum,
1456 5575 1667 5648 quoda
1708 5594 1768 5634 se
1792 5575 2069 5633 dona'ali-

500 5660 604 5713 qua
634 5644 800 5698 nollet
830 5646 1103 5713 accipere.

572 5713 684 5783 (69)
726 5717 845 5780 Τὴν
874 5714 1111 5781 τρυφὴν
1147 5714 1523 5785 ἐμεμψάμην.
1574 5715 1715 5782 Quid
1753 5717 1864 5772 sint
1896 5734 2067 5772 κατα-

499 5780 715 5853 mpm
735 5785 828 5836 τοῦ
862 5780 1145 5838 συσσιτίου
1173 5780 1284 5840 hoc
1302 5780 1440 5841 loco
1472 5780 1727 5857 expedire
1756 5803 1990 5855 nequeo.

2238 5302 2349 5373 (70)
2391 5303 2620 5373 Πατέρα
2643 5307 2858 5358 πώλων
2885 5305 3139 5376 ἀγαθῶν.
3173 5304 3271 5361 Vel
3297 5306 3390 5361 hic
3423 5325 3573 5365 unus
3603 5311 3744 5361 locus

2172 5386 2495 5442 argumento
2546 5390 2670 5430 esse
2728 5384 2945 5445 potest,
2996 5392 3160 5445 quam
3209 5393 3240 5431 e
3276 5394 3333 5430 re
3373 5382 3635 5433 litterati-ia
3680 5382 3739 5427 sit

2172 5456 2421 5516 veterum
2454 5445 2709 5501 codicum
2758 5453 2813 5500 et
2846 5447 3174 5516 scriptorum
3208 5449 3399 5501 sedula
3435 5458 3739 5514 attentaqm

2175 5513 2356 5587 lectio.
2394 5517 2605 5570 Etenim
2635 5516 2783 5587 quod
2813 5527 2929 5587 erat
2958 5513 3247 5579 hactenus,
3286 5519 3506 5587 πατέρα

2173 5583 2414 5650 ἀγαθῶν,
2443 5602 2608 5655 quam
2644 5583 2940 5640 absurdum
2974 5596 3028 5641 et
3058 5588 3218 5641 inane
3246 5590 3365 5642 est!
3394 5583 3548 5643 Hanc
3572 5597 3737 5642 autem

2176 5671 2342 5721 quam
2374 5657 2720 5714 restituimus
2749 5670 2937 5712 vocem
2959 5672 3026 5712 ex
3053 5655 3224 5728 Regio
3253 5660 3378 5713 cod.
3406 5659 3727 5731 deprompsi~

2181 5739 2233 5777 Ill
2241 5742 2303 5781 llS
2313 5764 2329 5781 ο
