3892 6516
216 487 343 543 1521
1306 484 1688 542 ΕΡΙΞΤΟῙιᾹΞ.
1725 516 1795 526 -

1919 485 2048 542 IST.
2085 487 2344 545 cxxxm
3343 483 3479 557 tm

213 607 379 659 εππον
406 605 464 656 ἐν
492 604 558 673 τῇ
585 601 894 673 Σελευκείᾳ,
920 600 1016 657 τοῦ
1036 604 1342 675 ναυκλήρου
1373 602 1461 656 διὰ
1484 602 1576 657 τὸν
1597 602 1788 674 καιρὸν

1913 603 2073 672 ingua
2105 606 2432 673 praedicasti,
2476 606 2662 662 videre
2698 605 2993 660 admodum
3025 601 3430 658 desiderassem
3462 603 3483 648 :

214 696 696 766 παραιτησαμένου
740 694 946 748 τοιοῦτο
990 696 1229 767 φορτίον.
1290 695 1507 765 Ἐπειδὴ
1557 695 1613 749 δέ
1650 696 1784 765 μήτε

1913 710 2067 763 mque
2098 698 2271 767 magis
2300 699 2443 766 quod
2476 709 2531 753 tu
2574 698 2924 771 egregiorum
2956 686 3234 768 pullorum
3266 698 3478 762 patrem

212 788 311 856 τὴν
347 787 490 851 λέξιν
518 788 762 855 ἐπέγνων
791 786 1025 857 ἀδελφὴν
1053 781 1219 841 οὖσαν
1243 786 1341 857 τῆς
1375 786 1493 857 σῆς,
1528 786 1664 856 μήτε
1687 784 1787 856 τήν

1919 787 2049 840 llum
2078 789 2471 857 spoponderas.
2503 789 2704 846 Verum
2737 791 2793 845 in
2825 790 2974 844 calce
3002 788 3306 841 litterarum
3338 781 3481 836 infra

212 887 393 955 χεῖρα,
444 883 581 953 μήτε
614 880 713 950 τὴν
744 878 1029 949 ἀκρίϐειαν
1075 878 1176 948 τῆς
1222 878 1460 949 γραφῆς,
1495 878 1790 931 ἐδικαίωσα

1913 880 2393 949 subscriptionem,
2454 885 2722 954 scriptum
2772 882 2994 952 reperi:
3052 893 3255 950 equum
3312 877 3481 931 istum

218 974 293 1046 μὴ
338 971 646 1041 ἀγνοεῖσθαί
696 988 778 1024 σοι
821 969 998 1024 τοῦτο.
1033 970 1266 1050 ¹Ἀςιτοτιτον
1296 968 1424 1039 γὰρ,
1474 969 1524 1022 εί
1551 959 1795 1032 τοιοῦτος

1913 968 2171 1027 Seleucia:
2205 974 2443 1043 relinqui
2485 976 2822 1045 oportuisse,
2854 972 3001 1044 quod
3043 971 3376 1030 navarclms,
3411 966 3484 1019 ob

212 1064 291 1117 ὢν
316 1068 345 1119 ὁ
373 1066 537 1127 ἵππος
568 1065 704 1134 μήτε
749 1064 890 1134 ἐμοὶ,
925 1063 1061 1133 μήτε
1096 1062 1179 1114 σοὶ
1206 1060 1448 1125 σώζοιτο.

1913 1065 2171 1131 temporis
2223 1065 2597 1131 incommoda,
2651 1068 2706 1122 id
2758 1068 2945 1123 oneris
2999 1070 3333 1120 recusasset.
3376 1057 3481 1113 Sed

215 1160 476 1230 quoniam
527 1168 704 1225 neque
742 1156 1033 1210 dictionem
1079 1155 1276 1225 ipsam,
1317 1168 1493 1222 neque
1542 1164 1791 1215 manum,
1831 1167 2012 1223 neque
2041 1167 2290 1212 exactam
2325 1161 2613 1229 scriptura:
2673 1161 2942 1215 rationem
2985 1170 3092 1213 tum
3167 1166 3482 1227 germanam

218 1249 525 1320 agnovi,ac
556 1247 815 1313 similem,
846 1263 1064 1316 zequum
1097 1245 1284 1317 putavi
1321 1255 1372 1300 te
1404 1258 1468 1300 ea
1530 1243 1599 1298 de
1658 1257 1719 1298 re
1756 1256 1863 1297 non
1906 1247 2095 1302 celari.
2155 1250 2470 1306 Absurdum
2529 1250 2676 1307 enim
2729 1260 2814 1307 est
2870 1253 3033 1306 talem
3088 1263 3293 1321 equum
3349 1244 3486 1301 mihi

215 1344 372 1414 juxta
400 1357 468 1397 ac
499 1342 597 1396 tibi
627 1341 829 1412 perire.

732 1435 1077 1488 ΕΠΙΣΤΟΛΗ
1115 1435 1283 1488 ΡΛΓ’.

2371 1433 2718 1491 EPISTOLA
2756 1435 3021 1492 CXXXIII

822 1531 875 1580 Π
879 1528 1197 1596 υλαιμένει.

301 1621 601 1692 Ἐδεξάμην
628 1619 727 1692 τὴν
754 1619 1062 1690 ἐπιστολὴν,
1098 1622 1156 1673 ἐν
1245 1618 1409 1672 πάλιν
1438 1616 1673 1688 ἐμέμψω
1700 1615 1799 1686 τήν

218 1715 411 1786 τύχην,
454 1714 530 1778 ὡς
558 1712 710 1767 οὐδὲν
741 1713 872 1783 περὶ
907 1711 1000 1764 σοῦ
1032 1711 1468 1782 βεϐουλευμένην
1498 1709 1804 1779 φιλανθρω-

2532 1527 2847 1599 Pylwmem'.

1969 1613 2174 1687 Accepi
2234 1626 2362 1673 tuas
2397 1617 2635 1685 litteras,
2699 1619 2903 1690 quibus
2962 1619 3161 1675 iterum
3209 1619 3485 1675 fortunam

1900 1705 2146 1775 incusas,
2180 1711 2327 1781 quod
2369 1711 2545 1767 nihilo
2586 1712 2686 1767 tibi
2721 1699 3013 1771 humanius
3065 1713 3243 1767 adhuc
3282 1729 3489 1769 consu-

221 1809 468 1879 πότερον.
502 1806 594 1877 Μὴ
625 1807 689 1858 σύ
713 1821 799 1874 γε,
827 1798 872 1857 ὧ
899 1804 1119 1874 φίλτατε
1149 1803 1401 1875 ἑταίρων.
1426 1802 1502 1855 Ub
1524 1801 1633 1872 γὰρ
1655 1801 1803 1865 ἀξιον

1913 1800 2093 1856 luerit.
2126 1801 2504 1872 Nequaquam,
2540 1818 2573 1859 ο
2612 1804 2885 1859 sodalium
2919 1805 3273 1871 amicissime.
3304 1804 3491 1876 Neque

222 1899 513 1968 ἐγκαλεῖν,
564 1898 703 1953 ἀλλά
782 1896 1247 1968 παραμυθεῖσθαι.
1308 1896 1527 1960 Ἔξεστι
1589 1895 1646 1947 δὲ
1692 1895 1804 1947 ὄντι

220 1990 468 2062 τοιούτῳ,
494 1991 648 2057 ἥκειν
677 1991 813 2057 πρὸς
837 1991 985 2058 ήμᾶς
1010 2006 1024 2019 ·
1075 1987 1301 2057 ἀδελφὸν
1331 1989 1587 2059 εὑρήσεις
1634 1982 1803 2041 οἶκον.

222 2083 299 2136 (Jb
331 2082 691 2153 πλουτοῦμεν,
710 2076 754 2135 ὦ
782 2081 957 2150 ’γαθέ,
996 2080 1134 2135 ἀλλά
1164 2083 1231 2135 τά
1261 2081 1505 2153 παρόντα
1527 2082 1691 2154 ἀρκεῖ
1717 2081 1809 2133 καὶ

222 2176 553 2247 Πυλαιμένει
600 2175 791 2246 κάμοί.
841 2176 904 2228 El
935 2175 992 2228 δὲ
1029 2175 1124 2229 καὶ
1154 2176 1220 2229 σὺ
1253 2174 1490 2245 παρέσῃ,
1520 2173 1682 2245 τυχὸν
1714 2175 1809 2227 καὶ

223 2266 615 2337 Ιπλουτήσομεν.
661 2264 792 2318 Ἀπὸ
818 2264 928 2319 τῶν
970 2264 1100 2319 ἴσων
1130 2264 1398 2334 ἀφορμῶν
1424 2264 1603 2335 ἕτεροι
1636 2262 1809 2315 πλείω

221 2357 332 2409 τῶν
356 2358 591 2429 μετρίων
615 2356 829 2428 ἔχουσιν
853 2373 865 2387 ·
899 2356 1010 2425 ἐγὼ
1034 2357 1091 2409 δὲ
1114 2356 1283 2420 κακὸς
1306 2356 1610 2425 οἰκονόμος.
1648 2356 1809 2409 ⁹Αλλά

220 2449 359 2512 τέως
387 2450 600 2520 ἀντέχει
624 2451 719 2502 καὶ
748 2449 882 2521 πρὸς
904 2449 1000 2518 τὴν
1024 2448 1429 2519 ἀκριϐεστάτην
1460 2448 1719 2519 ἀμέλειαν
1741 2449 1809 2501 τὰ

224 2539 477 2611 πατρῷα,
532 2538 567 2592 ἃ
617 2538 680 2610 δὴ
720 2538 943 2592 δύναται
997 2537 1211 2607 βόσκειν
1258 2538 1566 2608 φιλόσοφον.
1617 2538 1709 2609 Μὴ
1743 2540 1810 2593 τὰ

222 2633 456 2701 τυχόντα
488 2630 623 2702 ήγοῦ
653 2632 1030 2704 προσλαωντα
1054 2631 1149 2684 καί¹
1175 2631 1451 2700 πρόνοιαν.
1479 2630 1663 2684 Ταῦτα
1683 2632 1812 2701 περὶ

223 2723 449 2789 τούτων,
484 2724 703 2794 καὶ-,μή
743 2723 918 2786 ἄλλως
946 2724 1091 2776 ποίει
1116 2739 1130 2753 ο
1185 2725 1234 2775 εί
1269 2723 1340 2794 μή
1370 2740 1423 2775 τι
1457 2722 1658 2794 μεταξὺ
1694 2723 1811 2793 βέλ-

222 2833 337 2869 τιον
385 2817 695 2887 πέπρακας,
733 2815 830 2869 καὶ
879 2815 1041 2869 πάλιν
1089 2814 1275 2886 διανοῇ
1325 2816 1425 2885 τὴν
1481 2814 1811 2886 Ἡράκλειαν

223 2907 509 2961 ἀνιστάναι
564 2906 844 2977 κειμένην.
902 2906 1221 2969 Ἐπιστολὰς
1267 2905 1327 2959 ού
1376 2905 1631 2977 γέγραφα
1675 2906 1812 2977 πρὸς

222 3001 318 3065 οὓς
346 3002 531 3067 εῐωθα,
578 3002 667 3056 διά
703 3003 795 3055 τὸν
824 3001 1015 3073 καιρόν
1041 3019 1057 3035 ο
1110 3002 1245 3055 ἀλλά
1292 3002 1486 3073 πρώην
1516 3002 1689 3057 ἅπασι
1719 3006 1839 3073 γέ·-

224 3110 436 3164 γραφα,
464 3093 728 3162 φάκελλον
770 3092 1069 3146 ἐπιστολῶν
1112 3092 1352 3161 Διογένει
1383 3094 1525 3158 δούς.
1568 3094 1812 3166 Ἀνεψιός

1908 1891 2054 1944 enim
2104 1892 2386 1948 criminari
2438 1894 2585 1948 illam
2635 1897 2851 1959 attinet,
2905 1897 3001 1953 sed
3055 1896 3491 1950 consolationem

1908 1993 2123 2050 capere.
2161 1979 2313 2037 Licet
2343 1990 2527 2048 autem
2558 1984 2833 2054 ejusmodi
2875 2001 3001 2040 cum
3032 1986 3131 2052 sis,
3164 1986 3265 2039 tibi
3307 1986 3373 2038 ad
3406 2001 3493 2039 me

1910 2073 2093 2127 venire
2118 2090 2133 2137 ;
2160 2054 2458 2129 fraternam
2493 2076 2717 2131 domum
2745 2078 3013 2134 invenies.
3041 2077 3158 2132 Non
3188 2078 3494 2147 locupletes

1909 2179 2125 2244 sumus,
2163 2182 2197 2221 o
2224 2167 2365 2227 bone
2396 2169 2502 2233 vir,
2535 2170 2630 2225 sed
2671 2171 2756 2225 vel
2800 2172 3090 2241 praesentia
3126 2172 3257 2224 mihi
3301 2185 3368 2224 ac
3398 2168 3495 2240 Py.

1910 2250 2121 2323 lmmtii
2161 2258 2467 2314 sufficiunt.
2496 2260 2654 2326 Quod
2686 2264 2731 2318 si
2777 2271 2835 2317 tu
2885 2278 2994 2317 una
3036 2278 3249 2317 mecum
3287 2263 3490 2325 aderis,

1910 2346 2149 2404 fortasse
2181 2350 2410 2406 ditiores
2454 2353 2685 2407 erimus.
2733 2353 2816 2407 Ab
2856 2354 3054 2408 iisdem
3090 2355 3172 2407 rei
3205 2354 3493 2407 familiaris

1912 2445 2195 2509 subsidiis,
2244 2446 2337 2499 alii
2378 2461 2548 2515 supra
2592 2446 2903 2502 mediocres
2934 2462 3066 2517 opes
3098 2445 3283 2516 adepti
3320 2453 3492 2500 sunt:
3582 2466 3585 2469 ·

1911 2552 2013 2606 ego
2040 2552 2170 2591 vero
2203 2537 2383 2593 malus
2424 2552 2549 2593 sum
2595 2539 2967 2607 dispensator.
3010 2536 3382 2591 Nihilominus
3414 2545 3497 2589 ta-

1913 2643 2034 2682 men
2075 2628 2343 2685 hactenus
2385 2630 2469 2685 vel
2509 2640 2700 2685 contra
2746 2632 3041 2686 maximam
3088 2630 3359 2685 incuriam
3402 2645 3497 2699 pa~

1913 2721 2231 2776 trimonium
2272 2722 2461 2787 durat,
2501 2725 2646 2794 quod
2682 2725 3070 2795 philosophum
3112 2726 3258 2779 alere
3301 2725 3497 2794 possit.

1911 2813 2101 2884 Neque
2136 2824 2193 2869 tu
2232 2818 2643 2886 aspernandum
2678 2816 2783 2871 hoc
2818 2817 3127 2880 existimes,
3170 2818 3218 2872 si
3265 2832 3397 2871 cura
3432 2830 3496 2869 ac

1912 2907 2195 2978 diligentia
2236 2911 2555 2965 accesserit.
2613 2910 2727 2966 lloc
2778 2910 2941 2965 modo
2982 2919 3035 2966 te
3083 2900 3137 2965 iit
3191 2911 3283 2972 iis,
3317 2924 3498 2979 neque

1914 3000 2072 3053 aliter
2100 3015 2259 3071 gere;
2296 3002 2402 3056 nisi
2424 3001 2565 3071 quid
2608 3003 2752 3057 forte
2786 3003 3005 3057 interim
3046 3003 3242 3057 melius
3281 3001 3498 3055 accide—

1914 3092 2006 3156 νὴ,
2038 3106 2103 3145 ac
2138 3107 2359 3146 rursum
2393 3093 2669 3162 jacentem
2709 3093 3026 3148 Heracleam
3066 3093 3374 3146 instaurare
3405 3106 3498 3145 co-

225 3187 373 3237 ὲστιν
399 3186 429 3237 ὁ
454 3185 710 3253 Διογένης
739 3184 887 3255 ἐμός.
914 3182 978 3238 El
1013 3184 1109 3254 μὲν
1132 3180 1224 3238 οὖν
1253 3184 1488 3255 ἐπέτυχέ
1512 3202 1604 3239 σου
1632 3185 1807 3257 ζητῶν

1914 3186 2073 3253 gites.
2127 3180 2402 3251 Epistolas
2447 3184 2647 3254 quibus
2710 3184 2862 3238 soleo
2918 3184 3100 3237 nullas
3153 3182 3374 3250 scripsi,
3422 3180 3497 3235 ob

227 3277 481 3348 (ἐζήτησε
514 3277 622 3347 γὰρ
642 3270 741 3329 οἷδ’
766 3277 893 3346 ὅτι),
924 3277 1017 3329 καὶ
1050 3276 1114 3346 δὴ
1138 3276 1230 3329 τὸν
1261 3276 1526 3345 φάκελλον
1558 3278 1812 3332 ἐπιδέδω-

227 3387 341 3423 κεν.
372 3369 447 3423 Ού
476 3367 585 3439 γὰρ
612 3369 995 3437 ἐπεγέγραπτο
1019 3367 1153 3439 (71).
1201 3368 1264 3422 El.
1290 3370 1345 3421 δὲ
1385 3372 1481 3442 μὴ,
1507 3370 1811 3443 ναύκληρον

226 3460 368 3512 αἴτει
404 3459 573 3524 δεῖξαί
603 3476 684 3512 σοι
728 3459 818 3512 τὸν
851 3458 1151 3522 νεανίσκον,
1186 3460 1281 3513 καὶ
1313 3460 1681 3532 κομισάμενος
1712 3463 1809 3525 τὰς

227 3551 535 3615 ἐπιστολὰς,
566 3551 728 3615 αὐτὸς
754 3550 926 3604 ἅπασι
945 3551 1109 3605 δίδου.
1140 3552 1264 3606 Εἰσὶ
1291 3552 1349 3606 δὲ
1379 3552 1474 3616 οὓς
1499 3554 1628 3625 περὶ
1653 3554 1807 3606 πλεί-

228 3660 356 3696 στου
406 3642 663 3713 ποιοῦμαι
714 3643 844 3714 παρ’
886 3641 1022 3713 ἐμοῦ
1070 3628 1504 3713 προσειρῆσθαι·
1559 3646 1587 3697 ὀ
1628 3645 1809 3715 πατὴρ

228 3734 470 3805 Πρόκλος
491 3750 506 3764 ·
535 3733 765 3805 Τρύφων
783 3736 811 3787 ὁ
834 3733 963 3803 παρ’
990 3735 1120 3804 ήμίν
1139 3732 1310 3803 ἄρξας
1328 3749 1342 3765 ο
1373 3734 1694 3803 Σιμπλίκιος
1718 3737 1811 3789 καὶ

226 3828 392 3897 ἀνὴρ,
424 3826 518 3880 καί¹
557 3828 739 3900 ἄρχων
771 3825 995 3894 ἀγαθὸς.
1032 3825 1126 3879 καὶ⁸
1174 3825 1326 3895 φίλος
1366 3825 1516 3896 ἐμός.
1562 3826 1811 3890 Ἐπιδοὺς

226 3918 379 3988 αὐτῷ
403 3916 502 3989 τὴν
535 3917 843 3988 ἐπιστολὴν,
880 3919 938 3970 ἐν
977 3909 1023 3984 ᾧ
1067 3916 1300 3987 πάρεστι
1350 3916 1562 3987 χρόνῳ,
1609 3917 1808 3989 χρῆσαι

226 4008 434 4081 τάνδρί.
479 4008 655 4062 Καλὸν
683 4009 794 4079 γὰρ
822 4007 916 4061 καὶ
951 4007 1279 4078 συσχολάσαι
1314 4006 1620 4077 στρατιώτῃ
1653 4024 1812 4079 ποιη-

225 4100 385 4171 τ;κῷ.
415 4100 712 4171 Στρουθοὺς
741 4100 983 4170 μεγάλας
1006 4099 1115 4151 ἀπὸ
1140 4098 1249 4151 τῶν
1279 4099 1336 4152 ἐν
1368 4100 1561 4172 εἰρήνῃ
1587 4117 1812 4172 κυνηγε-

230 4194 362 4245 σίων
394 4193 630 4263 εῐχομεν.
677 4191 815 4245 Ἀλλ’
856 4191 957 4244 οὐκ
997 4186 1067 4261 ἦν
1101 4191 1271 4254 αὐτὰς
1299 4188 1540 4244 στέλλειν
1585 4192 1679 4245 ἐπὶ
1710 4192 1809 4246 θάο

228 4286 448 4346 λατταν.
494 4284 584 4338 διὰ
613 4283 721 4337 τῶν
754 4283 930 4338 ὅπλων
965 4284 1074 4337 τῶν
1105 4283 1400 4353 πολεμίων.
1438 4284 1559 4338 οὐδὲ
1586 4285 1721 4339 ἄλλο
1756 4303 1809 4338 τι

228 4378 336 4431 τῶν
364 4376 514 4447 παρὰ
535 4375 632 4438 τὰς
655 4375 825 4438 ἀκτὰς
848 4374 1017 4428 ὄντων
1043 4374 1168 4444 ἐξῆν
1191 4375 1424 4429 ἐνθεῖναι
1448 4380 1559 4439 τοῖς
1580 4377 1811 4441 πλοίοις.

1918 3272 2177 3341 temporis
2209 3271 2623 3337 difficultatem;
2660 3273 2755 3327 sed
2786 3289 2959 3342 nuper
2991 3273 3248 3327 munibus
3275 3272 3497 3341 scripsi.

1914 3379 1979 3418 ac
2033 3364 2336 3419 litterarum
2387 3365 2713 3419 fasciculum
2776 3364 3001 3436 Diogeni
3060 3364 3337 3419 commisi.
3398 3362 3499 3418 Pa-

1914 3454 2107 3509 truelis
2140 3469 2295 3510 meus
2329 3454 2598 3526 Diogenes
2646 3457 2751 3512 iste
2798 3466 2902 3521 est,
2939 3459 3033 3528 qui
3065 3457 3112 3512 si
3159 3466 3210 3511 te
3248 3472 3501 3527 quarens

1913 3547 2182 3602 i‘nvenerit
2212 3552 2342 3616 (non
2390 3550 2536 3604 enim
2564 3549 2722 3619 271
2758 3550 2949 3605 dubito
2980 3550 3114 3620 quin
3172 3550 3496 3620 quaesierit).

1914 3640 2078 3693 simul
2114 3648 2169 3693 et
2211 3640 2534 3695 fasciculum
2591 3642 2759 3696 dedit.
2791 3640 2909 3697 Non
2936 3643 3085 3697 enim
3132 3652 3251 3697 erat
3297 3642 3500 3695 inscri-

1916 3743 2061 3797 ptus.
2110 3730 2207 3783 Sin
2268 3730 2473 3795 minus,
2514 3732 2836 3786 nauclerum
2885 3738 3126 3801 roga,ut
3162 3731 3259 3784 tibi
3314 3729 3499 3784 adole-

1914 3830 2153 3877 scentem
2189 3821 2389 3875 indicet
2418 3841 2430 3876 :
2460 3838 2697 3894 cumque
2730 3824 2799 3878 ab
2844 3838 2908 3879 eo
2950 3824 3162 3879 litteras
3192 3822 3492 3892 acceperis,

1913 3918 2031 3985 ipse
2073 3915 2329 3969 omnibus
2385 3915 2579 3970 reddas
2638 3916 2817 3969 velim.
2871 3915 3130 3969 Nonnulli
3169 3925 3319 3979 sunt,
3358 3930 3497 3985 quos

1912 4022 2035 4061 meo
2067 4008 2289 4063 nomine
2311 4008 2632 4078 compellari
2662 4022 3012 4076 summopere
3044 4007 3263 4077 cupiam
3295 4026 3309 4063 :
3338 4015 3498 4077 pater

1913 4095 2184 4166 Proclus;
2222 4097 2466 4170 Trypho,
2498 4099 2593 4169 qui
2637 4098 2936 4169 provinciae
2983 4106 3188 4152 nostra:
3229 4097 3496 4168 prtefuit;

1914 4191 2238 4263 Simplicius
2269 4209 2379 4246 non
2414 4192 2601 4247 minus
2632 4193 2739 4258 vir,
2768 4205 2941 4261 quam
2967 4190 3321 4259 magistratus
3351 4188 3497 4258 opti-

1912 4300 2058 4348 mus,
2090 4294 2143 4339 et
2176 4284 2389 4339 amicus
2415 4299 2569 4340 meus
2603 4302 2616 4338 :
2651 4284 2741 4337 cui
2770 4290 3058 4354 postquam
3098 4282 3307 4335 litteras
3337 4280 3497 4334 obtu-

1911 4378 2067 4445 leris,
2131 4377 2376 4449 quandiu
2441 4376 2734 4448 prmsentis
2770 4374 2986 4445 c0piam
3024 4374 3219 4436 habes,
3274 4373 3495 4427 homine

229 4469 387 4535 Οἶνος
413 4467 507 4524 οὖν
544 4470 703 4540 μόνος
740 4470 854 4522 ἐστὶ
884 4469 944 4523 τὸ
987 4470 1225 4539 φορτίον.
1288 4470 1497 4523 Ἐλαίου
1545 4470 1602 4524 δέ
1632 4472 1693 4524 ού
1729 4472 1805 4542 μά

1918 4479 2092 4526 utere.
2156 4469 2487 4526 Praeclarum
2548 4468 2695 4524 enim
2755 4476 2842 4523 est
2904 4482 3032 4521 cum
3067 4466 3241 4520 milite
3284 4465 3492 4520 versari

229 4563 329 4633 τὴν
356 4579 407 4615 τι
417 4536 556 4630 μίαν-
574 4578 668 4613 σου
698 4558 960 4629 κεφαλὴν,
985 4536 1105 4612 οὐδὲ
1127 4558 1327 4619 κύαθον
1355 4558 1637 4630 ἀγώγιμον
1660 4536 1807 4631 ἔχὸυ-

1917 4564 2146 4633 poetica:
2189 4559 2464 4619 studioso.
2523 4559 3018 4617 Struthiocamelos
3060 4572 3291 4629 magnos
3326 4557 3495 4612 habe-

232 4671 318 4706 σιν
342 4669 356 4684 ·
388 4652 581 4706 οὔκουν
601 4652 701 4704 ὃσα
726 4668 790 4718 γε
820 4651 914 4703 καὶ
942 4650 1041 4721 ἐμὲ
1070 4651 1290 4705 εἰδέναι.
1323 4649 1642 4707 Τοσάδεοῦν
1663 4654 1807 4708 οίνου

1913 4655 2108 4713 bamus
2135 4671 2202 4713 ex
2226 4656 2636 4720 venationibus,
2677 4670 2816 4726 quas
2851 4662 3099 4724 tempore
3152 4652 3305 4722 pacis
3337 4667 3497 4708 exer-

233 4747 415 4812 ξεστία
442 4745 595 4801 λάϐε.
614 4744 776 4817 Λήψῃ
795 4743 871 4807 δέ,
902 4743 1121 4806 ἐπιδοὺς
1148 4743 1210 4796 τὸ
1237 4745 1372 4814 πρὸς
1411 4745 1629 4800 Ἰούλιον
1651 4748 1813 4819 πρόσο

228 4855 438 4909 ταγμα.
485 4838 814 4907 Πρόσκειται
851 4833 907 4887 δὲ
950 4835 1018 4904 τῇ
1058 4835 1336 4907 ἐπιστολῇ,
1369 4836 1464 4889 τοῦ
1498 4835 1573 4909 μή
1622 4839 1811 4893 διαπε-
1848 4866 1851 4867 ν

234 4933 347 4983 σεῖν
372 4930 555 4985 ἓνεκα.
588 4928 698 4980 Καὶ
742 4924 819 4995 τῷ
855 4926 1027 4995 πατρὶ
1061 4926 1289 4997 Πρόκλῳ
1318 4927 1669 4998 γεγράφηκα,
1714 4932 1809 4984 καὶ

230 5020 404 5075 ταῦτα
431 5020 714 5088 πέπομφα.
749 5015 1000 5083 Δεξάσθω
1047 5016 1139 5069 καὶ
1184 5016 1284 5085 τὴν
1331 5018 1616 5087 ἐπιστολὴν
1656 5022 1805 5091 παρά

234 5114 349 5178 σοῦ,
380 5115 473 5166 καὶ
505 5114 595 5165 τὸν
636 5109 777 5166 οἶνον
808 5110 961 5182 παρά
1009 5110 1102 5163 τοῦ
1157 5111 1398 5168 Ἰουλίου.
1443 5114 1699 5184 Τρύφωνι
1729 5118 1807 5188 τῷ

233 5205 419 5279 χρυσῷ
456 5206 554 5273 (δεῖ
578 5206 684 5277 γάρ
710 5222 761 5257 τι
794 5205 887 5259 καὶ
934 5205 992 5255 ἐν
1017 5201 1225 5265 τούτοις
1254 5202 1459 5274 ψυχρὸν
1506 5208 1680 5261 εἰπεῖν
1713 5212 1806 5263 καὶ

232 5302 271 5353 Γ
274 5300 554 5370 οργιαῖον),
586 5297 838 5368 Τρύφωνι
866 5297 934 5351 τά
959 5296 1107 5367 δῶρα
1138 5298 1649 5369 παρεσκευάσαμεν,
1674 5302 1807 5355 ὀπὸν

233 5391 444 5457 σιλφίου
472 5391 657 5443 πολύν.
702 5389 903 5443 Βάττου
937 5388 1046 5460 γὰρ
1070 5388 1285 5453 ἀκούεις
1312 5392 1443 5444 αὐτὸ
1470 5392 1641 5463 δήπου
1667 5410 1680 5423 ’
1713 5398 1807 5450 καὶ

232 5483 429 5555 κρόκον
481 5483 719 5553 ἄριστον.
782 5480 1015 5551 Ἀγαθὸν·
1050 5481 1158 5553 γάρ
1204 5483 1237 5553 ή
1290 5482 1514 5555 Κυρήνη
1562 5485 1670 5557 (72)
1717 5490 1809 5543 καὶ

1914 4750 2151 4805 cuimus.
2204 4746 2408 4803 Verum
2458 4747 2676 4802 mittere
2703 4761 2802 4800 eos
2830 4744 2900 4800 ad
2930 4754 3083 4800 mare
3142 4758 3239 4814 per
3294 4741 3495 4798 infesta

1906 4842 2156 4929 lhostium
2211 4856 2363 4894 arma
2412 4855 2523 4894 non
2575 4838 2881 4910 potuimus,
2927 4846 3107 4907 neque
3151 4834 3302 4889 aliud
3334 4834 3495 4901 quid-

1913 4926 2079 5003 quam
2105 4946 2321 4995 eorum,
2352 4946 2473 5002 quae
2502 4929 2559 4985 in
2590 4931 2775 4986 littore
2807 4936 2989 4996 erant,
3031 4926 3270 4996 navigiis
3320 4926 3497 4994 impo-

1917 5041 2047 5081 nere
2086 5025 2265 5080 licuit.
2294 5023 2436 5079 Vino
2466 5024 2633 5095 igitur
2667 5022 2940 5079 duntaxat
2971 5020 3344 5076 oneravimus.
3373 5018 3490 5072 Olei

1914 5134 2063 5185 vero,
2095 5133 2191 5188 per
2243 5118 2629 5173 charissimum
2682 5123 2848 5188 caput
2892 5124 3071 5177 tuum,
3130 5129 3197 5168 ne
3233 5113 3491 5184 cyathum

1914 5213 2135 5282 quidem
2169 5210 2559 5281 importarunt,
2596 5221 2863 5280 quantum
2894 5208 3035 5263 scire
3068 5206 3361 5277 potuerim.
3386 5207 3492 5257 Ac-

1914 5307 2036 5373 cipe
2070 5304 2239 5375 igitur
2267 5304 2380 5359 vini
2430 5303 2656 5359 totidem
2707 5302 3003 5357 sextarios.
3047 5299 3301 5368 Accipies
3336 5314 3486 5358 vero,

1917 5402 2208 5465 postquam
2241 5395 2584 5456 mandatum,
2608 5394 2751 5463 quod
2776 5393 2840 5445 ad
2866 5390 3072 5446 Julium
3105 5391 3367 5459 scriptum
3385 5399 3486 5454 est,

1916 5486 2133 5542 dederis
2159 5504 2172 5540 :
2201 5483 2347 5555 quod
2379 5482 2625 5554 epistolae
2653 5481 2973 5551 adjunctum
3002 5489 3107 5560 est,
3134 5495 3203 5536 ne
3237 5478 3489 5535 excidere

1466 5598 1645 5656 DION.
1687 5601 1956 5660 PETAVII
1988 5601 2220 5660 NO'DE.

305 5715 413 5796 ςῖι)
443 5713 778 5796 ιιςωωῑνιη
803 5716 893 5796 λοηύ
919 5714 1029 5796 γᾲρ
1051 5714 1474 5796 ἐπεγέγραπτο.
1496 5716 1629 5796 Ιιιιο.
1655 5720 1801 5796 quod

1913 5723 2040 5796 αὐτὸ
2066 5722 2238 5791 δήπου
2265 5719 2359 5796 καὶ
2388 5718 2587 5796 κρόκον
2620 5716 2861 5790 ἄριστον,
2882 5722 2989 5779 etc.
3014 5712 3336 5796 Quanquam
3365 5719 3488 5781 post

237 5784 817 5868 Illi‘inscriptu‘s‘esset
843 5785 1156 5868 fasciculus.
1190 5784 1311 5868 lieg.
1346 5788 1526 5868 itaque
1560 5790 1640 5841 col.
1668 5784 1796 5860 γάρ.

308 5857 418 5921 (7:!)
463 5853 703 5925 Ἀγαθὸν
725 5862 833 5922 γὰρ
858 5853 1179 5925 ἠ-Κυρήνη.
1212 5853 1593 5925 supplevimus
1611 5853 1690 5913 ex'
1708 5853 1785 5914 ve-

238 5928 345 5981 teri
401 5923 565 5982 voces
630 5925 858 5997 aliquot.
901 5923 1169 5980 Nimirum
1212 5923 1418 5981 Βάττου
1451 5927 1558 6001 γὰρ
1589 5931 1806 5995 ἀκούεις

1907 5793 2077 5860 δήπου
2118 5786 2331 5845 ’νορυιιι
2362 5786 2623 5860 ηιίῖιξόιιῐη⁸
2657 5786 2799 5851 erat,
2831 5800 3002 5860 qu_am_
3018 5786 3211 5860 legere
3261 5798 3487 5860 prorsus

1908 5852 2016 5916 non
2054 5864 2224 5931 potui.
2264 5860 2357 5931 Sic
2382 5852 2563 5931 autem
2593 5857 2803 5928 depicta
2839 5852 2939 5912 fuit
2959 5852 3052 5923 (ἴθ’.
3084 5852 3348 5931 Cancrum
3380 5852 3484 5931 ali-

1916 5922 2202 6002 quid'ante
2231 5930 2433 6001 ἀγαθὸν
2462 5930 2568 6002 γὰρ
2596 5932 2629 6002 ή
2656 5922 2819 6001 Κυρ.,
2840 5922 2975 5994 etc.,
2994 5932 3190 5997 prafter
3218 5924 3349 5977 ὀπὸν
3382 5922 3489 5975 σιλ-
