3892 6522
478 474 619 529 1525

1537 471 1802 527 SYNESII
1848 468 2317 527 PTOLEMMDIS
2357 467 2665 525 EPISCOPI

3615 470 3727 525 ιέιλι

480 598 685 660 posset.
722 587 925 655 Scr’ipsi
989 596 1045 643 et
1090 590 1234 659 patri
1276 589 1505 653 Proclo,
1560 591 1861 660 eademque
1904 590 2050 644 misi.

2174 588 2341 641 τοῦτον
2391 589 2662 659 ἐκτρέφει.
2700 587 2777 639 Ού
2816 587 2922 657 μὴν
2962 586 3240 656 ἐξεγένετο
3272 589 3548 658 πέμπειν,
3592 589 3649 639 τό
3682 606 3728 653 τε

478 682 728 751 Accipiat
752 696 781 734 a
809 691 860 735 te
890 683 1121 745 litteras,
1143 682 1444 751 vinumque
1478 683 1547 737 ab
1575 681 1739 737 Julio.
1774 682 2069 753 Tryphoni-

478 789 648 827 a-ireo
681 774 698 841 (
724 780 942 837 Oportet
973 778 1119 828 enim
1146 775 1202 828 in
1225 776 1293 830 iis
1326 775 1584 846 frigidum
1618 774 1825 843 aliquid
1848 784 1901 828 et
1926 774 2059 828 Gor-

478 867 579 934 gia:
608 864 788 920 simile
821 865 1067 937 dicere),
1096 866 1398 938 Tryphoni,
1425 870 1675 937 inquam,
1709 867 1851 920 dona
1901 881 2063 933 para-

481 955 677 1019 vimus,
718 956 913 1011 laseris
943 973 1197 1029 magnam
1223 960 1461 1028 copiam.
1486 958 1601 1013 Hoc
1627 958 1772 1012 enim
1806 958 1871 1011 de
1898 956 2053 1011 Batto
2092 960 2310 1014 scilicet
2350 961 2613 1031 accepisti

2163 679 2257 733 νῦν
2280 680 2421 751 ἕχον.
2468 680 2607 732 Ἀλλ’
2638 678 2990 749 ὲκπέμψομεν
3019 680 3086 734 ἂν
3108 683 3187 743 εἰς
3212 681 3409 751 ἑτέραν
3438 679 3606 740 ναῦν,
3629 682 3729 731 ὅταν

2164 775 2257 827 καὶ
2290 774 2417 843 ύμῖν
2451 773 2568 844 μετ’
2597 774 2762 827 αὑτοῦ
2800 774 2898 846 μὲν
2924 776 3025 840 τὰς
3056 775 3375 846 στρουθοὺς,
3433 774 3733 844 καταμόνας

2162 869 2220 921 δὲ
2252 867 2521 921 τοῦλαιον.

2662 981 2675 1016 :
2720 964 2787 1015 ad
2818 962 2934 1017 haec
2982 976 3204 1018 crocum
3251 962 3559 1032 Optimum.
3625 958 3737 1012 Nam

476 1053 525 1098 et
570 1047 674 1101 hoc
706 1048 936 1117 probum
972 1049 1204 1120 Cyrenis
1240 1052 1509 1122 provenit.
1543 1052 1657 1105 Hoc
1697 1060 1882 1105 tamen
1919 1050 2135 1106 mittere
2205 1052 2261 1106 in
2312 1054 2601 1122 praesentia
2634 1070 2744 1108 non
2779 1055 2971 1123 potui:
3012 1056 3106 1111 sed
3165 1056 3218 1109 in
3266 1057 3509 1110 alteram
3577 1062 3739 1124 postea

478 1149 675 1194 navem
730 1142 1073 1212 imponetur,
1136 1154 1253 1200 tum
1302 1162 1430 1201 eum
1489 1147 1555 1199 ad
1604 1162 1706 1202 vos
1757 1146 2038 1201 mittemus
2105 1162 2228 1202 cum
2278 1148 2372 1204 illo
2418 1149 2640 1220 quidem
2693 1150 3203 1215 struthiocamelos,
3260 1150 3535 1222 privatim
3584 1158 3741 1202 autem

476 1234 684 1290 oleum.

946 1326 1290 1384 EPISTOLA
1325 1328 1612 1386 CXXXIV.

1177 1419 1384 1475 Fratri.

551 1510 863 1568 Pmnienius
891 1515 998 1577 hic,
1032 1530 1062 1568 a
1104 1530 1217 1584 quo
1246 1514 1347 1569 has
1389 1514 1604 1569 litteras
1639 1514 1896 1584 accipies,
1932 1513 2067 1569 mis-

482 1619 578 1659 sus
609 1612 693 1659 est
728 1604 794 1659 ad
830 1623 933 1660 nos
960 1607 1029 1661 ab
1056 1607 1416 1668 Artahazaco,
1451 1607 1544 1676 qui
1580 1608 1740 1677 paulo
1767 1614 1892 1661 ante
1923 1607 2069 1676 prin-

482 1697 724 1766 cipatum
757 1699 952 1762 tenuit,
989 1698 1255 1753 honorum
1295 1699 1540 1753 omnium
1577 1710 1820 1761 curator.
1856 1715 1978 1768 quae
2008 1699 2062 1752 in

483 1787 568 1842 his
603 1788 735 1844 locis
768 1792 1087 1859 possideret.
1148 1789 1255 1844 Sed
1309 1791 1363 1843 in
1410 1805 1477 1845 eo
1534 1808 1761 1846 munere
1808 1791 2097 1859 obeundo

485 1879 882 1944 perhumanum
939 1895 998 1935 se
1042 1894 1106 1933 ac
1158 1879 1370 1935 facilem
1435 1882 1685 1949 przebuit.
1738 1880 2063 1950 Quanquam

482 1970 606 2037 quis
637 1971 777 2026 alius
806 1973 880 2026 ita
913 1972 1207 2027 occasione
1248 1973 1347 2027 hac
1381 1974 1671 2027 uteretur?
1703 1974 1772 2027 At
1799 1973 2063 2027 Pmmenii

2680 1327 3027 1381 ΕΠΙΣΤΟΛΗ
3066 1328 3231 1382 ΡΛΔ¹.

2775 1418 2861 1484 Τῷ
2881 1418 3143 1488 ἀδελφῷ.

2240 1508 2527 1578 Ποιμένιος
2552 1504 2705 1574 οὗτος
2737 1511 2766 1562 ό
2793 1511 2894 1581 τὴν
2920 1512 3209 1583 ἐπιστολήν
3242 1528 3327 1563 σοι
3359 1512 3549 1572 διδοὺς
3574 1514 3745 1582 ἐπάλη

2171 1598 2306 1668 πρὸς
2331 1602 2480 1670 ἡμᾶς
2525 1601 2631 1655 ὑπὸ
2662 1602 2755 1655 τοῦ
2794 1602 2976 1674 μικρῷ
3004 1603 3272 1673 πρότερον
3301 1602 3747 1666 δυναστεύσαντος

2182 1690 2610 1760 Ἀρταϐαζάκου,
2647 1694 2739 1747 ἐπὶ
2766 1696 2886 1757 ταῖς
2912 1695 3123 1758 οὐσίαις
3146 1694 3430 1759 ἁπάσας,
3464 1688 3545 1747 ὧν
3579 1697 3633 1746 ἐν
3658 1699 3747 1757 rei;

2169 1781 2294 1851 τῇδε
2353 1783 2541 1847 τόποις
2599 1785 2839 1854 ἐγεγόνει
2905 1785 3111 1858 κύριος.
3176 1786 3324 1840 Ἀλλ’
3402 1789 3466 1840 ὲν

2168 1872 2392 1945 τοιαύτῃ
2420 1877 2592 1945 πρᾷον
2626 1876 2817 1931 ἑαυτὸν
2844 1878 3086 1949 παρέσχε
3112 1879 3207 1931 καὶ
3232 1878 3645 1950 μετριώτατον.
3665 1880 3748 1930 K15

2168 1980 2249 2016 τοι
2280 1964 2362 2028 τίς
2385 1965 2568 2033 ἕτερος
2598 1966 2770 2032 οὓτως
2799 1969 3067 2040 ἐχρήσατο
3094 1968 3172 2039 τῷ
3204 1970 3442 2040 καιρῷ;
3486 1972 3745 2039 Domni}.-

484 2070 724 2131 potestas
769 2062 970 2118 nemini
1018 2062 1250 2134 Libyum
1306 2066 1488 2134 gravis
1539 2072 1593 2118 et
1645 2079 1877 2118 onerosa
1938 2063 2059 2117 fuit.

2174 2052 2221 2106 δὲ
2246 2055 2420 2119 οὐδεὶς
2440 2057 2655 2111 Λιϐύων
2689 2058 2788 2128 τὴν
2818 2059 2936 2113 τότε
2983 2058 3211 2130 δύναμιν
3246 2061 3586 2131 ἐϐαρύνετο.
3618 2061 3749 2125 Μέγα

480 2153 654 2223 Cujus
680 2155 753 2209 rei
786 2170 892 2209 non
940 2154 1057 2210 leve
1085 2155 1191 2209 hoc
1217 2164 1597 2227 argumentum
1638 2165 1742 2216 est,
1774 2155 1916 2224 quod
1948 2170 2065 2210 ma-

481 2262 588 2314 gno
638 2246 923 2300 civitatum
980 2245 1227 2299 omnium
1293 2261 1531 2300 maerore
1583 2245 1832 2299 discedit.
1889 2246 1957 2297 At
2005 2253 2065 2299 tu

482 2338 759 2390 hominem
789 2328 984 2401 amice,
1029 2343 1193 2405 atque
1229 2337 1304 2390 uti
1350 2353 1449 2406 par
1492 2344 1610 2399 est,
1644 2336 1934 2406 probitatis
1968 2351 2066 2390 no-

482 2429 628 2484 mine
657 2429 992 2485 collaudato.

836 2521 1000 2591 272
1059 2520 1397 2576 EPISTOLA
1439 2518 1705 2576 CXXXV.

1166 2611 1374 2666 Eidem.

550 2703 810 2758 Fructum
859 2720 925 2758 ex
970 2703 1201 2777 Athenis
1246 2712 1735 2773 quantumcunque
1782 2704 1937 2771 velis,
1977 2719 2067 2758 ca-

481 2797 624 2866 piam
658 2797 834 2851 :adeo
876 2796 1007 2849 mihi
1039 2796 1226 2851 videor
1248 2778 1428 2864 palmo
1458 2810 1568 2849 uno
1599 2810 1662 2849 ac
1691 2795 1858 2864 digito
1892 2795 2065 2849 factus

479 2888 710 2943 doctior.
744 2887 895 2941 Licet
926 2896 1106 2942 autem
1144 2886 1381 2941 subinde
1432 2887 1529 2941 tibi
1559 2887 1756 2940 divinze
1792 2887 1938 2940 illius
1973 2902 2063 2942 sa-

482 2981 699 3049 pientia:
744 2980 1052 3050 periculum
1100 2978 1300 3034 facere.
1357 2978 1496 3033 Ecce
1539 2980 1684 3034 enim
1736 2995 1802 3033 ex
1851 2982 2065 3049 Anagy-

481 3079 640 3126 route
672 3072 737 3126 ad
762 3080 814 3125 te
846 3071 1047 3136 scribo,
1074 3079 1128 3126 et
1159 3070 1445 3141 Sphettum
1471 3071 1603 3132 obii,
1628 3080 1789 3140 atque
1811 3070 2060 3136 Thrium,

482 3172 535 3217 et
576 3162 905 3231 Cephesum,
958 3178 1022 3217 ac
1072 3162 1384 3216 Phalerum.
1440 3160 1510 3217 Ut
1547 3162 1637 3216 ille
1688 3162 1830 3217 male
1881 3170 2064 3232 pereat

484 3250 669 3305 infelix
701 3251 1016 3311 nauclerus,
1053 3249 1145 3318 qui
1178 3265 1264 3304 me
1306 3249 1414 3303 huc
1461 3248 1713 3301 advexit:
1754 3248 1889 3300 nihil
1917 3248 2062 3301 enim

481 3339 589 3408 iam
623 3339 845 3393 Athenae
867 3338 1213 3408 splendidum
1239 3339 1461 3401 habent,
1486 3345 1679 3408 praeter
1712 3337 2062 3392 celeberrima

484 3433 728 3485 locorum
788 3431 1028 3484 nomina.
1076 3432 1155 3485 Ac
1205 3430 1353 3484 velut
1405 3446 1474 3485 ex
1525 3429 1701 3485 hostia
1740 3437 2061 3497 consumpta
2094 3403 2136 3462 (ἶ

484 3524 600 3579 sola
632 3523 787 3593 pellis
818 3531 1090 3593 superest,
1121 3522 1398 3585 animalis.
1425 3522 1568 3592 quod
1604 3522 1736 3576 olim
1775 3520 2066 3591 aliquando

487 3616 683 3678 fuerat,
729 3616 991 3670 indicium
1034 3634 1047 3669 :
1086 3615 1169 3670 sic
1214 3614 1339 3669 inde
1386 3615 1649 3668 translata
1693 3613 2062 3683 philosophia,

484 3715 656 3763 restat
680 3716 739 3761 ut
764 3706 1070 3762 oberrando
1094 3705 1441 3760 Academiam
1469 3720 1535 3759 ac
1559 3704 1794 3775 Lyceum
1820 3704 2064 3759 mireris:

485 3806 648 3868 atque
693 3798 853 3853 etiam
905 3797 1109 3849 variam
1155 3796 1304 3848 illam
1356 3797 1645 3864 porticum,
1680 3810 1709 3847 a
1755 3809 1862 3863 qua
1897 3794 2067 3865 Chry-

485 3890 622 3960 sippi
676 3900 824 3943 secta
872 3902 1070 3942 nomen
1121 3887 1365 3956 accepit;
1410 3901 1531 3956 quae
1582 3885 1801 3954 quidem
1846 3884 2069 3941 minime

486 3998 632 4037 nunc
665 3982 812 4035 varia
839 3990 941 4037 est.
972 3979 1107 4034 Nam
1140 3979 1436 4049 proconsul
1462 3980 1703 4033 tabulata
1734 3978 1977 4045 sustulit,
2012 3978 2067 4032 in

484 4089 605 4145 qum
637 4081 810 4126 artem
850 4087 1064 4126 omnem
1106 4086 1260 4126 suam
1294 4069 1625 4142 Polygnotus
1659 4069 1894 4124 Thasius
1935 4083 2069 4122 con-

485 4166 704 4220 tulerat.
729 4163 884 4217 Nunc
914 4164 1096 4231 itaque
1127 4170 1314 4216 nostra
1346 4169 1506 4215 aetate
1531 4162 1626 4214 alit
1655 4160 1925 4231 Egyptus
1948 4175 2069 4230 qua:

484 4257 553 4311 ab
577 4255 801 4325 Hypatia
828 4254 1105 4323 sapientiae
1136 4254 1345 4309 semina
1374 4253 1652 4322 suscepit;
1684 4253 1908 4307 Athenae
1940 4268 2068 4306 vero

483 4348 754 4417 quondam
791 4346 984 4400 civitas
1015 4346 1135 4409 fuit,
1176 4345 1479 4413 sapientum
1507 4343 1842 4399 domicilium
1875 4362 1886 4397 :
1923 4358 2069 4396 nunc

439 4474 442 4477 η
483 4454 602 4493 eam
640 4439 948 4493 mellato‘res
976 4439 1273 4497 celebrant.
1307 4435 1517 4502 Quibus
1550 4452 1646 4505 par
1680 4435 1813 4489 illud
1848 4437 2066 4504 sapien-

485 4537 599 4582 tum
660 4527 1108 4582 Plutarcheorum
1165 4527 1393 4596 adiice;
1459 4528 1550 4596 qui
1591 4542 1701 4581 non
1758 4526 2065 4580 orationum

487 4633 707 4674 suarum
742 4619 883 4672 fama
924 4620 1153 4689 juvenes
1192 4620 1243 4672 in
1280 4620 1512 4672 theatris
1544 4626 1914 4688 congregant,
1970 4618 2065 4673 sed

486 4708 663 4765 mellis
688 4725 754 4764 ex
784 4708 1033 4781 Hymetto
1067 4710 1365 4780 ampboris.

2173 2147 2470 2217 τεκμήριον
2494 2165 2507 2177 ·
2532 2148 2807 2213 λυπεῖτάς
2828 2150 3010 2214 πόλεις
3025 2151 3359 2223 ἀναχωρῶν.
3388 2152 3469 2204 Σὺ
3491 2151 3551 2202 δέ
3574 2169 3657 2220 μοι
3676 2152 3749 2202 τὶν

2171 2238 2339 2309 ἄνδρα
2371 2239 2581 2307 φιλίως,
2615 2243 2710 2295 καὶ
2742 2241 2928 2313 ὥσπερ
2957 2243 3122 2310 εἰκὸς,
3151 2243 3464 2297 ἐπαίνεσον
3492 2242 3587 2294 ἐπὶ
3619 2244 3750 2295 καὶ-ο-

2173 2330 2433 2402 καγαθίᾳ.

2683 2511 3028 2564 ΕΠΙΣΤΟΛΗ
3065 2511 3238 2563 ΡΛΕ’.

2824 2600 2906 2666 Τῷ
2930 2601 3110 2667 αὐτῷ.

2272 2695 2516 2767 Οναίμην
2541 2693 2651 2747 τῶν
2690 2694 2931 2763 Ἀθηνῶν
2962 2695 3095 2765 (75),
3143 2694 3326 2747 ὁπόσα
3372 2693 3564 2764 βούλει
3586 2711 3601 2723 ”
3635 2694 3747 2746 ἕλε-κ

2175 2802 2264 2855 μοι
2289 2783 2430 2837 δοκῶ
2456 2783 2609 2837 πλεῖν
2653 2782 2686 2853 ἢ
2733 2784 3026 2854 παλαιστῇ,
3060 2783 3155 2837 καὶ
3188 2784 3461 2853 δακτύλῳ
3494 2788 3747 2852 γεγονέναι

2174 2875 2495 2946 σοφώτερος.
2535 2876 2750 2941 Ἔξεστι
2780 2875 2835 2927 δὲ
2862 2875 2955 2928 καὶ
3001 2875 3226 2929 αὐτόθεν
3255 2877 3364 2945 τῆς
3401 2876 3561 2939 θείας
3588 2878 3747 2943 σοφίας

2172 2970 2363 3039 πεῖράν
2387 2970 2467 3022 σοί
2498 2986 2620 3023 τινα
2649 2971 2969 3040 παρασχεῖν.
3004 2968 3219 3038 Ἀμέλει
3254 2970 3370 3041 γὰρ
3409 2970 3750 3039 Ἀναγυργᾷ-ι-

2169 3063 2322 3115 τοθέν
2357 3080 2439 3115 σοι
2460 3062 2658 3133 γράφω
2683 3078 2695 3089 ⁸
2736 3062 2830 3114 καὶ
2856 3063 3092 3131 Σφηττοῖ
3118 3062 3347 3130 γέγονα,
3390 3062 3491 3116 καὶ
3540 3062 3748 3132 Θριιξε,

2172 3154 2266 3206 καὶ
2314 3153 2638 3224 Κηφισιᾶσι,
2682 3153 2777 3207 καὶ
2822 3153 3077 3223 Φαληροῖ.
3136 3154 3249 3205 Καὶ
3302 3152 3487 3215 κακὸς
3522 3152 3749 3213 κακῶςὲ

2170 3245 2325 3316 δεῦρό
2382 3262 2449 3315 με
2492 3246 2727 3315 κομίσας
2770 3244 3022 3297 ἀπόλοιτο
3077 3243 3442 3315 ναύκληρος·
3490 3244 3570 3305 ὡς
3619 3242 3752 3295 οὐδὲν

2171 3336 2382 3407 ἔχουσιν
2411 3338 2466 3389 αἱ
2496 3335 2591 3391 νῦν
2636 3335 2852 3407 Ἀθῆναι
2882 3336 3096 3406 σεμνὸν,
3124 3335 3239 3389 ἀλλ’
3265 3336 3300 3407 ἢ
3329 3335 3409 3389 τὰ
3438 3335 3628 3389 κλεινὰ
3659 3335 3754 3388 τὲν

2168 3432 2383 3503 χωρίων
2422 3433 2680 3501 ὀνόματα.
2727 3431 2837 3486 Καὶ
2884 3431 3137 3501 καθάπερ
3187 3430 3397 3502 ἱερείου
3462 3430 3751 3497 διαπεπρα-

2167 3525 2368 3596 γμένου
2398 3525 2459 3579 τὸ
2488 3526 2662 3597 δέρμα
2679 3525 2946 3586 λείπεται,
2980 3524 3274 3594 γνώρισμα
3300 3524 3403 3577 τοῦ
3432 3524 3608 3576 παλαι
3636 3522 3755 3574 ποτε

2169 3616 2307 3681 ζῶου
2335 3634 2348 3648 ⁸
2397 3617 2569 3681 οὕτως
2610 3616 2817 3670 ἐνθένδε
2858 3614 3176 3686 φιλοσοφίας
3205 3616 3619 3685 ὲξῳκισμένης,
3654 3614 3755 3666 isf-

2169 3728 2327 3764 πεται
2358 3708 2775 3781 περινοστοῦντα
2818 3707 3119 3778 θαυμάζειν
3158 3708 3261 3779 τὴν
3303 3707 3652 3775 Ἀκαδημίαν
3680 3722 3756 3765 τε,

2169 3802 2262 3854 καὶ
2290 3801 2349 3853 τὸ
2374 3800 2622 3864 Λύκειον,
2656 3800 2751 3853 καὶ
2778 3799 2843 3870 νὴ
2873 3799 2971 3851 Δία
3015 3798 3114 3870 τὴν
3145 3798 3406 3867 ποικίλην
3448 3796 3637 3857 στοάν,
3668 3796 3757 3864 τὴν

2168 3892 2455 3963 ἐπώνυμον
2503 3894 2602 3963 τῆς
2646 3891 2971 3963 Χρυσίππου
3019 3890 3340 3960 φιλοσοφίας
3368 3930 3384 3952 ,
3436 3889 3537 3941 νῦν
3586 3888 3755 3940 οὗπεὲέ

2168 3980 2333 4037 οὖσαν
2364 3984 2636 4054 ποικίλην.
2671 3984 2732 4036 'U
2760 3982 2869 4054 γὰρ
2898 3982 3202 4045 ἀνθύπατος
3232 3982 3333 4045 τὰς
3363 3982 3594 4043 σανίδας
3614 3982 3753 4046 ἀφίξ-

2168 4076 2289 4129 λετο
2477 4075 2717 4147 ὑφείλ.],
2765 4069 2852 4137 αἶς
2892 4073 3216 4143 ἐγκατέθετο
3246 4074 3351 4141 τὴν
3380 4072 3588 4139 τέχνην
3630 4071 3658 4122 ὁ
3700 4072 3753 4121 ἐκ

2168 4170 2345 4223 Θάσου
2392 4152 2764 4238 Πολύγνωτος.
2815 4166 2931 4220 Νῦν
2960 4166 3059 4237 μὲν
3091 4160 3183 4217 οῦν
3210 4167 3269 4217 ὲν
3292 4166 3415 4226 τοῖς
3455 4164 3585 4215 καθ’
3617 4165 3751 4231 ἡμᾶς

2168 4262 2379 4333 χρόνοις
2406 4261 2679 4328 Αἴγυπτος
2707 4258 2894 4330 τρέφει
2927 4258 3025 4320 τὰς
3067 4256 3331 4319 ’Υπατίας
3358 4254 3639 4323 δεξαμένη
3668 4271 3748 4319 τε·

2168 4354 2302 4416 νάςο
2360 4355 2413 4405 αἱ
2462 4352 2519 4405 δὲ
2560 4350 2803 4420 Ἀθῆναι,
2848 4348 3016 4402 πάλαι
3075 4348 3173 4418 μὲν
3212 4342 3282 4417 ἦν
3312 4348 3351 4417 ἡ
3402 4346 3569 4407 πόλις
3612 4346 3747 4396 ἑστία

2171 4446 2366 4514 σοφῶν.
2404 4444 2477 4497 Τὸ
2503 4443 2558 4495 δὲ
2586 4441 2679 4496 νῦν
2712 4441 2854 4512 ἔχον,
2890 4438 3241 4509 σεμνύνουσιν
3280 4438 3458 4500 αὐτὰς
3482 4440 3537 4490 οἱ
3574 4437 3746 4507 μελιτ-

2166 4534 2408 4607 τουργοί.
2445 4533 2609 4587 Ταῦτ’
2637 4534 2745 4603 ἄρα
2786 4532 2882 4586 καὶ
2927 4532 2961 4601 ἡ
2991 4528 3220 4601 ξυνωρὶς
3255 4529 3369 4582 τῶν
3402 4528 3591 4596 σοφῶν
3630 4527 3745 4599 [τι.

2170 4628 2437 4698 σοφιστῶν
2466 4626 2487 4698 ]
2540 4624 2971 4696 Πλουταρχείων,
3022 4623 3219 4685 οἵτινες
3255 4622 3315 4673 οὐ
3351 4624 3420 4691 τῇ
3457 4624 3622 4691 φήμῃ
3652 4619 3746 4671 τέω

2097 4740 2142 4795 D
2170 4721 2340 4789 λόγων
2369 4718 2678 4789 ἁγείρουσιν
2722 4718 2780 4769 ὲν
2817 4717 2926 4779 τοῖς
2960 4714 3208 4785 θεάτροις
3244 4712 3377 4776 τοὺς
3404 4713 3591 4779 νέους,

2162 4816 2278 4877 τοῖς
2308 4812 2367 4879 ἐξ
2406 4807 2683 4882 Ὑμηττοῦ
2716 4806 3016 4879 σταμνίοις.

1748 4967 1929 5027 DION.
1968 4966 2241 5023 PETAVII
2276 4965 2508 5021 NOTAE.

488 5089 610 5159 φίου
640 5086 942 5159 desiderari
970 5102 1034 5142 ex
1067 5090 1133 5143 e'o
1181 5088 1561 5152 convincitur,
1594 5089 1741 5159 quod
1767 5089 1834 5143 de
1863 5088 2063 5157 silphio

486 5157 715 5241 necesse
734 5174 841 5213 non
878 5157 1045 5241 fuerit
1064 5160 1310 5227 proloqui
1344 5157 1651 5241 Synesiuni,
1685 5160 1862 5241 ipsum
1896 5160 2061 5212 etiam

486 5229 715 5309 Cyrenis
771 5246 877 5309 non
914 5230 1143 5309 _malum
1175 5229 1462 5309 provenire
1497 5246 1509 5281 :
1544 5244 1669 5283 cum
1712 5229 1912 5309 ibidem
1946 5245 2061 5309 om:

486 5298 638 5369 nium
670 5300 811 5352 haud
836 5299 1002 5353 dubie
1034 5300 1548 5369 pratstantissimnm
1584 5307 1919 5354 nasceretur.
1954 5298 2059 5369 Sed

487 5368 555 5422 de
582 5384 745 5422 croco
771 5368 1083 5438 ambiguum
1105 5378 1242 5424 erat.
1276 5370 1351 5422 De
1373 5368 1636 5437 quoPlin.
1663 5370 1757 5422 lib.
1791 5385 1902 5433 xm,
1923 5383 1970 5422 c.
2002 5368 2057 5431 6,

489 5438 592 5493 Sed
623 5455 713 5493 nec
743 5438 931 5508 ubique
964 5438 1246 5507 fecundum
1272 5439 1362 5509 (de
1387 5440 1563 5494 sativo
1592 5440 1880 5509 loquitur),
1899 5440 2061 5491 etiam

488 5509 731 5578 Cyrenis,
797 5511 886 5562 ubi
933 5526 1132 5577 semper
1183 5508 1339 5577 ﬂores
1396 5509 1777 5563 laudatissimi.
1838 5508 2055 5573 Postea,

490 5578 694 5632 Contra
719 5578 1009 5647 Cyrenaico
1033 5582 1235 5643 vitiant,
1279 5580 1417 5648 quod
1476 5582 1618 5633 omni
1658 5594 1809 5632 croco
1858 5578 2059 5644 nigriua

489 5659 590 5713 est,
623 5658 671 5701 et
701 5650 967 5719 celerrime
984 5653 1277 5703 marcescit.
1304 5648 1431 5703 Ideo
1449 5650 1590 5719 apud
1626 5648 1871 5719 Dioscor.
1902 5649 1996 5719 lib.
2019 5664 2056 5708 ι,

491 5732 613 5787 cap.
628 5718 1068 5840 25,0yrenaicus
1081 5734 1280 5773 crocus
1298 5717 1547 5772 omnium
1561 5728 1645 5773 est
1660 5717 1880 5771 iniimus
1899 5734 1910 5768 :
1928 5718 1986 5769 Ὀ
2001 5719 2059 5770 δὲ

491 5788 776 5840 Κυοηναϊκ
808 5805 855 5840 c.
874 5790 902 5840 ὁ
933 5792 997 5840 ὲκ
1013 5789 1310 5840 Κεντοοίας
1326 5788 1544 5840 πάντων
1561 5788 1667 5840 τῶν
1688 5787 1829 5840 κατὰ
1856 5794 1956 5840 τὴν
1976 5788 2059 5839 Σι-

490 5787 855 5858 κυρηναῖκὸς,
874 5790 902 5840 ὁ
933 5792 997 5840 ὲκ
1013 5789 1310 5858 κεντορίας
1326 5788 1544 5843 πάντων
1561 5788 1667 5858 τῶν
1688 5787 1829 5841 κατὰ
1856 5794 1956 5858 τὴν
1976 5788 2061 5839 Σι-

490 5856 674 5910 κελίαν
701 5857 930 5925 ἀσθενὴς
960 5857 1102 5909 κατὰ
1127 5856 1374 5926 δύναμιν,
1396 5857 1721 5927 λαχανώδεις
1748 5856 2052 5916 amemu-

488 5943 598 5992 τες.
618 5928 749 5994 Quae
774 5929 938 5983 verba
952 5927 1126 5982 obiter
1144 5930 1505 5983 cmaculanda
1524 5937 1670 5983 sunt.
1690 5927 1895 5997 Vitium
1912 5928 2057 5982 enim
2096 5988 2103 5993 ,

2167 5088 2221 5140 in
2258 5086 2326 5141 iis
2352 5084 2730 5147 manifestum,
2763 5096 2888 5136 cum
2918 5079 3281 5149 Centuripino
3304 5092 3481 5131 croco
3528 5088 3741 5149 carth

2167 5157 2385 5211 Siculos
2421 5155 2680 5224 praeferre
2705 5146 2979 5224 videatur,
3019 5146 3343 5224 ethérharii
3382 5156 3578 5224 tamen
3615 5146 3741 5221 Cen-

2165 5227 2392 5295 turipini
2423 5221 2572 5279 croci
2600 5226 2655 5278 in
2690 5222 2883 5295 Sicilia
2935 5221 3286 5295 nominatim,
3321 5221 3507 5295 quasi
3538 5227 3739 5295 exter:

2167 5288 2549 5364 praecellentis.
2588 5292 2966 5364 meminerint.
2989 5291 3080 5344 Sic
3108 5290 3276 5364 igitur
3306 5288 3569 5364 rescribo
3595 5288 3739 5364 :_'O

2165 5358 2544 5436 Κυρηναῖκὸς,
2565 5367 2593 5418 ὁ
2630 5367 2701 5436 ὲκ
2726 5361 3045 5436 Κεντορίας,
3073 5363 3167 5414 καὶ
3189 5358 3392 5420 πάντες
3422 5359 3474 5408 οἱ
3489 5359 3633 5409 κατὰ
3726 5378 3737 5397 ι

2163 5433 2433 5498 Σικελίαν,
2468 5435 2552 5489 vel
2580 5434 2719 5503 μετὰ
2748 5433 2988 5503 πάντων.
3034 5501 3054 5503 _
3160 5499 3190 5503 _
3284 5498 3294 5503 Δ
3342 5497 3354 5503 _
3702 5492 3705 5495 _

2234 5508 2347 5571 (73)
2392 5497 2677 5573 Ὀναίιὶητς
2702 5500 2819 5556 τῶν
2850 5501 3124 5573 Ἀθηνῶν.
3160 5499 3237 5552 De
3272 5497 3620 5573 athenarum
3649 5509 3737 5573 ra:-

2163 5561 2285 5631 sera
2312 5586 2462 5630 sorte
2491 5561 2871 5640 viile'Gregor.
2921 5561 3055 5623 Νη.
3097 5567 3338 5640 orat._2_0
3367 5568 3419 5618 in
3443 5564 3519 5640 _S.
3552 5561 3731 5640 Ιξωξὲ..

2162 5663 2216 5715 p.
2260 5647 2386 5708 529,
2418 5653 2472 5699 et
2497 5643 2727 5715 IEneam
2754 5633 3008 5715 Comum
3038 5636 3536 5715 initio_'_l‘heopbr.
3568 5633 3733 5705 Ean;-

2162 5708 2291 5786 pius‘
2325 5719 2377 5769 in
2432 5714 2720 5787 Drioasio:
2756 5712 2969 5787 ’ῼσπερ
3010 5713 3128 5772 ,τοῖς
3186 5708 3446 5787 ’Δθῄνῃσι
3496 5716 3735 5787 revera};

2168 5777 2308 5839 κατὰ
2332 5788 2460 5849 τοὺς
2491 5785 2682 5852 λόγους
2729 5780 2895 5844 πολὺς
2937 5777 3052 5834 ἄνω
3088 5781 3259 5848 χωρεί
3280 5777 3457 5844 λόγος,
3496 5778 3583 5827 ὅτι
3626 5777 3733 5823 ’Δῖ-

2165 5857 2288 5927 τικὴ
2322 5856 2519 5927 μοῦσα,
2552 5854 2645 5907 καὶ
2669 5853 2731 5906 τὸ
2759 5852 2959 5919 ἀγαθὸν
2980 5853 3200 5903 οἰκεῖον.
