3892 6568
414 454 557 515 1537
1472 458 1742 517 SYNESll
1785 460 2003 517 PTOLE

2115 459 2252 516 lDlS
2290 456 2595 514 EPISCOPI
3546 446 3675 502 I513

410 573 561 631 hisce
602 573 670 629 de
717 574 899 631 rebus.
931 575 1191 647 colloqui,
1235 586 1443 634 etcum
1488 581 1636 649 aliis,
1662 582 1759 653 qui
1794 584 1991 638 melius

2112 582 2247 654 ναρῷ
2278 581 2387 653 γὰρ
2418 576 2660 650 καθαροῦ
2704 572 3039 643 ἐφάπτεσθαι
3066 614 3080 636 ,
3127 569 3293 641 φησὶν
3338 568 3403 621 ού
3453 567 3678 635 θεμιτὸν

409 665 514 722 ista
546 666 821 721 noverint.
866 665 996 721 Mihi
1048 684 1177 725 vero
1225 685 1570 743 nequaquam
1625 674 1844 731 consilii
1875 691 1997 731 esse

2112 677 2132 746 ί)
2179 673 2441 727 θεσπεσία
2485 671 2655 740 φωνή.
2688 668 2752 720 Οἱ
2809 665 2995 719 πολλοὶ
3049 663 3109 717 δὲ
3166 662 3228 715 ού
3284 660 3375 713 διὰ
3430 658 3495 711 τὺ
3554 675 3679 727 φρο-

409 756 644 822 videtur,
694 765 876 815 tantas
940 775 1030 817 res
1085 762 1329 831 epistolae
1392 767 1745 826 concredere.
1796 765 1993 822 Totum

2112 769 2229 830 ιεῖν,
2281 763 2398 819 ἀλλ’
2456 761 2588 815 αὐτὸ
2646 759 2713 813 δι’
2768 755 2918 819 αὐτὸ,
2973 754 3068 809 καὶ
3112 753 3434 824 τελειότητα

406 848 551 903 enim
582 848 686 903 hoc
717 851 1075 921 epistolarum
1124 857 1404 926 negotium
1438 858 1663 914 minime
1709 867 1796 915 est
1829 860 1996 915 silen~

2112 857 2264 927 πίνην
2308 856 2541 925 ἥγηνται
2569 851 2631 903 τὸ
2674 848 2823 920 βιοῦν
2856 845 3069 917 ὀρθῶς·
3112 846 3209 916 τὴν
3240 843 3357 897 ὁδὸν
3400 843 3505 911 οὐχ
3550 842 3686 907 ὢδ-δ,

407 938 466 993 tii
519 950 701 1006 tenax,
752 943 847 998 sed
901 944 975 998 ita
1024 958 1423 1018 comparatum,
1469 959 1530 1006 ut
1578 966 1702 1007 cum
1753 953 1999 1022 quolibet

2112 946 2211 1000 ἄλλ’
2260 944 2345 1015 ἐφ’
2402 944 2431 997 ὃ
2477 943 2556 996 δεῖ
2602 942 2669 995 δι’
2717 939 2887 1009 αὐτῆς
2944 938 3174 1037 φθάσαι.
3202 935 3552 1037 νομίζοντες,
3595 950 3689 1037 καῖ

407 1032 827 1088 sermocinetur.
876 1033 1053 1102 Vale,
1098 1045 1152 1092 et
1212 1039 1572 1111 philosophiae
1629 1050 1851 1111 Operam
1901 1042 1997 1095 ad-

2112 1038 2211 1100 »ιῶς
2240 1035 2579 1105 φρονοῦντες.
2613 1028 2966 1126 Σωφροσύνη·
2982 1029 3094 1126 γὰρ
3120 1026 3335 1126 ἀλεγος.
3374 1027 3477 1126 2:1

407 1121 553 1188 hibc,
603 1123 828 1195 jugique
886 1128 1067 1183 studio
1122 1128 1402 1185 defossum
1453 1131 1510 1185 in
1555 1132 1717 1188 nobis
1772 1132 1992 1186 oculqu

2112 1125 2461 1197 ιρεωδαισίας
2493 1121 2663 1191 πολλὴ
2689 1120 2841 1191 παρά
2881 1116 3095 1179 πολλοῖς
3129 1116 3343 1183 ἀλόγοις
3376 1115 3587 1214 εξδεσιν
3605 1115 3691 1214 ἕνα

407 1214 650 1271 extrahe.
691 1215 903 1289 Quippe
933 1228 1083 1275 recte
1138 1224 1410 1292 ut_vitam
1458 1222 1834 1286 instituamus,
1868 1238 1993 1292 per-

2112 1218 2307 1271 Ξέδοται
2327 1213 2480 1285 παρὰ.
2505 1214 2605 1284 τῆς
2631 1211 2866 1281 φύσεως.
2909 1208 3050 1262 Ἀλλ’
3075 1208 3176 1260 οὐκ
3204 1204 3549 1273 ἐπαινοῦμεν
3571 1203 3691 1256 οὗτε

409 1305 556 1370 Inde,
609 1308 883 1378 arbitror,
931 1318 991 1366 ut
1040 1284 1257 1368 initium
1318 1314 1622 1384 sapientiai,
1665 1326 1876 1370 veteres
1930 1330 1994 1368 ac

2112 1307 2365 1379 zoptbqu,
2394 1284 2505 1360 οὔτ’
2543 1304 2669 1359 ἄλλο
2696 1322 2747 1357 τι
2777 1301 2887 1355 τῶν
2920 1300 3237 1372 εῦραμένων
3281 1298 3529 1397 φυσικέιν

409 1396 683 1466 sapientes
708 1398 810 1452 viri
844 1415 1191 1472 summopere
1236 1402 1641 1473 procurandum
1677 1403 1840 1474 275.
1873 1418 1995 1458 esse

2112 1398 2218 1469 τὴν,
2265 1400 2347 1453 ὅτι
2391 1396 2705 1467 φρονήσεως
2738 1392 2941 1463 ἔρημα.
2999 1391 3066 1444 Ἡ
3106 1390 3165 1443 δὲ
3203 1389 3345 1445 κατά
3384 1387 3519 1441 νοῦν
3559 1386 3691 1454 ζωὴ,

409 1487 729 1545 docuerunt.
771 1490 906 1547 Nam
949 1494 999 1549 ei
1054 1494 1146 1565 qui
1200 1496 1450 1566 impurus
1498 1496 1603 1563 sit,
1640 1509 1755 1551 rem
1798 1510 1991 1564 puram

2112 1491 2250 1555 τέλος
2290 1488 2601 1560 ἀνθρώπου.
2643 1486 2860 1555 Ταύτην
2897 1484 3170 1554 μετίωμεν
3201 1499 3217 1515 ⁸
3269 1482 3462 1535 θεόθεν
3508 1496 3574 1531 τε
3612 1481 3693 1531 αἱ-

410 1580 676 1651 attingere
709 1582 866 1638 nefas
890 1600 1035 1652 esse,
1065 1585 1249 1640 divina
1283 1603 1387 1641 vox
1420 1595 1681 1643 testatur.
1725 1584 1833 1642 Sed
1871 1586 1993 1640 vul-

2112 1582 2318 1645 ιοῦντες
2344 1581 2464 1635 θεῖα
2496 1582 2734 1654 φρονεῖν,
2766 1578 2861 1633 καὶ
2895 1578 3069 1641 αὐτοὶ,
3090 1576 3181 1630 τὸν
3209 1575 3442 1629 δυνατὸν
3470 1572 3693 1644 τρόπον,

410 1686 510 1740 gus
546 1671 693 1727 istud
748 1674 952 1743 ipsum,
988 1686 1137 1732 recte
1168 1679 1372 1743 vivere,
1418 1694 1521 1732 non
1560 1679 1626 1734 ad
1668 1678 1993 1749 sapientiam

2112 1675 2162 1727 εδ
2189 1675 2406 1744 φρονεῖν
2443 1671 2819 1742 ἁπανταχόθεν
2850 1669 3222 1737 συλλέγοντες.
3602 1756 3615 1767 ⁸

412 1761 603 1820 referri
629 1805 646 1832 ,
681 1766 777 1820 sed
811 1767 989 1837 ipsum
1025 1786 1121 1840 per
1154 1787 1275 1826 sese
1314 1772 1633 1837 consistere,
1667 1779 1833 1842 atque
1870 1771 2123 1824 humana:
2152 1768 2274 1822 vitae
2310 1765 2700 1836 perfectionem
2739 1763 3024 1819 continere
3062 1771 3261 1831 putat;
3306 1759 3419 1813 hoc
3452 1764 3564 1821 est,
3601 1759 3697 1811 iter

412 1872 519 1933 non
560 1859 681 1924 iter,
709 1862 805 1918 sed
837 1863 890 1918 id
938 1865 1004 1918 ad
1050 1866 1194 1935 quod
1247 1881 1344 1936 per
1376 1866 1508 1923 illud
1552 1866 1882 1922 contendere
1920 1871 2153 1936 oportet,
2199 1877 2322 1918 esse
2377 1861 2589 1925 statuit,
2651 1874 2715 1915 ac
2748 1872 3029 1930 perperam
3076 1856 3145 1911 de
3187 1855 3356 1909 rebus
3397 1856 3696 1908 existimat.

344 2002 347 2009 .
414 1946 625 2008 Etenim
666 1958 893 2013 rationis
934 1961 1179 2028 quaedam
1255 1976 1450 2032 expers
1500 1961 1858 2031 temperantia
1928 1975 1981 2015 et
2032 1975 2060 2012 a
2095 1956 2344 2012 carnium
2412 1972 2514 2011 usu
2554 1954 2887 2010 abstinentia
2943 1953 3220 2023 plerisque
3280 1957 3365 2004 est
3404 1948 3696 2003 admodum

415 2044 624 2102 ratione
686 2052 999 2108 carentibus
1051 2069 1083 2108 a
1137 2066 1331 2113 natura
1398 2042 1587 2115 indita.
1665 2060 1771 2116 Sed
1830 2074 2007 2127 neque
2075 2056 2353 2111 cornicem
2435 2054 2764 2119 laudamus;
2819 2067 2921 2106 nec
2977 2050 3125 2104 aliud
3173 2048 3465 2118 quidpiam
3516 2059 3696 2098 eorum

414 2152 535 2205 quae
582 2141 814 2197 nativam
853 2144 994 2200 hanc
1039 2151 1292 2206 virtutem
1338 2156 1533 2223 adepta
1574 2155 1797 2218 fuerint,
1837 2154 1981 2225 quod
2020 2151 2321 2222 prudentia
2348 2158 2590 2206 careant.
2618 2147 2738 2203 Vita
2774 2156 2993 2209 autem,
3038 2159 3161 2214 qua:
3200 2141 3522 2198 secundum
3550 2157 3695 2205 meri-

416 2235 520 2282 tem
545 2238 648 2294 est,
686 2232 810 2290 finis
832 2249 915 2294 est
958 2240 1222 2300 hominis.
1255 2244 1408 2301 Hanc
1439 2264 1539 2302 nos
1579 2248 1726 2303 omni
1762 2248 1944 2302 studio
1979 2258 2333 2312 quaeramus;
2387 2250 2442 2296 at
2487 2257 2611 2297 cum
2658 2256 2689 2294 a
2733 2240 2848 2295 Deo
2884 2238 3069 2293 divina
3104 2250 3301 2305 sapere
3333 2234 3695 2305 postulentur»,

416 2330 529 2375 tum
592 2323 695 2392 ipsi
725 2342 1054 2402 quacunque
1108 2338 1321 2394 ratione
1380 2356 1698 2408 possumus,
1730 2339 2088 2410 undequaque
2117 2335 2442 2408 sapientiam
2480 2347 2882 2401 comparemus.

868 2422 1202 2482 EPISTOLA
1239 2428 1549 2488 CXXXVII.

1090 2518 1306 2574 Eidem.

485 2600 685 2657 Audivi
726 2602 1025 2677 aliquando
1064 2612 1374 2681 quempiam
1400 2612 1692 2679 disertum,
1721 2628 1785 2668 ac
1815 2614 2001 2684 c0pioo

419 2702 540 2742 sum
570 2689 868 2761 hominem,
898 2695 989 2764 qui
1021 2697 1377 2766 epistolarum
1410 2718 1568 2757 usum
1602 2704 2004 2774 utilitatemque

418 2783 849 2841 commendaret.
885 2786 1040 2853 Quod
1074 2791 1252 2860 ipsum
1298 2793 1615 2859 multorum,
1648 2802 1703 2850 et
1759 2796 2001 2850 admira-

420 2872 612 2928 bilium
646 2890 964 2934 sermonum
999 2889 1381 2951 argumentum
1399 2885 1659 2955 Sophiste
1694 2885 1785 2943 ille
1841 2887 2003 2941 insti-

422 2974 620 3021 tuerat.
661 2968 930 3025 Caeterum
967 2972 1087 3043 ejus
1112 2975 1190 3029 rei
1224 2977 1559 3045 praeconium
1593 2992 1720 3031 cum
1773 2993 1841 3034 ex
1879 2978 2004 3034 aliis

424 3057 616 3113 multis
644 3060 941 3131 capitibus,
973 3071 1086 3117 tum
1116 3080 1188 3118 ex
1236 3064 1341 3120 hoc
1374 3082 1483 3121 uno
1522 3068 1871 3137 potissimum
1910 3084 2003 3124 ar-

421 3148 689 3213 cessebat,
730 3151 874 3220 quod
906 3153 1192 3223 epistolam
1247 3171 1411 3226 posse
1453 3157 1660 3213 diceret
1706 3158 2003 3215 infelicium

424 3253 671 3294 amorum
712 3256 836 3298 esse
868 3244 1149 3313 solatium,
1181 3256 1240 3300 ut
1274 3264 1396 3318 qua:
1420 3265 1515 3319 per
1545 3250 1850 3305 absentiam
1875 3267 2003 3306 cor-

426 3347 619 3401 porum
648 3334 936 3405 imaginem
970 3340 1266 3407 quamdam
1305 3341 1608 3410 praesentia:
1640 3342 1888 3407 referret,
1910 3359 2005 3399 eo-

425 3438 535 3493 que
560 3423 701 3494 ipso,
733 3425 882 3496 quod
907 3428 1145 3496 colloqui
1175 3430 1472 3496 videretur,
1514 3432 1821 3486 animorum
1857 3432 2003 3489 desi-

427 3515 642 3571 derium
681 3517 949 3585 expleret.
990 3517 1072 3573 0b
1095 3521 1211 3574 haec
1241 3520 1410 3590 igitur
1433 3522 1784 3591 epistolarum
1809 3524 2004 3579 inven-

427 3616 598 3662 torem
629 3606 923 3674 laudabat;
969 3617 1133 3680 atque
1196 3612 1301 3665 hoc
1363 3627 1566 3667 munus
1625 3627 1735 3668 non
1791 3614 1859 3669 ab
1893 3616 2005 3670 ullo

2602 2424 2951 2479 ΕΠΙΣΤΟΛΗ
2988 2423 3159 2477 ΡΛΖ¹.

2750 2514 2836 2580 Τῷ
2862 2512 3041 2578 αὐτῷ.

2177 2610 2429 2665 Ἤκουσά
2455 2625 2550 2662 του
2578 2606 2688 2661 τῶν
2720 2606 2909 2659 δεινῶν
2959 2606 3139 2674 λέγειν
3164 2604 3366 2675 ἀνδρὸς
3407 2600 3691 2655 ἐπαινοῦν-

2101 2718 2194 2766 τος
2230 2701 2422 2772 χρείαν
2457 2699 2747 2771 ἐπιστολῆς
2778 2714 2793 2728 ⁸
2846 2698 2941 2753 καὶ
2967 2697 3116 2750 τοῦτ’
3149 2695 3285 2749 αὐτὸ
3317 2694 3434 2748 τῶν
3468 2692 3691 2755 πολλῶν,

2103 2795 2198 2849 καὶ
2227 2791 2559 2865 θαυμαστῶν
2590 2791 2766 2861 λόγων
2790 2787 3047 2859 σοφιστὴς
3081 2786 3345 2840 ὑπόθεσιν
3372 2783 3689 2852 ἐπεποίητο.

2117 2886 2463 2956 Ἐχορηγεῖτο
2490 2883 2548 2937 δὲ
2579 2882 2748 2952 αὐτῆς
2774 2881 2836 2934 τὸ
2865 2878 3143 2949 ἐγκώμιον
3182 2876 3435 2946 πολλαχῇ
3477 2876 3580 2945 μὲν
3606 2877 3690 2929 καὶ

2105 2974 2236 3045 ἀλλῃ
2257 3014 2275 3041 ,
2326 2972 2561 3045 μάλιστα
2589 2972 2646 3025 δὲ
2678 2972 2788 3026 ἀπὸ
2824 2969 2918 3023 τοῦ
2959 2967 3219 3022 δύνασθαι
3256 2967 3363 3037 τὴν
3406 2966 3692 3035 ἐπιστολὴν

2105 3062 2325 3137 ἐρώτων
2374 3063 2476 3117 οὐκ
2526 3062 2899 3133 εὐτυχούντων
2947 3055 3086 3113 εἶναι
3121 3057 3514 3130 παραμυθίαν,
3558 3074 3694 3128 παρ-

2105 3155 2373 3228 εχομένην
2400 3157 2459 3210 ὲν
2496 3156 2737 3226 ἀπουσίᾳ
2771 3153 3040 3225 σωμάτων
3076 3151 3390 3222 φαντασίαν
3422 3151 3529 3221 τῆς
3555 3167 3689 3218 παρ-

2106 3249 2323 3315 ουσίας,
2368 3232 2463 3302 καῖ
2500 3248 2578 3320 τῷ
2612 3248 2789 3302 δοκεῖν
2829 3244 3350 3320 προσδιαλέγεσθαι,
3382 3244 3572 3313 ψυχῆς
3610 3245 3695 3295 tx-

2106 3339 2428 3413 πιμπλᾶσαν
2465 3340 2529 3394 τὸ
2567 3339 2872 3411 ἐφιέμενον.
2916 3338 3101 3392 Ταῦτα
3126 3333 3221 3391 οὖν
3260 3335 3508 3405 ἀνύμνει
3570 3333 3690 3405 [πρ.

2105 3432 2389 3506 ἀνυμνεῖν]
2418 3432 2511 3486 τὸν
2548 3432 2775 3505 εὑρετὴν
2797 3430 2907 3484 τῶν
2937 3429 3282 3500 γραμμάτων
3310 3445 3327 3460 ο
3359 3427 3464 3480 καὶ
3488 3425 3694 3494 ἀνθρὼο

2107 3541 2212 3579 που
2241 3524 2343 3597 μὲν
2370 3524 2583 3587 οὐδενὸς
2605 3524 2781 3593 ἠξίου,
2813 3520 2947 3575 Θεοῦ
2976 3520 3035 3574 δὲ
3072 3522 3153 3581 είς
3185 3518 3522 3589 ἀνθρώποκ
3562 3512 3694 3569 εἶναι

2106 3619 2209 3689 τὴν
2239 3617 2410 3673 δόσιν.
2471 3615 2615 3684 Ἐγὼ
2656 3616 2754 3686 μὲν
2780 3610 2873 3668 οῦν
2909 3609 3166 3666 ἀπολαύω
3206 3609 3311 3679 τῆς
3349 3609 3511 3679 ἱερᾶς
3537 3606 3695 3675 τῆσδε

425 3700 646 3756 homine
690 3700 1020 3770 profectum,
1083 3703 1176 3758 sed
1224 3719 1253 3756 a
1302 3703 1409 3758 Deo
1460 3704 1512 3758 in
1572 3705 1822 3762 homines
1883 3722 2003 3762 esse

2112 3710 2204 3764 τοῦ
2242 3708 2378 3762 Θεοῦ
2422 3708 2667 3781 χάριτος,
2704 3707 2798 3760 καὶ
2829 3704 2966 3776 πρὸς
3012 3703 3070 3756 ὃν
3117 3701 3225 3754 ἔδει
3272 3700 3491 3764 λαλεῖν,
3534 3700 3583 3751 εἰ
3626 3700 3696 3768 μὴ

428 3765 732 3846 derivatum
790 3790 1159 3846 existimabat.
1238 3791 1349 3863 Ego
1402 3793 1586 3863 itaque
1659 3795 1846 3852 divino
1906 3797 2000 3852 illo

2112 3804 2344 3875 δύναμαι
2375 3765 2578 3867 λαλεῖν,
2601 3765 2717 3855 ἀλλ’
2750 3765 3212 3870 ἐπειδὴνγράφειν
3253 3794 3519 3865 δύναμαι,

428 3880 693 3936 beneﬁcio
726 3880 905 3947 fruor,
940 3891 995 3936 et
1025 3882 1092 3937 ad
1125 3900 1248 3939 eum
1301 3883 1516 3955 ipsum,
1562 3901 1798 3956 quocum
1834 3889 2003 3943 collo-

2112 3893 2271 3948 τοῦτο
2294 3892 2435 3947 ποιῶ
2460 3910 2474 3925 ·
2526 3894 2621 3946 καὶ
2663 3891 2804 3945 κατὰ
2844 3890 2907 3944 τὸ
2933 3888 3282 3958 ἐνδεχόμενον
3332 3887 3575 3956 σύνειμι,
3608 3887 3697 3937 καὶ

428 3972 523 4041 qui
553 3980 850 4042 oporteret,
885 3974 931 4027 si
972 3973 1154 4029 minus
1189 3974 1425 4045 colloqui
1466 3991 1713 4045 possum,
1744 3979 2003 4048 quoniam

2112 3983 2369 4038 ἀπολαύω
2394 3981 2505 4035 τῶν
2529 3979 2678 4052 ὲμῶν
2703 3977 2986 4032 παιδικῶν.
3014 3976 3187 4039 Αὐτὸς
3214 3975 3291 4040 δὲ,
3318 3976 3368 4027 εί
3400 3974 3483 4043 μὴ
3510 3971 3699 4043 παρὸν

431 4063 674 4119 scribere
735 4079 981 4135 possum,
1045 4065 1246 4135 sacpius
1302 4067 1405 4121 hoc
1442 4067 1621 4137 facio;
1686 4078 1760 4134 et,
1822 4072 2003 4141 quo-ad

2115 4074 2308 4139 εἰπεῖν,
2332 4070 2721 4139 συνδιέστησας
2748 4068 2840 4121 καὶ
2870 4066 2950 4137 τῷ
2985 4066 3137 4134 τόπῳ
3162 4063 3261 4133 τὴν
3290 4062 3546 4133 γνώμην.
3585 4060 3697 4115 Κᾶν

430 4153 550 4210 fieri
588 4169 620 4208 a
650 4171 736 4212 me
766 4163 968 4225 potest,
998 4171 1123 4211 cum
1163 4173 1230 4211 eo
1253 4174 1464 4226 versor,
1496 4161 1743 4229 meisque
1792 4161 2003 4217 deliciis

2120 4164 2196 4235 μὴ
2226 4160 2410 4233 παύσῃ
2439 4160 2634 4214 σαυτὸν
2654 4158 2908 4228 ἀφέλκων
2934 4157 3041 4210 τῶν
3070 4154 3384 4208 ἀδολώτατα
3408 4154 3510 4205 καὶ
3534 4153 3697 4220 ἀσκή-

433 4245 705 4317 perfruor.
735 4246 817 4301 Tu
850 4263 1000 4313 vero,
1035 4250 1141 4305 nisi
1170 4250 1224 4303 id
1263 4250 1410 4305 dictu
1442 4253 1702 4306 acerbum
1734 4262 1839 4317 est,
1890 4255 2010 4307 ani-

433 4352 580 4390 mum
612 4351 719 4391 una
754 4350 877 4391 cum
910 4339 1030 4394 loco
1064 4338 1404 4409 disjunxisti.
1444 4341 1599 4406 Quod
1642 4342 1689 4395 si
1740 4352 1791 4397 te
1838 4343 1907 4397 ab
1943 4344 2013 4401 iis

433 4426 774 4493 abstrahere,
807 4430 901 4501 qui
930 4430 1308 4487 sincerissime
1325 4447 1391 4488 ac
1415 4433 1535 4488 sine
1564 4432 1690 4487 fuco
1720 4442 2010 4499 amarunt,

431 4533 540 4573 non
576 4519 826 4587 desieris,
856 4520 1180 4577 hirundines
1214 4521 1469 4589 imitaris,
1493 4539 1613 4593 quae
1641 4523 1695 4578 in
1729 4524 2013 4581 hominum

432 4609 580 4662 velut
605 4611 899 4685 amicitiam
938 4628 1062 4668 cum
1095 4629 1229 4668 voce
1261 4629 1326 4669 ac
1354 4616 1596 4671 clamore
1644 4632 1765 4673 sese
1823 4618 2012 4675 confe-

432 4709 599 4768 runt;
638 4702 860 4757 silentio
896 4720 1025 4761 vero
1072 4705 1399 4776 demigrant.
1444 4707 1625 4777 Atque
1674 4709 1803 4776 hoc,
1865 4711 2009 4783 quod

435 4791 503 4844 ad
531 4791 807 4849 hominem
838 4794 1016 4851 adhuc
1051 4798 1312 4866 pertinet,
1347 4797 1698 4871 hominisque
1735 4804 2012 4872 querimo-

434 4884 577 4939 nias.
612 4882 770 4951 Quod
802 4885 847 4941 si
876 4902 973 4956 per
1031 4888 1428 4959 philosophiam
1470 4906 1593 4962 qua:
1628 4892 1719 4948 bic
1757 4894 2010 4964 sejuncta

2114 4271 2223 4317 νως
2256 4250 2621 4322 ἠγαπηκότων
2646 4287 2663 4313 ,
2713 4248 2974 4318 ἐμιμήσω
3012 4246 3111 4309 τάς
3146 4243 3448 4315 χελιδόνας,
3485 4242 3542 4295 αἱ
3585 4242 3697 4300 ταῖς

2109 4345 2218 4399 τῶν
2242 4341 2542 4415 ἀνθρώπων
2570 4336 2683 4394 οἷον
2709 4339 2915 4409 φιλίαις
2940 4335 3291 4400 ὲνοικίζονται
3323 4334 3425 4403 μὲν
3452 4332 3595 4401 μετὰ
3611 4329 3693 4382 τοῦ

2111 4412 2464 4507 φθέγγεσθαι,
2508 4430 2793 4486 σιωπῶσαι
2833 4429 2893 4483 δὲ
2918 4426 3297 4492 ὲξοικίζονται.
3343 4424 3538 4478 Ταῦτα
3566 4422 3693 4492 πρὲις

2110 4524 2398 4597 ἄνθρωπον
2428 4523 2529 4589 ἔτι,
2576 4522 2670 4576 καὶ
2699 4519 3025 4592 ἀνθρωπικὰ
3066 4518 3136 4572 τὰ
3159 4516 3511 4587 ἐγκλήματα.
3545 4514 3607 4567 Ei

2110 4619 2325 4690 ἥνωσας
2359 4616 2448 4671 διὰ
2477 4612 2793 4686 φιλοσοφίας
2820 4612 2889 4667 τὰ
2913 4610 3080 4683 δεῦρο
3108 4608 3397 4702 διεστῶτα,
3549 4605 3693 4702 φίλον

2114 4711 2212 4781 μὲν
2245 4710 2307 4763 τὸ
2337 4708 2523 4775 καλὸν,
2553 4705 2716 4761 καλὸν
2743 4704 2801 4756 δὲ
2831 4702 2895 4756 τὸ
2913 4701 3045 4756 αύτό
3068 4716 3083 4731 ⁸
3135 4699 3294 4753 τοῦτο
3319 4697 3379 4751 δὲ
3411 4695 3476 4748 ἒν
3512 4695 3569 4748 ὃν
3607 4695 3693 4746 τοῦ

2111 4800 2202 4855 νοῦ
2231 4801 2341 4873 [γρ.
2366 4799 2483 4873 νῦν]
2504 4799 2751 4868 λέγοντος
2771 4797 3012 4868 ἤκουσας
3041 4794 3153 4863 (75)
3180 4808 3194 4823 ⁸
3229 4789 3417 4845 οὐκέτι
3442 4789 3694 4858 κρίνομεν

2112 4893 2411 4967 ὑπεροψίαν
2448 4890 2548 4962 τὴν
2586 4890 2722 4960 πρὸς
2744 4888 2893 4959 ἡμᾶς
2925 4884 3156 4955 σιωπὴν,
3191 4880 3330 4936 ἀλλά
3360 4878 3691 4950 συνηδόμεθι

439 4975 977 5043 sunt,consociasti;
1006 4987 1059 5032 et
1098 4978 1329 5032 amicum
1363 4980 1416 5035 id
1463 4997 1586 5039 esse
1632 4999 1826 5051 omne,
1863 4987 2003 5056 quod

2116 4982 2495 5054 φιλοσοφοῦντι
2520 5023 2534 5049 ,
2584 4982 2678 5035 καὶ
2710 4975 3135 5051 παραιτουμένῳ
3174 4974 3273 5044 μὲν
3301 4970 3365 5025 τὸ
3396 4984 3691 5041 μικροπρε-

438 5062 727 5120 honestum
747 5072 854 5131 est,
885 5064 1047 5137 275
1079 5074 1133 5120 et
1162 5066 1453 5124 honestum
1486 5072 1628 5127 idem
1658 5088 1817 5139 esse;
1848 5047 2003 5145 atque

2118 5047 2403 5141 πεύεσθαι,
2445 5047 2656 5128 συνόντι
2688 5072 2745 5126 δὲ
2885 5067 3037 5140 παρά
3066 5067 3150 5120 σοὶ
3174 5063 3471 5137 κρείττονι,
3499 5064 3613 5123 τοῖς
3637 5063 3689 5111 ἐν

440 5165 737 5227 utrumque
796 5174 967 5213 unum
1030 5174 1174 5223 esse,
1242 5160 1310 5215 de
1363 5161 1579 5220 dicente
1618 5165 1768 5221 istud
1825 5177 2010 5224 mente

437 5248 749 5319 percepisti,
769 5258 922 5306 tuum
949 5251 1082 5306 illud
1113 5251 1181 5306 ad
1212 5267 1315 5308 nos
1345 5255 1621 5312 silentimn
1637 5273 1745 5313 non
1770 5262 2009 5330 amplius

2116 5172 2249 5241 ἡμῖν
2277 5168 2602 5240 κρείττοσιν.
2653 5164 2785 5235 Είης
2809 5160 3070 5223 τοιοῦτος,
3104 5155 3318 5227 ἀνδρῶν
3353 5156 3565 5225 ἄριστε,
3605 5153 3690 5203 καὶ

2117 5262 2240 5333 ἐμοὶ
2269 5259 2564 5332 τριπόθητε
2592 5260 2762 5321 ὅντως
2798 5253 3015 5322 ἀδελφέ.

439 5344 710 5415 superbiae
737 5345 942 5413 tribuo,
995 5346 1093 5403 sed
1124 5348 1541 5420 philosophanti
1581 5353 1679 5409 tibi
1729 5356 2013 5425 gratulor,
2055 5368 2111 5413 et
2176 5356 2410 5427 objectis
2467 5354 2521 5410 in
2581 5355 2747 5419 rebus
2795 5351 3003 5407 haerere
3075 5344 3440 5411 detrectanti;
3519 5341 3689 5411 idque.

1664 5505 1845 5565 DION.
1888 5508 2161 5566 PETAVII
2196 5510 2428 5567 NOT/E.

510 5648 769 5729 (3)101}
788 5652 902 5705 νοῦ
920 5652 1220 5729 ⁸,λέγοντος
1249 5655 1537 5729 ἤκουσας.
1577 5657 1848 5729 Suspecta
1878 5662 2009 5718 mihi

441 5730 546 5797 vox
574 5727 659 5773 est
676 5719 791 5801 νοῦ,
816 5736 881 5801 ac
915 5719 1209 5801 forte-loco
1239 5719 1360 5801 eius
1390 5719 1704 5801 Θεόγνιδος,
1730 5732 1813 5786 vel
1847 5747 2010 5801 ποιη-

440 5785 537 5866 τοῦ
569 5790 1000 5866 rescribendum.
1058 5793 1173 5866 [loc
1207 5785 1351 5849 enim
1393 5785 1554 5866 istius
1592 5785 1764 5866 poeta:
1787 5785 2011 5858 carmen

443 5862 548 5924 cst,
577 5858 722 5929 quod
765 5858 948 5917 Musas
973 5863 1028 5917 in
1070 5861 1213 5920 Pelei
1251 5865 1467 5936 nuptiis
1500 5858 1772 5927 cecinisse
1806 5872 1903 5940 ait,

2121 5667 2280 5720 Ὄττι
2315 5666 2507 5719 καλὸν
2533 5666 2717 5732 φίλον
2737 5662 2890 5730 ἐστὶ,
2911 5662 2974 5715 τὸ
3001 5660 3053 5714 δ’
3084 5662 3159 5714 οὐ
3189 5657 3385 5714 καλὸν

2194 5803 2361 5861 Τοῦτ’
2391 5803 2538 5873 ἔπος
2562 5801 2873 5860 ἀθανάτων
2896 5797 3043 5871 ἦλθε
3076 5798 3176 5853 διὰ
3197 5795 3531 5867 στομάτων.
