3892 6530
165 420 307 479 1529

1304 435 1681 493 ΕΡΙὸΤΟΙμιΕ.
1711 469 1783 481 ——
1815 438 2029 497 EPIST.
2064 444 2351 501 CXXXIX.

3270 444 3289 495 Ι
3303 442 3405 495 5'50

161 536 309 609 quod
342 536 396 590 in
432 544 484 591 te
538 541 1049 608 praestantissimum
1084 555 1189 609 est,
1222 548 1275 602 in
1316 550 1405 613 iis.
1437 568 1560 621 quin
1606 556 1751 624 apud
1826 573 1928 614 nos
1998 559 2450 629 praestantissima
2529 531 2698 623 sunt,
2746 556 3062 629 occupanti.
3121 555 3404 625 Ejusmodi

162 633 375 690 utinam
403 633 500 700 sis,
533 634 813 693 hominum
862 640 1088 711 optime,
1141 644 1544 720 plurimumque
1591 652 1723 707 mihi
1763 656 2000 725 expetite
2024 655 2233 712 frater!

654 728 1007 788 emerem
1063 734 1235 794 PAH'.
1756 750 1805 807 Α

803 822 887 889 Τῷ
918 826 1077 893 αὐτῷ

237 906 299 961 El
331 908 583 963 τοσοῦτόν
613 910 728 966 ἐστι
757 914 980 989 κέντρον
1013 920 1232 985 πειθοῦς
1254 922 1311 977 ὲν
1334 926 1445 989 τοῖς
1472 925 1733 997 γράμμα-

165 1010 283 1047 σιν’
332 997 381 1048 εί
429 998 681 1054 τοσοῦτον
714 1004 770 1057 αἱ
809 1004 917 1058 τῶν
957 996 1103 1078 ἠθῶν
1154 1011 1360 1075 είκόνες
1405 996 1521 1085 τῆς
1554 996 1734 1085 ζώσης

161 1084 489 1156 χηρεύουσαι
516 1095 859 1162 συμπαθείας
890 1099 983 1152 καὶ
1005 1100 1225 1172 χάριτος
1242 1143 1257 1166 ,
1283 1084 1539 1176 θέλκτρον
1559 1084 1736 1159 ἐνιᾶσιν

161 1179 278 1242 τοῖς
306 1179 788 1253 ἀναγινώσκουσιν,
818 1184 961 1260 ἦπου
991 1196 1222 1265 πρᾶγμα
1246 1195 1458 1268 ἄμαχον
1480 1197 1546 1252 ἂν
1566 1198 1651 1268 εἴη
1675 1198 1735 1251 τὸ

162 1270 605 1343 αὐτοπροσώπως
639 1278 815 1333 αὐτῶν
848 1283 1249 1356 ἐπαφήσασθαι.
1287 1288 1417 1358 Ἐμέ
1445 1289 1509 1358 γέ
1531 1307 1613 1343 τοι
1642 1290 1737 1344 καὶ

164 1361 358 1432 παρὼν
397 1365 494 1435 μὲν
522 1368 673 1439 ᾔρεις
699 1374 764 1443 τῇ
800 1373 1025 1447 γλυκείᾳ
1051 1378 1266 1450 Σειρῆνι
1297 1380 1405 1434 τῶν
1433 1381 1626 1450 λόγων.
1659 1385 1736 1436 Οὐ

167 1452 279 1522 μὴν
311 1455 659 1529 αἰσχυνθείην
703 1462 877 1534 ἀληθῆ
924 1464 1118 1534 λέγων,
1146 1470 1221 1531 ὡς
1250 1470 1410 1541 ἡδίων
1446 1471 1515 1524 ἂν
1544 1474 1578 1543 ή
1616 1472 1737 1525 δευ-

161 1542 301 1614 τέρα
344 1563 432 1616 μοι
471 1552 633 1623 πεῖρα
664 1553 889 1623 γένοιτο.
936 1561 1009 1613 Οὐ
1044 1561 1151 1634 γὰρ
1180 1562 1245 1614 ἂν
1284 1562 1490 1628 γένοιτο
1533 1564 1735 1634 ἀγαθοῦ

165 1636 435 1707 παρόντος
458 1684 472 1707 ,
521 1642 708 1718 ὥσπερ
750 1650 979 1716 ἀπόντος
1001 1698 1014 1716 ,
1064 1655 1143 1725 τῷ
1191 1657 1577 1729 πεπειραμένῳ
1615 1675 1739 1712 συν⁴

164 1727 438 1801 αίσθησις.
463 1734 568 1787 Τοῦ
599 1737 697 1806 μὲν
721 1740 862 1813 γὰρ,
894 1745 925 1814 ἡ
954 1745 1202 1817 συνέχεια
1234 1747 1333 1817 τῆς
1366 1727 1736 1816 ἀπολαύσεως,

162 1819 393 1875 κλέπτει
428 1826 527 1896 τῆς
557 1829 893 1902 εὐφροσύνης
933 1837 1032 1908 τὴν
1082 1838 1367 1909 αἴσθησινο
1407 1844 1434 1895 ό
1467 1841 1546 1905 δὲ,
1597 1842 1740 1895 κατὰ

165 1913 367 1984 μικρὸν
396 1919 682 1988 χωρισθεὶς
712 1923 820 1976 τῶν
858 1926 1061 1998 ἡδέων,
1106 1930 1267 1995 εὐθὺς
1297 1931 1410 2003 ἔχει
1448 1933 1740 1987 κεντοῦσαν

162 2003 237 2056 ὲκ
264 2006 602 2079 παραλλήλου
632 2012 730 2083 τὴν
775 2016 998 2088 μνήμην
1017 2060 1032 2085 ,
1067 2022 1194 2074 οἴων
1230 2022 1338 2094 ἀρα
1370 2025 1535 2089 ὅντως
1564 2027 1741 2098 στερίο

2269 747 2609 805 EPISTOLA
2638 744 2976 803 CXXXVIII.

2504 840 2716 894 Eidem.

1904 928 1960 986 Si
1997 940 2181 987 tantus
2209 931 2352 988 inest
2378 932 2563 987 suadae
2589 931 2645 986 in
2670 928 2867 985 litteris
2905 927 3131 982 aculeus
3176 944 3187 980 :
3232 926 3276 978 si
3311 941 3408 976 ex-

1834 1038 2037 1091 pressae
2060 1024 2224 1078 animi
2255 1039 2320 1078 ac
2349 1038 2566 1078 morum
2597 1023 2882 1093 imagines,
2912 1020 3019 1073 vivi
3056 1034 3120 1072 ac
3185 1017 3406 1087 spiran-

1835 1115 1906 1168 tis
1936 1113 2162 1170 aﬂ'ectus
2213 1115 2426 1180 inanes,
2491 1124 2545 1170 et
2598 1116 2809 1186 gratiae,
2872 1121 3055 1167 tantas
3099 1110 3407 1180 legentibus

1838 1206 2120 1263 illecebras
2180 1208 2504 1270 immittunt,
2540 1207 2791 1277 profecto
2834 1205 3054 1261 dilﬁcile
3115 1202 3406 1257 admodum

1837 1297 2000 1352 fuerit
2027 1312 2213 1353 coram
2254 1298 2363 1354 illis
2392 1312 2457 1351 ac
2489 1305 2808 1367 praesentem
2860 1295 2988 1350 frui.
3046 1294 3128 1350 Me
3162 1294 3406 1364 quidem,

1837 1391 2032 1456 fateor,
2074 1400 2235 1447 antea
2267 1390 2598 1447 suavissima
2632 1390 2905 1444 sermonis
2939 1389 3014 1442 tui
3052 1390 3246 1443 Sirene
3272 1401 3411 1457 pra:-

1837 1499 1967 1541 sens
2020 1485 2299 1555 capiebas.
2347 1482 2717 1539 Nihilominus
2772 1498 2897 1537 vere
2938 1481 3041 1535 hoc
3109 1479 3413 1550 ptmdicare

1839 1594 1949 1634 non
1978 1580 2229 1645 verebor,
2258 1580 2491 1634 alterum
2565 1578 2698 1632 mihi
2757 1576 3195 1646 experimentum
3234 1570 3409 1625 multo

1834 1668 2136 1738 jucundius
2170 1668 2434 1723 futurum.
2469 1668 2587 1723 Non
2620 1669 2765 1721 enim
2798 1666 3084 1736 prmsentis
3116 1664 3266 1723 boni.
3289 1678 3412 1733 per-

1840 1761 1967 1816 inde
1997 1771 2057 1815 ut
2090 1762 2359 1824 absentis,
2396 1761 2445 1817 is
2474 1761 2566 1830 qui
2602 1761 2713 1830 jam
2751 1759 3093 1828 periclitatus
3147 1763 3229 1809 est
3288 1769 3412 1808 sen-

1841 1869 1962 1909 sum
1999 1854 2247 1925 percipit.
2287 1852 2424 1907 Nam
2486 1853 2564 1907 illi
2633 1851 2851 1905 fruendi
2922 1851 3039 1919 ipsa
3076 1847 3415 1918 perpetuitas

1841 1947 2132 2016 voluptatis
2156 1961 2381 2002 sensum
2411 1945 2626 2010 adimit,
2650 1945 2740 1998 hic
2773 1942 3036 2013 paulatim
3065 1942 3133 1995 ab
3154 1938 3415 2010 jucundis

1842 2039 2008 2093 rebus
2038 2038 2333 2103 abductus,
2369 2036 2556 2094 statim
2616 2035 2790 2089 altera
2821 2049 2887 2088 ex
2951 2040 3106 2101 parte
3158 2030 3416 2085 recorda-

164 2111 379 2152 σκεται.
419 2100 631 2166 Ἔλθοις
668 2101 782 2169 οῦν,
812 2108 1042 2182 φιλτάτη
1076 2113 1287 2185 κεφαλὴ
1308 2154 1321 2178 ,
1354 2118 1447 2170 καὶ
1489 2116 1737 2186 ἀλλήλοις

1855 2133 1990 2187 Lione
2018 2131 2125 2186 ista
2155 2098 2473 2187 stimulatur
2514 2142 2580 2184 ac
2619 2128 2903 2199 pungitur.
2935 2125 3139 2195 quibus
3194 2122 3413 2177 demqu

164 2187 264 2240 ἐπὶ
300 2189 586 2265 φιλοσοφίᾳ
616 2199 1012 2270 συγγενοὶμεθα
1035 2245 1049 2269 ,
1067 2207 1191 2281 Δτοῖς
1218 2206 1571 2279 ὲνηργμένοις
1604 2209 1738 2281 πρέ-

162 2293 339 2332 ποντα
359 2283 835 2356 ἐποικοδομοῦντες
852 2331 867 2354 ,
888 2292 955 2345 ἶν’
978 2297 1042 2347 ὲκ
1070 2296 1267 2351 τελέων
1295 2299 1477 2353 τέλεον
1528 2302 1737 2373 ἐκφανῇ

163 2370 384 2437 κάλλος,
409 2374 543 2430 ἀλλά
574 2378 649 2449 μὴ
680 2379 920 2438 κολοϐόν.
948 2386 1011 2439 Εἰ
1036 2387 1112 2451 δὲ,
1136 2390 1271 2459 ὅπερ
1300 2370 1633 2462 ἀπεύχεσθαι
1659 2370 1739 2446 6i:-

1842 2222 1998 2279 bOnis
2029 2223 2336 2282 fraudetur.
2376 2220 2597 2277 Utinam
2632 2235 2766 2289 ergo
2792 2220 2860 2273 ad
2900 2234 3003 2273 nos
3028 2216 3222 2271 venias
3278 2214 3418 2267 ami-

1841 2318 2126 2373 cissimum
2159 2325 2346 2387 caput,
2397 2322 2731 2381 mutuosque
2760 2313 2828 2367 de
2883 2307 3228 2381 philosophia
3284 2320 3417 2359 cou-

1842 2423 2069 2478 gressus
2103 2422 2169 2461 ac
2203 2406 2477 2476 colloquia
2505 2405 2869 2466 celebremus,
2905 2406 3277 2455 consentanea
3325 2394 3416 2457 iis,

163 2478 344 2569 x‘ato'p,
378 2465 621 2538 ἀλλήλων
650 2470 1064 2548 διαμάρτοιμεν.
1095 2481 1250 2551 δῆλον
1281 2485 1357 2548 ὡς
1384 2487 1582 2557 τούμόν
1623 2490 1738 2541 ἐστι.

1855 2465 2097 2569 quaajam
2133 2498 2386 2553 inchoata
2416 2505 2546 2551 sunt
2604 2501 2936 2555 astruentes,
2974 2497 3035 2543 ut
3064 2504 3130 2541 ex
3162 2486 3419 2557 perfectis

160 2551 667 2659 cb‘ﬁhzrcépevov.
719 2564 810 2617 Σοὶ
866 2567 966 2637 μὲν
1016 2571 1125 2643 γὰρ
1174 2551 1504 2647 εὐτυχούσης
1554 2580 1740 2635 ἐνθάδε

1855 2551 1956 2645 rion
1984 2551 2212 2653 'manca,
2249 2590 2346 2644 sed
2379 2589 2619 2659 perfecta
2651 2586 3017 2653 absolutaque
3066 2578 3439 2649 pulcltritmlo.

163 2643 524 2721 πολυανδρίαν
568 2654 850 2722 παιδείας,
901 2661 1214 2718 συνέσονται
1257 2668 1443 2723 πολλοὶ⁵
1485 2671 1740 2728 Συνεσίου

1855 2684 2177 2753 consurgat!
2213 2682 2322 2738 Sed
2357 2643 2424 2748 sli,
2458 2681 2604 2752 quod
2649 2679 2932 2749 deprecari
2992 2674 3190 2729 merito
3220 2685 3423 2725 conve-

162 2739 263 2790 καὶ
295 2738 567 2809 βελτίους,
601 2746 696 2799 καὶ
724 2749 921 2818 ὅμοιοι.
963 2752 1025 2806 Ἦ
1056 2754 1114 2809 δὲ
1144 2760 1365 2828 πατρὶς,
1394 2761 1476 2816 ὅτι
1509 2765 1609 2835 μὲν
1644 2785 1745 2821 πα-

1855 2778 1948 2843 ηἰι,
1983 2783 2173 2831 mutuo
2200 2776 2479 2832 consortio
2509 2774 2810 2844 privemur,
2840 2768 2985 2825 haud
3015 2767 3265 2828 dubium,
3285 2763 3421 2833 quin

160 2833 308 2901 τρὶς,
341 2833 464 2937 ἐμοὶ
508 2836 708 2909 τίμιον.
740 2840 883 2912 Πρὸς
927 2844 985 2898 δὲ
1024 2847 1363 2921 φιλοσοφίαν,
1394 2833 1623 2911 οὐκοῖδ’
1656 2861 1744 2914 ὄν-

1855 2869 1901 2922 iu
1936 2833 2211 2937 ineipsum
2246 2864 2637 2921 detrimentum
2671 2877 2838 2917 omne
2867 2859 3102 2916 recidat.
3130 2854 3264 2909 Nam
3297 2853 3420 2915 tibi,

159 2938 289 2975 τινα
331 2925 533 2996 τρόπον
584 2930 1013 3005 ἀπεσκληκότως
1062 2937 1195 3010 ἔχει.
1259 2944 1448 2999 Ἔστιν
1495 2946 1588 3003 οὖν
1644 2954 1745 3006 οὐκ

1855 2961 1900 3015 si
1932 2925 2727 3027 illicdisciplina:multitudine
2755 2955 3037 3008 hominum
3055 2945 3424 3007 ellloruerint,

161 3014 322 3079 ἀδεὲς
360 3018 645 3092 ἀϐοηθήτῳ
680 3024 861 3093 μένειν
884 3067 901 3093 ,
936 3029 1037 3083 οὐκ
1076 3030 1226 3096 ὄντος
1258 3036 1353 3089 τοῦ
1384 3043 1748 3113 συγωρυὸαν-

1855 3052 2150 3106 multorum
2194 3050 2429 3121 Synesio
2473 3057 2530 3104 et
2564 3049 2855 3104 meliorum
2911 3053 2967 3100 et
2998 3041 3262 3099 similium
3316 3037 3427 3093 erit

160 3112 414 3173 τιῶντος.
448 3112 510 3165 Ei
548 3113 605 3166 δὲ
635 3114 699 3186 δὴ
742 3117 838 3171 καὶ
865 3120 1088 3192 δοίημεν
1119 3118 1257 3179 εἷναί
1286 3146 1463 3195 τινας.
1557 3112 1563 3113 ⁷

1855 3145 2011 3212 copia
2067 3143 2395 3212 quilmscum
2451 3153 2806 3199 consuescas.
2855 3135 2985 3191 Mihi
3044 3148 3173 3189 vero
3222 3131 3424 3201 patria,

104 3240 113 3245 κ
164 3211 441 3272 quatenus
471 3208 692 3278 quidem
727 3213 902 3280 patria
934 3225 1041 3283 est,
1074 3219 1233 3292 longe
1262 3230 1347 3279 est
1373 3226 1721 3291 charissima,
1752 3208 2021 3291 Caeterum
2046 3208 2237 3293 nescio
2279 3252 2389 3307 quo
2417 3244 2576 3306 pacto
2614 3234 2680 3289 ad
2708 3231 3109 3303 philosophiam
3136 3224 3420 3282 obduruit.

163 3297 352 3363 Quare
404 3302 630 3359 minime
665 3312 841 3360 tutum
879 3316 965 3364 est
1020 3312 1140 3370 sine
1194 3316 1430 3387 alicujus
1477 3324 1683 3378 auxilio
1716 3343 2077 3397 permanere,
2112 3330 2155 3386 si
2194 3346 2302 3384 non
2337 3329 2411 3385 sit
2444 3329 2539 3400 qui
2579 3326 2773 3383 iisdem
2820 3324 2988 3380 veluti
3048 3322 3426 3391 Corybantum

164 3396 347 3450 sacris
412 3396 671 3453 insaniat.
746 3404 927 3473 Atque
957 3413 1166 3463 utesse
1198 3410 1413 3481 aliquos
1466 3415 1681 3484 demus,

242 3488 376 3557 Πῶς
410 3490 487 3545 ἂν
519 3491 700 3547 ἔπειτ’
734 3494 1024 3567 Ὀδυσῆος
1053 3498 1169 3569 ἐγὼ
1205 3504 1387 3559 θείοιο
1422 3510 1748 3579 λαθοίμην;

1927 3510 2033 3577 Qui
2085 3508 2294 3563 tandem
2322 3524 2434 3563 esse
2489 3523 2675 3578 queam
2715 3505 2879 3559 divini
2931 3503 3123 3557 oblitus
3160 3498 3414 3582 Ulyssis?

166 3581 311 3654 πρὸς
338 3586 490 3639 ποῖον
514 3585 641 3641 ἀλλο
660 3592 882 3659 πυρεῖον
908 3595 1286 3665 παρατριὸεὶς,
1314 3600 1451 3667 μετά
1469 3602 1568 3671 τὴν
1597 3604 1746 3675 ἱεράν

1855 3603 2075 3655 cuinam
2128 3598 2286 3654 alteri
2346 3598 2581 3668 igniario
2633 3596 3089 3658 affricatus,cum
3125 3592 3195 3646 ab
3257 3605 3420 3645 sacro

171 3692 270 3729 σου
313 3676 510 3749 ψυχὴν,
547 3679 872 3753 ἀποτέκοιμι
902 3684 997 3737 τοῦ
1037 3686 1129 3740 νοῦ
1158 3690 1444 3755 φωτοειδὲς
1486 3691 1744 3763 έγγονον;

1855 3701 1946 3747 tuo
1971 3692 2155 3747 animo
2215 3691 2548 3755 discessero,
2609 3688 2853 3743 lucidum
2923 3700 2987 3739 ac
3069 3682 3422 3754 splendidum

170 3767 274 3832 Τίς
323 3769 494 3835 οὕτως
541 3767 650 3835 οἶος
699 3774 945 3844 σφοδρῶς
1007 3778 1276 3849 σπινθῆρα
1326 3784 1747 3852 κεκρυμμένον,

172 3859 274 3912 καὶ
302 3861 599 3929 ἀγαπῶντα
632 3864 916 3919 λανθάνειν
952 3873 1221 3939 μηχαναῖς
1254 3873 1493 3939 ἀπάσαις
1531 3877 1752 3931 ἐκκαλέ-

175 3952 402 4013 σασθαι.
447 3956 540 4008 καὶ
584 3954 801 4025 ἐξάψαι,
855 3958 949 4012 καὶ
992 3958 1105 4031 πῦρ
1152 3960 1402 4034 λαμπρὸν
1447 3966 1748 4034 ἀναδεῖξαι;

172 4043 313 4107 Θεὸς
339 4040 432 4097 οὖν
458 4047 662 4116 ἀμφοῖν
686 4048 886 4103 ἀποῦσι
926 4068 983 4104 τε
1006 4053 1100 4105 καὶ
1121 4053 1336 4109 συνοῦσι
1366 4058 1587 4129 παρείτγ
1617 4061 1751 4114 Θεοῦ

172 4135 237 4189 δὲ
260 4136 545 4206 παρόντος,
586 4141 733 4194 ἆπαν
780 4141 983 4215 ἄπορον
1030 4144 1284 4216 πόριμον.
1342 4147 1611 4220 Ἐρῤωσο,
1659 4153 1753 4206 καὶ

177 4227 480 4298 φιλοσόφει,
512 4232 690 4286 καὶτὸ
720 4236 779 4288 ὲν
808 4236 990 4307 σαυτῷ
1027 4238 1166 4293 θεῖον
1196 4238 1365 4308 ἄναγε
1398 4243 1490 4296 ἐπὶ
1517 4243 1579 4296 τὸ
1609 4262 1755 4316 πρωι

175 4321 400 4387 τόγονον
444 4321 568 4394 [γρ.
614 4326 915 4400 πρόγονον]
974 4327 1136 4384 θεῖον.
1187 4332 1367 4385 Καλὸν
1413 4334 1519 4388 ἀνά
1573 4338 1755 4390 πᾶσαν

178 4408 326 4479 ἐμὴν
354 4411 659 4482 ἐπιστολὴν,
697 4415 855 4475 τοῦτο
897 4418 1025 4489 παρ’
1058 4417 1193 4490 ἐμοῦ
1233 4422 1298 4491 τῇ
1329 4423 1487 4495 τιμία
1518 4423 1611 4477 σοῦ
1649 4426 1758 4480 δια-

181 4500 336 4554 θέσει
367 4503 563 4571 λέγειν,
593 4505 620 4558 ὃ
651 4523 783 4574 φασι
811 4508 903 4561 τὸν
931 4510 1197 4566 Πλωτῖνον
1222 4515 1393 4567 εἰπεῖν
1418 4518 1531 4579 τοῖς
1574 4534 1753 4589 παρα-

177 4595 521 4665 γενομένοις,
560 4596 857 4655 ἀναλύοντα
882 4600 981 4671 τὴν
1007 4602 1187 4675 ψυχὴν
1218 4605 1326 4659 ἀπὸ
1357 4606 1451 4660 τοῦ
1481 4610 1751 4679 σώματος.

1852 3785 2055 3841 mentis
2081 3783 2252 3839 fetum
2298 3782 2580 3854 parerem?
2611 3780 2748 3847 Quis
2772 3786 2884 3835 tam
2915 3777 3269 3832 vehementer
3322 3773 3425 3827 ah-

1850 3876 2035 3937 ditam.
2068 3890 2134 3931 ac
2168 3874 2391 3930 latebris
2413 3872 2740 3945 gaudentem
2793 3870 3089 3927 scintillam
3146 3866 3419 3920 machinis

1852 3968 2110 4023 omnibus
2166 3968 2340 4036 possit
2385 3967 2631 4021 elicere?
2693 3965 2818 4035 quis
2872 3959 3245 4018 succendere?
3306 3960 3433 4027 quis

1853 4059 2190 4113 luculentum
2248 4073 2315 4113 ac
2367 4058 2655 4128 copiosum
2710 4057 2890 4127 ignem
2927 4052 3174 4109 eﬂicere?
3242 4051 3435 4119 Itaque

1854 4151 1971 4206 sive
1999 4151 2347 4215 absentibus,
2388 4151 2503 4206 sive
2552 4165 2661 4205 una
2719 4146 3042 4218 degentibus
3072 4143 3233 4198 nobis
3291 4140 3434 4196 Deus

1854 4258 2073 4314 semper
2107 4244 2288 4311 adsit;
2338 4249 2610 4314 praesente
2632 4257 2764 4297 vero
2804 4239 2937 4305 Deo,
2974 4237 3137 4293 etiam
3169 4234 3312 4306 quod
3346 4236 3435 4287 iu~

1854 4335 2175 4391 extricabile
2202 4346 2305 4399 est,
2331 4335 2592 4404 explicari
2618 4334 2777 4389 facile
2808 4339 3014 4404 potest.
3046 4328 3202 4392 Vale,
3232 4337 3287 4382 et
3316 4326 3437 4396 phi-

1857 4429 2335 4500 losophare,276
2349 4444 2411 4483 ac
2428 4427 2572 4498 quod
2596 4427 2844 4481 divinum
2862 4425 2919 4480 in
2937 4433 2989 4481 te
3005 4421 3170 4479 estad
3187 4421 3437 4475 divinum

1857 4519 1992 4576 illud
2030 4520 2165 4576 eﬁ'er
2214 4520 2602 4592 primigenium
2660 4529 2715 4574 et
2748 4517 3219 4589 antiquissimum.
3279 4510 3437 4581 Opti—

1864 4629 2012 4669 mum
2045 4621 2131 4671 est
2159 4614 2417 4669 omnibus
2446 4612 2585 4667 meis
2623 4612 2680 4666 in
2716 4611 2915 4667 litteris
2978 4608 3211 4680 egregiae
3268 4604 3437 4660 animi

183 4690 267 4743 tui
304 4691 574 4747 atlectioui
611 4694 757 4750 istud
816 4711 846 4750 a
880 4713 967 4753 me
1001 4698 1133 4764 dici,
1194 4702 1345 4771 quod
1384 4704 1450 4757 ad
1483 4721 1601 4770 eos,
1656 4707 1751 4777 qui
1785 4708 2039 4779 aderant,
2094 4709 2374 4768 Plotinum
2435 4714 2739 4781 usurpasse
2770 4708 2974 4767 ferunt.
3008 4721 3134 4762 cum
3183 4719 3214 4758 a
3249 4719 3440 4775 corpo-

182 4799 249 4839 re
271 4784 516 4839 auimum
558 4798 830 4843 avocaret.

692 4880 1037 4937 ΕΠΙΣΤΟΛΗ
1076 4886 1267 4959 me”

824 4973 907 5040 Τῷ
948 4977 1127 5044 αὐτῷ.

263 5060 386 5115 Τῶν
420 5062 639 5134 ἐρώτων
674 5065 724 5118 οἱ
773 5066 872 5135 μὲν
900 5072 1072 5140 χαμαὶ
1105 5072 1405 5142 ὲρχομένας
1434 5077 1526 5129 καὶ
1556 5075 1767 5147 ἀνθρω-

191 5153 364 5218 πικὰς
394 5155 492 5220 τὰς
521 5157 693 5228 ἀρχὰς
719 5159 955 5229 ἔχοντες,
971 5162 1225 5232 ἀπεχθεῖς
1245 5164 1303 5217 τέ
1330 5166 1455 5232 εἰσι,
1474 5168 1568 5221 καὶ
1584 5168 1766 5239 ἐξίτη-

184 5246 297 5311 λοι,
338 5250 404 5317 τῇ
448 5252 721 5323 παρουσίᾳ
760 5253 896 5324 μόνῃ
929 5254 1023 5307 καὶ
1069 5254 1221 5325 μόλις
1260 5258 1627 5330 μετρούμενοι.
1670 5257 1767 5325 υἷς

187 5338 251 5391 δὲ
300 5341 329 5391 ὁ
364 5340 604 5409 ἐφεστὼς
640 5343 892 5413 βραϐεύει
940 5346 1108 5413 Θεὸς,
1146 5348 1289 5402 κατά
1334 5351 1435 5421 τὴν
1476 5351 1768 5406 θεσπεσίαν

194 5430 485 5495 Πλάτωνος
516 5434 720 5504 φωνὴν,
755 5436 1017 5506 συντήξας
1048 5440 1115 5508 τῇ
1146 5437 1330 5512 τέχνῃ,
1357 5440 1450 5493 καὶ
1480 5440 1577 5497 ἕνα
1602 5442 1769 5511 ἄμφω

196 5524 433 5594 ποιήσας
465 5526 589 5589 τοὺς
620 5527 981 5598 ἀντερῶντας,
1009 5521 1154 5585 οὗτοι
1186 5532 1281 5586 καὶ
1308 5532 1520 5603 χρόνου,
1555 5535 1650 5588 καὶ
1675 5534 1768 5587 τό-

198 5631 308 5666 που
358 5614 517 5682 φύσιν
554 5616 886 5688 ἐλέγχουσιν.
924 5621 1088 5676 Οὐδὲν
1131 5621 1237 5692 γάρ
1273 5623 1525 5693 ἐμποδὼν
1571 5624 1769 5696 ψυχαῖς

202 5708 323 5774 ἐφιε
334 5706 521 5775 μέναις
544 5707 789 5778 ἀλλήλων
818 5710 1078 5782 ἀρρήτοις
1104 5712 1339 5777 συνόδοις
1367 5712 1534 5783 ὁμόσε
1574 5718 1770 5786 χωρεῖν

205 5797 304 5849 καὶ
355 5799 779 5868 συμπλέκεσθαι.
836 5802 1072 5855 Ἐκεῖθεν
1104 5804 1264 5857 ποθεν
1308 5803 1574 5877 ἠρτῆσθαι
1604 5805 1771 5858 δεῖτὸ

204 5889 512 5965 ἡμέτερον,
564 5892 613 5944 εί
648 5892 724 5964 μὴ
769 5890 837 5947 τὰ
882 5892 1192 5962 φιλοσοφίας
1233 5898 1456 5967 τροφεῖα
1487 5896 1769 5970 μέλλοιμεν

2313 4895 2651 4953 EPISTOLA
2685 4894 2955 4952 CXXXIX
2968 4936 2984 4954 .

2554 4987 2761 5043 Eidem.

1938 5076 1998 5133 In
2030 5091 2277 5134 amorum
2316 5094 2516 5152 genere
2554 5079 2650 5151 qui
2676 5096 2744 5136 ex
2771 5079 3094 5140 humilibus,
3144 5076 3433 5132 humanis.

1869 5184 1976 5239 que
1998 5171 2181 5227 causis
2206 5173 2540 5239 excitantur,
2573 5173 2750 5228 odiosi
2779 5181 2928 5234 sunt,
2954 5179 3008 5225 et
3040 5170 3436 5232 exolescentes.

1872 5277 2009 5333 quos
2055 5264 2172 5318 sola
2206 5266 2514 5334 praesentia,
2546 5280 2649 5321 nec
2700 5263 2807 5319 nisi
2840 5262 3154 5326 difﬁculter,
3204 5260 3442 5316 metiun-

1874 5363 1980 5408 tur.
2011 5354 2165 5420 Quos
2201 5365 2381 5411 autem
2432 5357 2703 5413 assistens
2733 5352 2946 5408 Numen
2990 5353 3327 5415 moderatur,
3374 5366 3442 5407 ae

1872 5443 2033 5515 regit,
2058 5442 2218 5512 juxta
2246 5444 2495 5500 divinum
2529 5444 2775 5499 Platonis
2804 5442 3111 5508 oraculum,
3144 5442 3286 5496 miro
3304 5456 3442 5510 quo-

1870 5528 1999 5584 dam
2031 5529 2268 5586 artificio
2296 5532 2625 5601 colliquans,
2667 5545 2949 5601 unumque
2970 5546 3001 5585 e
3036 5530 3257 5585 duobus
3315 5547 3441 5585 mu-

1871 5628 1968 5675 tuo
1990 5634 2115 5677 sese
2145 5628 2390 5676 amantes
2420 5618 2705 5676 efficiens:
2739 5619 3056 5676 istiusmodi
3086 5626 3142 5675 et
3174 5622 3438 5689 temporis

1871 5718 1927 5766 et
1984 5710 2090 5767 loci
2146 5723 2401 5766 naturam
2464 5712 2790 5768 imbecillam
2848 5712 3226 5783 comprobant.
3292 5711 3439 5769 Nihil

1868 5802 2015 5858 enim
2048 5802 2273 5859 obstare
2300 5810 2481 5873 potest
2511 5805 2710 5860 animis
2749 5804 2834 5861 sui
2867 5804 3098 5859 invicem
3158 5802 3442 5859 desiderio

1876 5895 2258 5967 ﬂagrantibus,
2290 5897 2586 5968 quominus
2650 5897 2879 5954 secretis
2916 5896 3247 5968 quibusdam
3301 5912 3442 5952 wu-
