3892 6522
487 407 622 465 1531

1546 427 1824 487 SYNESII
1860 432 2329 496 PTOLEMAIDIS
2361 443 2667 505 EPISCOPI

3624 468 3732 522 1552

483 542 865 611 gressionibus
894 558 1001 598 una
1031 546 1705 623 conveniant,mutuoqne
1730 555 2047 625 jungantur.

490 632 619 661 Ι...1,.
648 634 903 661 ..:...:.......
938 636 1189 661 ..κλμ-..1-
1242 639 1539 661 Δ,,-ε--η.-ν,-
1970 650 2002 661 .-

2163 562 2476 633 αἰσχύνειν,
2509 572 2762 642 αἴσθησιν
2799 574 3151 644 ἀγαπῶντες,
3186 581 3281 635 καὶ
3323 584 3456 637 ὅταν
3496 587 3639 657 αὐτὴ
3678 594 3731 661 μὴ

490 632 620 688 Inde
648 634 903 688 nimirum
936 636 1192 693 alicunde
1237 639 1546 697 devinctam
1608 661 1733 701 esse
1770 650 2070 705 necessitu-

486 726 670 779 dinem
706 735 957 782 nostram
984 738 1225 799 oportet,
1256 731 1305 787 si
1332 732 1473 789 nihil
1516 736 1880 809 philosophia:
1937 742 2069 797 edu-

483 818 699 873 catione
728 819 1009 891 indignum
1038 823 1271 880 velimus
1289 826 1599 895 admittere,
1615 832 1872 888 sensibus
1893 833 2065 901 affixi,

486 916 542 958 ut
578 920 705 959 cum
743 906 846 977 ipsi
896 910 969 964 ab
1002 912 1270 982 subjectis
1301 918 1630 987 corporibus
1683 937 1791 977 non
1832 924 2065 993 pulsau-

483 1000 596 1057 tur,
663 997 973 1053 animorum
1040 1017 1373 1073 respuamus
1436 1011 1808 1078 praesentiam.
1859 1012 2065 1084 Ecquid

481 1083 652 1154 igitur
726 1088 1054 1157 quiritaris?
1137 1097 1265 1165 quid
1333 1097 1544 1155 litteras
1620 1110 1744 1157 tuas
1807 1083 2064 1175 lacryimis

481 1178 794 1249 respergis?
863 1180 919 1236 Si
977 1184 1121 1238 enim
1185 1190 1358 1242 nostri
1429 1193 1910 1251 commiseratione
1966 1197 2063 1252 ad-

481 1267 681 1323 ductus
749 1270 803 1324 id
853 1271 1010 1339 facis,
1062 1277 1210 1345 quod
1270 1280 1510 1334 nondum
1568 1283 2056 1354 philosophamnr;

480 1359 786 1427 praesertim
845 1377 970 1417 cum
1048 1366 1102 1421 id
1169 1382 1330 1438 agere
1401 1372 1706 1440 videamur,
1776 1385 1832 1431 et
1895 1380 2061 1448 proli-

480 1457 728 1507 teainur:
766 1468 894 1509 vere
950 1470 980 1509 a
1021 1464 1075 1511 te
1128 1459 1407 1529 deplorari
1454 1463 1600 1519 istud
1645 1482 1909 1536 agnosco.
1958 1468 2056 1525 Sin

482 1542 606 1596 ideo
662 1549 1045 1617 conquereris,
1100 1553 1248 1620 quod
1310 1554 1667 1613 familiaritati
1718 1569 1920 1617 nostrae
1958 1580 2056 1634 pa-

479 1648 603 1687 rum
636 1651 792 1705 requa
829 1654 951 1696 sors
983 1641 1240 1711 injuriam
1298 1646 1488 1702 fecerit
1546 1650 1620 1720 (id
1650 1651 1797 1706 enim
1855 1654 2056 1713 litteris

479 1726 590 1781 tuis
624 1730 762 1784 velle
792 1731 888 1785 tibi
911 1735 1065 1789 visus
1097 1735 1205 1806 es),
1232 1739 1499 1795 muliebre
1530 1757 1685 1807 sane,
1722 1759 1787 1799 ac
1841 1748 2056 1814 puerile

2172 652 2277 706 ὑπὸ
2327 660 2595 727 σωμάτων
2640 662 3045 737 θυροκοπῆται,
3102 666 3280 746 ψυχῆς
3326 678 3641 746 παρουσίαν
3688 684 3731 733 ci

2169 747 2537 818 προσιέμενοι.
2574 753 2640 805 Τί
2673 749 2765 808 οὖν
2794 760 3004 830 ποτνιᾷ,
3035 761 3129 814 καὶ
3157 765 3277 826 ταῖς
3302 764 3629 829 ἐπιστολαῖς
3649 769 3733 819 τίνει

2166 835 2416 930 δακρύων
2443 844 2657 913 ἐγχεῖςς
2692 847 2754 901 Εἰ
2794 849 2892 919 μὲν
2920 851 3028 923 γὰρ
3063 854 3211 925 ἡμᾶς
3242 856 3435 923 ἐλεῶν,
3475 859 3566 911 ὅτι
3600 862 3737 930 μήπω

2168 929 2581 1005 φιλοσοφῶμεν,
2629 939 2725 992 καὶ
2768 941 2942 997 ταῦτα
2973 944 3285 1016 δοκοῦντες,
3339 952 3439 1004 καὶ
3484 929 3736 1019 λέγοντες,

2166 1020 2509 1091 ὲπιγινὼσκω
2544 1028 2638 1082 τοῦ
2672 1031 2869 1104 θρήνου
2903 1036 3001 1106 τὴν
3033 1039 3306 1110 ἀλήθειαν.
3347 1044 3415 1096 Εἰ
3448 1044 3502 1097 δ’
3542 1046 3626 1097 ὅτι
3660 1049 3736 1115 τὴν

2166 1115 2451 1171 συνουσίαν
2481 1119 2638 1189 ἡμῶν
2680 1122 2938 1195 ἠδίκησεν
2978 1127 3247 1200 ἀγνώμων
3283 1134 3315 1203 ἠ
3352 1133 3542 1203 τύχη’
3582 1133 3737 1204 (τοῦτο

2161 1206 2270 1278 γάρ
2302 1225 2383 1262 σοι
2414 1209 2523 1264 τῶν
2553 1213 2849 1269 ἐπιστολῶν
2879 1218 2939 1270 τὸ
2970 1219 3217 1292 βούλημα
3233 1223 3272 1292 ·)
3305 1224 3447 1294 θῆλυ
3497 1225 3600 1277 καὶ
3634 1211 3738 1278 tia:-

2159 1295 2416 1368 δαριῶδες
2445 1302 2506 1355 τὸ
2532 1304 2705 1359 ταῦτα
2735 1307 2972 1381 ἀγαπᾷν,
3006 1312 3092 1381 ἐφ’
3122 1306 3196 1366 ὧν
3225 1314 3460 1368 δύναται
3496 1315 3737 1384 βλάπτειν

2158 1389 2187 1440 ὁ
2218 1388 2425 1461 δαίμων
2463 1393 2532 1448 τὰ
2581 1395 2708 1467 τέλη
2754 1398 2863 1450 τῶν
2905 1403 3297 1474 προαιρέσεων.
3367 1406 3523 1475 Ἐγὼ
3567 1408 3625 1460 δὲ
3659 1409 3737 1479 τὴν

2163 1481 2313 1553 ἱερὰν
2358 1486 2622 1558 κεφαλὴν,
2690 1490 3071 1562 Ἐρκουλιανδν
3121 1497 3307 1567 ἠξίουν
3354 1500 3480 1553 ἄνω
3518 1500 3735 1570 βλέπειν,

2158 1575 2253 1627 καὶ
2281 1574 2400 1628 ὅλον
2425 1574 2561 1633 εἶναι
2584 1580 2786 1651 θεωρὸν
2810 1583 2915 1637 τῶν
2941 1585 3131 1653 ὅντων,
3156 1590 3251 1643 καὶ
3274 1590 3385 1660 τῆς
3406 1593 3524 1645 τῶν
3552 1592 3737 1664 θνητῶν

2155 1663 2332 1733 ἀρχῆς
2354 1665 2451 1729 τὰς
2474 1669 2674 1737 ἀρετὰς
2692 1672 2973 1737 διαϐάντα,
2996 1676 3089 1729 καὶ
3109 1678 3277 1732 πάλαι
3298 1680 3407 1743 τὰς
3428 1663 3737 1753 ἀπεστριιμρ

2158 1754 2325 1823 μένας
2355 1758 2449 1810 καὶ
2474 1762 2780 1831 κοσμούσας
2804 1766 2871 1819 τά
2894 1766 3069 1840 δεῦρο.
3099 1771 3206 1823 Καὶ
3228 1771 3305 1835 ὼς
3330 1774 3485 1844 πρὸς
3518 1775 3735 1828 τοιοῦτόν

478 1830 584 1884 est,
624 1838 810 1878 amare
842 1825 968 1890 ista,
1006 1827 1062 1881 in
1097 1828 1298 1899 quibus
1347 1834 1702 1890 consiliorum
1737 1846 2047 1895 nostrorum

480 1912 679 1935 1:-.1L.--
718 1914 928 1935 -l--.,_-
971 1932 1015 1935 _-
1166 1921 1225 1935 ,u-
1314 1922 1324 1932 ο
1514 1925 1545 1935 ι.
1592 1934 1596 1935 ,
1679 1927 1693 1935 .
1990 1932 1999 1935 _

2158 1862 2247 1915 μοι
2280 1847 2380 1918 τῆς
2407 1825 2693 1924 ἐπιστολῆς
2733 1825 2793 1909 τδ
2851 1825 3147 1931 πρόσρημα
3179 1825 3315 1933 (76)’·
3352 1825 3574 1917 ὲοᾶλά

480 1912 681 1968 finibus
712 1914 934 1971 obstare
963 1932 1126 1974 casus
1155 1921 1379 1991 aliquis,
1405 1938 1469 1978 ac
1494 1925 1811 1984 disturbare
1854 1932 2047 2000 possit.
2083 1905 2124 1959 Β

479 2004 591 2075 Ego
620 2023 749 2062 vero
779 2025 996 2065 sacrum
1028 2013 1162 2068 illud
1194 2026 1378 2086 caput,
1409 2017 1803 2078 Herculianum
1826 2041 2049 2092 sursum

476 2099 722 2182 aspicere
750 2102 968 2167 vellem,
988 2113 1273 2177 totumque
1299 2111 1350 2164 in
1380 2127 1564 2167 rerum
1589 2119 2053 2187 contemplatione

474 2206 537 2244 ac
569 2193 881 2247 mortalium
914 2198 1177 2263 omnium,
1211 2210 1375 2271 atque
1405 2205 1739 2261 caducorum
1764 2210 2053 2282 principiis

469 2282 892 2341 considerandis
924 2303 1046 2343 esse
1090 2291 1365 2360 defixum;
1428 2297 1665 2354 virtutes
1694 2314 1790 2355 eas
1837 2302 2051 2369 jamdiu

474 2392 919 2448 supergressum,
961 2398 1084 2453 qua:
1112 2386 1180 2440 ad
1211 2387 1397 2441 intima
1426 2405 1709 2455 conversae
1724 2410 1811 2449 res
1832 2407 2052 2452 nostras

471 2468 803 2537 gubernant.
836 2471 914 2526 Ac
933 2482 1191 2544 tanquam
1219 2479 1267 2534 is
1296 2480 1569 2549 ejusmodi
1603 2484 1693 2551 sit,
1722 2486 1815 2552 ita,
1840 2502 1963 2541 cum
1982 2489 2050 2544 ad

470 2576 594 2615 eum
638 2565 842 2628 scribo,
873 2568 1224 2627 salutationis
1256 2573 1357 2627 hac
1392 2584 1518 2629 utor
1566 2575 1822 2645 formula,
1871 2598 2053 2651 sapere

470 2659 715 2719 mullum,
758 2673 865 2715 non
892 2660 1113 2727 salvere,
1141 2673 1236 2719 aut
1264 2666 1492 2734 feliciter
1516 2686 1688 2740 agere,
1725 2676 1871 2742 quod
1902 2674 2053 2729 vidc-

469 2751 561 2798 tur
592 2746 950 2805 moderatius.
995 2749 1278 2821 Siquidem
1316 2759 1627 2815 actionibus
1662 2763 1869 2818 nostris
1912 2762 2052 2818 infe-

469 2837 584 2891 rior
617 2854 772 2895 mens
803 2842 1081 2912 praesidet,
1113 2862 1279 2916 quam
1296 2849 1523 2906 minime
1544 2854 1685 2922 apud
1715 2865 1768 2909 te
1798 2855 2050 2910 obrutam

468 2954 532 2993 ac
555 2937 830 2994 defossam
849 2953 972 2995 esse
1000 2941 1311 3011 cupiebam.
1330 2941 1447 3009 Qua
1465 2944 1534 3000 de
1564 2962 1623 3001 re
1648 2950 2049 3018 quamplurima

468 3030 611 3099 apud
644 3036 697 3084 te
726 3030 940 3085 duabus
976 3030 1255 3099 prioribus
1287 3034 1538 3102 epistolis
1580 3035 1848 3101 disserui;
1909 3055 2049 3109 qua-

467 3136 591 3175 rum
643 3132 896 3176 neutram
961 3122 1022 3186 ii,
1058 3123 1259 3193 quibus
1324 3124 1600 3189 dederam,
1652 3129 1750 3183 tibi
1806 3130 2053 3188 reddide-

2152 1936 2311 1990 νεῖν·
2349 1941 2410 1993 οὐ
2451 1943 2715 2013 χαίρειν,
2750 1948 2871 2000 οὐδὲ
2908 1946 2977 2005 εὖ
3005 1952 3311 2020 πράττειν,
3347 1955 3416 2007 τὸ
3456 1958 3733 2027 μετριώτε-

2155 2045 2267 2098 ρον.
2322 2030 2633 2087 Ἐπιστατεῖ
2669 2036 2777 2108 γὰρ
2811 2040 3040 2110 πράξεσι
3074 2042 3198 2107 νοῦς
3243 2044 3526 2107 ἐλάττων,
3565 2048 3657 2117 οὐχ
3686 2048 3732 2101 ὃν

2152 2120 2336 2188 ἠξίουν
2367 2123 2744 2196 ᾁνακεχῶσθαι
2772 2131 2921 2202 παρὰ
2949 2132 3054 2185 σοί.
3093 2135 3229 2206 Περὶ
3262 2130 3326 2189 οὗ
3366 2152 3455 2187 σοι
3492 2137 3592 2188 καὶ
3619 2138 3733 2205 mia.

2152 2212 2321 2267 πολλα
2353 2215 2443 2270 διὰ
2466 2216 2559 2271 δύο
2581 2218 2690 2273 τῶν
2725 2222 2956 2294 πρώτων
2987 2226 3292 2278 ἐπιστολῶν
3319 2227 3637 2298 διελέχθην·
3670 2224 3730 2282 ὧν

2151 2305 2405 2377 οὐδεμίαν
2424 2310 2473 2361 οἱ
2490 2310 2745 2375 λαὸόντες
2765 2313 3173 2371 ὲπιδεδὼκασιν.
3192 2318 3249 2369 Ἐ
3260 2318 3353 2369 πεί
3377 2335 3467 2369 τοι
3496 2320 3728 2391 πέμπτῃ

2150 2397 2355 2469 ταύτην
2391 2401 2659 2472 ὲκπέμπω
2710 2403 2809 2475 τὴν
2856 2406 3166 2478 ἐπιστολήν.
3215 2407 3361 2460 Ἀλλ’
3398 2409 3521 2461 εἱθε
3554 2411 3625 2481 μὴ
3654 2414 3731 2463 ni

2149 2490 2355 2562 ταύτην
2386 2492 2580 2563 μάτην,
2604 2496 2812 2563 γένοιτο
2835 2497 2880 2549 δ’
2903 2498 2969 2550 ἂν
2992 2498 3054 2550 οὐ
3086 2500 3287 2569 μάτην,
3313 2501 3369 2552 εἰ
3402 2502 3627 2571 πρῶτον
3650 2502 3730 2571 μὲν

2152 2583 2444 2654 ὲπιδοθείη.
2463 2586 2551 2639 ’Τὸ
2581 2584 2639 2640 δὲ
2670 2588 2763 2640 ἐπὶ
2794 2589 2999 2660 τούτῳ,
3029 2580 3124 2643 καὶ
3155 2591 3356 2644 τούτου
3393 2594 3727 2662 σεμνότεραι,

2152 2675 2604 2748 κατανουθετήσει
2657 2694 2739 2743 σε,
2795 2680 2889 2731 καὶ
2935 2681 3353 2751 παιδαγωγὴσει
3382 2721 3399 2746 ,
3438 2683 3541 2734 καὶ
3572 2685 3727 2734 πείσει

2155 2767 2463 2836 μεταθεῖναι
2501 2768 2599 2841 τὴν
2626 2769 2719 2824 τοῦ
2752 2771 3001 2843 σώματος
3048 2774 3201 2844 ἰσχὺν
3234 2775 3333 2826 ἐπὶ
3366 2774 3474 2845 τὴν
3508 2774 3610 2841 τῆς
3640 2774 3725 2842 ’ᾆδ-

2152 2860 2251 2929 χῆς
2281 2860 2519 2931 ἀνδρίαν,
2558 2862 2618 2914 ού
2647 2862 2745 2934 τὴν
2774 2865 2856 2916 ’ἔκ
2880 2860 2989 2933 τῆς
3030 2863 3274 2936 πρώτης,
3314 2866 3420 2918 καὶ
3458 2865 3725 2935 περιτείσδ

2150 2954 2481 3024 τετρακτύος
2511 2955 2620 3008 τῶν
2661 2956 2905 3027 ἀρετῶν
2941 2957 3056 3011 ἀλλ’
3096 2958 3190 3011 ἐπὶ
3220 2958 3322 3028 τὴν
3370 2958 3641 3025 ἀνάλογον
3679 2960 3723 3008 ἐν

2150 3044 2361 3115 τρίταις
2388 3044 2514 3116 [τερ.
2545 3045 2823 3118 τρίτταις]
2854 3064 2915 3099 τε
2953 3048 3048 3100 καὶ
3095 3048 3420 3119 τετάρταις.
3470 3048 3668 3113 Ἀςξαιθ
3688 3045 3723 3095 δ’

2151 3131 2243 3187 οὖν
2279 3135 2467 3205 αὐτῆς,
2507 3136 2634 3190 ὅταν
2671 3136 2836 3207 μηδὲν
2877 3137 2985 3189 τῶν
3024 3135 3388 3206 ἀνθρωπίνων
3429 3135 3726 3205 θαυμάζῃς.

467 3219 617 3266 runt.
650 3210 836 3280 Itaque
886 3210 1131 3281 quintam
1164 3213 1306 3267 hanc
1334 3215 1403 3268 ad
1450 3223 1504 3271 te
1534 3218 1722 3285 mitto;
1745 3228 1798 3275 et
1846 3223 2047 3278 utinam

2157 3225 2273 3279 Κᾶν
2308 3233 2472 3296 μήπω
2506 3243 2587 3279 σοι
2629 3227 2807 3297 σαφὴς
2833 3229 2866 3298 ἡ
2893 3225 3212 3302 διαίρεσιςῇ
3241 3228 3339 3280 τοῦ
3385 3227 3725 3298 λελεγμένω,

467 3319 535 3358 ne
549 3319 667 3358 eam
687 3303 908 3373 quidem
923 3303 1128 3359 frustra
1149 3307 1161 3359 !
1183 3306 1389 3362 frustra
1416 3319 1597 3365 autem
1619 3312 1784 3368 missa
1807 3315 2044 3370 nonfue-

465 3398 539 3449 rit
556 3397 745 3465 277,
765 3397 998 3466 primum
1025 3398 1070 3451 si
1088 3399 1192 3451 erit
1212 3399 1441 3453 reddita.
1464 3400 1692 3466 Deinde,
1710 3406 1851 3473 quod
1872 3409 2042 3463 multo

465 3490 685 3556 gravius
708 3497 871 3558 atque
904 3489 1188 3559 antiquius
1223 3499 1328 3554 est,
1367 3492 1413 3546 si
1448 3502 1501 3548 te
1548 3497 1777 3551 monitis
1816 3498 2041 3554 institu-

466 3590 579 3635 tum
617 3589 783 3651 atque
808 3581 1065 3636 edoctum
1098 3584 1392 3650 dimiserit,
1433 3589 1882 3659 persuaseritque
1914 3607 2041 3645 cor-

464 3673 614 3741 poris
639 3674 807 3728 robur
842 3674 911 3729 ad
941 3675 1109 3729 animi
1148 3674 1525 3732 fortitudinem
1553 3680 1895 3736 transferre:
1928 3698 2038 3738 non

464 3766 610 3819 illam
640 3766 786 3830 dico,
820 3782 941 3837 quae
967 3766 1025 3821 in
1056 3768 1237 3837 primo
1264 3776 1319 3823 et
1362 3769 1552 3824 iniimo
1601 3771 1866 3827 virtutum
1899 3790 2037 3845 qua-

463 3858 710 3913 ternario
736 3866 1015 3923 censetur,
1042 3857 1137 3914 sed
1164 3874 1281 3914 eam
1305 3862 1509 3930 potius,
1535 3878 1657 3932 quae
1687 3866 2041 3934 pr0portione

462 3952 699 4020 quadam
730 3950 787 4005 in
819 3952 1016 4014 ternis,
1056 3955 1455 4023 quaternisque
1506 3956 1823 4025 respondet.
1864 3958 2036 4023 Quam

462 4052 574 4097 tum
597 4043 816 4097 demum
847 4043 1117 4114 attigeris,
1139 4059 1261 4099 cum
1293 4046 1429 4099 nihil
1457 4046 1821 4102 humanarum
1856 4064 2035 4104 rerum

464 4138 851 4193 admiraberis.
881 4138 1042 4205 Quod
1103 4139 1150 4194 si
1216 4140 1459 4193 nondum
1492 4141 1639 4193 illam
1706 4141 1848 4210 ejus,
1889 4142 2036 4211 quod

463 4231 623 4287 modo
650 4230 784 4296 dixi,
815 4230 1141 4285 divisionem
1180 4229 1462 4302 intelligis,
1494 4247 1617 4300 qua:
1641 4233 1897 4289 videlicet
1942 4250 2039 4289 an-

462 4324 748 4393 tiquiores,
777 4338 841 4378 ac
870 4323 1144 4393 primariae
1170 4322 1400 4377 virtutes
1429 4325 1560 4391 sint,
1598 4342 1787 4394 quaeve
1812 4328 1867 4381 in
1896 4328 2037 4385 infe-

464 4417 594 4470 riori
625 4417 817 4472 ordine
847 4417 1005 4471 sitae:
1038 4431 1161 4470 cum
1194 4416 1247 4470 id
1305 4415 1537 4487 adeptus
1597 4417 1791 4486 fueris,
1826 4420 2032 4475 nullam

464 4506 615 4560 utob
644 4522 754 4560 rem
790 4506 1019 4577 lugeas;
1066 4506 1159 4562 sed
1199 4507 1386 4561 infima
1439 4510 1649 4572 omnia,
1707 4518 1761 4565 et
1795 4511 2031 4568 humana

2148 3317 2291 3380 τίνες
2341 3317 2800 3389 ἀρχεγονώτεραι,
2850 3318 2945 3371 καὶ
2990 3320 3136 3383 τίνες
3180 3320 3239 3371 αἱ
3287 3319 3594 3372 πολλοσταὶ

2150 3411 2360 3481 ἀρετῶν
2381 3426 2394 3439 ο
2416 3411 2477 3464 τὸ
2498 3413 2590 3464 ἐπὶ
2619 3412 2807 3482 μηδενὶ
2836 3413 3039 3477 κλάειν,
3068 3412 3202 3465 ἀλλά
3228 3412 3455 3467 πάντων
3481 3412 3592 3463 τῶν
3613 3412 3729 3481 τῇδε

2148 3502 2205 3552 ὲν
2243 3501 2364 3573 δίκῃ
2395 3505 2774 3573 καταφρονεῖν,
2822 3505 2948 3557 ὅταν
2990 3521 3070 3556 σοι
3120 3503 3539 3574 παραγένηται,
3583 3503 3730 3554 enim

2150 3593 2292 3647 ἔστω
2339 3610 2419 3647 σοι
2469 3593 2669 3661 κανὼν,
2719 3596 2815 3648 καὶ
2863 3598 3147 3667 κριτήριον
3192 3596 3303 3648 τῶν
3354 3596 3599 3666 πρώτων
3638 3596 3729 3662 τῆς

2147 3683 2399 3747 τεύξεως,
2435 3683 2521 3737 ἵνα
2553 3701 2635 3737 σοι
2667 3685 2761 3737 καὶ
2793 3685 2923 3753 παρ’
2956 3684 3113 3755 ήμῶν
3142 3683 3201 3737 τὺ
3226 3686 3435 3737 πολλὰ
3463 3682 3725 3753 φρονεῖν,

2145 3778 2204 3828 ἐν
2240 3776 2361 3838 ταῖς
2389 3774 2696 3839 ἐπιστολαῖς
2720 3776 3007 3849 ἐπανέλθῃ.
3056 3775 3420 3847 Ἐῥρωμένως
3446 3774 3724 3843 agema

2146 3872 2464 3942 φιλοσοφίας
2526 3871 2789 3941 εὐθυμίαν
2835 3870 3276 3940 πρυτανευούσης
3321 3869 3605 3939 ἀκύμονα,
3649 3869 3723 3920 5"-

2147 3978 2320 4015 σποτα
2374 3962 2689 4031 ἀξιάγαστε.
2731 3961 2794 4014 Ei
2854 3961 3141 4030 φιλοσοφία
3202 3961 3547 4030 πρεσϐεύειν
3596 3955 3721 4011 οἶδεν

2144 4050 2411 4105 ἀπάθειαν
2436 4052 2623 4121 αὐτὴν,
2652 4051 2708 4103 αἱ
2736 4050 2897 4120 μέσαι
2921 4050 2977 4103 δὲ
3011 4049 3154 4116 ἕξεις
3180 4052 3262 4113 είς
3291 4049 3719 4121 μετριοπάθειαν

2146 4141 2410 4203 ἵστανται,
2455 4142 2554 4211 τὴν
2592 4139 3055 4209 ἀπειροπάθειαν,
3103 4139 3197 4192 καὶ
3229 4139 3291 4193 τὸ
3318 4140 3720 4191 εὑταπεῐνωτςν

2143 4232 2245 4286 ποῖ’
2278 4232 2464 4304 χώρας
2499 4232 2733 4302 τάξομεν
2757 4249 2772 4299 ;
2801 4227 2889 4303 ἆρ’
2916 4231 3035 4301 οὐχὶ
3062 4230 3253 4302 πόρρω
3282 4231 3629 4300 φιλοσοφίας,
3659 4227 3717 4302 ἧς

2146 4324 2355 4395 μύστην
2394 4323 2645 4390 γενέσθαι
2672 4339 2731 4374 σε
2758 4320 3176 4391 κατηυξάμεθας
3207 4321 3283 4391 μὴ
3320 4321 3485 4390 δῆτα,
3513 4316 3563 4374 ὦ
3600 4322 3718 4374 πάνυ

2140 4433 2247 4469 των
2276 4416 2400 4486 ἐμοὶ
2432 4414 2861 4487 προσφιλέστατε
2884 4430 2901 4446 ·
2949 4413 3063 4468 ἀλλ’
3103 4414 3568 4483 ἀρῤενωπότερον
3600 4416 3715 4483 ήμὲδ

2140 4509 2231 4561 τὸν
2285 4508 2437 4577 φίλον
2483 4508 2802 4561 ἀποδείκνυε
2847 4507 2961 4577 [γρ.
3007 4505 3209 4577 ὑποδ.].
3248 4507 3486 4559 Ἀπασά
3541 4524 3643 4576 μου
3684 4508 3713 4571 ἡ

464 4595 658 4650 merito
687 4606 1010 4651 contemnas
1040 4615 1054 4652 :
1092 4597 1209 4652 [nec
1239 4598 1334 4651 tibi
1377 4600 1565 4669 regula
1601 4600 1695 4663 sit,
1750 4616 1814 4655 ac
1863 4604 2027 4658 veluti

2151 4601 2278 4655 ιίκία
2310 4599 2605 4671 κατεδεήθη
2657 4601 2969 4670 προσειπεῖν
3009 4616 3068 4650 σε
3115 4598 3255 4668 ὑπὲρ
3293 4599 3497 4667 αὐτῆς.
3556 4601 3713 4669 Προεο

463 4687 665 4755 Lydius
699 4688 859 4757 lapis,
890 4703 1000 4759 quo
1043 4699 1095 4743 te
1142 4690 1208 4744 a‘d
1259 4690 1433 4758 prima
1468 4680 1789 4761 pervenisse
1824 4711 2033 4765 εοεηο-

460 4795 585 4833 scas
612 4796 627 4833 :
657 4787 714 4831 ut
744 4778 842 4832 tibi
880 4793 909 4831 a
940 4794 1025 4833 me
1054 4779 1221 4843 istud,
1259 4778 1455 4847 Sapere
1512 4782 1837 4851 plurimum,
1862 4788 1918 4841 in
1950 4789 2032 4843 iit-

458 4869 592 4934 ieris
625 4869 834 4925 redeat.
881 4868 1178 4926 Incolumis
1220 4886 1500 4940 sanusque
1531 4874 1697 4927 vitam
1746 4877 2024 4946 traducas,

2141 4694 2330 4765 είρησο
2385 4687 2478 4745 οὖν
2514 4690 2665 4762 παρὰ
2704 4690 2952 4753 πάντων,
2986 4688 3216 4743 ἑκάστου
3254 4690 3532 4758 μονονοὺκ
3572 4690 3713 4756 ἐγχέ-

2140 4803 2297 4849 αντος
2340 4784 2437 4855 τὴν
2479 4782 2655 4854 ψυχὴν
2717 4784 2783 4852 τῇ
2839 4781 3159 4851 προσρήσει.
3200 4781 3310 4833 Καὶ
3364 4782 3537 4844 αὐτὸς
3584 4782 3713 4851 ὑπὲρ

2135 4879 2291 4952 ἡμῶν
2322 4878 2412 4930 τὸν
2445 4874 2802 4949 ἱπποτοξότην
2836 4874 3120 4945 πρόσειπε,
3164 4874 3501 4944 παρακαλῶ.

459 4962 624 5016 nullis
682 4960 941 5017 fluctibus
998 4962 1257 5031 agitatam
1325 4965 1491 5018 animi
1543 4965 1875 5025 hilaritatem
1952 4976 2286 5031 conciliante
2321 4971 2689 5044 philosophia,
2720 4970 2941 5024 domine
2993 4968 3126 5023 mihi
3154 4968 3427 5037 imprimis
3456 4969 3707 5022 amande.

459 5058 513 5111 Si
550 5055 893 5127 philosophia
943 5066 1190 5110 motuum
1224 5058 1469 5113 omnium
1518 5063 1792 5119 vacuitate
1824 5067 2007 5135 potius
2046 5071 2205 5133 nihil,
2248 5077 2341 5122 aut
2392 5065 2674 5136 antiquius
2734 5064 2939 5127 habet,
2980 5061 3145 5117 medii
3183 5078 3313 5116 vero
3369 5062 3603 5117 habitus
3660 5062 3707 5115 in

458 5161 705 5207 motuum
736 5151 1116 5206 mediocritate
1143 5152 1494 5207 consistunt:
1531 5169 1768 5224 quanam
1809 5158 1865 5214 in
1932 5161 2059 5217 sede
2097 5162 2352 5218 affectum
2413 5157 2582 5213 animi
2659 5156 3075 5219 collocahimus,
3142 5154 3377 5212 infinitis
3424 5158 3709 5225 perturba—

456 5245 699 5301 tionibus
738 5245 1021 5316 agitatum,
1053 5245 1259 5316 quique
1288 5245 1450 5316 dejici
1478 5246 1633 5305 facile
1664 5265 1729 5306 ac
1761 5255 2014 5310 contrahi
2058 5256 2276 5327 possit?
2354 5253 2479 5308 Non
2508 5254 2700 5323 procul
2747 5268 2775 5305 a
2815 5250 3159 5321 philosophia
3200 5267 3326 5306 eum
3391 5252 3708 5306 amandabi-

459 5355 601 5403 mus,
632 5339 792 5408 cujus
824 5347 876 5393 te
902 5346 1133 5409 mystam
1163 5352 1287 5393 esse
1316 5338 1575 5395 omnibus
1613 5342 1756 5397 votis
1800 5346 2331 5415 expetimus?Absit
2376 5346 2481 5399 hoc
2530 5359 2559 5397 a
2613 5351 2687 5407 te,
2730 5357 2939 5412 quaeso,
3002 5342 3252 5395 omnium
3308 5342 3445 5395 mihi
3502 5344 3707 5397 charis-

456 5435 613 5489 sime.
643 5433 788 5499 Quin
822 5434 953 5488 mihi
982 5434 1160 5503 potius
1191 5435 1623 5491 constantiorem
1656 5453 1721 5492 ac
1755 5438 2033 5496 fortiorem
2074 5444 2311 5497 amicum
2350 5440 2565 5497 exhibe.
2598 5438 2712 5494 Mea
2778 5438 2957 5492 omnis
2992 5435 3197 5490 familia
3239 5438 3313 5489 uti
3386 5453 3492 5491 suo
3541 5438 3705 5490 nomi-

457 5542 528 5581 ne
558 5528 794 5583 salutem
822 5526 920 5581 tibi
954 5526 1193 5597 dicerem
1220 5540 1253 5580 a
1310 5541 1399 5582 me
1428 5524 1718 5599 flagitavit.
1771 5531 2026 5586 Omnium
2068 5536 2235 5606 igitur
2266 5534 2490 5588 nomine
2515 5531 2748 5586 salutem
2786 5529 2884 5583 tibi
2943 5528 3106 5593 dico;
3172 5528 3224 5581 in
3268 5543 3375 5597 qua
3428 5531 3703 5597 precanda

1690 5646 1871 5705 DION.
1897 5648 2172 5707 PETAVII
2192 5649 2428 5708 NOTIE.

2134 5785 2245 5821 cere
2273 5784 2291 5821 :
2316 5766 2374 5821 Si
2402 5768 2563 5829 vales,
2593 5764 2714 5839 bene
2732 5772 2845 5839 est;
2876 5778 2964 5839 ego
2989 5760 3155 5814 valeo.
3182 5759 3335 5839 Recte
3362 5770 3412 5813 et
3448 5776 3551 5839 nos
3578 5758 3703 5839 diri-

2136 5855 2289 5891 mus:
2321 5838 2381 5891 Si
2424 5828 2828 5904 phllbsopharis,
2891 5828 3013 5885 liene
3068 5840 3165 5904 est.
3226 5828 3412 5885 Valere
3440 5831 3585 5884 enim
3616 5828 3702 5881 hac

2135 5908 2343 5964 demum
2363 5903 2437 5963 est
2452 5924 2471 5973 ;
2492 5908 2603 5963 sine
2621 5908 2715 5961 hoc
2747 5920 2879 5975 aeger
2906 5912 2983 5958 est
3007 5903 3235 5955 animus.

533 5756 644 5827 (76)
676 5758 950 5834 Τοιοῦτόν
971 5759 1564 5834 μοι-τῆς-ὲπιστολῆς
1601 5764 1667 5817 τὸ
1690 5766 2026 5834 πρόσρημα.

465 5825 671 5881 Seneca
699 5828 734 5880 l.
764 5843 826 5886 ιι.
857 5825 1017 5897 epist.
1046 5829 1113 5882 15
1145 5825 1303 5885 έΜοδ
1334 5825 1580 5905 antiquus
1620 5825 1745 5901 fuit,
1776 5825 1937 5905 usque
1961 5837 2028 5889 ad

464 5913 635 5951 meam
666 5907 901 5954 servatus
940 5909 1169 5968 wtatem,
1203 5904 1387 5971 primis
1419 5904 1652 5972 epistma:
1690 5904 1855 5961 verbis
1888 5905 2030 5977 adji-
