3928 6530
216 455 362 511 1555

1379 452 1782 526 περιετοιιιῑ.
1812 481 1884 492 -

1908 449 2126 507 EPIST.
2168 450 2348 507 CXL].
3331 436 3470 493 1534

212 570 416 639 singuli
446 576 659 624 tantum
698 586 808 625 non
842 570 1082 625 animam
1116 569 1491 625 effundebant.
1569 569 1652 624 Tu
1693 582 1824 623 vero
1860 567 2108 622 vicissim
2181 570 2424 638 equitem
2477 566 2818 638 sagittarium
2883 569 3077 617 nostro
3124 556 3347 613 nomine
3389 574 3475 610 sa-

212 664 387 719 lutes.

746 755 1092 809 ΕΠΙΣΤΟΛΠ
1146 757 1277 813 PM’.

861 842 944 908 Τῷ
975 843 1155 909 αὐτῷ.

293 935 384 1005 Μὴ
424 935 710 1006 θαυμάσης
753 937 802 989 εί
847 935 1168 1007 διακομιστῇ
1199 936 1345 989 δυοῖν
1380 933 1677 989 ἐπιστολῶν
1719 932 1800 986 ἐνὶ

215 1030 460 1101 χρῶμαι.
507 1028 667 1082 Ἀλλά
700 1028 918 1099 πρῶτον
949 1028 1051 1096 μὲν
1092 1028 1347 1082 αἰσθάνου
1394 1027 1549 1091 δίκας
1582 1010 1813 1097 ὑπέχων

216 1121 565 1192 ἐγκλήματος
608 1121 878 1188 ἀκαίρου,
924 1120 1020 1173 καὶ
1058 1119 1299 1191 ἐμφοροῦ
1342 1120 1442 1190 τῆς
1484 1118 1800 1187 ἀδολεσχίας

216 1214 410 1284 ἡμῶνο
445 1206 563 1266 εἷτα
596 1213 691 1266 καὶ
722 1211 914 1285 χρείαν
944 1211 1137 1284 ἑτέραν
1178 1211 1347 1264 ἐθέλω
1384 1228 1473 1281 μοι
1512 1209 1800 1281 πληρῶσαι

214 1306 291 1359 τὰ
333 1304 563 1375 δεύτερα
612 1304 938 1376 γράμματα.
996 1303 1142 1357 Λίτῶ
1196 1302 1306 1374 γὰρ
1362 1303 1425 1355 τὸ
1473 1302 1532 1355 ἐν
1585 1300 1802 1371 ίάμόοις

216 1400 401 1451 ἐκεῖνο
426 1398 846 1468 συνταγμάτων,
872 1398 939 1451 δι’
966 1393 1027 1453 οὗ
1058 1397 1193 1470 πρὸς
1217 1398 1315 1467 τὴν
1341 1396 1521 1468 ψυχὴν
1546 1397 1575 1448 ὁ
1602 1412 1803 1466 γεγραο

218 1488 339 1559 φὼς
364 1489 691 1557 διαλέγεται.
734 1490 886 1542 Ἐπεὶ
918 1490 1038 1543 τότε
1065 1489 1163 1559 μέν
1205 1488 1361 1559 ᾣμην
1397 1487 1506 1540 ἀπὸ
1532 1486 1634 1556 τῆς
1663 1486 1801 1556 μνή-

222 1599 335 1652 μης
381 1581 513 1635 αὐτὸ
557 1581 948 1652 συναθροίσειν.
993 1580 1107 1634 Νῦν
1149 1580 1207 1634 δὲ
1246 1579 1549 1633 κινδυνεύει
1588 1578 1648 1632 τὸ
1684 1579 1801 1631 ἀντ’

216 1674 433 1727 ἐκείνου
475 1673 640 1745 μηδὲν
674 1670 814 1728 εἶναι
845 1674 982 1745 πρὸς
1012 1675 1205 1727 ἐκεῖνο.
1242 1672 1381 1725 Ἀλλ’
1425 1671 1491 1726 ἂν
1525 1670 1803 1743 ἐπιτρέψω

216 1766 285 1819 τὸ
312 1768 567 1838 γράφειν,
604 1765 798 1838 γνώμῃ
839 1765 1036 1836 μᾶλλον
1070 1766 1103 1836 ἢ
1144 1766 1333 1837 μνήμῃ
1370 1764 1660 1836 χρήσομαι.
1692 1763 1804 1816 Καὶ

221 1856 358 1919 ἴσως
398 1858 494 1925 μὲν
523 1859 724 1927 χεῖρον,
759 1854 889 1919 ἴσως
930 1854 988 1907 δέ
1035 1854 1131 1907 καὶ
1176 1853 1408 1924 βέλτιον.
1458 1854 1533 1907 Οὐ
1582 1850 1687 1922 μὴν
1724 1851 1807 1904 δεῖ

216 1948 429 2001 τίκτειν
458 1947 538 2010 δἰς
557 1946 647 2000 τὸν
677 1946 840 2001 αὐτὸν
861 1946 1038 2011 τόκον,
1066 1944 1186 2010 ἐξὸν
1209 1945 1351 2015 ἔχειν
1370 1944 1430 1998 τὸ
1449 1943 1799 2013 τετεγμένον.

233 2040 597 2109 Ἀντίγραφον
628 2034 719 2091 οὖν
742 2037 842 2107 τῆς
870 2036 1125 2108 τετράδος
1166 2036 1511 2094 ἀπόστειλον,
1544 2035 1678 2105 πρὸς
1710 2034 1803 2097 ad;

214 2135 324 2199 τῆς
356 2130 457 2201 τῆς
481 2128 684 2199 ψυχῆς,
713 2129 780 2200 ἢν
812 2130 1037 2197 κοσμεῖν
1070 2126 1317 2195 βούλεται
1343 2126 1405 2177 τὸ
1432 2118 1653 2195 βιϐλίον·
1689 2124 1805 2177 ἀλλ’

216 2228 376 2289 ὅπως
421 2224 651 2294 τάχιστά
686 2240 745 2277 τε
788 2222 882 2276 καὶ
920 2221 1199 2290 ἀσφαλῶς,
1248 2219 1418 2272 Τοῦτο
1457 2219 1514 2271 δέ
1546 2220 1714 2280 ἐστιν,
1759 2219 1807 2270 εί

218 2317 315 2371 διὰ
347 2315 455 2368 τῶν
486 2315 697 2385 ταχέως
721 2313 818 2366 καὶ
850 2312 1067 2375 πάντως
1098 2312 1209 2382 (77)
1238 2310 1624 2364 ἀποδωσόντων
1651 2309 1809 2379 ποιή-

224 2425 365 2470 σεις.
397 2406 490 2477 Τῷ
518 2406 627 2475 γὰρ
673 2403 824 2476 παρὰ
851 2403 1076 2473 θάτερον
1114 2403 1464 2472 διαμαρτεῖν,
1498 2401 1713 2461 πάντως
1748 2399 1809 2452 ού

222 2501 508 2568 ποιήσεις·
541 2498 645 2552 κᾶν
694 2496 1070 2567 σχολαιότερον
1114 2493 1231 2565 [γρ.
1262 2491 1647 2563 σχολαίτερον]
1677 2494 1811 2544 ἁπο-

225 2592 469 2662 σ-τείλῃς,
506 2591 793 2660 ύστερήσει
822 2589 931 2659 γάρ
968 2604 1070 2658 μου
1097 2587 1195 2657 τῆς
1226 2586 1543 2657 παρουσίας,
1577 2584 1677 2638 κᾶν
1709 2583 1813 2655 δῷς

223 2683 310 2755 τῷ
339 2686 416 2754 μὴ
446 2682 662 2745 πάντως
691 2679 939 2734 δώσοντι.

745 2945 1090 3000 ΕΠΙΣΤΟΛΗ
1130 2944 1306 2998 PMA’.

632 3038 641 3045 ’
885 3035 970 3101 Τῷ
1001 3032 1180 3099 αὐτῷ.

311 3134 416 3187 Τὸν
443 3133 541 3203 μὲν
582 3128 842 3185 Ὀδυσσέα
871 3129 980 3199 (78)
1008 3128 1097 3181 διὰ
1118 3130 1219 3198 τῆς
1241 3125 1525 3197 ἐπιστολῆς
1555 3125 1820 3194 ἐπέγνων,

231 3227 449 3283 πολλῶν
482 3224 857 3293 ἐπαναγόντων
911 3223 1002 3275 ἐπὶ
1041 3221 1141 3292 τὴν
1201 3221 1420 3291 μνήμην
1469 3218 1563 3272 τοῦ
1620 3218 1819 3288 ἥρωος⁸

232 3322 328 3374 τὸν
374 3320 431 3373 δὲ
479 3317 708 3389 Πρωτέα
740 3315 1005 3387 ἠγνόησα.
1038 3314 1107 3367 Σὲ
1148 3313 1246 3384 μὲν
1284 3313 1394 3383 γὰρ
1431 3312 1560 3366 ὂντα
1600 3310 1823 3371 τοιόνδε,

1824 754 1873 811 Α

2409 752 2739 807 EPISTOLA
2801 747 2959 805 CXL.

2579 844 2786 897 Eidem.

1969 938 2089 994 Noli
2119 937 2307 991 mirari
2330 935 2472 1007 quod
2504 937 2641 990 duas
2667 934 2927 1005 epistolas
2970 929 3065 985 uni
3098 925 3305 983 homini
3351 938 3475 993 per-

1900 1030 2152 1086 ferendas
2180 1029 2441 1083 dederim.
2478 1026 2583 1082 Sed
2608 1027 2841 1096 primum
2871 1022 3092 1094 quidem
3117 1019 3256 1073 scito
3283 1029 3474 1087 pinnas

1902 1131 1955 1177 te
2014 1118 2404 1189 intempestiva:
2450 1117 2850 1172 criminatiouis
2916 1109 3256 1182 dependere,
3311 1115 3478 1176 atque

1900 1212 2065 1268 etiam
2106 1218 2292 1266 nostra
2321 1208 2649 1279 loquacitate
2684 1207 2917 1269 satiare;
2953 1202 3149 1259 deinde
3177 1214 3310 1255 vero
3330 1195 3478 1252 aliud

1901 1302 2035 1357 mihi
2087 1301 2361 1371 negotium
2404 1300 2676 1352 conﬁcere
2712 1296 3045 1365 posteriores
3086 1292 3300 1344 litteras
3328 1287 3476 1340 volo.

1902 1393 2237 1463 Opusculum
2302 1392 2446 1445 enim
2503 1388 2637 1443 illud
2712 1396 2836 1458 pcto
2901 1384 3151 1440 iambicis
3226 1379 3480 1435 versibus

1902 1485 2188 1554 scriptum,
2213 1482 2267 1536 in
2302 1498 2411 1552 quo
2434 1489 2628 1534 auctor
2682 1480 2917 1531 animam
2965 1489 3120 1530 suam
3157 1470 3477 1539 alloquitur,

1902 1576 2161 1644 quoniam
2209 1589 2331 1627 cum
2386 1572 2515 1625 illud
2563 1583 2694 1625 tunc
2734 1584 2766 1623 e
2811 1566 3076 1621 memoria
3113 1562 3373 1631 colligere
3398 1573 3484 1613 me

1908 1684 2071 1737 posse
2099 1666 2458 1728 conﬁderem,
2483 1677 2631 1717 nunc
2664 1674 2852 1714 vereor
2870 1673 2937 1713 ne
2956 1655 3102 1725 quod
3121 1669 3219 1725 pro
3241 1653 3333 1706 illo
3352 1649 3483 1705 sub-

1904 1759 2189 1820 stituatur,
2225 1755 2360 1809 nihil
2413 1754 2822 1822 comparatione
2865 1748 3094 1803 alterius
3144 1746 3239 1799 sit.
3288 1741 3393 1797 Sed
3437 1738 3485 1794 si

1904 1848 2194 1920 scriptioui
2250 1861 2368 1900 rem
2423 1846 2785 1906 commisero,
2852 1839 3065 1909 judicio
3129 1836 3307 1906 magis
3364 1842 3488 1886 utar

1906 1957 2071 2011 quam
2098 1939 2383 1997 memoria,
2419 1935 2586 2005 278
2609 1942 2663 1988 et
2690 1931 2926 1987 fortasse
2959 1927 3179 2000 quidem
3209 1926 3485 1986 deterius,

1912 2036 2149 2090 fortasse
2178 2033 2394 2087 melius.
2429 2029 2547 2083 Non
2569 2034 2654 2082 est
2688 2034 2870 2079 tamen
2902 2022 3051 2092 quod
3108 2021 3195 2075 bis
3236 2015 3489 2073 eumdem

1907 2128 2077 2183 fetum
2106 2124 2347 2195 pariam;
2381 2135 2504 2175 cum
2544 2115 2848 2189 pmsertim
2891 2113 3032 2181 ejus,
3058 2110 3202 2181 quod
3225 2108 3338 2179 jam
3374 2106 3495 2161 edi-

1907 2227 2022 2273 tum
2053 2227 2157 2280 est,
2196 2213 2352 2283 copia
2387 2226 2510 2266 esse
2538 2209 2736 2280 possit.
2774 2206 2929 2259 Mitte
2956 2204 3123 2273 igitur
3148 2200 3214 2255 ad
3242 2214 3327 2253 me
3354 2214 3496 2268 qua-

1909 2308 2133 2365 ternarii
2183 2304 2484 2373 exemplar,
2532 2316 2628 2371 per
2653 2297 2894 2352 animum
2931 2296 3112 2364 ipsum
3147 2306 3300 2362 rogo,
3330 2305 3494 2359 quem

1908 2413 2108 2454 ornare
2139 2396 2355 2450 libellus
2384 2394 2485 2447 iste
2512 2398 2746 2445 conatur
2768 2406 2784 2455 ;
2806 2386 2970 2455 idque
2992 2398 3154 2454 quam
3180 2380 3491 2440 celerrime,

1910 2500 1965 2546 et
1986 2490 2279 2543 tutissime.
2316 2486 2428 2539 Hoc
2459 2493 2639 2537 autem
2680 2481 2806 2541 erit,
2837 2479 2882 2533 si
2913 2492 3009 2547 per
3038 2491 3133 2530 eos
3161 2474 3365 2534 mittas,
3397 2471 3492 2541 qui

1911 2582 2137 2635 omnino
2165 2572 2274 2633 Sint
2304 2575 2571 2632 reddituri
2612 2593 2625 2627 :
2651 2574 2697 2628 si
2726 2571 2870 2628 enim
2898 2571 2951 2623 in
2980 2569 3246 2623 alterutro
3277 2580 3497 2634 pecces,

1913 2688 2145 2745 prorsus
2199 2669 2253 2724 id
2292 2683 2399 2723 non
2441 2665 2729 2736 perﬁcies;
2789 2663 2905 2717 sive
2980 2655 3497 2719 tardiusmiseris;

1916 2782 2003 2821 me
2028 2766 2174 2821 enim
2231 2770 2503 2831 praesente
2553 2773 2663 2812 non
2718 2750 3218 2827 pervenient;sive
3273 2749 3324 2802 ei
3378 2746 3495 2805 des,

1916 2859 2011 2930 qui
2043 2859 2231 2927 utique
2252 2870 2362 2910 non
2396 2851 2611 2907 reddat.

2437 2940 2773 2999 EPISTOLA
2807 2935 2986 2993 CXLI.

2601 3033 2813 3088 Eidem.

1996 3134 2243 3204 Ulyssem
2272 3128 2497 3201 quidem
2524 3142 2588 3182 ex
2638 3124 2869 3195 epistula
2926 3116 3185 3187 cognovi,
3218 3111 3407 3168 multis
3437 3123 3502 3163 ex

1923 3228 2088 3283 rebus
2111 3224 2179 3278 ad
2213 3222 2395 3277 herois
2452 3220 2774 3274 memoriam
2809 3212 3075 3268 reductus
3108 3227 3122 3263 :
3157 3220 3349 3262 verum
3378 3202 3503 3256 Pro-

1928 3327 2075 3373 teum
2123 3313 2394 3386 ignoravi.
2432 3309 2511 3364 Te
2560 3309 2731 3372 enim,
2761 3307 2855 3374 qui
2904 3298 3176 3371 ejusmodi
3210 3296 3310 3359 sis,
3346 3294 3509 3349 etiam

235 3414 334 3468 καὶ
370 3410 617 3483 ἡμιθέων
661 3408 856 3478 ψαύειν
895 3409 995 3461 οὐκ
1026 3408 1275 3470 ἀπεικός.
1317 3404 1459 3473 Ἐγὼ
1483 3404 1540 3457 δέ
1566 3404 1693 3459 ἄλλο
1725 3404 1818 3473 μέν

1925 3410 1992 3464 ad
2030 3405 2303 3465 semideos
2345 3402 2628 3463 accedere,
2663 3409 3010 3468 nequaquam
3096 3391 3510 3445 dissentaneum

233 3521 291 3557 τι
347 3502 537 3571 σοφός’
569 3501 711 3553 κατὰ
762 3500 819 3552 δέ
869 3498 929 3552 τὸ
962 3497 1222 3564 Δελφικὸν
1269 3496 1539 3567 γράμμα,
1590 3494 1824 3565 ἐμαυτὸν

236 3593 520 3663 ἐγνωκὼς,
560 3590 907 3653 καταδικάζω
942 3590 1129 3642 πενίαν
1154 3591 1255 3658 τῆς
1286 3586 1521 3655 φύσεως,
1561 3588 1656 3640 καὶ
1692 3587 1826 3639 ἀπο-

238 3683 496 3755 γινώσκω
558 3684 659 3751 τὴν
725 3682 805 3744 είς
861 3680 1049 3749 ἥρωας
1108 3679 1446 3748 οἰκειότηταο
1511 3676 1649 3747 πλὴν
1704 3677 1827 3730 ὅσον

244 3773 491 3847 μιμητὴς
514 3767 656 3825 εἶναι
682 3773 779 3842 τῆς
802 3770 1098 3841 ἐχεμυθίας
1126 3770 1400 3840 ηὐξάμην,
1430 3770 1497 3838 ἣν
1538 3768 1633 3820 καὶ
1658 3768 1827 3837 αὐτὴν

244 3866 311 3921 σύ
364 3883 456 3937 μοι
501 3863 757 3933 συνέχεας
796 3862 941 3916 κατὰ
984 3862 1074 3914 τὸν
1123 3862 1188 3912 ἐκ
1224 3860 1477 3931 Σπάρτης
1523 3859 1825 3913 Μενέλεων.

245 3961 413 4013 ’Ὥστε
447 3955 777 4021 κινδυνεύεις
828 3954 1080 4024 συνωρίδι
1122 3955 1422 4024 προσήκειν
1462 3951 1679 4022 ἡρώων,
1731 3951 1831 4005 οὐκ

258 4049 509 4102 ὐδυσσεῖ
545 4046 712 4117 μόνῳ.
745 4043 931 4097 Ταῦτα
967 4044 1064 4114 μὲν
1099 4042 1292 4115 ταύτῃ.
1328 4043 1438 4113 Τὴν
1469 4043 1527 4095 δὲ
1571 4043 1830 4111 ἀνεπιτη-

244 4138 499 4207 δειότητα
540 4136 635 4190 τοῦ
673 4135 905 4206 γράφειν
952 4132 1339 4203 μεμψάμενος,
1385 4133 1486 4185 οὐκ
1536 4128 1587 4185 εἷ
1622 4133 1831 4195 δίκαιος

248 4234 504 4287 ἀπαιτεῖν
554 4228 756 4299 πλῆθος
803 4226 1133 4283 άνιασόντων
1181 4226 1523 4296 γραμμάτων
1549 4242 1563 4256 ο
1598 4225 1677 4278 διὸ
1718 4242 1835 4279 συν-

250 4325 471 4380 έστειλα
517 4323 617 4393 τῆς
661 4319 950 4390 ἐπιστολῆς
984 4320 1049 4371 τὸ
1085 4319 1278 4388 μῆκοςν
1340 4317 1427 4369 ἵνα
1468 4316 1542 4388 μὴ
1594 4316 1756 4379 πόνος
1800 4313 1833 4389 ᾗ

252 4417 456 4472 πλείων
476 4412 902 4481 ἀναγινώσκοντι
936 4409 1179 4463 πλείονα.
1207 4408 1567 4480 Ἐρρωμένος,
1587 4406 1838 4477 εὐθύμως

250 4506 532 4576 διασιῴης,
567 4502 853 4573 φιλοσοφίᾳ
892 4499 1176 4572 χρώμενος
1221 4502 1301 4559 εἰς
1340 4500 1400 4551 τὸ
1435 4498 1575 4551 Θεῖον
1609 4499 1839 4569 ποδηγε-

251 4600 445 4671 τούσῃ,
474 4595 792 4662 ἀξιάγαστεσ
818 4593 908 4645 τὸν
943 4592 1241 4661 θαυμάσιον
1266 4591 1480 4659 κόμητα
1516 4592 1628 4661 (73)
1667 4591 1837 4662 πρόσ-

254 4706 400 4748 ειπε,
437 4687 576 4758 πρὸς
626 4685 685 4738 ὃν
711 4679 1155 4752 αὐτοπροσὼπως
1208 4680 1477 4732 ποιεῖσθαι
1506 4682 1839 4751 προσρήσεις

1928 3510 2035 3557 est.
2072 3498 2182 3569 Ego
2208 3511 2336 3550 vero
2367 3496 2597 3549 aliarum
2652 3490 2873 3561 quidem
2917 3486 3153 3540 fortasse
3188 3495 3370 3534 rerum
3404 3490 3512 3528 non

1930 3591 2253 3661 imperitus;
2285 3596 2566 3645 caaterum,
2592 3581 2749 3651 juxta
2805 3574 3122 3645 Delphicam
3153 3572 3512 3628 sententiam,

1930 3684 2202 3751 meipsum
2258 3691 2521 3737 noscens,
2555 3680 2811 3725 naturam
2844 3666 3044 3735 inopia:
3085 3676 3150 3716 ac
3181 3654 3514 3729 paupertatis

1931 3776 2261 3833 condemno,
2294 3782 2621 3835 omnemque
2671 3779 2701 3816 a
2734 3776 2819 3815 me
2858 3774 2983 3812 cum
3035 3752 3293 3809 heroibus
3337 3745 3515 3800 aflini-

1932 3874 2100 3921 tatem
2129 3862 2417 3933 ahjudico;
2448 3858 2555 3912 nisi
2610 3853 2758 3925 quod
2808 3851 3034 3904 illorum
3084 3838 3515 3898 taciturnitatem

1934 3956 2136 4014 imitari
2192 3955 2528 4014 voluissem,
2579 3962 2742 4017 quam
2807 3946 2982 4012 ipsam
3033 3946 3213 3991 tamen
3259 3927 3516 4003 Spartani

1935 4029 2085 4105 illius
2136 4045 2362 4101 Menelai
2420 4046 2597 4097 instar
2656 4036 2785 4091 mihi
2844 4025 3230 4091 conturbasti;
3274 4023 3522 4088 adeoque

1934 4141 2142 4197 videris
2171 4154 2279 4194 non
2309 4136 2373 4191 ad
2407 4133 2662 4204 Ulyssem
2688 4141 2877 4187 unum,
2913 4126 3006 4180 sed
3056 4120 3123 4173 ad
3158 4118 3387 4204 heroum
3417 4124 3517 4204 par

1937 4228 2071 4283 illud
2103 4224 2398 4297 pertinere.
2443 4200 2547 4274 Sed
2584 4217 2653 4271 de
2699 4214 2785 4268 his
2821 4211 3112 4264 hactenus.
3149 4200 3286 4255 Cum
3338 4203 3520 4296 autem

1938 4319 2164 4373 minimc
2186 4325 2240 4370 te
2270 4312 2336 4367 ad
2382 4307 2733 4366 scribendum
2772 4301 3029 4356 idoneum
3064 4310 3189 4351 esse
3214 4290 3391 4349 dicas,
3422 4286 3525 4338 im-

1939 4410 2135 4463 merito
2167 4422 2197 4460 a
2224 4420 2312 4460 me
2341 4404 2649 4456 litterarum
2684 4394 2919 4464 c0piam,
2946 4403 3067 4460 qum
3092 4385 3188 4443 tibi
3217 4378 3524 4435 molestiam

1939 4502 2184 4556 allatura:
2215 4503 2366 4561 sunt,
2396 4491 2681 4562 efﬂagitas.
2735 4486 2945 4540 Idcirco
2994 4477 3245 4551 epistolae
3288 4470 3499 4539 longitu

1944 4688 2081 4757 pias.
2117 4680 2442 4742 Incolumis,
2486 4673 2786 4741 hilarisque
2814 4665 3102 4738 persistas,
3121 4653 3525 4749 philosophiam

254 4740 605 4844 ἑαυτοῖςιούκ
638 4740 1038 4846 ἐπετρέψαμεν.
1074 4740 1147 4824 To
1180 4772 1286 4841 γὰρ
1317 4772 1381 4824 ἐκ
1410 4773 1507 4841 τῆς
1542 4740 1818 4844 ποιησεωςλ

1940 4740 2233 4835 adhibens,
2271 4786 2393 4843 qua:
2418 4776 2471 4823 te
2502 4766 2569 4820 ad
2599 4763 2782 4819 divina
2820 4756 3104 4829 perducat,
3134 4749 3310 4804 amice
3338 4740 3529 4837 impri-

257 4875 365 4929 mis
397 4870 793 4941 amplecteude.
824 4865 1115 4935 Egregium
1151 4863 1413 4917 comitem
1443 4830 1667 4926 saluta;
1707 4830 1870 4937 quem
1913 4830 1993 4925 ex?
2053 4830 2305 4938 persoha.
2338 4860 2553 4932 propria
2608 4855 2871 4915 satulare,
2912 4848 3071 4903 nobis
3113 4840 3249 4913 ipsis
3302 4830 3531 4906 ρεηιηι..

257 4982 377 5029 tere
408 4968 709 5024 noluimus.
746 4962 861 5017 Hoc
888 4961 1033 5015 enim
1071 4976 1134 5014 ex
1162 4958 1309 5027 poesi
1345 4958 1596 5027 ductum,

410 5068 580 5133 Ἀρχε
599 5076 611 5091 ·
648 5060 730 5115 σὺ
760 5060 871 5130 γὰρ
904 5053 1146 5126 γενεῆφι
1175 5053 1487 5122 νεώτερος·

2288 5048 2467 5116 Incipe
2494 5060 2512 5099 :
2541 5052 2671 5098 natu
2691 5040 2879 5095 etenim
2905 5046 2960 5087 tu
2975 5032 3198 5103 junior;

261 5181 505 5250 πολέμου
542 5176 640 5247 μὲν
668 5174 778 5244 γὰρ
806 5172 902 5225 καὶ
934 5173 1175 5232 στάσεως
1201 5169 1499 5238 ἄρχεσθαι,
1529 5170 1727 5224 δικαιοῖ
1753 5170 1814 5224 τὸ

1954 5158 2023 5214 ad
2066 5156 2267 5212 bellum
2297 5152 2540 5224 quidem,
2573 5163 2637 5203 ac
2682 5144 3005 5203 seditionem
3054 5133 3252 5204 prmire
3291 5116 3533 5200 iunioris

2366 5247 2377 5250 ‘
2412 5247 2422 5250 “
2621 5242 2652 5250 ·-
2704 5239 2734 5250 ν·
2886 5242 2987 5250 --μ-
3040 5224 3210 5250 ..Ιίὶιιζη
3275 5222 3502 5250 ..η-,ἴαι-ζα

261 5222 826 5340 νέονονφιλοιφροσύνῗης
854 5264 909 5317 δὲ
936 5262 1025 5315 τὸν
1050 5222 1441 5332 πρεσϐύτερον.
1487 5222 1696 5334 ’Καίτοι
1714 5222 1818 5333 παρ

1953 5268 2079 5309 esse
2119 5250 2250 5305 dicit
2274 5265 2290 5313 ;
2314 5247 2381 5302 ad
2412 5239 2770 5300 humanitatis
2810 5242 2991 5288 autem
3035 5224 3236 5291 ofﬁcia,
3274 5222 3528 5278 senioris.

1514 5390 1697 5450 DlON.
1751 5392 2029 5448 PETAYII
2063 5386 2300 5445 NOTAE.

344 5544 457 5609 (77)
492 5543 592 5596 Διὰ
628 5538 745 5593 τῶν
770 5536 1017 5609 ταχέως,
1057 5548 1153 5584 κα.
1194 5530 1452 5609 πᾴνζως.
1493 5531 1689 5609 ln_vct_.
1724 5531 1818 5609 cod

2030 5528 2144 5609 (νει
2174 5516 2685 5609 summa
2703 5496 3507 5609 ιε..’ςδξεῖ.ιίέέι;..ξξξειῖῑιῖῖ

344 5568 392 5609 (ι
416 5568 457 5605 Η
492 5568 592 5596 utu
628 5568 744 5593 lwr
774 5568 1017 5605 ιαιοως,
1057 5568 1153 5584 nu-
1194 5568 1452 5596 "areu...
1493 5568 1546 5586 ιιι
1588 5568 1689 5586 ιιι-ι
1725 5568 1818 5585 υνυ

268 5625 392 5671 erat
421 5612 627 5682 ταχέως
656 5610 891 5682 πάντως.
944 5605 1055 5658 Nos
1109 5603 1439 5682 particulam
1469 5603 1562 5655 καί
1600 5601 1818 5682 adiungi

1955 5568 2146 5656 ratvt‘t’d
2175 5568 2927 5667 lgirhesiumJllerctiliauus,
2961 5592 3128 5645 seque
3160 5587 3283 5643 cum
3318 5568 3533 5638 Ulyss»,

2102 5666 2142 5682 "
2215 5674 2226 5682 -
2324 5662 2615 5682 σμηιΑέ-ηη
2650 5660 3058 5682 ηηη.ηα,αυονηι

272 5701 421 5745 "HIS,
452 5660 625 5753 quam:
646 5660 917 5753 sententia
949 5660 1281 5753 postulabat.
1316 5671 1396 5725 uti
1434 5660 1723 5742 sequentia
1754 5672 1852 5724 de-
1955 5688 2079 5726 cum
2102 5660 2300 5722 Proteo
2324 5662 2617 5731 Synesium
2649 5660 3084 5753 corirparavergl.
3167 5712 3278 5753 ,ΜΠ
3327 5701 3496 5753 imam

1277 5743 1287 5753 ι
1336 5743 1368 5753 ι.
1597 5749 1605 5753 .
1642 5750 1648 5753 Α
1743 5740 1776 5753 ι-
2034 5741 2136 5753 ι-Αι
2189 5737 2251 5753 ...ι
2342 5728 2670 5753 Δημηέι-..Αρ-
2710 5742 2762 5753 ιιι.
2789 5737 2935 5753 "non
3045 5729 3179 5753 mnnl

2324 5703 2956 5810 :idimta.
3002 5712 3278 5771 Paeonium
3327 5703 3523 5762 intelli'

273 5740 511 5809 claraut.
552 5752 667 5817 ί),υο
681 5750 825 5805 enim
856 5740 1096 5801 cav'euda
1126 5743 1397 5817 praecipit,
1422 5740 1613 5817 neaut
1636 5740 1851 5817 tardius

1955 5792 2069 5883 gitti
2090 5792 2224 5864 Vide
2244 5792 2615 5877 opuscfﬂepl
2639 5792 2850 5863 δώρου.

274 5840 340 5949 fa
368 5812 705 5890 mittat,'aut
738 5836 834 5891 per
869 5833 994 5874 eum
1037 5816 1239 5883 mittat,
1262 5814 1359 5885 qui
1388 5814 1615 5869 minime
1640 5812 1716 5867 sit
1752 5812 1850 5866 da-

305 5910 461 5949 urus.

305 5910 461 5950 urus.
