3892 6522
492 428 632 485 1555

1545 439 1843 511 SYNESII,
1884 441 2352 501 PTOLEMMDIS
2406 448 2715 507 EPISCOPI

3614 464 3730 521 £36

490 544 608 599 Etsi
640 561 781 615 apua
812 563 897 602 me
924 561 1060 603 sane
1090 548 1146 604 in
1176 551 1382 609 honore
1410 554 1499 611 ille
1528 568 1633 620 est,
1661 573 1899 629 eumque
1934 575 2023 629 per

2125 562 2281 631 ,ἐμοὶ
2320 562 2498 635 τίμιος
2532 567 2562 619 ὁ
2599 568 2739 639 ἀνὴρ
2782 570 2879 624 καὶ
2918 573 3123 638 παντὸς
3168 574 3341 643 ἄξιος,
3386 578 3453 643 ὃς
3502 582 3727 637 παιδείαν

489 637 667 704 magni
707 636 868 702 facio,
899 640 991 709 qui
1025 641 1330 698 doctrinam
1368 654 1530 717 atque
1588 649 1835 704 militiam
1872 651 2063 721 ingen-

2165 656 2259 708 καὶ
2312 658 2596 726 στρατείαν
2636 660 3139 734 διατετειχισμένας
3192 667 3440 738 θριγγοίς
3489 673 3727 741 μεγαλοις

489 717 633 780 ιῆωε
682 730 850 797 septis
910 745 940 782 a
994 747 1055 786 se
1112 732 1343 790 invicem
1406 737 1682 794 disclusas
1740 743 1953 810 primus
2003 742 2019 795 i

2161 745 2271 798 τῶν
2297 717 2536 820 ἐφ’-ἡμῖν
2564 750 2727 823 μόνος
2754 754 2833 818 είς
2860 717 3054 810 τῆαυτὺν
3079 717 3251 828 ἠγαγὲ
3411 717 3726 835 ἆξψῖ

487 833 656 870 unum
685 818 939 886 adduxit;
965 822 1245 893 antiquam
1269 828 1321 879 in
1354 828 1609 898 utrisque
1637 830 1836 886 studiis
1869 849 2061 900 quam-

482 908 608 962 dam
662 913 1119 970 necessitudinem
1149 917 1436 976 inveniens
1466 937 1479 973 :
1513 936 1751 991 cumque
1804 925 2056 995 magniﬁ-

2162 836 2400 891 παλαιάν
2428 857 2554 895 τινα
2585 841 2822 914 ἐξευρὼν
2858 846 2916 899 ἐν
2944 851 3057 911 τοῖς
3094 851 3497 921 ἐπιτηδεύμασι
3531 854 3727 921 τούτοις

483 1002 663 1055 centia
714 1011 863 1057 tanta
906 1007 1167 1074 praeditus
1213 1011 1304 1077 sit,
1343 1022 1545 1081 quanta
1603 1031 1761 1071 nemo
1811 1033 2023 1088 unquan

2154 1021 2375 1092 τιώτης,
2403 1024 2470 1077 ὲκ
2494 1002 2751 1092 γειτόνων
2768 1002 2884 1099 ⁷τῆς
2932 1002 3431 1109 μεγαλοφροσύνης.
3448 1002 3731 1107 παρουίαῦ-

482 1092 739 1150 militaris
771 1095 954 1162 horno,
990 1100 1039 1152 in
1065 1103 1486 1171 magniﬁcentiae
1533 1108 1774 1164 conﬁnio
1818 1112 2023 1179 positan

2155 1129 2256 1166 σαν
2286 1113 2386 1185 τήν
2414 1115 2730 1181 ἀλαζονείαν
2756 1121 3035 1191 ἐκφεύγει.
3072 1124 3174 1178 Τὸν
3199 1123 3294 1181 οὖν
3330 1128 3610 1193 τοιοῦτον,
3639 1132 3730 1185 xiv

480 1188 849 1255 arrogantiam
873 1188 1096 1246 devitat.
1128 1191 1311 1248 Talem
1354 1197 1517 1267 igitur
1549 1200 1749 1265 virum,
1780 1204 1881 1258 etsi
1910 1205 2047 1259 nihil

480 1276 739 1336 scribam.
768 1279 1086 1350 diligo;etsi
1120 1285 1442 1356 obsequium
1478 1291 1686 1346 nullum
1716 1293 2049 1365 impendam,

482 1366 685 1425 honore
712 1386 1041 1443 prosequor.

877 1466 1044 1537 279
1072 1466 1405 1525 EPiSTOLA
1439 1473 1648 1531 CXLII.

1155 1561 1337 1615 Eidem
1348 1603 1362 1617 .

546 1640 768 1699 Minime
803 1661 935 1702 vero
1000 1657 1083 1716 tu,
1140 1653 1487 1720 charissime,
1528 1660 1856 1728 promissam
1910 1664 2044 1719 mihi

475 1732 634 1788 ﬁdem
692 1737 938 1805 exhibes,
980 1750 1032 1795 te
1078 1758 1201 1812 quae
1234 1749 1559 1803 occultanda
1595 1761 1803 1816 essent,
1835 1757 2042 1813 nemini

471 1841 711 1895 unquam
757 1845 882 1884 esse
934 1835 1491 1894 communicaturum.
1523 1840 1656 1895 Nam
1683 1860 1784 1914 ego
1806 1850 2042 1903 nonnul-

472 1916 552 1970 los
575 1919 672 1973 abs
695 1930 744 1973 te
761 1921 1036 1990 profectos
1054 1925 1260 1993 audivi,
1283 1930 1374 1997 qui
1398 1932 1607 2002 aliquot
1619 1937 1786 1991 verba
1809 1955 2039 1998 comme-

469 2019 764 2076 morantes,
806 2029 1027 2068 sensum
1058 2032 1247 2072 eorum
1281 2022 1388 2075 sibi
1409 2040 1438 2075 a
1468 2041 1552 2079 me
1574 2030 1816 2095 patelieri
1850 2041 2039 2102 postu-

468 2094 669 2151 labant.
698 2097 809 2154 Nos
831 2110 1034 2166 autem,
1066 2122 1220 2163 more
1248 2118 1464 2178 nostro,
1494 2130 1669 2185 neque
1702 2122 2037 2181 monimenta

466 2187 622 2241 nobis
646 2189 747 2244 ista
794 2192 1209 2262 viudicavimus,
1247 2218 1427 2273 neque
1453 2222 1516 2261 ea
1563 2224 1896 2279 cognoscere
1934 2234 2037 2275 nos

461 2273 715 2332 diximus.
740 2278 889 2351 Opus
916 2286 1101 2357 itaque
1148 2290 1222 2345 ibi
1255 2293 1372 2361 jam
1422 2312 1531 2352 non
1572 2312 1764 2358 nostra
1793 2320 2037 2366 commo-

460 2364 668 2423 nitione
695 2379 813 2439 est;
845 2375 1027 2431 minor
1080 2389 1164 2434 est
1194 2383 1360 2449 enim,
1402 2400 1567 2455 quam
1618 2398 1675 2444 ut
1706 2398 2037 2462 persuadere

459 2454 559 2510 tibi
585 2461 789 2529 possit;
822 2464 920 2518 sed
964 2465 1181 2537 Lysidis
1208 2454 1534 2545 Pythagorei
1564 2481 1632 2535 ad
1664 2454 2033 2556 Hipparchum

456 2547 744 2613 epistolam
774 2569 997 2625 quaere;
1034 2576 1198 2629 quam
1232 2566 1411 2621 sicubi
1438 2568 1732 2641 inveneris,
1758 2578 1861 2634 hoc
1898 2584 2034 2639 mihi

455 2641 788 2707 gratiﬁcare,
825 2657 885 2701 ut
935 2666 1054 2705 eam
1104 2655 1303 2724 saepius
1341 2661 1572 2731 relegas.
1614 2666 1873 2727 Fortasse
1919 2691 2031 2731 non

456 2730 645 2787 leviter
670 2744 722 2791 te
755 2753 1040 2809 perperam
1072 2745 1177 2800 ista
1206 2730 1492 2821 evulgasse
1518 2760 1802 2827 paeniteat.
1824 2764 2033 2823 Etenim

451 2821 508 2875 in
557 2825 738 2895 vulgus
767 2830 1131 2904 phtlosapltari
1155 2839 1252 2908 (ita
1308 2844 1400 2898 ille
1432 2821 1630 2904 nenec
1673 2853 1901 2924 loquens
1932 2821 2029 2932 an)

454 2928 700 2983 magnum
730 2919 783 2971 in
815 2920 1086 2981 hominum
1133 2946 1295 2999 genus
1333 2946 1684 3008 contemptum
1728 2946 2031 3007 divinarum

450 3018 627 3058 rerum
650 3007 865 3067 invexit.
903 3014 1035 3070 Nam
1072 3035 1172 3091 ego
1223 3038 1349 3078 cum
1386 3029 1663 3102 plerisque
1690 3042 1896 3095 versari
1924 3058 2032 3099 me-

448 3094 583 3149 mini
630 3113 738 3153 non
770 3104 932 3158 modo
961 3108 1197 3175 pridem,
1238 3115 1335 3169 sed
1371 3126 1425 3171 et
1464 3135 1659 3191 nuper,
1688 3125 2026 3200 hominibus,

2155 1205 2230 1275 μὴ
2257 1205 2474 1277 γράφω,
2502 1210 2641 1279 φιλῶ
2662 1227 2677 1243 ’
2706 1211 2809 1266 κᾶν
2838 1214 2914 1285 μὴ
2941 1214 3245 1285 θεραπεύω,
3276 1221 3454 1290 τιμῶ.

2639 1479 2990 1536 ΕΠΙΣΤΟΛΗ
3048 1484 3227 1539 PMB’.

2780 1571 2870 1637 Τῷ
2906 1572 3085 1639 αὐτῷ.

2217 1655 2332 1709 Οὐκ
2359 1656 2615 1727 ὲμπεδοῖς
2642 1658 2712 1712 τά
2737 1659 3135 1730 ὡμολογημένα
3171 1662 3313 1734 πρὸς
3353 1665 3533 1733 ἡμεῖς,
3573 1661 3619 1719 ὦ
3656 1685 3726 1734 ςι-

2142 1746 2323 1817 λότης,
2356 1748 2432 1819 μὴ
2460 1748 2707 1803 ἔκπυστα
2744 1749 2860 1820 [γρ.
2894 1751 3133 1821 φιλότης,
3166 1754 3249 1807 ἐκ.
3299 1753 3412 1825 π.]
3460 1759 3637 1808 ποιεῖν
3666 1760 3724 1808 τὰ

2142 1832 2268 1897 ἄξια
2297 1835 2656 1904 κρύπτεσθαι.
2708 1837 2799 1900 Ὧς
2831 1838 2941 1907 ἐγώ
2967 1856 3127 1893 τινων
3156 1842 3368 1911 ἤκουσα
3394 1844 3513 1896 τῶν
3540 1846 3722 1912 ἀφικο-

2145 1924 2323 1994 μένων
2350 1925 2463 1997 [γρ.
2492 1928 2930 2001 ἀφικνουμένων]
2959 1931 3113 2002 παρά
3144 1933 3259 1999 σοῦ,
3301 1934 3353 1986 οἶ
3401 1937 3504 1987 καὶ
3536 1936 3722 2001 ﬁgam

2139 2016 2297 2081 ἐινίων
2340 2018 2697 2088 μεμνημένοι,
2729 2019 2826 2090 τὴν
2869 2020 3108 2077 διάνοιαν
3153 2023 3319 2094 ᾔτουν
3362 2027 3561 2089 animi;
3602 2031 3721 2098 παρ’

2138 2107 2294 2176 ἡμῶν
2347 2108 2843 2165 ἀνακαλύπτεσθαι.
2906 2111 3044 2165 Ἀλλ’
3098 2114 3260 2185 ἡμεῖς
3314 2116 3411 2168 τὸν
3464 2119 3719 2189 ἡμέτερα

2135 2197 2357 2267 τρόπον,
2412 2199 2507 2253 καὶ
2551 2200 2690 2272 πρὸς
2723 2201 2921 2266 αὐτοὺς
2959 2204 3083 2258 οὔτε
3135 2208 3597 2280 μετεποιήθημεν
3622 2211 3718 2262 τῶν

2138 2291 2606 2362 συγγραμμάτων,
2639 2290 2752 2345 οὔτ’
2786 2293 3171 2362 ἐπιγινώσκειν
3197 2298 3342 2351 αύτά
3370 2297 3614 2369 ἔφαμεν.
3640 2304 3719 2355 Δεῖ

2133 2383 2197 2454 δή
2244 2401 2327 2437 σοι
2371 2383 2653 2448 νουθεσίας
2682 2384 2859 2440 οὐκέθ’
2892 2389 3187 2459 ἡμετέρας,
3222 2383 3271 2444 ὦ
3302 2391 3441 2461 φίλη
3480 2395 3716 2464 κεφαλή⁶

2139 2474 2312 2545 μικρά
2338 2474 2467 2546 γὰρ,
2506 2474 2541 2546 ἢ
2584 2475 2726 2531 ὥστε
2771 2494 2832 2531 σε
2862 2478 3091 2533 πείθεινο
3124 2482 3226 2552 τὴν
3251 2482 3313 2535 δὲ
3349 2482 3593 2548 Λύσιδος
3632 2486 3716 2539 τού

2135 2566 2508 2636 Πυθαγορείου
2544 2568 2682 2639 πρὸς
2713 2570 3021 2642 Ἵππαρχον
3039 2573 3334 2643 ἐπιστολὴν
3363 2574 3714 2645 ἐπιζήτησον,

2135 2658 2236 2710 κάν
2269 2675 2373 2711 που
2408 2659 2728 2731 περιτύχῃς,
2758 2662 2880 2732 ἐμοὶ
2909 2664 3129 2734 χάρισαι
3154 2664 3220 2718 τὸ
3260 2666 3529 2721 πολλάκις
3564 2669 3713 2722 ἐπὶ·

2134 2751 2265 2806 θεῖν.
2302 2753 2436 2823 Τάχ’
2478 2754 2546 2808 ἂν
2591 2756 2792 2828 ἰσχυρά
2834 2772 2916 2810 σοι
2966 2756 3173 2825 γένοιτο
3212 2760 3488 2828 μετάνοια
3528 2763 3628 2831 τῆς
3659 2766 3711 2815 οὐ

2130 2845 2357 2917 δεούσης
2413 2848 2745 2917 ὲκφάνσεως.
2800 2849 2870 2902 Τὸ
2907 2848 3017 2920 γὰρ
3061 2850 3328 2920 δαμοσίᾳ
3374 2858 3714 2923 φάσσαι-,τέν-

2133 2937 2310 3007 (οὖτω
2342 2938 2452 3011 γάρ
2473 2957 2592 3004 πως
2617 2941 2646 2992 ό
2668 2940 2838 3006 Λύσις
2869 2941 3206 3015 ὑποδωρίσας
3228 2944 3435 3015 λέγει’)
3459 2948 3713 3016 μεγάλης

2129 3034 2218 3097 εἰς
2245 3031 2595 3101 ἀνθρώπους
2629 3028 2776 3103 ἦρξε
2812 3032 2931 3099 τῶν
2971 3035 3145 3090 θείων
3182 3041 3709 3107 καταφρονήσεως.

2142 3124 2294 3178 Ἐπεί
2315 3141 2400 3178 τοι
2430 3124 2773 3194 συγγεγονὼς
2801 3124 2913 3194 ἐγώ
2940 3144 3081 3181 τισιν
3102 3121 3239 3192 οἶδα,
3270 3130 3366 3182 καὶ
3397 3130 3572 3183 πάλαι
3602 3134 3709 3200 μὲν,

448 3183 541 3249 qui
574 3186 719 3253 quod
756 3197 967 3248 temere
1010 3202 1359 3267 angustiores
1384 3207 1595 3279 aliquot
1619 3218 1843 3275 voculas
1869 3223 2023 3277 audi-

2130 3219 2270 3290 ἀτάρ
2300 3236 2385 3273 τοι
2419 3183 2522 3274 καὶ.
2540 3183 2788 3290 ἔναγχος,
2815 3183 3141 3292 ἀνθρώποις,
3162 3222 3214 3276 οἳ
3247 3223 3342 3277 διὰ
3367 3225 3436 3278 τὸ
3474 3227 3712 3297 ageam;

444 3286 659 3342 verant.
692 3281 795 3337 sibi
813 3284 951 3355 ipsis
975 3305 1084 3345 non
1110 3295 1417 3368 crederent,
1438 3318 1519 3368 se,
1542 3306 1621 3360 uti
1640 3309 1820 3380 reipsa
1842 3324 2018 3384 erant,

445 3368 685 3436 plebeios
710 3383 763 3428 et
790 3376 1071 3446 imperitos
1097 3398 1241 3450 esse;
1260 3404 1324 3443 ac
1349 3397 1609 3463 superbia
1633 3368 1804 3457 inﬂati
1831 3368 2017 3465 divina

444 3459 697 3540 dogmata
724 3482 1160 3540 corrumperent,
1187 3480 1308 3548 ejus
1340 3484 1421 3538 rei
1448 3491 1827 3558 magisterium
1857 3515 2021 3555 usur-

444 3553 647 3620 pando.
679 3557 840 3627 cujus
875 3577 1152 3634 nunquam
1186 3582 1345 3627 erant
1373 3578 1679 3635 rudimenta
1711 3594 2013 3649 consecuti.

440 3642 622 3712 Atque
661 3647 825 3705 iidem
861 3660 1042 3710 tamen
1081 3669 1193 3715 tres
1238 3676 1541 3733 quatuorve
1579 3674 1860 3734 auditores
1909 3684 2015 3739 sibi

440 3738 886 3810 conciliaverant,
912 3747 1029 3816 qui,
1071 3754 1217 3821 quod
1255 3757 1323 3812 ad
1357 3760 1598 3817 animum
1624 3769 1835 3837 attinet,
1867 3776 2017 3832 nulla

440 3825 496 3882 in
526 3844 585 3884 re
615 3831 684 3886 ab
704 3837 971 3905 operariis
998 3839 1308 3914 diﬁerrent;
1336 3864 1437 3906 nec
1462 3868 1652 3913 eorum
1678 3862 1846 3932 aliqui
1880 3866 2017 3923 lihe-

439 3919 643 3977 ralibus
662 3937 821 3981 erant
850 3944 1088 4001 unquam
1113 3935 1421 4010 disciplinis
1444 3948 1669 4003 exculti.
1687 3919 1823 4008 Mira
1845 3958 2013 4026 enim,

436 4024 501 4064 ac
538 4013 767 4071 subdola
801 4021 1048 4088 quaedam
1090 4036 1179 4083 res
1208 4039 1292 4083 est
1327 4046 1466 4087 vana
1500 4036 1571 4092 de
1606 4054 1705 4096 sua
1743 4013 2014 4116 sapientia

435 4106 743 4171 persuasio,
778 4125 899 4179 qua:
932 4112 1076 4170 inter
1104 4117 1392 4188 imperitos
1436 4125 1575 4183 nihil
1603 4106 1843 4201 recusat,
1876 4138 2014 4193 nihil

435 4209 542 4249 non
576 4195 981 4261 inconsiderate
1010 4210 1257 4281 suscipit.
1292 4215 1437 4281 Quid
1464 4221 1610 4275 enim
1643 4195 1863 4282 inscitia
1891 4244 2016 4287 esse

433 4289 608 4355 possit
625 4292 924 4349 audacius?
946 4295 1001 4351 In
1027 4300 1079 4355 id
1108 4317 1211 4372 ego
1232 4320 1404 4374 genus
1432 4316 1805 4384 arrogantium
1831 4319 2012 4377 homi-

432 4394 585 4446 num,
612 4392 871 4453 tanquam
904 4388 1061 4447 fucos
1083 4398 1373 4465 quosdam,
1405 4402 1679 4472 incidens,
1706 4411 1799 4480 qui
1835 4428 2014 4485 neque

430 4469 714 4529 doctrinas
760 4479 1019 4545 calleant,
1052 4499 1231 4557 neque
1262 4500 1695 4565 concupiscant;
1730 4504 2008 4560 nationem

441 4560 602 4616 istam
639 4580 891 4635 perosus,
913 4588 1025 4629 non
1060 4573 1220 4633 aliam
1252 4582 1596 4644 educationis
1628 4591 1845 4647 illorum
1876 4610 2007 4652 cau-
2038 4575 2083 4630 Ῑ)

428 4667 545 4706 sam
578 4655 817 4725 invenio,
845 4679 1010 4734 quam
1040 4671 1187 4739 quod
1214 4671 1416 4745 inepte,
1448 4686 1614 4750 atque
1639 4692 1766 4739 ante
1794 4692 2009 4757 tempus

429 4743 585 4801 initio
612 4746 845 4808 fortasse
869 4766 998 4811 sunt
1021 4760 1090 4815 ab
1120 4767 1205 4819 sui
1240 4743 1604 4827 similibus-ad
1631 4743 2005 4845 exquisitissi-

428 4850 639 4891 marum
664 4855 845 4897 rerum
867 4845 1203 4907 auditionem
1229 4854 1478 4914 admissi.
1506 4859 1589 4915 Ob
1618 4862 1733 4919 haec
1760 4864 2008 4934 philoso-

427 4928 566 4999 phiae
585 4947 868 4992 sacrorum
892 4949 1079 4999 custos
1100 4954 1165 5000 οι·
1182 4947 1299 5017 ipse
1330 4951 1645 5024 diligentior
1665 4972 1812 5023 sum,
1841 4968 1895 5013 et
1926 4964 2003 5017 uti

423 5040 546 5081 esse
572 5028 725 5094 velis,
752 5031 914 5087 etiam
944 5043 1106 5105 atque
1135 5040 1299 5095 etiam
1324 5058 1476 5117 rogo.
1513 5048 1669 5115 Quod
1697 5052 1842 5107 enim
1863 5052 2003 5110 Her-

424 5115 640 5173 culiano
664 5120 765 5176 ista
782 5137 1025 5196 congrua
1044 5128 1174 5194 sint,
1191 5132 1361 5200 probe
1380 5115 1516 5191 scio.
1541 5137 1617 5195 Te
1637 5149 1817 5197 autem
1837 5157 2000 5214 opor-

425 5212 522 5270 tet,
563 5209 612 5263 si
644 5211 708 5266 ad
745 5215 1146 5288 philosophiam
1185 5223 1403 5281 sincere
1435 5233 1760 5297 accesseris,
1803 5250 1995 5293 eorum

423 5301 700 5355 consortia
744 5303 1015 5375 devitarc,
1048 5312 1141 5380 qui
1198 5313 1270 5368 ab
1317 5330 1380 5370 ea
1432 5326 1564 5373 sunt
1595 5320 1779 5389 alieni,
1833 5327 1998 5399 280

422 5392 624 5462 quique
655 5393 793 5451 falsa
823 5402 1178 5471 usurpatione
1206 5420 1476 5463 summam
1508 5409 1654 5467 illius
1679 5392 1995 5485 dignitatem

423 5481 781 5544 adulterando
835 5504 1214 5562 corrumpunt.
1267 5498 1370 5554 Per
1413 5502 1666 5558 amicitiae
1710 5481 1993 5575 praesidem

1061 5553 1071 5562 _
1321 5553 1331 5554 ,
1420 5553 1460 5554 η
1710 5553 1991 5575 rum“...

379 5553 390 5567 ’
423 5571 592 5629 Deum
634 5578 899 5643 obtestor,
929 5600 998 5638 ne
1029 5584 1083 5640 in
1128 5588 1251 5645 illos
1276 5590 1415 5647 hanc
1456 5597 1742 5665 epistolam
1775 5599 1991 5658 eﬂ‘cras.

2122 3309 2419 3380 ἀκηκοέναι
2443 3311 2726 3381 ῥηματίων
2747 3312 3107 3384 σεμνοτέρων,
3136 3314 3465 3386 ἠπίστησαν
3484 3318 3709 3380 ἑαυτοῖς,

2120 3402 2257 3471 ὅπερ
2286 3395 2447 3472 ἦσαν,
2483 3400 2720 3466 ἰδιώταις
2751 3398 2911 3467 εἶναι,
2944 3404 3038 3457 καὶ
3067 3404 3245 3477 φύσης
3278 3407 3707 3478 ἐμπλησθέντες,

2119 3492 2385 3560 ἐμόλυναν
2422 3491 2686 3548 θεσπέσια
2718 3493 2962 3565 δόγματα
2992 3538 3007 3563 ,
3050 3500 3419 3569 μεταποιήσει
3463 3500 3710 3553 διδασκα-

2121 3582 2286 3647 λίαςο,
2328 3576 2404 3638 ὧν
2440 3585 2543 3638 οὐκ
2586 3586 2893 3659 εὐτύχησαν
2931 3587 3189 3659 μάθησιν.
3226 3590 3342 3642 Καὶ
3387 3592 3591 3661 μέντοι
3620 3597 3707 3647 καὶ

2117 3674 2245 3735 τοὺς
2277 3673 2913 3751 θαυμασομένουςτρεῖς
2937 3696 3113 3743 τινας,
3158 3680 3191 3751 ἢ
3227 3681 3525 3753 τέτταρας,
3563 3686 3707 3739 οὐδὲν

2119 3766 2446 3831 ἀποδέοντας
2498 3768 2796 3840 βαναύσους
2848 3766 3020 3837 εἶναι,
3078 3772 3139 3825 τό
3195 3790 3259 3841 γε
3309 3778 3461 3829 κατά
3509 3778 3704 3847 ψυχὰς,

2117 3859 2515 3931 ἀνηρτήσαντο,
2554 3862 2689 3933 μηδὲ
2731 3861 2819 3916 διὰ
2848 3864 2958 3917 τῶν
2992 3866 3498 3937 προπαιδευμάτων
3534 3872 3706 3934 ἐνίους

2117 3950 2412 4020 ἠγμένους.
2450 3952 2630 4006 Δεινὸν
2676 3951 2792 4024 γὰρ’
2826 3954 2860 4024 ή
2896 3952 3202 4024 δοξοσοφία,
3252 3959 3351 4009 καὶ
3402 3959 3702 4028 dmi-132th,

2116 4043 2175 4095 ὲν
2204 4043 2305 4096 οὐκ
2337 4042 2533 4096 εἰδόσιν
2577 4042 2731 4096 οὐδὲν
2764 4044 3123 4116 ἀναδυομένη,
3164 4048 3263 4099 καὶ
3292 4049 3478 4101 πάντα
3515 4052 3705 4121 drepi-

2118 4136 2368 4199 οκέπτως
2399 4135 2674 4207 τολμῶσα.
2707 4135 2774 4189 Τί
2806 4136 2914 4205 γὰρ
2946 4137 3013 4191 ἂν
3044 4138 3293 4209 ἀμαθίας
3326 4142 3543 4207 γένοιτο
3575 4144 3701 4212 6αρ-

2118 4212 2482 4300 ραλέώτερον;
2529 4228 2806 4293 Τοιούτοις
2849 4228 3156 4301 ἀνθρώποις
3196 4231 3427 4297 ἁλαζόσι
3478 4252 3698 4303 περιτυ-

2115 4317 2225 4389 χὼν
2242 4319 2504 4391 κηφῆσιν,
2532 4318 2657 4373 οὔτε
2682 4320 2966 4374 ἐπαΐουσιν
2994 4321 3188 4391 λόγων,
3216 4323 3343 4377 οὔτε
3368 4326 3695 4396 ἐφιεμένοις,

2116 4412 2355 4483 μισήσας
2398 4412 2460 4465 τὸ
2492 4411 2685 4482 φῦλον,
2718 4413 2816 4484 οὐχ
2860 4414 3055 4485 ἑτέραν
3101 4416 3285 4469 αἰτίαν
3325 4418 3574 4487 εὑρίσκω
3606 4420 3697 4486 τῆς

2112 4502 2319 4573 τροφῆς
2347 4502 2548 4567 αὐτῶν,
2582 4504 2616 4573 ἢ
2650 4504 2713 4557 τὸ
2741 4505 3061 4573 ἀναγώγως,
3095 4508 3189 4560 καὶ
3213 4508 3324 4578 πρὸ
3348 4508 3505 4579 ὥρας
3539 4511 3693 4577 ἡξιῶ-

2113 4594 2235 4647 σθαι
2274 4594 2372 4666 τὴν
2403 4596 2599 4667 ἀρχὴν,
2627 4598 2760 4660 ἴσως
2789 4595 2879 4665 ὑφ’
2906 4596 3105 4667 ἑτέρων
3136 4599 3360 4668 ὁμοίων,
3384 4601 3466 4663 ὡς
3496 4598 3611 4653 οἷόν
3640 4618 3697 4653 τε

2108 4687 2415 4741 πολυτελῶν
2450 4687 2563 4758 (80)
2602 4688 2940 4758 ἀκροάσεων.
2986 4688 3173 4743 Ταῦτά
3211 4707 3296 4743 τοι
3342 4692 3442 4746 καὶ
3476 4711 3693 4762 προμη-

2107 4775 2360 4847 θέστερος
2383 4776 2557 4847 φύλαξ
2582 4778 2742 4841 αὐτός
2764 4779 2824 4831 τέ
2856 4782 2969 4848 εἰμι
2989 4820 3004 4845 ,
3034 4779 3129 4833 καί
3161 4797 3219 4832 σε
3250 4782 3560 4852 παρακαλῶ
3592 4783 3694 4835 τῶν

2105 4866 2420 4936 φιλοσοφίας
2447 4868 2646 4938 ὀργίων
2684 4865 2843 4925 εἶναι.
2875 4871 2994 4925 Ὅτι
3035 4872 3135 4942 μὲν
3166 4872 3277 4942 γάρ
3314 4874 3689 4944 Ἐρκουλιανῷ

2108 4964 2386 5032 πρέποντα
2408 4962 2604 5026 ταῦτα,
2628 4965 2739 5033 ἐγὼ
2761 4965 3033 5034 γινώσκω·
3061 4967 3144 5020 δεῖ
3166 4966 3225 5019 δέ
3250 4984 3333 5033 σε,
3360 4970 3524 5037 εἰπερ
3552 4970 3685 5037 αὐτῇ

2108 5054 2399 5127 φιλοσοφία
2426 5056 2661 5127 γνησίως
2687 5058 3113 5130 προσελήλυθας,
3145 5060 3478 5128 ἀφίστασθαι
3503 5080 3685 5114 κοινω-

2106 5147 2224 5209 νίας
2253 5147 2352 5217 τῆς
2382 5149 2518 5220 πρὸς
2540 5150 2667 5212 τοὺς
2694 5150 3071 5222 ἀποστρόφους
3097 5152 3288 5221 αὐτῆς,
3321 5153 3415 5205 καὶ
3438 5153 3684 5205 νοθεύον-

2103 5256 2200 5302 τας
2234 5242 2300 5310 τῇ
2344 5243 2702 5312 μεταποιήσει
2732 5242 2793 5296 τὸ
2826 5244 3168 5313 ὑπέρσεμνον
3202 5244 3388 5313 αὐτῆς.
3451 5245 3559 5296 Τδν
3594 5244 3677 5309 ἐξ·

2101 5329 2239 5401 ορῶι
2264 5348 2345 5385 σοι
2392 5332 2576 5401 φιλίας
2603 5334 2758 5393 Θεὸν,
2780 5334 2855 5404 μὴ
2891 5333 3185 5405 ἐξενέγκῃς
3221 5334 3357 5435 πρρς
3394 5352 3552 5397 τινας

2102 5421 2407 5492 ἐπιστολήν.
2442 5422 2505 5476 Ei
2533 5424 2640 5495 γὰρ
2668 5426 2943 5496 ποιήσαις,
2971 5426 3020 5479 οἱ
3044 5426 3146 5496 τῆς
3176 5425 3372 5487 κακίας
3402 5425 3679 5495 χαρακτῆε

2103 5529 2195 5583 ρες
2233 5512 2414 5578 ἕξουσι
2452 5515 2826 5586 λυπουμένους
2867 5518 2992 5580 τοὺς
3027 5515 3497 5587 ἐπιγινώσκοντες
3549 5514 3676 5583 παρ’

2100 5605 2336 5670 ἑαυτάς,
2370 5606 2404 5677 ἢ
2437 5608 2551 5672 τοῖς
2582 5606 2761 5662 αὐτῶν
2790 5608 2962 5678 φίλοις
3005 5610 3073 5663 τὰ
3110 5610 3367 5680 εἰρημένα
3409 5607 3669 5681 σύμεοὶα.

1612 5752 1787 5812 DION.
1814 5755 1900 5815 PE
1910 5760 2090 5819 TAVII
2129 5763 2368 5822 NOLE.

500 5861 611 5937 (80)
649 5864 741 5935 Ὠς
767 5862 895 5923 οἶόν
934 5887 995 5927 τε
1022 5877 1390 5951 πολυτελῶν.
1420 5880 1585 5941 Forte
1616 5886 1841 5945 οἴονται.
