3928 6574
238 361 260 414 1
274 360 377 415 557

1404 359 1793 420 EPISTOLE.
1825 389 1896 402 —-
1924 356 2143 414 EPIST.
2176 357 2409 415 CXLIII.

3368 360 3507 416 1538

231 477 310 529 Τὸ
342 478 399 531 δὲ
439 478 629 539 λυπεῖν
659 479 774 535 ἔστι
807 482 907 552 μὲν
943 483 1033 536 ὅτε
1079 482 1270 554 ἄρρεν,
1305 485 1401 538 καὶ
1442 502 1580 555 προς
1615 484 1817 556 τρόπου

1925 479 1982 536 Si
2005 480 2152 535 enim
2206 480 2353 536 istud
2382 478 2604 545 feceris,
2639 493 2917 551 expressa:
2960 479 3084 533 ista:
3115 478 3378 549 nequitiae
3412 482 3511 533 de-

231 570 578 639 φιλοσοφίας,
614 573 744 626 ὅταν
774 575 912 644 πρὸς
946 576 1215 643 παρόντας
1239 592 1254 607 ·
1284 574 1348 629 τὸ
1368 575 1429 631 δὲ
1459 577 1554 629 καὶ
1582 576 1817 647 γράφειν

230 661 367 731 περὶ
422 660 651 727 τούτων,
714 665 1090 734 μικροπρεπὲς
1140 665 1308 723 δοκεῖ.
1371 665 1511 719 Ἀλλ’
1558 666 1702 737 ἅπερ
1751 666 1819 720 ἂν

232 752 490 816 Συνέσιος
519 755 656 825 πρὸς
684 756 845 809 αὑτὸν
878 755 1207 828 διαλεχθείη,
1229 757 1402 812 ταῦτα
1433 758 1528 812 καὶ
1560 758 1698 829 πρὸς
1720 757 1820 831 τὴν

229 845 423 913 τιμίαν
459 845 554 898 σοῦ
596 847 835 918 κεφαλὴν
869 846 1199 914 διαλέγεται,
1232 849 1326 903 τοῦ
1368 850 1528 921 μόνου
1564 852 1744 919 φίλου,
1780 850 1817 921 ἢ

235 934 381 1001 μετά
429 935 575 988 δυοῖν
622 937 855 1008 μάλιστα
904 939 1058 1008 φίλου
1087 956 1100 970 ο
1137 941 1214 1003 ὡς
1257 942 1381 1012 ὲμοί
1430 958 1494 1010 γε
1532 941 1687 1005 ἐκτὸς
1722 941 1821 1012 τῆς

231 1026 488 1097 τριττύος
518 1029 694 1098 ὑμῶν,
716 1030 866 1084 οὐδέν
888 1031 1035 1085 ἐστιν
1063 1031 1403 1104 ἀνθρώπινον
1417 1034 1616 1103 τίμιον.
1645 1035 1821 1106 Προσ-

232 1120 492 1191 κείμενος
526 1122 584 1175 δὲ
644 1122 739 1176 καὶ
781 1122 965 1187 αὐτὸς,
1004 1123 1146 1193 τάχα
1182 1124 1487 1195 συμπληρῶ
1517 1126 1821 1197 τετ¹ρακτὺν

238 1214 401 1282 ἱερᾶς
436 1214 638 1283 φιλίας.
685 1214 823 1268 Ἀλλ’
854 1214 1207 1286 εὐφημείσθω
1238 1218 1339 1288 τῆς
1371 1218 1429 1271 ὲν
1457 1218 1653 1289 ἀρχαῖς
1683 1219 1823 1287 ὀμω-

231 1308 411 1379 νύμου
456 1308 787 1378 τετρακτύος
823 1311 856 1381 ἠ
905 1310 1085 1378 φύσις.
1134 1311 1223 1364 Ἐν
1273 1308 1351 1381 τῷ
1398 1310 1664 1382 τετραδίῳ
1710 1310 1821 1362 τῶν

235 1399 506 1469 ἰαμϐείων
533 1399 645 1467 (81)
674 1391 831 1468 εὗρον
860 1400 953 1451 ἐπὶ
988 1399 1177 1463 τέλους
1209 1398 1336 1461 τοὺς
1368 1398 1576 1452 δώδεκα
1606 1398 1822 1468 στίχους

229 1490 552 1560 γραφέντας
608 1490 747 1559 ἅμα,
785 1489 861 1553 ὡς
904 1488 961 1542 ἓν
1012 1487 1073 1542 ὃν
1128 1488 1478 1559 ἐπίγραμμα.
1530 1488 1681 1541 Ἐπεὶ
1727 1481 1820 1540 οὖν

233 1599 297 1633 σε
340 1582 488 1643 εἰκὸς
528 1580 672 1651 ἔχειν
714 1580 948 1643 αὐτοὺς,
980 1579 1088 1633 ἴσθι
1131 1580 1207 1643 ὼς
1238 1579 1361 1632 οὔτε
1404 1579 1462 1632 ἓν
1499 1580 1657 1642 εἰσιν,
1695 1577 1819 1632 οῦτε

229 1670 392 1733 ἑνός·
444 1669 557 1723 ἀλλ’
614 1670 664 1723 οἱ
717 1670 817 1739 μὲν
874 1668 1018 1724 ὀκτὼ
1069 1670 1278 1741 πρῦτοι
1336 1668 1453 1739 μετ’
1506 1669 1820 1738 ἐπιστήμης

230 1757 539 1826 γραφέντες
562 1758 879 1828 ποιητικῆς,
915 1759 1168 1829 μιγείσης
1199 1759 1365 1824 ἕξεως
1397 1759 1817 1830 ἀστρονομικῆς,

1920 572 2254 642 scriptiones
2278 587 2516 630 mterore
2546 573 2674 628 illos
2707 572 2971 636 allicient,
3006 571 3101 641 qui
3130 571 3274 641 apud
3299 586 3382 635 se,
3411 581 3508 626 aut

1918 664 2128 718 amicos
2163 678 2299 719 suos
2328 673 2764 720 commemorata
2790 679 2821 718 a
2851 681 2936 719 me
2961 663 3168 719 iudicia
3193 663 3506 733 deprehen—

1920 754 2123 809 derint.
2155 752 2353 809 Dolore
2393 762 2573 810 autem
2605 753 2826 810 afﬁcere
2851 769 2978 808 cum
3016 751 3296 808 interdum
3328 753 3507 809 virilis

1921 847 2092 902 animi
2144 846 2237 911 sit,
2262 845 2730 917 philosophiaeque
2770 847 3018 902 moribus
3048 849 3504 911 consentaneum,

1920 940 2142 1011 quando
2164 940 2296 995 illud
2320 955 2528 1005 coram,
2562 950 2615 995 et
2652 941 2793 1009 apud
2824 952 3121 1011 praesentes
3154 941 3365 1012 agitur,
3389 948 3510 994 tum

1925 1030 2201 1102 ejusmodi
2235 1032 2303 1087 de
2320 1032 2488 1087 rebus
2513 1032 2775 1097 scribere,
2808 1044 3100 1103 angustum
3136 1048 3199 1087 ac
3226 1016 3510 1087 sordidum

1921 1123 2161 1179 videtur.
2190 1123 2297 1178 Sed
2322 1138 2445 1194 qua:
2467 1122 2731 1195 Synesius
2761 1139 2949 1179 secum
2983 1126 3099 1195 ipse
3120 1104 3511 1195 disputaverit,

1920 1232 1986 1272 ea
2016 1217 2158 1287 apud
2194 1226 2246 1272 te
2274 1216 2435 1287 longe
2464 1214 2852 1271 charissimum
2877 1218 2984 1273 sibi
3025 1224 3192 1288 caput
3214 1218 3505 1288 disputat:

1921 1310 2169 1373 unicum,
2211 1309 2454 1379 inquam,
2505 1316 2598 1362 aut
2644 1323 2770 1362 cum
2823 1308 3040 1363 duobus
3089 1310 3326 1364 maxime
3369 1310 3513 1362 ami-

1921 1416 2046 1457 cum
2080 1419 2094 1455 :
2136 1402 2395 1470 quoniam
2425 1407 2580 1453 extra
2614 1399 2919 1453 ternionem
2958 1408 3203 1455 vestrum
3235 1399 3371 1453 nihil
3405 1398 3509 1453 bu-

1923 1507 2207 1546 manarum
2234 1506 2417 1545 rerum
2438 1491 2617 1561 magni
2637 1490 2929 1544 admodum
2957 1490 3100 1545 facio
3134 1509 3149 1545 :
3181 1491 3384 1563 quibus
3410 1492 3515 1544 ad-

1917 1584 2145 1653 junctus
2174 1598 2276 1652 ego
2306 1596 2479 1635 sacrze
2509 1581 2769 1635 amicitiae
2802 1582 3222 1649 quaternionem
3251 1582 3512 1635 fortassis

1921 1671 2134 1742 expleo.
2167 1669 2369 1725 Verum
2401 1671 2792 1741 quaternionis
2824 1671 2975 1727 illius
3022 1679 3252 1733 naturae,
3278 1672 3371 1741 qui
3410 1688 3508 1725 ea-

1922 1762 2044 1818 dem
2079 1763 2445 1833 appellatione
2472 1764 2618 1819 incst
2666 1778 2851 1817 rerum
2884 1765 3132 1817 omnium
3190 1762 3505 1832 principiis,

230 1851 343 1901 εἰσὶ
367 1849 462 1902 τοῦ
493 1851 587 1903 σοῦ
618 1850 804 1919 φίλου·
837 1852 885 1904 oi
911 1852 968 1904 δὲ
1008 1850 1307 1905 τελευταῖοι
1328 1852 1622 1923 τέσσαρες,
1657 1869 1817 1921 ποιη-

1924 1855 2107 1924 lingua
2141 1854 2433 1910 favendum
2478 1865 2583 1910 est.
2620 1852 2893 1908 Cancrum
2943 1854 2998 1908 in
3031 1855 3387 1923 quaternario
3415 1855 3512 1907 illo

228 1941 394 2010 τικῆς
451 1943 555 1993 εἰσι
609 1939 903 2013 τρυφώσης
962 1942 1143 2013 μόνον.
1208 1942 1319 1994 Kal
1374 1941 1521 1994 ἐστιν
1572 1944 1795 2013 ἀρχαῖον

242 2031 518 2103 Ἦγοῦμαι
551 2033 607 2086 δὲ
646 2034 1003 2104 ἀσεϐέστερον
1046 2033 1424 2086 ἀποθανόντων
1460 2032 1647 2101 λόγους
1692 2033 1785 2086 κλέ

230 2143 415 2190 πτειν,
445 2127 477 2196 ἦ
514 2126 789 2197 Θοιμὰτια,
831 2126 859 2179 ὃ
890 2125 1134 2180 καλεῖται
1167 2125 1565 2197 τυμϐωρυχεῖν.
1616 2126 1818 2198 Ἐρῤω-

234 2220 416 2289 μένως
443 2218 723 2289 διαϐιῴης,
755 2218 969 2287 εὐαγῶς
998 2218 1090 2271 καὶ
1109 2217 1354 2280 εὐλαϐῶς
1381 2217 1699 2286 φιλοσοφίας
1724 2219 1815 2270 ἀνα

1922 1947 2308 2013 iambicorum,
2349 1949 2401 2001 in
2452 1947 2560 2001 line
2599 1945 2888 2000 duodecim
2924 1961 3120 2001 versus
3171 1945 3333 1999 simul
3384 1960 3507 2015 per-

1917 2039 2160 2109 scriptos
2218 2040 2420 2109 reperi,
2482 2040 2710 2111 perinde
2765 2054 2828 2093 ac
2862 2038 2910 2093 si
2960 2054 3130 2092 unum
3183 2049 3336 2095 esset
3388 2038 3506 2108 epi-

1913 2144 2188 2198 gramma.
2212 2130 2482 2198 Quoniam
2507 2147 2639 2204 ergo
2669 2131 2970 2186 verisimile
2997 2141 3080 2186 est
3107 2146 3276 2203 penes
3306 2138 3359 2186 te
3385 2131 3509 2186 illos

1922 2235 2065 2284 esse,
2105 2221 2245 2275 scito
2276 2236 2452 2290 neque
2504 2236 2673 2275 unum
2715 2221 2873 2291 quid.
2923 2236 3105 2293 neque
3155 2222 3321 2277 unius
3352 2237 3506 2286 esse;

228 2311 630 2381 τιποιούμενος.
660 2311 845 2365 Εἴκοσι
877 2312 969 2365 τοῦ
1001 2312 1227 2382 Μεσωρὶ
1251 2310 1463 2382 ἡμέρας
1494 2310 1814 2381 συντίθεμαι

1924 2313 2017 2365 sed
2053 2322 2179 2366 octo
2204 2313 2423 2380 quidem
2457 2313 2621 2384 primi
2676 2328 2803 2367 cum
2833 2312 3047 2383 poetica
3107 2312 3335 2368 scientia
3366 2314 3508 2368 scri-

231 2422 322 2456 σοι
354 2404 670 2475 περιμένειν
696 2421 776 2465 σε,
810 2402 928 2473 μεθ’
957 2404 1023 2467 ἃς
1048 2404 1145 2457 σὺν
1174 2402 1294 2474 Θεῷ
1322 2402 1422 2472 τῆς
1450 2400 1571 2456 ὁδοῦ
1599 2402 1811 2472 ἕξομαι.

1925 2403 2022 2473 pti,
2048 2404 2283 2459 admista
2306 2405 2679 2459 astronomica
2708 2404 2991 2468 facultate,
3033 2404 3196 2459 amici
3217 2404 3295 2459 tui
3332 2411 3462 2459 sunt
3490 2421 3503 2457 :

229 2498 342 2549 Τὸν
366 2495 715 2564 ἀγαθώτατον
736 2496 951 2567 ἑταῖρον
983 2494 1212 2551 πλεῖστά
1243 2514 1330 2567 μοι
1358 2496 1642 2566 πρόσειπε·
1676 2495 1815 2566 φιλῶ

1925 2494 2188 2564 postremi
2211 2511 2339 2550 vero
2367 2506 2626 2566 quatuor,
2670 2495 2913 2565 poetices
2934 2495 3108 2551 solius
3139 2494 3506 2555 lascivientis.

226 2587 346 2659 γάρ
382 2587 542 2640 αὑτὸν
560 2628 576 2653 ,
602 2586 733 2639 διότι
761 2603 819 2639 σε
851 2588 993 2640 πάνυ
1018 2588 1178 2655 φιλεῖ.

1921 2595 2114 2656 estque
2141 2586 2376 2655 idipsum
2398 2587 2705 2657 antiquum.
2726 2586 2897 2657 Magis
2920 2594 3101 2642 autem
3133 2586 3360 2656 impium
3386 2602 3511 2643 esse

230 2681 480 2735 arbitror
534 2687 878 2733 mortuorum
937 2678 1371 2745 lucubrationes,
1414 2693 1579 2748 quam
1628 2687 1814 2733 vestes
1870 2679 2066 2744 furari,
2095 2678 2240 2749 quod
2273 2679 2531 2749 sepulcra
2575 2679 2863 2750 perfodere
2901 2680 3127 2735 dicitur.
3197 2679 3331 2736 Vale
3379 2696 3508 2751 per-

230 2784 426 2846 petuo,
486 2781 543 2829 et
597 2774 857 2844 religiose
930 2783 1092 2844 atque
1152 2775 1555 2845 circumspecte
1608 2776 2015 2845 philosophiam
2098 2780 2298 2828 tracta.
2348 2771 2555 2846 Viginti
2630 2782 2776 2829 totos
2834 2773 3033 2828 Mesori
3085 2773 3204 2830 dies
3265 2790 3349 2829 me
3406 2774 3502 2827 tilii

236 2868 688 2940 praestolaturum
726 2869 980 2939 paciscor
1027 2887 1047 2924 :
1077 2869 1279 2939 quibus
1326 2870 1553 2931 exactis,
1610 2868 1828 2923 favente
1869 2868 1979 2924 Deo
2027 2867 2132 2921 iter
2180 2866 2485 2937 aggrediar.
2525 2864 2743 2936 Optimo
2805 2865 2981 2921 sodali
3028 2866 3323 2937 plurimam
3385 2883 3509 2922 meo

232 2961 464 3016 nomine
510 2960 747 3015 salutem
791 2960 1001 3027 dicito;
1062 2962 1235 3030 diligo
1291 2962 1437 3016 enim
1468 2960 1669 3033 ipsum,
1717 2969 2007 3030 propterea
2028 2958 2175 3031 quod
2197 2960 2363 3015 etiam
2398 2969 2559 3029 atque
2588 2959 2755 3013 etiam
2794 2967 2845 3013 te
2876 2958 3075 3027 diligit.

752 3054 1099 3108 ΕΠΙΣΤΟΛΗ
1134 3052 1311 3109 PMI".

878 3145 964 3212 Τῷ
1003 3146 1183 3211 αὐτῷ.

308 3236 596 3308 ιιιοιδάμων
636 3234 750 3307 [γρ.
783 3236 1150 3308 Φοιϐἀμμων]
1183 3239 1211 3290 ὁ
1247 3237 1346 3308 τὴν
1380 3234 1667 3305 ἐπιστολὴν
1700 3237 1819 3289 ὲπι-

233 3329 385 3397 δοὺς,
405 3330 501 3382 καὶ
523 3329 661 3399 ἀνήρ
686 3332 832 3382 ἐστιν
855 3330 1076 3398 ἀγαθὸς,
1098 3331 1193 3382 καὶ
1216 3330 1388 3399 φίλος,
1411 3329 1505 3381 καὶ
1528 3329 1816 3381 ἀδικεῖται.

233 3421 340 3473 Διά
366 3421 542 3474 πάντα
581 3417 674 3474 οὖν
700 3421 848 3491 αύτῷ
885 3420 1244 3475 συλλαὸέσθαι
1286 3421 1492 3485 δίκαιος
1523 3415 1592 3482 εἷ,
1631 3420 1725 3473 καὶ
1750 3419 1817 3473 δι’

234 3514 411 3583 ἡμᾶς,
452 3514 547 3566 καὶ
574 3512 660 3566 διὰ
690 3513 782 3565 τὸν
808 3512 1043 3583 τρόπον,
1083 3513 1175 3565 κα).
1214 3510 1303 3563 διά
1344 3510 1443 3582 τὴν
1476 3509 1816 3581 περίστασιν.

237 3605 412 3658 Τοῦτο
468 3605 568 3672 μὲν
616 3603 758 3657 οὕτω
793 3605 1052 3673 γενέσθωσ
1108 3603 1203 3657 καὶ
1259 3601 1368 3674 γὰρ
1421 3602 1563 3656 ἔοικε
1614 3601 1819 3671 σφόδρα

238 3695 530 3749 πιστεῦσαι
574 3697 638 3765 τῇ
675 3695 813 3766 πρὸς
847 3694 1108 3765 ἀλλήλους
1146 3692 1302 3764 ἡμῶν
1335 3691 1535 3763 εὐνοίᾳ.
1580 3691 1681 3743 Σοῦ
1711 3691 1817 3761 γὰρ

238 3788 517 3856 δεόμενος,
560 3786 645 3837 ἐπ’
696 3784 797 3855 ἐμὲ
843 3783 1159 3853 κατέφυγε,
1205 3780 1592 3853 τεθαρρηκὼς,
1623 3781 1706 3834 ὅτι
1748 3781 1817 3833 δι’

239 3877 399 3948 ἐμοῦ,
433 3876 525 3929 σοῦ
566 3874 834 3940 τεύξεται.
874 3874 984 3927 Καὶ
1033 3872 1349 3943 ὑπεσχόμην
1382 3871 1533 3942 αὐτῷ
1563 3871 1657 3924 τὸν
1699 3872 1819 3942 Ἕρ-

241 3969 541 4030 κουλιανὸν,
569 3967 658 4020 διά
682 3965 955 4020 Συνεσίουο
976 3965 1037 4018 τὸ
1063 3965 1119 4017 δὲ
1152 3966 1309 4036 νικᾷν
1338 3964 1463 4028 τοὺς
1492 3961 1816 4027 λυποῦντας,

238 4062 305 4113 δι’
349 4055 734 4129 Ἐρκουλιανοῦ
760 4056 859 4127 τῆς
890 4055 1040 4123 ίερᾶς
1060 4054 1155 4108 καὶ
1181 4054 1366 4124 τιμίας
1392 4052 1653 4123 κεφαλῆς.
1684 4052 1819 4123 Περὶ

237 4152 334 4204 τοῦ
372 4149 611 4220 κόμητος
644 4148 755 4217 (82)
796 4147 1123 4219 ὲγεγράφεις
1173 4146 1241 4199 δι’
1280 4145 1640 4216 Ούρσικίνου·
1674 4143 1819 4214 λέγω

237 4244 296 4296 δὲ
330 4242 425 4295 τοῦ
455 4242 711 4312 τυχόντος
751 4241 925 4313 ἀρχῆς
963 4240 1069 4293 τῶν
1101 4240 1159 4291 ὲν
1195 4240 1262 4309 τῇ
1301 4236 1520 4309 πατρίδι
1551 4253 1819 4309 στρατιωα-

238 4334 352 4386 τῶν
371 4350 384 4364 ·
417 4333 511 4386 καὶ
541 4332 689 4404 ᾕτεις
719 4331 1037 4403 συνθήματα
1058 4331 1188 4401 παρ’
1216 4329 1395 4401 ἡμῶν,
1422 4325 1517 4381 τοῦ
1540 4326 1817 4397 γενέσθαι,

240 4424 397 4497 παρὰ
421 4424 529 4477 τῶν
554 4423 867 4495 δυναμένων
898 4422 1056 4477 τοῦτο
1083 4424 1253 4476 ποιεῖν
1281 4422 1390 4475 σῶν
1419 4423 1610 4492 φίλων,
1639 4421 1820 4493 γράμ-

244 4532 391 4585 ματα
429 4513 566 4584 πρός
610 4530 669 4565 τε
711 4513 895 4577 αὐτὸν,
931 4512 1025 4565 καὶ
1064 4512 1200 4583 πρὸς
1247 4511 1339 4564 τὸν
1378 4509 1683 4583 όρδινάριον
1726 4511 1826 4582 ἀρ·

242 4622 429 4677 χοντα.
462 4605 573 4677 Τὴν
598 4604 697 4675 μὲν
721 4599 815 4657 οὖν
844 4603 1161 4674 προαίρεσιν
1186 4603 1530 4674 ἀπεδεχόμην
1557 4604 1653 4657 καὶ
1677 4603 1820 4657 τότε’

239 4697 304 4750 τὸ
328 4696 384 4750 δὲ
417 4696 597 4767 ἔργον,
621 4696 697 4759 ὡς
727 4695 1017 4767 παρέλκον,
1039 4693 1338 4766 ἠρνούμην,
1361 4694 1566 4765 γυμνὸν
1587 4694 1826 4766 ἐμαυτὸν

240 4790 328 4850 είς
356 4786 672 4856 φιλοσοφίαν
707 4787 878 4849 ἱστὰς.
910 4785 1023 4839 Νῦν
1056 4786 1112 4838 δὲ
1148 4784 1495 4856 ἀδικούμενοι
1533 4786 1699 4855 φίλοι,
1729 4788 1825 4841 καὶ

243 4880 491 4944 ἰδιῶται,
533 4879 626 4933 καὶ
676 4877 1036 4950 στρατιῶται,
1087 4876 1361 4949 βιάζονταί
1417 4895 1486 4949 με
1537 4877 1826 4949 βούλεσθαι

1846 3056 1894 3117 ο

1848 4395 1895 4452 D

2418 3049 2757 3106 EPISTULA
2798 3047 3028 3113 CXLIII,

2612 3141 2823 3197 Eidem.

1986 3232 2349 3296 thbamon,
2379 3232 2475 3303 qui
2517 3232 2616 3288 tibi
2639 3233 2805 3287 hasce
2839 3231 3054 3286 litteras
3104 3230 3283 3291 oll‘ert.
3322 3239 3375 3287 et
3427 3232 3513 3291 vin

1922 3325 2101 3381 bonus
2134 3333 2242 3390 est,
2283 3333 2338 3379 et
2368 3325 2613 3388 amicus,
2642 3334 2696 3380 et
2732 3325 2986 3395 iniuriam
3023 3326 3248 3395 patitur.
3298 3325 3525 3390 Quintis

1922 3417 2183 3472 omnibus
2216 3417 2297 3483 de.
2335 3417 2521 3471 causis
2558 3432 2773 3487 aequum
2815 3424 2900 3471 est
2940 3416 3093 3469 illum
3122 3416 3221 3470 abs
3249 3424 3301 3470 te
3323 3416 3521 3471 suble-.

1919 3508 2061 3574 vari,
2102 3508 2220 3563 sive
2248 3506 2423 3564 nostri
2464 3522 2666 3574 causa,
2695 3508 2813 3564 sive
2853 3507 2925 3562 ob
2967 3522 3151 3567 mores
3183 3508 3352 3578 ipsos,
3394 3510 3526 3565 sive

1920 3606 2148 3669 pr0pter
2182 3600 2578 3661 calamitatem.
2614 3599 2729 3653 Hoc
2758 3598 2930 3667 igitur
2956 3599 3079 3653 itaa
3112 3609 3165 3653 te
3198 3599 3313 3654 lieri
3341 3600 3466 3654 volo
3489 3614 3517 3652 :-

1920 3705 2049 3744 nain
2069 3692 2123 3744 in
2146 3700 2338 3745 nostra
2367 3691 2613 3746 amicitia
2640 3691 2857 3746 liducie
2878 3691 3175 3761 plurimum
3205 3691 3517 3747 collocasse

1919 3781 2170 3849 videtur;
2206 3783 2302 3852 qui
2357 3797 2484 3838 cum
2528 3783 2597 3838 de
2642 3790 2696 3838 te
2728 3785 3021 3853 impetrare
3082 3782 3287 3854 aliquid
3320 3786 3509 3848 vellet,

1920 3872 1988 3926 ad
2011 3887 2098 3927 me
2114 3872 2385 3944 confugit,
2410 3881 2565 3930 certo
2590 3874 2874 3929 conlidens
2896 3889 2994 3944 per
3013 3889 3100 3929 me
3128 3883 3278 3928 tuam
3298 3890 3358 3929 se
3381 3890 3522 3936 essm

1919 3966 2150 4035 gratiam
2189 3975 2595 4021 assecuturum.
2622 3966 2802 4037 Atque
2860 3981 2962 4039 ego
3004 3964 3396 4027 Herculianum
3422 3967 3521 4029 illi.

1920 4054 2081 4125 28],
2122 4070 2219 4125 per
2253 4055 2544 4127 Synesium
2596 4055 2867 4128 promisi;
2919 4058 2988 4112 de
3050 4056 3120 4111 iis
3173 4072 3371 4127 porro,
3407 4059 3520 4129 qui.

1920 4146 2025 4203 sibi
2057 4146 2272 4203 molesti
2293 4156 2445 4212 sunt,
2472 4148 2788 4215 victoriam,
2808 4164 2909 4222 per
2934 4148 3505 4214 Herculianum,,clta.-

1920 4254 2043 4295 rum
2099 4239 2235 4294 illud
2294 4254 2359 4295 ac
2418 4239 2737 4310 religiosum
2771 4248 2962 4313 caput.
3018 4240 3096 4297 De
3154 4241 3355 4296 comite
3407 4258 3525 4313 per,-

1898 4330 2239 4388 'Ursicinum
2275 4330 2628 4399 scripseras:
2688 4347 2814 4386 eum
2860 4340 3042 4387 autem
3097 4332 3367 4402 intelligo,
3406 4334 3517 4402 qui.

1922 4422 2159 4478 militum
2214 4422 2271 4477 in
2331 4423 2508 4493 patria
2574 4422 2954 4494 praefecturam
2994 4431 3079 4479 est
3134 4424 3504 4481 sortitus:ac

1919 4514 2074 4570 velut
2133 4513 2486 4570 conﬁcienda
2512 4515 2588 4569 rel
2644 4524 2907 4570 tesseram
2957 4530 2989 4570 a
3020 4514 3189 4570 nobis
3236 4515 3514 4585 petebas;

1922 4604 2136 4661 litteras
2172 4605 2430 4660 nimirum
2465 4604 2534 4659 ab
2559 4604 2753 4660 amicis
2778 4604 2912 4671 tuis,
2936 4605 3032 4674 qui
3064 4604 3114 4659 id
3140 4604 3323 4662 facere
3358 4620 3501 4677 pos-.

1920 4711 2065 4764 sent.
2124 4709 2236 4756 tam
2271 4701 2337 4755 ad
2375 4701 2578 4772 ipsum,
2607 4715 2773 4771 quam
2819 4699 2889 4755 ad
2934 4701 3289 4757 ordinarium
3328 4703 3501 4772 magi-

1921 4799 2175 4848 stratum.
2194 4793 2371 4862 Atque
2396 4806 2503 4862 ego
2528 4790 2748 4861 quidem
2773 4801 2888 4845 tum
2908 4791 3199 4846 consilium
3231 4792 3458 4862 probavi
3483 4811 3511 4859 ;;

1918 4895 2034 4935 rem
2066 4889 2248 4936 autem
2284 4882 2485 4951 ipsam,
2515 4890 2774 4952 tanquam
2816 4896 3312 4952 supervacaneam,
3337 4898 3501 4953 repu-

1472 4993 1657 5049 DION.
1694 4993 1965 5051 PETAVII
1995 4995 2230 5052 ΝΟΤιΕ.

319 5093 428 5160 (81)
475 5093 569 5145 Ἐν
598 5091 667 5144 δὲ
690 5089 768 5155 τῷ
797 5088 1074 5156 τετραδίῳ
1123 5088 1249 5160 ,τῶν
1279 5089 1571 5160 ἰαμϐείων.
1602 5087 1811 5143 Versus

242 5165 299 5219 lii
329 5157 630 5216 duodecim
661 5170 876 5214 exstant
906 5164 955 5212 in
993 5159 1243 5213 oratione
1268 5160 1403 5226 Περὶ
1430 5157 1651 5226 δώρου,
1673 5173 1812 5226 quo-

246 5249 369 5287 rum
404 5233 615 5301 priores
643 5241 876 5299 quatuor
903 5230 1176 5284 Ptoleuuei
1224 5225 1370 5301 sunt,
1405 5225 1601 5301 reliqui
1635 5225 1812 5299 Sync-

244 5298 417 5360 siaui,
447 5304 539 5371 qui
574 5298 827 5371 leguntur
855 5302 1017 5355 etiam
1055 5301 1115 5371 in_
1145 5298 1482 5367 Anthologia.

320 5373 428 5440 (82)
462 5367 601 5438 Περὶ
629 5367 732 5424 τοῦ
776 5373 1049 5439 κόμητος.
1084 5369 1486 5440 obscuritatem
1520 5367 1624 5422 loci
1650 5367 1815 5440 istius

243 5438 476 5495 discutit
521 5444 685 5495 breve
736 5438 984 5495 scholiou
1033 5441 1098 5493 ad
1139 5438 1271 5508 Reg.
1307 5439 1431 5492 cod.
1507 5438 1821 5508 marginem

247 5514 593 5574 adnotatum,
622 5513 764 5581 quod
801 5512 886 5565 hic
918 5511 1124 5579 placuit
1148 5580 1155 5581 γ
1181 5509 1493 5581 exscribere
1531 5524 1558 5581 ξ
1589 5507 1816 5581 Ἐρκου-

245 5582 428 5644 λιιινὺς
462 5577 781 5649 ἐδεήθήτοῦ
806 5577 1041 5650 κόμητος
1069 5580 1208 5650 ὑπὲρ
1232 5577 1501 5650 Συνεσίου,
1532 5577 1682 5650 ὅπως
1715 5578 1814 5650 ἀρ-

247 5653 350 5734 χῆς
363 5668 515 5735 τινος
547 5645 705 5721 eam,
728 5652 821 5704 καὶ
847 5645 1045 5735 γ’ρᾴφει
1070 5649 1150 5735 τῷ
1179 5645 1433 5735 ’Συγεσίῳ
1460 5648 1547 5735 ἕνα
1577 5648 1627 5700 εί
1656 5645 1816 5735 τοῦτο

248 5717 584 5791 ἀποδέχοιτο,
615 5717 1020 5791 ’παρασκευάσῃ
1059 5717 1184 5783 τοὺς
1221 5717 1385 5791 αὑτοῦ
1408 5717 1610 5791 ,φίλους
1642 5717 1817 5791 γράμ-

256 5809 402 5863 ματα
420 5787 643 5862 ’πέμψαι
684 5787 820 5862 πρὸς
856 5790 947 5846 τὸν
987 5787 1218 5862 κόμητα.
1252 5789 1345 5842 καὶ
1374 5788 1465 5842 τὸν
1494 5787 1816 5855 ὁρδινάριον.

1916 5091 1961 5143 Τ
1962 5088 2460 5162 δίδὲνσῶννςρίλωχ,
2476 5092 2536 5144 ού
2552 5089 2672 5162 τῶν
2691 5090 2785 5145 τοῦ
2800 5087 3204 5162 Ἐρκουλιανοῦ,
3228 5086 3367 5162 ἀλλά
3390 5087 3505 5162 τῶν

1920 5161 2014 5213 τοῦ
2047 5157 2323 5214 Συνεσίου.
2361 5160 2519 5214 Ἐστι
2542 5161 2598 5213 δὲ
2619 5162 2648 5213 ὁ
2672 5162 2832 5230 λόγος
2863 5157 2969 5214 ἀπὸ
2992 5159 3089 5230 τοῦ
3117 5157 3501 5230 Ἐρκουλιανοῦ

1918 5230 2056 5300 πρὸς
2089 5231 2180 5300 τὸν
2205 5231 2483 5297 Συνέσιον,
2510 5232 2604 5285 καὶ
2644 5232 2721 5295 ὡς
2748 5228 2960 5285 ἐκείνου
3010 5228 3261 5297 λέγοντός
3292 5229 3407 5300 ἐστι
3438 5228 3505 5281 ea

1920 5296 2069 5355 σῶν.
2088 5299 2219 5366 Quae
2246 5309 2428 5356 tamen
2452 5296 2561 5355 non
2590 5303 2773 5355 omnia
2806 5299 2937 5353 mihi
2967 5296 3291 5367 probantur.
3316 5296 3502 5363 Quare

1921 5371 2003 5425 sic
2027 5371 2283 5426 existimo
2320 5387 2335 5424 :
2370 5371 2665 5440 scripsisse
2700 5366 3093 5440 Herculianum
3127 5366 3380 5440 Synesio,
3414 5382 3499 5440 se,

1922 5441 1969 5495 si
2012 5441 2232 5511 quidem
2296 5438 2661 5511 permitteret,
2695 5440 2765 5511 ab
2814 5439 3010 5492 amicis
3041 5440 3157 5493 suis
3183 5438 3399 5493 litteras
3426 5438 3497 5511 ad

1923 5508 2177 5566 comitem
2234 5508 2311 5566 et‘
2349 5509 2692 5565 ordinarium
2746 5509 3186 5577 impetraturum,
3227 5516 3287 5560 ut
3334 5508 3500 5578 magi-

1924 5589 2103 5653 stratu
2136 5582 2740 5653 quopiamornaretur,
2790 5576 2935 5653 quod
2974 5592 3371 5653 eorum_c¢_ms_a
3400 5576 3499 5647 qui

1924 5652 1991 5733 ad
2021 5647 2171 5710 sese"
2198 5647 2590 5725 confugiebant
2619 5649 2986 5720 iuvandarum
3026 5648 3292 5723 permittit
3323 5647 3500 5725 Syne-

1924 5738 2065 5779 Slus.
