3928 6546
459 317 590 392 25,79

1507 318 1775 375 SVNESll
1820 323 2286 383 PTOLEMAIDIS
2318 327 2629 388 EPISCOPI

3559 349 3699 404 ιειυ

441 435 622 499 diavi;
652 434 801 503 quod
843 433 1049 488 nudum
1096 450 1183 490 me
1216 435 1284 490 ad
1319 436 1720 508 philosophiam
1756 445 1984 499 contuli:

2122 452 2531 518 μεταποιεῖσθαι
2586 455 2686 527 τῆς
2737 457 3026 531 πολιτικῆς
3070 460 3389 533 δυνάμεως.
3444 466 3587 537 πρῲ
3634 471 3701 537 ἢν

441 539 579 580 sem.
614 524 769 578 Nunc
799 534 982 579 autem
1009 526 1183 580 allecti
1220 527 1419 595 injuria
1446 531 1704 595 amici,et
1727 535 1945 604 privati,
1967 545 2025 591 et

440 616 643 671 milites
672 625 876 685 cogunt
897 632 1004 677 me,
1038 626 1094 670 ut
1128 618 1342 671 civilem
1376 621 1506 674 mihi
1534 627 1831 691 potentiam
1859 642 2021 682 assu-

441 719 619 767 mam;
655 706 720 759 ad
746 720 909 775 quam
946 706 1173 761 minime
1201 720 1230 759 a
1278 716 1472 762 natura
1510 725 1889 781 comparatum
1933 734 2018 773 me

437 810 561 849 esse
587 795 703 849 scio
747 814 760 850 :
793 806 956 866 atque
979 797 1082 851 hoc
1120 813 1333 852 mecum
1366 798 1443 853 illi
1489 801 1623 857 satis
1665 804 2013 877 intelligunt;

438 885 532 940 sed
565 894 757 956 suapte
786 903 955 943 causa
989 890 1076 943 vel
1108 891 1338 945 invitum
1368 893 1649 963 quidpiam
1682 912 1842 968 agere
1870 917 2016 955 com-

435 977 666 1045 pellunt.
701 978 1066 1045 Quamobrem
1099 984 1145 1037 si
1177 983 1250 1036 ita
1277 984 1372 1039 tibi
1409 984 1718 1042 faciendum
1777 992 2010 1059 videtur,

436 1066 578 1122 facio
613 1078 956 1138 potestatem.
988 1072 1228 1129 Salutem
1262 1092 1383 1130 meo
1419 1080 1641 1134 nomine
1682 1079 1851 1136 dicito
1882 1086 2012 1139 reli-

433 1158 587 1225 gioso
617 1161 815 1225 sodali,
850 1162 1105 1228 diacono,
1141 1165 1234 1234 qui
1283 1166 1503 1235 quidem
1536 1180 1725 1224 contra
1756 1173 2015 1230 adversa-

431 1250 572 1301 rium
615 1253 853 1319 equitem
908 1262 1131 1308 strenue
1190 1270 1313 1310 sese
1368 1271 1638 1314 exerceat.
1695 1260 1909 1318 Salutat
1959 1276 2010 1321 te

431 1342 684 1397 universa
716 1354 903 1397 nostra
944 1344 1147 1399 familia
1172 1364 1186 1413 ;
1209 1348 1277 1401 ad
1312 1364 1473 1418 quam
1510 1352 1708 1408 lsionis
1761 1360 2007 1413 accessio

430 1432 575 1486 facta
610 1442 715 1498 est,
741 1450 900 1505 quem
929 1448 984 1489 tu
1018 1437 1085 1491 ab
1117 1440 1255 1493 actis
1295 1439 1654 1497 desiderabas
1687 1462 1699 1498 :
1730 1445 1818 1513 qui
1869 1449 2003 1502 mihi

428 1525 635 1594 ignavae
682 1536 737 1581 et
789 1527 1027 1597 indignae
1061 1528 1385 1599 philosopho
1404 1531 1710 1587 litterarum
1739 1538 1803 1588 ad
1837 1540 2007 1609 magi-

2117 540 2488 610 ἀποπεφυκῶς
2525 541 2676 599 οἷδα’
2716 549 2812 601 καὶ
2854 552 3009 605 αὐτοί
3059 570 3152 623 μοι
3196 555 3351 609 τοῦτο
3391 559 3696 622 συνίσασιν,

2117 630 2256 685 ἀλλὰ
2300 632 2574 702 βιάζονται
2604 638 2753 706 σφῶν
2792 640 2953 695 ἕνεκα
2986 647 3160 697 ποιεῖν
3200 661 3255 698 τι
3293 647 3388 699 καὶ
3417 648 3695 703 ἀκούσιον.

2116 720 2229 774 Νῦν
2258 719 2353 776 οὖν
2376 727 2425 776 εἰ
2454 726 2638 799 δοκοίη
2676 746 2760 783 σοι
2788 730 2947 785 τοῦτο
2974 739 3167 801 ποιεῖν,
3195 736 3501 808 ἐπιτρέπω.
3524 740 3701 809 Πρόσο

2115 813 2235 865 ειπέ
2272 832 2362 884 μοι
2398 817 2490 871 τὸν
2524 819 2669 891 ἱερὸν
2701 822 2916 894 ἑταῖρον
2946 825 3039 879 τὸν
3063 827 3323 890 διάκονον,
3368 830 3466 883 καὶ
3492 847 3698 900 γυμνα-

2115 902 2290 966 ζέσθω
2331 909 2466 979 πρὸς
2509 912 2915 987 ἀνταγωνιστὴν
2957 920 3147 972 ἰππέα.
3184 921 3593 994 Προσαγορεύει
3642 941 3698 977 σε

2115 996 2223 1057 πᾶς
2258 1013 2360 1066 μου
2387 1001 2416 1051 ό
2446 996 2615 1065 οἰκος,
2642 1009 3078 1079 προσγενομένου
3106 1011 3252 1081 αὐτῷ
3277 1013 3372 1066 νῦν
3398 1016 3502 1067 καὶ
3534 1016 3702 1068 ’1σίυ-

2111 1105 2221 1150 νος,
2262 1088 2322 1141 ὃν
2356 1092 2571 1159 ἐπόθεις
2605 1097 2712 1150 ἀπὸ
2741 1099 3094 1171 διηγημάτων
3131 1105 3263 1173 (85),
3298 1106 3358 1169 ὃς
3393 1107 3575 1171 αἴτιός
3608 1126 3701 1177 μσς

2113 1178 2301 1247 γέγονε
2330 1185 2428 1253 τῆς
2458 1185 2717 1254 ἀγεννοῦς
2743 1193 2837 1244 καὶ
2858 1192 3183 1264 ἀφιλοσόφου
3209 1198 3319 1251 τῶν
3343 1200 3699 1270 γραμμάτων

2113 1272 2381 1342 αἰτήσεως
2419 1278 2560 1346 πρὸς
2602 1283 2727 1347 τοὺς
2769 1286 3065 1356 ἄρχοντας,
3106 1292 3463 1361 καταδεηθεὶς
3493 1296 3563 1349 τὰ
3598 1296 3697 1365 μὲν

2112 1362 2532 1435 αὐτοπρόσωπος
2572 1372 2712 1444 ὑπὲρ
2750 1378 2988 1431 πολλῶν
3031 1381 3101 1433 τὰ
3137 1382 3193 1435 δὲ
3222 1382 3287 1434 δι’
3320 1377 3395 1437 ὧν
3433 1362 3698 1457 ἐκόμισεν

2112 1455 2427 1516 ἐπιστολῶν.
2456 1464 2566 1518 Καὶ
2600 1462 2753 1532 οὗτος
2785 1466 2880 1525 οὖν
2910 1488 2969 1524 σε
3007 1473 3169 1544 μέχρι
3206 1476 3304 1546 τῆς
3335 1455 3695 1551 διηγορευμέ-

2114 1563 2211 1617 νης
2237 1552 2451 1617 εἰκάδος
2473 1561 2779 1628 περιμένει.

427 1625 635 1673 stratus
694 1621 1083 1689 postulationis
1128 1637 1355 1678 causam
1411 1628 1671 1695 praebuit;
1730 1647 1853 1685 cum
1890 1650 1976 1690 me
2016 1644 2212 1707 partim
2268 1660 2452 1703 coram
2518 1667 2617 1721 pro
2660 1657 2851 1712 multis
2897 1657 3288 1731 interpellaret,
3338 1664 3539 1733 partim
3590 1681 3691 1735 per

427 1710 633 1735 I:sn-_-_
696 1729 827 1735 __--_
864 1715 975 1735 2_--
1017 1716 1279 1735 JAD__-V_..
1367 1718 1425 1735 rx-
1484 1721 1495 1731 ο

2518 1710 2534 1721 .
2834 1710 2843 1712 -
2902 1710 3288 1731 ηη--τυ---ννν
3342 1710 3506 1733 ru---—

425 1710 657 1779 litteras,
690 1729 830 1784 quas
863 1715 981 1785 ipse
1008 1716 1304 1773 deferebat.
1365 1718 1433 1773 Et
1483 1721 1530 1778 is
1596 1738 1814 1797 quoque
1854 1736 1908 1785 te
1943 1747 2114 1803 usque
2144 1739 2211 1793 ad
2263 1744 2574 1800 condictum
2640 1748 2804 1820 diem:
2833 1754 3153 1809 vicesimum
3198 1769 3506 1828 exspectat.

907 1832 1240 1893 EPISTULA
1282 1838 1510 1896 CXLIV.

1115 1926 1324 1982 Eidem.

494 2011 700 2069 Servus
731 2014 956 2083 quidam
1004 2033 1161 2073 meus
1202 2022 1452 2093 aufugit,
1490 2038 1600 2079 non
1641 2040 1708 2081 ex
1758 2031 2004 2097 paternis

418 2105 597 2170 meis,
636 2116 727 2160 aut
759 2107 853 2177 qui
886 2109 995 2163 alia
1024 2111 1238 2166 ratione
1274 2128 1487 2168 mecum
1537 2132 1648 2172 una
1698 2131 1827 2173 sunt
1866 2123 2005 2176 edu-

417 2194 526 2249 cati
564 2214 577 2249 :
612 2196 647 2250 ii
674 2198 817 2252 enim
850 2199 1151 2256 liberaliter
1196 2202 1469 2272 instituti,
1500 2222 1562 2261 ac
1602 2225 1771 2280 prope
1805 2214 2001 2282 aequali

416 2300 632 2340 mecum
655 2274 872 2344 honore
902 2290 1109 2359 habiti,
1143 2301 1406 2364 tanquam
1437 2314 1501 2351 ex
1533 2300 1801 2357 electione
1832 2304 2003 2374 impe-

414 2387 627 2431 rantem
673 2388 861 2432 amant
897 2382 1117 2450 potius,
1161 2400 1325 2453 quam
1373 2388 1517 2443 velut
1557 2406 1622 2444 ex
1669 2393 1783 2462 lege
1823 2394 2001 2451 domi-

413 2485 545 2523 num
576 2470 979 2539 reformidant;
1011 2475 1104 2529 sed
1137 2475 1486 2536 Philoromus
1514 2481 1653 2550 (hoc
1678 2486 1820 2538 enim
1858 2486 1998 2557 fugi-

413 2562 527 2615 tivo
575 2579 776 2618 nomen
809 2564 929 2633 est)
957 2567 1303 2623 consobrina:
1334 2585 1468 2625 mea:
1496 2571 1689 2628 Amelii
1723 2574 1845 2631 filia:
1875 2593 1995 2632 ser-

410 2668 547 2717 vus,
580 2655 674 2725 qui
734 2672 891 2711 meus
936 2658 1157 2728 quidem
1200 2671 1422 2732 propter
1467 2664 1612 2718 illam
1659 2665 1837 2724 factus
1884 2680 1989 2726 est.

413 2745 522 2801 Sed
550 2762 675 2801 cum
709 2748 1000 2817 dissolute,
1028 2766 1090 2806 ac
1119 2752 1258 2808 citra
1285 2754 1631 2827 disciplinam
1669 2770 1817 2816 esset
1858 2763 1992 2818 edu-

408 2846 588 2902 catus,
628 2839 961 2911 phi1050pho
1002 2842 1229 2914 dignum
1268 2854 1323 2901 et
1366 2845 1698 2905 Laconicum
1743 2855 1987 2925 regimen

409 2943 520 2982 non
550 2931 705 2995 tulit;
741 2940 796 2986 et
822 2947 970 2987 nunc
997 2932 1431 2992 Alexandrinum
1465 2955 1564 3009 pro
1590 2957 1674 2996 me
1701 2943 1987 3000 dominum

409 3031 630 3087 nactus,
665 3040 792 3079 cum
841 3042 907 3081 eo
954 3024 1252 3098 JEgypIum
1304 3044 1578 3104 peragrat.
1625 3019 1988 3108 llarpocratio

406 3113 631 3181 quidam
659 3128 745 3170 cst
774 3116 1085 3173 Heracliani
1113 3122 1435 3192 satellitum,
1463 3141 1526 3181 ex
1552 3143 1741 3183 eorum
1771 3132 1983 3197 ordine,

404 3204 497 3273 qui
546 3204 827 3273 adjutores
877 3209 1161 3279 adjuvant.
1215 3212 1334 3268 Vox
1376 3217 1523 3271 enim
1570 3217 1880 3291 Subadjuva
1929 3225 1980 3279 id
2013 3213 2053 3269 C
2086 3204 2295 3290 δίέυϐιι

403 3297 714 3366 significare
763 3300 1031 3357 creditur.
1063 3300 1235 3375 'Apud
1284 3307 1432 3362 hunc
1478 3309 1829 3369 Philoromus
1875 3327 1978 3373 est.

404 3384 517 3455 Ego
537 3402 685 3449 vero,
710 3389 856 3457 quod
883 3392 947 3444 ad
973 3407 1060 3447 me
1088 3396 1305 3458 attinet,
1325 3398 1509 3453 valere
1532 3400 1682 3453 illum
1705 3402 1978 3470 juberem.

401 3476 505 3541 Qui
537 3478 683 3532 enim
728 3482 1012 3546 convenit,
1046 3483 1373 3542 deteriorem
1415 3489 1553 3543 nihil
1595 3506 1735 3561 opus
1776 3494 1981 3552 habere

400 3567 759 3625 melioribus:
792 3571 954 3643 282
988 3590 1084 3631 eos
1114 3592 1245 3632 vero
1266 3618 1281 3642 ,
1312 3579 1406 3649 qui
1457 3596 1516 3635 se
1557 3582 1814 3640 meliores
1856 3602 1978 3643 esse

398 3658 748 3727 profitentur,
781 3678 919 3732 opus
943 3667 1145 3723 habere
1171 3667 1577 3727 deterioribus?
1602 3673 1707 3731 Sed
1739 3676 1976 3735 infelicis

397 3748 550 3804 illius
580 3750 709 3805 hera
740 3755 984 3810 nondum
1016 3761 1241 3816 omnino
1269 3762 1466 3819 adduci
1492 3774 1676 3836 potest
1702 3777 1763 3824 ut
1798 3771 1976 3841 philo-

397 3841 695 3911 sophetur;
726 3846 799 3900 ita
833 3856 891 3902 ut
912 3864 975 3904 ea
1001 3859 1354 3923 contemnat,
1382 3873 1503 3928 quae
1530 3860 1755 3918 minime
1781 3867 1847 3920 ad
1874 3884 1975 3924 nos

396 3930 822 3993 adhawescunt:
875 3955 1202 4015 summoque
1242 3961 1271 4000 a
1322 3964 1409 4004 me
1447 3966 1615 4021 opere
1658 3959 1970 4024 contendit,

395 4029 454 4075 ut
484 4023 702 4095 aliquos
734 4029 1009 4087 mitterem
1029 4076 1043 4100 ,
1074 4036 1169 4105 qui
1200 4038 1353 4094 illum
1387 4055 1417 4094 a
1444 4042 1571 4114 fuga
1598 4023 1965 4105 retraherent.

392 4109 565 4177 Quam
597 4118 818 4187 quidem
847 4125 1188 4191 provinciam
1220 4129 1275 4184 in
1322 4146 1381 4187 se
1427 4109 1635 4206 recepit
1672 4139 1967 4195 contuber-

389 4203 534 4259 nalis
578 4221 733 4263 meus
762 4211 1006 4269 Aithales
1032 4232 1046 4281 ;
1078 4232 1239 4287 quem
1269 4237 1371 4292 ego
1401 4232 1452 4279 et
1480 4203 1618 4282 duce
1653 4229 1762 4284 Deo
1792 4229 1964 4288 fretus

388 4292 574 4350 dimisi
606 4314 619 4362 ;
652 4306 705 4353 et
731 4300 1029 4358 humanum
1061 4310 1107 4362 ei
1140 4324 1260 4363 sum
1294 4327 1323 4365 a
1356 4322 1407 4369 te
1451 4316 1757 4373 subsidium
1805 4324 1962 4392 polli-

2634 1869 2979 1924 ΕΠΙΣΤΟΛΗ
3019 1874 3145 1928 MA'.

2741 1961 2826 2028 Τῷ
2863 1962 3041 2029 αὐτῷ.

2174 2045 2407 2117 Οἰκέτης
2434 2050 2563 2120 ἐμὸς
2602 2052 3013 2123 ἐδραπέτευσεν,
3048 2057 3107 2109 οὗ
3148 2057 3254 2110 τῶν
3575 2064 3687 2115 τῶν

2103 2136 2289 2207 ἐμῶν,
2318 2140 2438 2193 ούδέ
2488 2143 2598 2196 τῶν
2650 2144 2825 2210 ἄλλως
2864 2151 3272 2219 συντραφέντων
3311 2154 3460 2223 ἐμοί.
3508 2156 3684 2222 Ἄγω-

2102 2231 2206 2299 γῆς
2249 2232 2358 2302 γὰρ
2402 2232 2702 2306 ἐλευθερίου
2750 2240 3141 2309 μετασχόντες,
3176 2243 3269 2297 καὶ
3324 2246 3529 2315 μ’κροῦ
3576 2248 3685 2300 δέω

2101 2318 2278 2388 λέγειν
2314 2324 2372 2375 ἐν
2408 2326 2691 2396 ὁμοτίμοις
2736 2328 3011 2399 ἀγόμενοι,
3055 2333 3296 2403 φιλοῦσιν
3334 2336 3411 2400 ὡς
3462 2339 3685 2409 αἱρετὸν

2099 2410 2332 2481 ἄρχοντα
2383 2414 2600 2491 μᾶλλον,
2641 2418 2675 2488 ἢ
2750 2418 2985 2476 δεδίασιν
3036 2423 3112 2487 ὡς
3164 2426 3313 2496 νόμῳ
3367 2426 3681 2498 δεσπότην·

2098 2502 2213 2556 ἀλλ’
2253 2506 2281 2556 ὁ
2309 2505 2620 2578 Φιλόρωμος
2646 2510 2825 2579 (τοῦτο
2858 2514 2963 2586 γὰρ
2989 2515 3155 2587 ὄνομα
3178 2519 3252 2589 τῷ
3290 2520 3563 2593 δραπέτῃ)
3578 2524 3683 2592 τῆς

2096 2592 2383 2666 ἀδελφιδῆς
2423 2615 2525 2667 μου
2559 2600 2657 2671 τῆς
2704 2603 2950 2674 Ἀμελίου
2992 2607 3253 2681 θυγατρὸς
3298 2592 3537 2684 οἰκέτης
3577 2616 3677 2679 ὢν,

2094 2683 2225 2755 ἐμὸς
2267 2688 2472 2756 γίνεται
2526 2689 2593 2743 δι’
2642 2694 2875 2766 ἐκείνης.
2925 2698 3157 2771 Τραφεὶς
3205 2702 3259 2755 δὲ
3294 2702 3535 2774 ἐκμελὴς
3583 2709 3681 2760 καὶ

2091 2869 2287 2937 ἤνεγκε
2320 2886 2336 2902 ·
2381 2874 2475 2926 καὶ
2533 2874 2627 2927 νῦν
2682 2877 2797 2930 ἀντ’
2842 2880 2976 2950 ἐμοῦ
3041 2882 3303 2955 δεσπότην
3365 2887 3679 2959 εὑράμενος

2103 2960 2475 3035 Ἀλεξανδρέα,
2516 2973 2823 3040 περινοστεῖ
2857 2974 2973 3042 μετ’
3004 2976 3209 3029 ἐκείνου
3242 2980 3340 3047 τὴν
3371 2982 3672 3048 Αἴγυπτον.

2099 3052 2507 3125 Ἁρποκρατίων
2534 3060 2618 3122 τίς
2641 3062 2757 3114 ἐστι
2782 3064 2888 3116 τῶν
2913 3065 3300 3138 Ἡρακλειανοῦ
3326 3071 3671 3145 δορυφόρων,

2086 3145 2237 3211 τάξιν
2295 3147 2433 3219 ἔχων
2482 3150 2560 3221 τῷ
2622 3153 2800 3224 βοηθῷ
2862 3156 3096 3227 βοηθεῖν.
3157 3161 3221 3214 Ἦ
3269 3162 3381 3235 γὰρ
3443 3169 3672 3220 σουεμηο

2358 3238 2502 3305 λέξις
2543 3243 2656 3313 (84)
2716 3245 2875 3300 τοῦτο
2936 3249 3254 3320 ἑρμηνεύειν
3322 3256 3667 3312 πιστεύεται.

2086 3325 2272 3398 Τούτῳ
2329 3330 2574 3386 σύνεστιν
2603 3334 2631 3385 ὁ
2684 3335 3014 3409 Φιλόρωμος.
3066 3342 3259 3411 Κάγὼ,
3308 3346 3370 3399 τό
3412 3348 3469 3415 γ’
3506 3350 3664 3419 ἐμὸν,

2083 3418 2241 3471 εἴασα
2278 3418 2344 3472 ἂν
2381 3421 2593 3493 χαίρειν
2641 3426 2822 3480 αὐτόν.
2862 3429 2970 3482 Ποῦ
3021 3431 3126 3506 γὰρ
3170 3433 3391 3504 εὔλογον
3435 3418 3665 3510 τὸνμὲν

2080 3506 2249 3578 χείρω
2284 3510 2392 3563 τῶν
2433 3511 2718 3582 βελτιόνων
2754 3517 2828 3589 μὴ
2858 3518 3083 3588 δεῖσθαι,
3122 3526 3245 3589 τοὺς
3280 3526 3338 3580 δὲ
3379 3506 3663 3598 βελτίονας

2080 3597 2471 3667 ὁμολογοῦντας
2526 3600 2687 3673 εἶναι,
2723 3607 2929 3663 δεῖσθαι
2967 3611 3059 3665 τοῦ
3115 3597 3392 3685 χείρονοςξ
3442 3619 3587 3672 Ἀλλ’
3621 3623 3656 3692 ἡ

2080 3687 2334 3742 δέσποινα
2385 3692 2477 3746 τοῦ
2540 3698 2933 3768 κακοδαίμονος
2996 3701 3144 3756 οὔπω
3196 3706 3446 3760 πείθεται
3512 3712 3656 3764 πάνυ

2078 3781 2403 3853 φιλοσοφεῖν,
2434 3787 2571 3841 ὥστε
2607 3797 2964 3863 καταφρονεῖν
2991 3796 3099 3849 τῶν
3122 3797 3222 3852 οὐκ
3248 3801 3655 3871 ἀντεχομένων,

2075 3874 2168 3928 καὶ
2189 3878 2485 3951 κατεδεήθη
2522 3882 2688 3937 πολλὰ
2722 3886 2976 3956 σταλῆναι
2996 3891 3120 3952 τοὺς
3150 3892 3519 3959 ἐπανάξοντας
3549 3898 3657 3950 αὑ-

2072 3965 2184 4019 τόν.
2223 3966 2461 4040 ’Υπέστη
2501 3971 2558 4024 δέ
2589 3974 2688 4045 τὴν
2713 3977 3002 4048 ὑπερεσίαν
3028 3981 3344 4054 αὐθαίρετος
3383 3986 3413 4036 δ
3442 3986 3652 4057 σύσκη-

2072 4072 2163 4119 νος
2208 4058 2366 4127 ⁴ἡμῶν
2416 4060 2714 4136 Ἀειθαλὴς,
2758 4067 2817 4121 ὃν
2854 4068 2963 4137 ἐγὼ
3000 4071 3119 4141 Θεῷ
3167 4090 3224 4125 τε
3258 4075 3489 4145 ἡγεμόνι
3519 4076 3653 4148 θαρ-

2075 4147 2183 4217 ρῶν
2218 4148 2450 4216 ἔστειλα,
2483 4154 2575 4207 καὶ
2618 4157 2962 4231 ἀνθρωπίνην
2996 4163 3313 4235 ἐπικουρίαν
3344 4147 3653 4237 ὑποσχόμε-

2072 4255 2160 4301 νος
2176 4239 2273 4310 τὴν
2290 4243 2440 4312 παρὰ
2471 4246 2584 4300 σοῦ.
2618 4249 2718 4320 Είη
2749 4267 2830 4303 σοι
2862 4252 2960 4323 τὴν
2988 4254 3276 4327 ἐπιστολὴν
3299 4258 3645 4329 ἐπιδοθῆναι·

2072 4327 2140 4380 τὰ
2176 4329 2232 4381 δὲ
2282 4332 2567 4402 ἐντεῦθεν,
2608 4338 2793 4411 ἐπειδὴ
2836 4342 3177 4414 παρείληφας
3214 4345 3312 4416 τῆν
3352 4327 3643 4415 ὑπόθεσιν,

387 4384 551 4440 citus.
604 4387 841 4446 Tantum
896 4395 1066 4465 igitur
1122 4398 1203 4453 ba:
1254 4403 1349 4457 tibi
1402 4405 1455 4459 in
1515 4424 1713 4465 manus
1770 4411 1963 4469 litterze

387 4473 586 4508 dant...
617 4494 630 4506 .
699 4489 894 4508 nmo---
997 4495 1224 4508 ...μμηΔ

2552 4384 2567 4402 ,
2609 4384 2793 4411 -..-.-.,
2843 4384 3173 4414 ..-τυηητη
3226 4384 3310 4416 ..μ
3354 4384 3379 4400 ν

2094 4420 2204 4489 θεῷ,
2239 4424 2333 4476 καὶ
2372 4425 2521 4496 αὑτῷ
2562 4445 2664 4496 σοι,
2701 4432 2797 4484 καὶ
2833 4432 3095 4487 Ἀειθαλεῖ
3136 4436 3379 4508 μελήσει.

1748 4485 1753 4489 .
2154 4473 2203 4489 ιι
2377 4473 2516 4496 ν--τ
2565 4473 2664 4496 --π
2704 4473 2797 4484 πνσ·
2848 4473 3093 4487 "ww-"~-
3136 4473 3379 4508 νινε-ιη’·

387 4473 630 4530 dentur:
698 4489 935 4549 caetera,
997 4495 1288 4559 postquam
1347 4508 1731 4565 argumentum
1801 4516 1962 4559 omne
2028 4512 2359 4582 percepisti,
2431 4514 2577 4584 Deo,
2640 4534 2704 4575 ac
2760 4522 2856 4577 tibi
2913 4524 3050 4595 ipsi,
3100 4536 3156 4582 et
3208 4529 3444 4585 Aithalis
3498 4546 3645 4586 cura:

391 4565 647 4595 ηη-ηιῖηιι

390 4565 666 4635 permitto.

870 4661 1202 4722 EPISTULA
1244 4670 1447 4730 CXLV.

1073 4756 1282 4815 Eidem.

454 4836 593 4891 Cum
621 4854 723 4910 ego
753 4842 926 4899 multo
951 4856 1079 4903 ante
1106 4861 1357 4909 sanctum
1386 4858 1627 4915 animum
1655 4870 1811 4918 tuum
1840 4878 1963 4920 cor-

381 4928 645 4987 roborare
687 4947 943 5005 cuperem
968 4978 983 5003 ,
1025 4941 1317 5001 vehemens
1361 4948 1491 5006 illud
1540 4960 1694 5009 tuum
1726 4971 1961 5013 consue-

2574 4694 2915 4751 ΕΠΙΣΤΟΛΗ
2959 4702 3060 4756 PM
3065 4704 3135 4757 E'.

2702 4787 2791 4854 Τῷ
2820 4792 3002 4859 αὐτῷ.

2149 4869 2524 4945 Ἐπιθυμήσας
2577 4877 2883 4950 ἀρρενῶσαι
2925 4886 3024 4957 τὴν
3056 4890 3205 4960 ἰεράν
3234 4909 3329 4946 σου
3357 4896 3536 4972 ψυχὴν
3556 4904 3635 4973 τῷ

2063 4959 2133 5014 δι’
2179 4962 2476 5019 ἐπιστολῶν
2509 4969 2805 5041 ἐπιπλῆξαι
2867 4977 2947 5049 τῷ
3002 4982 3218 5055 σφοδρῷ
3272 4959 3382 5059 τῆξ
3423 4959 3505 5057 ἐξ
3536 4960 3633 5067 τὴς.

1613 5152 1797 5209 DlON.
1838 5154 2117 5215 PETAVII
2146 5158 2381 5220 NOTIE.

446 5303 967 5398 ςξξλᾼοχιέζτόρεές
1000 5315 1541 5398 ἀπδδιηγηέιάζων.
1585 5327 1777 5398 Magna
1818 5331 1951 5388 mihi

376 5376 744 5471 suspicionem“
895 5376 1266 5471 (imminisz
1282 5376 1442 5471 (illicii

375 5457 519 5503 esse.
545 5450 821 5534 quomodo
858 5450 1133 5534 Loatiné'q
1170 5464 1405 5517 consiliis
1445 5450 1700 5534 (licinius,
1735 5450 1950 5526 aocom:

374 5516 675 5603 memoriis,
696 5518 759 5570 ab
771 5524 948 5603 noctis,
977 5534 1084 5603 et_c.
1098 5531 1276 5603 Αιηγή
1287 5516 1430 5603 ματα
1455 5516 1950 5598 Léiiﬁé'izc'za'JJr'-

375 5588 861 5676 iere‘lpqssisLSic
901 5595 1045 5676 apud
1098 5588 1368 5676 Theodbr.
1408 5588 1943 5676 1.}.“E'c'ciééiiiisii,

373 5648 683 5734 διηγήματα
717 5674 814 5734 pro
841 5648 993 5718 actis,
1015 5648 1941 5734 consilii"§{.}u}i.{qu"uK&é'Z¥S

373 5718 730 5793 διηγημάτων
746 5728 1007 5787 dicuntur
1042 5718 1933 5819 ci‘ééjiioEe's',"JJi'"aha"

2049 5350 2172 5390 rum
2232 5341 2667 5409 praescribebant
2707 5353 2762 5402 et
2793 5349 3113 5423 redigeba'nt
3161 5358 3219 5414 in
3276 5369 3620 5425 memoriam.

2046 5406 2791 5503 auternl‘lleraclianus
2837 5422 2923 5475 vir
2950 5427 3265 5503 nobilisaet
3291 5437 3619 5503 prmfectun

2046 5477 2229 5575 “"933
2256 5489 2507 5575 ’ῖιηλιιέἐν
2550 5493 2608 5575 ‘1!
2645 5477 3463 5575 εξεξειυεξιιίέἕῷῐόιῆἧιῖὲἰ

2118 5548 2973 5645 ίὲἑίεέ.-τέξηξοπέξίῐιδ.ίδυὲαμ
3003 5548 3615 5645 λὲέιξζῘέὶῗδέἷὺλιηω

2044 5613 2609 5707 JuStiti‘ianusL‘vocat,
2639 5632 2799 5707 quasi
2830 5613 3612 5707 adjutoris‘

2047 5689 2313 5775 magister.
2346 5689 2669 5775 ofﬁgiorutn:
2713 5689 3017 5775 adjuto'rem
3079 5689 3597 5775 ⁷Ιιξιίιῖιῖίίῖἶξ

2045 5747 2258 5827 adjuvat
2281 5760 2417 5820 dati.
2434 5747 2587 5821 rVide
2618 5747 3363 5838 Noiiiia'ih"I'éiberfbdliui
