3892 6576
171 386 175 393 ‘
223 370 355 426 15M

1324 353 1710 412 EPISTOLIE.
1752 383 1823 394 —
1854 350 2068 406 El’IST.
2110 347 2336 405 CXLVI.

3327 346 3473 402 £542

221 484 511 556 συντυχίαν
554 481 712 554 ἡμῶν
762 455 1094 546 συστάσεως,
1130 476 1311 545 πολλῷ
1357 475 1620 547 πρότερον
1676 472 1784 542 (85]

1900 468 2106 523 tudinis
2147 476 2350 523 nostrae
2374 466 2705 523 desiderium
2735 481 2832 537 per
2856 465 3067 522 litteras
3093 466 3426 535 redargUens
3450 478 3468 517 :

222 578 326 630 ὑπὸ
354 576 449 629 τοῦ
472 574 856 645 κατακλυσμοῦ
880 572 986 626 τῶν
1010 572 1069 626 ὲν
1105 571 1223 632 ταῖς
1248 566 1557 628 ἐπιστολαῖς
1593 564 1795 631 ἰΰγγων

219 669 381 731 αὐτὸς
416 665 736 736 ὲθηλύνθην,
771 666 864 720 καὶ
912 664 1029 734 εἰμὶ
1080 660 1173 716 νῦν
1218 658 1479 724 τοιοῦτος,
1516 657 1682 725 ὁποίῳ
1715 672 1795 708 σοι

216 759 540 828 τυγχάνοντι
566 756 827 827 πρότερον
858 753 1165 808 ἐνεκάλουν.
1189 748 1316 823 ’Ἆρ’
1338 746 1432 804 οὖν
1461 748 1679 817 ἀγαθῶν
1708 763 1795 817 μοι

221 850 475 920 μεγάλων
523 848 694 912 αἴτιος
749 849 777 900 ὁ
832 845 1132 915 θαυμάσιος
1198 840 1613 913 Ἐρκουλιανὸς,
1653 838 1796 892 οὕτω

214 944 315 1014 τὴν
339 940 475 1012 ἐμὴν
512 940 689 1011 ψυχὴν
720 939 1028 1010 ἀναρτήσας
1058 934 1268 999 ἑαυτοῦ,
1296 934 1389 987 καὶ
1422 930 1790 993 καταϐιϐάσας

213 1035 309 1088 τοῦ
338 1034 655 1103 φιλοσοφίας
700 1030 1045 1101 ἀξιώματος;
1080 1027 1222 1097 Ἐγὼ
1253 1026 1351 1097 μὲν
1397 1026 1457 1078 οὐ
1487 1025 1552 1077 δι’
1584 1023 1714 1077 ἄλλο
1741 1040 1794 1076 τι

212 1124 316 1188 τὰς
344 1124 605 1194 Σειρῆνας
641 1121 744 1175 ὑπὸ
770 1122 879 1175 τῶν
921 1118 1158 1191 ποιητῶν
1196 1117 1435 1187 ἠγοῦμαι
1461 1116 1795 1187 βλασφημεῖ-

215 1217 364 1279 σθαι,
396 1215 427 1287 ἥ
459 1217 539 1269 ὅτι
574 1214 652 1286 τῷ
690 1214 929 1286 μελιχρῷ
954 1214 1051 1283 τῆς
1079 1212 1260 1282 φωνῆς
1290 1208 1590 1274 ἀπώλλυον,
1623 1225 1793 1279 προσ-

210 1306 581 1375 αγόμεναιτὸν
610 1303 1249 1358 πιστεύσαντα.Ἤκουσα
1273 1301 1331 1354 δέ
1356 1318 1447 1354 του
1478 1298 1585 1352 τῶν
1614 1298 1793 1365 σοφῶν

210 1396 311 1450 καὶ
332 1394 763 1467 ἀλληγοροῦντος
808 1393 897 1446 τὸν
930 1391 1114 1463 μῦθον.
1163 1391 1427 1462 Σειρῆνας
1468 1389 1575 1460 γὰρ
1622 1389 1791 1453 αὐτὰς

209 1486 546 1541 αίνίττεσθαι
601 1486 699 1550 τάς
741 1484 1144 1547 ἀπολαυστικάς
1182 1483 1396 1554 ἡδονὰς,
1433 1480 1489 1535 αἳ
1541 1480 1667 1543 τοὺς
1710 1479 1790 1532 εῖ-

210 1578 410 1643 ξαντας
436 1616 452 1641 ,
486 1577 582 1631 καὶ
624 1576 1168 1647 καταγοητευθέντας
1197 1573 1374 1627 αὐτῶν
1404 1572 1483 1642 τῷ
1534 1570 1794 1641 προσηνεῖ

210 1671 355 1741 μετὰ
404 1669 597 1759 μικρὸν
646 1669 993 1725 ἀπολλύουσι.
1034 1668 1098 1721 Τί
1145 1664 1238 1720 οὖν
1291 1664 1612 1759 ἀποδέουσιν
1654 1658 1791 1759 εἶναι

209 1760 471 1832 Σειρῆνες
502 1760 559 1811 αί
581 1750 698 1811 ’τῶν
753 1758 861 1811 σῶν
910 1755 1208 1810 ἐπιστολῶν
1237 1754 1454 1827 ἡδοναὶ,
1486 1755 1558 1823 ὑφ
1584 1750 1656 1805 ῶν
1681 1750 1791 1820 ἐγὼ

1897 575 2044 616 nunc
2077 560 2456 616 illecebrarum
2481 601 2496 627 ,
2524 577 2647 630 quae
2677 560 2733 614 in
2767 559 2877 615 tuis
2904 559 3104 614 litteris
3131 559 3354 621 insunt,
3384 575 3471 613 re-

1895 653 2177 710 dundante
2224 655 2381 723 copia
2430 654 2639 711 fractus
2688 655 2837 726 ipse,
2886 664 2941 711 et
2981 655 3257 711 emollitus
3302 673 3466 721 sum;

1893 758 1951 803 et
1978 746 2139 802 modo
2170 746 2331 802 talem
2364 764 2448 803 me
2479 749 2731 813 invenio,
2761 751 2941 815 qualis
2971 759 3132 805 antea
3163 768 3284 805 eum
3311 768 3469 807 esses

1894 846 2003 894 tete
2053 838 2534 909 reprehenderem.
2586 840 2724 895 Num
2770 843 2937 912 igitur
2981 844 3284 913 ingentium
3329 844 3464 898 mihi

1893 930 2162 985 bonorum
2205 944 2373 985 causa
2403 932 2657 1001 egregius
2685 931 3052 989 Herculianus
3077 935 3328 996 exstitit.
3369 938 3461 1005 qui

1895 1020 2137 1075 animum
2169 1036 2348 1075 meum
2380 1022 2516 1075 adeo
2548 1023 2651 1077 sibi
2681 1022 3019 1089 devinxerit,
3059 1035 3225 1098 atque
3263 1043 3294 1081 a
3338 1030 3465 1098 phi-

1895 1112 2159 1182 losotihiaa
2187 1112 2451 1183 dignitate
2490 1098 2795 1181 dejecerit?
2840 1116 3106 1186 Equidem
3150 1135 3260 1173 non
3300 1121 3462 1175 aliam

1893 1203 1963 1257 ob
1995 1218 2220 1257 causam
2255 1204 2495 1257 arbitror
2531 1203 2758 1260 Sirenas
2803 1215 3087 1275 poetarum
3137 1210 3355 1278 probris
3400 1226 3465 1264 ac

1893 1293 2201 1347 maledictis
2228 1295 2529 1364 exagitari,
2556 1310 2716 1363 quam
2748 1298 2892 1366 quod
2924 1298 3126 1351 mellita
3159 1301 3310 1355 vocis
3344 1317 3469 1355 sua-

1892 1382 2056 1436 vitate
2089 1382 2368 1437 interitum
2407 1383 2740 1447 efferebant,
2780 1401 2904 1440 cum
2952 1404 3074 1442 eum
3125 1388 3467 1453 illexissent,

1893 1476 1985 1544 qui
2038 1475 2106 1529 iis
2156 1474 2315 1530 fidem
2365 1476 2670 1531 habuisset.
2707 1477 2927 1532 Memini
2981 1495 3111 1533 vero
3149 1497 3236 1536 me
3276 1485 3465 1537 nescio

1891 1581 2051 1635 quem
2082 1565 2212 1619 olim
2244 1564 2434 1621 audire
2461 1568 2801 1636 sapientem,
2830 1568 2922 1638 qui
2959 1570 3039 1624 sic
3069 1569 3269 1625 fabula:
3301 1573 3467 1628 istius

1893 1657 2203 1727 allegoriam
2236 1668 2547 1712 enarraret.
2590 1657 2806 1712 Etenim
2841 1658 3067 1716 Sirenas
3099 1663 3283 1717 aiebat
3310 1665 3467 1718 volu-

1892 1758 2072 1818 ptates
2100 1749 2224 1804 illas
2252 1750 2589 1820 significare,
2635 1752 2837 1820 quibus
2877 1750 3148 1819 fruimur;
3183 1771 3304 1824 quae
3333 1770 3465 1811 suc-

206 1853 274 1905 τὸ
298 1851 554 1923 ἐμϐριθὲς
574 1852 751 1921 ἀφεὶς,
782 1850 902 1914 ὅλος
944 1846 1325 1920 Ἐρκουλιανοῦ
1351 1846 1550 1915 γέγονα
1583 1862 1598 1911 ;
1627 1845 1784 1915 Μάρ-

1891 1841 2239 1906 cumbentes,
2269 1850 2432 1910 atque
2467 1857 2658 1896 earum
2699 1843 2985 1900 blanditiis
3020 1844 3283 1903 delinitos
3330 1864 3465 1917 pau-

203 1960 308 2007 τυς
328 1944 476 2007 Θεὸς,
495 1944 554 1996 οὐ
580 1944 729 2013 νόμῳ
751 1942 845 1995 τοῦ
878 1942 1137 2013 γράφειν,
1173 1939 1287 1993 ἀντ’
1315 1939 1474 1993 ἄλλου
1505 1938 1631 2000 τοὺς
1660 1935 1788 2006 περὶ

204 2034 403 2087 τούτου
443 2034 745 2104 πεποίημαι
788 2033 999 2101 λόγους,
1033 2033 1098 2085 ἵν’
1148 2031 1402 2084 ὑπόθεσιν
1448 2029 1555 2099 ἔχω
1602 2044 1786 2098 γραμ-

212 2126 423 2194 μάτων.
461 2124 622 2178 Ἀλλά
648 2124 757 2177 τῶν
800 2125 929 2195 παρ’
962 2123 1035 2175 Οὐ
1046 2123 1282 2194 ρσικίνου
1304 2122 1554 2175 δοθεισῶν
1579 2122 1790 2173 ἐπιστο-

205 2214 321 2267 λῶν
345 2231 358 2243 ·
387 2210 527 2284 ἦσαν
546 2213 602 2266 δὲ
637 2215 784 2285 τρεῖς
803 2227 817 2241 ο
846 2214 880 2283 ἡ
906 2211 1044 2282 μέση
1068 2210 1208 2263 κατὰ
1238 2211 1298 2263 τὸ
1339 2209 1564 2279 μέγεθος
1599 2208 1787 2278 ἔμϐιόν

205 2324 265 2359 τι
302 2305 477 2376 ψυχῆς
504 2305 676 2369 πάθος
717 2303 968 2369 ὲνέσταξέ
1011 2321 1098 2374 μοι
1133 2303 1439 2373 κομίσασα’
1474 2302 1571 2354 καὶ
1590 2302 1787 2370 γέγονα

205 2400 313 2469 τῆς
341 2399 397 2451 ὲν
442 2398 555 2461 τοῖς
598 2397 893 2469 γράμμασι
947 2396 1238 2458 κολακείας
1291 2396 1470 2465 ἥττων
1513 2392 1784 2459 τοσοῦτον,

206 2490 336 2543 ὅσον
363 2489 731 2558 αἰσχύνεσθαι.
779 2488 882 2541 Τὸν
917 2488 1142 2556 ἀδελφὸν
1191 2488 1372 2555 Κύρον
1403 2486 1517 2555 (86)
1560 2485 1666 2539 ἔδει
1694 2501 1787 2537 κο-

213 2581 478 2651 μίσασθαι
506 2580 657 2651 παρά
698 2580 791 2634 σοῦ
818 2579 1121 2650 γράμματα
1144 2578 1270 2649 περὶ
1294 2572 1368 2630 ὧν
1391 2577 1684 2647 ἐδήλωσας,
1702 2575 1789 2627 διὰ

206 2672 303 2724 τὸν
350 2672 415 2724 ἐκ
461 2672 847 2735 Πενταπόλεως
878 2672 1113 2742 κόμητα.
1148 2671 1257 2723 Καὶ
1289 2669 1447 2739 χάριν
1486 2667 1584 2739 μὲν
1632 2667 1787 2736 ἔσχον

204 2766 278 2834 τῇ
328 2764 643 2836 προαιρέσει
685 2763 780 2816 τοῦ
834 2764 1199 2833 συστήσαντος
1232 2779 1246 2794 ·
1278 2761 1541 2813 ἐπελάθου
1593 2758 1649 2811 δὲ
1705 2759 1786 2810 ὅτι

207 2856 517 2925 φιλοσοφεῖν
572 2855 870 2927 πειρῶμαι,
928 2855 1023 2909 καὶ
1073 2853 1265 2926 μικρὸν
1320 2853 1563 2921 ἡγοῦμαι
1618 2849 1786 2920 τιμὴν

213 2944 453 3007 ἃπασαν,
480 2947 527 2997 εί
561 2945 635 3016 μὴ
673 2946 764 2998 ἐπὶ
786 2944 1071 3017 φιλοσοφίᾳ
1103 2945 1330 3014 γένοιτο.
1356 2942 1555 3011 Δέομαι
1580 2936 1673 2994 οὖν
1700 2940 1787 2993 διὰ

205 3036 303 3089 τὸν
352 3037 483 3091 Θεὸν
525 3038 695 3092 οὐδέν.
732 3036 869 3091 Οῧτε
913 3038 1020 3108 γὰρ
1050 3035 1372 3105 ἀδικοῦμεν,
1416 3034 1537 3087 οὔτε
1568 3032 1783 3086 ἀδικού-

210 3128 375 3198 μεθα.
405 3130 477 3181 Τὸ
501 3129 563 3199 δὴ
593 3128 850 3192 τοιοῦτον,
885 3130 1076 3197 ἐκείνῳ
1102 3127 1200 3194 μὲν
1233 3125 1371 3196 ὑπὲρ
1393 3124 1548 3195 ἡμῶν
1578 3123 1783 3194 ἔπρεπε
1812 3163 1853 3221 C

209 3222 386 3274 ποιεῖν
409 3237 425 3251 ’
459 3222 588 3290 ἡμῖν
634 3221 690 3273 δὲ
726 3223 915 3285 αἰτεῖν,
945 3221 1003 3272 οὐ
1051 3218 1279 3288 πρέπον.
1310 3218 1371 3269 El
1409 3217 1516 3286 γὰρ
1548 3216 1653 3269 ἔδει
1688 3214 1784 3285 ζη-

203 3313 326 3363 τεῖν
368 3312 673 3375 ἐπιστολὰς,
698 3313 868 3365 αἰτεῖν
898 3311 1004 3363 ἔδει
1037 3310 1172 3381 πρὸς
1203 3311 1303 3380 ἐμὲ
1331 3309 1583 3377 γενέσθαι
1601 3326 1615 3341 ο
1642 3308 1783 3361 οὕτω

199 3402 320 3472 γὰρ
350 3400 417 3455 ἂν
450 3403 711 3473 ἐτιμήθην
736 3419 750 3432 ο
772 3403 868 3472 οὐχ
889 3402 1030 3474 ὑπὲρ
1060 3401 1215 3473 ἡμῶν
1248 3401 1383 3472 πρὸς
1406 3400 1612 3472 ἕτερον.
1662 3402 1782 3470 Ἑρο

200 3492 455 3563 ρωμένος
506 3493 756 3564 εὐθυμῶν
787 3494 1046 3566 διαϐιῴης
1070 3536 1084 3558 ,
1116 3493 1433 3561 φιλοσοφίαν
1466 3492 1780 3545 ἀδδλὼτατα

200 3582 432 3653 μετιών.
470 3584 626 3636 Πᾶσα
670 3584 802 3654 ὁμοῦ
861 3602 920 3637 σε
975 3587 1009 3656 ή
1042 3585 1186 3637 οἰκία
1210 3624 1224 3646 ,
1256 3584 1461 3655 μάρτυς
1505 3582 1656 3645 Θεὸς,
1690 3582 1783 3634 καὶ

197 3674 419 3737 παῖδες,
448 3673 540 3727 καὶ
591 3674 861 3745 γέροντες,
890 3677 985 3728 καὶ
1030 3679 1305 3744 γυναῖκες,
1346 3672 1780 3745 προσαγορεύου-

198 3784 315 3819 σιν.
370 3767 529 3828 Ἴσως
572 3766 615 3819 δ’
662 3767 728 3821 ἂν
778 3767 937 3829 αὐτὸς
996 3769 1090 3820 καὶ
1144 3767 1639 3836 φιλοφρονουμένας
1682 3765 1780 3827 τὰς

195 3859 472 3927 γυναῖκας
521 3858 755 3930 μισοίης.
805 3857 933 3911 Ἰδοὺ
981 3858 1033 3910 τί
1076 3858 1418 3926 πεποίηκας’
1450 3859 1508 3909 ὲν
1556 3857 1658 3927 ὁδῷ
1711 3873 1777 3927 με

196 3952 339 4003 ὄντα
392 3950 559 4020 ἀπρὶξ
614 3950 908 4019 λαϐόμενος
957 3949 1225 4019 κατέχεις.
1261 3945 1441 4003 Ἦσαν
1470 3948 1577 4020 ἄρα
1615 3949 1779 4017 Αἰγύ-

196 4057 356 4093 πτιοι
398 4044 728 4113 φαρμακεῖς,
757 4041 852 4096 καὶ
882 4042 941 4095 οὑ
988 4042 1165 4095 πάντα
1211 4042 1455 4111 ’Όμηρος
1501 4040 1777 4109 ψεύδεται,

195 4134 299 4186 ὅτε
337 4134 430 4185 καὶ
482 4132 648 4196 αὐτὸς
703 4134 904 4203 ίΰγγων
949 4132 1177 4205 πλήρεις
1231 4130 1515 4194 ἐπιστολὰς
1569 4133 1779 4202 ἐκπέμ-

198 4238 335 4283 πεις
388 4223 483 4275 ἀπ’
529 4223 825 4292 Αἰγύπτου.
870 4224 1057 4296 Ἑλένῃ
1098 4224 1195 4295 μὲν
1247 4220 1339 4277 οὖν
1388 4222 1450 4276 τὸ
1494 4223 1781 4296 λαθικηδὲς

198 4312 501 4384 φάρμακον
1724 4332 1727 4333 ⁷

1891 1932 2042 1985 latim
2078 1932 2396 2002 perderent.
2427 1934 2697 1998 Quidnam
2735 1938 2902 2006 igitur
2932 1937 3122 2001 abest,
3170 1942 3469 2008 quominus

1891 2023 2113 2079 Sirenes
2141 2025 2253 2080 sint
2283 2025 2531 2095 quaedam
2566 2025 2875 2082 litterarum
2910 2040 3126 2083 tuarum
3158 2032 3466 2099 illecebrae,

1888 2118 2090 2188 quibus
2118 2134 2219 2188 ego
2248 2120 2515 2187 gravitate
2556 2123 2981 2193 constantiaque
3025 2126 3115 2179 illa
3154 2127 3331 2195 posita
3374 2138 3459 2181 to-

1890 2217 1980 2263 tus
2010 2207 2322 2262 Herculiani
2356 2224 2476 2263 sum
2509 2209 2726 2266 factus?
2750 2197 2931 2269 Testis
2960 2224 3041 2269 est
3069 2215 3211 2270 Deus
3238 2233 3324 2271 me
3350 2234 3465 2272 non

1890 2299 2165 2353 scribendi
2197 2315 2348 2354 more
2370 2339 2384 2360 .
2423 2301 2650 2357 alterius
2684 2304 2992 2375 cujuspiam
3029 2308 3179 2367 loco.
3214 2308 3282 2362 de
3311 2324 3374 2362 ea
3405 2325 3467 2364 re

1890 2390 2055 2444 verba
2083 2389 2265 2445 facere
2288 2430 2304 2453 ,
2335 2406 2444 2461 quo
2472 2392 2782 2447 litterarum
2810 2406 3194 2466 argumentum
3239 2400 3465 2470 aliquod

1890 2480 2172 2535 haberem.
2204 2480 2398 2536 Verum
2433 2497 2495 2536 ex
2530 2483 2600 2537 iis
2639 2484 2841 2539 litteris
2863 2524 2878 2550 ,
2920 2502 3058 2555 quas
3094 2489 3161 2543 ab
3209 2489 3470 2547 Ursicino

1894 2579 2007 2626 tres
2037 2572 2259 2641 accepi,
2289 2588 2409 2642 quae
2453 2575 2814 2647 amplitudine
2861 2578 3036 2633 media
3082 2592 3230 2645 erat,
3276 2584 3463 2638 vivum

1890 2662 2022 2714 mihi
2050 2665 2341 2732 quemdam
2371 2665 2654 2718 instillavit
2688 2666 2940 2721 allectum
2980 2670 3148 2725 animi
3174 2688 3190 2725 :
3218 2673 3467 2744 adeoque

1888 2770 2009 2808 sum
2040 2755 2346 2809 litterarum
2379 2756 2697 2813 adulatione
2724 2768 3048 2829 superatus,
3091 2772 3151 2815 ut
3196 2766 3462 2834 meipsum

1889 2847 2137 2915 puderet.
2186 2845 2481 2917 Oportebat
2528 2857 2581 2903 te
2632 2850 2698 2904 ad
2742 2849 2965 2905 fratrem
3000 2853 3199 2924 Cyrum
3244 2857 3313 2910 de
3361 2873 3461 2922 eo.

1888 2938 2032 3007 quod
2056 2938 2376 3008 signiﬁcasti
2396 2977 2412 3002 ,
2435 2940 2650 2995 litteras
2672 2941 2920 3007 dedisse,
2948 2952 3169 3014 propter
3191 2944 3466 3019 Pentapo-

1890 3029 2116 3082 litanum
2157 3030 2436 3083 comitem.
2486 3030 2567 3085 Ac
2615 3031 2882 3085 voluntati
2928 3033 3144 3102 quidem
3182 3052 3463 3092 commen-

1887 3120 2069 3175 dantis
2082 3121 2243 3191 283
2262 3121 2467 3188 gratias
2483 3121 2810 3191 egi.\'ideris
2826 3124 2953 3177 mihi
2971 3136 3149 3180 tamen
3166 3128 3306 3182 istud
3327 3130 3468 3182 obli-

1889 3223 1997 3276 tus,
2026 3215 2483 3282 quemadmodum
2504 3216 2875 3286 philosophari
2903 3219 3229 3273 instituerint
3253 3238 3273 3286 ;
3302 3229 3468 3290 atque

1885 3322 2100 3360 omnem
2135 3307 2393 3362 honorem
2423 3310 2575 3378 parvi
2610 3311 2980 3381 pendam,qui
3008 3328 3113 3364 non
3149 3328 3176 3364 a
3218 3314 3465 3381 prilaso-

1886 3399 2011 3468 phia
2065 3400 2470 3469 proficiscatur.
2518 3400 2707 3471 itaque
2744 3403 2880 3456 nihil
2919 3412 3138 3473 propter
3189 3403 3353 3458 Deum
3399 3421 3463 3459 ea

1887 3490 2358 3544 commendatione
2379 3506 2519 3559 opus
2553 3491 2750 3545 habeo.
2787 3491 2974 3561 Neque
3015 3495 3160 3549 enim
3192 3505 3285 3548 aut
3322 3497 3468 3551 facio

1887 3584 2141 3653 cuiquam
2175 3584 2455 3654 injuriam,
2496 3594 2590 3639 aut
2618 3588 2846 3656 accipio.
2887 3588 3070 3654 Quare
3099 3589 3247 3645 istud
3284 3592 3461 3661 ipsum

1889 3678 1943 3731 in
1979 3676 2127 3730 illum
2162 3677 2335 3731 nostri
2364 3691 2532 3732 causa
2564 3677 2817 3733 conferre
2846 3681 3152 3749 oportebat,
3185 3682 3344 3747 nobis
3364 3701 3463 3738 au-

1889 3777 1994 3821 tem
2018 3771 2294 3838 postulare
2317 3784 2660 3839 nequaquam
2685 3771 3105 3841 congruit.Nam
3137 3784 3193 3826 ut
3227 3776 3466 3839 maxime

1888 3861 2079 3914 littera:
2100 3861 2344 3930 petendae
2371 3872 2578 3925 essent,
2598 3863 2662 3916 ad
2682 3878 2766 3916 me
2794 3865 2973 3932 potius
2992 3872 3050 3918 ut
3066 3865 3461 3931 scriberentur,

1887 3954 1998 4023 peti
2017 3954 2269 4020 deberet;
2327 3954 2404 4008 ita
2438 3954 2584 4008 enim
2610 3954 2740 4007 mihi
2784 3955 2957 4011 honos
2989 3956 3301 4020 haberetur,
3348 3973 3463 4012 non

1886 4062 1987 4117 pro
2016 4046 2174 4101 nobis
2198 4044 2264 4098 ad
2280 4044 2528 4100 alterum.
2564 4044 2855 4101 Incolumis
2874 4055 3132 4117 perpetuo
3161 4046 3460 4119 hilarisque

1886 4138 2071 4206 degas,
2137 4135 2534 4206 phiIOSOphiam
2577 4136 2954 4192 sincerissime
3008 4138 3275 4194 ambiens.
3326 4137 3461 4193 Uni-
3536 4132 3547 4141 ’

1883 4243 2041 4283 versa
2082 4235 2133 4282 te
2166 4228 2332 4282 simul
2380 4228 2604 4293 familia,
2645 4229 2800 4283 testis
2830 4236 2912 4283 est
2955 4226 3118 4293 Deus,
3142 4238 3248 4283 tam
3282 4231 3458 4299 pueri,

1884 4332 2047 4387 quam
2087 4332 2267 4379 senes,
2309 4324 2364 4371 et
2398 4315 2653 4369 mulieres
2691 4316 2950 4369 salutant.
2993 4314 3317 4385 Quanquam
3347 4316 3458 4368 for-

199 4408 374 4462 tassis
403 4410 564 4464 etiam
602 4410 968 4477 blandientes.
1011 4421 1174 4483 atque
1210 4413 1549 4469 humanitate
1587 4421 1977 4483 prosequentes
2016 4414 2273 4468 mulieres
2304 4411 2506 4467 oderis.
2536 4409 2673 4464 Vide
2699 4409 2831 4481 quid
2896 4409 3133 4465 feceris:
3179 4424 3285 4475 me,
3329 4423 3454 4465 cum

200 4502 265 4553 in
296 4499 383 4554 via
412 4514 611 4567 essem,
652 4505 927 4592 mordicus
952 4507 1351 4575 apprehensum
1379 4507 1609 4561 detines.
1671 4504 1924 4561 Profecto
1997 4504 2239 4577 Egyptii
2313 4505 2683 4559 incantatores
2761 4510 2919 4570 sunt;
2951 4518 3051 4558 nec
3087 4503 3268 4557 omnia
3317 4504 3459 4558 falso

200 4589 532 4648 abilomero
555 4602 685 4649 sunt
707 4589 918 4666 prodita
946 4614 960 4650 :
984 4613 1107 4652 cum
1132 4607 1186 4652 tu
1214 4601 1329 4669 ipse
1353 4600 1787 4656 iucantationum
1826 4603 2016 4671 plenas
2092 4601 2299 4667 litteras
2344 4598 2417 4654 ab
2475 4597 2714 4669 Αἴθῃ)ιο
2753 4598 2962 4664 mittas.
2996 4597 3174 4668 Atque
3239 4595 3457 4653 Helerni:

201 4683 431 4754 quidem
459 4686 784 4742 obliviosum
817 4692 1071 4746 mmroris
1091 4694 1345 4761 poculum

388 4780 749 4851 Πολύδαμνα
799 4786 947 4852 πόρε
985 4784 1184 4850 Θῶνος
1219 4786 1586 4854 παράκοιτις.

205 4870 304 4923 Σοὶ
344 4870 402 4925 δὲ
436 4872 521 4936 τίς
569 4874 631 4927 τὸ
671 4876 896 4948 ἀνιαρὸν
932 4876 1187 4942 δέδωκεν,
1213 4873 1258 4947 ᾧ
1299 4879 1490 4949 χρίσας
1534 4879 1785 4950 ἔπεμψας

203 4962 312 5032 τὴν
330 4962 618 5036 ἐπιστολήν
640 4983 654 5032 ;

702 5058 1044 5113 ΕΠΙΣΤΟΛΗ
1090 5061 1286 5129 ΡΜςῖν.

884 5150 1147 5220 Ἰωάννῃ.

282 5240 450 5317 Οἶμαί
484 5263 543 5299 σε
569 5243 663 5296 καὶ
692 5241 798 5313 πρὸ
823 5240 988 5311 εὐχῆς
1026 5237 1086 5294 εὖ
1121 5241 1377 5313 πράττειν
1397 5282 1412 5308 ,
1442 5242 1500 5304 ὃς
1528 5258 1590 5311 γε
1620 5242 1773 5311 ἀφεὶς

206 5336 337 5400 τοὺς
358 5334 673 5408 ἀνθρώπους
703 5333 874 5404 ἡμᾶς,

2129 4781 2271 4837 dedit
2307 4738 2504 4836 Thom's
2527 4781 2720 4851 conjua:
2744 4779 3102 4850 Polydamna.

1882 4874 2003 4930 Tibi
2035 4890 2164 4929 vero
2201 4876 2328 4945 quis
2381 4876 2635 4930 maeroris
2696 4873 2934 4930 eﬂiciens
2982 4874 3115 4930 illud
3145 4872 3319 4942 dedit,
3344 4890 3458 4944 quo

1870 4969 2174 5024 rdelihutam
2214 4966 2281 5021 ad
2325 4982 2410 5021 tne
2438 4967 2727 5036 epistolam
2764 4966 3007 5021 misisti?

2358 5058 2692 5113 EPISTOLA
2732 5057 2968 5113 CXLVI.

2545 5148 2765 5206 JoanuL

1956 5240 2066 5312 Ego
2104 5250 2155 5296 te
2182 5255 2347 5312 supra
2402 5249 2589 5295 votum
2640 5240 2850 5296 felicem
2879 5255 3003 5295 esse
3056 5239 3312 5307 arbitror,
3354 5243 3449 5311 qui

1888 5349 1988 5388 nos
2010 5333 2261 5389 homines
2288 5332 2697 5403 derelinquens,

1404 5464 1585 5519 DlON.
1633 5464 1907 5521 PETAVII
1960 5466 2193 5525 ΝΟΤᾸΕ.

286 5601 398 5673 (85)
446 5600 824 5673 Συστάσεως.
861 5596 1435 5673 ᾃπολλῶ-πρρτερον.
1468 5598 1782 5673 _Assentior

212 5668 594 5727 eruditissimo
620 5672 740 5725 viro
768 5670 1033 5725 Federico
1069 5669 1312 5731 Morello,
1342 5668 1434 5736 qui
1468 5669 1553 5722 hic
1593 5669 1780 5722 ἐνστά-

218 5760 358 5813 σεως
392 5743 675 5814 legendum
698 5741 1116 5814 animadvertit.
1155 5740 1256 5814 Qui
1299 5738 1437 5814 addo
1464 5740 1776 5814 .Iegendum

218 5808 468 5884 insuper‘
503 5812 563 5864 οὐ
628 5810 806 5883 πολλῷ
857 5811 1134 5881 πρότερον.
1169 5808 1353 5864 lnnuit
1386 5810 1531 5863 enim
1571 5824 1631 5865 se
1669 5823 1777 5863 non

1882 5604 2056 5657 multo
2089 5612 2216 5658 ante
2253 5602 2462 5658 litteras
2487 5600 2723 5666 dedisse,
2764 5600 2966 5672 quibus
2996 5601 3289 5657 vehemens
3314 5599 3445 5656 illud

1882 5674 2215 5729 desiderium
2256 5675 2568 5742 castigaret.

1954 5745 2063 5815 (86)
2099 5744 2214 5799 Tdr
2239 5740 2508 5813 ἀδελφὸν
2547 5742 2765 5811 Κῦρον.
2802 5741 2940 5799 Vide
2966 5750 3125 5814 epist.
3166 5740 3284 5795 143.
