3892 6514
217 379 359 437 1545

1306 372 1684 429 EPISTOLIE.
1742 404 1812 414 —
1851 373 2067 432 EPIST.
2112 376 2360 433 CXLVII.

3320 394 3456 454 1516

210 499 372 560 είσὶν,
409 496 536 550 ἰδεῖν
577 515 635 550 τε
670 494 836 569 ἡδεῖς,
878 495 973 550 καί⁵
1001 494 1297 566 γεύσασθαι
1326 494 1425 565 τὴν
1458 493 1623 564 ἄλλην
1659 492 1764 564 ἠδο-

1886 494 2030 562 quod
2081 494 2360 561 clloditur,
2410 496 2490 551 sal
2522 505 2627 560 est,
2670 514 2795 553 cum
2827 501 2948 557 visu
3004 503 3144 575 ipso,
3190 515 3305 567 tum
3348 515 3455 571 alia

212 591 329 661 νήν.
357 589 493 642 Ἀλλ’
524 589 670 653 ὅπως
697 590 773 662 μὴ
804 589 1120 660 σοφιστικὴν
1147 588 1534 661 ἀπειροκαλίαν
1570 587 1782 659 οἰηθῇς,

164 672 167 675 ’
210 679 271 733 τὸ
319 680 625 747 ἐπεξελθεῖν
661 680 768 734 τῶν
811 680 1119 752 ἐπιχωρίων
1168 679 1311 733 ἀλῶν
1337 678 1415 750 τῷ
1463 678 1780 750 διηγήματι.

213 773 449 825 Ἥκιστα
481 772 588 843 γὰρ
627 776 740 837 τοῖς
791 773 1149 844 ἀγροδιαίτοις
1196 774 1325 843 ἡμῖν
1384 771 1695 844 προσιζάνει
1723 771 1784 824 τὸ

209 864 490 935 φιλότιμον
518 865 709 929 πάθος.
741 865 903 917 Ἀλλά
935 865 999 918 σὺ
1029 865 1134 938 γάρ
1155 864 1403 928 ἀπαιτεῖς
1430 864 1632 918 ἕκαστα
1652 866 1781 936 παρ’

206 954 364 1023 ἡμῶν
407 955 476 1007 τὰ
523 956 649 1026 περὶ
666 955 820 1027 ἡμῶν
854 955 1072 1010 εἰδέναι.
1121 955 1336 1025 Ἀνέχου
1372 953 1552 1006 τοίνυν
1597 954 1785 1008 ἀδολε-

208 1045 441 1116 σχούσης
464 1046 775 1116 ἐπιστολῆς,
809 1047 895 1100 ἵνα
941 1048 1034 1100 καὶ
1072 1046 1172 1118 τῆς
1221 1045 1454 1115 ἀκαίρου
1503 1044 1783 1116 πολυπρα-

205 1137 486 1208 γμοσύνης
531 1138 635 1208 δῷς
677 1139 851 1209 δίκην.
883 1140 1032 1210 ’Ἅμα
1072 1138 1129 1191 δὲ
1167 1137 1260 1191 καὶ
1308 1137 1543 1209 χαλεπὸν
1582 1140 1659 1200 είς
1690 1139 1780 1191 πί-

207 1246 324 1281 στιν
365 1230 424 1282 τὸ
461 1231 710 1294 ἑκάστοις
766 1230 1091 1302 ἀπότροφον.
1139 1230 1214 1282 Οὐ
1268 1229 1469 1297 φαῦλον
1500 1224 1593 1283 οὖν
1619 1228 1779 1300 ἔργον

205 1321 373 1391 Σύρον
396 1324 686 1376 ἀναπεῖσαι
708 1324 833 1394 περὶ
852 1322 1120 1395 χερσαίων
1150 1322 1311 1376 ἀλῶν.
1342 1322 1494 1375 Ἐπεὶ
1510 1322 1602 1374 καὶ
1621 1322 1779 1395 δεῦρο

204 1414 502 1485 πράγματα
530 1413 658 1486 ἔχω,
678 1416 802 1487 περὶ
831 1415 986 1480 νεῶν,
1013 1417 1107 1469 καὶ
1146 1414 1352 1480 ἱστίων,
1386 1416 1479 1469 καὶ
1509 1414 1776 1485 θαλάττης

201 1505 641 1578 ἀνακρινόμενος.
694 1503 863 1560 Οἶσθα
904 1508 1012 1579 γάρ
1056 1507 1133 1572 ώς
1168 1506 1280 1575 ἐγὼ
1326 1507 1419 1560 καὶ
1471 1507 1774 1577 φιλοσοφῶν

200 1614 329 1651 ποτε
360 1598 474 1670 ἅμα
514 1600 641 1669 ὑμῖν
674 1600 982 1671 ἐθεασάμην
1009 1599 1099 1654 τὸν
1134 1600 1323 1673 χρῆμα
1368 1599 1524 1653 τοῦτο
1550 1600 1647 1671 τὴν
1674 1600 1775 1655 0d—

196 1688 429 1752 λασσαν,
463 1690 557 1743 καὶ
587 1690 724 1762 πρὸς
748 1693 929 1764 Φάρῳ,
968 1692 1062 1745 καὶ
1091 1693 1225 1763 πρὸς
1257 1691 1522 1762 Κανώϐῳ,
1554 1693 1650 1765 τὴν
1675 1713 1772 1765 με·-

198 1778 368 1850 γάλην
397 1780 591 1851 λίμνην
626 1781 726 1852 τὴν
762 1783 1008 1854 άλμυράν
1055 1783 1188 1855 (88).
1228 1784 1339 1837 Καὶ
1376 1784 1583 1837 εἵλκετο
1612 1785 1765 1849 ναῦς,

1886 584 2144 657 gustandi
2172 587 2449 657 voluptate
2503 589 2991 659 jucundissimum.
3045 595 3250 655 Verum
3289 620 3358 659 ne
3398 619 3456 662 tu

1886 678 2200 748 sephisticae
2231 682 2334 736 hoc
2367 682 2672 739 insolentiae
2706 694 2864 755 putes
2893 704 3040 756 esse,
3065 692 3133 747 de
3163 701 3457 754 vernaculo

1885 770 1999 824 sale
2027 772 2396 827 narrationem
2430 773 2716 833 instituere
2742 797 2757 844 ;
2807 780 3027 837 minime
3048 785 3191 838 enim
3221 790 3457 843 rustica-

1886 860 1971 915 nis
2009 862 2167 916 nobis
2212 862 2382 919 haeret
2408 868 2700 925 ambitiosa
2746 872 2930 941 gloria:
2985 880 3291 935 contentio.
3349 881 3456 940 Sed

1883 951 2030 1005 enim
2070 953 2350 1024 sigillatim
2377 971 2498 1026 quae
2544 968 2673 1015 sunt
2697 964 2839 1031 apud
2874 979 2976 1019 nos
3017 967 3162 1023 scire
3211 986 3240 1023 a
3297 974 3455 1030 nobis

1882 1046 2150 1113 postulas.
2193 1045 2375 1112 Quare
2422 1050 2706 1120 loquacem
2765 1055 3050 1125 epistolam
3105 1064 3337 1131 sustine,
3394 1078 3457 1121 ut

1882 1134 2205 1203 importuna:
2223 1138 2557 1195 curiositatis
2579 1142 2739 1213 285
2771 1160 2964 1214 poenas
2990 1153 3285 1218 persolvas.
3311 1154 3454 1221 Quin

1880 1232 1935 1278 et
1969 1224 2070 1279 hoc
2102 1241 2367 1295 persuasu
2404 1230 2623 1287 difﬁcile
2656 1243 2759 1299 est,
2797 1239 2943 1305 quod
2985 1240 3054 1295 ab
3098 1244 3455 1317 uniuscujuso

1879 1329 1985 1383 quc
2042 1317 2366 1375 educatione
2415 1337 2629 1392 usuque
2680 1325 2918 1381 alienum
2957 1340 3059 1385 est.
3090 1332 3455 1398 Quamobrem

1879 1421 1987 1460 non
2012 1423 2203 1477 parum
2260 1414 2467 1483 negotii
2500 1423 2582 1470 est
2624 1417 2765 1487 Syro
2811 1436 2972 1489 posse
3000 1426 3063 1478 de
3097 1433 3316 1482 terreno
3339 1432 3454 1494 sale

1876 1502 2208 1568 persuadere
2243 1520 2258 1557 :
2284 1520 2404 1558 cum
2432 1522 2533 1577 ego
2556 1510 2865 1565 molestiam
2892 1514 2979 1568 hic
3011 1516 3233 1573 habeam
3258 1521 3326 1579 de
3354 1540 3452 1577 na-

1875 1592 2054 1657 vibus,
2072 1608 2136 1648 ac
2158 1596 2312 1663 velis,
2340 1608 2503 1668 atque
2534 1603 2669 1656 mari
2701 1604 2901 1675 saepius
2928 1606 3315 1680 interrogatus.
3345 1616 3452 1671 Me-

1874 1684 2081 1740 ministi
2117 1687 2263 1741 enim
2296 1706 2403 1754 me,
2434 1708 2557 1747 cum
2594 1695 2889 1765 aliquando
2937 1700 3221 1758 vobiscum
3268 1708 3451 1776 philo-

1872 1776 2155 1845 SOpharer,
2192 1795 2304 1834 rem
2334 1780 2505 1846 illam,
2558 1801 2706 1841 mare
2761 1788 2994 1857 scilicet,
3031 1794 3353 1864 aspexisse;
3398 1810 3453 1855 et

197 1844 289 1923 καὶ
311 1844 558 1941 ἀνήγετο.
583 1844 719 1944 πρός
750 1844 1097 1945 οὖρον-αῦτη,
1132 1844 1345 1938 κώπαις
1372 1876 1578 1945 ἐκείνη.
1613 1844 1764 1946 Ἐγε-

2494 1844 2498 1846 »
2982 1844 2994 1857 ,
3038 1844 3353 1864 πτωρ-η,
3399 1844 3452 1855 ν-

1873 1865 1939 1917 ad
1967 1864 2229 1931 Pharum,
2254 1869 2320 1923 ad
2351 1872 2658 1942 Canobum,
2700 1887 2912 1933 vastum
2962 1881 3116 1936 illum
3172 1885 3350 1940 lacum
3385 1904 3452 1942 ac

195 1962 323 2014 λᾶτε
350 1963 479 2030 γοῦν
508 1964 823 2030 εἰκάσαντος
852 1965 1022 2037 αὐτὴν
1062 1966 1197 2036 ἐμοῦ
1224 1966 1347 2038 ζώῳ
1384 1967 1662 2031 πολύποδι.
1705 1973 1768 2025 Ol

191 2052 269 2116 δὲ,
295 2054 588 2109 διάκεινται
619 2055 716 2120 τὰς
744 2056 1001 2127 γνώμας,
1032 2056 1223 2129 ὥσπερ
1258 2059 1435 2128 ἡμεῖς,
1472 2061 1596 2113 ὅταν
1626 2061 1767 2132 ὑπὲρ

191 2144 298 2197 τῶν
331 2146 585 2200 ἐπέκεινα
615 2147 821 2222 Θούλης
867 2148 1171 2220 ἀκούωμεν,
1205 2150 1326 2221 ἥτις
1366 2151 1496 2204 ποτέ
1546 2152 1691 2205 ἐστιν
1732 2155 1765 2225 ἡ

190 2236 389 2310 Θούλη,
428 2237 643 2292 διδοῦσα
690 2243 801 2303 τοῖς
851 2240 1101 2295 διαϐᾶσιν
1150 2242 1318 2313 αὐτὴν
1351 2243 1620 2297 ἀνεύθυνα
1672 2246 1767 2299 καὶ

192 2330 492 2399 ἀνέλεγκτα
542 2328 851 2401 ψεύδεσθαι.
888 2332 1025 2385 Ἀλλ’
1063 2328 1207 2387 οὗτοί
1246 2351 1310 2401 γε
1363 2332 1465 2387 κᾶν
1504 2336 1768 2406 προσίων-

187 2424 279 2477 ταί
322 2442 454 2477 ποτε
494 2426 563 2481 τὰ
594 2426 722 2497 περὶ
742 2426 849 2480 τῶν
876 2428 1034 2491 νεῶν,
1070 2428 1103 2499 ἣ
1134 2427 1356 2493 δόξωσιν
1384 2431 1559 2482 έκεῖνο
1578 2430 1762 2502 γελᾷν,

188 2515 492 2586 ἀνακράτος
535 2517 874 2581 ἀπιστοῦσιν,
908 2520 988 2573 ὅτι
1033 2520 1257 2574 δύναται
1298 2523 1515 2592 τρέφειν
1552 2522 1763 2595 ἀνθρώ-

188 2623 323 2669 πους
374 2607 467 2660 καὶ
499 2607 755 2663 θάλαττα.
789 2608 959 2662 Τοῦτο
986 2609 1094 2681 γὰρ
1150 2610 1318 2681 μόνην
1372 2611 1517 2683 ἔχειν
1556 2613 1765 2678 ἀξιοῦσι

184 2694 284 2766 τὴν
341 2696 551 2768 μητέρα
584 2699 686 2768 γῆν
720 2698 781 2751 τὸ
808 2699 1115 2772 πρεσϐεῖον.
1161 2700 1303 2769 Ἐγὼ
1339 2702 1395 2755 δέ
1422 2720 1551 2756 ποτε
1583 2704 1765 2768 αὐτοῖς

78 2778 81 2779 ν
184 2788 502 2842 ἀνανεύουσι
528 2790 663 2860 πρὸς
689 2790 757 2845 τὰ
807 2792 933 2861 περὶ
959 2792 1067 2845 τῶν
1093 2791 1309 2864 ἰχθύων,
1352 2795 1637 2849 ἀναλαϐὼν
1672 2797 1765 2851 καὶ

160 2872 574 2951 ’προσαρράξας
607 2880 784 2953 πέτρᾳ
826 2884 946 2935 τινὰ
993 2882 1120 2955 [γρ.
1171 2884 1356 2956 πέτρῳ
1410 2885 1553 2959 τινὶ]
1596 2887 1763 2959 κέρα-

190 2991 329 3043 μον,
361 2974 538 3040 ἔδειξα
587 2977 695 3028 τῶν
753 2977 848 3030 ἀπ’
901 2977 1177 3045 Αἰγύπτου
1223 2978 1421 3050 ταρίχη
1466 2981 1635 3050 συχνά
1664 2998 1678 3011 ’
1715 2983 1764 3035 οἱ

182 3065 262 3129 δὲ,
320 3065 493 3135 ὄφεων
520 3067 771 3139 πονηρῶν
809 3068 1015 3137 ἔφασαν
1048 3064 1184 3122 εἶναι
1221 3071 1448 3140 σώματα
1469 3087 1483 3102 ⁶
1514 3073 1608 3126 καὶ
1634 3073 1765 3128 ἀνα-

1880 1960 2087 2014 salsum
2139 1962 2361 2019 vidisse.
2417 1967 2495 2021 Ac
2543 1977 2655 2022 tum
2714 1970 2856 2027 forte
2898 1976 3053 2032 navis
3110 1978 3449 2055 trahebatur,

1869 2052 2085 2123 aliaque
2114 2058 2249 2112 velis
2274 2058 2325 2112 in
2352 2060 2541 2126 altum,
2569 2063 2737 2118 altera
2765 2068 2935 2122 remis
2970 2070 3250 2138 agebatur.
3284 2052 3450 2130 Ride-

1868 2142 2013 2199 batis
2045 2147 2210 2218 igitur
2238 2166 2343 2214 me,
2370 2154 2516 2223 quod
2553 2170 2672 2210 eam
2700 2158 2923 2214 animali
2968 2162 3256 2233 multipedi
3287 2166 3451 2220 simi-

1869 2237 1974 2293 lem
2004 2254 2130 2295 esse
2182 2241 2444 2298 dicerem.
2489 2248 2556 2301 At
2589 2248 2668 2302 illi
2709 2251 2901 2306 eodem
2951 2254 3113 2308 modo
3140 2254 3450 2312 adiciuntur

1851 2332 2078 2399 'animo,
2108 2339 2386 2404 quomodo
2427 2356 2545 2403 nos,
2573 2358 2697 2398 cum
2727 2344 2795 2398 de
2825 2345 2891 2400 iis
2919 2361 3040 2415 qua}
3073 2348 3213 2401 ultra
3233 2347 3448 2407 Thulen

1868 2432 1998 2477 sunt
2048 2428 2305 2485 audimus
2339 2450 2351 2485 :
2385 2448 2724 2503 quaecunque
2741 2435 2957 2491 demum
2990 2437 3165 2494 Thule
3196 2449 3302 2504 est,
3327 2454 3451 2512 qua:

1868 2511 1938 2569 iis
1970 2515 2063 2584 qui
2118 2531 2185 2570 eo
2229 2523 2660 2588 penetraverint,
2707 2524 2930 2594 impune
2966 2541 3031 2582 ac
3080 2530 3220 2583 citra
3255 2511 3448 2602 repre-

1867 2603 2192 2663 hensionem
2259 2613 2555 2681 mentiendi
2613 2624 2937 2686 potestatem
2991 2618 3144 2677 facit.
3172 2620 3372 2677 Verum
3409 2624 3448 2679 ii

1867 2703 2147 2769 utcunque
2198 2702 2418 2757 tandem
2476 2719 2540 2757 ea
2604 2721 2727 2775 quae
2777 2708 2847 2763 de
2904 2711 3138 2768 navibus
3185 2712 3451 2769 dicuntur

1854 2790 2180 2858 admittant,
2209 2804 2303 2849 aut
2337 2796 2521 2853 ridere
2564 2799 2805 2870 idipsum
2850 2802 3163 2871 videantur,
3199 2808 3447 2877 pertina-

1865 2884 2087 2941 cissime
2112 2894 2293 2943 tamen
2329 2891 2555 2948 credere
2591 2893 2736 2948 istud
2771 2895 2983 2960 nolunt,
3017 2912 3178 2967 posse
3203 2915 3269 2954 ex
3306 2902 3447 2955 mari

1866 2971 2183 3030 hominibus
2241 2978 2503 3035 alimenta
2552 2984 2917 3053 suppeditari.
2947 2985 3061 3041 Hoc
3098 2986 3244 3042 enim
3299 2990 3451 3044 velut

1866 3063 2226 3122 honorarium
2258 3075 2469 3139 parenti
2498 3081 2658 3129 terra:
2688 3077 3023 3147 praecipuum
3060 3093 3127 3133 ac
3169 3080 3450 3148 peculiare

183 3157 435 3229 θορόντες
474 3160 739 3229 ἔφευγον,
781 3161 880 3224 τὰς
934 3160 1177 3225 ἀκάνθας
1222 3163 1647 3231 ὑποπτεύοντες,
1691 3166 1764 3230 ὡς

1867 3171 1993 3213 esse
2023 3172 2250 3216 censent
2279 3173 2555 3233 Oportere.
2583 3165 2695 3238 Ego
2716 3184 2847 3223 vero
2865 3185 2991 3224 cum
3020 3170 3125 3240 ipsi
3153 3172 3447 3241 aliquando

181 3250 334 3303 οὐδὲν
386 3252 696 3322 ἠπιωτέρας
745 3252 840 3305 τοῦ
878 3252 965 3306 διὰ
1012 3253 1120 3307 τῶν
1164 3254 1393 3307 ὀδόντων
1442 3257 1756 3327 φαρμάκου.

184 3342 294 3396 Καὶ
340 3342 442 3414 ἔφη
478 3361 560 3407 τις
596 3344 625 3395 ὁ
660 3344 981 3415 γεραίτατος
1005 3384 1020 3409 ,
1055 3344 1152 3399 καὶ
1179 3348 1237 3399 ὲν
1273 3348 1338 3418 τῇ
1374 3346 1498 3419 δόξῃ
1547 3350 1760 3421 φρενῶν

180 3434 615 3504 ἐπηϐολώτατος,
652 3436 812 3507 σχολῇ
864 3436 993 3504 γοῦν
1044 3438 1173 3508 περὶ¹
1219 3437 1409 3503 ὓδατος
1438 3441 1638 3495 ἁλυκοῦ
1669 3462 1759 3497 πι-

181 3526 425 3604 στεῦσαι,
468 3528 630 3581 καλόν
682 3547 734 3581 τι
780 3529 966 3583 αὐτόθι
1001 3528 1114 3601 [γρ.
1164 3531 1415 3604 ἐνταῦθα]
1462 3534 1757 3604 τρέφεσθαι

178 3616 275 3669 καὶ
302 3601 580 3686 ἐδώδιμον,
608 3610 715 3671 τῶν
752 3619 1001 3690 πηγαίων
1022 3661 1038 3685 ,
1062 3621 1172 3675 τῶν
1198 3601 1420 3690 ἀγαθῶν
1468 3601 1582 3678 καὶὴ
1610 3628 1760 3681 ποτί-

182 3724 302 3777 μων
350 3707 626 3776 ναμάτων,
660 3706 963 3780 βατράχους
1012 3711 1109 3765 καὶ
1150 3711 1371 3780 βδέλλας
1420 3715 1756 3783 γεννώντων,

1867 3263 1989 3319 quae
2019 3251 2366 3333 degpiscibus
2402 3268 2700 3312 narrantur
2724 3259 3047 3326 abnuerent,
3076 3261 3241 3318 ﬁctile
3263 3263 3447 3333 quod—

1864 3340 1990 3395 dam
2024 3330 2462 3413 apprehendens,
2495 3358 2550 3404 et
2593 3349 2660 3404 ad
2704 3366 2897 3407 saxum
2934 3353 3188 3421 allidens,
3223 3330 3446 3411 allatam

1863 3447 1931 3488 ex
1947 3431 2182 3506 IEgypto
2224 3438 2686 3496 salsamentorum
2715 3445 2935 3516 copiam
2956 3445 3026 3503 iis
3048 3447 3302 3517 ostendi;
3324 3463 3446 3517 quae

1866 3525 1942 3580 illi
1962 3528 2230 3584 malorum
2262 3540 2583 3602 serpentum
2614 3550 2848 3607 corpora
2872 3553 2995 3593 esse
3020 3537 3307 3607 dicebant;
3331 3551 3446 3595 sta-

1865 3620 2072 3691 timque
2091 3624 2143 3677 in
2176 3622 2358 3693 fugam
2389 3627 2976 3700 prosiliebant,spinas
2998 3630 3440 3697 reformidantes,

1867 3719 2125 3784 tanquam
2155 3716 2328 3770 nihilo
2340 3718 2585 3773 dentium
2609 3736 2820 3777 veneno
2846 3724 3107 3779 mitiores.
3141 3722 3288 3779 Inter
3304 3740 3443 3795 quos

176 3791 256 3852 ῶν
301 3798 409 3851 οὐδ’
458 3798 525 3852 ἂν
566 3801 595 3853 ό
644 3801 967 3871 μαινόμενος
997 3803 1271 3871 γεύσαιτο.
1308 3805 1418 3858 Καὶ
1473 3808 1659 3862 είκότα
1693 3826 1758 3883 γε

1866 3821 2009 3860 unus
2042 3816 2203 3863 aatate
2226 3811 2472 3865 omnium
2519 3816 2993 3884 provectissimus,
3037 3825 3203 3888 atque
3239 3818 3294 3871 in
3331 3819 3445 3887 opi-

175 3888 488 3956 ἀγνοοῦσιν.
1862 3897 2047 3952 nando
2068 3901 2484 3971 sagacissimus,
2536 3920 2681 3975 aegre
2728 3908 2836 3963 sibi
2870 3910 2940 3965 de
2972 3924 3115 3981 aqua
3132 3911 3277 3965 salsa
3317 3926 3443 3981 per-

176 3995 400 4035 suasum
435 3998 556 4039 esse
584 3984 742 4046 dixit,
780 3993 839 4039 ut
882 3987 938 4041 in
968 4001 1031 4041 ea
1088 3987 1217 4041 boni
1254 3986 1459 4059 aliquid
1496 3993 1753 4063 vescique
1790 3996 2112 4061 nutriretur,
2148 4012 2273 4052 cum
2316 3998 2370 4052 in
2399 3999 2640 4054 fontanis
2669 4002 2829 4072 aquis
2875 4005 3117 4074 optimis,
3160 4018 3216 4065 et
3253 4012 3320 4066 ad
3352 4022 3442 4077 po-

174 4088 299 4143 lum
348 4073 580 4140 idoneis,
624 4076 762 4131 nihil
829 4087 1026 4147 praeter
1076 4075 1242 4137 ranas
1277 4089 1333 4136 et
1363 4082 1650 4140 hirudines
1690 4086 1981 4156 gignatur;
2013 4104 2151 4159 quas
2173 4090 2490 4151 nemoadeo
2536 4093 2768 4151 insanus
2800 4073 2980 4153 estut
3031 4111 3256 4170 guStare
3287 4106 3437 4162 velit.

177 4165 293 4220 Nec
316 4166 584 4222 immerito
623 4168 768 4223 ismd
800 4170 1071 4239 ignorant.

179 4262 268 4313 Οὐ
301 4259 406 4328 γὰρ
426 4260 587 4329 σφᾶς
613 4261 680 4314 ἐκ
704 4261 927 4330 νυκτὸς
950 4261 1159 4332 ἐγείρει
1196 4262 1332 4332 κῦμ’
1378 4264 1752 4335 ἐπιθρῶσκον

1938 4265 2062 4321 Non
2082 4267 2273 4321 etenim
2297 4266 2361 4323 de
2390 4279 2540 4324 nocte
2568 4280 2770 4328 tumens
2797 4274 2892 4329 hos
2918 4280 3118 4333 excitat
3154 4282 3297 4337 unda

176 4351 481 4419 πελάγους·
524 4352 639 4405 ἀλλ’
689 4352 870 4407 ἵππων
920 4354 1322 4424 χρεμετισμοὶ,
1362 4356 1457 4408 καὶ
1510 4357 1754 4426 μηκάζον

1866 4360 2069 4429 pelagi:
2104 4358 2199 4415 sed
2224 4376 2490 4430 equorum
2520 4362 2791 4431 hinnitus,
2818 4376 2876 4423 et
2903 4384 3194 4441 caprarum
3232 4377 3435 4435 vocife-

172 4442 443 4504 αἰπόλιον,
462 4442 554 4495 καὶ
589 4442 898 4513 προϐατίων
930 4442 1121 4515 βληχὴ,
1144 4445 1237 4497 καὶ
1253 4444 1453 4515 ταύρου
1489 4444 1750 4517 μύκημα·

1866 4458 2045 4523 rantes
2084 4465 2295 4520 greges.
2337 4459 2393 4507 et
2415 4452 2600 4507 ovium
2627 4456 2864 4524 balatus,
2896 4469 2953 4516 et
2988 4469 3271 4520 taurorum
3314 4486 3435 4524 mu-

170 4531 404 4603 πρώτης
452 4532 509 4585 δὲ
551 4533 765 4596 ἀκτῖνος
826 4533 1226 4605 ἐπιϐαλούσης,
1260 4534 1367 4588 τῶν
1424 4536 1687 4607 μελιττῶν
1723 4538 1752 4591 ὁ

170 4625 501 4696 βόμϐος,είς
537 4626 725 4695 ἡδονῆς
778 4625 935 4692 λόγον
977 4627 1200 4697 οὐδεμιᾷ
1238 4628 1586 4699 παραχωριῖν
1622 4647 1753 4700 μου-

170 4718 329 4786 σικῇ.
382 4718 557 4787 Μὴτοι
604 4733 683 4768 σοι
730 4715 995 4784 δοκοῦμεν
1027 4717 1397 4786 ἐκδιηγεῖσθαι
1429 4720 1526 4783 τὰς
1566 4721 1753 4791 Ἀγχεο

174 4805 358 4876 μάχου
389 4804 503 4877 [ΊῬ.
542 4803 895 4876 Ἀγεμάχου],
937 4805 1176 4858 τοιοῦτον
1230 4809 1504 4872 οἰκοῦντες
1557 4810 1748 4883 ἀγρὸν,

169 4897 370 4968 πόρρω
395 4898 620 4963 πόλεως,
651 4899 745 4951 καὶ
772 4896 928 4960 ὁδῶν,
960 4897 1053 4951 καὶ
1082 4899 1371 4970 ἐμπορίας.
1412 4902 1506 4955 καὶ
1537 4904 1753 4975 τρόπων

171 4989 471 5055 ποικίλωνς
518 4988 679 5060 Ἡμῖν
727 4988 836 5060 γάρ
894 4990 1009 5042 ἐστι
1059 4990 1221 5062 σχολὴ
1266 4993 1365 5062 μὲν
1418 4994 1750 5063 φιλοσοφεῖν,

170 5081 404 5152 ἀσχολία
423 5081 480 5134 δὲ
508 5083 854 5152 κακουργεῖν.
889 5079 1102 5133 Σύνοδοι
1123 5082 1178 5135 δὲ
1205 5084 1377 5136 πᾶσαι
1409 5086 1577 5137 πᾶσιν
1602 5086 1752 5139 ἑται-

172 5172 356 5245 ρικαὶ,
386 5172 686 5243 χρωμένων
738 5170 987 5242 ἀλλήλοις
1021 5173 1113 5225 ἐπὶ
1152 5175 1459 5244 γεωργίαν,
1500 5177 1592 5229 ἐπὶ
1629 5176 1748 5230 ποί-

175 5281 345 5336 μνας,
371 5263 464 5317 ἐπὶ
505 5264 768 5334 ποιμένας
787 5305 801 5330 ,
847 5265 940 5318 ἐπὶ
968 5265 1140 5337 θήραν
1162 5258 1236 5319 ὧν
1265 5268 1298 5338 ή
1328 5268 1397 5338 γῆ
1430 5268 1585 5341 φέρει
1616 5286 1749 5323 παν-

171 5355 437 5424 τοδαπήν.
477 5356 610 5409 Οὐδὲ
639 5357 747 5427 γὰρ
799 5356 961 5427 νόμος
990 5359 1142 5427 ἡμῖν.
1171 5358 1283 5410 οὔτ’
1303 5361 1484 5423 αὐτοῖς
1517 5360 1628 5413 οὗθ’
1657 5363 1751 5414 ἴπ-

173 5465 324 5513 ποις,
354 5448 608 5522 ἀνιδρωτὶ
660 5452 802 5504 σῖτον
846 5451 1139 5524 αἱρεῖσθαι.
1189 5454 1521 5524 Ἀριστῶμεν
1556 5455 1615 5508 δὲ
1663 5458 1749 5508 ἐπ’

1853 4540 2170 4610 gitus.lnde
2209 4542 2277 4597 ad
2302 4544 2511 4613 primos
2545 4546 2681 4602 solis
2717 4549 2904 4606 radios
2956 4554 3139 4623 apium
3194 4560 3434 4624 sonitus.

1852 4631 1989 4687 nihil
2017 4633 2161 4703 quod
2191 4635 2257 4690 ad
2280 4637 2610 4707 voluptatem
2660 4642 2854 4697 attinet
2893 4646 3108 4702 musico
3141 4655 3432 4709 concentui

1852 4724 2111 4780 deterior.
2161 4728 2244 4781 An
2294 4743 2405 4791 non
2459 4729 2556 4784 tibi
2589 4746 2683 4788 eas
2724 4749 2846 4803 qua:
2888 4736 3260 4797 Anchemachi
3320 4746 3434 4799 l'ue—

1852 4825 1983 4871 runt
2018 4833 2245 4874 narrare
2279 4821 2563 4887 videmur,
2605 4826 2696 4894 qui
2721 4826 2884 4883 talem
2906 4845 3097 4900 agrum
3127 4834 3433 4891 incolamus

1853 4911 1923 4966 ab
1949 4911 2083 4966 urbe
2100 4911 2379 4976 dissitum,
2405 4923 2461 4968 et
2478 4916 2601 4982 viis,
2623 4927 2676 4972 et
2694 4928 2960 4986 mercatu,
2991 4932 3046 4980 et
3068 4926 3303 4980 versutis
3325 4943 3434 4981 mo.

1850 5001 2045 5059 ribus?
2072 5002 2242 5059 Nobis
2296 5005 2462 5077 286
2490 5008 2633 5061 enim
2662 5009 3082 5082 philosophandi
3122 5014 3295 5070 otium
3324 5026 3431 5081 est,

1853 5095 2232 5154 rnalefaciendi
2249 5099 2482 5154 nullum.
2503 5100 2622 5159 lam
2638 5115 2944 5162 conventus
2964 5122 3158 5165 omnes
3174 5112 3433 5169 omnibus

1852 5188 2087 5243 sociales
2119 5197 2269 5253 sunt,
2308 5191 2413 5247 sibi
2448 5193 2691 5265 invicem
2718 5197 2788 5251 ad
2818 5199 3213 5268 agriculturam
3259 5204 3434 5273 Opitu-

1853 5280 2122 5346 lantibus,
2153 5282 2220 5338 ad
2244 5299 2457 5355 greges,
2495 5285 2561 5340 ad
2586 5297 2855 5357 pastores,
2875 5289 2942 5345 ad
2968 5301 3221 5348 venatum
3240 5310 3430 5351 eorum

1855 5389 1977 5443 qua:
2004 5381 2146 5428 terra
2179 5373 2302 5437 fert,
2335 5377 2713 5447 multiplicem.
2763 5379 2929 5436 Nefas
2958 5384 3101 5438 enim
3143 5386 3257 5441 sive
3296 5387 3432 5456 ipsis

1857 5460 2036 5526 nobis,
2091 5460 2206 5516 sive
2248 5464 2404 5531 equis
2452 5465 2658 5520 nostris
2703 5474 2810 5532 est,
2843 5469 2964 5523 sine
3007 5471 3207 5526 sudore
3248 5473 3432 5527 cibum

1422 5585 1603 5641 DlON.
1640 5584 1914 5644 PETAVll
1944 5589 2180 5646 ΝΟΤιιΕ.

250 5680 363 5747 (88)
390 5678 704 5750 [LXXXIX]
735 5681 962 5747 Λίμνην
988 5679 1412 5750 τὴνγάλμυράν.
1447 5681 1599 5737 Haud
1629 5699 1759 5736 cun-

173 5759 392 5807 ctanter
416 5751 660 5829 ἁλμυρὰν
689 5749 1049 5829 scripsimus.
1072 5749 1214 5829 Navi
1235 5767 1384 5829 mare
1408 5752 1759 5829 ,λίμνην-,τψ-

176 5822 364 5894 pellat,
394 5829 449 5874 ut
476 5830 528 5873 et
558 5820 711 5873 Hom.
736 5818 892 5882 11.0,
922 5830 976 5875 et
1006 5820 1147 5890 apud
1174 5819 1370 5877 Herod.
1408 5818 1499 5879 lib.
1533 5818 1603 5879 vn
1629 5818 1761 5879 Xer-

519 5914 787 5976 PATBOL.
826 5914 945 5976 Gn.
997 5914 1212 5977 LXVI.

1855 5703 1950 5770 {res
1975 5687 2385 5770 Hellespontum
2417 5699 2575 5770 vocat
2597 5692 2839 5769 ἁλμυρὸν
2862 5697 3124 5769 ποταμόν.
3159 5700 3322 5770 Atqui
3377 5699 3432 5757 in

1858 5757 1973 5812 νγ.
2012 5775 2119 5814 om.
2152 5759 2403 5831 λαμυρὰν
2426 5760 2530 5831 leg.

3104 5920 3184 5986 49
