3928 6528
470 346 612 404 1547
1602 329 1870 389 SYNESII
1912 320 2373 383 PTOLEMAIDIS
2410 320 2723 380 EPISCOPI
3602 322 3731 378 15:3

467 479 686 535 capere.
756 461 979 517 Polenta
1039 466 1222 513 autem
1291 456 1564 512 vescimur
1620 470 1745 509 eum
1794 455 1848 507 in
1895 453 2041 511 cibo.

2149 448 2413 517 ἀλφίτοις,
2448 447 2684 518 ἡδίστοις
2712 444 2812 516 μὲν
2838 442 3125 515 ἐμφαγεῖν,
3153 443 3387 514 ἡδίστοις
3410 442 3471 495 δὲ
3497 444 3731 513 ἐμπιεῖν,

470 556 665 611 tumin
698 562 831 625 potu
880 551 1247 617 suavissima;
1293 548 1606 619 cnjnsmodi
1650 545 1865 603 Nestori
1914 543 2046 614 apud

2156 538 2193 594 ἃ
2221 540 2316 592 καὶ
2344 536 2423 609 τῷ
2448 539 2681 609 Νέστορι
2709 538 2958 608 κίρνησιν
2990 536 3324 611 Ἑιιιιμὴδηνἷ
3348 536 3510 589 Μετὰ
3529 535 3624 588 τὸν
3652 537 3735 589 κό-

470 649 765 705 Homerum
810 646 1005 700 miscet
1054 642 1378 698 Hecamede.
1417 641 1727 697 Secundum
1768 639 2057 695 vehemen-

470 750 578 798 tem
608 738 982 810 fatigationem
1006 738 1111 793 ista
1144 734 1380 790 sorbitio
1419 733 1595 789 aestivi
1636 732 1841 787 caloris
1879 744 2056 785 reme-

468 834 618 887 dium
640 840 749 889 est.
778 829 920 884 Sunt
942 837 995 883 et
1026 827 1185 882 nobis
1209 828 1438 897 insuper
1461 826 1569 879 liba
1593 823 1830 886 triticea,
1852 830 1907 878 et
1930 821 2057 877 edu-

470 925 547 979 Ies
591 923 849 977 arborum
917 919 1154 983 fructus,
1215 919 1416 989 partim
1474 914 1806 979 domestici,
1856 913 2055 984 partim

466 1022 742 1086 agrestes,
771 1012 1052 1067 vernaculi
1096 1026 1309 1077 omnes,
1358 1009 1570 1065 telluris
1606 1008 1825 1079 Optimae
1853 1004 2005 1061 succi
2036 1022 2050 1059 :

467 1123 569 1162 nec
593 1121 755 1176 apum
792 1104 896 1158 favi
932 1104 1152 1165 desunt,
1182 1112 1275 1156 aut
1309 1102 1592 1170 caprinum
1616 1101 1719 1154 Iac.
1744 1094 1863 1153 Non
1908 1096 2053 1153 enim

466 1196 714 1266 mulgere
760 1194 925 1249 boves
969 1192 1112 1262 apud
1159 1208 1260 1248 nos
1290 1198 1565 1259 receptum
1606 1188 1843 1245 est.Nec
1876 1178 2055 1242 mino;

466 1302 582 1343 rem
635 1286 843 1340 mensis
896 1286 1102 1339 nostris
1152 1286 1363 1353 copiam
1409 1282 1665 1352 frequens
1724 1280 1955 1334 canibus
1998 1287 2054 1334 et

464 1378 624 1449 equis
652 1385 885 1431 venatus
911 1375 1225 1446 suppeditat
1252 1393 1267 1430 :
1302 1390 1462 1445 quem
1504 1374 1691 1429 nescio
1721 1388 1821 1426 cur
1853 1370 2053 1427 Home-

464 1485 564 1525 rus
602 1470 729 1523 viris
763 1468 1056 1539 gloriosum
1089 1483 1196 1521 non
1241 1466 1512 1536 appellet,
1558 1480 1658 1519 nec
1705 1465 1948 1519 illustres
1994 1462 2050 1517 in

462 1574 530 1616 ea
569 1560 822 1614 homines
846 1558 963 1612 ﬁeri
988 1557 1189 1611 dixerit
1220 1598 1235 1618 ,
1270 1571 1394 1609 cum
1431 1570 1497 1609 eo
1552 1552 1825 1623 praeconio
1870 1550 2050 1605 forum

466 1649 754 1711 aﬂ‘ecerit,
816 1665 882 1703 ex
936 1664 1045 1718 quo
1095 1646 1370 1717 perfrictae
1421 1645 1620 1700 frontis
1651 1642 2049 1699 homunciones

466 1757 531 1797 ac
563 1741 889 1812 nequissimi
922 1740 1235 1811 prodeunt,
1278 1754 1379 1793 nec
1422 1738 1542 1792 sani
1578 1736 1903 1807 quidquam,
1952 1731 2048 1789 sed

2158 648 2261 686 πον
2318 631 2541 703 ίσχυρδν
2581 630 2610 683 ὁ
2656 629 2872 684 κυκεὼν
2913 628 3015 698 τῆς
3044 627 3261 698 θερινῆς
3293 626 3445 698 ῶρας
3469 627 3730 696 ἀλέξημα.

2156 724 2269 779 Καὶ
2325 720 2434 795 μήν
2487 724 2636 778 ἐστιν
2686 720 2818 792 ἡμῖν
2872 721 2968 775 καὶ
3018 719 3224 791 πύρινα
3286 720 3558 789 πέμματα
3591 735 3605 747 ·
3651 718 3736 771 καὶ

2154 816 2375 888 τρωκτὰ
2399 810 2717 885 ἀκροδρύων
2736 811 2869 884 (89),
2895 812 2963 865 τὰ
2991 811 3111 883 μὲν,
3132 812 3339 881 ἥμερα,
3372 810 3444 862 τά
3475 810 3522 862 δ’
3552 810 3735 880 ἄγρια,

2156 907 2332 960 πάντα
2364 903 2624 975 ἐγχώρια,
2642 902 2746 973 γῆς
2778 902 3009 972 ἀρίστης
3036 902 3223 972 χυμοὶ,
3240 900 3337 954 καὶ
3364 900 3539 971 κηρία
3564 900 3739 970 μελιτ-

2153 996 2284 1060 τῶν,
2334 998 2430 1051 καὶ
2477 995 2619 1064 γάλα
2662 993 2724 1059 ἐξ
2755 993 2947 1062 αίγῶν.
2982 993 3056 1047 UO
3104 994 3214 1064 γάρ
3261 994 3564 1063 νομίζομεν
3618 992 3739 1061 βοῦς

2152 1088 2435 1158 ἀμέλγειν.
2464 1084 2617 1141 Ποιεῖ
2642 1085 2701 1137 δέ
2734 1085 2837 1137 ούκ
2876 1082 3082 1138 ἐλάττω
3120 1084 3219 1155 τὴν
3245 1083 3515 1152 ἀφθονίαν
3550 1084 3607 1134 ἐν
3626 1085 3739 1144 ταῖς

2151 1180 2473 1250 τραπέζαις,
2513 1178 2612 1233 καὶ
2642 1178 2677 1249 ἡ
2709 1174 2799 1230 διὰ
2832 1176 2940 1231 τῶν
2966 1177 3144 1231 κυνῶν
3170 1177 3267 1230 καὶ
3292 1176 3403 1229 τῶν
3426 1178 3618 1228 ἵππων
3653 1177 3741 1247 θὴ-

2154 1285 2249 1340 ρα³
2274 1271 2341 1341 ἡν
2382 1271 2483 1323 ούκ
2533 1265 2650 1323 οἶδα
2676 1268 2794 1331 πῶς
2844 1268 2906 1321 οὒ
2958 1271 3251 1339 προσεῖπεν
3286 1268 3541 1338 Ὄμηρος
3560 1267 3740 1320 mea.

2152 1380 2357 1433 νειραν,
2408 1362 2530 1414 οὐδὲ
2560 1360 2908 1432 ἀριπρεπέας
2957 1360 3059 1430 ἔφη
3105 1360 3234 1423 τοὺς
3264 1359 3466 1430 ἄνδρας
3499 1360 3559 1412 ἐν
3606 1359 3739 1430 αῶῇ

2150 1450 2434 1520 γίγνεσθαι
2454 1468 2469 1483 ο
2501 1450 2597 1522 τὴν
2636 1449 2695 1503 δὲ
2724 1448 2931 1520 ἀγορὰν
2962 1448 3225 1518 ἐγκωμίῳ
3261 1447 3495 1518 τοιούτῳ
3519 1448 3741 1517 τετίμηο

2151 1558 2267 1605 κεν,
2295 1541 2393 1595 ἀνθ
2403 1541 2582 1611 ρώπισ.
2616 1540 3001 1611 παρεχομένην
3024 1540 3236 1609 ἀναιδῆ,
3258 1540 3356 1593 xa‘l
3375 1544 3738 1610 παμπόνηρα,

2150 1634 2244 1687 καὶ
2281 1633 2433 1686 οὐδὲν
2482 1630 2637 1701 ύγιές
2662 1646 2678 1662 ’
2701 1632 2837 1685 ἀλλὰ
2868 1631 3105 1704 λοίδορα,
3127 1632 3221 1685 καὶ
3251 1634 3635 1703 κακορραφεῖν
3665 1633 3738 1683 εί-

2147 1725 2312 1793 δότα;
2348 1726 2465 1795 Ἐφ’
2498 1720 2579 1789 οἷς
2624 1726 2720 1780 καὶ
2751 1726 3001 1796 γελῶμεν
3034 1724 3197 1796 ἡμεῖς
3216 1763 3231 1787 ,
3255 1710 3409 1777 ὅταν
3440 1726 3575 1777 ποτὲ
3607 1722 3738 1794 ἡμῖν

456 1834 848 1889 contumeliosi
917 1841 973 1888 et
1031 1832 1284 1887 dolorum
1376 1829 1781 1885 machinatores
1835 1824 2046 1890 callidi;

2149 1817 2431 1891 ὀμόρῤοφα
2478 1819 2727 1889 γένηται.
2764 1818 3049 1888 Φρίττουσι
3096 1818 3205 1887 γάρ
3244 1834 3326 1870 τοι
3384 1816 3530 1890 πρὸς
3564 1818 3633 1869 τὰ
3676 1818 3737 1869 ἐκ

464 1941 605 1996 quos
652 1925 882 1979 irridere
942 1923 1150 1994 passim
1194 1922 1457 1986 solemus,
1508 1921 1726 1992 quoties
1758 1920 2045 1975 nobiscum

450 2014 659 2073 ‘iisdem
692 2016 746 2069 in
776 2014 988 2070 aedibus
1010 2021 1325 2070 versantur.
1359 2012 1597 2068 Horrent
1635 2012 1803 2074 enim,
1831 2025 1955 2065 cum
1980 2023 2050 2064 ex

463 2108 681 2161 camino
700 2112 979 2176 promptas
1013 2102 1216 2159 ferinas
1249 2117 1448 2157 carnes
1480 2101 1687 2157 vident.
1726 2100 1869 2167 Quid
1914 2099 2048 2155 feri-

464 2212 565 2252 nas
580 2198 704 2252 dico
724 2198 748 2251 ?
772 2194 1054 2254 Venenum
1070 2211 1204 2251 sane
1235 2195 1422 2258 citius,
1456 2209 1622 2264 quam
1645 2210 1739 2250 eas
1779 2192 1923 2264 apud
1946 2207 2050 2250 nos

462 2291 893 2364 degustaverin’t.
925 2289 1125 2346 V-inum
1158 2304 1324 2360 porro
1361 2294 1615 2358 quaerunt
1640 2285 2047 2355 tenuissimum,

454 2384 573 2437 'mel
606 2383 1039 2447 crassissimum,
1091 2389 1147 2437 et
1175 2380 1358 2436 oleum
1387 2378 1744 2441 levissimum,
1803 2374 2048 2431 frumen-

452 2478 582 2527 'tum
608 2487 739 2526 vero
787 2470 1335 2542 ponderosissimum.
1390 2466 1534 2534 Quin
1576 2466 1784 2538 patrias
1832 2466 2048 2521 illorum

464 2564 769 2629 celebrant,
804 2563 1066 2635 Cyprum,
1113 2569 1169 2617 et
1204 2559 1520 2633 Hymettum
1551 2559 1742 2616 nescio
1774 2573 1957 2630 quem,
1986 2571 2051 2612 ac

454 2653 807 2720 ‘Plimnicem,
836 2662 891 2710 et
940 2654 1278 2709 barbariam.
1333 2651 1479 2723 Ager
1522 2665 1656 2706 vero
1707 2656 1919 2713 noster,
1945 2648 2050 2704 etsi

463 2747 697 2818 singulis
752 2746 915 2801 rebus
975 2746 1043 2800 ab
1107 2760 1300 2800 eorum
1364 2758 1697 2815 unoquoque
1764 2742 2048 2808 vincitur,

454 2837 557 2907 qui
608 2846 881 2891 Summum
930 2848 1119 2890 earum
1169 2834 1390 2904 frugum
1452 2832 1731 2904 fastigium
1759 2832 2049 2897 obtinent;

458 2928 686 2982 ‘cmteris
714 2933 896 2979 tamen
947 2935 1395 2994 unumquemque
1431 2930 1677 2992 superat.
1743 2921 1919 2991 Atque
1961 2918 2051 2973 hic

456 3033 532 3073 ex
568 3017 827 3072 secundis
861 3016 1204 3087 principatus
1228 3023 1343 3082 est,
1379 3030 1541 3085 quem
1568 3010 1766 3068 Peleus
1805 3020 1859 3067 et
1903 3008 2051 3065 The-

461 3111 747 3164 mistocles
768 3109 937 3172 nacti,
979 3109 1035 3162 in
1079 3108 1338 3162 omnibus
1371 3106 1563 3177 optimi
1610 3103 1855 3159 omnium
1910 3102 2053 3157 inter

466 3198 991 3269 Graecospelebrati
1040 3206 1189 3252 sunt.
1224 3197 1485 3264 Quamvis
1536 3205 1715 3251 autem
1771 3193 1917 3249 istud
1950 3193 2046 3248 de-

464 3307 613 3357 mus,
668 3293 777 3345 mel
836 3298 1085 3345 nostrum
1143 3288 1421 3360 Hymettio
1482 3286 1724 3343 deterius
1775 3302 1934 3349 esse,
1993 3293 2049 3339 at

464 3382 743 3450 ejusmodi
774 3391 881 3446 est,
922 3390 983 3436 ut
1002 3392 1079 3436 ‘eo
1101 3388 1381 3451 praesente
1414 3380 1552 3434 nihil
1590 3380 1664 3436 sit
1712 3380 1857 3450 quod
1894 3395 2049 3449 pere-

465 3475 685 3544 grinum
715 3473 980 3541 liquorem
1007 3470 1411 3527 desideremus.
1460 3469 1613 3525 Inter
1644 3471 1750 3525 olei
1795 3486 1928 3524 vero
1957 3484 2050 3539 ge-

466 3580 602 3619 nera
630 3562 775 3617 haud
806 3561 972 3617 dubie
998 3568 1249 3617 nostrum
1281 3560 1587 3624 antecellit,
1632 3561 1678 3616 si
1713 3574 1821 3614 non
1860 3560 1927 3614 iis
1960 3572 2049 3611 ar-

466 3657 699 3712 bitrium
726 3655 1093 3727 permittatur,
1126 3669 1358 3725 quorum
1392 3654 1615 3709 vivendi
1645 3654 1939 3724 depravata
1964 3663 2048 3708 est

462 3749 627 3804 ratio.
658 3746 794 3802 Nam
817 3746 873 3801 hi
906 3746 1215 3817 appendere
1241 3746 1372 3801 illud
1392 3746 1608 3810 solent,
1631 3746 1867 3815 pondere
1886 3743 2045 3799 boniv

463 3849 632 3895 tatem
665 3839 987 3903 metientes;
1025 3846 1080 3893 et
1106 3838 1439 3909 praecipuam
1465 3838 1587 3908 ejus
1613 3846 1797 3893 notam
1824 3838 1877 3892 in
1914 3838 2046 3892 levi-

462 3940 577 3986 tate
610 3930 900 3986 collocant.
929 3928 1101 3986 Nobis
1123 3931 1226 3986 etsi
1245 3931 1407 4001 287
1428 3930 1592 3985 nulla:
1621 3930 1689 3984 ad
1723 3930 1902 3986 oleum
1932 3937 2047 3983 tru-

462 4022 598 4075 tinae
622 4019 922 4075 cuduntur.
955 4019 1111 4086 Quod
1139 4021 1185 4076 si
1218 4021 1325 4075 hoc
1355 4030 1536 4077 tamen
1581 4022 1805 4076 omnino
1840 4020 2047 4076 facien-

460 4110 594 4165 dum
626 4118 732 4173 est,
770 4120 984 4165 naturae
1030 4118 1465 4167 consentaneum
1522 4126 1647 4168 esse
1676 4111 1936 4175 dicimus,
1985 4120 2047 4166 ut

460 4204 519 4256 in
549 4217 614 4256 eo
643 4218 847 4272 genere
871 4204 1017 4272 quod
1057 4203 1427 4273 ponderosius
1463 4212 1547 4259 est
1589 4204 1932 4275 praeferatur.
1978 4203 2044 4259 Et

422 4296 613 4348 ‘certe
650 4296 929 4365 egregium
962 4295 1094 4349 illud
1115 4295 1318 4359 oleum,
1350 4311 1414 4349 ac
1436 4296 1628 4351 venale
1658 4297 1711 4349 in
1750 4294 2045 4365 ellychniis

459 4402 575 4457 prae
600 4386 920 4443 infirmitate
944 4389 1092 4443 alere
1144 4387 1415 4441 ﬂammam
1467 4390 1682 4459 nequit;
1716 4387 1870 4454 Quod
1900 4387 2045 4457 apud

2146 1910 2256 1964 τῶν
2304 1910 2552 1981 καμίνων
2591 1911 2728 1982 κρέα
2761 1910 2827 1964 τὰ
2861 1910 3075 1979 θήρεια.
3120 1909 3229 1962 Kal
3260 1908 3317 1961 τί
3366 1908 3518 1976 λέγω
3543 1909 3613 1962 τὰ
3645 1908 3736 1979 θήν

2150 2020 2307 2075 ρεια;
2356 2004 2652 2073 Φαρμάκου
2699 2004 2752 2072 γ’
2793 2002 2859 2057 ἂν
2891 2003 3117 2066 θᾶττον,
3152 2000 3419 2072 ἢτούτων
3452 2003 3588 2071 παρ’
3610 2001 3737 2070 ἡμῖν

2147 2094 2454 2164 γεύσαιντο.
2481 2094 2714 2165 Ζητοῦσι
2736 2094 2793 2147 δὲ
2823 2089 2965 2147 οἶνον
2992 2093 3091 2163 μὲν
3115 2092 3206 2145 τὸν
3236 2090 3595 2157 λεπτότατον,
3617 2093 3735 2163 με’λι

2147 2190 2204 2244 δὲ
2242 2190 2303 2243 τὸ
2347 2188 2680 2259 παχύτατον,
2734 2188 2830 2242 καὶ
2881 2186 3062 2241 ἔλαιον
3120 2187 3221 2258 μὲν
3251 2188 3316 2241 τὸ
3380 2188 3735 2256 κουφότατον,

2149 2282 2322 2351 πυρὸν
2347 2280 2402 2334 δὲ
2428 2279 2521 2334 τὸν
2554 2279 2854 2353 βαρύτατον
2874 2294 2886 2311 ’
2916 2282 3012 2333 καὶ
3032 2278 3297 2351 πατρίδας
3326 2279 3515 2333 αὐτῶν
3546 2274 3736 2349 ὑμνοῦ-

2152 2391 2227 2435 σι,
2266 2373 2495 2444 Κύπρον
2527 2373 2624 2427 καὶ
2680 2372 2950 2443 ’Υμηττόν
2998 2388 3155 2436 τινα,
3185 2371 3280 2424 καὶ
3318 2367 3614 2442 Φοινίκην,
3640 2372 3737 2424 καὶ

2152 2464 2445 2536 βάρϐαρον.
2483 2464 2647 2534 Ἡμῖν
2674 2462 2730 2517 δέ
2755 2466 2789 2534 ἡ
2817 2462 2988 2535 χώρα,
3016 2464 3110 2516 καὶ
3154 2462 3203 2516 εί
3244 2460 3370 2516 καθ’
3399 2463 3461 2515 ἐν
3503 2464 3735 2533 eum;

2149 2559 2375 2629 ἡττᾶται
2404 2556 2508 2627 τῆς
2537 2556 2597 2609 τὸ
2624 2555 2792 2627 ἄκρον
2812 2553 3104 2627 φερούσης,
3127 2554 3240 2619 τοῖς
3257 2554 3473 2619 λοιποῖς
3504 2550 3735 2625 ἑκάστην

2150 2650 2295 2719 νικᾷ.
2323 2648 2434 2701 Kal
2462 2647 2607 2701 τοῦτ’
2630 2646 2744 2700 ἔστι
2786 2646 2847 2701 τὸ
2881 2647 2945 2700 ἐκ
2969 2646 3234 2719 δευτέρων
3260 2648 3561 2718 πρωτεῖον,
3592 2645 3622 2698 ὃ
3645 2648 3735 2700 καὶ

2151 2740 2365 2809 Πηλεὺς
2409 2739 2503 2793 καὶ
2536 2739 2909 2811 Θεμιστοκλῆς
2956 2739 3271 2811 εὑράμενοι,
3305 2739 3493 2792 πάντα
3523 2741 3734 2792 πάντων

2151 2833 2361 2903 ἄριστοι
2406 2834 2522 2894 τοῖς
2553 2831 2813 2902 Ἕλλησιν
2853 2831 3258 2903 ἐκηρύχθησαν.
3311 2832 3378 2886 Ei
3427 2831 3489 2884 δέ
3533 2830 3598 2901 δὴ
3643 2829 3733 2883 καὶ

2151 2923 2375 2995 δοίημεν
2408 2923 2473 2976 τὸ
2508 2922 2668 2991 δεῦρο
2719 2923 2844 2994 μέλι
2869 2924 3050 2995 χεῖρον
3087 2920 3224 2977 εἶναι
3258 2923 3401 2994 πρὸς
3428 2924 3496 2977 τὺ
3535 2924 3733 2992 Ὑμήτ-

2151 3033 2315 3071 τειον.
2364 3015 2525 3069 Ἀλλὰ
2575 3016 2817 3071 τοιοῦτόν
2851 3018 2999 3086 ἐστιν
3021 3059 3038 3083 ,
3071 3016 3183 3070 οἴου
3233 3018 3510 3087 παρόντος
3534 3057 3549 3079 ,
3583 3015 3732 3069 οὐδὲν

2152 3107 2263 3160 δεῖν
2315 3106 2411 3160 τοῦ
2466 3106 2617 3172 ξένου
2671 3108 2873 3179 χυμοῦ.
2922 3108 3141 3163 Ἐλαιον
3184 3110 3374 3179 μέντοι
3428 3107 3623 3177 σαφῶς
3671 3106 3730 3157 τὸ

2076 3157 2118 3215 (³
2150 3157 2426 3270 ngas.
2468 3157 2873 3272 ἒρζέτοεζᾙ
2900 3157 3395 3272 μξῖέρίῶξὶῖςξε
3436 3157 3730 3268 {£5096—

2149 3308 2239 3354 τες
2271 3290 2370 3362 τὴν
2405 3292 2636 3345 δίαιταν.
2690 3292 2918 3345 Ἐκεῖνοι
2975 3293 3072 3363 μὲν
3125 3291 3233 3363 γὰρ
3286 3291 3421 3346 αὐτὸ
3468 3292 3727 3361 ζυγοστα-

2147 3381 2321 3447 τοῦσι,
2348 3384 2487 3454 ῥοπῇ
2516 3384 2616 3455 τὴν
2644 3384 2846 3454 ἀρετὴν
2874 3382 3237 3448 ἐξετάζοντες,
3262 3384 3361 3435 καὶ
3399 3383 3464 3436 τὸ
3497 3400 3729 3454 μειαγω-

2147 3474 2279 3544 γοῦν
2328 3477 2385 3528 ἐν
2435 3476 2904 3547 πλεονεκτήματος
2969 3476 3133 3547 μοίρᾳ.
3179 3475 3514 3544 λογίζονται.
3568 3477 3729 3545 Ἡμῖν

2146 3566 2203 3620 δὲ
2247 3567 2308 3619 ού
2360 3567 2712 3637 χαλκεύονται
2757 3572 2855 3637 μὲν
2893 3567 2986 3620 ἐπὶ
3029 3566 3272 3620 τοῦλαιον
3322 3565 3587 3621 τάλανταυ
3615 3584 3729 3634 φα-

2150 3659 2251 3729 μέν
2294 3660 2385 3723 δὲ,
2435 3661 2593 3732 εἴπερ
2654 3660 2786 3714 αὐτὸ
2846 3660 2962 3713 δέοι
3020 3661 3223 3725 ποιεῖν,
3268 3658 3434 3728 φύσιν
3476 3652 3615 3713 εἶναι
3669 3659 3729 3712 τὺ

2148 3752 2309 3805 πλέον
2336 3752 2493 3806 ἕλκον
2513 3754 2700 3823 τιμᾷν.
2743 3751 2959 3820 Ἀμέλει
2978 3751 3040 3805 τὸ
3068 3751 3383 3820 θαυμαστὸν
3410 3750 3600 3814 αὐτοῖς
3635 3751 3725 3804 καὶ

2146 3840 2303 3895 ὢνιον
2337 3843 2515 3896 ἔλαιον
2546 3845 2603 3897 ἐν
2630 3847 2747 3908 ταῖς
2776 3843 3107 3915 θρυαλλίσιν,
3134 3844 3224 3895 ὑπ’
3256 3841 3537 3905 ούδενεὶας
3568 3840 3726 3895 ἀσθε-

2145 3936 2227 3986 νεῖ
2251 3933 2448 4005 θρέψαι
2484 3935 2677 4005 φλόγα.
2727 3935 2800 3989 Τὸ
2823 3935 2879 3988 δὲ
2905 3935 3189 4005 αὐτόχθον,
3222 3934 3327 3987 ὑπὸ
3354 3935 3730 4003 ysmmmc

2145 4024 2422 4095 πυρκαϊὰν
2459 4026 2587 4097 ὅλην
2631 4026 2900 4097 ἀνίστησι,
2956 4023 3073 4098 κᾷτ’
3126 4025 3345 4078 ἐπειδὰν
3376 4022 3574 4095 λύχνου
3602 4026 3725 4087 δέοι,

2144 4117 2519 4186 χειροποίητον
2539 4116 2748 4187 ἡμέραν
2768 4119 2930 4171 ποιεῖ.
2949 4116 3173 4186 Ἀγαθὸν
3196 4114 3499 4186 δέλιπῆναι
3520 4115 3722 4184 μᾶζαν

2148 4202 2353 4274 ἀγαθὸν
2383 4207 2439 4259 δὲ
2488 4207 2841 4278 σωμασκοῦσι
2882 4207 3073 4279 τρέψαι
3102 4206 3287 4277 νεῦρα.
3358 4204 3527 4277 Ἡμῖν
3552 4205 3605 4259 δὲ
3638 4206 3725 4258 καὶ

2144 4294 2205 4349 τὸ
2254 4296 2517 4367 μουσικῆς
2563 4301 2749 4368 χρῆμα
2788 4296 3077 4369 ἐπιχώριον
3110 4293 3186 4359 ὡς
3223 4295 3376 4349 οὐδὲν
3423 4292 3592 4359 ἄλλο,
3634 4295 3723 4349 καὶ

2145 4386 2292 4441 ἔστιν
2351 4388 2787 4459 Ἀγχεμαχηταῖς
2847 4386 2975 4460 [γρ.
3024 4386 3392 4459 Ἀγεμαχητ.]
3441 4388 3626 4458 λύριόν
3672 4403 3720 4439 τι

460 4494 567 4533 nos
602 4480 872 4540 nascitur,
913 4495 1020 4550 qua
1050 4488 1135 4535 est
1171 4480 1560 4551 generositate,
1603 4495 1796 4549 rogum
1831 4480 2043 4535 excita-

2149 4480 2461 4549 ποιμενικὸν
2496 4481 2640 4534 λιτὸν
2686 4481 2781 4533 καὶ
2829 4480 3186 4543 αύτόσκευον,
3234 4476 3489 4548 εὔφημόν
3535 4496 3593 4530 τε
3630 4479 3718 4529 καὶ

458 4570 634 4631 verit,
664 4585 727 4623 ac
758 4570 889 4625 dum
927 4572 1151 4626 lucerna
1192 4586 1333 4641 opus
1368 4578 1474 4632 est,
1509 4570 1873 4624 manufactam
1904 4585 2042 4639 quo-

456 4662 754 4718 dammodo
815 4662 961 4717 diem
1008 4662 1193 4718 infert.
1263 4661 1344 4714 Ad
1404 4661 1519 4717 btec
1571 4661 2041 4731 pinguel'acienda’

458 4765 631 4804 mala).
661 4758 847 4819 aptum
889 4761 1011 4807 est:
1048 4759 1234 4821 aptum
1265 4751 1395 4805 item
1425 4751 1493 4805 iis
1530 4752 1622 4820 qui
1654 4766 1855 4820 corpus
1884 4766 2041 4806 exer-

458 4851 608 4906 cent,
640 4843 706 4896 ad
749 4856 953 4896 nervos
984 4841 1264 4897 fovendos.
1293 4842 1399 4895 Sed
1429 4851 1483 4897 et
1510 4842 1719 4896 musica
1742 4841 1863 4912 ipsa
1893 4842 2035 4912 apud

340 4926 345 4929 ‘
458 4949 584 4994 nos.
630 4943 691 4988 ut
735 4933 780 4988 si
827 4931 960 5002 quid
1007 4933 1178 4995 aliud,
1221 4932 1483 4987 tralatitia
1521 4940 1647 4986 est:
1685 4939 1878 5003 estque
1927 4934 2039 4985 An-

458 5025 837 5081 ehemachetis
870 5025 1163 5095 pastoralis
1202 5024 1449 5094 quaedam
1478 5025 1676 5094 exigua
1699 5026 1847 5096 lyra,
1882 5026 2037 5080 rudis

457 5124 512 5172 et
544 5117 865 5181 incondita,
905 5117 1004 5171 sed
1034 5116 1212 5171 felicis
1246 5125 1575 5181 conventus,
1622 5123 1677 5171 et
1710 5116 2036 5185 cumprimis

456 5207 674 5271 virilis;
706 5223 829 5278 quae
854 5223 960 5262 non
997 5208 1272 5262 immerito
1307 5206 1663 5263 instituendis
1702 5207 1757 5261 in
1788 5207 2036 5261 Platonis

459 5315 579 5370 rep.
615 5302 811 5358 liberis
863 5299 1337 5363 accommodetur,
1397 5306 1686 5368 propterea
1728 5299 1880 5369 quod
1923 5314 2039 5353 mo-

2141 4573 2310 4644 ἄρρεν
2359 4573 2649 4639 ἐπιεικῶς,
2694 4573 2794 4626 οὐκ
2839 4569 3053 4636 ἀνάξιον
3082 4572 3208 4633 τοὺς
3239 4572 3295 4622 ἐν
3335 4574 3404 4641 τῇ
3435 4570 3717 4631 Πλάτωνος

2142 4659 2295 4713 πόλει
2324 4660 2521 4723 παῖδας
2549 4660 2855 4732 ἐκτρέφειν.
2888 4660 2977 4722 Ὠς
3003 4658 3063 4713 ού
3093 4658 3366 4727 λογίζεται
3398 4658 3561 4713 τοῦτο
3584 4658 3714 4727 (90),

2139 4748 2261 4804 οὐδὲ
2288 4751 2487 4823 ἀρετὴν
2514 4751 2625 4822 ἔχει
2659 4750 2968 4822 παμφανῶς
2997 4750 3267 4822 ἡρμόσθαι
3294 4767 3305 4775 ·
3352 4749 3434 4819 τῷ
3464 4750 3525 4803 δὲ
3570 4750 3716 4818 ἁπλῷ

2143 4844 2253 4897 τῶν
2284 4844 2507 4915 χορδῶν,
2541 4843 2928 4914 συμϐαίνουσιν
2961 4843 3009 4896 οί
3043 4841 3428 4913 προσᾲδωπς.
3500 4842 3577 4894 Οὐ
3610 4841 3712 4909 γὰρ

2144 4934 2474 4989 ἐπιτίθενται
2500 4936 2817 5008 τρυφώσαις
2856 4933 3207 4987 ὑποθέσεσιν·
3242 4933 3361 4986 ἀλλ’
3404 4933 3555 4986 ἐστιν
3585 4935 3713 5002 ἡμῖν

2144 5028 2307 5082 καλόν
2344 5044 2396 5081 τι
2440 5028 2625 5098 χρῆμα
2649 5026 2814 5098 ᾠδῆς,
2866 5026 3083 5088 ἔπαινος
3112 5024 3334 5095 ἐνόρχου
3376 5023 3573 5095 κριοῦ,
3626 5023 3711 5076 καὶ

2143 5119 2171 5171 ὁ
2202 5117 2450 5188 μείουρος
2489 5115 2633 5169 κύων
2660 5114 2935 5185 ἐγκωμίου
2972 5114 3249 5183 τυγχάνει,
3300 5114 3408 5176 ὅτι,
3438 5110 3614 5183 οἶμαι,
3638 5111 3709 5163 δίο

2144 5207 2299 5268 καιός
2329 5208 2465 5268 ἐστι,
2488 5206 2585 5267 τὰς
2614 5205 2799 5267 ὑαίνας
2825 5204 2925 5257 οὐκ
2947 5203 3220 5275 ὀρρωδῶν,
3247 5203 3341 5255 καὶ
3367 5201 3708 5272 λαρυγγίζων

2144 5298 2269 5361 τοὺς
2298 5297 2510 5361 λύκους.
2555 5296 2664 5350 Kal
2695 5296 2723 5349 ό
2749 5295 3052 5366 κυνηγέτης
3071 5294 3168 5364 ούχ
3185 5293 3389 5363 ἡκιστα
3420 5292 3534 5363 ᾠδὴ
3570 5292 3704 5358 γένεο

1687 5435 1865 5491 DlON.
1908 5434 2179 5491 PETAVll
2220 5436 2450 5494 NOTAE.

528 5551 648 5618 (89)
675 5550 785 5605 Καὶ
812 5552 1040 5620 τρωκτὰ
1083 5551 1447 5620 ἀκροδρύων.
1484 5513 1873 5621 Ιέεζιοεεειησιε
1907 5570 2031 5609 esse

457 5622 674 5694 videtur
704 5623 966 5694 alterutra
986 5637 1106 5677 vox.
1134 5623 1366 5692 Τρωκτὰ
1389 5623 1534 5676 enim
1565 5623 1858 5694 idem_sunt
1884 5626 2028 5694 quod

459 5691 753 5764 άκρόδρυα.
798 5692 1002 5764 _Suidae
1052 5691 1253 5764 quippe
1283 5694 1351 5764 τὰ
1379 5694 1625 5746 κατακτὰ
1663 5692 1771 5745 τῶν
1797 5691 2029 5764 ὀπωρῶν

458 5756 739 5829 dicunlur,
769 5756 876 5836 οἷον
930 5756 1126 5834 κάρυα,
1151 5756 1254 5816 3ξαί
1301 5763 1556 5833 βάλανοι·
1592 5779 1763 5819 nuces
1798 5756 2051 5831 scilicet;

2135 5555 2251 5610 sive
2291 5554 2505 5609 fruetus
2529 5568 2717 5608 omnes
2738 5553 2949 5623 lignoso
2983 5553 3284 5623 putamine.

2210 5626 2322 5693 (90)
2377 5624 2470 5690 Ὠς
2539 5626 2611 5677 οὐ
2654 5617 2943 5692 λογίζεται
2984 5617 3208 5676 ’τοῦτα
3276 5622 3511 5692 Corrigo
3560 5617 3695 5684 λυγξο

2137 5694 2505 5775 ζεταιηρυοᾱ
2536 5696 2599 5749 ad
2626 5695 2969 5752 inﬂexionem
2995 5694 3146 5750 vocis
3191 5701 3246 5749 et
3278 5693 3693 5748 modulationem

2143 5774 2360 5822 attinet.
