  <div class='ocr_page' id='page_1' title='image "/cluster/home/n/w/nwhite01/storage/ocr_20150623/66/hvd.32044020183315/780.png"; bbox 0 0 3928 6548; ppageno 0'>
   <div class='ocr_carea' id='block_1_1' title="bbox 203 335 349 427">
    <p class='ocr_par' dir='ltr' id='par_1_1' title="bbox 203 335 349 427">
     <span class='ocr_line' id='line_1_1' title="bbox 203 335 349 427; baseline -0.007 0"><span class='ocrx_word' id='word_1_1' title='bbox 203 335 349 427; x_wconf 71' lang='grc' dir='ltr'><strong>ιεῖιθ</strong></span> 
     </span>
    </p>
   </div>
   <div class='ocr_carea' id='block_1_2' title="bbox 1310 363 2331 428">
    <p class='ocr_par' dir='ltr' id='par_1_2' title="bbox 1310 363 2331 428">
     <span class='ocr_line' id='line_1_2' title="bbox 1310 363 2331 428; baseline 0.004 -6"><span class='ocrx_word' id='word_1_2' title='bbox 1310 363 1691 424; x_wconf 67' lang='grc' dir='ltr'><strong>ΕΡΙδΤΟΙΛΕ.</strong></span> <span class='ocrx_word' id='word_1_3' title='bbox 1722 395 1791 411; x_wconf 80' lang='grc'><strong>--</strong></span> <span class='ocrx_word' id='word_1_4' title='bbox 1832 365 2053 426; x_wconf 82' lang='lat' dir='ltr'><strong>EPIST.</strong></span> <span class='ocrx_word' id='word_1_5' title='bbox 2093 368 2331 428; x_wconf 74' lang='lat' dir='ltr'><strong>CXLIX.</strong></span> 
     </span>
    </p>
   </div>
   <div class='ocr_carea' id='block_1_3' title="bbox 3315 374 3455 438">
    <p class='ocr_par' dir='ltr' id='par_1_3' title="bbox 3315 374 3455 438">
     <span class='ocr_line' id='line_1_3' title="bbox 3315 374 3455 438; baseline 0.05 -7"><span class='ocrx_word' id='word_1_6' title='bbox 3315 374 3455 438; x_wconf 69' lang='lat'><strong>1550</strong></span> 
     </span>
    </p>
   </div>
   <div class='ocr_carea' id='block_1_4' title="bbox 202 484 1781 560">
    <p class='ocr_par' dir='ltr' id='par_1_4' title="bbox 202 484 1781 556">
     <span class='ocr_line' id='line_1_4' title="bbox 202 484 1781 556; baseline -0.001 -17"><span class='ocrx_word' id='word_1_7' title='bbox 202 504 321 549; x_wconf 84' lang='grc' dir='ltr'>ται,</span> <span class='ocrx_word' id='word_1_8' title='bbox 373 486 491 548; x_wconf 83' lang='grc' dir='ltr'>ταῖς</span> <span class='ocrx_word' id='word_1_9' title='bbox 543 486 873 555; x_wconf 80' lang='grc' dir='ltr'>κατανομαῖς</span> <span class='ocrx_word' id='word_1_10' title='bbox 917 485 1137 556; x_wconf 85' lang='grc' dir='ltr'>είρήνην</span> <span class='ocrx_word' id='word_1_11' title='bbox 1184 484 1381 546; x_wconf 88' lang='grc' dir='ltr'>ποιῶν,</span> <span class='ocrx_word' id='word_1_12' title='bbox 1445 489 1536 538; x_wconf 76' lang='grc' dir='ltr'>καὶ</span> <span class='ocrx_word' id='word_1_13' title='bbox 1569 484 1781 556; x_wconf 82' lang='grc' dir='ltr'>εὐωχῶν</span> 
     </span>
    </p>
   </div>
   <div class='ocr_carea' id='block_1_5' title="bbox 1890 484 3456 560">
    <p class='ocr_par' dir='ltr' id='par_1_5' title="bbox 1890 488 3456 560">
     <span class='ocr_line' id='line_1_5' title="bbox 1890 488 3456 560; baseline 0.006 -20"><span class='ocrx_word' id='word_1_14' title='bbox 1890 488 2556 545; x_wconf 81' lang='lat' dir='ltr'><strong>dulatiouistnflexionem</strong></span> <span class='ocrx_word' id='word_1_15' title='bbox 2592 504 2703 545; x_wconf 91' lang='lat' dir='ltr'><strong>non</strong></span> <span class='ocrx_word' id='word_1_16' title='bbox 2756 488 2972 560; x_wconf 76' lang='lat' dir='ltr'><strong>recipit,</strong></span> <span class='ocrx_word' id='word_1_17' title='bbox 3023 506 3123 546; x_wconf 89' lang='lat' dir='ltr'><strong>nec</strong></span> <span class='ocrx_word' id='word_1_18' title='bbox 3167 492 3236 546; x_wconf 86' lang='lat' dir='ltr'><strong>ad</strong></span> <span class='ocrx_word' id='word_1_19' title='bbox 3291 507 3456 549; x_wconf 89' lang='lat' dir='ltr'><strong>omne</strong></span> 
     </span>
    </p>
   </div>
   <div class='ocr_carea' id='block_1_6' title="bbox 199 574 1776 649">
    <p class='ocr_par' dir='ltr' id='par_1_6' title="bbox 199 574 1776 649">
     <span class='ocr_line' id='line_1_6' title="bbox 199 574 1776 649; baseline 0.001 -18"><span class='ocrx_word' id='word_1_20' title='bbox 199 578 356 649; x_wconf 74' lang='grc' dir='ltr'>ἡμᾶς</span> <span class='ocrx_word' id='word_1_21' title='bbox 383 575 641 648; x_wconf 73' lang='grc' dir='ltr'>πανδεσία</span> <span class='ocrx_word' id='word_1_22' title='bbox 665 578 840 649; x_wconf 91' lang='grc' dir='ltr'>κρεῶν</span> <span class='ocrx_word' id='word_1_23' title='bbox 863 594 876 608; x_wconf 84' lang='lat'><strong><em>°</em></strong></span> <span class='ocrx_word' id='word_1_24' title='bbox 902 578 937 648; x_wconf 77' lang='grc' dir='ltr'><strong>ἥ</strong></span> <span class='ocrx_word' id='word_1_25' title='bbox 965 595 1023 630; x_wconf 89' lang='grc' dir='ltr'><strong>τε</strong></span> <span class='ocrx_word' id='word_1_26' title='bbox 1057 576 1397 648; x_wconf 76' lang='grc' dir='ltr'>διδυμοτόκος</span> <span class='ocrx_word' id='word_1_27' title='bbox 1427 577 1529 643; x_wconf 70' lang='grc' dir='ltr'>οἷς,</span> <span class='ocrx_word' id='word_1_28' title='bbox 1551 574 1650 632; x_wconf 85' lang='grc' dir='ltr'><strong>ούκ</strong></span> <span class='ocrx_word' id='word_1_29' title='bbox 1677 581 1776 632; x_wconf 87' lang='grc' dir='ltr'>ἀπ-</span> 
     </span>
    </p>
   </div>
   <div class='ocr_carea' id='block_1_7' title="bbox 203 662 1782 740">
    <p class='ocr_par' dir='ltr' id='par_1_7' title="bbox 203 662 1782 740">
     <span class='ocr_line' id='line_1_7' title="bbox 203 662 1782 740; baseline 0.001 -20"><span class='ocrx_word' id='word_1_30' title='bbox 203 667 454 733; x_wconf 81' lang='grc' dir='ltr'>αξιοῦται</span> <span class='ocrx_word' id='word_1_31' title='bbox 485 666 583 737; x_wconf 81' lang='grc' dir='ltr'>τῆς</span> <span class='ocrx_word' id='word_1_32' title='bbox 616 666 805 738; x_wconf 88' lang='grc' dir='ltr'>λύρας.</span> <span class='ocrx_word' id='word_1_33' title='bbox 840 664 923 720; x_wconf 84' lang='grc' dir='ltr'><strong>δτι</strong></span> <span class='ocrx_word' id='word_1_34' title='bbox 946 662 1116 720; x_wconf 79' lang='grc' dir='ltr'>πλείω</span> <span class='ocrx_word' id='word_1_35' title='bbox 1140 666 1247 719; x_wconf 85' lang='grc' dir='ltr'><strong>τῶν</strong></span> <span class='ocrx_word' id='word_1_36' title='bbox 1275 662 1410 720; x_wconf 80' lang='grc' dir='ltr'>ἐτῶν</span> <span class='ocrx_word' id='word_1_37' title='bbox 1432 665 1689 740; x_wconf 76' lang='grc' dir='ltr'><strong>ἐκτρέφει</strong></span> <span class='ocrx_word' id='word_1_38' title='bbox 1714 668 1782 721; x_wconf 84' lang='grc' dir='ltr'>τὰ</span> 
     </span>
    </p>
   </div>
   <div class='ocr_carea' id='block_1_8' title="bbox 202 758 1781 831">
    <p class='ocr_par' dir='ltr' id='par_1_8' title="bbox 202 758 1781 831">
     <span class='ocr_line' id='line_1_8' title="bbox 202 758 1781 831; baseline 0.001 -20"><span class='ocrx_word' id='word_1_39' title='bbox 202 758 409 827; x_wconf 72' lang='grc' dir='ltr'>ἔγγονα</span> <span class='ocrx_word' id='word_1_40' title='bbox 436 773 449 788; x_wconf 87' lang='grc'><strong>·</strong></span> <span class='ocrx_word' id='word_1_41' title='bbox 483 758 584 828; x_wconf 82' lang='grc' dir='ltr'>τὴν</span> <span class='ocrx_word' id='word_1_42' title='bbox 615 758 671 811; x_wconf 79' lang='grc' dir='ltr'><strong>δὲ</strong></span> <span class='ocrx_word' id='word_1_43' title='bbox 707 758 913 830; x_wconf 85' lang='grc' dir='ltr'>κράδην</span> <span class='ocrx_word' id='word_1_44' title='bbox 946 758 1124 829; x_wconf 72' lang='grc' dir='ltr'>θαμὰ.</span> <span class='ocrx_word' id='word_1_45' title='bbox 1169 759 1261 812; x_wconf 77' lang='grc' dir='ltr'><strong>καὶ</strong></span> <span class='ocrx_word' id='word_1_46' title='bbox 1293 760 1391 829; x_wconf 84' lang='grc' dir='ltr'><strong>τὴν</strong></span> <span class='ocrx_word' id='word_1_47' title='bbox 1424 760 1667 831; x_wconf 79' lang='grc' dir='ltr'>ἄμπελον</span> <span class='ocrx_word' id='word_1_48' title='bbox 1695 762 1781 813; x_wconf 84' lang='grc' dir='ltr'>ὲν-</span> 
     </span>
    </p>
   </div>
   <div class='ocr_carea' id='block_1_9' title="bbox 199 850 1782 924">
    <p class='ocr_par' dir='ltr' id='par_1_9' title="bbox 199 850 1782 924">
     <span class='ocr_line' id='line_1_9' title="bbox 199 850 1782 924; baseline 0.001 -20"><span class='ocrx_word' id='word_1_49' title='bbox 199 850 481 915; x_wconf 79' lang='grc' dir='ltr'>τείναντες</span> <span class='ocrx_word' id='word_1_50' title='bbox 502 851 796 922; x_wconf 77' lang='grc' dir='ltr'>ψάλλομεν.</span> <span class='ocrx_word' id='word_1_51' title='bbox 857 852 1022 905; x_wconf 80' lang='grc' dir='ltr'>Οὐδὲν</span> <span class='ocrx_word' id='word_1_52' title='bbox 1067 852 1123 905; x_wconf 85' lang='grc' dir='ltr'>δὲ</span> <span class='ocrx_word' id='word_1_53' title='bbox 1168 853 1290 906; x_wconf 84' lang='grc' dir='ltr'>ὅσον</span> <span class='ocrx_word' id='word_1_54' title='bbox 1321 853 1477 924; x_wconf 83' lang='grc' dir='ltr'>εὐχαί</span> <span class='ocrx_word' id='word_1_55' title='bbox 1504 860 1669 918; x_wconf 84' lang='grc' dir='ltr'>τινες,</span> <span class='ocrx_word' id='word_1_56' title='bbox 1702 851 1782 905; x_wconf 83' lang='grc' dir='ltr'>ἔτι</span> 
     </span>
    </p>
   </div>
   <div class='ocr_carea' id='block_1_10' title="bbox 198 941 1781 1016">
    <p class='ocr_par' dir='ltr' id='par_1_10' title="bbox 198 941 1781 1016">
     <span class='ocr_line' id='line_1_10' title="bbox 198 941 1781 1016; baseline 0 -20"><span class='ocrx_word' id='word_1_57' title='bbox 198 961 265 996; x_wconf 84' lang='grc' dir='ltr'><strong>τε</strong></span> <span class='ocrx_word' id='word_1_58' title='bbox 286 941 458 1014; x_wconf 78' lang='grc' dir='ltr'>ᾆσμα.</span> <span class='ocrx_word' id='word_1_59' title='bbox 483 945 574 997; x_wconf 75' lang='grc' dir='ltr'><strong>καὶ</strong></span> <span class='ocrx_word' id='word_1_60' title='bbox 600 946 841 1015; x_wconf 75' lang='grc' dir='ltr'><strong>αἰτήσεις</strong></span> <span class='ocrx_word' id='word_1_61' title='bbox 867 944 1088 1013; x_wconf 83' lang='grc' dir='ltr'>ἀγαθῶν</span> <span class='ocrx_word' id='word_1_62' title='bbox 1110 943 1435 1016; x_wconf 84' lang='grc' dir='ltr'>ἀνθρώποις,</span> <span class='ocrx_word' id='word_1_63' title='bbox 1454 946 1549 998; x_wconf 78' lang='grc' dir='ltr'><strong>καὶ</strong></span> <span class='ocrx_word' id='word_1_64' title='bbox 1574 946 1781 1013; x_wconf 80' lang='grc' dir='ltr'><strong>φυτοῖς,</strong></span> 
     </span>
    </p>
   </div>
   <div class='ocr_carea' id='block_1_11' title="bbox 202 1035 1785 1108">
    <p class='ocr_par' dir='ltr' id='par_1_11' title="bbox 202 1035 1785 1108">
     <span class='ocr_line' id='line_1_11' title="bbox 202 1035 1785 1108; baseline 0 -19"><span class='ocrx_word' id='word_1_65' title='bbox 202 1037 303 1091; x_wconf 75' lang='grc' dir='ltr'><strong>καὶ</strong></span> <span class='ocrx_word' id='word_1_66' title='bbox 345 1036 539 1107; x_wconf 81' lang='grc' dir='ltr'>βοτοῖς.</span> <span class='ocrx_word' id='word_1_67' title='bbox 588 1037 773 1091; x_wconf 79' lang='grc' dir='ltr'>Ταῦτά</span> <span class='ocrx_word' id='word_1_68' title='bbox 814 1054 896 1091; x_wconf 88' lang='grc' dir='ltr'><strong>σοι</strong></span> <span class='ocrx_word' id='word_1_69' title='bbox 953 1038 1048 1092; x_wconf 76' lang='grc' dir='ltr'><strong>καὶ</strong></span> <span class='ocrx_word' id='word_1_70' title='bbox 1087 1038 1156 1093; x_wconf 85' lang='grc' dir='ltr'><strong>τά</strong></span> <span class='ocrx_word' id='word_1_71' title='bbox 1199 1036 1423 1091; x_wconf 79' lang='grc' dir='ltr'>τοιαῦτα</span> <span class='ocrx_word' id='word_1_72' title='bbox 1469 1035 1601 1108; x_wconf 87' lang='grc' dir='ltr'>παρ’</span> <span class='ocrx_word' id='word_1_73' title='bbox 1653 1038 1785 1108; x_wconf 80' lang='grc' dir='ltr'>ἡμῖν</span> 
     </span>
    </p>
   </div>
   <div class='ocr_carea' id='block_1_12' title="bbox 200 1129 1783 1203">
    <p class='ocr_par' dir='ltr' id='par_1_12' title="bbox 200 1129 1783 1203">
     <span class='ocr_line' id='line_1_12' title="bbox 200 1129 1783 1203; baseline 0 -20"><span class='ocrx_word' id='word_1_74' title='bbox 200 1129 369 1197; x_wconf 85' lang='grc' dir='ltr'>ῶρια.</span> <span class='ocrx_word' id='word_1_75' title='bbox 398 1130 491 1184; x_wconf 76' lang='grc' dir='ltr'>καὶ</span> <span class='ocrx_word' id='word_1_76' title='bbox 518 1130 739 1203; x_wconf 84' lang='grc' dir='ltr'>ἀρχαῖα,</span> <span class='ocrx_word' id='word_1_77' title='bbox 771 1132 862 1186; x_wconf 71' lang='grc' dir='ltr'><strong>καὶ</strong></span> <span class='ocrx_word' id='word_1_78' title='bbox 901 1131 1149 1202; x_wconf 84' lang='grc' dir='ltr'>πενήτων</span> <span class='ocrx_word' id='word_1_79' title='bbox 1181 1130 1381 1199; x_wconf 83' lang='grc' dir='ltr'>ἀγαθά.</span> <span class='ocrx_word' id='word_1_80' title='bbox 1420 1131 1680 1194; x_wconf 85' lang='grc' dir='ltr'>Βασιλεὺς</span> <span class='ocrx_word' id='word_1_81' title='bbox 1707 1130 1783 1195; x_wconf 76' lang='grc' dir='ltr'><strong>δὲ,</strong></span> 
     </span>
    </p>
   </div>
   <div class='ocr_carea' id='block_1_13' title="bbox 200 1217 1786 1296">
    <p class='ocr_par' dir='ltr' id='par_1_13' title="bbox 200 1217 1786 1296">
     <span class='ocr_line' id='line_1_13' title="bbox 200 1217 1786 1296; baseline 0.001 -21"><span class='ocrx_word' id='word_1_82' title='bbox 200 1222 302 1277; x_wconf 71' lang='grc' dir='ltr'>καὶ</span> <span class='ocrx_word' id='word_1_83' title='bbox 344 1220 609 1291; x_wconf 80' lang='grc' dir='ltr'>βασιλέως</span> <span class='ocrx_word' id='word_1_84' title='bbox 640 1224 782 1293; x_wconf 88' lang='grc' dir='ltr'>φίλοι</span> <span class='ocrx_word' id='word_1_85' title='bbox 809 1264 824 1288; x_wconf 92' lang='grc'><strong>,</strong></span> <span class='ocrx_word' id='word_1_86' title='bbox 868 1224 964 1278; x_wconf 74' lang='grc' dir='ltr'>καὶ</span> <span class='ocrx_word' id='word_1_87' title='bbox 1013 1223 1264 1295; x_wconf 90' lang='grc' dir='ltr'>δαίμονος</span> <span class='ocrx_word' id='word_1_88' title='bbox 1291 1224 1516 1296; x_wconf 76' lang='grc' dir='ltr'>ὄρχησις</span> <span class='ocrx_word' id='word_1_89' title='bbox 1536 1264 1550 1289; x_wconf 92' lang='grc'><strong>,</strong></span> <span class='ocrx_word' id='word_1_90' title='bbox 1604 1217 1691 1276; x_wconf 74' lang='grc' dir='ltr'><strong>οἶα</strong></span> <span class='ocrx_word' id='word_1_91' title='bbox 1721 1222 1786 1294; x_wconf 88' lang='grc' dir='ltr'>δὴ</span> 
     </span>
    </p>
   </div>
   <div class='ocr_carea' id='block_1_14' title="bbox 201 1315 1788 1388">
    <p class='ocr_par' dir='ltr' id='par_1_14' title="bbox 201 1315 1788 1388">
     <span class='ocr_line' id='line_1_14' title="bbox 201 1315 1788 1388; baseline 0.001 -21"><span class='ocrx_word' id='word_1_92' title='bbox 201 1315 480 1379; x_wconf 80' lang='grc' dir='ltr'>συνιόντες</span> <span class='ocrx_word' id='word_1_93' title='bbox 504 1315 796 1386; x_wconf 83' lang='grc' dir='ltr'>ἀκούομεν,</span> <span class='ocrx_word' id='word_1_94' title='bbox 816 1317 1056 1388; x_wconf 83' lang='grc' dir='ltr'>ὀνόματά</span> <span class='ocrx_word' id='word_1_95' title='bbox 1085 1334 1205 1372; x_wconf 90' lang='grc' dir='ltr'>τινα</span> <span class='ocrx_word' id='word_1_96' title='bbox 1236 1318 1487 1388; x_wconf 81' lang='grc' dir='ltr'>καθάπερ</span> <span class='ocrx_word' id='word_1_97' title='bbox 1512 1317 1569 1371; x_wconf 80' lang='grc' dir='ltr'>αἱ</span> <span class='ocrx_word' id='word_1_98' title='bbox 1592 1315 1788 1385; x_wconf 81' lang='grc' dir='ltr'>φλόγες</span> 
     </span>
    </p>
   </div>
   <div class='ocr_carea' id='block_1_15' title="bbox 200 1407 1784 1480">
    <p class='ocr_par' dir='ltr' id='par_1_15' title="bbox 200 1407 1784 1480">
     <span class='ocr_line' id='line_1_15' title="bbox 200 1407 1784 1480; baseline 0 -20"><span class='ocrx_word' id='word_1_99' title='bbox 200 1408 301 1460; x_wconf 75' lang='grc' dir='ltr'><strong>ἐπὶ</strong></span> <span class='ocrx_word' id='word_1_100' title='bbox 352 1407 492 1478; x_wconf 82' lang='grc' dir='ltr'><strong>μέγα</strong></span> <span class='ocrx_word' id='word_1_101' title='bbox 538 1408 637 1479; x_wconf 77' lang='grc' dir='ltr'>τῆς</span> <span class='ocrx_word' id='word_1_102' title='bbox 687 1408 846 1479; x_wconf 81' lang='grc' dir='ltr'><strong>δόξης</strong></span> <span class='ocrx_word' id='word_1_103' title='bbox 894 1408 1237 1480; x_wconf 77' lang='grc' dir='ltr'>ὲξαπτόμενα</span> <span class='ocrx_word' id='word_1_104' title='bbox 1274 1410 1370 1464; x_wconf 73' lang='grc' dir='ltr'>καὶ</span> <span class='ocrx_word' id='word_1_105' title='bbox 1418 1408 1784 1478; x_wconf 69' lang='grc' dir='ltr'>σϐεννύμεναυ</span> 
     </span>
    </p>
   </div>
   <div class='ocr_carea' id='block_1_16' title="bbox 198 1498 1787 1572">
    <p class='ocr_par' dir='ltr' id='par_1_16' title="bbox 198 1498 1787 1572">
     <span class='ocr_line' id='line_1_16' title="bbox 198 1498 1787 1572; baseline 0.001 -21"><span class='ocrx_word' id='word_1_106' title='bbox 198 1498 378 1553; x_wconf 79' lang='grc' dir='ltr'>ταῦτα</span> <span class='ocrx_word' id='word_1_107' title='bbox 404 1498 562 1569; x_wconf 81' lang='grc' dir='ltr'>δεῦρο</span> <span class='ocrx_word' id='word_1_108' title='bbox 590 1499 847 1564; x_wconf 74' lang='grc' dir='ltr'>ἐπιεικῶς</span> <span class='ocrx_word' id='word_1_109' title='bbox 872 1503 1123 1570; x_wconf 80' lang='grc' dir='ltr'>σιγᾶται,</span> <span class='ocrx_word' id='word_1_110' title='bbox 1142 1502 1237 1555; x_wconf 81' lang='grc' dir='ltr'>καὶ</span> <span class='ocrx_word' id='word_1_111' title='bbox 1258 1501 1421 1572; x_wconf 81' lang='grc' dir='ltr'>σχολὴ</span> <span class='ocrx_word' id='word_1_112' title='bbox 1448 1503 1567 1564; x_wconf 83' lang='grc' dir='ltr'>ταῖς</span> <span class='ocrx_word' id='word_1_113' title='bbox 1597 1500 1787 1560; x_wconf 83' lang='grc' dir='ltr'><strong>ἀκοαῖς</strong></span> 
     </span>
    </p>
   </div>
   <div class='ocr_carea' id='block_1_17' title="bbox 198 1582 1786 1661">
    <p class='ocr_par' dir='ltr' id='par_1_17' title="bbox 198 1582 1786 1661">
     <span class='ocr_line' id='line_1_17' title="bbox 198 1582 1786 1661; baseline 0.001 -20"><span class='ocrx_word' id='word_1_114' title='bbox 198 1588 461 1641; x_wconf 81' lang='grc' dir='ltr'>τοιούτων</span> <span class='ocrx_word' id='word_1_115' title='bbox 499 1588 884 1660; x_wconf 80' lang='grc' dir='ltr'>ἀκροαμάτων.</span> <span class='ocrx_word' id='word_1_116' title='bbox 956 1590 1109 1643; x_wconf 78' lang='grc' dir='ltr'>Ἐπεὶ</span> <span class='ocrx_word' id='word_1_117' title='bbox 1138 1589 1231 1644; x_wconf 77' lang='grc' dir='ltr'>καὶ</span> <span class='ocrx_word' id='word_1_118' title='bbox 1274 1590 1547 1661; x_wconf 80' lang='grc' dir='ltr'>βασιλεὺς.</span> <span class='ocrx_word' id='word_1_119' title='bbox 1576 1582 1658 1644; x_wconf 86' lang='grc' dir='ltr'>δτι</span> <span class='ocrx_word' id='word_1_120' title='bbox 1687 1588 1786 1661; x_wconf 82' lang='grc' dir='ltr'>μὲν</span> 
     </span>
    </p>
   </div>
   <div class='ocr_carea' id='block_1_18' title="bbox 199 1681 1785 1755">
    <p class='ocr_par' dir='ltr' id='par_1_18' title="bbox 199 1681 1785 1755">
     <span class='ocr_line' id='line_1_18' title="bbox 199 1681 1785 1755; baseline 0 -20"><span class='ocrx_word' id='word_1_121' title='bbox 199 1681 272 1752; x_wconf 78' lang='grc' dir='ltr'><strong>ζῇ</strong></span> <span class='ocrx_word' id='word_1_122' title='bbox 302 1699 385 1745; x_wconf 84' lang='grc' dir='ltr'><strong>τις</strong></span> <span class='ocrx_word' id='word_1_123' title='bbox 413 1682 518 1745; x_wconf 72' lang='grc' dir='ltr'>ἀεὶ,</span> <span class='ocrx_word' id='word_1_124' title='bbox 549 1681 691 1735; x_wconf 80' lang='grc' dir='ltr'>τοῦτ’</span> <span class='ocrx_word' id='word_1_125' title='bbox 723 1683 1196 1755; x_wconf 15' lang='grc' dir='ltr'>ίσωςνὲπίστανται</span> <span class='ocrx_word' id='word_1_126' title='bbox 1218 1683 1404 1753; x_wconf 84' lang='grc' dir='ltr'>σαφῶς</span> <span class='ocrx_word' id='word_1_127' title='bbox 1429 1698 1442 1711; x_wconf 80' lang='lat'><strong>&#39;</strong></span> <span class='ocrx_word' id='word_1_128' title='bbox 1474 1683 1785 1754; x_wconf 83' lang='grc' dir='ltr'>ὑπομιμνη-</span> 
     </span>
    </p>
   </div>
   <div class='ocr_carea' id='block_1_19' title="bbox 199 1773 1786 1845">
    <p class='ocr_par' dir='ltr' id='par_1_19' title="bbox 199 1773 1786 1845">
     <span class='ocr_line' id='line_1_19' title="bbox 199 1773 1786 1845; baseline 0.002 -19"><span class='ocrx_word' id='word_1_129' title='bbox 199 1773 449 1843; x_wconf 85' lang='grc' dir='ltr'>σκόμεθα</span> <span class='ocrx_word' id='word_1_130' title='bbox 469 1774 576 1845; x_wconf 84' lang='grc' dir='ltr'>γὰρ</span> <span class='ocrx_word' id='word_1_131' title='bbox 598 1774 743 1828; x_wconf 81' lang='grc' dir='ltr'>ἆπαν</span> <span class='ocrx_word' id='word_1_132' title='bbox 764 1776 885 1829; x_wconf 84' lang='grc' dir='ltr'>κατ’</span> <span class='ocrx_word' id='word_1_133' title='bbox 908 1775 1026 1840; x_wconf 74' lang='grc' dir='ltr'>ἔτος</span> <span class='ocrx_word' id='word_1_134' title='bbox 1051 1775 1157 1829; x_wconf 82' lang='grc' dir='ltr'>ὑπὸ</span> <span class='ocrx_word' id='word_1_135' title='bbox 1178 1776 1285 1830; x_wconf 89' lang='grc' dir='ltr'><strong>τῶν</strong></span> <span class='ocrx_word' id='word_1_136' title='bbox 1308 1775 1635 1845; x_wconf 76' lang='grc' dir='ltr'>ἐκλεγόντων</span> <span class='ocrx_word' id='word_1_137' title='bbox 1659 1776 1786 1839; x_wconf 74' lang='grc' dir='ltr'>τοὺς</span> 
     </span>
    </p>
   </div>
   <div class='ocr_carea' id='block_1_20' title="bbox 200 1858 1789 1941">
    <p class='ocr_par' dir='ltr' id='par_1_20' title="bbox 200 1858 1789 1941">
     <span class='ocr_line' id='line_1_20' title="bbox 200 1858 1789 1941; baseline 0.003 -23"><span class='ocrx_word' id='word_1_138' title='bbox 200 1863 621 1935; x_wconf 77' lang='grc' dir='ltr'>φ’όρους.”οστις</span> <span class='ocrx_word' id='word_1_139' title='bbox 642 1862 698 1920; x_wconf 80' lang='grc' dir='ltr'>δὲ</span> <span class='ocrx_word' id='word_1_140' title='bbox 717 1859 872 1931; x_wconf 76' lang='grc' dir='ltr'>οὗτός</span> <span class='ocrx_word' id='word_1_141' title='bbox 889 1868 1057 1932; x_wconf 76' lang='grc' dir='ltr'>ἐστιν,</span> <span class='ocrx_word' id='word_1_142' title='bbox 1070 1868 1130 1921; x_wconf 84' lang='grc' dir='ltr'><strong>ού</strong></span> <span class='ocrx_word' id='word_1_143' title='bbox 1151 1868 1294 1941; x_wconf 86' lang='grc' dir='ltr'>μάλα</span> <span class='ocrx_word' id='word_1_144' title='bbox 1311 1869 1390 1922; x_wconf 81' lang='grc' dir='ltr'>ἔτι</span> <span class='ocrx_word' id='word_1_145' title='bbox 1408 1858 1564 1921; x_wconf 69' lang='grc' dir='ltr'>τοῦτο</span> <span class='ocrx_word' id='word_1_146' title='bbox 1586 1869 1789 1937; x_wconf 78' lang='grc' dir='ltr'>σαφῶς.</span> 
     </span>
    </p>
   </div>
   <div class='ocr_carea' id='block_1_21' title="bbox 213 1950 1780 2031">
    <p class='ocr_par' dir='ltr' id='par_1_21' title="bbox 213 1950 1780 2031">
     <span class='ocr_line' id='line_1_21' title="bbox 213 1950 1780 2031; baseline 0.001 -23"><span class='ocrx_word' id='word_1_147' title='bbox 213 1956 357 2008; x_wconf 82' lang='grc' dir='ltr'>Ἀλλ’</span> <span class='ocrx_word' id='word_1_148' title='bbox 374 1955 480 2009; x_wconf 69' lang='grc' dir='ltr'>εἰσί</span> <span class='ocrx_word' id='word_1_149' title='bbox 506 1972 647 2020; x_wconf 87' lang='grc' dir='ltr'>τινες</span> <span class='ocrx_word' id='word_1_150' title='bbox 668 1958 724 2011; x_wconf 78' lang='grc' dir='ltr'>ὲν</span> <span class='ocrx_word' id='word_1_151' title='bbox 752 1958 904 2030; x_wconf 76' lang='grc' dir='ltr'>ἡμῖν,</span> <span class='ocrx_word' id='word_1_152' title='bbox 926 1956 975 2012; x_wconf 80' lang='grc' dir='ltr'>οἳ</span> <span class='ocrx_word' id='word_1_153' title='bbox 999 1959 1159 2031; x_wconf 78' lang='grc' dir='ltr'>μέχρι</span> <span class='ocrx_word' id='word_1_154' title='bbox 1180 1950 1275 2013; x_wconf 65' lang='grc' dir='ltr'><strong>καὶ</strong></span> <span class='ocrx_word' id='word_1_155' title='bbox 1296 1952 1388 2011; x_wconf 79' lang='grc' dir='ltr'>νῦν</span> <span class='ocrx_word' id='word_1_156' title='bbox 1403 1958 1780 2029; x_wconf 83' lang='grc' dir='ltr'>Ἀγαμέμνονα</span> 
     </span>
    </p>
   </div>
   <div class='ocr_carea' id='block_1_22' title="bbox 202 2047 1780 2119">
    <p class='ocr_par' dir='ltr' id='par_1_22' title="bbox 202 2047 1780 2119">
     <span class='ocr_line' id='line_1_22' title="bbox 202 2047 1780 2119; baseline 0 -18"><span class='ocrx_word' id='word_1_157' title='bbox 202 2050 428 2118; x_wconf 82' lang='grc' dir='ltr'>κρατεῖν</span> <span class='ocrx_word' id='word_1_158' title='bbox 451 2048 681 2118; x_wconf 74' lang='grc' dir='ltr'>ἥγηνται</span> <span class='ocrx_word' id='word_1_159' title='bbox 726 2047 816 2103; x_wconf 77' lang='grc' dir='ltr'><strong>τὸν</strong></span> <span class='ocrx_word' id='word_1_160' title='bbox 858 2049 1135 2119; x_wconf 84' lang='grc' dir='ltr'>Ἀτρείδην</span> <span class='ocrx_word' id='word_1_161' title='bbox 1157 2090 1172 2112; x_wconf 96' lang='grc'><strong>,</strong></span> <span class='ocrx_word' id='word_1_162' title='bbox 1201 2050 1291 2103; x_wconf 77' lang='grc' dir='ltr'>τὸν</span> <span class='ocrx_word' id='word_1_163' title='bbox 1315 2048 1407 2102; x_wconf 78' lang='grc' dir='ltr'><strong>ἐπὶ</strong></span> <span class='ocrx_word' id='word_1_164' title='bbox 1434 2048 1658 2119; x_wconf 83' lang='grc' dir='ltr'>Τροίαν,</span> <span class='ocrx_word' id='word_1_165' title='bbox 1689 2047 1780 2101; x_wconf 83' lang='grc' dir='ltr'>τὸν</span> 
     </span>
    </p>
   </div>
   <div class='ocr_carea' id='block_1_23' title="bbox 206 2137 1780 2212">
    <p class='ocr_par' dir='ltr' id='par_1_23' title="bbox 206 2137 1780 2212">
     <span class='ocr_line' id='line_1_23' title="bbox 206 2137 1780 2212; baseline 0.001 -20"><span class='ocrx_word' id='word_1_166' title='bbox 206 2138 355 2209; x_wconf 84' lang='grc' dir='ltr'>μάλα</span> <span class='ocrx_word' id='word_1_167' title='bbox 382 2138 545 2193; x_wconf 86' lang='grc' dir='ltr'>καλόν</span> <span class='ocrx_word' id='word_1_168' title='bbox 570 2156 630 2192; x_wconf 90' lang='grc' dir='ltr'><strong>τε</strong></span> <span class='ocrx_word' id='word_1_169' title='bbox 658 2140 755 2194; x_wconf 75' lang='grc' dir='ltr'><strong>καὶ</strong></span> <span class='ocrx_word' id='word_1_170' title='bbox 778 2140 1000 2209; x_wconf 87' lang='grc' dir='ltr'>ἀγαθόν.</span> <span class='ocrx_word' id='word_1_171' title='bbox 1037 2137 1206 2194; x_wconf 81' lang='grc' dir='ltr'>Τοῦτο</span> <span class='ocrx_word' id='word_1_172' title='bbox 1237 2140 1345 2212; x_wconf 83' lang='grc' dir='ltr'>γὰρ</span> <span class='ocrx_word' id='word_1_173' title='bbox 1377 2140 1629 2195; x_wconf 86' lang='grc' dir='ltr'>παιδὸθεν</span> <span class='ocrx_word' id='word_1_174' title='bbox 1649 2141 1780 2212; x_wconf 80' lang='grc' dir='ltr'>ἡμῖν</span> 
     </span>
    </p>
   </div>
   <div class='ocr_carea' id='block_1_24' title="bbox 199 2229 1781 2302">
    <p class='ocr_par' dir='ltr' id='par_1_24' title="bbox 199 2229 1781 2302">
     <span class='ocr_line' id='line_1_24' title="bbox 199 2229 1781 2302; baseline 0 -19"><span class='ocrx_word' id='word_1_175' title='bbox 199 2229 283 2293; x_wconf 83' lang='grc' dir='ltr'>ὡς</span> <span class='ocrx_word' id='word_1_176' title='bbox 322 2229 597 2299; x_wconf 83' lang='grc' dir='ltr'>βασιλικὸν</span> <span class='ocrx_word' id='word_1_177' title='bbox 644 2230 1002 2301; x_wconf 83' lang='grc' dir='ltr'>παραδέδοται</span> <span class='ocrx_word' id='word_1_178' title='bbox 1048 2230 1303 2302; x_wconf 78' lang='grc' dir='ltr'>τοῦνομα.</span> <span class='ocrx_word' id='word_1_179' title='bbox 1366 2229 1475 2285; x_wconf 73' lang='grc' dir='ltr'><strong>Καὶ</strong></span> <span class='ocrx_word' id='word_1_180' title='bbox 1525 2230 1781 2284; x_wconf 81' lang='grc' dir='ltr'>ὐδυσσέα</span> 
     </span>
    </p>
   </div>
   <div class='ocr_carea' id='block_1_25' title="bbox 200 2321 1778 2394">
    <p class='ocr_par' dir='ltr' id='par_1_25' title="bbox 200 2321 1778 2394">
     <span class='ocr_line' id='line_1_25' title="bbox 200 2321 1778 2394; baseline -0.002 -15"><span class='ocrx_word' id='word_1_181' title='bbox 200 2323 330 2379; x_wconf 87' lang='grc' dir='ltr'><strong>τινά</strong></span> <span class='ocrx_word' id='word_1_182' title='bbox 378 2324 531 2394; x_wconf 86' lang='grc' dir='ltr'>φίλον</span> <span class='ocrx_word' id='word_1_183' title='bbox 571 2324 738 2379; x_wconf 76' lang='grc' dir='ltr'>αὐτοῦ</span> <span class='ocrx_word' id='word_1_184' title='bbox 767 2323 1126 2394; x_wconf 76' lang='grc' dir='ltr'>ὀνομάζουσιν</span> <span class='ocrx_word' id='word_1_185' title='bbox 1162 2324 1213 2376; x_wconf 85' lang='grc' dir='ltr'>οἱ</span> <span class='ocrx_word' id='word_1_186' title='bbox 1253 2323 1481 2394; x_wconf 58' lang='grc' dir='ltr'><strong>χρηστοὶ⁸</strong></span> <span class='ocrx_word' id='word_1_187' title='bbox 1514 2321 1778 2393; x_wconf 84' lang='grc' dir='ltr'>βουκόλοι,</span> 
     </span>
    </p>
   </div>
   <div class='ocr_carea' id='block_1_26' title="bbox 201 2408 1782 2490">
    <p class='ocr_par' dir='ltr' id='par_1_26' title="bbox 201 2408 1782 2490">
     <span class='ocr_line' id='line_1_26' title="bbox 201 2408 1782 2490; baseline -0.005 -19"><span class='ocrx_word' id='word_1_188' title='bbox 201 2417 484 2488; x_wconf 79' lang='grc' dir='ltr'>φαλακρὸν</span> <span class='ocrx_word' id='word_1_189' title='bbox 517 2418 616 2489; x_wconf 85' lang='grc' dir='ltr'><strong>μὲν</strong></span> <span class='ocrx_word' id='word_1_190' title='bbox 636 2417 939 2490; x_wconf 81' lang='grc' dir='ltr'>ἄνθρωπον,</span> <span class='ocrx_word' id='word_1_191' title='bbox 960 2416 1096 2471; x_wconf 85' lang='grc' dir='ltr'>ἀλλὰ</span> <span class='ocrx_word' id='word_1_192' title='bbox 1121 2417 1291 2471; x_wconf 81' lang='grc' dir='ltr'>δεινὸν</span> <span class='ocrx_word' id='word_1_193' title='bbox 1320 2408 1577 2487; x_wconf 78' lang='grc' dir='ltr'>ὁμιλῆσαι</span> <span class='ocrx_word' id='word_1_194' title='bbox 1606 2416 1782 2487; x_wconf 65' lang='grc' dir='ltr'>πράγε-</span> 
     </span>
    </p>
   </div>
   <div class='ocr_carea' id='block_1_27' title="bbox 204 2506 1780 2581">
    <p class='ocr_par' dir='ltr' id='par_1_27' title="bbox 204 2506 1780 2581">
     <span class='ocr_line' id='line_1_27' title="bbox 204 2506 1780 2581; baseline -0.001 -20"><span class='ocrx_word' id='word_1_195' title='bbox 204 2520 367 2577; x_wconf 81' lang='grc' dir='ltr'>μασι,</span> <span class='ocrx_word' id='word_1_196' title='bbox 420 2509 512 2562; x_wconf 75' lang='grc' dir='ltr'><strong>καὶ</strong></span> <span class='ocrx_word' id='word_1_197' title='bbox 560 2510 726 2581; x_wconf 83' lang='grc' dir='ltr'>πόρον</span> <span class='ocrx_word' id='word_1_198' title='bbox 766 2511 823 2563; x_wconf 84' lang='grc' dir='ltr'><strong>ὲν</strong></span> <span class='ocrx_word' id='word_1_199' title='bbox 858 2508 1159 2579; x_wconf 82' lang='grc' dir='ltr'>ἀμηχάνοις</span> <span class='ocrx_word' id='word_1_200' title='bbox 1189 2510 1386 2581; x_wconf 77' lang='grc' dir='ltr'>εὕρεῖν.</span> <span class='ocrx_word' id='word_1_201' title='bbox 1441 2506 1655 2579; x_wconf 81' lang='grc' dir='ltr'>Ἀμέλει</span> <span class='ocrx_word' id='word_1_202' title='bbox 1687 2524 1780 2576; x_wconf 85' lang='grc' dir='ltr'>γε-</span> 
     </span>
    </p>
   </div>
   <div class='ocr_carea' id='block_1_28' title="bbox 200 2598 1782 2673">
    <p class='ocr_par' dir='ltr' id='par_1_28' title="bbox 200 2598 1782 2673">
     <span class='ocr_line' id='line_1_28' title="bbox 200 2598 1782 2673; baseline 0 -21"><span class='ocrx_word' id='word_1_203' title='bbox 200 2600 395 2663; x_wconf 84' lang='grc' dir='ltr'>λῶσιν,</span> <span class='ocrx_word' id='word_1_204' title='bbox 431 2601 558 2653; x_wconf 84' lang='grc' dir='ltr'>ὅταν</span> <span class='ocrx_word' id='word_1_205' title='bbox 586 2601 715 2673; x_wconf 76' lang='grc' dir='ltr'>περὶ</span> <span class='ocrx_word' id='word_1_206' title='bbox 735 2599 899 2653; x_wconf 81' lang='grc' dir='ltr'>αὐτοῦ</span> <span class='ocrx_word' id='word_1_207' title='bbox 942 2598 1171 2669; x_wconf 83' lang='grc' dir='ltr'>λέγωσιν</span> <span class='ocrx_word' id='word_1_208' title='bbox 1191 2638 1205 2663; x_wconf 91' lang='grc'><strong>,</strong></span> <span class='ocrx_word' id='word_1_209' title='bbox 1236 2599 1527 2671; x_wconf 79' lang='grc' dir='ltr'>ἡγούμενοι</span> <span class='ocrx_word' id='word_1_210' title='bbox 1553 2598 1782 2671; x_wconf 80' lang='grc' dir='ltr'>πέρυσιν</span> 
     </span>
    </p>
   </div>
   <div class='ocr_carea' id='block_1_29' title="bbox 202 2682 1782 2761">
    <p class='ocr_par' dir='ltr' id='par_1_29' title="bbox 202 2682 1782 2761">
     <span class='ocr_line' id='line_1_29' title="bbox 202 2682 1782 2761; baseline 0 -17"><span class='ocrx_word' id='word_1_211' title='bbox 202 2690 647 2761; x_wconf 75' lang='grc' dir='ltr'>ὲκτετυφλῶσθαι</span> <span class='ocrx_word' id='word_1_212' title='bbox 685 2684 776 2746; x_wconf 77' lang='grc' dir='ltr'>τὸν</span> <span class='ocrx_word' id='word_1_213' title='bbox 806 2682 1084 2746; x_wconf 78' lang='grc' dir='ltr'>Κύκλωπα</span> <span class='ocrx_word' id='word_1_214' title='bbox 1107 2707 1121 2722; x_wconf 92' lang='grc'><strong>·</strong></span> <span class='ocrx_word' id='word_1_215' title='bbox 1176 2690 1271 2745; x_wconf 84' lang='grc' dir='ltr'>καὶ</span> <span class='ocrx_word' id='word_1_216' title='bbox 1311 2690 1385 2756; x_wconf 83' lang='grc' dir='ltr'>ὠς</span> <span class='ocrx_word' id='word_1_217' title='bbox 1434 2684 1644 2744; x_wconf 72' lang='grc' dir='ltr'>εἵλκετο</span> <span class='ocrx_word' id='word_1_218' title='bbox 1685 2690 1782 2761; x_wconf 88' lang='grc' dir='ltr'>μὲν</span> 
     </span>
    </p>
   </div>
   <div class='ocr_carea' id='block_1_30' title="bbox 202 2777 1783 2856">
    <p class='ocr_par' dir='ltr' id='par_1_30' title="bbox 202 2777 1783 2856">
     <span class='ocr_line' id='line_1_30' title="bbox 202 2777 1783 2856; baseline -0.001 -19"><span class='ocrx_word' id='word_1_219' title='bbox 202 2779 316 2837; x_wconf 79' lang='grc' dir='ltr'><strong>ὑπὸ</strong></span> <span class='ocrx_word' id='word_1_220' title='bbox 337 2782 414 2854; x_wconf 82' lang='grc' dir='ltr'>τῷ</span> <span class='ocrx_word' id='word_1_221' title='bbox 442 2782 581 2856; x_wconf 82' lang='grc' dir='ltr'>κριῷ</span> <span class='ocrx_word' id='word_1_222' title='bbox 601 2777 662 2837; x_wconf 80' lang='grc' dir='ltr'>τὺ</span> <span class='ocrx_word' id='word_1_223' title='bbox 687 2783 962 2855; x_wconf 86' lang='grc' dir='ltr'>γερόντιον</span> <span class='ocrx_word' id='word_1_224' title='bbox 988 2802 1001 2815; x_wconf 90' lang='grc'><strong>·</strong></span> <span class='ocrx_word' id='word_1_225' title='bbox 1034 2783 1095 2837; x_wconf 86' lang='grc' dir='ltr'>τὸ</span> <span class='ocrx_word' id='word_1_226' title='bbox 1119 2784 1176 2838; x_wconf 80' lang='grc' dir='ltr'><strong>δὲ</strong></span> <span class='ocrx_word' id='word_1_227' title='bbox 1202 2781 1464 2855; x_wconf 80' lang='grc' dir='ltr'>κάθαρμα</span> <span class='ocrx_word' id='word_1_228' title='bbox 1491 2782 1588 2854; x_wconf 78' lang='grc' dir='ltr'><strong>τὴν</strong></span> <span class='ocrx_word' id='word_1_229' title='bbox 1614 2778 1783 2854; x_wconf 85' lang='grc' dir='ltr'>θύραν</span> 
     </span>
    </p>
   </div>
   <div class='ocr_carea' id='block_1_31' title="bbox 202 2872 1781 2947">
    <p class='ocr_par' dir='ltr' id='par_1_31' title="bbox 202 2872 1781 2947">
     <span class='ocr_line' id='line_1_31' title="bbox 202 2872 1781 2947; baseline 0.001 -20"><span class='ocrx_word' id='word_1_230' title='bbox 202 2875 418 2945; x_wconf 67' lang='grc' dir='ltr'>ἐτήρει,</span> <span class='ocrx_word' id='word_1_231' title='bbox 448 2876 541 2929; x_wconf 78' lang='grc' dir='ltr'><strong>καὶ</strong></span> <span class='ocrx_word' id='word_1_232' title='bbox 569 2876 627 2929; x_wconf 84' lang='grc' dir='ltr'><strong>ού</strong></span> <span class='ocrx_word' id='word_1_233' title='bbox 638 2878 822 2947; x_wconf 88' lang='grc' dir='ltr'>ραγεῖν</span> <span class='ocrx_word' id='word_1_234' title='bbox 842 2874 977 2947; x_wconf 79' lang='grc' dir='ltr'>ᾤετο</span> <span class='ocrx_word' id='word_1_235' title='bbox 1009 2875 1102 2929; x_wconf 82' lang='grc' dir='ltr'><strong>τὸν</strong></span> <span class='ocrx_word' id='word_1_236' title='bbox 1126 2874 1372 2946; x_wconf 80' lang='grc' dir='ltr'>ἡγεμόνα</span> <span class='ocrx_word' id='word_1_237' title='bbox 1394 2872 1494 2946; x_wconf 72' lang='grc' dir='ltr'><strong>τῆς</strong></span> <span class='ocrx_word' id='word_1_238' title='bbox 1527 2874 1781 2945; x_wconf 78' lang='grc' dir='ltr'>ποίμνης,</span> 
     </span>
    </p>
   </div>
   <div class='ocr_carea' id='block_1_32' title="bbox 202 2965 1785 3040">
    <p class='ocr_par' dir='ltr' id='par_1_32' title="bbox 202 2965 1785 3040">
     <span class='ocr_line' id='line_1_32' title="bbox 202 2965 1785 3040; baseline 0.001 -23"><span class='ocrx_word' id='word_1_239' title='bbox 202 2965 310 3017; x_wconf 86' lang='grc' dir='ltr'><strong>ούκ</strong></span> <span class='ocrx_word' id='word_1_240' title='bbox 330 2965 627 3036; x_wconf 82' lang='grc' dir='ltr'>ἀχθόμενον</span> <span class='ocrx_word' id='word_1_241' title='bbox 644 2966 723 3037; x_wconf 82' lang='grc' dir='ltr'>τῷ</span> <span class='ocrx_word' id='word_1_242' title='bbox 750 2967 975 3039; x_wconf 78' lang='grc' dir='ltr'>φορτίῳ,</span> <span class='ocrx_word' id='word_1_243' title='bbox 1001 2969 1068 3040; x_wconf 78' lang='grc' dir='ltr'>τῇ</span> <span class='ocrx_word' id='word_1_244' title='bbox 1093 2966 1153 3021; x_wconf 76' lang='grc' dir='ltr'>δὲ</span> <span class='ocrx_word' id='word_1_245' title='bbox 1178 2967 1341 3022; x_wconf 80' lang='grc' dir='ltr'>αὐτοῦ</span> <span class='ocrx_word' id='word_1_246' title='bbox 1377 2967 1633 3038; x_wconf 75' lang='grc' dir='ltr'>συμφορᾷ</span> <span class='ocrx_word' id='word_1_247' title='bbox 1661 2983 1785 3019; x_wconf 88' lang='grc' dir='ltr'>συν-</span> 
     </span>
    </p>
   </div>
   <div class='ocr_carea' id='block_1_33' title="bbox 205 3055 1784 3129">
    <p class='ocr_par' dir='ltr' id='par_1_33' title="bbox 205 3055 1784 3129">
     <span class='ocr_line' id='line_1_33' title="bbox 205 3055 1784 3129; baseline 0 -19"><span class='ocrx_word' id='word_1_248' title='bbox 205 3056 525 3127; x_wconf 83' lang='grc' dir='ltr'>αχθόμενον.</span> <span class='ocrx_word' id='word_1_249' title='bbox 578 3056 794 3126; x_wconf 77' lang='grc' dir='ltr'>Ἐγένου</span> <span class='ocrx_word' id='word_1_250' title='bbox 826 3057 999 3128; x_wconf 87' lang='grc' dir='ltr'>βραχύ</span> <span class='ocrx_word' id='word_1_251' title='bbox 1032 3057 1196 3112; x_wconf 86' lang='grc' dir='ltr'>τιδιά</span> <span class='ocrx_word' id='word_1_252' title='bbox 1226 3060 1325 3129; x_wconf 84' lang='grc' dir='ltr'>τῆς</span> <span class='ocrx_word' id='word_1_253' title='bbox 1348 3055 1638 3127; x_wconf 70' lang='grc' dir='ltr'>ἐπιστολῆς</span> <span class='ocrx_word' id='word_1_254' title='bbox 1666 3055 1784 3128; x_wconf 87' lang='grc' dir='ltr'>μεθ’</span> 
     </span>
    </p>
   </div>
   <div class='ocr_carea' id='block_1_34' title="bbox 204 3145 1787 3221">
    <p class='ocr_par' dir='ltr' id='par_1_34' title="bbox 204 3145 1787 3221">
     <span class='ocr_line' id='line_1_34' title="bbox 204 3145 1787 3221; baseline 0.001 -21"><span class='ocrx_word' id='word_1_255' title='bbox 204 3145 370 3218; x_wconf 76' lang='grc' dir='ltr'>ἡμῶν</span> <span class='ocrx_word' id='word_1_256' title='bbox 394 3151 460 3218; x_wconf 74' lang='grc' dir='ltr'>τῇ</span> <span class='ocrx_word' id='word_1_257' title='bbox 490 3146 680 3220; x_wconf 82' lang='grc' dir='ltr'>γνώμῃ</span> <span class='ocrx_word' id='word_1_258' title='bbox 708 3164 723 3180; x_wconf 90' lang='grc'><strong>·</strong></span> <span class='ocrx_word' id='word_1_259' title='bbox 768 3149 1019 3204; x_wconf 80' lang='grc' dir='ltr'>τεθέασαι</span> <span class='ocrx_word' id='word_1_260' title='bbox 1044 3149 1137 3203; x_wconf 83' lang='grc' dir='ltr'><strong>τὸν</strong></span> <span class='ocrx_word' id='word_1_261' title='bbox 1174 3149 1341 3221; x_wconf 81' lang='grc' dir='ltr'>ἀγρόν</span> <span class='ocrx_word' id='word_1_262' title='bbox 1360 3166 1374 3181; x_wconf 91' lang='grc'><strong>·</strong></span> <span class='ocrx_word' id='word_1_263' title='bbox 1410 3145 1549 3213; x_wconf 85' lang='grc' dir='ltr'>εἶδες</span> <span class='ocrx_word' id='word_1_264' title='bbox 1580 3149 1787 3221; x_wconf 84' lang='grc' dir='ltr'>ἀπλόην</span> 
     </span>
    </p>
   </div>
   <div class='ocr_carea' id='block_1_35' title="bbox 1883 579 3459 651">
    <p class='ocr_par' dir='ltr' id='par_1_35' title="bbox 1883 579 3459 651">
     <span class='ocr_line' id='line_1_35' title="bbox 1883 579 3459 651; baseline 0.005 -21"><span class='ocrx_word' id='word_1_265' title='bbox 1883 596 2055 649; x_wconf 81' lang='lat' dir='ltr'><strong>genus</strong></span> <span class='ocrx_word' id='word_1_266' title='bbox 2085 588 2170 634; x_wconf 90' lang='lat' dir='ltr'><strong>est</strong></span> <span class='ocrx_word' id='word_1_267' title='bbox 2200 581 2351 635; x_wconf 88' lang='lat' dir='ltr'><strong>vocis</strong></span> <span class='ocrx_word' id='word_1_268' title='bbox 2387 588 2715 651; x_wconf 87' lang='lat' dir='ltr'><strong>temperata.</strong></span> <span class='ocrx_word' id='word_1_269' title='bbox 2743 579 2841 636; x_wconf 97' lang='lat' dir='ltr'><strong>Cui</strong></span> <span class='ocrx_word' id='word_1_270' title='bbox 2868 579 3088 647; x_wconf 85' lang='lat' dir='ltr'><strong>quidem</strong></span> <span class='ocrx_word' id='word_1_271' title='bbox 3118 580 3304 636; x_wconf 84' lang='lat' dir='ltr'><strong>fidium</strong></span> <span class='ocrx_word' id='word_1_272' title='bbox 3327 583 3459 638; x_wconf 84' lang='lat' dir='ltr'><strong>sim-</strong></span> 
     </span>
    </p>
   </div>
   <div class='ocr_carea' id='block_1_36' title="bbox 1883 670 3459 741">
    <p class='ocr_par' dir='ltr' id='par_1_36' title="bbox 1883 670 3459 741">
     <span class='ocr_line' id='line_1_36' title="bbox 1883 670 3459 741; baseline 0.006 -19"><span class='ocrx_word' id='word_1_273' title='bbox 1883 670 2112 741; x_wconf 86' lang='lat' dir='ltr'><strong>plicitati</strong></span> <span class='ocrx_word' id='word_1_274' title='bbox 2151 671 2188 725; x_wconf 88' lang='lat' dir='ltr'><strong>ii</strong></span> <span class='ocrx_word' id='word_1_275' title='bbox 2219 670 2311 741; x_wconf 89' lang='lat' dir='ltr'><strong>qui</strong></span> <span class='ocrx_word' id='word_1_276' title='bbox 2373 672 2629 728; x_wconf 87' lang='lat' dir='ltr'><strong>accinunt</strong></span> <span class='ocrx_word' id='word_1_277' title='bbox 2686 673 3106 728; x_wconf 90' lang='lat' dir='ltr'><strong>accommodant</strong></span> <span class='ocrx_word' id='word_1_278' title='bbox 3144 683 3297 730; x_wconf 71' lang='lat' dir='ltr'><strong>“sese.</strong></span> <span class='ocrx_word' id='word_1_279' title='bbox 3336 673 3459 731; x_wconf 87' lang='lat' dir='ltr'><strong>Non</strong></span> 
     </span>
    </p>
   </div>
   <div class='ocr_carea' id='block_1_37' title="bbox 1882 762 3459 836">
    <p class='ocr_par' dir='ltr' id='par_1_37' title="bbox 1882 762 3459 836">
     <span class='ocr_line' id='line_1_37' title="bbox 1882 762 3459 836; baseline 0.004 -19"><span class='ocrx_word' id='word_1_280' title='bbox 1882 765 2026 817; x_wconf 83' lang='lat' dir='ltr'><strong>enim</strong></span> <span class='ocrx_word' id='word_1_281' title='bbox 2080 762 2248 818; x_wconf 85' lang='lat' dir='ltr'><strong>fracta</strong></span> <span class='ocrx_word' id='word_1_282' title='bbox 2308 777 2370 819; x_wconf 89' lang='lat' dir='ltr'><strong>ac</strong></span> <span class='ocrx_word' id='word_1_283' title='bbox 2426 765 2611 819; x_wconf 82' lang='lat' dir='ltr'><strong>mollia</strong></span> <span class='ocrx_word' id='word_1_284' title='bbox 2660 773 2986 836; x_wconf 88' lang='lat' dir='ltr'><strong>argumenta</strong></span> <span class='ocrx_word' id='word_1_285' title='bbox 3040 776 3313 835; x_wconf 88' lang='lat' dir='ltr'><strong>tractant;</strong></span> <span class='ocrx_word' id='word_1_286' title='bbox 3361 767 3459 824; x_wconf 90' lang='lat' dir='ltr'><strong>sed</strong></span> 
     </span>
    </p>
   </div>
   <div class='ocr_carea' id='block_1_38' title="bbox 1886 851 3461 927">
    <p class='ocr_par' dir='ltr' id='par_1_38' title="bbox 1886 851 3461 927">
     <span class='ocr_line' id='line_1_38' title="bbox 1886 851 3461 927; baseline 0.005 -20"><span class='ocrx_word' id='word_1_287' title='bbox 1886 855 2144 923; x_wconf 73' lang='lat' dir='ltr'><strong>prteclara</strong></span> <span class='ocrx_word' id='word_1_288' title='bbox 2176 851 2337 911; x_wconf 88' lang='lat' dir='ltr'><strong>nobis</strong></span> <span class='ocrx_word' id='word_1_289' title='bbox 2367 856 2640 911; x_wconf 91' lang='lat' dir='ltr'><strong>cantionis</strong></span> <span class='ocrx_word' id='word_1_290' title='bbox 2671 855 2882 927; x_wconf 86' lang='lat' dir='ltr'><strong>species</strong></span> <span class='ocrx_word' id='word_1_291' title='bbox 2900 866 2985 914; x_wconf 91' lang='lat' dir='ltr'><strong>est</strong></span> <span class='ocrx_word' id='word_1_292' title='bbox 3014 855 3244 913; x_wconf 86' lang='lat' dir='ltr'><strong>masculi</strong></span> <span class='ocrx_word' id='word_1_293' title='bbox 3271 860 3461 916; x_wconf 88' lang='lat' dir='ltr'><strong>arietis</strong></span> 
     </span>
    </p>
   </div>
   <div class='ocr_carea' id='block_1_39' title="bbox 1889 947 3462 1014">
    <p class='ocr_par' dir='ltr' id='par_1_39' title="bbox 1889 947 3462 1014">
     <span class='ocr_line' id='line_1_39' title="bbox 1889 947 3462 1014; baseline 0.006 -16"><span class='ocrx_word' id='word_1_294' title='bbox 1889 947 2249 1014; x_wconf 64' lang='lat' dir='ltr'><strong>praeconium,</strong></span> <span class='ocrx_word' id='word_1_295' title='bbox 2282 955 2375 1000; x_wconf 91' lang='lat' dir='ltr'><strong>aut</strong></span> <span class='ocrx_word' id='word_1_296' title='bbox 2418 948 2591 1003; x_wconf 89' lang='lat' dir='ltr'><strong>cauda</strong></span> <span class='ocrx_word' id='word_1_297' title='bbox 2644 948 2930 1005; x_wconf 88' lang='lat' dir='ltr'><strong>mutilatus</strong></span> <span class='ocrx_word' id='word_1_298' title='bbox 2971 950 3127 1004; x_wconf 89' lang='lat' dir='ltr'><strong>canis</strong></span> <span class='ocrx_word' id='word_1_299' title='bbox 3170 951 3329 1006; x_wconf 86' lang='lat' dir='ltr'><strong>laude</strong></span> <span class='ocrx_word' id='word_1_300' title='bbox 3362 968 3462 1007; x_wconf 86' lang='lat' dir='ltr'><strong>sua</strong></span> 
     </span>
    </p>
   </div>
   <div class='ocr_carea' id='block_1_40' title="bbox 1886 1032 3458 1114">
    <p class='ocr_par' dir='ltr' id='par_1_40' title="bbox 1886 1032 3458 1114">
     <span class='ocr_line' id='line_1_40' title="bbox 1886 1032 3458 1114; baseline 0.006 -26"><span class='ocrx_word' id='word_1_301' title='bbox 1886 1035 2142 1103; x_wconf 75' lang='lat' dir='ltr'><strong>afficitur,</strong></span> <span class='ocrx_word' id='word_1_302' title='bbox 2174 1032 2323 1107; x_wconf 90' lang='lat' dir='ltr'><strong>quod</strong></span> <span class='ocrx_word' id='word_1_303' title='bbox 2356 1039 2574 1110; x_wconf 85' lang='lat' dir='ltr'><strong>opinor,</strong></span> <span class='ocrx_word' id='word_1_304' title='bbox 2604 1038 2804 1096; x_wconf 90' lang='lat' dir='ltr'><strong>merito</strong></span> <span class='ocrx_word' id='word_1_305' title='bbox 2832 1040 2888 1094; x_wconf 89' lang='lat' dir='ltr'><strong>id</strong></span> <span class='ocrx_word' id='word_1_306' title='bbox 2925 1040 2977 1095; x_wconf 90' lang='lat' dir='ltr'><strong>ei</strong></span> <span class='ocrx_word' id='word_1_307' title='bbox 3032 1038 3333 1107; x_wconf 83' lang='lat' dir='ltr'><strong>tribuatur,</strong></span> <span class='ocrx_word' id='word_1_308' title='bbox 3367 1045 3458 1114; x_wconf 90' lang='lat' dir='ltr'><strong>qui</strong></span> 
     </span>
    </p>
   </div>
   <div class='ocr_carea' id='block_1_41' title="bbox 1887 1128 3462 1205">
    <p class='ocr_par' dir='ltr' id='par_1_41' title="bbox 1887 1128 3462 1205">
     <span class='ocr_line' id='line_1_41' title="bbox 1887 1128 3462 1205; baseline 0.004 -23"><span class='ocrx_word' id='word_1_309' title='bbox 1887 1143 1987 1183; x_wconf 89' lang='lat' dir='ltr'><strong>nec</strong></span> <span class='ocrx_word' id='word_1_310' title='bbox 2026 1130 2244 1199; x_wconf 66' lang='lat' dir='ltr'><strong>hyaenas</strong></span> <span class='ocrx_word' id='word_1_311' title='bbox 2274 1128 2548 1196; x_wconf 85' lang='lat' dir='ltr'><strong>formidet,</strong></span> <span class='ocrx_word' id='word_1_312' title='bbox 2576 1142 2629 1186; x_wconf 89' lang='lat' dir='ltr'><strong>et</strong></span> <span class='ocrx_word' id='word_1_313' title='bbox 2658 1131 2815 1202; x_wconf 92' lang='lat' dir='ltr'><strong>lupos</strong></span> <span class='ocrx_word' id='word_1_314' title='bbox 2850 1129 3200 1204; x_wconf 80' lang='lat' dir='ltr'><strong>strangulet:</strong></span> <span class='ocrx_word' id='word_1_315' title='bbox 3229 1148 3295 1188; x_wconf 91' lang='lat' dir='ltr'><strong>ac</strong></span> <span class='ocrx_word' id='word_1_316' title='bbox 3321 1149 3462 1205; x_wconf 69' lang='lat' dir='ltr'><strong>prae-</strong></span> 
     </span>
    </p>
   </div>
   <div class='ocr_carea' id='block_1_42' title="bbox 1887 1220 3463 1294">
    <p class='ocr_par' dir='ltr' id='par_1_42' title="bbox 1887 1220 3463 1294">
     <span class='ocr_line' id='line_1_42' title="bbox 1887 1220 3463 1294; baseline 0.003 -18"><span class='ocrx_word' id='word_1_317' title='bbox 1887 1220 2076 1276; x_wconf 87' lang='lat' dir='ltr'><strong>sertim</strong></span> <span class='ocrx_word' id='word_1_318' title='bbox 2107 1232 2335 1277; x_wconf 84' lang='lat' dir='ltr'><strong>venator</strong></span> <span class='ocrx_word' id='word_1_319' title='bbox 2367 1237 2432 1277; x_wconf 89' lang='lat' dir='ltr'><strong>eo</strong></span> <span class='ocrx_word' id='word_1_320' title='bbox 2467 1223 2712 1279; x_wconf 84' lang='lat' dir='ltr'><strong>carmine</strong></span> <span class='ocrx_word' id='word_1_321' title='bbox 2737 1224 3066 1291; x_wconf 83' lang='lat' dir='ltr'><strong>celebratur,</strong></span> <span class='ocrx_word' id='word_1_322' title='bbox 3116 1224 3342 1294; x_wconf 85' lang='lat' dir='ltr'><strong>pascuis</strong></span> <span class='ocrx_word' id='word_1_323' title='bbox 3376 1240 3463 1281; x_wconf 86' lang='lat' dir='ltr'><strong>se-</strong></span> 
     </span>
    </p>
   </div>
   <div class='ocr_carea' id='block_1_43' title="bbox 1886 1311 3462 1386">
    <p class='ocr_par' dir='ltr' id='par_1_43' title="bbox 1886 1311 3462 1386">
     <span class='ocr_line' id='line_1_43' title="bbox 1886 1311 3462 1386; baseline 0.003 -20"><span class='ocrx_word' id='word_1_324' title='bbox 1886 1312 2175 1367; x_wconf 88' lang='lat' dir='ltr'><strong>curitatem</strong></span> <span class='ocrx_word' id='word_1_325' title='bbox 2211 1328 2508 1385; x_wconf 87' lang='lat' dir='ltr'><strong>pacemque</strong></span> <span class='ocrx_word' id='word_1_326' title='bbox 2543 1312 2883 1383; x_wconf 86' lang='lat' dir='ltr'><strong>concilians;</strong></span> <span class='ocrx_word' id='word_1_327' title='bbox 2914 1316 3185 1386; x_wconf 89' lang='lat' dir='ltr'><strong>uobisque</strong></span> <span class='ocrx_word' id='word_1_328' title='bbox 3212 1311 3462 1371; x_wconf 89' lang='lat' dir='ltr'><strong>carnium</strong></span> 
     </span>
    </p>
   </div>
   <div class='ocr_carea' id='block_1_44' title="bbox 1889 1406 3467 1478">
    <p class='ocr_par' dir='ltr' id='par_1_44' title="bbox 1889 1406 3467 1478">
     <span class='ocr_line' id='line_1_44' title="bbox 1889 1406 3467 1478; baseline 0.001 -17"><span class='ocrx_word' id='word_1_329' title='bbox 1889 1406 2111 1477; x_wconf 82' lang='lat' dir='ltr'><strong>generis</strong></span> <span class='ocrx_word' id='word_1_330' title='bbox 2150 1407 2332 1461; x_wconf 89' lang='lat' dir='ltr'><strong>omnis</strong></span> <span class='ocrx_word' id='word_1_331' title='bbox 2360 1407 2653 1476; x_wconf 90' lang='lat' dir='ltr'><strong>opiparum</strong></span> <span class='ocrx_word' id='word_1_332' title='bbox 2695 1407 3009 1461; x_wconf 79' lang='lat' dir='ltr'><strong>convivium</strong></span> <span class='ocrx_word' id='word_1_333' title='bbox 3046 1409 3317 1478; x_wconf 60' lang='lat' dir='ltr'><strong>prmbens.</strong></span> <span class='ocrx_word' id='word_1_334' title='bbox 3356 1407 3467 1463; x_wconf 85' lang='lat' dir='ltr'><strong>Nec</strong></span> 
     </span>
    </p>
   </div>
   <div class='ocr_carea' id='block_1_45' title="bbox 1887 1496 3468 1568">
    <p class='ocr_par' dir='ltr' id='par_1_45' title="bbox 1887 1496 3468 1568">
     <span class='ocr_line' id='line_1_45' title="bbox 1887 1496 3468 1568; baseline 0.003 -20"><span class='ocrx_word' id='word_1_335' title='bbox 1887 1496 2239 1566; x_wconf 85' lang='lat' dir='ltr'><strong>gemellipara</strong></span> <span class='ocrx_word' id='word_1_336' title='bbox 2269 1497 2387 1551; x_wconf 89' lang='lat' dir='ltr'><strong>ovis</strong></span> <span class='ocrx_word' id='word_1_337' title='bbox 2418 1511 2448 1550; x_wconf 90' lang='lat' dir='ltr'><strong>a</strong></span> <span class='ocrx_word' id='word_1_338' title='bbox 2481 1496 2596 1567; x_wconf 85' lang='lat' dir='ltr'><strong>lyra</strong></span> <span class='ocrx_word' id='word_1_339' title='bbox 2622 1497 2894 1565; x_wconf 87' lang='lat' dir='ltr'><strong>rcjicitur,</strong></span> <span class='ocrx_word' id='word_1_340' title='bbox 2926 1498 3074 1568; x_wconf 88' lang='lat' dir='ltr'><strong>quod</strong></span> <span class='ocrx_word' id='word_1_341' title='bbox 3119 1498 3468 1553; x_wconf 78' lang='lat' dir='ltr'><strong>numerosio-</strong></span> 
     </span>
    </p>
   </div>
   <div class='ocr_carea' id='block_1_46' title="bbox 1888 1584 3468 1657">
    <p class='ocr_par' dir='ltr' id='par_1_46' title="bbox 1888 1584 3468 1657">
     <span class='ocr_line' id='line_1_46' title="bbox 1888 1584 3468 1657; baseline 0.003 -20"><span class='ocrx_word' id='word_1_342' title='bbox 1888 1600 2003 1639; x_wconf 88' lang='lat' dir='ltr'><strong>rem</strong></span> <span class='ocrx_word' id='word_1_343' title='bbox 2057 1585 2217 1640; x_wconf 89' lang='lat' dir='ltr'><strong>annis</strong></span> <span class='ocrx_word' id='word_1_344' title='bbox 2253 1584 2423 1640; x_wconf 84' lang='lat' dir='ltr'><strong>fetum</strong></span> <span class='ocrx_word' id='word_1_345' title='bbox 2472 1587 2733 1640; x_wconf 88' lang='lat' dir='ltr'><strong>enutriat.</strong></span> <span class='ocrx_word' id='word_1_346' title='bbox 2769 1586 2924 1657; x_wconf 62' lang='lat' dir='ltr'><strong>Saepe</strong></span> <span class='ocrx_word' id='word_1_347' title='bbox 2963 1588 3129 1642; x_wconf 78' lang='lat' dir='ltr'><strong>etiam</strong></span> <span class='ocrx_word' id='word_1_348' title='bbox 3177 1588 3339 1642; x_wconf 85' lang='lat' dir='ltr'><strong>ficum</strong></span> <span class='ocrx_word' id='word_1_349' title='bbox 3370 1596 3468 1643; x_wconf 83' lang='lat' dir='ltr'><strong>aut</strong></span> 
     </span>
    </p>
   </div>
   <div class='ocr_carea' id='block_1_47' title="bbox 1889 1674 3468 1747">
    <p class='ocr_par' dir='ltr' id='par_1_47' title="bbox 1889 1674 3468 1747">
     <span class='ocr_line' id='line_1_47' title="bbox 1889 1674 3468 1747; baseline 0.004 -18"><span class='ocrx_word' id='word_1_350' title='bbox 1889 1675 2054 1730; x_wconf 87' lang='lat' dir='ltr'><strong>vitem</strong></span> <span class='ocrx_word' id='word_1_351' title='bbox 2084 1674 2139 1729; x_wconf 89' lang='lat' dir='ltr'><strong>in</strong></span> <span class='ocrx_word' id='word_1_352' title='bbox 2170 1688 2432 1731; x_wconf 85' lang='lat' dir='ltr'><strong>numeros</strong></span> <span class='ocrx_word' id='word_1_353' title='bbox 2478 1692 2783 1747; x_wconf 86' lang='lat' dir='ltr'><strong>versusque</strong></span> <span class='ocrx_word' id='word_1_354' title='bbox 2823 1678 3127 1746; x_wconf 88' lang='lat' dir='ltr'><strong>conjectam</strong></span> <span class='ocrx_word' id='word_1_355' title='bbox 3175 1680 3468 1745; x_wconf 87' lang='lat' dir='ltr'><strong>canimus;</strong></span> 
     </span>
    </p>
   </div>
   <div class='ocr_carea' id='block_1_48' title="bbox 1891 1766 3471 1840">
    <p class='ocr_par' dir='ltr' id='par_1_48' title="bbox 1891 1766 3471 1840">
     <span class='ocr_line' id='line_1_48' title="bbox 1891 1766 3471 1840; baseline 0.003 -17"><span class='ocrx_word' id='word_1_356' title='bbox 1891 1766 1985 1823; x_wconf 91' lang='lat' dir='ltr'><strong>sed</strong></span> <span class='ocrx_word' id='word_1_357' title='bbox 2018 1766 2158 1822; x_wconf 91' lang='lat' dir='ltr'><strong>nihil</strong></span> <span class='ocrx_word' id='word_1_358' title='bbox 2182 1778 2289 1823; x_wconf 91' lang='lat' dir='ltr'><strong>tam</strong></span> <span class='ocrx_word' id='word_1_359' title='bbox 2321 1768 2582 1838; x_wconf 82' lang='lat' dir='ltr'><strong>frequens</strong></span> <span class='ocrx_word' id='word_1_360' title='bbox 2626 1783 2789 1839; x_wconf 92' lang='lat' dir='ltr'><strong>quam</strong></span> <span class='ocrx_word' id='word_1_361' title='bbox 2833 1778 2957 1823; x_wconf 91' lang='lat' dir='ltr'><strong>vota</strong></span> <span class='ocrx_word' id='word_1_362' title='bbox 3003 1769 3294 1840; x_wconf 66' lang='lat' dir='ltr'><strong>quaedam,</strong></span> <span class='ocrx_word' id='word_1_363' title='bbox 3346 1786 3471 1827; x_wconf 89' lang='lat' dir='ltr'><strong>nec-</strong></span> 
     </span>
    </p>
   </div>
   <div class='ocr_carea' id='block_1_49' title="bbox 1825 1860 3467 1933">
    <p class='ocr_par' dir='ltr' id='par_1_49' title="bbox 1825 1860 3467 1933">
     <span class='ocr_line' id='line_1_49' title="bbox 1825 1860 3467 1933; baseline 0.002 -19"><span class='ocrx_word' id='word_1_364' title='bbox 1825 1876 1865 1932; x_wconf 75' lang='lat' dir='ltr'><strong>B</strong></span> <span class='ocrx_word' id='word_1_365' title='bbox 1896 1874 2003 1914; x_wconf 91' lang='lat' dir='ltr'><strong>non</strong></span> <span class='ocrx_word' id='word_1_366' title='bbox 2021 1870 2074 1916; x_wconf 83' lang='lat' dir='ltr'><strong>et</strong></span> <span class='ocrx_word' id='word_1_367' title='bbox 2090 1860 2387 1927; x_wconf 88' lang='lat' dir='ltr'><strong>canticum,</strong></span> <span class='ocrx_word' id='word_1_368' title='bbox 2408 1868 2462 1916; x_wconf 91' lang='lat' dir='ltr'><strong>et</strong></span> <span class='ocrx_word' id='word_1_369' title='bbox 2478 1860 2747 1915; x_wconf 81' lang='lat' dir='ltr'><strong>honorum</strong></span> <span class='ocrx_word' id='word_1_370' title='bbox 2771 1861 3189 1929; x_wconf 85' lang='lat' dir='ltr'><strong>postulationes,</strong></span> <span class='ocrx_word' id='word_1_371' title='bbox 3205 1878 3327 1933; x_wconf 69' lang='lat' dir='ltr'><strong>quae</strong></span> <span class='ocrx_word' id='word_1_372' title='bbox 3342 1879 3467 1919; x_wconf 91' lang='lat' dir='ltr'><strong>cum</strong></span> 
     </span>
    </p>
   </div>
   <div class='ocr_carea' id='block_1_50' title="bbox 1886 1951 3467 2025">
    <p class='ocr_par' dir='ltr' id='par_1_50' title="bbox 1886 1951 3467 2025">
     <span class='ocr_line' id='line_1_50' title="bbox 1886 1951 3467 2025; baseline 0.004 -20"><span class='ocrx_word' id='word_1_373' title='bbox 1886 1951 2169 2006; x_wconf 78' lang='lat' dir='ltr'><strong>hominum</strong></span> <span class='ocrx_word' id='word_1_374' title='bbox 2208 1951 2341 2016; x_wconf 90' lang='lat' dir='ltr'><strong>sint,</strong></span> <span class='ocrx_word' id='word_1_375' title='bbox 2383 1961 2497 2006; x_wconf 89' lang='lat' dir='ltr'><strong>tum</strong></span> <span class='ocrx_word' id='word_1_376' title='bbox 2522 1952 2776 2022; x_wconf 88' lang='lat' dir='ltr'><strong>stirpium</strong></span> <span class='ocrx_word' id='word_1_377' title='bbox 2810 1953 3193 2025; x_wconf 89' lang='lat' dir='ltr'><strong>pecudumque</strong></span> <span class='ocrx_word' id='word_1_378' title='bbox 3219 1956 3467 2025; x_wconf 90' lang='lat' dir='ltr'><strong>propria.</strong></span> 
     </span>
    </p>
   </div>
   <div class='ocr_carea' id='block_1_51' title="bbox 1895 2039 3468 2115">
    <p class='ocr_par' dir='ltr' id='par_1_51' title="bbox 1895 2039 3468 2115">
     <span class='ocr_line' id='line_1_51' title="bbox 1895 2039 3468 2115; baseline 0.004 -21"><span class='ocrx_word' id='word_1_379' title='bbox 1895 2039 2021 2097; x_wconf 59' lang='lat' dir='ltr'><strong>Haec</strong></span> <span class='ocrx_word' id='word_1_380' title='bbox 2042 2051 2098 2098; x_wconf 87' lang='lat' dir='ltr'><strong>et</strong></span> <span class='ocrx_word' id='word_1_381' title='bbox 2118 2042 2247 2097; x_wconf 89' lang='lat' dir='ltr'><strong>talia</strong></span> <span class='ocrx_word' id='word_1_382' title='bbox 2271 2050 2402 2098; x_wconf 90' lang='lat' dir='ltr'><strong>sunt</strong></span> <span class='ocrx_word' id='word_1_383' title='bbox 2421 2045 2565 2113; x_wconf 89' lang='lat' dir='ltr'><strong>apud</strong></span> <span class='ocrx_word' id='word_1_384' title='bbox 2586 2058 2691 2099; x_wconf 90' lang='lat' dir='ltr'><strong>nos</strong></span> <span class='ocrx_word' id='word_1_385' title='bbox 2715 2045 3034 2115; x_wconf 88' lang='lat' dir='ltr'><strong>tempestiva</strong></span> <span class='ocrx_word' id='word_1_386' title='bbox 3055 2044 3294 2101; x_wconf 90' lang='lat' dir='ltr'><strong>simulet</strong></span> <span class='ocrx_word' id='word_1_387' title='bbox 3320 2048 3468 2102; x_wconf 90' lang='lat' dir='ltr'><strong>anti-</strong></span> 
     </span>
    </p>
   </div>
   <div class='ocr_carea' id='block_1_52' title="bbox 1881 2135 3472 2209">
    <p class='ocr_par' dir='ltr' id='par_1_52' title="bbox 1881 2135 3472 2209">
     <span class='ocr_line' id='line_1_52' title="bbox 1881 2135 3472 2209; baseline 0.006 -23"><span class='ocrx_word' id='word_1_388' title='bbox 1881 2149 2014 2205; x_wconf 90' lang='lat' dir='ltr'><strong>qua,</strong></span> <span class='ocrx_word' id='word_1_389' title='bbox 2042 2142 2095 2190; x_wconf 93' lang='lat' dir='ltr'><strong>et</strong></span> <span class='ocrx_word' id='word_1_390' title='bbox 2110 2148 2410 2206; x_wconf 85' lang='lat' dir='ltr'><strong>pauperum</strong></span> <span class='ocrx_word' id='word_1_391' title='bbox 2434 2135 2603 2190; x_wconf 90' lang='lat' dir='ltr'><strong>bona.</strong></span> <span class='ocrx_word' id='word_1_392' title='bbox 2624 2136 2894 2192; x_wconf 64' lang='lat' dir='ltr'><strong>Caeterum</strong></span> <span class='ocrx_word' id='word_1_393' title='bbox 2913 2137 3472 2209; x_wconf 84' lang='lat' dir='ltr'><strong>imperator,etimpe-</strong></span> 
     </span>
    </p>
   </div>
   <div class='ocr_carea' id='block_1_53' title="bbox 1882 2226 3468 2302">
    <p class='ocr_par' dir='ltr' id='par_1_53' title="bbox 1882 2226 3468 2302">
     <span class='ocr_line' id='line_1_53' title="bbox 1882 2226 3468 2302; baseline 0.004 -22"><span class='ocrx_word' id='word_1_394' title='bbox 1882 2226 2082 2282; x_wconf 92' lang='lat' dir='ltr'><strong>ratoris</strong></span> <span class='ocrx_word' id='word_1_395' title='bbox 2098 2226 2283 2295; x_wconf 85' lang='lat' dir='ltr'><strong>amici,</strong></span> <span class='ocrx_word' id='word_1_396' title='bbox 2302 2235 2468 2298; x_wconf 90' lang='lat' dir='ltr'><strong>atque</strong></span> <span class='ocrx_word' id='word_1_397' title='bbox 2489 2228 2669 2284; x_wconf 88' lang='lat' dir='ltr'><strong>omnis</strong></span> <span class='ocrx_word' id='word_1_398' title='bbox 2700 2230 2794 2284; x_wconf 90' lang='lat' dir='ltr'><strong>illa</strong></span> <span class='ocrx_word' id='word_1_399' title='bbox 2822 2229 2989 2286; x_wconf 86' lang='lat' dir='ltr'><strong>sortis</strong></span> <span class='ocrx_word' id='word_1_400' title='bbox 3008 2242 3281 2302; x_wconf 88' lang='lat' dir='ltr'><strong>casusque</strong></span> <span class='ocrx_word' id='word_1_401' title='bbox 3297 2232 3468 2288; x_wconf 90' lang='lat' dir='ltr'><strong>veluti</strong></span> 
     </span>
    </p>
   </div>
   <div class='ocr_carea' id='block_1_54' title="bbox 1883 2318 3470 2392">
    <p class='ocr_par' dir='ltr' id='par_1_54' title="bbox 1883 2318 3470 2392">
     <span class='ocr_line' id='line_1_54' title="bbox 1883 2318 3470 2392; baseline 0.004 -19"><span class='ocrx_word' id='word_1_402' title='bbox 1883 2319 2100 2374; x_wconf 84' lang='lat' dir='ltr'><strong>saltatio</strong></span> <span class='ocrx_word' id='word_1_403' title='bbox 2113 2318 2448 2390; x_wconf 90' lang='lat' dir='ltr'><strong>(cujusmodi</strong></span> <span class='ocrx_word' id='word_1_404' title='bbox 2471 2320 2525 2375; x_wconf 91' lang='lat' dir='ltr'><strong>in</strong></span> <span class='ocrx_word' id='word_1_405' title='bbox 2543 2321 2863 2392; x_wconf 88' lang='lat' dir='ltr'><strong>quotidiana</strong></span> <span class='ocrx_word' id='word_1_406' title='bbox 2883 2323 3281 2378; x_wconf 83' lang='lat' dir='ltr'><strong>consuetudine</strong></span> <span class='ocrx_word' id='word_1_407' title='bbox 3299 2326 3470 2379; x_wconf 85' lang='lat' dir='ltr'><strong>nomi-</strong></span> 
     </span>
    </p>
   </div>
   <div class='ocr_carea' id='block_1_55' title="bbox 1882 2411 3469 2482">
    <p class='ocr_par' dir='ltr' id='par_1_55' title="bbox 1882 2411 3469 2482">
     <span class='ocr_line' id='line_1_55' title="bbox 1882 2411 3469 2482; baseline 0.004 -16"><span class='ocrx_word' id='word_1_408' title='bbox 1882 2426 1952 2466; x_wconf 89' lang='lat' dir='ltr'><strong>na</strong></span> <span class='ocrx_word' id='word_1_409' title='bbox 1977 2411 2226 2482; x_wconf 68' lang='lat' dir='ltr'><strong>quaedam</strong></span> <span class='ocrx_word' id='word_1_410' title='bbox 2254 2412 2531 2479; x_wconf 87' lang='lat' dir='ltr'><strong>audimus,</strong></span> <span class='ocrx_word' id='word_1_411' title='bbox 2549 2412 2891 2469; x_wconf 83' lang='lat' dir='ltr'><strong>flammarum</strong></span> <span class='ocrx_word' id='word_1_412' title='bbox 2914 2414 3090 2471; x_wconf 89' lang='lat' dir='ltr'><strong>instar</strong></span> <span class='ocrx_word' id='word_1_413' title='bbox 3108 2416 3175 2470; x_wconf 90' lang='lat' dir='ltr'><strong>ad</strong></span> <span class='ocrx_word' id='word_1_414' title='bbox 3194 2430 3469 2472; x_wconf 79' lang='lat' dir='ltr'><strong>summum</strong></span> 
     </span>
    </p>
   </div>
   <div class='ocr_carea' id='block_1_56' title="bbox 1883 2503 3470 2580">
    <p class='ocr_par' dir='ltr' id='par_1_56' title="bbox 1883 2503 3470 2580">
     <span class='ocr_line' id='line_1_56' title="bbox 1883 2503 3470 2580; baseline 0.003 -23"><span class='ocrx_word' id='word_1_415' title='bbox 1883 2504 2071 2574; x_wconf 71' lang='lat' dir='ltr'><strong>gloriae</strong></span> <span class='ocrx_word' id='word_1_416' title='bbox 2107 2504 2344 2561; x_wconf 82' lang='lat' dir='ltr'><strong>excitata</strong></span> <span class='ocrx_word' id='word_1_417' title='bbox 2390 2504 2696 2577; x_wconf 79' lang='lat' dir='ltr'><strong>fastigium,</strong></span> <span class='ocrx_word' id='word_1_418' title='bbox 2725 2503 3084 2577; x_wconf 87' lang='lat' dir='ltr'><strong>vicissimque</strong></span> <span class='ocrx_word' id='word_1_419' title='bbox 3136 2508 3470 2580; x_wconf 88' lang='lat' dir='ltr'><strong>restincta),</strong></span> 
     </span>
    </p>
   </div>
   <div class='ocr_carea' id='block_1_57' title="bbox 1883 2590 3470 2670">
    <p class='ocr_par' dir='ltr' id='par_1_57' title="bbox 1883 2590 3470 2670">
     <span class='ocr_line' id='line_1_57' title="bbox 1883 2590 3470 2670; baseline 0.004 -21"><span class='ocrx_word' id='word_1_420' title='bbox 1883 2590 1951 2652; x_wconf 91' lang='lat' dir='ltr'><strong>de</strong></span> <span class='ocrx_word' id='word_1_421' title='bbox 1966 2595 2333 2668; x_wconf 89' lang='lat' dir='ltr'><strong>bis,inquam,</strong></span> <span class='ocrx_word' id='word_1_422' title='bbox 2361 2598 2619 2654; x_wconf 87' lang='lat' dir='ltr'><strong>omnibus</strong></span> <span class='ocrx_word' id='word_1_423' title='bbox 2651 2598 2823 2654; x_wconf 89' lang='lat' dir='ltr'><strong>altum</strong></span> <span class='ocrx_word' id='word_1_424' title='bbox 2849 2596 2993 2668; x_wconf 90' lang='lat' dir='ltr'><strong>apud</strong></span> <span class='ocrx_word' id='word_1_425' title='bbox 3032 2615 3134 2656; x_wconf 90' lang='lat' dir='ltr'><strong>nos</strong></span> <span class='ocrx_word' id='word_1_426' title='bbox 3166 2601 3470 2670; x_wconf 89' lang='lat' dir='ltr'><strong>silentium,</strong></span> 
     </span>
    </p>
   </div>
   <div class='ocr_carea' id='block_1_58' title="bbox 1883 2689 3469 2761">
    <p class='ocr_par' dir='ltr' id='par_1_58' title="bbox 1883 2689 3469 2761">
     <span class='ocr_line' id='line_1_58' title="bbox 1883 2689 3469 2761; baseline 0.004 -18"><span class='ocrx_word' id='word_1_427' title='bbox 1883 2698 1937 2744; x_wconf 90' lang='lat' dir='ltr'><strong>et</strong></span> <span class='ocrx_word' id='word_1_428' title='bbox 1954 2689 2024 2745; x_wconf 90' lang='lat' dir='ltr'><strong>ab</strong></span> <span class='ocrx_word' id='word_1_429' title='bbox 2043 2701 2109 2745; x_wconf 88' lang='lat' dir='ltr'><strong>eo</strong></span> <span class='ocrx_word' id='word_1_430' title='bbox 2134 2705 2333 2761; x_wconf 78' lang='lat' dir='ltr'><strong>genere</strong></span> <span class='ocrx_word' id='word_1_431' title='bbox 2362 2698 2736 2745; x_wconf 89' lang='lat' dir='ltr'><strong>acroamatum</strong></span> <span class='ocrx_word' id='word_1_432' title='bbox 2762 2706 2923 2747; x_wconf 88' lang='lat' dir='ltr'><strong>aures</strong></span> <span class='ocrx_word' id='word_1_433' title='bbox 2950 2700 3152 2748; x_wconf 75' lang='lat' dir='ltr'><strong>nostra:</strong></span> <span class='ocrx_word' id='word_1_434' title='bbox 3178 2690 3469 2749; x_wconf 80' lang='lat' dir='ltr'><strong>feriantur.</strong></span> 
     </span>
    </p>
   </div>
   <div class='ocr_carea' id='block_1_59' title="bbox 1886 2778 3473 2855">
    <p class='ocr_par' dir='ltr' id='par_1_59' title="bbox 1886 2778 3473 2855">
     <span class='ocr_line' id='line_1_59' title="bbox 1886 2778 3473 2855; baseline 0.004 -22"><span class='ocrx_word' id='word_1_435' title='bbox 1886 2778 2097 2835; x_wconf 88' lang='lat' dir='ltr'><strong>Etenim</strong></span> <span class='ocrx_word' id='word_1_436' title='bbox 2129 2779 2515 2851; x_wconf 84' lang='lat' dir='ltr'><strong>imperatorem</strong></span> <span class='ocrx_word' id='word_1_437' title='bbox 2547 2796 2764 2851; x_wconf 88' lang='lat' dir='ltr'><strong>semper</strong></span> <span class='ocrx_word' id='word_1_438' title='bbox 2793 2781 3030 2853; x_wconf 89' lang='lat' dir='ltr'><strong>aliquem</strong></span> <span class='ocrx_word' id='word_1_439' title='bbox 3065 2784 3270 2851; x_wconf 86' lang='lat' dir='ltr'><strong>vivere,</strong></span> <span class='ocrx_word' id='word_1_440' title='bbox 3298 2784 3473 2855; x_wconf 84' lang='lat' dir='ltr'><strong>probe</strong></span> 
     </span>
    </p>
   </div>
   <div class='ocr_carea' id='block_1_60' title="bbox 1885 2870 3469 2933">
    <p class='ocr_par' dir='ltr' id='par_1_60' title="bbox 1885 2870 3469 2933">
     <span class='ocr_line' id='line_1_60' title="bbox 1885 2870 3469 2933; baseline 0.003 -6"><span class='ocrx_word' id='word_1_441' title='bbox 1885 2873 1991 2928; x_wconf 90' lang='lat' dir='ltr'><strong>hoc</strong></span> <span class='ocrx_word' id='word_1_442' title='bbox 2017 2870 2274 2930; x_wconf 87' lang='lat' dir='ltr'><strong>fortassis</strong></span> <span class='ocrx_word' id='word_1_443' title='bbox 2297 2884 2499 2930; x_wconf 89' lang='lat' dir='ltr'><strong>norunt</strong></span> <span class='ocrx_word' id='word_1_444' title='bbox 2531 2893 2545 2929; x_wconf 87' lang='lat'><strong>:</strong></span> <span class='ocrx_word' id='word_1_445' title='bbox 2579 2882 2872 2930; x_wconf 84' lang='lat' dir='ltr'><strong>revocatur</strong></span> <span class='ocrx_word' id='word_1_446' title='bbox 2893 2875 3039 2930; x_wconf 91' lang='lat' dir='ltr'><strong>enim</strong></span> <span class='ocrx_word' id='word_1_447' title='bbox 3069 2876 3228 2932; x_wconf 88' lang='lat' dir='ltr'><strong>nobis</strong></span> <span class='ocrx_word' id='word_1_448' title='bbox 3258 2872 3315 2931; x_wconf 86' lang='lat' dir='ltr'><strong>in</strong></span> <span class='ocrx_word' id='word_1_449' title='bbox 3351 2891 3469 2933; x_wconf 89' lang='lat' dir='ltr'><strong>me-</strong></span> 
     </span>
    </p>
   </div>
   <div class='ocr_carea' id='block_1_61' title="bbox 1886 2961 3470 3034">
    <p class='ocr_par' dir='ltr' id='par_1_61' title="bbox 1886 2961 3470 3034">
     <span class='ocr_line' id='line_1_61' title="bbox 1886 2961 3470 3034; baseline 0.001 -17"><span class='ocrx_word' id='word_1_450' title='bbox 1886 2962 2118 3017; x_wconf 88' lang='lat' dir='ltr'><strong>moriam</strong></span> <span class='ocrx_word' id='word_1_451' title='bbox 2150 2961 2312 3018; x_wconf 91' lang='lat' dir='ltr'><strong>annis</strong></span> <span class='ocrx_word' id='word_1_452' title='bbox 2347 2962 2580 3034; x_wconf 81' lang='lat' dir='ltr'><strong>singulis</strong></span> <span class='ocrx_word' id='word_1_453' title='bbox 2616 2962 2685 3016; x_wconf 89' lang='lat' dir='ltr'><strong>ab</strong></span> <span class='ocrx_word' id='word_1_454' title='bbox 2709 2962 3043 3018; x_wconf 89' lang='lat' dir='ltr'><strong>tributorum</strong></span> <span class='ocrx_word' id='word_1_455' title='bbox 3088 2964 3470 3020; x_wconf 79' lang='lat' dir='ltr'><strong>exactoribus.</strong></span> 
     </span>
    </p>
   </div>
   <div class='ocr_carea' id='block_1_62' title="bbox 1886 3052 3476 3124">
    <p class='ocr_par' dir='ltr' id='par_1_62' title="bbox 1886 3052 3476 3124">
     <span class='ocr_line' id='line_1_62' title="bbox 1886 3052 3476 3124; baseline 0.004 -18"><span class='ocrx_word' id='word_1_456' title='bbox 1886 3052 2149 3119; x_wconf 77' lang='lat' dir='ltr'><strong>Quisnam</strong></span> <span class='ocrx_word' id='word_1_457' title='bbox 2191 3061 2373 3109; x_wconf 90' lang='lat' dir='ltr'><strong>autem</strong></span> <span class='ocrx_word' id='word_1_458' title='bbox 2404 3053 2495 3108; x_wconf 88' lang='lat' dir='ltr'><strong>ille</strong></span> <span class='ocrx_word' id='word_1_459' title='bbox 2525 3053 2618 3116; x_wconf 87' lang='lat' dir='ltr'><strong>sit,</strong></span> <span class='ocrx_word' id='word_1_460' title='bbox 2666 3066 2776 3107; x_wconf 90' lang='lat' dir='ltr'><strong>non</strong></span> <span class='ocrx_word' id='word_1_461' title='bbox 2813 3069 2966 3124; x_wconf 69' lang='lat' dir='ltr'><strong>reque</strong></span> <span class='ocrx_word' id='word_1_462' title='bbox 3022 3054 3167 3110; x_wconf 88' lang='lat' dir='ltr'><strong>istud</strong></span> <span class='ocrx_word' id='word_1_463' title='bbox 3217 3064 3476 3112; x_wconf 86' lang='lat' dir='ltr'><strong>accurate</strong></span> 
     </span>
    </p>
   </div>
   <div class='ocr_carea' id='block_1_63' title="bbox 1888 3143 3475 3221">
    <p class='ocr_par' dir='ltr' id='par_1_63' title="bbox 1888 3143 3475 3221">
     <span class='ocr_line' id='line_1_63' title="bbox 1888 3143 3475 3221; baseline 0.001 -20"><span class='ocrx_word' id='word_1_464' title='bbox 1888 3144 2097 3201; x_wconf 91' lang='lat' dir='ltr'><strong>sciunt.</strong></span> <span class='ocrx_word' id='word_1_465' title='bbox 2158 3143 2268 3200; x_wconf 85' lang='lat' dir='ltr'><strong>Nec</strong></span> <span class='ocrx_word' id='word_1_466' title='bbox 2313 3145 2515 3202; x_wconf 90' lang='lat' dir='ltr'><strong>desunt</strong></span> <span class='ocrx_word' id='word_1_467' title='bbox 2547 3146 2689 3202; x_wconf 89' lang='lat' dir='ltr'><strong>inter</strong></span> <span class='ocrx_word' id='word_1_468' title='bbox 2719 3162 2820 3203; x_wconf 89' lang='lat' dir='ltr'><strong>nos</strong></span> <span class='ocrx_word' id='word_1_469' title='bbox 2848 3146 2943 3218; x_wconf 89' lang='lat' dir='ltr'><strong>qui</strong></span> <span class='ocrx_word' id='word_1_470' title='bbox 3000 3147 3273 3219; x_wconf 81' lang='lat' dir='ltr'><strong>hodieque</strong></span> <span class='ocrx_word' id='word_1_471' title='bbox 3324 3148 3475 3221; x_wconf 77' lang='lat' dir='ltr'><strong>Aga-</strong></span> 
     </span>
    </p>
   </div>
   <div class='ocr_carea' id='block_1_64' title="bbox 208 3238 1781 3314">
    <p class='ocr_par' dir='ltr' id='par_1_64' title="bbox 208 3239 1781 3314">
     <span class='ocr_line' id='line_1_64' title="bbox 208 3239 1781 3314; baseline 0.001 -22"><span class='ocrx_word' id='word_1_472' title='bbox 208 3239 624 3311; x_wconf 72' lang='grc' dir='ltr'>πολιτευμάτων</span> <span class='ocrx_word' id='word_1_473' title='bbox 643 3255 656 3270; x_wconf 87' lang='grc'><strong>·</strong></span> <span class='ocrx_word' id='word_1_474' title='bbox 673 3239 763 3293; x_wconf 84' lang='grc' dir='ltr'><strong>τὸν</strong></span> <span class='ocrx_word' id='word_1_475' title='bbox 788 3239 881 3293; x_wconf 76' lang='grc' dir='ltr'>ἐπὶ</span> <span class='ocrx_word' id='word_1_476' title='bbox 898 3240 1019 3295; x_wconf 84' lang='grc' dir='ltr'>Νῶε</span> <span class='ocrx_word' id='word_1_477' title='bbox 1044 3240 1157 3312; x_wconf 85' lang='grc' dir='ltr'>βίον</span> <span class='ocrx_word' id='word_1_478' title='bbox 1182 3242 1347 3312; x_wconf 76' lang='grc' dir='ltr'>ἐρεῖς,</span> <span class='ocrx_word' id='word_1_479' title='bbox 1380 3241 1511 3314; x_wconf 72' lang='grc' dir='ltr'>πρὶν</span> <span class='ocrx_word' id='word_1_480' title='bbox 1538 3239 1781 3310; x_wconf 83' lang='grc' dir='ltr'>γενέσθαι</span> 
     </span>
    </p>
   </div>
   <div class='ocr_carea' id='block_1_65' title="bbox 1890 3238 3477 3314">
    <p class='ocr_par' dir='ltr' id='par_1_65' title="bbox 1896 3238 3477 3312">
     <span class='ocr_line' id='line_1_65' title="bbox 1896 3238 3477 3312; baseline 0.004 -19"><span class='ocrx_word' id='word_1_481' title='bbox 1896 3253 2237 3294; x_wconf 90' lang='lat' dir='ltr'><strong>memnonem</strong></span> <span class='ocrx_word' id='word_1_482' title='bbox 2295 3239 2566 3309; x_wconf 87' lang='lat' dir='ltr'><strong>imperare</strong></span> <span class='ocrx_word' id='word_1_483' title='bbox 2618 3247 2812 3312; x_wconf 85' lang='lat' dir='ltr'><strong>putent</strong></span> <span class='ocrx_word' id='word_1_484' title='bbox 2865 3240 3013 3296; x_wconf 85' lang='lat' dir='ltr'><strong>Atrei</strong></span> <span class='ocrx_word' id='word_1_485' title='bbox 3067 3239 3261 3307; x_wconf 79' lang='lat' dir='ltr'><strong>illium,</strong></span> <span class='ocrx_word' id='word_1_486' title='bbox 3306 3238 3477 3312; x_wconf 76' lang='lat'><strong>288</strong></span> 
     </span>
    </p>
   </div>
   <div class='ocr_carea' id='block_1_66' title="bbox 208 3327 1781 3405">
    <p class='ocr_par' dir='ltr' id='par_1_66' title="bbox 208 3330 833 3404">
     <span class='ocr_line' id='line_1_66' title="bbox 208 3330 833 3404; baseline 0.002 -20"><span class='ocrx_word' id='word_1_487' title='bbox 208 3330 312 3401; x_wconf 81' lang='grc' dir='ltr'>τὴν</span> <span class='ocrx_word' id='word_1_488' title='bbox 337 3330 492 3403; x_wconf 85' lang='grc' dir='ltr'>δίκην</span> <span class='ocrx_word' id='word_1_489' title='bbox 521 3334 578 3385; x_wconf 84' lang='grc' dir='ltr'>ὲν</span> <span class='ocrx_word' id='word_1_490' title='bbox 601 3331 833 3404; x_wconf 76' lang='grc' dir='ltr'>δουλείᾳ.</span> 
     </span>
    </p>
   </div>
   <div class='ocr_carea' id='block_1_67' title="bbox 1890 3327 3475 3405">
    <p class='ocr_par' dir='ltr' id='par_1_67' title="bbox 1905 3331 3475 3405">
     <span class='ocr_line' id='line_1_67' title="bbox 1905 3331 3475 3405; baseline 0.002 -20"><span class='ocrx_word' id='word_1_491' title='bbox 1905 3346 2028 3385; x_wconf 91' lang='lat' dir='ltr'><strong>eum</strong></span> <span class='ocrx_word' id='word_1_492' title='bbox 2066 3331 2161 3402; x_wconf 91' lang='lat' dir='ltr'><strong>qui</strong></span> <span class='ocrx_word' id='word_1_493' title='bbox 2193 3332 2262 3387; x_wconf 84' lang='lat' dir='ltr'><strong>ad</strong></span> <span class='ocrx_word' id='word_1_494' title='bbox 2294 3331 2517 3403; x_wconf 81' lang='lat' dir='ltr'><strong>Trojatn</strong></span> <span class='ocrx_word' id='word_1_495' title='bbox 2546 3331 2829 3403; x_wconf 90' lang='lat' dir='ltr'><strong>profectus</strong></span> <span class='ocrx_word' id='word_1_496' title='bbox 2854 3344 2939 3390; x_wconf 90' lang='lat' dir='ltr'><strong>est</strong></span> <span class='ocrx_word' id='word_1_497' title='bbox 2960 3375 2976 3400; x_wconf 94' lang='lat'><strong>,</strong></span> <span class='ocrx_word' id='word_1_498' title='bbox 3004 3335 3285 3405; x_wconf 84' lang='lat' dir='ltr'><strong>egregium</strong></span> <span class='ocrx_word' id='word_1_499' title='bbox 3319 3334 3475 3388; x_wconf 89' lang='lat' dir='ltr'><strong>illum</strong></span> 
     </span>
    </p>
   </div>
   <div class='ocr_carea' id='block_1_68' title="bbox 224 3420 3476 3496">
    <p class='ocr_par' dir='ltr' id='par_1_68' title="bbox 224 3420 3476 3496">
     <span class='ocr_line' id='line_1_68' title="bbox 224 3420 3476 3496; baseline 0.001 -20"><span class='ocrx_word' id='word_1_500' title='bbox 224 3430 394 3492; x_wconf 86' lang='lat' dir='ltr'><strong>atque</strong></span> <span class='ocrx_word' id='word_1_501' title='bbox 424 3423 687 3494; x_wconf 88' lang='lat' dir='ltr'><strong>optimum</strong></span> <span class='ocrx_word' id='word_1_502' title='bbox 718 3423 1043 3496; x_wconf 86' lang='lat' dir='ltr'><strong>principem.</strong></span> <span class='ocrx_word' id='word_1_503' title='bbox 1071 3423 1184 3480; x_wconf 85' lang='lat' dir='ltr'><strong>Hoc</strong></span> <span class='ocrx_word' id='word_1_504' title='bbox 1211 3426 1354 3481; x_wconf 90' lang='lat' dir='ltr'><strong>enim</strong></span> <span class='ocrx_word' id='word_1_505' title='bbox 1376 3431 1637 3495; x_wconf 90' lang='lat' dir='ltr'><strong>tanquam</strong></span> <span class='ocrx_word' id='word_1_506' title='bbox 1663 3423 1870 3496; x_wconf 88' lang='lat' dir='ltr'><strong>regium</strong></span> <span class='ocrx_word' id='word_1_507' title='bbox 1899 3438 2100 3477; x_wconf 78' lang='lat' dir='ltr'><strong>nomen</strong></span> <span class='ocrx_word' id='word_1_508' title='bbox 2134 3438 2164 3478; x_wconf 90' lang='lat' dir='ltr'><strong>a</strong></span> <span class='ocrx_word' id='word_1_509' title='bbox 2194 3420 2428 3495; x_wconf 89' lang='lat' dir='ltr'><strong>pueritia</strong></span> <span class='ocrx_word' id='word_1_510' title='bbox 2450 3426 2613 3482; x_wconf 91' lang='lat' dir='ltr'><strong>nobis</strong></span> <span class='ocrx_word' id='word_1_511' title='bbox 2636 3425 2897 3481; x_wconf 84' lang='lat' dir='ltr'><strong>traditum</strong></span> <span class='ocrx_word' id='word_1_512' title='bbox 2922 3436 3025 3482; x_wconf 81' lang='lat' dir='ltr'><strong>est.</strong></span> <span class='ocrx_word' id='word_1_513' title='bbox 3047 3421 3476 3496; x_wconf 84' lang='lat' dir='ltr'><strong>llujusamicum</strong></span> 
     </span>
    </p>
   </div>
   <div class='ocr_carea' id='block_1_69' title="bbox 213 3513 3476 3590">
    <p class='ocr_par' dir='ltr' id='par_1_69' title="bbox 213 3513 3476 3590">
     <span class='ocr_line' id='line_1_69' title="bbox 213 3513 3476 3590; baseline 0.001 -20"><span class='ocrx_word' id='word_1_514' title='bbox 213 3513 473 3587; x_wconf 88' lang='lat' dir='ltr'><strong>Ulyssem</strong></span> <span class='ocrx_word' id='word_1_515' title='bbox 503 3518 793 3588; x_wconf 90' lang='lat' dir='ltr'><strong>quemdam</strong></span> <span class='ocrx_word' id='word_1_516' title='bbox 830 3518 1116 3573; x_wconf 89' lang='lat' dir='ltr'><strong>nominant</strong></span> <span class='ocrx_word' id='word_1_517' title='bbox 1148 3518 1340 3589; x_wconf 89' lang='lat' dir='ltr'><strong>optimi</strong></span> <span class='ocrx_word' id='word_1_518' title='bbox 1375 3517 1616 3583; x_wconf 89' lang='lat' dir='ltr'><strong>bubulci,</strong></span> <span class='ocrx_word' id='word_1_519' title='bbox 1658 3519 1874 3573; x_wconf 89' lang='lat' dir='ltr'><strong>calvum</strong></span> <span class='ocrx_word' id='word_1_520' title='bbox 1906 3517 2202 3587; x_wconf 83' lang='lat' dir='ltr'><strong>hominem,</strong></span> <span class='ocrx_word' id='word_1_521' title='bbox 2227 3519 2320 3575; x_wconf 86' lang='lat' dir='ltr'><strong>sed</strong></span> <span class='ocrx_word' id='word_1_522' title='bbox 2359 3534 2542 3575; x_wconf 90' lang='lat' dir='ltr'><strong>rerum</strong></span> <span class='ocrx_word' id='word_1_523' title='bbox 2575 3519 2908 3590; x_wconf 84' lang='lat' dir='ltr'><strong>agendarum</strong></span> <span class='ocrx_word' id='word_1_524' title='bbox 2946 3533 3011 3574; x_wconf 90' lang='lat' dir='ltr'><strong>ac</strong></span> <span class='ocrx_word' id='word_1_525' title='bbox 3030 3516 3476 3574; x_wconf 73' lang='lat' dir='ltr'><strong>diliicillimorum</strong></span> 
     </span>
    </p>
   </div>
   <div class='ocr_carea' id='block_1_70' title="bbox 213 3605 3475 3683">
    <p class='ocr_par' dir='ltr' id='par_1_70' title="bbox 213 3605 3475 3683">
     <span class='ocr_line' id='line_1_70' title="bbox 213 3605 3475 3683; baseline 0.001 -21"><span class='ocrx_word' id='word_1_526' title='bbox 213 3623 562 3679; x_wconf 90' lang='lat' dir='ltr'><strong>quorumque</strong></span> <span class='ocrx_word' id='word_1_527' title='bbox 584 3609 1044 3680; x_wconf 80' lang='lat' dir='ltr'><strong>expediendorum</strong></span> <span class='ocrx_word' id='word_1_528' title='bbox 1068 3611 1322 3681; x_wconf 88' lang='lat' dir='ltr'><strong>peritum.</strong></span> <span class='ocrx_word' id='word_1_529' title='bbox 1336 3610 1499 3667; x_wconf 88' lang='lat' dir='ltr'><strong>Certe</strong></span> <span class='ocrx_word' id='word_1_530' title='bbox 1517 3611 1662 3667; x_wconf 90' lang='lat' dir='ltr'><strong>enim</strong></span> <span class='ocrx_word' id='word_1_531' title='bbox 1689 3611 1890 3677; x_wconf 90' lang='lat' dir='ltr'><strong>rident,</strong></span> <span class='ocrx_word' id='word_1_532' title='bbox 1905 3627 2029 3668; x_wconf 84' lang='lat' dir='ltr'><strong>curn</strong></span> <span class='ocrx_word' id='word_1_533' title='bbox 2054 3612 2122 3668; x_wconf 89' lang='lat' dir='ltr'><strong>de</strong></span> <span class='ocrx_word' id='word_1_534' title='bbox 2146 3611 2267 3683; x_wconf 91' lang='lat' dir='ltr'><strong>ipso</strong></span> <span class='ocrx_word' id='word_1_535' title='bbox 2288 3620 2539 3676; x_wconf 87' lang='lat' dir='ltr'><strong>narrant,</strong></span> <span class='ocrx_word' id='word_1_536' title='bbox 2560 3627 2706 3666; x_wconf 88' lang='lat' dir='ltr'><strong>anno</strong></span> <span class='ocrx_word' id='word_1_537' title='bbox 2726 3612 3006 3681; x_wconf 87' lang='lat' dir='ltr'><strong>superiore</strong></span> <span class='ocrx_word' id='word_1_538' title='bbox 3023 3616 3355 3666; x_wconf 73' lang='lat' dir='ltr'><strong>excaecatum</strong></span> <span class='ocrx_word' id='word_1_539' title='bbox 3370 3605 3475 3682; x_wconf 89' lang='lat' dir='ltr'><strong>Cy-</strong></span> 
     </span>
    </p>
   </div>
   <div class='ocr_carea' id='block_1_71' title="bbox 221 3704 3474 3777">
    <p class='ocr_par' dir='ltr' id='par_1_71' title="bbox 221 3704 3474 3777">
     <span class='ocr_line' id='line_1_71' title="bbox 221 3704 3474 3777; baseline 0.001 -20"><span class='ocrx_word' id='word_1_540' title='bbox 221 3704 435 3774; x_wconf 89' lang='lat' dir='ltr'><strong>clopem</strong></span> <span class='ocrx_word' id='word_1_541' title='bbox 459 3712 715 3775; x_wconf 90' lang='lat' dir='ltr'><strong>putantes</strong></span> <span class='ocrx_word' id='word_1_542' title='bbox 734 3746 749 3771; x_wconf 90' lang='lat'><strong>,</strong></span> <span class='ocrx_word' id='word_1_543' title='bbox 776 3716 829 3760; x_wconf 90' lang='lat' dir='ltr'><strong>et</strong></span> <span class='ocrx_word' id='word_1_544' title='bbox 852 3706 1312 3774; x_wconf 84' lang='lat' dir='ltr'><strong>quemadmodum</strong></span> <span class='ocrx_word' id='word_1_545' title='bbox 1343 3705 1450 3762; x_wconf 88' lang='lat' dir='ltr'><strong>sub</strong></span> <span class='ocrx_word' id='word_1_546' title='bbox 1478 3707 1653 3762; x_wconf 86' lang='lat' dir='ltr'><strong>ariete</strong></span> <span class='ocrx_word' id='word_1_547' title='bbox 1680 3722 1850 3764; x_wconf 82' lang='lat' dir='ltr'><strong>senex</strong></span> <span class='ocrx_word' id='word_1_548' title='bbox 1874 3706 2231 3774; x_wconf 88' lang='lat' dir='ltr'><strong>trahebatur;</strong></span> <span class='ocrx_word' id='word_1_549' title='bbox 2263 3708 2329 3761; x_wconf 88' lang='lat' dir='ltr'><strong>ad</strong></span> <span class='ocrx_word' id='word_1_550' title='bbox 2346 3706 2571 3776; x_wconf 77' lang='lat' dir='ltr'><strong>ianuam</strong></span> <span class='ocrx_word' id='word_1_551' title='bbox 2598 3708 2866 3763; x_wconf 89' lang='lat' dir='ltr'><strong>scelestus</strong></span> <span class='ocrx_word' id='word_1_552' title='bbox 2889 3706 3242 3772; x_wconf 87' lang='lat' dir='ltr'><strong>observabat,</strong></span> <span class='ocrx_word' id='word_1_553' title='bbox 3264 3708 3358 3777; x_wconf 90' lang='lat' dir='ltr'><strong>qui</strong></span> <span class='ocrx_word' id='word_1_554' title='bbox 3381 3705 3474 3760; x_wconf 88' lang='lat' dir='ltr'><strong>du-</strong></span> 
     </span>
    </p>
   </div>
   <div class='ocr_carea' id='block_1_72' title="bbox 216 3796 3475 3870">
    <p class='ocr_par' dir='ltr' id='par_1_72' title="bbox 216 3796 3475 3870">
     <span class='ocr_line' id='line_1_72' title="bbox 216 3796 3475 3870; baseline 0 -21"><span class='ocrx_word' id='word_1_555' title='bbox 216 3810 336 3850; x_wconf 89' lang='lat' dir='ltr'><strong>cem</strong></span> <span class='ocrx_word' id='word_1_556' title='bbox 362 3797 545 3867; x_wconf 88' lang='lat' dir='ltr'><strong>grcgis</strong></span> <span class='ocrx_word' id='word_1_557' title='bbox 564 3796 936 3851; x_wconf 89' lang='lat' dir='ltr'><strong>arbitrabatur</strong></span> <span class='ocrx_word' id='word_1_558' title='bbox 962 3811 1070 3851; x_wconf 93' lang='lat' dir='ltr'><strong>non</strong></span> <span class='ocrx_word' id='word_1_559' title='bbox 1104 3812 1272 3853; x_wconf 88' lang='lat' dir='ltr'><strong>onere</strong></span> <span class='ocrx_word' id='word_1_560' title='bbox 1300 3807 1721 3868; x_wconf 66' lang='lat' dir='ltr'><strong>praegravatum,</strong></span> <span class='ocrx_word' id='word_1_561' title='bbox 1750 3797 1846 3854; x_wconf 91' lang='lat' dir='ltr'><strong>sed</strong></span> <span class='ocrx_word' id='word_1_562' title='bbox 1874 3798 2050 3870; x_wconf 89' lang='lat' dir='ltr'><strong>ipsius</strong></span> <span class='ocrx_word' id='word_1_563' title='bbox 2071 3798 2348 3853; x_wconf 79' lang='lat' dir='ltr'><strong>dolentem</strong></span> <span class='ocrx_word' id='word_1_564' title='bbox 2379 3796 2702 3861; x_wconf 87' lang='lat' dir='ltr'><strong>infortunio,</strong></span> <span class='ocrx_word' id='word_1_565' title='bbox 2737 3812 2929 3868; x_wconf 87' lang='lat' dir='ltr'><strong>agmen</strong></span> <span class='ocrx_word' id='word_1_566' title='bbox 2969 3797 3245 3853; x_wconf 88' lang='lat' dir='ltr'><strong>claudere.</strong></span> <span class='ocrx_word' id='word_1_567' title='bbox 3274 3796 3475 3851; x_wconf 86' lang='lat' dir='ltr'><strong>Paulu-</strong></span> 
     </span>
    </p>
   </div>
   <div class='ocr_carea' id='block_1_73' title="bbox 230 3889 3473 3963">
    <p class='ocr_par' dir='ltr' id='par_1_73' title="bbox 230 3889 3473 3963">
     <span class='ocr_line' id='line_1_73' title="bbox 230 3889 3473 3963; baseline 0 -18"><span class='ocrx_word' id='word_1_568' title='bbox 230 3893 344 3945; x_wconf 90' lang='lat' dir='ltr'><strong>lum</strong></span> <span class='ocrx_word' id='word_1_569' title='bbox 382 3892 568 3945; x_wconf 88' lang='lat' dir='ltr'><strong>animo</strong></span> <span class='ocrx_word' id='word_1_570' title='bbox 602 3889 886 3945; x_wconf 92' lang='lat' dir='ltr'><strong>nobiscum</strong></span> <span class='ocrx_word' id='word_1_571' title='bbox 919 3890 1164 3961; x_wconf 68' lang='lat' dir='ltr'><strong>epistolae</strong></span> <span class='ocrx_word' id='word_1_572' title='bbox 1190 3890 1460 3946; x_wconf 82' lang='lat' dir='ltr'><strong>beneficio</strong></span> <span class='ocrx_word' id='word_1_573' title='bbox 1486 3891 1668 3957; x_wconf 86' lang='lat' dir='ltr'><strong>fuisti;</strong></span> <span class='ocrx_word' id='word_1_574' title='bbox 1699 3907 1892 3963; x_wconf 86' lang='lat' dir='ltr'><strong>agrum</strong></span> <span class='ocrx_word' id='word_1_575' title='bbox 1921 3892 2323 3961; x_wconf 87' lang='lat' dir='ltr'><strong>contemplatus</strong></span> <span class='ocrx_word' id='word_1_576' title='bbox 2353 3906 2449 3958; x_wconf 91' lang='lat' dir='ltr'><strong>es;</strong></span> <span class='ocrx_word' id='word_1_577' title='bbox 2478 3890 2701 3946; x_wconf 85' lang='lat' dir='ltr'><strong>vivendi</strong></span> <span class='ocrx_word' id='word_1_578' title='bbox 2729 3892 3035 3963; x_wconf 80' lang='lat' dir='ltr'><strong>agendique</strong></span> <span class='ocrx_word' id='word_1_579' title='bbox 3063 3890 3473 3963; x_wconf 88' lang='lat' dir='ltr'><strong>simplicitatem</strong></span> 
     </span>
    </p>
   </div>
   <div class='ocr_carea' id='block_1_74' title="bbox 228 3982 3306 4058">
    <p class='ocr_par' dir='ltr' id='par_1_74' title="bbox 228 3982 3306 4058">
     <span class='ocr_line' id='line_1_74' title="bbox 228 3982 3306 4058; baseline -0.001 -16"><span class='ocrx_word' id='word_1_580' title='bbox 228 3986 440 4042; x_wconf 79' lang='lat' dir='ltr'><strong>vidisti.</strong></span> <span class='ocrx_word' id='word_1_581' title='bbox 480 3984 611 4041; x_wconf 89' lang='lat' dir='ltr'><strong>Tale</strong></span> <span class='ocrx_word' id='word_1_582' title='bbox 643 3985 768 4040; x_wconf 80' lang='lat' dir='ltr'><strong>vita:</strong></span> <span class='ocrx_word' id='word_1_583' title='bbox 785 4000 955 4056; x_wconf 90' lang='lat' dir='ltr'><strong>genus</strong></span> <span class='ocrx_word' id='word_1_584' title='bbox 980 4001 1103 4042; x_wconf 88' lang='lat' dir='ltr'><strong>esse</strong></span> <span class='ocrx_word' id='word_1_585' title='bbox 1135 3986 1367 4054; x_wconf 84' lang='lat' dir='ltr'><strong>dixeris,</strong></span> <span class='ocrx_word' id='word_1_586' title='bbox 1396 3987 1559 4058; x_wconf 87' lang='lat' dir='ltr'><strong>quale</strong></span> <span class='ocrx_word' id='word_1_587' title='bbox 1588 3987 1693 4043; x_wconf 87' lang='lat' dir='ltr'><strong>sub</strong></span> <span class='ocrx_word' id='word_1_588' title='bbox 1731 3982 1844 4043; x_wconf 81' lang='lat' dir='ltr'><strong>Noe</strong></span> <span class='ocrx_word' id='word_1_589' title='bbox 1873 3986 2103 4052; x_wconf 79' lang='lat' dir='ltr'><strong>exstitit,</strong></span> <span class='ocrx_word' id='word_1_590' title='bbox 2138 3994 2430 4057; x_wconf 87' lang='lat' dir='ltr'><strong>antequam</strong></span> <span class='ocrx_word' id='word_1_591' title='bbox 2455 3987 2694 4043; x_wconf 85' lang='lat' dir='ltr'><strong>servitus</strong></span> <span class='ocrx_word' id='word_1_592' title='bbox 2728 3986 2783 4040; x_wconf 90' lang='lat' dir='ltr'><strong>in</strong></span> <span class='ocrx_word' id='word_1_593' title='bbox 2814 4000 3030 4057; x_wconf 64' lang='lat' dir='ltr'><strong>poenam</strong></span> <span class='ocrx_word' id='word_1_594' title='bbox 3065 3985 3306 4041; x_wconf 89' lang='lat' dir='ltr'><strong>cederet.</strong></span> 
     </span>
    </p>
   </div>
   <div class='ocr_carea' id='block_1_75' title="bbox 713 4114 1781 4176">
    <p class='ocr_par' dir='ltr' id='par_1_75' title="bbox 713 4114 1290 4173">
     <span class='ocr_line' id='line_1_75' title="bbox 713 4114 1290 4173; baseline 0 -1"><span class='ocrx_word' id='word_1_595' title='bbox 713 4114 1056 4172; x_wconf 84' lang='grc' dir='ltr'><strong>ΕΠΙΣΤΟΔΗ</strong></span> <span class='ocrx_word' id='word_1_596' title='bbox 1110 4118 1290 4173; x_wconf 83' lang='grc' dir='ltr'>ΡΜΗ¹.</span> 
     </span>
    </p>
   </div>
   <div class='ocr_carea' id='block_1_76' title="bbox 1890 4114 2996 4176">
    <p class='ocr_par' dir='ltr' id='par_1_76' title="bbox 2352 4117 2996 4176">
     <span class='ocr_line' id='line_1_76' title="bbox 2352 4117 2996 4176; baseline -0.002 -4"><span class='ocrx_word' id='word_1_597' title='bbox 2352 4119 2686 4176; x_wconf 81' lang='lat' dir='ltr'><strong>EPISTOLA</strong></span> <span class='ocrx_word' id='word_1_598' title='bbox 2716 4117 2996 4175; x_wconf 81' lang='lat' dir='ltr'><strong>CXLVIII.</strong></span> 
     </span>
    </p>
   </div>
   <div class='ocr_carea' id='block_1_77' title="bbox 870 4229 1781 4296">
    <p class='ocr_par' dir='ltr' id='par_1_77' title="bbox 870 4229 1154 4296">
     <span class='ocr_line' id='line_1_77' title="bbox 870 4229 1154 4296; baseline 0.007 -13"><span class='ocrx_word' id='word_1_599' title='bbox 870 4229 953 4296; x_wconf 84' lang='grc' dir='ltr'><strong>Τῷ</strong></span> <span class='ocrx_word' id='word_1_600' title='bbox 976 4229 1154 4296; x_wconf 82' lang='grc' dir='ltr'>αὐτῷ.</span> 
     </span>
    </p>
   </div>
   <div class='ocr_carea' id='block_1_78' title="bbox 1890 4229 2793 4296">
    <p class='ocr_par' dir='ltr' id='par_1_78' title="bbox 2584 4232 2793 4288">
     <span class='ocr_line' id='line_1_78' title="bbox 2584 4232 2793 4288; baseline 0.005 -1"><span class='ocrx_word' id='word_1_601' title='bbox 2584 4232 2793 4288; x_wconf 85' lang='lat' dir='ltr'><strong>Eidem.</strong></span> 
     </span>
    </p>
   </div>
   <div class='ocr_carea' id='block_1_79' title="bbox 292 4318 1781 4397">
    <p class='ocr_par' dir='ltr' id='par_1_79' title="bbox 292 4322 1781 4397">
     <span class='ocr_line' id='line_1_79' title="bbox 292 4322 1781 4397; baseline -0.001 -18"><span class='ocrx_word' id='word_1_602' title='bbox 292 4324 455 4397; x_wconf 86' lang='grc' dir='ltr'>Ἦμῖν</span> <span class='ocrx_word' id='word_1_603' title='bbox 476 4326 561 4379; x_wconf 72' lang='grc' dir='ltr'><strong>ἀεὶ</strong></span> <span class='ocrx_word' id='word_1_604' title='bbox 590 4325 682 4379; x_wconf 77' lang='grc' dir='ltr'><strong>καὶ</strong></span> <span class='ocrx_word' id='word_1_605' title='bbox 705 4322 863 4377; x_wconf 81' lang='grc' dir='ltr'>ἀπὼν</span> <span class='ocrx_word' id='word_1_606' title='bbox 894 4323 1179 4394; x_wconf 78' lang='grc' dir='ltr'>ὲπιδημείς</span> <span class='ocrx_word' id='word_1_607' title='bbox 1198 4326 1265 4395; x_wconf 77' lang='grc' dir='ltr'>τῇ</span> <span class='ocrx_word' id='word_1_608' title='bbox 1299 4323 1509 4397; x_wconf 83' lang='grc' dir='ltr'>μνήμῃ.</span> <span class='ocrx_word' id='word_1_609' title='bbox 1542 4325 1651 4377; x_wconf 72' lang='grc' dir='ltr'><strong>Καὶ</strong></span> <span class='ocrx_word' id='word_1_610' title='bbox 1679 4322 1781 4396; x_wconf 84' lang='grc' dir='ltr'>γὰρ</span> 
     </span>
    </p>
   </div>
   <div class='ocr_carea' id='block_1_80' title="bbox 1890 4318 3473 4397">
    <p class='ocr_par' dir='ltr' id='par_1_80' title="bbox 1948 4318 3473 4391">
     <span class='ocr_line' id='line_1_80' title="bbox 1948 4318 3473 4391; baseline 0.001 -18"><span class='ocrx_word' id='word_1_611' title='bbox 1948 4318 2120 4377; x_wconf 83' lang='lat' dir='ltr'><strong>Nobis</strong></span> <span class='ocrx_word' id='word_1_612' title='bbox 2135 4320 2297 4377; x_wconf 90' lang='lat' dir='ltr'><strong>etiam</strong></span> <span class='ocrx_word' id='word_1_613' title='bbox 2312 4320 2512 4377; x_wconf 89' lang='lat' dir='ltr'><strong>absens</strong></span> <span class='ocrx_word' id='word_1_614' title='bbox 2528 4321 2811 4391; x_wconf 86' lang='lat' dir='ltr'><strong>semperin</strong></span> <span class='ocrx_word' id='word_1_615' title='bbox 2829 4320 3092 4376; x_wconf 89' lang='lat' dir='ltr'><strong>memoria</strong></span> <span class='ocrx_word' id='word_1_616' title='bbox 3109 4318 3473 4375; x_wconf 82' lang='lat' dir='ltr'><strong>versaris.Ne-</strong></span> 
     </span>
    </p>
   </div>
   <div class='ocr_carea' id='block_1_81' title="bbox 219 4410 1781 4488">
    <p class='ocr_par' dir='ltr' id='par_1_81' title="bbox 219 4415 1781 4488">
     <span class='ocr_line' id='line_1_81' title="bbox 219 4415 1781 4488; baseline -0.003 -13"><span class='ocrx_word' id='word_1_617' title='bbox 219 4418 332 4475; x_wconf 77' lang='grc' dir='ltr'>οὐδ’</span> <span class='ocrx_word' id='word_1_618' title='bbox 358 4419 423 4473; x_wconf 84' lang='grc' dir='ltr'><strong>ἂν</strong></span> <span class='ocrx_word' id='word_1_619' title='bbox 456 4420 504 4471; x_wconf 87' lang='grc' dir='ltr'><strong>εί</strong></span> <span class='ocrx_word' id='word_1_620' title='bbox 527 4418 668 4472; x_wconf 89' lang='grc' dir='ltr'><strong>πάνυ</strong></span> <span class='ocrx_word' id='word_1_621' title='bbox 693 4416 1105 4487; x_wconf 81' lang='grc' dir='ltr'>βουληθείημεν,</span> <span class='ocrx_word' id='word_1_622' title='bbox 1138 4415 1488 4470; x_wconf 82' lang='grc' dir='ltr'>ἐπιλαθέσθαι</span> <span class='ocrx_word' id='word_1_623' title='bbox 1515 4416 1781 4488; x_wconf 84' lang='grc' dir='ltr'>δυνάμεθα</span> 
     </span>
    </p>
   </div>
   <div class='ocr_carea' id='block_1_82' title="bbox 1890 4410 3469 4488">
    <p class='ocr_par' dir='ltr' id='par_1_82' title="bbox 1895 4410 3469 4480">
     <span class='ocr_line' id='line_1_82' title="bbox 1895 4410 3469 4480; baseline -0.003 -13"><span class='ocrx_word' id='word_1_624' title='bbox 1895 4425 2002 4480; x_wconf 88' lang='lat' dir='ltr'><strong>que</strong></span> <span class='ocrx_word' id='word_1_625' title='bbox 2015 4412 2184 4475; x_wconf 89' lang='lat' dir='ltr'><strong>enim,</strong></span> <span class='ocrx_word' id='word_1_626' title='bbox 2204 4420 2263 4466; x_wconf 89' lang='lat' dir='ltr'><strong>ut</strong></span> <span class='ocrx_word' id='word_1_627' title='bbox 2285 4412 2519 4467; x_wconf 85' lang='lat' dir='ltr'><strong>maxime</strong></span> <span class='ocrx_word' id='word_1_628' title='bbox 2538 4411 2791 4475; x_wconf 88' lang='lat' dir='ltr'><strong>velimus,</strong></span> <span class='ocrx_word' id='word_1_629' title='bbox 2811 4410 3197 4466; x_wconf 88' lang='lat' dir='ltr'><strong>suavissimum</strong></span> <span class='ocrx_word' id='word_1_630' title='bbox 3222 4410 3469 4465; x_wconf 87' lang='lat' dir='ltr'><strong>animum</strong></span> 
     </span>
    </p>
   </div>
   <div class='ocr_carea' id='block_1_83' title="bbox 214 4502 1781 4581">
    <p class='ocr_par' dir='ltr' id='par_1_83' title="bbox 214 4506 1781 4581">
     <span class='ocr_line' id='line_1_83' title="bbox 214 4506 1781 4581; baseline -0.003 -17"><span class='ocrx_word' id='word_1_631' title='bbox 214 4509 319 4581; x_wconf 81' lang='grc' dir='ltr'>τῆς</span> <span class='ocrx_word' id='word_1_632' title='bbox 353 4510 692 4578; x_wconf 82' lang='grc' dir='ltr'>γλυκυτάτης</span> <span class='ocrx_word' id='word_1_633' title='bbox 739 4525 832 4561; x_wconf 84' lang='grc' dir='ltr'><strong>σου</strong></span> <span class='ocrx_word' id='word_1_634' title='bbox 871 4506 1050 4578; x_wconf 76' lang='grc' dir='ltr'>ψυχῆς</span> <span class='ocrx_word' id='word_1_635' title='bbox 1070 4545 1085 4569; x_wconf 83' lang='grc'><strong>,</strong></span> <span class='ocrx_word' id='word_1_636' title='bbox 1147 4507 1240 4561; x_wconf 77' lang='grc' dir='ltr'>καὶ</span> <span class='ocrx_word' id='word_1_637' title='bbox 1284 4506 1391 4559; x_wconf 91' lang='grc' dir='ltr'><strong>τῶν</strong></span> <span class='ocrx_word' id='word_1_638' title='bbox 1440 4507 1781 4562; x_wconf 68' lang='grc' dir='ltr'>ἀδολωτάτωι</span> 
     </span>
    </p>
   </div>
   <div class='ocr_carea' id='block_1_84' title="bbox 1890 4502 3469 4581">
    <p class='ocr_par' dir='ltr' id='par_1_84' title="bbox 1899 4502 3469 4575">
     <span class='ocr_line' id='line_1_84' title="bbox 1899 4502 3469 4575; baseline 0.001 -18"><span class='ocrx_word' id='word_1_639' title='bbox 1899 4512 2054 4559; x_wconf 91' lang='lat' dir='ltr'><strong>tuum</strong></span> <span class='ocrx_word' id='word_1_640' title='bbox 2101 4519 2391 4575; x_wconf 80' lang='lat' dir='ltr'><strong>moresque</strong></span> <span class='ocrx_word' id='word_1_641' title='bbox 2416 4503 2826 4561; x_wconf 86' lang='lat' dir='ltr'><strong>sincerissimos</strong></span> <span class='ocrx_word' id='word_1_642' title='bbox 2851 4502 3101 4559; x_wconf 89' lang='lat' dir='ltr'><strong>oblivisci</strong></span> <span class='ocrx_word' id='word_1_643' title='bbox 3148 4518 3469 4573; x_wconf 89' lang='lat' dir='ltr'><strong>possumus.</strong></span> 
     </span>
    </p>
   </div>
   <div class='ocr_carea' id='block_1_85' title="bbox 216 4588 1781 4671">
    <p class='ocr_par' dir='ltr' id='par_1_85' title="bbox 216 4597 1781 4671">
     <span class='ocr_line' id='line_1_85' title="bbox 216 4597 1781 4671; baseline -0.002 -17"><span class='ocrx_word' id='word_1_644' title='bbox 216 4601 388 4671; x_wconf 77' lang='grc' dir='ltr'>ἠθῶν,</span> <span class='ocrx_word' id='word_1_645' title='bbox 420 4599 611 4668; x_wconf 82' lang='grc' dir='ltr'>ἀδελφὲ</span> <span class='ocrx_word' id='word_1_646' title='bbox 646 4600 731 4652; x_wconf 79' lang='grc' dir='ltr'>διὰ</span> <span class='ocrx_word' id='word_1_647' title='bbox 781 4599 957 4652; x_wconf 84' lang='grc' dir='ltr'>πάντα</span> <span class='ocrx_word' id='word_1_648' title='bbox 991 4597 1281 4669; x_wconf 87' lang='grc' dir='ltr'>θαυμάσιε.</span> <span class='ocrx_word' id='word_1_649' title='bbox 1348 4598 1438 4663; x_wconf 82' lang='grc' dir='ltr'>Ὠς</span> <span class='ocrx_word' id='word_1_650' title='bbox 1463 4599 1615 4653; x_wconf 77' lang='grc' dir='ltr'>οὐδὲν</span> <span class='ocrx_word' id='word_1_651' title='bbox 1640 4598 1704 4652; x_wconf 79' lang='grc' dir='ltr'>ἂν</span> <span class='ocrx_word' id='word_1_652' title='bbox 1736 4600 1781 4652; x_wconf 71' lang='grc' dir='ltr'>ἐι</span> 
     </span>
    </p>
   </div>
   <div class='ocr_carea' id='block_1_86' title="bbox 1890 4588 3470 4671">
    <p class='ocr_par' dir='ltr' id='par_1_86' title="bbox 1897 4594 3470 4667">
     <span class='ocr_line' id='line_1_86' title="bbox 1897 4594 3470 4667; baseline 0 -18"><span class='ocrx_word' id='word_1_653' title='bbox 1897 4595 2070 4651; x_wconf 87' lang='lat' dir='ltr'><strong>frater</strong></span> <span class='ocrx_word' id='word_1_654' title='bbox 2106 4596 2161 4651; x_wconf 89' lang='lat' dir='ltr'><strong>in</strong></span> <span class='ocrx_word' id='word_1_655' title='bbox 2191 4597 2450 4653; x_wconf 91' lang='lat' dir='ltr'><strong>omnibus</strong></span> <span class='ocrx_word' id='word_1_656' title='bbox 2476 4597 2822 4663; x_wconf 85' lang='lat' dir='ltr'><strong>udmirande;</strong></span> <span class='ocrx_word' id='word_1_657' title='bbox 2857 4594 3303 4667; x_wconf 88' lang='lat' dir='ltr'><strong>quandoquidem</strong></span> <span class='ocrx_word' id='word_1_658' title='bbox 3333 4596 3470 4650; x_wconf 89' lang='lat' dir='ltr'><strong>nihil</strong></span> 
     </span>
    </p>
   </div>
   <div class='ocr_carea' id='block_1_87' title="bbox 217 4690 1792 4764">
    <p class='ocr_par' dir='ltr' id='par_1_87' title="bbox 217 4690 1792 4764">
     <span class='ocr_line' id='line_1_87' title="bbox 217 4690 1792 4764; baseline 0 -19"><span class='ocrx_word' id='word_1_659' title='bbox 217 4695 352 4764; x_wconf 75' lang='grc' dir='ltr'>ἡμῖν</span> <span class='ocrx_word' id='word_1_660' title='bbox 391 4692 598 4760; x_wconf 83' lang='grc' dir='ltr'>γένοιτο</span> <span class='ocrx_word' id='word_1_661' title='bbox 628 4693 725 4761; x_wconf 83' lang='grc' dir='ltr'>τῆς</span> <span class='ocrx_word' id='word_1_662' title='bbox 762 4691 891 4760; x_wconf 78' lang='grc' dir='ltr'>περὶ</span> <span class='ocrx_word' id='word_1_663' title='bbox 926 4690 986 4743; x_wconf 85' lang='grc' dir='ltr'>σὲ</span> <span class='ocrx_word' id='word_1_664' title='bbox 1033 4690 1253 4761; x_wconf 83' lang='grc' dir='ltr'>μνήμης</span> <span class='ocrx_word' id='word_1_665' title='bbox 1292 4690 1607 4763; x_wconf 82' lang='grc' dir='ltr'>ἱερώτερον,</span> <span class='ocrx_word' id='word_1_666' title='bbox 1667 4691 1700 4761; x_wconf 80' lang='grc' dir='ltr'>ἢ</span> <span class='ocrx_word' id='word_1_667' title='bbox 1730 4692 1792 4745; x_wconf 79' lang='grc' dir='ltr'>τὸ</span> 
     </span>
    </p>
   </div>
   <div class='ocr_carea' id='block_1_88' title="bbox 215 4780 1785 4853">
    <p class='ocr_par' dir='ltr' id='par_1_88' title="bbox 215 4780 1785 4853">
     <span class='ocr_line' id='line_1_88' title="bbox 215 4780 1785 4853; baseline -0.001 -16"><span class='ocrx_word' id='word_1_668' title='bbox 215 4784 383 4838; x_wconf 82' lang='grc' dir='ltr'>πάλιν</span> <span class='ocrx_word' id='word_1_669' title='bbox 427 4782 857 4853; x_wconf 81' lang='grc' dir='ltr'>περιπτύξασθαι</span> <span class='ocrx_word' id='word_1_670' title='bbox 896 4781 993 4852; x_wconf 80' lang='grc' dir='ltr'><strong>τὴν</strong></span> <span class='ocrx_word' id='word_1_671' title='bbox 1041 4780 1343 4852; x_wconf 77' lang='grc' dir='ltr'>σεϐασμίαν</span> <span class='ocrx_word' id='word_1_672' title='bbox 1377 4800 1469 4835; x_wconf 79' lang='grc' dir='ltr'><strong>σου</strong></span> <span class='ocrx_word' id='word_1_673' title='bbox 1505 4783 1747 4852; x_wconf 80' lang='grc' dir='ltr'>κεφαλήν</span> <span class='ocrx_word' id='word_1_674' title='bbox 1771 4799 1785 4813; x_wconf 77' lang='grc'><em>’</em></span> 
     </span>
    </p>
   </div>
   <div class='ocr_carea' id='block_1_89' title="bbox 214 4858 1789 4945">
    <p class='ocr_par' dir='ltr' id='par_1_89' title="bbox 214 4858 1789 4945">
     <span class='ocr_line' id='line_1_89' title="bbox 214 4858 1789 4945; baseline -0.002 -15"><span class='ocrx_word' id='word_1_675' title='bbox 214 4876 247 4930; x_wconf 84' lang='grc' dir='ltr'><strong><em>ὃ</em></strong></span> <span class='ocrx_word' id='word_1_676' title='bbox 276 4875 397 4945; x_wconf 86' lang='grc' dir='ltr'>δοίη</span> <span class='ocrx_word' id='word_1_677' title='bbox 417 4875 545 4928; x_wconf 82' lang='grc' dir='ltr'>ποτὲ</span> <span class='ocrx_word' id='word_1_678' title='bbox 574 4872 733 4936; x_wconf 82' lang='grc' dir='ltr'>Θεὸς,</span> <span class='ocrx_word' id='word_1_679' title='bbox 786 4858 880 4926; x_wconf 62' lang='grc' dir='ltr'><strong>καὶ</strong></span> <span class='ocrx_word' id='word_1_680' title='bbox 924 4873 1145 4943; x_wconf 75' lang='grc' dir='ltr'>ἦδοιμέν</span> <span class='ocrx_word' id='word_1_681' title='bbox 1186 4890 1272 4938; x_wconf 91' lang='grc' dir='ltr'><strong>σε,</strong></span> <span class='ocrx_word' id='word_1_682' title='bbox 1321 4873 1415 4926; x_wconf 74' lang='grc' dir='ltr'>καὶ</span> <span class='ocrx_word' id='word_1_683' title='bbox 1456 4874 1789 4943; x_wconf 67' lang='grc' dir='ltr'>ἀκούσαιμεν</span> 
     </span>
    </p>
   </div>
   <div class='ocr_carea' id='block_1_90' title="bbox 217 4950 1789 5043">
    <p class='ocr_par' dir='ltr' id='par_1_90' title="bbox 217 4950 1789 5043">
     <span class='ocr_line' id='line_1_90' title="bbox 217 4950 1789 5043; baseline -0.003 -22"><span class='ocrx_word' id='word_1_684' title='bbox 217 4984 316 5021; x_wconf 87' lang='grc' dir='ltr'><strong>σου</strong></span> <span class='ocrx_word' id='word_1_685' title='bbox 345 4967 444 5036; x_wconf 81' lang='grc' dir='ltr'>τῆς</span> <span class='ocrx_word' id='word_1_686' title='bbox 492 4965 714 5035; x_wconf 81' lang='grc' dir='ltr'>ἡδίστης</span> <span class='ocrx_word' id='word_1_687' title='bbox 754 4965 863 5018; x_wconf 88' lang='grc' dir='ltr'><strong>τῶν</strong></span> <span class='ocrx_word' id='word_1_688' title='bbox 895 4964 1069 5033; x_wconf 87' lang='grc' dir='ltr'>λόγων</span> <span class='ocrx_word' id='word_1_689' title='bbox 1097 4962 1283 5034; x_wconf 73' lang='grc' dir='ltr'>ἠχοῦς.</span> <span class='ocrx_word' id='word_1_690' title='bbox 1341 4958 1520 5027; x_wconf 85' lang='grc' dir='ltr'>Ἧσας</span> <span class='ocrx_word' id='word_1_691' title='bbox 1551 4963 1608 5017; x_wconf 82' lang='grc' dir='ltr'>δὲ</span> <span class='ocrx_word' id='word_1_692' title='bbox 1636 4950 1789 5043; x_wconf 65' lang='grc' dir='ltr'>ἦμςῖις</span> 
     </span>
    </p>
   </div>
   <div class='ocr_carea' id='block_1_91' title="bbox 214 5052 1788 5127">
    <p class='ocr_par' dir='ltr' id='par_1_91' title="bbox 214 5052 1788 5127">
     <span class='ocr_line' id='line_1_91' title="bbox 214 5052 1788 5127; baseline -0.004 -14"><span class='ocrx_word' id='word_1_693' title='bbox 214 5060 314 5114; x_wconf 69' lang='grc' dir='ltr'><strong>καὶ</strong></span> <span class='ocrx_word' id='word_1_694' title='bbox 340 5052 421 5120; x_wconf 77' lang='grc' dir='ltr'>οἷς</span> <span class='ocrx_word' id='word_1_695' title='bbox 450 5056 796 5117; x_wconf 79' lang='grc' dir='ltr'>ἀπέστειλας,</span> <span class='ocrx_word' id='word_1_696' title='bbox 827 5054 1039 5109; x_wconf 74' lang='grc' dir='ltr'>ἅπαντα</span> <span class='ocrx_word' id='word_1_697' title='bbox 1065 5054 1173 5127; x_wconf 82' lang='grc' dir='ltr'>γὰρ</span> <span class='ocrx_word' id='word_1_698' title='bbox 1196 5054 1590 5125; x_wconf 82' lang='grc' dir='ltr'>ὲκομισάμεθα.</span> <span class='ocrx_word' id='word_1_699' title='bbox 1622 5055 1788 5111; x_wconf 85' lang='grc' dir='ltr'>Πλέον</span> 
     </span>
    </p>
   </div>
   <div class='ocr_carea' id='block_1_92' title="bbox 212 5145 1787 5220">
    <p class='ocr_par' dir='ltr' id='par_1_92' title="bbox 212 5145 1787 5220">
     <span class='ocr_line' id='line_1_92' title="bbox 212 5145 1787 5220; baseline -0.004 -13"><span class='ocrx_word' id='word_1_700' title='bbox 212 5151 274 5207; x_wconf 80' lang='grc' dir='ltr'>δὲ</span> <span class='ocrx_word' id='word_1_701' title='bbox 301 5151 527 5219; x_wconf 75' lang='grc' dir='ltr'>ἡνίασας</span> <span class='ocrx_word' id='word_1_702' title='bbox 550 5151 694 5220; x_wconf 78' lang='grc' dir='ltr'>ἡμᾶς</span> <span class='ocrx_word' id='word_1_703' title='bbox 721 5148 799 5220; x_wconf 85' lang='grc' dir='ltr'>τῷ</span> <span class='ocrx_word' id='word_1_704' title='bbox 824 5145 1088 5218; x_wconf 80' lang='grc' dir='ltr'>λογισμῷ,</span> <span class='ocrx_word' id='word_1_705' title='bbox 1106 5147 1203 5216; x_wconf 82' lang='grc' dir='ltr'><strong>τῷ,</strong></span> <span class='ocrx_word' id='word_1_706' title='bbox 1222 5147 1374 5200; x_wconf 86' lang='grc' dir='ltr'>ποίου</span> <span class='ocrx_word' id='word_1_707' title='bbox 1398 5147 1540 5210; x_wconf 82' lang='grc' dir='ltr'>τίνος</span> <span class='ocrx_word' id='word_1_708' title='bbox 1570 5147 1787 5218; x_wconf 78' lang='grc' dir='ltr'>ἑταίρου</span> 
     </span>
    </p>
   </div>
   <div class='ocr_carea' id='block_1_93' title="bbox 214 5237 1788 5311">
    <p class='ocr_par' dir='ltr' id='par_1_93' title="bbox 214 5237 1788 5311">
     <span class='ocr_line' id='line_1_93' title="bbox 214 5237 1788 5311; baseline -0.003 -16"><span class='ocrx_word' id='word_1_709' title='bbox 214 5243 422 5305; x_wconf 80' lang='grc' dir='ltr'>ζῶντος</span> <span class='ocrx_word' id='word_1_710' title='bbox 456 5238 655 5304; x_wconf 75' lang='grc' dir='ltr'>ζῶντες</span> <span class='ocrx_word' id='word_1_711' title='bbox 687 5238 1030 5311; x_wconf 85' lang='grc' dir='ltr'>στεροίμεθα.</span> <span class='ocrx_word' id='word_1_712' title='bbox 1080 5237 1260 5291; x_wconf 85' lang='grc' dir='ltr'>Ἐλθοι</span> <span class='ocrx_word' id='word_1_713' title='bbox 1286 5238 1348 5309; x_wconf 83' lang='grc' dir='ltr'>δή</span> <span class='ocrx_word' id='word_1_714' title='bbox 1382 5254 1509 5293; x_wconf 82' lang='grc' dir='ltr'>ποτε</span> <span class='ocrx_word' id='word_1_715' title='bbox 1539 5239 1633 5291; x_wconf 77' lang='grc' dir='ltr'><strong>καὶ</strong></span> <span class='ocrx_word' id='word_1_716' title='bbox 1667 5256 1788 5291; x_wconf 91' lang='grc' dir='ltr'>συν-</span> 
     </span>
    </p>
   </div>
   <div class='ocr_carea' id='block_1_94' title="bbox 212 5329 1697 5405">
    <p class='ocr_par' dir='ltr' id='par_1_94' title="bbox 212 5329 1697 5405">
     <span class='ocr_line' id='line_1_94' title="bbox 212 5329 1697 5405; baseline -0.004 -17"><span class='ocrx_word' id='word_1_717' title='bbox 212 5335 409 5405; x_wconf 85' lang='grc' dir='ltr'>τυχίας</span> <span class='ocrx_word' id='word_1_718' title='bbox 439 5333 649 5405; x_wconf 87' lang='grc' dir='ltr'>καιρὸς,</span> <span class='ocrx_word' id='word_1_719' title='bbox 681 5333 773 5386; x_wconf 72' lang='grc' dir='ltr'><strong>καὶ</strong></span> <span class='ocrx_word' id='word_1_720' title='bbox 797 5333 1156 5402; x_wconf 84' lang='grc' dir='ltr'>εὐτυχήσαιμι</span> <span class='ocrx_word' id='word_1_721' title='bbox 1183 5329 1339 5382; x_wconf 76' lang='grc' dir='ltr'>τοῦτο</span> <span class='ocrx_word' id='word_1_722' title='bbox 1366 5329 1514 5401; x_wconf 71' lang='grc' dir='ltr'>παρὰ</span> <span class='ocrx_word' id='word_1_723' title='bbox 1542 5330 1697 5384; x_wconf 79' lang='grc' dir='ltr'>Θεοῦ.</span> 
     </span>
    </p>
   </div>
   <div class='ocr_carea' id='block_1_95' title="bbox 1896 4689 3469 4761">
    <p class='ocr_par' dir='ltr' id='par_1_95' title="bbox 1896 4689 3469 4761">
     <span class='ocr_line' id='line_1_95' title="bbox 1896 4689 3469 4761; baseline 0.001 -19"><span class='ocrx_word' id='word_1_724' title='bbox 1896 4689 1950 4742; x_wconf 91' lang='lat' dir='ltr'><strong>in</strong></span> <span class='ocrx_word' id='word_1_725' title='bbox 1984 4689 2146 4743; x_wconf 90' lang='lat' dir='ltr'><strong>nobis</strong></span> <span class='ocrx_word' id='word_1_726' title='bbox 2178 4704 2300 4746; x_wconf 88' lang='lat' dir='ltr'><strong>esse</strong></span> <span class='ocrx_word' id='word_1_727' title='bbox 2322 4699 2502 4761; x_wconf 90' lang='lat' dir='ltr'><strong>potest</strong></span> <span class='ocrx_word' id='word_1_728' title='bbox 2531 4691 2608 4745; x_wconf 92' lang='lat' dir='ltr'><strong>tui</strong></span> <span class='ocrx_word' id='word_1_729' title='bbox 2644 4689 3031 4745; x_wconf 88' lang='lat' dir='ltr'><strong>recordatione</strong></span> <span class='ocrx_word' id='word_1_730' title='bbox 3060 4690 3330 4752; x_wconf 86' lang='lat' dir='ltr'><strong>sanctius,</strong></span> <span class='ocrx_word' id='word_1_731' title='bbox 3362 4689 3469 4743; x_wconf 84' lang='lat' dir='ltr'><strong>nisi</strong></span> 
     </span>
    </p>
   </div>
   <div class='ocr_carea' id='block_1_96' title="bbox 1896 4778 3466 4850">
    <p class='ocr_par' dir='ltr' id='par_1_96' title="bbox 1896 4778 3466 4850">
     <span class='ocr_line' id='line_1_96' title="bbox 1896 4778 3466 4850; baseline 0.001 -18"><span class='ocrx_word' id='word_1_732' title='bbox 1896 4778 2036 4833; x_wconf 89' lang='lat' dir='ltr'><strong>forte</strong></span> <span class='ocrx_word' id='word_1_733' title='bbox 2053 4786 2110 4833; x_wconf 91' lang='lat' dir='ltr'><strong>ut</strong></span> <span class='ocrx_word' id='word_1_734' title='bbox 2128 4780 2325 4835; x_wconf 89' lang='lat' dir='ltr'><strong>iterum</strong></span> <span class='ocrx_word' id='word_1_735' title='bbox 2349 4780 2659 4835; x_wconf 88' lang='lat' dir='ltr'><strong>venerabile</strong></span> <span class='ocrx_word' id='word_1_736' title='bbox 2683 4790 2835 4836; x_wconf 87' lang='lat' dir='ltr'><strong>tuum</strong></span> <span class='ocrx_word' id='word_1_737' title='bbox 2853 4781 3253 4850; x_wconf 88' lang='lat' dir='ltr'><strong>amplectamur</strong></span> <span class='ocrx_word' id='word_1_738' title='bbox 3267 4788 3430 4850; x_wconf 89' lang='lat' dir='ltr'><strong>caput</strong></span> <span class='ocrx_word' id='word_1_739' title='bbox 3450 4797 3466 4833; x_wconf 88' lang='lat'><strong>:</strong></span> 
     </span>
    </p>
   </div>
   <div class='ocr_carea' id='block_1_97' title="bbox 1895 4870 3469 4943">
    <p class='ocr_par' dir='ltr' id='par_1_97' title="bbox 1895 4870 3469 4943">
     <span class='ocr_line' id='line_1_97' title="bbox 1895 4870 3469 4943; baseline 0 -20"><span class='ocrx_word' id='word_1_740' title='bbox 1895 4870 2039 4940; x_wconf 91' lang='lat' dir='ltr'><strong>quod</strong></span> <span class='ocrx_word' id='word_1_741' title='bbox 2071 4872 2276 4926; x_wconf 89' lang='lat' dir='ltr'><strong>utinam</strong></span> <span class='ocrx_word' id='word_1_742' title='bbox 2328 4873 2623 4943; x_wconf 83' lang='lat' dir='ltr'><strong>aliquando</strong></span> <span class='ocrx_word' id='word_1_743' title='bbox 2654 4873 2871 4928; x_wconf 86' lang='lat' dir='ltr'><strong>tandem</strong></span> <span class='ocrx_word' id='word_1_744' title='bbox 2914 4871 3059 4928; x_wconf 88' lang='lat' dir='ltr'><strong>Deus</strong></span> <span class='ocrx_word' id='word_1_745' title='bbox 3087 4870 3378 4936; x_wconf 88' lang='lat' dir='ltr'><strong>concedat,</strong></span> <span class='ocrx_word' id='word_1_746' title='bbox 3409 4878 3469 4924; x_wconf 90' lang='lat' dir='ltr'><strong>ut</strong></span> 
     </span>
    </p>
   </div>
   <div class='ocr_carea' id='block_1_98' title="bbox 1894 4962 3469 5028">
    <p class='ocr_par' dir='ltr' id='par_1_98' title="bbox 1894 4962 3469 5028">
     <span class='ocr_line' id='line_1_98' title="bbox 1894 4962 3469 5028; baseline 0 -12"><span class='ocrx_word' id='word_1_747' title='bbox 1894 4971 1950 5016; x_wconf 88' lang='lat' dir='ltr'><strong>et</strong></span> <span class='ocrx_word' id='word_1_748' title='bbox 1984 4969 2037 5017; x_wconf 86' lang='lat' dir='ltr'><strong>te</strong></span> <span class='ocrx_word' id='word_1_749' title='bbox 2065 4962 2369 5028; x_wconf 88' lang='lat' dir='ltr'><strong>videamus,</strong></span> <span class='ocrx_word' id='word_1_750' title='bbox 2418 4971 2473 5019; x_wconf 88' lang='lat' dir='ltr'><strong>et</strong></span> <span class='ocrx_word' id='word_1_751' title='bbox 2503 4966 2888 5021; x_wconf 88' lang='lat' dir='ltr'><strong>suavissimam</strong></span> <span class='ocrx_word' id='word_1_752' title='bbox 2930 4966 3205 5021; x_wconf 86' lang='lat' dir='ltr'><strong>sermonis</strong></span> <span class='ocrx_word' id='word_1_753' title='bbox 3243 4963 3325 5017; x_wconf 79' lang='lat' dir='ltr'><strong>tui</strong></span> <span class='ocrx_word' id='word_1_754' title='bbox 3370 4977 3469 5017; x_wconf 74' lang='lat' dir='ltr'><strong>vo-</strong></span> 
     </span>
    </p>
   </div>
   <div class='ocr_carea' id='block_1_99' title="bbox 1898 5053 3466 5128">
    <p class='ocr_par' dir='ltr' id='par_1_99' title="bbox 1898 5053 3466 5128">
     <span class='ocr_line' id='line_1_99' title="bbox 1898 5053 3466 5128; baseline 0.002 -24"><span class='ocrx_word' id='word_1_755' title='bbox 1898 5067 2017 5107; x_wconf 79' lang='lat' dir='ltr'><strong>cem</strong></span> <span class='ocrx_word' id='word_1_756' title='bbox 2047 5053 2372 5109; x_wconf 81' lang='lat' dir='ltr'><strong>audiamus!</strong></span> <span class='ocrx_word' id='word_1_757' title='bbox 2405 5053 2675 5111; x_wconf 66' lang='lat' dir='ltr'><strong>Caeterum</strong></span> <span class='ocrx_word' id='word_1_758' title='bbox 2704 5057 2774 5112; x_wconf 91' lang='lat' dir='ltr'><strong>iis</strong></span> <span class='ocrx_word' id='word_1_759' title='bbox 2811 5073 2934 5128; x_wconf 63' lang='lat' dir='ltr'><strong>quae</strong></span> <span class='ocrx_word' id='word_1_760' title='bbox 2964 5057 3185 5118; x_wconf 85' lang='lat' dir='ltr'><strong>misisti,</strong></span> <span class='ocrx_word' id='word_1_761' title='bbox 3211 5068 3466 5125; x_wconf 88' lang='lat' dir='ltr'><strong>magnam</strong></span> 
     </span>
    </p>
   </div>
   <div class='ocr_carea' id='block_1_100' title="bbox 1894 5144 3463 5219">
    <p class='ocr_par' dir='ltr' id='par_1_100' title="bbox 1894 5144 3463 5219">
     <span class='ocr_line' id='line_1_100' title="bbox 1894 5144 3463 5219; baseline -0.001 -19"><span class='ocrx_word' id='word_1_762' title='bbox 1894 5146 2055 5201; x_wconf 88' lang='lat' dir='ltr'><strong>nobis</strong></span> <span class='ocrx_word' id='word_1_763' title='bbox 2081 5146 2416 5217; x_wconf 87' lang='lat' dir='ltr'><strong>voluptatem</strong></span> <span class='ocrx_word' id='word_1_764' title='bbox 2439 5144 2692 5204; x_wconf 88' lang='lat' dir='ltr'><strong>attulisti.</strong></span> <span class='ocrx_word' id='word_1_765' title='bbox 2710 5149 3041 5219; x_wconf 82' lang='lat' dir='ltr'><strong>Accepimus</strong></span> <span class='ocrx_word' id='word_1_766' title='bbox 3074 5149 3220 5203; x_wconf 85' lang='lat' dir='ltr'><strong>enim</strong></span> <span class='ocrx_word' id='word_1_767' title='bbox 3239 5146 3424 5201; x_wconf 82' lang='lat' dir='ltr'><strong>omnia</strong></span> <span class='ocrx_word' id='word_1_768' title='bbox 3448 5161 3463 5198; x_wconf 90' lang='lat'><strong>:</strong></span> 
     </span>
    </p>
   </div>
   <div class='ocr_carea' id='block_1_101' title="bbox 1895 5235 3463 5310">
    <p class='ocr_par' dir='ltr' id='par_1_101' title="bbox 1895 5235 3463 5310">
     <span class='ocr_line' id='line_1_101' title="bbox 1895 5235 3463 5310; baseline -0.003 -15"><span class='ocrx_word' id='word_1_769' title='bbox 1895 5238 1988 5295; x_wconf 89' lang='lat' dir='ltr'><strong>sed</strong></span> <span class='ocrx_word' id='word_1_770' title='bbox 2021 5239 2145 5310; x_wconf 89' lang='lat' dir='ltr'><strong>plus</strong></span> <span class='ocrx_word' id='word_1_771' title='bbox 2195 5250 2376 5294; x_wconf 89' lang='lat' dir='ltr'><strong>tamen</strong></span> <span class='ocrx_word' id='word_1_772' title='bbox 2434 5241 2689 5295; x_wconf 65' lang='lat' dir='ltr'><strong>maeroris</strong></span> <span class='ocrx_word' id='word_1_773' title='bbox 2740 5256 2804 5295; x_wconf 84' lang='lat' dir='ltr'><strong>ea</strong></span> <span class='ocrx_word' id='word_1_774' title='bbox 2849 5238 3178 5310; x_wconf 84' lang='lat' dir='ltr'><strong>cogitatione</strong></span> <span class='ocrx_word' id='word_1_775' title='bbox 3240 5235 3463 5300; x_wconf 87' lang='lat' dir='ltr'><strong>dedisti.</strong></span> 
     </span>
    </p>
   </div>
   <div class='ocr_carea' id='block_1_102' title="bbox 1896 5330 3463 5401">
    <p class='ocr_par' dir='ltr' id='par_1_102' title="bbox 1896 5330 3463 5401">
     <span class='ocr_line' id='line_1_102' title="bbox 1896 5330 3463 5401; baseline -0.006 -15"><span class='ocrx_word' id='word_1_776' title='bbox 1896 5331 2205 5401; x_wconf 71' lang='lat' dir='ltr'><strong>cuiusmodi</strong></span> <span class='ocrx_word' id='word_1_777' title='bbox 2237 5346 2339 5386; x_wconf 91' lang='lat' dir='ltr'><strong>nos</strong></span> <span class='ocrx_word' id='word_1_778' title='bbox 2389 5332 2565 5387; x_wconf 84' lang='lat' dir='ltr'><strong>amico</strong></span> <span class='ocrx_word' id='word_1_779' title='bbox 2592 5333 2716 5385; x_wconf 86' lang='lat' dir='ltr'><strong>vivo</strong></span> <span class='ocrx_word' id='word_1_780' title='bbox 2739 5347 2803 5385; x_wconf 85' lang='lat' dir='ltr'><strong>ac</strong></span> <span class='ocrx_word' id='word_1_781' title='bbox 2830 5333 3075 5401; x_wconf 85' lang='lat' dir='ltr'><strong>spirante</strong></span> <span class='ocrx_word' id='word_1_782' title='bbox 3097 5330 3463 5400; x_wconf 80' lang='lat' dir='ltr'><strong>privaremur.</strong></span> 
     </span>
    </p>
   </div>
   <div class='ocr_carea' id='block_1_103' title="bbox 214 5423 3517 5503">
    <p class='ocr_par' dir='ltr' id='par_1_103' title="bbox 214 5423 3517 5503">
     <span class='ocr_line' id='line_1_103' title="bbox 214 5423 3517 5503; baseline -0.003 -17"><span class='ocrx_word' id='word_1_783' title='bbox 214 5430 443 5485; x_wconf 86' lang='lat' dir='ltr'><strong>Utinam</strong></span> <span class='ocrx_word' id='word_1_784' title='bbox 481 5428 696 5483; x_wconf 89' lang='lat' dir='ltr'><strong>tandem</strong></span> <span class='ocrx_word' id='word_1_785' title='bbox 727 5427 863 5481; x_wconf 94' lang='lat' dir='ltr'><strong>illud</strong></span> <span class='ocrx_word' id='word_1_786' title='bbox 891 5433 1106 5494; x_wconf 91' lang='lat' dir='ltr'><strong>tempus</strong></span> <span class='ocrx_word' id='word_1_787' title='bbox 1156 5423 1429 5488; x_wconf 87' lang='lat' dir='ltr'><strong>adveniat,</strong></span> <span class='ocrx_word' id='word_1_788' title='bbox 1460 5438 1569 5493; x_wconf 87' lang='lat' dir='ltr'><strong>quo</strong></span> <span class='ocrx_word' id='word_1_789' title='bbox 1600 5430 1787 5478; x_wconf 85' lang='lat' dir='ltr'><strong>mutua</strong></span> <span class='ocrx_word' id='word_1_790' title='bbox 1825 5427 2228 5483; x_wconf 87' lang='lat' dir='ltr'><strong>consuetudine</strong></span> <span class='ocrx_word' id='word_1_791' title='bbox 2290 5426 2567 5482; x_wconf 87' lang='lat' dir='ltr'><strong>fruamur!</strong></span> <span class='ocrx_word' id='word_1_792' title='bbox 2632 5427 2841 5479; x_wconf 89' lang='lat' dir='ltr'><strong>utinam</strong></span> <span class='ocrx_word' id='word_1_793' title='bbox 2893 5434 3043 5479; x_wconf 87' lang='lat' dir='ltr'><strong>tanta</strong></span> <span class='ocrx_word' id='word_1_794' title='bbox 3095 5426 3225 5479; x_wconf 91' lang='lat' dir='ltr'><strong>mihi</strong></span> <span class='ocrx_word' id='word_1_795' title='bbox 3279 5426 3469 5479; x_wconf 84' lang='lat' dir='ltr'><strong>divmo</strong></span> <span class='ocrx_word' id='word_1_796' title='bbox 3510 5492 3517 5503; x_wconf 19' lang='grc' dir='ltr'><strong>κ</strong></span> 
     </span>
    </p>
   </div>
   <div class='ocr_carea' id='block_1_104' title="bbox 214 5518 1089 5588">
    <p class='ocr_par' dir='ltr' id='par_1_104' title="bbox 214 5518 1089 5588">
     <span class='ocr_line' id='line_1_104' title="bbox 214 5518 1089 5588; baseline -0.013 -7"><span class='ocrx_word' id='word_1_797' title='bbox 214 5522 489 5581; x_wconf 79' lang='lat' dir='ltr'><strong>beneficio</strong></span> <span class='ocrx_word' id='word_1_798' title='bbox 520 5520 750 5576; x_wconf 86' lang='lat' dir='ltr'><strong>felicitas</strong></span> <span class='ocrx_word' id='word_1_799' title='bbox 776 5518 1089 5588; x_wconf 84' lang='lat' dir='ltr'><strong>contingat!</strong></span> 
     </span>
    </p>
   </div>
   <div class='ocr_carea' id='block_1_105' title="bbox 721 5630 1286 5689">
    <p class='ocr_par' dir='ltr' id='par_1_105' title="bbox 721 5630 1286 5689">
     <span class='ocr_line' id='line_1_105' title="bbox 721 5630 1286 5689; baseline -0.002 -1"><span class='ocrx_word' id='word_1_800' title='bbox 721 5634 1063 5689; x_wconf 78' lang='grc' dir='ltr'><strong>ΕΠΙΣΤΟΑΗ</strong></span> <span class='ocrx_word' id='word_1_801' title='bbox 1107 5630 1286 5688; x_wconf 73' lang='lat' dir='ltr'><strong>PMB’.</strong></span> 
     </span>
    </p>
   </div>
   <div class='ocr_carea' id='block_1_106' title="bbox 816 5725 1193 5797">
    <p class='ocr_par' dir='ltr' id='par_1_106' title="bbox 816 5725 1193 5797">
     <span class='ocr_line' id='line_1_106' title="bbox 816 5725 1193 5797; baseline -0.003 -17"><span class='ocrx_word' id='word_1_802' title='bbox 816 5725 1193 5797; x_wconf 77' lang='grc' dir='ltr'>Πυλαιμένει.</span> 
     </span>
    </p>
   </div>
   <div class='ocr_carea' id='block_1_107' title="bbox 294 5811 1789 5908">
    <p class='ocr_par' dir='ltr' id='par_1_107' title="bbox 294 5811 1789 5908">
     <span class='ocr_line' id='line_1_107' title="bbox 294 5811 1789 5908; baseline -0.005 -28"><span class='ocrx_word' id='word_1_803' title='bbox 294 5824 427 5880; x_wconf 76' lang='grc' dir='ltr'>Οὐδὲ</span> <span class='ocrx_word' id='word_1_804' title='bbox 458 5824 555 5895; x_wconf 79' lang='grc' dir='ltr'>τὴν</span> <span class='ocrx_word' id='word_1_805' title='bbox 592 5839 687 5893; x_wconf 86' lang='grc' dir='ltr'><strong>σην</strong></span> <span class='ocrx_word' id='word_1_806' title='bbox 721 5820 1041 5892; x_wconf 79' lang='grc' dir='ltr'>Ἡράκλειαν</span> <span class='ocrx_word' id='word_1_807' title='bbox 1070 5819 1295 5890; x_wconf 86' lang='grc' dir='ltr'>ἀνήκοον</span> <span class='ocrx_word' id='word_1_808' title='bbox 1332 5811 1482 5889; x_wconf 77' lang='grc' dir='ltr'>οἶμαι</span> <span class='ocrx_word' id='word_1_809' title='bbox 1510 5813 1789 5908; x_wconf 69' lang='grc' dir='ltr'>γεγονέναι</span> 
     </span>
    </p>
   </div>
   <div class='ocr_carea' id='block_1_108' title="bbox 2362 5625 2965 5689">
    <p class='ocr_par' dir='ltr' id='par_1_108' title="bbox 2362 5625 2965 5689">
     <span class='ocr_line' id='line_1_108' title="bbox 2362 5625 2965 5689; baseline 0 -9"><span class='ocrx_word' id='word_1_810' title='bbox 2362 5625 2694 5689; x_wconf 69' lang='grc' dir='ltr'><strong>ΕΡΙΞΤΟΙΑ</strong></span> <span class='ocrx_word' id='word_1_811' title='bbox 2734 5625 2821 5682; x_wconf 78' lang='lat' dir='ltr'><strong>CX</strong></span> <span class='ocrx_word' id='word_1_812' title='bbox 2834 5625 2965 5681; x_wconf 74' lang='lat' dir='ltr'><strong>LIX.</strong></span> 
     </span>
    </p>
   </div>
   <div class='ocr_carea' id='block_1_109' title="bbox 2521 5719 2833 5790">
    <p class='ocr_par' dir='ltr' id='par_1_109' title="bbox 2521 5719 2833 5790">
     <span class='ocr_line' id='line_1_109' title="bbox 2521 5719 2833 5790; baseline 0.006 -18"><span class='ocrx_word' id='word_1_813' title='bbox 2521 5719 2833 5790; x_wconf 74' lang='lat' dir='ltr'><strong>Pyla&#39;mem&#39;.</strong></span> 
     </span>
    </p>
   </div>
   <div class='ocr_carea' id='block_1_110' title="bbox 1965 5810 3466 5887">
    <p class='ocr_par' dir='ltr' id='par_1_110' title="bbox 1965 5810 3466 5887">
     <span class='ocr_line' id='line_1_110' title="bbox 1965 5810 3466 5887; baseline -0.003 -18"><span class='ocrx_word' id='word_1_814' title='bbox 1965 5811 2149 5886; x_wconf 83' lang='lat' dir='ltr'><strong>Neque</strong></span> <span class='ocrx_word' id='word_1_815' title='bbox 2184 5822 2333 5871; x_wconf 86' lang='lat' dir='ltr'><strong>tuam</strong></span> <span class='ocrx_word' id='word_1_816' title='bbox 2365 5814 2680 5872; x_wconf 86' lang='lat' dir='ltr'><strong>Heracleam</strong></span> <span class='ocrx_word' id='word_1_817' title='bbox 2719 5822 2852 5887; x_wconf 89' lang='lat' dir='ltr'><strong>puto</strong></span> <span class='ocrx_word' id='word_1_818' title='bbox 2888 5816 2953 5871; x_wconf 81' lang='lat' dir='ltr'><strong>de</strong></span> <span class='ocrx_word' id='word_1_819' title='bbox 2981 5813 3296 5871; x_wconf 73' lang='lat' dir='ltr'><strong>Alexandro</strong></span> <span class='ocrx_word' id='word_1_820' title='bbox 3319 5810 3466 5869; x_wconf 60' lang='lat' dir='ltr'><strong>celso</strong></span> 
     </span>
    </p>
   </div>
  </div>
