3928 6524
485 408 617 466 1551

1501 394 1767 454 SYNESII
1805 387 2270 451 PTOLEMAIDIS
2304 384 2615 445 EPISCOPI
3157 438 3163 443 ,

483 538 593 583 tam
626 540 769 587 esse,
831 524 923 592 qui
973 519 1115 591 apud
1171 534 1271 575 nos
1323 518 1747 589 philosophatus
1789 523 1894 575 est,
1936 513 2053 566 viro

2177 508 2254 563 τοῦ
2295 508 2427 579 παρ’
2472 507 2604 577 ἡμῖν
2634 494 3091 574 φιλοσοφήσαντος
3135 492 3511 562 Ἀλεξάνδρου,
3547 485 3719 558 ἀνδρὲς

3580 369 3711 424 1552

478 618 757 689 ejusmodi
811 590 904 685 qui
960 590 1163 683 ubique
1214 624 1410 682 magna
1461 618 1545 665 est
1588 623 1713 662 cum
1769 603 1941 675 gloria
2000 611 2054 656 et

2177 597 2468 670 ιπανταχοῦ
2498 596 2782 659 διαϐάντος
2815 593 2951 665 μετὰ
2983 590 3161 661 δόξης.

480 710 888 769 existimatione
922 716 1173 761 versatus
1210 723 1223 760 :

553 804 735 858 Mutus
767 801 917 856 homo
947 810 1045 862 est,
1077 798 1164 869 qui
1191 814 1293 850 non
1324 793 1523 850 Alcidae
1549 790 1834 846 admoverit
1863 805 1977 843 ora.

552 892 731 963 Hujus
794 891 939 946 [ilius
976 887 1339 944 consobrinus
1372 900 1527 939 meus
1570 883 1672 938 has
1699 879 1803 935 tibi
1846 879 2057 932 litteras

492 987 679 1048 dabit,
734 984 830 1055 qui
882 982 948 1037 ad
1011 981 1181 1052 patris
1240 977 1641 1033 aemulationem
1698 988 1808 1028 non
1868 969 2055 1025 habitu

484 1080 610 1151 ipso
632 1118 648 1143 ,
685 1077 781 1133 sed
817 1077 1002 1130 animo
1030 1089 1151 1128 sese
1195 1070 1449 1126 contulit.
1489 1067 1660 1139 igitur
1687 1064 1755 1120 ad
1791 1061 2058 1133 nequissi-

486 1187 604 1226 mos
637 1168 885 1224 homines
914 1166 1086 1228 vadit,
1123 1174 1182 1218 ut
1228 1161 1483 1216 llerculis
1526 1173 1680 1213 more
1733 1155 1965 1227 patriam
1988 1153 2059 1208 ab

487 1262 556 1316 iis
591 1266 870 1329 repurget,
1100 1269 1228 1309 vero
1260 1254 1492 1317 scilicet,
1535 1258 1590 1305 et
1643 1248 1875 1304 Hercule
1919 1260 2059 1315 opus

488 1351 622 1415 fuit;
667 1350 761 1405 sed
815 1358 868 1404 et
916 1348 1059 1401 Iolao
1108 1346 1260 1402 socio
1321 1353 1484 1414 atque
1545 1341 1824 1412 adjutore.
1872 1337 2061 1408 Itaque

492 1441 663 1497 Deum
689 1441 907 1512 quidem
944 1441 1035 1495 ille
1066 1439 1168 1495 sibi
1201 1438 1349 1493 omni
1383 1452 1484 1507 ope
1521 1450 1647 1489 cum
1675 1433 1803 1489 vitae
1832 1429 2059 1501 integri-

486 1540 619 1597 tate.
651 1541 767 1586 tum
801 1531 969 1585 animi
1008 1530 1213 1600 pietate
1239 1526 1557 1599 propitiabit
1577 1540 1640 1579 ac
1666 1524 1865 1579 ﬂectet.
1886 1520 2060 1575 Tuam

489 1641 623 1682 vero
654 1625 731 1679 illi
754 1640 851 1695 per
877 1624 1087 1677 litteras
1117 1636 1216 1691 pro
1248 1619 1376 1673 lolai
1409 1616 1651 1671 amicitia
1680 1614 2061 1670 conciliamus.

488 1718 723 1773 Tantum
749 1729 914 1786 porro
945 1714 1093 1768 illius
1126 1708 1533 1772 consuetudini,
1561 1715 1827 1777 quantum
1860 1712 2064 1760 nostra:

490 1807 719 1861 tribues.
743 1803 899 1871 Quod
934 1803 980 1857 si
1005 1801 1370 1857 adolescentis
1394 1798 1765 1854 familiaritate
1789 1812 1922 1852 usus
1948 1794 2067 1850 fue-

2161 782 2369 853 Κωφύς
2395 780 2570 847 ἀνὴρ,
2602 778 2671 843 ὃς
2704 774 2984 844 Ἠρακλεῖ
3004 774 3199 842 στόμα
3230 768 3316 839 μὴ
3344 764 3719 836 παραϐάλλῃ.

2230 876 2434 929 Τούτου
2467 874 2595 934 παῖς
2616 910 2632 933 ,
2666 868 2795 939 ἐμὸς
2819 866 3056 935 ἀνεψιὸς,
3084 862 3335 916 ἐπιδώσει
3378 876 3464 912 σοι
3492 859 3594 927 τὴν
3616 858 3724 910 ἑπι-

2162 966 2373 1037 στολὴν,
2407 964 2498 1017 τὸν
2549 961 2797 1032 πατρῷον
2828 958 2992 1029 ζῆλον
3020 953 3375 1014 ύπεισελθὼν,
3423 952 3489 1003 ού
3528 950 3614 1003 διὰ
3636 949 3724 1017 τῆς

2164 1055 2375 1127 στολῆς,
2406 1053 2541 1108 ἀλλὰ
2564 1052 2651 1105 διὰ
2679 1051 2775 1120 τῆς
2804 1049 3047 1117 γνῲμης.
3082 1045 3365 1097 Στέλλεται
3394 1037 3494 1093 οὖν
3523 1040 3614 1092 ἐπὶ
3644 1054 3730 1090 πο-

2162 1151 2358 1222 νηροὺς
2397 1147 2626 1218 ἄνδρας,
2654 1145 2744 1197 τὸν
2798 1140 3116 1213 Ἡράκλειον
3147 1136 3347 1209 τρόπον
3391 1130 3734 1201 ἐκκαθαίρων

2162 1238 2341 1294 αὐτῶν
2368 1237 2467 1309 τὴν
2502 1234 2751 1306 πατρίδα.
2812 1231 2945 1286 Θεοῦ
2983 1229 3040 1283 δὲ
3077 1228 3183 1281 ἔδει
3209 1228 3382 1293 δήπου
3427 1225 3528 1276 καὶ
3574 1223 3735 1293 Ἠρα-

2164 1332 2354 1395 κλέους
2373 1349 2387 1362 ⁸
2419 1330 2480 1384 ού
2520 1329 2625 1400 μὴν
2647 1326 2781 1381 ἀλλὰ
2808 1324 2904 1378 καὶ
2927 1323 3101 1377 Ἰόλεω
3140 1320 3431 1391 συμμάχου
3454 1318 3550 1371 καὶ
3573 1332 3739 1386 παρα-

2165 1426 2386 1480 στάτου.
2433 1422 2639 1478 Οὐκοῦν
2671 1421 2763 1474 τὸν
2820 1420 2917 1490 μὲν
2957 1416 3087 1470 Θεὸν
3117 1412 3293 1483 ἑαυτῷ
3338 1415 3615 1481 ποριεῖται
3655 1409 3737 1461 τὸν

2165 1516 2351 1569 ἐνόντα
2386 1514 2619 1585 τρόπον,
2661 1510 2756 1566 καὶ
2805 1508 3119 1579 προσκλινεῖ
3163 1504 3279 1574 βίου
3327 1519 3389 1554 τε
3436 1502 3610 1572 ἀρετῇ
3652 1499 3739 1551 καὶ

2167 1606 2391 1678 γνώμης
2416 1602 2666 1674 εὐσεϐείᾳ
2688 1619 2702 1634 ο
2736 1602 2834 1673 τὴν
2863 1600 2921 1653 δὲ
2951 1600 3049 1671 σὴν
3083 1597 3283 1666 φιλίαν,
3306 1595 3430 1648 ἀντὶ
3457 1592 3741 1664 τῆςίἇλεω

2170 1698 2542 1771 μνηστεύομεν
2572 1698 2731 1767 ἡμεῖς
2764 1693 2910 1764 αύτῷ
2943 1692 3028 1746 διὰ
3054 1690 3154 1760 τῆς
3188 1688 3505 1750 ἐπιστολῆς.
3539 1686 3739 1757 Συνέσῃ

2165 1792 2223 1846 δὲ
2246 1791 2483 1846 τοσαῦτα
2508 1789 2675 1860 αὐτῷ,
2706 1790 2806 1842 ὅσα
2845 1788 2994 1858 ἡμῖν.
3023 1784 3142 1838 Κᾶν
3173 1782 3358 1853 χρήσῃ
3382 1784 3450 1851 τῇ
3482 1780 3633 1849 φιλίᾳ
3653 1778 3738 1831 τοῦ

488 1897 589 1961 ris,
620 1896 843 1950 omnino
866 1911 951 1948 me
973 1908 1078 1947 non
1110 1891 1314 1945 malum
1344 1890 1683 1945 laudatorem
1704 1886 1877 1942 fuisse
1896 1884 2067 1941 dices.

2177 1883 2476 1949 νεανίσκου,
2507 1882 2722 1945 πάντως
2751 1880 2896 1951 ἐρεῖς
2921 1878 2982 1931 ού
3010 1876 3211 1947 φαῦλον
3236 1872 3536 1943 ἐπαινέτην
3556 1871 3677 1941 ἐμὲ.

1030 1998 1370 2059 EPISTOLA
1409 1999 1515 2056 CL.

1173 2093 1382 2148 Eidem.

558 2192 700 2248 Num
733 2200 788 2245 tu
838 2189 973 2244 mihi
1021 2186 1385 2257 philosophus
1443 2181 1868 2255 perseverabis?
1920 2178 2063 2234 Num

493 2285 583 2340 ille
608 2324 623 2349 ,
663 2298 827 2352 quem
865 2278 1101 2349 reliqui,
1154 2277 1489 2348 Pyla‘mcncs
1513 2312 1529 2339 ,
1562 2287 1754 2329 recens
1781 2269 2065 2327 absolutus

492 2376 730 2437 animus,
762 2371 1121 2438 divinumque
1151 2365 1377 2421 semen?
1406 2363 1647 2434 Tempus
1677 2362 1813 2417 illud
1847 2375 2064 2429 vereor,

492 2464 638 2537 quod
674 2463 742 2517 ab
765 2469 889 2516 ortu
924 2459 1238 2514 intercessit
1269 2475 1284 2522 ;
1317 2457 1599 2526 multoque
1630 2454 1805 2526 magis
1833 2467 2067 2508 consue-

492 2556 737 2610 tudinem
785 2552 887 2606 l‘ori
933 2564 1160 2611 vereor,
1191 2564 1259 2603 ne
1284 2546 1673 2617 multiplicium
1708 2558 1975 2609 casuum,
2004 2556 2068 2598 ac

493 2645 841 2717 negotiorum
903 2640 1157 2695 tractatio
1212 2638 1621 2695 sanctissimum
1667 2637 1927 2707 templum
1985 2635 2070 2691 in-

493 2739 725 2810 quinet;
758 2749 973 2791 sacram
1007 2740 1243 2787 mentem
1286 2740 1437 2785 tuam
1478 2728 1745 2800 intelligo,
1773 2741 1936 2797 quam
1970 2741 2069 2797 ego

494 2825 549 2879 in
602 2824 793 2894 paucis
844 2823 1226 2893 dignissimum
1279 2820 1371 2877 Dei
1445 2818 1899 2889 conceptaculum
1948 2833 2071 2873 esse

495 2922 752 2978 arbitror.
786 2918 1003 2974 Memini
1029 2934 1114 2973 me
1140 2918 1361 2987 quidem
1387 2916 1518 2971 olim
1542 2915 1599 2969 in
1618 2916 1761 2970 votis
1786 2913 2066 2974 habuisse,

496 3027 605 3067 una
638 3020 816 3067 tecum
844 3008 1205 3080 philosophia:
1246 3022 1404 3062 sacra
1434 3006 1733 3061 celebrare.
1785 3003 1891 3059 Sed
1934 3018 2071 3075 quo-

497 3103 646 3158 niam
679 3102 801 3171 plus
824 3099 967 3169 apud
997 3107 1049 3154 te
1080 3098 1267 3168 patriae
1287 3097 1528 3150 charitas
1562 3097 1773 3166 potuit,
1814 3095 1917 3149 hoc
1947 3110 2071 3165 pre—

508 3201 671 3249 catus
702 3207 846 3255 sum,
885 3198 944 3245 ut
992 3204 1319 3260 quacunque
1351 3198 1510 3243 terrae
1554 3188 1608 3240 in
1643 3194 1795 3256 parte
1824 3185 2068 3255 degeres,

499 3303 600 3359 pro
624 3285 771 3341 virili
803 3287 857 3339 in
887 3284 1285 3354 philosophiam
1312 3283 1681 3337 incumberes.
1706 3280 2069 3348 Quamobrem

499 3396 717 3436 sacrum
755 3390 907 3433 tuum
962 3386 1127 3448 caput
1178 3378 1390 3440 saluto,
1435 3378 1743 3444 iterumque
1780 3391 1843 3428 ac
1873 3374 2073 3443 saepius

504 3469 739 3523 amicum
789 3475 950 3537 caput
985 3468 1165 3522 saluto
1190 3506 1204 3531 ,
1258 3464 1372 3521 sive
1406 3476 1594 3521 tacens
1618 3507 1633 3530 ,
1668 3466 1786 3519 sive
1816 3466 2071 3534 loquens,

505 3560 621 3616 sive
649 3558 919 3623 scribens,
951 3558 1067 3612 sive
1103 3557 1239 3611 nihil
1276 3556 1545 3611 scribens.

1037 3665 1376 3722 EPlSTOLA
1417 3665 1547 3720 CLI.

1194 3777 1395 3833 Eidem.

576 3874 933 3947 Pylaemenem
960 3885 1046 3926 me
1074 3878 1226 3941 puta,
1255 3870 1435 3939 ipsum
1466 3870 1707 3924 animum
1746 3869 1930 3924 animo
1955 3870 2077 3939 ipso

510 3966 818 4037 complecti.
865 3964 1073 4019 Desunt
1120 3962 1255 4016 mihi
1286 3961 1453 4016 verba
1498 3961 1698 4031 quibus
1739 3969 1951 4031 quanta
1991 3969 2076 4016 est

507 4052 807 4108 voluntatis
841 4050 1010 4104 animi
1044 4049 1148 4104 mei
1179 4049 1263 4103 vis
1292 4048 1628 4113 etl‘undatur,
1664 4050 1747 4106 vel
1788 4052 1973 4120 potius
2009 4065 2077 4105 ne

512 4146 631 4215 ipse
658 4143 875 4214 quidem
917 4141 1147 4196 allectus
1192 4139 1499 4207 cuiusmodi
1541 4156 1670 4211 erga
1708 4148 1762 4196 te
1805 4142 1859 4195 in
1893 4140 2077 4197 animo

514 4251 636 4292 meo
662 4234 816 4299 insit,
850 4232 1095 4287 invenio.
1129 4230 1236 4285 Sed
1258 4231 1422 4285 homo
1442 4231 1662 4301 quidam
1695 4231 1903 4287 exstitit
1929 4246 2078 4285 ama-

513 4327 780 4381 toriarum
838 4339 1024 4380 rerum
1075 4322 1324 4393 peritus,
1390 4323 1545 4377 Plato
1608 4324 1883 4379 Aristonis
1933 4323 2077 4379 [ilius

513 4423 865 4479 Atheniensis
899 4423 952 4476 in
989 4420 1250 4475 amatoris
1295 4428 1514 4481 natura,
1548 4431 1725 4486 eoque
1754 4417 1899 4487 quod
1930 4418 2077 4471 circa

514 4513 741 4571 delicias
762 4529 890 4570 suas
912 4514 1015 4569 sibi
1041 4512 1291 4567 accidere
1320 4510 1503 4571 vellet,
1532 4508 1857 4563 inveniendo
1880 4510 2074 4573 solers,

2688 1992 3030 2047 ΕΠΙΣΤΟΛΗ
3066 1985 3192 2043 PN'.

2796 2084 2881 2150 Τῷ
2912 2082 3091 2149 αὐτῷ.

2234 2175 2385 2253 Ἀρά
2429 2196 2519 2251 μοι
2569 2180 2750 2249 μενεῖς
2794 2175 2918 2249 [γρ.
2953 2175 3167 2248 μένεις]
3219 2174 3559 2245 eadem;
3601 2169 3739 2241 Ἆρα

2168 2275 2372 2339 ἐκεῖνος
2422 2274 2479 2327 ὂν
2532 2270 2862 2327 ἀπολέλοιπα
2884 2310 2900 2336 ,
2955 2267 3303 2338 Πυλαιμένης
3333 2308 3350 2331 ,
3405 2270 3442 2337 ἡ
3498 2265 3739 2334 νεοτελὴς

2147 2366 2329 2438 ’ψυχὶμ
2362 2364 2424 2420 τὸ
2452 2365 2670 2435 σπέρμα
2687 2363 2748 2416 τὸ
2774 2363 2915 2416 θεῖον
2940 2378 2954 2426 ;
3000 2360 3165 2413 Φοϐοῦ
3174 2378 3270 2431 μαι
3308 2359 3400 2412 τὸν
3430 2359 3626 2430 χρόνον
3652 2357 3738 2408 τὸν

2168 2457 2275 2512 ἀπὸ
2297 2457 2581 2526 γενέσεως.
2611 2455 2798 2508 Πλεῖον
2823 2451 3091 2523 φοϐοῦμαι
3115 2451 3211 2521 τὴν
3232 2450 3458 2520 ὁμιλίαν
3488 2450 3587 2519 τῆς
3613 2449 3738 2516 ἀγο-

2171 2552 2299 2619 ρᾶς,
2343 2549 2404 2603 τὸ
2449 2546 2848 2601 ὲνειλινδεῖσθαι
2892 2544 3021 2616 [πρ.
3057 2540 3337 2614 ὲγκα).ιν.]
3382 2544 3609 2612 συχναῖς
3643 2541 3737 2609 ήδη

2166 2641 2358 2712 τύχαις
2383 2640 2477 2694 καὶ
2509 2638 2761 2710 πράξεσι,
2789 2638 2862 2709 μὴ
2893 2635 3096 2708 μολύνῃ
3125 2635 3218 2688 τὸν
3257 2633 3568 2702 ἁγιιίιτατον
3588 2631 3737 2698 νεὼν,

2168 2731 2259 2787 τὸν
2291 2731 2417 2786 νοῦν
2445 2749 2538 2785 σου
2565 2732 2656 2785 τὸν
2700 2729 2873 2801 ἱερὸν,
2919 2728 2978 2782 ὃν
3004 2726 3112 2796 ἐγὼ
3138 2726 3253 2797 μετ’
3280 2724 3487 2793 ὀλίγων
3515 2723 3738 2787 titinius-

2166 2846 2259 2883 τον
2288 2828 2526 2900 ἠγοῦμαι
2550 2827 2672 2900 [γρ.
2704 2824 2952 2897 ἥγημαι]
2977 2824 3135 2893 δοχέα
3157 2821 3313 2875 Θεοῦ.
3354 2821 3469 2874 Καὶ
3494 2818 3611 2873 οἶδα
3647 2819 3739 2888 μέν

2168 2938 2253 2975 τοι
2288 2922 2635 2992 ωνεργιάσαι
2667 2936 2750 2972 σοι
2776 2918 2846 2971 τὰ
2884 2916 3199 2987 φιλοσοφίας
3220 2914 3388 2983 εύχήν
3430 2929 3565 2965 ποτε
3588 2928 3738 2981 ποιη-

2172 3013 2423 3084 σάμενος,
2471 3011 2622 3065 Ἐπεὶ
2647 3011 2692 3064 δ’
2715 3004 2818 3063 οὖν’
2836 3008 3096 3079 κρείττων
3121 3008 3148 3058 ὁ
3180 3005 3279 3075 τῆς
3307 3003 3576 3074 πατρίδος
3604 3001 3739 3071 ἔρως

2170 3108 2415 3175 ἐγένετο,
2461 3104 2714 3174 ηὐξάμην
2757 3103 2889 3155 ὅπου
2937 3100 3067 3152 ποτὲ
3109 3098 3212 3166 γῆς
3249 3098 3389 3166 εἴης,
3426 3092 3738 3163 φιλοσοφίαν

2172 3196 2498 3270 ἐργάζεσθαί
2541 3212 2601 3247 σε
2628 3190 2769 3247 κατᾶ
2795 3193 3041 3262 δύναμιν.
3101 3187 3404 3258 Τοιγαροῦν
3424 3182 3737 3253 ἀσπάζομαι

2172 3292 2269 3361 τὴν
2300 3289 2457 3360 φίλην
2498 3286 2740 3356 κεφαλὴν
2764 3328 2779 3351 ,
2814 3286 2909 3338 καὶ
2956 3284 3095 3336 πάνυ
3128 3280 3387 3341 πολλάκις
3427 3278 3737 3343 ἀσπάζομαι

2170 3382 2270 3451 τὴν
2295 3381 2455 3450 φίλην
2504 3376 2763 3448 κεφαλὴν,
2794 3375 2886 3429 καὶ
2910 3372 3101 3443 σιγῶν,
3132 3372 3227 3425 καὶ
3250 3371 3451 3438 λέγων,
3493 3368 3579 3421 καὶ
3606 3365 3739 3435 γρό-

2173 3489 2307 3541 φων,
2336 3472 2431 3525 καὶ
2455 3469 2530 3541 μὴ
2556 3469 2799 3540 γράφων.

2676 3665 3023 3721 ΕΠΙΣΤΟΛΗ
3050 3662 3226 3717 PNA'-

2802 3773 2887 3840 Τῷ
2908 3772 3088 3838 αὐτῷ.

2246 3875 2371 3930 Οἴου
2406 3889 2471 3943 με
2524 3866 2986 3941 περιπτύσσεσθαι
3015 3861 3359 3933 Πυλαιμένην
3378 3901 3394 3925 ,
3445 3858 3619 3930 αὐτὴν
3646 3858 3741 3929 τὴν

2173 3965 2380 4038 ψυχὴν,
2431 3964 2568 4035 αὐτῇ
2612 3964 2678 4032 τῇ
2723 3960 2890 4031 ψυχῇ.
2932 3955 3147 4022 Ἀπορῶ
3179 3953 3356 4020 λόγων
3388 3945 3471 4014 οξ
3502 3951 3741 4020 ἐκκέοιτο

2178 4058 2301 4112 ὅσον
2337 4055 2454 4109 ἐστὶ
2486 4054 2585 4125 τῆς
2620 4050 2843 4121 γνώμης
2889 4066 2990 4120 μου
3032 4046 3093 4100 τὸ
3133 4044 3484 4116 βουλόμενον
3547 4041 3740 4112 μᾶλλον

2171 4146 2233 4201 δὲ
2279 4144 2398 4199 οὐδὲ
2450 4142 2581 4196 αὐτό
2636 4158 2735 4211 μου
2810 4138 2871 4191 τὸ
2916 4135 3123 4200 πάθος,
3180 4133 3285 4188 δτι
3332 4132 3468 4187 τεοτὲ
3522 4136 3639 4186 ἐστι
3684 4130 3741 4183 τὸ

2176 4234 2303 4303 περὶ
2351 4233 2411 4286 σέ
2466 4248 2567 4303 μου
2611 4230 2712 4300 τῆς
2770 4227 2949 4298 ψυχῆς
3006 4224 3321 4296 ἐξευρίσκω.
3394 4222 3644 4291 Ἐγένετο
3684 4220 3738 4273 ἄ

2174 4344 2260 4390 τις
2290 4324 2425 4397 ἀνὴρ
2463 4322 2632 4387 δεινὸς
2668 4321 2735 4376 τὰ
2773 4318 3045 4392 ἐρωτικὰ,
3092 4316 3314 4370 Πλάτων
3342 4316 3371 4367 ὁ
3418 4316 3739 4385 Ἀρίστωνος

2188 4418 2490 4489 Ἀθηναῖος,
2543 4415 2770 4485 εὔπορος
2801 4413 3013 4483 εὑρεῖν,
3056 4408 3271 4470 εὔκολος
3296 4408 3478 4459 είπείν
3514 4403 3737 4476 ἐραστοῦ

2178 4512 2360 4581 φύσιν,
2387 4510 2482 4563 καὶ⁸
2502 4509 2564 4579 δὴ
2586 4509 2678 4561 καὶ
2706 4508 2734 4559 ὅ
2761 4523 2814 4558 τι
2839 4503 2986 4574 αὐτῷ
3015 4500 3262 4571 γενέσθαι
3286 4500 3415 4569 περὶ
3435 4499 3505 4551 τὰ
3526 4498 3740 4550 παιδικὰ

514 4608 573 4662 in
597 4606 919 4676 explicando
951 4605 1191 4660 disertus
1240 4616 1304 4656 ac
1338 4600 1535 4655 facilis.
1564 4598 1743 4665 Quare
1786 4600 1834 4654 is
1865 4615 1962 4669 pro
1993 4615 2069 4655 mc

2183 4601 2429 4674 βούλεται
2446 4615 2459 4628 ·
2498 4600 2593 4653 καὶ
2616 4597 2757 4668 ὑπὲρ
2794 4594 2928 4665 ἐμοῦ
2953 4593 3127 4646 τοίνυν
3161 4589 3476 4660 ἐξευρηκὼς
3500 4606 3559 4640 τε
3580 4590 3737 4646 ἔστω.

514 4705 664 4762 istud
714 4714 768 4760 et
818 4706 1059 4759 inveniat
1105 4713 1159 4759 et
1211 4703 1376 4755 dicat.
1420 4698 1582 4753 Vellet
1624 4696 1816 4765 igitur,
1864 4694 1941 4747 ait
1968 4692 2077 4756 ille,

524 4798 751 4852 Vulcani
774 4798 1001 4867 quadam
1028 4806 1140 4850 arte
1162 4792 1442 4849 colliauari
1462 4803 1510 4845 et
1537 4789 1850 4853 coalescere,
1895 4800 2082 4838 unum-

515 4908 612 4962 que
651 4906 715 4945 ea:
750 4888 1004 4943 ambobus
1028 4888 1177 4957 eﬂici.

893 5000 1056 5072 29o
1091 4995 1424 5054 EPISTOLA
1464 4991 1618 5051 ceu.

1189 5089 1395 5144 Eidem.

585 5186 715 5243 Tuae
747 5186 813 5241 ad
840 5201 944 5242 nos
979 5186 1175 5240 litterae
1207 5180 1502 5251 quotannis
1532 5175 1834 5232 alieruntur
1861 5211 1876 5237 ,
1919 5172 2078 5242 quasi

515 5280 563 5337 is
592 5282 663 5335 sit
694 5280 858 5335 etiam
893 5284 1277 5349 tempestatum
1310 5281 1625 5344 proventus.
1661 5268 1839 5338 Atque
1881 5274 1965 5320 est
1988 5263 2078 5318 ille

514 5371 735 5443 quidem
771 5370 904 5424 mihi
934 5370 1145 5424 fructus
1177 5366 1410 5422 fortasse
1441 5361 1758 5433 jucundior,
1791 5373 1953 5429 quam
1982 5356 2075 5427 qui

489 5464 787 5519 .mensium
812 5461 1209 5525 vicissitudine,
1244 5467 1297 5513 et
1333 5457 1697 5526 agricolarum
1734 5452 1920 5508 labore
1950 5463 2077 5519 pro-

517 5554 709 5610 fertur.
755 5552 835 5608 Tu
885 5569 1015 5612 vero
1076 5552 1262 5622 inique
1310 5549 1485 5611 facis,
1535 5548 1627 5617 qui
1682 5559 1871 5600 earum
1902 5540 2081 5598 nobis

516 5648 845 5716 voluptatem
892 5644 1202 5699 subtrahas.
1236 5640 1440 5696 Verum
1478 5638 1561 5693 l‘ac
1603 5634 1928 5691 sententiam
1962 5647 2081 5684 mu-

522 5748 635 5801 tes,
695 5736 957 5803 uobisque
1010 5735 1113 5789 hoc
1169 5734 1361 5789 saltem
1394 5745 1537 5785 anno
1572 5729 1880 5784 litterarum
1925 5722 2081 5778 uber-

520 5836 688 5883 tatem
719 5828 977 5898 praebeas.

2176 4693 2271 4748 καὶ
2316 4690 2574 4765 εἰρηκώς.
2634 4689 2902 4743 Βούλοιτ¹
2928 4686 3005 4740 ἂν
3048 4680 3192 4748 οὖν,
3223 4682 3387 4753 φησὶ,
3419 4682 3738 4749 Ἡφαίστου

2175 4786 2357 4855 τέχνῃ
2380 4780 2754 4851 συντακῆναι
2773 4796 2838 4833 τε
2857 4778 2957 4833 καὶ
2980 4773 3352 4847 συμφυῆναι,
3372 4774 3474 4827 καὶ
3488 4773 3559 4825 ἐν
3574 4773 3738 4841 ἄμφω

2178 4877 2477 4949 γενέσθαι.

2672 4984 3018 5039 ΕΠΙΣΤΟΛΗ
3050 4979 3218 5036 ΡΝΒ’.

2806 5074 2895 5141 Τῷ
2926 5072 3106 5139 αὐτῷ.

2249 5175 2331 5227 Δι’
2376 5172 2527 5235 ἔτους
2573 5171 2701 5241 ἡμῖν
2739 5169 3046 5235 ἀφικνεῖται
3093 5165 3245 5236 παρά
3289 5162 3385 5216 σοῦ
3418 5163 3737 5234 γράμματα,

2182 5266 2372 5335 ὥσπερ
2401 5263 2507 5317 τῶν
2534 5261 2691 5333 ὡρῶν
2715 5260 2811 5314 καὶ
2835 5259 2989 5312 τοῦτο
3009 5256 3304 5327 φερουσῶν.
3348 5255 3507 5325 Ἐμοὶ
3537 5256 3637 5325 μὲν
3655 5248 3737 5305 οὖν

2185 5360 2314 5421 ῐσως
2348 5354 2557 5426 καρπὸς
2595 5352 2759 5424 ἡδίων
2790 5345 2971 5416 οὗτος,
3001 5349 3036 5420 ἢ
3083 5347 3143 5401 ὃν
3186 5345 3516 5418 ἐκτρέφουσι
3563 5345 3737 5415 una?“

2179 5449 2395 5514 κύκλοι,
2427 5446 2520 5500 καὶ
2551 5443 2804 5515 γεωργοί.
2861 5442 2932 5495 Σὺ
2964 5440 3020 5494 δὲ
3064 5439 3163 5493 ούκ
3189 5438 3255 5493 ἂν
3295 5438 3486 5492 εἰκότα
3515 5437 3731 5504 ποιοίης,

2180 5542 2279 5613 τῆς
2307 5540 2399 5594 ἐπὶ
2424 5538 2631 5602 τούτοις
2659 5538 2804 5609 ἡμᾶς
2847 5532 3179 5606 εὐφροσύνης
3207 5529 3545 5599 ἀποστερῶν,

2186 5630 2415 5703 μετάθου
2440 5629 2537 5701 τὴν
2551 5628 2797 5699 γνώμην,
2831 5625 2921 5681 καὶ¹
2945 5623 3167 5696 ποίησον
3195 5622 3323 5692 ἡμῖν
3343 5619 3405 5672 τὸ
3426 5618 3560 5688 γοῦν
3579 5616 3729 5687 τῆτες

2184 5724 2339 5793 εύετη
2348 5720 2466 5793 ρίαν
2504 5718 2817 5774 ἐπιστολῶν.
