3928 6516
195 406 347 466 1555

712 523 1057 579 ΕΠΙΣΤΟΛΗ
1085 522 1254 578 PNI".

786 617 863 687 Τῇ
889 618 1218 686 φιλοσόφῳ.

265 713 444 784 Τῆτες
464 711 728 782 ὲξήνεγκα
754 710 848 764 δύο
882 710 1060 780 βιϐλία
1094 711 1206 779 (9i)
1227 749 1242 773 ,
1274 709 1336 762 τὸ
1371 708 1498 777 μὲν,
1526 708 1631 761 ὐπὸ
1663 706 1758 759 τοῦ

185 804 329 859 Θεοῦ
361 803 629 873 κινηθείς·
667 802 727 855 τὸ
752 801 830 867 δὲ,
860 801 965 855 ὑπὸ
997 800 1260 871 λοιδορίας
1288 799 1607 871 ἀνθρώπων.
1649 800 1758 851 Καὶ

183 897 302 969 γὰρ
328 896 438 949 τῶν
466 897 525 948 ὲν
543 895 756 960 λευκοῖς
783 894 912 948 ἔνιοι
940 894 1188 966 τρίϐωσι,
1222 894 1315 947 καὶ
1343 893 1451 946 τῶν
1474 894 1531 945 ἐν
1557 895 1756 962 φαιοῖς,

183 988 401 1057 ἔφασάν
432 1005 497 1057 με
516 989 848 1058 παρανομεῖν
863 988 943 1050 είς
970 986 1308 1056 φιλοσοφίαν,
1342 985 1601 1037 ἐπαΐοντα
1622 982 1755 1035 κάλ-

183 1081 316 1145 λους
358 1082 416 1134 ὲν
439 1079 647 1146 λέξεσι,
702 1078 798 1132 καὶ
842 1077 1077 1150 ῥυθμοῦ,
1128 1077 1222 1132 καὶ
1248 1076 1378 1147 ἰτερλ⁵
1426 1076 1667 1146 Ὀμήρου
1704 1092 1757 1127 τι

183 1173 370 1242 λέγειν
398 1171 649 1238 ἀξιοῦντα
666 1213 680 1235 ,
709 1170 805 1223 καὶ
831 1170 937 1223 τῶν
974 1172 1031 1222 ὲν
1059 1172 1180 1232 ταῖς
1208 1166 1516 1240 ῥητορείαις
1547 1164 1758 1236 σχημά-

180 1283 297 1319 των
316 1283 330 1297 ·
356 1264 431 1329 ὡς
458 1264 521 1333 δὴ
550 1264 639 1319 τὸν
665 1262 951 1333 φιλόσοφον
978 1261 1262 1332 μισολόγον
1293 1254 1431 1314 εἶναι
1458 1259 1756 1330 προσήκειν

184 1356 303 1429 [γρ.
341 1354 651 1428 προσήκει],
669 1355 762 1408 καὶ
781 1354 914 1424 μόνα
942 1353 1398 1427 περιεργάζεσθαι
1421 1352 1489 1405 τὰ
1506 1350 1756 1420 δαιμόνια

183 1450 508 1519 πράγματα.
542 1448 650 1501 Καὶ
681 1447 835 1500 αὐτοὶ
859 1446 956 1515 μὲν
986 1444 1180 1516 θεωροὶ
1200 1444 1293 1497 τοῦ
1324 1442 1514 1514 νοητοῦ
1537 1443 1756 1511 γεγονό-

178 1555 310 1601 τες’
342 1538 443 1609 ἐμὲ
475 1538 530 1590 δὲ
557 1537 617 1590 οὐ
653 1536 830 1605 θέμις,
858 1536 989 1588 διότι
1020 1535 1167 1606 νέμω
1196 1534 1321 1589 τινὰ
1355 1534 1548 1605 σχολὴν
1573 1535 1636 1587 ὲκ
1661 1531 1754 1585 τοῦ

181 1632 305 1701 βίου
332 1630 410 1700 τῷ
447 1630 540 1683 καὶ
564 1629 662 1700 τὴν
696 1626 940 1694 γλῶτταν
963 1626 1329 1698 καθήρασθαι,
1370 1627 1464 1679 καὶ
1495 1625 1595 1696 τὴν
1617 1624 1756 1694 γνὼ-

182 1740 297 1793 μην
325 1723 457 1793 ἡδίω
483 1721 751 1790 γενέσθαι.
815 1719 1005 1790 Ἑνῆγε
1028 1720 1136 1791 γὰρ
1164 1719 1362 1782 αὐτοὺς
1391 1720 1471 1782 είς
1498 1717 1558 1771 τὸ
1589 1734 1756 1771 κατα-

175 1816 401 1869 δικάσαι
430 1831 528 1884 μου
558 1812 693 1884 πρὸς
719 1811 888 1882 μόνην
917 1810 1138 1867 παιδιὰν
1166 1809 1468 1880 ἐπιτήδειον
1499 1804 1657 1872 εἶναι,
1692 1808 1755 1861 τδ

174 1910 283 1971 τὰς
307 1905 684 1977 κυνηγετικὴ
730 1906 796 1958 ὲκ
830 1904 932 1974 τῆς
958 1905 1134 1966 οἰκίας
1175 1904 1276 1958 οὐκ
1301 1898 1396 1955 οίδ⁹
1421 1903 1568 1965 ὅπως
1598 1901 1751 1973 διαρ-

179 2000 409 2070 ῥυείσας
434 2041 447 2064 ,
494 1997 892 2067 σπουδασθῆναι
933 1995 1295 2066 διαφερόντως
1322 1994 1425 2047 ὑπὸ
1457 1993 1753 2047 νεανίσκων

177 2093 366 2155 ἐνίων,
412 2085 493 2155 οἷς
543 2089 895 2161 Ἑλληνισμοῦ
922 2106 982 2141 τε
1020 2088 1113 2141 καὶ
1147 2087 1367 2159 χάριτος
1411 2085 1607 2156 ἔμελε*
1658 2085 1752 2139 καί

176 2199 303 2235 τινα
326 2181 433 2234 τῶν
455 2183 519 2235 ὲκ
544 2180 830 2251 ποιητικῆς
864 2177 1140 2249 ἐπιμελῶς
1187 2178 1377 2248 ἔχοντα
1393 2215 1409 2239 ,
1454 2178 1549 2230 καὶ
1571 2193 1752 2246 παρα-

172 2274 461 2328 δεικνύντα
487 2291 538 2327 τι
566 2273 663 2343 τῆς
693 2272 925 2345 ἀρχαίας
969 2272 1152 2343 χειρός
1176 2289 1190 2302 ’
1246 2272 1383 2341 ὅπερ
1417 2272 1509 2324 ἐπὶ
1527 2270 1635 2324 τῶν
1657 2271 1752 2325 ἀν-

173 2368 441 2438 δριάντων
487 2366 664 2433 λέγειν
711 2364 1001 2436 εἰώθαμεν.
1080 2364 1220 2418 Ἀλλ’
1263 2365 1485 2419 ἐκείνων
1524 2366 1575 2419 οί
1625 2364 1747 2434 μὲν,

175 2459 415 2531 ἀμαθίας
441 2459 750 2530 ἡγουμένης
776 2460 868 2513 τοῦ
899 2460 1154 2528 θράσους,
1186 2458 1595 2530 προχειρότατοι
1615 2456 1749 2511 πάν-

172 2566 284 2601 των
306 2548 411 2601 είσὶ
443 2549 571 2617 περὶ
596 2548 690 2601 τοῦ
718 2548 852 2602 Θεοῦ
881 2548 1224 2618 διαλέγεσθαι
1249 2565 1262 2579 ·
1290 2543 1373 2612 οἷς
1403 2549 1468 2603 ἂν
1495 2549 1744 2621 ἐντύχῃς,

171 2641 338 2704 εὐθὺς
386 2641 594 2712 ἀκούσῃ
634 2640 757 2694 τινὰ
785 2642 914 2713 περὶ
944 2641 1050 2695 τῶν
1085 2642 1483 2710 ἀσυλλογίστων
1508 2642 1748 2710 συλλογι-

172 2734 359 2805 σμῶνο
388 2736 482 2787 καὶ
521 2734 595 2805 μὴ
624 2734 891 2804 δεομένων
918 2733 1239 2788 ὲπαντλοῦσι
1270 2733 1379 2787 τῶν
1411 2733 1604 2804 λόγων,
1639 2734 1748 2805 ἰδίᾳ

168 2845 226 2880 τι
266 2826 405 2879 δοκῶ
450 2843 538 2896 μοι
587 2826 840 2897 διαφέρον
873 2826 1075 2891 αὐτοῖς.
1134 2826 1266 2880 Ἀπὸ
1309 2825 1417 2897 γὰρ
1451 2824 1654 2879 τούτων
1687 2826 1747 2878 ὲν

166 2924 293 2984 ταῖς
344 2920 561 2973 πόλεσιν
606 2922 655 2973 οἱ
701 2919 1147 2989 δημοδιδάσκαλοι
1191 2919 1458 2988 γίνονται,
1494 2921 1523 2973 ὁ
1550 2918 1745 2973 ταύτόν

170 3012 296 3083 [γρ.
428 3014 541 3063 ἐστι
570 3010 663 3063 καὶ
694 3010 756 3062 τὸ
786 3010 954 3080 κέρας
980 3010 1079 3078 τῆς
1115 3008 1472 3078 Ἀμαλθείας,
1510 3002 1556 3077 ᾧ
1597 3004 1745 3063 οὗτοι

166 3123 237 3174 γε
265 3106 375 3157 δεῖν
404 3103 608 3156 οἴονται
640 3102 896 3174 χρῆσθαι.
961 3100 1372 3168 Ἐπιγινώσκεις
1392 3142 1407 3166 ,
1436 3099 1587 3172 οἶμαι
1607 3140 1622 3165 ,
1682 3100 1744 3155 τὸ

1356 408 1734 467 EPISTOLIE.
1750 442 1816 454 —
1848 411 2062 472 EPIST.
2097 418 2273 475 CLIII.

1784 524 1835 585 Δ

1785 1863 1828 1920 Β

3287 433 3425 494 1554

2373 531 2707 590 EPISTOLA
2733 535 2909 593 CLIII.
3014 552 3017 553 '

2310 622 2641 696 Philosophe
2681 631 2971 698 magistrae.

1930 711 2075 766 Duos
2127 711 2231 768 hoc
2273 730 2415 769 anno
2470 718 2644 773 libros
2691 721 2878 785 edidi,
2933 722 3164 777 alterum
3222 740 3250 777 a
3291 723 3423 795 Deo,

1857 804 2084 857 alterum
2138 807 2402 862 conviciis
2484 810 2770 865 hominum
2866 813 3154 881 impulsus.
3214 815 3424 872 Etenim

1858 897 2105 951 nonnulli
2170 898 2506 969 candidum,
2556 905 2763 974 pullum
2823 905 2913 959 alii
2967 907 3224 962 amictum
3288 926 3425 980 pra:-

1857 986 2178 1053 ferentium,
2246 1006 2475 1061 peccare
2533 1011 2618 1051 me
2671 995 2726 1050 in
2788 997 3189 1068 philosophiam
3242 1001 3421 1070 jacta-

1856 1078 2021 1144 bant,
2079 1081 2226 1151 quod
2283 1082 2339 1137 in
2394 1085 2575 1140 verbis
2632 1097 2973 1141 venustatem
3028 1106 3425 1163 numerumque

1856 1180 2240 1241 consectarer;
2271 1178 2415 1246 quod
2441 1176 2509 1232 de
2533 1175 2789 1241 Homero,
2816 1182 3162 1252 propriisque
3196 1186 3424 1239 oratorii

1855 1264 2071 1319 artificii
2122 1265 2309 1336 figuris
2358 1268 2690 1324 mentionem
2738 1270 2906 1324 ullam
2948 1270 3229 1328 facerem:
3266 1276 3424 1345 quasi

1855 1356 2240 1427 phiIOSOphum
2294 1359 2597 1414 litterarum
2660 1376 2875 1417 osorem
2940 1378 3065 1420 esse
3131 1377 3423 1436 Oportcat,

1855 1449 2085 1518 solaque
2108 1450 2415 1505 divinarum
2439 1466 2624 1507 rerum
2652 1453 3075 1524 investigatione
3098 1456 3425 1512 distentum.

1855 1539 1919 1594 Et
1943 1541 2017 1595 illi
2051 1542 2269 1611 quidem
2322 1544 2441 1611 ejus
2485 1544 2632 1615 quod
2664 1546 3025 1616 intelligentia
3060 1552 3426 1620 comprehen-

1854 1630 2003 1687 ditur
2052 1636 2423 1702 speculatores
2475 1646 2604 1692 sunt
2648 1653 2661 1689 :
2707 1639 2839 1693 mihi
2888 1647 3069 1694 autem
3118 1642 3271 1697 nefas
3319 1652 3425 1706 est,

1853 1732 2141 1795 propterea
2182 1728 2324 1796 quod
2356 1729 2452 1781 otii
2494 1728 2733 1798 aliquam
2780 1746 2809 1784 e
2840 1732 2951 1784 vita
2990 1739 3200 1799 partem
3249 1734 3435 1787 exime

1853 1816 1920 1869 ad
1952 1816 2190 1886 linguam
2219 1818 2646 1887 procudendam.
2694 1832 3043 1891 mentemque
3079 1823 3264 1892 aliqua
3291 1824 3430 1877 hila-

1854 1907 2015 1963 ritate
2042 1909 2418 1965 recreandam.
2460 1909 2587 1967 Ideo
2616 1921 2797 1968 autem
2842 1914 3062 1968 adducti
3096 1925 3230 1969 sunt
3259 1924 3319 1969 ut
3343 1932 3428 1971 me

1852 1999 1919 2055 ad
1937 2000 2177 2056 ludricra
2217 2005 2484 2058 duntaxat
2512 2003 2767 2059 idoneum
2806 2020 2928 2061 esse
2958 2007 3232 2070 dicerent,
3266 2009 3416 2077 quod

1851 2108 1977 2148 cum
2011 2094 2336 2166 Cynegetica
2362 2111 2481 2151 mea
2514 2098 2702 2153 nescio
2733 2097 3011 2168 quomodo
3038 2100 3175 2154 meis
3201 2115 3267 2153 ex
3295 2098 3426 2153 aedi-

1852 2183 1956 2240 bus
1998 2186 2341 2256 erupissent,
2384 2203 2641 2258 magnum
2674 2188 2941 2258 imprimis
2996 2190 3052 2243 in
3092 2190 3427 2259 quibusdam

1851 2277 2628 2363 adolescentibusexcitarunt
2660 2282 2901 2337 studium
2926 2283 3032 2347 sui,
3065 2286 3155 2353 qui
3182 2282 3426 2339 Graecam

1852 2368 2163 2426 facundiam
2204 2380 2260 2427 et
2300 2373 2539 2442 leporem
2576 2375 2936 2439 adamarent;
2984 2378 3365 2448 nonnullaque
3393 2393 3426 2432 a

1850 2463 2067 2533 poetica
2119 2479 2243 2519 cum
2288 2465 2474 2521 studio
2522 2465 2798 2535 profecta,
2840 2477 2895 2522 et
2944 2468 3183 2539 antiqua:
3229 2485 3428 2526 manus

1849 2556 2055 2627 aliquid
2093 2572 2205 2626 prae
2234 2572 2295 2613 se
2325 2558 2554 2611 ferentia
2584 2558 2920 2627 probarent,
2948 2560 3097 2630 quod
3134 2560 3202 2615 de
3226 2562 3427 2617 statuis

1848 2649 2033 2704 dicere
2059 2651 2322 2705 solemus.
2362 2647 2469 2703 Sed
2516 2650 2662 2703 inter
2692 2649 2817 2705 illos
2853 2651 2969 2716 alii,
3001 2653 3220 2707 inscitia
3245 2652 3425 2707 auda-

1848 2741 1947 2796 ciae
1979 2748 2283 2810 praeeunte,
2324 2740 2569 2794 omnium
2619 2747 2749 2795 sunt
2780 2740 2848 2795 ad
2896 2758 3183 2799 sermones
3212 2743 3280 2798 de
3312 2743 3427 2799 Deo

1848 2831 2217 2887 instituendos
2245 2832 2678 2901 promptissimi;
2703 2833 2755 2887 in
2783 2848 2923 2902 quos
2948 2835 2993 2889 si
3018 2834 3252 2898 incidas,
3283 2850 3425 2905 qua:-

1846 2922 1971 2977 dam
2006 2923 2190 2978 statim
2213 2924 2280 2978 de
2306 2939 2589 2993 perperam
2623 2925 2875 2980 collectis
2904 2926 3425 2983 ratiocinationibus

1845 3017 2034 3072 audies
2069 3035 2083 3072 :
2115 3031 2179 3071 ac
2209 3017 2296 3071 vel
2333 3017 2479 3071 aliud
2524 3018 2815 3087 agentibus
2868 3019 3177 3073 istiusmodi
3209 3035 3424 3075 sermo-

1846 3124 1946 3164 nes
1971 3108 2293 3175 infundunt,
2320 3110 2464 3177 quod
2490 3108 2744 3178 privatim
2779 3124 2901 3173 sua,
2925 3120 2984 3163 ut
3012 3110 3230 3179 opinor,
3259 3111 3423 3164 inter-

167 3203 335 3273 φῦλον
366 3198 520 3252 τοῦτο
542 3198 601 3250 τὸ
628 3195 824 3268 ῥᾴδιον,
850 3196 877 3249 ὃ
894 3195 1166 3249 διαϐάλλει
1188 3196 1440 3264 γενναίαν
1460 3195 1735 3251 ὑπόθεσιν.

1847 3208 1945 3257 est.
1977 3200 2057 3255 Ex
2078 3200 2149 3255 iis
2176 3201 2322 3256 enim
2352 3202 2777 3257 concionatores
2801 3201 2857 3255 in
2883 3202 3200 3257 civitatibus
3234 3203 3368 3256 fiunt
3402 3229 3417 3266 τ

168 3300 319 3371 quod
351 3299 493 3352 idem
540 3304 624 3348 est
670 3308 733 3346 ac
766 3293 811 3346 si
842 3292 1140 3345 Amaltheae
1186 3290 1626 3357 cornu~dixeris,
1680 3307 1790 3365 quo
1828 3294 2048 3365 quidem
2092 3293 2354 3349 utendum
2397 3309 2519 3349 esse
2572 3295 2648 3348 illi
2701 3301 2912 3363 putant.
2956 3294 3260 3364 Agnoscis,
3300 3294 3422 3364 opi-

167 3409 299 3454 nor,
354 3390 567 3443 facilem
622 3400 685 3440 ac
749 3384 1045 3455 proclivem
1095 3382 1378 3437 hominum
1434 3383 1731 3449 nationem,
1771 3399 1891 3454 quae
1948 3400 2272 3454 generosum
2336 3386 2502 3439 animi
2575 3387 2917 3458 propositum
2993 3384 3343 3445 criminatur.

247 3477 408 3538 Οὗτοί
461 3496 527 3549 με
582 3477 847 3548 μαθητιᾷν
895 3476 1106 3538 ἑαυτοῖς
1145 3471 1391 3540 ἀξιοῦσι,
1440 3474 1532 3528 καί
1574 3490 1735 3542 φασιν

165 3573 463 3639 ἀποφανεῖν
496 3568 645 3629 ἐντὸς
676 3566 855 3634 ὀλίγου
879 3565 946 3617 τὰ
966 3564 1092 3634 περὶ
1117 3564 1250 3617 Θεοῦ
1278 3564 1733 3633 παντολμότατον,

166 3666 379 3737 ἡμέρας
406 3662 530 3732 ἑξῆς
562 3660 655 3713 καὶ
691 3660 890 3719 νύκτας
918 3655 1200 3725 ἀγορεύειν
1232 3656 1546 3723 δυνάμενον.
1581 3656 1738 3706 Ἕτε-

167 3757 329 3829 ροιδὲ
357 3756 405 3808 οί
442 3754 658 3807 κάλλιον
698 3748 1023 3820 ᾐσθημένοι,
1058 3747 1345 3818 παραπολὺ
1390 3745 1592 3798 τούτων
1629 3745 1736 3798 είσὶ

164 3848 709 3917 κακοδαιμονέστεροι
747 3840 1026 3909 σοφισταί·
1068 3840 1160 3893 καὶ
1212 3838 1485 3908 βούλοιντο
1530 3837 1627 3906 μὲν
1668 3836 1735 3889 ἂν

164 3943 259 3996 ἐπὶ
296 3944 408 4002 τοῖς
440 3939 622 3999 αὐτοῖς
654 3936 979 4002 εὐδοκιμεῖν*
1026 3932 1141 3985 ἀλλ’
1178 3929 1462 3999 εὐτυχοῦσι
1498 3928 1560 3981 τὸ
1597 3927 1733 3997 μηδὲ

162 4032 320 4085 τοῦτο
344 4026 617 4082 δύνασθαι.
650 4024 757 4077 Καὶ
779 4019 1108 4091 οἷσθόιτινσς
1135 4021 1192 4071 ὲν
1214 4016 1574 4086 λογιστηρίοις
1600 4018 1734 4068 ἀπο-

162 4122 374 4183 δόντας,
403 4120 436 4190 ἦ
467 4120 679 4179 πάντως
708 4115 812 4167 ἀπὸ
837 4115 965 4176 μιᾶς
990 4112 1054 4176 γέ
1084 4128 1176 4164 του
1207 4111 1488 4179 συμφορᾶς
1512 4110 1735 4162 ἀναπει-

164 4214 391 4275 σθέντας
428 4212 484 4262 ὲν
517 4206 830 4279 μεσημϐρίᾳ
859 4203 952 4257 τοῦ
987 4203 1101 4273 βίου
1142 4201 1472 4270 φιλοσοφεῖν,
1500 4200 1606 4252 ἀπὸ
1636 4199 1734 4268 μό-

162 4323 256 4359 νου
281 4302 374 4356 τοῦ
395 4302 518 4363 τοὺς
549 4300 703 4360 θεοὺς
730 4296 1004 4367 ἀπομόσαι
1025 4334 1039 4358 ,
1072 4295 1166 4347 καὶ
1194 4292 1493 4362 κατομόσαι
1521 4293 1735 4345 Πλατω-

162 4396 327 4457 νικῶς
347 4412 360 4425 ·
388 4392 479 4454 οὓς
512 4391 767 4460 φθάσειεν
797 4387 861 4442 ἂν
900 4390 933 4457 ἡ
964 4386 1092 4441 σκιὰ
1137 4385 1483 4457 φθεγξαμένη
1528 4402 1581 4438 τι
1624 4386 1731 4438 τῶν

162 4484 409 4539 δεόντων.
453 4479 608 4549 Δεινὴ
651 4478 707 4531 δὲ
739 4480 887 4547 ὅμως
918 4478 950 4547 ἡ
978 4476 1355 4548 προσποίησις.
1396 4477 1467 4528 ’Ἢ
1514 4494 1573 4528 τε
1624 4476 1731 4549 γὰρ

159 4573 351 4643 ὀφρῦς,
385 4568 546 4638 βαϐαὶ
589 4568 686 4637 τῆς
728 4567 1039 4630 ἀνατάσεως
1083 4568 1163 4633 εἰς
1202 4568 1325 4619 ὅσον
1348 4564 1534 4640 ἦρται·
1576 4570 1727 4639 καὶὴ

157 4663 281 4734 χεὶρ
311 4660 580 4731 ὐπερείδει
617 4661 676 4713 τὸ
717 4659 940 4727 γένειον.
972 4660 1054 4713 Τά
1087 4677 1148 4711 τε
1177 4660 1312 4714 ἄλλα
1353 4679 1731 4733 σεμνοπροσωο

1912 3474 2070 3546 291
2110 3474 2174 3529 lli
2217 3491 2305 3531 me
2343 3477 2399 3531 in
2436 3494 2591 3531 suam
2631 3478 2814 3533 venire
2840 3478 3186 3549 disciplinain
3230 3486 3422 3548 postu-

1841 3567 1985 3629 lant,
2035 3568 2296 3638 brevique
2328 3571 2752 3638 repromittunt,
2794 3586 2880 3625 me
2915 3569 2969 3624 in
3014 3569 3217 3624 divinis
3257 3569 3424 3625 rebus

1841 3658 2267 3713 audacissimum
2298 3675 2398 3715 sua
2432 3676 2596 3730 opera
2634 3661 2917 3723 futurum,
2962 3668 3021 3714 ut
3050 3669 3239 3716 noctes
3272 3661 3421 3715 dein-

1840 3761 1971 3816 ceps
2013 3764 2136 3802 cum
2182 3750 2376 3804 diebus
2429 3750 2766 3820 disputando
2806 3751 3014 3820 possim
3062 3753 3416 3823 conjungere.

1840 3838 1966 3897 Alii,
1997 3837 2091 3906 qui
2119 3840 2313 3895 melius
2333 3842 2597 3901 sentiunt,
2624 3842 2781 3911 longe
2809 3850 2937 3897 sunt
2966 3844 3049 3896 his
3081 3843 3419 3899 infeliciores

1840 3930 2120 3999 scphistae.
2157 3930 2294 3985 Nam
2331 3934 2529 3987 vellent
2571 3934 2606 3987 ii
2653 3933 2871 4003 quidem
2916 3936 3104 3990 eadem
3157 3935 3417 3990 facultate

1839 4018 2064 4085 ﬂorere;
2098 4021 2193 4076 sed
2233 4026 2287 4076 in
2322 4037 2388 4076 co
2418 4023 2605 4079 felices
2630 4034 2791 4087 sunt,
2828 4025 2972 4092 quod
3010 4041 3077 4079 ne
3110 4024 3162 4078 id
3191 4025 3413 4095 quidem

1840 4123 2222 4181 assequantur.
2260 4112 2415 4169 Nosti
2442 4115 2656 4185 aliquos
2681 4156 2694 4177 ,
2726 4116 2817 4186 qui
2848 4117 2901 4169 in
2931 4116 3071 4172 aulis
3097 4117 3413 4171 rationariis

1838 4203 2092 4272 spoliati,
2137 4214 2233 4257 aut
2273 4220 2340 4259 ex
2379 4205 2484 4259 alia
2524 4206 2751 4261 omnino
2788 4208 3098 4263 calamitate
3142 4208 3412 4279 compulsi

1838 4303 1999 4355 sunt,
2041 4304 2101 4350 ut
2144 4296 2197 4350 in
2233 4298 2356 4350 vita:
2393 4298 2551 4367 quasi
2592 4299 2821 4353 meridie
2854 4299 3409 4369 phiIOSOpharentur,

1839 4387 1943 4441 hoc
1988 4386 2108 4458 ipso
2152 4395 2405 4454 tantum,
2451 4388 2596 4457 quod
2641 4389 2923 4443 Platonico
2976 4405 3129 4443 more
3172 4389 3411 4459 jurando

1837 4479 2000 4545 deos,
2045 4489 2305 4551 negarent
2337 4480 2542 4550 aliquid
2580 4491 2674 4534 aut
2715 4489 3067 4545 assererent,
3114 4490 3173 4534 ut
3216 4481 3410 4534 umbra

1838 4574 1989 4643 prius
2035 4574 2169 4629 utile
2209 4581 2375 4643 atque
2419 4582 2787 4643 opportunum
2835 4572 3038 4643 aliquid
3071 4572 3285 4627 dictura
3326 4572 3408 4626 vi-

1836 4663 2050 4719 deatur.
2086 4663 2218 4718 Mira
2242 4664 2598 4718 nihilominus
2621 4665 2898 4719 simulatio
2924 4673 3028 4719 est.
3051 4664 3185 4718 Nam
3216 4679 3408 4734 super-

160 4755 353 4809 ποῦσιν
389 4753 530 4822 ὑπὲρ
560 4751 657 4815 τὰς
683 4751 1046 4820 Ξενοκράτους
1072 4752 1304 4816 εἰκόνας.
1335 4753 1402 4805 Oi.’
1433 4771 1495 4821 γε
1523 4756 1615 4807 καὶ
1643 4773 1730 4808 νο-

1847 4757 2059 4818 cilium,
2109 4758 2292 4826 papae!
2335 4768 2674 4827 quantopere
2715 4758 3012 4812 sublatum.
3053 4756 3241 4810 Manus
3287 4757 3403 4826 ipsa

158 4848 406 4917 μοθετεῖν
446 4846 576 4914 ἡμῖν
613 4844 851 4908 ἀξιοῦσιν
906 4843 1041 4896 am
1090 4843 1241 4911 σφίσι
1288 4844 1727 4911 λυσιτελέστατα,

159 4938 362 5009 μηδένα
396 4936 556 5007 μηδὲν
591 4936 793 5003 ἀγαθὸν
832 4934 1008 4987 εἰδότα
1037 4936 1269 5005 φανερὸν
1301 4932 1457 4989 εἶναι’
1493 4936 1731 5008 ἡγούμε-

155 5048 237 5083 νοι
266 5030 415 5099 σφῶν
436 5029 613 5082 αὐτῶν
634 5028 873 5097 ἔλεγχον,
896 5028 1044 5091 εῐτις
1069 5028 1354 5098 φιλόσοφος
1379 5027 1515 5083 εἶναι
1535 5032 1726 5097 δοκῶν,

154 5120 866 5191 ἐπιστήσεταιφθέγγεσθαι.
898 5120 1059 5172 Αὐτοὶ
1091 5119 1198 5191 γὰρ
1229 5120 1293 5173 ἂν
1323 5121 1428 5174 ὑπὸ
1458 5124 1523 5194 τῇ
1554 5140 1725 5193 προσ-

154 5216 371 5284 ποιήσει
419 5213 620 5275 λαϐεῖν,
646 5214 738 5267 καὶ
772 5213 917 5279 δόξαι
943 5212 1193 5266 τᾶνδοθεν
1216 5208 1353 5289 εἶναι
1388 5214 1578 5283 σοφίας
1608 5218 1731 5271 ἀνά-

154 5306 324 5360 πλεω.
368 5308 568 5375 Ἀμφω
601 5323 669 5375 με
696 5304 869 5359 τούτω
897 5305 975 5358 τὼ
1012 5305 1143 5375 γένη
1178 5306 1617 5378 διαϐεϐλήκατον,
1653 5311 1729 5375 ὡς

154 5401 248 5453 ἐπὶ
275 5402 387 5462 τοῖς
414 5398 621 5463 οὐδενὸς
656 5398 823 5463 ἀξίοις
849 5398 1216 5452 ἐσπουδακότα
1236 5414 1250 5428 ·
1298 5398 1359 5451 τὸ
1393 5400 1511 5469 μὲν,
1539 5400 1620 5453 ὅτι
1649 5402 1725 5473 μὴ

1835 4847 2061 4900 barbam
2108 4845 2368 4901 suifuleit.
2406 4846 2464 4900 In
2521 4848 2735 4903 caeteris
2768 4846 3092 4903 Xenocratis
3140 4848 3406 4918 imagines

1834 4941 2020 4994 vultus
2059 4941 2327 5008 gravitate
2374 4953 2654 5010 superant.
2706 4943 2809 5009 Qui
2858 4942 3079 5012 quidem
3132 4941 3294 4995 etiam
3339 4955 3403 4995 ea

1834 5032 1994 5087 nobis
2025 5033 2144 5099 jura
2180 5033 2530 5100 praescribere
2561 5034 2934 5096 contendunt,
2964 5050 3087 5103 qua:
3120 5033 3253 5102 ipsis
3291 5032 3403 5086 uti-

1835 5125 2043 5181 lissima
2066 5127 2207 5189 sint;
2240 5140 2309 5178 ne
2334 5126 2490 5194 quis.
2518 5126 2612 5195 qui
2642 5126 2769 5180 boni
2794 5127 2997 5196 aliquid
3028 5125 3195 5187 sciat,
3222 5124 3398 5195 palam

1836 5217 1967 5272 illud
2020 5216 2260 5281 habeat;
2318 5216 2400 5270 sui
2450 5217 2693 5285 ipsorum
2744 5214 3226 5286 reprehensionem
3274 5228 3399 5269 esse

1834 5307 1972 5369 rati,
2019 5305 2063 5359 si
2093 5307 2415 5373 quisquam,
2450 5304 2542 5374 qui
2575 5304 2931 5373 pbi1050phus
2965 5317 3088 5357 esse
3117 5302 3394 5365 videatur,

1833 5396 2122 5470 eloquendi
2156 5397 2226 5451 sit
2256 5413 2362 5450 non
2384 5396 2629 5467 ignarus.
2667 5393 2913 5449 Ita”enim
2951 5396 3055 5449 sub
3086 5410 3146 5448 ea
3175 5394 3398 5448 simula-

1387 5534 1567 5592 DION.
1610 5538 1884 5597 PETAVII
1938 5538 2170 5596 NOTIE.

228 5669 340 5737 (9|)
374 5673 683 5744 accusatus
714 5673 782 5726 ab
812 5673 1083 5743 imperitis
1100 5681 1153 5729 et
1181 5674 1377 5744 ineptis
1405 5676 1721 5736 horninibus

150 5742 335 5819 fuerat
388 5738 673 5810 Synesins,
725 5738 987 5806 quod-in
1048 5738 1333 5801 tractanda
1379 5748 1722 5819 philosophia

150 5811 460 5889 orationem
496 5828 650 5889 suam
680 5822 967 5889 venustate
1004 5811 1487 5889 sermonis,_atque
1504 5811 1723 5889 elegan-

151 5892 240 5934 tia:
272 5882 455 5950 lepore
490 5884 735 5939 condiret
775 5901 787 5935 :
824 5883 1084 5942 adversus
1114 5903 1250 5955 quos
1283 5887 1360 5942 De
1396 5882 1723 5955 Dionefscu

1826 5682 1903 5736 De
1925 5682 2027 5735 vim
2060 5698 2157 5733 sua
2205 5678 2524 5745 inscriptum
2575 5675 2779 5745 librum
2822 5673 3040 5728 edidit:
3093 5689 3249 5745 quem
3288 5689 3392 5745 una

1827 5769 1949 5805 cum
1977 5752 2165 5812 altero,
2201 5748 2274 5800 De
2323 5742 2621 5810 insomniis,
2664 5753 2718 5801 et
2745 5743 2821 5800 De
2843 5746 2980 5800 dono
3016 5742 3292 5799 astrolabii
3325 5742 3392 5797 ad

1830 5822 2113 5895 Ilypatiam
2149 5820 2334 5874 mittit.
