3880 6520
478 377 621 437 1555

1516 382 1787 442 SYNESII
1826 383 2293 453 PTOLEMAIDIS
2331 384 2638 453 EPISCOPI

3602 390 3727 446 155‘

469 493 618 548 tione
657 468 982 547 delitescere
1024 508 1084 548 se
1134 503 1325 563 putant
1363 511 1561 568 posse,
1604 508 1665 566 ut
1713 503 1861 560 intus
1900 504 2020 571 plen

2144 502 2313 556 ταύτὰ
2338 503 2581 576 φλυαρῶ·
2606 505 2668 559 τὸ
2698 505 2757 558 δὲ
2778 546 2793 571 ,
2819 506 2899 560 ὅτι
2926 506 3011 578 μὴ
3030 507 3208 578 στόμα
3236 508 3570 576 συγκλείσας
3594 508 3721 577 ἔχω,

465 595 592 638 esse
611 579 890 649 sapientiae
905 580 1215 636 credantur.
1235 583 1412 639 Ambo
1433 601 1518 643 me
1540 587 1822 649 hominum
1846 607 2045 663 genera

465 671 904 735 calumniantur,
940 672 1100 742 quasi
1134 673 1407 731 inutilium
1435 693 1620 735 rerum
1649 682 1849 739 studiis
1879 699 2045 743 occu-

466 765 653 826 patum
686 774 700 811 :
741 755 874 811 illud
909 759 1163 828 quidem,
1208 764 1353 832 quod
1394 780 1501 821 non
1536 769 1725 825 eadem
1765 771 2043 840 eﬂ‘utiam;

463 845 568 901 hoc
590 855 795 912 autem,
817 849 965 917 quod
995 865 1090 907 ore
1125 852 1314 915 clauso
1343 859 1620 926 nou’sim,
1649 877 1825 933 neque
1848 864 2043 920 bovem

463 937 617 991 ilium
639 938 837 1008 linguae
860 942 1234 1011 imposuerim.
1264 946 1545 1013 Adversus
1568 951 1707 1009 istos
1737 968 1877 1025 opus
1911 954 2043 1011 illud

457 1027 847 1085 elucubratum
891 1040 1009 1100 est,
1042 1044 1095 1090 et
1122 1034 1341 1093 illorum
1386 1041 1608 1110 quidem
1652 1046 1807 1110 voci,
1848 1046 2043 1101 horum

460 1135 593 1176 vero
648 1122 871 1179 silentio
916 1128 1172 1200 opposuit
1229 1144 1374 1187 sese.
1424 1132 1562 1201 Nam
1620 1137 1727 1193 etsi
1772 1139 2044 1211 prmeipue

458 1221 655 1270 contra
695 1224 873 1274 mutos
913 1218 1038 1280 illos
1078 1228 1133 1276 et
1173 1221 1389 1280 invidos
1421 1229 1802 1299 progrediatur
1843 1232 2044 1303 (atque

460 1306 566 1360 hoc
586 1305 764 1377 ipsum
791 1324 954 1379 quam
978 1318 1107 1381 apta
1130 1322 1293 1384 putas
1322 1330 1387 1372 ac
1412 1331 1642 1382 venusta
1674 1321 2037 1396 ﬁguratione),

458 1396 822 1457 nihilominus
863 1410 918 1457 et
951 1403 1085 1467 illud
1117 1405 1364 1475 invenit,
1403 1411 1866 1481 quemadmodum
1902 1418 2041 1475 alios

458 1504 569 1543 una
602 1505 821 1562 quoque
852 1494 1133 1563 traheret,
1166 1514 1267 1554 nec
1293 1501 1623 1560 eruditionis
1665 1505 1848 1564 minus
1871 1511 2041 1579 speci-

458 1596 582 1636 men
622 1599 786 1655 quam
816 1589 1149 1656 praeconium
1195 1607 1321 1653 esse
1345 1596 1645 1653 contendit.
1678 1597 1866 1671 Neque
1891 1604 2037 1658 enim

457 1670 731 1743 obiectum
754 1679 964 1743 crimen
989 1679 1198 1759 ejuravi
1216 1724 1231 1750 ,
1262 1686 1357 1746 sed
1379 1726 1395 1752 ,
1426 1702 1536 1758 quo
1562 1670 1801 1761 amplius
1828 1695 2038 1751 morde

456 1776 670 1839 rentur,
694 1769 953 1847 pleraque
975 1774 1346 1844 ambitiosius,
1379 1795 1687 1854 magnoque
1708 1800 1831 1841 cum
1853 1788 2036 1842 studio

457 1860 713 1930 tractavi.
763 1860 1066 1934 Progressu
1121 1868 1341 1926 tandem
1388 1871 1509 1942 ipso
1564 1873 1620 1929 in
1679 1876 1805 1932 vita:
1855 1886 2035 1937 status

456 1952 788 2024 inquirens,
841 1958 1242 2033 philosophiam
1298 1968 1700 2033 commendat.
1774 1980 2034 2044 tanquam

455 2055 699 2120 statuunt
736 2054 1011 2120 omnium,
1049 2058 1540 2132 conditionumque
1576 2066 1700 2121 vita:
1752 2048 2036 2138 sapientis?

454 2140 687 2208 simam,
723 2160 888 2216 quam
927 2148 1242 2219 cujusmodi
1277 2167 1400 2211 esse
1437 2163 1691 2227 oportere
1728 2160 2033 2228 putandum

453 2233 526 2289 sit
544 2274 559 2296 .
583 2248 649 2293 ex
669 2250 835 2306 opere
860 2239 983 2309 ipso
1006 2239 1183 2301 disce.
1210 2241 1434 2300 Demum
1460 2248 1793 2303 scriniorum
1826 2262 2035 2308 nostro-

451 2339 575 2393 rum
610 2329 989 2398 purgationem
1020 2333 1261 2389 continet
1293 2375 1309 2398 ,
1340 2336 1541 2405 quibus
1575 2348 1628 2394 et
1662 2339 1796 2408 ipsis
1834 2343 2033 2397 nonni-

450 2418 531 2487 hil
558 2428 677 2485 erat
704 2421 1107 2493 criminatiouis
1129 2441 1436 2496 aspersum,
1474 2430 1620 2499 quod
1652 2432 2032 2491 inemendatos

450 2508 623 2578 libros
647 2510 931 2579 haberent.
962 2513 1097 2571 Nam
1128 2533 1196 2572 ne
1223 2518 1384 2595 292
1408 2520 1476 2574 ab
1500 2520 1566 2576 iis
1588 2522 1808 2591 quidem
1834 2523 2029 2581 furiosi

451 2613 517 2657 ac
569 2601 720 2657 lividi
782 2603 1033 2663 homines
1092 2607 1500 2665 abstinuerunt.
1539 2610 1659 2670 Jam
1717 2614 1764 2672 si
1816 2615 2029 2687 singula

448 2706 695 2765 congruo
734 2695 930 2753 ordine
966 2698 1208 2770 digesta,
1260 2710 1313 2756 et
1348 2704 1531 2758 omnia
1581 2720 1705 2760 cum
1746 2709 1927 2777 specie
1965 2724 2030 2765 ac

451 2783 652 2846 decore
678 2788 913 2859 quodam
937 2792 1204 2862 explicata
1232 2833 1247 2858 ,
1276 2802 1440 2866 atque
1487 2806 1796 2868 opportune
1837 2800 1905 2856 ad
1933 2815 2028 2859 eas

447 2892 571 2947 qua:
611 2878 812 2950 ubique
853 2894 1220 2950 promuntur,
1264 2886 1669 2958 disputationes
1721 2894 2026 2960 transitus;

447 2969 495 3024 si
528 2984 654 3025 cum
699 2972 954 3040 pluribus
988 2977 1263 3045 capitibus
1309 2978 1714 3052 distinguatur,
1759 2984 1825 3040 ad
1856 2985 2026 3041 divini

447 3063 630 3131 operis
664 3063 1024 3131 imitationem
1049 3111 1063 3133 ,
1107 3067 1320 3131 Phaedri
1354 3072 1587 3138 scilicet,
1616 3090 1776 3144 quem
1807 3076 1875 3132 de
1909 3092 2027 3132 om-

445 3153 609 3210 nibus
657 3155 825 3221 simul
876 3159 1168 3228 generibus
1212 3161 1425 3232 pulchri
1472 3164 1645 3219 edidit
1700 3164 1901 3234 Plato;
1956 3167 2022 3223 ad
2055 3178 2097 3237 ο

445 3261 618 3301 unum
661 3256 841 3315 tamen
889 3250 1073 3311 omnia
1126 3252 1467 3321 propositum
1503 3268 1843 3327 scopumque
1878 3257 2024 3313 colli-

445 3345 647 3403 neant;
699 3338 877 3407 sicubi
912 3340 1108 3409 supina
1167 3356 1232 3396 ac
1276 3342 1470 3412 jacens
1521 3346 1770 3402 narratio
1828 3346 2025 3405 idonea

444 3430 764 3500 probatione
798 3430 1019 3487 suffulta
1052 3442 1166 3501 est;
1192 3443 1248 3489 et
1277 3451 1345 3492 ex
1372 3435 1716 3507 probatione,
1750 3447 2024 3509 quatenus

443 3522 507 3590 in,
550 3522 819 3591 ejusmodi
858 3539 979 3580 esse
1018 3533 1243 3595 potest,
1283 3534 1405 3582 orta
1455 3527 1855 3586 demonstratio
1901 3543 2055 3599 est,

443 3623 499 3675 et
540 3614 596 3670 id
632 3614 777 3686 quod
820 3630 987 3673 causa
1035 3618 1266 3675 alterius
1308 3619 1645 3677 assumitur:
1694 3621 1810 3681 haec
1838 3625 2021 3681 omnia

442 3719 645 3773 munus
682 3706 818 3762 artis
864 3715 919 3777 et
968 3717 1177 3765 natura:
1226 3710 1450 3766 fuerint.
1508 3710 1616 3771 Sed
1657 3713 1912 3789 quisquis
1953 3716 2022 3771 ad

441 3794 685 3861 divinam
726 3797 965 3872 aliquam
1016 3798 1210 3855 faciem
1238 3842 1254 3864 ,
1296 3818 1417 3881 quae
1459 3803 1564 3859 sub
1610 3804 1788 3861 viliori
1846 3805 2020 3863 forma

441 3886 643 3953 lateat,
677 3888 1104 3959 dignoscendam
1137 3892 1360 3949 minime
1400 3894 1552 3950 rudis
1598 3904 1683 3955 est
1720 3904 1776 3952 et
1805 3898 2022 3953 inexer-

441 3978 667 4047 citatus,
684 3978 1141 4056 quemadmodum
1158 3980 1386 4049 Atheqis
1403 3983 1642 4052 artifices
1667 3985 2018 4051 factitabant,

440 4071 537 4142 qui
583 4071 848 4127 Venerem
873 4110 888 4136 ,
927 4080 1022 4139 aut
1059 4071 1276 4141 Gratias
1301 4114 1316 4138 ,
1362 4085 1696 4146 caaterasque
1750 4078 1805 4135 id
1846 4094 2018 4149 genus

440 4164 729 4231 numinum
750 4164 1207 4236 pulchritudines.
1246 4165 1555 4233 Silenorum
1586 4184 1652 4225 ac
1694 4170 2014 4242 Satyrorum

334 4272 337 4287 λ
441 4254 755 4319 sinulacris
789 4256 1142 4321 vestiebant:
1197 4256 1357 4313 facile
1400 4259 1447 4314 is
1493 4258 1868 4332 deprehendet
1923 4264 2017 4325 illo

2150 594 2242 647 καὶ
2272 595 2363 649 τὸν
2404 595 2529 665 βοῦν
2566 596 2657 649 τὸν
2698 597 2904 651 ἐκεῖνον
2931 598 3025 652 ἐπὶ
3063 600 3164 671 τῆς
3198 598 3447 669 γλώττης
3487 599 3723 669 τίθεμαι.

2160 684 2281 737 Ἐπὶ
2305 684 2513 749 τούτοις
2541 687 2797 758 συνετέθη
2823 687 2885 741 τὸ
2918 687 3258 761 σύγγραμμα
3274 731 3291 754 ,
3320 693 3419 744 καὶ
3445 691 3727 760 ἀπήντησε

2144 774 2254 839 τῶν
2278 776 2387 846 ,μὲν
2412 779 2479 848 τῇ
2508 781 2679 850 φωνῇ,
2708 779 2817 837 τῶν
2839 780 2895 837 δὲ
2922 783 2989 852 τῇ
3016 784 3163 853 σιγῇ.
3191 783 3474 853 Προῆκται
3503 782 3612 852 μὲν
3631 784 3729 851 γὰρ

2144 867 2220 929 ὡς
2263 868 2357 921 ἐπὶ
2384 868 2606 934 τούτους
2649 871 2847 935 αὐτοὺς
2871 872 2999 936 τοὺς
3024 872 3274 943 ἀφώνους
3298 893 3360 928 τε
3401 877 3502 928 καὶ
3538 874 3731 943 ﬂand-

2144 974 2288 1024 νους,
2316 958 2456 1027 (πῶς
2480 961 2583 1015 οῖει
2628 962 2746 1033 μετ’
2792 963 3103 1035 εὐπρεποῦς
3131 965 3226 1023 τοῦ
3273 968 3631 1037 σχήματος,)
3672 970 3729 1019 οὐ

2146 1050 2253 1122 μὴν
2275 1050 2391 1105 ἀλλ’
2421 1052 2664 1126 ἐξεῦρεν,
2711 1055 2786 1119 ὡς
2820 1056 2886 1111 ἂν
2911 1058 3198 1123 κάκείνους
3244 1059 3729 1128 συνεφελκύσαιτο.

2143 1142 2254 1198 Καὶ
2281 1142 2526 1213 βούλεται
2557 1148 2654 1217 μὲν
2702 1147 3072 1219 πολυμαθείας
3100 1150 3199 1221 οὐχ
3244 1145 3413 1221 ἦττον
3436 1151 3731 1217 ἐπίδειξις,

2143 1235 2176 1306 ἢ
2206 1235 2481 1308 ἐγκώμιον
2515 1233 2655 1293 εἶναι
2675 1280 2691 1304 ,
2737 1239 2800 1292 οὐ
2832 1240 2941 1311 γὰρ
2973 1242 3339 1315 ἐξωμοσάμην
3371 1243 3481 1305 τὰς
3520 1243 3731 1305 αξτίας.

2141 1326 2255 1380 ἀλλ’
2288 1327 2355 1381 ἵν’
2381 1327 2463 1382 ἔτι
2497 1329 2699 1399 μᾶλλον
2732 1331 2962 1403 ἀνιῷντο
2986 1374 3001 1399 ,
3039 1333 3211 1403 συχνὰ
3238 1335 3332 1388 καὶ
3362 1336 3731 1405 πεφιλοτίμηο

2144 1435 2261 1489 μαι.
2303 1420 2499 1491 Προῖὸν
2527 1421 2585 1476 δὲ
2613 1421 2746 1492 βίων
2782 1423 3022 1494 αἱρέσεις
3050 1424 3348 1493 ἐξετάζειν,
3393 1427 3623 1479 ἐπαινεῖ
3643 1427 3731 1496 τήν

2141 1509 2477 1579 φιλοσοφίαν,
2516 1512 2593 1576 ὡς
2632 1513 3076 1585 φιλοσοφωτάτην
3112 1517 3411 1588 αἱρέσεων,
3461 1519 3537 1587 ἢν
3579 1518 3732 1572 ποίαν

2139 1601 2263 1655 τινὰ
2286 1602 2528 1673 νομιζειν
2555 1598 2693 1658 εἶναι
2720 1604 2849 1677 χρὴ,
2874 1605 2971 1660 τοῦ
3002 1606 3204 1677 βιϐλίου
3224 1608 3536 1662 πυνθάνου.
3556 1609 3732 1662 Τελεδ-

2138 1691 2247 1745 τῶν
2275 1692 2354 1756 δὲ,
2385 1695 2481 1747 καὶ
2512 1694 2654 1767 ὑπὲρ
2681 1696 2789 1753 τῶν
2818 1696 3089 1752 κιϐωτίων
3118 1699 3563 1770 ἀπολελόγηται,
3591 1702 3733 1771 σκάν-

2137 1801 2245 1838 των
2274 1785 2397 1839 τινὰ
2418 1788 2510 1840 καὶ
2535 1787 2738 1842 τούτων
2765 1790 2968 1856 αἰτίαν,
3012 1791 3317 1863 ἀδιόρθωτα
3346 1792 3630 1865 κρύπτειν
3656 1795 3730 1863 3;-

2066 1844 2107 1900 B
2136 1874 2279 1931 ϐλία.
2306 1876 2381 1930 Οὐ
2401 1876 2510 1948 γὰρ
2523 1877 2646 1932 οὐδὲ
2667 1879 2775 1933 τῶν
2791 1844 3046 1936 τοιούτων
3065 1882 3115 1934 0i

2136 1968 2199 2022 Et
2224 1967 2283 2022 δὲ
2306 1969 2536 2024 ἕκαστον
2554 1972 2613 2025 ὲν
2635 1970 2787 2036 τάξει
2806 1974 2874 2042 τῇ
2899 1973 3275 2047 προσηκούσῃ,
3296 1974 3405 2029 καὶ
3430 1976 3617 2030 πάντα
3640 1979 3728 2029 σὺν

2135 2059 2275 2132 ὦρᾳ,
2308 2060 2400 2113 καὶ
2432 2061 2680 2135 ἀφορμαὶ
2710 2062 2918 2117 δίκαιαι
2952 2062 3063 2117 τῶν
3091 2064 3413 2136 ἑκασταχοῦ
3450 2083 3729 2136 προκεχει-

2139 2151 2429 2221 ρισμένωνο
2471 2152 2567 2205 καὶ
2594 2153 2645 2205 εἰ
2685 2152 2969 2224 μερίζεται
3015 2154 3114 2225 μὲν
3146 2154 3366 2209 πλείοσι
3416 2158 3727 2225 gregem

2135 2240 2275 2301 κατά
2314 2242 2377 2296 τὸ
2426 2242 2710 2298 θεσπέσιον
2749 2245 3020 2317 γράμμα,
3055 2246 3146 2300 τὸν
3195 2250 3465 2321 Φαῖδρον,
3505 2252 3568 2305 ὃν
3611 2254 3729 2322 περὶ

2135 2335 2352 2395 πάντων
2381 2334 2519 2406 ὁμοῦ
2543 2335 2651 2389 τῶν
2671 2336 2828 2390 εἱδῶν
2854 2337 2949 2390 τοῦ
2983 2337 3147 2392 καλοῦ
3174 2340 3415 2394 Πλάτων
3444 2342 3721 2413 ἐξήνεγκε·

2137 2425 2520 2497 μεμηχάνηται
2544 2426 2601 2479 δὲ
2626 2426 2838 2481 ἅπαντα
2862 2429 3105 2484 συνεύειν
3134 2433 3211 2495 εἰς
3235 2431 3296 2484 ἒν
3334 2432 3406 2485 τὸ
3438 2435 3727 2503 προκείμε-

2133 2533 2243 2570 νονο
2266 2516 2359 2569 καὶ
2384 2518 2438 2577 εἴ
2462 2534 2565 2571 που
2586 2518 2781 2587 γέγονε
2804 2519 2988 2584 πίστις
3009 2522 3330 2593 ύφέρπουσα
3362 2523 3435 2576 τὸ
3464 2525 3728 2577 and.er

2131 2606 2395 2679 διήγημα·
2417 2609 2511 2663 καὶ
2538 2610 2587 2661 εἰ
2618 2610 2905 2681 προῆλθεν,
2932 2611 3008 2676 ὼς
3037 2613 3095 2665 ὲν
3123 2614 3423 2677 τοιούτοις,
3459 2616 3727 2680 ἀπὸδειξς

2132 2702 2197 2755 ἐκ
2230 2701 2329 2770 τῆς
2368 2702 2624 2767 πίστεωςο
2659 2702 2754 2760 καὶ
2778 2704 2827 2756 εἰ
2855 2703 2915 2758 τὸ
2947 2705 3014 2759 δι’
3044 2706 3171 2760 ἄλλο
3196 2710 3531 2779 γενόμενον⁹
3564 2710 3725 2762 ταῦτα

2135 2791 2234 2862 μὲν
2261 2791 2457 2867 τέχνης
2486 2793 2550 2849 ἂν
2581 2795 2666 2867 εἵη
2699 2793 2846 2866 δῶρα
2872 2796 2968 2850 καὶ
3008 2796 3243 2866 φύσεως.
3288 2800 3495 2863 Ὅστις
3541 2801 3602 2853 δὲ
3636 2803 3725 2854 οὐκ

2130 2880 2479 2952 ἀγύμναστος
2510 2884 2858 2955 ὲπιφωράσαι
2900 2904 2952 2940 τι
2980 2888 3075 2940 καὶ
3108 2888 3414 2960 πρόσωπον
3456 2891 3607 2943 θεῖον
3635 2892 3726 2944 ὑπὸ

2131 2970 2449 3043 φαυλοτέρῳ
2494 2975 2870 3045 κρυπτόμενον
2931 2976 3208 3046 σχήματι·
3256 2978 3462 3050 ὥσπερ
3521 2981 3725 3032 ἔτευξε-,ιν

2144 3060 2433 3134 Ἀθήνῃσιν
2471 3065 2519 3116 οἱ
2563 3063 2905 3136 δημιουργοὶ,
2962 3066 3286 3139 Ἀφροδίτην
3334 3071 3441 3123 καὶ
3483 3071 3725 3139 Χάριτες

2130 3153 2226 3205 καὶ
2246 3152 2470 3207 τοιαῦτα
2500 3154 2665 3226 κάλλη
2707 3156 2844 3210 θεῶν
2877 3157 3157 3229 ἀγάλμασι
3191 3160 3477 3231 Σειληνῶν
3521 3165 3618 3216 καὶ
3639 3164 3725 3217 Σαρ

2126 3244 2307 3315 τύρων
2334 3246 2721 3317 ἀμπίσχοντες·
2760 3247 2949 3302 τοῦτον
2976 3249 3037 3303 ού
3077 3250 3306 3323 λήσεται
3345 3254 3415 3310 τὸ
3447 3256 3686 3325 γράμμα
3707 3296 3721 3314 .

2128 3336 2298 3408 συχνὰ
2350 3338 2444 3391 καὶ
2489 3338 2599 3392 τῶν
2659 3339 2943 3412 ἀϐεϐήλων
2988 3344 3354 3419 ἀποκαλύψαν
3416 3346 3723 3417 δογμάτων.

2137 3428 2272 3482 Ὑπὸ
2304 3431 2369 3500 τῇ
2401 3431 2761 3502 προσποιήσει
2788 3433 2881 3489 τοῦ
2912 3434 3204 3504 παρέλκειν
3248 3437 3490 3509 ἑτέρους
3533 3439 3721 3494 λανθά-

2124 3540 2304 3588 νοντα,
2333 3524 2426 3584 καὶ
2453 3523 2532 3598 τῷ
2579 3524 2699 3580 λίαν
2728 3527 2848 3598 εἰκῆ
2866 3567 2882 3593 ,
2923 3529 3016 3581 καὶ
3044 3529 3119 3592 ὡς
3152 3529 3219 3584 ἂν
3266 3531 3483 3598 δόξειεν
3513 3536 3721 3605 ἀφελῶς

2122 3612 2570 3685 ὲγκατεσπάρθαι
2616 3614 2693 3686 τῷ
2724 3616 2887 3695 λόγῳ.
2917 3618 3037 3672 Τῶν
3072 3620 3171 3697 μὲν
3196 3621 3309 3692 γὰρ
3340 3624 3414 3675 ὲκ
3440 3624 3550 3694 τῆς
3583 3627 3722 3697 σελη-

2123 3706 2315 3777 νιακῆς
2344 3707 2524 3770 αἰτίας
2562 3707 2883 3777 ἀποψύξεων
2907 3711 2958 3763 οἱ
2995 3712 3280 3778 νοσοῦντες
3310 3714 3623 3790 ἐπιληψίαν
3644 3720 3721 3771 αξη

2124 3795 2407 3851 σθάνονται
2452 3796 2632 3868 μόνον·
2679 3799 2787 3851 τῶν
2815 3799 2873 3852 δὲ
2914 3799 3056 3853 κατά
3084 3801 3207 3854 νοῦν
3237 3803 3523 3857 ἐπιϐολῶν
3568 3806 3720 3875 μόναν

2119 3886 2361 3965 δέχονται
2378 3889 2474 3952 τὰς
2501 3888 2820 3960 ὲκλάμψεις,
2840 3886 2921 3954 οἷς
2939 3891 3241 3960 ὑγιαίνουσι
3265 3896 3325 3948 τὸ
3350 3898 3550 3969 νοερὸν
3573 3900 3719 3969 ὄμμα

2121 3980 2237 4049 φῶς
2264 3980 2493 4035 ἀνάπτει
2524 3982 2782 4054 συγγενὲς
2814 3984 2843 4036 ὁ
2874 3983 3025 4050 Θεὸς,
3069 3985 3098 4037 ὃ
3138 3989 3253 4050 τοῖς
3283 4005 3344 4041 τε
3383 3995 3607 4061 mgni;
3632 3994 3716 4046 τοῦ

2119 4073 2279 4137 νοεῖν,
2311 4071 2406 4123 καὶ
2444 4072 2558 4134 τοῖς
2588 4074 2800 4141 νοητοῖς
2833 4074 3004 4134 αἴτιον
3030 4075 3126 4128 τοῦ
3162 4078 3433 4132 νοεῖσθαιο
3471 4083 3717 4153 xasz

2116 4161 2178 4215 τὸ
2207 4160 2333 4236 τῇδε
2361 4161 2476 4232 φῶς
2500 4161 2624 4231 ὄψιν
2655 4163 2913 4225 συνάπτει
2933 4164 3010 4235 τῷ
3037 4165 3315 4237 χρώματι,
3354 4170 3466 4224 κᾶν
3494 4175 3713 4247 ἀφέλῃς,

2116 4251 2404 4323 παρόντος,
2443 4253 2477 4321 ἡ
2517 4251 2652 4323 πρὸς
2680 4252 2812 4306 αὐτὸ
2843 4252 3074 4324 δύναμις
3105 4257 3505 4331 ἀνενέργητος.
3554 4266 3713 4337 Ὑπὲρ

440 4342 497 4411 in
535 4358 698 4415 opere
749 4345 1035 4411 innumera
1072 4345 1329 4417 dogmata
1360 4364 1428 4404 ex
1469 4351 1643 4409 sacris
1690 4352 2016 4425 arcanisque

2129 4343 2180 4414 ἰὴ
2202 4342 2406 4397 τούτων
2430 4344 2685 4409 ἁπάντων
2712 4361 2772 4402 σε
2804 4344 3094 4417 κρίνουσαν
3131 4352 3583 4422 περιμενοῦμεν.
3608 4356 3713 4409 Κᾶν

440 4434 731 4501 declarari,
767 4451 911 4516 quae,
957 4436 1103 4506 quod
1135 4452 1599 4508 supervacuorum
1635 4449 1801 4513 atque
1836 4443 2008 4500 inuti-

2120 4434 2218 4505 μὲν
2248 4434 2460 4506 ψηφίσῃ
2491 4435 2837 4507 προσοιστέον
2861 4431 3020 4501 εἶναι,
3058 4440 3316 4512 ῥήτορσιν
3347 4445 3471 4514 ἅμα
3503 4450 3604 4504 καὶ
3634 4467 3710 4517 φι-

440 4523 575 4579 lium
622 4529 863 4595 speciem
911 4527 1185 4593 habeant,
1246 4529 1503 4599 quodque
1544 4540 1778 4600 temere,
1830 4543 1918 4601 et,
1964 4543 2024 4593 ut

2131 4525 2377 4597 λοσόφοις
2409 4526 2747 4597 ἐκκείσεταιο
2782 4529 2907 4592 τοὺς
2960 4530 3061 4601 μὲν
3107 4531 3215 4604 γὰρ
3258 4533 3389 4603 ἥσει
3413 4578 3430 4601 ,
3483 4540 3620 4603 τοὺς
3661 4540 3709 4593 δὲ

440 4614 677 4685 videtur,
713 4616 1037 4686 simpliciter
1070 4621 1303 4677 orationi
1333 4620 1582 4691 inspersa
1607 4623 1749 4687 sint,
1786 4634 2016 4687 cazteros

441 4705 700 4772 facillime
729 4707 952 4769 lateant.
997 4710 1463 4776 Quemadmodum
1499 4714 1644 4769 enim
1679 4730 1801 4785 qua:
1829 4730 1859 4769 a
1886 4717 2014 4773 luna

440 4798 694 4867 oriuntur
735 4797 1174 4869 refrigerationes
1216 4803 1285 4857 ab
1312 4804 1379 4859 iis
1413 4803 1679 4867 duntaxat
1719 4807 1811 4877 qui
1851 4810 2018 4865 comi-

439 4891 558 4959 tiali
605 4891 799 4946 morbo
850 4892 1139 4960 laborant,
1183 4895 1545 4956 sentiuntur:
1600 4900 1681 4969 sic
1730 4900 2013 4967 notionum

438 4982 640 5039 mentis
679 4982 1073 5051 illustrationes
1100 4985 1204 5040 soli
1233 4985 1311 5039 illi
1340 4988 1563 5057 capiunt
1587 4989 1788 5059 quibus
1818 5006 2011 5055 sanum

438 5073 641 5137 mentis
669 5074 885 5129 oculum
916 5088 980 5139 ac
1008 5072 1328 5130 defaecatnm
1358 5078 1686 5149 habentibus
1715 5090 2011 5151 cognatum

439 5162 585 5220 Deus
610 5166 791 5221 lumen
819 5167 1070 5222 accendit
1096 5181 1111 5219 :
1138 5182 1259 5239 quae
1278 5177 1331 5223 et
1358 5169 1717 5241 intelligentia
1744 5173 2009 5243 praeditis,

440 5256 808 5329 intelligendi,
853 5266 906 5325 et
944 5258 1012 5314 iis
1041 5275 1163 5331 qua:
1190 5261 1605 5330 intelliguntur,
1639 5280 1805 5323 causa
1838 5277 1924 5323 est
1952 5274 2012 5331 ut

442 5343 836 5415 intelligantur.
860 5345 1019 5407 Velut
1045 5357 1291 5419 ttostrum
1312 5350 1445 5419 illud
1471 5355 1804 5426 aspectabile
1826 5357 2011 5425 lumen

442 5435 661 5490 oculum
705 5452 827 5490 cum
865 5439 1047 5493 colore
1088 5441 1407 5512 conjungit;
1454 5459 1564 5513 quo
1606 5458 1906 5514 praesente,
1962 5451 2010 5505 si

442 5527 625 5591 lumen
656 5530 946 5587 sustuleris
971 5571 987 5596 ,
1026 5536 1203 5591 otiosa
1249 5537 1401 5593 illius
1433 5539 1649 5594 videndi
1692 5540 1922 5598 facultas
1958 5553 2012 5599 et

446 5620 561 5677 sine
589 5621 802 5691 actione
825 5634 1027 5680 manet.
1054 5626 1128 5682 De
1159 5630 1226 5684 iis
1255 5632 1508 5688 omnibus
1539 5642 1689 5688 tuum
1715 5636 2007 5691 arbitrium

443 5714 902 5788 exspectabimus.
925 5716 1001 5776 Ac
1056 5720 1103 5773 si
1160 5723 1378 5790 quidem
1437 5725 1822 5793 proferendum
1870 5744 2008 5799 opus

445 5805 592 5873 istud
625 5822 747 5868 esse
773 5808 1085 5875 decreveris
1107 5853 1120 5878 ,
1155 5814 1468 5877 oratoribus
1493 5817 1645 5889 juxta
1681 5828 1735 5874 et
1767 5820 2008 5899 philoso-

2118 4619 2319 4688 ὀνήσει·
2346 4619 2560 4689 πάντως
2590 4636 2655 4688 γε
2681 4659 2696 4683 ,
2731 4621 2781 4672 εἰ
2825 4620 2900 4692 μὴ
2934 4621 3084 4694 παρά
3114 4623 3206 4677 σοῦ
3254 4626 3358 4696 τῆς
3401 4628 3707 4703 δυναμένης

2118 4710 2323 4783 κρίνειν
2372 4711 2821 4785 διαγεγράψεται.
2856 4714 2921 4767 Ei
2966 4715 3023 4769 δὲ
3058 4716 3134 4787 μὴ
3180 4721 3443 4785 φανεῖταί
3488 4740 3579 4777 σοι
3618 4725 3709 4793 τῆς

2116 4803 2223 4857 τῶν
2259 4804 2531 4876 Ἑλλήνων
2573 4806 2746 4886 ἀκοῆς
2794 4805 2966 4873 ἄξιον,
3016 4808 3112 4869 καὶ
3147 4810 3210 4864 σὺ
3256 4811 3314 4864 δὲ
3362 4813 3547 4884 δήπου
3597 4818 3705 4886 μετ’

2129 4894 2529 4975 Ἀριστοτέλους
2573 4884 2823 4967 προτοῦ
2867 4897 3020 4968 φίλου
3073 4900 3172 4969 τήν
3212 4901 3483 4974 ἀλήθειαν
3534 4884 3703 4979 θήσῃ,

2115 4986 2316 5039 πυκνὸν
2344 4987 2439 5041 καὶ
2482 4986 2618 5057 βαθὺ
2656 4988 2845 5052 σκότος
2889 4989 3292 5062 ἐπηλυγάσεται
3310 5035 3326 5063 ,
3355 4996 3455 5049 καὶ
3485 4997 3704 5067 λήσεται

2113 5080 2240 5143 τοὺς
2276 5078 2596 5150 ἀνθρώπους
2623 5080 2933 5151 λεγόμενον.
2965 5083 3149 5151 Ταῦτα
3180 5086 3282 5155 μὲν
3318 5090 3459 5158 περὶ
3488 5091 3699 5143 τούτου.

2113 5170 2349 5243 Θάτερον
2394 5170 2450 5225 δὲ
2480 5174 2509 5225 ὁ
2545 5171 2678 5236 Θεὸς
2704 5174 2800 5226 καὶ⁵
2846 5174 3076 5249 ἐπέταξε
3109 5178 3204 5230 καὶ
3245 5178 3543 5251 ἀνέκρινεν
3593 5182 3697 5256 [περ.

2113 5262 2342 5336 ὲνέκρ.],
2376 5263 2405 5317 ὃ
2437 5266 2503 5335 τῇ
2539 5269 2880 5338 φανταστικῇ
2928 5266 3088 5338 φύσει
3121 5272 3485 5343 χαριστήριον
3515 5276 3697 5328 ἀνατέ-

2113 5354 2305 5424 θειται.
2358 5358 2658 5412 Ἐσκεπται
2699 5358 2757 5419 δὲ
2793 5360 2850 5412 ὲν
2902 5360 3050 5431 αὐτῷ
3087 5363 3217 5435 περὶ
3262 5366 3364 5434 τῆς
3413 5366 3695 5434 εἰδωλιιῆς

2113 5446 2330 5516 ἁπάσης
2363 5446 2574 5517 ψυχῆς,
2620 5449 2714 5501 καὶ
2755 5450 2915 5521 ἕτερα
2959 5438 3097 5504 ἄττα
3134 5454 3591 5524 προκεχείρισται
3619 5457 3695 5509 δό-

2112 5556 2295 5610 γματα
2343 5541 2452 5595 τῶν
2484 5540 2637 5596 οὔπω
2675 5544 3167 5632 φιλοσοφηθέντωνο
3191 5546 3439 5617 Ἕλλησι.
3484 5550 3600 5602 Καὶ
3643 5548 3692 5600 τί

2112 5635 2175 5687 ἄν
2203 5650 2282 5697 τις
2314 5635 2657 5705 ἁπομηκύνοι
2681 5638 2809 5709 περὶ
2839 5637 3004 5691 αὐτοῦ
3029 5657 3043 5704 ;
3068 5638 3182 5691 ἀλλ’
3208 5638 3568 5709 ἐξείργασται
3598 5641 3691 5711 μὲν

2111 5728 2203 5779 ἐπὶ
2245 5728 2371 5796 μιᾶς
2404 5727 2550 5782 ἀπαν
2588 5729 2778 5792 νυκτὸς
2803 5770 2818 5793 ,
2853 5729 3056 5800 μᾶλλον
3090 5730 3148 5785 δὲ
3187 5730 3445 5800 λειψάνου
3475 5733 3685 5795 νυκτὸς,

2113 5820 2143 5886 ἣ
2176 5819 2265 5871 καὶ
2295 5819 2390 5889 τὴν
2419 5820 2540 5889 ὄψιν
2567 5822 2759 5891 ἤνεγκε
2791 5823 2886 5893 τὴν
2918 5825 3044 5893 περὶ
3072 5822 3163 5877 τοῦ
3192 5824 3298 5889 δεῖν
3330 5824 3463 5891 αὐτὸ
3496 5841 3684 5892 0977;-
