3928 6548
167 427 305 483 ιεδτ
1293 389 1674 489 smsromz.
1737 458 1807 469 —
1857 428 2078 485 EPIST.
2139 430 2295 486 cev.
3285 426 3422 486 l558

163 538 436 612 γράφθαι.
468 538 622 591 Ἐστι
653 537 711 592 δὲ
737 531 799 592 οὗ
830 539 939 598 τῶν
974 538 1171 611 λόγων,
1201 542 1283 608 δίς
1325 562 1428 598 που
1471 545 1564 599 καὶ
1595 543 1716 615 τρὶς
1736 582 1751 609 ,

1887 544 1978 599 ιιιίε
2020 552 2372 613 proponetur.
2413 540 2513 597 llis
2554 541 2698 598 enim
2728 541 3062 612 voluptatem
3088 578 3103 604 ,
3134 539 3428 596 utilitatem

166 629 358 700 ὥσπερ
374 646 454 692 τις
468 628 651 699 ἕτερος
671 630 765 697 ὢν,
788 630 1026 702 ἐμαυτοῦ
1055 633 1253 702 γέγονα
1285 635 1422 706 μετὰ
1449 635 1560 689 τῶν
1588 653 1733 707 παρ-

1891 636 1954 690 lis
1988 633 2209 698 afferet;
2251 634 2497 697 omnino,
2528 634 2631 688 nisi
2659 648 2688 686 a
2722 642 2795 694 te,
2830 648 2950 701 quae
2971 632 3225 701 judicare
3252 640 3430 701 potes,

165 722 338 775 όντων
382 721 679 792 ἀκροατής·
729 725 824 776 καὶ
870 722 966 777 νῦν
1016 726 1207 791 ὁσάκις
1240 725 1306 780 ἂν
1344 729 1485 782 ὲπίω
1516 729 1577 781 τὸ
1609 728 1741 799 σύγ-

1887 725 2110 791 ejectum
2134 732 2300 793 atque
2342 724 2624 778 inductum
2653 722 2838 779 fuerit.
2864 724 2961 779 Sin
2993 725 3089 778 tibi
3112 723 3431 778 Graecorum

169 829 444 884 γραμμα,
491 811 774 884 θαυμαστή
823 831 906 879 τις
936 816 1066 893 περὶ
1102 816 1203 888 ἐμὲ
1234 817 1474 882 διάθεσις
1506 819 1743 887 γίνεται,

1887 818 2072 872 urihus
2119 816 2405 884 indignum
2449 816 2698 870 videatur
2729 859 2743 881 ,
2795 827 2851 872 et
2906 832 3030 872 cum
3090 816 3431 879 Aristotele,

172 902 267 956 καί
294 919 376 965 τις
403 902 552 972 ὀμφή
593 919 660 972 με
693 902 812 956 θεία
844 909 1148 981 περιχεῖται
1191 908 1334 962 κατὰ
1376 908 1474 979 τὴν
1508 909 1742 980 ποίησιν.

1887 908 2336 981 ηιίοομθτὶιιιιθηι
2359 907 2727 976 antiquiorem
2760 906 2984 968 habeas,
3010 906 3120 959 alta
3140 905 3428 974 densaque

170 994 242 1048 Et
269 993 327 1046 δὲ
359 993 433 1063 μὴ
469 993 627 1063 μόνον
665 994 726 1047 τὸ
756 995 927 1060 πάθος
956 995 1092 1063 ἐμοῦ
1118 1037 1133 1062 ,
1186 998 1280 1051 καὶ
1312 999 1441 1068 περὶ⁹
1480 999 1666 1070 ἕτερον
1701 1000 1746 1053 δ’

1887 1000 2080 1072 uligine
2125 999 2447 1053 obvolvetur
2468 1039 2483 1063 ,
2524 1013 2629 1052 nec
2665 996 2773 1052 ulla
2812 997 2956 1051 inter
2987 996 3237 1050 homines
3266 995 3334 1049 de
3367 1011 3436 1049 eo

170 1083 242 1136 ἂν
268 1082 441 1137 ταῦτα
468 1084 696 1152 γένοιτο,
732 1085 796 1137 σὺ
826 1087 917 1139 καὶ
942 1086 1098 1140 τοῦτο
1134 1087 1412 1159 μηνύσεις.
1450 1089 1522 1141 Σὺ
1551 1090 1657 1161 γὰρ
1684 1089 1749 1163 δὴ

1887 1100 1938 1147 et
1963 1090 2190 1146 mentio.
2229 1088 2337 1145 Sed
2372 1087 2440 1143 de
2467 1103 2534 1144 eo
2566 1089 2852 1143 hactenus.
2886 1086 3134 1141 Alterum
3168 1101 3309 1155 opus
3340 1083 3435 1138 Dei

175 1177 298 1245 μετ’
330 1175 431 1243 ἐμὲ
473 1174 660 1247 πρώτη
693 1176 801 1229 τῶν
847 1177 1114 1248 Ἑλλήνων
1145 1178 1386 1250 ἐντεύξῃ.
1426 1178 1611 1233 Ταῦτα
1642 1180 1750 1235 τῶν

1887 1182 2108 1237 tandato
2124 1180 2412 1250 scriptum,
2444 1187 2501 1234 et
2534 1178 2603 1233 ab
2633 1178 2825 1235 eodem
2853 1177 3248 1236 examinatum,
3270 1174 3435 1244 293

171 1264 313 1325 τέως
347 1263 646 1318 ἀνεκδότων
680 1262 992 1321 ἀπέστειλα.
1028 1268 1139 1322 Καὶ
1172 1268 1257 1321 ἵνα
1288 1267 1492 1331 τέλειος
1522 1266 1754 1339 ἀριθμὸς

1887 1288 1915 1329 c
1959 1287 2288 1344 perpensum
2325 1280 2450 1335 est,
2495 1270 2642 1341 quod
2690 1269 3028 1341 imaginandi
3077 1269 3127 1323 vi
3171 1274 3436 1336 tanquam

171 1352 238 1429 ᾖ,
266 1354 581 1426 προσέθηκα
605 1356 696 1409 τὸν
723 1359 852 1429 περὶ
889 1358 985 1411 τοῦ
1018 1358 1191 1431 δώρου
1224 1360 1336 1429 (92)
1356 1398 1373 1421 ,
1406 1359 1576 1413 πάλαι
1604 1360 1758 1429 γένο-

1889 1365 1990 1420 rati
2020 1364 2187 1417 animi
2220 1379 2421 1418 munus
2453 1373 2539 1419 est
2578 1369 2992 1417 consecratum.
3022 1360 3276 1416 lnstituta
3308 1372 3440 1412 vero

175 1464 340 1518 μενον
367 1448 427 1501 ὲν
456 1448 535 1519 τῷ
572 1448 748 1520 καιρῷ
776 1450 874 1520 τῆς
908 1451 1204 1522 πρεσόείας
1232 1450 1367 1524 πρὸς
1399 1451 1567 1523 ἄνδρα
1607 1453 1758 1522 παρὰ

1887 1475 1909 1512 lt
1960 1472 2027 1513 eo
2065 1457 2365 1527 disputatio
2406 1463 2489 1511 est
2534 1455 2602 1511 de
2644 1455 2826 1510 anima
2870 1454 3183 1510 simulacris
3239 1452 3437 1515 allisa;

176 1536 388 1610 βασιλεῖ
410 1542 965 1613 παραδυναστεύοντα·
988 1544 1082 1599 καί
1102 1561 1156 1598 τι
1178 1544 1272 1598 τοῦ
1292 1543 1452 1613 λόγου
1472 1560 1531 1598 τε
1552 1543 1647 1597 καὶ
1665 1543 1758 1597 τοῦ

1890 1547 2072 1617 liaque
2098 1548 2359 1601 nonnulla
2392 1546 2648 1617 dogmata
2682 1555 3039 1617 promuntur,
3070 1545 3140 1600 de
3175 1544 3378 1614 quibus
3409 1554 3449 1592 a

172 1632 352 1704 δώρου
379 1634 625 1689 Πεντάπε
651 1633 845 1691 ὤνατο.

1887 1638 2011 1692 ιιιΙΙο
2041 1637 2308 1692 hactenus
2348 1636 2665 1693 Graecorum
2698 1645 2783 1692 est
2814 1637 3175 1707 disputatum.
3220 1634 3296 1689 De
3331 1646 3445 1703 quo

175 1729 310 1799 quid
362 1731 553 1785 attinet
594 1732 749 1802 plura
798 1732 1026 1789 dicere?
1068 1731 1405 1790 Universum
1454 1751 1584 1792 vero
1632 1734 1766 1791 illud
1822 1749 1962 1806 opus
2004 1749 2111 1789 una
2168 1742 2331 1789 nocte
2367 1733 2709 1789 elaboratum
2752 1742 2869 1796 est,
2909 1749 3008 1789 seu
3047 1731 3227 1787 noctis
3265 1728 3447 1800 potius

180 1820 402 1890 reliqua
466 1829 665 1891 parte,
709 1838 807 1894 per
856 1839 1021 1894 quam
1069 1833 1124 1880 et
1160 1826 1230 1881 de
1278 1842 1346 1882 eo
1395 1826 1800 1883 conscribendo
1877 1827 2057 1882 oblata
2112 1826 2247 1882 mihi
2308 1826 2450 1882 visio
2498 1833 2604 1881 est.
2659 1825 2969 1892 Quinetiam
3022 1826 3078 1880 in
3117 1822 3448 1894 quibusdam

178 1911 453 1967 orationis
483 1914 732 1981 partibus
762 1915 849 1971 bis
876 1915 1047 1973 ferme
1078 1917 1161 1972 vel
1190 1927 1293 1983 ter,
1318 1926 1581 1989 tanquam
1612 1918 1756 1974 alius
1796 1916 1993 1983 forem,
2025 1918 2133 1973 mei
2161 1917 2337 1987 ipsius
2376 1933 2502 1973 cum
2535 1918 2606 1973 iis
2648 1917 2742 1988 qui
2795 1916 3050 1981 aderant,
3093 1915 3273 1970 factus
3326 1927 3449 1967 sum

180 2001 427 2057 auditor.
456 2002 521 2057 Et
555 2019 702 2059 nunc
722 2005 939 2076 quaties
968 2021 1108 2077 opus
1142 2022 1434 2075 percurro,
1465 2011 1606 2065 miro
1632 2007 1874 2080 quodam
1916 2008 2080 2063 modo
2101 2008 2330 2073 aliieior,
2372 2016 2427 2064 et
2464 2024 2569 2063 vos
2610 2024 2699 2065 me
2736 2008 3009 2078 quaedam,
3043 2007 3201 2078 juxta
3240 2010 3449 2080 poetas,

179 2095 374 2151 divina
407 2095 799 2153 circumsonat.
836 2098 1032 2156 Utrum
1061 2115 1190 2156 vero
1220 2116 1330 2157 non
1374 2101 1447 2156 ita
1514 2117 1619 2173 ego
1681 2103 1835 2160 solus
1873 2102 2116 2168 alliciar,
2173 2101 2275 2160 sed
2313 2102 2457 2158 idem
2496 2104 2658 2161 etiam
2702 2103 2825 2158 aliis
2873 2101 3190 2172 contingat,
3226 2096 3359 2153 mihi
3396 2102 3451 2151 et

184 2190 324 2253 illud
358 2191 710 2264 signiﬁcabis.
743 2194 826 2251 Tu
861 2197 1008 2251 enim
1056 2204 1183 2268 post
1215 2213 1304 2254 me
1348 2198 1525 2269 prima
1579 2200 1828 2255 omnium
1865 2213 1934 2255 ex
1971 2198 2178 2255 Graecis
2217 2199 2389 2270 leges.
2430 2198 2556 2255 llaec
2598 2199 2846 2255 nondum
2882 2197 3032 2254 edita
3072 2196 3344 2250 hactenus
3382 2188 3461 2243 ad‘

182 2294 243 2347 te
282 2287 449 2353 misi;
496 2296 660 2358 atque
701 2298 762 2345 ut
801 2290 1076 2360 perfectus
1121 2292 1194 2347 sit
1232 2308 1530 2361 numerus,
1573 2294 1753 2364 adjeci
1809 2294 2012 2351 librum
2067 2293 2220 2351 illum
2258 2294 2328 2351 de
2375 2295 2556 2359 dono,
2602 2310 2775 2364 quem.
2805 2293 2936 2348 olim
2976 2288 3271 2363 legationis
3311 2294 3452 2341 tem-

184 2393 324 2449 pore
377 2381 446 2437 ad
489 2381 670 2439 virum
716 2383 1043 2454 scripseram
1098 2387 1190 2456 qui
1246 2394 1361 2443 tum
1411 2389 1708 2459 plurimum
1759 2391 1907 2462 apud
1965 2390 2351 2464 imperatorem
2394 2398 2632 2462 poterat.
2676 2389 2881 2461 Estque
2943 2384 3268 2461 Pentapolis
3310 2396 3449 2442 non:

183 2472 328 2539 nihil
354 2489 421 2529 ex
446 2488 521 2529 eo
546 2474 687 2538 libro
707 2514 725 2539 ,
760 2474 1017 2546 donoque
1043 2478 1299 2535 utilitatis
1320 2489 1638 2537 consecuta.

707 2567 1047 2623 ΕΠΙΣΤΟΛΗ
1084 2570 1253 2626 PNA'.

588 2657 921 2726 Δομετιανῷ
952 2662 1000 2717 Σ
1000 2659 1363 2727 κολαστικῷ.

258 2749 409 2804 Πάνυ
444 2749 629 2819 σαφῶς
656 2751 722 2803 δι’
756 2750 935 2805 αὐτῶν
961 2755 1444 2826 καταμεμαθηκὼς
1464 2756 1572 2811 τῶν
1594 2757 1774 2830 ἔργων

180 2840 290 2911 τὴν
319 2841 417 2911 σὴν
450 2840 757 2912 θαυμασίαν
790 2842 1032 2915 κεφαλὴν
1056 2844 1352 2916 χαίρουσαν
1380 2863 1439 2900 τε
1470 2847 1774 2920 φιλανθρω-

181 2932 313 3002 πίᾳ,
342 2932 436 2985 καὶ
459 2934 570 2995 τοῖς
592 2931 865 3003 δεομένοις
885 2936 1045 3005 χεῖρα
1070 2933 1401 3006 βουλομένην
1421 2934 1659 3007 ὀρέγειν’
1685 2938 1773 2989 ἐπ’

184 3022 326 3082 αὐτὸ
354 3020 420 3093 δὴ
442 3021 601 3076 τοῦτο
629 3023 949 3095 παρακαλῶ,
981 3025 1162 3078 ἵππων
1190 3026 1272 3089 εἰς
1298 3025 1503 3089 πεδίον,
1527 3026 1686 3080 τοῦτο
1707 3026 1775 3097 δὴ

182 3114 254 3167 τδ
279 3113 375 3169 τοῦ
408 3115 588 3183 λόγου,
612 3116 938 3186 προτρέπειν
961 3116 1282 3188 ἡγούμενος.
1312 3117 1420 3171 Καί
1448 3135 1531 3171 σοι
1551 3117 1712 3171 πλέον
1738 3118 1774 3189 ἢ

186 3206 480 3278 πρότερον,
512 3200 558 3261 ὦ
586 3208 713 3280 φίλη
736 3208 965 3278 κεφαλὴ,
989 3208 1084 3263 νῦν
1108 3210 1209 3280 τὴν
1232 3209 1639 3282 φιλανθρωπίαν
1662 3213 1779 3265 ὲπι-

184 3296 457 3364 δεικτέον,
487 3297 598 3367 ὅσῳ
623 3296 717 3350 καὶ
753 3297 813 3350 τὸ
840 3297 1129 3369 πρόσωπον
1152 3298 1512 3372 ὲλεεινότερόν
1541 3300 1659 3353 ἐστι
1679 3298 1777 3354 νῦν

186 3389 260 3453 τὸ
283 3382 343 3442 εὖ
374 3388 720 3459 πεισόμενον.
750 3388 890 3461 Γυνή
920 3406 981 3442 τε
1011 3389 1122 3461 γάρ
1153 3390 1300 3443 ἐστιν
1324 3389 1486 3461 αὕτη,
1516 3390 1613 3446 καὶ
1639 3390 1778 3462 γυνὴ

184 3481 580 3551 δυστυχήσασα
611 3480 854 3552 χηρείαν·
892 3477 1012 3536 εἶτα
1053 3482 1151 3536 σὺν
1186 3481 1408 3553 ὀρφανῷ
1436 3482 1634 3554 παιδίῳ
1673 3500 1781 3539 πα-

190 3571 391 3637 θοῦσα,
430 3570 468 3625 ἃ
500 3571 785 3629 πέπονθεν.
819 3573 1009 3637 Ὅστις
1035 3572 1093 3627 δέ
1116 3574 1264 3628 ἐστιν
1300 3576 1329 3628 ό
1359 3574 1565 3646 ταύτην
1592 3576 1780 3647 ἀδική-

192 3680 323 3727 σας,
352 3664 447 3717 καὶ
488 3663 517 3717 ὅ
539 3680 614 3726 τι,
657 3664 752 3716 καὶ
777 3663 944 3728 ὅπως,
975 3663 1113 3734 αὑτὴ
1135 3663 1334 3728 διδάξει
1363 3664 1463 3734 τὴν
1493 3664 1592 3736 σὴν
1624 3665 1781 3720 καλο-

192 3754 491 3824 καγαθίαν.
519 3754 663 3828 Ὅρα
685 3753 885 3819 τοίνυν,
914 3748 960 3808 ὦ
984 3753 1277 3825 θαυμάσιε,
1307 3754 1453 3819 ὅπως
1482 3756 1779 3826 ἑπαμυνεῖς

190 3850 266 3919 τῇ
298 3848 517 3915 γυναικὶ
537 3886 553 3909 ,
584 3846 678 3898 καὶ
722 3845 812 3898 διὰ
853 3845 915 3898 τὸ
944 3844 1124 3909 καλῶς
1168 3845 1311 3916 ἔχον,
1355 3846 1452 3899 καὶ
1489 3846 1579 3899 διὰ
1603 3845 1666 3899 τὸ
1696 3845 1781 3899 σοὶ

2381 2563 2721 2623 EPISTOLA
2757 2561 2938 2618 CLIV.

2308 2658 2620 2715 Domitiano
2656 2657 3010 2713 Scholastico.

1941 2752 2086 2809 Cum
2109 2751 2257 2808 illud
2277 2753 2572 2823 perspicue
2601 2768 2669 2806 ex
2696 2751 2865 2805 rebus
2906 2748 3042 2820 ipsis
3070 2746 3345 2818 factisque
3369 2746 3454 2803 di-

1872 2844 2122 2909 dicerim,
2148 2853 2201 2899 te
2225 2844 2508 2914 egregium
2533 2858 2597 2898 ac
2632 2842 2956 2913 praeclarum
2988 2846 3154 2911 caput
3184 2838 3252 2892 ad
3285 2852 3451 2892 omne

1878 2936 2240 2993 humanitatis
2273 2935 2510 2992 omcium
2548 2950 2675 2990 esse
2706 2946 3039 3004 propensum
3060 2971 3077 2998 ,
3110 2930 3457 2998 libenterque

1878 3028 2223 3101 supplicibus
2256 3042 2479 3082 manum
2519 3026 2657 3081 velle
2682 3025 2983 3096 porrigere,
3014 3024 3081 3077 ad
3108 3022 3163 3077 id
3190 3020 3369 3091 ipsum
3401 3029 3456 3075 te

1877 3131 2143 3190 provoco,
2175 3130 2402 3187 equum,
2438 3123 2498 3169 ut
2526 3114 2705 3181 aiunt,
2741 3113 2808 3168 ad
2840 3126 3091 3183 campum
3124 3109 3335 3165 hortari
3368 3124 3457 3164 me

1886 3209 2237 3268 existimans.
2262 3206 2389 3262 Tibi
2416 3220 2548 3261 vero
2586 3204 2760 3275 magis
2789 3218 2954 3275 quam
2986 3210 3166 3270 antea,
3206 3201 3293 3256 vir
3313 3198 3455 3254 ami-

1877 3299 2121 3364 cissime,
2147 3296 2503 3370 praebendum
2528 3295 2885 3351 humanitatis
2910 3301 3018 3347 tua:
3034 3292 3316 3362 specimen
3345 3297 3453 3360 est,

1877 3396 2089 3460 quanto
2136 3395 2193 3445 et
2225 3386 2594 3442 miserabilior
2621 3398 2858 3456 persona
2888 3389 2974 3438 est
3006 3382 3062 3435 in
3091 3393 3253 3450 quam
3284 3379 3452 3433 bene-

1878 3481 2065 3538 ﬁcium
2096 3479 2427 3537 contuleris.
2463 3478 2662 3534 Mulier
2693 3479 2898 3549 quippe
2916 3482 3022 3541 est,
3054 3483 3110 3530 et
3130 3474 3198 3528 ad
3219 3471 3459 3528 viduita-

1878 3581 1991 3631 tem
2018 3572 2245 3630 redacta
2285 3572 2485 3628 mulier
2512 3589 2525 3626 :
2552 3579 2670 3625 tum
2705 3585 2769 3627 ea
2799 3583 2966 3640 passa
2991 3582 3118 3622 cum
3154 3565 3366 3636 pupillo
3393 3563 3458 3617 ﬁ-

1878 3665 1979 3730 lio,
2008 3679 2355 3736 quaecunque
2387 3677 2550 3734 passa
2599 3674 2706 3717 est.
2746 3662 2792 3716 A
2820 3674 3059 3730 quonam
3093 3673 3224 3713 vero
3258 3656 3470 3726 injuria»

1881 3756 1954 3812 sit
1972 3756 2189 3820 affecta,
2213 3763 2270 3812 et
2290 3768 2399 3826 qua
2427 3756 2483 3809 in
2520 3770 2599 3818 re,
2629 3762 2687 3809 et
2711 3752 3008 3824 quomodo,
3039 3751 3161 3823 ipsa
3189 3758 3298 3803 tua:
3329 3762 3457 3817 pro-

1881 3845 2038 3900 bitati
2072 3846 2396 3902 declarabit.
2424 3844 2825 3913 Quamobrem,
2857 3842 2943 3897 vir
2984 3840 3203 3904 eximie,
3237 3838 3365 3892 vide
3398 3844 3460 3890 ut

192 3930 435 4002 πρέπον,
474 3930 568 3983 καὶ
600 3928 666 3983 δι’
704 3929 826 4000 ὲμέ.
859 3929 1086 3999 Μεθέξω
1116 3929 1224 4002 γὰρ
1260 3929 1339 3983 ἔτι
1370 3946 1453 3983 σοι
1487 3928 1643 3999 κάγὼ
1670 3929 1779 3985 τῶν

1887 3937 2165 3993 mulierem
2191 3936 2474 4002 defendas,
2495 3951 2617 3991 cum
2644 3949 2744 4007 pro
2768 3948 2835 3989 eo
2861 3933 3006 4003 quod
3033 3933 3325 3987 honestum
3350 3936 3461 3995 est,

192 4022 285 4085 εις
328 4021 496 4093 αὐτὴν
522 4020 842 4090 γινομένων,
878 4019 1165 4089 συγγενίδα
1197 4037 1257 4074 τε
1284 4014 1451 4076 οὖσαν
1482 4020 1646 4093 ἐμὴν,
1686 4022 1779 4076 καὶ

194 4113 591 4185 τεθραμμένην
613 4111 717 4165 ὑπὸ
738 4110 907 4183 μητρὶ
929 4110 1134 4182 κοσμία
1154 4111 1448 4183 σωφρόνως
1468 4114 1597 4184 παρ’
1620 4114 1775 4183 ἡμῖν.

1884 4034 2000 4082 tum
2019 4029 2166 4098 quod
2191 4029 2303 4085 tuis
2320 4028 2568 4084 moribus
2602 4034 3055 4089 consentaneum,
3081 4032 3197 4078 tum
3230 4020 3337 4076 mei
3363 4018 3458 4075 de-

1883 4119 2052 4190 nique
2100 4121 2297 4191 gratia.
2357 4120 2468 4175 Ero
2514 4119 2662 4176 enim
2709 4119 2997 4183 omnium,
3038 4132 3162 4188 qua:
3204 4118 3261 4170 in
3305 4113 3474 4168 illam.

193 4204 528 4270 contuleris,
558 4203 947 4261 beneﬁciorum
971 4202 1284 4273 particeps;
1322 4212 1610 4272 propterea
1638 4202 1779 4274 quod

1900 4210 2233 4282 cognatione
2261 4210 2553 4282 conjuncta
2579 4224 2791 4267 mecum
2817 4216 2923 4275 est,
2950 4218 3005 4265 et
3032 4206 3174 4279 apud
3212 4219 3317 4261 nos
3353 4200 3467 4259 sub-

195 4299 435 4355 honesta
476 4306 653 4352 matre
680 4304 833 4353 caste
860 4310 925 4351 ac
951 4294 1150 4365 pudice
1174 4303 1259 4353 est
1286 4295 1542 4359 educata.

711 4389 1053 4446 summa
1101 4368 1274 4449 PN'E'.

843 4481 928 4549 Τῷ
954 4481 1139 4549 αὐτῷ.

283 4572 369 4634 Td
411 4572 595 4629 δίκαια
632 4573 823 4647 χρῄζει
865 4575 1188 4645 συμμάχων,
1236 4574 1333 4632 καὶ
1376 4573 1597 4644 γίνοιντ⁹
1635 4575 1702 4630 ἂν
1731 4574 1783 4631 oi

198 4666 530 4741 βρηθοῦντες
577 4666 759 4728 αὐτοῖς
806 4664 1154 4735 εὐδαίμονες,
1201 4666 1317 4728 τοῖς
1378 4663 1555 4735 ὀρθῶς
1603 4663 1784 4736 έχουσι

2326 4389 2491 4463 294
2517 4387 2853 4446 EPISTOLA
2877 4387 3034 4445 cev.

2565 4481 2774 4537 Eidem.

1953 4573 2087 4641 Quae
2099 4574 2249 4646 justa
2268 4581 2399 4631 sunt
2413 4574 2595 4630 socios
2626 4583 2681 4629 et
2710 4571 2993 4643 adjutores
3022 4568 3362 4632 desiderant,
3383 4578 3458 4623 at-

1883 4666 2056 4738 quehi
2072 4667 2289 4723 demum
2310 4666 2402 4737 qui
2423 4666 2491 4721 iis
2506 4665 2772 4720 auxilium
2792 4660 3344 4734 praebuerint,felices
3358 4660 3457 4714 ha-

199 4758 631 4831 συμπονοῦντες.
650 4756 886 4827 Είλόμην
900 4756 963 4826 δή
987 4773 1045 4809 σε
1062 4754 1267 4809 τούτων
1288 4756 1570 4827 πρόϐολον,
1590 4757 1779 4829 γνώμῃ

1887 4757 2051 4813 bendi
2080 4765 2229 4823 sunt,
2244 4773 2367 4813 cum
2393 4772 2494 4828 pro
2521 4756 2776 4825 aequitate
2799 4754 3071 4810 laborent.
3091 4752 3465 4819 Quamobrem

196 4868 267 4904 τε
292 4848 568 4920 ἀμύνοντα
597 4848 692 4907 καὶ
720 4847 905 4919 τέχνῃ.
935 4846 1008 4900 Τὸ
1048 4847 1148 4917 μὲν
1177 4843 1270 4901 οὖν
1299 4849 1454 4918 ἐμὸν,
1489 4848 1692 4902 ἅπασιν
1722 4846 1779 4904 εὖ

1891 4858 1945 4903 te
1984 4850 2182 4904 borum
2216 4857 2507 4920 patronum
2553 4861 2619 4902 ac
2658 4846 3005 4902 defensorem
3044 4844 3208 4913 elegi.
3246 4842 3343 4911 qui
3402 4848 3460 4893 et

198 4941 405 5004 ποιεῖν,
453 4926 535 5004 οἷς
576 4939 643 4994 ἂν
691 4939 955 5009 δύνωμαι.
1004 4937 1158 4993 Δίδου
1201 4938 1261 4995 δὲ
1299 4940 1464 5004 αὐτὸς
1505 4941 1781 5011 ἀφορμάς.

198 5032 455 5105 Αίσθήσῃ
483 5030 590 5109 γὰρ
630 5030 833 5102 φιλίας,
868 5030 935 5101 ἢν
957 5028 1081 5089 οὕτε
1122 5029 1284 5096 αὐτὸς
1315 5031 1530 5103 μέμψῃ.
1565 5031 1793 5101 γελάσει,

200 5142 270 5181 τε
306 5126 436 5190 ἰσως
461 5125 656 5189 οὐδείς.

1890 4942 2076 4999 animo
2106 4949 2162 4997 et
2197 4950 2316 4997 arte
2351 4940 2657 4997 subsidium
2693 4938 2912 4994 afferas.
2944 4938 3025 4992 Ac
3074 4934 3220 5006 quod
3258 4934 3326 4987 ad
3372 4946 3459 4984 me

1889 5033 2119 5099 attinet,
2175 5032 2249 5089 de
2289 5034 2710 5103 quibuscunque
2757 5046 2981 5102 possum
3031 5030 3168 5084 bene
3223 5025 3457 5088 mereri,

1887 5136 2009 5181 sum
2060 5123 2466 5193 paratissimus.
2517 5121 2599 5176 Tu
2644 5137 2778 5176 vero
2823 5119 3171 5175 occasionem
3215 5114 3458 5183 aliquam

204 5221 412 5296 praebe.
452 5220 764 5276 Amicitiam
794 5220 941 5276 enim
977 5219 1205 5280 senties,
1234 5234 1397 5289 quam
1441 5235 1618 5291 neque
1658 5219 1777 5291 ipse
1814 5227 2135 5274 contemnas
2160 5233 2322 5274 nemo
2349 5234 2479 5273 vero
2508 5217 2761 5273 fortassis
2785 5215 3033 5271 irrideat.

279 5314 559 5368 Numerus
599 5310 701 5365 156
738 5309 1115 5380 Epistolarum
1154 5310 1480 5379 completur,
1519 5325 1643 5364 cum
1695 5325 1750 5380 p.
1783 5308 1890 5367 266
1929 5317 2057 5363 nota
2106 5309 2406 5365 numeralis
2445 5310 2542 5365 129
2572 5309 2850 5380 ‘legatur.
2897 5302 3099 5374 Pagina
3134 5301 3321 5380 etiam.
3344 5299 3463 5380 .228

200 5399 473 5447 numerus
533 5381 645 5437 7977'
690 5369 967 5437 invenitur
1015 5369 1295 5448 scriptusf
1331 5390 1387 5433 at
1427 5369 1715 5437 deficiente
1751 5389 1943 5449 postea
1982 5394 2135 5433 num.
2192 5380 2316 5440 HM,
2354 5395 2444 5435 res
2476 5382 2615 5435 bene
2645 5369 2825 5449 q'uoad
2864 5369 3135 5449 sum'maui
3177 5388 3237 5427 se
3272 5369 3458 5449 habet,

203 5439 496 5508 Mihrabitur
529 5451 669 5515 forte
702 5452 871 5511 lector
919 5439 1144 5507 novam'
1166 5458 1229 5513 et
1259 5460 1462 5513 rectam
1494 5439 1853 5512 numerorum
1882 5449 2079 5506 seriem
2118 5449 2173 5502 in
2202 5449 2448 5505 editione
2477 5465 2616 5504 nova
2658 5439 2765 5502 non
2799 5446 2972 5500 fuisse
3001 5439 3478 5515 institutam,_sed.

204 5539 336 5577 cum
369 5524 439 5578 ab
475 5510 733 5592 omnibus
763 5509 1081 5592 jamdudum
1136 5509 1378 5575 citentur
1405 5509 1618 5592 Synesii
1673 5509 1924 5591 epistola:
1949 5520 2105 5590 juxta
2129 5520 2426 5592 editionem
2450 5520 2692 5592 Dionysii
2718 5516 2946 5592 Petavii,
2978 5513 3110 5569 nihil
3142 5509 3462 5592 mutandum

207 5594 553 5648 censuimus.
579 5590 661 5647 0b
683 5578 928 5662 eamdem
962 5591 1253 5656 rationem,
1278 5578 1598 5662 sequentem
1627 5578 2080 5661 epistolaquuze
2103 5592 2245 5647 inter
2270 5591 2447 5646 editas
2474 5605 2504 5643 a
2524 5578 2835 5645 PfPetavio
2868 5578 2978 5640 neu
2998 5590 3302 5652 comparet,
3339 5578 3465 5633 aliis

209 5663 645 5734 postposuimus.
678 5661 838 5717 Eutr.

284 5780 397 5852 (92)
432 5770 783 5850 Προσέθηκα
818 5780 926 5852 τὸν
951 5779 1084 5852 περὶ
1124 5779 1229 5852 τοῦ
1248 5778 1457 5852 δώρου.
1481 5779 1625 5852 Qua:
1653 5782 1779 5834 orati

1887 5797 2143 5852 terperatn
2202 5780 2254 5835 in
2322 5778 2561 5837 editione
2624 5774 2874 5841 Coruarii
2940 5774 2996 5829 in
3046 5785 3211 5826 censu
3252 5766 3459 5839 cpisto-

210 5848 391 5910 lar‘um
418 5851 618 5925 posita,
652 5848 774 5909 cum
811 5849 944 5906 falsa
982 5850 1342 5923 inscriptione
1364 5848 1433 5905 ad
1465 5849 1650 5905 Orum.
