3880 6560
435 366 581 429 9559

1526 372 1795 430 SYNESII
1834 374 2295 433 PTOLEMAIDIS
2336 375 2660 449 EPISCOl‘lj

3572 374 3697 431 ιεα

1151 568 1869 665 SUPPLEMENTUM
1910 606 2022 664 AI)
2076 603 2543 671 EPISI'OLAS
2601 602 2980 671 SYNESII.

958 867 1294 927 EPISTOLA
1327 871 1502 927 CLVI.

442 952 651 1029 διιπεςῆ
688 958 916 1035 epistola
960 962 1029 1014 ad
1063 963 1341 1035 quemdam
1380 964 1730 1032 familiarium
1778 967 1869 1034 qui
1900 969 2013 1035 epi-

507 1040 784 1104 scepatum
814 1031 1002 1104 absens
1035 1049 1099 1085 ea:
1132 1031 1414 1103 longinquo
1445 1036 1702 1103 petierat,
1744 1031 1862 1104 pust
1891 1031 2018 1093 con—

508 1099 727 1155 stimtos
754 1102 810 1155 in
840 1103 1074 1158 ecclesiis
1108 1099 1414 1158 vacantibus
1436 1099 1731 1174 episcopos.

514 1188 997 1262 Sapientissimum
1018 1196 1310 1265 scriptum,
1336 1212 1460 1252 cum
1485 1198 1640 1254 valde
1659 1198 2013 1268 concinnum,

440 1289 558 1339 tum
589 1285 747 1341 valde
774 1285 958 1349 breve,
999 1290 1094 1342 sed
1124 1297 1179 1342 et
1215 1289 1371 1344 valde
1407 1297 1684 1360 argutum,
1734 1291 1881 1360 quod
1918 1291 2017 1348 tibi

443 1376 672 1431 miriﬁca
702 1392 859 1433 mens
885 1379 1117 1448 peperit,
1161 1379 1230 1434 ad
1268 1395 1370 1436 uos
1418 1380 1665 1436 delatum
1722 1381 2017 1438 delectavit

442 1469 702 1533 maxime,
733 1471 1052 1541 placuitque
1073 1472 1278 1542 duplici
1307 1473 1472 1528 simul
1499 1474 1751 1544 nomine;
1782 1476 1930 1546 quod
1963 1483 2020 1533 et

442 1560 513 1614 ab
550 1561 762 1630 optimo
785 1562 1094 1634 eodemque
1117 1564 1502 1621 laudatissimo
1537 1567 1749 1632 sodale,
1786 1575 1841 1623 et
1871 1569 2017 1638 quod

442 1664 567 1704 cum
593 1650 829 1720 plurima
849 1653 1133 1709 conditum
1168 1663 1409 1710 exstaret
1439 1659 1635 1723 gratia.
1669 1659 1811 1723 Quin
1841 1667 1895 1713 et
1926 1674 2020 1729 pe-

442 1758 511 1797 ne
536 1748 856 1813 provocavit
876 1745 942 1801 ad
964 1747 1109 1802 aliud
1139 1748 1268 1818 quid
1301 1750 1482 1819 majus
1502 1751 1873 1821 audaciusque
1903 1759 2019 1807 ten-

442 1834 697 1900 tandum,
730 1839 880 1906 quod
919 1839 1127 1909 utique.
1173 1840 1276 1895 nisi
1304 1856 1459 1896 amor
1478 1852 1655 1904 vetus.
1685 1851 1876 1914 utpote
1908 1844 2017 1899 vim

442 1921 655 1978 habens
695 1925 856 1996 longe
894 1927 1090 1983 dissita
1130 1929 1500 2000 conjungendi
1545 1932 1888 2003 adversaque
1932 1934 2020 1987 in-

442 2014 620 2070 vicem
650 2017 972 2088 plerumque
1007 2022 1366 2085 conciliandi,
1404 2023 1621 2077 veniam
1657 2022 1805 2078 facto
1827 2024 2022 2093 depre-

445 2117 690 2175 caretur,
723 2124 917 2181 parum
946 2112 1124 2167 abfuit
1157 2115 1292 2183 quin
1317 2130 1418 2172 nos
1448 2116 1502 2170 in
1524 2131 1716 2171 eorum
1769 2119 2019 2175 ordinem

2631 875 2975 929 ΕΠΙΣΤΟΛῆ
3010 871 3198 940 PNq'.

2116 969 2423 1043 Συνεσὶου
2457 966 2750 1043 ῥπιστολὴ
2782 967 2914 1043 (θᾷξ)
2942 965 3092 1043 apd;
3117 979 3267 1043 _nra
3292 962 3420 1017 τῶν

2184 1036 2528 1105 ἐπισκοπὴν
2562 1036 2630 1089 ἐκ
2661 1033 2963 1106 μακρόθεν
3000 1037 3368 1100 αἰτήσαντα,
3406 1033 3572 1102 μετὰ
3600 1033 3703 1097 τὴν

2186 1108 2309 1163 τῶν
2334 1108 2683 1162 ἐπισκόπων
2705 1106 3219 1161 ἀποκατάστασιν.

2185 1198 2260 1253 Τὸ
2289 1198 2596 1268 σοφώτατον
2616 1197 2868 1268 γράμμα,
2889 1197 2950 1250 τὸ
2973 1196 3116 1267 μάλα
3144 1194 3244 1267 μὲν
3262 1193 3541 1264 ὲμμεὶὲς,
3572 1192 3703 1261 μέὺδ

2116 1292 2173 1346 δὲ
2208 1292 2404 1364 βραχὺ,
2437 1289 2575 1345 ἀλλὰ
2600 1290 2694 1344 καὶ
2724 1290 2869 1361 μάλα
2898 1290 3044 1358 λιγὺ,
3072 1288 3101 1342 ὃ
3125 1288 3188 1359 δή
3218 1304 3301 1340 τοι
3328 1289 3360 1340 ὁ
3388 1284 3709 1352 θαυμαστάς

2118 1401 2201 1439 σοι
2232 1383 2357 1447 νοῦς
2396 1382 2681 1449 ἀπέτεκεν,
2709 1380 3132 1454 ἡμῖνηκομισθὲν
3175 1377 3361 1449 ὤνησέ
3402 1394 3468 1428 τε
3500 1375 3573 1427 τά
3621 1376 3709 1443 μέ-

2116 1494 2299 1547 γιστα,
2328 1476 2424 1529 καὶ
2453 1470 2586 1547 ἧσεν
2617 1474 2734 1545 ἅμα
2760 1474 2919 1544 διπλῇ
2941 1487 2956 1503 ’
2991 1472 3070 1543 τῷ
3098 1488 3159 1525 τε
3185 1470 3325 1541 πρὸς
3356 1469 3595 1539 ἀρίστου
3624 1468 3712 1519 καὶ

2118 1569 2315 1641 κομιδῇ
2355 1568 2461 1622 τῶν
2492 1566 2796 1621 ἐπαινετῶν
2829 1565 3066 1637 ἑταίρου,
3097 1564 3190 1617 καὶ
3216 1562 3296 1631 τῷ
3333 1557 3483 1631 μετὰ
3520 1558 3713 1627 συχνῆς

2118 1662 2200 1715 ὅτι
2230 1658 2696 1732 δημιουργηθῆναι
2720 1657 2819 1727 τῆς
2850 1656 3089 1727 χάριτος.
3119 1654 3192 1708 Οὐ
3231 1654 3349 1723 μὴν
3380 1651 3427 1703 δ’
3623 1652 3711 1701 υἷι

2120 1744 2256 1826 πρὸς
2279 1751 2405 1807 ἄλλο
2433 1769 2485 1804 τι
2520 1748 2701 1821 μεῖζον
2725 1734 2947 1821 ἠρέθισέ
2973 1767 3075 1803 που
3106 1748 3200 1800 καὶ
3220 1746 3407 1815 τολμη
3418 1743 3662 1813 ρότερον,
3684 1739 3712 1792 ὃ

2117 1845 2237 1914 τάχ’
2264 1844 2351 1907 ἂν,
2373 1843 2421 1894 εἰ
2449 1842 2522 1912 μὴ
2550 1840 2711 1902 πόθος
2731 1838 3000 1910 δήπουθεν
3024 1837 3338 1910 παρελθὼν,
3370 1833 3462 1887 ἆτ’
3492 1830 3555 1886 εὖ
3586 1834 3710 1902 ἔχων

2120 1937 2215 1990 καὶ
2241 1934 2309 1988 τὰ
2349 1934 2537 2004 πόρῤω
2566 1930 2830 1985 διεστῶτα
2867 1929 3174 1992 συνάπτειν,
3216 1928 3317 1980 καὶ
3350 1926 3423 1979 τά
3458 1924 3602 1995 πρὸς
3626 1926 3711 1978 ὧι·

2120 2027 2256 2099 ληλα
2299 2026 2554 2087 ἐναντίως
2592 2023 2782 2094 ἔχοντα
2815 2022 3074 2084 πολλάκις
3104 2021 3447 2093 συμφέρειν,
3481 2017 3713 2085 συγγνώ-

2125 2137 2232 2191 μην
2263 2116 2340 2188 τῷ
2377 2116 2663 2188 πράγματι
2703 2114 3093 2187 παραιτήσοιτο
3136 2115 3276 2184 μετὰ
3325 2112 3444 2164 τῶν
3488 2111 3712 2178 νεμεσᾶ-

442 2199 724 2270 rcdigeret
748 2202 951 2272 quibus
976 2204 1102 2273 jure
1134 2206 1440 2277 meritoque
1462 2217 1877 2266 succenseatur.
1939 2211 2023 2267 Ad

2132 2212 2251 2264 σθαι
2278 2208 2500 2263 δικαίων
2517 2208 2579 2260 οὐ
2609 2206 2787 2276 πολλῷ
2811 2206 2989 2276 δεήσει
3014 2201 3109 2257 τοῦ
3139 2206 3289 2276 ἡμᾶς
3320 2205 3557 2273 στῆσαι.
3584 2202 3712 2271 Πρὸς

444 2291 730 2360 quidnam.
777 2294 1014 2352 fortasse
1053 2313 1301 2366 qumres:
1335 2314 1531 2367 nempe
1579 2298 1671 2364 ad,
1713 2315 1837 2354 cum
1872 2308 2027 2357 tanto

2132 2307 2299 2366 ποῖον,
2323 2301 2452 2365 ἴσως
2471 2303 2636 2372 ἐρείςο
2653 2299 2712 2352 τὸ
2741 2299 2876 2370 πρὸς
2895 2296 3211 2370 τηλικοῦτον
3231 2295 3442 2367 ἄνδρα,
3474 2292 3712 2365 tamin-4,

444 2382 591 2447 viro,
615 2383 761 2439 haud
795 2386 912 2442 scio
937 2403 1005 2443 an
1050 2405 1159 2443 non
1194 2390 1427 2445 interius
1458 2405 1620 2459 quam
1680 2391 1859 2461 quivis
1892 2393 2029 2448 alter

449 2479 626 2532 musis
643 2477 858 2533 initiato
875 2480 1055 2549 (quem
1075 2481 1120 2535 si
1138 2480 1319 2536 videat
1335 2481 1724 2538 Demosthenes
1745 2484 1886 2539 inter
1903 2498 2026 2549 nos,

451 2565 602 2621 dicat
631 2567 887 2624 Mercurii
916 2570 1135 2626 facundi
1166 2573 1525 2628 simulacrum
1554 2575 1623 2628 ad
1662 2589 1766 2630 nos
1793 2576 2027 2645 venisse)

449 2662 919 2730 comparationem
984 2674 1040 2721 et
1095 2666 1577 2722 commutationem
1653 2668 2027 2723 attentandam

449 2766 658 2810 nostra;
689 2755 857 2825 hujus
885 2772 1049 2827 quam
1076 2759 1230 2816 vides
1263 2759 1485 2830 linguae,
1513 2775 1617 2816 nec
1658 2761 1785 2816 olim
1832 2762 2028 2832 exqui-

452 2844 664 2902 sitioris
713 2846 1000 2918 elegantia:
1052 2849 1138 2905 vel
1200 2865 1294 2918 per
1345 2850 1547 2906 summi
1594 2850 2029 2921 explorationem

451 2939 610 3009 digiti
639 2949 805 3010 gustu
834 2941 1076 3005 imbutaa,
1112 2951 1167 2997 et
1189 2956 1336 2997 nunc
1366 2941 1521 3012 longa
1548 2943 1907 2997 rusticatione
1949 2943 2032 2998 sic

450 3034 689 3100 agrestis
736 3033 992 3097 redditae,
1032 3043 1094 3088 ut
1136 3034 1227 3087 vix
1281 3033 1421 3089 sciat
1454 3033 1717 3103 scapham
1771 3032 2030 3103 scapham

454 3124 659 3180 dicere.
686 3125 973 3181 Conliteor
990 3127 1135 3183 enim
1175 3126 1273 3180 tibi
1303 3126 1494 3180 vitium
1534 3125 1757 3179 tacitum
1797 3132 1852 3179 et
1889 3124 2030 3177 clam

456 3217 511 3271 iu
553 3218 679 3273 sinu
700 3218 971 3284 habitum,
994 3234 1141 3274 nttuc
1168 3219 1241 3272 ita
1274 3202 1618 3272 invalescens
1655 3216 1767 3271 fato
1793 3216 2029 3286 quodam

457 3323 602 3376 meo,
640 3317 701 3365 ut
734 3311 1040 3380 periculum
1069 3311 1142 3366 sit
1172 3326 1242 3366 ne
1272 3313 1327 3365 in
1361 3310 1599 3366 solidum
1632 3311 1740 3364 mei
1769 3311 2031 3379 deinceps

456 3398 790 3455 dominetur.
830 3401 1009 3458 Habes
1038 3402 1186 3458 unde
1217 3402 1602 3473 persuadearis
1634 3403 1882 3458 miserari
1931 3417 2032 3456 nos

456 3492 648 3562 potius
671 3507 838 3561 quam
862 3492 1053 3549 felices
1089 3495 1411 3565 praedicare.
1439 3496 1639 3565 quibus
1685 3510 1756 3549 ne
1786 3497 2033 3565 contige-

2127 2394 2230 2448 οὐκ
2246 2388 2342 2446 οἷδ’
2366 2392 2420 2444 εἰ
2439 2408 2541 2453 τις,
2564 2388 2946 2458 τετελεσμένον
2974 2387 3067 2455 (δν
3088 2385 3153 2439 ἂν
3184 2385 3313 2439 ἰδὼν
3343 2383 3711 2453 Δημοσθένης,

2132 2486 2251 2557 μεθ’
2278 2484 2441 2557 ἡμῶν
2473 2479 2645 2547 εἷπεν,
2706 2479 2906 2552 Ἐρμοῦ
2949 2478 3130 2548 λογίου
3166 2477 3350 2530 τύπον
3388 2478 3478 2539 εἰς
3518 2475 3715 2545 ἀνθρὼ-

2129 2597 2266 2643 πους
2292 2578 2484 2650 ἥκειν)
2510 2574 2755 2644 γλῶτταν
2784 2574 2859 2636 ὡς
2887 2574 3016 2643 ὁρᾷς
3044 2571 3364 2626 ἀντιδοῦναι
3396 2569 3503 2639 τὴν
3532 2568 3715 2637 ﬂueti-

2134 2689 2254 2744 ραν,
2280 2671 2380 2741 τὴν
2406 2668 2572 2723 πάλαι
2609 2668 2708 2736 μὲν
2734 2666 2842 2719 οὐδ’
2871 2666 3024 2736 ἄκρῳ
3047 2662 3255 2733 λιχανῷ
3277 2660 3387 2715 τοῦ
3416 2660 3717 2732 κρείττονος

2135 2760 2530 2832 μετασχοῦσαν,
2552 2758 2647 2811 νῦν
2668 2756 2726 2809 δὲ
2750 2757 2841 2810 καὶ
2858 2756 2979 2808 λίαν
3003 2754 3479 2825 ἠγροικισμένην,
3510 2752 3545 2820 ἥ
3573 2752 3717 2817 μόγις

2131 2852 2197 2906 ἂν
2233 2848 2342 2906 οἶδε
2383 2851 2479 2905 καὶ
2504 2851 2605 2919 τὴν
2642 2850 2857 2919 σκάφην
2912 2847 3128 2915 σκάφην
3171 2845 3385 2913 λέγειν.
3424 2843 3718 2909 Κοινοεμιι

2131 2948 2239 3018 γάρ
2266 2964 2347 2999 σοι
2373 2947 2467 2999 καὶ
2492 2944 2661 3007 πάθος
2696 2942 3129 3013 ἐχεμυθούμενον
3159 2940 3312 3000 ἰδίως
3356 2936 3487 3006 ἐμοὶ
3517 2934 3609 2986 καί
3634 2931 3720 2983 νῦν

2134 3038 2336 3109 μᾶλλον
2354 3036 2496 3090 οὕτω
2521 3036 2827 3090 κινδυνεῦον
2848 3035 3037 3104 κύριον
3052 3032 3125 3095 ὡς
3150 3030 3397 3100 εἵμαρτο
3422 3023 3719 3095 γίγνεσθαι.

2131 3131 2302 3186 Τοῦτό
2342 3147 2424 3183 σοι
2460 3130 2556 3184 καὶ
2578 3127 2884 3192 ταλανίζειν
2907 3128 3055 3199 ἡμᾶς
3082 3125 3304 3189 αὐτοὺς,
3343 3122 3468 3176 ἀλλ’
3509 3121 3610 3174 οὐκ
3639 3120 3723 3171 £5-

2131 3221 2459 3294 δαιμονίζειν
2480 3220 2686 3288 πεῖθον,
2712 3217 2793 3284 οἷς
2817 3219 2937 3273 οὐδὲ
2964 3217 3233 3289 συμμίξαι
3263 3232 3352 3285 τῳ
3384 3214 3583 3282 γέγονε
3610 3210 3724 3277 .351-

2132 3315 2321 3387 τίστης
2360 3314 2471 3367 ὄντι
2507 3314 2701 3385 μοίρας
2735 3312 2903 3383 ὁποίῳ
2934 3311 3018 3365 σοὶ
3045 3312 3063 3381 (
3082 3311 3169 3363 ἴνα
3202 3308 3375 3380 ἡμῶν
3399 3325 3455 3359 τι
3488 3304 3581 3358 τοῦ
3606 3305 3729 3373 βαρ»

2134 3406 2305 3478 ϐάρου
2362 3406 2563 3483 μέρους
2617 3402 2867 3457 ἐντεῦθεν
2905 3402 3069 3473 τυχὸν
3118 3397 3592 3469 ἀποσμιλευθεεη,
3636 3392 3725 3445 καὶ

2133 3496 2276 3550 οὕτω
2328 3494 2424 3549 τοῦ
2476 3494 2688 3566 μακροῦ
2734 3493 2939 3565 γράσου
2982 3491 3051 3544 τά
3098 3490 3259 3562 ἡμῶν
3302 3487 3547 3557 ἐκσταίη
3596 3484 3729 3538 κειτὰ

460 3582 533 3636 rit
562 3581 782 3652 quidem
806 3598 931 3640 cum
960 3563 1235 3654 quoquam
1266 3585 1333 3640 ex
1358 3563 1565 3655 optimo
1590 3586 1686 3639 illo
1725 3594 1916 3641 vestro
1942 3563 2027 3657 ge-

2136 3587 2346 3661 βραχὺ)
2376 3563 2603 3642 νῦν-ὃτιέ
2633 3586 2706 3657 μὴ
2749 3563 2891 3638 κατὰ
2933 3583 3124 3655 καιρόν
3165 3598 3249 3635 σοι
3293 3582 3361 3633 τὺ
3399 3578 3727 3650 ζητούμενον

460 3688 593 3728 nere
614 3687 681 3728 ac
706 3674 903 3730 ordine
942 3676 1405 3746 politissimorum
1438 3678 1719 3747 congredi,
1741 3677 1904 3747 cujus
1929 3693 2031 3732 usu

461 3766 769 3835 attrituque
828 3782 930 3823 nos
976 3783 1008 3824 e
1048 3767 1178 3824 faece
1217 3767 1584 3823 barbarorum
1640 3768 1909 3823 abradere
1938 3768 2037 3822 ali-

461 3858 792 3927 quantulum
820 3873 1112 3929 possemus
1144 3859 1212 3915 de
1241 3858 1428 3929 pingui
1473 3858 1577 3913 hoc
1600 3861 1828 3915 succido
1855 3870 2039 3929 pasto-

463 3948 575 4003 ritii
603 3949 876 4014 horroris,
910 3965 1022 4019 quo
1048 3956 1293 4003 vestrum
1326 3948 1560 4004 delicate
1596 3947 1926 4003 mundorum
1955 3948 2038 4001 ni-

465 4046 641 4094 torem
674 4038 1025 4095 oﬂ‘endimus.
1066 4039 1170 4094 Sed
1202 4040 1465 4108 majorem
1513 4039 1619 4093 ista
1654 4039 1819 4108 priori
1868 4038 2037 4093 mise-

464 4130 626 4185 randi
664 4138 721 4186 et
757 4130 979 4185 dolendi
1007 4146 1235 4186 causam
1270 4130 1483 4195 oﬂ‘eret,
1506 4129 1654 4199 quod
1687 4130 1851 4184 modo
1885 4130 2036 4184 acci-

466 4222 545 4275 dit
573 4240 588 4287 ;
627 4222 947 4292 petitionem
980 4222 1229 4277 videlicet
1268 4230 1418 4277 tuam
1452 4222 1521 4276 ad
1554 4230 1767 4291 tempus
1794 4238 1902 4277 non
1939 4236 2036 4277 oc—

466 4313 732 4368 rurrisse.
771 4313 907 4381 Nam
941 4314 1124 4368 oleum
1160 4313 1304 4381 quod
1335 4321 1394 4366 tu
1428 4312 1568 4382 petis
1615 4319 1671 4365 et
1710 4328 1812 4381 ego
1852 4314 2035 4377 velim,

468 4414 582 4470 aut,
622 4412 685 4459 ut
730 4421 860 4460 vere
900 4406 1102 4470 dicam,
1147 4406 1201 4458 in
1255 4404 1398 4461 votis
1448 4404 1638 4469 habui,
1682 4403 1750 4456 ad
1804 4404 2043 4472 aliquem

2130 3681 2395 3751 ἀνεφάνη,
2432 3679 2629 3749 μᾶλλον
2650 3677 2745 3730 τοῦ
2776 3676 3040 3747 προτέρου
3062 3672 3320 3735 ταλανέζε
3332 3690 3386 3724 ιν
3411 3671 3723 3741 παρέχεται.

2144 3774 2202 3827 '0
2232 3772 2341 3843 γὰρ
2365 3772 2539 3824 ἔλαιον
2560 3812 2574 3830 ,
2614 3769 2679 3821 σύ
2707 3785 2766 3820 τε
2801 3766 2991 3831 ἀξιοῖς,
3021 3764 3174 3833 κάγὼ
3208 3763 3510 3833 βούλομαι,
3536 3763 3566 3830 ἦ
3594 3760 3726 3811 τρίτ’

2133 3860 2327 3926 εἰπεῖν,
2354 3858 2420 3911 δι’
2459 3858 2626 3928 εὐχῆς
2652 3851 2817 3925 εἶχον,
2851 3854 2988 3925 πρὸς
3015 3852 3259 3906 τοιοῦτον
3286 3869 3417 3903 τινα
3456 3850 3725 3918 διαϐῆναι,

2133 3951 2275 4005 κατὰ
2298 3951 2482 4021 χώραν
2523 3947 2851 4020 μεμενηκὸς,
2878 3945 2954 4008 ὡς
2976 3947 3009 4016 ἡ
3042 3944 3150 3998 τῶν
3178 3943 3545 4014 πραγμάτων
3570 3941 3725 3993 ἔδωκε

2144 4044 2323 4113 φύσις,
2355 4042 2447 4095 ἐπὶ
2472 4042 2541 4095 τὰ
2563 4041 2698 4111 πρὸς
2718 4039 2908 4109 χρείαν
2927 4037 3186 4107 κατέστη.
3218 4034 3424 4088 Τοίνυν
3449 4034 3563 4086 οὐδ
3588 4031 3729 4084 sui:

2142 4151 2225 4197 τις
2253 4133 2397 4185 ἐστιν
2419 4131 2937 4201 ἐνοφθαλμισμάτων
2961 4127 3302 4197 ἐστερημένη
3338 4124 3610 4193 (ἀνάσχου
3634 4121 3727 4189 γάρ

2145 4242 2246 4295 μου
2284 4226 2379 4277 καὶ
2416 4223 2611 4295 μικρὸν
2640 4225 2705 4292 τῇ
2747 4223 2897 4292 κοινῇ
2935 4218 3147 4288 γλώττῃ
3193 4214 3616 4287 χαρισαμένου)
3654 4208 3729 4275 ἐᾷ’

2141 4311 2286 4390 ᾗπερ
2320 4315 2386 4369 ἂν
2416 4315 2461 4368 ’ὁ
2500 4315 2629 4385 ἡδὺς
2670 4313 2820 4383 φίλος
2862 4308 3330 4380 ἐγκεντριασθείη.
3370 4305 3729 4372 Πεπλήρωται

2140 4410 2250 4476 γάρ
2280 4406 2508 4476 ἑκάστη,
2548 4407 2642 4459 καὶ
2674 4403 3025 4476 καρποδοτεῖν
3053 4402 3129 4464 ὡς
3155 4394 3268 4451 οἷόν
3307 4413 3372 4448 τε
3408 4396 3517 4464 ἥδη
3568 4391 3731 4458 ἅτ’-ἀρ-

471 4498 656 4552 isthuc
711 4497 875 4553 talem
918 4499 1099 4570 qualis
1144 4506 1201 4552 tu
1250 4513 1312 4552 es
1341 4496 1602 4558 transire,
1645 4496 1928 4550 detentum
1987 4497 2027 4550 ir

2139 4519 2312 4572 χεται.
2349 4501 2460 4554 Καὶ
2491 4498 2662 4552 ταῦτα
2685 4498 2786 4568 μὲν
2811 4497 2875 4566 δὴ
2910 4493 3105 4548 mira‘
3138 4490 3327 4545 τ’ᾰλλα
3359 4489 3419 4539 δὲ
3444 4487 3550 4539 καὶ
3586 4488 3615 4537 ὁ
3643 4500 3730 4535 :1-

473 4590 616 4655 loco,
646 4597 811 4659 prout
854 4605 1036 4645 rerum
1070 4598 1271 4643 natura
1308 4589 1457 4651 tulit,
1491 4589 1751 4642 collatum
1789 4588 1844 4641 in
1884 4603 2027 4642 usuri

2143 4591 2253 4663 ρὼν
2280 4592 2415 4662 δῆλα
2439 4592 2612 4662 θήσει’
2642 4588 2734 4642 καὶ
2758 4589 2903 4651 ὅπως
2930 4585 3074 4655 άπερ
3096 4583 3307 4655 ᾔτησας
3338 4582 3444 4633 οὐκ
3468 4579 3603 4647 ἔσχε
3624 4592 3733 4627 κιιο

470 4688 598 4746 est;
632 4681 878 4750 adeoque
910 4696 1011 4735 nec
1036 4682 1180 4735 oliva
1202 4682 1314 4750 jam
1350 4695 1518 4750 super
1572 4679 1682 4732 ulla
1731 4686 1838 4739 est.
1872 4692 2027 4749 supra

2145 4683 2257 4755 ρὸν,
2293 4684 2413 4752 τάχ’
2440 4682 2505 4736 ἄν
2544 4697 2626 4733 σοι
2663 4677 3097 4747 διατρανάσαιτο.
3126 4676 3417 4745 Ἐῥρωσο,
3454 4671 3563 4723 καὶ
3586 4666 3731 4719 εἰ,θῦ-

473 4784 640 4840 quam
691 4770 1050 4825 inoculationi
1098 4772 1254 4827 locus
1308 4779 1466 4824 vacet
1516 4769 1679 4838 (sine
1744 4771 1891 4823 enim
1953 4786 2027 4826 me

2145 4744 2587 4844 μει-φιλοσοφίας
2613 4744 2827 4840 ἁπάστγς
2864 4744 3333 4836 ἀντιποιούμενος.

472 4865 731 4933 exiguum
763 4864 896 4933 quid
955 4866 1152 4934 lingua:
1197 4862 1475 4918 communi
1519 4862 1845 4933 indulgere)
1885 4862 1973 4917 cui
2023 4863 2201 4920 dulcis
2240 4865 2451 4919 amicus
2492 4864 2789 4918 inseratur.
2843 4859 3009 4914 Plena
3042 4859 3189 4913 enim
3236 4868 3599 4924 unaquaque
3640 4857 3730 4903 est.

469 4955 695 5026 jamque
720 4955 961 5009 fructum
984 4957 1145 5009 edere
1169 4971 1268 5025 pro
1288 4970 1345 5009 se
1368 4954 1597 5024 singulae
1622 4955 1902 5024 inceptant
1923 4956 2062 5025 (93).
2097 4956 2223 5012 Haec
2250 4956 2472 5028 quidem
2506 4957 2775 5010 hactenus
2801 4971 2815 5020 ;
2846 4960 3039 5007 caetera
3106 4950 3440 5005 tabellarius
3496 4954 3733 5015 presens

476 5059 744 5120 exponet;
767 5055 821 5104 et
846 5046 1122 5118 quomodo
1146 5062 1267 5117 quae
1290 5045 1579 5115 postulasti
1600 5048 2066 5117 opportunitatem
2090 5064 2201 5103 non
2227 5047 2555 5113 invenerint,
2579 5046 2771 5115 utique
2791 5042 2859 5099 ad
2885 5040 3465 5113 liquidumedisseret.
3513 5035 3671 5098 Vale,
3689 5038 3734 5086 et

478 5149 625 5204 bono
691 5148 877 5202 animo
914 5145 1171 5201 incumbe
1194 5144 1248 5199 in
1272 5141 1479 5199 dudum
1505 5154 1725 5215 captum
1748 5142 1817 5198 ad
1836 5158 2054 5200 omnem
2074 5144 2479 5215 philosophiam
2516 5141 2802 5212 impetum.

554 5327 693 5399 (92‘)
728 5327 805 5383 Ex
831 5327 1021 5399 codice
1051 5325 1319 5399 Vaticano
1339 5324 1510 5399 edidit
1545 5323 1609 5379 P.
1636 5323 1900 5399 Pessinus
1921 5324 2047 5379 SJ.
2160 5323 2398 5399 epistola
2427 5321 2795 5399 93._Entr.___
3053 5389 3065 5399 _
3194 5384 3207 5398 ,
3360 5398 3369 5399 7
3433 5382 3473 5399 ,Α
3512 5397 3542 5399 Α
3578 5381 3594 5399 9

483 5399 540 5452 in
563 5390 719 5472 'noti_s
745 5399 815 5472 ad
852 5398 1202 5472 Pachymeris
1224 5395 1552 5472 Historiam,
1584 5409 1639 5465 p.
1671 5394 1801 5472 3M7,
1834 5395 2042 5472 βοτηε.
2188 5390 2636 5472 _'(93)_anibus_
2660 5392 2885 5472 sedibus
2909 5390 3100 5472 vacuis
3122 5390 3551 5472 episcoposjam
3577 5390 3731 5450 impo-

484 5470 631 5540 typis
668 5456 1196 5538 Barberinis,'4666,
1223 5467 1356 5525 in-i°
1379 5456 1639 5521 maximo.
1671 5464 1727 5519 In
1757 5456 1944 5522 codice
1963 5456 2049 5523 est
2158 5456 2295 5525 sitos
2319 5456 2498 5523 fuisse
2534 5463 2882 5537 aenigmatice
2909 5458 3213 5533 signiﬁcat.
3242 5456 3406 5512 Εοιτ.
