  <div class='ocr_page' id='page_1' title='image "/cluster/home/n/w/nwhite01/storage/ocr_20150623/66/hvd.32044020183315/786.png"; bbox 0 0 3880 6524; ppageno 0'>
   <div class='ocr_carea' id='block_1_1' title="bbox 1610 383 1946 443">
    <p class='ocr_par' dir='ltr' id='par_1_1' title="bbox 1610 383 1946 443">
     <span class='ocr_line' id='line_1_1' title="bbox 1610 383 1946 443; baseline -0.006 -2"><span class='ocrx_word' id='word_1_1' title='bbox 1610 383 1946 443; x_wconf 66' lang='grc' dir='ltr'><strong>ΗΟΜΙΙΛᾸΞ.</strong></span> 
     </span>
    </p>
   </div>
   <div class='ocr_carea' id='block_1_2' title="bbox 3271 369 3412 428">
    <p class='ocr_par' dir='ltr' id='par_1_2' title="bbox 3271 369 3412 428">
     <span class='ocr_line' id='line_1_2' title="bbox 3271 369 3412 428; baseline -0.007 -1"><span class='ocrx_word' id='word_1_2' title='bbox 3271 369 3412 428; x_wconf 69' lang='grc'><strong>156⁸2</strong></span> 
     </span>
    </p>
   </div>
   <div class='ocr_carea' id='block_1_3' title="bbox 2450 506 3381 549">
    <p class='ocr_par' dir='ltr' id='par_1_3' title="bbox 2450 506 3381 549">
     <span class='ocr_line' id='line_1_3' title="bbox 2450 506 3381 549; baseline -0.01 -4"><span class='ocrx_word' id='word_1_3' title='bbox 2450 506 3381 549; x_wconf 62' lang='lat' dir='ltr'><em>W</em></span> 
     </span>
    </p>
   </div>
   <div class='ocr_carea' id='block_1_4' title="bbox 202 517 2500 562">
    <p class='ocr_par' dir='ltr' id='par_1_4' title="bbox 202 517 2500 562">
     <span class='ocr_line' id='line_1_4' title="bbox 202 517 2500 562; baseline -0.008 1"><span class='ocrx_word' id='word_1_4' title='bbox 202 517 2500 562; x_wconf 67' lang='lat' dir='ltr'><em>W</em></span> 
     </span>
    </p>
   </div>
   <div class='ocr_carea' id='block_1_5' title="bbox 1043 679 2518 812">
    <p class='ocr_par' dir='ltr' id='par_1_5' title="bbox 1043 679 2518 812">
     <span class='ocr_line' id='line_1_5' title="bbox 1043 679 2518 812; baseline -0.015 0"><span class='ocrx_word' id='word_1_5' title='bbox 1043 682 1667 812; x_wconf 82' lang='lat' dir='ltr'><strong>SYNESII</strong></span> <span class='ocrx_word' id='word_1_6' title='bbox 1748 679 2518 806; x_wconf 79' lang='lat' dir='ltr'><strong>HOMILUE.</strong></span> 
     </span>
    </p>
   </div>
   <div class='ocr_carea' id='block_1_6' title="bbox 734 1033 1187 1103">
    <p class='ocr_par' dir='ltr' id='par_1_6' title="bbox 734 1033 1187 1103">
     <span class='ocr_line' id='line_1_6' title="bbox 734 1033 1187 1103; baseline 0.004 -18"><span class='ocrx_word' id='word_1_7' title='bbox 734 1033 971 1085; x_wconf 76' lang='lat' dir='ltr'><strong>OMIAIA</strong></span> <span class='ocrx_word' id='word_1_8' title='bbox 1006 1033 1063 1103; x_wconf 62' lang='grc' dir='ltr'><strong>Αέ</strong></span> <span class='ocrx_word' id='word_1_9' title='bbox 1101 1033 1187 1103; x_wconf 66' lang='grc' dir='ltr'><strong>(ο).</strong></span> 
     </span>
    </p>
   </div>
   <div class='ocr_carea' id='block_1_7' title="bbox 255 1120 1756 1203">
    <p class='ocr_par' dir='ltr' id='par_1_7' title="bbox 255 1120 1756 1203">
     <span class='ocr_line' id='line_1_7' title="bbox 255 1120 1756 1203; baseline -0.006 -21"><span class='ocrx_word' id='word_1_10' title='bbox 255 1126 389 1196; x_wconf 83' lang='lat'><strong>(95‘)</strong></span> <span class='ocrx_word' id='word_1_11' title='bbox 409 1125 484 1178; x_wconf 84' lang='grc' dir='ltr'>Οῦ</span> <span class='ocrx_word' id='word_1_12' title='bbox 516 1124 750 1195; x_wconf 77' lang='grc' dir='ltr'>ϐήσομαι</span> <span class='ocrx_word' id='word_1_13' title='bbox 774 1124 871 1192; x_wconf 81' lang='grc' dir='ltr'>τὴν</span> <span class='ocrx_word' id='word_1_14' title='bbox 902 1125 1207 1196; x_wconf 83' lang='grc' dir='ltr'>πανήγυριν</span> <span class='ocrx_word' id='word_1_15' title='bbox 1228 1125 1460 1203; x_wconf 76' lang='grc' dir='ltr'>ὄιφωνον,</span> <span class='ocrx_word' id='word_1_16' title='bbox 1483 1120 1615 1177; x_wconf 80' lang='grc' dir='ltr'>ἀλλὰ</span> <span class='ocrx_word' id='word_1_17' title='bbox 1637 1120 1756 1175; x_wconf 78' lang='grc' dir='ltr'>οὐδὲ</span> 
     </span>
    </p>
   </div>
   <div class='ocr_carea' id='block_1_8' title="bbox 180 1212 1757 1290">
    <p class='ocr_par' dir='ltr' id='par_1_8' title="bbox 180 1212 1757 1290">
     <span class='ocr_line' id='line_1_8' title="bbox 180 1212 1757 1290; baseline -0.004 -19"><span class='ocrx_word' id='word_1_18' title='bbox 180 1217 366 1290; x_wconf 81' lang='grc' dir='ltr'>μέντοι</span> <span class='ocrx_word' id='word_1_19' title='bbox 400 1215 712 1285; x_wconf 81' lang='grc' dir='ltr'>πολύφωνον</span> <span class='ocrx_word' id='word_1_20' title='bbox 733 1254 747 1277; x_wconf 87' lang='grc'><strong>,</strong></span> <span class='ocrx_word' id='word_1_21' title='bbox 784 1218 850 1286; x_wconf 81' lang='grc' dir='ltr'>τῇ</span> <span class='ocrx_word' id='word_1_22' title='bbox 886 1215 982 1286; x_wconf 79' lang='grc' dir='ltr'>μὲν</span> <span class='ocrx_word' id='word_1_23' title='bbox 1002 1218 1149 1286; x_wconf 82' lang='grc' dir='ltr'><strong>φωνῇ</strong></span> <span class='ocrx_word' id='word_1_24' title='bbox 1180 1215 1355 1286; x_wconf 82' lang='grc' dir='ltr'>τιμῶν</span> <span class='ocrx_word' id='word_1_25' title='bbox 1379 1214 1470 1268; x_wconf 73' lang='grc' dir='ltr'>τὸν</span> <span class='ocrx_word' id='word_1_26' title='bbox 1497 1212 1650 1267; x_wconf 73' lang='grc' dir='ltr'>Θεόψ</span> <span class='ocrx_word' id='word_1_27' title='bbox 1678 1213 1757 1283; x_wconf 84' lang='grc' dir='ltr'>τῷ</span> 
     </span>
    </p>
   </div>
   <div class='ocr_carea' id='block_1_9' title="bbox 175 1303 1756 1378">
    <p class='ocr_par' dir='ltr' id='par_1_9' title="bbox 175 1303 1756 1378">
     <span class='ocr_line' id='line_1_9' title="bbox 175 1303 1756 1378; baseline -0.002 -17"><span class='ocrx_word' id='word_1_28' title='bbox 175 1309 238 1361; x_wconf 82' lang='grc' dir='ltr'>δὲ</span> <span class='ocrx_word' id='word_1_29' title='bbox 269 1309 403 1378; x_wconf 78' lang='grc' dir='ltr'>ταχὺ</span> <span class='ocrx_word' id='word_1_30' title='bbox 440 1307 769 1371; x_wconf 78' lang='grc' dir='ltr'>πεπαῦσθαι,</span> <span class='ocrx_word' id='word_1_31' title='bbox 788 1309 852 1377; x_wconf 82' lang='grc' dir='ltr'>τῇ</span> <span class='ocrx_word' id='word_1_32' title='bbox 874 1306 1175 1378; x_wconf 82' lang='grc' dir='ltr'><strong>πανηγύρει</strong></span> <span class='ocrx_word' id='word_1_33' title='bbox 1207 1306 1576 1378; x_wconf 78' lang='grc' dir='ltr'><strong>χαριζόμενος.</strong></span> <span class='ocrx_word' id='word_1_34' title='bbox 1618 1303 1756 1358; x_wconf 86' lang='grc' dir='ltr'>Ἀλλ’</span> 
     </span>
    </p>
   </div>
   <div class='ocr_carea' id='block_1_10' title="bbox 178 1396 1758 1470">
    <p class='ocr_par' dir='ltr' id='par_1_10' title="bbox 178 1396 1758 1470">
     <span class='ocr_line' id='line_1_10' title="bbox 178 1396 1758 1470; baseline -0.002 -17"><span class='ocrx_word' id='word_1_35' title='bbox 178 1400 329 1463; x_wconf 82' lang='grc' dir='ltr'>ὅπως</span> <span class='ocrx_word' id='word_1_36' title='bbox 371 1398 471 1470; x_wconf 79' lang='grc' dir='ltr'><strong>ἔσῃ</strong></span> <span class='ocrx_word' id='word_1_37' title='bbox 504 1396 911 1469; x_wconf 82' lang='grc' dir='ltr'>πανηγυριστὴς</span> <span class='ocrx_word' id='word_1_38' title='bbox 952 1398 1097 1463; x_wconf 81' lang='grc' dir='ltr'>ἄξιος</span> <span class='ocrx_word' id='word_1_39' title='bbox 1145 1398 1237 1451; x_wconf 91' lang='grc' dir='ltr'><strong>τοῦ</strong></span> <span class='ocrx_word' id='word_1_40' title='bbox 1283 1398 1437 1463; x_wconf 85' lang='grc' dir='ltr'>Θεοῦ,</span> <span class='ocrx_word' id='word_1_41' title='bbox 1478 1397 1551 1468; x_wconf 82' lang='grc' dir='ltr'>μὴ</span> <span class='ocrx_word' id='word_1_42' title='bbox 1604 1396 1758 1451; x_wconf 86' lang='grc' dir='ltr'>πόθει</span> 
     </span>
    </p>
   </div>
   <div class='ocr_carea' id='block_1_11' title="bbox 179 1487 1759 1563">
    <p class='ocr_par' dir='ltr' id='par_1_11' title="bbox 179 1487 1759 1563">
     <span class='ocr_line' id='line_1_11' title="bbox 179 1487 1759 1563; baseline -0.001 -21"><span class='ocrx_word' id='word_1_43' title='bbox 179 1492 481 1563; x_wconf 77' lang='grc' dir='ltr'>τράπεζαν,</span> <span class='ocrx_word' id='word_1_44' title='bbox 510 1491 618 1543; x_wconf 85' lang='grc' dir='ltr'>ἀπὸ</span> <span class='ocrx_word' id='word_1_45' title='bbox 641 1491 737 1561; x_wconf 83' lang='grc' dir='ltr'><strong>τῆς</strong></span> <span class='ocrx_word' id='word_1_46' title='bbox 765 1490 1026 1561; x_wconf 86' lang='grc' dir='ltr'>νηστίμου</span> <span class='ocrx_word' id='word_1_47' title='bbox 1047 1489 1145 1561; x_wconf 85' lang='grc' dir='ltr'><strong>τὴν</strong></span> <span class='ocrx_word' id='word_1_48' title='bbox 1167 1490 1420 1561; x_wconf 77' lang='grc' dir='ltr'><strong>μέθυσον.</strong></span> <span class='ocrx_word' id='word_1_49' title='bbox 1455 1488 1656 1559; x_wconf 74' lang='grc' dir='ltr'>Στὲψον</span> <span class='ocrx_word' id='word_1_50' title='bbox 1680 1487 1759 1560; x_wconf 81' lang='grc' dir='ltr'>τῷ</span> 
     </span>
    </p>
   </div>
   <div class='ocr_carea' id='block_1_12' title="bbox 186 1581 1761 1654">
    <p class='ocr_par' dir='ltr' id='par_1_12' title="bbox 186 1581 1761 1654">
     <span class='ocr_line' id='line_1_12' title="bbox 186 1581 1761 1654; baseline 0.001 -20"><span class='ocrx_word' id='word_1_51' title='bbox 186 1581 309 1653; x_wconf 82' lang='grc' dir='ltr'><strong>Θεῷ</strong></span> <span class='ocrx_word' id='word_1_52' title='bbox 338 1584 588 1654; x_wconf 74' lang='grc' dir='ltr'>κρατῆρα</span> <span class='ocrx_word' id='word_1_53' title='bbox 619 1584 879 1653; x_wconf 80' lang='grc' dir='ltr'>νήφοντος</span> <span class='ocrx_word' id='word_1_54' title='bbox 906 1582 1202 1653; x_wconf 83' lang='grc' dir='ltr'>κράματος.</span> <span class='ocrx_word' id='word_1_55' title='bbox 1244 1582 1303 1635; x_wconf 82' lang='grc' dir='ltr'>Ὀ</span> <span class='ocrx_word' id='word_1_56' title='bbox 1331 1582 1461 1646; x_wconf 84' lang='grc' dir='ltr'>Θεὸς</span> <span class='ocrx_word' id='word_1_57' title='bbox 1489 1581 1645 1653; x_wconf 74' lang='grc' dir='ltr'>ἡμῶν</span> <span class='ocrx_word' id='word_1_58' title='bbox 1674 1598 1761 1635; x_wconf 85' lang='grc' dir='ltr'>σο·</span> 
     </span>
    </p>
   </div>
   <div class='ocr_carea' id='block_1_13' title="bbox 186 1672 1755 1744">
    <p class='ocr_par' dir='ltr' id='par_1_13' title="bbox 186 1672 1755 1744">
     <span class='ocr_line' id='line_1_13' title="bbox 186 1672 1755 1744; baseline 0.001 -20"><span class='ocrx_word' id='word_1_59' title='bbox 186 1672 287 1740; x_wconf 80' lang='grc' dir='ltr'>φίσ.</span> <span class='ocrx_word' id='word_1_60' title='bbox 312 1675 405 1725; x_wconf 73' lang='grc' dir='ltr'>καὶ</span> <span class='ocrx_word' id='word_1_61' title='bbox 431 1673 583 1741; x_wconf 84' lang='grc' dir='ltr'>λόγος</span> <span class='ocrx_word' id='word_1_62' title='bbox 609 1673 744 1726; x_wconf 77' lang='grc' dir='ltr'>ἐστί.</span> <span class='ocrx_word' id='word_1_63' title='bbox 774 1673 1002 1744; x_wconf 84' lang='grc' dir='ltr'>Κρατὴρ</span> <span class='ocrx_word' id='word_1_64' title='bbox 1028 1676 1054 1726; x_wconf 86' lang='grc' dir='ltr'><strong>ό</strong></span> <span class='ocrx_word' id='word_1_65' title='bbox 1079 1672 1395 1744; x_wconf 60' lang='grc' dir='ltr'>παραηνῶν</span> <span class='ocrx_word' id='word_1_66' title='bbox 1423 1672 1482 1725; x_wconf 79' lang='grc' dir='ltr'>τὸ</span> <span class='ocrx_word' id='word_1_67' title='bbox 1506 1672 1755 1744; x_wconf 81' lang='grc' dir='ltr'>φρονοῦν,</span> 
     </span>
    </p>
   </div>
   <div class='ocr_carea' id='block_1_14' title="bbox 183 1762 1757 1835">
    <p class='ocr_par' dir='ltr' id='par_1_14' title="bbox 183 1762 1757 1835">
     <span class='ocr_line' id='line_1_14' title="bbox 183 1762 1757 1835; baseline 0.001 -19"><span class='ocrx_word' id='word_1_68' title='bbox 183 1765 216 1816; x_wconf 79' lang='grc' dir='ltr'><strong>ὁ</strong></span> <span class='ocrx_word' id='word_1_69' title='bbox 240 1765 518 1835; x_wconf 85' lang='grc' dir='ltr'><strong>ταράττων</strong></span> <span class='ocrx_word' id='word_1_70' title='bbox 540 1764 599 1816; x_wconf 78' lang='grc' dir='ltr'>τὸ</span> <span class='ocrx_word' id='word_1_71' title='bbox 627 1764 991 1834; x_wconf 78' lang='grc' dir='ltr'><strong>λογιζόμενον,</strong></span> <span class='ocrx_word' id='word_1_72' title='bbox 1017 1763 1168 1816; x_wconf 69' lang='grc' dir='ltr'>οὐδὲν</span> <span class='ocrx_word' id='word_1_73' title='bbox 1198 1765 1465 1835; x_wconf 86' lang='grc' dir='ltr'>προσήκει</span> <span class='ocrx_word' id='word_1_74' title='bbox 1488 1763 1565 1834; x_wconf 83' lang='grc' dir='ltr'><strong>τῷ</strong></span> <span class='ocrx_word' id='word_1_75' title='bbox 1594 1762 1757 1835; x_wconf 84' lang='grc' dir='ltr'>λόγῳ.</span> 
     </span>
    </p>
   </div>
   <div class='ocr_carea' id='block_1_15' title="bbox 190 1855 1762 1928">
    <p class='ocr_par' dir='ltr' id='par_1_15' title="bbox 190 1855 1762 1928">
     <span class='ocr_line' id='line_1_15' title="bbox 190 1855 1762 1928; baseline -0.001 -19"><span class='ocrx_word' id='word_1_76' title='bbox 190 1858 377 1910; x_wconf 81' lang='grc' dir='ltr'>Ἔστιν</span> <span class='ocrx_word' id='word_1_77' title='bbox 400 1857 580 1917; x_wconf 83' lang='grc' dir='ltr'>ἄνεσις</span> <span class='ocrx_word' id='word_1_78' title='bbox 610 1858 890 1927; x_wconf 78' lang='grc' dir='ltr'>πρέπουσα</span> <span class='ocrx_word' id='word_1_79' title='bbox 916 1857 1033 1928; x_wconf 80' lang='grc' dir='ltr'>Θεῷ</span> <span class='ocrx_word' id='word_1_80' title='bbox 1056 1873 1069 1886; x_wconf 88' lang='grc'><strong>·</strong></span> <span class='ocrx_word' id='word_1_81' title='bbox 1113 1858 1207 1910; x_wconf 68' lang='grc' dir='ltr'><strong>καὶ</strong></span> <span class='ocrx_word' id='word_1_82' title='bbox 1239 1856 1384 1911; x_wconf 83' lang='grc' dir='ltr'>ἔστιν</span> <span class='ocrx_word' id='word_1_83' title='bbox 1416 1857 1596 1920; x_wconf 83' lang='grc' dir='ltr'>ἄνεσις</span> <span class='ocrx_word' id='word_1_84' title='bbox 1626 1855 1762 1924; x_wconf 79' lang='grc' dir='ltr'><strong>πρέ-</strong></span> 
     </span>
    </p>
   </div>
   <div class='ocr_carea' id='block_1_16' title="bbox 188 1947 1754 2019">
    <p class='ocr_par' dir='ltr' id='par_1_16' title="bbox 188 1947 1754 2019">
     <span class='ocr_line' id='line_1_16' title="bbox 188 1947 1754 2019; baseline 0 -18"><span class='ocrx_word' id='word_1_85' title='bbox 188 1967 367 2002; x_wconf 84' lang='grc' dir='ltr'>πουσα</span> <span class='ocrx_word' id='word_1_86' title='bbox 398 1949 665 2019; x_wconf 84' lang='grc' dir='ltr'>δαίμοσιν.</span> <span class='ocrx_word' id='word_1_87' title='bbox 711 1947 1098 2016; x_wconf 63' lang='grc' dir='ltr'>Ἄγαλλιᾶσθε</span> <span class='ocrx_word' id='word_1_88' title='bbox 1134 1947 1214 2013; x_wconf 83' lang='grc' dir='ltr'>τῷ</span> <span class='ocrx_word' id='word_1_89' title='bbox 1244 1950 1436 2017; x_wconf 83' lang='grc' dir='ltr'>Κυρίῳ</span> <span class='ocrx_word' id='word_1_90' title='bbox 1471 1948 1540 2001; x_wconf 84' lang='grc' dir='ltr'><strong>ἐν</strong></span> <span class='ocrx_word' id='word_1_91' title='bbox 1578 1948 1754 2017; x_wconf 73' lang='grc' dir='ltr'>φόϐῳ.</span> 
     </span>
    </p>
   </div>
   <div class='ocr_carea' id='block_1_17' title="bbox 186 2040 1761 2127">
    <p class='ocr_par' dir='ltr' id='par_1_17' title="bbox 186 2040 1761 2127">
     <span class='ocr_line' id='line_1_17' title="bbox 186 2040 1761 2127; baseline -0.001 -32"><span class='ocrx_word' id='word_1_92' title='bbox 186 2041 357 2095; x_wconf 85' lang='grc' dir='ltr'>’Ὅταν</span> <span class='ocrx_word' id='word_1_93' title='bbox 402 2041 602 2111; x_wconf 78' lang='grc' dir='ltr'>εύωχῇ,</span> <span class='ocrx_word' id='word_1_94' title='bbox 641 2041 794 2127; x_wconf 72' lang='grc' dir='ltr'>φησὶ,</span> <span class='ocrx_word' id='word_1_95' title='bbox 827 2040 1070 2110; x_wconf 79' lang='grc' dir='ltr'>μέμνησο</span> <span class='ocrx_word' id='word_1_96' title='bbox 1099 2040 1193 2093; x_wconf 90' lang='grc' dir='ltr'><strong>τοῦ</strong></span> <span class='ocrx_word' id='word_1_97' title='bbox 1231 2040 1386 2094; x_wconf 86' lang='grc' dir='ltr'>Θεοῦ.</span> <span class='ocrx_word' id='word_1_98' title='bbox 1418 2040 1549 2092; x_wconf 86' lang='grc' dir='ltr'>Τότε</span> <span class='ocrx_word' id='word_1_99' title='bbox 1596 2040 1704 2110; x_wconf 80' lang='grc' dir='ltr'>γὰρ</span> <span class='ocrx_word' id='word_1_100' title='bbox 1732 2041 1761 2093; x_wconf 86' lang='grc' dir='ltr'><strong>ὁ</strong></span> 
     </span>
    </p>
   </div>
   <div class='ocr_carea' id='block_1_18' title="bbox 188 2132 1758 2203">
    <p class='ocr_par' dir='ltr' id='par_1_18' title="bbox 188 2132 1758 2203">
     <span class='ocr_line' id='line_1_18' title="bbox 188 2132 1758 2203; baseline 0.001 -21"><span class='ocrx_word' id='word_1_101' title='bbox 188 2132 356 2195; x_wconf 73' lang='grc' dir='ltr'>πολὺς</span> <span class='ocrx_word' id='word_1_102' title='bbox 391 2135 471 2196; x_wconf 77' lang='grc' dir='ltr'>είς</span> <span class='ocrx_word' id='word_1_103' title='bbox 509 2132 783 2203; x_wconf 75' lang='grc' dir='ltr'>ἁμαρτίαν</span> <span class='ocrx_word' id='word_1_104' title='bbox 810 2132 1021 2195; x_wconf 78' lang='grc' dir='ltr'>δλισθος</span> <span class='ocrx_word' id='word_1_105' title='bbox 1065 2133 1291 2202; x_wconf 82' lang='grc' dir='ltr'>γίνεται.</span> <span class='ocrx_word' id='word_1_106' title='bbox 1326 2133 1492 2186; x_wconf 82' lang='grc' dir='ltr'>Ὅταν</span> <span class='ocrx_word' id='word_1_107' title='bbox 1524 2132 1758 2203; x_wconf 79' lang='grc' dir='ltr'>εὐτροφῇ</span> 
     </span>
    </p>
   </div>
   <div class='ocr_carea' id='block_1_19' title="bbox 190 2221 1758 2294">
    <p class='ocr_par' dir='ltr' id='par_1_19' title="bbox 190 2221 1758 2294">
     <span class='ocr_line' id='line_1_19' title="bbox 190 2221 1758 2294; baseline 0.001 -20"><span class='ocrx_word' id='word_1_108' title='bbox 190 2222 351 2292; x_wconf 84' lang='grc' dir='ltr'>σῶμα</span> <span class='ocrx_word' id='word_1_109' title='bbox 396 2222 520 2294; x_wconf 70' lang='lat' dir='ltr'><strong>napi.</strong></span> <span class='ocrx_word' id='word_1_110' title='bbox 552 2224 847 2293; x_wconf 83' lang='grc' dir='ltr'>σάρκωσιν,</span> <span class='ocrx_word' id='word_1_111' title='bbox 885 2223 1214 2294; x_wconf 81' lang='grc' dir='ltr'>ἀποστρέφει</span> <span class='ocrx_word' id='word_1_112' title='bbox 1253 2221 1428 2293; x_wconf 75' lang='grc' dir='ltr'>ψυχὴν</span> <span class='ocrx_word' id='word_1_113' title='bbox 1474 2222 1600 2292; x_wconf 70' lang='grc' dir='ltr'>περὶ</span> <span class='ocrx_word' id='word_1_114' title='bbox 1629 2222 1758 2293; x_wconf 85' lang='grc' dir='ltr'>φρό-</span> 
     </span>
    </p>
   </div>
   <div class='ocr_carea' id='block_1_20' title="bbox 189 2308 1758 2382">
    <p class='ocr_par' dir='ltr' id='par_1_20' title="bbox 189 2308 1758 2382">
     <span class='ocr_line' id='line_1_20' title="bbox 189 2308 1758 2382; baseline -0.002 -18"><span class='ocrx_word' id='word_1_115' title='bbox 189 2328 362 2382; x_wconf 87' lang='grc' dir='ltr'>νησιν.</span> <span class='ocrx_word' id='word_1_116' title='bbox 399 2311 692 2379; x_wconf 79' lang='grc' dir='ltr'>Ποτήριον</span> <span class='ocrx_word' id='word_1_117' title='bbox 724 2311 794 2365; x_wconf 84' lang='grc' dir='ltr'>ἐν</span> <span class='ocrx_word' id='word_1_118' title='bbox 826 2311 975 2381; x_wconf 76' lang='grc' dir='ltr'>χειρὶ</span> <span class='ocrx_word' id='word_1_119' title='bbox 1014 2312 1257 2377; x_wconf 81' lang='grc' dir='ltr'><strong>Κυρίου,</strong></span> <span class='ocrx_word' id='word_1_120' title='bbox 1292 2311 1460 2364; x_wconf 79' lang='grc' dir='ltr'>οἵνου</span> <span class='ocrx_word' id='word_1_121' title='bbox 1498 2308 1758 2377; x_wconf 78' lang='grc' dir='ltr'><strong>ἀκράτου</strong></span> 
     </span>
    </p>
   </div>
   <div class='ocr_carea' id='block_1_21' title="bbox 2384 1016 2809 1097">
    <p class='ocr_par' dir='ltr' id='par_1_21' title="bbox 2384 1016 2809 1097">
     <span class='ocr_line' id='line_1_21' title="bbox 2384 1016 2809 1097; baseline -0.014 -21"><span class='ocrx_word' id='word_1_122' title='bbox 2384 1084 2397 1097; x_wconf 84' lang='lat'>_</span> <span class='ocrx_word' id='word_1_123' title='bbox 2440 1019 2725 1076; x_wconf 73' lang='lat' dir='ltr'><strong>HOMILIA</strong></span> <span class='ocrx_word' id='word_1_124' title='bbox 2767 1016 2809 1071; x_wconf 84' lang='grc' dir='ltr'><strong>ι.</strong></span> 
     </span>
    </p>
   </div>
   <div class='ocr_carea' id='block_1_22' title="bbox 1924 1098 3421 1194">
    <p class='ocr_par' dir='ltr' id='par_1_22' title="bbox 1924 1098 3421 1194">
     <span class='ocr_line' id='line_1_22' title="bbox 1924 1098 3421 1194; baseline -0.015 -19"><span class='ocrx_word' id='word_1_125' title='bbox 1924 1120 2112 1194; x_wconf 73' lang='grc'><strong>295.</strong></span> <span class='ocrx_word' id='word_1_126' title='bbox 2145 1118 2198 1173; x_wconf 91' lang='lat' dir='ltr'><strong>In</strong></span> <span class='ocrx_word' id='word_1_127' title='bbox 2227 1117 2330 1172; x_wconf 84' lang='lat' dir='ltr'><strong>hac</strong></span> <span class='ocrx_word' id='word_1_128' title='bbox 2355 1132 2456 1187; x_wconf 83' lang='lat' dir='ltr'><strong>ego</strong></span> <span class='ocrx_word' id='word_1_129' title='bbox 2479 1114 2700 1184; x_wconf 86' lang='lat' dir='ltr'><strong>publica</strong></span> <span class='ocrx_word' id='word_1_130' title='bbox 2732 1108 3053 1165; x_wconf 89' lang='lat' dir='ltr'><strong>celebritate</strong></span> <span class='ocrx_word' id='word_1_131' title='bbox 3089 1103 3134 1159; x_wconf 89' lang='lat' dir='ltr'><strong>si</strong></span> <span class='ocrx_word' id='word_1_132' title='bbox 3165 1117 3271 1156; x_wconf 92' lang='lat' dir='ltr'><strong>non</strong></span> <span class='ocrx_word' id='word_1_133' title='bbox 3295 1098 3421 1155; x_wconf 88' lang='lat' dir='ltr'><strong>nul-</strong></span> 
     </span>
    </p>
   </div>
   <div class='ocr_carea' id='block_1_23' title="bbox 1855 1192 3425 1280">
    <p class='ocr_par' dir='ltr' id='par_1_23' title="bbox 1855 1192 3425 1280">
     <span class='ocr_line' id='line_1_23' title="bbox 1855 1192 3425 1280; baseline -0.015 -13"><span class='ocrx_word' id='word_1_134' title='bbox 1855 1212 1960 1276; x_wconf 90' lang='lat' dir='ltr'><strong>los,</strong></span> <span class='ocrx_word' id='word_1_135' title='bbox 1992 1222 2046 1265; x_wconf 90' lang='lat' dir='ltr'><strong>at</strong></span> <span class='ocrx_word' id='word_1_136' title='bbox 2079 1224 2282 1280; x_wconf 86' lang='lat' dir='ltr'><strong>paucos</strong></span> <span class='ocrx_word' id='word_1_137' title='bbox 2314 1222 2446 1262; x_wconf 84' lang='lat' dir='ltr'><strong>sane</strong></span> <span class='ocrx_word' id='word_1_138' title='bbox 2475 1218 2758 1260; x_wconf 87' lang='lat' dir='ltr'><strong>sermones</strong></span> <span class='ocrx_word' id='word_1_139' title='bbox 2787 1200 3024 1261; x_wconf 85' lang='lat' dir='ltr'><strong>faciam,</strong></span> <span class='ocrx_word' id='word_1_140' title='bbox 3057 1202 3112 1252; x_wconf 89' lang='lat' dir='ltr'><strong>et</strong></span> <span class='ocrx_word' id='word_1_141' title='bbox 3147 1209 3278 1249; x_wconf 85' lang='lat' dir='ltr'><strong>voce</strong></span> <span class='ocrx_word' id='word_1_142' title='bbox 3302 1192 3425 1270; x_wconf 84' lang='lat' dir='ltr'><strong>qui-</strong></span> 
     </span>
    </p>
   </div>
   <div class='ocr_carea' id='block_1_24' title="bbox 1856 1267 3425 1374">
    <p class='ocr_par' dir='ltr' id='par_1_24' title="bbox 1856 1288 3425 1374">
     <span class='ocr_line' id='line_1_24' title="bbox 1856 1288 3425 1374; baseline -0.016 -14"><span class='ocrx_word' id='word_1_143' title='bbox 1856 1306 1979 1359; x_wconf 89' lang='lat' dir='ltr'><strong>dem</strong></span> <span class='ocrx_word' id='word_1_144' title='bbox 2007 1306 2124 1374; x_wconf 81' lang='lat' dir='ltr'><strong>ipsa</strong></span> <span class='ocrx_word' id='word_1_145' title='bbox 2150 1302 2396 1357; x_wconf 87' lang='lat' dir='ltr'><strong>divinum</strong></span> <span class='ocrx_word' id='word_1_146' title='bbox 2432 1313 2632 1353; x_wconf 89' lang='lat' dir='ltr'><strong>numen</strong></span> <span class='ocrx_word' id='word_1_147' title='bbox 2658 1294 2994 1349; x_wconf 90' lang='lat' dir='ltr'><strong>venerabor:</strong></span> <span class='ocrx_word' id='word_1_148' title='bbox 3019 1288 3425 1360; x_wconf 88' lang='lat' dir='ltr'><strong>quamprimum</strong></span> 
     </span>
    </p>
   </div>
   <div class='ocr_carea' id='block_1_25' title="bbox 1857 1376 3427 1451">
    <p class='ocr_par' dir='ltr' id='par_1_25' title="bbox 1857 1376 3427 1451">
     <span class='ocr_line' id='line_1_25' title="bbox 1857 1376 3427 1451; baseline -0.014 -2"><span class='ocrx_word' id='word_1_149' title='bbox 1857 1406 2038 1451; x_wconf 87' lang='lat' dir='ltr'><strong>autem</strong></span> <span class='ocrx_word' id='word_1_150' title='bbox 2065 1408 2373 1450; x_wconf 83' lang='lat' dir='ltr'><strong>sermonem</strong></span> <span class='ocrx_word' id='word_1_151' title='bbox 2403 1386 2732 1450; x_wconf 90' lang='lat' dir='ltr'><strong>desinendo,</strong></span> <span class='ocrx_word' id='word_1_152' title='bbox 2772 1382 3079 1439; x_wconf 76' lang='lat' dir='ltr'><strong>celebritati</strong></span> <span class='ocrx_word' id='word_1_153' title='bbox 3117 1376 3427 1433; x_wconf 89' lang='lat' dir='ltr'><strong>consulam.</strong></span> 
     </span>
    </p>
   </div>
   <div class='ocr_carea' id='block_1_26' title="bbox 1860 1471 3429 1556">
    <p class='ocr_par' dir='ltr' id='par_1_26' title="bbox 1860 1471 3429 1556">
     <span class='ocr_line' id='line_1_26' title="bbox 1860 1471 3429 1556; baseline -0.015 -14"><span class='ocrx_word' id='word_1_154' title='bbox 1860 1488 1964 1543; x_wconf 85' lang='lat' dir='ltr'><strong>Sed</strong></span> <span class='ocrx_word' id='word_1_155' title='bbox 1992 1487 2070 1541; x_wconf 89' lang='lat' dir='ltr'><strong>uti</strong></span> <span class='ocrx_word' id='word_1_156' title='bbox 2099 1485 2210 1540; x_wconf 89' lang='lat' dir='ltr'><strong>Deo</strong></span> <span class='ocrx_word' id='word_1_157' title='bbox 2241 1485 2464 1556; x_wconf 80' lang='lat' dir='ltr'><strong>dignum</strong></span> <span class='ocrx_word' id='word_1_158' title='bbox 2492 1490 2546 1536; x_wconf 90' lang='lat' dir='ltr'><strong>te</strong></span> <span class='ocrx_word' id='word_1_159' title='bbox 2573 1478 2968 1534; x_wconf 83' lang='lat' dir='ltr'><strong>celebratorem</strong></span> <span class='ocrx_word' id='word_1_160' title='bbox 2994 1471 3260 1543; x_wconf 82' lang='lat' dir='ltr'><strong>praebeas,</strong></span> <span class='ocrx_word' id='word_1_161' title='bbox 3295 1481 3366 1521; x_wconf 92' lang='lat' dir='ltr'><strong>ne</strong></span> <span class='ocrx_word' id='word_1_162' title='bbox 3396 1481 3429 1520; x_wconf 84' lang='lat' dir='ltr'><strong>a</strong></span> 
     </span>
    </p>
   </div>
   <div class='ocr_carea' id='block_1_27' title="bbox 1858 1564 3430 1648">
    <p class='ocr_par' dir='ltr' id='par_1_27' title="bbox 1858 1564 3430 1648">
     <span class='ocr_line' id='line_1_27' title="bbox 1858 1564 3430 1648; baseline -0.017 -12"><span class='ocrx_word' id='word_1_163' title='bbox 1858 1580 2038 1636; x_wconf 86' lang='lat' dir='ltr'><strong>sobria</strong></span> <span class='ocrx_word' id='word_1_164' title='bbox 2063 1576 2257 1648; x_wconf 83' lang='lat' dir='ltr'><strong>jejunii</strong></span> <span class='ocrx_word' id='word_1_165' title='bbox 2292 1589 2481 1630; x_wconf 86' lang='lat' dir='ltr'><strong>mensa</strong></span> <span class='ocrx_word' id='word_1_166' title='bbox 2532 1571 2599 1626; x_wconf 88' lang='lat' dir='ltr'><strong>ad</strong></span> <span class='ocrx_word' id='word_1_167' title='bbox 2628 1569 2835 1626; x_wconf 88' lang='lat' dir='ltr'><strong>ebriam</strong></span> <span class='ocrx_word' id='word_1_168' title='bbox 2872 1574 2927 1621; x_wconf 93' lang='lat' dir='ltr'><strong>et</strong></span> <span class='ocrx_word' id='word_1_169' title='bbox 2948 1564 3284 1619; x_wconf 87' lang='lat' dir='ltr'><strong>vinolentam</strong></span> <span class='ocrx_word' id='word_1_170' title='bbox 3320 1567 3430 1612; x_wconf 89' lang='lat' dir='ltr'><strong>tete</strong></span> 
     </span>
    </p>
   </div>
   <div class='ocr_carea' id='block_1_28' title="bbox 1857 1649 3431 1738">
    <p class='ocr_par' dir='ltr' id='par_1_28' title="bbox 1857 1649 3431 1738">
     <span class='ocr_line' id='line_1_28' title="bbox 1857 1649 3431 1738; baseline -0.015 -14"><span class='ocrx_word' id='word_1_171' title='bbox 1857 1669 2131 1726; x_wconf 80' lang='lat' dir='ltr'><strong>conferas:</strong></span> <span class='ocrx_word' id='word_1_172' title='bbox 2162 1667 2293 1738; x_wconf 90' lang='lat' dir='ltr'><strong>quin</strong></span> <span class='ocrx_word' id='word_1_173' title='bbox 2330 1664 2514 1735; x_wconf 83' lang='lat' dir='ltr'><strong>potius</strong></span> <span class='ocrx_word' id='word_1_174' title='bbox 2540 1668 2807 1716; x_wconf 86' lang='lat' dir='ltr'><strong>craterem</strong></span> <span class='ocrx_word' id='word_1_175' title='bbox 2844 1656 3027 1712; x_wconf 87' lang='lat' dir='ltr'><strong>sobria</strong></span> <span class='ocrx_word' id='word_1_176' title='bbox 3055 1655 3286 1709; x_wconf 89' lang='lat' dir='ltr'><strong>mistura</strong></span> <span class='ocrx_word' id='word_1_177' title='bbox 3318 1649 3431 1720; x_wconf 87' lang='lat' dir='ltr'><strong>ple-</strong></span> 
     </span>
    </p>
   </div>
   <div class='ocr_carea' id='block_1_29' title="bbox 1858 1740 3432 1816">
    <p class='ocr_par' dir='ltr' id='par_1_29' title="bbox 1858 1740 3432 1816">
     <span class='ocr_line' id='line_1_29' title="bbox 1858 1740 3432 1816; baseline -0.015 0"><span class='ocrx_word' id='word_1_178' title='bbox 1858 1778 1989 1816; x_wconf 90' lang='lat' dir='ltr'><strong>num</strong></span> <span class='ocrx_word' id='word_1_179' title='bbox 2022 1760 2130 1816; x_wconf 91' lang='lat' dir='ltr'><strong>Deo</strong></span> <span class='ocrx_word' id='word_1_180' title='bbox 2164 1755 2462 1813; x_wconf 88' lang='lat' dir='ltr'><strong>immortali</strong></span> <span class='ocrx_word' id='word_1_181' title='bbox 2495 1753 2721 1809; x_wconf 70' lang='lat' dir='ltr'><strong>offeras.</strong></span> <span class='ocrx_word' id='word_1_182' title='bbox 2764 1751 2908 1804; x_wconf 87' lang='lat' dir='ltr'><strong>Deus</strong></span> <span class='ocrx_word' id='word_1_183' title='bbox 2939 1756 3127 1802; x_wconf 91' lang='lat' dir='ltr'><strong>noster</strong></span> <span class='ocrx_word' id='word_1_184' title='bbox 3161 1740 3432 1813; x_wconf 89' lang='lat' dir='ltr'><strong>sapientia</strong></span> 
     </span>
    </p>
   </div>
   <div class='ocr_carea' id='block_1_30' title="bbox 1856 1839 3432 1919">
    <p class='ocr_par' dir='ltr' id='par_1_30' title="bbox 1856 1839 3432 1919">
     <span class='ocr_line' id='line_1_30' title="bbox 1856 1839 3432 1919; baseline -0.015 -11"><span class='ocrx_word' id='word_1_185' title='bbox 1856 1862 1910 1908; x_wconf 90' lang='lat' dir='ltr'><strong>et</strong></span> <span class='ocrx_word' id='word_1_186' title='bbox 1943 1853 2171 1907; x_wconf 80' lang='lat' dir='ltr'><strong>verbum</strong></span> <span class='ocrx_word' id='word_1_187' title='bbox 2197 1858 2316 1916; x_wconf 90' lang='lat' dir='ltr'><strong>est;</strong></span> <span class='ocrx_word' id='word_1_188' title='bbox 2350 1847 2606 1919; x_wconf 86' lang='lat' dir='ltr'><strong>poculum</strong></span> <span class='ocrx_word' id='word_1_189' title='bbox 2630 1858 2782 1907; x_wconf 88' lang='lat' dir='ltr'><strong>vero,</strong></span> <span class='ocrx_word' id='word_1_190' title='bbox 2810 1839 2954 1912; x_wconf 90' lang='lat' dir='ltr'><strong>quod</strong></span> <span class='ocrx_word' id='word_1_191' title='bbox 2978 1844 3212 1891; x_wconf 89' lang='lat' dir='ltr'><strong>mentem</strong></span> <span class='ocrx_word' id='word_1_192' title='bbox 3232 1850 3261 1887; x_wconf 93' lang='lat' dir='ltr'><strong>e</strong></span> <span class='ocrx_word' id='word_1_193' title='bbox 3288 1841 3432 1888; x_wconf 87' lang='lat' dir='ltr'><strong>statu</strong></span> 
     </span>
    </p>
   </div>
   <div class='ocr_carea' id='block_1_31' title="bbox 1859 1922 3437 2008">
    <p class='ocr_par' dir='ltr' id='par_1_31' title="bbox 1859 1922 3437 2008">
     <span class='ocr_line' id='line_1_31' title="bbox 1859 1922 3437 2008; baseline -0.016 -9"><span class='ocrx_word' id='word_1_194' title='bbox 1859 1959 1960 1999; x_wconf 92' lang='lat' dir='ltr'><strong>suo</strong></span> <span class='ocrx_word' id='word_1_195' title='bbox 1982 1943 2241 1999; x_wconf 83' lang='lat' dir='ltr'><strong>dimovet.</strong></span> <span class='ocrx_word' id='word_1_196' title='bbox 2263 1938 2408 2008; x_wconf 88' lang='lat' dir='ltr'><strong>quod</strong></span> <span class='ocrx_word' id='word_1_197' title='bbox 2429 1934 2595 1990; x_wconf 85' lang='lat' dir='ltr'><strong>animi</strong></span> <span class='ocrx_word' id='word_1_198' title='bbox 2625 1933 2892 1987; x_wconf 89' lang='lat' dir='ltr'><strong>rationem</strong></span> <span class='ocrx_word' id='word_1_199' title='bbox 2926 1927 3193 1999; x_wconf 89' lang='lat' dir='ltr'><strong>percellit,</strong></span> <span class='ocrx_word' id='word_1_200' title='bbox 3219 1938 3247 1976; x_wconf 92' lang='lat' dir='ltr'><strong>a</strong></span> <span class='ocrx_word' id='word_1_201' title='bbox 3269 1922 3437 1976; x_wconf 84' lang='lat' dir='ltr'><strong>verbo</strong></span> 
     </span>
    </p>
   </div>
   <div class='ocr_carea' id='block_1_32' title="bbox 1856 2013 3437 2090">
    <p class='ocr_par' dir='ltr' id='par_1_32' title="bbox 1856 2013 3437 2090">
     <span class='ocr_line' id='line_1_32' title="bbox 1856 2013 3437 2090; baseline -0.013 -2"><span class='ocrx_word' id='word_1_202' title='bbox 1856 2035 2091 2090; x_wconf 81' lang='lat' dir='ltr'><strong>alienum</strong></span> <span class='ocrx_word' id='word_1_203' title='bbox 2114 2042 2219 2089; x_wconf 89' lang='lat' dir='ltr'><strong>est.</strong></span> <span class='ocrx_word' id='word_1_204' title='bbox 2240 2031 2335 2086; x_wconf 87' lang='lat' dir='ltr'><strong>Est</strong></span> <span class='ocrx_word' id='word_1_205' title='bbox 2355 2029 2498 2084; x_wconf 91' lang='lat' dir='ltr'><strong>enim</strong></span> <span class='ocrx_word' id='word_1_206' title='bbox 2518 2035 2576 2081; x_wconf 93' lang='lat' dir='ltr'><strong>ut</strong></span> <span class='ocrx_word' id='word_1_207' title='bbox 2594 2025 2702 2081; x_wconf 93' lang='lat' dir='ltr'><strong>Deo</strong></span> <span class='ocrx_word' id='word_1_208' title='bbox 2716 2022 3050 2080; x_wconf 88' lang='lat' dir='ltr'><strong>conveniens</strong></span> <span class='ocrx_word' id='word_1_209' title='bbox 3066 2016 3337 2090; x_wconf 75' lang='lat' dir='ltr'><strong>quaedam,</strong></span> <span class='ocrx_word' id='word_1_210' title='bbox 3356 2013 3437 2069; x_wconf 90' lang='lat' dir='ltr'><strong>sic</strong></span> 
     </span>
    </p>
   </div>
   <div class='ocr_carea' id='block_1_33' title="bbox 1858 2107 3435 2184">
    <p class='ocr_par' dir='ltr' id='par_1_33' title="bbox 1858 2107 3435 2184">
     <span class='ocr_line' id='line_1_33' title="bbox 1858 2107 3435 2184; baseline -0.017 0"><span class='ocrx_word' id='word_1_211' title='bbox 1858 2128 2196 2184; x_wconf 69' lang='lat' dir='ltr'><strong>daemonibus</strong></span> <span class='ocrx_word' id='word_1_212' title='bbox 2265 2125 2433 2178; x_wconf 74' lang='lat' dir='ltr'><strong>attera</strong></span> <span class='ocrx_word' id='word_1_213' title='bbox 2484 2126 2854 2173; x_wconf 83' lang='lat' dir='ltr'><strong>consentanea</strong></span> <span class='ocrx_word' id='word_1_214' title='bbox 2910 2112 3077 2166; x_wconf 88' lang='lat' dir='ltr'><strong>animi</strong></span> <span class='ocrx_word' id='word_1_215' title='bbox 3142 2107 3435 2163; x_wconf 80' lang='lat' dir='ltr'><strong>relaxatio.</strong></span> 
     </span>
    </p>
   </div>
   <div class='ocr_carea' id='block_1_34' title="bbox 1858 2196 3431 2276">
    <p class='ocr_par' dir='ltr' id='par_1_34' title="bbox 1858 2196 3431 2276">
     <span class='ocr_line' id='line_1_34' title="bbox 1858 2196 3431 2276; baseline -0.017 -1"><span class='ocrx_word' id='word_1_216' title='bbox 1858 2220 2140 2276; x_wconf 77' lang='lat' dir='ltr'><strong>Exsultale</strong></span> <span class='ocrx_word' id='word_1_217' title='bbox 2157 2216 2379 2269; x_wconf 78' lang='lat' dir='ltr'><strong>Domino</strong></span> <span class='ocrx_word' id='word_1_218' title='bbox 2410 2213 2463 2263; x_wconf 86' lang='lat' dir='ltr'><strong>in</strong></span> <span class='ocrx_word' id='word_1_219' title='bbox 2496 2206 2737 2263; x_wconf 65' lang='lat' dir='ltr'><strong>timore”.</strong></span> <span class='ocrx_word' id='word_1_220' title='bbox 2770 2204 2908 2258; x_wconf 88' lang='lat' dir='ltr'><strong>Dum</strong></span> <span class='ocrx_word' id='word_1_221' title='bbox 2931 2201 3199 2271; x_wconf 86' lang='lat' dir='ltr'><strong>epularis,</strong></span> <span class='ocrx_word' id='word_1_222' title='bbox 3234 2196 3431 2265; x_wconf 92' lang='lat' dir='ltr'><strong>inquit.</strong></span> 
     </span>
    </p>
   </div>
   <div class='ocr_carea' id='block_1_35' title="bbox 1862 2288 3439 2373">
    <p class='ocr_par' dir='ltr' id='par_1_35' title="bbox 1862 2288 3439 2373">
     <span class='ocr_line' id='line_1_35' title="bbox 1862 2288 3439 2373; baseline -0.016 -8"><span class='ocrx_word' id='word_1_223' title='bbox 1862 2312 1954 2368; x_wconf 87' lang='lat' dir='ltr'><strong>Dei</strong></span> <span class='ocrx_word' id='word_1_224' title='bbox 2000 2307 2345 2364; x_wconf 89' lang='lat' dir='ltr'><strong>memineris.</strong></span> <span class='ocrx_word' id='word_1_225' title='bbox 2398 2301 2681 2373; x_wconf 82' lang='lat' dir='ltr'><strong>Siquidem</strong></span> <span class='ocrx_word' id='word_1_226' title='bbox 2712 2310 2842 2352; x_wconf 88' lang='lat' dir='ltr'><strong>tunc</strong></span> <span class='ocrx_word' id='word_1_227' title='bbox 2868 2295 2963 2365; x_wconf 87' lang='lat' dir='ltr'><strong>qui</strong></span> <span class='ocrx_word' id='word_1_228' title='bbox 2994 2310 3026 2349; x_wconf 92' lang='lat' dir='ltr'><strong>e</strong></span> <span class='ocrx_word' id='word_1_229' title='bbox 3055 2292 3212 2363; x_wconf 88' lang='lat' dir='ltr'><strong>plebe</strong></span> <span class='ocrx_word' id='word_1_230' title='bbox 3246 2300 3350 2355; x_wconf 90' lang='lat' dir='ltr'><strong>est,</strong></span> <span class='ocrx_word' id='word_1_231' title='bbox 3384 2288 3439 2341; x_wconf 91' lang='lat' dir='ltr'><strong>in</strong></span> 
     </span>
    </p>
   </div>
   <div class='ocr_carea' id='block_1_36' title="bbox 191 2381 1786 2476">
    <p class='ocr_par' dir='ltr' id='par_1_36' title="bbox 191 2381 1762 2472">
     <span class='ocr_line' id='line_1_36' title="bbox 191 2381 1762 2472; baseline -0.002 -17"><span class='ocrx_word' id='word_1_232' title='bbox 191 2381 416 2470; x_wconf 64' lang='grc' dir='ltr'>πλῆρες</span> <span class='ocrx_word' id='word_1_233' title='bbox 455 2402 845 2472; x_wconf 77' lang='grc' dir='ltr'>κεράσματος.</span> <span class='ocrx_word' id='word_1_234' title='bbox 892 2402 999 2457; x_wconf 80' lang='grc' dir='ltr'><strong>Καὶ</strong></span> <span class='ocrx_word' id='word_1_235' title='bbox 1042 2402 1282 2455; x_wconf 75' lang='grc' dir='ltr'>ἔκλινεν</span> <span class='ocrx_word' id='word_1_236' title='bbox 1310 2402 1377 2455; x_wconf 81' lang='grc' dir='ltr'>ἐκ</span> <span class='ocrx_word' id='word_1_237' title='bbox 1422 2402 1636 2454; x_wconf 81' lang='grc' dir='ltr'>τούτου</span> <span class='ocrx_word' id='word_1_238' title='bbox 1676 2402 1762 2465; x_wconf 77' lang='grc' dir='ltr'><strong>εἷς</strong></span> 
     </span>
    </p>
   </div>
   <div class='ocr_carea' id='block_1_37' title="bbox 1870 2381 3441 2476">
    <p class='ocr_par' dir='ltr' id='par_1_37' title="bbox 1870 2381 3441 2476">
     <span class='ocr_line' id='line_1_37' title="bbox 1870 2381 3441 2476; baseline -0.02 -15"><span class='ocrx_word' id='word_1_239' title='bbox 1870 2411 2150 2476; x_wconf 85' lang='lat' dir='ltr'><strong>peccatum</strong></span> <span class='ocrx_word' id='word_1_240' title='bbox 2185 2397 2445 2471; x_wconf 77' lang='lat' dir='ltr'><strong>proclivis</strong></span> <span class='ocrx_word' id='word_1_241' title='bbox 2473 2403 2581 2458; x_wconf 89' lang='lat' dir='ltr'><strong>est,</strong></span> <span class='ocrx_word' id='word_1_242' title='bbox 2617 2407 2681 2446; x_wconf 89' lang='lat' dir='ltr'><strong>ac</strong></span> <span class='ocrx_word' id='word_1_243' title='bbox 2716 2388 2986 2453; x_wconf 89' lang='lat' dir='ltr'><strong>lubricus,</strong></span> <span class='ocrx_word' id='word_1_244' title='bbox 3014 2396 3329 2453; x_wconf 86' lang='lat' dir='ltr'><strong>corpusque</strong></span> <span class='ocrx_word' id='word_1_245' title='bbox 3356 2381 3441 2447; x_wconf 86' lang='lat' dir='ltr'><strong>ip-</strong></span> 
     </span>
    </p>
   </div>
   <div class='ocr_carea' id='block_1_38' title="bbox 188 2486 1760 2560">
    <p class='ocr_par' dir='ltr' id='par_1_38' title="bbox 188 2486 1760 2560">
     <span class='ocr_line' id='line_1_38' title="bbox 188 2486 1760 2560; baseline -0.004 -14"><span class='ocrx_word' id='word_1_246' title='bbox 188 2493 387 2554; x_wconf 79' lang='grc' dir='ltr'>τοῦτο,</span> <span class='ocrx_word' id='word_1_247' title='bbox 444 2491 612 2558; x_wconf 71' lang='grc' dir='ltr'>πλὴν</span> <span class='ocrx_word' id='word_1_248' title='bbox 660 2495 693 2546; x_wconf 83' lang='grc' dir='ltr'><strong>ό</strong></span> <span class='ocrx_word' id='word_1_249' title='bbox 740 2493 986 2560; x_wconf 77' lang='grc' dir='ltr'>τρυγίας</span> <span class='ocrx_word' id='word_1_250' title='bbox 1022 2490 1209 2544; x_wconf 81' lang='grc' dir='ltr'>αὐτοῦ</span> <span class='ocrx_word' id='word_1_251' title='bbox 1254 2492 1365 2543; x_wconf 77' lang='grc' dir='ltr'>οὐκ</span> <span class='ocrx_word' id='word_1_252' title='bbox 1409 2486 1760 2553; x_wconf 78' lang='grc' dir='ltr'>ἐξεκενώθη.</span> 
     </span>
    </p>
   </div>
   <div class='ocr_carea' id='block_1_39' title="bbox 203 2576 1764 2653">
    <p class='ocr_par' dir='ltr' id='par_1_39' title="bbox 203 2576 1764 2653">
     <span class='ocr_line' id='line_1_39' title="bbox 203 2576 1764 2653; baseline -0.004 -17"><span class='ocrx_word' id='word_1_253' title='bbox 203 2583 442 2636; x_wconf 82' lang='grc' dir='ltr'>Ἐκείνου</span> <span class='ocrx_word' id='word_1_254' title='bbox 486 2581 577 2635; x_wconf 88' lang='grc' dir='ltr'><strong>πίε</strong></span> <span class='ocrx_word' id='word_1_255' title='bbox 608 2582 701 2635; x_wconf 89' lang='grc' dir='ltr'><strong>τοῦ</strong></span> <span class='ocrx_word' id='word_1_256' title='bbox 750 2581 1031 2653; x_wconf 83' lang='grc' dir='ltr'>ποτηρίου,</span> <span class='ocrx_word' id='word_1_257' title='bbox 1084 2581 1179 2632; x_wconf 75' lang='grc' dir='ltr'><strong>καὶ</strong></span> <span class='ocrx_word' id='word_1_258' title='bbox 1224 2580 1453 2647; x_wconf 79' lang='grc' dir='ltr'>γέγονας</span> <span class='ocrx_word' id='word_1_259' title='bbox 1496 2578 1643 2641; x_wconf 80' lang='grc' dir='ltr'>ἄξιος</span> <span class='ocrx_word' id='word_1_260' title='bbox 1671 2576 1764 2630; x_wconf 86' lang='grc' dir='ltr'><strong>τοῦ</strong></span> 
     </span>
    </p>
   </div>
   <div class='ocr_carea' id='block_1_40' title="bbox 193 2669 1767 2745">
    <p class='ocr_par' dir='ltr' id='par_1_40' title="bbox 193 2669 1767 2745">
     <span class='ocr_line' id='line_1_40' title="bbox 193 2669 1767 2745; baseline -0.004 -18"><span class='ocrx_word' id='word_1_261' title='bbox 193 2675 494 2745; x_wconf 81' lang='grc' dir='ltr'>συμποσίου</span> <span class='ocrx_word' id='word_1_262' title='bbox 535 2673 630 2727; x_wconf 87' lang='grc' dir='ltr'><strong>τοῦ</strong></span> <span class='ocrx_word' id='word_1_263' title='bbox 680 2673 935 2744; x_wconf 75' lang='grc' dir='ltr'><strong>νυμφίου.</strong></span> <span class='ocrx_word' id='word_1_264' title='bbox 986 2672 1357 2744; x_wconf 83' lang='grc' dir='ltr'>Ἀριστοποιόν</span> <span class='ocrx_word' id='word_1_265' title='bbox 1397 2673 1545 2723; x_wconf 82' lang='grc' dir='ltr'>ἐστιν</span> <span class='ocrx_word' id='word_1_266' title='bbox 1591 2669 1767 2721; x_wconf 74' lang='grc' dir='ltr'>ἐκεῖνο</span> 
     </span>
    </p>
   </div>
   <div class='ocr_carea' id='block_1_41' title="bbox 188 2760 1768 2837">
    <p class='ocr_par' dir='ltr' id='par_1_41' title="bbox 188 2760 1768 2837">
     <span class='ocr_line' id='line_1_41' title="bbox 188 2760 1768 2837; baseline -0.005 -18"><span class='ocrx_word' id='word_1_267' title='bbox 188 2766 255 2819; x_wconf 79' lang='grc' dir='ltr'><strong>τὸ</strong></span> <span class='ocrx_word' id='word_1_268' title='bbox 286 2767 560 2837; x_wconf 81' lang='grc' dir='ltr'>ποτήριον,</span> <span class='ocrx_word' id='word_1_269' title='bbox 591 2766 735 2819; x_wconf 78' lang='grc' dir='ltr'>οἴνου</span> <span class='ocrx_word' id='word_1_270' title='bbox 777 2765 1003 2835; x_wconf 80' lang='grc' dir='ltr'>πλῆρες,</span> <span class='ocrx_word' id='word_1_271' title='bbox 1034 2766 1127 2832; x_wconf 86' lang='grc' dir='ltr'>ὅγε</span> <span class='ocrx_word' id='word_1_272' title='bbox 1157 2765 1251 2817; x_wconf 78' lang='grc' dir='ltr'><strong>καὶ</strong></span> <span class='ocrx_word' id='word_1_273' title='bbox 1300 2760 1651 2834; x_wconf 71' lang='grc' dir='ltr'>μντ,’σθευθὲν,</span> <span class='ocrx_word' id='word_1_274' title='bbox 1686 2760 1768 2822; x_wconf 82' lang='grc' dir='ltr'><strong>εἰς</strong></span> 
     </span>
    </p>
   </div>
   <div class='ocr_carea' id='block_1_42' title="bbox 191 2849 1769 2928">
    <p class='ocr_par' dir='ltr' id='par_1_42' title="bbox 191 2849 1769 2928">
     <span class='ocr_line' id='line_1_42' title="bbox 191 2849 1769 2928; baseline -0.005 -17"><span class='ocrx_word' id='word_1_275' title='bbox 191 2858 320 2913; x_wconf 81' lang='grc' dir='ltr'>νοῦν</span> <span class='ocrx_word' id='word_1_276' title='bbox 342 2860 495 2928; x_wconf 74' lang='grc' dir='ltr'><strong>ἡμᾶς</strong></span> <span class='ocrx_word' id='word_1_277' title='bbox 520 2857 659 2922; x_wconf 80' lang='grc' dir='ltr'>ἀξιοῖ</span> <span class='ocrx_word' id='word_1_278' title='bbox 689 2856 1069 2926; x_wconf 85' lang='grc' dir='ltr'>διεγείρεσθαι.</span> <span class='ocrx_word' id='word_1_279' title='bbox 1107 2857 1213 2908; x_wconf 71' lang='grc' dir='ltr'>Καὶ</span> <span class='ocrx_word' id='word_1_280' title='bbox 1244 2854 1309 2925; x_wconf 83' lang='grc' dir='ltr'><strong>δὴ</strong></span> <span class='ocrx_word' id='word_1_281' title='bbox 1337 2855 1510 2924; x_wconf 81' lang='grc' dir='ltr'>σαφὴς</span> <span class='ocrx_word' id='word_1_282' title='bbox 1543 2849 1769 2905; x_wconf 83' lang='grc' dir='ltr'>αὐτόθεν</span> 
     </span>
    </p>
   </div>
   <div class='ocr_carea' id='block_1_43' title="bbox 191 2944 1771 3017">
    <p class='ocr_par' dir='ltr' id='par_1_43' title="bbox 191 2944 1771 3017">
     <span class='ocr_line' id='line_1_43' title="bbox 191 2944 1771 3017; baseline -0.003 -16"><span class='ocrx_word' id='word_1_283' title='bbox 191 2950 223 3001; x_wconf 86' lang='grc' dir='ltr'>ὁ</span> <span class='ocrx_word' id='word_1_284' title='bbox 256 2949 432 3017; x_wconf 85' lang='grc' dir='ltr'>λόγος,</span> <span class='ocrx_word' id='word_1_285' title='bbox 461 2950 573 3001; x_wconf 84' lang='grc' dir='ltr'>ἀλλ’</span> <span class='ocrx_word' id='word_1_286' title='bbox 601 2950 662 3001; x_wconf 85' lang='grc' dir='ltr'><strong>ού</strong></span> <span class='ocrx_word' id='word_1_287' title='bbox 694 2948 889 3001; x_wconf 88' lang='grc' dir='ltr'>πολλοῦ</span> <span class='ocrx_word' id='word_1_288' title='bbox 922 2948 1091 3002; x_wconf 81' lang='grc' dir='ltr'>πολλὰ</span> <span class='ocrx_word' id='word_1_289' title='bbox 1116 2949 1289 3000; x_wconf 86' lang='grc' dir='ltr'>δεῖται</span> <span class='ocrx_word' id='word_1_290' title='bbox 1322 2946 1416 2999; x_wconf 88' lang='grc' dir='ltr'><strong>τοῦ</strong></span> <span class='ocrx_word' id='word_1_291' title='bbox 1449 2944 1560 2998; x_wconf 90' lang='grc' dir='ltr'>νοῦ.</span> <span class='ocrx_word' id='word_1_292' title='bbox 1593 2945 1771 3014; x_wconf 79' lang='grc' dir='ltr'>Ποτή-</span> 
     </span>
    </p>
   </div>
   <div class='ocr_carea' id='block_1_44' title="bbox 194 3037 1771 3113">
    <p class='ocr_par' dir='ltr' id='par_1_44' title="bbox 194 3037 1771 3113">
     <span class='ocr_line' id='line_1_44' title="bbox 194 3037 1771 3113; baseline -0.002 -20"><span class='ocrx_word' id='word_1_293' title='bbox 194 3058 314 3113; x_wconf 90' lang='grc' dir='ltr'>ριον</span> <span class='ocrx_word' id='word_1_294' title='bbox 337 3043 395 3094; x_wconf 80' lang='grc' dir='ltr'>ὲν</span> <span class='ocrx_word' id='word_1_295' title='bbox 419 3042 544 3112; x_wconf 72' lang='grc' dir='ltr'><strong>οἴνῳ</strong></span> <span class='ocrx_word' id='word_1_296' title='bbox 572 3042 792 3112; x_wconf 80' lang='grc' dir='ltr'>ἀκράτῳ</span> <span class='ocrx_word' id='word_1_297' title='bbox 821 3042 1026 3112; x_wconf 79' lang='grc' dir='ltr'>πλῆρες</span> <span class='ocrx_word' id='word_1_298' title='bbox 1066 3041 1428 3111; x_wconf 84' lang='grc' dir='ltr'>κερόισματος,</span> <span class='ocrx_word' id='word_1_299' title='bbox 1471 3038 1578 3093; x_wconf 78' lang='grc' dir='ltr'><strong>Καὶ</strong></span> <span class='ocrx_word' id='word_1_300' title='bbox 1607 3037 1771 3091; x_wconf 73' lang='grc' dir='ltr'>ἐκλι-</span> 
     </span>
    </p>
   </div>
   <div class='ocr_carea' id='block_1_45' title="bbox 190 3129 1773 3202">
    <p class='ocr_par' dir='ltr' id='par_1_45' title="bbox 190 3129 1773 3202">
     <span class='ocr_line' id='line_1_45' title="bbox 190 3129 1773 3202; baseline -0.001 -17"><span class='ocrx_word' id='word_1_301' title='bbox 190 3149 305 3186; x_wconf 70' lang='lat' dir='ltr'><strong>rer</strong></span> <span class='ocrx_word' id='word_1_302' title='bbox 325 3134 391 3185; x_wconf 75' lang='grc' dir='ltr'>ἐκ</span> <span class='ocrx_word' id='word_1_303' title='bbox 422 3135 635 3187; x_wconf 79' lang='grc' dir='ltr'>τούτου</span> <span class='ocrx_word' id='word_1_304' title='bbox 659 3135 737 3198; x_wconf 76' lang='grc' dir='ltr'><strong>εἰς</strong></span> <span class='ocrx_word' id='word_1_305' title='bbox 773 3133 967 3185; x_wconf 84' lang='grc' dir='ltr'>τοῦτο.</span> <span class='ocrx_word' id='word_1_306' title='bbox 996 3133 1057 3184; x_wconf 83' lang='lat' dir='ltr'><strong>Ei</strong></span> <span class='ocrx_word' id='word_1_307' title='bbox 1085 3133 1182 3202; x_wconf 84' lang='grc' dir='ltr'><strong>μὲν</strong></span> <span class='ocrx_word' id='word_1_308' title='bbox 1208 3132 1468 3201; x_wconf 74' lang='grc' dir='ltr'>ἀκράτου,</span> <span class='ocrx_word' id='word_1_309' title='bbox 1494 3129 1612 3193; x_wconf 80' lang='grc' dir='ltr'>πῶς</span> <span class='ocrx_word' id='word_1_310' title='bbox 1638 3130 1773 3200; x_wconf 81' lang='grc' dir='ltr'>πλῆ-</span> 
     </span>
    </p>
   </div>
   <div class='ocr_carea' id='block_1_46' title="bbox 197 3221 1773 3295">
    <p class='ocr_par' dir='ltr' id='par_1_46' title="bbox 197 3221 1773 3295">
     <span class='ocr_line' id='line_1_46' title="bbox 197 3221 1773 3295; baseline -0.001 -20"><span class='ocrx_word' id='word_1_311' title='bbox 197 3241 294 3293; x_wconf 84' lang='grc' dir='ltr'>ρες</span> <span class='ocrx_word' id='word_1_312' title='bbox 337 3226 677 3295; x_wconf 84' lang='grc' dir='ltr'>κερὰσματος</span> <span class='ocrx_word' id='word_1_313' title='bbox 701 3243 716 3291; x_wconf 87' lang='lat'><strong>;</strong></span> <span class='ocrx_word' id='word_1_314' title='bbox 738 3224 872 3277; x_wconf 80' lang='grc' dir='ltr'><strong>Εἱδὲ</strong></span> <span class='ocrx_word' id='word_1_315' title='bbox 888 3222 966 3289; x_wconf 83' lang='grc' dir='ltr'>ἓν,</span> <span class='ocrx_word' id='word_1_316' title='bbox 1006 3224 1123 3286; x_wconf 81' lang='grc' dir='ltr'><strong>πῶς</strong></span> <span class='ocrx_word' id='word_1_317' title='bbox 1153 3223 1359 3275; x_wconf 78' lang='grc' dir='ltr'>ἔκλινεν</span> <span class='ocrx_word' id='word_1_318' title='bbox 1384 3225 1448 3275; x_wconf 86' lang='grc' dir='ltr'>ὲκ</span> <span class='ocrx_word' id='word_1_319' title='bbox 1477 3221 1666 3274; x_wconf 85' lang='grc' dir='ltr'>τούτου</span> <span class='ocrx_word' id='word_1_320' title='bbox 1693 3222 1773 3283; x_wconf 80' lang='grc' dir='ltr'>είς</span> 
     </span>
    </p>
   </div>
   <div class='ocr_carea' id='block_1_47' title="bbox 192 3313 1774 3384">
    <p class='ocr_par' dir='ltr' id='par_1_47' title="bbox 192 3313 1774 3384">
     <span class='ocr_line' id='line_1_47' title="bbox 192 3313 1774 3384; baseline -0.003 -15"><span class='ocrx_word' id='word_1_321' title='bbox 192 3315 389 3379; x_wconf 83' lang='grc' dir='ltr'>τοῦτο;</span> <span class='ocrx_word' id='word_1_322' title='bbox 424 3318 774 3370; x_wconf 80' lang='grc' dir='ltr'>Παντάπασιν</span> <span class='ocrx_word' id='word_1_323' title='bbox 790 3317 1008 3377; x_wconf 83' lang='grc' dir='ltr'>ἀτόποις</span> <span class='ocrx_word' id='word_1_324' title='bbox 1029 3314 1168 3368; x_wconf 75' lang='grc' dir='ltr'>ἔοικε</span> <span class='ocrx_word' id='word_1_325' title='bbox 1184 3317 1252 3367; x_wconf 77' lang='grc' dir='ltr'>τὰ</span> <span class='ocrx_word' id='word_1_326' title='bbox 1270 3314 1536 3384; x_wconf 86' lang='grc' dir='ltr'>λεγόμενα</span> <span class='ocrx_word' id='word_1_327' title='bbox 1556 3328 1568 3340; x_wconf 91' lang='grc'>·</span> <span class='ocrx_word' id='word_1_328' title='bbox 1588 3314 1646 3366; x_wconf 75' lang='grc' dir='ltr'>οὐ</span> <span class='ocrx_word' id='word_1_329' title='bbox 1669 3313 1774 3383; x_wconf 84' lang='grc' dir='ltr'>μὴν</span> 
     </span>
    </p>
   </div>
   <div class='ocr_carea' id='block_1_48' title="bbox 191 3405 1771 3479">
    <p class='ocr_par' dir='ltr' id='par_1_48' title="bbox 191 3405 1771 3479">
     <span class='ocr_line' id='line_1_48' title="bbox 191 3405 1771 3479; baseline -0.003 -18"><span class='ocrx_word' id='word_1_330' title='bbox 191 3408 341 3477; x_wconf 86' lang='grc' dir='ltr'>τάγε</span> <span class='ocrx_word' id='word_1_331' title='bbox 359 3408 476 3461; x_wconf 86' lang='grc' dir='ltr'>νοού</span> <span class='ocrx_word' id='word_1_332' title='bbox 486 3426 639 3479; x_wconf 89' lang='grc' dir='ltr'>μενα.</span> <span class='ocrx_word' id='word_1_333' title='bbox 656 3408 820 3461; x_wconf 79' lang='grc' dir='ltr'>Οὐδὲν</span> <span class='ocrx_word' id='word_1_334' title='bbox 834 3408 983 3479; x_wconf 65' lang='grc' dir='ltr'>μέλει</span> <span class='ocrx_word' id='word_1_335' title='bbox 998 3407 1075 3477; x_wconf 82' lang='grc' dir='ltr'>τῷ</span> <span class='ocrx_word' id='word_1_336' title='bbox 1086 3407 1204 3475; x_wconf 82' lang='grc' dir='ltr'><strong>Θεῴ</strong></span> <span class='ocrx_word' id='word_1_337' title='bbox 1218 3406 1542 3476; x_wconf 78' lang='grc' dir='ltr'>θεοφορήτου</span> <span class='ocrx_word' id='word_1_338' title='bbox 1554 3405 1771 3468; x_wconf 80' lang='grc' dir='ltr'>λέξεως.</span> 
     </span>
    </p>
   </div>
   <div class='ocr_carea' id='block_1_49' title="bbox 194 3494 1773 3567">
    <p class='ocr_par' dir='ltr' id='par_1_49' title="bbox 194 3494 1773 3567">
     <span class='ocr_line' id='line_1_49' title="bbox 194 3494 1773 3567; baseline -0.003 -16"><span class='ocrx_word' id='word_1_339' title='bbox 194 3497 427 3566; x_wconf 82' lang='grc' dir='ltr'>Πνεῦμα</span> <span class='ocrx_word' id='word_1_340' title='bbox 456 3496 596 3550; x_wconf 84' lang='grc' dir='ltr'>θεῖον</span> <span class='ocrx_word' id='word_1_341' title='bbox 621 3497 867 3567; x_wconf 81' lang='grc' dir='ltr'>ὑπερορᾷ</span> <span class='ocrx_word' id='word_1_342' title='bbox 896 3496 1244 3566; x_wconf 79' lang='grc' dir='ltr'>μικρολογίαν</span> <span class='ocrx_word' id='word_1_343' title='bbox 1274 3495 1674 3565; x_wconf 80' lang='grc' dir='ltr'>συγγραφικήν.</span> <span class='ocrx_word' id='word_1_344' title='bbox 1701 3494 1773 3546; x_wconf 80' lang='grc' dir='ltr'>Σὺ</span> 
     </span>
    </p>
   </div>
   <div class='ocr_carea' id='block_1_50' title="bbox 189 3585 1774 3659">
    <p class='ocr_par' dir='ltr' id='par_1_50' title="bbox 189 3585 1774 3659">
     <span class='ocr_line' id='line_1_50' title="bbox 189 3585 1774 3659; baseline -0.004 -15"><span class='ocrx_word' id='word_1_345' title='bbox 189 3591 256 3644; x_wconf 84' lang='grc' dir='ltr'><strong>δὲ</strong></span> <span class='ocrx_word' id='word_1_346' title='bbox 297 3588 477 3658; x_wconf 83' lang='grc' dir='ltr'>βούλει</span> <span class='ocrx_word' id='word_1_347' title='bbox 504 3588 600 3659; x_wconf 80' lang='grc' dir='ltr'>τὴν</span> <span class='ocrx_word' id='word_1_348' title='bbox 630 3589 688 3641; x_wconf 80' lang='grc' dir='ltr'><strong>ἐν</strong></span> <span class='ocrx_word' id='word_1_349' title='bbox 718 3590 784 3658; x_wconf 78' lang='grc' dir='ltr'>τῇ</span> <span class='ocrx_word' id='word_1_350' title='bbox 814 3588 1077 3658; x_wconf 68' lang='grc' dir='ltr'>διαφωνία</span> <span class='ocrx_word' id='word_1_351' title='bbox 1102 3587 1417 3656; x_wconf 82' lang='grc' dir='ltr'>συμφωνίαν</span> <span class='ocrx_word' id='word_1_352' title='bbox 1445 3585 1774 3650; x_wconf 81' lang='grc' dir='ltr'>θεάσασθαι;</span> 
     </span>
    </p>
   </div>
   <div class='ocr_carea' id='block_1_51' title="bbox 192 3675 1778 3755">
    <p class='ocr_par' dir='ltr' id='par_1_51' title="bbox 192 3675 1778 3755">
     <span class='ocr_line' id='line_1_51' title="bbox 192 3675 1778 3755; baseline -0.006 -19"><span class='ocrx_word' id='word_1_353' title='bbox 192 3683 333 3755; x_wconf 72' lang='grc' dir='ltr'>περὶ</span> <span class='ocrx_word' id='word_1_354' title='bbox 354 3682 503 3735; x_wconf 87' lang='grc' dir='ltr'>ποίου</span> <span class='ocrx_word' id='word_1_355' title='bbox 534 3679 814 3750; x_wconf 85' lang='grc' dir='ltr'>ποτηρίου,</span> <span class='ocrx_word' id='word_1_356' title='bbox 838 3680 1033 3748; x_wconf 89' lang='grc' dir='ltr'>φησίν;</span> <span class='ocrx_word' id='word_1_357' title='bbox 1063 3680 1159 3731; x_wconf 70' lang='grc' dir='ltr'><strong>*ον</strong></span> <span class='ocrx_word' id='word_1_358' title='bbox 1188 3682 1300 3739; x_wconf 88' lang='grc' dir='ltr'>τοῖς</span> <span class='ocrx_word' id='word_1_359' title='bbox 1322 3676 1629 3747; x_wconf 81' lang='grc' dir='ltr'>ἀνθρώποις</span> <span class='ocrx_word' id='word_1_360' title='bbox 1659 3675 1778 3728; x_wconf 84' lang='grc' dir='ltr'>θεό-</span> 
     </span>
    </p>
   </div>
   <div class='ocr_carea' id='block_1_52' title="bbox 191 3767 1778 3842">
    <p class='ocr_par' dir='ltr' id='par_1_52' title="bbox 191 3767 1778 3842">
     <span class='ocr_line' id='line_1_52' title="bbox 191 3767 1778 3842; baseline -0.006 -15"><span class='ocrx_word' id='word_1_361' title='bbox 191 3775 296 3828; x_wconf 80' lang='grc' dir='ltr'><strong>θεν</strong></span> <span class='ocrx_word' id='word_1_362' title='bbox 326 3772 665 3842; x_wconf 81' lang='grc' dir='ltr'>προπο6ἐντα</span> <span class='ocrx_word' id='word_1_363' title='bbox 696 3771 853 3838; x_wconf 89' lang='grc' dir='ltr'>λόγον</span> <span class='ocrx_word' id='word_1_364' title='bbox 890 3770 1083 3838; x_wconf 76' lang='grc' dir='ltr'>ἔχομεν</span> <span class='ocrx_word' id='word_1_365' title='bbox 1115 3770 1265 3838; x_wconf 75' lang='grc' dir='ltr'>παρὰ</span> <span class='ocrx_word' id='word_1_366' title='bbox 1288 3768 1380 3820; x_wconf 83' lang='grc' dir='ltr'><strong>τοῦ</strong></span> <span class='ocrx_word' id='word_1_367' title='bbox 1403 3767 1558 3830; x_wconf 85' lang='grc' dir='ltr'>Θεοῦ,</span> <span class='ocrx_word' id='word_1_368' title='bbox 1582 3768 1638 3819; x_wconf 81' lang='grc' dir='ltr'>ὲν</span> <span class='ocrx_word' id='word_1_369' title='bbox 1663 3768 1778 3818; x_wconf 89' lang='grc' dir='ltr'><strong>Πα-</strong></span> 
     </span>
    </p>
   </div>
   <div class='ocr_carea' id='block_1_53' title="bbox 192 3854 1777 3936">
    <p class='ocr_par' dir='ltr' id='par_1_53' title="bbox 192 3854 1777 3936">
     <span class='ocr_line' id='line_1_53' title="bbox 192 3854 1777 3936; baseline -0.009 -16"><span class='ocrx_word' id='word_1_370' title='bbox 192 3867 333 3936; x_wconf 79' lang='grc' dir='ltr'>λαιᾷ</span> <span class='ocrx_word' id='word_1_371' title='bbox 372 3862 617 3934; x_wconf 80' lang='grc' dir='ltr'>Διαθήκῃ</span> <span class='ocrx_word' id='word_1_372' title='bbox 650 3862 743 3915; x_wconf 79' lang='grc' dir='ltr'><strong>καὶ</strong></span> <span class='ocrx_word' id='word_1_373' title='bbox 771 3860 906 3930; x_wconf 80' lang='grc' dir='ltr'><strong>Νέᾳ.</strong></span> <span class='ocrx_word' id='word_1_374' title='bbox 939 3859 1125 3928; x_wconf 80' lang='grc' dir='ltr'>Τούτῳ</span> <span class='ocrx_word' id='word_1_375' title='bbox 1169 3858 1278 3928; x_wconf 84' lang='grc' dir='ltr'>γὰρ</span> <span class='ocrx_word' id='word_1_376' title='bbox 1323 3857 1603 3927; x_wconf 86' lang='grc' dir='ltr'>ἀρδεύεται</span> <span class='ocrx_word' id='word_1_377' title='bbox 1629 3854 1777 3926; x_wconf 78' lang='grc' dir='ltr'><strong>ψυχὴ</strong></span> 
     </span>
    </p>
   </div>
   <div class='ocr_carea' id='block_1_54' title="bbox 192 3948 1771 4027">
    <p class='ocr_par' dir='ltr' id='par_1_54' title="bbox 192 3948 1771 4027">
     <span class='ocr_line' id='line_1_54' title="bbox 192 3948 1771 4027; baseline -0.008 -17"><span class='ocrx_word' id='word_1_378' title='bbox 192 3958 285 4027; x_wconf 79' lang='grc' dir='ltr'>τῷ</span> <span class='ocrx_word' id='word_1_379' title='bbox 313 3955 482 4026; x_wconf 81' lang='grc' dir='ltr'>ποτῷ.</span> <span class='ocrx_word' id='word_1_380' title='bbox 516 3956 639 4008; x_wconf 82' lang='grc' dir='ltr'>Ὅτι</span> <span class='ocrx_word' id='word_1_381' title='bbox 674 3954 771 4024; x_wconf 81' lang='grc' dir='ltr'><strong>μὲν</strong></span> <span class='ocrx_word' id='word_1_382' title='bbox 813 3952 967 4019; x_wconf 86' lang='grc' dir='ltr'>λόγος</span> <span class='ocrx_word' id='word_1_383' title='bbox 992 3950 1159 4012; x_wconf 73' lang='grc' dir='ltr'>ἐστὶν,</span> <span class='ocrx_word' id='word_1_384' title='bbox 1193 3949 1429 4019; x_wconf 81' lang='grc' dir='ltr'>ἄκρατός</span> <span class='ocrx_word' id='word_1_385' title='bbox 1475 3950 1620 3999; x_wconf 81' lang='grc' dir='ltr'>ἐστιν</span> <span class='ocrx_word' id='word_1_386' title='bbox 1649 3948 1771 3999; x_wconf 81' lang='grc' dir='ltr'>ἐκά-</span> 
     </span>
    </p>
   </div>
   <div class='ocr_carea' id='block_1_55' title="bbox 189 4038 1775 4120">
    <p class='ocr_par' dir='ltr' id='par_1_55' title="bbox 189 4038 1775 4120">
     <span class='ocr_line' id='line_1_55' title="bbox 189 4038 1775 4120; baseline -0.011 -14"><span class='ocrx_word' id='word_1_387' title='bbox 189 4068 383 4120; x_wconf 82' lang='grc' dir='ltr'>τερος.</span> <span class='ocrx_word' id='word_1_388' title='bbox 423 4049 690 4119; x_wconf 83' lang='grc' dir='ltr'>Κιρνᾶται</span> <span class='ocrx_word' id='word_1_389' title='bbox 728 4047 833 4116; x_wconf 88' lang='grc' dir='ltr'><strong>γὰρ</strong></span> <span class='ocrx_word' id='word_1_390' title='bbox 878 4045 975 4097; x_wconf 74' lang='grc' dir='ltr'>καὶ</span> <span class='ocrx_word' id='word_1_391' title='bbox 1014 4042 1187 4102; x_wconf 81' lang='grc' dir='ltr'>διττὸς</span> <span class='ocrx_word' id='word_1_392' title='bbox 1216 4039 1311 4094; x_wconf 84' lang='grc' dir='ltr'><strong>ὥν.</strong></span> <span class='ocrx_word' id='word_1_393' title='bbox 1351 4040 1446 4093; x_wconf 82' lang='grc' dir='ltr'><strong>Ἓν</strong></span> <span class='ocrx_word' id='word_1_394' title='bbox 1478 4039 1588 4108; x_wconf 82' lang='grc' dir='ltr'>γὰρ</span> <span class='ocrx_word' id='word_1_395' title='bbox 1618 4038 1678 4090; x_wconf 87' lang='grc' dir='ltr'>τὸ</span> <span class='ocrx_word' id='word_1_396' title='bbox 1719 4039 1775 4105; x_wconf 75' lang='grc' dir='ltr'>ἐξ</span> 
     </span>
    </p>
   </div>
   <div class='ocr_carea' id='block_1_56' title="bbox 192 4131 1776 4211">
    <p class='ocr_par' dir='ltr' id='par_1_56' title="bbox 192 4131 1776 4211">
     <span class='ocr_line' id='line_1_56' title="bbox 192 4131 1776 4211; baseline -0.009 -15"><span class='ocrx_word' id='word_1_397' title='bbox 192 4143 409 4211; x_wconf 81' lang='grc' dir='ltr'>ἀμφοῖν</span> <span class='ocrx_word' id='word_1_398' title='bbox 462 4139 867 4207; x_wconf 86' lang='grc' dir='ltr'>συνιστάμενον,</span> <span class='ocrx_word' id='word_1_399' title='bbox 919 4134 1194 4196; x_wconf 85' lang='grc' dir='ltr'>τελείωσις</span> <span class='ocrx_word' id='word_1_400' title='bbox 1237 4132 1511 4201; x_wconf 83' lang='grc' dir='ltr'>γνώσεως.</span> <span class='ocrx_word' id='word_1_401' title='bbox 1563 4131 1627 4183; x_wconf 87' lang='grc' dir='ltr'><strong>Ἦ</strong></span> <span class='ocrx_word' id='word_1_402' title='bbox 1678 4131 1776 4200; x_wconf 79' lang='grc' dir='ltr'>μὲν</span> 
     </span>
    </p>
   </div>
   <div class='ocr_carea' id='block_1_57' title="bbox 195 4223 1778 4303">
    <p class='ocr_par' dir='ltr' id='par_1_57' title="bbox 195 4223 1778 4303">
     <span class='ocr_line' id='line_1_57' title="bbox 195 4223 1778 4303; baseline -0.006 -16"><span class='ocrx_word' id='word_1_403' title='bbox 195 4233 420 4289; x_wconf 84' lang='grc' dir='ltr'>Παλαιὰ</span> <span class='ocrx_word' id='word_1_404' title='bbox 442 4233 537 4303; x_wconf 81' lang='grc' dir='ltr'><strong>τὴν</strong></span> <span class='ocrx_word' id='word_1_405' title='bbox 563 4232 856 4301; x_wconf 79' lang='grc' dir='ltr'>ὑπόσχεσιν</span> <span class='ocrx_word' id='word_1_406' title='bbox 884 4229 1059 4299; x_wconf 77' lang='grc' dir='ltr'>ἔσχεν·</span> <span class='ocrx_word' id='word_1_407' title='bbox 1090 4229 1122 4297; x_wconf 79' lang='grc' dir='ltr'>ἡ</span> <span class='ocrx_word' id='word_1_408' title='bbox 1147 4227 1203 4279; x_wconf 82' lang='grc' dir='ltr'>δὲ</span> <span class='ocrx_word' id='word_1_409' title='bbox 1226 4227 1342 4279; x_wconf 82' lang='grc' dir='ltr'><strong>Νέα</strong></span> <span class='ocrx_word' id='word_1_410' title='bbox 1368 4224 1457 4277; x_wconf 83' lang='grc' dir='ltr'><strong>τὸν</strong></span> <span class='ocrx_word' id='word_1_411' title='bbox 1483 4223 1778 4277; x_wconf 83' lang='grc' dir='ltr'>ἀπόστολον</span> 
     </span>
    </p>
   </div>
   <div class='ocr_carea' id='block_1_58' title="bbox 199 4316 1781 4396">
    <p class='ocr_par' dir='ltr' id='par_1_58' title="bbox 199 4316 1781 4396">
     <span class='ocr_line' id='line_1_58' title="bbox 199 4316 1781 4396; baseline -0.008 -17"><span class='ocrx_word' id='word_1_412' title='bbox 199 4325 469 4396; x_wconf 72' lang='grc' dir='ltr'>ἐξήνεγκε</span> <span class='ocrx_word' id='word_1_413' title='bbox 493 4342 507 4356; x_wconf 89' lang='grc'><strong>·</strong></span> <span class='ocrx_word' id='word_1_414' title='bbox 527 4325 588 4377; x_wconf 82' lang='grc' dir='ltr'><strong>τὸ</strong></span> <span class='ocrx_word' id='word_1_415' title='bbox 608 4326 686 4387; x_wconf 84' lang='grc' dir='ltr'><strong>δὲ,</strong></span> <span class='ocrx_word' id='word_1_416' title='bbox 717 4325 992 4376; x_wconf 73' lang='grc' dir='ltr'>Ἐκλινεν</span> <span class='ocrx_word' id='word_1_417' title='bbox 1013 4320 1081 4373; x_wconf 78' lang='grc' dir='ltr'>ἐκ</span> <span class='ocrx_word' id='word_1_418' title='bbox 1106 4320 1323 4373; x_wconf 84' lang='grc' dir='ltr'>τούτου</span> <span class='ocrx_word' id='word_1_419' title='bbox 1349 4319 1437 4382; x_wconf 81' lang='grc' dir='ltr'><strong>εὶς</strong></span> <span class='ocrx_word' id='word_1_420' title='bbox 1460 4317 1655 4373; x_wconf 84' lang='grc' dir='ltr'>τοῦτο.</span> <span class='ocrx_word' id='word_1_421' title='bbox 1682 4316 1781 4387; x_wconf 80' lang='grc' dir='ltr'><strong>τὴν</strong></span> 
     </span>
    </p>
   </div>
   <div class='ocr_carea' id='block_1_59' title="bbox 196 4409 1779 4489">
    <p class='ocr_par' dir='ltr' id='par_1_59' title="bbox 196 4409 1779 4489">
     <span class='ocr_line' id='line_1_59' title="bbox 196 4409 1779 4489; baseline -0.008 -18"><span class='ocrx_word' id='word_1_422' title='bbox 196 4418 459 4489; x_wconf 83' lang='grc' dir='ltr'>διαδοχὴν</span> <span class='ocrx_word' id='word_1_423' title='bbox 486 4416 593 4469; x_wconf 82' lang='grc' dir='ltr'>τῶν</span> <span class='ocrx_word' id='word_1_424' title='bbox 636 4415 971 4469; x_wconf 85' lang='grc' dir='ltr'>διδασκάλων</span> <span class='ocrx_word' id='word_1_425' title='bbox 1009 4414 1322 4473; x_wconf 73' lang='grc' dir='ltr'>αἰνίττεται,</span> <span class='ocrx_word' id='word_1_426' title='bbox 1350 4409 1445 4462; x_wconf 88' lang='grc' dir='ltr'><strong>τοῦ</strong></span> <span class='ocrx_word' id='word_1_427' title='bbox 1481 4409 1646 4479; x_wconf 89' lang='grc' dir='ltr'>νόμου</span> <span class='ocrx_word' id='word_1_428' title='bbox 1687 4409 1779 4461; x_wconf 88' lang='grc' dir='ltr'><strong>τοῦ</strong></span> 
     </span>
    </p>
   </div>
   <div class='ocr_carea' id='block_1_60' title="bbox 200 4501 1781 4578">
    <p class='ocr_par' dir='ltr' id='par_1_60' title="bbox 200 4501 1781 4578">
     <span class='ocr_line' id='line_1_60' title="bbox 200 4501 1781 4578; baseline -0.007 -13"><span class='ocrx_word' id='word_1_429' title='bbox 200 4511 511 4567; x_wconf 84' lang='grc' dir='ltr'>Μωσαῖκοῦ</span> <span class='ocrx_word' id='word_1_430' title='bbox 549 4510 645 4563; x_wconf 74' lang='grc' dir='ltr'><strong>καὶ</strong></span> <span class='ocrx_word' id='word_1_431' title='bbox 674 4507 770 4561; x_wconf 89' lang='grc' dir='ltr'><strong>τοῦ</strong></span> <span class='ocrx_word' id='word_1_432' title='bbox 802 4504 1114 4578; x_wconf 86' lang='grc' dir='ltr'>Κυριακοῦ·</span> <span class='ocrx_word' id='word_1_433' title='bbox 1164 4504 1259 4557; x_wconf 71' lang='grc' dir='ltr'><strong>καὶ</strong></span> <span class='ocrx_word' id='word_1_434' title='bbox 1289 4502 1352 4555; x_wconf 84' lang='grc' dir='ltr'>τὸ</span> <span class='ocrx_word' id='word_1_435' title='bbox 1396 4504 1655 4572; x_wconf 84' lang='grc' dir='ltr'>ποτήριον</span> <span class='ocrx_word' id='word_1_436' title='bbox 1700 4501 1781 4554; x_wconf 78' lang='grc' dir='ltr'><strong>ἓν.</strong></span> 
     </span>
    </p>
   </div>
   <div class='ocr_carea' id='block_1_61' title="bbox 209 4594 1783 4673">
    <p class='ocr_par' dir='ltr' id='par_1_61' title="bbox 209 4594 1783 4673">
     <span class='ocr_line' id='line_1_61' title="bbox 209 4594 1783 4673; baseline -0.009 -15"><span class='ocrx_word' id='word_1_437' title='bbox 209 4607 316 4658; x_wconf 77' lang='grc' dir='ltr'><strong>’Ἑν</strong></span> <span class='ocrx_word' id='word_1_438' title='bbox 344 4603 452 4673; x_wconf 83' lang='grc' dir='ltr'>γὰρ</span> <span class='ocrx_word' id='word_1_439' title='bbox 476 4603 701 4656; x_wconf 78' lang='grc' dir='ltr'>ἔπνευσε</span> <span class='ocrx_word' id='word_1_440' title='bbox 730 4600 974 4671; x_wconf 88' lang='grc' dir='ltr'>Πνεῦμα,</span> <span class='ocrx_word' id='word_1_441' title='bbox 1017 4600 1109 4652; x_wconf 73' lang='grc' dir='ltr'><strong>καὶ</strong></span> <span class='ocrx_word' id='word_1_442' title='bbox 1147 4599 1226 4661; x_wconf 82' lang='grc' dir='ltr'><strong>εἰς</strong></span> <span class='ocrx_word' id='word_1_443' title='bbox 1252 4597 1556 4668; x_wconf 88' lang='grc' dir='ltr'>προφήτην,</span> <span class='ocrx_word' id='word_1_444' title='bbox 1583 4594 1675 4648; x_wconf 80' lang='grc' dir='ltr'>καὶ</span> <span class='ocrx_word' id='word_1_445' title='bbox 1703 4594 1783 4656; x_wconf 82' lang='grc' dir='ltr'>είς</span> 
     </span>
    </p>
   </div>
   <div class='ocr_carea' id='block_1_62' title="bbox 206 4684 1783 4757">
    <p class='ocr_par' dir='ltr' id='par_1_62' title="bbox 206 4684 1783 4757">
     <span class='ocr_line' id='line_1_62' title="bbox 206 4684 1783 4757; baseline -0.009 -7"><span class='ocrx_word' id='word_1_446' title='bbox 206 4695 532 4750; x_wconf 82' lang='grc' dir='ltr'>ἀπόστολον.</span> <span class='ocrx_word' id='word_1_447' title='bbox 558 4693 674 4746; x_wconf 70' lang='grc' dir='ltr'>Καὶ</span> <span class='ocrx_word' id='word_1_448' title='bbox 706 4691 849 4743; x_wconf 82' lang='grc' dir='ltr'>κατὰ</span> <span class='ocrx_word' id='word_1_449' title='bbox 875 4693 1001 4754; x_wconf 81' lang='grc' dir='ltr'>τοὺς</span> <span class='ocrx_word' id='word_1_450' title='bbox 1026 4690 1263 4757; x_wconf 76' lang='grc' dir='ltr'>ἀγαθοὺς</span> <span class='ocrx_word' id='word_1_451' title='bbox 1301 4687 1641 4757; x_wconf 83' lang='grc' dir='ltr'>ζωγράφους,</span> <span class='ocrx_word' id='word_1_452' title='bbox 1676 4684 1783 4737; x_wconf 82' lang='grc' dir='ltr'><strong>πά-</strong></span> 
     </span>
    </p>
   </div>
   <div class='ocr_carea' id='block_1_63' title="bbox 207 4778 1785 4857">
    <p class='ocr_par' dir='ltr' id='par_1_63' title="bbox 207 4778 1785 4857">
     <span class='ocr_line' id='line_1_63' title="bbox 207 4778 1785 4857; baseline -0.008 -17"><span class='ocrx_word' id='word_1_453' title='bbox 207 4790 306 4841; x_wconf 80' lang='grc' dir='ltr'><strong>λαι</strong></span> <span class='ocrx_word' id='word_1_454' title='bbox 353 4788 449 4857; x_wconf 85' lang='grc' dir='ltr'>μὲν</span> <span class='ocrx_word' id='word_1_455' title='bbox 490 4784 930 4855; x_wconf 77' lang='grc' dir='ltr'>ὲσκιαγράφησεν</span> <span class='ocrx_word' id='word_1_456' title='bbox 953 4822 967 4843; x_wconf 88' lang='grc'><strong>,</strong></span> <span class='ocrx_word' id='word_1_457' title='bbox 1004 4782 1196 4834; x_wconf 74' lang='grc' dir='ltr'>ἔπειτα</span> <span class='ocrx_word' id='word_1_458' title='bbox 1240 4780 1420 4848; x_wconf 82' lang='grc' dir='ltr'>μέντοι</span> <span class='ocrx_word' id='word_1_459' title='bbox 1458 4778 1785 4848; x_wconf 73' lang='grc' dir='ltr'>διηκρίϐωσε</span> 
     </span>
    </p>
   </div>
   <div class='ocr_carea' id='block_1_64' title="bbox 1864 2477 3445 2550">
    <p class='ocr_par' dir='ltr' id='par_1_64' title="bbox 1864 2477 3445 2550">
     <span class='ocr_line' id='line_1_64' title="bbox 1864 2477 3445 2550; baseline -0.018 0"><span class='ocrx_word' id='word_1_460' title='bbox 1864 2511 1986 2550; x_wconf 83' lang='lat' dir='ltr'><strong>sum</strong></span> <span class='ocrx_word' id='word_1_461' title='bbox 2020 2493 2149 2548; x_wconf 90' lang='lat' dir='ltr'><strong>dum</strong></span> <span class='ocrx_word' id='word_1_462' title='bbox 2188 2506 2251 2545; x_wconf 81' lang='lat' dir='ltr'><strong>ex</strong></span> <span class='ocrx_word' id='word_1_463' title='bbox 2282 2487 2586 2543; x_wconf 81' lang='lat' dir='ltr'><strong>fecundiori</strong></span> <span class='ocrx_word' id='word_1_464' title='bbox 2630 2480 2889 2536; x_wconf 89' lang='lat' dir='ltr'><strong>alimonia</strong></span> <span class='ocrx_word' id='word_1_465' title='bbox 2919 2477 3122 2547; x_wconf 81' lang='lat' dir='ltr'><strong>gliscit,</strong></span> <span class='ocrx_word' id='word_1_466' title='bbox 3170 2482 3225 2527; x_wconf 81' lang='lat' dir='ltr'><strong>et</strong></span> <span class='ocrx_word' id='word_1_467' title='bbox 3274 2484 3445 2524; x_wconf 85' lang='lat' dir='ltr'><strong>carne</strong></span> 
     </span>
    </p>
   </div>
   <div class='ocr_carea' id='block_1_65' title="bbox 1864 2562 3445 2658">
    <p class='ocr_par' dir='ltr' id='par_1_65' title="bbox 1864 2562 3445 2658">
     <span class='ocr_line' id='line_1_65' title="bbox 1864 2562 3445 2658; baseline -0.018 -14"><span class='ocrx_word' id='word_1_468' title='bbox 1864 2589 2133 2658; x_wconf 86' lang='lat' dir='ltr'><strong>repletur,</strong></span> <span class='ocrx_word' id='word_1_469' title='bbox 2155 2584 2371 2638; x_wconf 87' lang='lat' dir='ltr'><strong>animus</strong></span> <span class='ocrx_word' id='word_1_470' title='bbox 2396 2597 2425 2633; x_wconf 88' lang='lat' dir='ltr'><strong>a</strong></span> <span class='ocrx_word' id='word_1_471' title='bbox 2466 2576 2749 2648; x_wconf 74' lang='lat' dir='ltr'><strong>sapientia:</strong></span> <span class='ocrx_word' id='word_1_472' title='bbox 2770 2572 2961 2629; x_wconf 87' lang='lat' dir='ltr'><strong>studio</strong></span> <span class='ocrx_word' id='word_1_473' title='bbox 2989 2575 3300 2623; x_wconf 87' lang='lat' dir='ltr'><strong>revocatur.</strong></span> <span class='ocrx_word' id='word_1_474' title='bbox 3337 2562 3445 2617; x_wconf 83' lang='lat' dir='ltr'><strong>Ca-</strong></span> 
     </span>
    </p>
   </div>
   <div class='ocr_carea' id='block_1_66' title="bbox 1868 2654 3444 2735">
    <p class='ocr_par' dir='ltr' id='par_1_66' title="bbox 1868 2654 3444 2735">
     <span class='ocr_line' id='line_1_66' title="bbox 1868 2654 3444 2735; baseline -0.019 0"><span class='ocrx_word' id='word_1_475' title='bbox 1868 2681 1946 2735; x_wconf 71' lang='lat' dir='ltr'><strong>lix</strong></span> <span class='ocrx_word' id='word_1_476' title='bbox 1965 2680 2018 2732; x_wconf 86' lang='lat' dir='ltr'><strong>in</strong></span> <span class='ocrx_word' id='word_1_477' title='bbox 2044 2693 2204 2731; x_wconf 85' lang='lat' dir='ltr'><strong>manu</strong></span> <span class='ocrx_word' id='word_1_478' title='bbox 2234 2672 2449 2727; x_wconf 83' lang='lat' dir='ltr'><strong>Domini</strong></span> <span class='ocrx_word' id='word_1_479' title='bbox 2484 2671 2590 2724; x_wconf 75' lang='lat' dir='ltr'><strong>vini</strong></span> <span class='ocrx_word' id='word_1_480' title='bbox 2617 2668 2770 2729; x_wconf 70' lang='lat' dir='ltr'><strong>meri,</strong></span> <span class='ocrx_word' id='word_1_481' title='bbox 2792 2666 2974 2733; x_wconf 82' lang='lat' dir='ltr'><strong>plenus</strong></span> <span class='ocrx_word' id='word_1_482' title='bbox 2994 2662 3149 2714; x_wconf 81' lang='lat' dir='ltr'><strong>misto</strong></span> <span class='ocrx_word' id='word_1_483' title='bbox 3171 2665 3251 2721; x_wconf 82' lang='lat' dir='ltr'><strong>;et</strong></span> <span class='ocrx_word' id='word_1_484' title='bbox 3282 2654 3444 2707; x_wconf 78' lang='lat' dir='ltr'><strong>incli-</strong></span> 
     </span>
    </p>
   </div>
   <div class='ocr_carea' id='block_1_67' title="bbox 1867 2749 3446 2826">
    <p class='ocr_par' dir='ltr' id='par_1_67' title="bbox 1867 2749 3446 2826">
     <span class='ocr_line' id='line_1_67' title="bbox 1867 2749 3446 2826; baseline -0.019 0"><span class='ocrx_word' id='word_1_485' title='bbox 1867 2772 2010 2826; x_wconf 78' lang='lat' dir='ltr'><strong>navit</strong></span> <span class='ocrx_word' id='word_1_486' title='bbox 2043 2784 2107 2822; x_wconf 75' lang='lat' dir='ltr'><strong>ex</strong></span> <span class='ocrx_word' id='word_1_487' title='bbox 2138 2767 2232 2818; x_wconf 81' lang='lat' dir='ltr'><strong>hoc</strong></span> <span class='ocrx_word' id='word_1_488' title='bbox 2258 2766 2309 2817; x_wconf 79' lang='lat' dir='ltr'><strong>in</strong></span> <span class='ocrx_word' id='word_1_489' title='bbox 2352 2766 2484 2825; x_wconf 85' lang='lat' dir='ltr'><strong>hoc;</strong></span> <span class='ocrx_word' id='word_1_490' title='bbox 2514 2768 2870 2814; x_wconf 83' lang='lat' dir='ltr'><strong>verumtamen</strong></span> <span class='ocrx_word' id='word_1_491' title='bbox 2912 2754 3017 2822; x_wconf 68' lang='lat' dir='ltr'><strong>[rex</strong></span> <span class='ocrx_word' id='word_1_492' title='bbox 3065 2749 3176 2818; x_wconf 71' lang='lat' dir='ltr'><strong>ejus</strong></span> <span class='ocrx_word' id='word_1_493' title='bbox 3211 2763 3313 2800; x_wconf 86' lang='lat' dir='ltr'><strong>non</strong></span> <span class='ocrx_word' id='word_1_494' title='bbox 3367 2752 3446 2797; x_wconf 80' lang='lat' dir='ltr'><strong>est</strong></span> 
     </span>
    </p>
   </div>
   <div class='ocr_carea' id='block_1_68' title="bbox 1867 2838 3449 2915">
    <p class='ocr_par' dir='ltr' id='par_1_68' title="bbox 1867 2838 3449 2915">
     <span class='ocr_line' id='line_1_68' title="bbox 1867 2838 3449 2915; baseline -0.017 0"><span class='ocrx_word' id='word_1_495' title='bbox 1867 2859 2141 2915; x_wconf 74' lang='lat' dir='ltr'><strong>exinanita</strong></span> <span class='ocrx_word' id='word_1_496' title='bbox 2171 2857 2216 2909; x_wconf 78' lang='grc'><strong>⁸.</strong></span> <span class='ocrx_word' id='word_1_497' title='bbox 2266 2853 2341 2906; x_wconf 75' lang='lat' dir='ltr'><strong>Ex</strong></span> <span class='ocrx_word' id='word_1_498' title='bbox 2383 2853 2487 2906; x_wconf 85' lang='lat' dir='ltr'><strong>hoc</strong></span> <span class='ocrx_word' id='word_1_499' title='bbox 2522 2850 2694 2903; x_wconf 86' lang='lat' dir='ltr'><strong>calice</strong></span> <span class='ocrx_word' id='word_1_500' title='bbox 2727 2847 2774 2901; x_wconf 90' lang='lat' dir='ltr'><strong>si</strong></span> <span class='ocrx_word' id='word_1_501' title='bbox 2815 2843 3058 2904; x_wconf 88' lang='lat' dir='ltr'><strong>biberis,</strong></span> <span class='ocrx_word' id='word_1_502' title='bbox 3112 2838 3341 2908; x_wconf 78' lang='lat' dir='ltr'><strong>dignum</strong></span> <span class='ocrx_word' id='word_1_503' title='bbox 3395 2843 3449 2888; x_wconf 89' lang='lat' dir='ltr'><strong>te</strong></span> 
     </span>
    </p>
   </div>
   <div class='ocr_carea' id='block_1_69' title="bbox 1870 2928 3450 3021">
    <p class='ocr_par' dir='ltr' id='par_1_69' title="bbox 1870 2928 3450 3021">
     <span class='ocr_line' id='line_1_69' title="bbox 1870 2928 3450 3021; baseline -0.018 -15"><span class='ocrx_word' id='word_1_504' title='bbox 1870 2951 2063 3021; x_wconf 86' lang='lat' dir='ltr'><strong>sponsi</strong></span> <span class='ocrx_word' id='word_1_505' title='bbox 2112 2945 2367 3002; x_wconf 87' lang='lat' dir='ltr'><strong>convivio</strong></span> <span class='ocrx_word' id='word_1_506' title='bbox 2406 2940 2751 3011; x_wconf 78' lang='lat' dir='ltr'><strong>praestiteris.</strong></span> <span class='ocrx_word' id='word_1_507' title='bbox 2801 2934 2964 2989; x_wconf 90' lang='lat' dir='ltr'><strong>Utilis</strong></span> <span class='ocrx_word' id='word_1_508' title='bbox 3008 2932 3064 2985; x_wconf 90' lang='lat' dir='ltr'><strong>in</strong></span> <span class='ocrx_word' id='word_1_509' title='bbox 3115 2928 3311 2999; x_wconf 88' lang='lat' dir='ltr'><strong>primis</strong></span> <span class='ocrx_word' id='word_1_510' title='bbox 3362 2930 3450 2980; x_wconf 84' lang='lat' dir='ltr'><strong>est</strong></span> 
     </span>
    </p>
   </div>
   <div class='ocr_carea' id='block_1_70' title="bbox 1870 3022 3449 3107">
    <p class='ocr_par' dir='ltr' id='par_1_70' title="bbox 1870 3022 3449 3107">
     <span class='ocr_line' id='line_1_70' title="bbox 1870 3022 3449 3107; baseline -0.018 -9"><span class='ocrx_word' id='word_1_511' title='bbox 1870 3044 2013 3098; x_wconf 81' lang='lat' dir='ltr'><strong>calix</strong></span> <span class='ocrx_word' id='word_1_512' title='bbox 2043 3042 2146 3095; x_wconf 89' lang='lat' dir='ltr'><strong>iste</strong></span> <span class='ocrx_word' id='word_1_513' title='bbox 2177 3040 2305 3092; x_wconf 91' lang='lat' dir='ltr'><strong>vino</strong></span> <span class='ocrx_word' id='word_1_514' title='bbox 2348 3037 2564 3107; x_wconf 90' lang='lat' dir='ltr'><strong>plenus,</strong></span> <span class='ocrx_word' id='word_1_515' title='bbox 2587 3032 2679 3103; x_wconf 91' lang='lat' dir='ltr'><strong>qui</strong></span> <span class='ocrx_word' id='word_1_516' title='bbox 2713 3030 2844 3084; x_wconf 90' lang='lat' dir='ltr'><strong>dum</strong></span> <span class='ocrx_word' id='word_1_517' title='bbox 2870 3026 3167 3097; x_wconf 84' lang='lat' dir='ltr'><strong>appetitur,</strong></span> <span class='ocrx_word' id='word_1_518' title='bbox 3203 3022 3449 3074; x_wconf 89' lang='lat' dir='ltr'><strong>animum</strong></span> 
     </span>
    </p>
   </div>
   <div class='ocr_carea' id='block_1_71' title="bbox 1872 3112 3451 3197">
    <p class='ocr_par' dir='ltr' id='par_1_71' title="bbox 1872 3112 3451 3197">
     <span class='ocr_line' id='line_1_71' title="bbox 1872 3112 3451 3197; baseline -0.017 -7"><span class='ocrx_word' id='word_1_519' title='bbox 1872 3135 1939 3189; x_wconf 86' lang='lat' dir='ltr'><strong>ad</strong></span> <span class='ocrx_word' id='word_1_520' title='bbox 1969 3149 2030 3188; x_wconf 91' lang='lat' dir='ltr'><strong>se</strong></span> <span class='ocrx_word' id='word_1_521' title='bbox 2077 3132 2255 3185; x_wconf 86' lang='lat' dir='ltr'><strong>redire</strong></span> <span class='ocrx_word' id='word_1_522' title='bbox 2292 3139 2453 3197; x_wconf 82' lang='lat' dir='ltr'><strong>atque</strong></span> <span class='ocrx_word' id='word_1_523' title='bbox 2498 3124 2731 3179; x_wconf 85' lang='lat' dir='ltr'><strong>excitari</strong></span> <span class='ocrx_word' id='word_1_524' title='bbox 2778 3119 3061 3193; x_wconf 81' lang='lat' dir='ltr'><strong>postulat;</strong></span> <span class='ocrx_word' id='word_1_525' title='bbox 3111 3122 3276 3183; x_wconf 87' lang='lat' dir='ltr'><strong>atque</strong></span> <span class='ocrx_word' id='word_1_526' title='bbox 3322 3112 3451 3164; x_wconf 89' lang='lat' dir='ltr'><strong>hinc</strong></span> 
     </span>
    </p>
   </div>
   <div class='ocr_carea' id='block_1_72' title="bbox 1874 3207 3452 3292">
    <p class='ocr_par' dir='ltr' id='par_1_72' title="bbox 1874 3207 3452 3292">
     <span class='ocr_line' id='line_1_72' title="bbox 1874 3207 3452 3292; baseline -0.017 -11"><span class='ocrx_word' id='word_1_527' title='bbox 1874 3223 2160 3281; x_wconf 63' lang='lat' dir='ltr'><strong>manifesta</strong></span> <span class='ocrx_word' id='word_1_528' title='bbox 2204 3220 2423 3292; x_wconf 85' lang='lat' dir='ltr'><strong>quidem</strong></span> <span class='ocrx_word' id='word_1_529' title='bbox 2465 3218 2642 3272; x_wconf 87' lang='lat' dir='ltr'><strong>oratio</strong></span> <span class='ocrx_word' id='word_1_530' title='bbox 2672 3223 2777 3270; x_wconf 88' lang='lat' dir='ltr'><strong>est.</strong></span> <span class='ocrx_word' id='word_1_531' title='bbox 2831 3211 2939 3266; x_wconf 87' lang='lat' dir='ltr'><strong>Sed</strong></span> <span class='ocrx_word' id='word_1_532' title='bbox 2990 3207 3348 3276; x_wconf 84' lang='lat' dir='ltr'><strong>multiplicem</strong></span> <span class='ocrx_word' id='word_1_533' title='bbox 3388 3214 3452 3279; x_wconf 77' lang='lat' dir='ltr'><strong>ea</strong></span> 
     </span>
    </p>
   </div>
   <div class='ocr_carea' id='block_1_73' title="bbox 1874 3298 3453 3382">
    <p class='ocr_par' dir='ltr' id='par_1_73' title="bbox 1874 3298 3453 3382">
     <span class='ocr_line' id='line_1_73' title="bbox 1874 3298 3453 3382; baseline -0.017 -10"><span class='ocrx_word' id='word_1_534' title='bbox 1874 3333 2098 3373; x_wconf 79' lang='lat' dir='ltr'><strong>sensum</strong></span> <span class='ocrx_word' id='word_1_535' title='bbox 2139 3328 2249 3368; x_wconf 90' lang='lat' dir='ltr'><strong>non</strong></span> <span class='ocrx_word' id='word_1_536' title='bbox 2290 3312 2593 3382; x_wconf 84' lang='lat' dir='ltr'><strong>postulant,</strong></span> <span class='ocrx_word' id='word_1_537' title='bbox 2624 3323 2747 3378; x_wconf 62' lang='lat' dir='ltr'><strong>quae</strong></span> <span class='ocrx_word' id='word_1_538' title='bbox 2786 3299 3117 3371; x_wconf 88' lang='lat' dir='ltr'><strong>multiplicia</strong></span> <span class='ocrx_word' id='word_1_539' title='bbox 3144 3312 3209 3350; x_wconf 87' lang='lat' dir='ltr'><strong>ac</strong></span> <span class='ocrx_word' id='word_1_540' title='bbox 3238 3298 3453 3348; x_wconf 84' lang='lat' dir='ltr'><strong>diversa</strong></span> 
     </span>
    </p>
   </div>
   <div class='ocr_carea' id='block_1_74' title="bbox 1874 3388 3454 3466">
    <p class='ocr_par' dir='ltr' id='par_1_74' title="bbox 1874 3388 3454 3466">
     <span class='ocr_line' id='line_1_74' title="bbox 1874 3388 3454 3466; baseline -0.019 0"><span class='ocrx_word' id='word_1_541' title='bbox 1874 3426 1998 3466; x_wconf 85' lang='lat' dir='ltr'><strong>esse</strong></span> <span class='ocrx_word' id='word_1_542' title='bbox 2030 3408 2307 3461; x_wconf 86' lang='lat' dir='ltr'><strong>videntur.</strong></span> <span class='ocrx_word' id='word_1_543' title='bbox 2329 3404 2480 3457; x_wconf 79' lang='lat' dir='ltr'><strong>Calix</strong></span> <span class='ocrx_word' id='word_1_544' title='bbox 2514 3402 2568 3454; x_wconf 91' lang='lat' dir='ltr'><strong>in</strong></span> <span class='ocrx_word' id='word_1_545' title='bbox 2599 3402 2726 3453; x_wconf 90' lang='lat' dir='ltr'><strong>vino</strong></span> <span class='ocrx_word' id='word_1_546' title='bbox 2756 3410 2910 3450; x_wconf 90' lang='lat' dir='ltr'><strong>mero</strong></span> <span class='ocrx_word' id='word_1_547' title='bbox 2938 3393 3105 3448; x_wconf 89' lang='lat' dir='ltr'><strong>misto</strong></span> <span class='ocrx_word' id='word_1_548' title='bbox 3135 3392 3353 3460; x_wconf 87' lang='lat' dir='ltr'><strong>plenus,</strong></span> <span class='ocrx_word' id='word_1_549' title='bbox 3384 3388 3454 3438; x_wconf 86' lang='lat' dir='ltr'><strong>Et</strong></span> 
     </span>
    </p>
   </div>
   <div class='ocr_carea' id='block_1_75' title="bbox 1874 3476 3455 3556">
    <p class='ocr_par' dir='ltr' id='par_1_75' title="bbox 1874 3476 3455 3556">
     <span class='ocr_line' id='line_1_75' title="bbox 1874 3476 3455 3556; baseline -0.017 0"><span class='ocrx_word' id='word_1_550' title='bbox 1874 3501 2152 3556; x_wconf 76' lang='lat' dir='ltr'><strong>inclinavit</strong></span> <span class='ocrx_word' id='word_1_551' title='bbox 2185 3513 2250 3551; x_wconf 73' lang='lat' dir='ltr'><strong>ex</strong></span> <span class='ocrx_word' id='word_1_552' title='bbox 2279 3497 2377 3550; x_wconf 79' lang='lat' dir='ltr'><strong>hoc</strong></span> <span class='ocrx_word' id='word_1_553' title='bbox 2402 3496 2455 3548; x_wconf 83' lang='lat' dir='ltr'><strong>in</strong></span> <span class='ocrx_word' id='word_1_554' title='bbox 2497 3495 2613 3545; x_wconf 84' lang='lat' dir='ltr'><strong>hoc.</strong></span> <span class='ocrx_word' id='word_1_555' title='bbox 2648 3489 2706 3544; x_wconf 90' lang='lat' dir='ltr'><strong>Si</strong></span> <span class='ocrx_word' id='word_1_556' title='bbox 2749 3502 2899 3541; x_wconf 87' lang='lat' dir='ltr'><strong>mero</strong></span> <span class='ocrx_word' id='word_1_557' title='bbox 2926 3485 3139 3555; x_wconf 89' lang='lat' dir='ltr'><strong>plenus,</strong></span> <span class='ocrx_word' id='word_1_558' title='bbox 3176 3476 3455 3549; x_wconf 86' lang='lat' dir='ltr'><strong>quomodo</strong></span> 
     </span>
    </p>
   </div>
   <div class='ocr_carea' id='block_1_76' title="bbox 1878 3569 3457 3658">
    <p class='ocr_par' dir='ltr' id='par_1_76' title="bbox 1878 3569 3457 3658">
     <span class='ocr_line' id='line_1_76' title="bbox 1878 3569 3457 3658; baseline -0.018 -11"><span class='ocrx_word' id='word_1_559' title='bbox 1878 3595 2044 3647; x_wconf 88' lang='lat' dir='ltr'><strong>misto</strong></span> <span class='ocrx_word' id='word_1_560' title='bbox 2082 3605 2203 3646; x_wconf 89' lang='lat' dir='ltr'><strong>esse</strong></span> <span class='ocrx_word' id='word_1_561' title='bbox 2237 3586 2454 3658; x_wconf 85' lang='lat' dir='ltr'><strong>potest?</strong></span> <span class='ocrx_word' id='word_1_562' title='bbox 2506 3593 2598 3637; x_wconf 91' lang='lat' dir='ltr'><strong>aut</strong></span> <span class='ocrx_word' id='word_1_563' title='bbox 2641 3580 2689 3635; x_wconf 90' lang='lat' dir='ltr'><strong>si</strong></span> <span class='ocrx_word' id='word_1_564' title='bbox 2744 3593 2885 3633; x_wconf 77' lang='lat' dir='ltr'><strong>linus</strong></span> <span class='ocrx_word' id='word_1_565' title='bbox 2918 3583 3041 3640; x_wconf 86' lang='lat' dir='ltr'><strong>est,</strong></span> <span class='ocrx_word' id='word_1_566' title='bbox 3076 3569 3352 3643; x_wconf 83' lang='lat' dir='ltr'><strong>quomodo</strong></span> <span class='ocrx_word' id='word_1_567' title='bbox 3386 3578 3457 3621; x_wconf 81' lang='lat' dir='ltr'><strong>ex</strong></span> 
     </span>
    </p>
   </div>
   <div class='ocr_carea' id='block_1_77' title="bbox 1824 3662 3458 3758">
    <p class='ocr_par' dir='ltr' id='par_1_77' title="bbox 1824 3662 3458 3758">
     <span class='ocr_line' id='line_1_77' title="bbox 1824 3662 3458 3758; baseline -0.019 -16"><span class='ocrx_word' id='word_1_568' title='bbox 1824 3742 1843 3758; x_wconf 45' lang='grc' dir='ltr'><strong>η</strong></span> <span class='ocrx_word' id='word_1_569' title='bbox 1881 3689 1985 3740; x_wconf 82' lang='lat' dir='ltr'><strong>hoc</strong></span> <span class='ocrx_word' id='word_1_570' title='bbox 2026 3689 2080 3739; x_wconf 93' lang='lat' dir='ltr'><strong>in</strong></span> <span class='ocrx_word' id='word_1_571' title='bbox 2133 3685 2236 3737; x_wconf 90' lang='lat' dir='ltr'><strong>hoc</strong></span> <span class='ocrx_word' id='word_1_572' title='bbox 2281 3676 2618 3733; x_wconf 76' lang='lat' dir='ltr'><strong>inclinatur?</strong></span> <span class='ocrx_word' id='word_1_573' title='bbox 2667 3670 2905 3727; x_wconf 89' lang='lat' dir='ltr'><strong>Omnino</strong></span> <span class='ocrx_word' id='word_1_574' title='bbox 2931 3666 3167 3721; x_wconf 86' lang='lat' dir='ltr'><strong>absurda</strong></span> <span class='ocrx_word' id='word_1_575' title='bbox 3203 3662 3458 3716; x_wconf 88' lang='lat' dir='ltr'><strong>videntur</strong></span> 
     </span>
    </p>
   </div>
   <div class='ocr_carea' id='block_1_78' title="bbox 1883 3752 3457 3846">
    <p class='ocr_par' dir='ltr' id='par_1_78' title="bbox 1883 3752 3457 3846">
     <span class='ocr_line' id='line_1_78' title="bbox 1883 3752 3457 3846; baseline -0.02 -12"><span class='ocrx_word' id='word_1_576' title='bbox 1883 3794 2006 3833; x_wconf 91' lang='lat' dir='ltr'><strong>esse</strong></span> <span class='ocrx_word' id='word_1_577' title='bbox 2035 3792 2159 3846; x_wconf 74' lang='lat' dir='ltr'><strong>qua:</strong></span> <span class='ocrx_word' id='word_1_578' title='bbox 2188 3773 2470 3833; x_wconf 87' lang='lat' dir='ltr'><strong>dicuntur,</strong></span> <span class='ocrx_word' id='word_1_579' title='bbox 2499 3777 2553 3821; x_wconf 93' lang='lat' dir='ltr'><strong>at</strong></span> <span class='ocrx_word' id='word_1_580' title='bbox 2583 3782 2694 3820; x_wconf 89' lang='lat' dir='ltr'><strong>non</strong></span> <span class='ocrx_word' id='word_1_581' title='bbox 2728 3780 2791 3819; x_wconf 83' lang='lat' dir='ltr'><strong>ea</strong></span> <span class='ocrx_word' id='word_1_582' title='bbox 2822 3778 2943 3831; x_wconf 69' lang='lat' dir='ltr'><strong>quae</strong></span> <span class='ocrx_word' id='word_1_583' title='bbox 2990 3760 3093 3815; x_wconf 83' lang='lat' dir='ltr'><strong>sub</strong></span> <span class='ocrx_word' id='word_1_584' title='bbox 3142 3758 3210 3811; x_wconf 92' lang='lat' dir='ltr'><strong>iis</strong></span> <span class='ocrx_word' id='word_1_585' title='bbox 3250 3752 3457 3807; x_wconf 82' lang='lat' dir='ltr'><strong>intelli-</strong></span> 
     </span>
    </p>
   </div>
   <div class='ocr_carea' id='block_1_79' title="bbox 1881 3843 3458 3939">
    <p class='ocr_par' dir='ltr' id='par_1_79' title="bbox 1881 3843 3458 3939">
     <span class='ocr_line' id='line_1_79' title="bbox 1881 3843 3458 3939; baseline -0.017 -18"><span class='ocrx_word' id='word_1_586' title='bbox 1881 3878 2103 3939; x_wconf 80' lang='lat' dir='ltr'><strong>guntur.</strong></span> <span class='ocrx_word' id='word_1_587' title='bbox 2148 3863 2310 3917; x_wconf 82' lang='lat' dir='ltr'><strong>Nulla</strong></span> <span class='ocrx_word' id='word_1_588' title='bbox 2356 3861 2467 3915; x_wconf 89' lang='lat' dir='ltr'><strong>Deo</strong></span> <span class='ocrx_word' id='word_1_589' title='bbox 2508 3873 2641 3913; x_wconf 88' lang='lat' dir='ltr'><strong>cura</strong></span> <span class='ocrx_word' id='word_1_590' title='bbox 2690 3855 2861 3910; x_wconf 83' lang='lat' dir='ltr'><strong>divini</strong></span> <span class='ocrx_word' id='word_1_591' title='bbox 2904 3868 2967 3906; x_wconf 87' lang='lat' dir='ltr'><strong>ac</strong></span> <span class='ocrx_word' id='word_1_592' title='bbox 3017 3848 3245 3904; x_wconf 87' lang='lat' dir='ltr'><strong>numine</strong></span> <span class='ocrx_word' id='word_1_593' title='bbox 3290 3843 3458 3898; x_wconf 82' lang='lat' dir='ltr'><strong>amati</strong></span> 
     </span>
    </p>
   </div>
   <div class='ocr_carea' id='block_1_80' title="bbox 1882 3932 3459 4017">
    <p class='ocr_par' dir='ltr' id='par_1_80' title="bbox 1882 3932 3459 4017">
     <span class='ocr_line' id='line_1_80' title="bbox 1882 3932 3459 4017; baseline -0.019 -3"><span class='ocrx_word' id='word_1_594' title='bbox 1882 3956 2154 4014; x_wconf 86' lang='lat' dir='ltr'><strong>sermonis</strong></span> <span class='ocrx_word' id='word_1_595' title='bbox 2202 3961 2327 4015; x_wconf 92' lang='lat' dir='ltr'><strong>cst,</strong></span> <span class='ocrx_word' id='word_1_596' title='bbox 2373 3951 2704 4017; x_wconf 82' lang='lat' dir='ltr'><strong>anxiamque</strong></span> <span class='ocrx_word' id='word_1_597' title='bbox 2734 3946 2788 3999; x_wconf 93' lang='lat' dir='ltr'><strong>in</strong></span> <span class='ocrx_word' id='word_1_598' title='bbox 2839 3941 3071 3997; x_wconf 89' lang='lat' dir='ltr'><strong>minutis</strong></span> <span class='ocrx_word' id='word_1_599' title='bbox 3108 3938 3279 3991; x_wconf 85' lang='lat' dir='ltr'><strong>rebus</strong></span> <span class='ocrx_word' id='word_1_600' title='bbox 3319 3932 3459 3988; x_wconf 79' lang='lat' dir='ltr'><strong>scri-</strong></span> 
     </span>
    </p>
   </div>
   <div class='ocr_carea' id='block_1_81' title="bbox 1883 4024 3460 4120">
    <p class='ocr_par' dir='ltr' id='par_1_81' title="bbox 1883 4024 3460 4120">
     <span class='ocr_line' id='line_1_81' title="bbox 1883 4024 3460 4120; baseline -0.018 -17"><span class='ocrx_word' id='word_1_601' title='bbox 1883 4060 2102 4120; x_wconf 88' lang='lat' dir='ltr'><strong>ptorum</strong></span> <span class='ocrx_word' id='word_1_602' title='bbox 2142 4044 2481 4115; x_wconf 80' lang='lat' dir='ltr'><strong>diligentiam</strong></span> <span class='ocrx_word' id='word_1_603' title='bbox 2515 4044 2865 4107; x_wconf 85' lang='lat' dir='ltr'><strong>aspernatur.</strong></span> <span class='ocrx_word' id='word_1_604' title='bbox 2917 4031 3000 4085; x_wconf 91' lang='lat' dir='ltr'><strong>Tu</strong></span> <span class='ocrx_word' id='word_1_605' title='bbox 3033 4042 3197 4099; x_wconf 89' lang='lat' dir='ltr'><strong>porro</strong></span> <span class='ocrx_word' id='word_1_606' title='bbox 3237 4026 3318 4079; x_wconf 87' lang='lat' dir='ltr'><strong>vis</strong></span> <span class='ocrx_word' id='word_1_607' title='bbox 3347 4024 3460 4077; x_wconf 88' lang='lat' dir='ltr'><strong>dis-</strong></span> 
     </span>
    </p>
   </div>
   <div class='ocr_carea' id='block_1_82' title="bbox 1883 4121 3457 4207">
    <p class='ocr_par' dir='ltr' id='par_1_82' title="bbox 1883 4121 3457 4207">
     <span class='ocr_line' id='line_1_82' title="bbox 1883 4121 3457 4207; baseline -0.019 -10"><span class='ocrx_word' id='word_1_608' title='bbox 1883 4140 2087 4197; x_wconf 74' lang='lat' dir='ltr'><strong>cordiae</strong></span> <span class='ocrx_word' id='word_1_609' title='bbox 2112 4137 2275 4207; x_wconf 85' lang='lat' dir='ltr'><strong>hujus</strong></span> <span class='ocrx_word' id='word_1_610' title='bbox 2309 4132 2664 4189; x_wconf 88' lang='lat' dir='ltr'><strong>concordiam</strong></span> <span class='ocrx_word' id='word_1_611' title='bbox 2699 4121 3098 4195; x_wconf 78' lang='lat' dir='ltr'><strong>contemplari?</strong></span> <span class='ocrx_word' id='word_1_612' title='bbox 3129 4122 3195 4175; x_wconf 89' lang='lat' dir='ltr'><strong>de</strong></span> <span class='ocrx_word' id='word_1_613' title='bbox 3218 4130 3457 4189; x_wconf 89' lang='lat' dir='ltr'><strong>quonam</strong></span> 
     </span>
    </p>
   </div>
   <div class='ocr_carea' id='block_1_83' title="bbox 1876 4207 3458 4299">
    <p class='ocr_par' dir='ltr' id='par_1_83' title="bbox 1876 4207 3458 4299">
     <span class='ocr_line' id='line_1_83' title="bbox 1876 4207 3458 4299; baseline -0.018 -12"><span class='ocrx_word' id='word_1_614' title='bbox 1876 4233 2047 4287; x_wconf 87' lang='lat' dir='ltr'><strong>calice</strong></span> <span class='ocrx_word' id='word_1_615' title='bbox 2073 4229 2355 4299; x_wconf 87' lang='lat' dir='ltr'><strong>loquitur?</strong></span> <span class='ocrx_word' id='word_1_616' title='bbox 2379 4229 2445 4282; x_wconf 75' lang='lat' dir='ltr'><strong>(le</strong></span> <span class='ocrx_word' id='word_1_617' title='bbox 2459 4240 2525 4281; x_wconf 84' lang='lat' dir='ltr'><strong>eo</strong></span> <span class='ocrx_word' id='word_1_618' title='bbox 2549 4223 2764 4280; x_wconf 87' lang='lat' dir='ltr'><strong>scilicet</strong></span> <span class='ocrx_word' id='word_1_619' title='bbox 2791 4220 2979 4288; x_wconf 82' lang='lat' dir='ltr'><strong>verbo,</strong></span> <span class='ocrx_word' id='word_1_620' title='bbox 3007 4215 3153 4286; x_wconf 83' lang='lat' dir='ltr'><strong>quod</strong></span> <span class='ocrx_word' id='word_1_621' title='bbox 3188 4214 3245 4267; x_wconf 90' lang='lat' dir='ltr'><strong>in</strong></span> <span class='ocrx_word' id='word_1_622' title='bbox 3273 4207 3458 4263; x_wconf 76' lang='lat' dir='ltr'><strong>Veteri</strong></span> 
     </span>
    </p>
   </div>
   <div class='ocr_carea' id='block_1_84' title="bbox 1877 4300 3462 4381">
    <p class='ocr_par' dir='ltr' id='par_1_84' title="bbox 1877 4300 3462 4381">
     <span class='ocr_line' id='line_1_84' title="bbox 1877 4300 3462 4381; baseline -0.017 -2"><span class='ocrx_word' id='word_1_623' title='bbox 1877 4342 1941 4381; x_wconf 88' lang='lat' dir='ltr'><strong>ac</strong></span> <span class='ocrx_word' id='word_1_624' title='bbox 1964 4324 2115 4379; x_wconf 85' lang='lat' dir='ltr'><strong>Novo</strong></span> <span class='ocrx_word' id='word_1_625' title='bbox 2132 4322 2491 4378; x_wconf 87' lang='lat' dir='ltr'><strong>Testamento</strong></span> <span class='ocrx_word' id='word_1_626' title='bbox 2508 4318 2730 4373; x_wconf 80' lang='lat' dir='ltr'><strong>caelitus</strong></span> <span class='ocrx_word' id='word_1_627' title='bbox 2756 4330 2784 4367; x_wconf 90' lang='lat' dir='ltr'><strong>a</strong></span> <span class='ocrx_word' id='word_1_628' title='bbox 2810 4313 2921 4367; x_wconf 88' lang='lat' dir='ltr'><strong>Deo</strong></span> <span class='ocrx_word' id='word_1_629' title='bbox 2942 4306 3255 4364; x_wconf 87' lang='lat' dir='ltr'><strong>hominibus</strong></span> <span class='ocrx_word' id='word_1_630' title='bbox 3279 4300 3462 4372; x_wconf 79' lang='lat' dir='ltr'><strong>propi—</strong></span> 
     </span>
    </p>
   </div>
   <div class='ocr_carea' id='block_1_85' title="bbox 1878 4391 3458 4480">
    <p class='ocr_par' dir='ltr' id='par_1_85' title="bbox 1878 4391 3458 4480">
     <span class='ocr_line' id='line_1_85' title="bbox 1878 4391 3458 4480; baseline -0.018 -8"><span class='ocrx_word' id='word_1_631' title='bbox 1878 4428 2064 4472; x_wconf 88' lang='lat' dir='ltr'><strong>natum</strong></span> <span class='ocrx_word' id='word_1_632' title='bbox 2089 4416 2384 4480; x_wconf 83' lang='lat' dir='ltr'><strong>habemus;</strong></span> <span class='ocrx_word' id='word_1_633' title='bbox 2418 4413 2521 4466; x_wconf 89' lang='lat' dir='ltr'><strong>hoc</strong></span> <span class='ocrx_word' id='word_1_634' title='bbox 2538 4409 2684 4465; x_wconf 91' lang='lat' dir='ltr'><strong>enim</strong></span> <span class='ocrx_word' id='word_1_635' title='bbox 2708 4415 2837 4477; x_wconf 89' lang='lat' dir='ltr'><strong>potu</strong></span> <span class='ocrx_word' id='word_1_636' title='bbox 2861 4404 3077 4457; x_wconf 88' lang='lat' dir='ltr'><strong>animus</strong></span> <span class='ocrx_word' id='word_1_637' title='bbox 3114 4403 3302 4451; x_wconf 87' lang='lat' dir='ltr'><strong>noster</strong></span> <span class='ocrx_word' id='word_1_638' title='bbox 3330 4391 3458 4446; x_wconf 85' lang='lat' dir='ltr'><strong>irri-</strong></span> 
     </span>
    </p>
   </div>
   <div class='ocr_carea' id='block_1_86' title="bbox 1854 4489 3456 4579">
    <p class='ocr_par' dir='ltr' id='par_1_86' title="bbox 1854 4489 3456 4579">
     <span class='ocr_line' id='line_1_86' title="bbox 1854 4489 3456 4579; baseline -0.017 -16"><span class='ocrx_word' id='word_1_639' title='bbox 1854 4542 1857 4545; x_wconf 98' lang='lat'><strong><em>-</em></strong></span> <span class='ocrx_word' id='word_1_640' title='bbox 1881 4518 2056 4579; x_wconf 80' lang='lat' dir='ltr'><strong>gatur.</strong></span> <span class='ocrx_word' id='word_1_641' title='bbox 2080 4509 2148 4560; x_wconf 85' lang='lat' dir='ltr'><strong>At</strong></span> <span class='ocrx_word' id='word_1_642' title='bbox 2170 4522 2293 4561; x_wconf 90' lang='lat' dir='ltr'><strong>cum</strong></span> <span class='ocrx_word' id='word_1_643' title='bbox 2318 4516 2615 4570; x_wconf 83' lang='lat' dir='ltr'><strong>utrumque</strong></span> <span class='ocrx_word' id='word_1_644' title='bbox 2648 4500 2876 4554; x_wconf 86' lang='lat' dir='ltr'><strong>verbum</strong></span> <span class='ocrx_word' id='word_1_645' title='bbox 2904 4496 2997 4557; x_wconf 92' lang='lat' dir='ltr'><strong>sit,</strong></span> <span class='ocrx_word' id='word_1_646' title='bbox 3029 4489 3193 4561; x_wconf 74' lang='lat'><strong>296</strong></span> <span class='ocrx_word' id='word_1_647' title='bbox 3223 4498 3456 4544; x_wconf 89' lang='lat' dir='ltr'><strong>merum,</strong></span> 
     </span>
    </p>
   </div>
   <div class='ocr_carea' id='block_1_87' title="bbox 1889 4571 3457 4662">
    <p class='ocr_par' dir='ltr' id='par_1_87' title="bbox 1889 4571 3457 4662">
     <span class='ocr_line' id='line_1_87' title="bbox 1889 4571 3457 4662; baseline -0.017 -13"><span class='ocrx_word' id='word_1_648' title='bbox 1889 4597 2011 4650; x_wconf 82' lang='lat' dir='ltr'><strong>ideo</strong></span> <span class='ocrx_word' id='word_1_649' title='bbox 2030 4603 2114 4649; x_wconf 90' lang='lat' dir='ltr'><strong>est</strong></span> <span class='ocrx_word' id='word_1_650' title='bbox 2142 4603 2460 4662; x_wconf 88' lang='lat' dir='ltr'><strong>utrumque.</strong></span> <span class='ocrx_word' id='word_1_651' title='bbox 2498 4589 2762 4643; x_wconf 77' lang='lat' dir='ltr'><strong>Miscetur</strong></span> <span class='ocrx_word' id='word_1_652' title='bbox 2798 4598 2930 4638; x_wconf 87' lang='lat' dir='ltr'><strong>vero</strong></span> <span class='ocrx_word' id='word_1_653' title='bbox 2968 4595 3092 4635; x_wconf 89' lang='lat' dir='ltr'><strong>cum</strong></span> <span class='ocrx_word' id='word_1_654' title='bbox 3116 4575 3318 4645; x_wconf 79' lang='lat' dir='ltr'><strong>duplex</strong></span> <span class='ocrx_word' id='word_1_655' title='bbox 3349 4571 3457 4626; x_wconf 90' lang='lat' dir='ltr'><strong>sit:</strong></span> 
     </span>
    </p>
   </div>
   <div class='ocr_carea' id='block_1_88' title="bbox 1892 4661 3461 4748">
    <p class='ocr_par' dir='ltr' id='par_1_88' title="bbox 1892 4661 3461 4748">
     <span class='ocr_line' id='line_1_88' title="bbox 1892 4661 3461 4748; baseline -0.016 -13"><span class='ocrx_word' id='word_1_656' title='bbox 1892 4699 2060 4737; x_wconf 84' lang='lat' dir='ltr'><strong>unmn</strong></span> <span class='ocrx_word' id='word_1_657' title='bbox 2093 4680 2244 4737; x_wconf 88' lang='lat' dir='ltr'><strong>enim</strong></span> <span class='ocrx_word' id='word_1_658' title='bbox 2264 4661 2370 4743; x_wconf 66' lang='lat' dir='ltr'><strong>est,</strong></span> <span class='ocrx_word' id='word_1_659' title='bbox 2403 4678 2633 4748; x_wconf 80' lang='lat' dir='ltr'><strong>quodex</strong></span> <span class='ocrx_word' id='word_1_660' title='bbox 2666 4672 2935 4728; x_wconf 83' lang='lat' dir='ltr'><strong>ambobus</strong></span> <span class='ocrx_word' id='word_1_661' title='bbox 2964 4665 3248 4727; x_wconf 75' lang='lat' dir='ltr'><strong>coalescit,</strong></span> <span class='ocrx_word' id='word_1_662' title='bbox 3281 4661 3461 4716; x_wconf 88' lang='lat' dir='ltr'><strong>scien-</strong></span> 
     </span>
    </p>
   </div>
   <div class='ocr_carea' id='block_1_89' title="bbox 1891 4749 3464 4841">
    <p class='ocr_par' dir='ltr' id='par_1_89' title="bbox 1891 4749 3464 4841">
     <span class='ocr_line' id='line_1_89' title="bbox 1891 4749 3464 4841; baseline -0.019 -11"><span class='ocrx_word' id='word_1_663' title='bbox 1891 4777 1981 4830; x_wconf 64' lang='lat' dir='ltr'><strong>tia:</strong></span> <span class='ocrx_word' id='word_1_664' title='bbox 2030 4774 2241 4829; x_wconf 89' lang='lat' dir='ltr'><strong>scilicet</strong></span> <span class='ocrx_word' id='word_1_665' title='bbox 2287 4768 2733 4841; x_wconf 78' lang='lat' dir='ltr'><strong>cognitionisque</strong></span> <span class='ocrx_word' id='word_1_666' title='bbox 2790 4761 3075 4834; x_wconf 73' lang='lat' dir='ltr'><strong>perfectio.</strong></span> <span class='ocrx_word' id='word_1_667' title='bbox 3120 4754 3290 4810; x_wconf 84' lang='lat' dir='ltr'><strong>Vetus</strong></span> <span class='ocrx_word' id='word_1_668' title='bbox 3336 4749 3464 4836; x_wconf 61' lang='lat' dir='ltr'><strong>gui-</strong></span> 
     </span>
    </p>
   </div>
   <div class='ocr_carea' id='block_1_90' title="bbox 209 4842 1786 4947">
    <p class='ocr_par' dir='ltr' id='par_1_90' title="bbox 209 4842 1786 4947">
     <span class='ocr_line' id='line_1_90' title="bbox 209 4842 1786 4947; baseline -0.006 -18"><span class='ocrx_word' id='word_1_669' title='bbox 209 4877 290 4929; x_wconf 84' lang='grc' dir='ltr'>τὰ</span> <span class='ocrx_word' id='word_1_670' title='bbox 317 4842 449 4947; x_wconf 46' lang='grc' dir='ltr'>μέλη</span> <span class='ocrx_word' id='word_1_671' title='bbox 475 4878 573 4946; x_wconf 82' lang='grc' dir='ltr'>τῆς</span> <span class='ocrx_word' id='word_1_672' title='bbox 602 4842 876 4944; x_wconf 32' lang='grc' dir='ltr'>γνωσευωξς·</span> <span class='ocrx_word' id='word_1_673' title='bbox 910 4872 1085 4939; x_wconf 78' lang='grc' dir='ltr'><strong>Πλὴν</strong></span> <span class='ocrx_word' id='word_1_674' title='bbox 1116 4875 1149 4925; x_wconf 88' lang='lat' dir='ltr'><strong>o&#39;</strong></span> <span class='ocrx_word' id='word_1_675' title='bbox 1178 4842 1419 4940; x_wconf 62' lang='lat' dir='ltr'><strong>tovrlag</strong></span> <span class='ocrx_word' id='word_1_676' title='bbox 1454 4842 1640 4923; x_wconf 63' lang='grc' dir='ltr'>αὐτοῦ</span> <span class='ocrx_word' id='word_1_677' title='bbox 1672 4869 1786 4922; x_wconf 82' lang='grc' dir='ltr'>οὐκ</span> 
     </span>
    </p>
   </div>
   <div class='ocr_carea' id='block_1_91' title="bbox 1870 4842 3463 4947">
    <p class='ocr_par' dir='ltr' id='par_1_91' title="bbox 1890 4842 3463 4934">
     <span class='ocr_line' id='line_1_91' title="bbox 1890 4842 3463 4934; baseline -0.018 -13"><span class='ocrx_word' id='word_1_678' title='bbox 1890 4867 2016 4921; x_wconf 87' lang='lat' dir='ltr'><strong>dem</strong></span> <span class='ocrx_word' id='word_1_679' title='bbox 2047 4862 2472 4934; x_wconf 90' lang='lat' dir='ltr'><strong>promissionem</strong></span> <span class='ocrx_word' id='word_1_680' title='bbox 2514 4859 2705 4913; x_wconf 85' lang='lat' dir='ltr'><strong>habuit</strong></span> <span class='ocrx_word' id='word_1_681' title='bbox 2733 4871 2748 4907; x_wconf 90' lang='lat'><strong>:</strong></span> <span class='ocrx_word' id='word_1_682' title='bbox 2781 4868 2957 4909; x_wconf 86' lang='lat' dir='ltr'><strong>novus</strong></span> <span class='ocrx_word' id='word_1_683' title='bbox 2993 4864 3127 4905; x_wconf 88' lang='lat' dir='ltr'><strong>vero</strong></span> <span class='ocrx_word' id='word_1_684' title='bbox 3161 4861 3281 4901; x_wconf 90' lang='lat' dir='ltr'><strong>eum</strong></span> <span class='ocrx_word' id='word_1_685' title='bbox 3309 4842 3463 4910; x_wconf 88' lang='lat' dir='ltr'><strong>quia</strong></span> 
     </span>
    </p>
   </div>
   <div class='ocr_carea' id='block_1_92' title="bbox 210 4967 568 5035">
    <p class='ocr_par' dir='ltr' id='par_1_92' title="bbox 210 4967 568 5035">
     <span class='ocr_line' id='line_1_92' title="bbox 210 4967 568 5035; baseline -0.006 -13"><span class='ocrx_word' id='word_1_686' title='bbox 210 4967 568 5035; x_wconf 80' lang='grc' dir='ltr'>ἐξεκενώθη.</span> 
     </span>
    </p>
   </div>
   <div class='ocr_carea' id='block_1_93' title="bbox 1821 4931 3462 5014">
    <p class='ocr_par' dir='ltr' id='par_1_93' title="bbox 1821 4931 3462 5014">
     <span class='ocr_line' id='line_1_93' title="bbox 1821 4931 3462 5014; baseline -0.02 2"><span class='ocrx_word' id='word_1_687' title='bbox 1821 4951 1863 5004; x_wconf 84' lang='grc' dir='ltr'><strong>Ι)</strong></span> <span class='ocrx_word' id='word_1_688' title='bbox 1892 4958 2003 5014; x_wconf 86' lang='lat' dir='ltr'><strong>Deo</strong></span> <span class='ocrx_word' id='word_1_689' title='bbox 2050 4931 2254 5010; x_wconf 79' lang='lat' dir='ltr'><strong>missus</strong></span> <span class='ocrx_word' id='word_1_690' title='bbox 2295 4961 2399 5014; x_wconf 88' lang='lat' dir='ltr'><strong>est,</strong></span> <span class='ocrx_word' id='word_1_691' title='bbox 2434 4952 2607 5006; x_wconf 88' lang='lat' dir='ltr'><strong>dedit.</strong></span> <span class='ocrx_word' id='word_1_692' title='bbox 2654 4947 2771 5004; x_wconf 83' lang='lat' dir='ltr'><strong>Hoc</strong></span> <span class='ocrx_word' id='word_1_693' title='bbox 2817 4954 3023 5008; x_wconf 87' lang='lat' dir='ltr'><strong>autem,</strong></span> <span class='ocrx_word' id='word_1_694' title='bbox 3064 4940 3131 4993; x_wconf 85' lang='lat' dir='ltr'><strong>Et</strong></span> <span class='ocrx_word' id='word_1_695' title='bbox 3186 4931 3462 4990; x_wconf 74' lang='lat' dir='ltr'><strong>inclinarit</strong></span> 
     </span>
    </p>
   </div>
   <div class='ocr_carea' id='block_1_94' title="bbox 211 5026 3464 5131">
    <p class='ocr_par' dir='ltr' id='par_1_94' title="bbox 211 5026 3464 5131">
     <span class='ocr_line' id='line_1_94' title="bbox 211 5026 3464 5131; baseline -0.012 -10"><span class='ocrx_word' id='word_1_696' title='bbox 211 5081 285 5121; x_wconf 70' lang='lat' dir='ltr'><strong>ea:</strong></span> <span class='ocrx_word' id='word_1_697' title='bbox 320 5062 415 5117; x_wconf 80' lang='lat' dir='ltr'><strong>hoc</strong></span> <span class='ocrx_word' id='word_1_698' title='bbox 464 5065 519 5117; x_wconf 84' lang='lat' dir='ltr'><strong>in</strong></span> <span class='ocrx_word' id='word_1_699' title='bbox 559 5062 675 5125; x_wconf 86' lang='lat' dir='ltr'><strong>hoc,</strong></span> <span class='ocrx_word' id='word_1_700' title='bbox 706 5060 1095 5131; x_wconf 78' lang='lat' dir='ltr'><strong>magistrorum</strong></span> <span class='ocrx_word' id='word_1_701' title='bbox 1145 5056 1553 5111; x_wconf 91' lang='lat' dir='ltr'><strong>successionem</strong></span> <span class='ocrx_word' id='word_1_702' title='bbox 1626 5053 1923 5123; x_wconf 79' lang='lat' dir='ltr'><strong>signiﬁcat,</strong></span> <span class='ocrx_word' id='word_1_703' title='bbox 1993 5051 2246 5107; x_wconf 82' lang='lat' dir='ltr'><strong>Mosaicae</strong></span> <span class='ocrx_word' id='word_1_704' title='bbox 2326 5048 2610 5109; x_wconf 87' lang='lat' dir='ltr'><strong>nimirum,</strong></span> <span class='ocrx_word' id='word_1_705' title='bbox 2654 5059 2718 5099; x_wconf 85' lang='lat' dir='ltr'><strong>ac</strong></span> <span class='ocrx_word' id='word_1_706' title='bbox 2757 5038 3056 5096; x_wconf 82' lang='lat' dir='ltr'><strong>Dominicae</strong></span> <span class='ocrx_word' id='word_1_707' title='bbox 3106 5033 3264 5102; x_wconf 82' lang='lat' dir='ltr'><strong>legis.</strong></span> <span class='ocrx_word' id='word_1_708' title='bbox 3307 5026 3464 5082; x_wconf 79' lang='lat' dir='ltr'><strong>Calix</strong></span> 
     </span>
    </p>
   </div>
   <div class='ocr_carea' id='block_1_95' title="bbox 214 5119 3464 5219">
    <p class='ocr_par' dir='ltr' id='par_1_95' title="bbox 214 5119 3464 5219">
     <span class='ocr_line' id='line_1_95' title="bbox 214 5119 3464 5219; baseline -0.013 -4"><span class='ocrx_word' id='word_1_709' title='bbox 214 5161 386 5215; x_wconf 80' lang='lat' dir='ltr'><strong>Porro</strong></span> <span class='ocrx_word' id='word_1_710' title='bbox 423 5171 565 5210; x_wconf 90' lang='lat' dir='ltr'><strong>unus</strong></span> <span class='ocrx_word' id='word_1_711' title='bbox 594 5162 681 5210; x_wconf 90' lang='lat' dir='ltr'><strong>est</strong></span> <span class='ocrx_word' id='word_1_712' title='bbox 713 5169 727 5205; x_wconf 89' lang='lat'><strong>:</strong></span> <span class='ocrx_word' id='word_1_713' title='bbox 786 5169 928 5208; x_wconf 90' lang='lat' dir='ltr'><strong>unus</strong></span> <span class='ocrx_word' id='word_1_714' title='bbox 961 5153 1103 5207; x_wconf 91' lang='lat' dir='ltr'><strong>enim</strong></span> <span class='ocrx_word' id='word_1_715' title='bbox 1144 5150 1399 5219; x_wconf 87' lang='lat' dir='ltr'><strong>idemque</strong></span> <span class='ocrx_word' id='word_1_716' title='bbox 1444 5146 1675 5216; x_wconf 87' lang='lat' dir='ltr'><strong>spiritus</strong></span> <span class='ocrx_word' id='word_1_717' title='bbox 1726 5146 2050 5217; x_wconf 82' lang='lat' dir='ltr'><strong>prophetam</strong></span> <span class='ocrx_word' id='word_1_718' title='bbox 2075 5184 2091 5207; x_wconf 90' lang='lat'><strong>,</strong></span> <span class='ocrx_word' id='word_1_719' title='bbox 2142 5153 2304 5212; x_wconf 88' lang='lat' dir='ltr'><strong>atque</strong></span> <span class='ocrx_word' id='word_1_720' title='bbox 2334 5157 2482 5201; x_wconf 81' lang='lat' dir='ltr'><strong>eum.</strong></span> <span class='ocrx_word' id='word_1_721' title='bbox 2532 5139 2626 5210; x_wconf 91' lang='lat' dir='ltr'><strong>qui</strong></span> <span class='ocrx_word' id='word_1_722' title='bbox 2663 5152 2695 5191; x_wconf 89' lang='lat' dir='ltr'><strong>a</strong></span> <span class='ocrx_word' id='word_1_723' title='bbox 2733 5136 2846 5190; x_wconf 89' lang='lat' dir='ltr'><strong>Deo</strong></span> <span class='ocrx_word' id='word_1_724' title='bbox 2884 5132 3091 5188; x_wconf 89' lang='lat' dir='ltr'><strong>missus</strong></span> <span class='ocrx_word' id='word_1_725' title='bbox 3132 5134 3238 5191; x_wconf 89' lang='lat' dir='ltr'><strong>est,</strong></span> <span class='ocrx_word' id='word_1_726' title='bbox 3288 5119 3464 5188; x_wconf 80' lang='lat' dir='ltr'><strong>inspi-</strong></span> 
     </span>
    </p>
   </div>
   <div class='ocr_carea' id='block_1_96' title="bbox 214 5207 3465 5319">
    <p class='ocr_par' dir='ltr' id='par_1_96' title="bbox 214 5207 3465 5319">
     <span class='ocr_line' id='line_1_96' title="bbox 214 5207 3465 5319; baseline -0.013 -14"><span class='ocrx_word' id='word_1_727' title='bbox 214 5252 385 5306; x_wconf 83' lang='lat' dir='ltr'><strong>ravit.</strong></span> <span class='ocrx_word' id='word_1_728' title='bbox 430 5250 495 5304; x_wconf 86' lang='lat' dir='ltr'><strong>Et</strong></span> <span class='ocrx_word' id='word_1_729' title='bbox 536 5247 681 5319; x_wconf 87' lang='lat' dir='ltr'><strong>quod</strong></span> <span class='ocrx_word' id='word_1_730' title='bbox 707 5246 838 5301; x_wconf 89' lang='lat' dir='ltr'><strong>boni</strong></span> <span class='ocrx_word' id='word_1_731' title='bbox 872 5246 1105 5315; x_wconf 74' lang='lat' dir='ltr'><strong>pictores</strong></span> <span class='ocrx_word' id='word_1_732' title='bbox 1134 5241 1362 5305; x_wconf 84' lang='lat' dir='ltr'><strong>faciunt,</strong></span> <span class='ocrx_word' id='word_1_733' title='bbox 1392 5239 1522 5294; x_wconf 91' lang='lat' dir='ltr'><strong>olim</strong></span> <span class='ocrx_word' id='word_1_734' title='bbox 1564 5207 1787 5308; x_wconf 64' lang='lat' dir='ltr'><strong>quidem</strong></span> <span class='ocrx_word' id='word_1_735' title='bbox 1826 5207 2151 5290; x_wconf 77' lang='lat' dir='ltr'><strong>adumbrate</strong></span> <span class='ocrx_word' id='word_1_736' title='bbox 2180 5207 2510 5300; x_wconf 72' lang='lat' dir='ltr'><strong>delineavit;</strong></span> <span class='ocrx_word' id='word_1_737' title='bbox 2550 5207 2751 5302; x_wconf 76' lang='lat' dir='ltr'><strong>postea</strong></span> <span class='ocrx_word' id='word_1_738' title='bbox 2798 5238 2928 5279; x_wconf 85' lang='lat' dir='ltr'><strong>vero</strong></span> <span class='ocrx_word' id='word_1_739' title='bbox 2967 5218 3212 5292; x_wconf 79' lang='lat' dir='ltr'><strong>singulas</strong></span> <span class='ocrx_word' id='word_1_740' title='bbox 3272 5207 3465 5282; x_wconf 81' lang='lat' dir='ltr'><strong>cogni-</strong></span> 
     </span>
    </p>
   </div>
   <div class='ocr_carea' id='block_1_97' title="bbox 218 5328 2215 5413">
    <p class='ocr_par' dir='ltr' id='par_1_97' title="bbox 218 5328 2215 5413">
     <span class='ocr_line' id='line_1_97' title="bbox 218 5328 2215 5413; baseline -0.009 -15"><span class='ocrx_word' id='word_1_741' title='bbox 218 5343 391 5400; x_wconf 83' lang='lat' dir='ltr'><strong>tionis</strong></span> <span class='ocrx_word' id='word_1_742' title='bbox 417 5351 600 5413; x_wconf 87' lang='lat' dir='ltr'><strong>partes</strong></span> <span class='ocrx_word' id='word_1_743' title='bbox 627 5339 958 5394; x_wconf 82' lang='lat' dir='ltr'><strong>elaboravit:</strong></span> <span class='ocrx_word' id='word_1_744' title='bbox 992 5335 1356 5389; x_wconf 76' lang='lat' dir='ltr'><strong>Verumtamen</strong></span> <span class='ocrx_word' id='word_1_745' title='bbox 1388 5332 1495 5401; x_wconf 67' lang='lat' dir='ltr'><strong>{rex</strong></span> <span class='ocrx_word' id='word_1_746' title='bbox 1529 5330 1645 5400; x_wconf 78' lang='lat' dir='ltr'><strong>ejus</strong></span> <span class='ocrx_word' id='word_1_747' title='bbox 1667 5346 1770 5384; x_wconf 87' lang='lat' dir='ltr'><strong>non</strong></span> <span class='ocrx_word' id='word_1_748' title='bbox 1806 5337 1884 5383; x_wconf 79' lang='lat' dir='ltr'><strong>est</strong></span> <span class='ocrx_word' id='word_1_749' title='bbox 1916 5328 2215 5382; x_wconf 74' lang='lat' dir='ltr'><strong>exinanita.</strong></span> 
     </span>
    </p>
   </div>
   <div class='ocr_carea' id='block_1_98' title="bbox 330 5452 1368 5528">
    <p class='ocr_par' dir='ltr' id='par_1_98' title="bbox 330 5452 1368 5528">
     <span class='ocr_line' id='line_1_98' title="bbox 330 5452 1368 5528; baseline -0.008 -13"><span class='ocrx_word' id='word_1_750' title='bbox 330 5461 348 5491; x_wconf 75' lang='grc'>⁸</span> <span class='ocrx_word' id='word_1_751' title='bbox 381 5458 525 5515; x_wconf 87' lang='lat' dir='ltr'><strong>Psal.</strong></span> <span class='ocrx_word' id='word_1_752' title='bbox 562 5456 742 5528; x_wconf 72' lang='lat'><strong>11,11.</strong></span> <span class='ocrx_word' id='word_1_753' title='bbox 843 5458 863 5489; x_wconf 87' lang='grc'><strong><em>²</em></strong></span> <span class='ocrx_word' id='word_1_754' title='bbox 894 5454 1041 5511; x_wconf 88' lang='lat' dir='ltr'><strong>Psal.</strong></span> <span class='ocrx_word' id='word_1_755' title='bbox 1093 5470 1274 5522; x_wconf 77' lang='lat' dir='ltr'><strong>Lxxw,</strong></span> <span class='ocrx_word' id='word_1_756' title='bbox 1313 5452 1368 5508; x_wconf 86' lang='lat'><strong>9.</strong></span> 
     </span>
    </p>
   </div>
   <div class='ocr_carea' id='block_1_99' title="bbox 966 5555 2231 5621">
    <p class='ocr_par' dir='ltr' id='par_1_99' title="bbox 966 5555 2231 5621">
     <span class='ocr_line' id='line_1_99' title="bbox 966 5555 2231 5621; baseline -0.01 6"><span class='ocrx_word' id='word_1_757' title='bbox 966 5610 969 5611; x_wconf 50' lang='grc' dir='ltr'>ν</span> <span class='ocrx_word' id='word_1_758' title='bbox 1447 5562 1627 5621; x_wconf 84' lang='lat' dir='ltr'><strong>DION.</strong></span> <span class='ocrx_word' id='word_1_759' title='bbox 1677 5557 1957 5616; x_wconf 83' lang='lat' dir='ltr'><strong>PETAVII</strong></span> <span class='ocrx_word' id='word_1_760' title='bbox 2000 5555 2231 5614; x_wconf 79' lang='lat' dir='ltr'><strong>NOT/E.</strong></span> 
     </span>
    </p>
   </div>
   <div class='ocr_carea' id='block_1_100' title="bbox 298 5641 3471 5739">
    <p class='ocr_par' dir='ltr' id='par_1_100' title="bbox 298 5641 3471 5739">
     <span class='ocr_line' id='line_1_100' title="bbox 298 5641 3471 5739; baseline -0.01 -14"><span class='ocrx_word' id='word_1_761' title='bbox 298 5670 433 5739; x_wconf 75' lang='lat'><strong>(93‘)</strong></span> <span class='ocrx_word' id='word_1_762' title='bbox 457 5668 515 5724; x_wconf 92' lang='lat' dir='ltr'><strong>ln</strong></span> <span class='ocrx_word' id='word_1_763' title='bbox 547 5664 1461 5739; x_wconf 25' lang='lat' dir='ltr'><strong>hacAbomiliaAostendithynesius</strong></span> <span class='ocrx_word' id='word_1_764' title='bbox 1484 5662 1618 5739; x_wconf 71' lang='lat' dir='ltr'><strong>dies</strong></span> <span class='ocrx_word' id='word_1_765' title='bbox 1662 5660 1830 5718; x_wconf 81' lang='lat' dir='ltr'><strong>festos</strong></span> <span class='ocrx_word' id='word_1_766' title='bbox 1862 5655 1947 5727; x_wconf 87' lang='lat' dir='ltr'><strong>pie</strong></span> <span class='ocrx_word' id='word_1_767' title='bbox 1985 5666 2039 5712; x_wconf 89' lang='lat' dir='ltr'><strong>et</strong></span> <span class='ocrx_word' id='word_1_768' title='bbox 2080 5653 2265 5711; x_wconf 89' lang='lat' dir='ltr'><strong>sobrie</strong></span> <span class='ocrx_word' id='word_1_769' title='bbox 2295 5646 2675 5715; x_wconf 80' lang='lat' dir='ltr'><strong>celebrandas,</strong></span> <span class='ocrx_word' id='word_1_770' title='bbox 2718 5652 2883 5715; x_wconf 74' lang='lat' dir='ltr'><strong>atque</strong></span> <span class='ocrx_word' id='word_1_771' title='bbox 2915 5658 3080 5699; x_wconf 89' lang='lat' dir='ltr'><strong>unum</strong></span> <span class='ocrx_word' id='word_1_772' title='bbox 3113 5641 3471 5713; x_wconf 75' lang='lat' dir='ltr'><strong>cumdemque</strong></span> 
     </span>
    </p>
   </div>
   <div class='ocr_carea' id='block_1_101' title="bbox 226 5734 1521 5811">
    <p class='ocr_par' dir='ltr' id='par_1_101' title="bbox 226 5734 1521 5811">
     <span class='ocr_line' id='line_1_101' title="bbox 226 5734 1521 5811; baseline -0.007 -12"><span class='ocrx_word' id='word_1_773' title='bbox 226 5758 351 5800; x_wconf 88' lang='lat' dir='ltr'><strong>esse</strong></span> <span class='ocrx_word' id='word_1_774' title='bbox 369 5734 623 5811; x_wconf 85' lang='lat' dir='ltr'><strong>spiritum</strong></span> <span class='ocrx_word' id='word_1_775' title='bbox 654 5737 787 5791; x_wconf 78' lang='lat' dir='ltr'><strong>Novi</strong></span> <span class='ocrx_word' id='word_1_776' title='bbox 813 5752 876 5791; x_wconf 87' lang='lat' dir='ltr'><strong>ac</strong></span> <span class='ocrx_word' id='word_1_777' title='bbox 912 5736 1123 5792; x_wconf 82' lang='lat' dir='ltr'><strong>Veteris</strong></span> <span class='ocrx_word' id='word_1_778' title='bbox 1161 5734 1521 5793; x_wconf 81' lang='lat' dir='ltr'><strong>Testamenti.</strong></span> 
     </span>
    </p>
   </div>
   <div class='ocr_carea' id='block_1_102' title="bbox 306 5874 1193 5949">
    <p class='ocr_par' dir='ltr' id='par_1_102' title="bbox 306 5874 1193 5949">
     <span class='ocr_line' id='line_1_102' title="bbox 306 5874 1193 5949; baseline -0.017 -11"><span class='ocrx_word' id='word_1_779' title='bbox 306 5881 365 5949; x_wconf 62' lang='lat' dir='ltr'><strong>(Il</strong></span> <span class='ocrx_word' id='word_1_780' title='bbox 411 5880 641 5941; x_wconf 72' lang='lat' dir='ltr'><strong>Dionysio</strong></span> <span class='ocrx_word' id='word_1_781' title='bbox 663 5874 1193 5942; x_wconf 80' lang='lat' dir='ltr'><strong>Petavio_iuterprete.</strong></span> 
     </span>
    </p>
   </div>
  </div>
