3906 6570
472 420 612 478 I563
1508 413 1776 476 SVNESII
1814 414 2281 480 PTOLEMAIDIS
2319 414 2629 475 EPISCOPI
3605 410 3747 468 ιεσι

993 534 1286 593 HOMILIA
1326 535 1366 590 ιι
1399 536 1534 609 (οι).

2758 535 2996 590 ΟΜΙΔΙΑ
3032 538 3105 591 B’.

542 631 704 704 297
737 627 853 686 Nox
884 643 1063 696 sacra,
1111 646 1231 701 quae
1276 631 1450 685 lucem
1492 638 1702 686 tantam
1750 631 1933 686 attulit
1970 630 2045 687 iis

2220 630 2335 697 Νὺξ
2367 629 2486 702 ἱερά
2504 628 2660 699 (94⁸),
2691 628 2806 703 φῶς
2843 628 3140 695 ἐνεγκοῦσα
3168 628 3285 691 τοῖς
3308 643 3453 697 κατη
3468 624 3747 697 ραμέπις

471 728 567 799 qui
608 722 877 781 exsecrati
922 730 1104 786 erant,
1151 733 1419 792 quantum
1452 723 1636 778 nullus
1672 738 1913 793 unquam
1957 722 2047 779 sol

2170 725 2273 777 iaov
2323 722 2495 785 οὐδεὶς
2542 719 2759 789 ἡμέραν
2790 716 3028 787 ἔλαμψεν
3075 717 3255 787 ἥλιοςο
3288 716 3414 769 οὐδὲ
3467 718 3593 799 γᾴρ
3643 715 3743 767 οἰδ

473 797 615 873 diem
651 814 966 870 illustravit.
1012 812 1123 869 Nec
1153 817 1299 869 enim
1354 814 1434 870 fas
1469 822 1556 870 est
1598 814 1849 885 profecto
1879 815 2046 885 quid-

2170 815 2294 866 Satov
2333 804 2685 879 ἐξετασθῆναι
2718 806 2793 878 τῷ
2818 805 3166 877 Δημιουργῷ,
3196 805 3300 858 κᾶν
3338 804 3403 857 τὸ
3450 797 3744 857 κάλλιστον

472 925 658 980 quam,
685 908 814 962 licet
842 907 1085 962 omnium
1137 923 1259 977 quae
1289 907 1345 960 in
1375 915 1523 962 terra
1566 916 1695 962 sunt
1734 907 2045 978 pulcherri-

2170 906 2242 959 ιπὶ
2265 905 2391 975 γῆς.
2448 902 2588 957 Ἀλλ’
2627 902 2750 954 οὐδὲ
2786 899 3177 971 δημιούργημα
3215 900 3396 950 ἐκεῖνο
3431 896 3493 947 τὸ
3546 893 3693 963 φῶς,
3722 893 3750 945 δ

474 1016 623 1055 mum
652 1000 744 1064 sit,
780 1014 903 1054 cum
942 999 1261 1070 praepotenti
1288 1013 1467 1053 rerum
1490 998 1688 1069 opiﬁce
1722 1011 2050 1069 comparan-

2170 994 2377 1067 ρωτίζει
2422 995 2621 1066 ψυχὰς,
2655 994 2751 1048 καὶ
2795 991 2886 1045 τὸν
2934 989 3187 1061 αἰσθητὸν
3241 988 3517 1058 ἐφώτισεν
3568 986 3747 1054 ἣλιον.

473 1090 605 1146 dum
641 1104 889 1145 censere.
924 1088 1124 1145 Verum
1161 1105 1230 1144 ne
1256 1088 1537 1159 opificium
1567 1088 1787 1159 quidem
1826 1098 1913 1145 est
1952 1088 2049 1144 illa

2170 1085 2454 1160 Ὀμολογίᾳ
2477 1086 2575 1155 τῆς
2598 1080 2878 1153 παρούσης
2904 1080 3276 1151 μακαριούσης
3304 1078 3749 1148 μακαριότητος.

475 1182 571 1238 lux
609 1196 731 1252 qum
773 1181 1047 1236 illuminat
1090 1180 1325 1246 animos,
1373 1188 1427 1236 et
1467 1181 1857 1251 aspectabilem
1903 1181 2055 1240 hunc

474 1274 649 1331 solem
679 1273 999 1327 illustravit.
1030 1271 1330 1343 Agnoscite
1371 1272 1689 1327 beatitatem
1720 1286 1843 1341 quae
1871 1272 2052 1338 adest,

476 1381 711 1437 quaeque
758 1380 1002 1436 praesens
1057 1373 1161 1420 est.
1203 1362 1260 1419 Si
1301 1363 1406 1417 hoc
1458 1362 1514 1420 in
1564 1372 1709 1418 statu
1741 1362 1880 1417 firmi
1924 1378 2055 1435 per-

476 1455 820 1520 manseritis,
875 1454 1258 1531 optabiliorem
1308 1452 1463 1509 vobis
1501 1467 1566 1508 ac
1608 1452 1905 1509 feliciorem
1958 1468 2055 1511 so-

479 1546 715 1603 lemnem
754 1547 899 1602 hunc
933 1547 1101 1610 diem,
1128 1544 1375 1618 quandiu
1414 1545 1583 1599 vitam
1620 1544 1926 1617 producere
1955 1545 2055 1602 da-

479 1636 654 1701 bitur,
689 1637 1075 1693 observabitis.
1110 1634 1267 1690 Nunc
1298 1636 1519 1706 quidem
1562 1645 1715 1691 certe
1751 1637 2055 1705 unusquis-

480 1742 592 1798 que
626 1736 871 1790 vestrum
900 1726 1127 1799 angelus
1156 1724 1320 1782 Deive
1356 1726 1587 1785 nuntius
1616 1725 1672 1781 in
1702 1724 1841 1781 urbe
1867 1740 2056 1781 versa-

2170 1725 2301 1797 μετά
2325 1724 2587 1795 κάθαρσιν
2614 1723 2883 1795 μόλυσμα.

482 1833 575 1879 tur
624 1839 638 1876 :
690 1830 855 1891 atque
899 1819 1064 1875 etiam
1122 1835 1269 1876 nunc
1329 1821 1647 1876 existimate
1698 1820 1861 1891 plane
1898 1821 2061 1878 vobis
2095 1835 2404 1891 congruere
2446 1819 2594 1891 quod
2627 1818 2834 1874 dictum
2881 1825 3008 1874 est:
3049 1816 3103 1870 in
3148 1815 3314 1875 terris
3350 1812 3651 1884 degentes,
3697 1825 3753 1867 et

483 1919 542 1973 in
599 1915 760 1975 ctelis
808 1915 1290 1971 conversationem
1337 1914 1627 1971 habentes.
1680 1915 1953 1971 Caeterum
2011 1917 2201 1972 timete
2257 1931 2326 1971 ne
2372 1914 2642 1972 excidatis
2678 1914 2751 1969 ab
2791 1914 2893 1968 hac
2945 1912 3232 1982 dignitate.
3298 1908 3517 1971 Etenim
3563 1909 3749 1979 inqui-

483 2009 639 2067 natio
673 2023 796 2080 quze
818 2016 944 2080 post
991 2007 1386 2065 februationem
1425 2016 1481 2064 et
1508 2009 1880 2081 expiationem
1923 2011 2149 2078 accidit,
2190 2010 2465 2081 piaculum
2496 2017 2580 2066 est
2603 2008 2747 2079 quod
2803 2008 2890 2063 vix
2948 2007 3171 2063 eluitur.

2156 1182 2254 1233 Ἀν
2269 1178 2410 1234 οὕτω
2434 1176 2766 1249 διαμείνητε,
2786 1172 3219 1244 εὑζηλωτοτέραν
3241 1174 3258 1192 ⁸
3294 1172 3427 1240 ὑμῖν
3452 1169 3565 1239 τὴν
3607 1184 3752 1241 παρ-

2153 1270 2318 1325 οῦσαν
2364 1270 2456 1322 ἐπὶ
2502 1268 2597 1323 τοῦ
2644 1268 2932 1338 παρόντος,
2971 1264 3074 1318 κᾶν
3121 1263 3197 1333 μὴ
3243 1261 3331 1314 διὰ
3380 1260 3528 1332 βίου,

2161 1379 2303 1418 σετε.
2336 1360 2451 1416 Νῦν
2504 1360 2601 1431 μὲν
2633 1360 2861 1422 ἕκαστος
2904 1356 3057 1427 ὑμῶν
3088 1355 3315 1423 ἄγγελος
3362 1356 3424 1406 ὲν
3462 1356 3532 1425 τῇ
3592 1353 3753 1404 πόλει

2160 1455 2482 1529 περινοστεῖ.
2514 1451 2628 1504 Νῦν
2658 1450 2875 1520 ἡγεῖσθε
2901 1448 3030 1518 περὶ
3060 1447 3211 1517 ὑμῶν
3239 1443 3377 1501 εἶναι
3410 1445 3471 1497 τὸ
3512 1443 3753 1513 λεγόμεο

2158 1562 2269 1609 νον,
2299 1544 2391 1598 ἐπὶ
2411 1544 2513 1613 γῆς
2541 1544 2712 1609 ὄντες,
2736 1541 2831 1596 καὶ
2852 1543 2909 1594 ὲν
2933 1538 3146 1612 οὐρανῷ
3168 1540 3226 1592 τὸ
3249 1538 3568 1607 πολίτευμα
3599 1535 3753 1606 ἔχον-

2158 1652 2271 1700 τες.
2294 1634 2570 1707 Φοϐήθητε
2597 1634 2697 1708 τῆς
2729 1633 2885 1700 ἀξίας
2915 1632 3212 1685 ἀποπεσεῖν
3232 1648 3245 1661 ·
3280 1630 3653 1685 ὣνσέκνιπτον
3688 1627 3753 1678 τὸ
3838 1664 3839 1667 η

483 2217 851 2273 Decreverunt
907 2215 1113 2286 aliquid
1164 2213 1605 2284 Leontopolitani
1650 2213 1839 2270 mitius
1887 2230 2055 2285 quam

483 2308 733 2379 ipsorum
765 2314 961 2369 natura
1000 2305 1161 2369 ferat,
1191 2320 1315 2361 cum
1339 2320 1370 2359 a
1404 2319 1465 2360 se
1506 2306 1741 2361 invicem
1770 2306 2059 2362 abstinen-

485 2406 591 2464 tes,
623 2399 839 2454 vicinos
853 2397 1180 2453 violatarum
1210 2398 1389 2468 legum
1417 2405 1771 2455 accusarunt.
1796 2397 2058 2463 Quando-

485 2487 705 2559 quidem
723 2487 837 2542 heri
851 2495 906 2542 et
916 2486 1119 2542 nudius
1137 2486 1333 2541 tertius
1345 2485 1545 2541 fratres
1558 2486 1821 2542 adversus
1836 2485 2056 2554 fratres,

485 2588 542 2635 et
553 2579 696 2636 ﬁlius
709 2589 902 2634 contra
918 2586 1151 2648 patrem,
1170 2586 1223 2635 et
1240 2588 1393 2647 pater
1404 2587 1595 2634 contra
1613 2595 1745 2635 suos
1758 2579 2059 2636 advocabat

486 2670 829 2727 carnificem.
878 2670 1068 2740 Neque
1118 2686 1286 2742 porro
1328 2670 1385 2727 id
1420 2671 1569 2742 quod
1627 2688 1775 2727 nunc
1817 2675 2059 2746 aggressi

487 2770 641 2826 sunt,
682 2762 965 2823 hominum
1007 2770 1093 2818 est
1126 2771 1374 2819 mutuam
1412 2764 1563 2819 illam
1594 2764 1794 2820 caedem
1825 2768 2058 2835 patriam

488 2854 863 2910 amolientium
893 2872 907 2908 :
936 2869 1128 2909 verum
1169 2854 1427 2924 privatim
1475 2856 1699 2926 quidem
1748 2857 1952 2924 singuli
2003 2857 2062 2913 in

489 2944 741 3014 singulos
778 2945 1041 3014 impetum
1073 2944 1283 2999 faciunt
1317 2965 1331 3001 :
1365 2947 1734 3002 communiter
1762 2963 1891 3002 vero
1924 2949 2061 3004 civi-

490 3044 579 3093 tas
622 3036 964 3108 astygitones
1002 3038 1328 3101 insectatur,
1383 3052 1479 3094 eos
1525 3037 1619 3106 qui
1672 3054 1779 3092 non
1829 3040 2064 3097 feliciter

489 3144 594 3185 nec
624 3130 767 3185 bono
790 3145 895 3186 suo
933 3137 1066 3185 sunt
1099 3130 1253 3186 urbis
1278 3130 1467 3185 vicini.
1498 3130 1631 3185 Nam
1663 3145 1772 3185 non
1805 3132 2064 3200 prmclare

489 3236 681 3277 secum
711 3231 892 3276 actum
918 3221 987 3275 iri
1021 3221 1333 3285 crederent,
1365 3222 1474 3278 nisi
1498 3223 1659 3277 etiam
1683 3223 1901 3292 publice
1926 3237 2062 3280 con-

490 3312 753 3373 formatio.
782 3312 1029 3371 civitatis
1072 3314 1422 3369 accusatoria
1464 3314 1627 3377 foret,
1675 3322 1730 3369 et
1759 3314 2066 3370 calumnia-

2244 2215 2658 2270 Ἐὁουλεύσαντό
2694 2232 2749 2269 τι
2780 2213 2893 2286 (95)
2926 2212 3337 2274 Λεοντρπολῖται
3387 2211 3492 2282 τῆς
3537 2212 3745 2265 ἑαυτῶν

2164 2308 2378 2378 φύσεως
2426 2309 2806 2379 ἡμερώτερον·
2839 2306 3099 2377 ἀλλήλων
3127 2305 3417 2375 ἀφέμενοι,
3454 2305 3587 2367 τοὺς
3633 2306 3748 2374 γεί-

2162 2419 2323 2467 τονας
2348 2401 2683 2471 παρανόμων
2727 2398 3055 2469 ἐγράψαντο.
3098 2397 3248 2450 Ἐπεὶ
3282 2396 3450 2466 μέχρι
3484 2396 3616 2465 ﬁt;
3652 2398 3745 2450 καὶ

2164 2492 2355 2564 πρώην
2388 2492 2602 2560 ἀδελφοί
2625 2509 2687 2544 τε
2720 2491 2807 2545 ἐπ’
2834 2490 3099 2558 ἀδελφοῖς,
3128 2489 3223 2541 καὶ
3250 2490 3379 2550 παῖς
3424 2489 3515 2540 ἐπὶ
3550 2489 3741 2559 πατρὶ,

2165 2585 2260 2639 καὶ
2286 2584 2470 2657 πατὴρ
2493 2583 2587 2636 ἐπὶ
2611 2581 2688 2654 τῷ
2720 2582 2865 2652 γένει
2891 2581 3189 2651 παρεκάλει
3213 2580 3306 2634 τὸν
3333 2580 3554 2650 δήμιον.
3592 2581 3746 2648 Τάχα

2163 2675 2222 2729 δὲ
2245 2675 2365 2728 οὐδὲ
2397 2676 2458 2729 τὸ
2493 2674 2588 2728 νῦν
2616 2672 3053 2746 ὲγχειρούμενον,
3082 2669 3459 2725 καταλυόντων
3504 2670 3605 2722 ἐπὶ
3648 2669 3745 2739 τὴν

2164 2765 2550 2836 ἀλληλοφονίαν
2577 2766 2677 2835 τὴν
2696 2765 2921 2836 πάτριον
2942 2780 2953 2791 ·
2988 2762 3102 2818 an?
3130 2763 3236 2834 ἰδίᾳ
3260 2762 3361 2832 μὲν
3393 2762 3633 2824 ἕκαστος
3653 2764 3743 2814 ἐπὶ

2164 2858 2256 2910 τὸν
2286 2857 2415 2911 ἴδιον
2437 2858 2661 2928 φέρεται
2686 2874 2700 2887 ·
2747 2858 2897 2926 κοινῇ
2927 2856 2984 2908 δὲ
3007 2857 3039 2925 ἡ
3064 2853 3217 2918 πόλις
3252 2856 3346 2915 ἐπὶ
3368 2855 3501 2917 τοὺς
3527 2855 3635 2906 οὐκ
3656 2854 3743 2905 εὖ·

2165 2950 2342 3020 τυχῶς
2381 2948 2785 3018 ἀστυγείτονας.
2813 2950 2887 3003 Οὐ
2932 2948 3039 3017 γὰρ
3069 2946 3292 3001 ἀνεκτὸν
3329 2947 3535 3009 αὐτοξ,
3586 2948 3639 2998 εἰ
3671 2945 3744 3014 μὴ

2168 3043 2260 3095 καὶ
2278 3041 2514 3113 δημοσίᾳ
2539 3041 2602 3095 τὸ
2636 3044 2822 3112 σχῆμα
2849 3040 2949 3109 τῆς
2991 3041 3192 3102 πόλεως
3236 3038 3611 3109 κατηγορικὸν
3634 3039 3739 3107 εἴη,

2168 3134 2265 3188 καὶ
2297 3132 2630 3202 συκοφάντου
2654 3132 3304 3205 χώραν,ηὑπεισελεύσεται
3322 3148 3337 3163 ·
3373 3130 3494 3184 ἀλλ’
3523 3132 3743 3199 ήμὶνγε

2169 3227 2250 3288 εἰς
2281 3224 2342 3278 τὸ
2377 3225 2543 3295 μηδὲν
2581 3225 2807 3289 ἀδικεῖν,
2835 3226 2974 3279 αὐτὰ
2998 3224 3065 3278 τὰ
3093 3222 3519 3294 κατηγορημένα
3549 3227 3741 3289 cmi;

2170 3316 2472 3383 ἀποδείξεις
2498 3317 2815 3387 παρέχεται,
2846 3317 3431 3387 εὐτυχηκόσινάκουὴν
3461 3316 3740 3381 δικαστοῦ,

490 3404 630 3467 toris
655 3405 833 3462 vicem
878 3405 1167 3461 subiisset.
1207 3404 1326 3461 Iam
1361 3422 1491 3462 vero
1524 3406 1680 3461 nobis
1710 3420 1776 3460 ea
1810 3422 1933 3476 qua:
1974 3421 2063 3461 ac-

2172 3409 2441 3480 Γεωργεῖν
2478 3409 2534 3461 δὲ
2564 3410 2743 3478 ἡμεῖς,
2772 3410 2879 3464 οὐκΔ
2912 3408 3195 3479 ἀγορεύειν
3242 3408 3396 3470 δίκας
3443 3407 3737 3477 ἐμάθομεν.

490 3495 771 3550 cusatorie
802 3494 1165 3564 objiciuntur,
1190 3497 1369 3551 claras
1398 3498 1753 3568 probationes
1781 3460 2062 3563 exhibent,

2172 3460 2387 3553 ria?
2415 3460 2507 3553 .5.
2539 3460 3225 3569 ἀποδεδειγμένισν.αὺτοῖς
3261 3460 3432 3554 πάλάι
3474 3460 3571 3552 ζιέιι
3614 3460 3740 3569 ὲράε

492 3595 557 3645 ttt
597 3587 807 3650 nemini
854 3588 1160 3644 inferamus
1196 3588 1459 3660 iniuriam
1490 3608 1504 3645 :
1535 3591 1738 3660 quibus
1766 3590 1933 3661 judex
1970 3605 2067 3662 pa-

491 3676 721 3735 tientem
760 3680 1143 3737 accommodat
1189 3697 1400 3737 aurem.
1440 3683 1607 3753 Atqui
1653 3697 1757 3739 nos
1802 3697 1936 3739 arva
1966 3697 2065 3738 co-

491 3768 633 3837 lare,
674 3784 785 3827 non
827 3785 1026 3827 causas
1075 3773 1306 3828 actitare
1345 3770 1660 3829 didicimus.
1693 3772 1808 3827 Cur
1842 3773 2064 3829 tandem

494 3864 685 3935 igitur,
715 3879 841 3919 cum
873 3864 1203 3934 jamdudum
1245 3865 1362 3923 haec
1391 3866 1467 3920 ita
1505 3881 1564 3922 se
1592 3866 1905 3931 habuerint,
1935 3880 2070 3922 con-

491 3955 774 4011 venientia
817 3955 925 4011 sibi
958 3971 1185 4012 munera
1216 3967 1270 4012 et
1302 3957 1469 4029 298
1492 3965 1737 4027 tempora
1781 3968 2071 4014 transcen-

494 4044 624 4103 dere
670 4061 889 4117 mquum
936 4055 1188 4113 censent,
1232 4056 1289 4104 et
1320 4049 1589 4105 adversus
1629 4064 1731 4104 nos
1770 4049 2066 4119 prodeunt,

494 4138 591 4207 qui
628 4138 752 4208 plus
796 4154 961 4208 quam
1017 4140 1122 4210 ipsi
1177 4140 1570 4196 accendimur?
1610 4150 1664 4197 et
1713 4141 1923 4211 majore
1974 4141 2069 4197 siti

494 4230 792 4301 correptis,
860 4240 1027 4302 atque
1084 4231 1291 4302 injuria
1354 4231 1568 4288 affectis
1628 4232 1843 4289 ratione
1890 4232 2066 4298 situs,

493 4324 659 4379 venui
706 4339 925 4393 semper
953 4334 1236 4395 exponunt
1275 4325 1435 4380 avide
1481 4324 1537 4379 id
1590 4325 1737 4395 quod
1780 4328 2069 4395 superest?

492 4416 766 4481 Quoniam
812 4425 997 4473 autem
1052 4418 1154 4474 hoc
1207 4433 1352 4473 anno
1416 4417 1626 4487 argenti
1677 4418 1814 4472 nihil
1872 4416 2069 4487 reliqui

496 4508 620 4576 fuit,
665 4510 859 4564 volunt
909 4520 1128 4567 nostras
1163 4526 1438 4566 mrumnas
1475 4510 1528 4565 in
1580 4510 1734 4564 lucro
1780 4508 2066 4578 deputare.

495 4596 578 4655 Eo
637 4601 897 4656 nimirum
953 4602 1185 4658 tendunt
1236 4609 1493 4657 recentes
1556 4600 1664 4655 illae
1715 4600 2064 4657 delationes:

2172 3592 2341 3647 παλαι
2375 3592 2485 3647 τῶν
2517 3594 2903 3665 προσηκόντων
2935 3593 3489 3668 μέσωνὺπειρὸαενειν
3511 3594 3740 3659 ἀξιοῦσι,

2172 3685 2267 3739 καὶ
2290 3685 2377 3754 ἐφ’
2398 3686 2546 3755 ἡμᾶς
2576 3685 2823 3755 ἔρχονται
2842 3687 2969 3750 τοὺς
2995 3686 3133 3756 ὑπὲρ
3153 3687 3351 3751 αὐτοὺς
3380 3686 3702 3750 καιομένους
3722 3702 3739 3747 ;

2170 3776 2548 3849 διψηροτὲροις
2572 3794 2631 3831 τε
2656 3772 2796 3842 οὖσι,
2831 3779 2926 3832 καὶ
2951 3778 3299 3849 ἠδικημένοις
3337 3778 3493 3848 παρά
3529 3778 3627 3845 τῆς
3654 3777 3742 3828 θὲ-

2172 3885 2333 3932 σεως,
2366 3869 2743 3940 ἀπεμπολοῦσι
2775 3870 2864 3924 ἀεὶ
2892 3870 2955 3923 τὺ
2998 3870 3487 3940 περιγιγνόμενῠν;
3529 3867 3741 3933 Ἐπειδὴ

2167 3961 2331 4030 τῆτες
2358 3962 2419 4014 οὐ
2447 3960 2807 4032 περιγέγονεν.
2826 3963 3107 4034 ἀργύριον,
3138 3961 3382 4029 ἀξιοῦσιν
3422 3960 3559 4014 αὐτὸ
3594 3959 3739 4026 γενέ-

2169 4052 2294 4107 σθαι
2322 4052 2423 4117 τὰς
2446 4054 2720 4126 ἡμετέρας
2751 4056 3037 4126 συμφοράς
3098 4055 3190 4116 Εἰς
3222 4052 3382 4106 τοῦτο
3424 4051 3656 4104 τείνουσι
3688 4050 3740 4101 si

2168 4145 2362 4216 πρώην
2397 4148 2630 4217 γραφαὶ,
2660 4147 2762 4200 καὶ-
2786 4148 2985 4210 σκοπὸς
3029 4147 3210 4207 αὐτοῖς
3246 4146 3366 4198 τῶν
3378 4144 3740 4215 ψηφισμάτων

2166 4236 2265 4307 οὐχ
2295 4237 2501 4308 ἕτερος.
2543 4238 2893 4309 Ὀμολογοῦσι
2917 4239 2979 4309 δή
3011 4255 3064 4291 τι
3100 4238 3193 4291 καὶ
3224 4237 3501 4307 δεύτερον,
3540 4236 3569 4288 δ
3596 4234 3739 4301 παρὰ

2168 4327 2398 4399 πρώτων
2412 4331 2443 4399 ἡ
2452 4330 2567 4398 μῶν
2582 4331 2676 4383 καὶ
2695 4330 2870 4400 μόνων
2884 4329 3031 4396 ἄξιον
3045 4328 3321 4399 εἰρῆσθαι,
3339 4326 3737 4398 παραστατικὸν

2167 4419 2227 4474 ὃν
2242 4422 2340 4491 τῆς
2359 4421 2698 4492 ἀδικωτάτης
2716 4422 2896 4475 αὐτῶν
2917 4421 3299 4493 ἐγχειρήσεως.
3325 4420 3619 4490 Πόρρωθεν
3638 4416 3736 4485 γάρ

2167 4514 2321 4567 αὐτοὶ
2350 4515 2590 4585 κρηπῖδα
2612 4518 2678 4587 τῇ
2704 4515 3036 4587 συκοφαντίᾳ
3059 4514 3376 4585 βαλλόμενοι
3396 4512 3545 4580 ὑπὲρ
3565 4510 3735 4571 ἀδείας

2167 4604 2261 4659 τοῦ
2290 4608 2401 4670 τοῖς
2428 4605 2503 4677 μὴ
2529 4609 2896 4679 προσήκουσιν
2926 4607 3079 4662 ὕδασι
3100 4605 3427 4678 χρήσασθαι,
3458 4603 3541 4673 τῷ
3568 4600 3735 4671 σεμνῷ

494 4704 601 4745 nec
643 4690 790 4748 alius
819 4693 955 4763 ipsis
999 4693 1126 4750 finis
1160 4702 1245 4750 est
1276 4694 1565 4750 seitorum.
1610 4690 1875 4747 Fatentur
1901 4694 2063 4748 etiam

2170 4694 2343 4766 τούτῳ
2364 4695 2701 4769 δικαστηρίῳ
2735 4700 2993 4769 πρόσοδον
3020 4699 3359 4770 ἐποιήσαντο.

495 4779 708 4850 ειίίιυίᾱ
756 4782 1025 4847 secundo.
1085 4785 1234 4856 quod
1296 4784 1523 4855 dignum
1571 4792 1658 4840 est
1699 4789 1762 4837 ut
1808 4797 1843 4837 a
1896 4784 2057 4841 nobis
2104 4786 2301 4857 primis
2348 4792 2405 4841 et
2451 4788 2590 4845 solis
2637 4791 2956 4846 enuntietur
3000 4808 3014 4845 :
3070 4802 3195 4843 cum
3242 4783 3524 4857 ejusmodi
3568 4781 3640 4836 sit
3682 4786 3731 4830 ut

498 4872 737 4928 maxime
793 4874 864 4929 ob
911 4875 1104 4932 oculos
1158 4884 1327 4948 ponat
1387 4874 1817 4945 injustissimum
1865 4875 2112 4947 ipsorum
2166 4880 2503 4940 institutum.
2551 4882 2686 4938 Nam
2734 4897 2859 4939 cum
2908 4881 3020 4950 jam
3061 4882 3188 4935 olim
3218 4877 3513 4939 calumnia:
3552 4873 3730 4927 funda-

503 4976 693 5024 menta
714 4969 827 5024 alte
864 4968 1100 5039 jecerint
1151 4985 1257 5040 pro.
1286 4971 1609 5038 securitate,
1644 4969 1791 5042 quod
1816 4986 1927 5026 non
1960 4972 2030 5026 ad
2051 4988 2113 5031 se
2144 4976 2509 5042 attinentibus
2534 4980 2693 5051 aquis
2731 4984 2978 5043 utantur,
3020 4974 3090 5031 ad
3127 4974 3231 5029 hoc
3260 4969 3577 5029 venerabile
3608 4981 3730 5037 pra:-

506 5060 708 5116 torium
733 5059 941 5117 aditum
973 5060 1078 5116 sibi
1112 5060 1383 5118 fecerunt.

1715 5199 1899 5258 DION.
1948 5200 2224 5257 PETAVH

2287 5198 2515 5257 NOTAE.

571 5293 686 5363 (91»)
724 5295 786 5350 In
828 5294 1356 5368 pervigiliO‘Natalis
1386 5294 1628 5352 Domini.
1676 5295 1807 5355 Fed.
1845 5296 2069 5354 norello
2166 5298 2271 5354 bus
2301 5295 2631 5368 ostenditur,
2661 5301 2912 5368 recentes
2947 5293 3128 5368 illosna
3154 5292 3428 5368 baptismo
3450 5301 3723 5355 esse;tum

500 5365 821 5435 interprete.

570 5434 707 5507 (94‘)
741 5435 868 5501 Νὺξ
889 5438 1031 5505 ἱερά.
1060 5435 1221 5493 Falsa
1260 5445 1345 5493 est
1369 5436 1661 5507 inscriptio
1701 5436 1917 5507 Latina.
1954 5436 2074 5491 Non

499 5507 648 5590 enim
676 5506 747 5590 in.
759 5508 1045 5590 pervigilio
1062 5507 1271 5590 Natalis
1303 5506 1665 5590 D_omini,sed
1702 5506 2079 5590 Restirrectio-

503 5576 592 5661 nis
625 5575 808 5661 habita
838 5575 1064 5661 'videtur
1095 5578 1160 5661 ad
1189 5579 1516 5661 neophytps,
1548 5587 1684 5632 utea
1707 5578 1879 5661 verba
1908 5577 2080 5659 signi-

504 5645 693 5714 ficant,
725 5644 1165 5707 δυσέκνιπτοντδ
1185 5644 1325 5722 μετὰ
1353 5644 1623 5720 κάθαρσιν
1654 5646 1924 5719 μόλυσμα,
1955 5644 2080 5719 qui-

2168 5367 2346 5437 φωτός
2372 5374 2426 5422 et
2469 5364 2749 5437 φωτισμοῦ
2794 5365 3017 5437 mentio.
3045 5362 3320 5437 Quocirca
3362 5377 3463 5437 pro
3511 5379 3725 5437 κατηρα-

2173 5432 2354 5510 μένοις
2392 5432 2501 5510 nij
2562 5432 2750 5510 dubito
2777 5435 2913 5510 quin
2957 5434 3058 5510 legi
3088 5432 3721 5510 debeatuabqpapévotc.

2244 5508 2357 5577 (95)
2401 5506 2869 5577 Ἐϐουλεύσαντῤ
2887 5521 2956 5557 τι.
2988 5504 3264 5577 Hactenus
3285 5504 3408 5557 tunc
3433 5518 3561 5555 cum
3587 5508 3722 5577 apte-

2175 5570 2495 5633 ceden'tibus
2550 5582 2709 5631 crant
2741 5574 3058 5643 conjuncta,
3118 5574 3214 5632 sed
3258 5587 3568 5645 perperam.
3604 5570 3723 5625 Sunt

2177 5648 2330 5706 enim
2352 5646 2581 5704 alterius
2607 5645 2930 5718 argumenti.
