3906 6522
473 370 613 428 1567
1544 378 1815 435 SYNESII
1854 375 2313 435 PTOLEMAIDIS
2351 374 2659 435 EPISCOPI
3542 374 3701 432 ,επ

471 497 623 555 sunt,
645 488 779 543 citra
815 489 981 544 ullam
1005 491 1505 562 tergiversationem
1538 500 1705 565 parati
1745 498 1807 551 ad
1837 506 2035 552 nutum

2164 514 2294 567 [εται
2316 513 2331 527 ο
2379 496 2606 567 ἕϐδομον
2634 495 2733 566 μὲν
2764 492 2881 557 ἔτος
2906 492 3011 564 ήδη
3039 490 3407 564 πῳπράξασα
3450 490 3701 560 πονηρῶς

474 581 821 652 imperatoris
858 578 1143 637 fuerimus.
1176 584 1279 639 Sed
1312 585 1579 643 hactenus
1608 587 2033 659 Pentapolitauaa

2164 587 2250 640 μλλ’
2291 586 2479 658 ὥσπερ
2522 586 2658 651 ζῶον
2705 581 3105 643 δυσθανατοῦν.
3152 582 3383 651 ἀνέφερε
3436 580 3541 633 καὶ
3594 596 3703 630 συν-

474 689 565 729 res
598 673 712 727 heri
754 686 820 727 ac
844 672 1244 730 nudiustertius
1277 677 1331 731 in
1360 675 1730 735 Romanorum
1765 689 2035 751 potestate

2164 678 2352 752 »θροιζε
2404 676 2499 731 τοῦ
2566 676 2870 749 πνεύματος
2929 676 2994 729 τὸ
3060 674 3399 773 λειπόμενον.
3426 670 3705 773 -Εῦᾳημος

474 772 817 829 manserunt,
852 766 944 835 qui
988 766 1269 838 deinceps,
1300 771 1500 827 amissa
1533 788 1599 827 ea
1641 781 1823 844 gente,
1857 774 1912 828 in
1946 790 2036 829 re-

475 854 769 910 censendis
830 856 1169 926 praefecturis
1244 862 1360 916 suis
1417 861 1566 917 illam
1630 866 2032 934 przeterierunt.

474 947 711 1002 Prorsus
755 964 902 1003 nunc
935 949 1003 1004 de
1047 948 1327 1022 Pentapoli
1368 960 1550 1007 actum
1602 962 1721 1023 est;
1770 955 2036 1023 funditus,

476 1040 723 1111 inquam,
748 1040 839 1095 illa
862 1041 1103 1096 concidit
1136 1060 1149 1096 :
1180 1058 1301 1111 quae
1330 1044 1495 1098 variis
1527 1045 1748 1115 quidem
1779 1047 2041 1104 aerumnis

478 1148 681 1187 annum
722 1133 834 1203 jam
882 1142 1007 1189 ante
1055 1134 1350 1204 septimum
1407 1135 1710 1191 conﬂictari
1756 1149 2038 1208 casperat:

476 1222 574 1277 sed
601 1222 1055 1288 quemadmodum
1083 1224 1283 1277 animal
1306 1226 1574 1293 quoddam
1604 1242 1745 1297 aegre
1771 1228 2043 1295 moriens,

482 1315 563 1369 sic
597 1314 689 1367 illa
723 1315 952 1385 spiritus
1002 1316 1086 1370 sui
1126 1316 1387 1385 reliquias
1418 1319 1646 1388 cogebat
1694 1329 1859 1389 atque
1908 1336 2044 1375 con-

481 1404 754 1458 trahebat.
794 1403 943 1458 Felix
979 1405 1051 1459 sit
1082 1404 1273 1476 Anysii
1312 1408 1590 1460 memoria.
1616 1408 1855 1478 3001s
1897 1409 2047 1464 enim

483 1510 685 1549 annum
717 1495 783 1549 ad
830 1496 976 1551 illius
1017 1504 1230 1566 tempus
1272 1496 1492 1565 adjecit,
1525 1513 1648 1551 cum
1683 1500 1891 1569 clypeis
1921 1499 2048 1569 qui-

483 1590 603 1642 dem
662 1587 929 1650 omnium,
984 1586 1424 1659 Unnigardarum
1464 1605 1594 1644 vero
1638 1591 1894 1647 manibus
1949 1607 2050 1661 op-

484 1687 717 1748 portune
757 1687 1019 1733 uteretur.
1058 1679 1245 1747 Itaque
1273 1680 1524 1737 nonnihil
1549 1680 1719 1736 dilata
1760 1682 2051 1738 calamitas

484 1781 589 1827 est.
619 1770 809 1841 Neque
837 1772 983 1825 enim
1026 1772 1291 1827 confertis
1319 1774 1496 1843 c0piis
1537 1775 1819 1843 regionem
1858 1792 2053 1846 perva~

2148 772 2392 827 ’Δνυσίου
2427 772 2611 842 μνήμη
2665 767 2895 839 ἐνιαυτῴ
2937 768 3030 821 τὸν
3083 766 3270 837 χρόνον
3316 763 3498 833 αὐτῆς
3550 762 3707 814 tisi»

2136 862 2425 933 πεποίηκε,
2462 862 2583 925 ταῖς
2613 860 2710 930 μὲν
2738 860 2993 913 ἁπάντων
3038 856 3249 919 ἀσπίσι,
3288 856 3412 915 ταῖς
3453 852 3519 904 δὲ
3560 851 3710 903 013w-

2138 953 2355 1024 γαρδῶν
2403 955 2591 1023 χερσὶν
2649 952 2728 1014 είς
2775 950 2893 1003 δέον
2947 948 3307 1020 χρησάμενος.
3372 942 3713 1012 Τοιγαροῦν,

2138 1043 2373 1113 ἀναϐολή
2409 1059 2492 1105 τις
2534 1042 2748 1111 ἐγένετο
2777 1040 2871 1093 τοῦ
2913 1039 3106 1095 κακοῦ.
3134 1038 3205 1091 Ού
3238 1038 3347 1107 γὰρ
3376 1035 3717 1106 ἐξεχύθησαν

2139 1136 2247 1205 ὅλῳ
2280 1134 2475 1205 πλήθει
2506 1136 2649 1188 κατά
2674 1133 2772 1203 τῆς
2798 1131 2979 1203 χώρας
3002 1147 3016 1161 ·
3063 1133 3142 1193 είς
3184 1130 3453 1202 λῃστήρια
3489 1127 3720 1196 μετετά-

2145 1226 2303 1292 ξαντο
2325 1244 2339 1258 ’
2392 1224 2690 1295 ἀφήλλοντο
2728 1216 2821 1277 καὶ
2870 1220 3246 1292 προσήλλοντο.
3304 1219 3461 1271 Ἐπεὶ
3488 1218 3553 1269 δὲ
3601 1216 3719 1286 τρὶς

2144 1316 2617 1387 παραταξαμένοις
2658 1315 2839 1379 αὐτοῖς
2886 1313 3237 1384 μετεμέλησε,
3278 1310 3376 1362 νῦν
3414 1310 3517 1377 μὲν
3562 1309 3724 1359 ἱππο-

2145 1410 2428 1480 κρατείται
2461 1408 2528 1461 τὰ
2567 1407 2743 1471 πεδία,
2771 1405 2866 1459 νῦν
2902 1408 2951 1458 οἱ
2991 1404 3101 1477 [ῑσ.
3130 1403 3224 1457 νῦν
3255 1401 3335 1473 δὲ]
3386 1401 3723 1471 στρατιῶται

2145 1503 2460 1572 τειχήρεις,
2528 1500 2685 1563 ἀλλος
2750 1498 3013 1567 ἀλλαχόσε
3063 1495 3470 1567 διειλημμένοι,
3520 1493 3585 1544 τὸ
3632 1492 3726 1544 ἐπὶ

2149 1592 2448 1664 Κερεαλίου
2487 1590 2657 1643 κακὸν
2699 1589 2835 1660 (99),
2876 1588 3027 1641 οὐδὲν
3056 1586 3302 1656 ἀλλήλοις
3326 1585 3521 1652 δφελος
3548 1583 3722 1645 ὅντες,

2151 1684 2233 1736 ὅτι
2260 1682 2336 1755 μὴ
2368 1680 2787 1750 συνετάχθησαν.
2837 1676 3132 1749 Τοιγαροῦν
3168 1678 3237 1729 τὰ
3289 1676 3399 1727 τῶν
3445 1674 3725 1742 πολεμίων

2152 1775 2384 1845 λαμπρά
2404 1775 2451 1827 οἱ
2482 1774 2710 1845 πέρυσιν
2750 1771 2993 1837 εὔζωνοι,
3029 1770 3121 1823 καὶ
3148 1769 3283 1839 πρὸς
3314 1768 3378 1821 τὸ
3404 1770 3602 1836 φυγεῖν
3636 1768 3727 1818 εὖ·

488 1863 597 1933 gati
624 1872 772 1916 sunt.
800 1862 880 1916 Ad
918 1862 1203 1917 latrocinia
1236 1879 1361 1920 sese
1390 1876 1800 1931 converterunt,
1835 1867 2049 1939 fugien—

2164 1867 2394 1937 τρεπεῖς,
2440 1865 2535 1919 νῦν
2587 1864 2962 1935 πολιορκηταὶ,
3000 1862 3094 1915 νῦν
3137 1863 3206 1913 τά
3249 1858 3549 1931 κωμητικά
3598 1857 3721 1927 [πφ.

487 1962 570 2007 tes
625 1951 959 2016 identidem,
1014 1962 1179 2024 atque
1236 1954 1618 2024 irrumpentes.
1690 1956 2049 2029 Posteaquam

485 2059 618 2097 vero
666 2052 750 2097 ter
785 2042 1052 2097 instructa
1094 2044 1213 2097 acie
1261 2045 1494 2114 prmliati
1541 2047 1834 2102 consilium
1875 2057 2054 2101 muta-

487 2143 638 2196 runt.
693 2149 839 2188 nunc
894 2149 1119 2205 campos
1169 2134 1328 2207 longe
1385 2137 1601 2207 lateque
1643 2152 1836 2195 omnes
1883 2154 2052 2210 eques

487 2225 722 2288 obtinet,
757 2240 903 2279 nunc
934 2225 1077 2279 intra
1110 2227 1311 2282 mmnia
1339 2230 1585 2283 conclusi
1630 2231 1828 2287 milites
1862 2231 2055 2287 tenen-

488 2324 602 2377 tur,
632 2316 723 2368 alii
757 2316 865 2368 alio
893 2316 1167 2385 dissipati.
1205 2317 1351 2385 quod
1394 2319 1638 2375 Cerealis
1665 2328 1908 2390 tempore
1940 2339 2054 2377 ma-

492 2406 602 2461 lum
635 2408 867 2473 accidit;
899 2423 1000 2461 nec
1040 2408 1200 2463 utiles
1244 2410 1346 2463 sibi
1378 2426 1501 2466 esse
1534 2412 1768 2467 invicem
1801 2424 2051 2484 possunt,

490 2500 637 2568 quod
669 2516 779 2553 non
823 2500 1038 2554 collecti
1086 2500 1138 2553 in
1175 2516 1340 2554 unum
1370 2518 1434 2557 ac
1477 2505 1653 2559 coacti
1692 2506 1821 2561 sint.
1855 2496 2057 2573 Quam-

491 2594 680 2647 obrem
728 2593 970 2648 hostium
1019 2608 1106 2647 res
1148 2594 1439 2649 luculenta.-
1477 2610 1540 2648 ac
1584 2611 1875 2666 prospera:
1903 2605 2052 2653 sunt.

492 2684 597 2749 Qui
646 2686 793 2739 enim
842 2688 1128 2757 superiore
1177 2704 1321 2742 anno
1374 2688 1567 2743 velites
1619 2697 1819 2752 erant,
1873 2696 1928 2744 et
1987 2689 2057 2745 ad

493 2775 676 2846 fugam
706 2778 969 2849 expediti,
1016 2796 1164 2836 nunc
1207 2790 1611 2851 Oppugnatores
1638 2780 1855 2834 urbium
1904 2791 2054 2837 sunt.

492 2865 651 2921 Nunc
680 2878 1037 2941 posteaquam
1072 2887 1336 2942 pagorum
1370 2887 1556 2924 muros
1586 2879 1925 2935 everterunt,
1962 2887 2060 2943 op.

493 2959 621 3027 pida
668 2960 787 3029 ipsa
823 2961 975 3031 justo
1013 2966 1259 3019 exercitu
1309 2964 1675 3020 circumdant.
1724 2964 1864 3029 Quid
1911 2964 2059 3019 enim

494 3062 603 3102 non
643 3050 751 3106 illis
795 3053 1100 3110 successit?
1144 3055 1438 3110 Ausuriani
1487 3054 1764 3109 Thracum
1813 3056 2057 3125 equitum

2153 1954 2399 2027 κωμικὰ]
2425 1956 2581 2030 τείχη
2616 1954 2954 2016 καθελόντες,
2988 1952 3182 2005 πλατεί
3213 1948 3591 2019 στρατεύματι
3630 1947 3727 2007 τὰς

2151 2051 2335 2113 πόλεις
2385 2048 2897 2121 περιστοιχίζονται.
2955 2047 3018 2098 Τί
3064 2046 3171 2115 γὰρ
3217 2046 3278 2097 ού
3328 2041 3725 2114 προύχώρησεν

2155 2144 2377 2209 αὐτοῖς;
2424 2140 2782 2212 Αὐσουριανοὶ
2821 2140 2946 2202 τοὺς
2982 2138 3090 2191 τῶν
3120 2136 3355 2208 Θρακῶν
3379 2137 3485 2188 τῶν
3513 2134 3727 2185 ἱππέων

2155 2236 2469 2291 ὲνεδύσαντο
2499 2235 2773 2308 θώρακας,
2813 2236 2873 2288 ού
2906 2234 3049 2287 κατά
3089 2236 3296 2305 χρείαν,
3490 2234 3729 2297 ἐπεγγε-

2152 2328 2351 2391 λῶντες
2375 2326 2452 2398 τῷ
2486 2328 2727 2397 σχήματι
2746 2343 2759 2357 ·
2796 2329 2914 2388 ταῖς
2942 2324 3325 2395 Μαρκομανῶν
3348 2324 3604 2385 ἀσπίσιν,
3639 2322 3727 2373 ἐπὶ

2154 2421 2365 2485 τούτοις
2397 2421 2697 2489 ἐχρήσαντο
2722 2433 2735 2447 ⁸
2777 2418 2856 2478 είς
2887 2415 3216 2486 γυμνητικὸν
3249 2414 3467 2467 ἐτέλεσε
3490 2412 3556 2465 τὸ
3597 2413 3729 2463 Ῥω-

2158 2512 2332 2584 μαίων
2362 2506 2660 2571 ὁπλιτικὸν,
2697 2506 2907 2578 ἐχθρῶν
2939 2506 3071 2577 ἐλέῳ
3104 2507 3202 2577 τὴν
3249 2505 3528 2576 σωτηρίαν
3574 2505 3730 2572 εὑρα-

2160 2620 2333 2675 μενοι.
2368 2599 2600 2672 Δακρύω
2641 2600 2769 2662 τοὺς
2815 2598 3033 2669 ἄνδρας,
3061 2598 3159 2651 οὐκ
3193 2597 3438 2661 ὀνειδίζω
3466 2599 3570 2666 τὴν
3602 2613 3733 2664 ευμε-

2156 2696 2346 2767 φοράν.
2377 2694 2441 2747 Τί
2470 2693 2578 2765 γὰρ
2613 2693 2677 2747 ἂν
2705 2693 2963 2763 ἐποίησαν
2994 2692 3071 2755 είς
3103 2690 3475 2743 πολυπλασιον
3505 2690 3732 2759 πλῆθος,

2156 2787 2361 2841 οἱκατὰ
2382 2785 2544 2856 μέρος
2564 2783 2865 2855 [πφμένος]
2886 2784 3067 2845 αὐτοῖς
3083 2781 3294 2853 ἀθρόοις
3311 2783 3735 2850 ἐντυγχάνοντες

2158 2877 2479 2949 Ούνιγάρδαι
2500 2894 2514 2942 ;
2538 2877 2611 2929 Τὸ
2636 2876 2733 2947 μὲν
2761 2876 2851 2928 ἐπὶ
2870 2876 2946 2946 τῷ
2966 2874 3105 2944 Θεῷ,
3136 2875 3228 2927 καὶ
3255 2877 3322 2943 τῇ
3348 2873 3535 2944 ῥώμῃ,
3556 2876 3732 2945 καὶ-τῇ

2158 2969 2265 3022 τῶν
2296 2969 2475 3023 ὃπλων
2504 2966 2774 3039 ἐμπειρία
2809 2966 3085 3030 σώζονται.
3112 2965 3183 3017 Τὸ
3205 2964 3261 3017 δὲ
3286 2964 3379 3016 ἐπὶ
3403 2968 3473 3033 τῇ
3504 2982 3737 3034 στρατηο

2158 3061 2273 3131 γίᾳ,
2306 3060 2358 3113 τί
2402 3058 2467 3113 ἂν
2514 3058 2607 3112 καὶ
2640 3059 2781 3130 μέγα
2836 3057 3003 3110 κακὸν
3050 3056 3177 3119 τοὺς
3217 3054 3512 3124 πολεμξοκ
3549 3054 3737 3124 εἰργά-

494 3139 697 3196 loricas
732 3142 1047 3208 induerunt,
1072 3161 1179 3201 non
1210 3147 1353 3216 quod
1386 3148 1453 3202 iis
1481 3162 1621 3218 opus
1651 3148 1934 3213 haberent,
1963 3147 2057 3202 sed

2164 3167 2341 3215 σαντο,
2363 3150 2485 3204 καθ’
2512 3144 2586 3204 ὧν
2614 3151 2673 3203 οὺ
2700 3149 2827 3220 παρ’
2850 3148 3080 3201 ἑκόντων
3099 3146 3343 3217 ἀφίενται
3367 3147 3479 3200 τῶν

495 3240 557 3286 ut
608 3243 860 3289 ornatum
917 3246 1079 3307 atque
1138 3239 1381 3293 habitum
1439 3240 1757 3295 irriderent.
1818 3238 2061 3297 Posthac

2169 3242 2364 3307 αὐτούς
2389 3260 2401 3273 ·
2454 3242 2568 3296 ἀλλ’
2607 3242 2787 3293 εἴποτε
2827 3240 3112 3294 σκυλάκιον
3140 3240 3297 3309 δίκην
3323 3239 3737 3300 ἀποῦιάααιντο,

498 3324 973 3401 Marcomanorum
1006 3330 1213 3401 clypeis
1264 3332 1350 3385 usi
1383 3340 1529 3388 sunt.
1560 3330 1641 3384 Ad
1670 3332 1862 3387 velites
1902 3339 2066 3401 atque

497 3399 782 3487 expeditos
816 3399 1188 3476 Romanorum
1226 3423 1366 3494 legio
1397 3424 1619 3479 redacta
1650 3432 1757 3486 est,
1801 3423 1894 3493 qui
1939 3399 2066 3492 qui-

500 3507 623 3562 dem
654 3508 1007 3566 miseratione
1049 3512 1287 3567 hostium
1323 3514 1555 3568 salutem
1586 3515 1866 3568 consecuti
1914 3522 2062 3571 sunt.

500 3598 787 3668 Eiusmodi
839 3602 1089 3659 homines
1116 3604 1364 3675 deploro,
1414 3606 1782 3661 calamitatem
1824 3623 1933 3661 non
1971 3622 2069 3661 ex-

502 3689 729 3761 probro.
763 3692 905 3757 Quid
938 3694 1080 3747 enim
1113 3695 1585 3774 adversus.mnlto
1616 3698 1850 3765 maiores
1883 3699 2072 3768 copias

504 3786 750 3843 facerent
778 3787 1129 3859 Unnigardae,
1154 3792 1281 3845 dum
1320 3792 1587 3849 confertis
1623 3795 1728 3866 ipsi
1756 3795 1807 3848 in
1841 3794 2072 3850 lacinias

505 3881 740 3950 dispersi
789 3884 1178 3938 occurrerent?
1218 3884 1405 3954 Itaque
1454 3895 1719 3956 quantum
1763 3887 1815 3940 iu
1858 3888 1971 3941 Deo
2018 3895 2073 3943 et

504 3972 706 4027 virtute
763 3983 925 4043 atque
982 3989 1257 4029 armorum
1298 3978 1491 4046 peritia
1523 3978 1669 4040 fuit.
1718 3978 1855 4033 salvi
1910 3987 2074 4049 atque

508 4061 811 4119 incolumes
864 4074 1009 4119 sunt.
1043 4065 1318 4132 Quantum
1356 4085 1486 4125 vero
1532 4070 1598 4123 ad
1641 4070 1808 4125 duces
1856 4070 2071 4135 attinet,

508 4170 618 4224 quo
665 4156 884 4211 tandem
932 4157 1138 4228 ingenti
1163 4161 1306 4215 malo
1347 4160 1558 4216 allicere
1593 4163 1780 4218 hostes
1826 4171 2071 4232 possent,

511 4246 566 4299 in
604 4262 742 4315 quos
768 4248 861 4317 qui
890 4249 1039 4318 ipsos
1082 4249 1310 4314 ducunt,
1342 4266 1449 4305 non
1475 4252 1708 4307 libenter
1735 4268 1830 4307 eos
1876 4253 2076 4305 immit-

514 4345 655 4400 tunt,
697 4339 791 4393 sed
840 4338 885 4394 si
936 4346 1157 4409 quando
1200 4342 1507 4396 catulorum
1553 4344 1725 4397 instar
1769 4342 2073 4412 eruperint,

512 4429 591 4482 illi
640 4444 859 4484 rursum
912 4432 1062 4502 ipsos
1113 4441 1238 4487 ante
1296 4433 1599 4502 reducunt;
1661 4451 1725 4490 ac
1777 4443 2071 4499 revocant,

512 4535 676 4586 quam
709 4538 830 4577 sese
858 4537 1022 4577 cursu
1049 4538 1113 4575 ac
1142 4521 1314 4577 ferina
1340 4525 1486 4580 cazde
1513 4524 1717 4579 satiare
1754 4522 2075 4594 potuerunt.

515 4608 839 4679 Quanquam
870 4623 1105 4667 extremo
1136 4614 1297 4667 etiam
1324 4615 1537 4684 agmine
1570 4623 1717 4670 esset
1739 4630 1878 4685 Opus
1907 4615 2081 4671 Unni-

512 4701 724 4771 gardis,
775 4703 1140 4776 ordinataque
1189 4708 1459 4763 exercitu.
1510 4706 1741 4776 Oportet
1781 4708 1951 4774 enim,
1999 4709 2081 4764 uti

515 4792 749 4862 opinor,
800 4795 1120 4865 phalangis,
1156 4800 1305 4853 velut
1350 4799 1513 4853 validi
1555 4800 1839 4870 cujusdam
1893 4800 2079 4866 ensis,

519 4884 844 4953 vegetiorem
878 4884 1097 4953 quidem
1132 4896 1341 4956 partem
1374 4889 1429 4943 in
1459 4889 1660 4954 fronte,
1684 4890 1991 4960 graviorem
2025 4892 2081 4946 in

519 4974 782 5031 subsidiis
821 4976 1015 5030 locari.
1080 4976 1156 5031 Ita
1199 4980 1345 5034 enim
1403 4980 1570 5037 altius
1603 4983 1760 5053 plaga
1810 4990 2079 5053 penetrat.

518 5067 718 5134 Atque,
760 5073 819 5120 ut
860 5081 970 5120 uno
995 5066 1161 5121 verbo
1191 5066 1392 5127 dicam.
1424 5071 1717 5125 multitudo
1756 5074 1937 5129 omnis
1962 5074 2084 5127 illo-

520 5171 642 5210 rum
688 5158 913 5227 paucior
955 5167 1039 5215 est
1078 5174 1241 5230 quam
1291 5170 1348 5215 ut
1394 5162 1589 5217 bellum
1632 5164 1776 5220 istud
1810 5170 2085 5221 sustinere

522 5248 719 5317 possit.
750 5249 903 5315 Quod
926 5267 995 5307 ne
1019 5252 1074 5307 in
1094 5262 1282 5309 nostra
1306 5252 1526 5324 quidem
1553 5255 1774 5326 regione
1798 5256 2086 5313 commode

2170 3337 2220 3389 oi
2262 3334 2320 3387 δὲ
2370 3332 2531 3387 πάλιν
2580 3328 2753 3403 ἦγξαν
2805 3330 3001 3395 αὐτούς
3031 3331 3146 3399 (ί)ο
3194 3331 3286 3383 καὶ
3318 3329 3739 3390 ἀνεκαλέσαντο,

2172 3428 2302 3498 πρὶν
2332 3425 2659 3495 κορεσθῆναι
2698 3423 2920 3494 δρόμου,
2959 3424 3055 3474 καὶ
3084 3422 3245 3490 φόνου
3270 3420 3514 3491 θηρείου.
3549 3420 3745 3473 Καίτοι

2173 3521 2267 3575 καὶ
2293 3516 2648 3589 Ούνιγάρδαις
2691 3516 2952 3586 οὐραγίας
2999 3515 3130 3580 ἔδει,
3178 3514 3273 3567 καὶ
3313 3514 3746 3582 συντεταγμένου

2170 3610 2596 3683 στρατεύματος.
2648 3609 2793 3661 Ἔδει
2836 3608 2965 3677 γὰρ,
3008 3602 3182 3676 οἶμαι,
3212 3606 3515 3676 φάλαγγος,
3559 3605 3749 3673 ὧσπρ

2168 3702 2394 3774 ἐνεργοῦ
2419 3700 2710 3773 μαχαίρας,
2733 3700 2790 3752 τὸ
2816 3699 2912 3770 μὲν
2932 3698 3293 3769 ἀκμαιότερον
3315 3696 3746 3768 προϐεϐλῆσθαι,

2170 3794 2228 3849 τὸ
2265 3795 2321 3847 δὲ
2362 3792 2758 3865 στιϐαρώτερον
2806 3791 3221 3845 ἐπελαύνεσθαι.
3262 3791 3454 3853 Οῦτως
3494 3791 3530 3861 ἡ
3566 3788 3750 3859 πληγὴ

2170 3882 2454 3955 τομωτέρα
2482 3884 2709 3952 γίνεται.
2736 3882 2913 3945 Ὅλως
2943 3882 3000 3934 δὲ
3029 3882 3089 3935 τὺ
3127 3880 3331 3950 πλῆθος
3357 3880 3539 3934 αὐτῶν
3571 3880 3751 3946 ὀλίγον

2180 3977 2298 4030 ἐστὶ
2333 3975 2470 4047 πρὸς
2509 3975 2569 4028 τὸ
2614 3974 3007 4047 διαπολεμῆσαι
3052 3973 3143 4026 τὸν
3192 3973 3451 4041 πόλεμον.
3507 3974 3606 4033 ’ος
3646 3968 3752 4021 οὐδ’

2180 4067 2247 4122 ἂν
2286 4066 2343 4120 ὲν
2382 4069 2495 4129 τοῖς
2528 4064 2649 4119 καθ’
2678 4067 2825 4135 ἡμᾶς
2868 4065 3052 4127 τόποις
3092 4062 3518 4132 διαπολεμηθείη
3549 4061 3748 4122 καλῶς.

2191 4156 2330 4212 Ἀλλ’
2358 4158 2405 4210 εἰ
2444 4157 2520 4227 μή
2542 4174 2623 4219 τις
2657 4158 2735 4219 εἰς
2755 4157 2853 4225 τὴν
2879 4156 3101 4210 ἐκείνων
3135 4154 3475 4224 Οὐνιγάρδας
3506 4152 3750 4205 διαδιεά-

2184 4266 2364 4315 σειεν,
2393 4250 2485 4302 ἐπὶ
2516 4248 2731 4311 τούτους
2774 4249 2854 4302 δεῖ
2898 4248 3133 4317 πλήθους
3178 4246 3527 4301 ἑκατοστύων
3577 4245 3752 4298 τεττάρ-

2185 4359 2292 4413 ρων
2318 4358 2332 4373 ⁸
2389 4341 2587 4411 μᾶλλον
2638 4342 2694 4395 δὲ
2754 4342 3016 4412 πρότερον
3064 4340 3169 4392 ἔδει
3215 4338 3470 4392 τοσούτου
3522 4338 3751 4407 πλήθως

2181 4435 2279 4487 καὶ
2312 4434 2637 4506 στρατηγοῦ,
2663 4433 2790 4505 πρὶν
2821 4435 2966 4503 ἡμᾶς
2994 4431 3234 4502 οἴχεσθαι
3267 4432 3491 4502 κομιδῇ,
3525 4432 3652 4500 πρὶν
3677 4432 3752 4493 εἰς

2180 4522 2432 4576 τοσοῦτον
2453 4522 2748 4593 αὐξηθῆναι
2776 4525 2886 4585 τοῖς
2910 4522 3184 4592 πολεμίοις
3214 4520 3281 4574 τὰ
3305 4522 3631 4591 πράγματα.
3664 4521 3753 4582 Εἰς

2178 4613 2249 4667 τὰ
2276 4615 2559 4667 τελευταῖα
2584 4614 2775 4677 ταῦτα,
2809 4613 2904 4666 καὶ
2927 4615 3175 4680 γυναῖκες
3199 4613 3748 4683 συνεστρατεύσαντο.

2181 4702 2355 4769 Εἶδον,
2384 4700 2524 4759 εἶδον
2552 4706 2718 4775 συχνά
2747 4704 2861 4775 [γρ.
2892 4703 3102 4774 συχνοὶ]
3134 4706 3368 4772 γυναῖκα
3413 4703 3752 4773 μαχαιροφό-

2185 4815 2278 4870 ρον
2304 4797 2462 4869 ὁμοῦ,
2500 4798 2593 4851 καὶ
2630 4797 2804 4867 βρέφη
2836 4796 3244 4868 τιθηνουμένην.
3276 4796 3373 4859 Τίς
3396 4796 3459 4848 οὐ
3496 4795 3649 4864 ζηλοῖ
3672 4794 3752 4846 ah

2187 4890 2466 4944 ἀκίνδυνον
2478 4890 2553 4959 (2)
2585 4889 2819 4959 πόλεμον
2845 4906 2859 4953 ;
2895 4890 3065 4962 Ὑπὲρ
3092 4887 3326 4959 ἐμαυτοῦ
3354 4887 3750 4956 πεφοϐημένος,

2188 4982 2327 5053 ὑπὲρ
2346 4982 2454 5037 τῶν
2480 4981 2683 5053 καιρῶν
2706 4979 3172 5053 [τρ.Καισάρων],
3195 4980 3336 5051 ὑπὲρ
3360 4980 3462 5049 τῆς
3486 4979 3753 5038 πολιτείας

2188 5072 2533 5145 αἰσχύνομαι.
2586 5074 2650 5126 Ὢ
2679 5073 2776 5127 τοῦ
2832 5073 2999 5127 πάλαι
3038 5072 3323 5144 Ῥωμαίων
3371 5073 3749 5143 φρονήματοςι

2189 5168 2237 5222 οἱ
2275 5167 2450 5222 πάντα
2501 5165 2774 5237 πανταχοῦ
2814 5166 3098 5230 νικῶντες,
3128 5164 3177 5217 οἱ
3216 5164 3315 5227 τὰς
3340 5164 3606 5235 ἠπείρους
3641 5182 3754 5233 τρο·-

2191 5260 2372 5324 παίοις
2402 5258 2514 5333 [γρ.
2537 5256 2825 5331 τροπαίας]
2856 5257 3205 5328 συνάψαντες,
3223 5256 3317 5310 νῦν
3358 5256 3471 5327 [Ion
3508 5256 3581 5309 τὰ
3607 5258 3753 5325 +313:-

1717 5389 1907 5452 DLDN.
1988 5392 2266 5450 PETAVII
2327 5392 2563 5451 NOTAE.

598 5504 709 5585 (99)
730 5505 821 5585 Id
840 5507 935 5561 ἐπὶ
962 5510 1281 5576 Κερεαλίου
1310 5513 1521 5565 κακόν.
1556 5510 1632 5567 De
1652 5510 1862 5567 Cereali
1887 5513 2011 5570 vide
2039 5513 2056 5567 i

2199 5515 2552 5585 interpretor,
2583 5498 2643 5569 ut
2683 5521 2889 5568 tantam
2918 5514 2974 5569 in
3015 5512 3268 5570 hostibus
3299 5512 3473 5585 fuisse.
3512 5510 3751 5585 fiduciam
3800 5492 3819 5515 ⁰

526 5576 691 5644 epist.
723 5576 845 5630 150.

2198 5582 2369 5650 ὧροι]
2400 5596 2461 5640 ut
2490 5588 2609 5655 ipse
2630 5585 2794 5640 etiam
2820 5585 3270 5653 mulieres,quasi
3300 5583 3368 5637 ad
3394 5582 3748 5655 certissimam

599 5646 677 5738 (ρὶ)
710 5645 899 5699 Πάλιν·
949 5644 1142 5738 ἧγξιέν
1180 5651 1418 5738 αὺξρύς.
1448 5651 1589 5717 Quid
1636 5652 1682 5707 si
1723 5651 1893 5717 ῐῦξαν,
1926 5652 1980 5707 id
2014 5669 2061 5709 es

2199 5644 2435 5738 praedam
2464 5644 2775 5738 hellumqne
2808 5655 3029 5724 periculi
3064 5644 3242 5709 multis
3276 5668 3493 5721 expers,
3528 5667 3647 5704 cum
3681 5651 3748 5702 in-

533 5714 695 5787 sibilo
727 5714 1099 5787 revocarunt?
1134 5730 1227 5773 aut
1255 5714 1429 5787 ἦξανς

606 5781 683 5855 (2)
712 5786 807 5851 Τίς
838 5790 910 5841 οὺ
936 5787 1103 5855 ζηλοῖ
1130 5788 1233 5842 τὸν
1260 5781 1604 5849 ἀκίνδυνον.
1639 5792 1730 5848 Sic
1760 5808 1881 5850 cum
1912 5793 2095 5849 locum

2198 5725 2441 5782 fantibus
2468 5725 2825 5797 perrexcrint.
