3880 6520
138 372 279 431 1569

1531 378 1982 437 CATASTASIS.

3242 390 3380 446 1570

138 492 347 567 ρωτικά
380 483 634 565 τρόπαια,
674 494 748 558 ὼς
801 510 952 567 παρα
993 496 1068 551 Μ.
1101 496 1303 567 Τυρίῳ.
1350 498 1409 552 Δ.
1455 495 1585 571 κα.]
1615 498 1715 553 ὑπὸ

1820 499 2193 556 administrari
2238 512 2435 574 potest.
2474 505 2633 579 381
2667 505 2773 563 Sed
2793 507 2896 564 nisi
2934 506 3075 563 forte
3106 508 3379 577 quispiam

136 586 421 657 δυστήνου,
470 585 564 639 καὶ
606 586 892 658 νομαδίτου
939 586 1126 655 γένους
1177 588 1542 643 κινδυνεύουσι
1596 594 1715 655 ταῖς

148 677 417 749 Ἑλληνίσι
454 678 658 742 Λιϐύας
691 678 1158 750 προσαποϐαλεῖν,
1186 682 1281 734 καὶ
1328 681 1425 753 τὴν
1460 684 1589 753 παρ’
1618 683 1714 736 Δῖ-

139 787 347 839 γυπτον
383 769 808 839 Ἀλεξάνδρειαν.
848 771 1054 823 Ἐκεῖνο
1084 769 1264 842 μεῖζον
1297 774 1375 837 εἰς
1404 772 1562 841 λόγον
1582 792 1717 845 χρη-

142 860 351 932 μάτων,
381 859 536 914 τοῧτο
570 859 625 912 δὲ
648 862 728 923 είς
752 859 994 925 εὐδοξίαν
1022 859 1121 912 οὐκ
1141 859 1376 923 ἔλαττον,
1395 861 1448 914 εῐ
1476 881 1557 926 τις
1576 859 1717 915 οἶδεν

140 953 510 1025 αἰσχύνεσθαι,
547 952 641 1007 καὶ
667 952 900 1005 ποιεῖταί
928 971 1046 1006 τινα
1084 942 1238 1021 λ’ὁγον
1270 953 1363 1006 τοῦ
1394 956 1712 1025 πρέποντος.

143 1048 210 1100 Ὢ
246 1046 339 1100 τοῦ
375 1048 737 1117 φρονήματος,
776 1046 896 1116 μεθ’
920 1046 1045 1099 ὅσου
1070 1044 1170 1117 τὴν
1191 1045 1372 1117 χώραν
1396 1045 1718 1117 σεσαγηνεύ·

139 1162 269 1198 κασι
300 1144 312 1196 l
346 1143 568 1208 Τούτοις
603 1142 754 1197 οὐδὲν
786 1143 908 1196 οὔτε
942 1144 1065 1215 ὅρος
1100 1145 1298 1198 ἄϐατον
1324 1146 1565 1215 γέγονεν,
1594 1146 1716 1200 οὐτε

139 1235 396 1307 φρούριον
420 1233 672 1306 ἐρυμνόν·
697 1236 873 1287 πᾶσαν
900 1235 1197 1305 ὑπεξῆλθον
1228 1236 1335 1308 [ἶσ.
1357 1237 1573 1310 κώμην]
1610 1240 1714 1292 πᾶ-

141 1346 240 1381 σαν
270 1328 692 1399 διηρευνήσαντο
717 1342 733 1358 ·
776 1329 956 1381 πᾶσαν
1004 1327 1219 1400 ἠλικίαν
1249 1328 1360 1400 [ἷσ.
1396 1328 1592 1402 οίκίαν]
1623 1333 1716 1400 ὴν-

138 1420 543 1493 δραποδίσαντο.
596 1419 769 1473 Πάλαι
803 1421 932 1474 ποτὲ
976 1420 1084 1473 τῶν
1121 1422 1250 1491 παρ’
1283 1418 1508 1492 Ἕλλησι
1560 1424 1716 1491 λογο-

138 1514 365 1585 γράφων
419 1512 601 1566 ἀκούω
627 1554 639 1575 ,
675 1512 1027 1567 ΓΥΝΑΙΚᾹΣ
1087 1514 1208 1567 ΚΑΙ
1262 1514 1581 1568 ΠΑΙΔΑΡΙΑ
1616 1516 1717 1585 (3),

137 1606 575 1658 ΓΝΩΡΙΣΜΑΤΑ
615 1605 752 1657 ΤΩΝ
795 1605 1202 1658 ΠΟΡΘΗΣΕΩΝ
1253 1605 1713 1663 ΥΠΕΛΕΙΠΕΤΟ.

151 1696 310 1749 Ἀ).λά
342 1696 493 1767 παρά
540 1696 712 1749 ταῦτα
773 1696 1006 1767 μάλιστα
1042 1697 1231 1765 γέγονε
1266 1697 1618 1754 Πενταπόλει.
1653 1701 1717 1754 Τί

136 1788 247 1858 γὰρ
270 1788 619 1858 Αὐσουριανῷ
638 1786 855 1840 κάλλιον
882 1788 1068 1859 κτῆμα
1092 1787 1313 1856 γυναίου
1337 1790 1430 1843 καὶ
1460 1789 1711 1863 βρέφους

139 1878 238 1933 "Iv"
271 1880 326 1931 αἱ
357 1879 456 1948 μὲν
491 1879 673 1942 αὐτοῖς
722 1879 977 1943 τίκτοιεν,
1028 1881 1075 1932 οἱ
1126 1879 1216 1945 δὲ,
1256 1880 1342 1935 ἵνα
1392 1882 1715 1952 αὐξηθέντες

138 1968 534 2042 στρατεύοιντο.
566 1967 722 2025 Εὖνοι
757 1971 865 2042 γὰρ
884 1971 1002 2025 ἀντὶ
1023 1972 1131 2025 τῶν
1146 1970 1411 2027 τεκόντων
1447 1976 1559 2037 τοῖς
1590 1972 1715 2045 θρέη

133 2062 270 2133 ψασι
303 2063 560 2132 γίνονται.
588 2064 652 2115 Ὢ
680 2065 921 2135 πονηρᾶς
946 2063 1201 2127 ἀποικίας
1229 2064 1297 2135 ἣν
1322 2064 1710 2136 ἀποικίζομενί

138 2156 366 2221 Ἀγεται
401 2156 589 2224 νεότης
627 2155 989 2225 αἰχμάλωτος.
1021 2156 1089 2209 τὰ
1132 2155 1389 2227 τάγματα
1418 2156 1527 2209 τῶν
1558 2158 1717 2209 πολε-

136 2247 277 2317 μίων
305 2247 630 2317 αὐξήσουσα.
658 2249 811 2312 Ἥξει
840 2248 1009 2317 δῆμος
1034 2248 1125 2301 ἐπὶ
1144 2247 1240 2319 τὴν
1268 2247 1592 2316 ὲνεγκοῦσαν
1618 2265 1715 2301 που

130 2339 341 2410 λέμιος.
400 2342 569 2411 Κερεῖ
615 2340 831 2403 νεανίας
887 2340 983 2411 τὴν
1037 2341 1161 2411 γῆν,
1199 2342 1265 2413 ἣν
1316 2341 1598 2412 μειράκιον
1636 2340 1715 2394 ἔτι

56 2471 62 2483 .
130 2433 279 2503 μετά
310 2432 403 2486 τοῦ
439 2432 646 2504 πατρὸς
684 2432 1056 2503 ἐξειργάσατο.
1094 2431 1208 2486 Νῦν
1238 2436 1295 2487 ὲν
1321 2434 1458 2505 ὁδῷο
1489 2433 1584 2486 νῦν
1610 2434 1715 2487 ἀπ-

132 2527 358 2594 άγεται·
396 2525 490 2579 νῦν
540 2526 619 2579 ἔτι
657 2525 922 2596 δεσμῶτις
953 2527 986 2594 ἡ
1035 2526 1421 2590 Πενταπόλεως
1464 2526 1711 2597 ὲςρήϐεια.

147 2621 371 2693 ’Δμύνει
414 2621 471 2674 δὲ
500 2621 694 2684 οὐδεὶς,
742 2620 861 2673 οὐδὲ
909 2620 1150 2673 δύναται.
1194 2621 1382 2674 Καίτοι
1410 2620 1541 2688 φασὶ
1582 2637 1715 2689 προ-

133 2711 421 2782 θυμεῖσθαι
448 2712 539 2765 τὸν
586 2712 908 2783 στρατηγόν·
947 2710 1083 2765 ἀλλά
1112 2711 1173 2763 οὐ
1209 2710 1316 2782 γὰρ
1364 2711 1524 2764 ἐῶσιν
1566 2711 1715 2764 Ἀλε-

131 2803 402 2874 ξανδρέων
434 2806 482 2857 οἱ
514 2805 660 2875 κακῇ
695 2804 859 2876 μοίρᾳ
893 2804 1277 2867 Πενταπέλεως
1307 2804 1367 2857 ὲν
1394 2804 1531 2874 αὐτῇ
1554 2819 1716 2874 στρα-

129 2896 475 2965 τευσάμενοι.
508 2892 711 2966 Τι’γάρ
743 2895 808 2949 ἄν
839 2912 924 2958 τις
959 2896 1262 2948 αἰτιάσαιτο
1297 2894 1386 2947 τὸν
1425 2896 1664 2948 ἀναίτιον
1696 2912 1710 2963 ;

129 2981 182 3055 ᾧ
210 2988 303 3041 καὶ
332 2987 505 3058 γῆρας
536 2986 694 3057 βαθὺ,
731 2989 824 3041 καὶ
867 2988 1022 3040 νόσου
1064 2986 1336 3059 καταϐολὴ
1363 2985 1715 3059 πολυχρόνιος

129 3076 237 3145 τὴν
273 3075 599 3146 συγγνώμην
650 3076 1089 3147 ἐμνηστεύσατο;
1135 3077 1324 3130 Καίτοι
1369 3079 1564 3149 ῥᾷστον
1620 3074 1709 3149 ἦν,

130 3166 187 3218 εί
215 3165 530 3236 στρατηγῶν
556 3166 960 3237 ηὐτυχήσαμεν,
992 3165 1338 3236 ὑπερήφανον
1378 3166 1711 3237 στράτευμα,
1741 3190 1781 3247 C

128 3257 231 3309 καὶ
253 3255 622 3326 προσκεκοφδς
664 3254 742 3325 τῷ
780 3254 897 3325 Θεῴ
918 3294 931 3316 ,
960 3253 1115 3324 δίκην
1144 3255 1395 3318 ἀσεϐείας
1425 3254 1713 3326 εἰσπράξα-

132 3349 283 3403 σθαι.
308 3349 481 3401 Ποίων
512 3348 671 3420 ἱερῶν
700 3342 863 3410 οὗτοι,
894 3349 1062 3401 ποίων
1091 3348 1253 3407 ὁσίων
1278 3349 1595 3416 ὲφείσαντο;
1638 3348 1711 3402 Οὐ

129 3438 405 3508 πολλαχοῦ
444 3439 537 3492 τοῦ
562 3439 670 3491 τῶν
699 3438 983 3509 Βαρκαίων
1007 3438 1188 3491 πεδίου
1214 3438 1280 3491 τὰ
1308 3440 1581 3508 νεοσκαφῆ
1607 3439 1713 3491 τῶν

135 3532 439 3601 μνημάτων
478 3530 794 3600 ἀνέχωσαν;
831 3530 904 3583 Ού
944 3529 1093 3601 παρὰ
1124 3530 1327 3583 τούτων
1360 3531 1413 3583 αἱ
1437 3530 1712 3601 πανταχοῦ

126 3622 237 3692 τῆς
267 3623 355 3692 ὐφ’
392 3623 539 3691 ἡμᾶς
582 3622 956 3691 Ἀμπελίτιδος
999 3620 1285 3692 ἐκκλησίαι
1333 3621 1711 3692 πυρίκαυστοι,

128 3715 235 3769 καὶ
280 3713 530 3784 ὲρείπια;
564 3714 638 3765 Οὐ
685 3713 784 3775 τὰς
830 3713 927 3782 μὲν
954 3712 1233 3782 τραπέζας
1284 3712 1383 3775 τὰς
1425 3712 1595 3780 ἱερὰς,
1639 3713 1715 3774 Lb;

134 3806 424 3877 βεϐήλους,
454 3805 547 3857 ἐπὶ
582 3804 883 3876 κρεανομίᾳ
916 3803 1242 3877 παρέθεντο·
1272 3802 1341 3855 τὰ
1387 3803 1444 3854 δὲ
1481 3803 1715 3872 μυστικά

134 3900 343 3969 σκεύη,
383 3897 452 3950 τά
504 3896 986 3966 λελειτουργηκότα
1039 3897 1104 3965 τῇ
1153 3894 1515 3965 δημιουργικῇ
1561 3910 1716 3945 σπον-

130 3992 257 4061 δεία
289 3990 364 4059 (4)
416 3988 627 4058 τελετῇ,
661 3987 905 4058 δαίμοσιν
935 3988 1015 4049 είς
1060 3986 1161 4055 τὴν
1190 3984 1455 4055 πολεμίαν
1493 3984 1714 4055 κομίζε-

132 4101 233 4138 ται
266 4100 281 4151 ;
312 4083 377 4135 Τί
426 4081 629 4135 τούτων
671 4078 893 4133 ἀνεκτὸν
920 4080 999 4142 είς
1043 4078 1211 4149 ἀκοὴν
1258 4077 1430 4130 ἐλθεῖν
1459 4076 1658 4146 εὐσεϐῆ
1697 4091 1714 4141 ;

137 4176 334 4235 ’Ὀστις
361 4171 469 4243 γάρ
500 4170 638 4236 ἀξιοῖ
667 4170 883 4239 μνήμης
907 4167 943 4221 ἃ
967 4167 1287 4221 κατέσεισαν
1326 4166 1577 4238 φρουρία,
1617 4167 1715 4238 τὴν

138 4262 547 4329 σκευαγωγίαν,
585 4259 654 4311 τὰ
708 4258 910 4311 ἔπιπλα
936 4298 951 4322 ,
980 4256 1079 4318 τὰς
1112 4254 1259 4327 βοῦς,
1304 4255 1404 4319 τὰς
1456 4257 1556 4319 δῖς,
1592 4257 1714 4309 ὅσαι

131 4355 254 4410 τῶν
301 4353 646 4426 βαρϐαρικῶν
692 4353 999 4424 λῃστηρίων
1046 4347 1189 4424 ἦσαν
1234 4350 1714 4421 ὲγκαταλείμματα

133 4448 265 4512 ταῖς
316 4446 585 4516 φάραγξιν
618 4443 1217 4515 ὲγκατακρυπτόμεναι,
1266 4444 1327 4496 ὲν
1378 4442 1713 4515 τηλικούτοις

1817 590 1871 646 in
1921 592 2140 647 illorum
2185 608 2378 666 agmen
2426 598 2767 671 Unnigardas
2809 602 3090 663 immittat,
3143 612 3383 669 quatuor

1815 683 2078 741 adversus
2121 701 2218 741 eos
2266 692 2536 748 centuriis
2576 709 2715 763 opus
2758 703 2880 760 est;
2926 695 3008 750 vel
3042 704 3158 751 erat
3200 696 3381 765 potius

1816 783 1972 829 tanto
2021 792 2251 834 numero
2280 794 2439 850 opus,
2484 799 2548 838 ac
2584 786 2742 849 duce,
2788 796 3083 855 antequam
3134 786 3380 842 funditus

1815 869 2207 937 periisscmus,
2257 883 2546 943 antequam
2592 893 2765 947 usque
2814 880 2950 933 adeo
3000 880 3237 933 hostium
3292 896 3381 935 res

1814 968 1990 1014 aucta:
2012 975 2075 1014 ac
2109 961 2445 1018 confirmata:
2475 966 2729 1021 fuissent.
2777 967 2831 1022 In
2866 970 2971 1023 hoc
3008 972 3199 1025 ultimo
3240 973 3382 1027 bello

1816 1051 1948 1122 ipsae
1998 1054 2161 1108 etiam
2212 1056 2470 1113 mulieres
2533 1061 2599 1113 ad
2662 1063 3061 1131 expeditionem
3125 1065 3384 1133 profecta:

1816 1154 1967 1217 sunt.
2000 1144 2146 1213 Vidi,
2186 1147 2431 1218 inquam,
2465 1167 2841 1221 saepenumero
2874 1156 3053 1225 gladio
3079 1157 3384 1213 accinctam

1816 1238 2123 1304 mulierem,
2177 1248 2342 1310 atque
2386 1258 2491 1294 una
2541 1243 2803 1298 infantem
2857 1261 3018 1300 suum
3069 1247 3383 1303 laetantem.

1816 1328 1951 1396 Quis
1993 1347 2250 1386 securum
2285 1332 2421 1387 adeo
2451 1333 2653 1388 bellum
2685 1352 2794 1390 non
2824 1336 3160 1392 fortunatum
3187 1339 3385 1409 putet?

1819 1420 1987 1476 Pudet
2032 1439 2116 1479 me
2169 1434 2223 1479 et
2274 1426 2409 1479 mihi
2468 1426 2593 1496 ipsi,
2628 1434 2683 1482 et
2744 1430 2997 1498 tempori,
3057 1440 3111 1485 et
3170 1431 3382 1501 reipub.

1819 1513 2091 1569 timuisse.
2124 1514 2168 1570 Ο
2193 1525 2405 1572 veteres
2436 1518 2559 1572 illos
2596 1517 2971 1573 Romanorum
3013 1522 3258 1589 spiritus,
3290 1523 3385 1592 qui

1816 1608 2018 1678 ubique
2064 1610 2247 1663 omnia
2317 1608 2592 1666 debellare
2649 1613 2941 1676 solebant,
2999 1615 3089 1683 qui
3157 1614 3385 1670 dissitas

1815 1705 2161 1757 continentes
2205 1702 2428 1772 tropaeis
2480 1704 2596 1758 suis
2649 1706 3077 1775 conjunxernnt,
3130 1723 3277 1762 nunc
3317 1708 3386 1763 ab

1817 1792 2017 1846 infelici
2049 1794 2407 1863 dispersaque
2430 1803 2591 1863 gente
2620 1812 2687 1849 eo
2718 1796 2925 1850 redacti
2967 1809 3115 1860 sunt,
3157 1808 3213 1851 ut
3243 1798 3388 1868 peri-

1816 1885 1999 1939 culum
2034 1885 2106 1939 sit
2135 1900 2203 1940 ne
2243 1894 2438 1955 praeter
2469 1883 2686 1941 Graecas
2733 1887 2921 1948 urbes,
2962 1890 3125 1943 etiam
3173 1888 3389 1944 Africa-

1816 1993 1938 2041 nas,
1980 1978 2262 2048 ipsamque
2291 1979 2447 2043 adeo,
2476 1995 2599 2049 qua:
2643 1981 2697 2034 in
2746 1981 2980 2053 {Egypto
3007 1993 3112 2046 est,
3148 1983 3388 2037 Alexan-

1814 2066 1991 2120 driam
2037 2068 2290 2121 amittant
2321 2069 2334 2121 ι
2364 2067 2460 2123 Est
2512 2068 2645 2123 illud
2677 2070 2893 2141 quidem
2933 2072 3076 2141 quod
3123 2072 3188 2126 ad
3225 2088 3388 2141 pecu-

1815 2158 2031 2210 niarum
2073 2159 2343 2213 rationem
2394 2160 2610 2225 attinet,
2663 2162 2892 2231 majoris
2936 2165 3195 2219 momenti
3233 2182 3246 2220 :
3281 2165 3386 2219 hoc

1814 2261 1942 2299 vero
1988 2246 2055 2299 ad
2110 2248 2457 2316 splendorem
2509 2264 2573 2303 ac
2618 2250 2848 2319 gloriam
2912 2267 3021 2306 non
3070 2254 3286 2314 minus,
3339 2255 3384 2308 si

1815 2340 1937 2409 quis
1979 2340 2306 2396 erubescere
2337 2341 2501 2395 modo
2532 2344 2712 2406 novit,
2745 2357 2809 2397 ac
2854 2344 3071 2400 decoris
3116 2346 3383 2399 rationem

1816 2430 1982 2482 ullam
2019 2436 2184 2499 atque
2223 2429 2531 2486 honestatis
2578 2431 2765 2486 habet.
2819 2431 2963 2487 Proh
2995 2433 3279 2490 audaciam
3322 2435 3386 2488 il-

1816 2518 1945 2583 lam,
1982 2536 2089 2589 qua
2126 2519 2249 2574 freti
2284 2522 2436 2575 velut
2460 2522 2669 2578 retibus
2698 2523 3008 2579 universam
3046 2526 3386 2594 provinciam

1816 2614 2050 2685 amplexi
2109 2617 2274 2669 sunt!
2304 2613 2500 2671 Nullus
2540 2616 2607 2671 iis
2651 2631 2883 2671 accessu
2947 2632 3107 2671 mons
3156 2618 3383 2681 arduus,

1816 2707 2026 2761 nullum
2082 2707 2219 2762 satis
2259 2707 2531 2760 munitum
2581 2708 2866 2762 castellum
2919 2707 3065 2761 fuit:
3109 2710 3382 2779 regionem

1812 2814 2029 2855 omnem
2077 2799 2380 2869 pervagati,
2424 2813 2640 2854 omnem
2680 2801 3011 2868 perscrutati
3062 2809 3211 2862 sunt,
3257 2809 3387 2855 aeta-

1814 2896 2035 2960 temque
2058 2906 2273 2946 omnem
2309 2892 2362 2944 in
2407 2892 2729 2947 servitutem
2766 2892 3113 2962 redegerunt.
3148 2893 3285 2946 Olim
3320 2910 3387 2948 ex

1812 2980 2200 3036 historicorum
2247 2995 2479 3036 numero
2514 2982 2589 3036 ita
2628 2982 2957 3037 scribentem
3008 2983 3195 3036 nescio
3225 2999 3385 3051 quem

1813 3073 2019 3127 audio:
2054 3071 2355 3128 FEMINAS
2404 3072 2491 3127 ET
2543 3073 2914 3129 PUERUIMS
2958 3072 3386 3129 EXCIDIORUSI

1814 3163 1901 3219 AC
1950 3162 2488 3220 SUBVEKSIONUM
2532 3163 2963 3221 ARGUMENTO
3011 3164 3387 3231 RELINQUE-

1816 3256 2019 3311 BANT.
2086 3257 2192 3311 Sed
2245 3259 2404 3329 longe
2441 3258 2588 3312 aliud
2645 3257 2925 3328 Pentapoli
2970 3258 3215 3328 contigit.
3257 3256 3387 3323 Quae

1815 3351 1959 3406 enim
2002 3350 2317 3405 Ausuriano
2351 3349 2634 3419 possessio
2671 3348 3012 3404 commodior
3063 3348 3387 3402 muliercula

1815 3454 1869 3500 et
1904 3440 2314 3497 infantulo?Ut
2351 3451 2406 3497 et
2453 3442 2558 3497 illa:
2604 3443 2741 3512 ipsis
2776 3442 3014 3511 pariant,
3061 3450 3115 3495 et
3149 3441 3184 3494 ii
3224 3442 3388 3495 simul

1816 3545 1978 3603 atque
2009 3532 2368 3597 adoleverint,
2397 3548 2506 3587 una
2538 3532 2607 3587 ad
2638 3534 2890 3587 militiam
2922 3532 3197 3586 ducantur
3248 3529 3389 3585 Sunt

1815 3625 1960 3678 enim
2006 3639 2132 3691 erga
2176 3624 2435 3677 nutritios
2482 3623 2668 3693 potius
2708 3638 2872 3692 quam
2909 3632 3165 3693 parentes
3203 3622 3390 3675 animo

1818 3715 2098 3783 propensi.
2121 3713 2165 3769 0
2190 3715 2444 3769 miseram
2478 3715 2625 3767 illam
2659 3730 2822 3783 quam
2848 3726 3211 3782 pr0pagamus
3240 3712 3392 3766 colo-

1816 3806 1997 3859 niam!
2035 3804 2261 3875 Captiva
2286 3806 2547 3874 juventus
2591 3806 2775 3875 agitur
2794 3820 2915 3874 quae
2951 3804 3191 3859 hostium
3226 3818 3389 3858 exer-

1818 3897 1960 3952 citus
1999 3906 2213 3967 augeat.
2251 3895 2444 3951 Veniet
2481 3896 2701 3952 hostilis
2735 3897 3030 3967 aliquando
3072 3903 3264 3951 contra
3296 3911 3391 3965 pa-

1819 3992 1978 4046 triam
2032 3990 2289 4060 populus.
2323 3986 2462 4043 Eum
2518 4005 2708 4061 agrum
2754 3989 3040 4059 populabit
3085 3998 3249 4058 atque
3295 4005 3392 4042 ex-

1819 4082 2038 4139 scindct
2073 4080 2312 4152 juvenis,
2342 4096 2530 4151 quem,
2565 4096 2692 4135 cum
2742 4080 3185 4135 adolescentulus
3219 4084 3388 4143 esset,

1821 4190 1927 4229 una
1971 4189 2097 4228 cum
2151 4180 2309 4243 patre
2355 4173 2619 4227 coluerat.
2669 4168 2826 4225 Nunc
2866 4171 2922 4225 in
2950 4171 3039 4226 via
3089 4179 3171 4226 est
3200 4184 3214 4224 :
3244 4185 3392 4225 nunc

1819 4266 2111 4321 abducitur
2146 4281 2159 4318 :
2193 4278 2341 4317 nunc
2376 4264 2430 4317 in
2460 4262 2701 4318 vinculis
2746 4263 2927 4317 adhuc
2968 4260 3391 4333 Pentapolitana

1820 4359 2081 4429 pubertas
2114 4364 2228 4421 est;
2257 4372 2358 4411 nec
2392 4362 2478 4411 est
2510 4354 2656 4410 ullus
2690 4356 2784 4425 qui
2813 4354 2881 4410 iis
2914 4368 3071 4425 opem
3104 4352 3264 4416 ferat,
3295 4359 3391 4406 aut

1822 4450 1964 4505 ferre
1988 4449 2185 4520 possit.
2207 4448 2366 4520 302
2386 4444 2568 4517 Neque
2597 4448 2743 4501 enim
2767 4446 2912 4501 istud
2937 4447 3127 4501 sinunt
3153 4444 3390 4499 Alexan—

138 4542 333 4604 κακοῖς
358 4538 705 4610 μικρολογίας
729 4537 904 4590 αίτίαν
928 4536 987 4588 οὐ
1008 4534 1563 4603 διαπέφευγε.Καίτοι
1598 4551 1715 4588 nav-

1826 4541 1970 4595 drini
2004 4539 2102 4603 illi,
2133 4540 2224 4609 qui
2257 4538 2497 4609 pessimo
2531 4534 2892 4607 Pentapoleos
2926 4535 3041 4590 fato
3072 4534 3128 4588 in
3173 4548 3237 4589 ea
3272 4534 3391 4604 ipsa

136 4632 504 4701 τακισχιλίαις
535 4632 652 4692 ταῖς
675 4629 943 4698 καμήλοις
969 4626 1443 4698 ἐσκευαγώγησαν.
1473 4625 1716 4699 Ἀριθμῷ

136 4728 199 4781 δὲ
226 4723 513 4779 ἀναλύουσι
555 4720 893 4791 τριπλασίονι
918 4721 983 4789 τῇ
1019 4718 1127 4770 τῶν
1160 4717 1517 4787 αἰχμαλώτων
1550 4734 1719 4789 προσ·

140 4820 312 4891 θήκῃ,
354 4815 594 4885 τοσούτῳ
625 4812 838 4875 πλείους
881 4810 1174 4881 γινόμενοι.
1206 4810 1477 4882 Τέθνηκεν
1506 4812 1717 4883 ἀπέσϐη

138 4914 215 4965 τά
230 4908 632 4970 Πενταπόλεως·
649 4906 799 4968 τέλος
818 4904 947 4975 ἔχει’
963 4902 1402 4974 διακεχείρισται·
1418 4902 1717 4957 ἀπόλωλενο

138 5004 249 5056 οὐκ
275 5002 347 5056 ἔτ’
374 5001 488 5054 ἐστὶ
526 4996 823 5063 παντελῶς,
858 4995 1151 5066 οὔθ’ήμῖν,
1180 4994 1303 5048 οὔτε
1332 4994 1557 5066 βασιλεῖ.
1584 4994 1722 5049 Οὔτε

138 5096 260 5166 γάρ
283 5095 488 5166 βασιλεῖ
519 5096 704 5165 κτῆμα
730 5090 924 5161 γένοιτ’
954 5089 1043 5155 ἂν,
1077 5088 1200 5142 ὅθεν
1226 5087 1378 5141 οὐδὲν
1409 5087 1712 5143 ἀποίσεται.

1825 4633 2153 4686 militarunt.
2194 4629 2338 4696 Quid
2370 4630 2514 4685 enim
2548 4638 2632 4684 est
2669 4643 2769 4683 cur
2790 4628 3083 4698 quisquam
3124 4626 3392 4681 innocen-

1814 4732 1923 4779 tem
1970 4723 2312 4788 criminetur,
2360 4720 2451 4776 cui
2491 4729 2546 4776 et
2588 4719 2781 4775 affecta
2837 4729 2992 4785 aetas,
3036 4727 3090 4774 et
3129 4719 3391 4775 diuturna
3463 4774 3467 4779 ,

1817 4816 2000 4872 morbi
2028 4815 2275 4871 accessio
2308 4814 2521 4869 veniam
2555 4812 2838 4867 obtinuit?
2878 4812 3040 4882 Atqui
3069 4810 3389 4865 facillimum

1815 4915 1956 4971 erat,
1996 4907 2159 4961 modo
2185 4907 2453 4961 bonorum
2500 4906 2699 4961 ducum
2736 4905 2893 4976 copia
2927 4914 3096 4969 esset,
3132 4904 3200 4957 ab
3234 4904 3388 4957 inso-

1798 4999 1950 5063 rlenti
1998 4998 2280 5062 exercitu,
2330 4999 2532 5068 quique
2582 4994 2749 5052 Deum
2803 4994 3075 5051 offensum
3128 4994 3389 5058 haberet,

1826 5090 2123 5163 impietatis
2158 5106 2351 5163 pmnas
2385 5099 2652 5162 repetere.
2683 5089 3027 5157 Quibusnam
3061 5087 3141 5143 illi
3187 5085 3386 5155 sacris,

1373 5242 1556 5300 DION.
1622 5243 1896 5300 PETAVII
1932 5244 2167 5303 NOTAE.

224 5392 304 5475 ιδ)
336 5390 638 5475 ξυτςαῖκας
666 5387 788 5475 ,κει
833 5381 1719 5475 πφιδμάρια;..ἑὲρξιέ99ξξῖῐιευ*ξιξ

143 5452 321 5532 huius
355 5462 459 5516 loci
481 5452 934 5532 emendationem
963 5472 1073 5509 non
1117 5452 1719 5532 aditibttisscmtts,‘ni_si

144 5524 399 5591 ea'foret
443 5530 734 5602 ejusmodi,
796 5527 1060 5602 cuivispt
1105 5524 1327 5602 probari
1361 5525 1557 5594 possit.
1581 5525 1719 5591 Quis

146 5604 304 5660 enim
355 5596 489 5657 non'
524 5600 671 5656 videt
726 5614 913 5655 vocem
960 5596 1104 5651 illam
1143 5597 1403 5663 γυναῖκας
1435 5611 1558 5649 cum
1595 5613 1721 5648 παι-

149 5676 321 5744 δὰρια
337 5687 459 5727 esse
493 5669 983 5744 copulandam?__ut
1015 5668 1071 5744 in
1100 5665 1273 5720 cladis
1299 5664 1559 5744 indicium
1601 5681 1722 5744 mu:

152 5734 329 5800 lieres
354 5734 618 5796 duntaxat
645 5748 698 5794 et
722 5739 936 5809 pueruli
975 5738 1418 5809 relinquerentur
1443 5750 1455 5785 :
1496 5734 1549 5788 id
1568 5735 1719 5809 quod

160 5814 454 5885 sequentia
485 5811 708 5868 omnino
724 5804 1086 5873 convincunt,
1111 5804 1235 5863 cum
1265 5808 1341 5861 ait
1377 5804 1720 5863 Ausurianos

1821 5401 1891 5441 ne
1920 5385 2178 5442 mulieres
2208 5386 2427 5457 quidem
2477 5400 2540 5441 ac
2565 5384 2825 5455 puerulos
2873 5381 3178 5457 reliquisse.
3219 5378 3390 5457 Porro

1822 5471 1922 5538 pro
1948 5471 2014 5511 eo
2072 5452 2368 5538 quod-erat
2418 5452 2600 5538 antea.
2630 5452 3388 5538 yuvaixa‘(qua;si‘historiam

1823 5522 1971 5581 illam
2033 5522 2231 5581 mulier
2285 5528 2532 5597 quaedam
2568 5522 3389 5597 scripserit)Vsubstituendum

1821 5604 1955 5666 puto
1991 5599 2265 5665 γυναῖκες,
2302 5590 2363 5651 ut
2389 5590 2715 5649 ὑπελείπετό
2740 5594 2809 5649 ad
2854 5590 3202 5663 γνωρίσματα
3248 5590 3389 5647 refe-

1827 5674 2001 5728 ratur,
2034 5667 2234 5735 alioqui
2263 5666 2439 5722 active
2473 5674 2739 5721 sumetur.

1897 5738 1974 5805 (4)
2010 5736 2086 5804 Τῇ
2112 5731 2501 5806 δημιουργικῇ
2531 5735 2843 5802 σπονδείςι.
2886 5731 3257 5806 Expungeuda
3285 5744 3389 5786 vox

1825 5806 2037 5878 τελετῇ,
2064 5804 2197 5877 quae
2221 5804 2492 5878 glossema
2513 5806 2656 5877 sapit
2676 5806 2829 5863 vocis
2859 5804 3161 5866 σπονδ-είας.
