3906 6520
453 264 627 364 .mt

1536 311 1805 370 SYNES"
1845 313 2311 373 PTOLEMAlDlS
2347 318 2653 379 EPISCOPI

3624 329 3749 387 15⁸8

491 423 697 495 quibus
722 422 997 493 religiosis
1026 424 1165 482 locis
1200 404 1813 499 peperceruntl‘Nonne
1836 432 1891 486 in
1920 432 2047 486 mul-

2162 432 2260 496 Τις
2288 433 2336 487 δ’
2373 434 2658 491 ἂνοῐσεται
2702 439 2855 510 παρά
2907 441 3005 512 τῆς
3037 441 3249 515 ἐρήμου
3296 443 3597 515 καρπούςς
3639 446 3750 499 οὔτ’

493 516 567 571 tis
603 514 720 585 agri
752 514 957 569 Barcaei
987 516 1125 572 locis
1162 518 1416 587 sepulcra
1441 521 1689 574 recentia
1720 521 2065 579 ell'oderunt?

490 603 686 661 Nonne
710 607 780 661 ab
808 605 1000 662 iisdem
1027 607 1165 677 ipsis
1197 624 1294 679 per
1321 610 1632 667 universam
1658 612 2061 686 Auspelitidem,

490 711 612 766 quae
663 696 884 766 quidem
940 697 1045 753 sub
1105 710 1295 755 nostra
1350 709 1621 771 potestate
1670 717 1776 770 est,
1818 707 2064 763 ecclesiae

487 800 681 841 omnes
725 800 1007 841 succensae
1040 794 1189 852 sunt,
1232 799 1396 859 atque
1438 792 1494 845 in
1541 792 1741 848 rudera
1770 801 1825 850 et
1872 793 2064 853 ruinas

490 876 763 933 redactae?
798 875 915 931 Non
953 892 1141 934 sacras
1173 894 1396 936 mensas
1442 882 1671 952 perinde
1706 899 1770 939 ac
1803 886 2063 956 profanas

489 976 557 1031 ad
601 973 925 1031 dividendas
956 988 1155 1031 carnes
1199 981 1614 1048 apposucrunt?
1637 979 1865 1050 Mystica
1896 995 2062 1052 porro

486 1084 639 1133 vasa,
664 1069 870 1139 quibus
907 1066 972 1123 ad
1000 1068 1250 1138 publicas
1279 1085 1575 1142 sacrasque
1614 1072 1903 1129 libationes
1943 1084 2061 1130 ute-

2168 525 2292 595 ὲμοὶ
2317 528 2537 599 πατρὶς,
2559 524 2627 599 ἢν
2647 528 2921 601 ἀπολείψω
2940 551 2953 565 ·
2986 535 3137 605 παρὰ
3180 532 3292 607 γὰρ
3320 534 3469 590 ναῦν
3494 536 3621 589 ἐστι
3655 555 3748 607 μοι,

2167 614 2229 671 τὸ
2277 617 2351 689 μὴ
2385 620 2485 674 οὐκ
2538 622 2640 694 ἤδη
2671 623 2927 693 πελάγιον
2965 621 3123 691 εἶναι,
3159 629 3253 681 καὶ
3299 630 3461 699 νήσῳ
3508 646 3752 700 περισκο-

2171 710 2294 764 πεῖν
2317 712 2416 782 (5).
2448 714 2710 787 Αἰγύπτῳ
2736 717 2844 790 γὰρ
2874 720 3088 774 ἀπιστῶ
3110 738 3124 751 ·
3166 723 3332 775 κάκεῖ
3378 720 3622 777 δύναται
3657 722 3751 776 δια-

2171 802 2331 873 ϐῆναι
2355 804 2597 877 κάμηλος
2628 808 2989 882 Δύσουριανὸν
3008 813 3232 886 ὁπλίτην
3262 814 3628 884 βαστάσασα.
3658 813 3754 885 Νη-

2171 893 2371 966 σιώτης
2425 900 2650 969 οἰκήσω,
2702 902 2874 975 πένης
2916 904 3026 957 ἀπὸ
3067 905 3455 976 κτηματικοῦ·
3493 905 3754 977 μέτῦωι-ος·

2167 987 2488 1061 ἀτιμότερος
2534 991 2699 1046 ἀστοῦ
2753 994 3051 1067 Κυθηρίου.
3105 997 3618 1069 Πολυπραγμονῶν
3664 997 3759 1068 γὰρ

2166 1068 2265 1146 ἤδη
2302 1074 2553 1147 μανθάνω
2594 1080 2822 1155 Κύθηρα
2855 1085 2915 1138 τὸ
2966 1086 3136 1157 πέραν
3171 1068 3310 1141 εἶναι
3494 1088 3761 1141 Πενταπό-

486 1161 709 1226 bantur,
745 1179 930 1220 nonne
962 1166 1027 1221 ad
1059 1164 1342 1219 obeundas
1376 1162 1680 1218 daemonum
1704 1166 2047 1221 ceremonias

2164 1167 2321 1233 λεως.
2359 1164 2507 1225 Ἐκεῖ
2551 1192 2618 1245 με
2666 1178 2829 1248 τυχὸν
2872 1179 3103 1234 οἴσουσιν
3147 1180 3342 1254 ἄνεμοι
3395 1180 3591 1237 νότον
3644 1183 3761 1252 παρ’

485 1253 542 1308 in
602 1254 857 1312 hostilem
918 1261 1197 1331 regionem
1250 1255 1513 1310 translata
1569 1256 1737 1309 sunt?
1783 1254 2047 1321 Quidnam

2162 1261 2392 1327 ἐκεινοις
2439 1264 2740 1339 βιώσομαι,
2804 1270 2976 1338 ξένος,
3034 1253 3260 1345 ἀλήτης.
3324 1274 3453 1328 Καὶ
3513 1274 3588 1329 ἂν
3659 1276 3762 1328 ἑπι-

485 1347 681 1401 horum
729 1348 1004 1418 religiosis
1034 1348 1261 1403 auribus
1305 1345 1589 1401 tolerabile
1631 1346 1753 1400 est?
1781 1345 1917 1401 Nam
1959 1348 2047 1419 qui

2162 1355 2403 1426 χειρήσω
2452 1375 2506 1411 τι
2563 1356 2692 1431 περὶ
2735 1361 3013 1431 εὐγενείας
3064 1368 3273 1431 εἰπεῖν,
3328 1367 3760 1437 ἀπιστήσουσιν.

483 1453 916 1495 commemorare
972 1440 1104 1496 velit
1157 1446 1293 1510 quot
1346 1436 1574 1492 castella
1625 1436 1875 1492 demoliti
1932 1438 2080 1507 sint,
2149 1452 2418 1514 quantum
2488 1451 2855 1518 utensilium,
2911 1470 2978 1512 ac
3033 1458 3408 1527 supellectilis
3480 1436 3761 1513 avexerint

482 1530 653 1587 boves
685 1532 813 1588 item
845 1547 1090 1600 ovesque
1118 1545 1333 1599 omnes,
1361 1545 1482 1602 quae
1500 1530 1778 1601 quideme
1800 1530 2162 1590 barbarorum
2223 1540 2409 1609 praeda
2465 1554 2699 1601 servatae
2727 1548 2972 1619 reliquiae
2996 1550 3050 1605 in
3105 1552 3427 1624 praeruptis
3498 1554 3763 1609 montium

479 1631 536 1678 et
583 1623 833 1681 cavernis
886 1623 1086 1679 abditae
1134 1621 1399 1678 fuerant:
1447 1621 1498 1678 is
1551 1621 1607 1675 in
1646 1624 1816 1677 tantis
1868 1623 2027 1680 malis
2070 1639 2176 1680 non
2217 1629 2337 1686 sine
2384 1632 2518 1687 vitio
2572 1635 2759 1706 aliquo
2807 1638 3038 1695 minutis
3077 1621 3496 1711 persequendis
3538 1644 3763 1698 nimium

480 1718 679 1774 anxius
724 1718 990 1772 videatur.
1033 1715 1363 1787 Quanquam
1421 1715 1663 1787 quinque
1721 1715 2059 1772 camelorum
2092 1719 2337 1779 millibus
2395 1725 2637 1795 praedam
2664 1730 2916 1786 avexisse
2938 1732 3218 1788 dicuntur.
3256 1732 3521 1791 Numero
3588 1744 3761 1791 autem

479 1808 643 1879 triplo
677 1810 884 1881 majore
908 1809 1159 1876 redeunt,
1190 1808 1509 1865 accessione
1530 1808 1874 1878 captivorum
1897 1816 2051 1864 tanto
2088 1811 2277 1882 plures
2296 1813 2496 1872 effecti.
2523 1818 2763 1884 Periere,
2787 1824 3072 1879 exstincta:
3110 1834 3240 1879 sunt
3301 1824 3757 1897 Pentapolitaua

478 1914 603 1960 res,
638 1900 706 1955 ad
753 1903 957 1957 exitum
1006 1909 1300 1965 venerunt,
1340 1899 1607 1956 confectae
1653 1906 1805 1968 sunt,
1846 1901 2170 1959 occiderunt
2201 1923 2216 1960 :
2246 1922 2429 1977 neque
2461 1910 2618 1968 nobis
2651 1914 2881 1970 omnino
2932 1916 3171 1986 amplius
3196 1956 3211 1980 ,
3275 1932 3471 1987 neque
3530 1918 3761 1988 impera'

475 1990 584 2044 tori
620 2004 935 2063 supersunt.
966 1993 1155 2065 Neque
1219 1994 1367 2049 enim
1426 1994 1776 2065 imperatoris
1840 2009 1905 2050 ea
1962 1999 2241 2069 possessio
2296 2001 2407 2057 dici
2470 2014 2673 2076 potest,
2722 2023 2753 2063 e
2794 2023 2902 2080 qua
2971 2011 3108 2065 nihil
3170 2010 3445 2067 utilitatis
3488 2019 3754 2082 reportet.

481 2092 688 2163 Ecquis
717 2108 846 2147 vero
874 2092 1087 2149 fructus
1125 2106 1194 2147 ex
1221 2091 1444 2147 deserto
1481 2091 1741 2161 colligere
1766 2091 1916 2148 ullus
1983 2093 2202 2164 possit?
2244 2095 2430 2169 Neque
2471 2101 2607 2157 mihi
2673 2106 2847 2173 patria
2916 2116 3191 2177 superest,
3236 2123 3414 2178 quam
3463 2107 3753 2162 deseram:

473 2186 591 2239 sola
639 2186 782 2239 enim
821 2183 975 2240 navis
1018 2184 1205 2255 inopia
1259 2183 1411 2247 facit,
1468 2192 1528 2238 ut
1564 2181 1809 2237 nondum
1846 2182 1905 2239 in
1945 2184 2055 2239 alto
2130 2189 2405 2261 navigem,
2452 2202 2507 2248 et
2575 2194 2644 2249 ad
2684 2195 2914 2252 insulam
2965 2199 3203 2270 aliquam
3253 2201 3553 2271 appellam.
3609 2196 3751 2255 Nam

473 2277 713 2348 Egypto
742 2275 956 2342 dilﬁdo,
990 2284 1283 2347 propterea
1314 2275 1462 2346 quod
1504 2290 1572 2330 eo
1609 2291 1829 2346 quoque
1892 2278 2139 2334 camelus
2177 2283 2463 2350 pervenire
2502 2293 2684 2357 potest
2711 2288 3082 2346 Ausurianum
3126 2293 3360 2348 militem
3408 2303 3654 2364 gestans.
3687 2292 3746 2349 In

472 2369 673 2425 insulis
700 2369 881 2438 itaque
912 2367 1126 2437 degam,
1160 2367 1321 2438 inops
1360 2381 1425 2421 ex
1474 2365 1662 2429 divite,
1692 2366 2018 2437 inquilinus,
2072 2367 2335 2443 Cytherio
2378 2373 2500 2431 cive
2577 2376 2886 2449 ignobilior.
2951 2379 3105 2437 Nunc
3162 2383 3312 2437 enim
3392 2380 3619 2438 demum
3661 2398 3748 2438 cu.

470 2461 675 2515 riosius
713 2459 997 2529 inquirens
1028 2458 1194 2513 audio
1223 2458 1461 2530 Cythera
1526 2459 1673 2513 ultra
1714 2456 2058 2529 Pentapolim
2096 2477 2222 2519 esse
2290 2464 2417 2522 sita.
2483 2464 2619 2524 Illuc
2658 2486 2743 2527 me
2776 2470 3031 2529 fortassis
3066 2474 3243 2529 austri
3284 2473 3565 2538 deferent,
3605 2475 3745 2544 apud

470 2552 593 2609 illos
640 2552 831 2621 degam
886 2551 1087 2624 hospes
1143 2552 1431 2625 profugus.
1492 2552 1651 2621 Quod
1707 2553 1757 2609 si
1803 2553 1936 2641 quid
1992 2555 2060 2612 de
2098 2560 2317 2628 generis
2364 2563 2473 2620 mei
2519 2566 2805 2622 nobilitate
2844 2567 3065 2639 [iactare
3098 2571 3371 2637 audeam,
3416 2571 3585 2628 ﬁdem
3624 2571 3742 2627 nul.

469 2648 576 2702 lam
607 2645 966 2701 adhibebunt.

537 2737 695 2808 303
720 2734 834 2793 Heu
864 2737 1153 2809 Cyrenem,
1187 2737 1349 2810 cujus
1376 2738 1609 2809 publica:
1636 2739 1834 2823 tabulae
1863 2740 1930 2795 ad
1959 2755 2045 2795 me

2217 2739 2380 2811 ’ῼμοι
2418 2743 2715 2816 Κυρήνης.
2761 2740 2831 2818 ἦς
2860 2747 2916 2801 αἱ
2966 2748 3223 2819 δημόσιαι
3273 2750 3503 2824 κύρϐεις
3548 2758 3739 2829 μέχρις

466 2845 644 2899 usque
697 2829 887 2899 stirpis
937 2830 1219 2885 Herculea:
1269 2820 1683 2888 successionem
1742 2829 2047 2887 deducuntl

2158 2832 2293 2902 ἐμοῦ
2337 2833 2635 2903 κατάγουσι
2670 2836 2770 2900 τὰς
2824 2837 2918 2907 ἀφ’
2976 2838 3304 2911 Ἡρακλέους
3334 2820 3597 2915 διαδοχάς

466 2918 586 2977 Non
619 2920 763 2976 enim
802 2919 1028 2990 ineptus
1057 2922 1267 2987 videar,
1305 2937 1432 2978 cum
1465 2922 1613 2978 inter
1642 2923 1885 2980 scientes
1925 2939 2047 2993 pro-

2158 2922 2267 2993 γὰρ
2304 2922 2370 2976 ἂν
2418 2924 2538 2996 εἵην
2583 2926 2831 2995 ἀρχαῖος,
2864 2929 2922 2979 ὲν
2966 2927 3161 2983 είδόσιν
3204 2930 3610 3003 ὀλοφυρόμενος
3640 2937 3738 3006 τὴν

464 3012 718 3075 pagatam
778 3001 906 3058 inde
964 3004 1303 3059 nobilitatem
1337 3004 1583 3076 deploro.
1621 3004 1766 3061 Proh
1805 3008 2047 3078 sepulcra

2158 3014 2639 3088 καταὸεὸλημένην
2666 3017 2962 3087 εὐγένειαν.
3002 3018 3165 3093 ᾭμοι
3199 3023 3308 3078 τῶν
3334 3001 3547 3095 τάφων,
3573 3020 3652 3083 ὧν

465 3095 564 3148 illa
595 3093 817 3160 Dorica,
864 3108 1099 3164 quorum
1136 3096 1411 3166 particeps
1444 3110 1552 3150 non
1581 3110 1679 3152 ero
1704 3097 1719 3151 l
1748 3094 1864 3153 Heu
1913 3097 2047 3153 infe-

2162 3106 2371 3176 μεθέξω
2407 3108 2515 3162 τῶν
2546 3110 2841 3181 Δωρικῶνι
2886 3113 3045 3184 ᾯμοι
3079 3093 3467 3187 Πτολεμαΐδος,
3526 3114 3601 3190 ἧς
3644 3124 3737 3175 ἀν-

464 3188 624 3242 licem
659 3186 1083 3254 Ptolemaidem,
1116 3187 1276 3257 cujus
1312 3202 1414 3258 ego
1447 3195 1761 3259 postremus
1813 3190 2047 3244 omnium

2159 3198 2400 3270 εδείχθην
2430 3199 2659 3266 ὕστατος
2687 3201 2899 3273 ἱερεύςί
2940 3205 3099 3261 Ἀλλά
3130 3186 3390 3279 πρόσεστί
3422 3229 3519 3282 μοι
3632 3215 3736 3268 δει-

469 3278 731 3334 sacerdos
760 3278 871 3333 full
904 3278 1108 3334 Verum
1160 3294 1224 3334 ea
1263 3280 1551 3335 calamitas
1603 3281 1787 3337 animo
1815 3298 1936 3338 meo
1965 3282 2047 3337 ad‘

2160 3291 2250 3344 νόν
2270 3307 2283 3321 ’
2316 3292 2501 3345 οὐκέτι
2538 3292 2770 3367 δύναμαι
2794 3296 2974 3365 λέγειν
2998 3313 3012 3327 ⁸
3044 3278 3473 3371 ἐπιλαμὸἀνεταὶ
3508 3322 3618 3373 μου
3642 3307 3736 3376 τῆς

463 3371 740 3427 harescit.
758 3370 901 3425 Nihil
922 3371 1105 3427 dicere
1132 3372 1367 3442 amplius
1392 3387 1642 3443 possum,
1672 3374 1929 3446 lacrymaa
1954 3375 2057 3429 lin-

464 3475 626 3531 guam
673 3476 850 3516 meam
905 3460 1430 3530 impediuntztotus
1478 3476 1601 3517 sum
1656 3463 1712 3517 in
1743 3480 1806 3519 ea
1853 3464 2058 3534 COgita-

462 3553 615 3609 tione
645 3552 882 3618 delirus,
920 3551 1067 3623 quod
1100 3553 1233 3608 mihi
1262 3568 1422 3610 sacra
1452 3554 1887 3627 derelinqueuda
1924 3558 2054 3612 sint.

459 3642 827 3715 Navigatione
856 3645 1078 3717 quidem
1117 3645 1250 3701 hinc
1272 3661 1358 3702 me
1393 3638 1703 3704 subducere
1734 3658 2012 3719 oporteret
2038 3668 2051 3705 :

461 3734 561 3795 sed
583 3751 706 3791 cum
724 3736 1001 3809 adgnavem
1033 3738 1504 3795 consceudcudam
1525 3740 1796 3813 quispiam
1818 3742 2055 3807 vocabit,

459 3830 742 3900 paulisper
803 3839 864 3884 ut
906 3837 1190 3900 exspectet
1249 3830 1318 3885 ab
1371 3830 1467 3887 illo
1522 3840 1728 3902 petam.
1804 3830 2049 3888 Primum

460 3921 608 3976 enim
650 3918 715 3975 ad
766 3918 861 3977 Dei
904 3922 1166 3992 templum
1209 3922 1466 3978 accedam
1509 3941 1521 3976 :
1575 3930 1688 3978 tum
1735 3922 1908 3980 altare
1951 3926 2057 3980 cir-

458 4011 681 4068 cumibo
714 4030 728 4068 :
761 4012 1223 4082 pretiosissimum
1240 4015 1618 4085 pavimentum
1638 4015 1900 4087 lacrymis
1929 4031 2054 4087 per-

2158 3385 2404 3457 γλώττης
2430 3387 2498 3440 τὰ
2522 3387 2757 3461 δάκρυα.
2782 3390 2986 3461 Γέγονα
3014 3392 3151 3464 πρὸς
3182 3393 3279 3463 τὴν
3300 3396 3610 3464 φαντασίαν
3639 3400 3733 3468 τῆς

2157 3478 2265 3532 τῶν
2315 3478 2473 3550 ἱερῶν
2510 3480 2867 3553 ἀπολείψεως.
2924 3483 3073 3537 Ἔδει
3128 3485 3229 3553 μὲν
3259 3487 3497 3557 οἴχεσθαι
3542 3488 3735 3541 πλέον-

2156 3588 2255 3635 τας
2276 3587 2289 3601 ·
2318 3558 2439 3625 ἀλλ’
2470 3573 2598 3627 ὅταν
2626 3574 2719 3628 ἐπὶ
2749 3576 2878 3629 ναῦν
2906 3594 2989 3641 τις
3016 3578 3179 3651 καλῇ,
3214 3581 3405 3651 μικρὸν
3437 3582 3732 3652 ἀναμεῖναι

2156 3661 2439 3735 δεήσομαι.
2493 3665 2791 3738 Βαδιοῦμαι
2830 3667 2938 3741 γὰρ
2970 3671 3186 3741 πρῶτον
3213 3673 3307 3725 ἐπὶ
3340 3673 3431 3727 τὸν
3463 3673 3609 3727 νεὼν
3640 3675 3732 3728 τοῦ

2156 3744 2325 3807 Θεοῦο
2362 3754 2712 3827 κυκλώσομαι
2739 3760 2800 3813 τὸ
2850 3758 3262 3835 θυσιαστήριον·
3295 3765 3525 3836 δάκρυσι
3556 3767 3733 3836 βρέξαι

2155 3845 2215 3897 τὸ
2242 3846 2675 3917 τιμαλφὲστατον
2720 3850 2932 3921 ἔδαφος.
2982 3854 3097 3907 Οὐκ
3140 3856 3561 3929 ἁποδραμοῦμαι
3604 3862 3733 3930 πρὶν

2156 3936 2326 4010 θύραν
2368 3939 2583 4011 ἐκείνην
2636 3943 2727 3995 καὶ
2776 3944 2961 4016 θρόνον
3002 3948 3204 4001 ἐκεῖνον
3245 3950 3619 4005 ἀσπάσασθαι.
3669 3954 3729 4006 Ὤ

2155 4031 2387 4096 ποσάκις
2434 4032 2779 4106 θεοκλυτήσω
2823 4053 2906 4101 τε,
2952 4040 3045 4090 καὶ
3085 4042 3649 4113 μεταστραφήσομαιί
3683 4045 3728 4097 ὦ

459 4100 708 4159 fundam.
737 4099 858 4160 Non
897 4105 1051 4176 prius
1091 4105 1409 4169 abscedam,
1437 4121 1604 4177 quam
1644 4105 1871 4189 januam
1900 4107 2047 4162 illam

2154 4123 2382 4187 ποσάκις
2414 4126 2535 4189 ταῖς
2558 4098 2796 4195 κιγκνλίσι
2834 4098 2903 4181 τά
2939 4098 3098 4201 χεῖρε·
3120 4098 3541 4204 προσμάξομαιιῐ
3590 4138 3727 4189 Ἀλλ’

457 4194 832 4267 thronumque
872 4196 1026 4253 illum
1075 4198 1365 4255 osculatus
1414 4196 1591 4253 fuero.
1628 4197 1673 4254 Ο
1701 4199 1919 4270 quoties
1950 4198 2048 4258 Dei

458 4284 623 4343 ﬁdem
651 4285 960 4359 appellabo,
1010 4302 1077 4344 ac
1108 4289 1321 4344 vultum
1351 4290 1710 4346 convertam!
1745 4290 1791 4348 Ο
1812 4293 2046 4363 ξιιυοιίεε

458 4378 725 4435 cancellis
754 4394 949 4437 manus
979 4380 1243 4452 iujiciaml
1278 4379 1388 4437 Sed
1452 4382 1750 4439 vehemens
1786 4386 2041 4456 quaedam

458 4483 551 4523 res
592 4478 678 4525 est
736 4485 800 4526 ac
841 4472 1101 4538 violenta,
1158 4472 1489 4530 necessitas.
1541 4474 1718 4546 Cupio
1784 4491 2041 4537 somnum

458 4558 642 4615 oculis
674 4562 813 4619 meis
866 4563 1017 4619 nullo
1071 4563 1332 4620 tubarum
1380 4566 1615 4636 strepitu
1676 4567 2042 4640 interruptum

459 4651 784 4709 concedere.
816 4651 937 4720 Quo
967 4657 1186 4713 tandem
1211 4672 1388 4728 usque
1417 4659 1486 4715 ad
1516 4674 1800 4717 murorum
1837 4679 2043 4737 propu-

460 4744 754 4814 gnaculum
800 4745 998 4801 stabo?
1026 4745 1324 4820 Quousque
1355 4751 1593 4807 turrium
1621 4753 1907 4813 intervalla
1937 4773 2034 4815 cu-

460 4837 728 4893 stodiant!
755 4834 1018 4897 Defessus
1057 4857 1179 4898 sum
1208 4852 1513 4902 nocturnas
1541 4846 1806 4907 excubias
1839 4846 2030 4922 dispo-

460 4948 616 4997 nens,
649 4947 712 4987 ac
745 4933 991 4988 vicissim
1051 4942 1107 4989 et
1150 4937 1469 4994 custodiens
1510 4937 1628 5010 ipse
1670 4940 1832 5009 alios,
1864 4950 1920 4999 et
1964 4944 2034 5000 ab

461 5025 584 5081 aliis
640 5024 968 5083 custoditus.
998 5021 1065 5081 Et
1101 5030 1196 5099 qui
1245 5044 1625 5102 saepenumero
1674 5032 1730 5087 in
1783 5044 2032 5092 contem-

458 5118 661 5188 plando
693 5120 937 5175 siderum
982 5130 1176 5177 exortu
1229 5122 1549 5194 pervigilem
1595 5132 1815 5180 noctem
1877 5129 2033 5194 duxi,

460 5212 710 5267 eumdem
747 5227 835 5269 me
876 5213 1039 5269 modo
1086 5214 1247 5270 taedet
1279 5214 1643 5271 observandis
1682 5215 1920 5274 hostium
1946 5220 2035 5275 in-

461 5304 813 5362 cursionibus
862 5305 1173 5378 invigilare.
1212 5307 1296 5363 Ad
1328 5322 1526 5377 aquam
1565 5308 1879 5366 dcmensam
1914 5313 2036 5369 dor-

460 5396 713 5452 mimus:
769 5406 931 5469 atque
972 5415 1035 5456 ea
1094 5402 1271 5457 somni
1324 5415 1476 5472 pars,
1512 5415 1633 5471 qua:
1689 5403 1822 5457 mihi
1883 5415 2033 5463 sorte

2155 4213 2374 4285 ἰσχυρὸν
2402 4215 2615 4286 ἀνάγκη
2647 4220 2900 4289 πρᾶγμα,
2931 4221 3025 4274 xui.
3056 4221 3246 4291 βίαιον.
3288 4224 3578 4296 Ἐπιθυμῶ
3608 4228 3727 4281 δοῦ-

2151 4323 2240 4360 ναι
2273 4305 2569 4377 ὀφθαλμοῖς
2622 4307 2790 4362 ὕπνον
2840 4312 3319 4383 ἀπερισάλπιστον.
3364 4316 3554 4388 Μέχρι
3600 4320 3724 4373 πότε

2150 4398 2301 4471 παρά
2324 4398 2543 4464 ἔπαλξιν
2578 4401 2882 4472 στήσομαι;
2916 4405 3091 4477 Μέχρι
3121 4406 3248 4459 πότε
3276 4409 3502 4479 τηρήσω
3537 4412 3603 4463 τὸ
3634 4431 3724 4481 με·

2150 4487 2486 4558 ταπύργιονς
2542 4490 2894 4563 Ἀπαγορεύω
2922 4493 3165 4563 φυλακὰς
3191 4498 3491 4552 ἐπιτάττων
3536 4521 3727 4557 νυκτε-

2152 4580 2324 4651 ρινάς,
2348 4581 2442 4635 καὶ
2469 4582 2749 4651 φυλάττων
2771 4586 2829 4638 ὲν
2851 4584 2930 4656 τῷ
2970 4586 3144 4659 μέρει,
3170 4588 3266 4642 καὶ
3300 4590 3725 4664 φυλαττόμενος,

2146 4670 2178 4724 ό
2206 4671 2374 4726 πολλὰ
2406 4675 2670 4747 πρότερον
2694 4677 3048 4749 ἀγρυπνήσας
3075 4679 3169 4733 ἐπὶ
3209 4681 3327 4745 ταῖς
3350 4682 3577 4755 ἄστρων
3606 4688 3724 4740 ἐπι-

2154 4762 2388 4828 στολαῖς.
2432 4765 2821 4839 Ἀποκναίομαι
2849 4763 2945 4823 νῦν
2974 4770 3285 4843 ἐγρηγορῶν
3323 4775 3417 4828 ἐπὶ
3450 4780 3579 4840 ταῖς
3622 4779 3724 4831 τῶν

2156 4856 2427 4927 πολεμίων
2476 4856 2770 4924 ἐπιϐολαῖς.
2823 4860 2964 4932 Πρὸς
3015 4861 3521 4936 διαμεμετρημένον

2154 4945 2485 5017 καθεύδομεν
2504 4961 2523 4978 ⁸
2555 4949 2650 5002 καὶ
2678 4950 2737 5002 τὸ
2758 4949 2918 5021 λαχόν
2948 4969 3036 5023 μοι
3068 4954 3229 5024 μέρος
3253 4956 3332 5017 εἰς
3361 4955 3533 5010 ὕπνον
3564 4961 3724 5027 ἀφαι-

2159 5041 2329 5112 ρεῖται
2383 5031 2661 5105 πολλάκις
2682 5042 2710 5094 ό
2760 5043 2947 5096 κώδων
2988 5043 3016 5095 ὁ
3062 5044 3431 5117 φυλακτήριος
3469 5050 3573 5119 (6).
3630 5054 3722 5104 Ἂν

2141 5133 2215 5197 δὲ⁵
2244 5133 2546 5204 καταμύσω
2600 5132 2833 5205 μικρὸν,
2888 5135 2934 5187 ὣ
2966 5136 3073 5189 τῶν
3122 5138 3389 5191 ἐνυπνίων
3422 5141 3536 5193 τῶν
3590 5161 3717 5195 axu-

2142 5226 2409 5297 Opwrcu'w!
2441 5227 2521 5291 είς
2553 5222 2641 5280 οἷα
2672 5228 3129 5299 παραπέμπουσιν
3152 5231 3301 5301 ἡμᾶς
3329 5233 3385 5284 αἱ
3428 5234 3554 5303 μεθ’
3586 5238 3716 5307 ἠμέ-

2146 5333 2244 5386 ραν
2291 5318 2588 5388 φροντίδες.
2644 5319 2717 5372 Τὸ
2771 5320 2929 5390 λῆξαι
2977 5322 3175 5389 πόνων,
3222 5325 3493 5395 ἄρξασθαι
3542 5330 3714 5381 τούτων

2139 5409 2280 5463 ὲστί.
2335 5409 2632 5482 Φεύγομεν,
2670 5411 3029 5485 ἀλισκόμεθα,
3083 5418 3522 5490 τιτρωσκόμεθα,
3580 5422 3713 5474 δεδέο

1712 5513 1899 5575 υιυιί.
1941 5519 2212 5577 PETAVII
2246 5522 2477 5578 NOT/E.

534 5598 610 5683 (5?
638 5598 747 5683 Καὶ
796 5599 966 5683 νήοςφ
1006 5606 1413 5683 περισκρπεῐν.
1445 5607 1607 5665 Forte
1654 5617 2025 5683 προσκωπεῖν,

464 5669 722 5745 quodest
752 5671 1026 5745 appellere.
1052 5669 1147 5744 Γρ.
1182 5676 1367 5745 νῆσον.

533 5735 623 5805 (6)
654 5740 716 5793 '0
759 5735 961 5794 κώδων
1007 5745 1038 5796 ό
1083 5735 1510 5817 φυλάκτήριος.
1565 5748 1877 5812 Istiusmodi
1922 5755 2029 5812 κώ-

2133 5616 2322 5690 δωνος,
2349 5632 2459 5690 quo
2492 5618 2680 5689 vigiles
2708 5621 3019 5690 utebantur,
3057 5624 3305 5680 meminit
3337 5625 3623 5684 Plutarch.
3656 5632 3702 5684 in

2134 5687 2303 5771 Arato
2325 5706 2337 5771 Ξ
2375 5687 2796 5771 Ἀναὸαινίόντωιν
2811 5692 2866 5771 δε
2876 5687 3274 5771 τῶνπρὼτων,
3304 5698 3333 5750 ὁ
3352 5698 3453 5771 τὴν
3480 5701 3701 5771 ἑωθινὴν

2139 5756 2740 5835 φυλακὴνφπαραδιδοὺς
2758 5762 2992 5841 ἐφώδευε
3026 5756 3103 5837 τῷ
3125 5756 3357 5840 κώδωνι,
3392 5756 3501 5825 ἑιε.
