3906 6582
216 361 360 418 1575

1603 369 2076 433 CONSTITUTIO.

3316 385 3461 449 ’1574

214 482 378 554 μεθα,
409 484 857 555 πιπρασκόμεθα.
908 486 1144 549 Ποσάκις
1191 486 1482 559 ἐξανέστην
1525 489 1768 558 ἄσμενος,

1894 494 2148 563 contigit,
2179 456 2527 554 excubitorio
2564 499 2939 556 tintinnabula
2973 501 3175 573 saepius
3208 504 3460 574 eripitur.

207 576 295 628 ὅτι
332 575 597 645 δεσπότην
634 578 900 631 ἀπέλιπον
941 580 953 631 l
992 579 1230 644 Ποσάκις
1264 578 1556 651 ὲξανέστην
1588 581 1793 654 ὑπέρα-

208 664 405 733 σθμος,
445 664 630 734 ἱδρῶτι
679 667 1014 737 ῥαινόμενος,
1044 667 1179 739 ὁμοῦ
1231 669 1324 722 τὸν
1363 669 1526 723 ὕπνον
1566 672 1661 724 καὶ
1701 672 1793 726 τὸν

204 755 409 827 δρόμον
456 755 762 821 ἀπολιπὼν,
808 758 868 812 ὃν
924 761 1248 826 κατατείνας
1294 760 1522 831 ἔφευγον
1562 763 1791 835 ὁπλίτην

203 847 468 916 πολέμιον
505 846 521 899 ί
556 846 752 911 Μόνοις
800 850 933 920 ἡμῖν
998 851 1239 915 Ἡσίοδος
1282 851 1433 905 οὐδὲν
1472 851 1640 921 λέγει,
1690 853 1790 925 τὴν

201 939 396 993 ἐλπίδα
422 942 669 1013 τηρήσας
698 940 830 995 εἵσω
856 941 951 996 τοῦ
975 943 1153 996 πίθου.
1185 944 1395 1008 Πάντες
1418 944 1673 1017 ἀθαρσεῖς
1696 947 1789 999 καὶ

198 1031 543 1095 δυσέλπιδες·
594 1033 625 1084 ό
683 1033 1222 1105 πεπαροιμιασμένος
1272 1034 1387 1104 βίος
1434 1035 1509 1106 (7)
1556 1034 1786 1100 ἀϐίωτος

196 1124 302 1193 οὐχ
332 1124 519 1194 ἕτερός
552 1124 720 1190 ἐστιν,
751 1125 963 1196 ἄνδρες,
994 1125 1109 1181 ἀλλ’
1146 1125 1206 1179 ὃν
1238 1125 1422 1197 ζῶμεν
1463 1127 1645 1201 ἡμεῖς.
1688 1126 1785 1191 Τίς

194 1218 230 1287 ἡ
267 1216 552 1288 διατριϐή;
603 1218 669 1271 Τί
712 1217 1010 1289 μέλλομενς
1072 1218 1408 1290 Ἀπήχθηται
1451 1218 1784 1283 Πεντάπολις

192 1309 278 1380 τῷ
302 1310 440 1381 Θεῷ.
472 1312 691 1374 Ποιναῖς
720 1312 1066 1383 ἐκδεδόμεθα.
1102 1313 1166 1365 Ἦ
1187 1312 1295 1383 γὰρ
1323 1311 1504 1383 ἀκρὶς,
1538 1312 1638 1365 οὐκ
1664 1310 1781 1365 ἐστι

192 1404 369 1456 κακὸν
398 1403 787 1475 ἀκριϐέστερον
809 1444 824 1467 ,
860 1405 917 1457 τὸ
939 1405 994 1459 δὲ
1026 1402 1138 1475 πῦρ
1165 1404 1194 1457 ὃ
1226 1403 1332 1476 πρὸ
1365 1403 1472 1457 τῶν
1506 1402 1780 1474 πολεμίων

187 1495 366 1565 τριῶν
415 1495 622 1548 πόλεων
666 1496 994 1565 ἐπενείματο
1022 1497 1167 1568 λήῖα.
1218 1499 1284 1552 Τί
1336 1495 1509 1568 πέρας
1553 1494 1775 1560 κακῶν;

187 1586 261 1638 Εἰ
286 1585 492 1639 τούτων
509 1585 732 1654 ἄγουσιν
762 1587 1074 1659 ἐλευθερίαν
1099 1589 1155 1642 αἱ
1174 1589 1350 1658 νῆσοι,
1382 1587 1493 1657 ἐγὼ
1525 1587 1624 1658 μὲν
1649 1586 1777 1639 ὅταν

184 1675 477 1747 ἁφυϐρίσῃ
502 1674 562 1728 τὸ
593 1674 851 1745 πέλαγος,
880 1675 1238 1748 πλευσοῦμαι.
1278 1676 1438 1731 Ἀλλὰ
1479 1673 1773 1747 φοϐοῦμαι,

1894 585 2051 652 Quod
2078 587 2124 641 si
2154 603 2447 660 parumper
2477 590 2671 649 oculos
2696 594 2967 658 clausero,
3001 595 3140 666 proh
3182 598 3367 653 tristia
3397 614 3464 655 ac

1893 678 2124 741 molesta
2169 681 2407 747 somnia,
2445 697 2569 753 qua:
2627 681 2761 739 mihi
2821 684 3033 741 diurna:
3087 702 3237 743 cura:
3296 698 3464 761 atque

1889 771 2241 842 aegritudines
2274 772 2529 844 injiciunt
2553 776 2566 830 Ι
2593 773 2870 832 Lahorum
2907 780 3168 844 cessatio,
3224 782 3462 837 aliorum

1889 864 2024 919 mihi
2050 864 2300 920 laborum
2333 866 2551 923 initium
2579 877 2702 924 est:
2740 869 3000 939 fugimus,
3041 874 3461 942 comprehendi-

1886 971 2032 1021 mur,
2055 956 2431 1021 vulneramur,
2458 958 2752 1027 vincimur,
2785 961 3092 1017 vendimur.
3121 962 3294 1029 Quam
3316 980 3460 1036 szepe

1886 1046 2122 1102 libenter
2146 1063 2176 1102 e
2198 1063 2392 1104 somno
2413 1051 2681 1107 excitatus
2704 1068 2848 1117 sum,
2870 1055 3013 1124 quod
3030 1055 3311 1109 dominum
3331 1059 3459 1113 reli-

1884 1139 2162 1210 quissem!
2198 1140 2427 1206 Quoties
2453 1143 2720 1199 anhelans
2745 1159 2809 1199 ac
2844 1146 3119 1216 palpitans
3136 1148 3455 1219 expergefa-

1882 1240 2005 1286 ctus
2034 1246 2181 1296 sum,
2206 1231 2408 1289 sudore
2446 1241 2593 1290 totus
2624 1235 2907 1302 dillluens,
2953 1254 3059 1292 una
3093 1254 3125 1292 a
3167 1255 3360 1295 somno
3400 1249 3457 1297 et

1881 1337 2047 1378 cursu
2068 1323 2354 1392 desinens,
2393 1342 2552 1396 quem
2578 1327 2870 1384 intendens
2890 1373 2904 1397 ,
2932 1340 3204 1386 armatum
3238 1333 3454 1389 hostem

1880 1412 2151 1485 fugiebam
2176 1416 2189 1468 !
2217 1414 2501 1472 Nobismet
2523 1415 2793 1474 Hesiodus
2815 1420 2948 1475 solis
2974 1420 3112 1474 nihil
3148 1420 3352 1477 dixisse
3374 1422 3454 1477 vi-

1878 1514 1974 1555 sus
2006 1508 2111 1565 est,
2137 1514 2262 1554 cum
2306 1516 2455 1571 spem
2484 1502 2631 1557 intra
2681 1503 2888 1559 dolium
2926 1515 3192 1571 reservat,
3249 1508 3453 1579 quippe

1875 1596 2069 1639 omnes
2090 1583 2287 1655 trepidi
2306 1600 2520 1650 sumus,
2536 1592 2590 1640 et
2610 1595 2831 1655 speratu
2853 1586 3109 1643 difﬁciles
3130 1609 3143 1644 :
3162 1589 3325 1662 305
3341 1592 3451 1645 vita

1875 1672 1967 1730 illa
1995 1675 2179 1731 minus
2205 1676 2411 1741 vitalis,
2430 1691 2553 1748 qum
2569 1676 2621 1731 in
2640 1679 2990 1747 proverbium
3019 1680 3175 1744 abiit,
3208 1696 3314 1737 non
3342 1681 3449 1736 alia

186 1767 272 1837 μὴ
305 1767 552 1841 προλάϐῃ
598 1787 667 1839 με
696 1771 757 1824 τὸ
779 1770 972 1825 δεινόν.
1008 1770 1239 1834 Πελάζει
1271 1770 1378 1842 γὰρ
1407 1771 1441 1841 ἡ
1480 1769 1642 1841 κυρία
1671 1769 1768 1839 τῆς

1873 1776 1979 1834 est,
2018 1768 2326 1833 auditores,
2353 1785 2517 1839 quam
2559 1785 2624 1826 ea
2661 1772 2777 1841 ipsa
2806 1786 2970 1841 quam
2995 1772 3265 1842 degimus.
3302 1771 3448 1839 Quid

179 1860 521 1932 προσϐολῆς,
547 1862 615 1933 ἢν
645 1864 712 1934 τῇ
746 1863 923 1930 πόλει,
957 1863 1143 1934 φασὶν,
1175 1864 1204 1916 ό
1250 1862 1583 1935 πτεροφόρος
1611 1862 1768 1934 ηπείσ

1873 1870 2084 1930 tempus
2119 1860 2535 1935 terimus?quid
2566 1862 2884 1916 moramur?
2906 1862 3086 1917 Invisa
3114 1860 3226 1918 Deo
3252 1864 3448 1918 Penta-

178 1949 374 2021 λησεν,
405 1954 434 2006 ὁ
478 1952 572 2007 τοῦ
619 1954 875 2024 πολεμίου
923 1954 1287 2027 ἐξηγούμενος
1339 1956 1768 2026 στρατεύματος.

176 2045 443 2100 Μάλιστα
464 2046 529 2117 δὴ
568 2048 777 2121 καιρῶν
810 2048 1017 2112 ἐκεῖνος
1047 2048 1251 2120 ἱερεῦσι
1292 2047 1383 2101 τὸν
1410 2046 1505 2100 ἐπὶ
1530 2046 1628 2112 τὰς
1665 2047 1766 2101 αύ-

175 2136 286 2201 λὰς
311 2136 407 2194 τοῦ
441 2138 575 2193 Θεοῦ
602 2139 800 2211 δρόμον
827 2141 1125 2209 ἀναγκαῖον
1154 2140 1444 2209 ἀποφανεῖ,
1477 2138 1543 2193 ἂν
1564 2141 1622 2193 ὲν
1650 2139 1767 2211 χρῷ

172 2229 289 2299 τῆς
315 2230 522 2294 πόλεως
544 2231 574 2283 ό
614 2231 855 2295 κίνδυνος
902 2231 1149 2302 γένηται.
1219 2229 1359 2298 Ἐγὼ
1407 2230 1549 2284 κατὰ
1582 2230 1767 2301 χώραν

172 2322 272 2374 ἐπ’
324 2321 619 2393 ἐκκλησίας
674 2324 841 2394 μενῶ.
905 2322 1019 2386 Τὰς
1066 2324 1331 2390 παναγεῖς
1382 2322 1766 2393 προστήσομαι

171 2410 459 2482 χέρνιϐας.
499 2412 889 2485 Προσφύσομαι
939 2412 1048 2466 τῶν
1080 2412 1276 2467 κιόνων
1326 2412 1435 2465 τῶν
1489 2411 1673 2483 ίερῶν,
1706 2412 1764 2465 αἳ

165 2500 281 2571 τὴν
308 2502 505 2556 ἄσυλον
540 2502 651 2557 ἀπὸ
685 2502 790 2574 γῆς
820 2503 1073 2574 ἀνέχουσι
1102 2502 1404 2574 τράπεζαν.
1476 2501 1623 2556 Ἐκεῖ
1667 2503 1763 2556 καὶ

168 2592 291 2655 ζῶν
320 2593 669 2666 καθεδοῦμαι,
699 2596 793 2650 καὶ
814 2594 1099 2673 ἀποθανὼν
1127 2595 1400 2666 κείσομαι.
1432 2594 1761 2667 Λειτουργός

166 2689 296 2758 algu.
325 2687 419 2742 τοῦ
444 2688 604 2753 Θεοῦ,
635 2689 731 2743 καὶ
775 2689 873 2761 τὴν
900 2676 1077 2761 ψυχὴν
1112 2690 1241 2751 ἴσως
1266 2686 1759 2759 ἀπολειτουργῆσαι

169 2796 252 2849 με
288 2778 389 2833 δεῖ.
416 2779 497 2833 Οὐ
532 2779 639 2852 μὴν
670 2782 700 2835 ὅ
726 2798 791 2850 γε
816 2780 952 2845 Θεὸς
984 2779 1306 2850 περιόψεται
1333 2778 1426 2833 τὸν
1458 2777 1641 2849 βωμὸν
1669 2777 1760 2835 τὸν

162 2870 516 2941 ἀναίμακτον
544 2872 733 2944 ἱερέως
753 2873 949 2943 αἵματι
981 2872 1349 2944 μιαινόμενον.

1869 1951 2012 2022 polis
2037 1958 2141 2007 cst.
2163 1951 2348 2008 Poenis
2377 1968 2443 2007 ac
2465 1954 2752 2023 suppliciis
2776 1954 2945 2009 dediti
2972 1970 3183 2011 sumus.
3202 1955 3338 2009 Nam
3365 1956 3447 2010 lo-

1867 2050 2024 2099 custa
2047 2059 2391 2114 nequaquam
2415 2046 2600 2100 acrius
2628 2053 2714 2101 est
2742 2054 2795 2101 et
2825 2047 3049 2117 gravius
3079 2048 3314 2112 malum;
3349 2047 3446 2104 sed

1866 2133 2008 2203 ignis
2036 2134 2125 2189 ille
2152 2135 2390 2205 quiante
2407 2135 2595 2192 hostes
2615 2136 2781 2190 trium
2801 2137 3019 2192 urbium
3044 2146 3162 2193 sata
3180 2138 3445 2209 depastus

1865 2231 1971 2279 est.
1987 2223 2123 2291 Quis
2146 2225 2413 2281 malorum
2433 2226 2649 2283 exitus?
2670 2226 2727 2281 Si
2750 2228 2818 2281 ab
2842 2228 2911 2282 iis
2930 2228 3203 2284 immunes
3224 2243 3287 2283 ac
3314 2229 3445 2284 libe-

1867 2330 1942 2370 rae
1961 2317 2320 2382 suntinsulaa,
2354 2319 2607 2389 equidem
2638 2319 2803 2375 simul
2824 2329 2987 2390 atque
3016 2336 3163 2376 mare
3184 2320 3443 2377 desaevie-

1864 2404 1960 2470 rit,
1995 2407 2241 2474 solvam;
2277 2409 2373 2464 sed
2415 2425 2610 2464 vereor
2647 2426 2715 2466 ne
2760 2426 2847 2466 me
2872 2412 3075 2465 malum
3111 2421 3438 2467 antevertat.

1862 2494 1999 2550 Nam
2031 2498 2381 2569 impressiuni
2413 2510 2468 2556 et
2492 2501 2797 2557 incursioni
2833 2502 3137 2558 constituta
3173 2504 3291 2561 dies
3344 2520 3441 2575 ap-

1863 2588 2218 2661 propinquat,
2244 2607 2406 2662 quam
2438 2592 2585 2658 urbi,
2610 2601 2671 2647 ut
2706 2594 2880 2657 aiunt,
2909 2606 3182 2663 pennatus
3212 2596 3442 2653 nuntius

1859 2682 2229 2739 ctimminatus
2278 2692 2383 2751 est,
2417 2684 2465 2741 is
2493 2686 2588 2755 qui
2620 2686 2876 2742 hostilem
2906 2688 3214 2743 exercitum
3264 2688 3435 2745 ducit.

1862 2775 2006 2832 Sane
2049 2775 2182 2831 illud
2220 2793 2331 2848 pra:
2364 2779 2577 2833 czeteris
2627 2790 2846 2848 tempus
2902 2779 3285 2835 sacerdotibus
3340 2794 3438 2835 ne-

1859 2869 2166 2925 cessarium
2197 2870 2267 2925 ad
2315 2871 2456 2925 atria
2510 2870 2607 2926 Dei
2638 2858 2865 2927 cursum
2909 2872 3134 2938 efﬁciet,
3188 2887 3315 2927 cum
3364 2872 3435 2927 ad

163 2966 353 3037 ipsam
387 2966 577 3021 urbem
634 2984 880 3039 praesens
933 2968 1233 3038 periculum
1287 2965 1604 3023 accesserit.
1633 2962 1750 3036 Ego
1784 2962 1843 3019 in
1874 2964 1997 3021 loco
2032 2979 2157 3020 meo
2184 2965 2240 3019 in
2270 2965 2512 3021 ecclesia
2556 2966 2916 3037 permanebo.
2971 2965 3241 3024 Lustralis
3306 2976 3436 3024 ante

157 3074 263 3114 me
300 3074 457 3131 aquae
496 3062 848 3119 sanctissima
897 3078 1028 3118 vasa
1062 3062 1370 3117 collocabo.
1419 3058 1677 3115 Sacratas
1727 3060 2018 3115 columnas
2055 3059 2392 3129 amplectar,
2431 3074 2553 3130 quae
2605 3072 2801 3129 puram
2841 3067 2895 3113 et
2945 3058 3432 3115 incontaminatam

159 3166 199 3203 τι
252 3162 399 3207 terra
447 3169 692 3210 mensam
753 3156 1031 3212 sustinent
1068 3177 1083 3213 :
1127 3156 1245 3210 illic
1291 3169 1394 3226 ego
1436 3162 1493 3211 et
1525 3151 1733 3210 sedebo
1778 3154 1957 3220 vivus,
2001 3162 2055 3209 et
2082 3162 2332 3209 mortuus
2375 3152 2592 3224 iacebo.
2635 3151 2734 3209 Dei
2766 3152 3018 3209 minister
3042 3168 3143 3225 ego
3180 3168 3325 3218 sum,
3367 3166 3432 3208 ac

156 3244 481 3311 sacriﬁcus,
525 3263 590 3302 ac
646 3240 879 3303 fortasse
920 3248 1161 3303 animam
1198 3247 1375 3319 ipsam
1432 3245 1749 3303 sacriﬁcare
1788 3246 1867 3302 illi
1907 3261 1994 3301 me
2018 3245 2294 3303 convenit.
2367 3244 2556 3316 Neque
2585 3260 2716 3301 vero
2774 3260 2924 3300 aram
2973 3246 3121 3300 illam
3166 3245 3429 3301 incruen-

156 3352 282 3396 tam
312 3341 456 3397 Deus
487 3342 788 3397 sacerdotis
814 3356 1014 3397 cruore
1045 3343 1310 3413 pollutam
1344 3341 1606 3413 negliget.

234 3434 391 3524 βίης
404 3435 762 3524 ,κράτιϊστρςΑ
779 3435 850 3489 ἐν
873 3436 1077 3524 λόγοις
1091 3436 1206 3524 ’καὶ
1240 3433 1602 3524 πράγμασιν,

263 3508 314 3575 ῼ
344 3504 533 3573 πᾶσα,
571 3506 879 3569 Galenus,
906 3505 1143 3559 παιδεία
1180 3504 1389 3576 πρέπει
1436 3504 1535 3575 (8).

2048 3428 2300 3483 Sermone
2329 3436 2546 3496 prwstes
2571 3420 2726 3481 rebus
2753 3436 2803 3481 et
2834 3436 2994 3497 988128
3022 3431 3232 3497 prem

2060 3499 2228 3564 Quem
2258 3508 2469 3565 cuncta,
2493 3497 2777 3564 Tltalelaee,
2802 3496 3047 3567 doctrina
3082 3496 3319 3551 addecet.

1416 3661 1599 3716 DlON.
1649 3656 1923 3713 PETAVII
1957 3655 2191 3713 NOTAL.

232 3776 313 3848 (7)
352 3776 415 3828 '0
436 3777 1017 3850 πεπαροιμιοσμένος
1043 3772 1204 3850 βίος.
1236 3769 1617 3850 Qommodecx
1643 3783 1738 3820 ve-

149 3842 264 3903 teri
295 3842 608 3916 germanam
641 3844 927 3899 lectionem
950 3845 1220 3916 eruimus.
1250 3842 1425 3894 Antea
1458 3842 1603 3893 enim
1635 3854 1736 3890 πε-

147 3913 644 3990 παρρησιασμένος
670 3929 954 3985 perperam
986 3913 1288 3984 legebatur.

166 4123 1239 4160 ππ

1912 3765 1991 3831 (8)
2018 3766 2164 3831 Ειης
2184 3765 2520 3833 κράτιστος.
2556 3763 2701 3819 Duos
2735 3765 2857 3820 illos
2896 3778 3020 3821 esse
3052 3761 3300 3833 senarios
3323 3763 3421 3819 de-

1883 3832 2254 3905 reliendimus,
2284 3844 2339 3888 et
2368 3835 2591 3891 aliunde
2624 3836 2731 3891 huc
2758 3836 3023 3902 intrusos,
3056 3832 3324 3905 planeque
3350 3835 3421 3891 ab

1881 3918 1943 3959 ac
1972 3903 2243 3960 Cataslasi
2274 3905 2503 3960 alienos.

1240 4115 3407 4152 Μ

509 4308 1239 4425 ΣΥΝΕΣΙΟΥ
1311 4305 2243 4425 ΕΠΙΣΚΟΠΟΥ
2342 4306 3063 4427 ΚΥΡΗΝΗΣ

1425 4528 2137 4620 ΚΑΤΑΣΤΑΣΙΣ.

1738 4740 1810 4758 α-

1118 4884 1697 5004 SYNESII
1773 4881 2457 5009 CYRENfEl

1279 5125 2099 5222 CONSTITUTIO
2149 5121 2266 5218 (α).

206 5459 359 5520 -οὖτε
388 5461 704 5533 φιλοσοφίαν
724 5462 1072 5518 ἀπολίτευτον
1099 5465 1477 5538 προελόμενος,
1510 5469 1723 5543 καὶτῆς

144 5554 340 5626 φιλανθ
349 5556 664 5627 ρωποτάτης
688 5555 986 5628 θρησκείας
1006 5558 1303 5631 ἐναγούσης
1322 5562 1401 5625 είς
1419 5556 1554 5633 ἦθος
1574 5563 1720 5633 φιλόο

146 5663 346 5702 κοινον·
374 5648 660 5720 ὑπήκουσα
685 5665 738 5702 τε
754 5649 1085 5722 καλούμενος
1104 5651 1193 5722 ὑφ’
1222 5652 1252 5706 ὑ
1260 5652 1398 5723 μῶν,
1428 5655 1521 5709 καὶ
1541 5657 1717 5728 χαίρω

1898 5474 2078 5547 305.
2119 5474 2255 5532 Cum
2304 5477 2547 5535 studium
2595 5478 2876 5548 sapientia:
2926 5493 3037 5535 non
3083 5480 3317 5536 alienum
3361 5496 3394 5537 a

1827 5566 1975 5621 civili
2021 5570 2439 5626 conversatione
2473 5570 2762 5641 elegerim,
2823 5579 2876 5627 et
2914 5572 3098 5629 cultus
3148 5574 3392 5629 omnium

1826 5658 2263 5720 humanissimus
2292 5662 2485 5719 invitet
2531 5670 2696 5735 atque
2724 5664 2947 5723 inducat
2977 5665 3047 5721 ad
3077 5681 3259 5723 mores
3303 5679 3394 5722 so-

218 5828 297 5905 (a)
330 5827 457 5885 Sive
488 5827 728 5900 Elogium
770 5828 975 5901 Anysii.
1018 5828 1147 5888 Fed.
1209 5830 1432 5895 Morello
1498 5834 1818 5906 interprete.
