3880 6522
498 358 641 416 1575

1614 348 1894 409 δγΝΕδιι
1930 347 2387 406 PTOLEMAIDIS
2432 350 2738 405 EPISCOPI

3620 348 3742 404 5576

497 460 715 537 cictatis
744 482 1009 541 amantes,
1052 475 1310 530 obaudivi
1343 482 1569 530 vocatus
1614 488 1642 526 a
1668 474 1841 537 vobis,
1866 483 2059 543 etgau-

2174 470 2359 541 μαθὼν
2389 473 2474 541 ἐφ’
2501 466 2581 535 οἷς
2602 475 2656 525 αἱ
2677 471 2858 534 πόλεις
2888 470 3422 541 συνδεδραμήκατον.
3463 467 3741 539 Προῦργοο

496 569 603 625 deo
638 567 784 638 quod
816 566 1099 621 didie’crim
1127 579 1234 636 qua
1271 566 1339 619 de
1370 578 1531 620 causa
1573 564 1735 618 urbes
1762 578 2063 618 concurre—

499 662 614 715 rint
651 661 793 713 inter
826 673 905 713 se.
940 656 1078 711 Nam
1123 671 1301 726 opera:
1344 656 1576 726 pretium
1626 655 1775 725 ipsas
1821 655 2063 708 facturas

498 751 731 822 opinor,
778 742 823 804 si
865 758 918 803 et
967 763 1113 802 nunc
1157 756 1211 802 et
1249 747 1305 801 in
1348 757 1624 817 posterum
1668 762 1795 816 erga
1838 761 1934 800 eos
1970 745 2062 815 qui

500 843 643 896 ultro
685 840 942 895 beneficia
980 840 1035 894 in
1074 840 1220 909 ipsas
1251 838 1618 899 contulerunt,
1668 849 1833 906 gratm
1870 842 1925 891 et
1955 836 2064 890 sint

497 944 550 988 et
586 932 895 987 videantur.
930 931 1298 997 Quamobrem
1333 945 1651 984 communes
1687 928 1872 998 populi
1900 943 2063 983 voces

498 1025 862 1095 suscepimus,
895 1033 947 1078 et
987 1024 1030 1077 si
1068 1023 1338 1093 quispiam
1373 1022 1625 1093 privatim
1660 1036 1939 1077 sermones
1967 1021 2063 1073 ha-

498 1117 634 1181 buit,
675 1132 865 1171 omnes
903 1118 1087 1185 utique
1127 1115 1380 1170 laudibus
1408 1116 1597 1170 extuli.
1646 1115 1936 1168 Enimvero
1966 1128 2065 1184 par

496 1216 580 1263 est
607 1223 694 1262 me
728 1222 850 1262 esse
889 1224 955 1262 ex
993 1224 1180 1262 eorum
1211 1224 1440 1262 numero
1470 1208 1561 1277 qui
1591 1207 1725 1261 bene
1755 1207 1916 1261 dictis
1945 1222 2064 1261 cer-

496 1308 632 1353 tant.
674 1296 814 1363 Quin
845 1299 1008 1353 etiam
1053 1297 1168 1353 hzee
1198 1297 1265 1352 ad
1304 1314 1390 1353 me
1430 1298 1602 1368 magis
1630 1313 1792 1367 quam
1823 1296 1891 1351 ad
1928 1297 2063 1352 alios

497 1391 747 1451 attinent,
775 1406 894 1460 qua:
924 1391 1236 1443 communia
1272 1397 1400 1445 sunt
1427 1409 1439 1443 :
1471 1400 1523 1443 et
1558 1390 1787 1459 gratiam
1822 1404 1918 1458 pro
1950 1390 2063 1444 sin-

495 1480 657 1553 gulis,
696 1496 793 1550 pro
827 1483 943 1536 cive
969 1490 1021 1536 et
1057 1481 1295 1545 civitate,
1332 1480 1447 1551 ipse
1474 1496 1594 1535 meo
1625 1479 1843 1533 nomine
1868 1478 2063 1533 debere

497 1574 567 1628 iis
600 1573 692 1643 qui
728 1574 958 1643 benigne
990 1574 1237 1635 fecerint,
1289 1572 1566 1628 existimo.
1605 1572 1806 1637 Quidni
1837 1572 1978 1625 enim
2016 1573 2061 1628 is

497 1682 660 1735 quem
696 1680 795 1735 pro
818 1664 1200 1718 communibus
1234 1663 1394 1717 bonis
1421 1677 1610 1733 preces
1641 1661 1869 1717 fundere
1900 1677 2063 1732 opor-

496 1767 594 1823 tet,
627 1758 701 1811 illi
734 1757 963 1828 gratiam
998 1755 1216 1821 debeat,
1244 1756 1333 1826 qui
1369 1756 1487 1825 ipsa
1512 1766 1623 1809 tum
1654 1755 1918 1820 exercitu,
1948 1764 2059 1809 tum

497 1851 601 1903 alia
640 1864 767 1904 cura
820 1864 883 1901 ac
930 1847 1298 1904 sollicitudine
1346 1846 1601 1903 auxerit?
1633 1846 1737 1913 Qui
1782 1862 1913 1903 vero
1951 1863 2060 1902 non

500 1941 701 2009 quovis
732 1941 940 1994 honore
987 1939 1255 1993 allicerem
1304 1954 1428 1994 eum
1462 1940 1550 1994 cui
1595 1950 1655 1992 ut
1684 1941 1797 1994 voti
1838 1954 2062 2010 compos

498 2031 666 2091 forem
700 2032 989 2086 sudoribus
1016 2031 1280 2101 perfecit?
1320 2031 1579 2101 Equidem
1611 2046 1640 2085 a
1672 2030 1781 2087 Deo
1825 2032 1956 2101 petii
2004 2042 2064 2088 ut

496 2123 638 2177 male
674 2122 915 2192 perirent
943 2122 1067 2175 mali
1097 2130 1152 2175 et
1192 2122 1516 2178 exsecrandi
1547 2122 1789 2177 barbari.
1816 2121 1930 2177 Hoc
1963 2140 2061 2178 au-

497 2219 603 2268 tem
641 2213 830 2283 Anysii
873 2229 1068 2268 manus
1100 2213 1192 2268 Dei
1241 2215 1438 2269 virtute
1482 2215 1845 2285 perfecerunt.
1874 2217 1954 2272 Ex
1993 2217 2061 2274 iis

494 2312 644 2359 certe
675 2304 976 2373 equitibus,
1013 2306 1104 2375 qui
1131 2321 1295 2374 supra
1336 2306 1485 2361 mille
1528 2323 1701 2377 nuper
1738 2309 2060 2379 impressio-

493 2411 617 2453 nem
656 2397 918 2462 fecerant,
972 2415 1042 2454 ne
1085 2401 1333 2469 quintam
1382 2400 1600 2470 quidem
1649 2403 1895 2457 relictam
1940 2418 2062 2460 esse

2094 1813 2137 1868 B

2164 561 2273 632 γὰρ
2305 563 2494 625 αὑταῖς
2532 564 2711 632 οίομαι
2750 564 2845 616 καὶ
2886 563 2981 614 νῦν
3019 564 3111 615 καὶ
3159 563 3481 633 ἐσύστερον,
3531 562 3597 623 ἐς
3635 564 3742 624 τοὺς

2165 653 2509 725 ὑπάρξαντας
2538 656 2711 727 ἔργων
2737 655 2954 723 ἀγαθῶν
2973 656 3331 726 εὐχαρίστους
3359 655 3464 706 καὶ
3494 650 3645 705 εἶναι

2164 746 2470 814 φαίνεσθαι.
2503 749 2613 825 Τάς
2642 766 2701 801 τε
2734 745 2825 802 οῦν
2858 748 3037 811 κοινὰς
3065 747 3421 817 ὑπεδεξάμην
3451 744 3555 798 τοῦ
3588 746 3743 813 δήμω

2166 836 2379 907 φωνὰς,
2433 839 2527 891 καὶ⁵
2557 840 2703 901 ὅστις
2760 839 2862 910 ἰδίᾳ
2890 839 3044 906 λόγον
3075 838 3300 903 διέθετο,
3344 840 3577 900 πάντας
3628 838 3745 905 ὁμο-3

2163 931 2274 992 τοῖς
2308 929 2546 994 ἐπαίνοις
2580 930 2836 1001 ἐπῄνεσα.
2881 931 3043 984 Ἀλλά
3074 932 3217 1000 κάμὲ
3246 932 3329 983 δεῖ
3354 929 3627 997 γενέσθαι
3654 929 3746 981 τῶν

2164 1021 2546 1089 εύλογούντων,
2595 1024 2761 1093 κάμοὶ
2807 1024 3070 1093 προσήκει
3134 1022 3335 1091 μᾶλλον
3378 1021 3621 1090 ἐτέρων,
3666 1022 3746 1073 καὶ

2163 1112 2231 1165 τὰ
2258 1113 2430 1177 κοινὰ,
2479 1116 2571 1167 καὶ
2599 1115 2699 1187 τὴν
2739 1117 2876 1186 ὑπὲρ
2909 1116 3137 1187 ἑκάστου
3166 1116 3350 1185 χάριν,
3390 1114 3494 1165 καὶ
3528 1111 3745 1169 ἰδιώτου.

2163 1206 2255 1258 καὶ
2272 1206 2475 1268 πόλεως
2494 1207 2656 1270 αὐτὸς
2682 1206 2913 1275 ὀφείλειν
2934 1210 3042 1272 τοῖς
3061 1204 3118 1262 εὖ
3139 1226 3192 1261 τι
3224 1210 3537 1277 ποιήσασιν
3558 1206 3745 1274 οἴομαι.

2170 1296 2263 1347 ’ον
2289 1296 2394 1368 γὰρ
2429 1296 2566 1367 ὑπὲρ
2592 1297 2700 1352 τῶν
2730 1298 2921 1350 κοινῶν
2948 1300 3167 1367 ἀγαθῶν
3198 1298 3473 1361 εὔξασθαι
3504 1298 3614 1360 δεῖ,
3646 1298 3747 1359 πῶς

2162 1386 2262 1440 οὐκ
2307 1389 2530 1459 ὀφλήσει
2579 1390 2734 1460 χάριν
2781 1391 2859 1461 τῷ
2905 1392 2990 1445 διὰ
3018 1394 3309 1462 στρατείας
3352 1390 3510 1443 αὖτά
3534 1391 3633 1442 καὶ
3662 1391 3745 1458 τῆς

2163 1479 2327 1551 ἄλλης
2362 1482 2675 1551 ἐπιμελείας
2722 1483 3046 1553 αὐξήσαντις
3097 1485 3222 1548 Πῶς
3262 1485 3317 1536 δὲ
3351 1484 3417 1535 οὐ
3454 1483 3551 1534 διὰ
3586 1483 3748 1551 πάσης

2162 1571 2295 1625 οἴσω
2313 1574 2478 1644 τιμῆς
2505 1574 2614 1636 τὸν,
2638 1575 2723 1627 ἵνα
2746 1575 2892 1645 τύχω
2907 1575 3005 1645 τῆς
3027 1576 3209 1646 εὐχῆς,
3237 1575 3433 1645 ἱδρῶτι
3456 1573 3747 1640 διαπραξὰ-

2167 1679 2359 1732 μενον;
2386 1664 2603 1727 Κακοὺς
2619 1666 2806 1728 κακῶς
2828 1665 3227 1720 ἀπολωλεκέναι
3258 1667 3392 1727 τοὺς
3412 1666 3749 1733 καταράτους

2166 1753 2492 1826 βαρϐάρους,
2526 1756 2638 1825 ἐγὼ
2667 1757 2765 1827 μὲν
2797 1757 2974 1828 ᾔτησα
2997 1758 3089 1811 τὸν
3114 1758 3269 1813 Θεόν,
3297 1759 3370 1809 Αἱ
3410 1758 3470 1810 δὲ
3516 1757 3748 1809 Ἀνυτὶου

2165 1847 2343 1917 χεῖρες
2382 1844 2522 1898 κατὰ
2554 1846 2684 1899 Θεὸν
2732 1845 3131 1917 ἐξειργάσαντο.
3177 1846 3301 1899 Τῶν
3334 1846 3404 1913 γέ
3436 1863 3526 1897 τοι
3575 1844 3747 1914 πρέπεν

2161 1936 2590 2007 εἲσϐεϐληκότων
2657 1938 2898 1999 ἱππέων,
2962 1939 3101 2010 ὑπὲρ
3161 1938 3373 2007 χιλίους
3434 1938 3615 1989 ὅντων
3670 1936 3745 1988 τὶν

2160 2028 2412 2101 ἀριθμὸν,
2458 2029 2580 2082 οὐδὲ
2624 2030 3016 2101 πεμπτημόρια
3042 2030 3311 2092 λείπεται,
3341 2030 3547 2097 ,φασὶν
3580 2028 3627 2078 οἱ
3664 2045 3745 2078 τεο

2161 2121 2442 2188 πονθότες,
2489 2123 2644 2176 αὐτοὶ
2677 2116 2823 2176 οὗτοι
2851 2121 2982 2187 ζῶσι
3014 2124 3139 2183 τοὺς
3174 2121 3556 2181 πεπτωκότας
3588 2120 3745 2189 διαμ-

2161 2215 2488 2286 θμὴσαντες.
2519 2216 2632 2267 Καὶ
2674 2214 2848 2267 ταῦτα
2881 2216 2941 2267 οὐ
2978 2213 3172 2267 πολλοῦ
3208 2212 3639 2283 στρατεύματος
3672 2210 3744 2273 es-

2158 2304 2460 2375 ηγουμένου
2512 2304 2833 2373 εἴργασται·
2885 2304 2997 2357 ἀλλ’
3056 2303 3247 2372 ἄνδρες
3286 2300 3451 2370 αὐτῷ
3503 2317 3742 2369 συμπαρ-

2164 2395 2449 2448 ετάττοντο
2466 2394 2894 2465 τεσσαράκοντα.
2913 2392 3082 2460 Κάγὼ
3106 2392 3203 2461 μὲν
3226 2390 3390 2443 οὐδὲν
3426 2389 3544 2459 ἐρῶ
3562 2386 3743 2454 φαῦλον

494 2496 702 2559 partem
751 2490 902 2543 aiunt
944 2497 1052 2543 tam
1091 2491 1168 2544 illi
1210 2491 1310 2560 ipsi
1349 2491 1442 2561 qui
1485 2491 1774 2549 inferiores
1816 2493 2059 2561 fuerunt,

2161 2483 2241 2551 οἷς
2265 2488 2574 2576 σιτοδρῦμεν
2606 2487 2817 2539 ἱππέων
2847 2503 2906 2537 τε
2936 2486 3029 2538 καὶ
3065 2483 3267 2549 πεζῶν.
3298 2483 3515 2535 Οὑτοσὶ
3543 2482 3601 2532 δὲ
3622 2479 3742 2533 03v-

494 2596 659 2651 quam
684 2583 777 2651 qui
833 2590 1142 2652 prostratos
1180 2595 1660 2651 enumeraverunt,
1692 2593 1747 2640 et
1770 2587 1949 2641 adhuc
1972 2602 2062 2642 su-

494 2673 751 2742 perstites
804 2684 974 2727 sunt:
1008 2676 1172 2743 idque
1214 2678 1421 2747 peregit
1469 2692 1578 2730 non
1635 2679 1847 2747 magnis
1886 2680 2060 2748 copiis

492 2762 781 2834 praefectus
829 2773 992 2833 atque
1041 2767 1392 2821 instructus:
1447 2767 1647 2837 quippe
1695 2767 2058 2839 quadraginta

492 2862 703 2910 tantum
736 2855 837 2909 viri
872 2872 995 2912 cum
1039 2858 1157 2927 ipso
1189 2858 1407 2912 stabant
1439 2860 1494 2912 in
1530 2859 1668 2915 acie.
1692 2860 1857 2931 Atqui
1893 2861 1960 2917 de
1992 2863 2059 2919 iis

492 2945 736 3019 profecto
767 2948 893 3001 mali
941 2949 1075 3002 nihil
1108 2948 1284 3005 dicam
1320 2960 1431 3003 tam
1465 2950 1742 3020 equitibus
1767 2967 1930 3022 quam
1963 2969 2059 3024 pe-

491 3032 717 3102 ditibus,
747 3037 945 3106 quibus
976 3038 1307 3094 frumentum
1334 3040 1548 3095 damus.
1590 3040 1784 3096 Verum
1832 3043 1920 3097 hic
1954 3061 2055 3113 pu«

2161 2572 2445 2649 νιγάρδαις
2464 2579 2575 2631 δεῖν
2610 2578 2781 2631 οἴεται
2812 2577 2944 2647 πρὸς
2975 2577 3188 2629 ἅπαντα
3216 2574 3472 2646 χρῆσθαι
3494 2590 3513 2605 ο
3549 2574 3669 2631 τοὺς
3693 2572 3740 2622 δε

2159 2670 2385 2732 πολλοὺς
2425 2670 2665 2732 τούτους,
2694 2668 2814 2721 οὐδὲ
2855 2668 2962 2721 τῶν
2996 2668 3294 2738 ἀλλοτρίων
3328 2667 3522 2737 ἔργων
3551 2663 3742 2732 ἐπηγά-

2159 2778 2286 2829 γετο
2324 2762 2538 2824 θεατάς.
2573 2755 2728 2814 Οὗτοι
2771 2759 3037 2831 χωροῦσιν
3076 2758 3242 2811 αὑτοῦ
3282 2757 3460 2827 μόνου
3490 2756 3564 2808 τὰ
3594 2770 3740 2822 στρα-

2157 2855 2468 2925 τηγήματα.
2516 2851 2733 2905 Τούτων
2780 2853 2896 2905 ἐστὶ
2932 2852 3150 2922 λοχίτης
3173 2851 3271 2904 καὶ
3313 2849 3597 2918 λοχαγός·
3631 2846 3735 2899 τού-

2158 2964 2266 2999 των
2296 2947 2413 2998 ὲστὶ
2439 2944 2843 3017 συστρατιώτης
2872 2946 2967 2997 καὶ
2997 2945 3334 3015 στρατηγός·
3378 2943 3529 3011 μετά
3552 2940 3739 2992 τούτων

2158 3038 2339 3110 τρέχει
2391 3037 2479 3090 διὰ
2520 3038 2617 3107 τῆς
2670 3036 2852 3107 χώρας
2906 3036 3102 3106 δρόμον
3156 3033 3413 3086 ἔνοπλον.
3461 3033 3619 3101 Ταχὺ
3660 3031 3741 3100 μὲν

490 3132 571 3179 tat
604 3125 1043 3199 Unnigardarum
1079 3146 1243 3201 opera
1292 3130 1357 3185 ad
1388 3132 1569 3186 omnia
1602 3147 1726 3187 esse
1764 3132 2053 3193 utendum:

2161 3128 2473 3200 ἁπανταχοῦ
2502 3129 2744 3198 γίνεται·
2779 3129 2904 3197 νικᾷ
2934 3127 2991 3180 δὲ
3017 3127 3151 3179 ὅπου
3184 3127 3283 3203 καὶ
3315 3125 3569 3192 γένοιτο.
3604 3120 3741 3177 ωτι-δι

491 3216 630 3272 istos
658 3234 807 3285 vero,
862 3236 1095 3288 quorum
1138 3221 1316 3290 major
1352 3232 1436 3277 est
1476 3238 1758 3286 numerus,
1814 3240 1882 3278 ne
1928 3226 2061 3279 alie-

492 3325 687 3365 norum
717 3310 936 3381 quidem
967 3327 1191 3381 operum
1222 3322 1558 3381 spectatores
1590 3314 1827 3369 induxit.
1888 3313 2062 3369 Unni-

494 3399 679 3471 gat-dre
711 3401 886 3471 ipsius
916 3402 1089 3457 solius
1126 3402 1290 3473 306
1322 3403 1516 3458 bellica
1560 3412 1681 3459 acta
1733 3412 1789 3459 et
1828 3407 2060 3461 consilia

495 3492 739 3562 capiunt.
786 3494 984 3547 Eorum
1021 3503 1106 3549 est
1140 3495 1536 3564 manipularius
1576 3503 1634 3552 et
1673 3497 1918 3553 cohortis
1962 3498 2063 3551 du-

492 3590 655 3637 ctor:
695 3584 1009 3640 earumdem
1041 3585 1343 3640 commilito
1372 3594 1427 3642 et
1457 3586 1753 3657 imperator
1778 3607 1794 3643 :
1827 3603 1951 3643 cum
1977 3589 2061 3643 his

492 3676 735 3731 excurrit
778 3692 874 3748 per
904 3693 1191 3749 campum,
1240 3693 1407 3734 cursu
1451 3680 1504 3734 in
1559 3681 1730 3737 armis
1787 3679 2057 3736 confecto.

490 3769 753 3825 Celeriter
795 3770 999 3840 ubique
1037 3772 1280 3827 locorum
1313 3782 1441 3827 est:
1488 3773 1659 3827 vincit
1708 3785 1886 3828 autem
1922 3789 2061 3843 quo-

492 3877 708 3931 cunque
746 3862 1003 3918 adfuerit.
1062 3862 1217 3929 Quod
1270 3864 1315 3919 si
1351 3864 1405 3917 hi
1453 3864 1638 3931 plures
1672 3873 1877 3928 essent,
1930 3873 2061 3934 puta

492 3963 689 4025 praeter
726 3970 820 4010 eos
854 3971 993 4026 quos
1025 3956 1306 4023 habemus,
1338 3958 1584 4021 ducenti,
1620 3956 1715 4012 Dei
1754 3957 1926 4012 fretus
1957 3971 2060 4026 ope

493 4044 668 4099 audeo
697 4058 1013 4100 asseverare
1038 4044 1183 4099 hunc
1219 4045 1524 4099 animosum
1551 4046 1807 4114 juvenem
1839 4047 1894 4101 in
1936 4047 2062 4102 bar-

493 4138 750 4193 barorum
789 4146 989 4193 terram
1025 4138 1226 4193 bellum
1278 4138 1659 4209 trajecturum.
1705 4138 1885 4205 Quare
1907 4141 2061 4213 Any-

494 4230 577 4285 sio
607 4229 732 4284 duci
769 4229 1036 4287 ducentos
1080 4230 1423 4301 Unnigardas
1466 4245 1778 4301 poscemus,
1814 4232 1859 4287 si
1908 4233 2060 4301 cogi-

494 4324 672 4374 temus
699 4324 753 4371 et
780 4316 1010 4373 velimus
1052 4319 1491 4389 consanguineos
1523 4333 1563 4372 a.
1586 4320 1942 4373 barbarorum
1968 4334 2059 4375 re-

496 4409 657 4478 gione
695 4424 981 4465 revocare.
1025 4408 1243 4465 Utinam
1279 4426 1493 4481 possem
1531 4411 1715 4466 videre
1758 4413 2055 4482 spoliorum

498 4516 747 4557 acervum
796 4513 849 4557 et
894 4504 1128 4573 prazdam
1175 4504 1571 4573 mancipiorum
1618 4504 2056 4566 barbaricorum,

494 4598 655 4660 atque
683 4607 804 4646 eum
835 4593 929 4662 qui
955 4608 1129 4664 nuper
1171 4592 1429 4647 dominus
1459 4602 1597 4655 erat,
1638 4593 1881 4647 vicissim
1936 4592 2059 4647 aliis

494 4681 860 4738 servientem!
900 4681 1025 4739 Hinc
1048 4683 1248 4739 nudius
1278 4682 1495 4754 quidem
1534 4683 1729 4737 tertius
1764 4692 1951 4753 optare
1981 4682 2060 4737 fa-
2096 4690 2105 4697 '

490 4771 596 4826 cile
618 4778 737 4825 erat
766 4788 781 4826 :
813 4787 959 4826 nunc
977 4789 1108 4828 vero
1131 4774 1295 4828 etiam
1325 4788 1549 4843 sperare
1565 4774 1763 4839 eadem,
1784 4775 2056 4844 integrum

490 4870 596 4919 est.
637 4861 772 4916 Nam
804 4877 924 4933 qua:
952 4864 1127 4919 oculis
1148 4864 1391 4934 subjecta
1428 4864 1586 4920 fidem
1613 4864 2056 4930 faciunt,eorum

489 4968 611 5025 quae
638 4960 1024 5019 exspectantur
1063 4955 1286 5024 pignora
1324 4955 1466 5009 facta
1493 4964 1656 5023 sunt;
1685 4966 2057 5010 verumtamen

490 5043 559 5098 ad
574 5043 688 5099 haec
710 5044 1003 5098 obtinenda
1036 5046 1243 5115 Anysio
1264 5045 1618 5100 ducentorum
1646 5045 1903 5116 praafecto
1918 5063 2057 5118 opus

488 5142 593 5191 est.
627 5134 724 5190 Hic
752 5134 1084 5206 Unnigardis
1112 5137 1299 5191 utendi
1332 5146 1386 5191 et
1417 5137 1652 5193 indolem
1688 5138 1852 5194 habet
1878 5146 1931 5193 et
1966 5154 2057 5192 ar-

490 5233 598 5280 tem
633 5242 646 5279 :
687 5232 742 5278 et
775 5225 917 5280 idem
960 5232 1140 5296 potest
1187 5228 1335 5281 viros
1370 5242 1675 5293 exarmare,
1717 5236 2054 5291 excastrare,

491 5325 641 5372 etout
691 5317 843 5372 lubet
889 5330 1097 5389 regere.
1136 5317 1460 5391 Unnigardae
1497 5334 1621 5373 cum
1674 5320 1899 5391 Anysio,
1928 5318 2058 5379 Ro-

493 5420 670 5461 mana:
701 5416 829 5463 sunt
858 5420 1075 5473 manus,
1110 5407 1352 5463 Romana
1380 5410 1598 5464 militia.
1630 5410 1748 5465 lam
1782 5413 1901 5467 sine
1928 5412 2054 5475 isto,

442 5526 443 5529 η
492 5502 873 5573 quadragenos
901 5503 1064 5558 etiam
1095 5514 1387 5574 praasentes
1423 5504 1648 5559 laudare
1675 5504 1894 5575 quidem
1930 5521 2056 5575 pos.

492 5608 614 5648 sum
650 5594 723 5649 ob
759 5594 925 5649 robur
958 5612 971 5649 :
1013 5595 1107 5651 sed
1140 5611 1240 5665 pro
1287 5597 1528 5667 ipsorum
1557 5597 1743 5651 animo
1789 5598 2057 5666 spondere

489 5684 675 5740 nolim.
716 5683 931 5739 Relatio
983 5687 1285 5742 adornetup
1308 5705 1429 5757 quae
1479 5689 1546 5744 de
1578 5687 1786 5759 Anysio
1817 5695 1955 5754 oret,
2002 5696 2056 5743 et

489 5774 693 5834 milites
719 5784 773 5835 et
797 5779 1011 5848 tempus
1041 5786 1234 5850 poscat
1267 5786 1493 5838 strenuo
1536 5780 1668 5837 huic
1697 5779 1835 5838 viro.
1888 5779 2049 5856 At_in

2090 4472 2132 4525 D

2162 3199 2386 3285 πλείους
2403 3199 2455 3274 εί
2479 3221 2740 3289 γένοιντο,
2775 3219 2911 3291 πρὸς
2940 3213 3023 3281 οἷς
3060 3199 3259 3287 ἔχομεν
3288 3217 3594 3279 διακόσιοι,
3625 3216 3741 3286 μετὰ

2160 3314 2255 3368 τοῦ
2276 3313 2412 3367 Θεοῦ
2430 3313 2646 3385 θαρρῶν
2664 3312 3055 3382 ἀποφαίνομαι,
3078 3312 3293 3364 τουτονὶ
3310 3311 3412 3362 τὸν
3432 3311 3659 3363 νεανίαν
3675 3314 3739 3372 ei;

2160 3408 2259 3479 τὴν
2284 3406 2506 3461 ἐκείνων
2527 3405 2862 3460 διαϐιϐάσειν
2886 3404 2977 3457 τὸν
3000 3404 3261 3475 πόλεμον.
3302 3405 3557 3475 ’Δνυσίῳ
3594 3421 3738 3474 στρα-

2161 3497 2314 3569 τηγῷ
2338 3498 2643 3561 διακοσίους
2663 3497 3031 3568 Οὐννιγάρδας
3060 3498 3374 3566 αἰτήσομεν
3412 3498 3463 3548 εί
3492 3497 3735 3566 μέλλομεν

2161 3589 2449 3656 ἐπανάξειν
2467 3590 2576 3644 ἀπὸ
2593 3590 2691 3661 τῆς
2715 3590 2989 3661 βαρϐάρου
3012 3590 3134 3650 τοὺς
3168 3592 3495 3656 συγγενεῖς.
3530 3588 3655 3641 Εἴθε
3673 3606 3738 3656 γε·

2161 3682 2353 3752 νοίμην
2374 3681 2629 3752 λαφύρων
2652 3681 2780 3735 ἰδεῖν
2805 3680 2995 3753 νομὴν,
3019 3680 3380 3752 ἀνδραπόδων
3405 3680 3737 3750 βαρϐαρικῶν

2160 3772 2253 3823 τὸν
2294 3770 2431 3833 τέως
2482 3770 2745 3841 δεσπότην
2788 3769 3223 3825 ἀντιδουλεύοντα
3266 3768 3280 3820 l
3313 3768 3519 3821 Ταῦτα
3574 3768 3738 3838 πρώην

2165 3863 2261 3932 μὲν
2302 3861 2559 3927 εὔξασθαι
2590 3863 2719 3934 ῥᾷον
2754 3858 2854 3932 ἦν·
2888 3860 2983 3915 νῦν
3024 3861 3081 3913 δὲ
3117 3861 3266 3915 ἐστιν
3298 3861 3453 3914 αὐτά
3487 3859 3735 3913 n25.15-

2162 3972 2273 4009 σαι.
2299 3955 2381 4008 Τὰ
2405 3955 2513 4027 γὰρ
2534 3956 2591 4008 ὲν
2617 3954 2911 4025 ὀφθαλμοῖς
2932 3954 3120 4017 πιστὰ,
3140 3953 3249 4006 τῶν
3277 3952 3737 4023 προσδοκωμένων

2160 4046 2395 4117 ἐνέχυρα
2444 4047 2656 4115 γέγονε.
2689 4045 2832 4118 Πρὸς
2875 4041 2969 4101 οῦν
3016 4045 3187 4099 ταῦτα
3232 4045 3501 4099 Ἀνυσίου
3544 4046 3619 4098 δεῖ
3645 4044 3735 4096 τῶν

2159 4137 2446 4192 διακοσίων
2470 4138 2796 4208 ἡγουμένου.
2826 4131 2995 4201 Οὗτος
3023 4137 3430 4205 Οὐννιγάρδαις
3453 4136 3735 4206 κεχρῆσθαι

2161 4232 2256 4285 καὶ
2307 4230 2468 4301 φύσιν
2513 4230 2755 4302 ἔχεικαὶ
2803 4230 3020 4302 τέχνην.
3074 4230 3312 4284 Δύναται
3370 4233 3508 4295 τοὺς
3562 4231 3734 4300 ἄνδρας

2159 4318 2535 4387 ἐξοπλίζεσθαι
2558 4320 2653 4374 καὶ
2684 4319 3174 4392 μεταχειρίζεσθαι.
3200 4321 3585 4392 Οὐννιγάρδαι
3614 4323 3731 4389 μετὰ

2175 4411 2416 4467 Ἀνυσίου
2456 4411 2761 4482 Ῥωμαϊκαὶ
2813 4412 2994 4483 χεῖρές
3044 4414 3201 4465 εἰσιν.
3257 4415 3431 4467 ’Δνευ
3477 4414 3538 4466 δὲ
3567 4416 3729 4467 τούτου

2161 4501 2407 4565 καὶτοὺς
2452 4502 2862 4573 τεσσαράκοντα
2887 4503 3013 4566 τοὺς
3062 4502 3339 4573 παρόντας
3374 4507 3623 4557 ἐπαινεῖν
3651 4507 3733 4574 μὲν

2160 4591 2269 4663 ἔχω
2292 4593 2391 4663 τῆς
2421 4591 2632 4664 ῥώμης,
2659 4591 3032 4662 ἐγγυήσασθαι
3058 4591 3117 4644 δὲ
3139 4591 3241 4661 τῆς
3274 4594 3520 4663 γνώμης
3546 4595 3607 4645 οὔ
3628 4594 3733 4661 βού-

2157 4684 2343 4753 λομαι.
2427 4683 2702 4755 ’Δναφορά
2769 4683 3069 4737 στελλέσθω
3146 4686 3276 4753 περὶ
3340 4684 3550 4738 τούτου
3620 4701 3733 4753 :9:-

2161 4775 2460 4840 σϐεύουσα’,
2498 4774 2836 4846 στρατιώτας
2866 4775 2963 4829 καὶ
3008 4776 3196 4847 χρόνον
3246 4776 3490 4830 αἰτοῦσα
3522 4777 3601 4846 τῷ
3624 4794 3729 4843 γεν-

2159 4866 2315 4938 ναίῳ.
2358 4867 2469 4921 Καὶ
2524 4866 2672 4920 τᾶλλ’
2723 4867 2904 4929 ὁποῖος
2956 4867 3130 4937 ἁνήρ;
3179 4866 3273 4921 τὸν
3299 4869 3401 4921 ἐπὶ
3434 4871 3659 4940 εἰρήνης
3684 4868 3730 4918 δὲ

2158 4959 2415 5029 πόλεμον,
2457 4959 2550 5012 τὸν
2587 4958 2782 5029 μικροῦ
2826 4957 2917 5011 τοῦ
2970 4958 3302 5031 βαρϐαρικοῦ
3335 4960 3728 5031 χαλεπώπρπ.

2156 5051 2249 5105 τὸν
2301 5052 2379 5104 ὲκν
2420 5049 2522 5122 τῆς
2582 5051 2978 5122 στρατιωτικῆς
3038 5050 3267 5117 ἀταξίας
3322 5056 3422 5105 καὶ
3476 5054 3582 5123 τῆς
3636 5053 3729 5104 τῶν

2155 5140 2465 5210 ταξιάρχων
2514 5138 2845 5207 πλεονεξίας,
2894 5140 2991 5210 οὐχ
3030 5132 3184 5204 οὗτος
3227 5143 3257 5192 ὁ
3300 5142 3531 5205 παύσας
3563 5144 3723 5198 ἐστίν

2170 5231 2284 5300 Ἐφ’
2322 5227 2383 5284 οῦ
2417 5232 2578 5301 μόνου
2627 5247 2691 5299 γε
2716 5230 2826 5283 τῶν
2875 5232 3083 5285 πολλῶν
3134 5234 3465 5304 στρατηγῶν
3532 5235 3723 5300 tim;

2156 5322 2504 5394 ἠδικημένος,
2560 5322 2744 5393 μεῖξον
2784 5324 3117 5393 στρατιώτου
3155 5324 3481 5393 φθέγγεται.
3521 5328 3653 5378 τίνα
3680 5326 3721 5376 ξε

2156 5413 2333 5478 ἔξεστι
2386 5414 2569 5467 καλεῖν
2617 5413 2988 5486 ἀδωρότατονς
3023 5416 3099 5469 Οὐ
3129 5416 3219 5468 τὸν
3250 5417 3615 5489 ὑπερορῶντα
3652 5424 3723 5469 πεῖ

2155 5506 2262 5559 τῶν
2292 5507 2401 5561 ἀπὸ
2431 5506 2526 5560 τοῦ
2552 5507 2719 5579 νόμου
2765 5507 3003 5579 κερδῶν;
3042 5508 3101 5562 '0
3153 5507 3409 5579 θεοσεϐὴς
3438 5511 3507 5564 δὲ
3547 5514 3629 5573 τίς
3671 5512 3719 5562 ia

2155 5600 2364 5665 γένοιτο
2416 5597 2649 5667 μᾶλλον,
2693 5598 2729 5672 ἦ
2767 5600 2910 5663 ὅστις
2944 5600 3183 5664 ἅπαντος
3234 5600 3398 5672 ἔργου
3433 5604 3538 5653 καὶ
3585 5603 3718 5667 λάτον

2156 5687 2340 5742 θεόθεν
2363 5689 2644 5760 ’ἀρχεται;
2691 5690 2810 5744 ἀνθ’
2855 5685 2930 5744 ὧν
2988 5692 3241 5745 ἀπάντων
3280 5691 3456 5756 ἔξεστι
3506 5694 3572 5763 δὴ
3606 5696 3717 5744 2:5:

2157 5780 2387 5840 κάνθάδε
2432 5781 2830 5855 προσεύξασθαι
2883 5781 3061 5854 γῆρας
3094 5783 3240 5855 αὐτῷ
3273 5783 3411 5856 βαθὺ
3436 5787 3544 5842 καὶ
3576 5786 3714 5837 λεπι-
