3880 6522
116 413 254 469 1577
1207 416 1295 469 DE
1328 416 1512 471 ΠΟΝο
1544 413 1958 475 ASTBOLABII
1998 422 2250 481 SERMO.
3200 430 3339 484 15Ἱὸ

118 526 212 599 ρδν
260 525 623 597 παραμένειν,
670 526 780 588 τοῖς
818 525 1084 595 ἐνιαυτοῖς
1129 533 1535 605 συμπροῖούσης
1577 537 1674 606 τῆς

1787 515 1985 590 caeteris
2018 540 2232 607 qualem
2263 554 2323 595 se
2354 542 2621 611 praebuit?
2669 541 2871 600 Bellum
2907 544 3059 616 pacis
3098 552 3342 615 tempore

115 617 335 689 ἀρετῆς.
1783 639 2053 692 exortum.
2082 637 2136 685 et
2164 633 2267 686 hoc
2297 635 2585 691 barbarico
2618 638 2778 707 paulo
2828 640 3110 695 molestius
3146 654 3211 697 ex
3242 645 3344 696 mi-

116 718 277 771 litum
324 718 599 772 incondita
639 719 1085 784 tumultuatione,
1128 719 1378 786 deliciis,
1447 732 1612 791 atque
1667 726 1895 780 avaritia
1938 728 2337 801 insolentiaqm
2390 735 2589 789 ducum
2641 737 2961 800 excitatum,
3026 755 3206 795 nonne
3252 741 3342 797 hic

116 816 202 863 est
246 809 339 877 qui
376 811 713 877 compescuit
757 818 810 864 et
846 810 1158 881 oppressit?
1209 809 1325 866 Sub
1370 828 1481 883 quo
1520 816 1637 869 solo
1668 832 1698 871 e
1739 818 1925 873 multis
1970 819 2223 887 ducibus,
2278 824 2521 891 privatus
2569 826 2767 894 injuria
2814 828 3041 882 allectus
3115 828 3341 883 liberius

116 910 172 954 et
224 902 387 956 altius
443 903 666 964 clamat,
716 920 880 973 quam
920 905 1119 959 miles?
1166 906 1336 970 Quem
1391 922 1555 976 porro
1622 910 1745 964 licet
1785 911 2021 967 alienum
2061 929 2100 966 a~
2125 916 2446 971 muneribus
2473 919 2830 989 accipiendis.
2875 929 2926 975 et
2956 920 3343 974 abhorrentem

116 992 282 1051 dona,
308 993 535 1047 vocare?
557 992 747 1049 Nonne
779 1010 901 1049 eum
934 996 1023 1063 qui
1055 996 1286 1066 despicit
1328 999 1492 1051 etiam
1538 999 1686 1053 lucra
1724 1016 1843 1070 quae
1870 1006 1986 1073 lege
2019 1007 2352 1061 ohveniunt?
2376 1007 2705 1079 Religiosior
2735 1024 2862 1065 vero
2926 1012 3177 1081 quisnam
3248 1024 3344 1080 po-

116 1087 227 1141 tius
252 1085 391 1141 foret
425 1105 589 1158 quam
644 1091 690 1143 is
720 1091 813 1160 qui
851 1092 1032 1145 omnia
1074 1091 1215 1146 facta
1243 1100 1297 1146 et
1329 1094 1474 1147 dicta
1512 1108 1540 1145 a
1592 1093 1701 1150 Deo
1738 1098 1996 1153 erditur?
2058 1094 2162 1155 Pro
2210 1102 2296 1158 his
2344 1114 2489 1159 certe
2541 1105 2797 1160 omnibus
2844 1106 2924 1160 l'as
2987 1114 3071 1161 est
3117 1111 3343 1159 cunctos

116 1179 417 1233 etiamnum
438 1179 605 1236 Deum
625 1184 858 1251 precari,
879 1193 939 1237 ut
968 1196 1224 1240 senectus
1256 1186 1432 1254 ipsum
1462 1195 1721 1255 provecta
1756 1200 1808 1243 et
1854 1193 2044 1250 viridis
2077 1204 2310 1263 maneat,
2347 1197 2469 1265 ejus
2496 1199 2695 1253 virtute
2764 1199 2927 1253 simul
2990 1213 3115 1253 cum
3183 1196 3343 1249 annis

116 1286 466 1341 progressum
489 1271 738 1329 faciente.

680 1653 1404 1770 ΣΥΝΕΣΙΟΥ
1494 1657 1793 1773 ΤΟΥ
1910 1660 2787 1776 ΚΥΡΗΝΑΙοΥ

1474 1870 1651 1924 ΠΡΟΣ
1680 1868 2013 1926 ΠΔΙΟΝῘΟΝ

1000 2029 1192 2083 ΥΠΕΡ
1226 2030 1354 2082 ΤΟΥ
1380 2029 1620 2083 ΔΩΡΟΥ
1652 2024 2453 2087 ΑΣΤΡΟΛΑΒῘΟΥΛΟΙὊΣ.

1038 2356 1605 2475 SYNESII
1746 2358 2426 2474 CYRENZEI

1525 2595 1607 2637 AD
1646 2584 1937 2638 PJEONIUM

1096 2739 1351 2801 SEB‘MO
1394 2740 1489 2799 DE
1532 2740 1733 2801 DONO
1776 2736 2228 2801 ASTROLABII

221 3055 443 3113 Δκούων
477 3073 569 3110 σου
596 3057 782 3129 πρώην
809 3056 950 3127 ὑπὲρ
976 3055 1289 3125 φιλοσοφίας
1321 3056 1685 3124 ἀγανακτοῦν-

1860 3058 2020 3128 307
2052 3056 2187 3112 Cum
2212 3072 2319 3110 non
2351 3056 2425 3110 ita
2451 3054 2657 3127 pridem
2693 3062 2746 3111 te
2786 3055 3143 3127 phil050phiae
3174 3057 3347 3112 vicem

112 3162 233 3214 τος,
266 3152 313 3203 εί
346 3149 511 3221 μηδὲν
541 3148 694 3201 ἔσται
746 3146 918 3215 πέρας
949 3146 1251 3218 ἀνθρώποις
1284 3150 1381 3215 τῆς
1408 3150 1487 3212 εἰς
1516 3149 1680 3218 αὐτὴν

113 3243 394 3308 ἀσεϐείας,
428 3243 521 3296 καὶ
546 3242 663 3312 ἅμα
708 3242 791 3294 ὄτι
821 3239 1031 3312 χαλεπῇ
1061 3239 1234 3310 χρῷτο
1266 3239 1403 3312 τύχῃ
1443 3240 1533 3293 καὶ
1564 3240 1682 3293 λίαν

112 3333 428 3403 ἀγνώμονι,
474 3334 539 3404 ἣν
585 3334 631 3386 ol
681 3334 776 3403 μὲν
824 3331 1304 3402 προσποιούμενοι,
1352 3332 1438 3384 διὰ
1487 3333 1684 3403 συχνῆς

109 3425 403 3497 τερατείας
454 3423 821 3493 εὐδοκιμοῦσιν
865 3424 1018 3493 παρὰ
1065 3439 1122 3475 τε
1155 3423 1438 3486 δυνάσταις
1484 3425 1579 3477 καὶ
1625 3424 1683 3475 ἐν

108 3518 236 3579 ’τοῖς
262 3515 519 3586 πλήθεσιν
536 3532 548 3546 ο
578 3517 625 3568 οἱ
650 3515 705 3567 δὲ
735 3514 1086 3585 ἀληθεύοντες
1108 3513 1477 3577 ἀπιστοῦνται,
1508 3515 1601 3568 καὶ
1628 3516 1684 3566 ὲν

108 3606 306 3679 Καρὸς
332 3607 494 3678 μοίρᾳ
522 3605 809 3675 τιμῶνται,
836 3607 933 3675 τῆς
968 3606 1062 3676 μὲν
1089 3606 1261 3676 ὁρμῆς
1286 3608 1507 3675 ἠγάμην
1530 3622 1542 3633 ·
1576 3605 1683 3659 ἀπὸ

112 3700 237 3771 γὰρ
277 3702 415 3753 πάνυ
449 3700 697 3766 γενναίας
722 3700 962 3767 προῆκτο
996 3697 1227 3767 φύσεωςο
1261 3698 1317 3750 οὐ
1351 3698 1454 3767 μὴν
1478 3699 1682 3765 ἀγανα-

107 3795 271 3847 κτεῖν
297 3807 416 3842 τινα
442 3790 621 3860 οἴομαι
646 3789 771 3853 δεῖν,
802 3790 927 3841 ὅταν
949 3789 1008 3841 τὸ
1039 3787 1177 3841 κατά
1207 3788 1359 3850 λόγον
1392 3788 1679 3858 συμϐαίνῃ.

108 3884 359 3951 Εὒλογον
408 3882 464 3935 δὲ
515 3883 686 3951 δήπου
733 3881 1024 3950 τυγχάνειν
1077 3880 1325 3943 ἕκαστον,
1377 3872 1450 3932 ὧν
1502 3881 1684 3947 τυχεῖν

108 3974 479 4034 ἐσπούδακεν,
522 3974 615 4025 καὶ
656 3974 784 4046 περὶ
810 3972 847 4025 ἀ
879 3971 1391 4041 πεπραγμάτευται·
1434 3969 1527 4023 καὶ¹
1552 3971 1685 4023 ἀπο-

108 4066 410 4136 τυγχάνειν
453 4061 518 4118 αὖ
553 4064 713 4117 πάλιν
746 4064 988 4126 ἐκείνων,
1023 4057 1096 4116 ὧν
1125 4061 1246 4115 οὔτε
1293 4062 1508 4133 ὠρέχθη
1534 4061 1683 4127 ποτὲ,

110 4156 254 4212 οὔτε
294 4155 605 4227 ἐπεμελήθη
632 4157 777 4217 ὅπως
805 4154 871 4208 ἂν
900 4154 1047 4223 αὑτῷ
1076 4153 1450 4225 παραγένοιτο.
1482 4152 1543 4204 El
1574 4152 1684 4204 τοί-

110 4269 220 4309 νυν
246 4254 274 4306 ὁ
303 4254 400 4323 μὲν
427 4253 736 4324 ἐφρόντισεν
764 4251 857 4304 τοῦ
887 4250 1136 4320 γενέσθαι
1175 4250 1354 4319 σοφὸς,
1385 4253 1412 4304 ὁ
1441 4251 1497 4304 δὲ
1528 4252 1684 4321 μόνον

110 4342 223 4400 τοῦ
249 4344 411 4408 δόξαι,
441 4344 697 4415 ἑκάτερος
723 4344 784 4396 τὸ
808 4342 1082 4414 προσῆκον
1106 4341 1334 4412 ἔχουσιν,
1358 4343 1387 4393 ὁ
1409 4344 1504 4412 μὲν
1533 4342 1627 4406 ὢν,
1655 4344 1685 4395 ὁ

112 4438 183 4492 δὲ
212 4434 347 4489 εἶναι
374 4435 561 4489 δοκῶν.
600 4435 667 4487 Ἢ
698 4435 844 4488 δεινά
873 4436 923 4503 γ’
950 4433 1016 4487 ἂν
1044 4432 1266 4488 πάθοιεν
1295 4434 1389 4487 καὶ
1418 4434 1683 4488 δικαιότε-

117 4544 225 4600 ρον
263 4526 635 4595 ἀγανακτοῖεν,
674 4526 723 4577 oi
757 4523 847 4576 διὰ
873 4524 970 4593 τῆς
999 4524 1097 4576 οὐκ
1126 4522 1313 4594 οὔσης,
1336 4522 1469 4576 ἀλλὰ
1497 4539 1684 4592 φαινο-

118 4616 300 4688 μένης
347 4614 690 4683 φιλοσοφίας,
746 4613 900 4679 δόξαν
948 4612 1285 4683 θηρώμενοι,
1341 4614 1389 4664 εί
1426 4614 1535 4675 τοῖς
1589 4612 1686 4682 μὲν

118 4707 385 4777 ἑκάτερον
406 4705 635 4776 ὑπάρξει
667 4704 894 4774 θατέρου
919 4703 1282 4773 φροντίσασιν,
1309 4702 1455 4771 σφίσι
1477 4702 1532 4755 δὲ
1554 4703 1686 4773 μηδ-

120 4799 333 4868 έτερον.
374 4796 560 4850 Καίτοι
611 4796 670 4847 τὸ
710 4796 904 4866 ῥᾷστον
951 4794 1011 4845 οὐ
1067 4793 1133 4845 δι’
1175 4792 1452 4855 ἐλάττονος
1494 4795 1687 4863 ὲπιμε-

120 4885 281 4945 λείας
326 4883 828 4954 ὲπιτετηδεύκασιν,
880 4881 1157 4950 ἀπατῆσαι
1185 4882 1309 4943 τοὺς
1338 4881 1437 4933 οὐκ
1480 4881 1688 4945 εἰδότας

125 4976 265 5047 περὶ
294 4966 367 5028 ὧν
394 4974 723 5027 ἀπατῶνται.
765 4965 921 5025 υῦτοι
953 4970 1048 5041 μὲν
1089 4968 1179 5025 οὖν
1209 4972 1378 5023 ἔστων
1420 4971 1685 5042 λαμπροὶ,

124 5070 230 5124 καὶ
263 5069 372 5128 τοῖς
402 5066 646 5137 θεάτροις
685 5063 1113 5133 στεφανούσθων,
1160 5064 1207 5116 εἰ
1251 5063 1545 5133 βούλονται.
1580 5065 1689 5133 Τῆς

126 5160 244 5229 γὰρ
296 5158 551 5229 ἀληθείας
606 5158 1136 5226 παραχωρήσαντες,
1188 5144 1449 5224 ὀνόματος
1511 5155 1687 5224 ἡμφι-

130 5255 431 5324 σϐήτησαν.
478 5252 635 5319 Ἡμῖν
674 5249 729 5301 δὲ
776 5248 1252 5317 ὀλιγωρουμένοις’
1303 5246 1485 5317 ἐπειδὴ
1524 5247 1586 5299 σύ
1624 5264 1689 5317 με

130 5343 314 5415 βούλει
346 5344 454 5406 τοῖς
499 5345 561 5395 ὲκ
590 5340 683 5394 τοῦ
729 5340 951 5393 σπανίου
986 5340 1174 5407 γένους
1200 5338 1566 5409 συναριθμεῖν,
1598 5338 1691 5392 καὶ

129 5437 235 5505 οὐχ
280 5434 475 5502 ἥκιστα
513 5434 579 5488 δι’
625 5432 723 5503 ἐμὲ
754 5432 851 5503 τὴν
872 5430 1187 5500 φιλοσοφίας
1211 5429 1378 5499 τύχην
1403 5418 1691 5500 ἐδυσχέρα-

134 5548 266 5594 νας·
315 5532 444 5601 ἡμῖν
492 5522 580 5580 οὖν
628 5525 1015 5596 ἀμελουμένοις
1069 5523 1170 5575 ὑπὸ
1228 5521 1335 5575 τῶν
1391 5520 1692 5592 ἀνθρώπων

133 5621 449 5693 ἀγαπητέον
478 5618 573 5690 τὴν
602 5617 775 5683 τάξιν,
799 5618 878 5680 είς
903 5616 968 5686 ἢν
990 5616 1077 5684 ὑφ’
1105 5613 1310 5667 έαυτῶν
1348 5613 1545 5685 ἐτάχθη
1556 5630 1652 5683 μεν
1676 5630 1689 5645 σ

210 5828 290 5900 (1)
319 5829 628 5908 interprete
655 5822 781 5877 Fed.
821 5821 1063 5876 Morello.

344 5923 615 5980 Pyrum“
655 5920 770 5978 Gn.
822 5916 1036 5977 LXVI.

1784 3150 2023 3218 graviter
2062 3149 2223 3213 ferre,
2268 3158 2321 3203 et
2369 3149 2628 3218 conqueri
2678 3150 2943 3216 audirem,
2989 3151 3131 3219 quod
3183 3151 3344 3206 linem

1782 3241 1991 3295 nullum
2025 3249 2118 3295 aut
2143 3241 2361 3295 modum
2391 3240 2638 3296 facerent
2665 3241 2913 3297 homines
2943 3243 3107 3311 impie
3129 3258 3188 3298 se
3214 3258 3346 3313 erga

1782 3347 1901 3387 eam
1930 3334 2152 3402 gerendi
2187 3353 2200 3388 :
2233 3341 2347 3387 tum
2378 3333 2521 3403 quod
2555 3341 2663 3386 tam
2714 3333 2858 3387 tristi
2891 3341 2946 3387 et
2980 3332 3189 3387 difﬁcili
3230 3333 3345 3388 for-

1784 3432 1916 3479 tuna
1942 3433 2207 3491 uteretur,
2240 3433 2461 3495 tamque
2509 3424 2695 3495 iuiqua
2729 3434 2891 3496 atque
2924 3426 3135 3496 ingrata
3172 3443 3185 3479 :
3219 3440 3345 3479 cum

1780 3518 1877 3586 qui
1928 3517 2066 3572 hanc
2099 3518 2405 3572 simulatam
2450 3517 2729 3581 aﬂ‘ectant,
2757 3518 2827 3571 ob
2860 3519 3085 3573 crebras
3130 3518 3346 3588 praesti-

1783 3609 1923 3677 gias,
1974 3608 2316 3663 celebrentur
2366 3609 2656 3680 magnique
2706 3608 2857 3672 ﬁant,
2897 3619 3003 3663 tam
3049 3610 3193 3680 apud
3228 3623 3349 3678 pro-

1784 3712 1938 3753 ceres
1995 3712 2059 3751 ac
2125 3707 2411 3766 potentes,
2473 3714 2635 3768 quam
2700 3700 2754 3753 in
2824 3700 3058 3769 populo;
3120 3699 3216 3753 sed
3278 3698 3347 3753 iis

1784 3789 1878 3858 qui
1930 3804 2054 3843 vere
2104 3805 2220 3843 eam
2269 3789 2645 3859 proﬁteantur,
2685 3790 2814 3845 ﬁdes
2868 3805 2976 3843 non
3006 3790 3347 3856 adhibeatur,

1786 3896 1886 3935 nec
1946 3882 2116 3949 pluris
2179 3897 2340 3950 quam
2392 3882 2559 3936 Cares
2605 3884 2938 3936 aestimentur
2986 3900 3000 3936 :
3050 3881 3350 3935 admiratus

1786 3989 1907 4028 sum
1928 3972 2053 4041 iure
2082 3974 2243 4027 istum
2277 3972 2441 4027 animi
2474 3974 2554 4027 tui
2604 3973 2895 4042 impetum;
2923 3972 2969 4027 is
2991 3974 3135 4025 enim
3167 3979 3347 4027 motus

1786 4080 1814 4117 a
1855 4078 2118 4134 generosa
2165 4064 2322 4133 plane
2366 4074 2559 4119 natura
2615 4064 2734 4117 fuit.
2791 4061 3169 4117 Verumtamen
3220 4079 3347 4117 suc-

1786 4170 2010 4210 censere
2041 4169 2372 4225 qnemquam
2405 4164 2656 4225 Oportere
2684 4172 2790 4208 non
2816 4155 3093 4217 existimo,
3119 4156 3164 4209 si
3188 4154 3343 4223 quid,

1786 4254 1845 4298 ut
1876 4246 2014 4299 ratio
2049 4246 2172 4309 l'ert,
2205 4243 2441 4298 eveniat.
2469 4243 2585 4298 Jam
2618 4260 2746 4298 vero
2802 4246 3002 4299 rationi
3055 4254 3349 4300 consenta-

1786 4352 1949 4391 neum
1984 4344 2066 4391 est
2102 4352 2543 4406 unumquemque
2586 4350 2650 4391 ea
2686 4336 2943 4406 consequi
2994 4352 3117 4406 qua:
3145 4346 3203 4391 ut
3246 4338 3346 4392 ob—

1788 4430 1986 4483 tineret
2041 4428 2361 4493 elaboravit,
2397 4437 2451 4481 et
2492 4428 2546 4481 in
2606 4416 2807 4496 quibus
2857 4439 3155 4501 occupatus
3191 4429 3295 4484 fuit
3328 4448 3343 4485 :

1787 4530 1843 4577 et
1869 4530 2057 4575 contra
2086 4535 2193 4575 non
2219 4521 2436 4591 assequi
2475 4535 2537 4574 ea
2561 4536 2681 4590 quae
2729 4536 2904 4591 neque
2955 4521 3215 4591 appetivit
3242 4537 3346 4575 un-

1787 4628 1971 4683 quam,
2005 4627 2201 4682 neque,
2234 4619 2296 4665 ut
2324 4611 2430 4665 sibi
2465 4612 2740 4674 adessent,
2765 4624 2911 4664 cura:
2941 4611 3149 4663 habuit.
3195 4608 3348 4675 Quo-

1788 4707 1934 4761 niam
1968 4720 2098 4776 ergo
2144 4705 2283 4759 alius
2336 4704 2438 4757 hoc
2491 4702 2698 4757 studuit
2756 4703 2974 4773 egitque
3011 4710 3068 4755 ut
3128 4704 3349 4771 sapiens

1788 4806 1959 4861 esset,
1987 4797 2127 4852 alius
2158 4808 2335 4851 autem
2373 4804 2430 4848 ut
2462 4795 2509 4849 is
2542 4794 2815 4848 videretur
2848 4802 3091 4860 tantum;
3121 4802 3349 4862 uterque

1788 4898 1937 4944 certe
1968 4889 2019 4943 id
2054 4888 2218 4942 habet
2246 4886 2389 4957 quod
2429 4886 2477 4939 ei
2509 4886 2806 4955 competit;
2842 4899 2965 4939 cum
2999 4884 3087 4938 hic
3128 4885 3347 4954 quidem
3386 4880 3389 4883 ’

1788 4996 1850 5036 re
1882 4996 2007 5035 vera
2037 4988 2140 5045 est,
2168 4980 2255 5033 ille
2292 4978 2504 5032 videtur
2534 4994 2671 5034 esse.
2707 4978 2906 5044 Quidni
2951 4994 3080 5033 vero
3113 4979 3189 5032 illi
3226 4994 3351 5048 gra-

1788 5075 1910 5128 vius
1939 5072 2327 5143 aﬂligerentur,
2358 5071 2630 5141 etjnstius
2686 5071 3121 5140 indignarentur,
3160 5070 3250 5139 qui
3281 5086 3345 5123 ex

1791 5180 1854 5219 ea
1884 5178 2004 5232 qua;
2032 5177 2221 5232 reapse
2253 5177 2359 5215 non
2384 5170 2470 5217 est
2497 5161 2863 5232 pbiIoSOpliia,
2898 5160 2989 5215 sed
3022 5161 3140 5229 ejus
3169 5161 3344 5213 solum

1792 5254 2026 5323 speciem
2062 5268 2172 5321 prae
2220 5268 2279 5307 se
2338 5252 2476 5313 fert.
2520 5252 2747 5322 gloriam
2807 5258 3171 5318 aucupantur,
3202 5251 3244 5303 si
3282 5251 3346 5305 iis

1790 5342 2010 5414 quidem
2042 5353 2329 5410 utrumque
2386 5346 2658 5410 suppetat,
2685 5337 2776 5407 qui
2813 5335 2879 5391 de
2926 5336 3096 5389 altero
3135 5344 3345 5389 tantum

1794 5434 2011 5490 solliciti
2046 5433 2267 5486 fuerunt
2310 5451 2323 5486 :
2355 5430 2488 5500 ipsis
2523 5436 2703 5482 autem
2737 5435 2987 5481 neutrum
3018 5426 3348 5481 succurrat?

1793 5537 1975 5582 tamen
1996 5525 2099 5582 etsi
2130 5526 2177 5581 ei
2208 5524 2351 5595 quod
2387 5522 2706 5577 facillimum
2735 5527 2818 5575 est
2848 5534 2955 5573 non
2988 5518 3195 5572 minore
3218 5530 3347 5570 cura

1795 5616 2124 5680 studuerint,
2159 5624 2319 5684 atque
2349 5609 2717 5675 incubuerint,
2751 5623 2946 5678 nempe
2986 5615 3044 5660 ut
3077 5606 3348 5677 decipiant

2858 5851 3030 5961 '50
