  <div class='ocr_page' id='page_1' title='image "/cluster/home/n/w/nwhite01/storage/ocr_20150623/66/hvd.32044020183315/795.png"; bbox 0 0 3906 6534; ppageno 0'>
   <div class='ocr_carea' id='block_1_1' title="bbox 556 389 657 441">
    <p class='ocr_par' dir='ltr' id='par_1_1' title="bbox 556 389 657 441">
     <span class='ocr_line' id='line_1_1' title="bbox 556 389 657 441; baseline -0.01 0"><span class='ocrx_word' id='word_1_1' title='bbox 556 389 657 441; x_wconf 67' lang='grc' dir='ltr'><strong><em>ε-ἵὶτ</em></strong></span> 
     </span>
    </p>
   </div>
   <div class='ocr_carea' id='block_1_2' title="bbox 1605 384 2736 444">
    <p class='ocr_par' dir='ltr' id='par_1_2' title="bbox 1605 384 2736 444">
     <span class='ocr_line' id='line_1_2' title="bbox 1605 384 2736 444; baseline 0.003 -7"><span class='ocrx_word' id='word_1_2' title='bbox 1605 384 1867 439; x_wconf 82' lang='lat' dir='ltr'><strong>SYNESII</strong></span> <span class='ocrx_word' id='word_1_3' title='bbox 1924 385 2382 443; x_wconf 78' lang='lat' dir='ltr'><strong>PTOLEMAIDIS</strong></span> <span class='ocrx_word' id='word_1_4' title='bbox 2430 386 2736 444; x_wconf 81' lang='lat' dir='ltr'><strong>EPISCOPI</strong></span> 
     </span>
    </p>
   </div>
   <div class='ocr_carea' id='block_1_3' title="bbox 3668 396 3805 452">
    <p class='ocr_par' dir='ltr' id='par_1_3' title="bbox 3668 396 3805 452">
     <span class='ocr_line' id='line_1_3' title="bbox 3668 396 3805 452; baseline 0.022 -3"><span class='ocrx_word' id='word_1_5' title='bbox 3668 396 3805 452; x_wconf 75' lang='grc'>1583</span> 
     </span>
    </p>
   </div>
   <div class='ocr_carea' id='block_1_4' title="bbox 552 497 2098 580">
    <p class='ocr_par' dir='ltr' id='par_1_4' title="bbox 552 497 2098 570">
     <span class='ocr_line' id='line_1_4' title="bbox 552 497 2098 570; baseline -0.001 -15"><span class='ocrx_word' id='word_1_6' title='bbox 552 516 651 555; x_wconf 90' lang='lat' dir='ltr'><strong>eos</strong></span> <span class='ocrx_word' id='word_1_7' title='bbox 703 499 795 570; x_wconf 89' lang='lat' dir='ltr'><strong>qui</strong></span> <span class='ocrx_word' id='word_1_8' title='bbox 834 514 897 554; x_wconf 88' lang='lat' dir='ltr'><strong>ea</strong></span> <span class='ocrx_word' id='word_1_9' title='bbox 929 514 1038 553; x_wconf 91' lang='lat' dir='ltr'><strong>non</strong></span> <span class='ocrx_word' id='word_1_10' title='bbox 1068 508 1271 552; x_wconf 90' lang='lat' dir='ltr'><strong>norunt</strong></span> <span class='ocrx_word' id='word_1_11' title='bbox 1306 498 1358 551; x_wconf 92' lang='lat' dir='ltr'><strong>in</strong></span> <span class='ocrx_word' id='word_1_12' title='bbox 1408 497 1606 568; x_wconf 85' lang='lat' dir='ltr'><strong>quibus</strong></span> <span class='ocrx_word' id='word_1_13' title='bbox 1653 501 2018 570; x_wconf 78' lang='lat' dir='ltr'><strong>decipiuntur.</strong></span> <span class='ocrx_word' id='word_1_14' title='bbox 2061 501 2098 555; x_wconf 88' lang='lat' dir='ltr'><strong>ll</strong></span> 
     </span>
    </p>
   </div>
   <div class='ocr_carea' id='block_1_5' title="bbox 2200 497 3805 580">
    <p class='ocr_par' dir='ltr' id='par_1_5' title="bbox 2226 503 3805 580">
     <span class='ocr_line' id='line_1_5' title="bbox 2226 503 3805 580; baseline 0.005 -26"><span class='ocrx_word' id='word_1_15' title='bbox 2226 503 2320 555; x_wconf 74' lang='grc' dir='ltr'><strong>καὶ</strong></span> <span class='ocrx_word' id='word_1_16' title='bbox 2349 504 2410 555; x_wconf 80' lang='grc' dir='ltr'><strong>οὐ</strong></span> <span class='ocrx_word' id='word_1_17' title='bbox 2450 503 2735 573; x_wconf 74' lang='grc' dir='ltr'>ζηλωτέον,</span> <span class='ocrx_word' id='word_1_18' title='bbox 2765 504 2884 557; x_wconf 73' lang='grc' dir='ltr'><strong>οὑδέ</strong></span> <span class='ocrx_word' id='word_1_19' title='bbox 2914 508 3278 577; x_wconf 84' lang='grc' dir='ltr'>μακαριστέον</span> <span class='ocrx_word' id='word_1_20' title='bbox 3298 509 3419 572; x_wconf 69' lang='grc' dir='ltr'>τοὺς</span> <span class='ocrx_word' id='word_1_21' title='bbox 3465 511 3805 580; x_wconf 63' lang='grc' dir='ltr'>ἡμιπαιᾶρὲο</span> 
     </span>
    </p>
   </div>
   <div class='ocr_carea' id='block_1_6' title="bbox 553 590 2119 661">
    <p class='ocr_par' dir='ltr' id='par_1_6' title="bbox 553 590 2119 661">
     <span class='ocr_line' id='line_1_6' title="bbox 553 590 2119 661; baseline 0 -16"><span class='ocrx_word' id='word_1_22' title='bbox 553 594 719 661; x_wconf 91' lang='lat' dir='ltr'><strong>igitur</strong></span> <span class='ocrx_word' id='word_1_23' title='bbox 746 590 1013 659; x_wconf 83' lang='lat' dir='ltr'><strong>Splendidi</strong></span> <span class='ocrx_word' id='word_1_24' title='bbox 1038 600 1092 644; x_wconf 90' lang='lat' dir='ltr'><strong>et</strong></span> <span class='ocrx_word' id='word_1_25' title='bbox 1140 591 1383 643; x_wconf 90' lang='lat' dir='ltr'><strong>illustres</strong></span> <span class='ocrx_word' id='word_1_26' title='bbox 1423 603 1554 642; x_wconf 83' lang='lat' dir='ltr'><strong>sane</strong></span> <span class='ocrx_word' id='word_1_27' title='bbox 1582 602 1767 655; x_wconf 92' lang='lat' dir='ltr'><strong>sunto,</strong></span> <span class='ocrx_word' id='word_1_28' title='bbox 1805 600 1858 644; x_wconf 89' lang='lat' dir='ltr'><strong>et</strong></span> <span class='ocrx_word' id='word_1_29' title='bbox 1888 593 1940 645; x_wconf 91' lang='lat' dir='ltr'><strong>in</strong></span> <span class='ocrx_word' id='word_1_30' title='bbox 1965 593 2119 646; x_wconf 83' lang='lat' dir='ltr'><strong>thea-</strong></span> 
     </span>
    </p>
   </div>
   <div class='ocr_carea' id='block_1_7' title="bbox 552 680 2115 746">
    <p class='ocr_par' dir='ltr' id='par_1_7' title="bbox 552 680 2115 746">
     <span class='ocr_line' id='line_1_7' title="bbox 552 680 2115 746; baseline 0 -9"><span class='ocrx_word' id='word_1_31' title='bbox 552 685 654 738; x_wconf 89' lang='lat' dir='ltr'><strong>tris</strong></span> <span class='ocrx_word' id='word_1_32' title='bbox 707 690 1075 746; x_wconf 90' lang='lat' dir='ltr'><strong>coronentur,</strong></span> <span class='ocrx_word' id='word_1_33' title='bbox 1108 681 1153 735; x_wconf 89' lang='lat' dir='ltr'><strong>si</strong></span> <span class='ocrx_word' id='word_1_34' title='bbox 1200 680 1387 734; x_wconf 92' lang='lat' dir='ltr'><strong>lubet:</strong></span> <span class='ocrx_word' id='word_1_35' title='bbox 1430 694 1459 731; x_wconf 88' lang='lat' dir='ltr'><strong>a</strong></span> <span class='ocrx_word' id='word_1_36' title='bbox 1509 680 1737 734; x_wconf 90' lang='lat' dir='ltr'><strong>veritate</strong></span> <span class='ocrx_word' id='word_1_37' title='bbox 1791 682 1933 735; x_wconf 90' lang='lat' dir='ltr'><strong>enim</strong></span> <span class='ocrx_word' id='word_1_38' title='bbox 1989 698 2115 737; x_wconf 92' lang='lat' dir='ltr'><strong>cum</strong></span> 
     </span>
    </p>
   </div>
   <div class='ocr_carea' id='block_1_8' title="bbox 550 772 2114 837">
    <p class='ocr_par' dir='ltr' id='par_1_8' title="bbox 550 772 2114 837">
     <span class='ocr_line' id='line_1_8' title="bbox 550 772 2114 837; baseline 0 -6"><span class='ocrx_word' id='word_1_39' title='bbox 550 775 891 837; x_wconf 79' lang='lat' dir='ltr'><strong>deﬂexerint,</strong></span> <span class='ocrx_word' id='word_1_40' title='bbox 927 774 995 829; x_wconf 89' lang='lat' dir='ltr'><strong>de</strong></span> <span class='ocrx_word' id='word_1_41' title='bbox 1040 774 1259 827; x_wconf 81' lang='lat' dir='ltr'><strong>nomine</strong></span> <span class='ocrx_word' id='word_1_42' title='bbox 1316 772 1748 826; x_wconf 90' lang='lat' dir='ltr'><strong>controversiam</strong></span> <span class='ocrx_word' id='word_1_43' title='bbox 1808 786 2114 831; x_wconf 91' lang='lat' dir='ltr'><strong>moverunt.</strong></span> 
     </span>
    </p>
   </div>
   <div class='ocr_carea' id='block_1_9' title="bbox 547 865 2117 936">
    <p class='ocr_par' dir='ltr' id='par_1_9' title="bbox 547 865 2117 936">
     <span class='ocr_line' id='line_1_9' title="bbox 547 865 2117 936; baseline 0.002 -15"><span class='ocrx_word' id='word_1_44' title='bbox 547 868 716 921; x_wconf 82' lang='lat' dir='ltr'><strong>Nobis</strong></span> <span class='ocrx_word' id='word_1_45' title='bbox 746 881 875 920; x_wconf 89' lang='lat' dir='ltr'><strong>vero</strong></span> <span class='ocrx_word' id='word_1_46' title='bbox 916 867 1011 936; x_wconf 97' lang='lat' dir='ltr'><strong>qui</strong></span> <span class='ocrx_word' id='word_1_47' title='bbox 1062 865 1395 935; x_wconf 88' lang='lat' dir='ltr'><strong>despicimur</strong></span> <span class='ocrx_word' id='word_1_48' title='bbox 1421 865 1887 933; x_wconf 77' lang='lat' dir='ltr'><strong>(quandoquidem</strong></span> <span class='ocrx_word' id='word_1_49' title='bbox 1929 877 1985 921; x_wconf 92' lang='lat' dir='ltr'><strong>tu</strong></span> <span class='ocrx_word' id='word_1_50' title='bbox 2031 885 2117 925; x_wconf 90' lang='lat' dir='ltr'><strong>me</strong></span> 
     </span>
    </p>
   </div>
   <div class='ocr_carea' id='block_1_10' title="bbox 546 960 2116 1030">
    <p class='ocr_par' dir='ltr' id='par_1_10' title="bbox 546 960 2116 1030">
     <span class='ocr_line' id='line_1_10' title="bbox 546 960 2116 1030; baseline 0.001 -16"><span class='ocrx_word' id='word_1_51' title='bbox 546 964 629 1014; x_wconf 85' lang='lat' dir='ltr'><strong>vis</strong></span> <span class='ocrx_word' id='word_1_52' title='bbox 661 963 727 1015; x_wconf 92' lang='lat' dir='ltr'><strong>iis</strong></span> <span class='ocrx_word' id='word_1_53' title='bbox 770 962 864 1030; x_wconf 88' lang='lat' dir='ltr'><strong>qui</strong></span> <span class='ocrx_word' id='word_1_54' title='bbox 909 976 939 1014; x_wconf 91' lang='lat' dir='ltr'><strong>e</strong></span> <span class='ocrx_word' id='word_1_55' title='bbox 980 960 1189 1012; x_wconf 88' lang='lat' dir='ltr'><strong>rariore</strong></span> <span class='ocrx_word' id='word_1_56' title='bbox 1224 974 1420 1028; x_wconf 80' lang='lat' dir='ltr'><strong>genere</strong></span> <span class='ocrx_word' id='word_1_57' title='bbox 1470 966 1598 1010; x_wconf 91' lang='lat' dir='ltr'><strong>sunt</strong></span> <span class='ocrx_word' id='word_1_58' title='bbox 1650 972 2038 1027; x_wconf 87' lang='lat' dir='ltr'><strong>annumerare,</strong></span> <span class='ocrx_word' id='word_1_59' title='bbox 2062 968 2116 1015; x_wconf 88' lang='lat' dir='ltr'><strong>et</strong></span> 
     </span>
    </p>
   </div>
   <div class='ocr_carea' id='block_1_11' title="bbox 544 1049 2115 1125">
    <p class='ocr_par' dir='ltr' id='par_1_11' title="bbox 544 1049 2115 1125">
     <span class='ocr_line' id='line_1_11' title="bbox 544 1049 2115 1125; baseline 0.001 -19"><span class='ocrx_word' id='word_1_60' title='bbox 544 1055 709 1125; x_wconf 74' lang='lat'><strong>308</strong></span> <span class='ocrx_word' id='word_1_61' title='bbox 731 1056 950 1123; x_wconf 72' lang='lat' dir='ltr'><strong>propter</strong></span> <span class='ocrx_word' id='word_1_62' title='bbox 977 1068 1061 1107; x_wconf 91' lang='lat' dir='ltr'><strong>me</strong></span> <span class='ocrx_word' id='word_1_63' title='bbox 1094 1052 1433 1120; x_wconf 86' lang='lat' dir='ltr'><strong>potissimum</strong></span> <span class='ocrx_word' id='word_1_64' title='bbox 1484 1049 1549 1103; x_wconf 86' lang='lat' dir='ltr'><strong>de</strong></span> <span class='ocrx_word' id='word_1_65' title='bbox 1577 1057 1723 1103; x_wconf 89' lang='lat' dir='ltr'><strong>sorte</strong></span> <span class='ocrx_word' id='word_1_66' title='bbox 1760 1050 2115 1121; x_wconf 74' lang='lat' dir='ltr'><strong>philosophia:</strong></span> 
     </span>
    </p>
   </div>
   <div class='ocr_carea' id='block_1_12' title="bbox 2217 594 3806 663">
    <p class='ocr_par' dir='ltr' id='par_1_12' title="bbox 2217 594 3806 663">
     <span class='ocr_line' id='line_1_12' title="bbox 2217 594 3806 663; baseline 0.005 -18"><span class='ocrx_word' id='word_1_67' title='bbox 2217 611 2340 657; x_wconf 86' lang='grc' dir='ltr'>τους</span> <span class='ocrx_word' id='word_1_68' title='bbox 2370 594 2607 659; x_wconf 75' lang='grc' dir='ltr'><strong>τούτους,</strong></span> <span class='ocrx_word' id='word_1_69' title='bbox 2642 598 2770 649; x_wconf 85' lang='grc' dir='ltr'>ὅταν</span> <span class='ocrx_word' id='word_1_70' title='bbox 2822 597 2926 649; x_wconf 73' lang='grc' dir='ltr'>ὑπὸ</span> <span class='ocrx_word' id='word_1_71' title='bbox 2966 598 3077 650; x_wconf 84' lang='grc' dir='ltr'>τῶν</span> <span class='ocrx_word' id='word_1_72' title='bbox 3128 600 3402 663; x_wconf 81' lang='grc' dir='ltr'><strong>παντελῶς</strong></span> <span class='ocrx_word' id='word_1_73' title='bbox 3451 602 3806 654; x_wconf 65' lang='grc' dir='ltr'>ἀπαιδεύτων</span> 
     </span>
    </p>
   </div>
   <div class='ocr_carea' id='block_1_13' title="bbox 2222 687 3805 763">
    <p class='ocr_par' dir='ltr' id='par_1_13' title="bbox 2222 687 3805 763">
     <span class='ocr_line' id='line_1_13' title="bbox 2222 687 3805 763; baseline 0.004 -24"><span class='ocrx_word' id='word_1_74' title='bbox 2222 687 2485 758; x_wconf 88' lang='grc' dir='ltr'>μετέωροι</span> <span class='ocrx_word' id='word_1_75' title='bbox 2524 689 2795 759; x_wconf 86' lang='grc' dir='ltr'>φέρονται.</span> <span class='ocrx_word' id='word_1_76' title='bbox 2846 690 2982 743; x_wconf 73' lang='grc' dir='ltr'>οὕτε</span> <span class='ocrx_word' id='word_1_77' title='bbox 3016 692 3125 762; x_wconf 79' lang='grc' dir='ltr'>γὰρ</span> <span class='ocrx_word' id='word_1_78' title='bbox 3167 694 3299 763; x_wconf 75' lang='grc' dir='ltr'>ὁρᾷν</span> <span class='ocrx_word' id='word_1_79' title='bbox 3327 692 3507 763; x_wconf 76' lang='grc' dir='ltr'>ψυχῆς</span> <span class='ocrx_word' id='word_1_80' title='bbox 3546 696 3805 745; x_wconf 79' lang='grc' dir='ltr'>ἐκκεκα-</span> 
     </span>
    </p>
   </div>
   <div class='ocr_carea' id='block_1_14' title="bbox 2218 777 3808 853">
    <p class='ocr_par' dir='ltr' id='par_1_14' title="bbox 2218 777 3808 853">
     <span class='ocr_line' id='line_1_14' title="bbox 2218 777 3808 853; baseline 0.006 -24"><span class='ocrx_word' id='word_1_81' title='bbox 2218 777 2492 848; x_wconf 86' lang='grc' dir='ltr'>θαρμένης</span> <span class='ocrx_word' id='word_1_82' title='bbox 2521 780 2710 843; x_wconf 81' lang='grc' dir='ltr'>κάλλος</span> <span class='ocrx_word' id='word_1_83' title='bbox 2751 782 2800 832; x_wconf 87' lang='grc' dir='ltr'>οἱ</span> <span class='ocrx_word' id='word_1_84' title='bbox 2833 782 2907 851; x_wconf 84' lang='grc' dir='ltr'>μὴ</span> <span class='ocrx_word' id='word_1_85' title='bbox 2937 782 3166 853; x_wconf 76' lang='grc' dir='ltr'>καθαροὶ</span> <span class='ocrx_word' id='word_1_86' title='bbox 3200 785 3443 837; x_wconf 72' lang='grc' dir='ltr'>δυνατοίο</span> <span class='ocrx_word' id='word_1_87' title='bbox 3480 786 3577 837; x_wconf 77' lang='grc' dir='ltr'><strong>καὶ</strong></span> <span class='ocrx_word' id='word_1_88' title='bbox 3615 785 3682 837; x_wconf 71' lang='grc' dir='ltr'>τὸ</span> <span class='ocrx_word' id='word_1_89' title='bbox 3715 802 3808 851; x_wconf 72' lang='grc' dir='ltr'>κη-</span> 
     </span>
    </p>
   </div>
   <div class='ocr_carea' id='block_1_15' title="bbox 2218 871 3805 946">
    <p class='ocr_par' dir='ltr' id='par_1_15' title="bbox 2218 871 3805 946">
     <span class='ocr_line' id='line_1_15' title="bbox 2218 871 3805 946; baseline 0.004 -23"><span class='ocrx_word' id='word_1_90' title='bbox 2218 871 2431 943; x_wconf 76' lang='grc' dir='ltr'>ρύττειν</span> <span class='ocrx_word' id='word_1_91' title='bbox 2470 873 2677 929; x_wconf 82' lang='grc' dir='ltr'>ἐαυτὸν.</span> <span class='ocrx_word' id='word_1_92' title='bbox 2720 876 2814 925; x_wconf 75' lang='grc' dir='ltr'>καὶ</span> <span class='ocrx_word' id='word_1_93' title='bbox 2869 874 3047 926; x_wconf 85' lang='grc' dir='ltr'>πάντα</span> <span class='ocrx_word' id='word_1_94' title='bbox 3085 879 3257 927; x_wconf 80' lang='grc' dir='ltr'>ποιεῖν</span> <span class='ocrx_word' id='word_1_95' title='bbox 3286 877 3425 946; x_wconf 82' lang='grc' dir='ltr'>ὑπὲρ</span> <span class='ocrx_word' id='word_1_96' title='bbox 3457 877 3805 942; x_wconf 73' lang='grc' dir='ltr'>ἐπιδείξεως,</span> 
     </span>
    </p>
   </div>
   <div class='ocr_carea' id='block_1_16' title="bbox 2216 964 3805 1038">
    <p class='ocr_par' dir='ltr' id='par_1_16' title="bbox 2216 964 3805 1038">
     <span class='ocr_line' id='line_1_16' title="bbox 2216 964 3805 1038; baseline 0.003 -23"><span class='ocrx_word' id='word_1_97' title='bbox 2216 965 2277 1015; x_wconf 71' lang='grc' dir='ltr'><strong>οὐ</strong></span> <span class='ocrx_word' id='word_1_98' title='bbox 2322 965 2535 1033; x_wconf 78' lang='grc' dir='ltr'><strong>σοφίας,</strong></span> <span class='ocrx_word' id='word_1_99' title='bbox 2578 964 2716 1017; x_wconf 69' lang='grc' dir='ltr'>ἀλλὰ</span> <span class='ocrx_word' id='word_1_100' title='bbox 2773 967 3079 1034; x_wconf 62' lang='grc' dir='ltr'>σοφιστείας</span> <span class='ocrx_word' id='word_1_101' title='bbox 3132 968 3295 1022; x_wconf 88' lang='grc' dir='ltr'>ἐστίν.</span> <span class='ocrx_word' id='word_1_102' title='bbox 3352 970 3442 1021; x_wconf 79' lang='grc' dir='ltr'><strong>Διὸ</strong></span> <span class='ocrx_word' id='word_1_103' title='bbox 3492 969 3602 1035; x_wconf 67' lang='grc' dir='ltr'>τῆς</span> <span class='ocrx_word' id='word_1_104' title='bbox 3656 970 3805 1038; x_wconf 62' lang='grc' dir='ltr'>παρὰ</span> 
     </span>
    </p>
   </div>
   <div class='ocr_carea' id='block_1_17' title="bbox 2220 1058 3587 1132">
    <p class='ocr_par' dir='ltr' id='par_1_17' title="bbox 2220 1058 3587 1132">
     <span class='ocr_line' id='line_1_17' title="bbox 2220 1058 3587 1132; baseline 0.004 -23"><span class='ocrx_word' id='word_1_105' title='bbox 2220 1058 2427 1109; x_wconf 80' lang='grc' dir='ltr'>πολλῶν</span> <span class='ocrx_word' id='word_1_106' title='bbox 2450 1058 2804 1127; x_wconf 82' lang='grc' dir='ltr'>ἀμοιροῦντας</span> <span class='ocrx_word' id='word_1_107' title='bbox 2832 1060 3009 1123; x_wconf 76' lang='grc' dir='ltr'>αἰδοῦς</span> <span class='ocrx_word' id='word_1_108' title='bbox 3039 1061 3215 1124; x_wconf 84' lang='grc' dir='ltr'>καλῶς</span> <span class='ocrx_word' id='word_1_109' title='bbox 3243 1062 3352 1132; x_wconf 77' lang='grc' dir='ltr'>ἔχει</span> <span class='ocrx_word' id='word_1_110' title='bbox 3379 1064 3587 1130; x_wconf 78' lang='grc' dir='ltr'>λέγειν’</span> 
     </span>
    </p>
   </div>
   <div class='ocr_carea' id='block_1_18' title="bbox 547 1142 3801 1228">
    <p class='ocr_par' dir='ltr' id='par_1_18' title="bbox 547 1142 3801 1222">
     <span class='ocr_line' id='line_1_18' title="bbox 547 1142 3801 1222; baseline 0.002 -22"><span class='ocrx_word' id='word_1_111' title='bbox 547 1162 883 1201; x_wconf 87' lang='lat' dir='ltr'><strong>succensens</strong></span> <span class='ocrx_word' id='word_1_112' title='bbox 923 1154 1260 1215; x_wconf 75' lang='lat' dir='ltr'><strong>conquestus</strong></span> <span class='ocrx_word' id='word_1_113' title='bbox 1302 1146 1407 1211; x_wconf 88' lang='lat' dir='ltr'><strong>es),</strong></span> <span class='ocrx_word' id='word_1_114' title='bbox 1446 1142 1605 1197; x_wconf 90' lang='lat' dir='ltr'><strong>nobis</strong></span> <span class='ocrx_word' id='word_1_115' title='bbox 1648 1144 1815 1213; x_wconf 91' lang='lat' dir='ltr'><strong>igitur</strong></span> <span class='ocrx_word' id='word_1_116' title='bbox 1841 1186 1857 1213; x_wconf 69' lang='lat'><strong>,</strong></span> <span class='ocrx_word' id='word_1_117' title='bbox 1890 1146 1983 1215; x_wconf 91' lang='lat' dir='ltr'><strong>qui</strong></span> <span class='ocrx_word' id='word_1_118' title='bbox 2028 1147 2096 1201; x_wconf 89' lang='lat' dir='ltr'><strong>ab</strong></span> <span class='ocrx_word' id='word_1_119' title='bbox 2139 1147 2457 1205; x_wconf 89' lang='lat' dir='ltr'><strong>hominibus</strong></span> <span class='ocrx_word' id='word_1_120' title='bbox 2506 1154 2933 1217; x_wconf 90' lang='lat' dir='ltr'><strong>contemnimur,</strong></span> <span class='ocrx_word' id='word_1_121' title='bbox 2965 1155 3354 1222; x_wconf 77' lang='lat' dir='ltr'><strong>amplexandns</strong></span> <span class='ocrx_word' id='word_1_122' title='bbox 3395 1157 3555 1210; x_wconf 87' lang='lat' dir='ltr'><strong>locus</strong></span> <span class='ocrx_word' id='word_1_123' title='bbox 3598 1166 3713 1220; x_wconf 82' lang='lat' dir='ltr'><strong>est,</strong></span> <span class='ocrx_word' id='word_1_124' title='bbox 3753 1172 3801 1208; x_wconf 89' lang='lat' dir='ltr'><strong>In</strong></span> 
     </span>
    </p>
   </div>
   <div class='ocr_carea' id='block_1_19' title="bbox 557 1241 3801 1320">
    <p class='ocr_par' dir='ltr' id='par_1_19' title="bbox 557 1241 3801 1320">
     <span class='ocr_line' id='line_1_19' title="bbox 557 1241 3801 1320; baseline 0.002 -26"><span class='ocrx_word' id='word_1_125' title='bbox 557 1258 718 1313; x_wconf 87' lang='lat' dir='ltr'><strong>quem</strong></span> <span class='ocrx_word' id='word_1_126' title='bbox 754 1242 970 1310; x_wconf 88' lang='lat' dir='ltr'><strong>ipsimet</strong></span> <span class='ocrx_word' id='word_1_127' title='bbox 1027 1255 1127 1293; x_wconf 91' lang='lat' dir='ltr'><strong>nos</strong></span> <span class='ocrx_word' id='word_1_128' title='bbox 1161 1241 1551 1295; x_wconf 90' lang='lat' dir='ltr'><strong>constituimus</strong></span> <span class='ocrx_word' id='word_1_129' title='bbox 1587 1260 1598 1294; x_wconf 89' lang='lat'>:</span> <span class='ocrx_word' id='word_1_130' title='bbox 1632 1257 1809 1311; x_wconf 84' lang='lat' dir='ltr'><strong>neque</strong></span> <span class='ocrx_word' id='word_1_131' title='bbox 1851 1244 2117 1306; x_wconf 62' lang='lat' dir='ltr'><strong>aetrnulari,</strong></span> <span class='ocrx_word' id='word_1_132' title='bbox 2155 1260 2254 1298; x_wconf 90' lang='lat' dir='ltr'><strong>nec</strong></span> <span class='ocrx_word' id='word_1_133' title='bbox 2286 1247 2475 1301; x_wconf 88' lang='lat' dir='ltr'><strong>beatos</strong></span> <span class='ocrx_word' id='word_1_134' title='bbox 2511 1255 2702 1315; x_wconf 89' lang='lat' dir='ltr'><strong>putare</strong></span> <span class='ocrx_word' id='word_1_135' title='bbox 2736 1248 2859 1302; x_wconf 91' lang='lat' dir='ltr'><strong>illos</strong></span> <span class='ocrx_word' id='word_1_136' title='bbox 2889 1250 3217 1303; x_wconf 86' lang='lat' dir='ltr'><strong>semidoctos</strong></span> <span class='ocrx_word' id='word_1_137' title='bbox 3281 1250 3571 1307; x_wconf 84' lang='lat' dir='ltr'><strong>debemus.</strong></span> <span class='ocrx_word' id='word_1_138' title='bbox 3653 1252 3801 1320; x_wconf 79' lang='lat' dir='ltr'><strong>quod</strong></span> 
     </span>
    </p>
   </div>
   <div class='ocr_carea' id='block_1_20' title="bbox 543 1337 3803 1413">
    <p class='ocr_par' dir='ltr' id='par_1_20' title="bbox 543 1337 3803 1413">
     <span class='ocr_line' id='line_1_20' title="bbox 543 1337 3803 1413; baseline 0.002 -20"><span class='ocrx_word' id='word_1_139' title='bbox 543 1338 1025 1409; x_wconf 85' lang='lat' dir='ltr'><strong>aptaneindoctis</strong></span> <span class='ocrx_word' id='word_1_140' title='bbox 1060 1338 1115 1391; x_wconf 95' lang='lat' dir='ltr'><strong>in</strong></span> <span class='ocrx_word' id='word_1_141' title='bbox 1164 1338 1335 1390; x_wconf 88' lang='lat' dir='ltr'><strong>altum</strong></span> <span class='ocrx_word' id='word_1_142' title='bbox 1401 1339 1719 1393; x_wconf 89' lang='lat' dir='ltr'><strong>evehantur.</strong></span> <span class='ocrx_word' id='word_1_143' title='bbox 1798 1337 1932 1391; x_wconf 85' lang='lat' dir='ltr'><strong>Nam</strong></span> <span class='ocrx_word' id='word_1_144' title='bbox 1999 1342 2311 1412; x_wconf 81' lang='lat' dir='ltr'><strong>perpurgati</strong></span> <span class='ocrx_word' id='word_1_145' title='bbox 2366 1343 2534 1397; x_wconf 91' lang='lat' dir='ltr'><strong>animi</strong></span> <span class='ocrx_word' id='word_1_146' title='bbox 2596 1342 2765 1397; x_wconf 86' lang='lat' dir='ltr'><strong>decus</strong></span> <span class='ocrx_word' id='word_1_147' title='bbox 2811 1352 2866 1397; x_wconf 92' lang='lat' dir='ltr'><strong>et</strong></span> <span class='ocrx_word' id='word_1_148' title='bbox 2916 1344 3369 1413; x_wconf 90' lang='lat' dir='ltr'><strong>pulchritudinem</strong></span> <span class='ocrx_word' id='word_1_149' title='bbox 3436 1348 3648 1400; x_wconf 83' lang='lat' dir='ltr'><strong>intueri</strong></span> <span class='ocrx_word' id='word_1_150' title='bbox 3706 1364 3803 1399; x_wconf 84' lang='lat' dir='ltr'><strong>ne-</strong></span> 
     </span>
    </p>
   </div>
   <div class='ocr_carea' id='block_1_21' title="bbox 541 1432 3799 1505">
    <p class='ocr_par' dir='ltr' id='par_1_21' title="bbox 541 1432 3799 1505">
     <span class='ocr_line' id='line_1_21' title="bbox 541 1432 3799 1505; baseline 0.001 -18"><span class='ocrx_word' id='word_1_151' title='bbox 541 1442 746 1503; x_wconf 87' lang='lat' dir='ltr'><strong>queunt</strong></span> <span class='ocrx_word' id='word_1_152' title='bbox 784 1432 876 1500; x_wconf 86' lang='lat' dir='ltr'><strong>qui</strong></span> <span class='ocrx_word' id='word_1_153' title='bbox 909 1432 1029 1500; x_wconf 91' lang='lat' dir='ltr'><strong>puri</strong></span> <span class='ocrx_word' id='word_1_154' title='bbox 1074 1445 1181 1484; x_wconf 91' lang='lat' dir='ltr'><strong>non</strong></span> <span class='ocrx_word' id='word_1_155' title='bbox 1216 1438 1345 1485; x_wconf 87' lang='lat' dir='ltr'><strong>sunt</strong></span> <span class='ocrx_word' id='word_1_156' title='bbox 1379 1450 1389 1484; x_wconf 91' lang='lat'>:</span> <span class='ocrx_word' id='word_1_157' title='bbox 1425 1440 1481 1484; x_wconf 87' lang='lat' dir='ltr'><strong>et</strong></span> <span class='ocrx_word' id='word_1_158' title='bbox 1504 1446 1808 1501; x_wconf 68' lang='lat' dir='ltr'><strong>praeconem</strong></span> <span class='ocrx_word' id='word_1_159' title='bbox 1840 1432 1927 1485; x_wconf 86' lang='lat' dir='ltr'><strong>sui</strong></span> <span class='ocrx_word' id='word_1_160' title='bbox 1968 1447 2109 1497; x_wconf 90' lang='lat' dir='ltr'><strong>esse,</strong></span> <span class='ocrx_word' id='word_1_161' title='bbox 2150 1445 2314 1504; x_wconf 91' lang='lat' dir='ltr'><strong>atque</strong></span> <span class='ocrx_word' id='word_1_162' title='bbox 2340 1435 2406 1489; x_wconf 87' lang='lat' dir='ltr'><strong>ad</strong></span> <span class='ocrx_word' id='word_1_163' title='bbox 2441 1436 2864 1490; x_wconf 83' lang='lat' dir='ltr'><strong>ostentationem</strong></span> <span class='ocrx_word' id='word_1_164' title='bbox 2932 1446 2984 1489; x_wconf 92' lang='lat' dir='ltr'><strong>et</strong></span> <span class='ocrx_word' id='word_1_165' title='bbox 3030 1450 3280 1505; x_wconf 84' lang='lat' dir='ltr'><strong>pompam</strong></span> <span class='ocrx_word' id='word_1_166' title='bbox 3329 1439 3515 1490; x_wconf 80' lang='lat' dir='ltr'><strong>omnia</strong></span> <span class='ocrx_word' id='word_1_167' title='bbox 3582 1437 3799 1501; x_wconf 80' lang='lat' dir='ltr'><strong>facere,</strong></span> 
     </span>
    </p>
   </div>
   <div class='ocr_carea' id='block_1_22' title="bbox 540 1523 3800 1599">
    <p class='ocr_par' dir='ltr' id='par_1_22' title="bbox 540 1523 3800 1599">
     <span class='ocr_line' id='line_1_22' title="bbox 540 1523 3800 1599; baseline 0.002 -19"><span class='ocrx_word' id='word_1_168' title='bbox 540 1542 652 1580; x_wconf 89' lang='lat' dir='ltr'><strong>non</strong></span> <span class='ocrx_word' id='word_1_169' title='bbox 688 1524 973 1593; x_wconf 75' lang='lat' dir='ltr'><strong>sapientia:</strong></span> <span class='ocrx_word' id='word_1_170' title='bbox 1016 1534 1120 1586; x_wconf 88' lang='lat' dir='ltr'><strong>est,</strong></span> <span class='ocrx_word' id='word_1_171' title='bbox 1172 1523 1268 1577; x_wconf 86' lang='lat' dir='ltr'><strong>sed</strong></span> <span class='ocrx_word' id='word_1_172' title='bbox 1320 1524 1634 1594; x_wconf 76' lang='lat' dir='ltr'><strong>sophisticae</strong></span> <span class='ocrx_word' id='word_1_173' title='bbox 1677 1526 1953 1579; x_wconf 58' lang='lat' dir='ltr'><strong>versutia.</strong></span> <span class='ocrx_word' id='word_1_174' title='bbox 2015 1524 2285 1590; x_wconf 84' lang='lat' dir='ltr'><strong>Quocirca</strong></span> <span class='ocrx_word' id='word_1_175' title='bbox 2354 1546 2449 1583; x_wconf 89' lang='lat' dir='ltr'><strong>eos</strong></span> <span class='ocrx_word' id='word_1_176' title='bbox 2504 1531 2596 1599; x_wconf 89' lang='lat' dir='ltr'><strong>qui</strong></span> <span class='ocrx_word' id='word_1_177' title='bbox 2655 1545 2684 1581; x_wconf 93' lang='lat' dir='ltr'><strong>a</strong></span> <span class='ocrx_word' id='word_1_178' title='bbox 2755 1531 2914 1599; x_wconf 75' lang='lat' dir='ltr'><strong>vulgo</strong></span> <span class='ocrx_word' id='word_1_179' title='bbox 2986 1528 3246 1585; x_wconf 83' lang='lat' dir='ltr'><strong>honorem</strong></span> <span class='ocrx_word' id='word_1_180' title='bbox 3308 1532 3800 1599; x_wconf 76' lang='lat' dir='ltr'><strong>reverentiamque</strong></span> 
     </span>
    </p>
   </div>
   <div class='ocr_carea' id='block_1_23' title="bbox 542 1622 2112 1691">
    <p class='ocr_par' dir='ltr' id='par_1_23' title="bbox 542 1622 2112 1691">
     <span class='ocr_line' id='line_1_23' title="bbox 542 1622 2112 1691; baseline -0.001 -15"><span class='ocrx_word' id='word_1_181' title='bbox 542 1639 648 1677; x_wconf 89' lang='lat' dir='ltr'><strong>non</strong></span> <span class='ocrx_word' id='word_1_182' title='bbox 683 1622 952 1681; x_wconf 87' lang='lat' dir='ltr'><strong>obtinent.</strong></span> <span class='ocrx_word' id='word_1_183' title='bbox 986 1622 1304 1690; x_wconf 62' lang='lat' dir='ltr'><strong>praeclarum</strong></span> <span class='ocrx_word' id='word_1_184' title='bbox 1343 1632 1661 1691; x_wconf 88' lang='lat' dir='ltr'><strong>rectumque</strong></span> <span class='ocrx_word' id='word_1_185' title='bbox 1715 1622 1876 1676; x_wconf 79' lang='lat' dir='ltr'><strong>fuerit</strong></span> <span class='ocrx_word' id='word_1_186' title='bbox 1909 1622 2112 1686; x_wconf 81' lang='lat' dir='ltr'><strong>dicere,</strong></span> 
     </span>
    </p>
   </div>
   <div class='ocr_carea' id='block_1_24' title="bbox 756 1756 1832 1826">
    <p class='ocr_par' dir='ltr' id='par_1_24' title="bbox 756 1756 1832 1826">
     <span class='ocr_line' id='line_1_24' title="bbox 756 1756 1832 1826; baseline -0.006 -13"><span class='ocrx_word' id='word_1_187' title='bbox 756 1804 767 1813; x_wconf 93' lang='lat'><strong>.</strong></span> <span class='ocrx_word' id='word_1_188' title='bbox 791 1798 803 1810; x_wconf 93' lang='lat'><strong>.</strong></span> <span class='ocrx_word' id='word_1_189' title='bbox 828 1798 842 1813; x_wconf 97' lang='lat'><strong>.</strong></span> <span class='ocrx_word' id='word_1_190' title='bbox 867 1802 878 1810; x_wconf 91' lang='lat'><strong>.</strong></span> <span class='ocrx_word' id='word_1_191' title='bbox 904 1801 913 1811; x_wconf 93' lang='lat'><strong>.</strong></span> <span class='ocrx_word' id='word_1_192' title='bbox 935 1758 1007 1809; x_wconf 83' lang='lat' dir='ltr'><strong>nil</strong></span> <span class='ocrx_word' id='word_1_193' title='bbox 1040 1774 1215 1809; x_wconf 86' lang='lat' dir='ltr'><strong>moror</strong></span> <span class='ocrx_word' id='word_1_194' title='bbox 1244 1758 1377 1809; x_wconf 83' lang='lat' dir='ltr'><strong>hunc</strong></span> <span class='ocrx_word' id='word_1_195' title='bbox 1410 1772 1501 1826; x_wconf 84' lang='lat' dir='ltr'><strong>ego</strong></span> <span class='ocrx_word' id='word_1_196' title='bbox 1539 1756 1784 1807; x_wconf 83' lang='lat' dir='ltr'><strong>honorem</strong></span> <span class='ocrx_word' id='word_1_197' title='bbox 1815 1770 1832 1807; x_wconf 89' lang='lat'><strong><em>:</em></strong></span> 
     </span>
    </p>
   </div>
   <div class='ocr_carea' id='block_1_25' title="bbox 637 1825 2032 1899">
    <p class='ocr_par' dir='ltr' id='par_1_25' title="bbox 637 1825 2032 1899">
     <span class='ocr_line' id='line_1_25' title="bbox 637 1825 2032 1899; baseline -0.004 -16"><span class='ocrx_word' id='word_1_198' title='bbox 637 1830 901 1899; x_wconf 78' lang='lat' dir='ltr'><strong>luppiter,</strong></span> <span class='ocrx_word' id='word_1_199' title='bbox 939 1838 991 1880; x_wconf 81' lang='lat' dir='ltr'><strong>ut</strong></span> <span class='ocrx_word' id='word_1_200' title='bbox 1024 1844 1194 1896; x_wconf 79' lang='lat' dir='ltr'><strong>spero,</strong></span> <span class='ocrx_word' id='word_1_201' title='bbox 1232 1825 1535 1895; x_wconf 67' lang='lat' dir='ltr'><strong>ingentiore</strong></span> <span class='ocrx_word' id='word_1_202' title='bbox 1569 1826 1773 1878; x_wconf 78' lang='lat' dir='ltr'><strong>ornabit</strong></span> <span class='ocrx_word' id='word_1_203' title='bbox 1799 1825 2032 1879; x_wconf 84' lang='lat' dir='ltr'><strong>honore:</strong></span> 
     </span>
    </p>
   </div>
   <div class='ocr_carea' id='block_1_26' title="bbox 534 1954 2105 2032">
    <p class='ocr_par' dir='ltr' id='par_1_26' title="bbox 534 1954 2105 2032">
     <span class='ocr_line' id='line_1_26' title="bbox 534 1954 2105 2032; baseline -0.003 -20"><span class='ocrx_word' id='word_1_204' title='bbox 534 1961 798 2032; x_wconf 58' lang='lat' dir='ltr'><strong>praeclare</strong></span> <span class='ocrx_word' id='word_1_205' title='bbox 851 1960 1012 2012; x_wconf 84' lang='lat' dir='ltr'><strong>etiam</strong></span> <span class='ocrx_word' id='word_1_206' title='bbox 1066 1971 1250 2010; x_wconf 88' lang='lat' dir='ltr'><strong>secum</strong></span> <span class='ocrx_word' id='word_1_207' title='bbox 1288 1956 1370 2025; x_wconf 88' lang='lat' dir='ltr'><strong>agi</strong></span> <span class='ocrx_word' id='word_1_208' title='bbox 1403 1955 1736 2017; x_wconf 70' lang='lat' dir='ltr'><strong>existiment,</strong></span> <span class='ocrx_word' id='word_1_209' title='bbox 1785 1964 1838 2009; x_wconf 92' lang='lat' dir='ltr'><strong>et</strong></span> <span class='ocrx_word' id='word_1_210' title='bbox 1881 1955 1935 2008; x_wconf 93' lang='lat' dir='ltr'><strong>in</strong></span> <span class='ocrx_word' id='word_1_211' title='bbox 1983 1954 2105 2008; x_wconf 90' lang='lat' dir='ltr'><strong>sinu</strong></span> 
     </span>
    </p>
   </div>
   <div class='ocr_carea' id='block_1_27' title="bbox 526 2047 2108 2123">
    <p class='ocr_par' dir='ltr' id='par_1_27' title="bbox 526 2047 2108 2123">
     <span class='ocr_line' id='line_1_27' title="bbox 526 2047 2108 2123; baseline -0.008 -12"><span class='ocrx_word' id='word_1_212' title='bbox 526 2053 832 2123; x_wconf 78' lang='lat' dir='ltr'><strong>gaudeant,</strong></span> <span class='ocrx_word' id='word_1_213' title='bbox 865 2052 909 2105; x_wconf 90' lang='lat' dir='ltr'><strong>si</strong></span> <span class='ocrx_word' id='word_1_214' title='bbox 947 2065 1069 2103; x_wconf 86' lang='lat' dir='ltr'><strong>eum</strong></span> <span class='ocrx_word' id='word_1_215' title='bbox 1103 2050 1245 2101; x_wconf 89' lang='lat' dir='ltr'><strong>nacti</strong></span> <span class='ocrx_word' id='word_1_216' title='bbox 1287 2047 1490 2101; x_wconf 82' lang='lat' dir='ltr'><strong>fuerint</strong></span> <span class='ocrx_word' id='word_1_217' title='bbox 1524 2048 1699 2100; x_wconf 88' lang='lat' dir='ltr'><strong>virum</strong></span> <span class='ocrx_word' id='word_1_218' title='bbox 1740 2048 1831 2117; x_wconf 86' lang='lat' dir='ltr'><strong>qui</strong></span> <span class='ocrx_word' id='word_1_219' title='bbox 1870 2047 2108 2119; x_wconf 87' lang='lat' dir='ltr'><strong>pruden-</strong></span> 
     </span>
    </p>
   </div>
   <div class='ocr_carea' id='block_1_28' title="bbox 538 2136 2106 2209">
    <p class='ocr_par' dir='ltr' id='par_1_28' title="bbox 538 2136 2106 2209">
     <span class='ocr_line' id='line_1_28' title="bbox 538 2136 2106 2209; baseline -0.006 -11"><span class='ocrx_word' id='word_1_220' title='bbox 538 2149 664 2198; x_wconf 89' lang='lat' dir='ltr'><strong>tiam</strong></span> <span class='ocrx_word' id='word_1_221' title='bbox 735 2145 896 2199; x_wconf 86' lang='lat' dir='ltr'><strong>simul</strong></span> <span class='ocrx_word' id='word_1_222' title='bbox 947 2151 1001 2195; x_wconf 87' lang='lat' dir='ltr'><strong>et</strong></span> <span class='ocrx_word' id='word_1_223' title='bbox 1064 2143 1357 2209; x_wconf 80' lang='lat' dir='ltr'><strong>potentiam</strong></span> <span class='ocrx_word' id='word_1_224' title='bbox 1425 2141 1747 2209; x_wconf 86' lang='lat' dir='ltr'><strong>possederit.</strong></span> <span class='ocrx_word' id='word_1_225' title='bbox 1808 2136 1921 2193; x_wconf 9' lang='lat' dir='ltr'><strong>Sic»</strong></span> <span class='ocrx_word' id='word_1_226' title='bbox 1964 2140 2106 2194; x_wconf 90' lang='lat' dir='ltr'><strong>enim</strong></span> 
     </span>
    </p>
   </div>
   <div class='ocr_carea' id='block_1_29' title="bbox 534 2230 2108 2307">
    <p class='ocr_par' dir='ltr' id='par_1_29' title="bbox 534 2230 2108 2307">
     <span class='ocr_line' id='line_1_29' title="bbox 534 2230 2108 2307; baseline -0.006 -15"><span class='ocrx_word' id='word_1_227' title='bbox 534 2252 711 2307; x_wconf 87' lang='lat' dir='ltr'><strong>neque</strong></span> <span class='ocrx_word' id='word_1_228' title='bbox 753 2253 876 2290; x_wconf 86' lang='lat' dir='ltr'><strong>cuni</strong></span> <span class='ocrx_word' id='word_1_229' title='bbox 921 2233 1158 2302; x_wconf 86' lang='lat' dir='ltr'><strong>indignis</strong></span> <span class='ocrx_word' id='word_1_230' title='bbox 1201 2232 1569 2295; x_wconf 77' lang='lat' dir='ltr'><strong>versabimur,</strong></span> <span class='ocrx_word' id='word_1_231' title='bbox 1634 2248 1808 2301; x_wconf 86' lang='lat' dir='ltr'><strong>neque</strong></span> <span class='ocrx_word' id='word_1_232' title='bbox 1843 2230 2108 2301; x_wconf 81' lang='lat' dir='ltr'><strong>ignobiles</strong></span> 
     </span>
    </p>
   </div>
   <div class='ocr_carea' id='block_1_30' title="bbox 534 2324 1605 2399">
    <p class='ocr_par' dir='ltr' id='par_1_30' title="bbox 534 2324 1605 2399">
     <span class='ocr_line' id='line_1_30' title="bbox 534 2324 1605 2399; baseline -0.007 -17"><span class='ocrx_word' id='word_1_233' title='bbox 534 2342 699 2399; x_wconf 87' lang='lat' dir='ltr'><strong>atque</strong></span> <span class='ocrx_word' id='word_1_234' title='bbox 727 2327 944 2398; x_wconf 88' lang='lat' dir='ltr'><strong>inglorii</strong></span> <span class='ocrx_word' id='word_1_235' title='bbox 986 2326 1212 2379; x_wconf 88' lang='lat' dir='ltr'><strong>omnino</strong></span> <span class='ocrx_word' id='word_1_236' title='bbox 1240 2324 1605 2377; x_wconf 83' lang='lat' dir='ltr'><strong>censebiinur.</strong></span> 
     </span>
    </p>
   </div>
   <div class='ocr_carea' id='block_1_31' title="bbox 604 2413 2107 2488">
    <p class='ocr_par' dir='ltr' id='par_1_31' title="bbox 604 2413 2107 2488">
     <span class='ocr_line' id='line_1_31' title="bbox 604 2413 2107 2488; baseline -0.007 -14"><span class='ocrx_word' id='word_1_237' title='bbox 604 2420 714 2474; x_wconf 76' lang='lat' dir='ltr'><strong>Cur</strong></span> <span class='ocrx_word' id='word_1_238' title='bbox 748 2434 878 2488; x_wconf 87' lang='lat' dir='ltr'><strong>ergo</strong></span> <span class='ocrx_word' id='word_1_239' title='bbox 910 2424 1205 2470; x_wconf 88' lang='lat' dir='ltr'><strong>cunctarer</strong></span> <span class='ocrx_word' id='word_1_240' title='bbox 1239 2415 1481 2468; x_wconf 88' lang='lat' dir='ltr'><strong>tribuere</strong></span> <span class='ocrx_word' id='word_1_241' title='bbox 1521 2414 1772 2467; x_wconf 89' lang='lat' dir='ltr'><strong>intimum</strong></span> <span class='ocrx_word' id='word_1_242' title='bbox 1807 2413 1861 2465; x_wconf 93' lang='lat' dir='ltr'><strong>in</strong></span> <span class='ocrx_word' id='word_1_243' title='bbox 1923 2413 2107 2466; x_wconf 89' lang='lat' dir='ltr'><strong>animo</strong></span> 
     </span>
    </p>
   </div>
   <div class='ocr_carea' id='block_1_32' title="bbox 533 2505 2105 2575">
    <p class='ocr_par' dir='ltr' id='par_1_32' title="bbox 533 2505 2105 2575">
     <span class='ocr_line' id='line_1_32' title="bbox 533 2505 2105 2575; baseline -0.008 -8"><span class='ocrx_word' id='word_1_244' title='bbox 533 2515 710 2569; x_wconf 88' lang='lat' dir='ltr'><strong>locmn</strong></span> <span class='ocrx_word' id='word_1_245' title='bbox 762 2510 1069 2564; x_wconf 84' lang='lat' dir='ltr'><strong>admirabili</strong></span> <span class='ocrx_word' id='word_1_246' title='bbox 1100 2507 1315 2561; x_wconf 66' lang='lat' dir='ltr'><strong>Paconio</strong></span> <span class='ocrx_word' id='word_1_247' title='bbox 1369 2516 1589 2569; x_wconf 87' lang='lat' dir='ltr'><strong>nostro,</strong></span> <span class='ocrx_word' id='word_1_248' title='bbox 1638 2506 1727 2575; x_wconf 90' lang='lat' dir='ltr'><strong>qui</strong></span> <span class='ocrx_word' id='word_1_249' title='bbox 1786 2505 1946 2574; x_wconf 89' lang='lat' dir='ltr'><strong>longo</strong></span> <span class='ocrx_word' id='word_1_250' title='bbox 1994 2505 2105 2571; x_wconf 86' lang='lat' dir='ltr'><strong>jam</strong></span> 
     </span>
    </p>
   </div>
   <div class='ocr_carea' id='block_1_33' title="bbox 530 2597 2105 2674">
    <p class='ocr_par' dir='ltr' id='par_1_33' title="bbox 530 2597 2105 2674">
     <span class='ocr_line' id='line_1_33' title="bbox 530 2597 2105 2674; baseline -0.008 -16"><span class='ocrx_word' id='word_1_251' title='bbox 530 2614 776 2674; x_wconf 81' lang='lat' dir='ltr'><strong>tempore</strong></span> <span class='ocrx_word' id='word_1_252' title='bbox 806 2602 1233 2671; x_wconf 82' lang='lat' dir='ltr'><strong>sepiinentornm</strong></span> <span class='ocrx_word' id='word_1_253' title='bbox 1284 2613 1601 2669; x_wconf 86' lang='lat' dir='ltr'><strong>magnorum</strong></span> <span class='ocrx_word' id='word_1_254' title='bbox 1634 2598 1934 2652; x_wconf 82' lang='lat' dir='ltr'><strong>intervallis</strong></span> <span class='ocrx_word' id='word_1_255' title='bbox 1964 2597 2105 2649; x_wconf 88' lang='lat' dir='ltr'><strong>inter</strong></span> 
     </span>
    </p>
   </div>
   <div class='ocr_carea' id='block_1_34' title="bbox 528 2690 2103 2764">
    <p class='ocr_par' dir='ltr' id='par_1_34' title="bbox 528 2690 2103 2764">
     <span class='ocr_line' id='line_1_34' title="bbox 528 2690 2103 2764; baseline -0.008 -13"><span class='ocrx_word' id='word_1_256' title='bbox 528 2714 592 2753; x_wconf 86' lang='lat' dir='ltr'><strong>se</strong></span> <span class='ocrx_word' id='word_1_257' title='bbox 675 2697 968 2753; x_wconf 88' lang='lat' dir='ltr'><strong>distinctas</strong></span> <span class='ocrx_word' id='word_1_258' title='bbox 1030 2692 1429 2764; x_wconf 83' lang='lat' dir='ltr'><strong>philosophiam</strong></span> <span class='ocrx_word' id='word_1_259' title='bbox 1503 2700 1557 2745; x_wconf 91' lang='lat' dir='ltr'><strong>et</strong></span> <span class='ocrx_word' id='word_1_260' title='bbox 1622 2706 1734 2745; x_wconf 88' lang='lat' dir='ltr'><strong>rem</strong></span> <span class='ocrx_word' id='word_1_261' title='bbox 1814 2690 2103 2743; x_wconf 87' lang='lat' dir='ltr'><strong>militarem</strong></span> 
     </span>
    </p>
   </div>
   <div class='ocr_carea' id='block_1_35' title="bbox 528 2783 2104 2852">
    <p class='ocr_par' dir='ltr' id='par_1_35' title="bbox 528 2783 2104 2852">
     <span class='ocr_line' id='line_1_35' title="bbox 528 2783 2104 2852; baseline -0.007 -8"><span class='ocrx_word' id='word_1_262' title='bbox 528 2806 698 2845; x_wconf 90' lang='lat' dir='ltr'><strong>unum</strong></span> <span class='ocrx_word' id='word_1_263' title='bbox 729 2790 782 2843; x_wconf 91' lang='lat' dir='ltr'><strong>in</strong></span> <span class='ocrx_word' id='word_1_264' title='bbox 822 2790 997 2842; x_wconf 90' lang='lat' dir='ltr'><strong>locum</strong></span> <span class='ocrx_word' id='word_1_265' title='bbox 1030 2785 1302 2840; x_wconf 83' lang='lat' dir='ltr'><strong>adducere</strong></span> <span class='ocrx_word' id='word_1_266' title='bbox 1325 2794 1379 2839; x_wconf 90' lang='lat' dir='ltr'><strong>et</strong></span> <span class='ocrx_word' id='word_1_267' title='bbox 1416 2785 1556 2838; x_wconf 91' lang='lat' dir='ltr'><strong>inter</strong></span> <span class='ocrx_word' id='word_1_268' title='bbox 1582 2798 1640 2837; x_wconf 91' lang='lat' dir='ltr'><strong>se</strong></span> <span class='ocrx_word' id='word_1_269' title='bbox 1666 2783 1921 2852; x_wconf 90' lang='lat' dir='ltr'><strong>copulare</strong></span> <span class='ocrx_word' id='word_1_270' title='bbox 1944 2796 2104 2834; x_wconf 88' lang='lat' dir='ltr'><strong>orsus</strong></span> 
     </span>
    </p>
   </div>
   <div class='ocr_carea' id='block_1_36' title="bbox 527 2870 2101 2948">
    <p class='ocr_par' dir='ltr' id='par_1_36' title="bbox 527 2870 2101 2948">
     <span class='ocr_line' id='line_1_36' title="bbox 527 2870 2101 2948; baseline -0.011 -11"><span class='ocrx_word' id='word_1_271' title='bbox 527 2891 632 2943; x_wconf 84' lang='lat' dir='ltr'><strong>est.</strong></span> <span class='ocrx_word' id='word_1_272' title='bbox 661 2896 783 2935; x_wconf 90' lang='lat' dir='ltr'><strong>cum</strong></span> <span class='ocrx_word' id='word_1_273' title='bbox 816 2880 1093 2948; x_wconf 87' lang='lat' dir='ltr'><strong>antiquam</strong></span> <span class='ocrx_word' id='word_1_274' title='bbox 1134 2877 1327 2930; x_wconf 88' lang='lat' dir='ltr'><strong>horum</strong></span> <span class='ocrx_word' id='word_1_275' title='bbox 1364 2875 1670 2930; x_wconf 91' lang='lat' dir='ltr'><strong>studiorum</strong></span> <span class='ocrx_word' id='word_1_276' title='bbox 1718 2870 2101 2940; x_wconf 78' lang='lat' dir='ltr'><strong>cognationem</strong></span> 
     </span>
    </p>
   </div>
   <div class='ocr_carea' id='block_1_37' title="bbox 528 2961 2103 3030">
    <p class='ocr_par' dir='ltr' id='par_1_37' title="bbox 528 2961 2103 3030">
     <span class='ocr_line' id='line_1_37' title="bbox 528 2961 2103 3030; baseline -0.01 -3"><span class='ocrx_word' id='word_1_277' title='bbox 528 2990 651 3029; x_wconf 87' lang='lat' dir='ltr'><strong>esse</strong></span> <span class='ocrx_word' id='word_1_278' title='bbox 686 2980 843 3025; x_wconf 89' lang='lat' dir='ltr'><strong>acute</strong></span> <span class='ocrx_word' id='word_1_279' title='bbox 873 2967 1262 3024; x_wconf 86' lang='lat' dir='ltr'><strong>observasset?</strong></span> <span class='ocrx_word' id='word_1_280' title='bbox 1293 2968 1361 3019; x_wconf 77' lang='lat' dir='ltr'><strong>At</strong></span> <span class='ocrx_word' id='word_1_281' title='bbox 1391 2967 1534 3020; x_wconf 90' lang='lat' dir='ltr'><strong>enim</strong></span> <span class='ocrx_word' id='word_1_282' title='bbox 1570 2980 1692 3018; x_wconf 91' lang='lat' dir='ltr'><strong>cum</strong></span> <span class='ocrx_word' id='word_1_283' title='bbox 1752 2961 1901 3014; x_wconf 87' lang='lat' dir='ltr'><strong>Italia</strong></span> <span class='ocrx_word' id='word_1_284' title='bbox 1926 2977 2103 3030; x_wconf 87' lang='lat' dir='ltr'><strong>quon-</strong></span> 
     </span>
    </p>
   </div>
   <div class='ocr_carea' id='block_1_38' title="bbox 529 3057 2099 3129">
    <p class='ocr_par' dir='ltr' id='par_1_38' title="bbox 529 3057 2099 3129">
     <span class='ocr_line' id='line_1_38' title="bbox 529 3057 2099 3129; baseline -0.01 -8"><span class='ocrx_word' id='word_1_285' title='bbox 529 3068 652 3121; x_wconf 85' lang='lat' dir='ltr'><strong>dam</strong></span> <span class='ocrx_word' id='word_1_286' title='bbox 706 3064 926 3121; x_wconf 89' lang='lat' dir='ltr'><strong>eosdem</strong></span> <span class='ocrx_word' id='word_1_287' title='bbox 964 3062 1187 3117; x_wconf 88' lang='lat' dir='ltr'><strong>haberet</strong></span> <span class='ocrx_word' id='word_1_288' title='bbox 1240 3067 1293 3114; x_wconf 91' lang='lat' dir='ltr'><strong>et</strong></span> <span class='ocrx_word' id='word_1_289' title='bbox 1333 3058 1656 3129; x_wconf 67' lang='lat' dir='ltr'><strong>Pythagora:</strong></span> <span class='ocrx_word' id='word_1_290' title='bbox 1710 3057 2009 3118; x_wconf 88' lang='lat' dir='ltr'><strong>auditores,</strong></span> <span class='ocrx_word' id='word_1_291' title='bbox 2047 3063 2099 3105; x_wconf 93' lang='lat' dir='ltr'><strong>et</strong></span> 
     </span>
    </p>
   </div>
   <div class='ocr_carea' id='block_1_39' title="bbox 2916 1760 3387 1828">
    <p class='ocr_par' dir='ltr' id='par_1_39' title="bbox 2916 1760 3387 1828">
     <span class='ocr_line' id='line_1_39' title="bbox 2916 1760 3387 1828; baseline 0.006 -17"><span class='ocrx_word' id='word_1_292' title='bbox 2916 1760 3039 1812; x_wconf 75' lang='grc' dir='ltr'>οὔτι</span> <span class='ocrx_word' id='word_1_293' title='bbox 3066 1777 3140 1828; x_wconf 83' lang='grc' dir='ltr'><strong>με</strong></span> <span class='ocrx_word' id='word_1_294' title='bbox 3172 1763 3387 1826; x_wconf 79' lang='grc' dir='ltr'><em>ταύτης</em></span> 
     </span>
    </p>
   </div>
   <div class='ocr_carea' id='block_1_40' title="bbox 2139 1793 3681 1904">
    <p class='ocr_par' dir='ltr' id='par_1_40' title="bbox 2139 1793 3681 1904">
     <span class='ocr_line' id='line_1_40' title="bbox 2139 1793 3681 1904; baseline 0.006 -24"><span class='ocrx_word' id='word_1_295' title='bbox 2139 1793 2184 1851; x_wconf 74' lang='grc' dir='ltr'><strong>Β</strong></span> <span class='ocrx_word' id='word_1_296' title='bbox 2210 1828 2369 1897; x_wconf 83' lang='grc' dir='ltr'>Χρεὼ</span> <span class='ocrx_word' id='word_1_297' title='bbox 2395 1829 2566 1898; x_wconf 70' lang='grc' dir='ltr'>τιμῆς</span> <span class='ocrx_word' id='word_1_298' title='bbox 2584 1846 2599 1861; x_wconf 80' lang='grc'><strong><em>⁸</em></strong></span> <span class='ocrx_word' id='word_1_299' title='bbox 2628 1799 2857 1898; x_wconf 65' lang='grc' dir='ltr'><strong>φρτῐιὶέίᾀ</strong></span> <span class='ocrx_word' id='word_1_300' title='bbox 2876 1793 3471 1899; x_wconf 52' lang='lat' dir='ltr'><strong>2:.f;f;,;‘522&#39;1i,a,</strong></span> <span class='ocrx_word' id='word_1_301' title='bbox 3494 1837 3650 1904; x_wconf 78' lang='grc' dir='ltr'>αἴσῃ</span> <span class='ocrx_word' id='word_1_302' title='bbox 3669 1855 3681 1866; x_wconf 74' lang='grc' dir='ltr'><strong><em>ο</em></strong></span> 
     </span>
    </p>
   </div>
   <div class='ocr_carea' id='block_1_41' title="bbox 2212 1963 3786 2041">
    <p class='ocr_par' dir='ltr' id='par_1_41' title="bbox 2212 1963 3786 2041">
     <span class='ocr_line' id='line_1_41' title="bbox 2212 1963 3786 2041; baseline 0.004 -25"><span class='ocrx_word' id='word_1_303' title='bbox 2212 1964 2427 2033; x_wconf 79' lang='grc' dir='ltr'>ἀγαπᾷν</span> <span class='ocrx_word' id='word_1_304' title='bbox 2480 1982 2538 2016; x_wconf 89' lang='grc' dir='ltr'><strong>τε</strong></span> <span class='ocrx_word' id='word_1_305' title='bbox 2586 1965 2677 2018; x_wconf 74' lang='grc' dir='ltr'>καὶ</span> <span class='ocrx_word' id='word_1_306' title='bbox 2728 1963 3114 2034; x_wconf 78' lang='grc' dir='ltr'>διασμενίζειν,</span> <span class='ocrx_word' id='word_1_307' title='bbox 3161 1966 3398 2036; x_wconf 78' lang='grc' dir='ltr'><strong>ἐντυχεῖν</strong></span> <span class='ocrx_word' id='word_1_308' title='bbox 3450 1970 3611 2040; x_wconf 68' lang='grc' dir='ltr'>ἀνδρὶ</span> <span class='ocrx_word' id='word_1_309' title='bbox 3653 1974 3786 2041; x_wconf 56' lang='lat'><strong>9:96-</strong></span> 
     </span>
    </p>
   </div>
   <div class='ocr_carea' id='block_1_42' title="bbox 2212 2057 3786 2132">
    <p class='ocr_par' dir='ltr' id='par_1_42' title="bbox 2212 2057 3786 2132">
     <span class='ocr_line' id='line_1_42' title="bbox 2212 2057 3786 2132; baseline 0.006 -25"><span class='ocrx_word' id='word_1_310' title='bbox 2212 2073 2365 2125; x_wconf 86' lang='grc' dir='ltr'>νησιν</span> <span class='ocrx_word' id='word_1_311' title='bbox 2398 2057 2511 2126; x_wconf 75' lang='grc' dir='ltr'><strong>ἅμα</strong></span> <span class='ocrx_word' id='word_1_312' title='bbox 2543 2060 2635 2109; x_wconf 78' lang='grc' dir='ltr'><strong>καὶ</strong></span> <span class='ocrx_word' id='word_1_313' title='bbox 2678 2058 2905 2127; x_wconf 78' lang='grc' dir='ltr'>δύναμιν</span> <span class='ocrx_word' id='word_1_314' title='bbox 2951 2059 3292 2128; x_wconf 81' lang='grc' dir='ltr'>κεκτημένῳ.</span> <span class='ocrx_word' id='word_1_315' title='bbox 3330 2060 3488 2112; x_wconf 71' lang='grc' dir='ltr'>Οὕτω</span> <span class='ocrx_word' id='word_1_316' title='bbox 3523 2064 3639 2132; x_wconf 71' lang='grc' dir='ltr'>γὰρ</span> <span class='ocrx_word' id='word_1_317' title='bbox 3672 2066 3786 2116; x_wconf 72' lang='grc' dir='ltr'>οὔτ’</span> 
     </span>
    </p>
   </div>
   <div class='ocr_carea' id='block_1_43' title="bbox 2212 2148 3782 2222">
    <p class='ocr_par' dir='ltr' id='par_1_43' title="bbox 2212 2148 3782 2222">
     <span class='ocr_line' id='line_1_43' title="bbox 2212 2148 3782 2222; baseline 0.004 -21"><span class='ocrx_word' id='word_1_318' title='bbox 2212 2148 2444 2210; x_wconf 76' lang='grc' dir='ltr'><strong>ἀναξίοις</strong></span> <span class='ocrx_word' id='word_1_319' title='bbox 2471 2149 2535 2201; x_wconf 86' lang='grc' dir='ltr'><strong>ἂν</strong></span> <span class='ocrx_word' id='word_1_320' title='bbox 2563 2150 2975 2220; x_wconf 67' lang='grc' dir='ltr'>συγ-γενοίμεθα,</span> <span class='ocrx_word' id='word_1_321' title='bbox 3003 2150 3115 2203; x_wconf 72' lang='grc' dir='ltr'>οὔτ’</span> <span class='ocrx_word' id='word_1_322' title='bbox 3140 2152 3205 2204; x_wconf 82' lang='grc' dir='ltr'>ἂν</span> <span class='ocrx_word' id='word_1_323' title='bbox 3230 2153 3410 2222; x_wconf 77' lang='grc' dir='ltr'>ἄτιμοι</span> <span class='ocrx_word' id='word_1_324' title='bbox 3436 2158 3782 2209; x_wconf 72' lang='grc' dir='ltr'>παντάπασιν</span> 
     </span>
    </p>
   </div>
   <div class='ocr_carea' id='block_1_44' title="bbox 2212 2238 2580 2307">
    <p class='ocr_par' dir='ltr' id='par_1_44' title="bbox 2212 2238 2580 2307">
     <span class='ocr_line' id='line_1_44' title="bbox 2212 2238 2580 2307; baseline -0.011 -18"><span class='ocrx_word' id='word_1_325' title='bbox 2212 2238 2580 2307; x_wconf 78' lang='grc' dir='ltr'>νομιζοίμεθα.</span> 
     </span>
    </p>
   </div>
   <div class='ocr_carea' id='block_1_45' title="bbox 2278 2411 3777 2497">
    <p class='ocr_par' dir='ltr' id='par_1_45' title="bbox 2278 2411 3777 2497">
     <span class='ocr_line' id='line_1_45' title="bbox 2278 2411 3777 2497; baseline 0.007 -31"><span class='ocrx_word' id='word_1_326' title='bbox 2278 2414 2401 2477; x_wconf 80' lang='grc' dir='ltr'><strong>Πῶς</strong></span> <span class='ocrx_word' id='word_1_327' title='bbox 2432 2411 2525 2468; x_wconf 78' lang='grc' dir='ltr'>οὖν</span> <span class='ocrx_word' id='word_1_328' title='bbox 2565 2417 2622 2468; x_wconf 79' lang='grc' dir='ltr'>οὐ</span> <span class='ocrx_word' id='word_1_329' title='bbox 2662 2417 2835 2484; x_wconf 80' lang='grc' dir='ltr'><strong>μέλλω</strong></span> <span class='ocrx_word' id='word_1_330' title='bbox 2872 2420 2969 2489; x_wconf 80' lang='grc' dir='ltr'>τὴν</span> <span class='ocrx_word' id='word_1_331' title='bbox 3011 2419 3182 2490; x_wconf 80' lang='grc' dir='ltr'><strong>μέσην</strong></span> <span class='ocrx_word' id='word_1_332' title='bbox 3219 2423 3272 2472; x_wconf 90' lang='grc' dir='ltr'><strong>ἐν</strong></span> <span class='ocrx_word' id='word_1_333' title='bbox 3307 2426 3369 2492; x_wconf 78' lang='grc' dir='ltr'>τῇ</span> <span class='ocrx_word' id='word_1_334' title='bbox 3410 2425 3559 2495; x_wconf 66' lang='grc' dir='ltr'>ψυχῇ</span> <span class='ocrx_word' id='word_1_335' title='bbox 3594 2426 3777 2497; x_wconf 66' lang='grc' dir='ltr'>χώραν</span> 
     </span>
    </p>
   </div>
   <div class='ocr_carea' id='block_1_46' title="bbox 2208 2507 3779 2582">
    <p class='ocr_par' dir='ltr' id='par_1_46' title="bbox 2208 2507 3779 2582">
     <span class='ocr_line' id='line_1_46' title="bbox 2208 2507 3779 2582; baseline 0.008 -23"><span class='ocrx_word' id='word_1_336' title='bbox 2208 2507 2282 2577; x_wconf 85' lang='grc' dir='ltr'>τῷ</span> <span class='ocrx_word' id='word_1_337' title='bbox 2310 2507 2605 2578; x_wconf 82' lang='grc' dir='ltr'>θαυμαστῷ</span> <span class='ocrx_word' id='word_1_338' title='bbox 2644 2510 2875 2579; x_wconf 84' lang='grc' dir='ltr'>Παιονίῳ</span> <span class='ocrx_word' id='word_1_339' title='bbox 2920 2512 3123 2582; x_wconf 87' lang='grc' dir='ltr'>νέμειν,</span> <span class='ocrx_word' id='word_1_340' title='bbox 3165 2514 3223 2576; x_wconf 84' lang='grc' dir='ltr'>ὃς</span> <span class='ocrx_word' id='word_1_341' title='bbox 3273 2516 3336 2567; x_wconf 85' lang='grc' dir='ltr'><strong>ἐκ</strong></span> <span class='ocrx_word' id='word_1_342' title='bbox 3372 2517 3570 2569; x_wconf 79' lang='grc' dir='ltr'>πολλοῦ</span> <span class='ocrx_word' id='word_1_343' title='bbox 3607 2519 3779 2571; x_wconf 66' lang='lat'><strong>5:272-</strong></span> 
     </span>
    </p>
   </div>
   <div class='ocr_carea' id='block_1_47' title="bbox 2206 2601 3779 2681">
    <p class='ocr_par' dir='ltr' id='par_1_47' title="bbox 2206 2601 3779 2681">
     <span class='ocr_line' id='line_1_47' title="bbox 2206 2601 3779 2681; baseline 0.006 -28"><span class='ocrx_word' id='word_1_344' title='bbox 2206 2601 2547 2671; x_wconf 84' lang='grc' dir='ltr'>τειχισμένας</span> <span class='ocrx_word' id='word_1_345' title='bbox 2570 2602 2810 2672; x_wconf 84' lang='grc' dir='ltr'>θριγκοῖς</span> <span class='ocrx_word' id='word_1_346' title='bbox 2838 2604 3114 2672; x_wconf 83' lang='grc' dir='ltr'>μεγάλοις,</span> <span class='ocrx_word' id='word_1_347' title='bbox 3146 2607 3457 2675; x_wconf 66' lang='grc' dir='ltr'>ᾳιλοσοφίαν</span> <span class='ocrx_word' id='word_1_348' title='bbox 3487 2613 3586 2661; x_wconf 71' lang='grc' dir='ltr'>καὶ</span> <span class='ocrx_word' id='word_1_349' title='bbox 3619 2627 3779 2681; x_wconf 76' lang='grc' dir='ltr'>στρα-</span> 
     </span>
    </p>
   </div>
   <div class='ocr_carea' id='block_1_48' title="bbox 2206 2693 3776 2767">
    <p class='ocr_par' dir='ltr' id='par_1_48' title="bbox 2206 2693 3776 2767">
     <span class='ocr_line' id='line_1_48' title="bbox 2206 2693 3776 2767; baseline 0.004 -22"><span class='ocrx_word' id='word_1_350' title='bbox 2206 2693 2375 2752; x_wconf 84' lang='grc' dir='ltr'>τείαν,</span> <span class='ocrx_word' id='word_1_351' title='bbox 2426 2693 2644 2763; x_wconf 75' lang='grc' dir='ltr'><strong>ἐξεῦρεν</strong></span> <span class='ocrx_word' id='word_1_352' title='bbox 2686 2696 3046 2763; x_wconf 81' lang='grc' dir='ltr'><strong>ἐπαναγαγεῖν</strong></span> <span class='ocrx_word' id='word_1_353' title='bbox 3102 2699 3193 2749; x_wconf 72' lang='grc' dir='ltr'><strong>καὶ</strong></span> <span class='ocrx_word' id='word_1_354' title='bbox 3232 2700 3483 2767; x_wconf 54' lang='grc' dir='ltr'>συνάψαι,</span> <span class='ocrx_word' id='word_1_355' title='bbox 3532 2702 3776 2755; x_wconf 65' lang='grc' dir='ltr'>παλαιάν</span> 
     </span>
    </p>
   </div>
   <div class='ocr_carea' id='block_1_49' title="bbox 2204 2784 3775 2861">
    <p class='ocr_par' dir='ltr' id='par_1_49' title="bbox 2204 2784 3775 2861">
     <span class='ocr_line' id='line_1_49' title="bbox 2204 2784 3775 2861; baseline 0.008 -25"><span class='ocrx_word' id='word_1_356' title='bbox 2204 2801 2324 2837; x_wconf 83' lang='grc' dir='ltr'>τινα</span> <span class='ocrx_word' id='word_1_357' title='bbox 2366 2784 2551 2838; x_wconf 80' lang='grc' dir='ltr'>ἐνιδὼν</span> <span class='ocrx_word' id='word_1_358' title='bbox 2601 2788 2711 2847; x_wconf 84' lang='grc' dir='ltr'>τοῖς</span> <span class='ocrx_word' id='word_1_359' title='bbox 2746 2786 3138 2857; x_wconf 76' lang='grc' dir='ltr'>ἐπιτηδεύμασι</span> <span class='ocrx_word' id='word_1_360' title='bbox 3166 2791 3367 2853; x_wconf 75' lang='grc' dir='ltr'><strong>τούτοις</strong></span> <span class='ocrx_word' id='word_1_361' title='bbox 3412 2794 3775 2861; x_wconf 75' lang='grc' dir='ltr'>συγγένειανς</span> 
     </span>
    </p>
   </div>
   <div class='ocr_carea' id='block_1_50' title="bbox 2219 2876 3775 2952">
    <p class='ocr_par' dir='ltr' id='par_1_50' title="bbox 2219 2876 3775 2952">
     <span class='ocr_line' id='line_1_50' title="bbox 2219 2876 3775 2952; baseline 0.008 -24"><span class='ocrx_word' id='word_1_362' title='bbox 2219 2876 2416 2929; x_wconf 84' lang='grc' dir='ltr'>Ἰταλία</span> <span class='ocrx_word' id='word_1_363' title='bbox 2451 2877 2548 2946; x_wconf 84' lang='grc' dir='ltr'>μὲν</span> <span class='ocrx_word' id='word_1_364' title='bbox 2585 2878 2689 2949; x_wconf 81' lang='grc' dir='ltr'>γὰρ</span> <span class='ocrx_word' id='word_1_365' title='bbox 2724 2879 2890 2931; x_wconf 81' lang='grc' dir='ltr'>πάλαι</span> <span class='ocrx_word' id='word_1_366' title='bbox 2936 2882 3058 2942; x_wconf 72' lang='grc' dir='ltr'>τοὺς</span> <span class='ocrx_word' id='word_1_367' title='bbox 3102 2882 3295 2945; x_wconf 77' lang='grc' dir='ltr'>αὐτοὺς</span> <span class='ocrx_word' id='word_1_368' title='bbox 3344 2883 3542 2952; x_wconf 79' lang='grc' dir='ltr'>ἔχουσα</span> <span class='ocrx_word' id='word_1_369' title='bbox 3596 2888 3775 2940; x_wconf 77' lang='grc' dir='ltr'>Πυθα-</span> 
     </span>
    </p>
   </div>
   <div class='ocr_carea' id='block_1_51' title="bbox 2205 2965 3778 3041">
    <p class='ocr_par' dir='ltr' id='par_1_51' title="bbox 2205 2965 3778 3041">
     <span class='ocr_line' id='line_1_51' title="bbox 2205 2965 3778 3041; baseline 0.008 -25"><span class='ocrx_word' id='word_1_370' title='bbox 2205 2965 2371 3035; x_wconf 87' lang='grc' dir='ltr'>γόρου</span> <span class='ocrx_word' id='word_1_371' title='bbox 2397 2982 2454 3017; x_wconf 90' lang='grc' dir='ltr'><strong>τε</strong></span> <span class='ocrx_word' id='word_1_372' title='bbox 2478 2966 2765 3031; x_wconf 82' lang='grc' dir='ltr'>ἀκουστὰς,</span> <span class='ocrx_word' id='word_1_373' title='bbox 2795 2968 2885 3020; x_wconf 74' lang='grc' dir='ltr'>καὶ</span> <span class='ocrx_word' id='word_1_374' title='bbox 2910 2968 3013 3020; x_wconf 81' lang='grc' dir='ltr'>τῶν</span> <span class='ocrx_word' id='word_1_375' title='bbox 3033 2970 3232 3022; x_wconf 76' lang='grc' dir='ltr'>πόλεων</span> <span class='ocrx_word' id='word_1_376' title='bbox 3254 2973 3555 3041; x_wconf 71' lang='grc' dir='ltr'>ἁρμοπὰς.</span> <span class='ocrx_word' id='word_1_377' title='bbox 3588 2977 3778 3039; x_wconf 70' lang='grc' dir='ltr'>Ἑλλὰς</span> 
     </span>
    </p>
   </div>
   <div class='ocr_carea' id='block_1_52' title="bbox 2204 3058 3776 3138">
    <p class='ocr_par' dir='ltr' id='par_1_52' title="bbox 2204 3058 3776 3138">
     <span class='ocr_line' id='line_1_52' title="bbox 2204 3058 3776 3138; baseline 0.008 -30"><span class='ocrx_word' id='word_1_378' title='bbox 2204 3060 2238 3128; x_wconf 80' lang='grc' dir='ltr'>ἠ</span> <span class='ocrx_word' id='word_1_379' title='bbox 2275 3058 2481 3129; x_wconf 81' lang='grc' dir='ltr'><strong>μεγάλη</strong></span> <span class='ocrx_word' id='word_1_380' title='bbox 2518 3061 2985 3129; x_wconf 81' lang='grc' dir='ltr'>προσηγορεύετο’</span> <span class='ocrx_word' id='word_1_381' title='bbox 3038 3063 3130 3113; x_wconf 73' lang='grc' dir='ltr'>καὶ</span> <span class='ocrx_word' id='word_1_382' title='bbox 3166 3062 3306 3131; x_wconf 78' lang='grc' dir='ltr'>μάλα</span> <span class='ocrx_word' id='word_1_383' title='bbox 3342 3065 3397 3114; x_wconf 89' lang='grc' dir='ltr'><strong>ἐν</strong></span> <span class='ocrx_word' id='word_1_384' title='bbox 3439 3066 3607 3137; x_wconf 69' lang='grc' dir='ltr'>δίκῃο</span> <span class='ocrx_word' id='word_1_385' title='bbox 3644 3072 3776 3138; x_wconf 75' lang='grc' dir='ltr'>παρ’</span> 
     </span>
    </p>
   </div>
   <div class='ocr_carea' id='block_1_53' title="bbox 529 3144 2098 3230">
    <p class='ocr_par' dir='ltr' id='par_1_53' title="bbox 529 3144 2098 3221">
     <span class='ocr_line' id='line_1_53' title="bbox 529 3144 2098 3221; baseline -0.011 -10"><span class='ocrx_word' id='word_1_386' title='bbox 529 3161 808 3213; x_wconf 78' lang='lat' dir='ltr'><strong>civitatum</strong></span> <span class='ocrx_word' id='word_1_387' title='bbox 869 3163 1133 3215; x_wconf 85' lang='lat' dir='ltr'><strong>rectores,</strong></span> <span class='ocrx_word' id='word_1_388' title='bbox 1166 3150 1353 3221; x_wconf 83' lang='lat' dir='ltr'><strong>Magna</strong></span> <span class='ocrx_word' id='word_1_389' title='bbox 1414 3148 1620 3203; x_wconf 66' lang='lat' dir='ltr'><strong>Graacia</strong></span> <span class='ocrx_word' id='word_1_390' title='bbox 1675 3144 2098 3216; x_wconf 83' lang='lat' dir='ltr'><strong>cognominaba-</strong></span> 
     </span>
    </p>
   </div>
   <div class='ocr_carea' id='block_1_54' title="bbox 2200 3144 3776 3230">
    <p class='ocr_par' dir='ltr' id='par_1_54' title="bbox 2205 3144 3776 3230">
     <span class='ocr_line' id='line_1_54' title="bbox 2205 3144 3776 3230; baseline 0.006 -28"><span class='ocrx_word' id='word_1_391' title='bbox 2205 3144 2285 3214; x_wconf 74' lang='grc' dir='ltr'>οἷς</span> <span class='ocrx_word' id='word_1_392' title='bbox 2308 3149 2601 3221; x_wconf 83' lang='grc' dir='ltr'><strong>Χαρώνδας</strong></span> <span class='ocrx_word' id='word_1_393' title='bbox 2633 3154 2729 3222; x_wconf 79' lang='grc' dir='ltr'><strong>μὲν</strong></span> <span class='ocrx_word' id='word_1_394' title='bbox 2771 3153 3094 3222; x_wconf 75' lang='grc' dir='ltr'>ἐνομοθέτει,</span> <span class='ocrx_word' id='word_1_395' title='bbox 3122 3156 3214 3207; x_wconf 78' lang='grc' dir='ltr'>καὶ</span> <span class='ocrx_word' id='word_1_396' title='bbox 3243 3155 3528 3219; x_wconf 71' lang='grc' dir='ltr'>Ζάλευκος,</span> <span class='ocrx_word' id='word_1_397' title='bbox 3578 3162 3776 3230; x_wconf 78' lang='grc' dir='ltr'>ἐπραο</span> 
     </span>
    </p>
   </div>
   <div class='ocr_carea' id='block_1_55' title="bbox 530 3236 2099 3314">
    <p class='ocr_par' dir='ltr' id='par_1_55' title="bbox 530 3236 2099 3314">
     <span class='ocr_line' id='line_1_55' title="bbox 530 3236 2099 3314; baseline -0.013 -10"><span class='ocrx_word' id='word_1_398' title='bbox 530 3262 618 3303; x_wconf 91' lang='lat' dir='ltr'><strong>tur</strong></span> <span class='ocrx_word' id='word_1_399' title='bbox 652 3268 663 3301; x_wconf 78' lang='grc' dir='ltr'>ε</span> <span class='ocrx_word' id='word_1_400' title='bbox 693 3264 789 3302; x_wconf 85' lang='lat' dir='ltr'><strong>nec</strong></span> <span class='ocrx_word' id='word_1_401' title='bbox 822 3246 873 3300; x_wconf 93' lang='lat' dir='ltr'><strong>id</strong></span> <span class='ocrx_word' id='word_1_402' title='bbox 924 3245 1164 3314; x_wconf 82' lang='lat' dir='ltr'><strong>injuria;</strong></span> <span class='ocrx_word' id='word_1_403' title='bbox 1196 3242 1395 3310; x_wconf 88' lang='lat' dir='ltr'><strong>quippe</strong></span> <span class='ocrx_word' id='word_1_404' title='bbox 1431 3254 1553 3292; x_wconf 90' lang='lat' dir='ltr'><strong>cum</strong></span> <span class='ocrx_word' id='word_1_405' title='bbox 1590 3236 1731 3306; x_wconf 87' lang='lat' dir='ltr'><strong>apud</strong></span> <span class='ocrx_word' id='word_1_406' title='bbox 1786 3251 1878 3291; x_wconf 87' lang='lat' dir='ltr'><strong>eas</strong></span> <span class='ocrx_word' id='word_1_407' title='bbox 1913 3244 2099 3304; x_wconf 78' lang='lat' dir='ltr'><strong>gentes</strong></span> 
     </span>
    </p>
   </div>
   <div class='ocr_carea' id='block_1_56' title="bbox 528 3332 2095 3409">
    <p class='ocr_par' dir='ltr' id='par_1_56' title="bbox 528 3332 2095 3409">
     <span class='ocr_line' id='line_1_56' title="bbox 528 3332 2095 3409; baseline -0.01 -12"><span class='ocrx_word' id='word_1_408' title='bbox 528 3342 848 3397; x_wconf 86' lang='lat' dir='ltr'><strong>Charondas</strong></span> <span class='ocrx_word' id='word_1_409' title='bbox 886 3340 1102 3409; x_wconf 86' lang='lat' dir='ltr'><strong>quidem</strong></span> <span class='ocrx_word' id='word_1_410' title='bbox 1162 3346 1214 3389; x_wconf 91' lang='lat' dir='ltr'><strong>et</strong></span> <span class='ocrx_word' id='word_1_411' title='bbox 1249 3335 1512 3388; x_wconf 84' lang='lat' dir='ltr'><strong>Zaleucus</strong></span> <span class='ocrx_word' id='word_1_412' title='bbox 1558 3334 1701 3402; x_wconf 85' lang='lat' dir='ltr'><strong>leges</strong></span> <span class='ocrx_word' id='word_1_413' title='bbox 1748 3332 2044 3385; x_wconf 86' lang='lat' dir='ltr'><strong>conderent</strong></span> <span class='ocrx_word' id='word_1_414' title='bbox 2084 3346 2095 3381; x_wconf 93' lang='lat'>:</span> 
     </span>
    </p>
   </div>
   <div class='ocr_carea' id='block_1_57' title="bbox 528 3421 2095 3493">
    <p class='ocr_par' dir='ltr' id='par_1_57' title="bbox 528 3421 2095 3493">
     <span class='ocr_line' id='line_1_57' title="bbox 528 3421 2095 3493; baseline -0.012 -3"><span class='ocrx_word' id='word_1_415' title='bbox 528 3436 796 3490; x_wconf 88' lang='lat' dir='ltr'><strong>bellorum</strong></span> <span class='ocrx_word' id='word_1_416' title='bbox 831 3441 1011 3484; x_wconf 89' lang='lat' dir='ltr'><strong>autem</strong></span> <span class='ocrx_word' id='word_1_417' title='bbox 1046 3431 1212 3481; x_wconf 82' lang='lat' dir='ltr'><strong>duces</strong></span> <span class='ocrx_word' id='word_1_418' title='bbox 1248 3436 1430 3481; x_wconf 82' lang='lat' dir='ltr'><strong>essent</strong></span> <span class='ocrx_word' id='word_1_419' title='bbox 1460 3425 1711 3493; x_wconf 68' lang='lat' dir='ltr'><strong>Archyta:</strong></span> <span class='ocrx_word' id='word_1_420' title='bbox 1735 3432 1787 3476; x_wconf 90' lang='lat' dir='ltr'><strong>ct</strong></span> <span class='ocrx_word' id='word_1_421' title='bbox 1819 3421 2045 3474; x_wconf 88' lang='lat' dir='ltr'><strong>Philolai</strong></span> <span class='ocrx_word' id='word_1_422' title='bbox 2082 3437 2095 3471; x_wconf 86' lang='grc' dir='ltr'><strong>ι</strong></span> 
     </span>
    </p>
   </div>
   <div class='ocr_carea' id='block_1_58' title="bbox 530 3505 2099 3595">
    <p class='ocr_par' dir='ltr' id='par_1_58' title="bbox 530 3505 2099 3595">
     <span class='ocr_line' id='line_1_58' title="bbox 530 3505 2099 3595; baseline -0.013 -17"><span class='ocrx_word' id='word_1_423' title='bbox 530 3526 786 3595; x_wconf 87' lang='lat' dir='ltr'><strong>princeps</strong></span> <span class='ocrx_word' id='word_1_424' title='bbox 843 3529 1021 3572; x_wconf 88' lang='lat' dir='ltr'><strong>autem</strong></span> <span class='ocrx_word' id='word_1_425' title='bbox 1073 3518 1160 3570; x_wconf 90' lang='lat' dir='ltr'><strong>ille</strong></span> <span class='ocrx_word' id='word_1_426' title='bbox 1216 3524 1651 3568; x_wconf 89' lang='lat' dir='ltr'><strong>astronomorum</strong></span> <span class='ocrx_word' id='word_1_427' title='bbox 1694 3509 1927 3562; x_wconf 67' lang='lat' dir='ltr'><strong>Timaeus</strong></span> <span class='ocrx_word' id='word_1_428' title='bbox 1976 3505 2099 3559; x_wconf 92' lang='lat' dir='ltr'><strong>urbi</strong></span> 
     </span>
    </p>
   </div>
   <div class='ocr_carea' id='block_1_59' title="bbox 529 3597 2099 3688">
    <p class='ocr_par' dir='ltr' id='par_1_59' title="bbox 529 3597 2099 3688">
     <span class='ocr_line' id='line_1_59' title="bbox 529 3597 2099 3688; baseline -0.012 -17"><span class='ocrx_word' id='word_1_429' title='bbox 529 3615 914 3688; x_wconf 67' lang='lat' dir='ltr'><strong>praeﬁceretur,</strong></span> <span class='ocrx_word' id='word_1_430' title='bbox 962 3619 1015 3665; x_wconf 91' lang='lat' dir='ltr'><strong>et</strong></span> <span class='ocrx_word' id='word_1_431' title='bbox 1065 3610 1359 3678; x_wconf 83' lang='lat' dir='ltr'><strong>legationes</strong></span> <span class='ocrx_word' id='word_1_432' title='bbox 1402 3606 1611 3667; x_wconf 89' lang='lat' dir='ltr'><strong>obiret,</strong></span> <span class='ocrx_word' id='word_1_433' title='bbox 1654 3602 1883 3670; x_wconf 87' lang='lat' dir='ltr'><strong>aliisque</strong></span> <span class='ocrx_word' id='word_1_434' title='bbox 1923 3597 2099 3653; x_wconf 85' lang='lat' dir='ltr'><strong>civilis</strong></span> 
     </span>
    </p>
   </div>
   <div class='ocr_carea' id='block_1_60' title="bbox 528 3690 2095 3765">
    <p class='ocr_par' dir='ltr' id='par_1_60' title="bbox 528 3690 2095 3765">
     <span class='ocr_line' id='line_1_60' title="bbox 528 3690 2095 3765; baseline -0.014 -2"><span class='ocrx_word' id='word_1_435' title='bbox 528 3705 1024 3763; x_wconf 88' lang='lat' dir='ltr'><strong>administrationis</strong></span> <span class='ocrx_word' id='word_1_436' title='bbox 1067 3701 1389 3755; x_wconf 77' lang='lat' dir='ltr'><strong>uulneribus</strong></span> <span class='ocrx_word' id='word_1_437' title='bbox 1422 3700 1734 3765; x_wconf 76' lang='lat' dir='ltr'><strong>fungeretur</strong></span> <span class='ocrx_word' id='word_1_438' title='bbox 1764 3712 1774 3746; x_wconf 95' lang='lat'>:</span> <span class='ocrx_word' id='word_1_439' title='bbox 1802 3707 1911 3761; x_wconf 90' lang='lat' dir='ltr'><strong>quo</strong></span> <span class='ocrx_word' id='word_1_440' title='bbox 1932 3690 2095 3745; x_wconf 91' lang='lat' dir='ltr'><strong>etiam</strong></span> 
     </span>
    </p>
   </div>
   <div class='ocr_carea' id='block_1_61' title="bbox 527 3785 2097 3856">
    <p class='ocr_par' dir='ltr' id='par_1_61' title="bbox 527 3785 2097 3856">
     <span class='ocr_line' id='line_1_61' title="bbox 527 3785 2097 3856; baseline -0.013 -1"><span class='ocrx_word' id='word_1_441' title='bbox 527 3808 750 3855; x_wconf 83' lang='lat' dir='ltr'><strong>auctore</strong></span> <span class='ocrx_word' id='word_1_442' title='bbox 777 3798 925 3850; x_wconf 85' lang='lat' dir='ltr'><strong>Plato</strong></span> <span class='ocrx_word' id='word_1_443' title='bbox 959 3796 1113 3849; x_wconf 91' lang='lat' dir='ltr'><strong>nobis</strong></span> <span class='ocrx_word' id='word_1_444' title='bbox 1144 3796 1210 3847; x_wconf 91' lang='lat' dir='ltr'><strong>de</strong></span> <span class='ocrx_word' id='word_1_445' title='bbox 1236 3791 1422 3846; x_wconf 89' lang='lat' dir='ltr'><strong>mundi</strong></span> <span class='ocrx_word' id='word_1_446' title='bbox 1461 3799 1652 3844; x_wconf 86' lang='lat' dir='ltr'><strong>natura</strong></span> <span class='ocrx_word' id='word_1_447' title='bbox 1674 3785 2097 3856; x_wconf 87' lang='lat' dir='ltr'><strong>disputationem</strong></span> 
     </span>
    </p>
   </div>
   <div class='ocr_carea' id='block_1_62' title="bbox 527 3875 2094 3958">
    <p class='ocr_par' dir='ltr' id='par_1_62' title="bbox 527 3875 2094 3958">
     <span class='ocr_line' id='line_1_62' title="bbox 527 3875 2094 3958; baseline -0.014 -10"><span class='ocrx_word' id='word_1_448' title='bbox 527 3888 929 3948; x_wconf 87' lang='lat' dir='ltr'><strong>instituit.Cum</strong></span> <span class='ocrx_word' id='word_1_449' title='bbox 949 3889 1109 3958; x_wconf 91' lang='lat' dir='ltr'><strong>igitur</strong></span> <span class='ocrx_word' id='word_1_450' title='bbox 1125 3886 1317 3939; x_wconf 89' lang='lat' dir='ltr'><strong>borum</strong></span> <span class='ocrx_word' id='word_1_451' title='bbox 1338 3882 1459 3938; x_wconf 83' lang='lat' dir='ltr'><strong>ﬁdei</strong></span> <span class='ocrx_word' id='word_1_452' title='bbox 1491 3897 1635 3950; x_wconf 88' lang='lat' dir='ltr'><strong>resp.</strong></span> <span class='ocrx_word' id='word_1_453' title='bbox 1663 3878 1867 3933; x_wconf 89' lang='lat' dir='ltr'><strong>credita</strong></span> <span class='ocrx_word' id='word_1_454' title='bbox 1880 3875 2094 3935; x_wconf 80' lang='lat' dir='ltr'><strong>fuisset,</strong></span> 
     </span>
    </p>
   </div>
   <div class='ocr_carea' id='block_1_63' title="bbox 526 3970 2098 4049">
    <p class='ocr_par' dir='ltr' id='par_1_63' title="bbox 526 3970 2098 4049">
     <span class='ocr_line' id='line_1_63' title="bbox 526 3970 2098 4049; baseline -0.012 -11"><span class='ocrx_word' id='word_1_455' title='bbox 526 3985 593 4038; x_wconf 90' lang='lat' dir='ltr'><strong>ad</strong></span> <span class='ocrx_word' id='word_1_456' title='bbox 646 3997 842 4037; x_wconf 88' lang='lat' dir='ltr'><strong>nonam</strong></span> <span class='ocrx_word' id='word_1_457' title='bbox 897 3995 1068 4049; x_wconf 87' lang='lat' dir='ltr'><strong>usque</strong></span> <span class='ocrx_word' id='word_1_458' title='bbox 1109 3995 1136 4031; x_wconf 91' lang='lat' dir='ltr'><strong>a</strong></span> <span class='ocrx_word' id='word_1_459' title='bbox 1175 3977 1478 4048; x_wconf 87' lang='lat' dir='ltr'><strong>Pythagora</strong></span> <span class='ocrx_word' id='word_1_460' title='bbox 1527 3982 1759 4031; x_wconf 77' lang='lat' dir='ltr'><strong>:etatem,</strong></span> <span class='ocrx_word' id='word_1_461' title='bbox 1792 3970 2000 4025; x_wconf 89' lang='lat' dir='ltr'><strong>beatam</strong></span> <span class='ocrx_word' id='word_1_462' title='bbox 2035 3980 2098 4019; x_wconf 86' lang='lat' dir='ltr'><strong>ac</strong></span> 
     </span>
    </p>
   </div>
   <div class='ocr_carea' id='block_1_64' title="bbox 533 4054 2097 4129">
    <p class='ocr_par' dir='ltr' id='par_1_64' title="bbox 533 4054 2097 4129">
     <span class='ocr_line' id='line_1_64' title="bbox 533 4054 2097 4129; baseline -0.011 0"><span class='ocrx_word' id='word_1_463' title='bbox 533 4076 820 4129; x_wconf 75' lang='lat' dir='ltr'><strong>ﬂorentem</strong></span> <span class='ocrx_word' id='word_1_464' title='bbox 854 4054 1059 4125; x_wconf 81' lang='lat' dir='ltr'><strong>italiam</strong></span> <span class='ocrx_word' id='word_1_465' title='bbox 1105 4077 1519 4125; x_wconf 80' lang='lat' dir='ltr'><strong>conservarunt.</strong></span> <span class='ocrx_word' id='word_1_466' title='bbox 1566 4066 1631 4119; x_wconf 88' lang='lat' dir='ltr'><strong>Et</strong></span> <span class='ocrx_word' id='word_1_467' title='bbox 1673 4073 1821 4119; x_wconf 91' lang='lat' dir='ltr'><strong>certe</strong></span> <span class='ocrx_word' id='word_1_468' title='bbox 1860 4061 2097 4115; x_wconf 89' lang='lat' dir='ltr'><strong>Eleatica</strong></span> 
     </span>
    </p>
   </div>
   <div class='ocr_carea' id='block_1_65' title="bbox 520 4157 2085 4227">
    <p class='ocr_par' dir='ltr' id='par_1_65' title="bbox 520 4157 2085 4227">
     <span class='ocr_line' id='line_1_65' title="bbox 520 4157 2085 4227; baseline -0.008 -7"><span class='ocrx_word' id='word_1_469' title='bbox 520 4166 749 4220; x_wconf 77' lang='lat' dir='ltr'><strong>Athenis</strong></span> <span class='ocrx_word' id='word_1_470' title='bbox 775 4166 961 4218; x_wconf 84' lang='lat' dir='ltr'><strong>schola</strong></span> <span class='ocrx_word' id='word_1_471' title='bbox 994 4163 1206 4216; x_wconf 83' lang='lat' dir='ltr'><strong>litteras</strong></span> <span class='ocrx_word' id='word_1_472' title='bbox 1237 4160 1400 4214; x_wconf 90' lang='lat' dir='ltr'><strong>simul</strong></span> <span class='ocrx_word' id='word_1_473' title='bbox 1426 4170 1481 4213; x_wconf 88' lang='lat' dir='ltr'><strong>et</strong></span> <span class='ocrx_word' id='word_1_474' title='bbox 1500 4173 1670 4219; x_wconf 88' lang='lat' dir='ltr'><strong>arma,</strong></span> <span class='ocrx_word' id='word_1_475' title='bbox 1709 4157 1822 4227; x_wconf 91' lang='lat' dir='ltr'><strong>pari</strong></span> <span class='ocrx_word' id='word_1_476' title='bbox 1858 4157 2085 4216; x_wconf 90' lang='lat' dir='ltr'><strong>honore,</strong></span> 
     </span>
    </p>
   </div>
   <div class='ocr_carea' id='block_1_66' title="bbox 511 4251 2094 4318">
    <p class='ocr_par' dir='ltr' id='par_1_66' title="bbox 511 4251 2094 4318">
     <span class='ocr_line' id='line_1_66' title="bbox 511 4251 2094 4318; baseline -0.01 -4"><span class='ocrx_word' id='word_1_477' title='bbox 511 4276 672 4314; x_wconf 64' lang='lat' dir='ltr'><strong>curre</strong></span> <span class='ocrx_word' id='word_1_478' title='bbox 704 4259 914 4313; x_wconf 86' lang='lat' dir='ltr'><strong>habuit.</strong></span> <span class='ocrx_word' id='word_1_479' title='bbox 946 4257 1077 4310; x_wconf 85' lang='lat' dir='ltr'><strong>Nam</strong></span> <span class='ocrx_word' id='word_1_480' title='bbox 1111 4255 1253 4308; x_wconf 89' lang='lat' dir='ltr'><strong>haud</strong></span> <span class='ocrx_word' id='word_1_481' title='bbox 1298 4252 1458 4307; x_wconf 84' lang='lat' dir='ltr'><strong>facile</strong></span> <span class='ocrx_word' id='word_1_482' title='bbox 1508 4251 1882 4306; x_wconf 86' lang='lat' dir='ltr'><strong>numeraveris</strong></span> <span class='ocrx_word' id='word_1_483' title='bbox 1932 4263 2094 4318; x_wconf 86' lang='lat' dir='ltr'><strong>quam</strong></span> 
     </span>
    </p>
   </div>
   <div class='ocr_carea' id='block_1_67' title="bbox 516 4341 2096 4422">
    <p class='ocr_par' dir='ltr' id='par_1_67' title="bbox 516 4341 2096 4422">
     <span class='ocr_line' id='line_1_67' title="bbox 516 4341 2096 4422; baseline -0.01 -12"><span class='ocrx_word' id='word_1_484' title='bbox 516 4354 726 4410; x_wconf 74' lang='lat' dir='ltr'><strong>multas</strong></span> <span class='ocrx_word' id='word_1_485' title='bbox 749 4349 1061 4422; x_wconf 78' lang='lat' dir='ltr'><strong>tyrannides</strong></span> <span class='ocrx_word' id='word_1_486' title='bbox 1097 4348 1242 4401; x_wconf 86' lang='lat' dir='ltr'><strong>Zeno</strong></span> <span class='ocrx_word' id='word_1_487' title='bbox 1273 4346 1561 4409; x_wconf 79' lang='lat' dir='ltr'><strong>exciderit,</strong></span> <span class='ocrx_word' id='word_1_488' title='bbox 1595 4356 1646 4399; x_wconf 88' lang='lat' dir='ltr'><strong>et</strong></span> <span class='ocrx_word' id='word_1_489' title='bbox 1675 4358 1797 4396; x_wconf 91' lang='lat' dir='ltr'><strong>cum</strong></span> <span class='ocrx_word' id='word_1_490' title='bbox 1836 4341 2096 4396; x_wconf 85' lang='lat' dir='ltr'><strong>adversus</strong></span> 
     </span>
    </p>
   </div>
   <div class='ocr_carea' id='block_1_68' title="bbox 522 4434 2093 4512">
    <p class='ocr_par' dir='ltr' id='par_1_68' title="bbox 522 4434 2093 4512">
     <span class='ocr_line' id='line_1_68' title="bbox 522 4434 2093 4512; baseline -0.008 -12"><span class='ocrx_word' id='word_1_491' title='bbox 522 4460 620 4500; x_wconf 84' lang='lat' dir='ltr'><strong>eas</strong></span> <span class='ocrx_word' id='word_1_492' title='bbox 652 4446 900 4499; x_wconf 84' lang='lat' dir='ltr'><strong>saniores</strong></span> <span class='ocrx_word' id='word_1_493' title='bbox 930 4443 1209 4497; x_wconf 86' lang='lat' dir='ltr'><strong>civitatum</strong></span> <span class='ocrx_word' id='word_1_494' title='bbox 1232 4450 1411 4512; x_wconf 90' lang='lat' dir='ltr'><strong>partes</strong></span> <span class='ocrx_word' id='word_1_495' title='bbox 1426 4440 1772 4494; x_wconf 89' lang='lat' dir='ltr'><strong>concitasset.</strong></span> <span class='ocrx_word' id='word_1_496' title='bbox 1792 4434 2093 4504; x_wconf 79' lang='lat' dir='ltr'><strong>Xenophon</strong></span> 
     </span>
    </p>
   </div>
   <div class='ocr_carea' id='block_1_69' title="bbox 2201 3242 3776 3321">
    <p class='ocr_par' dir='ltr' id='par_1_69' title="bbox 2201 3242 3776 3321">
     <span class='ocr_line' id='line_1_69' title="bbox 2201 3242 3776 3321; baseline 0.008 -28"><span class='ocrx_word' id='word_1_497' title='bbox 2201 3243 2401 3312; x_wconf 79' lang='grc' dir='ltr'>τήγουν</span> <span class='ocrx_word' id='word_1_498' title='bbox 2433 3242 2488 3295; x_wconf 84' lang='grc' dir='ltr'><strong>δέ</strong></span> <span class='ocrx_word' id='word_1_499' title='bbox 2540 3243 2797 3313; x_wconf 76' lang='grc' dir='ltr'>Ἀρχύται</span> <span class='ocrx_word' id='word_1_500' title='bbox 2842 3246 2933 3296; x_wconf 74' lang='grc' dir='ltr'><strong>καὶ</strong></span> <span class='ocrx_word' id='word_1_501' title='bbox 2966 3246 3227 3311; x_wconf 81' lang='grc' dir='ltr'>Φιλόλαοι,</span> <span class='ocrx_word' id='word_1_502' title='bbox 3276 3249 3304 3299; x_wconf 77' lang='grc' dir='ltr'><strong>ὁ</strong></span> <span class='ocrx_word' id='word_1_503' title='bbox 3350 3248 3407 3301; x_wconf 81' lang='grc' dir='ltr'><strong>δὲ</strong></span> <span class='ocrx_word' id='word_1_504' title='bbox 3449 3251 3776 3321; x_wconf 66' lang='grc' dir='ltr'>ἀστρονομι·</span> 
     </span>
    </p>
   </div>
   <div class='ocr_carea' id='block_1_70' title="bbox 2200 3331 3775 3413">
    <p class='ocr_par' dir='ltr' id='par_1_70' title="bbox 2200 3331 3775 3413">
     <span class='ocr_line' id='line_1_70' title="bbox 2200 3331 3775 3413; baseline 0.008 -30"><span class='ocrx_word' id='word_1_505' title='bbox 2200 3331 2441 3394; x_wconf 85' lang='grc' dir='ltr'>κώτατος</span> <span class='ocrx_word' id='word_1_506' title='bbox 2472 3333 2699 3402; x_wconf 77' lang='grc' dir='ltr'>Τίμαιος</span> <span class='ocrx_word' id='word_1_507' title='bbox 2734 3335 3041 3405; x_wconf 79' lang='grc' dir='ltr'>ἐπολιάρχει</span> <span class='ocrx_word' id='word_1_508' title='bbox 3065 3336 3174 3406; x_wconf 75' lang='grc' dir='ltr'>[γρ.</span> <span class='ocrx_word' id='word_1_509' title='bbox 3204 3339 3568 3413; x_wconf 76' lang='grc' dir='ltr'>ἐπολιτάρχει]</span> <span class='ocrx_word' id='word_1_510' title='bbox 3595 3360 3658 3395; x_wconf 82' lang='grc' dir='ltr'><strong>τε</strong></span> <span class='ocrx_word' id='word_1_511' title='bbox 3686 3346 3775 3395; x_wconf 69' lang='grc' dir='ltr'>καὶ</span> 
     </span>
    </p>
   </div>
   <div class='ocr_carea' id='block_1_71' title="bbox 2200 3421 3773 3501">
    <p class='ocr_par' dir='ltr' id='par_1_71' title="bbox 2200 3421 3773 3501">
     <span class='ocr_line' id='line_1_71' title="bbox 2200 3421 3773 3501; baseline 0.01 -28"><span class='ocrx_word' id='word_1_512' title='bbox 2200 3421 2517 3494; x_wconf 77' lang='grc' dir='ltr'>ἐπρέσϐευε,</span> <span class='ocrx_word' id='word_1_513' title='bbox 2550 3424 2642 3477; x_wconf 77' lang='grc' dir='ltr'><strong>καὶ</strong></span> <span class='ocrx_word' id='word_1_514' title='bbox 2665 3421 2832 3477; x_wconf 82' lang='grc' dir='ltr'>τᾶλλα</span> <span class='ocrx_word' id='word_1_515' title='bbox 2862 3428 3199 3481; x_wconf 82' lang='grc' dir='ltr'>ἐπολιτεύετο</span> <span class='ocrx_word' id='word_1_516' title='bbox 3217 3447 3230 3459; x_wconf 89' lang='grc'><strong>·</strong></span> <span class='ocrx_word' id='word_1_517' title='bbox 3262 3432 3391 3501; x_wconf 81' lang='grc' dir='ltr'>παρ’</span> <span class='ocrx_word' id='word_1_518' title='bbox 3424 3427 3485 3483; x_wconf 64' lang='grc' dir='ltr'><strong>οἶ)</strong></span> <span class='ocrx_word' id='word_1_519' title='bbox 3510 3436 3613 3485; x_wconf 77' lang='grc' dir='ltr'><strong>καί</strong></span> <span class='ocrx_word' id='word_1_520' title='bbox 3640 3435 3773 3490; x_wconf 67' lang='grc' dir='ltr'>Πλα-</span> 
     </span>
    </p>
   </div>
   <div class='ocr_carea' id='block_1_72' title="bbox 2198 3517 3771 3591">
    <p class='ocr_par' dir='ltr' id='par_1_72' title="bbox 2198 3517 3771 3591">
     <span class='ocr_line' id='line_1_72' title="bbox 2198 3517 3771 3591; baseline 0.01 -25"><span class='ocrx_word' id='word_1_521' title='bbox 2198 3531 2304 3567; x_wconf 88' lang='grc' dir='ltr'><strong>των</strong></span> <span class='ocrx_word' id='word_1_522' title='bbox 2343 3517 2473 3586; x_wconf 76' lang='grc' dir='ltr'>ἡμῖν</span> <span class='ocrx_word' id='word_1_523' title='bbox 2532 3517 2657 3588; x_wconf 79' lang='grc' dir='ltr'>περὶ</span> <span class='ocrx_word' id='word_1_524' title='bbox 2704 3518 2906 3587; x_wconf 81' lang='grc' dir='ltr'>κόσμου</span> <span class='ocrx_word' id='word_1_525' title='bbox 2948 3520 3159 3586; x_wconf 70' lang='grc' dir='ltr'>φύσεως</span> <span class='ocrx_word' id='word_1_526' title='bbox 3206 3522 3533 3591; x_wconf 79' lang='grc' dir='ltr'>διαλέγεται.</span> <span class='ocrx_word' id='word_1_527' title='bbox 3609 3528 3771 3580; x_wconf 72' lang='grc' dir='ltr'>Ταῦτ’</span> 
     </span>
    </p>
   </div>
   <div class='ocr_carea' id='block_1_73' title="bbox 2198 3608 3769 3684">
    <p class='ocr_par' dir='ltr' id='par_1_73' title="bbox 2198 3608 3769 3684">
     <span class='ocr_line' id='line_1_73' title="bbox 2198 3608 3769 3684; baseline 0.007 -23"><span class='ocrx_word' id='word_1_528' title='bbox 2198 3608 2306 3677; x_wconf 77' lang='grc' dir='ltr'>ἄρα</span> <span class='ocrx_word' id='word_1_529' title='bbox 2351 3608 2545 3679; x_wconf 85' lang='grc' dir='ltr'><strong>μέχρις</strong></span> <span class='ocrx_word' id='word_1_530' title='bbox 2586 3611 2778 3679; x_wconf 80' lang='grc' dir='ltr'>ἐνάτης</span> <span class='ocrx_word' id='word_1_531' title='bbox 2819 3613 2925 3664; x_wconf 77' lang='grc' dir='ltr'>ἀπὸ</span> <span class='ocrx_word' id='word_1_532' title='bbox 2958 3612 3266 3684; x_wconf 80' lang='grc' dir='ltr'>Πυθαγόρου</span> <span class='ocrx_word' id='word_1_533' title='bbox 3290 3619 3477 3682; x_wconf 74' lang='grc' dir='ltr'>γενεᾶς</span> <span class='ocrx_word' id='word_1_534' title='bbox 3515 3618 3589 3669; x_wconf 72' lang='grc' dir='ltr'>τὰ</span> <span class='ocrx_word' id='word_1_535' title='bbox 3619 3620 3769 3673; x_wconf 72' lang='grc' dir='ltr'>κοινὰ</span> 
     </span>
    </p>
   </div>
   <div class='ocr_carea' id='block_1_74' title="bbox 2199 3699 3765 3778">
    <p class='ocr_par' dir='ltr' id='par_1_74' title="bbox 2199 3699 3765 3778">
     <span class='ocr_line' id='line_1_74' title="bbox 2199 3699 3765 3778; baseline 0.006 -28"><span class='ocrx_word' id='word_1_536' title='bbox 2199 3699 2603 3765; x_wconf 83' lang='grc' dir='ltr'>πιστευθέντες,</span> <span class='ocrx_word' id='word_1_537' title='bbox 2648 3701 2935 3765; x_wconf 76' lang='grc' dir='ltr'>εὐδαίμονα</span> <span class='ocrx_word' id='word_1_538' title='bbox 2979 3704 3077 3775; x_wconf 79' lang='grc' dir='ltr'>τὴν</span> <span class='ocrx_word' id='word_1_539' title='bbox 3136 3706 3357 3757; x_wconf 80' lang='grc' dir='ltr'>Ἰταλίαν</span> <span class='ocrx_word' id='word_1_540' title='bbox 3410 3708 3765 3778; x_wconf 57' lang='grc' dir='ltr'>διετήρησαν</span> 
     </span>
    </p>
   </div>
   <div class='ocr_carea' id='block_1_75' title="bbox 2199 3793 3769 3867">
    <p class='ocr_par' dir='ltr' id='par_1_75' title="bbox 2199 3793 3769 3867">
     <span class='ocr_line' id='line_1_75' title="bbox 2199 3793 3769 3867; baseline 0.005 -23"><span class='ocrx_word' id='word_1_541' title='bbox 2199 3793 2292 3845; x_wconf 71' lang='grc' dir='ltr'><strong>καὶ</strong></span> <span class='ocrx_word' id='word_1_542' title='bbox 2321 3793 2423 3862; x_wconf 80' lang='grc' dir='ltr'><strong>μὴν</strong></span> <span class='ocrx_word' id='word_1_543' title='bbox 2442 3794 2501 3847; x_wconf 80' lang='grc' dir='ltr'>τὸ</span> <span class='ocrx_word' id='word_1_544' title='bbox 2537 3794 2868 3848; x_wconf 77' lang='grc' dir='ltr'>Ἑλαιατικὸν</span> <span class='ocrx_word' id='word_1_545' title='bbox 2905 3796 3153 3867; x_wconf 77' lang='grc' dir='ltr'>Ἀθήνῃσι</span> <span class='ocrx_word' id='word_1_546' title='bbox 3182 3797 3567 3860; x_wconf 79' lang='grc' dir='ltr'>διδασκαλεῖον,</span> <span class='ocrx_word' id='word_1_547' title='bbox 3595 3802 3769 3867; x_wconf 72' lang='grc' dir='ltr'>λόγων</span> 
     </span>
    </p>
   </div>
   <div class='ocr_carea' id='block_1_76' title="bbox 2196 3885 3767 3963">
    <p class='ocr_par' dir='ltr' id='par_1_76' title="bbox 2196 3885 3767 3963">
     <span class='ocr_line' id='line_1_76' title="bbox 2196 3885 3767 3963; baseline 0.004 -27"><span class='ocrx_word' id='word_1_548' title='bbox 2196 3900 2253 3936; x_wconf 90' lang='grc' dir='ltr'><strong>τε</strong></span> <span class='ocrx_word' id='word_1_549' title='bbox 2285 3885 2399 3954; x_wconf 80' lang='grc' dir='ltr'>ἃμα</span> <span class='ocrx_word' id='word_1_550' title='bbox 2447 3887 2537 3939; x_wconf 73' lang='grc' dir='ltr'><strong>καὶ</strong></span> <span class='ocrx_word' id='word_1_551' title='bbox 2571 3886 2748 3939; x_wconf 85' lang='grc' dir='ltr'>ὃπλων</span> <span class='ocrx_word' id='word_1_552' title='bbox 2797 3889 3069 3957; x_wconf 75' lang='grc' dir='ltr'>ὁμοτίμως</span> <span class='ocrx_word' id='word_1_553' title='bbox 3102 3889 3532 3958; x_wconf 74' lang='grc' dir='ltr'>ἐπεμελήθησαν.</span> <span class='ocrx_word' id='word_1_554' title='bbox 3584 3893 3767 3963; x_wconf 71' lang='grc' dir='ltr'>Ζήνων</span> 
     </span>
    </p>
   </div>
   <div class='ocr_carea' id='block_1_77' title="bbox 2195 3976 3766 4050">
    <p class='ocr_par' dir='ltr' id='par_1_77' title="bbox 2195 3976 3766 4050">
     <span class='ocr_line' id='line_1_77' title="bbox 2195 3976 3766 4050; baseline 0.004 -24"><span class='ocrx_word' id='word_1_555' title='bbox 2195 3992 2254 4026; x_wconf 90' lang='grc' dir='ltr'><strong>τε</strong></span> <span class='ocrx_word' id='word_1_556' title='bbox 2282 3976 2388 4045; x_wconf 80' lang='grc' dir='ltr'>γὰρ</span> <span class='ocrx_word' id='word_1_557' title='bbox 2413 3978 2521 4029; x_wconf 74' lang='grc' dir='ltr'>οὐδ’</span> <span class='ocrx_word' id='word_1_558' title='bbox 2549 3977 2613 4030; x_wconf 85' lang='grc' dir='ltr'><strong>ἂν</strong></span> <span class='ocrx_word' id='word_1_559' title='bbox 2645 3978 2969 4049; x_wconf 81' lang='grc' dir='ltr'>ἀριθμήσαις</span> <span class='ocrx_word' id='word_1_560' title='bbox 3012 3980 3206 4049; x_wconf 65' lang='grc' dir='ltr'>ῥᾳδίως</span> <span class='ocrx_word' id='word_1_561' title='bbox 3245 3981 3373 4039; x_wconf 77' lang='grc' dir='ltr'>ὅσας</span> <span class='ocrx_word' id='word_1_562' title='bbox 3414 3980 3639 4050; x_wconf 38' lang='lat' dir='ltr'><strong>essm;</strong></span> <span class='ocrx_word' id='word_1_563' title='bbox 3673 3999 3766 4032; x_wconf 76' lang='grc' dir='ltr'>τυο</span> 
     </span>
    </p>
   </div>
   <div class='ocr_carea' id='block_1_78' title="bbox 2200 4068 3766 4141">
    <p class='ocr_par' dir='ltr' id='par_1_78' title="bbox 2200 4068 3766 4141">
     <span class='ocr_line' id='line_1_78' title="bbox 2200 4068 3766 4141; baseline 0.004 -23"><span class='ocrx_word' id='word_1_564' title='bbox 2200 4068 2463 4138; x_wconf 82' lang='grc' dir='ltr'>ραννίδας,</span> <span class='ocrx_word' id='word_1_565' title='bbox 2495 4071 2743 4133; x_wconf 75' lang='grc' dir='ltr'>συνιστὰς</span> <span class='ocrx_word' id='word_1_566' title='bbox 2766 4072 2851 4121; x_wconf 84' lang='grc' dir='ltr'>ἐπ’</span> <span class='ocrx_word' id='word_1_567' title='bbox 2874 4072 3039 4133; x_wconf 72' lang='grc' dir='ltr'>αὐτὰς</span> <span class='ocrx_word' id='word_1_568' title='bbox 3064 4070 3175 4141; x_wconf 76' lang='grc' dir='ltr'>[γρ.</span> <span class='ocrx_word' id='word_1_569' title='bbox 3200 4068 3408 4140; x_wconf 68' lang='grc' dir='ltr'>αὑταῖς]</span> <span class='ocrx_word' id='word_1_570' title='bbox 3436 4072 3494 4121; x_wconf 70' lang='grc' dir='ltr'>τὸ</span> <span class='ocrx_word' id='word_1_571' title='bbox 3524 4073 3766 4139; x_wconf 69' lang='grc' dir='ltr'>ὑγιαῖνον</span> 
     </span>
    </p>
   </div>
   <div class='ocr_carea' id='block_1_79' title="bbox 2195 4157 3763 4232">
    <p class='ocr_par' dir='ltr' id='par_1_79' title="bbox 2195 4157 3763 4232">
     <span class='ocr_line' id='line_1_79' title="bbox 2195 4157 3763 4232; baseline 0.004 -22"><span class='ocrx_word' id='word_1_572' title='bbox 2195 4157 2303 4210; x_wconf 81' lang='grc' dir='ltr'><strong>τῶν</strong></span> <span class='ocrx_word' id='word_1_573' title='bbox 2355 4159 2578 4213; x_wconf 87' lang='grc' dir='ltr'>πόλεων.</span> <span class='ocrx_word' id='word_1_574' title='bbox 2634 4162 2742 4213; x_wconf 70' lang='grc' dir='ltr'><strong>Καὶ</strong></span> <span class='ocrx_word' id='word_1_575' title='bbox 2791 4160 3037 4229; x_wconf 70' lang='grc' dir='ltr'>Ξενοφῶν</span> <span class='ocrx_word' id='word_1_576' title='bbox 3082 4162 3451 4232; x_wconf 77' lang='grc' dir='ltr'>ἀπειρηκότας</span> <span class='ocrx_word' id='word_1_577' title='bbox 3500 4162 3609 4216; x_wconf 69' lang='grc' dir='ltr'>ὑπὸ</span> <span class='ocrx_word' id='word_1_578' title='bbox 3659 4164 3763 4215; x_wconf 68' lang='grc' dir='ltr'>τῶν</span> 
     </span>
    </p>
   </div>
   <div class='ocr_carea' id='block_1_80' title="bbox 2198 4247 3762 4321">
    <p class='ocr_par' dir='ltr' id='par_1_80' title="bbox 2198 4247 3762 4321">
     <span class='ocr_line' id='line_1_80' title="bbox 2198 4247 3762 4321; baseline 0.003 -22"><span class='ocrx_word' id='word_1_579' title='bbox 2198 4247 2494 4319; x_wconf 74' lang='grc' dir='ltr'>συμφορῶν</span> <span class='ocrx_word' id='word_1_580' title='bbox 2528 4249 2621 4302; x_wconf 70' lang='grc' dir='ltr'><strong>καὶ</strong></span> <span class='ocrx_word' id='word_1_581' title='bbox 2651 4248 2993 4313; x_wconf 85' lang='grc' dir='ltr'>θανατῶντας</span> <span class='ocrx_word' id='word_1_582' title='bbox 3033 4250 3131 4321; x_wconf 69' lang='grc' dir='ltr'><strong>ἤδη</strong></span> <span class='ocrx_word' id='word_1_583' title='bbox 3162 4252 3285 4313; x_wconf 75' lang='grc' dir='ltr'>τοὺς</span> <span class='ocrx_word' id='word_1_584' title='bbox 3313 4252 3541 4321; x_wconf 81' lang='grc' dir='ltr'>μυρίους</span> <span class='ocrx_word' id='word_1_585' title='bbox 3592 4270 3762 4321; x_wconf 76' lang='grc' dir='ltr'>παρα-</span> 
     </span>
    </p>
   </div>
   <div class='ocr_carea' id='block_1_81' title="bbox 2195 4340 3763 4415">
    <p class='ocr_par' dir='ltr' id='par_1_81' title="bbox 2195 4340 3763 4415">
     <span class='ocr_line' id='line_1_81' title="bbox 2195 4340 3763 4415; baseline 0.002 -21"><span class='ocrx_word' id='word_1_586' title='bbox 2195 4340 2394 4403; x_wconf 76' lang='grc' dir='ltr'>λαϐὼν,</span> <span class='ocrx_word' id='word_1_587' title='bbox 2430 4341 2525 4394; x_wconf 79' lang='grc' dir='ltr'><strong>ἀπ’</strong></span> <span class='ocrx_word' id='word_1_588' title='bbox 2556 4342 2728 4411; x_wconf 77' lang='grc' dir='ltr'>ἄκρας</span> <span class='ocrx_word' id='word_1_589' title='bbox 2754 4341 2853 4411; x_wconf 76' lang='grc' dir='ltr'>τῆς</span> <span class='ocrx_word' id='word_1_590' title='bbox 2888 4342 3109 4413; x_wconf 85' lang='grc' dir='ltr'>Περσῶν</span> <span class='ocrx_word' id='word_1_591' title='bbox 3141 4343 3493 4412; x_wconf 82' lang='grc' dir='ltr'>ἐπικρατείας</span> <span class='ocrx_word' id='word_1_592' title='bbox 3524 4346 3763 4415; x_wconf 69' lang='grc' dir='ltr'>κατήγα-</span> 
     </span>
    </p>
   </div>
   <div class='ocr_carea' id='block_1_82' title="bbox 2195 4432 3759 4503">
    <p class='ocr_par' dir='ltr' id='par_1_82' title="bbox 2195 4432 3759 4503">
     <span class='ocr_line' id='line_1_82' title="bbox 2195 4432 3759 4503; baseline 0.003 -19"><span class='ocrx_word' id='word_1_593' title='bbox 2195 4449 2257 4500; x_wconf 89' lang='grc' dir='ltr'>γε</span> <span class='ocrx_word' id='word_1_594' title='bbox 2280 4432 2543 4496; x_wconf 85' lang='grc' dir='ltr'>νικῶντας</span> <span class='ocrx_word' id='word_1_595' title='bbox 2571 4432 2714 4486; x_wconf 77' lang='grc' dir='ltr'>ἅπαν</span> <span class='ocrx_word' id='word_1_596' title='bbox 2741 4433 2800 4485; x_wconf 83' lang='grc' dir='ltr'>τὸ</span> <span class='ocrx_word' id='word_1_597' title='bbox 2837 4434 3214 4503; x_wconf 82' lang='grc' dir='ltr'>ὑφιστάμενον.</span> <span class='ocrx_word' id='word_1_598' title='bbox 3239 4434 3305 4485; x_wconf 91' lang='grc' dir='ltr'>Τί</span> <span class='ocrx_word' id='word_1_599' title='bbox 3331 4434 3375 4485; x_wconf 79' lang='grc' dir='ltr'><strong>δ’</strong></span> <span class='ocrx_word' id='word_1_600' title='bbox 3398 4434 3465 4487; x_wconf 78' lang='grc' dir='ltr'><strong>ἄν</strong></span> <span class='ocrx_word' id='word_1_601' title='bbox 3496 4452 3580 4497; x_wconf 81' lang='grc' dir='ltr'><strong>τις</strong></span> <span class='ocrx_word' id='word_1_602' title='bbox 3604 4438 3759 4499; x_wconf 57' lang='grc' dir='ltr'>εἶπε,</span> 
     </span>
    </p>
   </div>
   <div class='ocr_carea' id='block_1_83' title="bbox 522 4502 2098 4597">
    <p class='ocr_par' dir='ltr' id='par_1_83' title="bbox 522 4523 2097 4597">
     <span class='ocr_line' id='line_1_83' title="bbox 522 4523 2097 4597; baseline -0.006 -11"><span class='ocrx_word' id='word_1_603' title='bbox 522 4541 707 4587; x_wconf 83' lang='lat' dir='ltr'><strong>autem</strong></span> <span class='ocrx_word' id='word_1_604' title='bbox 731 4533 916 4587; x_wconf 89' lang='lat' dir='ltr'><strong>decem</strong></span> <span class='ocrx_word' id='word_1_605' title='bbox 963 4532 1190 4585; x_wconf 88' lang='lat' dir='ltr'><strong>millium</strong></span> <span class='ocrx_word' id='word_1_606' title='bbox 1240 4531 1561 4592; x_wconf 80' lang='lat' dir='ltr'><strong>exercitum,</strong></span> <span class='ocrx_word' id='word_1_607' title='bbox 1600 4528 1691 4597; x_wconf 92' lang='lat' dir='ltr'><strong>qui</strong></span> <span class='ocrx_word' id='word_1_608' title='bbox 1740 4526 1844 4581; x_wconf 89' lang='lat' dir='ltr'><strong>sub</strong></span> <span class='ocrx_word' id='word_1_609' title='bbox 1873 4523 2097 4578; x_wconf 87' lang='lat' dir='ltr'><strong>calami-</strong></span> 
     </span>
    </p>
   </div>
   <div class='ocr_carea' id='block_1_84' title="bbox 2200 4502 3762 4597">
    <p class='ocr_par' dir='ltr' id='par_1_84' title="bbox 2200 4523 3762 4594">
     <span class='ocr_line' id='line_1_84' title="bbox 2200 4523 3762 4594; baseline 0.001 -17"><span class='ocrx_word' id='word_1_610' title='bbox 2200 4525 2277 4589; x_wconf 86' lang='grc' dir='ltr'><strong>τὸ,</strong></span> <span class='ocrx_word' id='word_1_611' title='bbox 2324 4524 2499 4577; x_wconf 82' lang='grc' dir='ltr'>Δίωνα</span> <span class='ocrx_word' id='word_1_612' title='bbox 2532 4524 2622 4577; x_wconf 68' lang='grc' dir='ltr'><strong>ἐπὶ</strong></span> <span class='ocrx_word' id='word_1_613' title='bbox 2655 4526 2751 4593; x_wconf 79' lang='grc' dir='ltr'>τὴν</span> <span class='ocrx_word' id='word_1_614' title='bbox 2778 4523 3045 4577; x_wconf 85' lang='grc' dir='ltr'>Διονυσίου</span> <span class='ocrx_word' id='word_1_615' title='bbox 3084 4525 3373 4594; x_wconf 77' lang='grc' dir='ltr'>μοναρχίαν</span> <span class='ocrx_word' id='word_1_616' title='bbox 3410 4525 3613 4589; x_wconf 78' lang='grc' dir='ltr'>ἐλθεῖν,</span> <span class='ocrx_word' id='word_1_617' title='bbox 3649 4527 3762 4578; x_wconf 66' lang='lat' dir='ltr'><strong>8m-</strong></span> 
     </span>
    </p>
   </div>
   <div class='ocr_carea' id='block_1_85' title="bbox 525 4615 2098 4693">
    <p class='ocr_par' dir='ltr' id='par_1_85' title="bbox 525 4615 2098 4693">
     <span class='ocr_line' id='line_1_85' title="bbox 525 4615 2098 4693; baseline -0.006 -14"><span class='ocrx_word' id='word_1_618' title='bbox 525 4627 731 4681; x_wconf 78' lang='lat' dir='ltr'><strong>tatibus</strong></span> <span class='ocrx_word' id='word_1_619' title='bbox 770 4626 1189 4693; x_wconf 85' lang='lat' dir='ltr'><strong>desperassent,</strong></span> <span class='ocrx_word' id='word_1_620' title='bbox 1246 4634 1301 4677; x_wconf 90' lang='lat' dir='ltr'><strong>et</strong></span> <span class='ocrx_word' id='word_1_621' title='bbox 1347 4621 1592 4691; x_wconf 90' lang='lat' dir='ltr'><strong>oppressi</strong></span> <span class='ocrx_word' id='word_1_622' title='bbox 1637 4619 1749 4687; x_wconf 87' lang='lat' dir='ltr'><strong>jam</strong></span> <span class='ocrx_word' id='word_1_623' title='bbox 1804 4615 2098 4671; x_wconf 90' lang='lat' dir='ltr'><strong>occubuis-</strong></span> 
     </span>
    </p>
   </div>
   <div class='ocr_carea' id='block_1_86' title="bbox 524 4712 2097 4783">
    <p class='ocr_par' dir='ltr' id='par_1_86' title="bbox 524 4712 2097 4783">
     <span class='ocr_line' id='line_1_86' title="bbox 524 4712 2097 4783; baseline -0.007 -10"><span class='ocrx_word' id='word_1_624' title='bbox 524 4724 671 4781; x_wconf 78' lang='lat' dir='ltr'><strong>sent,</strong></span> <span class='ocrx_word' id='word_1_625' title='bbox 722 4718 793 4769; x_wconf 86' lang='lat' dir='ltr'><strong>ab</strong></span> <span class='ocrx_word' id='word_1_626' title='bbox 836 4726 1080 4769; x_wconf 79' lang='lat' dir='ltr'><strong>extrema</strong></span> <span class='ocrx_word' id='word_1_627' title='bbox 1134 4715 1285 4783; x_wconf 86' lang='lat' dir='ltr'><strong>regni</strong></span> <span class='ocrx_word' id='word_1_628' title='bbox 1333 4712 1542 4767; x_wconf 77' lang='lat' dir='ltr'><strong>Persici</strong></span> <span class='ocrx_word' id='word_1_629' title='bbox 1573 4725 1669 4765; x_wconf 85' lang='lat' dir='ltr'><strong>ora</strong></span> <span class='ocrx_word' id='word_1_630' title='bbox 1718 4717 1972 4778; x_wconf 85' lang='lat' dir='ltr'><strong>acceptos</strong></span> <span class='ocrx_word' id='word_1_631' title='bbox 2010 4722 2097 4762; x_wconf 86' lang='lat' dir='ltr'><strong>re-</strong></span> 
     </span>
    </p>
   </div>
   <div class='ocr_carea' id='block_1_87' title="bbox 524 4799 2098 4876">
    <p class='ocr_par' dir='ltr' id='par_1_87' title="bbox 524 4799 2098 4876">
     <span class='ocr_line' id='line_1_87' title="bbox 524 4799 2098 4876; baseline -0.008 -13"><span class='ocrx_word' id='word_1_632' title='bbox 524 4809 703 4869; x_wconf 77' lang='lat' dir='ltr'><strong>duxit,</strong></span> <span class='ocrx_word' id='word_1_633' title='bbox 742 4808 1025 4861; x_wconf 86' lang='lat' dir='ltr'><strong>vincentes</strong></span> <span class='ocrx_word' id='word_1_634' title='bbox 1053 4822 1215 4861; x_wconf 93' lang='lat' dir='ltr'><strong>omne</strong></span> <span class='ocrx_word' id='word_1_635' title='bbox 1238 4806 1382 4876; x_wconf 89' lang='lat' dir='ltr'><strong>quod</strong></span> <span class='ocrx_word' id='word_1_636' title='bbox 1419 4804 1553 4873; x_wconf 90' lang='lat' dir='ltr'><strong>ipsis</strong></span> <span class='ocrx_word' id='word_1_637' title='bbox 1594 4804 2000 4855; x_wconf 86' lang='lat' dir='ltr'><strong>adversaretur.</strong></span> <span class='ocrx_word' id='word_1_638' title='bbox 2029 4799 2098 4851; x_wconf 82' lang='lat' dir='ltr'><strong>At</strong></span> 
     </span>
    </p>
   </div>
   <div class='ocr_carea' id='block_1_88' title="bbox 523 4888 2097 4971">
    <p class='ocr_par' dir='ltr' id='par_1_88' title="bbox 523 4888 2097 4971">
     <span class='ocr_line' id='line_1_88' title="bbox 523 4888 2097 4971; baseline -0.008 -16"><span class='ocrx_word' id='word_1_639' title='bbox 523 4899 686 4971; x_wconf 80' lang='lat'><strong>309</strong></span> <span class='ocrx_word' id='word_1_640' title='bbox 718 4899 845 4970; x_wconf 82' lang='lat' dir='ltr'><strong>quid</strong></span> <span class='ocrx_word' id='word_1_641' title='bbox 877 4898 987 4967; x_wconf 87' lang='lat' dir='ltr'><strong>jam</strong></span> <span class='ocrx_word' id='word_1_642' title='bbox 1031 4897 1098 4951; x_wconf 91' lang='lat' dir='ltr'><strong>de</strong></span> <span class='ocrx_word' id='word_1_643' title='bbox 1130 4896 1301 4951; x_wconf 90' lang='lat' dir='ltr'><strong>Dione</strong></span> <span class='ocrx_word' id='word_1_644' title='bbox 1332 4896 1534 4965; x_wconf 85' lang='lat' dir='ltr'><strong>aliquis</strong></span> <span class='ocrx_word' id='word_1_645' title='bbox 1592 4893 1758 4955; x_wconf 83' lang='lat' dir='ltr'><strong>dicat,</strong></span> <span class='ocrx_word' id='word_1_646' title='bbox 1787 4891 1931 4961; x_wconf 89' lang='lat' dir='ltr'><strong>quod</strong></span> <span class='ocrx_word' id='word_1_647' title='bbox 1962 4888 2097 4943; x_wconf 90' lang='lat' dir='ltr'><strong>adiit</strong></span> 
     </span>
    </p>
   </div>
   <div class='ocr_carea' id='block_1_89' title="bbox 521 4979 2089 5064">
    <p class='ocr_par' dir='ltr' id='par_1_89' title="bbox 521 4979 2089 5064">
     <span class='ocr_line' id='line_1_89' title="bbox 521 4979 2089 5064; baseline -0.011 -16"><span class='ocrx_word' id='word_1_648' title='bbox 521 4992 768 5064; x_wconf 76' lang='lat' dir='ltr'><strong>Dionysii</strong></span> <span class='ocrx_word' id='word_1_649' title='bbox 816 4989 1184 5061; x_wconf 85' lang='lat' dir='ltr'><strong>principatum</strong></span> <span class='ocrx_word' id='word_1_650' title='bbox 1214 5006 1226 5040; x_wconf 90' lang='lat'><strong>:</strong></span> <span class='ocrx_word' id='word_1_651' title='bbox 1263 4987 1352 5055; x_wconf 86' lang='lat' dir='ltr'><strong>qui</strong></span> <span class='ocrx_word' id='word_1_652' title='bbox 1379 4987 1598 5040; x_wconf 74' lang='lat' dir='ltr'><strong>Grzecas</strong></span> <span class='ocrx_word' id='word_1_653' title='bbox 1639 4984 1857 5054; x_wconf 88' lang='lat' dir='ltr'><strong>quidem</strong></span> <span class='ocrx_word' id='word_1_654' title='bbox 1917 4980 1970 5033; x_wconf 94' lang='lat' dir='ltr'><strong>in</strong></span> <span class='ocrx_word' id='word_1_655' title='bbox 2001 4979 2089 5032; x_wconf 86' lang='lat' dir='ltr'><strong>Si-</strong></span> 
     </span>
    </p>
   </div>
   <div class='ocr_carea' id='block_1_90' title="bbox 522 5077 2090 5148">
    <p class='ocr_par' dir='ltr' id='par_1_90' title="bbox 522 5077 2090 5148">
     <span class='ocr_line' id='line_1_90' title="bbox 522 5077 2090 5148; baseline -0.008 -9"><span class='ocrx_word' id='word_1_656' title='bbox 522 5087 646 5140; x_wconf 89' lang='lat' dir='ltr'><strong>cilia</strong></span> <span class='ocrx_word' id='word_1_657' title='bbox 683 5085 847 5138; x_wconf 89' lang='lat' dir='ltr'><strong>nrbes</strong></span> <span class='ocrx_word' id='word_1_658' title='bbox 884 5081 1130 5138; x_wconf 88' lang='lat' dir='ltr'><strong>servituti</strong></span> <span class='ocrx_word' id='word_1_659' title='bbox 1182 5080 1486 5143; x_wconf 81' lang='lat' dir='ltr'><strong>addixerat,</strong></span> <span class='ocrx_word' id='word_1_660' title='bbox 1533 5093 1713 5148; x_wconf 82' lang='lat' dir='ltr'><strong>neque</strong></span> <span class='ocrx_word' id='word_1_661' title='bbox 1748 5077 1989 5145; x_wconf 81' lang='lat' dir='ltr'><strong>potentia</strong></span> <span class='ocrx_word' id='word_1_662' title='bbox 2039 5080 2090 5128; x_wconf 82' lang='lat' dir='ltr'><strong>et</strong></span> 
     </span>
    </p>
   </div>
   <div class='ocr_carea' id='block_1_91' title="bbox 522 5166 2089 5236">
    <p class='ocr_par' dir='ltr' id='par_1_91' title="bbox 522 5166 2089 5236">
     <span class='ocr_line' id='line_1_91' title="bbox 522 5166 2089 5236; baseline -0.008 -6"><span class='ocrx_word' id='word_1_663' title='bbox 522 5179 849 5231; x_wconf 84' lang='lat' dir='ltr'><strong>auctoritate</strong></span> <span class='ocrx_word' id='word_1_664' title='bbox 908 5174 1162 5228; x_wconf 90' lang='lat' dir='ltr'><strong>minimas</strong></span> <span class='ocrx_word' id='word_1_665' title='bbox 1208 5187 1237 5226; x_wconf 81' lang='grc' dir='ltr'><strong>ο</strong></span> <span class='ocrx_word' id='word_1_666' title='bbox 1297 5170 1597 5236; x_wconf 86' lang='lat' dir='ltr'><strong>Barbaris;</strong></span> <span class='ocrx_word' id='word_1_667' title='bbox 1649 5179 1760 5223; x_wconf 88' lang='lat' dir='ltr'><strong>tum</strong></span> <span class='ocrx_word' id='word_1_668' title='bbox 1807 5166 2089 5236; x_wconf 81' lang='lat' dir='ltr'><strong>Carthagi-</strong></span> 
     </span>
    </p>
   </div>
   <div class='ocr_carea' id='block_1_92' title="bbox 522 5258 2084 5335">
    <p class='ocr_par' dir='ltr' id='par_1_92' title="bbox 522 5258 2084 5335">
     <span class='ocr_line' id='line_1_92' title="bbox 522 5258 2084 5335; baseline -0.01 -11"><span class='ocrx_word' id='word_1_669' title='bbox 522 5271 773 5324; x_wconf 90' lang='lat' dir='ltr'><strong>nensium</strong></span> <span class='ocrx_word' id='word_1_670' title='bbox 823 5270 1024 5321; x_wconf 84' lang='lat' dir='ltr'><strong>l&#39;astnm</strong></span> <span class='ocrx_word' id='word_1_671' title='bbox 1056 5264 1430 5335; x_wconf 83' lang='lat' dir='ltr'><strong>depresserat;</strong></span> <span class='ocrx_word' id='word_1_672' title='bbox 1458 5264 1571 5331; x_wconf 84' lang='lat' dir='ltr'><strong>jam</strong></span> <span class='ocrx_word' id='word_1_673' title='bbox 1621 5277 1752 5316; x_wconf 86' lang='lat' dir='ltr'><strong>vero</strong></span> <span class='ocrx_word' id='word_1_674' title='bbox 1796 5274 1970 5330; x_wconf 86' lang='lat' dir='ltr'><strong>usque</strong></span> <span class='ocrx_word' id='word_1_675' title='bbox 2022 5258 2084 5311; x_wconf 89' lang='lat' dir='ltr'><strong>ad</strong></span> 
     </span>
    </p>
   </div>
   <div class='ocr_carea' id='block_1_93' title="bbox 522 5356 2085 5428">
    <p class='ocr_par' dir='ltr' id='par_1_93' title="bbox 522 5356 2085 5428">
     <span class='ocr_line' id='line_1_93' title="bbox 522 5356 2085 5428; baseline -0.008 -9"><span class='ocrx_word' id='word_1_676' title='bbox 522 5379 673 5419; x_wconf 83' lang='lat' dir='ltr'><strong>oram</strong></span> <span class='ocrx_word' id='word_1_677' title='bbox 711 5362 1040 5415; x_wconf 87' lang='lat' dir='ltr'><strong>maritimam</strong></span> <span class='ocrx_word' id='word_1_678' title='bbox 1080 5358 1247 5412; x_wconf 63' lang='lat' dir='ltr'><strong>italiae</strong></span> <span class='ocrx_word' id='word_1_679' title='bbox 1290 5356 1687 5428; x_wconf 85' lang='lat' dir='ltr'><strong>grassabatur?</strong></span> <span class='ocrx_word' id='word_1_680' title='bbox 1715 5356 1914 5409; x_wconf 80' lang='lat' dir='ltr'><strong>Contra</strong></span> <span class='ocrx_word' id='word_1_681' title='bbox 1945 5356 2085 5409; x_wconf 88' lang='lat' dir='ltr'><strong>hanc</strong></span> 
     </span>
    </p>
   </div>
   <div class='ocr_carea' id='block_1_94' title="bbox 521 5447 2085 5514">
    <p class='ocr_par' dir='ltr' id='par_1_94' title="bbox 521 5447 2085 5514">
     <span class='ocr_line' id='line_1_94' title="bbox 521 5447 2085 5514; baseline -0.004 -9"><span class='ocrx_word' id='word_1_682' title='bbox 521 5452 893 5507; x_wconf 84' lang='lat' dir='ltr'><strong>monarchiam</strong></span> <span class='ocrx_word' id='word_1_683' title='bbox 932 5450 1178 5505; x_wconf 85' lang='lat' dir='ltr'><strong>collectis</strong></span> <span class='ocrx_word' id='word_1_684' title='bbox 1222 5457 1576 5503; x_wconf 79' lang='lat' dir='ltr'><strong>externorum</strong></span> <span class='ocrx_word' id='word_1_685' title='bbox 1613 5447 1805 5514; x_wconf 84' lang='lat' dir='ltr'><strong>copiis,</strong></span> <span class='ocrx_word' id='word_1_686' title='bbox 1842 5447 2085 5499; x_wconf 86' lang='lat' dir='ltr'><strong>Platonis</strong></span> 
     </span>
    </p>
   </div>
   <div class='ocr_carea' id='block_1_95' title="bbox 521 5539 2080 5607">
    <p class='ocr_par' dir='ltr' id='par_1_95' title="bbox 521 5539 2080 5607">
     <span class='ocr_line' id='line_1_95' title="bbox 521 5539 2080 5607; baseline -0.005 -10"><span class='ocrx_word' id='word_1_687' title='bbox 521 5545 608 5599; x_wconf 90' lang='lat' dir='ltr'><strong>ille</strong></span> <span class='ocrx_word' id='word_1_688' title='bbox 632 5553 859 5607; x_wconf 88' lang='lat' dir='ltr'><strong>amator,</strong></span> <span class='ocrx_word' id='word_1_689' title='bbox 914 5551 968 5596; x_wconf 91' lang='lat' dir='ltr'><strong>et</strong></span> <span class='ocrx_word' id='word_1_690' title='bbox 1002 5558 1030 5595; x_wconf 88' lang='lat' dir='ltr'><strong>a</strong></span> <span class='ocrx_word' id='word_1_691' title='bbox 1073 5540 1297 5596; x_wconf 86' lang='lat' dir='ltr'><strong>Platone</strong></span> <span class='ocrx_word' id='word_1_692' title='bbox 1359 5548 1593 5601; x_wconf 87' lang='lat' dir='ltr'><strong>amatus,</strong></span> <span class='ocrx_word' id='word_1_693' title='bbox 1646 5554 1767 5591; x_wconf 93' lang='lat' dir='ltr'><strong>cum</strong></span> <span class='ocrx_word' id='word_1_694' title='bbox 1817 5539 1868 5590; x_wconf 93' lang='lat' dir='ltr'><strong>in</strong></span> <span class='ocrx_word' id='word_1_695' title='bbox 1918 5552 2080 5590; x_wconf 88' lang='lat' dir='ltr'><strong>unam</strong></span> 
     </span>
    </p>
   </div>
   <div class='ocr_carea' id='block_1_96' title="bbox 520 5628 2080 5703">
    <p class='ocr_par' dir='ltr' id='par_1_96' title="bbox 520 5628 2080 5703">
     <span class='ocr_line' id='line_1_96' title="bbox 520 5628 2080 5703; baseline -0.004 -17"><span class='ocrx_word' id='word_1_696' title='bbox 520 5648 733 5695; x_wconf 87' lang='lat' dir='ltr'><strong>navem,</strong></span> <span class='ocrx_word' id='word_1_697' title='bbox 762 5641 815 5688; x_wconf 92' lang='lat' dir='ltr'><strong>et</strong></span> <span class='ocrx_word' id='word_1_698' title='bbox 842 5633 989 5687; x_wconf 86' lang='lat' dir='ltr'><strong>illam</strong></span> <span class='ocrx_word' id='word_1_699' title='bbox 1018 5631 1232 5703; x_wconf 88' lang='lat' dir='ltr'><strong>quidem</strong></span> <span class='ocrx_word' id='word_1_700' title='bbox 1266 5628 1577 5693; x_wconf 88' lang='lat' dir='ltr'><strong>rotundam,</strong></span> <span class='ocrx_word' id='word_1_701' title='bbox 1611 5637 1779 5681; x_wconf 82' lang='lat' dir='ltr'><strong>totum</strong></span> <span class='ocrx_word' id='word_1_702' title='bbox 1804 5628 2080 5681; x_wconf 89' lang='lat' dir='ltr'><strong>sociorum</strong></span> 
     </span>
    </p>
   </div>
   <div class='ocr_carea' id='block_1_97' title="bbox 518 5720 2045 5790">
    <p class='ocr_par' dir='ltr' id='par_1_97' title="bbox 518 5720 2045 5790">
     <span class='ocr_line' id='line_1_97' title="bbox 518 5720 2045 5790; baseline 0 -13"><span class='ocrx_word' id='word_1_703' title='bbox 518 5724 814 5778; x_wconf 86' lang='lat' dir='ltr'><strong>exercitum</strong></span> <span class='ocrx_word' id='word_1_704' title='bbox 870 5725 1215 5787; x_wconf 87' lang='lat' dir='ltr'><strong>collocasset,</strong></span> <span class='ocrx_word' id='word_1_705' title='bbox 1266 5724 1320 5777; x_wconf 92' lang='lat' dir='ltr'><strong>in</strong></span> <span class='ocrx_word' id='word_1_706' title='bbox 1384 5722 1626 5777; x_wconf 86' lang='lat' dir='ltr'><strong>Siciliam</strong></span> <span class='ocrx_word' id='word_1_707' title='bbox 1685 5720 2045 5790; x_wconf 83' lang='lat' dir='ltr'><strong>adnavigavit.</strong></span> 
     </span>
    </p>
   </div>
   <div class='ocr_carea' id='block_1_98' title="bbox 2198 4613 3759 4686">
    <p class='ocr_par' dir='ltr' id='par_1_98' title="bbox 2198 4613 3759 4686">
     <span class='ocr_line' id='line_1_98' title="bbox 2198 4613 3759 4686; baseline 0.001 -19"><span class='ocrx_word' id='word_1_708' title='bbox 2198 4614 2517 4684; x_wconf 85' lang='grc' dir='ltr'>λωσαμένην</span> <span class='ocrx_word' id='word_1_709' title='bbox 2540 4618 2635 4684; x_wconf 89' lang='grc' dir='ltr'><strong>μέν</strong></span> <span class='ocrx_word' id='word_1_710' title='bbox 2656 4615 2753 4679; x_wconf 77' lang='grc' dir='ltr'><strong>τὰς</strong></span> <span class='ocrx_word' id='word_1_711' title='bbox 2780 4613 3085 4686; x_wconf 83' lang='grc' dir='ltr'>Ἑλληνίδας</span> <span class='ocrx_word' id='word_1_712' title='bbox 3112 4617 3169 4667; x_wconf 90' lang='grc' dir='ltr'><strong>ἐν</strong></span> <span class='ocrx_word' id='word_1_713' title='bbox 3198 4615 3412 4686; x_wconf 75' lang='grc' dir='ltr'>Σικελία</span> <span class='ocrx_word' id='word_1_714' title='bbox 3446 4616 3652 4679; x_wconf 74' lang='grc' dir='ltr'>πόλεις,</span> <span class='ocrx_word' id='word_1_715' title='bbox 3670 4618 3759 4669; x_wconf 64' lang='grc' dir='ltr'>οὐκ</span> 
     </span>
    </p>
   </div>
   <div class='ocr_carea' id='block_1_99' title="bbox 2199 4705 3757 4778">
    <p class='ocr_par' dir='ltr' id='par_1_99' title="bbox 2199 4705 3757 4778">
     <span class='ocr_line' id='line_1_99' title="bbox 2199 4705 3757 4778; baseline 0.003 -21"><span class='ocrx_word' id='word_1_716' title='bbox 2199 4706 2486 4775; x_wconf 80' lang='grc' dir='ltr'>ἐλαχίστας</span> <span class='ocrx_word' id='word_1_717' title='bbox 2524 4706 2579 4759; x_wconf 84' lang='grc' dir='ltr'><strong>δὲ</strong></span> <span class='ocrx_word' id='word_1_718' title='bbox 2611 4708 2668 4759; x_wconf 86' lang='grc' dir='ltr'>ἐν</span> <span class='ocrx_word' id='word_1_719' title='bbox 2698 4708 2837 4777; x_wconf 80' lang='grc' dir='ltr'><strong>ἀρχῇ</strong></span> <span class='ocrx_word' id='word_1_720' title='bbox 2873 4705 2983 4777; x_wconf 78' lang='grc' dir='ltr'>[γρ.</span> <span class='ocrx_word' id='word_1_721' title='bbox 3016 4706 3174 4777; x_wconf 75' lang='grc' dir='ltr'>αὐτῇ]</span> <span class='ocrx_word' id='word_1_722' title='bbox 3206 4708 3294 4759; x_wconf 73' lang='grc' dir='ltr'>καὶ</span> <span class='ocrx_word' id='word_1_723' title='bbox 3333 4707 3679 4778; x_wconf 72' lang='grc' dir='ltr'>βαρϐάρους·</span> <span class='ocrx_word' id='word_1_724' title='bbox 3704 4711 3757 4761; x_wconf 71' lang='grc' dir='ltr'>τὸ</span> 
     </span>
    </p>
   </div>
   <div class='ocr_carea' id='block_1_100' title="bbox 2197 4795 3755 4868">
    <p class='ocr_par' dir='ltr' id='par_1_100' title="bbox 2197 4795 3755 4868">
     <span class='ocr_line' id='line_1_100' title="bbox 2197 4795 3755 4868; baseline 0.002 -21"><span class='ocrx_word' id='word_1_725' title='bbox 2197 4796 2253 4848; x_wconf 85' lang='grc' dir='ltr'><strong>δὲ</strong></span> <span class='ocrx_word' id='word_1_726' title='bbox 2278 4796 2662 4867; x_wconf 83' lang='grc' dir='ltr'>Καρχηδονίων</span> <span class='ocrx_word' id='word_1_727' title='bbox 2690 4796 2937 4866; x_wconf 80' lang='grc' dir='ltr'>φρόνημα</span> <span class='ocrx_word' id='word_1_728' title='bbox 2982 4795 3331 4855; x_wconf 71' lang='grc' dir='ltr'>καθελοῦσαν,</span> <span class='ocrx_word' id='word_1_729' title='bbox 3360 4799 3755 4868; x_wconf 67' lang='grc' dir='ltr'>ἐπινεμομένην</span> 
     </span>
    </p>
   </div>
   <div class='ocr_carea' id='block_1_101' title="bbox 2197 4886 3756 4961">
    <p class='ocr_par' dir='ltr' id='par_1_101' title="bbox 2197 4886 3756 4961">
     <span class='ocr_line' id='line_1_101' title="bbox 2197 4886 3756 4961; baseline -0.001 -21"><span class='ocrx_word' id='word_1_730' title='bbox 2197 4886 2253 4940; x_wconf 81' lang='grc' dir='ltr'>δὲ</span> <span class='ocrx_word' id='word_1_731' title='bbox 2286 4888 2387 4957; x_wconf 72' lang='grc' dir='ltr'>ἤδη</span> <span class='ocrx_word' id='word_1_732' title='bbox 2415 4889 2513 4958; x_wconf 84' lang='grc' dir='ltr'><strong>τῆς</strong></span> <span class='ocrx_word' id='word_1_733' title='bbox 2558 4887 2781 4951; x_wconf 85' lang='grc' dir='ltr'>Ἰταλίας</span> <span class='ocrx_word' id='word_1_734' title='bbox 2809 4886 2907 4958; x_wconf 79' lang='grc' dir='ltr'>τὴν</span> <span class='ocrx_word' id='word_1_735' title='bbox 2931 4887 3232 4961; x_wconf 82' lang='grc' dir='ltr'>παραλίαν;</span> <span class='ocrx_word' id='word_1_736' title='bbox 3271 4888 3412 4939; x_wconf 79' lang='grc' dir='ltr'>Ἀλλ’</span> <span class='ocrx_word' id='word_1_737' title='bbox 3438 4890 3529 4939; x_wconf 75' lang='grc' dir='ltr'><strong>ἐπὶ</strong></span> <span class='ocrx_word' id='word_1_738' title='bbox 3562 4890 3756 4958; x_wconf 68' lang='grc' dir='ltr'>ταύτην</span> 
     </span>
    </p>
   </div>
   <div class='ocr_carea' id='block_1_102' title="bbox 2196 4979 3755 5050">
    <p class='ocr_par' dir='ltr' id='par_1_102' title="bbox 2196 4979 3755 5050">
     <span class='ocr_line' id='line_1_102' title="bbox 2196 4979 3755 5050; baseline 0 -18"><span class='ocrx_word' id='word_1_739' title='bbox 2196 4979 2552 5049; x_wconf 81' lang='grc' dir='ltr'>ξενολογήσας</span> <span class='ocrx_word' id='word_1_740' title='bbox 2584 4981 2612 5031; x_wconf 82' lang='grc' dir='ltr'><strong>ὁ</strong></span> <span class='ocrx_word' id='word_1_741' title='bbox 2641 4979 2925 5042; x_wconf 80' lang='grc' dir='ltr'>Πλάτωνος</span> <span class='ocrx_word' id='word_1_742' title='bbox 2962 4980 3192 5050; x_wconf 78' lang='grc' dir='ltr'>ἐραστὴς</span> <span class='ocrx_word' id='word_1_743' title='bbox 3224 4979 3317 5031; x_wconf 75' lang='grc' dir='ltr'>καὶ</span> <span class='ocrx_word' id='word_1_744' title='bbox 3352 4979 3653 5050; x_wconf 79' lang='grc' dir='ltr'>ἐρώμενος,</span> <span class='ocrx_word' id='word_1_745' title='bbox 3685 4983 3755 5032; x_wconf 58' lang='grc' dir='ltr'><strong>ἐνὶ</strong></span> 
     </span>
    </p>
   </div>
   <div class='ocr_carea' id='block_1_103' title="bbox 2196 5071 3755 5144">
    <p class='ocr_par' dir='ltr' id='par_1_103' title="bbox 2196 5071 3755 5144">
     <span class='ocr_line' id='line_1_103' title="bbox 2196 5071 3755 5144; baseline 0.001 -22"><span class='ocrx_word' id='word_1_746' title='bbox 2196 5071 2365 5142; x_wconf 84' lang='grc' dir='ltr'>πλοίῳ</span> <span class='ocrx_word' id='word_1_747' title='bbox 2410 5072 2503 5125; x_wconf 78' lang='grc' dir='ltr'><strong>καὶ</strong></span> <span class='ocrx_word' id='word_1_748' title='bbox 2547 5072 2719 5143; x_wconf 80' lang='grc' dir='ltr'>τούτῳ</span> <span class='ocrx_word' id='word_1_749' title='bbox 2771 5072 3101 5144; x_wconf 67' lang='grc' dir='ltr'>στρογγύλῳ</span> <span class='ocrx_word' id='word_1_750' title='bbox 3127 5073 3186 5124; x_wconf 85' lang='grc' dir='ltr'><strong>τὸ</strong></span> <span class='ocrx_word' id='word_1_751' title='bbox 3234 5072 3587 5143; x_wconf 62' lang='grc' dir='ltr'>συμμαχικὸν</span> <span class='ocrx_word' id='word_1_752' title='bbox 3624 5076 3755 5127; x_wconf 64' lang='grc' dir='ltr'>ἅπαν</span> 
     </span>
    </p>
   </div>
   <div class='ocr_carea' id='block_1_104' title="bbox 2194 5164 3753 5235">
    <p class='ocr_par' dir='ltr' id='par_1_104' title="bbox 2194 5164 3753 5235">
     <span class='ocr_line' id='line_1_104' title="bbox 2194 5164 3753 5235; baseline -0.003 -18"><span class='ocrx_word' id='word_1_753' title='bbox 2194 5164 2529 5235; x_wconf 75' lang='grc' dir='ltr'>ἐμϐιϐάσας,</span> <span class='ocrx_word' id='word_1_754' title='bbox 2592 5167 2658 5235; x_wconf 83' lang='grc' dir='ltr'>τῇ</span> <span class='ocrx_word' id='word_1_755' title='bbox 2721 5165 2937 5234; x_wconf 79' lang='grc' dir='ltr'>Σικελίᾳ</span> <span class='ocrx_word' id='word_1_756' title='bbox 2999 5164 3417 5234; x_wconf 79' lang='grc' dir='ltr'>προσέπλευσεν.</span> <span class='ocrx_word' id='word_1_757' title='bbox 3482 5165 3599 5215; x_wconf 67' lang='grc' dir='ltr'><strong>Καὶ</strong></span> <span class='ocrx_word' id='word_1_758' title='bbox 3659 5164 3753 5215; x_wconf 57' lang='lat' dir='ltr'><strong>an&quot;;</strong></span> 
     </span>
    </p>
   </div>
   <div class='ocr_carea' id='block_1_105' title="bbox 2190 5255 3745 5328">
    <p class='ocr_par' dir='ltr' id='par_1_105' title="bbox 2190 5255 3745 5328">
     <span class='ocr_line' id='line_1_105' title="bbox 2190 5255 3745 5328; baseline -0.002 -18"><span class='ocrx_word' id='word_1_759' title='bbox 2190 5257 2291 5328; x_wconf 81' lang='grc' dir='ltr'>τῆς</span> <span class='ocrx_word' id='word_1_760' title='bbox 2325 5256 2588 5326; x_wconf 83' lang='grc' dir='ltr'>τοσαύτης</span> <span class='ocrx_word' id='word_1_761' title='bbox 2614 5257 2964 5327; x_wconf 80' lang='grc' dir='ltr'>παρασκευῆς</span> <span class='ocrx_word' id='word_1_762' title='bbox 2993 5257 3259 5317; x_wconf 82' lang='grc' dir='ltr'>Διονύσιος</span> <span class='ocrx_word' id='word_1_763' title='bbox 3293 5256 3390 5325; x_wconf 82' lang='grc' dir='ltr'>μὲν</span> <span class='ocrx_word' id='word_1_764' title='bbox 3418 5255 3745 5324; x_wconf 72' lang='grc' dir='ltr'>ἐξηλαύνετο,</span> 
     </span>
    </p>
   </div>
   <div class='ocr_carea' id='block_1_106' title="bbox 2188 5347 3745 5421">
    <p class='ocr_par' dir='ltr' id='par_1_106' title="bbox 2188 5347 3745 5421">
     <span class='ocr_line' id='line_1_106' title="bbox 2188 5347 3745 5421; baseline -0.003 -18"><span class='ocrx_word' id='word_1_765' title='bbox 2188 5351 2289 5420; x_wconf 84' lang='grc' dir='ltr'><strong>τὴν</strong></span> <span class='ocrx_word' id='word_1_766' title='bbox 2318 5348 2590 5403; x_wconf 87' lang='grc' dir='ltr'>πολιτείαν</span> <span class='ocrx_word' id='word_1_767' title='bbox 2621 5348 2677 5401; x_wconf 81' lang='grc' dir='ltr'><strong>δὲ</strong></span> <span class='ocrx_word' id='word_1_768' title='bbox 2703 5349 2840 5403; x_wconf 87' lang='grc' dir='ltr'>Δίων</span> <span class='ocrx_word' id='word_1_769' title='bbox 2867 5348 3347 5421; x_wconf 74' lang='grc' dir='ltr'>μετεσχημάτιξεν,</span> <span class='ocrx_word' id='word_1_770' title='bbox 3378 5348 3666 5409; x_wconf 65' lang='grc' dir='ltr'>ἀποδιδοὺς</span> <span class='ocrx_word' id='word_1_771' title='bbox 3691 5347 3745 5415; x_wconf 69' lang='grc' dir='ltr'>τῇ</span> 
     </span>
    </p>
   </div>
   <div class='ocr_carea' id='block_1_107' title="bbox 2190 5439 3744 5513">
    <p class='ocr_par' dir='ltr' id='par_1_107' title="bbox 2190 5439 3744 5513">
     <span class='ocr_line' id='line_1_107' title="bbox 2190 5439 3744 5513; baseline -0.004 -17"><span class='ocrx_word' id='word_1_772' title='bbox 2190 5442 2298 5496; x_wconf 82' lang='grc' dir='ltr'>τῶν</span> <span class='ocrx_word' id='word_1_773' title='bbox 2342 5441 2519 5512; x_wconf 87' lang='grc' dir='ltr'>νόμων</span> <span class='ocrx_word' id='word_1_774' title='bbox 2564 5441 2829 5513; x_wconf 74' lang='grc' dir='ltr'>ἡγεμονίᾳ</span> <span class='ocrx_word' id='word_1_775' title='bbox 2854 5442 2952 5503; x_wconf 75' lang='grc' dir='ltr'><strong>τὰς</strong></span> <span class='ocrx_word' id='word_1_776' title='bbox 2999 5442 3199 5504; x_wconf 78' lang='grc' dir='ltr'>πόλεις.</span> <span class='ocrx_word' id='word_1_777' title='bbox 3250 5439 3409 5492; x_wconf 73' lang='grc' dir='ltr'>Οὕτω</span> <span class='ocrx_word' id='word_1_778' title='bbox 3457 5439 3627 5491; x_wconf 68' lang='grc' dir='ltr'>πάλαι</span> <span class='ocrx_word' id='word_1_779' title='bbox 3664 5439 3744 5507; x_wconf 73' lang='grc' dir='ltr'>μὲν</span> 
     </span>
    </p>
   </div>
   <div class='ocr_carea' id='block_1_108' title="bbox 2194 5530 3742 5601">
    <p class='ocr_par' dir='ltr' id='par_1_108' title="bbox 2194 5530 3742 5601">
     <span class='ocr_line' id='line_1_108' title="bbox 2194 5530 3742 5601; baseline -0.003 -16"><span class='ocrx_word' id='word_1_780' title='bbox 2194 5532 2531 5601; x_wconf 88' lang='grc' dir='ltr'>συνεγίνοντο</span> <span class='ocrx_word' id='word_1_781' title='bbox 2577 5533 2860 5601; x_wconf 84' lang='grc' dir='ltr'>φιλοσοφία</span> <span class='ocrx_word' id='word_1_782' title='bbox 2921 5533 3012 5585; x_wconf 76' lang='grc' dir='ltr'>καὶ</span> <span class='ocrx_word' id='word_1_783' title='bbox 3076 5532 3341 5595; x_wconf 86' lang='grc' dir='ltr'>πολιτεία,</span> <span class='ocrx_word' id='word_1_784' title='bbox 3394 5534 3491 5585; x_wconf 73' lang='grc' dir='ltr'>καὶ</span> <span class='ocrx_word' id='word_1_785' title='bbox 3547 5530 3742 5584; x_wconf 54' lang='grc' dir='ltr'>ἐπειδὴ</span> 
     </span>
    </p>
   </div>
   <div class='ocr_carea' id='block_1_109' title="bbox 2192 5623 3126 5695">
    <p class='ocr_par' dir='ltr' id='par_1_109' title="bbox 2192 5623 3126 5695">
     <span class='ocr_line' id='line_1_109' title="bbox 2192 5623 3126 5695; baseline -0.003 -15"><span class='ocrx_word' id='word_1_786' title='bbox 2192 5624 2510 5691; x_wconf 81' lang='grc' dir='ltr'>συνέλθοιεν,</span> <span class='ocrx_word' id='word_1_787' title='bbox 2548 5623 2767 5678; x_wconf 78' lang='grc' dir='ltr'>τοιαῦτα</span> <span class='ocrx_word' id='word_1_788' title='bbox 2796 5626 3126 5695; x_wconf 72' lang='grc' dir='ltr'>εἰργάζοντο.</span> 
     </span>
    </p>
   </div>
   <div class='ocr_carea' id='block_1_110' title="bbox 2123 5718 3741 5790">
    <p class='ocr_par' dir='ltr' id='par_1_110' title="bbox 2123 5718 3741 5790">
     <span class='ocr_line' id='line_1_110' title="bbox 2123 5718 3741 5790; baseline -0.005 -15"><span class='ocrx_word' id='word_1_789' title='bbox 2123 5721 2204 5775; x_wconf 87' lang='lat' dir='ltr'><strong>Ab</strong></span> <span class='ocrx_word' id='word_1_790' title='bbox 2264 5721 2365 5774; x_wconf 91' lang='lat' dir='ltr'><strong>hoc</strong></span> <span class='ocrx_word' id='word_1_791' title='bbox 2422 5718 2587 5787; x_wconf 87' lang='lat' dir='ltr'><strong>igitur</strong></span> <span class='ocrx_word' id='word_1_792' title='bbox 2654 5726 2805 5771; x_wconf 87' lang='lat' dir='ltr'><strong>tanto</strong></span> <span class='ocrx_word' id='word_1_793' title='bbox 2870 5725 3133 5786; x_wconf 89' lang='lat' dir='ltr'><strong>apparatu</strong></span> <span class='ocrx_word' id='word_1_794' title='bbox 3192 5727 3246 5772; x_wconf 89' lang='lat' dir='ltr'><strong>et</strong></span> <span class='ocrx_word' id='word_1_795' title='bbox 3309 5718 3604 5790; x_wconf 76' lang='lat' dir='ltr'><strong>Dionysius</strong></span> <span class='ocrx_word' id='word_1_796' title='bbox 3658 5730 3741 5767; x_wconf 71' lang='lat' dir='ltr'><strong>cs-</strong></span> 
     </span>
    </p>
   </div>
   <div class='ocr_carea' id='block_1_111' title="bbox 517 5814 3740 5889">
    <p class='ocr_par' dir='ltr' id='par_1_111' title="bbox 517 5814 3740 5889">
     <span class='ocr_line' id='line_1_111' title="bbox 517 5814 3740 5889; baseline -0 -17"><span class='ocrx_word' id='word_1_797' title='bbox 517 5821 708 5889; x_wconf 78' lang='lat' dir='ltr'><strong>pulsus</strong></span> <span class='ocrx_word' id='word_1_798' title='bbox 736 5819 855 5883; x_wconf 83' lang='lat' dir='ltr'><strong>luit,</strong></span> <span class='ocrx_word' id='word_1_799' title='bbox 889 5828 943 5873; x_wconf 89' lang='lat' dir='ltr'><strong>et</strong></span> <span class='ocrx_word' id='word_1_800' title='bbox 973 5828 1085 5872; x_wconf 93' lang='lat' dir='ltr'><strong>tum</strong></span> <span class='ocrx_word' id='word_1_801' title='bbox 1127 5835 1297 5889; x_wconf 85' lang='lat' dir='ltr'><strong>remp.</strong></span> <span class='ocrx_word' id='word_1_802' title='bbox 1338 5819 1433 5872; x_wconf 90' lang='lat' dir='ltr'><strong>Dio</strong></span> <span class='ocrx_word' id='word_1_803' title='bbox 1461 5821 1514 5873; x_wconf 90' lang='lat' dir='ltr'><strong>in</strong></span> <span class='ocrx_word' id='word_1_804' title='bbox 1567 5819 1997 5888; x_wconf 68' lang='lat' dir='ltr'><strong>prmstantiorem</strong></span> <span class='ocrx_word' id='word_1_805' title='bbox 2056 5817 2280 5872; x_wconf 89' lang='lat' dir='ltr'><strong>l‘ormam</strong></span> <span class='ocrx_word' id='word_1_806' title='bbox 2327 5816 2559 5886; x_wconf 80' lang='lat' dir='ltr'><strong>redegit,</strong></span> <span class='ocrx_word' id='word_1_807' title='bbox 2624 5830 2745 5869; x_wconf 93' lang='lat' dir='ltr'><strong>cum</strong></span> <span class='ocrx_word' id='word_1_808' title='bbox 2797 5815 2970 5883; x_wconf 84' lang='lat' dir='ltr'><strong>legum</strong></span> <span class='ocrx_word' id='word_1_809' title='bbox 3026 5814 3257 5885; x_wconf 83' lang='lat' dir='ltr'><strong>imperio</strong></span> <span class='ocrx_word' id='word_1_810' title='bbox 3296 5816 3551 5872; x_wconf 81' lang='lat' dir='ltr'><strong>civitates</strong></span> <span class='ocrx_word' id='word_1_811' title='bbox 3608 5816 3740 5870; x_wconf 71' lang='lat' dir='ltr'><strong>resu-</strong></span> 
     </span>
    </p>
   </div>
  </div>
