3906 6518
170 325 306 380 1581

1304 328 1388 382 DE
1418 328 1599 387 00Νο
1640 331 2050 387 ASTBOLABII
2084 332 2333 389 SERMO.

3282 336 3422 394 i582

170 446 377 493 lueret.
421 436 497 492 Ita
540 437 763 494 sociata:
813 440 938 493 olim
988 439 1333 510 philosophia
1376 452 1430 495 et
1475 442 1657 496 civilis
1698 442 2099 498 administratio
2136 443 2306 508 fuere,
2349 453 2403 500 et
2443 445 2534 501 ubi
2580 446 2664 502 sic
2730 462 3059 515 convenere,
3097 454 3276 507 tantas
3330 465 3421 506 res

170 531 567 599 praestiterunt.

248 622 460 692 Ὠσπερ
497 622 553 674 δὲ
591 621 660 674 τὰ
690 622 826 677 ἄλλα
856 622 925 675 τὰ
968 623 1109 678 καλά
1143 624 1238 677 καὶ
1284 626 1477 695 σεμνὰ,
1513 625 1637 678 καθ’
1673 617 1745 679 ὧν

1922 615 2115 681 Porro,
2157 616 2300 672 sicut
2329 619 2447 673 alia:
2484 635 2572 674 res
2610 619 2855 676 honestae
2884 628 2939 675 et
2973 637 3188 691 graves,
3229 625 3423 682 adver-

170 714 429 766 ἀπάντων
457 714 485 764 ό
517 714 706 783 χρόνος
733 715 1107 768 ἐνεανιεύσατο
1132 732 1145 745 ο
1180 715 1453 770 καὶτοῦτο
1491 716 1745 772 κατιόντα

168 804 263 855 τὸν
298 802 411 872 βίον
445 803 676 856 ἀπέλιπε
728 804 789 856 τὸ
828 804 999 858 διττὸν
1043 802 1199 869 εἶδος,
1234 808 1326 859 καὶ
1368 806 1743 877 κατεχωρίσθη

170 895 327 966 παρά
348 895 439 947 τὸν
464 896 706 966 ὕστερον.
739 897 1039 968 Τοιγαροῦν
1059 898 1178 951 οὐδὲ
1206 900 1355 965 ἀξιον
1378 901 1572 962 εἰπεῖν,
1598 900 1746 962 ὅπως

171 988 287 1058 ἔχει
306 992 414 1051 τοῖς
436 988 739 1060 ἀνθρώποις
756 992 824 1044 τὰ
849 991 1165 1062 πράγματα.
1190 991 1282 1061 Μὴ
1307 992 1416 1063 γάρ
1434 992 1567 1045 διότι
1589 991 1746 1044 τοῦτο

170 1082 267 1134 καὶ
320 1077 491 1134 τᾶλλα
540 1084 685 1152 ἡμᾶς
721 1082 1071 1136 ἀπολέλοιπεν
1113 1083 1327 1150 άγαθά;
1372 1084 1458 1147 Ὠς
1495 1082 1647 1136 οὐδὲν
1678 1081 1745 1136 ἂν

169 1176 382 1241 γένοιτο
413 1174 600 1226 πόλεσι
629 1173 944 1244 δυστύχημα
970 1173 1171 1243 μεῖζον,
1195 1173 1288 1226 τοῦ
1314 1174 1374 1227 τὸ
1402 1174 1498 1244 μὲν
1529 1173 1746 1244 ἰσχυρὸν

166 1263 398 1333 ἀνόητον
432 1263 595 1333 ἔχειν,
620 1263 679 1315 τὸ
706 1264 751 1316 δ’
778 1264 1009 1333 ἔμφρον,
1055 1264 1334 1319 ἀδύνατον.
1382 1264 1518 1317 Ἀλλ’
1562 1264 1747 1328 ἔοικας

167 1354 280 1425 γὰρ
325 1354 485 1416 αὐτὸς
527 1354 713 1425 ἄρξειν
747 1355 853 1427 [fax
907 1355 1108 1427 ἄρξων]
1155 1358 1451 1426 ἐπανάγειν
1486 1360 1616 1429 ἡμῖν
1653 1359 1745 1411 τὸν

171 1446 511 1517 συνδυασμὺν
556 1447 766 1502 τοῦτον.
804 1449 885 1501 Τά
917 1466 977 1501 τε
1020 1449 1128 1520 γὰρ
1161 1450 1313 1503 κοινά
1364 1451 1621 1521 πράττειν
1653 1469 1745 1504 πι-

169 1539 338 1611 στεύῃ
363 1540 470 1611 [γρ.
496 1540 800 1613 morsum],
833 1543 927 1594 καὶ
949 1542 1262 1610 φιλοσοφίαν
1287 1544 1385 1595 οῑει
1414 1543 1522 1596 δεῖν
1550 1544 1743 1613 ἐπιτη-

163 1629 369 1683 δεύειν.
416 1629 569 1684 Βάλλ“
593 1631 784 1695 οὕτως,
802 1633 876 1697 ὡς
901 1634 1089 1702 ἀγῶνα
1126 1633 1288 1686 καλὸν
1308 1634 1447 1704 ὑπέρ
1474 1651 1533 1687 τε
1561 1636 1594 1705 ή
1604 1635 1743 1705 μῶν,

167 1724 316 1792 ὑπέρ
359 1740 417 1775 τε
463 1722 689 1777 Μουσῶν
739 1725 1001 1798 ἀγωνίζῃ,
1045 1725 1137 1779 τοῦ
1184 1727 1258 1795 μή
1295 1743 1415 1777 τινα
1461 1726 1628 1789 αὐτάς
1670 1726 1746 1789 ὠς

164 1815 488 1885 ἀπράκτους
538 1817 630 1867 καὶ
672 1816 896 1885 ἄχειρας
946 1817 1151 1888 ἀγορᾶς
1202 1834 1262 1869 τε
1308 1818 1403 1871 καὶ
1455 1818 1745 1887 στρατείας

160 1905 512 1968 ἀπελαύνειν,
545 1906 639 1959 ac;
690 1907 856 1978 μηδὲν
902 1909 999 1977 μὲν
1045 1909 1234 1977 ὄφελος
1280 1908 1444 1972 οὔσας
1474 1912 1530 1972 ἐς
1562 1909 1661 1972 τὰς
1686 1911 1744 1962 ὲν

166 1997 423 2068 ὑπαίθρῳ
471 1998 698 2069 πράξεις
714 2040 727 2061 ,

169 2105 287 2158 ρειν
326 2105 384 2142 τε
411 2090 503 2140 καὶ
544 2089 971 2158 στωμυλλεσθαι.
1006 2091 1113 2143 Καὶ
1158 2092 1304 2161 ἡμᾶς
1351 2108 1432 2146 σοι
1477 2094 1743 2162 προσήκει

164 2183 328 2251 χεῖρα
358 2180 572 2251 ὀρέγειν
621 2180 915 2244 ἑκάστους,
955 2183 1052 2252 ὅση
1081 2182 1328 2252 δύναμις.
1361 2183 1515 2237 Οὕτω
1540 2183 1647 2253 γὰρ
1680 2184 1746 2238 ἂν

169 2271 238 2324 σύ
285 2290 345 2325 τε
393 2274 831 2343 ἀπειργασμένος
866 2274 982 2343 εἴης
1018 2273 1115 2343 οὐχ
1144 2274 1403 2344 ἡμιτελὴς
1436 2275 1595 2343 σοφὸς
1625 2273 1746 2328 οὐδὲ

167 2363 415 2429 κολοϐὸς,
446 2365 537 2417 ἐπὶ
578 2364 746 2435 μόνης
781 2364 1070 2436 ὀχούμενος
1106 2365 1206 2433 τῆς
1241 2368 1476 2437 φυσικῆς
1512 2367 1745 2437 ὑποσχέ-

166 2473 311 2522 σεως
336 2474 349 2488 ·
382 2460 448 2529 τῇ
488 2475 546 2510 τε
583 2458 825 2529 πολιτείᾳ
854 2457 1035 2521 καλῶς
1065 2457 1129 2512 ἂν
1170 2458 1280 2529 ἔχοι
1310 2459 1457 2527 παρὰ
1494 2458 1747 2525 τοιούτων

166 2548 628 2620 ἐπιτροπεύεσθαι
648 2592 662 2613 ,
700 2551 791 2601 καὶ
830 2550 991 2619 ἡμεῖς
1028 2549 1350 2620 ὀνησόμεθα,
1378 2550 1541 2620 τιμὴν
1570 2549 1627 2615 ἐξ
1655 2551 1750 2602 ἀν-

166 2640 408 2712 θρώπων
434 2640 720 2711 φιλοσοφίᾳ
745 2640 1177 2711 μνηστεύσαντες
1213 2642 1351 2711 μετά
1372 2641 1462 2693 τοῦ
1488 2641 1667 2710 μένειν
1691 2642 1746 2692 ἐν

164 2732 331 2802 ἤθεσι
366 2732 682 2802 πρέπουσιν.
720 2732 930 2785 Γένοιτο
968 2732 1076 2802 γὰρ
1122 2732 1186 2785 ἂν
1222 2732 1391 2795 οὕτως
1443 2734 1591 2795 εἰκὸς
1623 2732 1747 2785 τού-

168 2826 388 2879 ναντίον
436 2824 512 2895 τῷ
552 2825 731 2896 μικρῷ
778 2826 1012 2898 πρόσθεν
1059 2827 1259 2891 εἰκότι,
1307 2827 1395 2878 ὅτε
1426 2829 1491 2897 τῇ
1524 2826 1619 2896 μὲν
1652 2826 1743 2879 τοῦ

166 2918 415 2989 πλήθους
444 2917 653 2988 ἀμαθίᾳ
700 2919 761 2971 τὸ
794 2920 1103 2988 σοφιστικὸν
1152 2919 1315 2989 φῦλον
1342 2918 1599 2989 ἐλέγομεν
1629 2920 1747 2972 ὲπι-

164 3013 419 3068 ⁴τίθεσθαι
440 3029 452 3039 ·
483 3013 547 3065 ὲκ
575 3011 632 3064 δὲ
658 3011 866 3077 τούτου,
904 3011 1217 3082 συμϐαίνειν
1245 3012 1370 3073 τοὺς
1409 3010 1625 3080 ἀληθεῖς
1662 3028 1747 3079 φι-

166 3107 428 3177 λοσοφίας
477 3106 841 3176 συντρόφους,
892 3106 1111 3160 ἔλαττον
1158 3104 1299 3175 ἔχειν
1326 3106 1403 3167 είς
1440 3104 1595 3169 δόξαν
1638 3103 1746 3157 τῶν

169 3198 580 3269 ὐποδολιμαίων
608 3202 704 3253 καὶ
738 3196 1198 3269 παρεγγράπτων.
1248 3195 1385 3248 Ἀλλ’
1414 3196 1541 3249 ὅταν
1570 3198 1619 3248 οἱ
1648 3196 1746 3259 τὰς

166 3290 351 3361 ἀρχὰς
388 3291 665 3362 ἄρχοντες,
714 3292 809 3345 καὶ
849 3288 938 3343 διά
977 3288 1157 3360 χειρὸς
1188 3288 1400 3357 ἔχοντες
1426 3288 1493 3340 τὰ
1519 3287 1626 3340 τῶν
1656 3288 1748 3340 πόα

167 3383 313 3437 λεων
351 3384 669 3454 πράγματα,
707 3383 782 3453 μὴ
809 3381 902 3435 τοῦ
942 3381 1179 3453 πλήθους
1212 3376 1366 3445 ὦσιν,
1398 3381 1511 3433 ἀλλ’
1551 3380 1745 3451 ἔχωσιν

166 3474 322 3537 νοῦν,
354 3477 490 3545 ταχὺ
536 3473 921 3541 διαγνώσονται
960 3474 1049 3526 τὸν
1082 3473 1235 3527 νόθον
1275 3489 1333 3525 τε
1370 3473 1462 3525 καὶ
1503 3471 1591 3524 τὸν
1614 3472 1746 3540 γνή-

169 3584 324 3621 σιον·
360 3568 455 3621 καὶ
500 3568 598 3620 οὐκ
625 3564 699 3620 ἔτ’
740 3566 804 3619 ἂν
836 3566 1083 3636 χαλεπῶς
1122 3568 1150 3618 ὁ
1198 3565 1364 3635 δῆμος
1395 3565 1492 3632 τὴν
1531 3562 1745 3632 ἀπάτην

171 3659 637 3731 μεταδιδάσκοιτο.
671 3659 746 3711 Οὺ
788 3660 895 3729 γαρ
946 3661 1117 3713 εἰπεῖν
1153 3676 1203 3712 τι
1240 3659 1321 3710 δεῖ
1358 3656 1492 3727 πρὸς
1527 3656 1742 3719 αὐτοὺς,

164 3751 290 3804 ἀλλ’
327 3749 559 3821 ἀφανείᾳ.
605 3749 899 3819 διαγράψαι
942 3750 1065 3811 τοὺς
1099 3748 1404 3818 κιϐδήλους.
1443 3746 1551 3800 Καὶ
1586 3746 1746 3815 φύσις

166 3843 293 3896 ἐστὶ
328 3842 417 3895 διὰ
447 3842 545 3910 τῆς
589 3841 698 3893 τῶν
747 3841 1066 3912 ἀρχομένων
1115 3838 1565 3907 συγκαταθέσεως
1610 3837 1743 3890 θαυ-

172 3933 443 4005 μάζεσθαι
469 3932 528 3984 τὸ
553 3930 880 4003 ἡγούμενον
912 3933 1031 3985 ἐπεὶ
1069 3933 1161 3984 καὶ
1193 3930 1286 3983 νῦν
1314 3931 1411 3999 οὐχ
1446 3930 1643 3999 ἥκιστα
1678 3930 1742 3999 τῇ

165 4026 285 4079 τῶν
325 4023 660 4095 πραγμάτων
702 4024 901 4095 ἀτοπίᾳ
955 4024 1014 4076 τὸ
1069 4023 1272 4093 πλῆθος
1317 4022 1580 4091 ἑπόμενον
1620 4022 1745 4084 τοὺς

163 4113 578 4184 ἀκερσεκόμας,
625 4114 720 4165 καὶ
757 4113 964 4175 πάντας
1005 4115 1131 4175 τοὺς
1171 4112 1503 4183 τολμῶντας,
1557 4127 1745 4181 περιτο

163 4208 303 4269 τοὺς
331 4206 394 4277 δή
420 4222 569 4268 τινας
592 4206 820 4277 ἥγηνται
841 4220 854 4234 ⁸
883 4204 951 4257 τά
979 4222 1037 4257 τε
1069 4204 1202 4258 ἄλλα
1233 4202 1595 4272 ποικιλώτερα
1613 4202 1743 4272 γένη

163 4300 288 4354 τῶν
313 4297 577 4366 σοφιστῶν
609 4298 885 4368 μονονουχὶ
909 4296 1157 4350 σέϐονταί
1178 4314 1237 4349 τε
1266 4296 1360 4348 καὶ
1390 4296 1627 4359 ἅζονται,
1652 4295 1746 4348 καὶ

167 4388 415 4461 μάλιστα
457 4386 635 4441 αὐτῶν
666 4388 779 4440 ὅσοι
819 4385 1057 4457 βαίνουσι
1092 4385 1330 4457 κορύνῃ,
1369 4383 1464 4437 καὶ
1508 4382 1614 4456 πρὸ
1650 4382 1744 4436 τοῦ

167 4481 509 4552 φθέγξασθαι
549 4481 939 4551 χρέμπτονται.
983 4478 1193 4533 υύκοῦν
1227 4478 1318 4530 καὶ
1352 4476 1639 4547 βοηθήσεις
1678 4480 1745 4546 τῇ

165 4577 317 4644 τύχῃ
349 4573 690 4642 φιλοσοφίας,
723 4572 835 4626 ἀλλ’
874 4574 933 4624 οὐ
974 4570 1371 4641 κατηγορήσεις
1402 4568 1572 4639 αὐτῆς
1595 4567 1747 4621 οὐδὲν

1849 724 1945 763 sus
1980 724 2118 779 quas
2150 709 2436 766 universas
2468 719 2686 782 tempus
2718 712 2827 765 vim
2885 714 3215 781 petulantem
3264 733 3423 774 exer-

1848 800 1963 852 cuit
2026 818 2038 853 :
2103 800 2176 852 ita
2216 801 2317 854 hoc
2356 802 2520 855 etiam
2559 802 2761 870 duplex
2814 818 2986 873 genus
3032 806 3421 862 succedentem

1847 890 2129 945 hominum
2151 899 2369 945 aetatem
2422 894 2689 956 destituit,
2740 903 2794 949 et
2830 909 2861 947 a
2916 897 3155 964 posteris
3192 896 3297 953 fuit
3330 915 3419 955 se-

1839 982 2118 1052 junetum.
2153 982 2411 1038 lndenam
2457 1000 2589 1057 ergo
2630 1002 2699 1041 ne
2748 986 2860 1042 dici
2924 989 3144 1058 quidem
3193 991 3423 1048 honeste

1847 1081 2033 1143 queat,
2059 1089 2167 1143 quo
2199 1076 2363 1129 modo
2390 1091 2477 1130 res
2508 1077 2762 1131 humana:
2784 1094 2843 1133 se
2868 1079 3124 1134 habeant.
3163 1080 3421 1152 Nunquid

1845 1178 1975 1217 vero
2027 1181 2093 1235 ex
2150 1181 2215 1220 eo
2277 1170 2422 1237 quod
2474 1169 2589 1221 haec
2640 1178 2694 1223 et
2748 1171 2854 1224 alia
2902 1187 3005 1228 nos
3056 1174 3423 1230 deseruerunt

1845 1259 2033 1315 bona?
2075 1257 2233 1312 Nulla
2277 1260 2547 1330 siquidem
2587 1263 2820 1318 urbibus
2866 1266 3187 1336 contingere
3239 1278 3423 1337 potest

1845 1353 2066 1423 gravior
2101 1354 2409 1416 calamitas,
2442 1369 2609 1422 quant
2647 1355 2693 1409 si
2736 1356 2904 1410 robur
2938 1358 3174 1413 habeant
3224 1364 3421 1415 mentis

1845 1447 2004 1515 inops
2052 1454 2105 1500 et
2140 1445 2485 1515 prudentiam
2536 1448 2655 1501 sine
2708 1448 2939 1503 viribus.
2992 1456 3063 1503 At
3106 1452 3256 1505 enim
3307 1454 3422 1521 ipse

1846 1539 1952 1593 hoc
1976 1553 2269 1609 aggressus
2303 1538 2525 1601 videris,
2559 1547 2618 1591 ut
2646 1541 2900 1609 capulam
2945 1542 3083 1596 hanc
3107 1544 3173 1597 ad
3204 1559 3304 1599 nos
3337 1560 3423 1599 re-

1847 1647 2030 1686 voces.
2066 1629 2197 1683 Nam
2232 1638 2284 1685 et
2337 1631 2550 1700 publica
2584 1633 2799 1702 negotia
2834 1634 2931 1687 tibi
2977 1637 3417 1701 committuntur,

1845 1732 1900 1775 et
1949 1722 2307 1792 philosophia:
2356 1737 2579 1791 operam
2637 1723 2877 1777 dandam
2930 1741 3057 1781 esse
3106 1728 3417 1783 existimas.

1848 1814 1963 1869 Hac
2000 1831 2179 1886 perge,
2226 1825 2400 1869 macte
2439 1816 2645 1881 animo,
2695 1824 2753 1869 ut
2810 1819 3103 1887 pulchrum
3141 1832 3419 1876 certamen

1848 1923 1947 1979 pro
1984 1909 2146 1963 nobis
2184 1923 2237 1963 et
2295 1924 2393 1978 pro
2428 1909 2596 1963 Musis
2630 1909 2902 1973 decet-tes,
2949 1927 3018 1966 ne
3059 1912 3185 1982 quis
3210 1914 3328 1968 .has
3362 1922 3421 1967 ut

777 2000 990 2069 κομψάς
1032 2000 1087 2052 δὲ
1127 2001 1433 2072 παιδαρίοις
1466 2002 1742 2071 προσαθύο

1848 2016 2039 2066 vanas,
2076 2002 2380 2055 ineliicaccs
2424 2011 2477 2055 et
2527 2017 2769 2066 maneas,
2809 2002 2930 2058 foro
2987 2004 3293 2075 militiaque
3323 2021 3415 2061 ex-

1847 2093 2036 2163 agitet,
2068 2108 2131 2146 ac
2166 2095 2210 2146 si
2258 2093 2393 2146 nihil
2429 2094 2802 2147 conducerent
2842 2095 2910 2148 ad
2936 2096 3112 2151 serias
3148 2098 3417 2162 actiones,

1846 2201 1969 2255 qua:
1995 2185 2097 2240 sub
2119 2191 2309 2253 aperto
2336 2185 2476 2239 cmlo
2507 2194 2793 2256 geruntur,
2821 2188 2972 2241 scita:
2996 2196 3177 2242 autem
3210 2190 3321 2242 sint
3348 2191 3417 2243 ad

1846 2277 2073 2332 delicias
2110 2288 2163 2331 et
2213 2277 2423 2331 ludicra
2463 2279 2715 2346 puerilia,
2749 2286 2914 2345 atque
2953 2295 3129 2351 nugas
3159 2280 3417 2335 eﬂ'utien-

1846 2369 1965 2425 das.
1999 2367 2108 2424 Nos
2137 2369 2302 2422 etiam
2335 2369 2433 2422 tibi
2456 2382 2677 2423 manum
2704 2371 3110 2438 epitnlatricem
3142 2374 3419 2443 porrigere

1848 2478 1947 2532 par
1976 2472 2059 2517 est
2082 2462 2357 2531 singulos,
2384 2470 2653 2531 quantum
2685 2465 2924 2532 quisque
2953 2463 3160 2517 conniti
3192 2464 3415 2533 poterit.

1850 2552 1942 2608 Sic
1966 2554 2109 2607 enim
2142 2553 2432 2607 absolutus
2466 2554 2687 2623 sapiens
2726 2554 2931 2619 fueris,
2962 2570 3072 2609 non
3107 2555 3417 2621 inchoatus,

1848 2661 2025 2715 neque
2060 2646 2418 2715 imperfectus
2445 2653 2499 2699 et
2532 2644 2778 2709 mutilus,
2811 2653 2869 2697 ut
2916 2645 3010 2714 qui
3043 2661 3109 2700 eo
3142 2647 3261 2701 solo
3300 2662 3419 2702 eve-

1846 2736 2017 2801 hitur,
2043 2734 2190 2804 quod
2233 2749 2263 2787 a
2297 2742 2496 2789 natura
2536 2734 2869 2804 suggeritur.
2903 2733 2967 2787 Et
3039 2750 3164 2789 cum
3223 2736 3417 2805 repub.

1844 2841 2063 2897 quoque
2106 2826 2366 2897 praeclare
2412 2832 2639 2893 agatur,
2672 2840 2797 2878 cum
2832 2826 2969 2881 tales
3020 2827 3187 2897 hujus
3227 2844 3415 2885 curam

1848 2926 2078 2987 gerant:
2120 2916 2277 2971 nobis
2319 2916 2423 2969 hoc
2452 2916 2507 2967 in
2570 2915 2772 2969 bonum
2808 2923 3003 2981 vertet,
3037 2917 3299 2973 honorem
3349 2919 3420 2974 ab

1847 3008 2163 3064 hominibus
2202 3008 2562 3079 philosophiae
2614 3008 3012 3077 despondisse,
3063 3010 3133 3065 iis
3174 3012 3420 3068 moribus

1846 3100 2251 3172 perseverando
2277 3102 2370 3170 qui
2399 3101 2585 3169 decori
2623 3109 2772 3155 sunt.
2803 3099 2939 3153 Nam
2995 3100 3070 3155 ita
3125 3102 3421 3159 verisimile

1847 3194 2077 3250 exsistet
2106 3193 2445 3248 contrarium
2488 3191 2536 3246 ei
2570 3192 2876 3255 verisimili,
2908 3193 3056 3261 quod
3101 3194 3263 3264 paulo
3293 3204 3419 3251 ante

1849 3286 2156 3354 expositum
2196 3282 2319 3349 fuit,
2355 3298 2482 3337 cum
2515 3282 2886 3338 multitudinis
2922 3282 3151 3339 inscitiae
3184 3292 3239 3339 et
3270 3285 3423 3340 rudi-

1847 3378 1945 3431 tati
1970 3383 2184 3444 gentem
2210 3376 2583 3443 sophistarum
2633 3374 2796 3444 310
2836 3375 3087 3429 insidiari
3136 3374 3417 3435 diximus:

1847 3465 1992 3520 unde
2023 3466 2311 3519 usuveniat
2356 3473 2413 3517 ut
2445 3465 2557 3517 veri
2606 3465 2965 3533 philosophia:
2993 3466 3201 3521 alumni
3237 3468 3420 3524 minus

1847 3557 2190 3611 honorentur
2253 3572 2416 3626 quam
2477 3556 2746 3611 subdititii
2798 3566 2853 3611 et
2919 3559 3231 3629 ascriptitii.
3282 3559 3418 3616 Cum

1846 3659 2027 3702 autem
2065 3649 2100 3702 ii
2134 3650 2230 3719 qui
2268 3650 2617 3718 magistratus
2649 3658 2868 3720 gerunt,
2898 3659 2953 3705 et
3001 3652 3287 3706 civitatum
3317 3668 3415 3708 ne—

1846 3742 1992 3811 gotia
2023 3749 2284 3803 tractant,
2310 3756 2415 3795 non
2454 3743 2674 3811 quidam
2699 3759 2729 3797 e
2750 3743 2911 3813 vulgo
2940 3743 3165 3809 fuerint,
3202 3746 3296 3800 sed
3330 3746 3417 3799 in-

1850 3832 2163 3902 telligentes
2208 3833 2482 3896 homines,
2521 3833 2809 3887 confestim
2847 3834 2924 3886 illi
2946 3835 3261 3890 discernent
3288 3852 3418 3907 spu-

1846 3924 1991 3978 rium
2029 3938 2057 3976 a
2086 3940 2217 3978 vero
2239 3933 2292 3978 et
2324 3925 2601 3995 legitimo:
2631 3942 2809 3996 neque
2833 3927 2946 3996 jam
2975 3927 3191 3982 diﬂicile
3216 3930 3417 3999 popu’lo

1846 4028 1990 4072 esset
2027 4032 2269 4071 errorem
2321 4034 2481 4073 suum
2516 4018 2820 4075 dediscere.
2885 4018 3003 4074 Non
3038 4022 3182 4075 enim
3236 4022 3418 4077 dicere

1848 4110 1933 4165 his
1969 4110 2265 4180 quidquam
2301 4119 2533 4180 oportet,
2572 4126 2762 4165 verum
2795 4111 3150 4182 ignobilitatis
3177 4123 3304 4168 nota
3335 4114 3419 4168 in-

1846 4200 2049 4256 ducere
2079 4202 2361 4271 improhos
2394 4212 2448 4255 et
2479 4202 2840 4258 adulterinos.
2875 4202 2939 4257 Et
2968 4212 3166 4257 natura
3191 4219 3416 4277 compa-

1849 4301 2025 4345 ratum
2059 4302 2162 4356 est,
2207 4302 2263 4347 ut
2299 4294 2345 4347 is
2386 4295 2478 4363 qui
2506 4294 2821 4364 praeﬁcitur,
2846 4311 2912 4350 ex
2945 4298 3104 4367 plena
3134 4297 3242 4351 sibi
3289 4298 3419 4353 sub-

1848 4387 2084 4439 ditorum
2109 4388 2450 4452 assensione,
2477 4387 2532 4441 in
2560 4387 2977 4442 admirationem
3008 4390 3209 4444 veniat.
3236 4389 3421 4455 Quan-

1848 4478 2141 4547 doquidem
2198 4480 2499 4533 etiamnum
2565 4479 2805 4533 maxime
2862 4493 3044 4534 rerum
3092 4481 3420 4539 absurditati

1849 4570 2044 4637 vulgus
2078 4567 2383 4633 adhaerens,
2425 4569 2681 4634 cirratos,
2709 4569 2957 4626 intonsos
2986 4580 3040 4625 et
3068 4587 3259 4628 omnes
3316 4588 3420 4627 au-

170 4664 491 4735 ἀδικούσης.
518 4665 590 4717 Τὸ
617 4666 723 4735 γὰρ
743 4663 886 4725 εἰκὸς
912 4664 1081 4733 ἐφάνη
1112 4662 1413 4731 γινόμενον,
1445 4660 1473 4712 ὃ
1500 4660 1565 4712 σὺ
1590 4678 1745 4732 μετα-

1853 4661 2124 4721 daciores,
2158 4661 2362 4729 primos
2395 4669 2449 4715 et
2489 4662 2719 4716 eximios
2765 4662 3033 4731 quosdam
3090 4664 3242 4721 viros
3296 4681 3420 4722 esse

173 4761 367 4828 θήσεις
401 4760 492 4810 ἐπὶ
517 4758 574 4811 τὸ
618 4758 889 4828 προσῆκον
916 4757 1007 4808 καὶ
1045 4756 1271 4826 βέλτιον,
1290 4758 1418 4809 ὅταν
1439 4753 1748 4827 ἐρρωμενέ-

172 4852 374 4922 στερόν
405 4868 496 4903 σου
523 4851 592 4903 τὰ
607 4850 921 4919 φιλοσοφίας
943 4849 1265 4919 ἀνθάψηται.
1312 4849 1464 4901 Ἐπεὶ
1499 4847 1631 4918 μηδὲ
1653 4846 1747 4899 νῦν

170 4946 424 5018 ἀγεννῶς
449 4943 673 5015 ὲνῆρξας
692 4944 788 5011 τῆς
824 4942 1292 5011 συμμαχίας,τοὺς
1326 4939 1492 5001 κύνας
1524 4936 1751 4992 ἀνθυλα-

174 5035 411 5104 κτήσας,
431 5034 523 5085 καὶ
541 5032 637 5102 τὴν
652 5030 934 5084 Δεκέλειαν
955 5028 1108 5100 ἡμῶν
1128 5028 1490 5099 ἀποτειχίζειν
1507 5026 1750 5080 ἐπιλαϐό-

178 5142 367 5199 μενος.
395 5124 696 5194 Πυθόμενος
711 5140 768 5175 τε
791 5117 884 5176 οὖν
898 5121 1022 5191 περὶ
1041 5120 1133 5172 σοῦ
1153 5120 1299 5191 παρά
1319 5119 1425 5172 τῶν
1444 5117 1737 5189 προλαὸόν-

176 5239 294 5274 των
318 5221 407 5272 ἐπὶ
423 5218 518 5288 τὴν
549 5217 645 5287 σὴν
675 5215 978 5286 συνήθειαν,
1010 5215 1101 5268 καὶ
1118 5214 1278 5275 αὐτὸς
1293 5212 1359 5264 δι’
1381 5211 1561 5280 ὀλίγου
1589 5226 1745 5264 κατα·

176 5320 380 5387 νοήσας
412 5312 518 5383 ἐρῶ
550 5312 674 5369 τοὺς
711 5308 1133 5380 ἀστρονομικοὺς
1180 5305 1477 5376 σπινθῆρας
1533 5303 1749 5367 ἐνόντας

178 5425 281 5465 σου
314 5410 379 5478 τῇ
409 5407 553 5475 ψυχῇ
588 5402 808 5463 τούτους
841 5399 1053 5469 ἐξάψαι,
1084 5399 1174 5451 καὶ
1208 5398 1299 5450 ἐπὶ
1334 5398 1475 5467 μέγα
1504 5393 1633 5467 ἆραι
1663 5396 1751 5449 διά

177 5502 294 5557 τῶν
336 5499 562 5552 ἐνόντων
596 5493 1027 5562 ἐπιϐαλλόμενος.
1077 5488 1429 5561 ’Δστρονομία
1466 5487 1574 5556 γὰρ
1611 5487 1746 5557 αὐτή

180 5609 248 5647 τε
281 5585 615 5659 ὑπέρσεμνός
662 5586 808 5638 ἐστιν
850 5583 1149 5653 ἐπιστήμη,
1198 5581 1289 5634 καὶ
1332 5580 1449 5650 τάχ’
1480 5577 1747 5633 ἀναδιδα-

186 5683 326 5754 σμὸς
353 5680 443 5734 ἐπί
464 5696 516 5732 τι
537 5676 902 5749 πρεσὸύτερον
930 5672 1123 5743 γένοιτ’
1152 5672 1236 5727 άν-
1261 5671 1327 5742 ἢν
1352 5670 1461 5739 ἐγὼ
1486 5669 1750 5741 προσεχὲς

185 5778 426 5851 ἠγοῦμαι
456 5772 746 5843 πορθμεῖον
777 5775 874 5841 τῆς
908 5771 1216 5842 ἀπορρήτου
1242 5764 1545 5835 ⁸θεολογίας.
1580 5762 1751 5834 Ὕλην

1853 4762 2059 4806 censet.
2091 4750 2316 4821 Reliqua
2368 4761 2573 4814 autem,
2629 4754 2802 4823 magis
2853 4754 3005 4808 varia
3052 4765 3107 4809 et
3140 4756 3421 4811 callidiora

1855 4844 2223 4913 sophistarum
2253 4858 2449 4911 genera
2486 4852 2698 4897 tantum
2734 4860 2841 4898 non
2878 4845 3028 4900 omni
3050 4848 3198 4901 cultu
3228 4854 3282 4901 et
3329 4863 3421 4902 ve-

1854 4936 2138 4989 neratione
2181 4945 2611 5004 prosequuntur,
2656 4952 2751 4991 eos
2814 4938 3111 5006 praesertim
3161 4938 3255 5006 qui
3294 4952 3418 4992 cum

1853 5029 2006 5083 clava
2039 5035 2132 5080 aut
2161 5027 2404 5096 scipione
2455 5027 2734 5092 incedunt,
2788 5037 2843 5083 et
2888 5037 3049 5098 sputa
3088 5036 3214 5083 ante
3256 5044 3419 5097 quam

1854 5120 2019 5173 verba
2062 5117 2320 5172 fundunt.
2357 5117 2539 5185 Quare
2578 5128 2632 5175 et
2666 5120 2862 5189 iniqua:
2896 5119 3054 5180 sorti,
3102 5133 3207 5187 qua
3240 5119 3421 5187 philo-

1853 5212 2044 5281 50phia
2074 5213 2263 5273 utitur.
2296 5226 2607 5273 succurres,
2630 5227 2806 5281 neque
2837 5212 2982 5264 illam
3017 5210 3420 5280 criminaberis,

1854 5320 1975 5373 qua:
1998 5303 2248 5372 injuriam
2277 5319 2386 5359 non
2414 5302 2565 5358 facit.
2610 5302 2747 5357 Nam
2777 5316 2886 5372 quo
2939 5316 3154 5370 aequum
3205 5311 3259 5356 et
3288 5317 3421 5356 con-

1853 5405 2175 5453 sentaneum
2202 5404 2307 5457 est,
2342 5396 2395 5450 id
2428 5397 2681 5466 apparuit
2716 5396 2849 5450 ﬁeri.
2888 5394 3000 5449 Hoc
3030 5404 3087 5448 tn
3119 5394 3421 5452 transferes

1851 5488 1921 5543 ad
1950 5488 2005 5542 id
2053 5486 2199 5557 quod
2256 5488 2428 5557 magis
2479 5488 2738 5542 decorum
2800 5497 2854 5541 et
2910 5486 3263 5557 praestantius
3312 5491 3420 5551 est,

1855 5576 2078 5649 quando
2132 5577 2403 5631 valentius
2453 5586 2507 5632 et
2556 5576 2875 5646 ﬂagrantius
2937 5584 2990 5632 te
3049 5574 3425 5646 philosophica

1857 5665 2227 5737 eorripuerint
2256 5684 2269 5719 :
2307 5680 2431 5719 cum
2464 5680 2533 5720 ne
2561 5682 2708 5720 nunc
2739 5664 2958 5735 quidem
3014 5665 3249 5736 segniter
3292 5677 3421 5735 proo

1858 5758 2243 5833 pugnationem
2278 5757 2504 5816 adortus
2533 5759 2649 5816 sis:
2691 5760 2890 5831 quippe
2928 5761 3021 5832 qui
3068 5758 3301 5814 canibus
3340 5756 3420 5812 la-
