3880 6530
478 346 632 406 41ῗὲεό

1566 339 1838 397 SYNES"
1867 337 2334 395 PTOLEMAIDIS
2368 335 2678 391 EPlSCOPl

3620 324 3743 378 ιεει

488 462 764 519 traitt‘ibus
798 458 1084 520 allatrasti,
1129 465 1182 512 et
1226 454 1499 512 Beceliam
1534 456 1696 511 nobis
1744 470 1901 509 muro
1944 457 2059 509 ciu-

2166 469 2223 504 τε
2256 452 2364 524 γὰρ
2398 450 2763 519 ὑποϐέϐληται
2791 448 2850 500 τὸ
2885 442 3153 518 μακάριον
3184 439 3422 511 οὐρανοῦ
3464 438 3666 507 σῶμακ
3696 433 3747 491 οὗ

490 569 617 623 gere
648 549 886 620 coepisti.
920 548 1044 602 Haec
1072 548 1236 611 igitur
1269 563 1391 602 cum
1426 548 1735 617 acceperim
1793 548 1861 603 de
1914 555 1966 602 te
1998 552 2063 599 ab

480 646 680 714 ‘iis'qui
708 652 837 698 ante
864 658 948 697 me
997 643 1052 695 in
1091 640 1524 695 familiaritatem
1573 649 1722 695 tuam
1771 652 2062 703 venerunt,

491 745 545 791 et
575 738 689 806 ipse
716 749 897 805 parvae
956 734 1374 788 consuetudinis
1407 750 1508 789 usu
1564 734 2062 795 animadverterim,

490 842 624 880 aveo
654 825 1058 880 astronomicas
1118 824 1240 878 illas
1299 825 1351 877 in
1390 825 1571 878 animo
1607 832 1702 878 tuo
1762 822 2064 878 insidentes

478 919 756 973 scintillas
787 917 1100 980 incendere,
1133 916 1265 971 etin
1302 917 1471 968 altum
1505 931 1600 985 per
1629 930 1692 970 ea
1723 929 1844 983 quae
1869 914 2065 969 adsunt

490 1023 663 1061 conor
688 1023 1040 1077 exaggerare.
1087 1007 1442 1060 Astronomia
1474 1008 1616 1061 enim
1650 1022 1862 1060 summe
1896 1006 2065 1059 hone—

491 1110 573 1155 sta
603 1108 656 1154 et
684 1100 992 1154 veneranda
1016 1098 1249 1153 scicntia
1277 1106 1382 1161 est,
1419 1096 1653 1153 fortasse
1682 1098 1748 1151 ad
1785 1098 2064 1167 antiquius

491 1190 696 1258 aliquid
725 1191 1005 1244 traductio
1038 1198 1091 1244 et
1127 1189 1366 1245 sublatio
1388 1205 1510 1244 esse
1539 1190 1745 1258 possit:
1776 1202 1938 1259 quam
1964 1206 2065 1259 ego

488 1285 862 1336 continentem
898 1283 1189 1352 quemdam
1227 1282 1517 1349 trajectum
1549 1298 1671 1337 esse
1715 1284 1910 1351 opinor
1939 1298 2062 1337 cum

489 1375 775 1430 recondita
814 1376 1113 1444 theologia.
1149 1374 1284 1427 Nam
1316 1376 1616 1444 subjectam
1650 1376 1935 1430 materiam
1968 1377 2064 1430 lia-

488 1468 583 1522 bet
613 1468 829 1520 beatum
860 1466 991 1520 illud
1038 1467 1164 1520 σαεΙί
1198 1481 1418 1535 corpus,
1481 1468 1638 1531 cujus
1665 1467 1826 1521 etiam
1860 1478 2062 1522 motum

492 1557 688 1610 mentis
742 1557 1098 1610 imitationem
1146 1558 1341 1611 habere
1405 1558 1677 1614 nobilibus
1717 1572 1770 1613 et
1811 1561 1974 1615 claris
2012 1564 2064 1614 in

478 1646 835 1714 philosophia
877 1646 1011 1698 viris
1062 1646 1295 1708 videtur,
1344 1656 1396 1699 et
1440 1647 1508 1700 ad
1566 1648 2066 1705 demonstrationes

477 1752 600 1789 non
630 1746 989 1790 controverso
1020 1739 1182 1791 modo
1212 1753 1271 1791 se
1298 1737 1511 1791 confert
1549 1759 1559 1792 :
1597 1739 1693 1794 sed
1727 1742 2063 1799 administris

492 1830 667 1882 utitur
710 1832 1010 1898 geometria
1039 1838 1093 1883 et
1133 1830 1498 1893 arithmetica,
1528 1847 1665 1900 quas
1697 1832 1742 1886 si
1802 1835 1926 1902 quis
1975 1836 2059 1887 in-

493 1931 768 1974 errantem
824 1928 879 1973 et
933 1936 1043 1974 non
1098 1920 1373 1974 fallentem
1402 1923 1648 1978 veritatis
1680 1926 1920 1994 regulam
1965 1942 2060 1996 ap-

490 2013 726 2082 pellarit,
766 2013 1185 2082 haudquaquam
1241 2027 1269 2065 a
1305 2013 1507 2068 decoro
1552 2015 1840 2071 aberrarit.
1884 2017 2066 2073 Oﬂ‘ero

2171 546 2264 599 καὶ
2290 546 2389 616 τὴν
2417 544 2652 614 κίνησιν,
2691 540 2782 594 νοῦ
2816 540 3045 610 μίμησιν
3080 534 3244 595 εἶναι,
3286 536 3405 596 τοῖς
3448 547 3747 596 κορυφαιο-

2165 639 2347 701 τάτοις
2386 638 2442 690 ὲν
2493 632 2782 704 φιλοσοφίᾳ
2817 631 2994 685 δοκεῖ*
3049 627 3143 681 καὶ
3171 626 3266 679 ἐπὶ
3296 625 3403 685 τὰς
3444 622 3750 685 ἁποδείξεκ

2165 732 2267 785 οὐκ
2326 726 2823 800 ἀμφισϐητησίμως
2891 720 3218 793 πορεύεται·
3276 716 3394 770 ἀλλ’
3459 715 3750 782 (impias:

2166 825 2365 895 Χρῆται
2394 819 2708 890 γεωμετρίᾳ
2740 817 2835 870 καὶ
2871 814 3231 883 ἀριθμητικῇ,
3267 810 3336 873 ἃς
3367 806 3636 878 ἀστραβῆ
3669 806 3754 872 τῆς

2167 916 2422 985 ἀληθείας
2453 912 2652 967 κανόνα
2681 926 2765 972 τις
2786 907 2972 971 εἰπὼν,
3001 906 3100 957 οὐκ
3127 902 3191 956 ἂν
3223 903 3469 972 ἁμάρτοι
3499 897 3603 950 τοῦ
3632 899 3754 965 πρέ-

2166 1026 2377 1071 ποντος.
2431 1004 2696 1076 Προσάγω
2751 1002 2815 1070 δή
2872 1018 2952 1052 σοι
3005 998 3193 1067 δῶρον,
3254 994 3382 1064 ἐμοί
3433 1009 3501 1043 τε
3557 988 3755 1049 δοῦναι,

2169 1102 2249 1154 σοί
2286 1117 2346 1152 τε
2386 1098 2571 1151 λαϐεῖν
2610 1092 3088 1165 πρεπωδέστατονο
3138 1086 3381 1146 διανοίας
3446 1083 3559 1152 μὲν
3611 1082 3755 1149 ἔργον

2158 1190 2337 1261 ἐμῆς,
2369 1191 2468 1242 ὅσα
2513 1205 2601 1257 μοι
2651 1184 3052 1253 συνευπόρησεν
3083 1181 3116 1249 ἡ
3151 1174 3604 1246 σεδασμιωτάτη
3635 1172 3755 1224 διξέο

2174 1283 2402 1345 σκαλος·
2451 1278 2632 1350 χειρὸς
2685 1277 2744 1329 δὲ
2780 1275 2889 1328 τῶν
2927 1273 3045 1327 καθ’
3082 1274 3229 1342 ἡμᾶς
3254 1273 3340 1333 εἰς
3388 1267 3753 1336 δημιουργίαν

2166 1375 2406 1446 ἀργύρου
2435 1376 2532 1444 τῆς
2559 1370 2809 1441 ἀρίστης.
2850 1369 2985 1436 Περὶ
3009 1364 3068 1420 οὗ
3095 1362 3525 1435 προδιαλεχθεὶς
3565 1357 3758 1427 πρώρ-

2166 1487 2261 1539 γου
2304 1486 2355 1521 τι
2406 1466 2472 1520 ἂν
2514 1464 2595 1533 τῷ
2634 1463 2819 1531 σκοπῷ
2864 1462 3171 1530 ποιήσαιμι.
3214 1459 3273 1509 'U
3304 1457 3364 1509 δὲ
3399 1454 3641 1514 σκοπὸς,
3672 1452 3756 1510 τὰς

2169 1565 2225 1614 ὲν
2255 1561 2337 1613 σοὶ
2368 1557 2601 1628 φυσικὰς
2629 1557 2756 1625 περὶ
2780 1553 3095 1622 φιλοσοφίαν
3120 1550 3298 1620 ὁρμὰς
3321 1542 3754 1599 ἐκκαλέσασθαι.

2169 1652 2232 1704 El
2258 1651 2364 1721 γὰρ
2404 1649 2588 1718 ἔφεσίς
2631 1664 2712 1701 σοι
2748 1645 3107 1714 παραγένοιτο
3138 1640 3233 1693 τοῦ
3272 1637 3642 1691 συντείνοντα
3670 1636 3755 1696 τὰς

2165 1743 2317 1811 ὄψεις
2342 1740 2618 1794 ἐπιϐαλεῖν
2645 1738 2723 1809 τῷ
2746 1735 3069 1808 φαινομένῳ,
3096 1734 3216 1786 τότε
3251 1748 3337 1783 σοι
3368 1728 3571 1799 μεῖζον
3599 1725 3755 1795 ὀρέξω

2160 1836 2353 1907 δῶρον,
2380 1834 2450 1887 τὰ
2476 1834 2604 1904 περὶ
2629 1833 2728 1902 τῆς
2747 1831 3057 1900 ἐπιστήμης
3083 1826 3275 1895 αὐτῆς.
3322 1822 3477 1876 Ἀλλ’
3500 1821 3656 1879 ὅπως
3674 1820 3756 1869 καὶ

2164 1927 2259 1979 νῦν
2310 1925 2594 1998 προσέξεις
2651 1925 2764 1985 τοῖς
2820 1921 3133 1990 λεγομένοις
3190 1917 3325 1987 περὶ
3382 1913 3492 1966 τοῦ
3554 1912 3752 1964 δεικτι-

2175 2025 2357 2091 μένου.

496 2108 663 2177 igitur
704 2108 806 2161 tibi
849 2122 1048 2160 munus
1098 2109 1245 2176 quod
1297 2115 1349 2161 et
1406 2124 1489 2162 me
1533 2109 1684 2176 dare,
1725 2112 1882 2182 311
1930 2124 1977 2169 ei
2012 2124 2069 2170 te
2138 2118 2387 2185 accipere
2456 2114 2693 2168 maxime
2743 2113 2971 2167 deceat:
3018 2123 3158 2178 opus
3198 2104 3433 2175 quidem
3488 2098 3749 2167 excogita

486 2197 661 2250 tionis
690 2204 912 2259 nostrae,
940 2204 1208 2265 quantum
1240 2195 1373 2249 mihi
1407 2197 1461 2249 in
1492 2198 1598 2252 hoc
1660 2216 1856 2269 genere
1879 2207 2109 2258 contulit
2149 2214 2203 2259 ct
2257 2205 2623 2275 suppeditavit
2661 2201 3115 2257 reverendissima
3190 2195 3469 2267 magistra
3500 2212 3514 2246 :
3574 2205 3750 2242 manus

490 2296 670 2341 autem
697 2304 764 2341 ex
794 2288 859 2343 iis
888 2303 1008 2357 qua:
1041 2288 1185 2357 apud
1220 2303 1321 2343 nos
1381 2299 1508 2344 sunt
1571 2291 1637 2344 ad
1706 2302 2018 2362 argenteum
2086 2298 2360 2365 opificium
2420 2296 2811 2352 elaborandum
2875 2290 3373 2365 prazstantissimae.
3432 2284 3518 2338 De
3576 2297 3677 2350 quo
3712 2282 3749 2332 si

490 2384 751 2452 praefatus
813 2384 1020 2453 aliquid
1057 2384 1233 2449 fuero,
1272 2402 1451 2457 operm
1483 2388 1718 2458 pretium
1750 2392 1893 2459 quod
1946 2394 2015 2447 sit
2062 2395 2127 2449 ad
2162 2396 2412 2449 notitiam
2443 2395 2617 2465 scopi,
2648 2393 2977 2466 praestitero.
3016 2388 3232 2459 Scopus
3264 2394 3465 2438 autem
3520 2388 3609 2436 est
3666 2392 3749 2430 ιη-

492 2487 628 2530 tura:
660 2478 714 2530 in
745 2487 797 2532 te
824 2477 890 2531 ad
919 2477 1317 2547 philosophiam
1342 2480 1688 2537 incitationes
1718 2482 2058 2554 impetusque
2096 2501 2414 2555 provocare.
2452 2488 2609 2554 Quod
2645 2488 2690 2542 si
2715 2484 2988 2556 cupiditas
3060 2491 3108 2536 te
3144 2477 3452 2535 incesserit
3519 2476 3749 2528 intentos

486 2573 680 2626 oculos
721 2572 1041 2626 admovendi
1098 2572 1169 2627 iis
1199 2588 1323 2642 quae
1365 2585 1650 2661 apparent,
1711 2586 1839 2632 tunc
1876 2581 2053 2650 majus
2094 2585 2187 2636 tibi
2220 2600 2419 2640 munus
2485 2583 2758 2654 porrigam
2806 2582 2873 2637 de
2945 2580 3015 2635 iis
3052 2593 3174 2648 qua:
3224 2572 3292 2630 ad
3335 2577 3529 2643 ipsam

476 2668 621 2718 ’tiam
656 2664 996 2720 referuntur.
1029 2665 1134 2721 Sed
1170 2676 1228 2721 ut
1248 2684 1393 2723 nunc
1417 2671 1581 2723 etiam
1633 2671 1883 2727 advertas
1916 2684 2153 2729 mentem
2186 2677 2255 2733 iis
2286 2693 2407 2747 qua:
2427 2677 2687 2731 dicuntur
2725 2675 2792 2731 de
2818 2688 2883 2729 eo
2912 2673 3057 2743 quod
3094 2670 3563 2726 demonstratur.

558 2758 811 2814 Globosaa
857 2760 1176 2830 superticiei‘
1212 2765 1712 2831 complanationem
1764 2767 1820 2821 in
1878 2768 2062 2840 figurae

480 2851 811 2905 diversitate
843 2851 1090 2906 eamdem
1135 2854 1402 2908 rationem
1455 2866 1899 2922 conservantem,
1940 2862 2063 2915 sub-

490 2942 728 2997 obscure
770 2942 993 3012 quidem
1039 2946 1251 2998 notavit
1299 2945 1642 3016 Hipparchus
1691 2950 1784 3005 ille
1832 2953 2063 3021 peranti-

488 3049 653 3104 quus,
687 3043 742 3089 et
763 3036 975 3104 primus
996 3035 1126 3089 huic
1146 3039 1598 3108 contemplationi
1634 3042 1905 3097 incubuit.
1949 3042 2059 3099 Nos

476 3126 784 3195 ~vero(nisi
810 3125 951 3181 forte
982 3126 1247 3197 grandius
1281 3128 1383 3183 hoc
1412 3130 1503 3193 sit,
1539 3146 1699 3201 quam
1734 3143 1793 3188 ut
1820 3135 1872 3187 id
1903 3134 2059 3191 nobis

476 3217 834 3288 tribuamus)
871 3232 1046 3289 usque
1079 3220 1145 3273 ad
1173 3229 1471 3275 extremam
1504 3221 1732 3279 ﬁmbriae
1758 3240 1908 3279 oram
1942 3240 2061 3296 per-

2233 2774 2534 2843 Σφαιρικῆς
2552 2770 2870 2839 ἐπιφανείας
2892 2768 3216 2834 ὲξάπλωσιν,
3240 2762 3570 2829 ταυτότητα
3593 2760 3747 2825 λόγων

2162 2870 2219 2921 ἐν
2249 2867 2526 2938 ἑτερότητι
2569 2865 2676 2917 τῶν
2723 2862 3016 2932 σχημάτων
3048 2857 3354 2929 τηροῦσαν,
3406 2854 3639 2924 ᾐνίξατο
3664 2851 3749 2918 μὲν

2164 2962 2468 3032 Ἵππαρχος
2495 2961 2522 3013 ό
2550 2956 2919 3028 παμπάλαιος,
2949 2952 3043 3005 καὶ
3071 2947 3300 3002 ὲπέθετό
3338 2962 3405 3014 γε
3438 2944 3662 3014 πρῶτος
3684 2941 3748 3008 τῷ

2164 3053 2470 3123 σκέμματιο
2502 3052 2659 3120 ἡμεῖς
2693 3048 2749 3101 δὲ
2790 3046 2872 3116 (εί
2908 3044 2981 3114 μὴ
3022 3041 3204 3113 μεῖζον
3250 3040 3283 3109 ἢ
3340 3037 3471 3090 καθ’
3510 3035 3749 3105 1',kai-

2167 3144 2306 3215 πεῖν)
2347 3139 2691 3211 ὲξυφήναμέν
2723 3156 2783 3190 τε
2813 3139 2941 3208 ἄχρι
2973 3135 3081 3187 τῶν
3109 3130 3449 3203 κρασπέδων
3486 3127 3641 3183 αὐτὸ,
3668 3126 3749 3175 καὶ

2167 3233 2582 3303 ὲτελειώσαμεν,
2622 3231 2679 3280 έν
2724 3229 2961 3297 πλείστῳ
2989 3226 3054 3296 δή
3088 3242 3193 3277 τινι
3222 3222 3302 3291 τῷ
3342 3219 3563 3289 μεταέ)
3590 3218 3747 3287 κρόνε)

472 3310 764 3364 “texuimus
793 3319 846 3363 et
889 3311 1250 3378 absolvimus,
1281 3327 1405 3367 cum
1454 3315 1693 3384 plurimo
1744 3318 1839 3373 illo
1895 3320 2059 3375 inter-

2167 3329 2258 3382 τοῦ
2280 3328 2660 3397 προϐλήματος
2678 3322 3061 3395 ἀμεληθέντος,
3090 3316 3441 3385 Πτολεμαίου
3470 3312 3570 3366 τοῦ
3600 3313 3746 3371 tiw,

477 3402 636 3470 jecto
669 3410 915 3471 tempore
959 3403 1239 3471 problema
1287 3406 1594 3474 neglectum
1650 3408 1880 3465 fuisset:
1915 3413 2059 3482 quod

484 3504 739 3549 summus
768 3493 861 3547 ille
911 3492 1269 3558 Ptolemaeus,
1324 3505 1379 3550 et
1418 3497 1662 3551 divinum
1716 3501 1863 3555 istud
1901 3505 2063 3559 colle-

490 3586 637 3658 gium
674 3598 1062 3641 successorum
1093 3586 1235 3655 ejus,
1275 3588 1420 3644 illius
1454 3599 1661 3644 tantum
1693 3608 1796 3647 usu
1821 3597 2062 3650 contenti

490 3679 720 3741 fuerint,
764 3692 925 3747 quem
979 3679 1050 3731 ad
1097 3691 1493 3734 nocturnarum
1544 3681 1803 3737 horarum
1849 3697 2063 3755 specta.

482 3771 694 3824 tionem
721 3767 1090 3838 prazstandam
1127 3771 1366 3825 sedecim
1420 3772 1527 3827 illae
1589 3775 1758 3830 stellas
1814 3779 2062 3849 suppedi-

486 3869 628 3925 tant,
661 3875 796 3929 quas
829 3863 975 3915 solas
1022 3860 1366 3930 Hipparchus
1400 3862 1743 3920 transferens
1787 3867 2063 3938 disposuit

491 3967 545 4006 in
577 3967 802 4021 organo.
834 3950 1003 4007 Venia
1030 3963 1210 4008 tamen
1246 3957 1598 4011 concedenda
1625 3959 1775 4025 viris,
1813 3976 1936 4015 cum
1988 3972 2064 4018 ea:

489 4060 612 4108 res.
653 4060 773 4114 quae
812 4043 1038 4114 majoris
1074 4047 1337 4100 momenti
1366 4031 2060 4121 emolumentiqueerant,

484 4145 607 4190 tum
651 4144 834 4192 essent
868 4138 1221 4206 inabsolutaa;
1258 4147 1313 4193 et
1343 4140 1508 4195 veluti
1556 4143 1736 4199 adhuc
1778 4146 1846 4200 ab
1896 4149 2064 4204 ubere

492 4231 733 4299 pendens
776 4239 829 4286 et
874 4231 1072 4287 tenella
1120 4236 1449 4303 geometria,
1492 4238 1537 4292 si
1580 4238 1634 4291 in
1671 4238 2062 4310 hypothesibus

491 4322 812 4378 laborarint.
840 4320 949 4379 Nos
988 4335 1169 4379 autem
1224 4340 1321 4395 pro
1375 4328 1658 4384 elaborato
1695 4331 2063 4401 pulcherrimo

476 4426 720 4482 corpore
769 4417 1010 4472 scientiaa
1055 4418 1251 4489 hujus,
1314 4433 1437 4474 cum
1482 4422 1535 4475 id
1572 4423 1690 4477 sine
1730 4424 1841 4478 ullo
1876 4424 2063 4480 labore

488 4514 681 4561 nostro
724 4509 984 4563 traditum
1033 4513 1408 4582 acceperimus
1441 4554 1455 4579 ,
1518 4517 1747 4585 gratiam
1798 4517 2060 4573 habemus

486 4593 598 4652 illis
632 4600 723 4667 qui
764 4612 1203 4668 praemonuerunt
1247 4604 1423 4675 beatis
1456 4607 1627 4661 viris:
1662 4623 1768 4662 non
1818 4616 1996 4662 tamen
2030 4624 2058 4661 a

2168 3421 2262 3474 xui.
2286 3420 2380 3474 τοῦ
2409 3418 2693 3472 Θεσπεσίου
2728 3416 2917 3469 θιάσου
2958 3414 3065 3465 τῶν
3104 3406 3553 3476 διαδεξαμένων,
3596 3404 3744 3471 αὐτὴν

2168 3512 2331 3583 μόνην
2350 3510 2491 3579 ἔχειν
2513 3506 2913 3577 ἀγαπησάντων
2927 3504 3026 3573 τὴν
3054 3500 3263 3573 χρείαψ
3281 3499 3361 3567 ἣν
3381 3494 3561 3565 ἀρκοῦ
3571 3494 3745 3551 acui;

2162 3602 2223 3654 τὸ
2278 3599 2589 3670 νυκτερινὸν
2643 3596 3010 3667 ὡροσκοπεῖον
3058 3593 3108 3644 οἱ
3168 3587 3480 3642 ἑκκαίδεκα
3533 3585 3745 3651 ἀστέρες

2165 3692 2506 3764 παρείχοντο,
2540 3688 2634 3753 οὓς
2667 3688 2860 3758 μόνους
2891 3686 3190 3754 Ἵππαρχος
3233 3678 3561 3752 μετατιθεὶς
3599 3680 3743 3743 ἐγκα-

2164 3786 2385 3849 τέταξεν
2410 3783 2487 3853 τῷ
2513 3782 2747 3854 ὀργάνῳ.
2790 3780 2899 3832 Καὶ
2932 3776 3226 3846 συγγνώμη
3262 3774 3318 3827 δὲ
3346 3777 3465 3835 τοῖς
3501 3772 3741 3839 ἀνδράσιν

2162 3878 2269 3931 τῶν
2313 3872 2778 3948 προὺργιαιτέρων
2824 3869 3026 3925 ἀτελῶν
3064 3869 3257 3929 ὄντων,
3288 3865 3650 3934 γεωμετρίας
3674 3861 3741 3913 ἑτι

2161 3967 2597 4038 τιθηνουμένης,
2658 3963 2785 4034 περὶ
2847 3963 2947 4027 τὰς
3010 3959 3298 4021 ὑποθέσεις
3356 3954 3737 4028 ἀσχοληθῆναι.

2178 4058 2365 4129 Ἡμεῖς
2412 4057 2469 4110 δὲ
2513 4056 2650 4127 ὑπὲρ
2687 4054 2779 4109 τοῦ
2821 4053 2977 4123 σῶμα
3015 4050 3300 4119 πάγκαλον
3346 4045 3737 4118 ὲᾷργάτατθιι

2162 4151 2261 4219 τῆς
2295 4152 2621 4220 ἐπιστήμης,
2655 4150 2867 4210 ἀπόνως
2899 4146 3051 4199 αὐτοὶ
3092 4141 3565 4213 παραδεξάμενοι,
3596 4138 3739 4209 χάριν

2165 4245 2318 4315 ἴσμεν
2331 4246 2442 4306 τοῖς
2455 4258 2661 4314 προηγο
2669 4240 2856 4312 ρηκόσι
2873 4239 2978 4292 τῶν
2999 4237 3283 4309 μακαρίων
3294 4234 3540 4305 ἀνδρῶν.
3557 4234 3631 4285 οὐ
3644 4232 3736 4301 μὴν

2162 4337 2483 4405 ἀφιλόσοφον
2532 4333 2837 4403 φιλοτιμίαν
2891 4328 3165 4401 ἡγούμεθα
3198 4329 3261 4381 τὸ
3294 4328 3397 4381 καὶ
3430 4326 3735 4396 clipei-rae};

2161 4428 2545 4495 ἐπεισαγαγεῖν
2566 4426 2666 4496 ἤδη
2681 4424 2853 4490 τινας,
2872 4423 2963 4475 καὶ
2979 4420 3315 4491 τεχνιτεῦσαι
3351 4438 3429 4483 τι,
3443 4421 3547 4473 καὶ
3580 4433 3731 4484 προτ-

2161 4518 2554 4591 εξεργάσασθαι
2569 4515 3051 4587 περιττόν.Ὥσπερ
3069 4512 3176 4584 γὰρ
3188 4514 3247 4566 αί
3266 4512 3453 4574 πόλεις
3472 4510 3731 4578 auguria:-

2162 4630 2247 4663 ναι
2270 4610 2403 4680 πρὸς
2421 4607 2487 4661 τὰ
2507 4610 2775 4674 ἀναγκαῖα
2796 4606 2929 4677 μόνα
2946 4605 3162 4676 ὁρῶσιν,
3192 4604 3348 4666 ὅπως
3372 4606 3438 4656 ἂν
3463 4604 3728 4665 (micante.

484 4690 831 4759 philosophia
870 4695 1107 4748 alienum
1156 4696 1394 4750 studium
1444 4698 1725 4761 ducimus,
1764 4708 1815 4754 et
1845 4701 2055 4770 expoli-

2164 4704 2256 4756 καὶ
2290 4675 2436 4765 ὅπως
2467 4700 2532 4753 ἂν
2566 4675 2900 4766 διαγίνοιντο·
2930 4675 3260 4750 ἐπιδιδοῦσαι
3290 4695 3351 4747 δὲ
3378 4696 3484 4749 οὐκ
3517 4697 3592 4747 ἔτ’
3612 4698 3733 4761 ἀγα-

489 4783 666 4836 tiones
716 4784 997 4853 speciosas
1047 4788 1205 4841 modo
1277 4789 1660 4853 introducere,
1722 4799 1886 4861 atque
1939 4792 2057 4847 arte

483 4875 664 4929 moliri
700 4872 995 4945 quidpiam,
1024 4880 1255 4946 amplius
1307 4887 1469 4947 atque
1509 4881 1809 4951 elegantius
1849 4883 2053 4953 aliquid

488 4967 767 5035 perﬁcere.
791 4967 1261 5033 Quemadmodum
1292 4972 1437 5023 enim
1464 4971 1624 5026 urbes
1651 4989 1773 5026 cum
1805 4975 2054 5029 condun-

487 5066 609 5121 tur,
664 5063 729 5112 ad
782 5063 1091 5114 necessaria
1136 5068 1351 5114 tantum
1390 5063 1726 5132 respiciunt,
1779 5067 2053 5134 quomodo

487 5152 799 5205 conservari
840 5160 894 5207 'et
940 5150 1141 5206 durare
1180 5154 1391 5221 possint
1437 5172 1449 5207 :
1488 5165 1840 5224 augescentes
1868 5167 2048 5212 autem

486 5259 594 5297 non
632 5245 861 5313 amplius
902 5247 1232 5301 necessariis
1278 5244 1388 5301 illis
1434 5256 1702 5301 contenta:
1741 5258 1899 5316 sunt,
1956 5251 2049 5305 sed

487 5335 719 5387 maxima
744 5349 869 5404 pars
904 5335 1299 5407 impendiorum
1328 5338 1440 5407 jam
1465 5339 1517 5392 in
1556 5342 1801 5409 porticus
1839 5344 2052 5412 specio-

487 5438 578 5478 sas
607 5433 660 5479 et
690 5429 1098 5496 gymnasiorum
1139 5428 1550 5498 amplitudinem
1593 5432 1951 5496 transfertur,
1999 5441 2053 5485 et

486 5514 592 5568 fori
637 5516 1002 5585 splendorem.
1054 5517 1130 5572 lta
1174 5520 1419 5575 scientize
1463 5520 1646 5577 aditus
1693 5523 1948 5577 consistit
1999 5524 2051 5576 in

484 5606 651 5660 rebus
680 5609 1005 5663 necessariis
1025 5650 1039 5671 ,
1066 5611 1462 5667 incrementum
1487 5625 1666 5668 autem
1702 5612 1755 5665 in
1782 5613 2053 5667 excellen-

484 5697 734 5754 tioribus.
758 5699 907 5755 llanc
934 5717 1063 5771 ergo
1094 5703 1160 5758 de
1192 5704 1571 5773 explanatione
1622 5704 1766 5774 globi
1800 5704 2053 5758 conside-

486 5790 784 5857 rationem,
831 5792 990 5862 312
1022 5808 1146 5849 cum
1176 5795 1346 5866 ipsam
1378 5810 1476 5866 per
1521 5810 1579 5853 se
1611 5795 1828 5866 dignam
1864 5794 2049 5852 studio

2160 4793 2336 4845 πῶσιν
2364 4792 2424 4844 τὸ
2450 4788 2943 4859 ἀναγκαῖον,ἀλλ’ἠ
2971 4787 3181 4854 δαπάνη
3209 4784 3415 4839 πλείων
3441 4786 3638 4846 αὐταῖς
3660 4786 3731 4841 εἰς

2158 4883 2325 4951 κάλλη
2374 4881 2543 4933 στοῶν
2582 4880 2673 4934 καὶ
2718 4877 3030 4947 γυμνασίων
3076 4875 3490 4947 μετετέθη
3514 4875 3731 4944 μεγέθη]

2146 4968 2250 5030 ’καὶ
2266 4975 2626 5044 λαμπρότητα
2645 4974 2866 5043 ἀγορᾶς.
2883 4970 3066 5033 Οὕτως
3088 4970 3405 5040 ἐπιστήμης
3424 4972 3459 5039 ἡ
3486 4971 3586 5037 μὲν
3606 4970 3729 5039 πρέ-

2154 5067 2268 5131 οδος
2310 5070 2367 5119 ὲν
2392 5068 2504 5128 τοῖς
2540 5064 2875 5132 ἀναγκαίοις,
2906 5066 2939 5133 ἡ
2974 5063 3029 5115 δὲ
3056 5060 3282 5131 αὔξησις
3311 5064 3375 5113 ἐν
3402 5066 3523 5124 τοῖς
3554 5078 3731 5130 περιτ-

2158 5164 2288 5223 τοῖς.
2313 5160 2386 5211 Τὸ
2406 5160 2460 5212 δὲ
2490 5157 2603 5229 [730.
2625 5156 2713 5228 δὴ]
2740 5157 2959 5227 σκέμμα
2987 5156 3045 5209 τὸ
3071 5157 3195 5225 περὶ
3222 5154 3324 5222 τῆς
3351 5154 3729 5217 ἐξαπλῶσεως,

2160 5253 2292 5306 αὐτὸ
2324 5252 2388 5305 δι’
2422 5252 2554 5305 αὐτὸ
2594 5251 2871 5321 φροντίδος
2903 5248 3231 5314 ἀξιώσαντες
3252 5288 3268 5309 ,
3321 5248 3727 5316 ὲξεπονήσαμὲν

2158 5363 2216 5397 τε
2242 5345 2333 5398 καὶ
2358 5344 2691 5414 σύγγραμμα
2716 5339 3106 5411 είργασάμεθα,
3136 5338 3333 5409 πλήθει
3357 5356 3415 5390 τε
3449 5338 3727 5403 intumis:

2160 5437 2253 5489 καὶ
2283 5434 2526 5505 ποικιλίᾳ
2569 5432 2935 5502 θεωρημάτων
2980 5431 3113 5484 αὐτὸ
3161 5428 3720 5485 κατατωκνὼσαντεςν

2157 5527 2251 5579 καὶ
2284 5526 2361 5588 εἰς
2390 5524 2521 5593 ὓλην
2569 5522 2879 5593 μεταθεῖναι
2925 5522 3051 5584 τοὺς
3094 5521 3283 5587 λόγους
3331 5518 3575 5588 σπουδὴν
3617 5516 3724 5568 ὲθέο

2162 5616 2321 5686 μεθα,
2368 5614 2588 5684 ἄγαλμα
2630 5613 2905 5679 πάγκαλον
2936 5611 3028 5665 τοῦ
3064 5611 3327 5681 κοσμικοῦ
3358 5610 3604 5671 nunc;
3633 5608 3722 5673 51;-

2160 5709 2605 5779 μιουργήσαντες.
2658 5708 2768 5775 Τῆς
2814 5705 2871 5758 δὲ
2902 5706 3071 5775 αὐτῆς
3118 5704 3302 5772 ἐφόδου
3343 5702 3442 5755 καὶ

2157 5797 2495 5866 ἐπιφάνειαν,
2528 5797 2621 5850 καὶ
2661 5796 2759 5867 τὴν
2783 5794 2989 5867 ὁμαλὴν
3023 5794 3208 5867 κοίλην
3247 5796 3327 5859 είς
3368 5796 3501 5859 τοὺς
3537 5794 3721 5853 αὐτοὺς
