3880 6520
134 410 277 464 5585

1221 425 1304 478 DE
1342 427 1520 483 ΗΟΝο
1549 430 1964 489 ASTROLABII
2002 440 2255 499 SERMO.

3238 445 3259 497 1
3278 443 3382 497 586

130 519 323 627 λογους
354 521 569 593 τέμνειν
612 526 879 599 διδούσης.
933 536 1358 605 συγγενεστέραν
1412 540 1701 610 ἡγούμενοι

1807 557 1858 602 et
1905 563 2038 603 cura
2079 557 2499 621 statuissemus,
2536 558 2976 617 elaboravimus,
3022 565 3077 611 et
3117 559 3387 627 scriptum

128 610 229 681 τὴν
249 614 496 668 ὁπωσοῦν
524 615 708 687 κοίλην
734 621 798 689 τῇ
823 619 1003 673 τέλεον
1034 630 1295 697 σφαιρικῇ
1321 645 1333 657 ο
1367 629 1706 704 ὑπεμόολαίᾳ

130 705 192 757 τὸ
224 706 420 770 πλάτος
455 708 830 781 ὲκοιλάναμεν,
879 714 947 767 τά
980 731 1035 766 τε
1069 715 1203 770 ἀλλα
1248 721 1701 792 ἐπεμελήθημεν,

129 797 281 861 ὅπως
314 798 379 854 ἂν
406 801 437 869 ἠ
471 803 741 868 φαντασία
770 804 859 858 τοῦ
891 807 1123 876 ὀργάνου
1157 811 1254 881 τῆς
1279 813 1539 883 ἀληθείας
1574 816 1704 869 ὑπο-

135 892 418 964 μιμνήσκῃ
446 893 537 947 τὸν
562 894 744 948 ἔννουν
772 899 987 969 θεατήν.
1027 902 1135 955 Καὶ
1164 904 1271 975 γὰρ
1304 909 1416 968 τοῖς
1444 906 1504 971 ἐξ
1539 908 1703 977 μεγέ-

132 984 281 1035 θεσιν
332 985 457 1047 τοὺς
508 986 859 1058 διαφέροντας
905 992 1143 1062 ἀστέρας
1188 995 1554 1068 ὲνετάξαμεν,
1610 999 1704 1050 καὶ⁵

130 1077 257 1137 τοὺς
279 1076 413 1144 πρὸς
434 1077 692 1149 ἀλλήλους
712 1082 888 1134 αὐτῶν
907 1089 1315 1156 σχηματισμοὺς
1337 1089 1702 1159 ἐτηρήσαμεν.

140 1167 261 1218 Τῶν
290 1168 347 1220 δὲ
373 1169 589 1223 κύκλων
618 1174 745 1236 τοὺς
775 1176 872 1243 μὲν
909 1177 1339 1247 περιηγάγομεν,
1371 1181 1500 1243 τοὺς
1537 1181 1594 1233 δὲ
1624 1181 1705 1234 δι-

131 1262 415 1332 ηγάγομεν
441 1282 452 1292 ’
482 1264 726 1328 ἅπαντας
748 1268 803 1321 δὲ
830 1270 1094 1341 ἐτέμομεν
1114 1274 1396 1342 μοιρικῶς,
1418 1274 1513 1337 τὰς
1541 1275 1704 1329 πέντε

136 1355 412 1423 μοιριαίας
456 1359 718 1427 γραμμὰς
781 1361 997 1426 μείζους
1052 1363 1160 1415 τῶν
1216 1366 1500 1436 μοιριαίων
1550 1368 1707 1436 ποιή-

134 1463 327 1504 σαντες
351 1464 363 1476 ·
417 1449 497 1500 ὅτι
546 1451 638 1502 καὶ
685 1451 783 1515 τάς
834 1455 1145 1525 ἐπιγραφὰς
1171 1455 1278 1508 τῶν
1309 1457 1557 1527 ἀριθμῶν
1584 1458 1705 1511 κατ’

132 1538 301 1600 αῦτάς
333 1542 783 1613 παρηυξήσαμεν,
837 1547 929 1599 καὶ
971 1549 1027 1599 έν
1072 1547 1297 1618 ἀργύρῳ
1337 1548 1430 1601 τοῦ
1480 1549 1706 1619 μέλανος

131 1629 370 1700 ἔμφασιν
390 1632 594 1701 βιϐλίου
618 1634 897 1699 ποιοῦντος
916 1638 977 1690 τὸ
999 1639 1376 1708 ὑποκείμενον.
1400 1639 1705 1709 Τέτμηνται

128 1723 188 1775 δὲ
214 1725 310 1794 οὐχ
339 1724 672 1795 ὁμοστοίχως
708 1727 945 1792 ἅπαντες
963 1770 979 1793 ,
1022 1729 1142 1783 οὗθ’
1164 1731 1373 1794 ἑαυτοῖς
1406 1729 1517 1783 οὔτ’
1544 1729 1704 1801 ἀλλή-

127 1815 245 1880 λοις
266 1834 279 1847 ο
311 1818 424 1870 ἀλλ’
446 1819 494 1870 oi
522 1820 617 1887 μὲν
643 1820 722 1880 είς
753 1821 874 1883 ἴσας
902 1821 1094 1891 τομὰς,
1117 1825 1164 1875 οξ
1192 1823 1247 1875 δὲ
1278 1823 1579 1893 ἀνωμάλως
1608 1824 1708 1894 μὲν

1809 638 2083 696 edidimus
2103 682 2116 704 ,
2152 646 2439 712 quodcum
2477 648 2633 717 copia
2672 648 2984 701 necessaria
3011 688 3025 709 ,
3067 656 3179 701 tum
3208 650 3388 703 varie-

1812 736 1921 782 tate
1939 729 2335 786 theorematum
2372 737 2733 801 stipavimus,
2774 744 2827 789 ct
2866 736 2932 789 ad
2965 737 3242 789 materiam
3275 747 3382 789 tra-

1808 815 2009 872 ducere
2070 821 2468 888 disputationes
2536 826 2887 890 studuimus,
2952 827 3383 896 pulcherrimum

1806 906 2007 962 tabulae
2042 911 2227 965 mundi
2256 912 2612 970 simulacrum
2643 916 2839 969 moliti.
2870 916 3005 970 Cum
3041 931 3167 970 vero
3196 916 3385 969 eadem

1809 1001 2066 1054 tractatio
2126 1012 2179 1057 et
2234 1005 2451 1073 planam
2500 1008 2886 1076 superficiem,
2933 1018 2986 1062 et
3046 1010 3387 1078 aequabiliter

1806 1104 1995 1144 cavam
2050 1093 2104 1145 in
2161 1095 2403 1150 rationes
2446 1108 2626 1152 certas
2671 1114 2859 1152 secare
2907 1100 3217 1160 concedat,
3258 1100 3385 1168 quia

1807 1180 2068 1249 majorem
2130 1190 2513 1254 cognationem
2556 1188 2756 1244 habere
2808 1190 3145 1245 ducebamus
3199 1192 3387 1259 quale-

1811 1287 2027 1343 cunque
2073 1290 2267 1329 cavum
2332 1294 2456 1332 cum
2517 1294 2746 1349 corpore
2806 1281 3048 1350 perfecte
3107 1281 3382 1350 globoso:

1807 1364 2015 1420 idcirco
2062 1370 2224 1441 plana
2271 1370 2453 1424 tabula
2492 1385 2685 1425 cavum
2738 1371 3097 1441 deprimendo
3153 1372 3386 1442 perfeci-

1805 1472 1929 1512 mus
1970 1477 1981 1511 :
2032 1466 2145 1512 tum
2186 1461 2290 1514 alia
2351 1463 2779 1530 exquisivimus,
2817 1480 2926 1533 quo
2955 1465 3141 1533 organi
3178 1465 3386 1533 species

1807 1562 2058 1617 sagacem
2104 1558 2468 1618 spectatorem
2512 1552 2578 1607 de
2614 1553 2844 1608 veritate
2894 1554 3200 1608 admoneat.
3248 1552 3382 1606 Nam

1806 1646 1859 1691 et
1888 1639 2075 1693 stellas
2110 1640 2253 1705 illas,
2282 1657 2514 1711 quarum
2551 1659 2681 1697 sena
2722 1644 3159 1713 magnitudinum
3190 1645 3387 1699 discri-

1807 1730 1954 1782 mina
1998 1741 2156 1795 sunt,
2195 1732 2386 1787 ordine
2423 1736 2795 1801 inseruiinus,
2832 1745 2886 1789 et
2924 1736 3115 1788 harum
3163 1737 3302 1789 inter
3328 1751 3387 1790 se

1809 1820 2277 1877 conformationes
2347 1826 2704 1878 servavimus.
2775 1823 2852 1878 De
2911 1825 3137 1879 circulis
3204 1835 3384 1878 autem

130 1910 227 1961 καὶ
273 1908 472 1972 ἀνίσως
506 1910 649 1962 κατά
678 1913 777 1979 τὴν
804 1911 1078 1982 αἴσθησιν,
1126 1914 1203 1985 τῷ
1232 1914 1375 1985 λόγῳ
1404 1916 1460 1968 δὲ
1488 1915 1701 1985 ὁμαλῶς

1809 1910 2075 1983 quosdam
2111 1914 2319 1966 circum
2368 1914 2547 1979 alios,
2588 1914 2859 1984 quosdam
2904 1929 3000 1983 per
3048 1914 3183 1969 alios
3229 1913 3388 1967 duxi.

126 2019 189 2055 τε
238 2004 329 2055 καὶ
360 1998 451 2055 ἶσα
485 2002 594 2074 [γρ.
630 2003 800 2072 ἴσως].
836 2005 1008 2059 Τοῦτο
1054 2006 1164 2077 γὰρ
1213 2008 1319 2059 ἔδει
1356 2007 1697 2077 συμϐαίνειν,

127 2093 198 2145 ἵν’
225 2093 533 2166 ὁμολογήσῃ
565 2095 631 2147 τά
665 2094 991 2167 διαφέροντα
1021 2100 1294 2168 σχήματα.
1326 2098 1404 2149 Δι’
1431 2098 1498 2167 ἥν
1523 2098 1701 2151 αἰτίαν

126 2184 225 2237 καὶ
253 2186 301 2236 οί
328 2185 415 2237 διά
445 2186 552 2237 τῶν
587 2186 765 2239 πόλων
796 2205 854 2240 τε
882 2188 975 2240 καὶ
1007 2188 1114 2240 τῶν
1141 2186 1422 2258 τροπικῶν
1456 2188 1699 2257 σημείων

124 2275 461 2346 γραφόμενοι
492 2276 734 2346 μέγιστοι
779 2279 965 2337 κύκλοι
985 2321 999 2342 ,
1047 2278 1123 2351 τῷ
1152 2279 1294 2350 λόγῳ
1327 2280 1575 2350 μένοντες
1606 2279 1700 2332 κύρ

125 2367 265 2433 κλοι,
302 2369 584 2435 γεγόνασιν
615 2369 820 2423 εὐθεῖαι
854 2374 918 2442 τῇ
968 2371 1254 2440 μεταθέσει
1284 2371 1377 2425 τοῦ
1406 2371 1697 2442 θεωρήμα-

122 2475 220 2522 τος
243 2476 254 2488 ·
301 2460 328 2513 ὅ
357 2478 415 2513 τε
454 2463 836 2533 Ἀνταρκτικὸς
878 2462 1076 2533 μείζων
1107 2464 1424 2516 ὲντέτακται
1463 2462 1569 2517 τῶν
1605 2480 1700 2532 με·

122 2550 347 2615 γίστων,
374 2553 465 2604 καὶ
494 2553 562 2604 τά
592 2554 729 2625 πρὸς
758 2554 1015 2624 ἀλλήλους
1042 2556 1383 2625 διαστήματα
1409 2553 1521 2609 τῶν
1540 2552 1699 2607 ἀστέ-

130 2658 240 2708 ρων
271 2643 605 2715 ὲμεγεθύνθη
647 2646 765 2698 κατ’
799 2647 973 2700 ἐκεῖνο
1014 2647 1114 2717 τῆς
1158 2646 1536 2712 ἐξαπλὼσεως.
1574 2644 1696 2698 Τῶν

122 2733 183 2785 δὲ
214 2736 646 2806 ἐπιγραμμάτων
688 2738 723 2792 ἂ
753 2739 840 2791 διά
869 2738 1069 2809 χρυσοῦ
1104 2738 1323 2809 στερεοῦ
1350 2740 1470 2801 ταῖς
1505 2736 1697 2807 σχολα-

126 2824 349 2889 ζούσαις
392 2827 637 2898 ἀστέρων
684 2830 921 2899 χώραις,
972 2831 1110 2884 κατά
1167 2831 1257 2882 τὸν
1311 2828 1698 2898 ’Λνταρκτικὸν

126 2915 327 2969 κύκλον
356 2918 753 2989 ὲγκολάψαντες
783 2921 1142 2993 ἑνεθήκαμεν,
1176 2925 1245 2976 τὸ
1268 2924 1363 2992 μὲν
1391 2921 1614 2990 ὕστερον
1640 2919 1703 2973 τὸ

122 3008 477 3077 τετράστιχον
536 3011 758 3081 ἀρχαῖόν
807 3015 985 3078 ἐστιν,
1033 3013 1411 3083 ἀπλουστέρως
1456 3012 1575 3082 ἔχον
1623 3012 1703 3074 εἰς

124 3100 488 3171 ἀστρονομίαν
513 3104 785 3175 ἐγκώμιον
808 3123 821 3135 ⁸

1802 2013 1927 2059 ‘mus
1953 2023 1965 2058 :
2000 2005 2287 2061 universos
2312 2015 2494 2061 autem
2526 2007 2580 2060 in
2611 2015 2796 2076 partes
2819 2007 3127 2073 secuimus;
3157 2017 3209 2061 et
3233 2006 3388 2075 quin-

1805 2102 1982 2148 tarum
2012 2105 2164 2152 certe
2191 2099 2426 2166 partium
2455 2099 2629 2153 lineas
2650 2098 2972 2169 grandiores
2994 2114 3158 2167 quam
3196 2098 3385 2167 singu-

1804 2185 1981 2238 larum
2023 2189 2259 2255 partium
2298 2187 2526 2244 fecimus
2558 2208 2571 2243 :
2612 2199 2901 2260 propterea
2934 2190 3083 2261 quod
3122 2205 3388 2243 numero-

1804 2290 1923 2329 rum
1964 2280 2126 2330 etiam
2174 2278 2563 2347 inscriptiones
2602 2280 2757 2348 juxta
2804 2279 2901 2333 has
2946 2279 3383 2348 exsculpsimus,

1802 2375 1966 2436 atque
1998 2369 2051 2420 in
2074 2376 2335 2438 argento.
2379 2370 2433 2422 in
2475 2384 2583 2439 quo
2617 2378 2793 2422 atrum
2837 2370 2959 2422 libri
3005 2370 3241 2439 speciem
3277 2384 3385 2437 prae

1805 2475 1863 2513 se
1892 2459 2019 2523 fert,
2052 2460 2103 2513 id
2127 2461 2267 2529 quod
2298 2461 2510 2515 litteras
2538 2463 2762 2532 excipit.
2796 2463 3026 2518 Dissecti
3049 2468 3229 2515 autem
3259 2470 3387 2513 sunt

1805 2567 1913 2604 non
1964 2552 2079 2620 pari
2137 2552 2281 2605 serie
2330 2552 2605 2612 universi,
2641 2561 2748 2607 tam
2799 2555 2900 2624 ipsi
2952 2570 3047 2622 per
3096 2569 3155 2607 se
3221 2568 3382 2620 quam

1805 2651 2055 2711 respectu
2111 2644 2252 2695 inter
2289 2658 2349 2695 se
2391 2661 2402 2695 :
2457 2645 2550 2697 sed
2599 2646 2687 2698 alii
2751 2647 2973 2715 quidem
3020 2645 3071 2697 in
3115 2645 3385 2697 scetiones

1802 2734 2079 2803 wquales,
2135 2734 2225 2785 alii
2296 2748 2423 2787 vero
2484 2736 2881 2802 inarquabiliter
2932 2742 2985 2789 et
3049 2735 3386 2802 inatqualiter

1808 2842 2001 2889 sensu,
2043 2826 2253 2879 ratione
2288 2834 2469 2881 autem
2510 2836 2564 2882 et
2603 2828 2943 2897 aequabiliter
2978 2836 3029 2880 et
3077 2826 3382 2894 aequaliter.

1808 2916 1865 2971 l‘d
1913 2917 2055 2972 enim
2120 2917 2372 2974 accidere
2427 2926 2668 2990 Oportet,
2727 2927 2785 2973 ut
2847 2926 3216 2972 consentanea
3274 2915 3388 2969 sint

1811 3010 2041 3064 diversa:
2086 3009 2292 3080 ﬁgurae.
2320 3010 2437 3077 Qua
2493 3010 2560 3065 de
2611 3025 2777 3065 causa
2810 3018 2863 3063 ct
2905 3010 2982 3062 illi
3026 3008 3245 3062 maximi
3284 3007 3386 3060 cir-

1816 3102 1923 3156 culi
1953 3101 2044 3169 qui
2084 3117 2178 3170 per
2201 3105 2355 3172 polos
2386 3110 2440 3157 et
2469 3111 2669 3173 puncta
2701 3103 2911 3172 tropica
2960 3100 3380 3161 describuntur,

123 3211 253 3250 cum
288 3199 618 3253 circulorum
645 3200 909 3254 rationem
944 3202 1236 3266 retineant,
1262 3201 1594 3255 theoremate
1614 3205 1846 3255 mutato.
1878 3208 2039 3250 recta:
2059 3196 2218 3251 linea:
2248 3196 2375 3251 iacti
2408 3208 2537 3252 sunt
2565 3213 2577 3248 :
2603 3198 3057 3265 Antarcticusque
3088 3198 3161 3251 ita
3202 3195 3383 3248 inser—

122 3297 222 3342 tus
249 3297 354 3354 est,
396 3298 452 3342 ut
488 3291 659 3359 major
684 3294 754 3347 sit
776 3308 939 3361 quam
972 3293 1048 3346 illi
1074 3292 1299 3346 maximi
1342 3308 1357 3346 :
1386 3299 1496 3344 tum
1538 3290 1816 3344 intervalla
1847 3289 2048 3356 quibus
2085 3290 2255 3345 stellae
2300 3290 2440 3343 inter
2469 3305 2527 3344 se
2553 3287 2793 3353 distant,
2836 3287 3043 3353 majora
3074 3287 3213 3340 facta
3253 3272 3383 3338 sunt

122 3382 182 3435 in
229 3383 315 3435 illa
346 3384 743 3453 explanationis
775 3388 1003 3442 ratione.
1048 3386 1121 3441 De
1159 3385 1573 3456 epigrammatis
1610 3393 1790 3438 autem
1812 3426 1825 3444 ,
1858 3399 1980 3452 quae
2017 3399 2081 3440 ex
2127 3386 2305 3440 solido
2331 3400 2467 3441 auro
2496 3385 2555 3440 in
2579 3384 2818 3439 vacuisa
2856 3382 3033 3439 stellis
3076 3380 3246 3445 locis,
3280 3378 3380 3434 sui:

121 3478 336 3529 circulo
368 3477 685 3533 Antarctico
714 3488 940 3535 exarata
979 3480 1333 3550 apposuimns
1359 3497 1371 3532 :
1409 3478 1475 3532 de
1504 3476 1608 3537 his.
1640 3479 1886 3545 inquam,
1919 3477 2148 3530 alterum
2190 3477 2467 3546 posterius
2497 3486 2551 3533 et
2582 3482 2821 3545 quatuor
2847 3487 3129 3534 versuum,
3150 3471 3205 3525 id
3230 3479 3382 3525 vetus

121 3577 235 3631 εει,
276 3568 421 3635 quod
461 3571 810 3624 astronomia:
839 3570 1053 3626 laudem
1084 3570 1353 3634 continet,
1392 3565 1745 3635 simplicioris
1774 3564 2063 3632 cujusdam
2098 3566 2261 3618 modi.

123 3700 251 3758 018‘
281 3705 368 3757 ὅτι
410 3705 621 3771 θνατὸς
663 3705 810 3769 ἐγὼ,
853 3707 948 3759 καὶ
996 3705 1324 3776 ἐφάμερος·
1362 3704 1516 3776 *ἀλλ’
1556 3701 1701 3753 ὅταν

1879 3699 2007 3753 Sum
2037 3702 2276 3754 mortalis
2301 3701 2474 3761 homo,
2500 3702 2620 3754 vita:
2642 3715 2841 3769 (pioque
2863 3699 3124 3767 perbrevis
3142 3715 3161 3751 :
3184 3709 3238 3752 at
3266 3713 3385 3749 cum

216 3844 458 3918 Ἰχκειᾷω
482 3844 741 3918 πυκινὰς
759 3845 1182 3918 κάμφιδρόμοῄυς
1212 3772 1630 3918 elixis]???

113 3917 247 3986 Οὐκ
270 3915 350 3986 ἔτ’
375 3916 645 3986 ἐπιψαύει
668 3912 839 3986 mine
859 3912 1063 3975 ποσὶν,
1084 3915 1244 3986 ἀλλὰ
1272 3915 1404 3986 παρέ
1439 3912 1597 3975 αὐτῷ

200 3983 347 4051 Ζηνὶ
382 3983 728 4054 διοτρεφέως
765 3986 1106 4055 πίμπλαμαι
1140 3983 1491 4053 ἀμϐροσίης.

121 4118 205 4171 Τὸ
235 4117 289 4170 δὲ
322 4118 621 4187 ἡγούμενον
661 4117 824 4171 αὑτοῦ
854 4119 915 4171 τὸ
942 4118 1303 4187 ὁκτάστιχον,ο
1331 4116 1557 4187 ἐποιήθη
1604 4117 1703 4187 μὲν

122 4208 224 4277 ὑφ’
275 4204 334 4263 οὗ
374 4209 435 4261 τὸ
478 4209 656 4279 ἔργον,
704 4209 874 4281 ἐμοῦ*
929 4210 1303 4281 σπερματικὴν
1348 4210 1404 4263 δὲ
1452 4209 1564 4279 ἔχει
1610 4208 1705 4261 καὶ

123 4299 425 4370 καθολικὴν
471 4301 746 4371 περίνοιαν
792 4302 900 4355 τῶν
946 4302 1324 4372 ὲνορωμένων,
1372 4302 1488 4370 μετ’
1525 4300 1705 4370 ἰσχύος

124 4392 568 4462 ἀπηγγελμένον,
596 4395 689 4447 καὶ
721 4393 1157 4463 ἐπιστημονικῶς
1187 4393 1386 4463 μᾶλλον
1413 4392 1706 4463 ἢάκριὸῶς

127 4485 251 4556 [γρ.
285 4484 491 4556 ἁϐρῶς]
537 4485 911 4556 συγκείμενον.
946 4488 1010 4538 Ὃ
1039 4484 1345 4552 διαλέγεται
1377 4484 1512 4554 πρὸς
1551 4484 1707 4555 μόνον

126 4575 227 4627 τὸν
254 4576 601 4645 ἀστρονόμον,
634 4576 686 4630 τί
728 4577 793 4631 ἂν
827 4576 1009 4635 ὄναιτο
1037 4576 1132 4630 τοῦ
1168 4576 1421 4647 ὀργάνου.
1460 4577 1501 4627 Τ
1505 4577 1570 4639 ἀς
1599 4576 1707 4645 γὰρ

128 4666 341 4736 ὲποχάς
385 4668 720 4737 ὑπισχνεῖται
762 4668 869 4720 τῶν
912 4669 1158 4738 ἀστέρων
1196 4684 1208 4696 ·
1262 4668 1377 4721 ἀλλ’
1421 4667 1535 4722 οὔτι
1576 4670 1708 4739 φησὶ

129 4756 276 4827 πρὸς
322 4758 411 4810 τὸν
472 4758 770 4821 ζωδιακὸν,
828 4758 961 4811 ἀλλά
1018 4759 1153 4829 πρὸς
1216 4758 1309 4811 τὸν
1376 4761 1703 4830 ἰσημερινόν.

145 4851 351 4921 Ἑφάνη
380 4852 487 4922 γὰρ
537 4851 624 4905 διά
666 4851 772 4903 τῶν
812 4851 1153 4920 γραμμάτων
1206 4850 1268 4903 τὸ
1301 4851 1524 4914 ἐκείνως
1570 4853 1709 4905 ἑλεῖν

130 4940 416 4996 ἀδύνατον.
482 4942 588 4993 Καὶ
628 4942 727 5003 τὰς
770 4940 1022 5005 λοξώσεις
1070 4943 1232 5011 φησὶν
1282 4941 1555 5008 δίδοσθαι,
1601 4944 1708 4996 τῶν

136 5030 323 5101 μερῶν
366 5030 457 5083 τοῦ
511 5029 773 5093 ζωδιακοῦ
840 5031 1078 5099 δηλονότι
1126 5030 1262 5101 πρὸς
1306 5032 1374 5085 τά
1423 5032 1563 5102 μέρη
1614 5032 1706 5085 τοῦ

137 5121 455 5192 ίσημερινοῦ
480 5139 494 5153 ·
537 5122 629 5175 ἐπὶ
668 5124 800 5176 πᾶσι
840 5122 937 5185 τάς
982 5122 1373 5192 συναναφοράς,
1411 5124 1554 5176 τοῦτ’
1593 5123 1707 5177 ἔστι

133 5218 259 5279 ταῖς
286 5217 478 5278 πόσαις
508 5215 598 5268 τοῦ
640 5214 901 5277 ζωδιακοῦ
946 5216 1154 5285 μοίραις
1194 5218 1246 5268 αἱ
1278 5216 1438 5269 πόσαι
1463 5216 1555 5268 τοῦ
1590 5218 1709 5285 ἰση-

139 5309 365 5379 μερινοῦ
396 5310 486 5362 τὸν
518 5310 678 5362 αὐτὸν
707 5310 1017 5379 ἰσημερινὸν
1050 5309 1430 5379 διεξέρχονται.
1468 5311 1621 5362 Ἐστι
1651 5311 1707 5362 δὲ

132 5399 259 5453 τόδε
287 5416 300 5429 ·
368 5401 659 5471 γεγράφθω
718 5401 775 5453 δὲ
820 5400 926 5453 τῶν
975 5400 1200 5472 ὕστερον
1248 5402 1707 5472 ἀναγνωσομένων

135 5492 323 5548 εἵνεκα
351 5510 365 5525 ·
397 5492 517 5545 ἐπεὶ
546 5494 626 5545 σοί
655 5510 717 5559 γε
742 5494 844 5544 κάν
872 5490 946 5561 τῷ
975 5492 1164 5545 πίνακι
1189 5493 1435 5562 κείμενον
1460 5494 1700 5564 ἐξαρκεῖ.

1877 3832 2035 3885 Astra
2068 3834 2349 3902 globosque
2370 3835 2476 3901 poli
2514 3835 2769 3888 scandere
2798 3835 2897 3903 fert
2923 3836 3131 3887 animus
3153 3851 3189 3894 ξι

1810 3901 1940 3956 Tum
1973 3901 2191 3970 pedibus
2217 3922 2317 3956 non
2343 3906 2489 3957 σαίεο
2522 3910 2732 3957 solum:
2764 3901 2852 3958 sed
2876 3907 3067 3958 celsior
3097 3907 3227 3954 allo~

1873 3974 2041 4025 Λάδιο
2065 3972 2185 4026 Jovi
2205 4012 2220 4036 ,
2255 3985 2411 4042 atque
2436 3976 2577 4027 alma
2608 3976 2853 4043 perfruar
2878 3976 3165 4028 ambrosia.
3202 4044 3209 4051 ἆ

1805 4131 1966 4201 313
1996 4131 2244 4185 Alterum
2271 4146 2401 4185 vero
2422 4132 2617 4185 ordine
2645 4131 2820 4200 prius,
2859 4129 3011 4199 quod
3033 4138 3159 4184 octo
3189 4145 3399 4183 versus.

1806 4223 2003 4284 habet.
2040 4223 2400 4291 compositum
2451 4232 2536 4277 est
2580 4223 2650 4275 ab
2698 4238 2763 4277 eo
2804 4238 2832 4274 a
2877 4237 2986 4291 quo
3033 4229 3098 4274 et.
3133 4236 3307 4289 opus,
3353 4235 3383 4273 a

1806 4327 1892 4365 me
1924 4313 2152 4366 scilicet.
2192 4312 2451 4382 Sparsam
2480 4322 2663 4368 autem
2705 4314 2951 4367 continet
2987 4322 3047 4366 ct
3069 4312 3382 4381 generalem

1805 4404 2311 4458 considerationem
2339 4419 2529 4458 eorum
2557 4420 2679 4473 qua:
2704 4412 3012 4458 cernuntur
3030 4443 3043 4463 .
3075 4402 3381 4473 profertur-

1807 4511 1914 4564 que
1948 4510 2068 4549 cum
2106 4496 2192 4560 vi,
2226 4511 2350 4548 cum
2383 4496 2458 4549 ita
2498 4495 2696 4547 factum
2724 4496 2826 4557 sit,
2865 4505 2923 4549 ut
2953 4495 3220 4548 doctrina:
3258 4495 3382 4562 plus

1806 4600 1969 4655 quam
2029 4586 2311 4655 elegantize
2364 4585 2589 4639 habeat.
2645 4583 2873 4638 Enarrat
2920 4585 3121 4654 quippe
3172 4593 3405 4638 tantum.

1808 4688 2144 4737 astronomo,
2173 4677 2303 4746 quid
2329 4676 2544 4732 fructus
2565 4678 2641 4731 ab
2654 4691 2859 4746 organo
2883 4678 3163 4745 percipere
3188 4676 3381 4745 possit.

1808 4770 1943 4824 Nam
1972 4780 2026 4825 et
2059 4771 2177 4824 loca
2211 4772 2481 4840 promittit
2519 4771 2794 4830 siderum,
2832 4785 2939 4823 non
2972 4777 3155 4823 tamen
3200 4767 3381 4838 Signi-

1810 4860 1912 4916 feri
1956 4872 2246 4931 respectu,
2296 4863 2403 4915 sed‘
2444 4859 2916 4930 Equinoctialis:
2969 4861 3073 4914 hoc
3116 4860 3260 4914 enim
3318 4860 3386 4912 dc

1809 4956 2153 5023 expositione
2181 4955 2387 5021 scripta
2420 4954 2531 5023 jam
2576 4955 2750 5023 patuit
2778 4993 2791 5015 ,
2826 4953 2940 5008 ﬁeri
2979 4968 3088 5006 non
3120 4966 3284 5020 posse
3328 4958 3384 5001 ut

1812 5045 1904 5099 illo
1948 5045 2109 5098 modo
2140 5044 2643 5113 deprehendantur.
2682 5041 2820 5095 Tum
2858 5041 3275 5111 obliquatioues
3309 5040 3385 5089 ait

1811 5135 2015 5191 elIlctas
2059 5152 2222 5197 esse.
2269 5137 2507 5205 partium
2560 5136 2774 5190 scilicet
2827 5134 3159 5189 Zodiaci-ad
3201 5140 3383 5202 partes

1812 5228 2240 5297 [Equinoctialis
2260 5267 2275 5289 ,
2304 5239 2358 5283 et
2394 5226 2449 5281 iu
2482 5228 2714 5297 singulis
2750 5243 2871 5295 qua:
2899 5242 3037 5278 cum.
3056 5225 3165 5279 illis
3193 5240 3299 5276 una
3326 5238 3383 5275 se

1810 5320 2139 5391 proferunt:
2187 5322 2260 5375 id.
2289 5333 2409 5386 est,
2457 5336 2581 5374 cum
2630 5330 2763 5388 quot
2820 5318 3070 5387 partibus
3124 5315 3381 5375 Zodiaci,

1809 5420 1942 5481 quot
1981 5410 2408 5479 [Equinoctialis
2459 5426 2554 5480 per
2593 5410 2743 5462 illum
2781 5409 2958 5476 ipsum
2995 5406 3379 5476 {Equinoctia-

1808 5503 1911 5556 lem
1939 5511 2241 5556 transeunt.
2272 5502 2369 5557 Est
2410 5512 2588 5557 autem
2617 5501 2970 5571 Epigramma
3008 5499 3153 5568 quod
3202 5508 3382 5569 poste-

138 5598 327 5636 rorum
373 5598 539 5637 causa
592 5584 693 5637 hoc
744 5584 862 5636 loco
912 5584 1208 5654 ascriptum
1259 5591 1387 5647 est,
1437 5587 1529 5654 qui
1587 5590 1696 5644 sint
1732 5592 1971 5650 lecturi:
2018 5612 2143 5649 nam
2182 5596 2281 5649 tibi
2313 5595 2530 5663 quidem
2563 5594 2699 5649 satis
2726 5607 2841 5656 est,
2914 5595 2966 5646 in
3015 5593 3197 5646 tabula
3261 5608 3384 5648 esse

140 5677 400 5731 incisum.

153 5770 423 5845 'Hgoyhl
439 5770 605 5845 στιίξο
613 5786 645 5819 ν
666 5765 839 5845 εὗρεν
858 5771 922 5845 ἐς
936 5770 1215 5845 οὐρανόν.
1232 5769 1299 5823 Ὦ
1312 5770 1462 5845 μέγα
1477 5775 1668 5845 θαῦμα
1684 5776 1704 5829 .'

212 5835 326 5894 Καί
351 5840 489 5898 νόος
519 5838 585 5897 ἐξ
614 5837 810 5894 αὐτῶν
845 5835 1027 5907 ἦλθεέ
1053 5835 1444 5910 ἐπουρανῖωἱρ.

1812 5774 2013 5829 Invenit
2046 5773 2228 5841 sophia
2260 5772 2326 5825 ad
2353 5773 2506 5827 cwlos
2533 5726 2733 5827 atfitum
2772 5787 2788 5823 :
2834 5786 2863 5822 ο
2899 5772 2982 5824 via
3020 5774 3155 5828 mira
3177 5774 3198 5827 .'

1886 5843 1952 5898 Ut
1990 5860 2130 5897 mens
2162 5843 2420 5897 cwlitibus
2458 5842 2587 5897 venit
2618 5843 2679 5895 ab
2713 5842 2963 5895 a'theriis.
