3880 6616
450 483 588 541 1619

1647 480 1706 535 S.
1754 428 2028 536 ABSEMI
2069 476 2397 534 EREMITE

445 599 677 672 Spiritus
709 599 1088 656 emundationi
1115 596 1457 654 studeamus.
1484 594 1650 665 Atqui
1677 592 1868 648 multis
1891 607 2008 648 sam

2127 610 2286 657 σεως,
2318 593 2616 666 χρημάτων
2653 593 2854 665 ἔρωτος
2881 611 2896 624 ο
2942 595 3038 649 καὶ
3066 594 3163 648 τοῦ
3195 597 3422 650 πάντων
3452 595 3682 666 χείρονες,

443 706 510 748 ea
536 691 766 748 incessit
799 706 953 758 cura,
985 700 1044 745 ut
1072 689 1466 746 scortationem
1505 701 1572 740 ac
1605 686 1860 741 carnales
1893 684 2021 739 reli-

444 795 582 854 quas
621 783 876 839 libidines
926 783 1268 852 ali‘ectusque
1293 780 1586 852 diligenter
1633 786 1933 832 caverent:
1965 787 2024 831 ut

445 883 627 929 autem
655 873 960 929 occultiora
990 872 1122 927 vitia
1151 872 1423 934 eluerent,
1463 879 1591 940 puta
1628 867 1864 930 invidiae.
1902 871 2021 919 ina—

442 965 532 1020 nis
565 965 776 1034 gloriae,
808 981 966 1020 vanae
1000 981 1117 1021 sua:
1144 963 1426 1036 opinionis
1453 970 1508 1017 et
1532 961 1836 1031 jactantiae,
1868 975 2021 1012 amo-

442 1055 522 1110 ris
559 1058 942 1126 pecuniarum,
983 1057 1345 1126 omniumque
1391 1054 1650 1109 vitiorum
1709 1050 2018 1111 deterrimi.

441 1149 734 1216 superbiae,
765 1164 937 1221 seque
965 1149 1161 1205 horum
1204 1147 1453 1203 molestia
1501 1146 1822 1207 liberarent,
1861 1141 2017 1212 pauci

440 1238 734 1297 admodum
779 1257 1070 1298 curavere.
1104 1240 1245 1295 Hinc
1288 1239 1446 1294 ﬁt'ut
1492 1237 1723 1293 dimidio
1771 1235 2018 1288 mutilam

2127 682 2531 756 ὑπερηφανείας
2555 698 2570 712 θ
2625 682 2831 738 τούτοιν
2862 685 3123 754 ἐκφυγεῖν
3161 685 3264 749 τὰς
3305 685 3588 755 ὀχλήσεις,

2125 791 2215 842 γοι
2263 774 2459 846 κομιδῇ
2517 777 3250 850 πεφροντήκασι.οΤαύτῃτοι
3305 778 3408 848 τὴν
3452 777 3688 848 κάθαρςπ

2125 867 2185 934 ἐξ
2213 866 2468 938 ἡμισείας
2501 867 2715 938 ἔχουσιν
2741 864 2887 923 οὗτοι
2909 885 2924 897 ·
2953 870 3155 941 μᾶλλον
3182 871 3262 932 δὲ,
3389 869 3692 925 πλείονι

2125 959 2446 1030 κυριωτέρῳ
2505 960 2665 1032 μέρει
2697 960 3001 1032 ἀκάθαρτοι
3055 965 3408 1034 μεμενήκασι.
3435 979 3452 990 ·
3488 966 3583 1015 καὶ
3607 960 3692 1017 οἷον

2125 1049 2442 1122 ἀνδριάντες
2479 1051 2637 1114 είσὶν,
2665 1051 2715 1104 οῖ
2748 1051 2944 1116 ἔξωθεν
2983 1054 3081 1124 μὲν
3121 1054 3198 1124 τῷ
3228 1054 3426 1125 χρυσῷ

2125 1142 2159 1214 ἦ
2185 1141 2280 1196 καὶ
2307 1141 2498 1213 χαλκῷ
2538 1143 2835 1207 στίλϐουσι,
2861 1146 2930 1198 τὰ
2956 1145 3014 1198 δὲ
3041 1146 3212 1204 ἔνδον.
3241 1147 3602 1217 ἀκαθαρσπ
3624 1153 3694 1202 καὶ

2128 1231 2259 1303 ὕλης
2291 1232 2473 1302 πάσης
2503 1232 2670 1303 ἀλλης
2699 1233 3058 1304 πεπλήρωται
3078 1235 3457 1305 φαυλοτάτης.

438 1333 499 1389 hi
529 1334 971 1390 emundationem
999 1334 1318 1398 obtineant;
1353 1333 1488 1403 quin
1523 1331 1635 1384 imo
1675 1327 1868 1397 majori
1913 1325 2220 1397 potiorique
2253 1334 2407 1395 parte
2471 1326 2740 1382 immundi
2807 1339 3163 1399 perseverant
3195 1348 3210 1396 ;
3283 1341 3548 1401 suntque
3608 1346 3695 1389 sta-

437 1428 551 1483 tuis
585 1427 817 1492 similes,
853 1426 992 1482 loris
1029 1426 1250 1496 quidem
1291 1425 1495 1496 szepius
1529 1439 1668 1478 auro
1718 1430 1816 1476 aut
1885 1420 2050 1474 etiam
2088 1434 2195 1473 aere
2237 1419 2597 1489 iulgentibus.
2667 1435 2792 1476 cum
2845 1423 2994 1478 intus
3038 1424 3399 1481 immunditia
3461 1430 3695 1499 omnique

436 1516 543 1572 alia
579 1514 850 1570 vilissima
884 1515 1116 1569 materia
1146 1515 1416 1569 infercitze
1443 1513 1572 1568 sint.

509 1608 574 1666 ll.
616 1607 713 1664 llis
747 1623 850 1664 nos
883 1608 1068 1677 itaque
1099 1606 1266 1662 etiam
1309 1605 1564 1662 obscuris
1594 1603 1746 1658 vitiis
1777 1617 1842 1656 ac
1881 1598 2014 1654 all‘e-

436 1702 618 1757 ctibus
657 1700 922 1770 majorem
972 1699 1028 1753 in
1082 1696 1304 1752 modum
1354 1696 1643 1752 emundari
1673 1694 2015 1749 Studeamus.

438 1793 581 1861 Quin
625 1807 696 1848 ne
736 1793 842 1847 hoc
879 1807 1097 1862 quoque
1143 1806 1246 1844 nos
1289 1788 1476 1849 lateat,
1529 1787 1748 1847 fratres,
1800 1785 2012 1838 hostem

437 1894 692 1942 nostrum
725 1883 1000 1939 diabolum
1047 1882 1232 1937 multis
1270 1881 1552 1950 variisque
1608 1877 1878 1933 machinis
1910 1875 2016 1930 hoc

438 1979 621 2033 moliri
649 1985 710 2032 ut
743 1977 972 2032 seducat
1010 1975 1249 2045 bonique
1278 1988 1344 2029 ac
1374 1973 1592 2028 honesti
1626 1971 1811 2042 specie
1841 1969 1894 2023 in
1930 1968 2014 2023 l'o-
2045 2003 2089 2059 Β

438 2086 596 2126 veam
627 2069 893 2124 malorum
935 2084 998 2122 ac
1028 2067 1258 2122 exitium
1301 2065 1502 2118 trahat.
1546 2063 1700 2126 Puta,
1726 2059 2014 2130 hospitali-

438 2171 604 2218 tatem
655 2163 839 2216 colere
881 2159 1159 2221 admouet,
1203 2169 1259 2213 et
1297 2165 1358 2211 ut
1403 2157 1764 2211 adventantes
1814 2142 2015 2211 fratres

440 2256 546 2310 laeti
575 2253 964 2324 suscipiamus,
985 2250 1316 2322 quibuscum
1342 2248 1457 2318 pari
1485 2263 1672 2303 mensa
1699 2247 1884 2302 cibum
1914 2263 2014 2317 po-

439 2356 666 2417 tumque
699 2359 1007 2401 sumamus.
1040 2341 1217 2411 Hujus
1246 2341 1411 2398 ratio.
1441 2340 1730 2396 charitatis
1769 2339 2012 2406 bonum;

437 2445 665 2507 tumque
704 2435 842 2488 adeo
890 2433 1095 2488 sensim
1141 2433 1415 2500 obrepens
1446 2445 1510 2485 ac
1536 2430 1795 2491 illiciens,
1819 2445 1883 2484 eo
1915 2445 2013 2484 oc-

437 2530 581 2585 culte
614 2528 781 2583 trahit
812 2537 871 2581 ut
905 2526 1081 2580 ventri
1111 2525 1453 2590 serviamus;
1493 2524 1727 2594 indeque
1770 2522 2012 2577 libidini.

435 2620 541 2675 hus
583 2634 648 2673 ac
693 2618 1066 2688 voluptatibus
1110 2607 1586 2686 impudicitiisquc
1633 2615 1702 2670 ad
1750 2631 2011 2671 nauseam

438 2726 613 2782 usque
647 2710 1020 2781 iuquinemur.
1050 2709 1186 2764 Aliis
1223 2723 1418 2764 rursus
1446 2710 1848 2779 eleemosynam
1885 2725 2014 2765 sua-

434 2801 572 2857 dens
600 2818 664 2856 ac
698 2803 1110 2871 benignitatem,
1144 2803 1309 2870 inque
1335 2816 1537 2870 egenus
1571 2799 2010 2862 beneﬁcentiam,

437 2910 533 2964 per
559 2910 678 2948 eam
703 2879 1051 2948 occasionem
1082 2893 1438 2962 pecuniarum
1466 2907 1708 2946 amorem
1736 2890 2009 2957 accendit,

435 2995 490 3041 et
521 2996 580 3040 ut
609 2987 854 3040 avaritia:
882 2997 1056 3041 (nstro
1097 2984 1400 3040 insaniant.
1423 2984 1561 3039 Aliis
1596 2983 1826 3037 aliorum
1860 2983 2011 3037 utili-

437 3083 630 3141 tatem,
685 3074 753 3128 iis
803 3075 1088 3145 capiendis
1137 3089 1320 3129 escam
1371 3074 1781 3149 subsemiuans,
1821 3083 2014 3129 auctor

437 3166 539 3222 fuit
593 3176 652 3220 ut
701 3167 1053 3222 solitudinem
1104 3166 1262 3237 quasi
1311 3167 1559 3221 inutilem
1617 3167 1851 3236 ejusque
1898 3166 2010 3220 otia

434 3259 772 3322 desererent,
799 3267 855 3313 ct
900 3267 960 3312 ut
1003 3259 1351 3314 smeularinm
1390 3259 1552 3327 vulgo
1583 3258 1859 3327 colloquia
1904 3258 2009 3311 mi-

2191 1589 2263 1645 B’.
2297 1591 2516 1648 Τούτων
2543 1590 2637 1651 οὖν
2667 1594 2760 1648 καὶ
2802 1597 3002 1666 μᾶλλον
3026 1602 3188 1670 ἡμεῖς
3208 1603 3321 1656 τῶν
3355 1606 3580 1677 ἀδήλων
3613 1629 3695 1665 πα·

2119 1680 2227 1776 θῶν
2263 1684 2691 1754 ἐκκαθαίρεσθαι
2724 1690 3132 1762 σπουδάσωμεν.
3194 1696 3309 1749 Καὶ
3356 1699 3531 1752 τοῦτο
3560 1703 3612 1755 δὲ
3635 1707 3693 1776 μὴ

2117 1774 2425 1830 λανθανέτω
2484 1780 2654 1850 ἡμᾶς,
2713 1781 2956 1850 ἀδελφοὶ,
2989 1783 3137 1848 ὅπως
3177 1787 3206 1838 ὁ
3239 1787 3564 1859 ὲχθραίνων
3587 1774 3693 1862 ἡμῖν

2115 1867 2380 1934 διάσολος,
2409 1871 2632 1936 πολλαῖς
2674 1875 2766 1928 καὶ
2805 1876 3080 1940 ποικίλαις
3116 1881 3236 1942 ταῖς
3271 1887 3557 1952 μηχαναῖς
3579 1887 3692 1955 χρώ-

2119 1977 2280 2031 μενος
2305 1960 2580 2037 ὲξαπατᾷν
2609 1968 2889 2037 πειρᾶται,
2927 1970 3023 2023 καὶ
3049 1972 3329 2040 προφάσει
3358 1975 3464 2028 τοῦ
3490 1978 3692 2046 ἀγαθοῦ,

2115 2055 2231 2118 τοῖς
2260 2059 2519 2128 πονηροῖς
2551 2058 2844 2129 ἐμπίπτειν
2867 2064 3308 2134 παρασκευάζει.
3343 2064 3481 2122 Οἴσν
3515 2073 3693 2138 φιλοξε-

2115 2145 2234 2199 νίαν
2259 2147 2668 2217 ὑποτιθέμενος,
2693 2153 2786 2204 καὶ
2815 2152 2913 2224 τὴν
2938 2153 3050 2209 τῶν
3080 2158 3560 2227 παραϐαλλόντων
3577 2166 3693 2217 ἁδελ-

2116 2236 2231 2306 φῶν
2273 2237 2585 2304 ἀκολούθως
2617 2239 3039 2314 φιλοφροσύνην,
3071 2249 3378 2303 συνεσθίειν
3419 2253 3694 2316 αὐτοῖςκαὶ

2116 2328 2402 2399 συμπίνειν
2428 2331 2859 2403 παρασκευάζει.
2891 2335 3051 2408 Καλή
3079 2339 3249 2404 αἰτία,
3278 2340 3346 2394 τὸ
3367 2343 3476 2414 τῆς
3502 2346 3694 2416 ἀγάπης

2115 2420 2311 2475 καλόν⁶
2344 2416 2448 2475 εἷθ’
2474 2422 2646 2488 οὕτως
2673 2425 3031 2481 ὑποκλέπτων
3074 2431 3264 2501 ἡρέμα
3297 2434 3399 2486 καὶ
3435 2437 3688 2500 ύπυτπὺν,

2115 2514 2195 2578 είς
2241 2514 2306 2567 τὺ
2359 2516 2425 2586 τῇ
2461 2518 2661 2587 γαστρὶ
2713 2518 2982 2572 δουλεύειν
3032 2524 3184 2593 ἡμᾶς
3227 2524 3418 2595 λάθρα
3457 2530 3690 2582 εἵλκυσε·

2113 2603 2408 2659 κάντεῦθεν
2434 2607 2760 2676 ἐμπαθείαις
2775 2611 2869 2663 καὶ
2895 2613 3111 2682 ἡδοναῖς
3134 2619 3217 2678 εἰς
3237 2620 3411 2687 κόρον
3440 2622 3691 2688 ἐμόλυνεν.

2117 2692 2333 2758 Ἀλλοις
2367 2696 2529 2749 πάλιν
2566 2697 2937 2771 ἐλεημοσύνην
2978 2702 3302 2759 ὑποϐἀλλων
3345 2711 3448 2761 καὶ
3491 2716 3693 2781 χρηστέ-

2114 2801 2274 2856 τητα,
2307 2788 2402 2840 καὶ
2422 2789 2520 2854 τὴν
2553 2791 2686 2862 περὶ
2713 2792 2840 2856 τοὺς
2863 2793 3100 2865 πένητας
3146 2799 3435 2866 εὐποιίαν,
3473 2807 3692 2859 ἐντεῦθεν

2113 2875 2292 2969 ἔρωτα
2319 2880 2616 2951 χρημάτων
2648 2883 2831 2948 αὑτοῖς
2854 2886 3036 2957 ἐνῆκε,
3060 2891 3153 2942 καὶ
3177 2894 3321 2964 πρὸς
3347 2895 3691 2969 φιλαργυρίαν

2114 2967 2399 3040 ἐξέμηνεν.
2431 2971 2675 3043 Ἐτὲροις
2721 2975 2819 3046 τὴν
2852 2977 2960 3030 τῶν
2985 2980 3198 3034 πολλῶν
3227 2984 3516 3053 ὠφέλειαν

2112 3060 2244 3133 λεαρ
2280 3062 2650 3136 ὑποσπείρων,
2681 3067 2779 3140 τὴν
2829 3071 3058 3141 ἡσυχίαν
3102 3074 3179 3137 ὡς
3228 3077 3500 3146 ἄκαρπον
3530 3082 3691 3133 iniu.

2113 3155 2234 3207 πεῖν
2274 3156 2658 3226 παρεσκεύασε
2683 3180 2696 3192 ο
2725 3163 2820 3216 καὶ
2848 3165 3065 3230 πολλοῖς
3099 3168 3201 3236 μὲν
3261 3171 3379 3223 τῶν
3430 3175 3691 3244 κοσμιιῷν

2111 3245 2321 3317 ὁμιλεῖν
2346 3262 2360 3277 ·
2414 3248 2529 3303 ἔστι
2578 3249 2623 3302 δ’
2667 3253 2756 3306 ὅτε
2789 3256 2882 3308 καὶ
2911 3257 3045 3326 πρὸς
3069 3263 3347 3325 γυναῖκας
3381 3265 3690 3332 ἀφυλάκτως

435 3359 692 3407 scereut:
728 3351 1061 3422 quandoque
1093 3353 1259 3407 etiam
1291 3352 1489 3413 suasit,
1515 3359 1573 3404 ut
1603 3358 1657 3405 et
1693 3366 1819 3404 cum
1850 3349 2007 3404 femi-

2113 3340 2267 3395 τοῦτο
2295 3346 2469 3398 ποιεῖν
2504 3345 2813 3412 ἀνέπεισεν,
2843 3350 2917 3413 ὡς
2934 3352 3032 3424 ήδη
3069 3355 3208 3425 πρὸς
3233 3359 3522 3413 ἀπάθειαν
3557 3362 3690 3430 ἐφθα-

434 3444 544 3506 nis,
577 3444 724 3498 velut
769 3444 883 3513 jam
935 3455 1152 3513 arrepta
1197 3441 1709 3513 imperturhalionis
1759 3429 2008 3502 arce,lid

434 3535 612 3606 ipsum
656 3537 931 3590 incautius
981 3544 1350 3605 praestarent:
1400 3536 1568 3605 inque
1610 3549 1734 3589 eum
1790 3532 2010 3588 modum

434 3627 763 3683 libidinosas
795 3643 862 3683 ac
892 3627 1267 3698 voluptatibus
1302 3627 1518 3682 deditos
1543 3627 1775 3681 miseros
1805 3624 2007 3682 elfccit.

432 3719 588 3776 Alios
616 3720 767 3775 omni
805 3721 1199 3792 cogitationem
1240 3729 1378 3774 mstu
1428 3719 1631 3774 liberos
1672 3719 1881 3778 sineus.
1917 3734 2010 3772 ea-

434 3827 544 3883 que
575 3811 789 3868 ratione
821 3812 1054 3878 elidens,
1082 3811 1230 3882 quod
1260 3812 1477 3866 cunctis
1504 3812 1652 3866 vitiis
1695 3812 2009 3880 superiores

433 3905 773 3967 viderentur,
803 3905 857 3960 iu
885 3905 1203 3976 superbiam
1233 3905 1449 3965 extulit,
1472 3904 1664 3974 sicque
1695 3903 1856 3957 facile
1883 3918 2010 3974 pro-

433 3998 650 4054 stravit.
681 3996 1020 4068 Quandoque
1053 4013 1182 4054 vero
1225 3999 1416 4064 etiam,
1443 3996 1632 4051 dando
1675 3996 1801 4052 belli
1849 3996 2009 4050 indu-

433 4091 549 4144 cias
588 4106 878 4162 pugnaque
911 4090 1218 4156 abstinens,
1250 4105 1379 4161 erga
1415 4104 1512 4144 eos
1546 4090 1781 4144 maxime
1809 4090 1900 4159 qui
1939 4089 2006 4144 ad

431 4182 558 4236 vita:
590 4181 859 4252 religiosa:
884 4197 1091 4254 agones
1122 4198 1181 4238 se
1205 4199 1380 4252 nuper
1401 4183 1706 4246 exuissent,
1741 4181 1824 4236 sui
1855 4197 2010 4237 secu-

433 4285 526 4326 ros
578 4287 854 4334 esse,nec
910 4287 1042 4326 cura
1101 4273 1372 4328 sollicitos
1426 4271 1688 4327 seductor
1747 4269 2003 4336 induxit;

432 4362 674 4431 hincque
695 4365 831 4420 adeo
861 4365 914 4419 in
942 4364 1232 4435 segnitiem
1265 4364 1576 4434 impellens.
1596 4371 1762 4433 atque
1786 4363 2006 4420 labores

434 4456 726 4527 neglcCtim
759 4457 961 4513 habere
1007 4457 1238 4523 faciens,
1269 4466 1494 4527 repente
1533 4456 1763 4513 adortus
1799 4457 1874 4511 uti
1908 4457 2006 4512 de-

432 4544 570 4600 biles
600 4553 766 4616 atque
803 4545 1066 4610 inermes,
1097 4546 1584 4602 innumerabilium
1609 4547 2002 4615 cogitationum

432 4640 626 4687 aestum
671 4633 782 4690 illis
819 4635 1118 4689 commovit
1156 4643 1327 4705 atque
1369 4634 1593 4690 miscuit
1625 4634 2005 4689 conturbavit-

430 4737 543 4793 que
577 4724 758 4794 :quin
798 4732 853 4781 ct
902 4726 1105 4797 saepius
1150 4727 1428 4797 profundo
1480 4728 1742 4784 vitiorum
1791 4729 1999 4786 mersit.

429 4811 572 4868 Aliis
599 4828 792 4870 rursus
821 4816 997 4872 suasit
1026 4823 1085 4872 ut
1109 4818 1215 4873 sibi
1248 4819 1375 4888 ipsi,
1401 4827 1660 4888 tanquam
1683 4819 1798 4887 jam
1829 4820 2003 4889 majo-

429 4919 548 4960 rem
586 4904 808 4960 modum
837 4910 1141 4975 consecuti,
1172 4911 1534 4976 conlidercnt,
1565 4920 1619 4964 et
1666 4923 1724 4966 ut
1766 4912 1999 4967 aliorum

428 4995 670 5052 creditas
695 4997 1062 5068 cogitationes
1097 5003 1435 5072 accipereut,
1471 5003 1814 5073 affectusque
1840 5012 1897 5058 et
1936 5004 2002 5058 li-

429 5087 644 5146 bidines
684 5098 851 5161 atque
896 5090 1084 5162 praelia
1128 5092 1446 5164 detegentes
1479 5097 1739 5152 audirent
1770 5115 1783 5151 :
1819 5097 1999 5167 quod-

428 5192 537 5248 que
579 5180 812 5234 necdum
863 5195 998 5236 suos
1048 5181 1152 5252 ipsi
1191 5183 1421 5239 allectus
1455 5194 1618 5256 atque
1657 5187 1786 5240 vitia
1832 5187 2003 5257 probe

352 5301 359 5308 ο
427 5269 715 5339 eluissent,
746 5288 872 5327 cum
930 5273 1248 5328 auditorum
1308 5278 1628 5331 memoriam
1687 5277 2002 5348 formasque

429 5361 722 5418 libidinose
765 5364 951 5419 animo
993 5365 1229 5435 primum
1278 5365 1529 5432 immisit,
1561 5376 1787 5439 tumque
1835 5371 1998 5424 etiam

429 5451 496 5505 ad
525 5469 750 5508 carnem
782 5456 1132 5525 polluendam
1165 5457 1467 5514 miserabili
1500 5475 1597 5514 eos
1623 5461 1771 5515 exitu
1807 5459 2002 5529 praeci-

430 5540 642 5610 pitavit.
679 5541 814 5598 Cum
851 5545 1019 5616 igitur
1048 5547 1130 5603 sic
1161 5548 1298 5602 varii
1340 5563 1406 5602 ac
1445 5549 1798 5620 multiplices.
1830 5565 2000 5621 quos-

427 5647 534 5701 que
559 5649 702 5705 azgre
726 5635 1130 5706 deprehendas,
1150 5641 1261 5694 sint
1283 5643 1572 5697 tentatoris
1592 5643 1860 5707 assultus,
1885 5657 2000 5696 ma-

427 5739 536 5793 gna
556 5742 775 5800 quoque
810 5729 972 5784 nobis
1003 5746 1144 5801 opus
1174 5733 1283 5787 erit
1313 5734 1569 5789 cautione
1600 5750 1666 5788 ac
1692 5734 1996 5804 vigilantia,

428 5817 723 5888 animoque
757 5822 884 5877 boni
916 5839 1046 5878 cura
1079 5825 1288 5882 intento
1319 5849 1328 5882 :
1367 5835 1426 5881 ut
1449 5843 1516 5882 eo
1543 5829 1881 5889 illustrante.
1913 5827 1999 5882 his

430 5927 550 5982 qua:
594 5922 724 5970 sunt
765 5916 927 5984 tuala,
964 5927 1024 5973 ut
1076 5919 1260 5985 bonis,
1292 5921 1674 5992 imprudentes
1718 5938 1826 5979 non
1872 5931 1997 5976 uta-

2113 3432 2254 3497 κόσι,
2285 3437 2380 3488 καὶ
2408 3435 2550 3489 οὕτω
2580 3437 2894 3509 φιληδόνους
2923 3445 3016 3496 καὶ
3035 3447 3312 3516 ἐμπαθεῖς
3333 3453 3468 3515 τοὺς
3499 3454 3692 3516 ἀθλξως

2113 3524 2413 3591 ἀπέδειξεν.
2450 3528 2678 3594 ’Λλλους
2706 3533 3093 3606 ἀνενοχλήτους
3139 3540 3340 3605 ἐάσας,
3369 3545 3471 3596 καὶ
3497 3543 3574 3614 τῷ
3609 3564 3690 3615 μη-

2111 3616 2222 3670 δενὶ
2248 3619 2356 3672 τῶν
2384 3618 2570 3674 παθῶν
2600 3623 2842 3689 ἀλωτοὺς
2867 3621 3006 3681 εἶναι
3029 3635 3590 3705 παρακρουσάμενος.
3622 3641 3690 3700 ei;

2112 3710 2488 3780 ὑπερηφανίαν
2515 3713 2711 3785 ἐπῆρε,
2771 3718 2866 3770 καὶ
2910 3717 3054 3772 οὕτω
3099 3723 3306 3792 ῥαδίως
3347 3729 3686 3798 κατήνεγκεν.

2115 3803 2270 3856 Ἔστι
2295 3804 2351 3856 δὲ
2375 3802 2469 3867 οὓς
2498 3807 2592 3860 καὶ
2614 3806 2704 3860 τοῦ
2744 3808 3000 3882 πολεμεῖν
3037 3814 3450 3886 ἀποσχόμενος,
3479 3822 3571 3872 καὶ
3609 3821 3690 3889 μά-

2110 3894 2272 3968 λιστακ
2305 3896 2432 3958 τοὺς
2486 3898 2621 3968 πρὸς
2656 3900 2782 3964 τοὺς
2837 3903 3169 3973 ἀσκητικοὺς
3205 3908 3439 3976 ἀγῶνας
3483 3910 3688 3979 ἔναγχος

2108 3983 2574 4058 ἀποδυσαμένους,
2611 3989 2783 4055 ἀδεῶς
2824 3991 2968 4062 ἔχειν
2994 3995 3192 4059 αὐτοὺς
3235 3999 3333 4051 καὶ
3382 4001 3687 4072 ἀμερίμνως

2107 4080 2388 4150 ἠπάτησεν
2413 4099 2426 4114 ·
2455 4080 2516 4148 ἐξ
2551 4075 2724 4156 οὗπερ
2752 4086 2832 4150 είς
2877 4087 3151 4160 ρᾳθυμίαν
3176 4090 3471 4161 ὲμΰαλὼν,
3499 4097 3591 4149 καὶ
3615 4100 3685 4148 εύ-

2107 4191 2212 4226 νων
2234 4174 2506 4245 ἀμελῆσαι
2539 4180 2992 4249 παρασκευάσας,
3023 4182 3219 4255 ἀθρόον
3246 4186 3330 4248 ὡς
3354 4187 3684 4258 calamum;

2105 4267 2333 4322 ἐπέθετο
2362 4270 2456 4323 καὶ
2480 4270 2724 4338 ἀόπλοις,
2751 4275 2846 4327 καὶ
2866 4273 3011 4328 οὕτω
3034 4278 3244 4346 μυρίων
3273 4280 3446 4334 σάλον
3472 4283 3577 4334 τῶν
3606 4283 3682 4335 λο-

2106 4359 2322 4429 γισμῶν
2370 4360 2602 4416 διέσεισε
2624 4380 2682 4416 τε
2714 4365 2808 4418 καὶ
2831 4367 3180 4438 συνετάραξε·
3213 4369 3491 4434 πολλαχῆ
3522 4375 3687 4443 prim

2104 4450 2198 4504 καὶ
2257 4450 2338 4524 τῷ
2383 4451 2494 4506 τῶν
2530 4454 2718 4510 παθῶν
2761 4455 2908 4528 βυθῷ
2960 4459 3394 4517 κατεδάπτισεν.
3452 4465 3684 4533 Ἰ-ἶτέρσυς

2104 4539 2280 4608 αὖθις,
2344 4543 2566 4617 θαρρεῖν
2608 4548 2819 4612 ἑαυτοῖς
2869 4549 3174 4616 ἀνέπεισεν,
3227 4554 3308 4618 ὡς
3345 4555 3557 4628 μέτρου
3599 4559 3682 4627 ἡμὴ

2113 4635 2354 4708 μείζονος
2385 4639 2728 4710 ὲφικομένοις
2750 4659 2764 4674 ·
2797 4642 3146 4698 πιστεύεσθαξ
3175 4663 3237 4699 τε
3263 4650 3362 4702 καὶ
3396 4651 3580 4705 ἄλλων
3609 4651 3684 4703 λο-

2110 4732 2361 4801 γισμοὺς,
2393 4733 2488 4786 καὶ
2519 4734 2708 4788 παθῶν
2740 4738 2833 4791 καὶ
2871 4736 3122 4807 πολέμων
3165 4741 3565 4813 ἐξαγορεύσεις
3593 4745 3684 4795 ὑπ-

2109 4820 2300 4876 έϐαλεν
2326 4838 2340 4852 ·
2374 4816 2456 4887 οἷς
2484 4825 2652 4896 μήπω
2677 4825 2744 4879 τὰ
2785 4827 2960 4881 οἰκεῖα
2994 4829 3140 4902 πάθη
3191 4832 3379 4895 καλῶς
3433 4838 3684 4904 ἀπονιψα-

2111 4908 2314 4980 μένοις,
2376 4913 2591 4983 πρῶτον
2653 4915 2753 4986 μὲν
2816 4917 3148 4990 ὑπομνήσεις
3189 4923 3286 4976 καὶ
3330 4925 3683 4989 διατυπώσες

2106 5000 2214 5054 τῶν
2264 4997 2340 5056 ὧν
2390 5005 2695 5075 ἀκηκόασιν
2731 5008 2993 5078 ἐμπαθῶς
3047 5012 3275 5082 ἐνῆκενο
3336 5016 3545 5071 ἔπειτα
3602 5021 3682 5071 καὶ

2106 5090 2242 5161 πρὸς
2283 5091 2593 5166 μολυσμοὺς
2633 5099 2836 5168 σαρκὸς
2888 5100 3088 5166 ἀθλίως
3135 5106 3512 5174 κατήνεγκεν.
3547 5110 3684 5162 Ἐπὶ

2108 5180 2201 5237 οὖν
2221 5184 2385 5238 αίτοῦ
2421 5187 2775 5258 πειράζοντος
2804 5192 3101 5264 προσϐολαὶ
3128 5196 3373 5250 ποικίλαι
3401 5197 3586 5260 οὓτως
3602 5201 3684 5252 καὶ

2107 5275 2404 5341 πολυειδεῖς
2429 5278 2524 5333 καὶ
2550 5279 2916 5352 δυσφώρατοι,
2946 5285 3148 5354 πολλῆς
3188 5291 3284 5341 καὶ
3335 5290 3478 5358 ἡμῖν
3515 5291 3682 5361 δεήσει

2103 5366 2205 5437 τῆς
2235 5367 2485 5438 φυλακῆς
2522 5372 2618 5424 καὶ
2669 5372 2904 5443 νήψεως.
2952 5376 3046 5429 καὶ
3079 5377 3178 5446 τῆς
3214 5379 3354 5448 πρὸς
3394 5381 3463 5433 τὸ
3491 5381 3680 5449 ἀγαθὸν

2107 5460 2407 5531 προσοχῆς·
2433 5461 2522 5516 ἵνα
2556 5463 2687 5534 παρ’
2728 5466 2895 5520 αὑτοῦ
2920 5467 3300 5539 φωτιζόμενοι,
3328 5471 3408 5542 μὴ
3439 5472 3677 5541 λάθωμεν

2103 5549 2182 5614 ὡς
2210 5551 2390 5606 καλῶν
2416 5553 2525 5606 τῶν
2555 5557 2806 5628 πονηρῶν
2835 5558 3145 5629 χρώμενοι·
3194 5563 3269 5633 μὴ
3311 5563 3370 5616 δὲ
3413 5567 3534 5628 τοῖς
3567 5565 3678 5635 βλι.

2102 5641 2282 5713 δεροίς
2297 5643 2718 5714 περιπίπτοντες
2741 5647 2950 5718 ἀδήλως
2971 5667 2983 5680 ·
3025 5651 3163 5706 ἀλλά
3189 5656 3568 5727 γρηγορῶμεν
3598 5658 3678 5710 καὶ

2101 5734 2358 5806 νήφωμεν
2381 5740 2842 5808 περισκοποῦντες
2873 5743 3059 5807 πόθεν,
3116 5748 3209 5800 καὶ
3246 5750 3403 5812 πότε,
3440 5752 3538 5805 καὶ
3575 5752 3676 5812 ταῖς

2099 5827 2200 5890 τὰς
2245 5829 2552 5898 προσϐολὰς
2613 5833 2820 5898 ἐκεῖνος
2874 5840 3148 5892 ποιεῖται·
3191 5841 3285 5896 καὶ
3337 5845 3536 5914 μηδενὶ
3566 5845 3676 5915 μηδ’

2101 5922 2236 5988 ὅλως
2271 5922 2338 5976 δι’
2369 5923 2696 5995 ἀπροσεξίαν
2733 5932 3185 6002 προτπῐπτωμεν.

3731 6588 3806 6616 ,ιι
