3880 6524
223 358 356 417 1621

1341 382 1434 436 Al)
1461 380 1780 442 NOMICUM
1813 383 2306 444 TENTATOREM.

3331 387 3469 442 ’ὅθ

218 494 380 547 mur;
413 496 511 536 nec
545 483 600 538 in
633 486 818 550 noxia,
845 492 1007 546 caecis
1048 494 1217 548 animi
1261 497 1538 560 sensibus.
1571 499 1923 556 incidamus:
1954 502 2049 557 sed
2074 502 2364 573 vigilemus
2387 516 2453 558 ac
2524 501 2696 558 sobrii
2760 502 2957 567 simus,
3023 500 3217 559 sedulo
3283 501 3472 555 cousi-

214 573 478 671 derantes
502 578 667 645 unde,
698 586 920 651 quando
950 597 1006 641 et
1037 591 1316 658 quomodo
1343 593 1436 649 ille
1461 595 1784 653 adoriatur:
1828 599 1994 668 inque
2033 599 2186 654 nullo
2228 613 2482 669 prorsus,
2543 615 2642 671 per
2670 600 2978 670 praesentia:
3025 598 3192 653 animi
3264 599 3467 652 absen-

215 667 348 720 tiam
385 684 451 724 ac
481 673 794 728 socordiam
827 677 1189 738 otl‘eudamus.

216 876 3458 929 Μ

709 1077 1197 1176 ABSENII
1269 1085 1764 1180 ABBATIS
1843 1088 2954 1184 APOPHTHEGMATA.

995 1428 1124 1484 Vide
1149 1429 1366 1500 hujusce
1393 1431 1718 1504 Patrologiw
1741 1435 1940 1492 Gram:
1978 1445 2104 1491 tom.
2143 1433 2304 1502 LXV,
2336 1438 2437 1491 col.
2464 1435 2535 1492 87
2579 1451 2690 1521 sqq.

219 1608 1220 1648 ψη,
2533 1623 2536 1626 .
3425 1628 3454 1665 ,.

1024 1809 1771 1927 ΑΡΣΕΝΙΟΥ
1877 1812 2656 1933 ΜΟΝΑΧΟΥ

891 2061 1064 2148 ΕΙΣ
1179 2062 1398 2147 TON

1497 2062 2145 2152 ’ΠΕΙΡΑΣΤΗΝ
2231 2068 2801 2160 NOMIKON.‘

1163 2429 1741 2548 ARSENII
1858 2433 2513 2553 MONACHI

772 2664 936 2755 AD
1085 2667 1762 2761 NOMICUM

1891 2675 2895 2771 TENTATOREM.

985 2861 1124 2932 Aug.
1163 2860 1266 2917 Mai
1297 2860 1526 2918 Classici
1553 2875 1818 2933 auctores,
1855 2876 1890 2922 t.
1936 2867 2004 2936 Χ,
2037 2885 2092 2940 p.
2137 2871 2264 2927 555.
2316 2871 2686 2929 “01111121833.

283 3168 388 3222 Ἴδε
413 3168 605 3240 βρόχον
632 3171 752 3224 ἀντὶ
781 3171 996 3243 βρόχου,
1027 3168 1072 3227 ὦ
1095 3176 1306 3246 νομικὲ,
1327 3178 1532 3246 παγίδα
1565 3179 1680 3234 ἀνθ’
1705 3175 1772 3252 ἦς

1944 3181 2021 3237 En
2053 3183 2306 3252 laqueum
2341 3198 2440 3254 pro
2469 3184 2688 3254 laqueo,
2722 3186 2959 3248 nomice,
2991 3193 3044 3240 et
3075 3187 3322 3256 pedicam
3357 3204 3458 3258 pe-

205 3262 443 3334 ἑστησας
468 3263 694 3332 παγίδος
713 3282 725 3294 ·
752 3263 829 3318 ίδε
848 3267 965 3327 πῶς
989 3269 1360 3339 ἐμπέπτωκας
1387 3273 1467 3335 εἰς
1496 3271 1554 3324 ὃν
1569 3271 1787 3344 ὢρυξας

205 3352 406 3423 βόθρον
436 3354 574 3407 κατὰ
595 3355 832 3427 Χριστοῦ
854 3371 874 3390 ·
895 3358 1014 3412 ὅθεν
1032 3361 1060 3411 ὁ
1088 3361 1180 3425 σός
1208 3379 1268 3415 σε
1301 3362 1460 3433 νόμος
1499 3365 1622 3417 ἀντὶ
1650 3367 1788 3437 Χρι-

205 3445 342 3498 στοῦ
367 3444 712 3518 ἐξελεγχὲτω,
757 3449 988 3522 πότερον
1035 3452 1110 3517 ὡς
1145 3455 1285 3525 Θεῷ,
1320 3457 1352 3526 ἢ
1395 3456 1471 3519 ὡς
1519 3457 1660 3536 ψιλιῖξ
1690 3460 1788 3511 ἀν-

202 3537 416 3609 θρώπῳ
457 3539 524 3593 τὰ
557 3541 656 3609 τῆς
700 3541 896 3613 πείρας
937 3545 1268 3616 ὲφὴπλωσας
1308 3547 1522 3618 ἄθεσμα
1559 3548 1786 3615 δίκτυα;

205 3633 264 3683 εί
286 3632 384 3702 μὲν
409 3631 471 3685 τὸ
497 3632 731 3702 πρῶτον,
761 3637 1163 3706 μεματαίωσαν
1196 3637 1327 3701 Θεὸς
1344 3639 1454 3710 γὰρ
1474 3641 1787 3710 πειραστῶν

202 3724 447 3788 δικτύοις
474 3725 721 3795 οὐδαμῶς
757 3727 1049 3798 ζωγρεῖται
1068 3746 1083 3759 ·
1127 3731 1328 3798 μᾶλλον
1355 3732 1413 3784 δὲ
1445 3733 1540 3786 καὶ
1565 3735 1788 3804 ἀγαπᾷν

204 3815 449 3886 ὀφείλεις
473 3815 532 3882 ἐξ
551 3817 680 3887 ὅλης
707 3818 966 3884 διανοίας,
1007 3822 1101 3875 καὶ
1125 3822 1328 3893 ψυχῆς,
1359 3827 1454 3878 καὶ
1495 3826 1677 3896 ίσχύος
1695 3843 1708 3858 ο
1737 3828 1787 3879 εί

207 3908 272 3962 δὲ
296 3909 358 3961 τὸ
379 3908 654 3980 δεύτερον,
698 3912 727 3964 ὁ
772 3910 849 3974 ὡς
888 3913 1111 3965 σεαυτὸν
1147 3914 1238 3968 τὸν
1278 3915 1505 3986 πλησίον
1546 3919 1785 3988 ἀγαπᾷν,

208 4002 367 4072 παρά
391 4001 484 4054 τοῦ
517 4002 681 4072 νόμου
735 4003 1142 4074 δεδιδαγμένος,
1202 4007 1453 4078 οὐδαμῶς
1501 4009 1788 4080 πειράζειν

207 4091 422 4157 δίκαιος
441 4092 508 4147 ἂν
533 4095 676 4164 εἴηςο
725 4093 848 4148 οὔτε
891 4095 998 4169 γὰρ
1049 4095 1116 4149 ἂν
1160 4099 1437 4169 πειράσειὲ
1462 4119 1545 4164 τις
1573 4103 1785 4166 ἑαυτὸν,

209 4183 340 4238 οὔτε
369 4188 426 4239 ἐν
469 4185 611 4257 λόγῳ
657 4187 1016 4256 παγιδεῦσαι,
1064 4191 1156 4243 καὶ
1200 4191 1414 4263 θανάτῳ
1454 4194 1788 4265 παραδοῦναι

213 4279 488 4352 ζητήσειε.
529 4281 649 4346 Πῶς
672 4277 765 4334 οὖν
794 4284 1017 4336 σεαυτὸν
1037 4283 1126 4336 διὰ
1149 4285 1256 4338 τῶν
1277 4287 1418 4340 κατὰ
1445 4287 1538 4340 τοῦ
1564 4288 1788 4359 πλησίον

217 4371 426 4441 βρόχων
477 4371 826 4439 καταπνίγων
871 4372 972 4424 οὐκ
1021 4374 1281 4445 αίσθάνῃ;
1323 4375 1430 4429 οὐδ’
1463 4378 1661 4438 ἐννοεῖς
1707 4378 1787 4430 ὅτι

213 4465 332 4525 τοῖς
364 4463 620 4533 πονηροῖς
646 4464 882 4532 γείτοσιν
907 4465 1312 4520 ἑπταπλασίονα
1345 4468 1425 4528 είς
1465 4467 1557 4520 τὸν
1591 4467 1788 4521 κόλπον

1887 3275 2025 3329 ὀίεαι
2045 3278 2376 3347 oppositam.
2399 3275 2635 3333 Videsne
2667 3285 2719 3332 te
2746 3278 2800 3332 in
2835 3279 2984 3332 illam
3016 3281 3188 3349 ipsam
3223 3279 3458 3342 foveam,

1887 3383 2049 3436 quam
2077 3367 2300 3421 Christo
2339 3367 2606 3433 fodieras,
2636 3368 2918 3439 delapsum
2961 3372 3128 3424 esse?
3153 3370 3333 3436 Quare
3374 3371 3463 3424 lett

1887 3466 1981 3510 tua
2022 3459 2228 3513 Christi
2263 3461 2382 3513 loco
2410 3462 2462 3514 in
2490 3471 2542 3515 te
2579 3461 2840 3530 iuquirat,
2877 3471 2938 3515 ut
2980 3464 3245 3527 sciamus,
3277 3471 3460 3516 utrum

1889 3555 1949 3602 ut
1993 3548 2102 3602 Deo
2142 3566 2209 3603 au
2261 3567 2411 3605 mero
2464 3552 2668 3606 homini
2727 3553 2962 3621 perlidas
3006 3553 3128 3607 illas
3185 3555 3458 3608 struxeris

1889 3637 2142 3692 insidias.
2174 3637 2230 3692 Si
2263 3649 2320 3692 ιιι
2355 3638 2484 3702 Deo,
2515 3657 2648 3696 sane
2679 3644 2979 3698 frustratus
3009 3659 3104 3702 es:
3143 3643 3286 3697 Deus
3311 3646 3455 3697 enim

1890 3727 2266 3782 insidiantium
2318 3730 2460 3786 dolis
2503 3731 2892 3786 circumveniri
2949 3734 3170 3802 nequit;
3223 3751 3384 3802 quem
3429 3751 3458 3786 ιι

1889 3816 2103 3873 fortiori
2137 3835 2202 3873 ex
2233 3828 2346 3874 tota
2392 3832 2597 3884 tuente,
2639 3839 2704 3876 cx
2745 3833 2858 3876 toto
2894 3824 3097 3886 animo,
3144 3825 3277 3878 totis
3331 3826 3461 3878 viri-

1889 3910 1991 3964 bus
2032 3911 2260 3980 diligere
2302 3912 2469 3968 debes
2499 3931 2513 3966 :
2540 3915 2586 3968 si
2621 3923 2680 3967 ιιι
2709 3930 2860 3968 mero
2901 3915 3128 3977 homini,
3156 3927 3463 3970 tcutameu-

1891 4011 2003 4056 tum
2040 4002 2092 4056 id
2131 4018 2237 4057 non
2272 4003 2452 4058 minus
2495 4005 2760 4074 injustqu
2805 4006 2930 4069 erit,
2959 4007 3228 4077 siquidem
3278 4009 3463 4078 proxi-

1890 4110 2036 4147 mum
2089 4097 2232 4150 sicut
2275 4103 2328 4151 te
2373 4097 2551 4166 ipsum
2605 4113 2790 4152 amare
2834 4100 2917 4153 lex
2948 4099 3122 4166 jubet.
3172 4100 3235 4154 Et
3275 4116 3461 4154 revera

1888 4187 2014 4258 quis
2069 4187 2287 4241 tandem
2335 4189 2578 4258 seipsum
2637 4199 2854 4244 tentare
2909 4191 3116 4246 dolosis
3170 4193 3460 4247 verborum

1890 4281 2214 4350 ambagibus
2267 4282 2536 4345 voluerit,
2572 4292 2632 4337 ut
2683 4285 3031 4352 postmodum
3081 4284 3242 4339 morti
3290 4295 3462 4339 semet

1891 4373 2107 4427 tradat?
2141 4377 2336 4428 Annon
2366 4375 2518 4429 vides
2540 4383 2613 4439 te,
2639 4374 2766 4428 dum
2793 4377 3042 4442 proximo
3078 4384 3173 4429 tuo
3203 4378 3459 4446 laqueum

1891 4468 2088 4528 nectis.
2119 4467 2312 4522 eodem
2360 4468 2634 4538 supplicio
2667 4469 3120 4539 circumstringi?
3149 4469 3348 4526 Nonne
3377 4472 3461 4522 vi-

213 4552 288 4606 τὰ
306 4554 453 4607 δεινά
507 4556 855 4620 ἀποδίδοται;
899 4558 1059 4610 Ἀλλὰ
1117 4559 1350 4631 Χριστὸς
1386 4563 1454 4631 τῇ
1487 4561 1664 4630 οἰκείᾳ
1695 4579 1788 4633 μα·

1891 4558 1986 4614 des
2033 4560 2246 4614 vicinos
2279 4560 2557 4614 maleﬁcos
2598 4561 3004 4631 septemplicem
3053 4562 3307 4617 maleﬁcii
3350 4579 3464 4632 pa:-

215 4645 494 4719 κροθυμίᾳ
524 4649 618 4700 καὶ
660 4649 980 4720 ἀνεξικακίᾳ
1026 4650 1306 4722 χρώμενος
1328 4692 1342 4716 ,
1383 4652 1561 4724 ὀρθῶς
1598 4653 1697 4723 μὲν
1728 4653 1790 4706 οὐ

215 4741 500 4810 πράττειν,
549 4740 670 4793 οὐδὲ
711 4741 1061 4805 διανοεῖσθαι,
1102 4743 1280 4814 ὀρθῶς
1321 4744 1377 4796 δὲ
1418 4745 1791 4815 ἀποκριθῆναί

217 4847 406 4899 φησιν,
440 4829 569 4895 ἴσως
601 4832 705 4885 κᾶν
752 4834 878 4896 τοὺς
931 4835 1131 4905 ἑαυτῆς
1181 4835 1372 4904 λόγους
1409 4837 1793 4908 ὲπαισχυνθεὶς

215 4921 543 4992 παλινῳδίαν
580 4923 690 4978 ἀπὸ
708 4925 809 4994 τῆς
850 4927 908 4978 ὲν
950 4925 1128 4998 πλάνῃ
1164 4928 1526 4999 ματαιότητος
1570 4928 1787 5000 ᾄσειεν·

222 5011 432 5078 «Οὕτω,
461 5017 615 5086 φησὶ,
648 5015 812 5077 ποίει,
845 5018 939 5070 καὶ
961 5018 1099 5089 ζήσῃ
1129 5035 1143 5049 ο
1167 5038 1185 5070 ι
1225 5017 1368 5072 οὕτω
1386 5019 1563 5072 πάντα
1593 5019 1686 5072 τον
1732 5019 1792 5072 ὲν

215 5103 468 5175 κινδύνῳ,
496 5107 588 5160 τὸν
615 5108 672 5160 ὲν
709 5109 943 5181 ἀνάγκη,
977 5109 1069 5163 τὸν
1113 5111 1172 5163 ὲν
1199 5111 1515 5180 περιστάσει
1561 5109 1792 5165 σεαυτοῦ

217 5197 446 5268 πλησίον
473 5198 587 5270 ἔχε.
631 5201 689 5254 '0
719 5200 776 5254 δὲ
807 5202 942 5271 μήτε
970 5201 1031 5266 ἐξ
1059 5203 1228 5272 αὐτῆς
1263 5203 1363 5271 τῆς
1394 5203 1453 5256 ὲν
1476 5202 1624 5274 νόμῳ
1648 5205 1791 5256 ὲντο⁹

214 5291 338 5362 λῆς,
380 5293 516 5362 μήτε
561 5295 625 5346 ἐκ
655 5294 757 5361 τῆς
797 5293 892 5348 τοῦ
930 5294 1182 5363 Σωτῆρος
1212 5293 1530 5365 προτροπῆς
1571 5293 1789 5364 ὠφελη-

217 5381 364 5446 θεὶς,
408 5383 543 5455 μηδὲ
576 5384 679 5438 ὑπὸ
723 5385 816 5438 τοῦ
851 5385 1048 5438 οἰκείου
1079 5385 1380 5450 συνειδότος
1411 5385 1789 5456 ἀπελεγχθεὶς,

211 5471 306 5529 οἷα
331 5474 390 5528 δέ
425 5492 509 5540 τις
540 5475 663 5544 ὄφις
707 5477 942 5547 πονηρὸς
973 5480 1145 5549 μικρᾷ
1182 5481 1247 5550 τῇ
1279 5479 1367 5532 διὰ
1395 5479 1562 5546 νόμον
1605 5478 1790 5550 πληγῇ

216 5570 319 5639 τὴν
346 5567 530 5638 κάραν
557 5568 823 5638 ἀλγήσας,
853 5569 953 5638 τὴν
982 5569 1189 5624 ἰοϐόλον
1213 5570 1460 5638 γλῶτταν
1495 5573 1655 5631 κινεῖ,
1695 5570 1793 5622 καὶ

215 5660 318 5731 τὴν
357 5657 731 5730 θανατηφόρον
776 5660 956 5712 πᾶσαν
995 5661 1077 5723 εἰς
1125 5661 1433 5731 τούμφανὲς
1487 5661 1792 5730 ἀπογυμνοῖ

218 5747 438 5802 κακίαν.
467 5749 648 5802 Θέλων
669 5749 797 5820 γὰρ,
821 5750 976 5821 φησὶ,
1005 5749 1249 5804 δικαιοῦν
1276 5750 1483 5816 ἑαυτὸν,
1512 5754 1792 5806 τουτέστιν

217 5841 415 5896 ἑαυτὸν
451 5842 592 5914 ὑπὲρ
629 5843 870 5906 ἅπαντας
915 5842 1150 5914 νομίζων
1187 5843 1414 5911 δίκαιον,
1459 5844 1551 5898 καὶ
1585 5843 1790 5916 μηδένα

1893 4667 2020 4706 nam
2059 4652 2224 4707 dare?
2250 4651 2488 4707 Econtra
2528 4652 2784 4708 Christus
2823 4667 2922 4723 pro
2951 4669 3014 4707 ea
3039 4671 3147 4723 qua
3183 4663 3266 4708 est
3293 4655 3462 4707 animi

1898 4745 2321 4800 mansuetudine
2349 4761 2415 4799 ac
2451 4746 2734 4814 patientia,
2780 4747 2990 4802 omissa
3042 4747 3182 4802 bene
3229 4748 3462 4801 faciendi

1891 4837 2282 4907 cogitandique
2333 4838 2688 4901 necessitate,
2725 4838 2998 4893 sermonis
3045 4839 3465 4907 congruentiam

1892 4924 2273 4990 commendat,
2303 4933 2506 4979 metum
2555 4926 2844 4982 eximendo
2875 4942 2945 4981 ne
2981 4925 3276 4996 aliquando
3312 4925 3464 4978 falsi-

1894 5014 2062 5084 loquii
2120 5017 2566 5070 retractationein
2623 5019 3056 5088 experiamurzi
3089 5017 3217 5081 Sic,
3264 5018 3462 5086 inquit,

1894 5107 2080 5172 facito,
2111 5116 2166 5163 et
2193 5109 2361 5163 vives.
2391 5129 2410 5162 ι
2450 5108 2543 5164 Sic
2570 5120 2624 5164 tu
2663 5125 2881 5165 Omnem
2918 5111 3114 5166 habeto
3155 5113 3460 5180 proximum

1895 5201 1949 5256 in
2013 5202 2292 5272 periculis,
2340 5202 2393 5256 in
2440 5204 2894 5266 necessitatibus,
2938 5204 2992 5256 in
3043 5203 3464 5272 quibuscunqne

1893 5290 2060 5346 rebus
2091 5291 2475 5344 constitutum.
2502 5290 2604 5356 Qui
2641 5301 2820 5344 autem
2851 5307 3027 5359 neque
3048 5307 3114 5345 ex
3144 5293 3278 5361 legis
3306 5310 3467 5346 man-

1891 5381 2064 5448 datis,
2105 5399 2281 5453 neque
2303 5399 2368 5437 ex
2404 5383 2708 5437 Salvntoris
2747 5383 2919 5451 ipsius
2951 5385 3260 5453 praeceptis,
3287 5401 3464 5454 neque

1891 5476 1964 5530 ab
2005 5475 2124 5545 ipsa
2155 5477 2495 5530 conscientia
2530 5474 2854 5544 redargntus
2895 5476 3191 5546 resipiscit,
3225 5479 3292 5542 is,
3319 5480 3467 5532 sicut

1894 5582 2122 5636 serpens
2155 5582 2485 5626 venenosus.
2518 5567 2647 5620 dum
2674 5573 2842 5634 caput
2869 5567 2991 5636 ejus
3033 5568 3168 5638 legis
3213 5570 3466 5637 plectitur:

1892 5659 2234 5723 verberibus,
2277 5659 2519 5726 linguam
2565 5665 2747 5710 movet:
2797 5666 3119 5713 venenatam
3155 5668 3209 5714 et
3249 5675 3468 5714 omnem

1893 5750 2158 5805 malitiam
2192 5750 2386 5804 mortis
2412 5748 2730 5819 genitricem
2764 5749 2828 5806 in.
2849 5750 3027 5805 lucem
3056 5750 3260 5818 prodit.
3293 5749 3458 5804 Nam.

1893 5859 2000 5914 que
2044 5843 2285 5914 seipsum
2331 5843 2453 5896 vult
2489 5842 2813 5913 justiticare,
2851 5859 2910 5902 se
2933 5844 3190 5902 omnibus
3245 5842 3464 5898 caeteri:
