3880 6528
473 369 612 424 1625

1419 369 1477 425 S.
1511 367 1810 434 AllSENll,
1838 369 1928 425 AD
1967 368 2280 428 NOMICUM
2309 369 2776 426 TENTATOREM

3587 364 3699 424 103

467 483 758 554 justiorem
813 493 1127 551 autumas,
1174 493 1384 539 tantum
1427 486 1582 541 abest
1627 495 1687 540 ut
1723 485 1817 557 qui
1857 501 2030 556 par-en;

2150 487 2418 559 μηδαμῶς
2439 485 2614 557 ἑαυτῷ
2631 485 2767 551 ἴσον,
2794 484 2829 554 ἢ
2854 484 2947 536 καὶ
2974 481 3202 553 πλησίον
3226 478 3396 534 αὐτοῦ
3418 478 3701 548 τυγχάνειν.

469 577 680 636 credat.
703 585 760 628 ut
789 575 976 630 eadem
1004 585 1185 631 motus
1214 576 1472 647 superbia
1496 596 1510 631 :
1543 595 1564 628 ι
1589 576 1723 644 Quis
1755 585 1840 633 est
1862 578 2046 648 proxi-

471 680 595 722 mus
618 666 810 720 meus?
831 683 850 716 ι
885 673 1057 734 roget.
1084 668 1154 719 At
1177 681 1358 721 nonne
1375 675 1460 722 est
1478 667 1584 722 tibi
1606 676 1778 739 pater.
1803 685 1837 722 ο
1859 670 2042 731 homo.

470 771 654 810 nonne
697 765 890 818 mater,
947 759 1148 820 lrater,
1188 759 1438 822 amicus,
1472 770 1763 829 cognatus,
1803 761 2041 824 vicinus.

467 847 667 908 afﬁnis.
703 863 864 902 nemo
895 849 1132 919 denique
1165 850 1221 905 in
1255 859 1368 904 tota
1411 851 1634 908 civitate
1679 853 1758 906 tui
1802 853 2046 908 similis?

466 933 612 992 Proh
637 937 649 992 ι
679 937 980 995 fatuitatem
1003 955 1156 995 vana:
1177 943 1375 997 mentis
1402 942 1776 998 indicatricem
1805 943 2043 999 hominis

465 1027 564 1097 qui
613 1028 866 1084 humanae
896 1045 957 1086 se
997 1040 1206 1088 natura:
1243 1033 1588 1105 superiorem
1627 1035 1839 1091 credit!
1872 1036 2044 1104 Quem

465 1135 592 1176 cum
629 1121 883 1178 Salvator
914 1124 996 1180 sic
1040 1125 1242 1181 stolide
1278 1126 1684 1197 superbientem
1725 1129 1956 1192 videret,
1986 1130 2040 1183 in

466 1217 705 1267 mentem
751 1214 872 1282 ejus
903 1215 1117 1270 inducit
1175 1216 1316 1273 alios
1371 1219 1466 1288 qui
1508 1227 1729 1287 natura,
1763 1221 1901 1276 alios
1946 1221 2040 1291 qui

465 1301 748 1360 voluntate
782 1305 832 1360 ei
866 1307 1162 1377 propinqui
1214 1318 1379 1374 sunt,
1428 1310 1680 1367 addendo
1721 1326 1785 1366 ea
1820 1327 1943 1382 qua;
1985 1315 2039 1368 in

465 1397 727 1466 parabola
787 1397 845 1452 in
903 1414 1017 1454 rem
1076 1410 1594 1458 commemorantur.
1650 1403 1920 1462 Adamum
1981 1414 2042 1460 ut

463 1502 814 1546 communem
861 1492 1104 1547 omnium
1149 1509 1415 1564 proavum
1463 1495 1518 1550 in
1571 1496 1807 1552 medimn
1861 1497 2038 1562 aﬂert,

462 1580 670 1652 quippe
715 1598 784 1639 ex
817 1600 928 1654 quo
975 1600 1170 1641 omnes
1222 1586 1422 1643 fratres
1453 1596 1509 1644 et
1555 1590 1795 1660 proximi
1843 1591 1957 1647 sint
1985 1600 2041 1648 et

465 1669 696 1729 habendi
725 1683 779 1730 et
821 1678 1174 1744 nominandi;
1208 1679 1334 1735 dein
1367 1679 1566 1736 fratres
1606 1689 1662 1737 et
1705 1684 2039 1754 propinquos

463 1777 560 1820 eos
581 1775 864 1836 nuncupat
893 1768 985 1838 qui
1009 1779 1198 1824 mutuo
1229 1785 1293 1824 ac
1323 1770 1641 1827 voluntario
1670 1772 2040 1830 beneﬁcentia:

2155 581 2218 633 Ὢ
2245 580 2422 650 δεινῆς
2445 576 2817 649 ὑπερηφανίας
2852 575 2864 628 l
2906 573 3046 627 ιΚαὶ
3069 573 3152 634 τίς
3180 571 3282 642 μού
3308 573 3433 624 ἔστι
3450 569 3699 639 πλησίω.»

2150 674 2311 743 (mel;
2338 675 2445 726 Καὶ
2477 672 2594 744 μεθ’
2626 671 2810 742 Erepsi“
2840 665 2986 736 Ἀρα
3013 669 3076 721 ού
3108 671 3292 738 πατήρ
3311 666 3400 720 σοί
3433 668 3603 730 ἐστιν,
3630 668 3704 720 ἀνα

2150 763 2356 834 θρωπε,
2405 763 2467 816 ού
2513 764 2716 833 μήτηρ,
2757 761 2856 813 οὐκ
2886 758 3134 828 ἀδελφὸς,
3177 758 3238 810 οὐ
3271 758 3471 826 φίλος.
3500 757 3564 808 οὐ
3596 772 3706 823 σ’λτο

2148 855 2332 925 γενὴς,
2360 855 2424 907 ού
2460 853 2675 922 γείτων,
2707 853 2810 906 οὐκ
2837 852 3193 922 ἀγχιστεύων.
3240 849 3371 903 οὐδέ
3411 865 3502 911 τις
3526 847 3632 900 τῶν
3661 851 3708 900 ἐν

2147 950 2213 1018 τῇ
2241 947 2393 1002 πόλει
2423 947 2641 1018 ἓτεροςς
2673 944 2779 998 Φεῦ
2833 945 2931 1014 τῆς
2975 945 3206 1014 οἰήσεως
3251 942 3349 995 καὶ
3386 941 3490 1010 τῆς
3538 939 3708 1002 ἀλαζο-

2147 1039 2323 1102 νείας-ι
2385 1037 2558 1102 οὕτως
2627 1038 2820 1093 ἑαυτὸν
2878 1037 3179 1108 ὑπέρτερον
3222 1035 3323 1104 τῆς
3379 1032 3709 1103 ἀνθρωπίνης

2147 1131 2363 1204 ἡγεῖται
2403 1132 2636 1202 φύσεως.
2669 1132 2759 1186 Διὸ
2793 1133 2886 1185 καὶ
2919 1133 2947 1185 ὁ
2973 1129 3166 1200 Σωτὴρ
3198 1128 3380 1190 οὓτως
3411 1125 3542 1179 ἰδὼν
3571 1127 3708 1195 ἀνοη-

2145 1226 2419 1287 ταίνοντα,
2452 1229 2546 1279 καὶ
2591 1225 2698 1278 τῶν
2735 1227 2793 1280 ὲν
2841 1223 2998 1296 φύσει
3042 1223 3467 1292 ὑπομιμνήσκει
3501 1219 3711 1289 πλησια-

2148 1318 2368 1383 ζόντων,
2404 1320 2502 1373 καὶ
2540 1318 2649 1371 τῶν
2683 1320 2740 1371 ὲν
2770 1317 3106 1390 προαιρέσει,
3139 1317 3234 1370 καὶ
3280 1316 3396 1368 τῶν
3423 1313 3602 1368 ἄλλων
3625 1314 3713 1364 τῶν

2144 1412 2204 1463 ὲν
2235 1413 2301 1482 τῇ
2349 1410 2632 1482 παραϐολῇ
2683 1410 3166 1482 δηλωθησομένων,
3226 1409 3321 1462 ἵνα
3369 1406 3590 1476 πατέρα
3632 1406 3713 1474 μὲν

2146 1504 2323 1557 κοινὸν
2364 1503 2455 1556 τὸν
2486 1503 2810 1575 προπάτορα
2855 1503 3011 1574 ἡμῶν
3056 1503 3230 1573 Ἀδάμ.
3278 1500 3522 1570 ἐπιγνῷ.
3573 1499 3629 1564 ἐξ
3662 1492 3710 1552 οὗ

2145 1601 2349 1661 πάντες
2376 1597 2653 1669 ἀνθρωττοι
2689 1596 2936 1666 ἀλλήλων
2963 1595 3202 1664 ἀδελφοὶ,
3233 1594 3338 1647 καὶ
3366 1592 3622 1662 πλησίον.
3641 1592 3710 1644 διὰ

2143 1691 2242 1762 τὴν
2283 1691 2340 1743 ὲν
2380 1690 2574 1761 ἐκείνῳ
2605 1688 2906 1750 κοινωνίαν,
2935 1686 3213 1740 καλεῖσθαι
3260 1684 3412 1748 ἄξιοι
3435 1700 3448 1712 ·
3493 1681 3609 1737 εἶτα
3635 1685 3712 1738 καὶ

2145 1785 2274 1846 τοὺς
2302 1782 2445 1837 κατὰ
2478 1780 2796 1853 προαίρεσιν
2833 1779 3093 1849 ἀλλήλους
3119 1778 3474 1847 εὐεργετεῖν,
3524 1775 3616 1827 καὶ
3638 1775 3710 1826 ὑπ’

463 1856 688 1912 vinculo
713 1856 1040 1930 junguntur,
1061 1876 1236 1930 eoque
1266 1861 1440 1932 magis
1475 1862 1622 1931 quod
1665 1878 1773 1918 non
1813 1873 2030 1931 natura,

2144 1875 2386 1946 ἀλλήλων
2419 1871 2820 1944 εὐερῃτεῖσθαι
2845 1871 3146 1934 ἐθέλοντας,
3174 1867 3459 1935 ἀδελφοὺς
3482 1866 3576 1919 καὶ
3601 1866 3710 1936 :11;-

465 1950 561 2002 sed
599 1948 766 2005 libera
812 1951 1090 2008 voluntate
1139 1955 1456 2009 societatem
1493 1955 1636 2011 inter
1671 1973 1732 2012 se
1779 1957 2038 2014 inierunt.

468 2037 690 2108 gﬂiimo
739 2041 1042 2100 descendit.
1067 2063 1084 2095 ι
1123 2043 1290 2102 Vides
1339 2049 1675 2116 parabolam,
1719 2057 1776 2104 et
1819 2066 1944 2106 cum
1977 2067 2040 2108 ea

464 2133 743 2189 Christum
791 2135 884 2206 qui
938 2137 1234 2208 legiSperiti
1287 2140 1530 2194 animum
1563 2143 1628 2196 ad
1681 2143 1898 2199 saniora
1952 2161 2040 2200 re-

460 2223 651 2291 ducit;
710 2226 862 2283 vides
922 2227 1201 2285 Christum
1254 2247 1322 2287 ex
1363 2233 1574 2288 Adamo
1627 2237 2039 2306 procedentem,

460 2331 674 2387 nosque
728 2333 922 2376 omnes
979 2322 1298 2379 edocentem
1354 2326 1521 2394 quod,
1569 2327 1615 2382 si
1659 2327 1728 2382 de
1773 2329 2040 2385 virtutum

461 2406 680 2480 fastigio
714 2411 784 2465 ad
818 2412 1078 2469 vitiorum
1126 2417 1382 2490 abyssum
1416 2419 1749 2484 delabimur,
1774 2436 1804 2475 a
1835 2422 2043 2479 dolosis

460 2498 800 2572 decipiemur
845 2506 1218 2576 praedonibus,
1270 2522 1324 2566 et
1376 2512 1484 2567 nisi
1536 2515 1868 2583 quantocius
1915 2515 2041 2571 inde

459 2608 840 2665 emergamus.
884 2601 1045 2656 morti
1096 2604 1265 2658 animi
1323 2613 1542 2662 reternaa
1594 2609 1896 2664 trademur.
1947 2608 2040 2666 Sic

459 2681 631 2756 igitur
688 2689 984 2761 legisperiti
1044 2711 1230 2752 mores
1287 2699 1668 2767 corriguntur,
1724 2703 1840 2772 ipse
1891 2703 2038 2758 enim

457 2780 762 2836 secundum
810 2792 1138 2852 praeceptum
1183 2806 1202 2839 ι
1230 2787 1403 2860 Dilige
1437 2792 1748 2861 proximum
1797 2802 1982 2861 tuum,
2013 2816 2032 2849 ι

459 2878 534 2938 et,
574 2890 595 2926 ι
626 2871 765 2929 0dio
792 2875 934 2932 habe
965 2877 1247 2934 inimicum
1276 2887 1454 2945 tuum,
1494 2903 1512 2936 ι
1557 2892 1812 2939 naturam
1844 2888 1897 2941 in
1928 2888 2038 2943 duo

458 2962 754 3020 dividendo
773 2981 990 3024 omnem
1018 2969 1379 3042 alienigenam
1406 2989 1503 3042 pro
1525 2974 1678 3032 hoste
1705 2978 1886 3034 habet.
1928 2977 2036 3036 Lex

455 3054 601 3110 enim
624 3056 870 3128 quaedam
895 3059 1140 3116 hostilem
1160 3065 1215 3117 in
1237 3065 1567 3138 alienigenas
1588 3084 1773 3139 gerere
1793 3071 2035 3126 animum

451 3147 630 3217 jubet,
661 3167 769 3207 non
811 3160 923 3208 tam
971 3155 1098 3211 odio
1123 3185 1193 3196 -—
1225 3159 1535 3215 communis
1579 3162 1729 3215 enim
1775 3163 2033 3219 omnibus

456 3248 651 3297 natura
672 3275 772 3308 —,
797 3246 892 3302 sed
920 3249 1048 3318 quia
1073 3264 1200 3304 cum
1233 3250 1342 3308 illis
1371 3262 1743 3310 commeantes
1773 3270 1879 3310 non
1905 3271 2031 3312 raro

455 3349 646 3392 eorum
708 3339 1070 3396 idololatriam
1124 3345 1611 3414 amplectebantur.
1663 3347 1783 3402 Non
1838 3365 2031 3406 omnes

455 3446 622 3502 porro
646 3430 864 3488 Judseos
889 3434 994 3489 sibi
1031 3437 1374 3507 propinquos
1401 3440 1646 3508 putabat,
1669 3442 1764 3496 sed
1791 3457 1886 3498 eos
1909 3453 2030 3497 tan-

455 3528 572 3575 tum
597 3523 691 3593 qui
713 3523 766 3578 in
783 3524 1081 3581 virtutibus
1097 3527 1420 3586 exercendis
1437 3543 1560 3584 cum
1585 3530 1704 3600 ipso
1721 3533 2025 3589 certabant.

457 3611 566 3670 Sed
592 3615 844 3672 nomicus
869 3625 1074 3682 noster,
1094 3619 1178 3672 sui
1198 3618 1412 3689 plenus,
1437 3622 1694 3676 omnibus
1719 3625 2030 3692 praecellere

454 3716 631 3772 ratus.
664 3709 934 3764 neminem
964 3724 1024 3765 re
1065 3717 1160 3764 aut
1195 3711 1414 3766 nomine
1463 3712 1756 3782 semetipso
1803 3714 2026 3784 dignum

455 3801 846 3857 arbitrabatur.
871 3800 1052 3870 Quare
1084 3802 1342 3858 Christus
1370 3803 1555 3868 istius,
1576 3812 1632 3860 et
1657 3805 1902 3859 omnium
1930 3805 2027 3876 qui

454 3893 648 3950 eadem
708 3894 910 3952 misera
961 3895 1278 3950 conditione
1335 3894 1518 3950 amicti
1559 3906 1741 3958 erant,
1774 3898 2024 3953 morbum

453 3993 772 4053 sanaturus,
806 3988 1102 4042 universim
1133 4005 1151 4038 ι
1175 3989 1352 4042 Homo
1384 3988 1604 4058 quidam
1631 4007 1650 4039 ι
1679 3988 1889 4052 dicens,
1915 4007 2022 4045 non

453 4075 602 4132 hunc
619 4084 714 4130 aut
737 4075 913 4139 illum,
937 4087 1146 4130 natura:
1166 4076 1416 4131 humanae
1441 4077 1766 4148 participem
1790 4081 2022 4149 proximi

451 4169 896 4226 denominatione
940 4169 1338 4239 designandum
1383 4186 1507 4226 esse
1538 4171 1738 4233 innuit,
1767 4180 1821 4225 et
1851 4174 2022 4243 legem

450 4278 571 4334 quae
587 4283 608 4314 ι
632 4264 768 4316 Ama
785 4261 1116 4331 proximum,
1144 4281 1162 4312 ι
1182 4270 1286 4325 et,i
1307 4261 1448 4317 Odia
1467 4263 1665 4318 habeto
1684 4263 2017 4327 inimicum.

451 4366 709 4424 tanquam
742 4351 1118 4423 imperfectam
1150 4355 1412 4422 praeterit,
1443 4369 1599 4409 suam
1633 4357 2021 4413 substituendu

449 4461 613 4517 quam
649 4445 776 4501 alibi
807 4460 1028 4515 quoque
1063 4447 1431 4510 comnmndat,
1465 4465 1484 4498 ι
1513 4449 1727 4518 Diligite
1766 4450 2020 4505 inimicos

2143 1967 2256 2020 σίον
2285 1964 2561 2019 καλέσειεν
2584 1980 2598 1994 ·
2621 1963 2672 2016 οἳ
2702 1961 2904 2018 καὶτοῦ
2927 1961 3152 2032 πλησίον
3182 1961 3294 2012 εἰσὶ
3322 1958 3707 2028 πλησιαίτεροι,

2141 2058 2373 2128 ἐπείπερ
2409 2058 2468 2111 οὺ
2517 2055 2675 2126 φύσει
2723 2057 2903 2126 μόνον,
2955 2052 3091 2108 ἀλλά
3127 2053 3222 2105 καὶ
3275 2051 3612 2122 πφαιῴσει
3638 2048 3708 2101 τὸν

2141 2149 2277 2220 πρὸς
2309 2149 2571 2220 ἀλλήλους
2613 2147 2796 2218 ἔχουσι
2821 2146 3184 2216 πλησιασμόν.
3223 2163 3242 2195 ι
3276 2143 3611 2213 Ἄνθρωπός
3642 2158 3708 2203 τις

2141 2240 2479 2296 κατέϐαινεν.
2513 2259 2532 2292 ι
2568 2240 2709 2310 Ὅρα
2737 2238 3072 2310 παραϐολὴν,
3109 2238 3206 2291 καλ⁵
3233 2236 3339 2306 τὴν
3380 2233 3484 2287 τοῦ
3509 2232 3709 2302 νομπῦ

2141 2333 2484 2406 ὲσφαλμένην
2508 2333 2744 2386 διάνοιαν
2769 2330 3176 2403 διορθουμένην,
3204 2329 3305 2382 καὶ
3339 2327 3446 2397 τὴν
3468 2326 3530 2392 ἐξ
3565 2326 3709 2394 Ἀδὰμ.

2140 2424 2254 2488 ἓως,
2283 2421 2521 2495 Χριστοῦ
2551 2423 2885 2476 κατάστασιν
2919 2418 3417 2487 ὑπαινιττομένην,
3455 2417 3552 2468 καὶ
3578 2416 3709 2484 ἡμῶν

2139 2514 2370 2567 ἕκαστον
2394 2512 2770 2575 διδάσκουσαν,
2800 2512 2946 2574 ὅπως
2988 2510 3116 2563 ὅταν
3149 2508 3210 2575 ἐξ
3244 2507 3426 2577 ὕψους
3458 2507 3708 2566 πολιτείας

2139 2605 2398 2680 ἐναρέτου
2427 2608 2504 2670 εἰς
2542 2604 2702 2676 βάθος
2740 2603 2978 2675 ἀνομιῶν
3009 2603 3238 2665 ἑαυτοὺς
3269 2599 3707 2667 κατενέγκωμεν,

2140 2701 2244 2753 ὑπὸ
2271 2699 2484 2771 λῃστῶν
2509 2697 2922 2770 τιτρωσκόμεθα
2956 2693 3180 2766 νοητῶν,
3212 2697 3312 2747 καὶ
3341 2695 3395 2746 εί
3426 2694 3509 2764 μὴ
3541 2692 3708 2746 θᾶττον

2137 2792 2512 2864 ἀνανήψαντες
2553 2790 2762 2844 ἐκεῖθεν
2812 2788 3226 2859 ἀνακληθῶμεν,
3268 2786 3356 2856 τῷ
3396 2786 3507 2854 τῆς
3553 2784 3708 2853 ψυχῆς

2137 2887 2338 2958 αἰωνίῳ
2357 2883 2878 2954 καθυποϐαλλὸμεθα
2892 2882 3124 2950 θανάτῳ·
3143 2879 3242 2932 καὶ
3259 2881 3360 2932 τὸν
3380 2879 3484 2948 μὲν
3507 2876 3706 2946 νομικὸν

2136 2977 2309 3040 οὕτως
2332 2977 2653 3048 διορθοῦται.
2686 2975 2846 3036 αὐτὸς
2874 2974 2982 3045 γάρ
3013 2973 3153 3025 κατά
3178 2972 3295 3032 τὸν,
3337 2989 3358 3021 ι
3382 2969 3704 3039 “far-.1365;

2134 3068 2226 3122 τὸν
2254 3067 2480 3138 πλησίον
2514 3083 2630 3131 σου,
2659 3085 2677 3118 ι
2703 3066 2817 3127 καὶ,
2857 3083 2874 3114 ι
2897 3064 3161 3134 Μισήσεις
3190 3061 3281 3113 τὸν
3308 3059 3518 3129 ἐχθρόν
3552 3076 3659 3121 σου,
3685 3077 3701 3107 i

2134 3159 2428 3216 κελεύοντα
2454 3158 2636 3228 νόμον,
2668 3155 2788 3228 διχῆ
2813 3155 2910 3227 τὴν
2936 3153 3095 3223 φύσιν
3117 3152 3375 3225 διαιρῶν,
3401 3151 3603 3222 ἐχθρὸν
3624 3151 3707 3218 μὲν

2135 3252 2351 3318 ἑαυτοῦ,
2381 3253 2561 3307 πάντα
2592 3251 2874 3322 ἄνθρωπον
2901 3250 3116 3318 ἡγεῖται
3152 3244 3428 3314 ἀλλοεθνῆ
3445 3259 3462 3272 ·
3492 3243 3591 3297 καὶ
3613 3243 3706 3308 γαρ

2131 3349 2195 3419 δὴ
2224 3348 2321 3400 καὶ
2344 3342 2414 3418 ἦν
2445 3345 2606 3415 νόμος
2646 3345 2828 3406 αὐτοῖς
2858 3341 3143 3413 ἐχθρωδῶς
3179 3339 3322 3409 πρὸς
3351 3338 3572 3398 πάντας
3597 3336 3706 3397 τεὺς

2131 3442 2191 3507 ἐξ
2227 3439 2396 3494 ἐθνῶν
2429 3437 2764 3501 διακεῖσθαι,
2813 3436 2875 3490 ού
2899 3434 3060 3506 μίσει
3090 3433 3170 3503 τῷ
3202 3433 3348 3502 πρὸς
3385 3433 3497 3501 τὴν
3539 3429 3706 3497 κανῄ

2130 3534 2310 3605 φύσιν,
2362 3531 2498 3584 ἀλλά
2522 3529 2608 3582 διὰ
2647 3527 2709 3582 τὸ
2754 3525 3068 3588 πλειστάκις
3095 3525 3299 3587 αὐτοὺς
3335 3525 3408 3576 ὲκ
3448 3523 3554 3592 τῆς
3571 3517 3706 3591 ’πρὶς

2127 3626 2197 3680 τὰ
2231 3625 2359 3696 ἔθνη
2399 3621 2724 3684 οίκειώσεως
2761 3621 2840 3683 είς
2880 3618 2978 3688 τὴν
3001 3617 3227 3670 ἐκείνων
3260 3613 3704 3684 εἰδωλολατρείαν

2127 3718 2398 3772 ἐκκλίνειν
2417 3733 2432 3746 ⁸
2476 3714 2762 3777 Ἰουδαίους
2787 3711 2844 3765 δὲ
2879 3710 3106 3782 πλησίον
3135 3707 3338 3762 ἑαυτοῦ
3378 3709 3591 3776 ἡγεῖτο,
3620 3704 3706 3756 καὶ

2125 3809 2250 3865 οὐδὲ
2269 3809 2490 3870 τούτους
2513 3805 2745 3867 πάντας,
2774 3801 2888 3856 ἀλλ’
2913 3803 2964 3855 εί
2987 3817 3134 3862 τινες
3154 3798 3221 3852 ἀν
3251 3797 3542 3869 εὑρεθεῖεν
3567 3792 3704 3861 αὐτῷ

2124 3905 2225 3974 τὴν
2267 3901 2467 3972 ἀρετὴν
2521 3896 2826 3968 ἐφάμιλλοι.
2885 3892 3189 3963 Οἱηματίας
3239 3889 3298 3942 δέ
3346 3907 3435 3952 τις
3484 3888 3584 3942 ῶν.
3617 3887 3704 3938 καὶ

2124 3998 2298 4052 δοκῶν
2355 3995 2573 4046 πάντων
2615 3993 2682 4061 τῇ
2722 3990 2891 4060 ἀρετῇ
2944 3983 3256 4056 ὑπερέχειν,
3305 3981 3512 4034 οὐδένα
3564 3978 3703 4049 esse.

2124 4087 2352 4159 πλησίον
2391 4083 2557 4138 αὐτοῦ
2591 4082 2624 4153 ἢ
2667 4077 2808 4134 εἶναι
2852 4082 2887 4148 ἢ
2916 4075 3202 4147 λέγεσθαι·
3244 4073 3365 4128 ἀλλ’
3403 4075 3437 4126 ὁ
3478 4073 3703 4142 Χριστὸς

2122 4181 2220 4253 τὴν
2245 4178 2408 4234 αὑτοῦ
2443 4177 2536 4230 καὶ
2557 4175 2666 4228 τῶν
2697 4173 2768 4226 τὰ
2798 4172 2888 4225 ἴσα
2916 4169 3066 4238 αύτῷ
3097 4167 3404 4222 νοσούντων
3430 4164 3704 4234 ἀγνωσίαν

2122 4268 2459 4340 ἐπανορθῶν,
2484 4265 2705 4335 ὀνόματι
2729 4262 2892 4334 κοινῷ
2919 4261 3027 4332 τῷ,
3067 4258 3431 4328 «Ἄνθρωπός
3464 4274 3575 4319 τις,
3597 4275 3614 4306 ι
3645 4255 3702 4307 οὗ

2121 4365 2268 4419 τόνδε
2299 4366 2332 4437 ἢ
2353 4364 2522 4426 τόνδε,
2545 4361 2682 4416 ἀλλὰ
2710 4360 2890 4412 πάντα
2917 4359 3008 4412 τὸν
3030 4355 3382 4428 ἀνθρωπίνης
3406 4353 3704 4421 μετέχοντα

2121 4461 2336 4531 φύσεως
2362 4459 2589 4528 πλησίον
2608 4458 2717 4510 δεῖν
2742 4454 3023 4508 καλεῖσθαι
3045 4451 3284 4506 διδάσκει
3304 4466 3322 4481 ο
3366 4448 3470 4500 καὶ
3517 4446 3704 4517 ἐχθρὸν

446 4552 684 4603 vestros,
727 4538 1026 4594 benefaeite
1072 4539 1138 4594 iis
1189 4539 1281 4609 qui
1315 4539 1552 4595 oderunt
1597 4557 1714 4605 vos,
1757 4549 1812 4597 et
1861 4551 2020 4598 orate

2132 4555 2246 4627 μηδ’
2264 4551 2540 4608 ὁντιναοῦν
2568 4547 3116 4616 είδέναιθεσμοθετεῖ,
3133 4542 3222 4596 τὸν
3253 4541 3610 4611 μὲνίλέγοντα
3621 4539 3704 4590 νεί-

446 4648 550 4704 pro
576 4632 1028 4703 persequentibus
1053 4647 1172 4686 vos.
1205 4651 1223 4684 ι
1256 4631 1460 4689 Omnes
1497 4633 1811 4704 hujusmodi
1843 4633 2016 4691 Judaei

446 4726 704 4783 inimicos
724 4725 1041 4786 credebant.
1070 4726 1349 4795 proximos
1365 4734 1546 4780 autem
1567 4726 1659 4795 qui
1682 4729 2016 4784 contrarium

445 4817 744 4874 faciebant.
773 4814 891 4870 Tali
951 4817 1114 4870 modo
1146 4817 1312 4888 igitur
1347 4819 1720 4888 legisperitum
1765 4829 1939 4875 tentat
1962 4831 2017 4876 et

444 4926 545 4982 per
579 4909 896 4980 parabolam
940 4922 1007 4962 eo
1047 4908 1265 4978 redigit,
1298 4917 1372 4962 ut-
1399 4909 1484 4964 rel
1527 4910 1732 4966 invitus
1781 4911 2019 4966 fateatur

443 5002 618 5072 legem
649 5013 774 5054 esse
799 4996 1173 5068 imperfectam
1207 5013 1312 5068 qua
1341 5000 1584 5070 praecipit
1613 5001 1797 5057 odisse
1836 5002 2018 5057 inimi-

443 5109 570 5149 cum
618 5099 674 5148 et
721 5091 949 5162 diligere
995 5090 1341 5161 proximum;
1391 5093 1683 5162 perfectam
1741 5103 1920 5149 autem
1963 5102 2018 5149 et

445 5185 790 5257 perﬁciendis
839 5183 909 5240 iis
950 5183 1044 5254 qui
1087 5199 1206 5238 eam
1248 5193 1572 5254 sequuntur,
1616 5186 1866 5241 idoneam
1893 5204 2015 5242 eam

441 5293 608 5348 quam
637 5275 716 5332 illi
744 5276 1052 5343 substituit,
1073 5284 1128 5332 et
1147 5291 1268 5346 qua:
1288 5277 1448 5333 docet
1469 5293 1662 5332 omnes
1683 5279 2012 5349 diligendos,

442 5369 719 5426 neminem
761 5383 860 5438 pro
907 5369 1068 5425 hoste
1096 5369 1409 5425 habendum
1449 5384 1596 5433 esse,
1637 5386 1735 5440 pro
1768 5371 2018 5440 proximo

443 5473 626 5521 autem
643 5465 956 5534 quicunque
973 5462 1177 5517 auxilio
1197 5463 1425 5532 indiget,
1451 5462 1566 5517 sive
1595 5463 1868 5530 ethnicus,
1899 5463 2014 5518 sive

440 5556 683 5613 Iudaeus.
707 5557 800 5612 Sic
822 5558 990 5627 igitur
1012 5557 1351 5612 sacerdotem
1370 5571 1432 5610 ac
1451 5556 1668 5610 levi-tam
1696 5556 1786 5625 qui
1811 5557 2014 5610 nullam

442 5649 492 5702 ei
523 5649 619 5720 qui
649 5649 795 5704 inter
828 5648 1072 5704 latrones
1118 5647 1396 5702 ceciderat
1439 5663 1598 5716 opem
1646 5649 1839 5711 tulere,
1867 5651 2015 5705 velut

445 5756 555 5797 non
586 5743 885 5810 proximos,
915 5741 1025 5794 imo
1064 5748 1124 5794 ut
1164 5740 1521 5810 alienigenas,
1551 5748 1611 5794 ut
1644 5740 1877 5795 sicarios
1920 5742 2016 5797 de-

444 5840 734 5891 monstrat.
763 5831 1089 5904 Quicunque
1126 5833 1268 5887 cnim
1303 5847 1523 5887 manum
1573 5849 1680 5888 non
1709 5833 2013 5904 porrigitci

2121 4661 2271 4714 μον,ι
2295 4641 2621 4710 ’Δγαπήσεις
2641 4639 2730 4692 τὸν
2747 4636 2969 4706 πλησίον
2987 4651 3103 4699 σου,
3118 4653 3134 4683 ι
3160 4632 3601 4700 καὶ,‹Μισήσεις
3620 4628 3707 4681 τόν

2118 4732 2311 4806 ἐχθρόν
2341 4749 2455 4793 σου,
2473 4750 2490 4783 ι
2513 4729 2590 4793 ὡς
2615 4728 2781 4798 ἀτελῆ
2813 4725 3047 4798 παριὼν,
3063 4726 3153 4778 τὸν
3179 4725 3235 4777 δὲ
3260 4722 3470 4776 ἑαυτοῦ
3497 4736 3706 4775 συνεισ-

2119 4826 2300 4898 φέρων
2323 4863 2338 4887 ,
2367 4823 2426 4877 ὃν
2479 4823 2575 4875 καὶ
2611 4820 2844 4890 ἀλλαχοῦ
2897 4818 3077 4888 τίθησι
3126 4817 3302 4884 λέγων
3335 4833 3348 4845 ·
3376 4834 3394 4865 ι
3420 4815 3704 4882 ’Δγαπὶτε

2115 4919 2240 4980 τοὺς
2290 4915 2516 4986 ἐχθροὺς
2566 4912 2740 4983 ὑμῶν,
2788 4909 2968 4974 καλῶς
3027 4911 3228 4962 ποιεῖτε
3275 4909 3392 4970 τοῖς
3453 4904 3706 4974 μισοῦσιν

2117 5011 2281 5081 ὑμᾶς,
2311 5013 2405 5062 καὶ
2437 5005 2802 5078 προσεύχεσθε
2830 5005 2972 5074 ὑπὲρ
3001 5003 3108 5056 τῶν
3145 5001 3580 5072 ἐπηρεαζόντων
3616 5000 3708 5052 καὶ

2115 5101 2415 5155 διωκόντων
2437 5100 2634 5169 ὑμᾶς’)
2660 5097 2815 5168 δῆλον
2843 5096 2952 5167 γὰρ
2983 5096 3063 5147 ὃτι
3097 5095 3223 5157 τοὺς
3253 5093 3543 5156 τοιούτους
3572 5095 3708 5145 πὲρ-

2114 5209 2214 5255 τας
2249 5191 2476 5263 ἐχθροὺς
2521 5189 2751 5261 ἡγοῦντο
2809 5187 3075 5242 Ἰουδαῖοι·
3134 5188 3261 5248 τοὺς
3325 5185 3382 5236 δὲ
3439 5187 3709 5238 τάναντία

2117 5286 2430 5349 ποιοῦντας,
2467 5283 2715 5353 πλησίον.
2740 5281 2903 5335 Ὅθεν
2935 5279 3076 5335 οὕτω
3114 5281 3205 5333 τὸν
3243 5279 3477 5348 νομικὸν
3510 5279 3708 5334 ἱππ-,ἐ-

2117 5377 2221 5442 ξει,
2261 5375 2354 5430 καὶ
2379 5374 2641 5444 κατάγχει
2661 5377 2729 5445 τῇ
2755 5373 2857 5443 τῆς
2881 5371 3194 5444 παραϐολῆς
3213 5371 3471 5440 δυνάμει,
3501 5373 3588 5433 ὡς
3618 5369 3710 5421 καὶ

2115 5469 2315 5524 ἄκοντα
2358 5465 2758 5535 ἀνομολογῆσαι
2790 5465 2951 5536 ἀτελῆ
2981 5464 3078 5534 μὲν
3113 5460 3273 5529 εἶναι,
3305 5463 3400 5517 καὶ
3443 5464 3710 5518 ἀτελέσιν

2115 5557 2365 5630 εἰρῆσθαι
2413 5558 2526 5620 τὸν,
2586 5559 2764 5627 μισεῖν
2799 5557 2890 5609 τὸν
2945 5555 3160 5626 ἐχθρὸν,
3222 5558 3450 5625 ἀγαπᾷν
3499 5558 3572 5609 δὲ
3621 5558 3714 5608 τήν

2116 5651 2365 5724 πλησίον,
2419 5649 2709 5705 κελεύοντα
2751 5649 2942 5719 νόμον·
2990 5649 3324 5703 τελειότατον
3353 5650 3414 5702 δὲ
3470 5652 3581 5704 καὶ
3625 5667 3711 5702 τε-

2115 5745 2418 5809 λειοποιὸν,
2461 5743 2521 5797 δν
2571 5743 2732 5807 αὐτὸς
2791 5743 3141 5813 θεσμοθετεῖ·
3187 5745 3406 5814 ἀγαπᾷν
3473 5747 3711 5802 πάντες

2073 5893 2094 5916 ,ν
2121 5836 2306 5902 ἁπλῶς
2335 5835 2620 5906 διδάσκων,
2657 5837 2750 5891 καὶ
2795 5836 3020 5908 μηδένα,
3044 5836 3171 5893 ἔνθα
3206 5836 3309 5912 χρὴ
3351 5837 3708 5907 εὖεργετεξν,
