4104 6544
548 740 809 898 DE
918 731 1932 897 THEODORI
2068 719 3434 886 MOPSUESTENI

1302 1046 1662 1164 VITA
1737 1045 1924 1160 ET
2018 1037 2686 1162 SCRIPTIS

714 1307 1617 1408 COMMENTATIO
1692 1302 2357 1396 HISTORICA
2431 1293 3264 1391 THEOLOGICA.

1865 1539 2005 1586 δοίη
2015 1538 2150 1584 PSIT

1388 1674 1612 1738 orm
1664 1642 2086 1735 FRIDOLIN
2141 1669 2624 1732 FRITZSCHE

1676 1834 1963 1873 'IIIEOLOGIE
2005 1835 2327 1872 LICENTIATUS.

1163 1953 1365 2024 (Hala,
1395 1951 1676 2015 sumptibus
1700 1948 1915 2001 libraria
1938 1947 2370 2011 Orphauotrophei
2393 1945 2812 2000 MDCCCXXXVL
2832 1948 2854 2009 ἢ

1945 2121 2020 2138 #-

1601 2273 2432 2388 PRfEFATlO.

1958 2527 1992 2540 αν

414 2666 634 2725 schola
676 2663 1027 2718 Antiochena
1053 2702 1070 2728 ,
1111 2675 1234 2732 qua
1278 2674 1306 2713 a
1348 2655 1637 2711 Dorotlreo
1677 2663 1732 2710 et
1771 2653 2054 2720 Lueiano,
2099 2653 2440 2725 presbyteris
2468 2696 2483 2720 ,
2522 2654 2626 2709 sub
2662 2651 2824 2707 ﬁnem
2866 2651 3052 2707 saculi
3091 2653 3238 2707 tertii
3277 2653 3503 2707 condita
3541 2662 3624 2710 est
3653 2694 3668 2717 ,

340 2777 478 2818 cum
531 2776 596 2816 ea
648 2759 738 2813 via
777 2754 1060 2810 incederet
1101 2767 1267 2824 quam
1313 2751 1531 2822 priores
1581 2749 1840 2803 doctores
1879 2747 2209 2803 Antiocheni
2253 2747 2523 2810 inierant,
2561 2745 2893 2816 theologiam
2935 2744 3140 2800 sensim
3181 2760 3244 2798 ac
3287 2745 3548 2815 paulatim
3591 2747 3668 2801 ita

344 2853 560 2911 studiis
594 2852 716 2907 suis
751 2855 1044 2922 persecuta
1080 2854 1202 2909 est,
1237 2856 1298 2900 ut
1347 2843 1530 2896 indole
1563 2855 1669 2895 sua
1710 2837 1976 2909 peculiari
2016 2837 2314 2893 admodum
2354 2837 2640 2908 splendeat
2681 2851 3067 2907 summamque
3109 2835 3215 2890 vim
3266 2837 3320 2890 in
3361 2835 3668 2892 Ecclesiam

344 2943 605 3002 Graecam
646 2939 983 2996 exhibuerit.
1026 2936 1261 2992 Frustra
1304 2934 1450 2990 enim
1493 2931 1755 2988 Ecclesia
1793 2931 2000 2987 Graca
2024 2969 2040 2996 ,
2085 2931 2286 2986 veteris
2349 2933 2590 2986 maxime
2617 2970 2630 2994 ,
2693 2930 2933 2985 rationes
2969 2930 3288 3000 perspicere
3327 2931 3624 2987 conaberis
3653 2971 3668 2996 ,

350 3042 466 3098 nisi
501 3039 838 3110 theologiam
870 3035 1278 3092 Antiochenam
1317 3031 1490 3103 probe
1523 3029 1872 3101 cognoveris.
1908 3027 2022 3084 Nec
2054 3028 2288 3083 nimium
2323 3026 2438 3081 dixi
2462 3067 2476 3091 ,
2513 3026 2623 3080 imo
2660 3033 2774 3080 tota
2808 3025 3084 3097 theologia
3119 3026 3306 3082 Graeca
3334 3068 3348 3090 ,
3386 3039 3509 3097 qua
3542 3028 3668 3096 qui-

347 3137 484 3191 dem
523 3131 658 3204 quid
698 3131 806 3187 sibi
846 3130 1012 3186 vellet
1045 3127 1255 3184 sciebat
1293 3139 1476 3196 neque
1511 3122 1755 3180 infausto
1793 3130 2024 3194 torpore
2062 3122 2374 3186 tenebatur,
2409 3136 2497 3174 me
2531 3119 2718 3190 judice
2752 3133 2855 3189 per
2893 3129 3206 3190 temporum
3238 3121 3534 3188 decursum
3569 3124 3674 3178 tri-

353 3227 565 3298 partita
613 3229 766 3288 erat,
816 3219 1231 3281 Alexandrina,
1284 3213 1627 3269 Antiochena
1680 3224 1730 3268 et
1785 3227 1909 3284 qua
1963 3209 2199 3265 mediam
2249 3209 2548 3279 quamdam
2590 3208 2733 3262 viam
2792 3208 2939 3264 iniit.
2991 3209 3131 3264 Cum
3172 3211 3344 3287 igitur
3385 3221 3536 3268 tanta
3588 3216 3674 3270 vis

359 3317 572 3372 schola
601 3313 967 3370 Antiochena
1007 3309 1206 3375 fuerit,
1249 3306 1489 3362 maxime
1524 3302 1819 3359 dolendum
1856 3301 2006 3371 quod
2046 3318 2158 3356 non
2196 3317 2264 3356 ea
2301 3299 2430 3355 luce
2469 3315 2580 3370 qua
2615 3299 2992 3354 Alexandrina
3033 3300 3359 3357 collus‘trata
3402 3311 3508 3360 est.
3553 3303 3673 3360 Hac

359 3411 589 3467 demum
623 3417 785 3466 atate
817 3408 888 3464 de
921 3420 984 3462 ea
1016 3402 1268 3460 nonnulli
1301 3398 1420 3457 νγ.
1454 3397 1565 3454 DD.
1600 3399 1919 3455 accuratius
1945 3397 2390 3469 disputaverunt,
2418 3396 2511 3467 qui
2535 3410 2851 3468 quanquam
2879 3397 2934 3452 in
2961 3399 3244 3456 nonnullis
3283 3411 3674 3471 peccaverunt,

356 3521 567 3576 magna
603 3519 703 3559 sua
742 3501 908 3556 laude
943 3500 1060 3554 hac
1095 3495 1282 3553 studia
1317 3492 1729 3549 excitaverunt.
2251 3515 2256 3518 -
3013 3572 3019 3578 ἱ

442 3595 555 3666 Ego
587 3608 718 3649 vero
749 3607 862 3661 quo
892 3589 1105 3644 diutius
1145 3588 1200 3640 in
1237 3581 1468 3639 historia
1505 3579 1886 3635 ecclesiastica
1919 3580 2332 3650 perscrutanda
2368 3579 2632 3636 versabar
2666 3590 2721 3636 et
2755 3595 2864 3651 quo
2894 3582 3070 3652 magis
3101 3584 3209 3638 vim
3254 3599 3319 3639 ac
3353 3588 3677 3656 gravitatem

360 3689 574 3745 schola
607 3683 974 3740 Autiochena
1006 3680 1412 3752 perspiciebam
1440 3719 1456 3744 ,
1494 3694 1562 3736 eo
1597 3680 1797 3750 majori
1833 3680 2021 3734 studio
2062 3681 2119 3734 in
2151 3679 2273 3751 ejus
2313 3696 2404 3737 res
2443 3679 2705 3750 inquisivi
2727 3720 2744 3745 ,
2783 3695 2904 3750 qua
2934 3681 2990 3735 in
3021 3681 3260 3735 maxima
3294 3697 3682 3742 monumento-

362 3802 493 3841 rum
553 3782 949 3838 historicorum
1004 3780 1236 3850 penuria
1274 3778 1349 3833 ita
1384 3775 1793 3848 quodammodo
1837 3777 2131 3832 dilucidari
2173 3787 2448 3847 possunt,
2484 3783 2545 3830 ut
2576 3777 2768 3846 quales
2807 3776 3044 3833 diversis
3085 3779 3432 3848 temporibus
3474 3781 3681 3852 singuli

364 3879 576 3936 schola
605 3876 758 3930 illius
788 3874 1047 3929 doctores
1084 3871 1289 3926 fuerint
1322 3871 1610 3942 anquiras.
1647 3869 1704 3924 In
1741 3870 1845 3924 hac
1878 3885 2010 3925 vero
2051 3869 2357 3940 perdidicili
2389 3868 2788 3940 disquisitione
2813 3909 2828 3933 ,
2871 3879 2926 3924 et
2966 3878 3215 3940 tempora
3252 3874 3428 3942 .probe
3466 3875 3681 3930 discer-

362 3971 552 4027 nenda
574 4009 588 4033 ,
621 3977 678 4025 et
717 3983 783 4023 ea
817 3982 948 4038 qua
979 3967 1321 4037 singulorum
1337 3964 1643 4021 doctorum
1677 3965 1902 4034 propria
1937 3972 2068 4020 sunt
2099 3977 2278 4034 neque
2311 3963 2367 4017 in
2403 3964 2578 4035 ipsam
2617 3965 2862 4020 scholam
2893 3961 3116 4019 cadunt.

441 4063 579 4130 Qua
606 4078 734 4117 cum
769 4062 845 4114 ita
873 4061 1022 4124 sint,
1055 4075 1238 4130 opera
1272 4060 1511 4130 pretium
1545 4073 1633 4113 me
1665 4057 1943 4112 facturum
1978 4057 2207 4128 putavi,
2244 4057 2289 4113 si
2327 4058 2382 4112 in
2415 4058 2582 4114 rebus
2616 4056 2894 4114 Theodori
2925 4060 3295 4127 Antioclieni,
3334 4061 3685 4134 Mopsuestia:

367 4155 619 4228 cpiscOpi
641 4195 658 4218 ,
690 4153 784 4224 qui
817 4152 1149 4222 theologiam
1179 4151 1580 4206 Antiochenam
1615 4149 1683 4204 ad
1717 4165 1838 4205 eam
1870 4165 2036 4221 quam
2067 4157 2230 4206 nacta
2257 4158 2342 4206 est
2372 4149 2765 4220 perfectionem
2794 4153 3006 4217 evexit,
3037 4169 3214 4209 meam
3246 4158 3686 4230 qualemcunque

364 4261 568 4302 curam
602 4245 942 4298 collocarem
975 4251 1142 4313 atque
1171 4243 1240 4298 de
1270 4242 1391 4312 ejus
1426 4243 1572 4308 vita,
1610 4241 1869 4313 scriptis,
1907 4240 2208 4314 Scriptura
2236 4258 2410 4299 sacra
2448 4245 2927 4316 interpretatione,
2965 4247 3251 4310 doctrina.
3298 4262 3581 4320 postremo
3617 4255 3688 4311 de

368 4339 496 4409 ejus
530 4336 662 4392 fatis
693 4344 826 4407 post
858 4334 972 4390 fata
1004 4335 1320 4390 accuratius
1352 4343 1783 4390 commentarer.
1815 4335 2020 4404 Accipe
2045 4376 2061 4402 ,
2094 4335 2299 4392 Lector
2333 4336 2632 4402 benevole,
2668 4337 2811 4394 hanc
2840 4343 3079 4409 primam
3113 4342 3180 4396 de
3208 4341 3502 4400 Theodoro
3533 4362 3686 4402 com-

370 4431 772 4485 mentationem
810 4427 888 4497 (α)
926 4443 1160 4498 eamque
1194 4429 1534 4498 hipartitam.
1568 4429 1646 4482 Ac
1684 4429 1848 4482 vitam
1878 4429 2100 4499 quidem
2137 4427 2415 4483 Theodori
2449 4430 2506 4483 in
2557 4439 2706 4484 tanta
2757 4440 3240 4487 monumentorum
3285 4436 3683 4496 historicorum

379 4525 668 4595 paucitate
707 4537 872 4578 nemo
912 4523 1230 4578 describere
1268 4530 1491 4593 potest;
1533 4537 1657 4593 qua
1695 4539 1827 4578 vero
1859 4523 1925 4576 de
1961 4525 2075 4577 vita
2117 4522 2282 4590 hujus
2320 4525 2425 4578 viri
2467 4533 2618 4580 certe
2657 4533 2753 4579 aut
2789 4527 3148 4596 probabiliter
3184 4529 3290 4585 dici
3329 4547 3491 4601 posse
3529 4534 3689 4590 vide-

368 4613 806 4673 rentur,sedulo
841 4615 1096 4685 congessi
1129 4623 1184 4670 et
1216 4615 1527 4670 examinavi
1558 4655 1574 4680 ,
1611 4631 1678 4670 ne
1710 4615 2013 4670 levioribus
2047 4617 2268 4687 quidem
2302 4616 2492 4680 rebus,
2529 4626 2588 4671 ut
2620 4634 2717 4688 par
2745 4626 2884 4681 erat,
2917 4620 3159 4675 omissis.

444 4705 572 4773 Quo
607 4707 870 4776 pauciora
905 4705 974 4760 de
1004 4705 1127 4760 viro
1157 4706 1400 4774 quodam
1433 4705 1748 4762 clarissimo
1777 4704 1915 4758 edax
1950 4713 2166 4775 tempus
2199 4706 2412 4776 reliqua
2443 4706 2609 4772 fecit,
2638 4723 2705 4763 eo
2735 4709 2928 4774 majori
2962 4709 3147 4766 studio
3176 4727 3238 4767 ea
3269 4714 3371 4769 etsi
3408 4716 3684 4774 levissima

369 4815 677 4871 congerere
715 4798 878 4853 decet
913 4805 1078 4867 atque
1117 4799 1457 4867 perscrutari
1481 4838 1495 4863 ,
1538 4813 1650 4867 quo
1688 4797 1871 4867 qualis
1911 4796 2080 4851 fuerit
2122 4799 2168 4852 si
2212 4813 2324 4852 non
2363 4798 2569 4854 docere
2593 4839 2608 4863 ,
2649 4799 2969 4870 conjectura
3006 4810 3156 4858 certe
3205 4808 3426 4875 assequi
3470 4812 3682 4879 possis.

371 4894 616 4963 Magnus
653 4893 804 4947 enim
845 4891 930 4944 vir
967 4891 1051 4945 vel
1091 4906 1159 4944 ex
1202 4891 1305 4953 iis,
1348 4889 1542 4960 paucis
1585 4891 1744 4952 licet,
1788 4906 1911 4958 qua
1950 4889 2017 4944 de
2054 4904 2121 4943 eo
2170 4891 2384 4960 reliqua
2429 4890 2576 4945 facta
2618 4900 2748 4946 sunt
2787 4898 3045 4964 cognosci
3095 4905 3293 4965 potest.
3346 4897 3446 4952 Vir
3494 4903 3691 4959 doetus

368 5002 564 5047 autem
601 4997 655 5044 et
688 4989 1038 5044 clarissimus
1074 4988 1336 5042 Ecclesia
1369 4987 1569 5042 doctor
1600 4986 1712 5042 fere
1747 4987 1903 5041 libris
1938 4986 2058 5041 suis
2097 4989 2316 5042 censeri
2359 4996 2542 5056 potest
2573 5028 2588 5052 ,
2620 4988 2689 5044 de
2728 4991 2934 5059 quibus
2965 4992 3010 5047 si
3045 4993 3176 5046 satis
3211 5004 3470 5052 accurate
3501 4998 3692 5070 dispu-

371 5086 588 5142 ιεινειιῑε
611 5125 626 5148 ,
658 5083 783 5151 ejus
813 5098 905 5138 res
936 5096 1136 5153 magna
1163 5097 1231 5136 ex
1265 5089 1423 5151 parte
1453 5083 1852 5140 illustraveris.
1902 5080 2232 5150 Quanquam
2266 5097 2337 5136 ne
2369 5091 2484 5136 tum
2514 5082 2739 5152 quidem
2791 5083 3108 5153 hujusmodi
3144 5086 3448 5157 disputatio
3479 5091 3693 5149 inutilis

371 5187 462 5235 est
491 5218 507 5242 ,
541 5178 590 5232 si
622 5177 892 5232 librorum
935 5178 1158 5231 illorum
1196 5176 1312 5231 fere
1347 5192 1524 5246 pauca
1557 5177 1864 5250 fragmenta
1900 5184 2226 5248 supersunt.
2259 5176 2402 5244 Quid
2444 5177 2592 5248 quod
2624 5193 2686 5234 ex
2720 5179 2855 5236 solis
2888 5195 3080 5236 eorum
3124 5182 3300 5241 titulis
3333 5185 3542 5255 aliquid
3575 5189 3692 5244 etii—

374 5271 543 5325 eias?
576 5270 658 5322 Ad
693 5268 1048 5324 Theodorum
1089 5281 1272 5325 autem
1309 5279 1367 5324 ut
1399 5281 1664 5337 revertar,
1697 5271 2086 5328 diliicillimum
2121 5280 2241 5327 erat
2275 5288 2340 5328 ac
2371 5272 2558 5342 magni
2594 5273 2838 5338 laboris,
2882 5274 2950 5330 de
2993 5275 3116 5344 ejus
3158 5279 3372 5345 scriptis
3393 5287 3695 5343 exponere.

377 5383 512 5422 cum
549 5383 675 5437 qua
713 5366 821 5422 huc
858 5367 1201 5437 pertinerent
1236 5367 1480 5421 nondum
1523 5369 1660 5424 satis
1699 5375 1959 5423 accurate
1988 5375 2252 5439 congesta
2289 5377 2452 5439 atque
2491 5370 2812 5424 examinata
2861 5378 3091 5432 essent,
3145 5371 3264 5439 ipsa
3307 5387 3443 5428 vero
3484 5373 3698 5445 disqui-

380 5461 551 5525 sitio,
604 5474 772 5528 quam
824 5459 1014 5514 nullus
1069 5459 1153 5514 vir
1203 5460 1405 5514 doctus
1449 5474 1626 5526 usque
1654 5459 1836 5514 adhuc
1865 5467 1975 5513 tam
2005 5459 2113 5514 late
2146 5469 2333 5529 patere
2361 5460 2574 5525 voluit,
2607 5459 2661 5514 in
2713 5468 2866 5514 tanto
2907 5468 3152 5515 veterum
3205 5462 3424 5518 silentio
3472 5467 3698 5536 spinosa

381 5565 567 5620 esset,
613 5557 666 5610 in
719 5572 830 5626 qua
870 5571 938 5609 ne
976 5564 1226 5624 aptarem
1267 5560 1454 5626 potius
1493 5571 1658 5626 quam
1700 5557 1955 5613 docerem
1996 5555 2310 5611 cavendum
2342 5563 2480 5610 erat.
2520 5555 2640 5610 Non
2672 5555 2851 5610 solum
2891 5564 3074 5610 autem
3117 5572 3242 5627 qua
3286 5556 3546 5616 historica
3594 5562 3699 5614 ﬁds:

383 5647 548 5721 digna
589 5659 777 5707 essent
825 5649 1118 5721 disquisivi
1147 5691 1162 5715 ,
1207 5667 1398 5705 verum
1440 5653 1609 5705 etiam
1651 5651 1768 5706 hac
1808 5652 1927 5722 ipsa
1971 5659 2120 5706 recte
2159 5651 2469 5721 intelligere
2508 5658 2676 5720 atque
2714 5665 2779 5704 ex
2823 5650 2892 5704 iis
2935 5664 2997 5704 ea
3033 5666 3157 5721 qua:
3188 5664 3333 5707 recte
3365 5653 3504 5708 ellici
3536 5669 3699 5725 poene

458 5850 533 5919 (α)
564 5851 702 5928 Qua
747 5851 817 5905 de
837 5849 1570 5928 Theodoricommentariis
1603 5853 1655 5928 in
1681 5853 1935 5928 Psalmos
1969 5865 2026 5928 et
2057 5855 2111 5928 in
2143 5854 2316 5928 libros
2348 5853 2484 5928 Novi
2516 5853 2856 5910 Testamenti
2887 5853 3188 5928 disputavi,
3226 5869 3287 5909 ca
3327 5853 3538 5925 integra
3586 5851 3700 5908 fere

383 5925 706 5997 nuperrime
741 5923 1042 5991 separatim
1073 5923 1244 5990 edidi,
1281 5931 1338 5976 nt
1365 5924 1604 5982 honores
1631 5924 1924 5982 Licentiati
1956 5925 2244 6000 theologia
2268 5926 2372 5982 rite
2394 5925 2770 5998 impetrarem.

748 6013 991 6078 Pyrno:
1011 6055 1031 6077 .
1075 6012 1199 6076 Gn.
1249 6015 1472 6080 LXVI.
3322 6017 3356 6090 1
