4104 6514
392 452 459 508 15

1188 446 1279 501 DE
1316 433 1670 502 resonent
1710 438 2202 502 uorsussrsm
2240 437 2407 500 VITA
2444 443 2533 500 ET
2576 438 2905 500 SCRIPTIS.

3604 442 3677 504 14

387 581 477 634 sq.
497 566 537 634 ),
578 562 809 617 inﬁrmis
841 562 952 615 nixi
985 563 1326 630 rationibus,
1356 563 1423 617 ad
1453 580 1505 617 a.
1534 563 1656 617 H7.
1695 595 1763 606 --
1792 562 1975 617 Theo-

2084 579 2135 634 p.
2170 563 2293 625 050,
2329 563 2399 617 cl.
2441 578 2494 631 p.
2521 562 2647 627 648,
2679 563 2822 617 unde
2855 576 2980 616 eum
3012 576 3057 615 a.
3100 562 3211 617 428
3239 562 3444 619 obiisse
3477 564 3679 619 verisi-.

384 656 567 709 doret.
609 653 680 709 ΙΙ.
728 670 777 708 e.
824 671 879 721 ν,
915 653 985 708 59
1024 672 1037 707 :
1072 655 1241 707 Πέντε
1292 656 1386 707 καὶ
1421 655 1614 708 ἑκατὸν
1649 655 1786 707 ἐτῶν
1820 655 1916 725 ἥδε
1946 657 1979 726 ἡ

388 745 605 817 ἱστορία
657 744 905 815 περιέχει
960 744 1183 815 χρόνον,
1243 743 1527 815 ἀρξαμένη
1586 744 1686 813 μὲν
1716 743 1835 797 ἀπὸ
1882 743 1982 813 τῆς

397 838 614 910 Ἀρείου
642 836 864 908 λύττης,
911 836 1183 907 δεξαμένη
1215 835 1273 890 δὲ
1306 837 1482 909 πέρας
1511 837 1619 891 τῶν
1651 838 1983 905 ἀξιεπαίνων

381 930 601 999 ἀνδρῶν
633 928 915 1002 Θεοδώρου
944 929 1040 983 καὶ
1062 928 1318 982 Θεοδότου
1344 929 1445 1002 τὴν
1484 930 1763 1002 τελευτήν.
1797 930 1981 985 Praef.

379 1023 664 1087 Εὖσέὸιος.
698 1063 711 1077 .
754 1062 768 1075 .
803 1063 818 1077 .
856 1062 871 1077 .
907 1061 922 1076 .
966 1022 1126 1094 μέχρι
1154 1021 1250 1076 τοῦ
1277 1021 1350 1092 (ι.
1388 1021 1523 1094 τῆς)
1566 1023 1982 1079 Κωνσταντίνου

378 1114 672 1185 θεοφιλοῦς
706 1114 989 1184 βασιλείας
1015 1116 1086 1167 τὰ
1121 1116 1247 1178 ταῖς
1303 1114 1658 1186 Ἐκκλησιαις
1698 1115 1983 1186 συμϐεϐη-

378 1208 519 1263 κότι
550 1206 920 1279 συνέγραψεν*
966 1204 1078 1275 ἐγὼ
1105 1205 1165 1261 δὲ
1188 1205 1289 1277 τῆς
1314 1207 1641 1279 συγγραφῆς
1676 1206 1895 1278 ἐκείνης
1921 1208 1985 1260 τὸ

375 1299 534 1359 τέλος
559 1297 741 1369 ἀρχὴν
770 1298 873 1367 τῆς
908 1297 1151 1370 ἱστορίας
1178 1298 1498 1370 ποιήσομαι.
1534 1296 1761 1355 Eusebii
1796 1297 1984 1354 Histo-

378 1393 466 1445 ria
505 1392 702 1445 linitur
751 1390 1077 1445 narratione
1119 1390 1188 1446 de
1226 1389 1443 1446 Licinio
1478 1391 1695 1447 devicto
1722 1392 1744 1462 (
1766 1406 1821 1446 a.
1855 1390 1982 1447 524.

378 1480 633 1555 [3232])
666 1496 737 1536 ac
775 1481 848 1536 de
878 1479 1059 1537 medio
1094 1480 1318 1537 sublato
1365 1482 1458 1553 (a.
1517 1482 1684 1553 325).
1725 1481 1983 1538 Theodo-

375 1586 528 1630 rctus
556 1584 774 1641 autem,
815 1575 913 1630 ubi
944 1574 984 1629 I.
1031 1591 1071 1638 ι,
1104 1588 1157 1629 c.
1196 1576 1249 1641 1,
1279 1573 1578 1638 Maxentio,
1607 1574 1905 1629 Maximino
1932 1581 1987 1629 et

374 1664 598 1722 Licinio
641 1665 908 1738 tyrannis
940 1664 1009 1721 de
1052 1665 1235 1721 tnedio
1273 1666 1531 1729 sublatis,
1567 1664 1829 1722 Ecclesia:
1856 1682 1987 1737 pro-

374 1761 574 1814 cellam
629 1759 893 1814 sedatam
928 1757 1103 1814 fuisse
1151 1757 1467 1829 perhibuit,
1509 1759 1577 1814 ad
1621 1774 1711 1814 res
1746 1759 1985 1816 Arianas

374 1851 695 1907 narrandas
727 1849 1076 1922 aggreditur.
1129 1849 1321 1921 Neque
1360 1867 1492 1906 vero
1520 1850 1867 1909 elliciendum
1917 1867 1985 1907 ex

374 1945 491 1999 illis
530 1945 716 2008 locis,
769 1943 923 2011 quod
973 1942 1105 2014 Pagi
1157 1943 1377 2007 etiecit,
1433 1945 1707 1998 rationem
1764 1944 1986 1999 illorum

375 2034 483 2088 103
531 2048 815 2089 annorum
847 2034 919 2089 ab
951 2047 1004 2089 a.
1034 2031 1142 2087 325
1185 2032 1483 2087 iucundam
1511 2048 1660 2089 esse.
1690 2031 1836 2089 Sane
1863 2034 1989 2104 qui-

370 2125 502 2179 dem
558 2123 816 2179 Licinius
866 2139 919 2179 a.
954 2122 1061 2179 525
1092 2123 1396 2194 suspendio
1443 2124 1696 2180 sublatus
1745 2133 1852 2190 est,
1888 2125 1988 2181 sed

365 2216 487 2287 jam
535 2223 706 2281 ante,
757 2224 1052 2286 postquam
1109 2215 1359 2272 Licinius
1417 2218 1597 2273 victus
1654 2218 1890 2288 imperio
1926 2233 1987 2275 se

371 2308 694 2374 abdicavit,
737 2309 1148 2366 Constantinus
1190 2311 1347 2366 solus
1404 2312 1706 2382 imperator
1747 2322 1892 2378 erat,
1930 2319 1988 2368 et

375 2404 528 2459 male
556 2402 953 2459 Theodoretus
984 2418 1015 2457 a
1047 2412 1222 2460 morte
1250 2403 1454 2459 Licinii
1490 2420 1601 2461 non
1639 2406 1986 2462 memorabili

375 2496 499 2564 illa,
532 2496 631 2553 sed
670 2514 840 2567 quam
883 2496 1151 2554 Eusebius
1196 2513 1506 2554 memorare
1536 2500 1711 2569 potuit
1739 2499 1840 2571 (a),
1881 2501 1986 2555 Hi-

374 2591 572 2644 storia:
626 2605 745 2644 suae
775 2590 1004 2644 initium
1054 2592 1311 2661 cepisset.
1346 2592 1416 2645 At
1451 2591 1832 2647 memorabilis
1864 2601 1987 2646 erat

376 2683 619 2738 victoria
649 2684 718 2738 de
752 2682 974 2738 Licinio
1012 2691 1289 2755 reportata
1310 2723 1326 2750 ,
1362 2698 1471 2755 qua
1501 2685 1796 2755 imperium
1838 2685 1984 2756 apud

375 2776 568 2831 solum
593 2775 1030 2831 Constantinum
1056 2791 1183 2833 esse
1206 2778 1396 2849 capit.
1426 2774 1598 2831 Multo
1618 2774 1987 2832 minusTheo-

377 2868 615 2925 deretus
649 2869 821 2938 priori
868 2868 962 2923 illo
988 2868 1110 2925 loco
1144 2884 1206 2925 se
1234 2868 1305 2924 ab
1337 2883 1405 2924 eo
1445 2883 1594 2923 anno
1617 2907 1632 2932 ,
1674 2883 1785 2940 quo
1816 2867 1986 2926 Arius

379 2959 442 3014 in
502 2960 719 3031 synodo
782 2959 1007 3015 Niczena
1068 2960 1366 3016 damnatus
1422 2968 1603 3023 esset,
1682 2959 1985 3017 Historiam

381 3067 684 3108 enarrasse
721 3051 1012 3108 indicavit.
1069 3050 1188 3107 Hoc
1237 3053 1386 3107 enim
1422 3060 1791 3123 pmterquam
1835 3052 1984 3123 quod

381 3145 681 3217 perspicue
710 3145 1081 3207 enuntiasset,
1121 3144 1212 3200 ille
1242 3145 1400 3200 locus
1430 3144 1554 3199 ideo
1599 3145 1667 3198 ad
1719 3143 1985 3199 trutinam

2020 1926 2062 1981 Β

383 3237 534 3307 exigi
576 3253 685 3291 non
717 3245 922 3308 potest,
963 3237 1112 3307 quod
1145 3236 1391 3307 alioquin
1424 3236 1492 3291 ab
1514 3251 1567 3290 a.
1606 3235 1720 3291 fere
1748 3234 1851 3292 519
1883 3234 1984 3289 Hi-
2011 3280 2059 3341 Ο

381 3330 615 3383 storiam
668 3344 825 3384 suam
868 3328 1164 3385 inchoasse
1210 3336 1377 3399 atque
1408 3328 1487 3384 ita
1524 3343 1712 3384 secum
1736 3329 1855 3400 ipse
1884 3343 1984 3399 pu-

380 3437 558 3492 gnare
586 3420 972 3478 Thcodoretus
1003 3420 1319 3478 censendus
1363 3429 1531 3476 esset.
1587 3418 1757 3476 Recte
1796 3426 1984 3475 tamen

380 3513 481 3566 illo
508 3511 674 3567 modo
704 3512 856 3582 loqui
891 3511 1089 3581 potuit,
1122 3510 1253 3580 quia
1286 3510 1480 3580 paucis
1511 3511 1820 3580 praemissis
1853 3508 1983 3578 prid

380 3617 536 3656 mum
582 3617 675 3659 res
717 3602 959 3658 Arianas
996 3601 1270 3655 narravit.
1320 3600 1510 3671 Itaque
1558 3600 1853 3671 posteriori
1891 3584 1983 3654 illo

384 3696 509 3749 loco
554 3704 747 3765 utpote
786 3693 1085 3766 perspicuo
1120 3693 1378 3764 illiusque
1413 3691 1668 3747 Historia:
1702 3692 1982 3763 prioribus

381 3790 548 3843 nixus
609 3788 923 3858 capitibus,
980 3786 1299 3842 accuratius
1348 3785 1497 3841 enim
1522 3800 1609 3841 -ea
1657 3794 1978 3849 narrantur,

378 3896 507 3951 quae
547 3897 671 3952 syn.
710 3878 991 3935 Nicmnam
1022 3878 1116 3949 (d.
1150 3895 1217 3932 xx
1256 3894 1330 3934 in.
1376 3876 1500 3933 Mai.
1553 3886 1647 3932 aut
1676 3876 1806 3933 Jun.
1837 3877 1979 3933 525i

378 3980 793 4046 praecesserunt
826 3988 1062 4045 quasque
1104 3971 1251 4028 haud
1280 3971 1446 4027 dubie
1478 3987 1733 4043 magnam
1765 3979 1977 4041 partem

382 4082 437 4121 a.
473 4066 581 4121 524
603 4073 762 4137 gesta
805 4074 961 4131 sunt,
994 4062 1401 4119 Theodoretnm
1431 4064 1502 4118 ab
1526 4078 1578 4118 a.
1616 4063 1720 4118 524
1758 4063 1979 4117 illorum

376 4173 657 4213 annorum
685 4158 962 4212 rationem
995 4154 1124 4209 iniri
1163 4155 1407 4210 voluisse
1441 4154 1802 4226 probabiliter
1824 4153 1981 4208 dixe-

379 4253 481 4308 ris.
506 4250 631 4305 Jam
664 4249 714 4305 si
742 4264 921 4304 annos
958 4246 1062 4302 105
1095 4247 1258 4302 annis
1286 4246 1393 4302 524
1428 4244 1606 4311 addis,
1635 4260 1817 4301 annus
1845 4245 1974 4313 428,

372 4343 490 4400 duo
517 4343 668 4398 enim
700 4341 832 4396 anni
860 4339 968 4396 105
995 4348 1050 4395 et
1069 4339 1176 4396 524
1203 4339 1522 4410 incompleti
1562 4353 1665 4408 pro
1696 4338 1975 4408 completo

375 4435 743 4500 numerandi,
793 4432 1032 4491 edicitur
1075 4441 1132 4491 et
1173 4433 1398 4503 quidem
1446 4431 1569 4503 ejus
1610 4431 1831 4496 exitus,
1865 4446 1977 4500 quo

376 4530 710 4585 Theodorus
747 4534 1003 4582 mortuus
1038 4534 1123 4581 est
1151 4525 1248 4596 (ἐν).
1281 4522 1422 4579 Huic
1452 4531 1635 4579 autem
1670 4523 1978 4578 ratiocina-

2087 654 2293 709 milius.
2318 653 2519 708 Eodem
2537 653 2776 722 denique
2801 668 2901 706 nos
2925 652 3076 708 ducit
3098 654 3327 723 cpistola
3343 652 3674 710 Theodoreti

2087 745 2158 800 ad
2193 745 2514 800 Dioscuram
2545 760 2597 798 a.
2628 744 2735 798 448
2762 747 2845 816 (v.
2875 744 3010 815 Pagi
3050 746 3083 797 Ι.
3112 745 3151 798 l.
3183 745 3251 800 ad
3284 760 3335 801 a.
3367 746 3514 817 425)
3544 747 3671 801 data

2087 839 2208 909 (cd.
2255 840 2379 892 Hal.
2432 836 2523 902 IV,
2573 853 2627 907 p.
2661 836 2803 892 1145
2847 853 2931 907 sq.
2957 836 2996 908 ),
3038 838 3091 891 in
3136 853 3243 907 qua
3284 838 3417 893 dicit
3457 855 3517 894 se
3556 839 3669 893 An-

2086 929 2306 984 tiochiae
2335 929 2440 985 sub
2465 944 2551 998 cp.
2583 927 2867 984 Theodoto
2898 945 2994 1000 per
3029 945 3128 986 sex
3156 943 3334 985 annos
3359 942 3413 985 et
3439 947 3535 1000 per
3564 941 3673 986 tre-

2087 1023 2266 1079 decim
2305 1023 2409 1078 sub
2441 1037 2527 1090 ep.
2562 1021 2774 1078 Joanne
2805 1024 3080 1089 docuisse,
3108 1023 3222 1092 jam
3256 1025 3553 1093 septimum
3586 1024 3673 1094 agi

2088 1130 2293 1169 annum
2314 1154 2329 1179 ,
2360 1130 2472 1186 quo
2505 1115 2611 1169 sub
2638 1129 2726 1185 ep.
2760 1110 2976 1170 Damno
3016 1115 3228 1170 doceat.
3261 1147 3331 1156 —
3364 1113 3674 1186 Epismpa-

2084 1216 2228 1273 tum,
2260 1209 2314 1262 in
2340 1223 2451 1278 quo
2485 1207 2708 1279 triginta
2732 1221 2830 1263 sex
2864 1222 3038 1262 annos
3070 1207 3336 1277 transegit
3364 1207 3460 1277 (cf.
3492 1206 3676 1264 Theo-

2088 1302 2267 1356 doret.
2300 1299 2375 1354 Η.
2413 1301 2543 1356 ecct.
2573 1315 2642 1362 ν,
2677 1298 2790 1370 59),
2830 1298 3154 1356 Theodorus
3203 1308 3299 1354 aut
3349 1309 3582 1355 exeunte
3618 1315 3671 1354 θ.

2088 1394 2213 1459 592,
2248 1401 2342 1447 aut
2366 1394 2589 1448 ineunte
2620 1392 2726 1447 595
2765 1391 2995 1463 adeptus
3031 1400 3137 1447 est.
3173 1391 3308 1446 Eum
3337 1409 3390 1446 a.
3417 1392 3544 1453 382,
3579 1400 3675 1446 aut

2088 1483 2217 1553 585,
2249 1485 2630 1556 presbyterum
2657 1484 3062 1540 Antiocheutuu
3093 1483 3298 1538 factum
3329 1499 3473 1549 esse,
3505 1482 3673 1539 Tille-

2089 1581 2284 1636 montii
2322 1581 2356 1633 l.
2391 1580 2407 1633 l
2438 1619 2453 1644 ,
2493 1596 2548 1650 p.
2584 1577 2711 1643 456,
2752 1587 2837 1634 est
2877 1577 3223 1645 conjectura,
3254 1576 3401 1631 haud
3435 1577 3679 1633 absurde

2090 1672 2182 1726 illa
2214 1672 2434 1742 quidem
2466 1671 2650 1726 verbis
2676 1669 2907 1725 Joannis
2934 1686 3022 1741 cp.
3054 1672 3181 1724 Ant.
3217 1685 3304 1740 ap.
3334 1667 3581 1724 Facund.
3611 1683 3675 1734 ll,

2089 1764 2125 1818 2
2151 1779 2164 1815 :
2193 1763 2435 1834 Quinque
2480 1774 2530 1818 et
2576 1763 2937 1834 quadraginta
2977 1764 3133 1816 annis
3174 1762 3319 1816 clare
3347 1763 3399 1815 in
3431 1761 3678 1815 doctrina

2090 1856 2357 1927 pra’fnlst't
2410 1886 2481 1897 --
2538 1886 2609 1897 --
2658 1857 3044 1927 quinquaginta
3089 1871 3216 1924 pene
3272 1856 3426 1909 annis
3466 1855 3678 1923 fortiter

2091 1958 2475 2019 repugnantem
2543 1950 2750 2003 cunctis
2801 1949 3091 2003 htrresibus
3145 1977 3216 1989 --
3269 1948 3521 2012 lirmata,
3580 1949 3678 2002 ad-

2089 2040 2314 2095 modum
2353 2048 2537 2095 tamen
2592 2041 2782 2096 dubia.
2823 2039 2996 2095 Natus
3039 2048 3126 2094 est
3193 2054 3246 2094 a.
3292 2040 3432 2104 550,
3498 2039 3677 2109 siqui~

2091 2130 2215 2186 dem
2244 2132 2458 2203 priores
2487 2132 2610 2188 duae
2659 2130 3043 2203 Chrysostomi
3078 2131 3147 2183 ad
3189 2130 3522 2185 Theodoram
3562 2132 3679 2200 rpi-

2092 2225 2246 2280 stola:
2269 2233 2418 2280 recte
2454 2225 2520 2279 ad
2540 2239 2593 2279 a.
2614 2224 2717 2279 569
2740 2222 3077 2279 referuntur.
3096 2221 3185 2277 Cf.
3216 2221 3506 2293 Chrysost.
3533 2218 3673 2290 Opp.

2089 2317 2132 2384 I,
2155 2333 2209 2388 p.
2245 2317 2339 2383 59,
2370 2347 2440 2357 -—
2462 2315 2579 2379 νῦν,
2609 2317 2695 2369 ὅτε
2717 2314 2870 2369 οὔπω
2904 2314 3148 2368 εἰκοστὸν
3174 2315 3331 2382 ἄγεις
3364 2313 3503 2376 ἔτος.
3538 2311 3674 2367 Eunt

2090 2421 2238 2466 certe
2273 2411 2368 2463 illo
2420 2407 2535 2464 lere
2571 2418 2819 2478 tempore
2865 2408 2921 2462 in
2947 2409 3123 2462 lucem
3158 2407 3366 2463 editum
3401 2420 3546 2469 esse,
3583 2420 3675 2458 ra-

2089 2502 2287 2563 tiones,
2307 2502 2510 2571 quibus
2529 2515 2655 2554 cum
2680 2500 3078 2570 Chrysostomo
3103 2499 3395 2554 tenebatur
3416 2496 3434 2567 (
3452 2512 3503 2551 ν.
3526 2497 3674 2564 inf.),

2093 2599 2418 2662 argumento
2469 2598 2619 2646 sunt.
2689 2589 2757 2643 Et
2818 2591 3035 2645 videtur
3088 2604 3223 2645 sane
3277 2589 3679 2660 Chrysostomo

2093 2684 2311 2740 duobus
2340 2683 2588 2739 tribusve
2629 2683 2790 2738 annis
2823 2680 3054 2737 inl‘erior
3083 2681 3273 2736 fuisse.
3308 2681 3493 2750 Itaque
3525 2696 3677 2733 sene-

2088 2784 2228 2830 ctute
2258 2790 2396 2829 cana
2432 2774 2742 2829 debilitatus
2778 2771 2874 2841 (cf.
2906 2771 3144 2845 Hesych.
3178 2774 3231 2826 in
3260 2774 3379 2826 Act.
3417 2787 3463 2826 ε.
3489 2771 3672 2826 Const.

2087 2866 2155 2934 ll,
2184 2869 2248 2923 A.
2285 2866 2326 2920 V
2354 2886 2369 2935 ;
2403 2866 2569 2922 Hard.
2610 2866 2775 2922 Cone.
2808 2865 2896 2929 111,
2932 2881 2986 2935 p.
3024 2866 3126 2920 104
3153 2875 3207 2920 et
3241 2880 3291 2935 p.
3324 2863 3450 2931 452,
3482 2865 3538 2919 in
3568 2863 3676 2920 Pe-

2089 2961 2194 3033 lag.
2251 2976 2378 3032 pap.
2446 2976 2534 3032 ep.
2589 2957 2681 3027 III,
2734 2961 2802 3014 ad
2857 2960 3034 3014 Etiam
3080 2970 3129 3016 et
3163 2958 3343 3015 Istria:
3369 2960 3677 3030 ep.)senex

2088 3051 2433 3123 septuaginta
2461 3052 2576 3107 fere
2604 3059 2660 3107 et
2692 3061 2821 3107 octo
2843 3067 3116 3107 annorum
3140 3051 3498 3108 obdormivit.

2158 3140 2408 3199 Fratrem
2443 3144 2634 3200 habuit
2670 3142 3120 3216 Polycbronium,
3153 3143 3210 3199 S.
3242 3143 3461 3200 Zebinae
3478 3152 3677 3198 ascetae

2089 3232 2423 3303 discipulum
2464 3242 2519 3289 et
2553 3234 2811 3289 aemulum
2835 3273 2850 3301 ,
2900 3243 3025 3304 post
3054 3237 3421 3305 Apamensem
3456 3234 3675 3304 cpisco—

2088 3340 2217 3396 pum
2256 3325 2370 3399 (c);
2409 3325 2686 3381 Pmauium
2712 3366 2727 3391 ,
2779 3327 2956 3382 virum
2998 3327 3237 3381 nobilem
3263 3368 3277 3393 ,
3331 3325 3424 3397 qui
3461 3328 3516 3382 in
3557 3342 3674 3382 ma-

2088 3418 2320 3489 gistratu
2348 3426 2486 3486 erat,
2522 3426 2818 3489 cognatum
2852 3418 3145 3491 (ἀνεψιόν)
3173 3418 3272 3489 (d).
3306 3418 3445 3473 Cum
3499 3419 3668 3473 vitam

2086 3511 2474 3581 quaestuariam
2511 3512 2830 3569 scholastici
2866 3513 2981 3569 sive
3020 3512 3309 3578 causidici,
3343 3527 3510 3585 quam
3555 3521 3670 3568 tum

2088 3605 2202 3661 fere
2233 3606 2375 3660 inire
2403 3605 2767 3676 solebantqui
2799 3605 2864 3660 ad
2899 3606 3111 3677 amplos
3145 3606 3384 3662 honores
3420 3607 3670 3677 publicos

2087 3695 2352 3750 accedere
2391 3695 2721 3765 cupiebant,
2753 3696 3010 3766 amplecti
3045 3696 3233 3761 vellet,
3264 3696 3516 3760 Lihanio,
3555 3697 3671 3750 cla»

2085 3786 2311 3843 rissimo
2361 3787 2509 3843 illius
2545 3789 2815 3858 temporis
2864 3788 3145 3858 scphista,
3179 3795 3519 3857 praeceptore
3547 3788 3673 3841 rhe-

2087 3879 2275 3934 toricae
2302 3893 2411 3933 una
2443 3894 2568 3934 cum
2598 3878 2997 3952 Chrysostomo
3024 3888 3079 3936 et
3110 3880 3367 3942 Maximo,
3402 3888 3525 3950 post
3571 3877 3672 3934 δρία

2085 3969 2274 4024 Icuciae
2314 3969 2369 4023 in
2415 3966 2624 4025 Isauria
2654 3985 2767 4041 ep.,
2815 3986 2951 4025 usus
2981 3977 3066 4026 est
3105 3970 3196 4041 (θ).
3223 3969 3448 4026 Juveuis
3478 3970 3670 4034 dives,

2085 4069 2146 4115 ut
2187 4070 2330 4125 erat,
2392 4061 2520 4117 vitae
2585 4061 2814 4117 delicias
2861 4068 2917 4118 et
2970 4062 3298 4132 elegantiam
3349 4061 3669 4129 neutiquam

2084 4154 2324 4223 sprevit,
2360 4168 2673 4224 quanquam
2714 4154 2894 4210 laudis
2921 4153 3157 4224 cupidus
3191 4152 3437 4223 profanis
3471 4152 3670 4207 litteris

2083 4246 2309 4302 assidue
2375 4245 2588 4302 studuit
2641 4246 2744 4318 (f).
2811 4246 2986 4304 Aliter
3037 4261 3167 4302 vero
3213 4246 3667 4318 Ghrysostomus,

2084 4335 2361 4395 Theodori
2435 4339 2678 4403 amicus,
2736 4339 2831 4409 qui
2868 4339 2996 4394 licet
3042 4347 3097 4394 et
3145 4338 3264 4408 ipse
3313 4338 3486 4393 nobili
3547 4340 3670 4392 loco

2083 4439 2247 4486 natus
2301 4440 2451 4486 esset
2503 4437 2670 4501 atque
2719 4429 2968 4485 eamdem
3009 4430 3134 4484 vita:
3188 4430 3453 4486 rationem
3504 4443 3669 4499 quam

2083 4521 2405 4579 Theodorus
2436 4521 2646 4593 ingredi
2679 4521 2987 4587 statuisset,
3020 4537 3146 4575 mox
3169 4532 3350 4576 tamen
3383 4521 3485 4576 l'ori
3522 4530 3667 4577 stre-

370 4620 515 4676 tioui
549 4619 727 4688 major
762 4617 897 4673 ﬁdes
927 4632 993 4673 eo
1037 4615 1319 4686 adjicitur,
1348 4615 1497 4686 quod
1522 4613 1843 4670 Theodotus
1875 4628 1971 4682 ep.
2007 4619 2057 4679 ι)
2081 4614 2228 4684 pitus
2279 4618 2565 4683 pertaesus,
2601 4611 2656 4665 in
2699 4608 2934 4678 Meletii,
2967 4627 3054 4682 ep.
3089 4612 3382 4677 Antiocb.,
3415 4612 3669 4684 discipli-

372 4708 660 4772 Antiocb.,
686 4707 781 4777 qui
809 4708 974 4776 paulo
996 4712 1121 4776 post
1140 4703 1490 4760 Theodorum
1514 4704 1647 4759 obiit
1674 4703 1770 4776 (cf.
1792 4701 1973 4759 Theo-

373 4797 563 4855 doret.
595 4797 666 4852 Η.
692 4794 899 4861 ecct.v,
918 4796 1094 4866 '59),si
1117 4811 1229 4851 non
1259 4797 1366 4852 sub
1388 4797 1537 4852 exitu
1572 4809 1624 4850 a.
1653 4795 1779 4862 4‘28,
1809 4802 1961 4852 certe

375 4889 535 4942 initio
581 4902 630 4941 a.
677 4886 784 4942 429
830 4896 1080 4942 mortuus
1110 4897 1214 4944 est.
1257 4887 1461 4943 Marius
1503 4887 1775 4943 Mercator
1808 4904 1955 4943 anno

371 4980 479 5034 420
507 4996 636 5035 eum
667 4987 876 5036 sancta;
905 4980 1183 5036 memoriae
1208 4982 1531 5051 episcopum
1554 4981 1964 5050 appellavitch

2086 4721 2214 4761 nam
2241 4714 2353 4759 tres
2385 4719 2483 4774 per
2506 4719 2682 4760 annos
2711 4719 2772 4760 se
2800 4704 3047 4768 tradidit,
3073 4719 3183 4775 quo
3210 4719 3298 4761 res
3322 4705 3669 4762 Christianas

2088 4796 2402 4853 accuratius
2460 4805 2834 4867 pernoscerct.
2891 4796 3215 4869 Baptizatus
3272 4799 3469 4854 deinde
3530 4815 3667 4854 aua-

2085 4896 2309 4961 gnostes
2351 4895 2492 4944 erat.
2542 4888 2648 4945 Sed
2680 4890 2827 4944 haud
2876 4892 2947 4945 ita
2984 4897 3155 4945 multo
3202 4900 3326 4960 post
3364 4892 3662 4957 desiderio,

2087 4995 2198 5050 quo
2229 4979 2547 5049 aliquandiu
2590 4981 2703 5050 jam
2738 4985 3049 5048 tenebatur,
3096 4982 3365 5038 satisfecit
3395 4999 3565 5054 seque
3598 4987 3666 5040 ad

443 5206 524 5273 (α)
586 5202 861 5277 Eusebius
911 5202 1111 5277 igitur_
1138 5217 1198 5257 re
1253 5215 1385 5256 vera
1421 5209 1477 5256 et
1513 5202 1582 5256 de
1622 5200 1961 5261 Theodoreti
2055 5206 2183 5277 jure
2230 5206 2547 5264 tribuantur
2588 5209 2722 5264 mihi
2757 5210 3003 5265 nondum
3055 5215 3191 5268 satis
3222 5221 3463 5269 constat.
3503 5214 3660 5269 Hand

369 5276 539 5346 etiam
573 5275 849 5346 sententia
904 5273 1203 5346 Historiam
1242 5282 1653 5346 suamtantum
1684 5292 1858 5346 usque
1890 5276 1959 5330 ad

370 5361 423 5401 a.
453 5345 563 5400 524
592 5344 899 5414 pertexuit,
930 5345 1156 5399 omissis
1191 5357 1326 5397 sane
1355 5341 1528 5398 initiis
1574 5345 1684 5400 litis
1717 5341 1957 5401 Arianae.

441 5415 519 5487 (ὁ)
562 5412 827 5487 Facundo
867 5415 1073 5487 dicitur
1104 5420 1230 5483 post
1274 5420 1508 5487 centum
1529 5417 1810 5487 etﬂviginti
1845 5431 1961 5487 sure

369 5483 749 5541 defunctiouis
777 5500 954 5540 annos
975 5485 1271 5538 damnatus
1297 5498 1443 5537 esse.
1470 5483 1555 5536 Cl‘.
1589 5483 1714 5540 libr.
1746 5486 1811 5541 C.
1846 5485 1962 5541 Mo-

370 5559 511 5611 cian.
562 5556 735 5611 scltot.
775 5554 1059 5625 (Galland.
1119 5553 1262 5608 Bibl.
1315 5551 1494 5615 Pam,
1552 5553 1643 5620 XI,
1699 5572 1751 5625 p.
1795 5557 1956 5619 815).

372 5625 477 5681 Sed
522 5625 819 5682 Facundos
859 5640 1125 5686 numero,
1179 5638 1345 5693 quem
1370 5625 1679 5693 rotundum
1725 5627 1955 5690 dicunt,

371 5712 504 5753 usus
526 5706 633 5760 est,
669 5696 759 5752 cui
794 5696 955 5751 inniti
985 5710 1095 5751 nou
1130 5692 1279 5750 licet.
1309 5692 1395 5749 Gl.
1429 5694 1464 5748 I.
1495 5707 1572 5760 c.,
1604 5711 1656 5766 p.
1694 5698 1821 5762 816,
1854 5696 1953 5751 Ευ.

368 5766 462 5834 βά.
495 5768 660 5833 uuln,
695 5782 746 5834 p.
777 5766 905 5821 8l7.

447 5807 462 5822 .
495 5782 660 5833 tam,
695 5782 746 5833 p.
777 5782 905 5821 δυ.

437 5840 511 5908 (ε)
546 5838 635 5894 Cl’.
667 5836 1005 5893 Tbeodorct.
1045 5836 1119 5908 ﬂ,
1154 5842 1248 5897 rei.
1287 5857 1337 5895 c.
1370 5841 1461 5905 ει,
1501 5838 1569 5893 Η.
1591 5838 1737 5908 Δεδει.
1770 5855 1825 5899 v,
1856 5839 1946 5894 59,

367 5905 640 5963 Permulta
698 5908 757 5980 in
804 5910 1018 5963 catenis
1057 5907 1144 5980 ed.
1198 5920 1255 5966 et
1301 5911 1445 5969 ined.
1484 5912 1538 5964 in
1587 5905 1649 5961 V.
1683 5907 1748 5964 Τ.
1785 5910 1948 5980 Poly-

364 5981 569 6037 chronii
599 5978 836 6037 numine
870 5987 1058 6036 notata
1103 5979 1379 6052 leguntur,
1423 5981 1520 6039 sed
1555 5994 1623 6034 an
1656 5978 1946 6049 Apazucasi

2060 5293 2235 5354 pauca
2263 5287 2413 5333 certe
2452 5278 2804 5354 Polychronii
2837 5279 3062 5354 diaconi
3097 5293 3247 5348 sunt,
3287 5286 3377 5354 qui
3412 5288 3656 5338 nonnul-

2060 5350 2141 5424 las
2172 5352 2895 5424 catenasconsarcinavit.
2946 5350 3320 5424 NuperAngl
3385 5353 3564 5416 Maius
3606 5354 3662 5409 in

2059 5413 2463 5496 Scriptormett.
2485 5421 2840 5496 ηυρλ-(τοκέα.
2876 5439 2907 5496 e
2944 5413 3064 5477 Vat'.
3099 5423 3225 5477 cdd.
3258 5413 3348 5496 éd,
3383 5426 3399 5477 l
3430 5413 3658 5496 (Roma.-

2060 5489 2223 5560 1825.
2258 5490 2334 5560 4),
2362 5491 2420 5550 2,
2461 5506 2514 5560 p7.
2544 5489 2650 5542 105
2673 5507 2758 5560 sq.
2788 5492 2959 5545 multa
2990 5489 3519 5549 commentariorum
3550 5496 3658 5550 Po~

2062 5557 2331 5629 chhronii
2384 5560 2440 5612 in
2463 5557 2751 5616 'Danielerit
2795 5560 2985 5616 edidit.
3019 5563 3292 5619 Caeterum
3327 5583 3379 5621 ν.
3427 5564 3648 5621 Fabric.

2062 5628 2100 5682 ις
2137 5629 2198 5691 l.,
2237 5645 2288 5698 β.
2318 5629 2443 5693 sse,
2475 5630 2600 5685 sua.

2133 5698 2211 5775 (tt)
2252 5699 2336 5775 gf.
2367 5700 2661 5775 [ὶιιιιγςιοεεἶ
2688 5717 2774 5772 ep.
2806 5703 2933 5765 204,
2970 5702 3059 5768 Ill,
3088 5720 3141 5775 p.
3173 5706 3300 5760 711.

2130 5771 2203 5841 (e)
2243 5769 2326 5823 Cf.
2362 5769 2578 5825 Socrat.
2618 5772 2685 5825 ΙΙ.
2718 5769 2765 5828 ὲ.
2799 5789 2875 5837 Vl,
2909 5777 2973 5841 5;
3007 5769 3225 5830 Soiom.
3257 5775 3331 5829 11.
3362 5792 3408 5831 e.
3446 5791 3566 5841 vut,
3589 5778 3645 5832 2.

2058 5838 2496 5910 Andragathium
2539 5841 2925 5912 philosophum
2960 5838 3238 5901 docuisse
3290 5838 3646 5903 Theodorum

2058 5919 2337 5985 temere}.
2370 5912 2425 5985 d.
2459 5913 2529 5966 cI.
2557 5912 2655 5967 1.-1.
2687 5914 3117 5985 perhibuerunt;
3147 5915 3304 5974 Phot.
3331 5933 3380 5975 c.
3413 5917 3503 5976 96.

2129 5980 2209 6051 (fl
2249 5980 2331 6035 Cf.
2367 5982 2659 6055 Chrysost.
2688 5980 2733 6052 1,
2779 6001 2833 6057 p.
2867 5987 2956 6045 56.
