4104 6494
251 399 321 450 Ξ5
1039 395 1131 450 DE
1165 396 1521 456 THEODORI
1571 399 2059 459 MOPSUES’IENI
2103 400 2265 457 VITA
2305 401 2394 456 ΕΤ
2425 400 2762 458 SCRIPTIS.
3488 407 3560 462 20

249 507 430 578 iisque
461 507 721 580 religiose
749 525 884 566 usos
913 526 1052 576 esse,
1098 528 1276 584 neque
1325 515 1516 570 dubito
1543 517 1672 586 quin
1709 516 1850 586 apud
1888 524 1929 580 Α
1961 524 2050 572 tur
2082 517 2223 571 infra
2258 517 2397 571 inter
2429 517 2637 572 Theod.
2686 515 2990 588 fragmenta
3033 519 3084 572 in
3127 515 3416 580 Joannem.
3451 533 3555 588 pu-

244 616 344 656 eos
399 616 514 656 non
538 602 720 657 solum
767 602 1057 657 innumera
1088 604 1362 660 Theodori
1397 605 1722 676 fragmenta,
1766 624 1859 663 ve-
1962 609 2088 663 blici
2114 608 2258 677 juris
2305 607 2506 662 factum
2551 616 2638 664 est
2692 609 3005 680 (Assemani
3047 609 3188 664 Bibl.
3249 611 3346 666 0r.
3382 609 3467 678 111,
3514 628 3555 676 ι,

242 708 371 748 rum
406 695 657 764 integros
701 695 868 750 etiam
916 697 1084 752 libros
1112 697 1356 752 invenire
1394 699 1594 768 possis,
1622 715 1856 768 quorum
1960 715 2027 769 ρ..
2053 698 2204 768 525).

239 788 434 842 aditus
480 795 542 841 ut
585 788 748 845 nobis
794 793 1015 845 tandem
1046 791 1340 861 aliquando
1373 790 1531 846 detur
1559 792 1856 861 optandum
2031 789 2130 846 His
2160 790 2478 860 prmmissis,
2513 791 2583 848 de
2624 792 2857 863 singulis
2892 792 3137 863 scriptis,
3167 809 3289 876 qua:
3330 803 3554 866 propter

237 887 346 933 est.
383 878 469 933 Ad
501 881 610 936 hoc
637 882 787 936 enim
819 897 995 953 usque
1022 891 1238 953 tempus
1266 898 1436 936 unum
1460 891 1690 950 tantum,
1713 884 1858 953 quod
1960 890 2339 952 argumentum
2380 881 2438 936 iu
2469 883 2712 954 quinque
2755 898 2956 956 genera
3001 885 3309 955 dispescui,
3363 886 3552 942 dicen-

236 970 441 1038 sciam,
474 973 851 1046 fragmentum
885 973 1192 1047 Syriacum,
1221 974 1366 1046 quod
1401 973 1594 1031 Latine
1635 976 1861 1032 exhibe-
1962 975 2116 1032 dum.

1710 1366 1969 1429 CAPUT
2041 1367 2090 1428 Ι.

904 1571 990 1616 DE
1031 1573 1282 1620 DUOBUS
1329 1574 1652 1618 TIIEODOBI
1698 1572 1902 1616 LanIS
1950 1571 2328 1615 ABGUMENTI—
2368 1569 2884 1614 EEBMENEUTICI.

303 1925 558 1991 Quiestio
589 1925 659 1980 de
691 1923 991 1997 allegorica
1045 1925 1344 1996 Scriptura
1372 1939 1542 1981 sacrae
1579 1925 1846 1994 interpre«

235 2019 468 2079 tatione,
502 2032 630 2086 qua:
670 2016 782 2084 iam
824 2023 988 2071 antea
1029 2022 1177 2071 mota
1209 2022 1348 2083 erat,
1372 2013 1646 2070 Theodori
1681 2015 1842 2070 etiam

233 2115 395 2162 aetate
427 2116 484 2162 et
531 2106 876 2162 fructuosius
929 2107 1148 2177 quidem
1190 2108 1392 2178 agitata
1430 2117 1536 2163 est.
1574 2105 1841 2161 Nimirum

238 2214 362 2252 cum
421 2199 726 2270 allegorica
784 2200 1159 2269 interpretatio
1227 2199 1477 2270 pluribus
1529 2198 1846 2254 doctoribus

241 2290 576 2347 Christianis
605 2291 730 2346 ideo
760 2291 1000 2346 maxime
1029 2306 1088 2346 se
1117 2291 1426 2360 probasset,
1454 2291 1600 2362 quod
1639 2291 1713 2344 ita
1741 2289 1844 2345 du-

241 2384 342 2438 biis
371 2381 498 2437 Scr.
539 2383 600 2437 S.
647 2383 786 2438 locis
811 2383 1094 2439 honorem
1127 2383 1367 2454 adjicere
1399 2385 1610 2449 liceret,
1637 2385 1733 2454 qui
1768 2385 1848 2438 al-

239 2474 573 2545 legoriarum
615 2490 753 2530 usus
790 2475 971 2546 primo
1017 2477 1233 2532 cautius
1286 2477 1344 2531 in
1386 2477 1650 2532 auxilium
1682 2491 1850 2531 voea-

240 2562 420 2629 batur,
451 2565 667 2621 sensim
697 2580 764 2620 ae
809 2567 1073 2636 paulatim
1114 2568 1278 2621 latius
1309 2565 1634 2638 vagabatur,
1672 2581 1849 2636 usque

240 2654 368 2708 dum
403 2653 679 2726 Origenes
734 2657 1057 2728 allegoricas
1120 2657 1365 2714 rationes
1413 2657 1732 2713 accuratius
1778 2657 1846 2712 il-

241 2745 476 2803 lustrare
505 2755 826 2803 conaretur.
865 2747 1191 2820 Quanquam
1226 2764 1357 2805 vero
1381 2749 1492 2819 jam
1523 2755 1639 2804 tum
1675 2748 1848 2803 inter-

241 2836 367 2892 dum
417 2838 766 2894 intellectum
821 2848 930 2907 est,
973 2855 1140 2910 quam
1186 2839 1360 2895 dubia
1409 2847 1573 2910 atque
1629 2838 1846 2894 inﬁrma

241 2931 382 2986 ratio
402 2928 744 3003 Origeniana
780 2939 950 2997 esset,
979 2947 1158 3003 neque
1195 2930 1464 3003 Origenes
1496 2940 1678 2987 tamen
1712 2931 1847 2988 satis

242 3032 499 3077 accurate
541 3020 951 3089 refutatnsest,
987 3023 1127 3076 nihil
1172 3022 1320 3078 enim
1366 3021 1479 3093 egit
1517 3020 1698 3092 Nepos
1745 3037 1847 3077 suo

254 3112 513 3183 Ἐλέγχφ
544 3114 1010 3185 ἀλληεγοριστῶν
1040 3115 1134 3189 (cf.
1171 3114 1371 3171 Euseb.
1422 3113 1493 3169 H.
1521 3131 1570 3170 e.
1605 3130 1704 3180 vn,
1728 3113 1842 3185 24),

241 3219 421 3274 neque
474 3204 676 3260 melius
725 3202 1111 3276 allegoriartim
1166 3206 1306 3262 ratio
1361 3205 1670 3261 enucleata.
1734 3204 1847 3261 lmo

244 3297 582 3368 posteriores
612 3295 805 3354 Patres
836 3297 1012 3354 Graeci
1031 3338 1048 3363 ,
1077 3300 1181 3356 etsi
1219 3315 1331 3355 non
1356 3313 1420 3355 ea
1449 3313 1554 3369 qua
1581 3296 1846 3368 Origenes

243 3390 465 3445 licentia
500 3390 559 3444 in
596 3389 722 3445 Ser.
773 3389 832 3446 S.
860 3392 1276 3464 grassabantur,
1315 3393 1371 3447 in
1401 3391 1717 3447 universum
1760 3401 1845 3448 ta-

1951 1922 2262 1993 legoristas,
2293 1921 2583 1994 Origenem
2627 1923 2918 1994 praecipue,
2962 1922 3182 1980 refellit.
3231 1921 3374 1978 ldcm
3405 1923 3553 1976 enim

1953 2015 2095 2070 haud
2145 2016 2308 2072 dubie
2355 2016 2496 2072 liber
2535 2024 2639 2081 est,
2679 2031 2840 2086 quem
2883 2016 3150 2071 Ehediesu
3193 2015 3231 2070 l.
3277 2031 3329 2069 c.
3361 2031 3415 2086 p.
3460 2015 3552 2078 54,

1952 2109 2177 2178 quinque
2211 2116 2378 2161 tomos
2431 2109 2682 2162 adversus
2727 2109 3038 2178 allegoricos
3072 2111 3147 2176 (ν.
3181 2107 3348 2162 etiam
3378 2121 3433 2176 p.
3463 2106 3549 2168 l9,

1949 2198 2106 2262 dixit,
2142 2207 2198 2254 et
2228 2198 2356 2254 Fac.
2391 2214 2474 2266 tn,
2509 2198 2563 2263 6,
2601 2200 2796 2253 librum
2832 2199 2896 2253 tle
2936 2199 3194 2269 allegoria
3232 2206 3282 2252 et
3327 2198 3552 2251 historia

1948 2303 2137 2350 contra
2161 2292 2452 2363 Origenem
2472 2292 2737 2362 scriptum
2765 2292 2838 2362 (ν.
2867 2298 2940 2346 et.
2976 2307 3013 2355 ι,
3035 2290 3186 2354 2,1v,
3207 2290 3276 2355 4;
3303 2288 3547 2344 Liberat.

1949 2385 2129 2448 Brev.,
2165 2401 2214 2440 c.
2244 2385 2360 2456 24).
2393 2382 2550 2440 Patet
2590 2400 2659 2439 ex
2700 2383 2738 2438 1.
2771 2382 2904 2438 Fac.
2941 2398 3023 2448 ιιι,
3071 2381 3124 2445 6,
3164 2381 3258 2436 ubi
3301 2381 3464 2436 breve
3495 2381 3553 2433 Ii-

1948 2477 2035 2532 bri
2065 2476 2430 2546 fragmentum
2460 2477 2680 2548 legitur,
2702 2491 2826 2532 eum
2857 2484 2912 2532 et
2937 2476 3003 2529 ad
3026 2475 3329 2530 Cerdonem
3363 2488 3553 2543 quem-

1949 2565 2076 2621 dam
2097 2574 2158 2622 et
2186 2567 2469 2636 aliquanto
2500 2574 2625 2638 post
2673 2565 3178 2636 interpretationem
3209 2563 3552 2620 Psalmorum

1950 2661 2024 2728 (ν.
2052 2657 2177 2730 inf.)
2206 2657 2473 2728 scriptum
2497 2673 2642 2721 esse,
2675 2658 2772 2712 sed
2801 2671 2965 2728 quam
3009 2656 3151 2710 viam
3195 2656 3249 2709 in
3277 2670 3343 2711 co
3373 2653 3554 2710 Theo—

1948 2751 2118 2807 dorus
2149 2751 2435 2822 ingressus
2473 2749 2549 2806 sit
2594 2765 2702 2804 non
2735 2749 2924 2819 liquet.
2955 2747 3281 2818 Quanquam
3315 2762 3420 2801 nou
3451 2745 3544 2801 ob‘

1948 2858 2174 2899 scurum
2197 2854 2304 2907 est,
2329 2857 2455 2898 eum
2487 2856 2612 2897 cum
2638 2842 2983 2914 allegoristas
3005 2841 3371 2911 impugnaret,
3397 2851 3549 2893 suam

1947 2935 2110 2991 etiam
2142 2934 2536 3004 interpretandi
2581 2932 2872 2988 formulam
2907 2931 3250 3001 erposuisse.
3290 2929 3553 2984 Diversus

1947 3033 2064 3081 erat
2092 3023 2314 3080 Diodori
2353 3024 2492 3080 liber
2528 3024 2630 3090 Τίς
2659 3021 2916 3091 διαφορὰ
2950 3021 3196 3091 θεωρίας
3222 3019 3318 3074 καὶ
3359 3020 3553 3087 ἀλλη-

1947 3118 2151 3187 γορίας
2186 3115 2281 3188 (cf.
2333 3116 2489 3172 Suid.
2541 3132 2586 3171 s.
2622 3133 2674 3171 v.
2721 3114 2926 3185 Diod.),
2968 3114 3126 3184 cujus
3168 3118 3552 3183 argumentum

1949 3209 2052 3264 hoe
2092 3208 2308 3264 fuisse:
2343 3207 2588 3264 diversas
2632 3209 2775 3262 inter
2815 3223 2875 3262 se
2913 3222 3035 3261 esse
3070 3205 3406 3275 allegoriam,
3443 3219 3552 3272 qua

1948 3303 2229 3358 historica.
2255 3302 2460 3357 veritas
2495 3310 2587 3354 aut
2626 3301 2849 3354 tollatur
2875 3307 2970 3352 aut
3008 3296 3121 3353 fere
3157 3296 3292 3351 nihil
3323 3295 3429 3352 nisi
3465 3296 3554 3349 in.—

1948 3395 2231 3450 volucrum
2278 3393 2421 3448 alius
2470 3393 2635 3462 plane
2691 3391 2773 3446 rei
2831 3391 2923 3456 sit,
2980 3398 3035 3445 et
3084 3389 3374 3453 theoriam,
3419 3403 3550 3458 qua,

243 3496 364 3537 men
394 3481 693 3553 Origenem
725 3484 848 3554 plus
889 3483 1072 3538 minus
1119 3484 1294 3540 secuti
1339 3493 1485 3540 sunt.
1523 3485 1592 3538 At
1624 3492 1846 3540 contra-
1874 3480 1922 3542 C
1952 3487 2102 3540 salva
2136 3485 2367 3540 veritate
2406 3485 2688 3548 historica,
2717 3483 2962 3554 typicum
3010 3481 3174 3536 etiam
3224 3495 3446 3536 sensum
3495 3480 3551 3534 in

243 3571 377 3626 riam
431 3575 598 3644 plane
645 3575 915 3631 rationem
958 3575 1202 3630 inierunt
1245 3574 1442 3631 Patres
1486 3577 1704 3646 quidem
1737 3575 1848 3628 An-

243 3663 505 3728 tiocheni,
539 3666 634 3735 qui
671 3665 1008 3738 exegeticam
1045 3665 1334 3722 formulam
1371 3682 1401 3722 a
1437 3667 1692 3723 Patribus
1721 3667 1849 3736 (An-

243 3753 540 3824 tiochenis)
571 3766 852 3828 acceptam
893 3757 1109 3812 ratione
1145 3769 1199 3813 et
1227 3758 1310 3812 via
1359 3758 1433 3814 ita
1463 3759 1840 3822 excoluerunt,

242 3856 299 3899 ut
334 3845 452 3916 jam
504 3847 575 3902 ab
615 3848 725 3903 illis
772 3846 1166 3920 interpretibus
1199 3850 1362 3920 plane
1400 3849 1692 3907 distarent.
1720 3850 1844 3904 Non

241 3939 366 3995 licet
421 3940 645 4009 quidem
688 3941 1004 3996 accuratius
1049 3956 1336 4008 enarrare,
1377 3957 1498 4014 qua:
1534 3948 1842 4012 temporum

239 4032 478 4086 decursu
512 4030 822 4086 Antiochia
849 4031 969 4088 Ser.
1003 4031 1061 4086 S.
1099 4031 1264 4088 luerit
1295 4033 1692 4102 interpretatio,
1719 4049 1846 4102 pro-

243 4123 498 4178 babiliter
534 4132 718 4178 tamen
758 4124 1046 4194 conjicias,
1069 4140 1194 4180 eum
1221 4126 1434 4196 priores
1463 4127 1642 4195 ipsum
1671 4122 1736 4180 N.
1776 4124 1840 4180 T.

239 4215 412 4270 secuti
458 4215 790 4287 plerumque
831 4217 1150 4272 historicam
1209 4219 1628 4289 explicationem
1687 4217 1843 4273 iniis-

239 4318 376 4373 sent,
429 4323 538 4363 nec
586 4323 822 4378 prorsus
868 4317 1047 4364 tamen
1099 4310 1390 4381 allegorias
1437 4311 1839 4381 repudiassent,

239 4399 541 4455 Eusebium
573 4399 784 4464 Emes.,
815 4399 1110 4456 Diodorum
1151 4402 1304 4458 Tars.
1356 4410 1410 4457 et
1462 4403 1635 4473 magis
1677 4402 1841 4457 etiam

238 4491 592 4548 Theodorum
625 4493 907 4564 allegoriis
951 4494 1112 4564 plane
1170 4493 1388 4564 rejectis
1424 4493 1688 4549 historice
1718 4493 1842 4549 Scr.

239 4583 296 4638 S.
330 4587 687 4655 exposuisse.
721 4584 798 4640 lta
841 4601 970 4641 vero
1007 4601 1076 4641 ne
1116 4586 1183 4640 de
1237 4585 1565 4643 auctoritate
1608 4585 1730 4641 Scr.
1781 4585 1840 4641 S.

236 4678 594 4733 detraherent
624 4694 689 4733 ac
720 4678 985 4734 doctrinae
1022 4678 1346 4735 Christianae
1387 4679 1646 4734 damnum
1682 4677 1841 4736 all'er-

240 4774 383 4830 rent,
421 4767 487 4822 ad
527 4771 768 4840 typicam
831 4769 1224 4840 interpretandi
1266 4771 1534 4827 rationem
1583 4771 1844 4843 confuge-

238 4869 388 4922 runt,
423 4873 539 4915 non
573 4861 794 4934 quidem
828 4861 897 4916 ab
929 4878 988 4918 se
1011 4862 1283 4918 inventam
1318 4863 1488 4930 illam,
1527 4865 1839 4920 accuratius
1870 4845 1916 4900 Ῐ)

239 4963 425 5009 tamen
450 4951 958 5023 explieatamﬂam
989 4969 1098 5009 non
1121 4955 1355 5010 arduum
1386 4965 1504 5011 erat
1536 4956 1844 5012 edisserere

237 5061 405 5116 quam
433 5052 593 5099 arcta
624 5053 772 5102 esset
798 5043 870 5102 ν.
908 5043 973 5101 Τ.
1010 5061 1134 5102 cum
1185 5046 1352 5102 rebus
1390 5046 1718 5103 Christianis
1749 5062 1846 5104 ne-

238 5137 502 5193 cessitas.
540 5137 812 5192 Caeterum
847 5137 961 5207 jam
992 5154 1058 5194 ex
1097 5138 1182 5194 his
1216 5139 1511 5212 intelligas,
1543 5140 1636 5212 qui
1666 5139 1846 5196 Theo-

238 5229 412 5286 dorus
439 5243 569 5284 cum
599 5229 669 5284 de
701 5227 764 5283 ν.
796 5227 858 5284 Τ.
895 5229 948 5284 in
985 5231 1328 5295 universum,
1366 5239 1478 5286 tum
1513 5230 1580 5287 de
1602 5233 1836 5288 auctori-

239 5327 348 5375 tate
387 5320 783 5376 nonnullorum
833 5321 954 5390 ejus
1004 5321 1269 5377 librorum
1316 5321 1594 5378 liberalius
1641 5323 1844 5380 sentire

242 5409 504 5478 potuerit,
534 5408 646 5464 imo
669 5409 939 5468 debuerit.

310 5497 646 5558 Theodorus
672 5501 942 5574 singulari
969 5518 1143 5574 eoque
1181 5503 1318 5560 satis
1364 5503 1547 5575 amplo
1570 5503 1712 5559 libro
1762 5503 1843 5559 al-

336 5707 392 5777 a)
419 5705 643 5779 Socrat.
685 5705 761 5761 Π.
789 5723 837 5762 e.
866 5723 945 5779 vt,
988 5707 1022 5762 5
1048 5706 1250 5779 ε-Ψιλῷ
1276 5706 1354 5777 τῷ
1392 5707 1679 5779 γράμματι
1731 5706 1840 5760 τῶν

242 5775 400 5851 eam
424 5777 714 5851 rrpogéxmv
745 5778 980 5851 Γραφῷν
1009 5777 1139 5851 -τᾲς-
1161 5775 1411 5851 empta;
1431 5775 1618 5851 ἀὐλεῷν
1651 5779 1843 5848 ἐκτρε-

231 5846 495 5934 πόμνοξ.
530 5846 659 5904 Pari
694 5846 854 5905 modo
893 5849 963 5904 de
1008 5847 1244 5906 Diodoro
1271 5846 1490 5907 Sozam.
1531 5847 1602 5903 ιι.
1641 5863 1685 5905 e.
1723 5846 1850 5913 vni,

1953 3579 2130 3632 verbis
2173 3578 2353 3633 inesse
2398 3585 2677 3647 emergat:
2721 3575 2774 3629 in
2805 3575 3123 3629 universum
3161 3572 3380 3642 quidem
3417 3571 3550 3625 mihi

1949 3683 2070 3723 cum
2105 3667 2240 3722 Cres.
2284 3683 2314 3722 a
2366 3667 2645 3739 Lengerke
2675 3668 2714 3723 l.
2748 3667 2904 3737 l.,.p.
2940 3665 3064 3731 145,
3095 3665 3216 3730 HG,
3261 3665 3550 3733 convenit,

1947 3760 2040 3815 sed
2063 3759 2209 3829 quod
2237 3759 2377 3815 idem
2401 3777 2452 3815 ν.
2480 3761 2532 3814 d.
2552 3759 2760 3824 docuit,
2786 3758 3021 3830 θεωρίαν
3042 3757 3564 3828 interpretationem-

1945 3867 2072 3908 vere
2099 3852 2382 3923 mysticam
2416 3852 2682 3917 indicare,
2704 3867 2770 3907 eo
2804 3851 2896 3907 illa
2925 3852 3198 3908 sententia
3230 3852 3547 3920 neutiquam

1948 3943 2216 3998 ﬁrmatur.
2251 3942 2395 3999 Sane
2421 3958 2545 3998 voc.
2580 3943 2806 4016 θεωρία,
2837 3943 2903 3999 de
2935 3942 3095 4013 cujus
3137 3942 3347 4013 origine
3376 3957 3428 3995 v.
3466 3941 3547 3994 ill.

1946 4032 2184 4089 Lobeck.
2233 4034 2492 4105 Aglaoph.
2545 4031 2600 4098 1,
2661 4049 2714 4103 p.
2769 4034 2874 4100 Η,
2921 4032 3192 4088 latissime
3245 4038 3392 4102 patet
3429 4038 3482 4085 et
3518 4047 3549 4085 a

1944 4123 2200 4181 Patribus
2233 4127 2301 4181 de
2327 4126 2779 4197 interpretatione
2810 4125 3126 4196 allegorica,
3156 4124 3372 4188 morali,
3409 4124 3550 4194 typi-

1946 4235 2030 4286 ca,
2057 4219 2294 4290 denique
2312 4221 2545 4291 mystica
2569 4219 2815 4274 adhiberi
2838 4227 3050 4288 poterat
3070 4219 3143 4289 (ν.
3170 4215 3544 4273 Suicer.Thes.

1943 4311 2071 4366 ecc-l.
2109 4328 2155 4368 s.
2191 4327 2242 4367 v.
2280 4312 2523 4380 θεωρία,
2561 4319 2614 4365 et
2644 4309 2782 4365 Caes.
2816 4325 2846 4363 a
2886 4308 3166 4380 Lengerke
3209 4308 3246 4362 l.
3295 4309 3332 4362 l.
3358 4323 3412 4378 p.
3449 4307 3548 4361 H7

1945 4404 2078 4472 sq.),
2119 4401 2215 4456 sed
2246 4400 2485 4455 Diodoro
2531 4401 2683 4454 notio
2723 4399 2842 4469 ejus
2888 4399 3024 4455 satis
3069 4399 3294 4454 dclinita
3337 4407 3390 4454 et
3423 4398 3551 4454 dis-

1942 4494 2117 4548 tincta
2144 4507 2267 4547 esse
2291 4491 2542 4546 debebat.
2577 4489 2769 4560 Itaque
2799 4506 2908 4544 non
2937 4491 3129 4544 dubito
3156 4491 3286 4559 quin
3316 4489 3550 4560 θεωρίαν

1946 4583 2165 4641 nonnisi
2216 4585 2449 4654 typicam
2501 4581 3035 4652 interpretationem,
3065 4581 3265 4651 quippe
3313 4596 3434 4650 quae
3480 4596 3550 4636 ex

1946 4675 2304 4731 meditatione
2335 4687 2518 4727 rerum
2548 4671 2854 4726 caelestium
2887 4678 2942 4725 et
2973 4671 3292 4725 oeconomiae
3328 4667 3448 4725 Scr.
3485 4669 3546 4723 S.

1945 4773 2216 4828 manaret,
2245 4764 2524 4819 vocaverit
2559 4762 2658 4834 (a).
2691 4761 2749 4816 In
2779 4777 2843 4818 eo
2874 4770 3055 4817 autem
3084 4761 3161 4816 illi
3194 4761 3320 4816 libri
3343 4761 3548 4818 diversi

1945 4867 2121 4924 erant,
2152 4859 2298 4930 quod
2329 4872 2456 4914 cum
2497 4855 2769 4913 Diodorus
2812 4851 3033 4911 nonnisi
3065 4853 3439 4910 diversitatem
3468 4854 3552 4907 in-

1944 4950 2361 5022 terpretationis
2410 4949 2608 5021 typicae
2675 4956 2732 5004 et
2793 4948 3099 5020 allegorica:
3160 4948 3509 5017 explanasset
3527 4986 3553 5013 ,.

1943 5043 2268 5100 Theodorus
2315 5041 2455 5114 quid
2507 5041 2652 5098 inter
2701 5040 3022 5096 historicam
3086 5046 3142 5095 et
3195 5037 3554 5110 allegoricam

1944 5136 2365 5208 explicationem
2399 5133 2696 5190 interesset
2725 5133 2936 5188 docuit.

2018 5228 2192 5283 Etiam
2236 5228 2377 5283 liber
2405 5227 2484 5282 De
2523 5228 2751 5282 obscura
2785 5225 3049 5280 locutione
3078 5222 3172 5295 (cf.
3210 5221 3477 5276 Elnediesu
3505 5220 3546 5274 I‘.

1949 5321 2011 5386 1.,
2050 5335 2106 5391 p.
2140 5320 2229 5389 54)
2275 5319 2494 5374 videtur
2540 5316 2846 5389 argumenti
2893 5312 3287 5370 hermeneutici
3351 5309 3548 5376 fuisse,

1951 5413 2048 5469 sed
2098 5412 2258 5484 quale
2317 5411 2480 5467 fuerit
2537 5409 2882 5481 conjiciendo
2941 5405 3232 5462 enucleare
3282 5419 3390 5462 non
3449 5417 3552 5457 au.

1949 5505 2072 5562 deo.

1949 5705 2004 5761 2.
2070 5704 2175 5763 Sed
2224 5707 2277 5762 hi
2308 5722 2428 5764 voc.
2482 5703 2682 5777 Θεωρία
2737 5701 3083 5775 allegoricum
3139 5715 3360 5758 sensum
3407 5697 3548 5757 indi-

1952 5785 2167 5834 carunt.
