4104 6484
594 424 670 484 9.7
1475 425 1778 484 OTTONIS
1815 427 1996 484 ΕΒΗ).
2035 425 2426 483 FRITZSCHE
2464 424 2975 484 COM’MENTATIO
3859 425 3928 480 9.8

621 576 3897 603 MM”-

2039 727 2298 792 CAPUT
2361 729 2442 789 II.

1427 897 1508 940 DE
1551 893 1880 940 THEODORI
1926 894 1990 937 IN
2035 893 2258 938 LIBROS
2288 894 2352 939 ν.
2391 894 2453 937 Τ.
2502 891 3008 937 αοΜΜιςΝτΑιιιιε.

655 1198 715 1254 In
743 1197 892 1254 V.T.
917 1197 1214 1254 lectitando
1235 1205 1289 1252 et
1315 1194 1728 1267 interpretando
1759 1195 1988 1249 multum
2007 1193 2183 1248 Theo-
2209 1177 2256 1232 Α
2280 1188 2372 1260 jus
2418 1185 2682 1244 Leontius
2738 1185 2774 1242 Ι.
2813 1199 2892 1251 .c.,
2939 1199 2992 1256 p.
3047 1183 3174 1251 686,
3226 1185 3503 1253 meminit,
3543 1203 3563 1238 ι
3603 1185 3780 1255 hunc,
3830 1189 3922 1245 in-

586 1293 756 1347 dorus
811 1291 1072 1361 temporis
1125 1298 1179 1345 et
1231 1289 1399 1346 studii
1451 1289 1768 1354 collocavit,
1801 1294 2021 1342 etcum
2082 1301 2184 1342 nec

585 1383 742 1439 tardo
792 1398 891 1438 nec
949 1383 1140 1437 timido
1193 1381 1409 1451 ingenio
1454 1389 1620 1447 esset,
1656 1381 1812 1451 plura
1848 1395 1987 1435 nova
2023 1378 2089 1434 de
2117 1395 2183 1434 eo

580 1474 794 1529 invenit
825 1480 878 1527 et
905 1472 1149 1543 protulit.
1179 1469 1322 1538 Quid
1359 1470 1427 1526 de
1455 1470 1686 1541 singulis
1717 1470 2000 1525 nonnullis
2024 1469 2184 1526 libris

580 1566 860 1621 censuerit
909 1563 1054 1620 infra
1098 1562 1298 1630 dicam,
1342 1562 1570 1617 omnino
1607 1569 1789 1618 autem
1811 1559 1877 1617 ν.
1909 1559 1974 1615 T.
2008 1561 2181 1620 libros

581 1654 635 1707 in
669 1655 982 1720 historicos,
1008 1653 1356 1724 propheticos
1382 1659 1437 1708 et
1471 1651 1564 1722 qui
1594 1667 1694 1722 pro
1717 1651 1969 1707 doctrina
1996 1651 2180 1706 homi-

578 1763 710 1800 num
744 1746 933 1816 scripti
960 1753 1147 1802 essent
1176 1745 1480 1801 distribuit.
1514 1744 1597 1799 Ad
1624 1745 1748 1808 hos,
1781 1761 2018 1816 quorum
2047 1745 2183 1800 scri-

577 1848 763 1907 ptorcs
795 1839 1118 1908 prudentias,
1163 1853 1269 1892 non
1310 1837 1607 1907 prophetiae
1645 1837 1877 1907 gratiam
1930 1838 2178 1907 accepis-

574 1929 718 1986 sent,
776 1923 962 1978 rctulit
1024 1923 1341 1988 Proverbia,
1394 1923 1806 1990 Ecclesiasten,
1863 1925 2179 1982 Salomonis

573 2011 769 2080 libros,
805 2022 857 2069 et
890 2012 1087 2070 Jobum
1120 2015 1214 2086 (cf.
1242 2017 1364 2073 Act.
1398 2031 1448 2070 c.
1488 2017 1679 2072 Const.
1711 2032 1771 2080 ιι,
1802 2032 1876 2083 ιν,
1911 2016 1999 2082 68,
2030 2019 2067 2073 l.
2098 2034 2174 2085 c.,

573 2118 631 2173 ν.
673 2105 759 2169 86,
787 2105 876 2168 68,
911 2121 963 2176 p.
1002 2105 1114 2178 88).
1154 2105 1261 2162 Sed
1304 2106 1592 2162 Canticum
1636 2107 1980 2164 canticorum
2017 2109 2177 2180 plane

571 2195 840 2266 despexit,
889 2205 943 2251 ct
993 2197 1134 2252 duos
1176 2197 1346 2254 libros
1380 2195 1838 2268 Paralipomenon
1871 2208 2035 2272 atque
2078 2201 2177 2258 Es-

570 2288 723 2340 tlram
757 2289 1085 2358 repudiavit.
1130 2288 1216 2343 Cf.
1263 2289 1454 2347 Leout.
1508 2291 1544 2346 l.
1577 2305 1654 2357 c.,
1684 2307 1738 2362 p.
1777 2292 1902 2348 687.
1939 2293 2047 2351 Eos
2077 2310 2176 2350 au-

567 2389 679 2433 tem
724 2381 913 2444 libros,
955 2381 1156 2452 quibus
1194 2381 1462 2439 minorem
1506 2391 1600 2437 aut
1638 2385 1843 2439 nullam
1878 2387 2044 2441 etiam
2078 2403 2175 2442 au-

569 2474 882 2528 ctoritatem
929 2475 1148 2539 statuit,
1189 2475 1348 2529 aliter
1392 2489 1456 2530 ac
1503 2476 1744 2547 reliquos
1778 2477 2172 2550 interpretatus

568 2573 672 2620 est.
733 2563 939 2620 llorum
987 2566 1133 2620 enim
1167 2565 1350 2622 verbis
1402 2583 1525 2622 cum
1573 2573 1738 2623 etiam
1793 2578 1958 2641 atque
2004 2572 2169 2626 etiam

567 2655 879 2720 inhaereret,
916 2656 1132 2711 illorum
1176 2672 1240 2712 ea
1287 2673 1408 2728 quae
1441 2657 1625 2714 minus
1657 2659 1760 2714 sibi
1792 2661 2064 2731 quadrare
2091 2662 2171 2716 vi-

566 2746 838 2801 debantur
866 2747 1233 2803 audacissime
1280 2748 1652 2819 reprehendit.
1690 2750 1810 2820 Ipsa
1856 2759 2038 2806 autem
2088 2753 2171 2806 in-

566 2841 883 2911 terpretatio
917 2841 1190 2897 interdum
1225 2842 1446 2913 quidem
1484 2844 1622 2899 bene
1667 2853 1984 2915 comparata
2027 2854 2169 2909 erat,

565 2949 708 2990 nova
757 2933 942 3000 etiam,
989 2933 1085 2990 sed
1119 2945 1178 2989 ut
1208 2935 1401 3006 reliqui
1457 2937 1785 3008 interpretes
1834 2935 2012 2994 Graeci
2069 2937 2174 2995 Ec-

567 3026 752 3083 clesia:
788 3028 1010 3093 veteris,
1037 3027 1111 3082 ita
1149 3026 1472 3085 Theodorus
1522 3031 1687 3085 etiam
1727 3031 2065 3087 intellectum
2101 3029 2169 3089 ν.

566 3117 631 3174 Τ.
667 3135 774 3173 non
809 3119 1038 3173 multum
1071 3119 1303 3189 adjuvit,
1338 3135 1464 3174 cum
1498 3121 1698 3192 linguae
1726 3120 1985 3182 ,liebrane
2017 3123 2174 3194 igna-

564 3227 684 3277 rus,
738 3212 909 3267 solam
963 3210 1108 3267 LXX
1151 3211 1676 3284 interpretationem,
1730 3229 1896 3285 quam
1949 3216 2173 3271 maximi

565 3305 825 3370 faciebat,
877 3305 1213 3374 comparatis
1279 3305 1506 3375 reliquis
1560 3304 1765 3362 Graecis
1826 3308 2172 3363 versionibus

563 3398 954 3468 nonnullisque
989 3396 1382 3466 interpretibus
1422 3396 1742 3452 illustraret.
1781 3397 2013 3453 Tantam
2041 3415 2172 3456 vero

565 3489 874 3543 molestiam
902 3487 1023 3558 ejus
1049 3487 1233 3558 lingua
1261 3494 1314 3541 et
1347 3487 1558 3542 indoles
1591 3489 1639 3543 ei
1673 3493 1898 3556 creavit,
1937 3501 1994 3546 ut
2024 3494 2171 3562 quod

567 3581 738 3636 multa
801 3580 1049 3649 peccavit
1102 3577 1452 3633 excusandus
1512 3579 1693 3650 potius
1731 3596 1897 3651 quam
1951 3585 2167 3654 vitupe-

566 3672 773 3726 randus
826 3670 915 3726 sit.
975 3668 1151 3725 liabet
1199 3676 1384 3725 tamen
1429 3685 1560 3726 suas
1600 3673 1854 3730 virtutes.
1903 3674 2171 3732 Caeterum

566 3764 814 3834 singulos
837 3773 967 3817 suos
990 3759 1436 3827 commentarios,
1454 3776 1593 3832 quos
1617 3761 1774 3819 libris
1793 3762 2043 3821 distinxit
2067 3766 2166 3838 (a),

2288 1281 2504 1352 quiens,
2539 1280 2690 1334 aiunt
2725 1293 2834 1332 non
2863 1277 3097 1346 amplius
3127 1291 3290 1346 quam
3327 1275 3526 1332 decem
3560 1288 3617 1333 et
3647 1287 3780 1335 octo
3813 1295 3918 1336 an-

2286 1387 2390 1429 nos
2431 1380 2619 1426 natum
2655 1369 2708 1423 in
2746 1366 3062 1438 Scripturas
3125 1367 3530 1423 debacchatum
3572 1386 3704 1427 esse
3742 1390 3757 1426 :
3805 1388 3917 1427 non

2285 1465 2433 1522 enim
2470 1465 2577 1520 nisi
2606 1462 3063 1518 debacchationes
3107 1452 3525 1530 Scripturarum
3576 1463 3920 1533 interpreta-

2283 1559 2484 1626 tiones,
2509 1572 2648 1628 quas
2678 1556 2733 1611 in
2766 1570 2861 1611 eas
2890 1552 3225 1625 composuit,
3259 1554 3547 1624 appellare
3580 1571 3840 1626 possum,
3889 1575 3913 1611 ι

2283 1649 2443 1706 ﬁdem
2485 1651 2709 1719 derogo.
2746 1646 3045 1703 Verissime
3087 1644 3400 1701 Tillemont.
3456 1646 3496 1700 Ι.
3551 1648 3618 1713 l.,
3666 1663 3723 1719 p.
3761 1649 3871 1704 444
3897 1667 3916 1706 :

2289 1761 2307 1794 ι
2343 1741 2477 1798 Mais
2524 1741 2562 1795 il
2595 1756 2662 1796 en
2685 1739 2830 1794 avait
2864 1736 3103 1827 pres.de
3142 1738 3293 1808 vingt
3324 1738 3426 1807 (sc.
3462 1737 3596 1810 ans)
3638 1748 3811 1795 avant
3854 1757 3916 1797 sa

2283 1834 2520 1893 scconde
2545 1834 2771 1889 retraite
2801 1833 2873 1903 (ν.
2907 1830 3014 1902 s.);
3042 1837 3096 1886 et
3127 1829 3166 1884 il
3200 1830 3292 1900 n’y
3325 1843 3355 1882 a
3393 1844 3500 1900 pas
3537 1829 3921 1901 d’apparence

2281 1929 2413 2000 qu‘il
2439 1935 2563 1984 eust
2603 1940 2805 1983 encore
2850 1924 2969 1980 rien
3010 1922 3166 1978 écrit.
3199 1939 3220 1975 ι
3254 1922 3313 1976 In
3346 1921 3690 1991 fragmentis
3725 1931 3918 1980 autem

2281 2019 2658 2078 commentarii
2683 2016 2904 2087 juvenis
2947 2013 3188 2070 eruditio
3229 2021 3284 2068 et
3329 2013 3572 2067 audacia
3602 2014 3916 2084 deprehen-

2281 2115 2449 2180 ditur,
2501 2129 2612 2170 non
2658 2111 2815 2184 pueri
2877 2106 3150 2180 imperitia
3200 2118 3255 2162 et
3311 2107 3575 2162 lascivia.
3647 2105 3915 2164 Fortasse

2279 2206 2658 2281 Chrysostomi
2703 2206 2874 2260 altera
2920 2204 2986 2258 ad
3037 2199 3387 2257 Theodorum
3444 2200 3688 2271 epistola
3726 2217 3914 2256 rumo-

2278 2316 2396 2357 rem
2426 2300 2580 2355 illum
2610 2297 2809 2354 effecit.

2349 2390 2617 2460 Pleraque
2640 2386 3021 2442 commentarii
3057 2385 3363 2456 fragmenta
3397 2383 3557 2438 viros
3594 2383 3653 2438 d.
3694 2383 3911 2437 hucus-

2276 2500 2383 2556 que
2411 2485 2708 2539 latuerunt.
2756 2482 2816 2534 In
2854 2478 2974 2533 Act.
3027 2493 3078 2533 c.
3111 2476 3301 2532 Const.
3344 2492 3404 2540 ιι,
3444 2492 3523 2540 tv,
3567 2475 3754 2531 tribus
3801 2476 3910 2530 illis

2273 2573 2464 2640 20-22,
2501 2589 2550 2643 p.
2591 2570 2682 2637 78,
2719 2568 2984 2638 exceptis,
3027 2567 3096 2622 de
3132 2567 3334 2638 quibus
3379 2565 3452 2619 ad
3502 2573 3814 2620 comment.
3855 2568 3908 2619 in

2274 2680 2351 2719 xu
2375 2664 2659 2734 prophetas
2682 2661 2996 2723 dicendum,
3027 2659 3136 2712 duo
3165 2658 3557 2712 tantummodo
3589 2657 3906 2729 fragmenta

2274 2754 2532 2823 leguntur
2570 2749 2644 2805 23
2679 2749 2768 2819 (de
2818 2764 2903 2820 ps.
2953 2764 3070 2815 XXI,
3105 2747 3194 2812 17,
3235 2748 3302 2803 18
3349 2746 3467 2819 (b))
3500 2756 3558 2803 et
3604 2748 3699 2813 24,
3746 2764 3802 2818 p.
3839 2748 3909 2802 79

2275 2846 2344 2900 de
2372 2860 2455 2916 ps.
2499 2858 2694 2908 LXVIII,
2728 2841 2790 2896 2|
2822 2859 2836 2904 ;
2869 2856 2996 2897 nam
3029 2858 3149 2912 qua:
3174 2841 3262 2906 19,
3299 2856 3350 2910 p.
3389 2841 3485 2907 77,
3525 2852 3582 2896 et
3619 2857 3676 2905 ν,
3719 2856 3774 2912 p.
3812 2841 3902 2904 91,

2274 2936 2650 3000 inveniuntur,
2689 2949 2752 2991 ea
2796 2949 2862 2990 ex
2917 2934 3072 2990 libris
3127 2933 3202 2987 De
3245 2933 3629 2988 incarnatione
3683 2942 3906 3002 sumpta

2276 3038 2441 3096 sunt;
2475 3041 2642 3083 unum
2696 3026 2765 3081 ad
2817 3041 2899 3096 ps.
2954 3041 3082 3080 XLIV
3130 3026 3185 3078 in
3226 3023 3493 3079 Facundo
3538 3041 3618 3092 Ix,
3663 3025 3724 3092 1;
3777 3041 3903 3096 per-

2276 3123 2445 3176 multa
2481 3132 2672 3175 contra
2705 3120 2950 3174 continet
3005 3116 3284 3185 Expositio
3330 3114 3568 3170 Patrum
3629 3114 3805 3171 Cra'c.
3845 3118 3903 3170 in

2276 3212 2395 3279 Ps.,
2450 3228 2480 3265 a
2527 3210 2707 3266 Baltlt.
2770 3208 3028 3265 Corderio
3076 3207 3138 3264 S.
3191 3205 3248 3263 Ι.
3297 3223 3361 3262 ea:
3401 3209 3792 3264 vetustissimis
3835 3207 3896 3264 S.

2275 3302 2412 3358 Caes.
2449 3300 2586 3370 Maj.
2634 3310 2684 3355 et
2729 3316 2896 3355 seren.
2945 3299 3196 3354 Bouaria:
3242 3298 3395 3353 ducis
3435 3315 3571 3356 mss.
3607 3300 3765 3354 codd.
3801 3300 3897 3354 ἀν-

2274 3395 2513 3459 εκδότοις
2552 3396 2892 3457 concinnata,
2927 3393 2980 3446 in
3022 3391 3403 3461 paraphrasin,
3436 3394 3896 3448 commentarium

2273 3498 2322 3542 et
2351 3497 2593 3542 catenam
2623 3486 2848 3556 digesta,
2890 3483 3184 3538 Latinitate
3209 3482 3406 3536 donata
3439 3492 3490 3537 et
3523 3485 3897 3540 adnotationi-

2275 3581 2372 3634 bus
2404 3579 2702 3639 illustrata.
2746 3577 2874 3629 ιονιιὶ
2912 3573 3032 3640 III,
3066 3578 3321 3643 Antverp.
3359 3574 3520 3639 1643,
3560 3577 3634 3632 46
3669 3577 3766 3646 fol.
3797 3577 3894 3644 (ε).

2278 3673 2386 3732 Sed
2419 3674 2487 3729 de
2515 3670 2746 3742 singulis
2775 3668 2939 3724 tomis
2962 3669 3277 3741 singulatim
3311 3669 3731 3726 disserendum.

2345 3771 2426 3822 Ac
2450 3764 2660 3836 primus
2687 3763 2904 3833 quidem
2936 3772 3116 3818 tomus
3154 3763 3218 3816 Θ.
3256 3762 3595 3834 Ἀντιοχείας
3626 3763 3897 3819 nonnulla

563 3856 632 3912 ad
661 3855 811 3910 viros
850 3852 1116 3924 quosdam
1165 3851 1333 3918 misit,
1371 3869 1606 3921 quorum
1652 3863 1834 3912 tamen
1865 3874 2009 3915 unus
2040 3866 2167 3914 tan-
2193 3879 2235 3938 ρ
2270 3861 2491 3922 exhibet
2537 3875 2591 3925 p.
2651 3857 2683 3911 8
2718 3857 2806 3930 (de
2860 3873 2944 3929 ps.
3000 3870 3039 3922 ι,
3074 3857 3163 3926 1);
3218 3855 3326 3908 272
3355 3855 3445 3926 (de
3499 3874 3590 3929 ps.
3620 3859 3756 3928 xv);
3790 3856 3896 3911 276

563 3955 679 4003 tum
707 3947 885 4002 duove
919 3944 1010 4015 qui
1043 3942 1244 3997 fuerint
1271 3944 1499 3999 scimus.

901 4039 968 4091 A.
1002 4035 1433 4092 Commentarius
1470 4039 1524 4092 in
1553 4039 1820 4098 Psalmos.

633 4131 780 4186 Inter
834 4144 1026 4185 omnes
1072 4127 1344 4185 Theodori
1407 4131 1575 4187 libros
1621 4136 2053 4194 commentarius
2109 4139 2161 4193 in

563 4222 838 4287 Psatmos,
865 4236 1048 4292 quem,
1078 4219 1346 4275 Ebediesu
1377 4228 1514 4276 teste
1537 4222 1573 4276 l.
1602 4237 1677 4290 c.,
1711 4238 1766 4294 p.
1805 4224 1894 4291 51,
1921 4226 2163 4298 quinque

562 4317 727 4372 tomis
765 4315 831 4370 ad
870 4314 1174 4371 Cerdonem
1202 4314 1431 4386 ejusque
1483 4314 1706 4370 fratrem
1743 4317 1983 4387 scripsit,
2021 4328 2161 4375 tem-

562 4423 699 4482 pore
742 4408 978 4480 primum
1018 4408 1199 4463 locum
1253 4407 1356 4462 sibi
1400 4406 1659 4461 vindicat.
1722 4405 1992 4464 Nimirum
2036 4427 2162 4466 cum

563 4501 883 4558 Theodorus
918 4501 1033 4572 ipse
1069 4514 1157 4570 ap.
1183 4496 1310 4554 Fac.
1359 4513 1442 4564 ιιι,
1473 4513 1551 4564 vr,
1586 4497 1696 4569 (10,
1731 4497 1784 4564 1,
1816 4499 1870 4571 5)
1900 4499 2066 4565 dicat,
2105 4517 2165 4558 se

568 4615 586 4646 ‹
620 4611 683 4650 ea
732 4609 853 4665 quae
910 4593 1116 4663 scripta
1163 4599 1351 4648 essent
1400 4594 1458 4646 in
1501 4588 1750 4647 Psalmos
1787 4593 1948 4647 etiam
1989 4595 2165 4663 prima

561 4699 874 4740 cwterorum
909 4681 1143 4736 omnium
1174 4679 1488 4751 scripsisse,
1527 4699 1545 4734 ι
1575 4681 1719 4753 quod
1746 4683 1888 4740 idem
1925 4681 2160 4756 Hesych_

561 4779 601 4834 l.
648 4792 722 4838 c.,
774 4791 827 4846 p.
872 4772 1000 4838 104,
1049 4779 1305 4839 testatur,
1361 4772 1417 4828 in
1470 4788 1659 4831 errore
1707 4777 1916 4832 versari
1965 4775 2161 4831 Chron.

563 4865 1012 4938 Edessen.,quod
1053 4863 1217 4918 XLVI
1258 4865 1473 4921 Assem.
1506 4867 1543 4923 l.
1571 4868 1605 4923 Ι.
1647 4867 1687 4933 Ι,
1732 4885 1783 4941 p.
1820 4868 1946 4936 409,
1987 4867 2168 4924 Theo-

563 4963 758 5017 dorum
800 4974 946 5014 anno
987 4957 1092 5013 714
1115 4957 1264 5030 (405,
1303 4957 1469 5030 401?)
1519 4958 1834 5032 Scripturas
1882 4959 1939 5016 S.
1997 4961 2166 5015 inter-

564 5053 765 5124 pretari
801 5051 1074 5121 incepisse
1104 5057 1314 5116 narrat,
1340 5051 1452 5122 jam
1474 5067 1542 5106 ex
1566 5068 1630 5108 eo
1653 5053 1997 5123 intelligitur,
2019 5052 2166 5122 quod

565 5148 752 5218 plures
799 5143 1076 5200 Theodori
1129 5143 1300 5199 libros
1357 5144 1529 5199 multo
1577 5153 1705 5199 ante
1755 5145 1908 5198 illum
1960 5158 2166 5198 annum

2270 3955 2384 4026 (xv,
2435 3951 2530 4018 8);
2588 3948 2696 4004 296
2751 3947 2886 4016 (τινι,
2946 3947 3032 4009 1|,
3094 3945 3215 4014 12);
3274 3946 3380 4001 528
3435 3946 3598 4020 (xvn,
3644 3947 3740 4020 8);
3789 3947 3857 4004 37

2269 4044 2497 4116 (xxxn);
2527 4041 2633 4096 575
2665 4040 2862 4110 (xxxii,
2894 4039 2966 4109 1).
2997 4038 3263 4093 Praeterea
3287 4039 3540 4108 quaedam
3567 4042 3691 4096 solo
3715 4039 3893 4095 Theo-

2267 4135 2386 4192 dori
2423 4133 2644 4187 nomine
2681 4137 2963 4194 notantur,
3013 4144 3134 4200 qua:
3165 4129 3350 4184 sintne
3393 4128 3676 4187 Theodori
3719 4131 3892 4187 [iera-

2269 4228 2458 4284 clcotze
2497 4241 2568 4279 an
2611 4221 2978 4293 Mopsuesteni
3022 4221 3282 4277 constitui
3314 4237 3424 4276 non
3459 4241 3629 4296 posse
3673 4225 3892 4281 Sieﬂert

2269 4320 2307 4375 Ι.
2341 4321 2404 4383 l.,
2448 4334 2500 4389 p.
2536 4317 2627 4381 30,
2660 4315 2752 4386 qui
2795 4315 2896 4368 hac
2926 4321 3120 4368 catena
3149 4328 3259 4368 non
3287 4313 3363 4369 ita
3395 4327 3450 4370 ut
3488 4317 3728 4372 debebat
3757 4332 3894 4374 usus

2269 4419 2372 4479 est,
2402 4423 2685 4482 perperam
2734 4405 3005 4478 perhibet.
3050 4402 3162 4460 Imo
3193 4404 3528 4462 Theodoreti
3574 4416 3724 4474 sunt,
3769 4423 3890 4479 quae

2269 4520 2324 4575 p.
2365 4505 2432 4559 15
2466 4502 2735 4574 (fortasse
2769 4514 2892 4570 quae
2933 4497 3137 4553 ibidem
3171 4495 3520 4554 Theodoreto
3570 4502 3891 4556 tribuuntur

2268 4595 2545 4652 Theodori
2579 4595 2753 4660 sunt),
2793 4589 2882 4652 44,
2927 4588 3050 4656 157,
3085 4587 3208 4653 165,
3254 4588 3376 4654 189,
3422 4590 3546 4657 199,
3589 4591 3722 4658 200,
3759 4592 3887 4655 215,

2267 4687 2394 4752 260,
2429 4687 2537 4740 275
2585 4685 2840 4755 leguntur
2876 4679 2976 4750 (ά),
3019 4679 3115 4735 sed
3157 4681 3367 4752 reliqua
3398 4697 3451 4751 p.
3490 4684 3562 4738 52
3593 4685 3684 4755 (de
3713 4701 3796 4756 ps.
3829 4701 3887 4747 ιι,

2273 4779 2615 4848 7),195(ικ,
2672 4774 2784 4842 16),
2837 4773 2940 4828 530
2990 4772 3146 4840 (xvn,
3201 4773 3311 4844 11),
3369 4773 3476 4830 965
3529 4776 3733 4851 (xmx),
3789 4793 3888 4831 cur

2269 4867 2641 4941 Mopsuestcni
2683 4881 2806 4922 esse
2865 4880 3028 4934 neges
3082 4865 3234 4920 nulla
3283 4866 3422 4920 ratio
3460 4876 3568 4922 est.
3612 4869 3884 4925 Ctetcrum

2270 4977 2392 5033 quae
2425 4959 2658 5014 Schnlze
2687 4957 2740 5012 in
2775 4955 2907 5012 edit.
2949 4954 3300 5023 Theodoreti,
3335 4953 3375 5023 1,
3404 4973 3456 5027 p.
3502 4958 3632 5025 792,
3663 4961 3789 5024 793,
3818 4975 3883 5015 ex

2271 5052 2395 5109 cod.
2439 5049 2588 5107 Flor.
2627 5050 2695 5106 de
2721 5066 2803 5120 ps.
2837 5065 2965 5114 xxx,
2997 5049 3052 5115 5,
3089 5049 3296 5114 attulit,
3325 5063 3390 5104 ea
3431 5049 3713 5109 Theodori
3763 5067 3886 5109 esse

2275 5144 2569 5201 admodum
2611 5142 2914 5213 probabile.

565 5237 905 5308 compositos
937 5250 1061 5292 esse
1102 5234 1239 5290 nihil
1267 5237 1473 5292 certius
1515 5243 1620 5293 est.
1670 5233 1775 5292 Sed
1803 5236 2036 5304 rumori,
2070 5251 2169 5291 cu-
2203 5223 2248 5279 Ῐ)
2351 5237 2407 5291 1η
2431 5235 2604 5290 altero
2625 5235 2843 5290 Catenae
2871 5242 3020 5288 tomo
3049 5229 3322 5302 permulta
3345 5230 3622 5290 Theodori
3645 5232 3882 5290 all‘erun—

637 5412 716 5481 (a)
749 5411 854 5467 Sed
896 5419 1198 5477 tomorum,
1249 5428 1388 5482 quos
1433 5411 1700 5469 Ehcdiesu
1751 5413 2163 5470 commentariis

568 5483 781 5543 tribuit,
810 5483 952 5537 ratio
982 5500 1089 5537 non
1125 5485 1180 5538 in
1217 5482 1529 5550 Theodoro,
1554 5484 1650 5538 sed
1688 5489 1741 5536 In
1772 5484 2164 5554 interpretibus

572 5554 814 5624 Syriacis
844 5556 1159 5622 quazrcnda.

641 5623 716 5694 (ὁ)
753 5621 975 5678 Adduco
1007 5625 1258 5694 lectores,
1289 5639 1442 5679 more
1468 5621 1766 5690 Theodori,
1800 5623 1865 5677 ad
1898 5623 2036 5678 LXX
2080 5626 2164 5680 in-

570 5693 1014 5762 tcr’prctationem
1055 5694 1115 5749 ν,
1158 5693 1221 5748 Τ.

644 5761 716 5834 (c)
748 5764 970 5819 Barbari
1021 5766 1282 5820 Catenam
1334 5763 1535 5834 (Aurea
1579 5761 1630 5815 in
1670 5762 1708 5816 L
1748 5763 2029 5821 Davidicos
2077 5783 2160 5834 ps.

571 5831 848 5888 doetorum
899 5835 1070 5889 Cra'c.
1123 5835 1345 5888 Catena.
1385 5860 1451 5904 τι
1495 5831 1781 5904 ltttcrprcte
1838 5836 1972 5889 Dan.
2029 5831 2164 5890 Bar-

576 5904 724 5959 baro.
757 5905 941 5960 Venet.
998 5905 1178 5971 1569;.
1229 5921 1349 5972 qtnn
1385 5902 1656 5959 Theodori
1713 5909 1966 5962 Antioch.
2001 5910 2164 5962 ctiam

575 5977 768 6048 pannis
797 5983 1048 6031 contexta
1091 5985 1166 6031 cst
1213 5979 1284 6046 (in
1324 5973 1517 6029 Thom.
1557 5974 1693 6048 lttig.
1739 5976 1807 6031 Dc
1841 5978 2166 6041 bibliothecis

2274 5423 2324 5488 et
2355 5413 2554 5488 catenis
2591 5411 2839 5488 Patr-un}.
2879 5407 3029 5488 Lips.
3080 5405 3245 5488 1707,
3277 5405 3331 5472 8,
3363 5424 3416 5479 p.
3451 5408 3602 5478 658),
3634 5408 3688 5461 in
3722 5402 3880 5478 plurio

2277 5485 2381 5539 bus
2410 5483 2758 5538 bibliothecis
2786 5483 2990 5535 frustra
3024 5483 3269 5546 quaesivi.

2348 5555 2423 5625 (ά)
2455 5553 2748 5625 Nominum
2801 5545 3127 5625 Theodoreti
3173 5545 3739 5625 et’TheodoriLcum
3786 5555 3878 5625 per

2275 5616 2661 5694 compendium
2706 5622 3105 5694 scriberentur,
3139 5616 3392 5694 confusio
3427 5619 3688 5694 proclivis
3737 5619 3870 5694 erat.

2275 5697 2360 5750 οῖ·
2403 5683 3307 5768 'Momf-Raleoar;-§':ap.-1W:
3351 5683 3466 5768 Sed.
3501 5690 3676 5768 maior
3707 5683 3876 5768 "03'."

2277 5767 2454 5836 gentia
2489 5767 2544 5818 in
2580 5765 2701 5819 cod.
2744 5753 2978 5836 DCXVli
3022 5753 3368 5836 hibl.r_Vatic.._
3418 5753 3759 5836 observatur:
3813 5753 3870 5805 1n

2277 5825 2385 5904 quo
2413 5837 2606 5904 legitur
2639 5833 3020 5904 interpretatio
3051 5829 3308 5904 continua
3358 5829 3411 5881 in
3462 5829 3549 5904 Ps.
3586 5825 3868 5904 _6:o8t:opou

2290 5895 2624 5977 Άντξήἐως,
2664 5906 2756 5959 sed
2787 5895 2906 5977 ἔμιξε
2939 5898 3268 5956 Theodoreti
3315 5909 3415 5956 est.
3448 5902 3529 5957 Cf.
3570 5900 3707 5968 Ang.
3743 5895 3863 5949 Mai.

2277 5978 2312 6032 l.
2349 5978 2384 6032 ι.
2421 5975 2458 6042 1,
2495 5992 2546 6047 p.
2585 5993 2716 6030 ml.
