2052 3247
128 210 166 237 29
536 217 580 243 Ill“.
602 217 780 246 THEODORI
799 217 1044 246 MOPSUESTENI
1061 220 1142 248 VITA
1160 220 1205 248 ET
1226 215 1391 249 SClthTIS"
1760 221 1794 247 50

132 278 191 306 tur,
201 282 323 310 quarunt
338 276 473 312 pleraque
485 276 679 312 Mopsuesteno
695 279 858 306 vindicanda
870 283 944 307 sunt.
960 280 983 309 Α
999 280 1055 307 rior
1075 281 1094 307 l.
1114 281 1226 309 uberior
1244 282 1326 310 etiam
1347 282 1374 309 in
1391 282 1452 309 cod.
1471 282 1483 308 1
1506 281 1670 309 Theodoreti
1687 288 1717 308 se
1733 281 1797 307 insi<

132 319 210 348 Sane
231 321 403 349 Catenarum
431 323 499 351 fides
520 323 576 351 fere
594 331 649 351 non
670 332 778 359 magna,
803 324 829 351 in
852 324 944 352 multis

130 368 218 394 etiam
236 367 404 397 Theodorus
431 369 603 402 llcracleota,
621 369 758 398 Diodorus
775 374 803 398 et
819 370 945 398 Theodo-

130 418 211 442 retus
237 422 303 442 cum
330 415 528 451 Mopsuesteno
547 417 731 450 conveniunt,
751 417 833 453 hujus
853 421 944 445 tamen

131 460 229 495 lingua
250 461 510 498 interpretandique
530 464 601 491 ratio
625 463 681 491 fere
700 463 854 491 manifestis
872 463 945 491 notis

130 506 262 540 dignosci
277 512 380 542 potest.
396 508 469 541 Quid
486 510 569 536 vero?
580 509 614 537 Ut
626 510 693 537 alias
707 509 845 538 difficilius
856 509 945 537 Theo-

131 552 218 579 d0rea
233 553 375 584 odoreris,
389 561 421 581 ea
439 563 501 590 qua:
519 563 552 582 ex
568 556 773 583 commentariis
793 556 821 582 in
836 555 880 583 Ps.
897 563 945 591 pe-

132 598 183 625 tita
208 603 278 626 sunt
302 600 472 635 investigare
491 601 558 628 nihil
575 606 618 628 est
636 601 747 637 negotii.
770 601 808 628 De
828 601 945 629 Psalmis

131 644 207 671 enim
226 652 292 672 cum
312 646 454 674 breviores
474 646 530 674 sint
552 652 579 674 et
595 647 629 673 ad
647 647 770 675 diversas
785 655 829 675 res
849 647 946 675 referri

131 691 255 725 possint,
272 692 310 718 illi
325 692 494 727 interpretes
515 693 605 721 minus
624 694 809 727 consentiunt,
827 693 946 721 maxime

130 743 228 765 autem
247 737 417 766 Theudor-us
434 739 596 774 plerumque
619 740 654 767 ab
672 739 728 767 illis
751 739 878 773 dissidet,
896 740 945 775 qui

130 783 177 810 hic
197 783 317 818 quidem
337 784 425 812 multa
446 785 567 812 novavit.
584 784 631 812 illa
648 793 714 813 vero
736 785 873 813 Theodori
889 785 945 812 fra-

130 833 247 864 gmenta
263 837 330 856 cum
347 830 376 857 in
391 830 556 858 Theodoreti
572 835 599 859 et
615 830 666 859 Th.
685 830 853 859 Heracleotaa
870 839 946 860 com-

130 876 284 904 mentariis
306 876 390 911 (pars
413 876 499 911 hujus
515 875 684 905 Heracleotaa
701 878 890 905 commentarii
917 878 946 905 in

130 922 240 950 Catena
267 922 397 950 Corderii
426 923 543 958 singulis
573 923 688 958 psalmis
718 923 860 958 praemissa
890 925 944 959 est)

130 977 188 997 non
204 969 350 1005 legantur,
365 968 413 997 sed
433 977 498 996 cum
524 969 579 996 illis
599 969 655 997 fere
676 975 798 1006 pugnent
815 972 852 1006 (ν.
871 979 898 998 v.
919 978 945 998 c.

130 1015 166 1043 de
191 1023 236 1050 ps.
269 1023 348 1042 uvn
374 1014 479 1049 diota),
506 1016 658 1051 praasertim
684 1017 730 1044 ubi
759 1024 815 1052 quo
845 1017 945 1052 smguli

131 1062 234 1096 psalmi
255 1061 417 1096 pertineant
428 1061 602 1093 edisseritur,
621 1065 717 1089 contra
731 1062 802 1090 inter
822 1071 852 1091 se
865 1067 892 1090 et
912 1063 947 1091 iis

133 1116 195 1144 quae
209 1108 246 1135 de
263 1107 414 1135 Theodoro
432 1107 605 1135 Psalmorum
626 1108 776 1144 interprete
790 1110 947 1145 accepimus

134 1153 204 1181 belle
232 1153 426 1186 conveniant,
455 1153 641 1188 Mopsuesteni
666 1163 729 1183 esse
761 1160 867 1183 certum
893 1161 946 1184 est.

134 1199 274 1227 Cmterum
302 1201 362 1228 hate
386 1200 468 1228 etiam
495 1200 598 1228 Catena
626 1202 766 1229 communi
787 1206 946 1230 catenarum

134 1247 195 1274 labe
214 1247 322 1274 infecta
340 1251 384 1275 est
402 1251 484 1282 atque
505 1247 578 1275 haud
590 1256 677 1283 pauca
689 1248 788 1285 fragm.
803 1257 945 1284 perperam

134 1294 306 1329 quibusdam
325 1294 524 1329 interpretibus
547 1295 725 1329 tribuuntur;
753 1296 793 1324 sic
815 1297 948 1325 nonnulla

135 1340 307 1369 Theodoreti
322 1342 349 1369 in
365 1341 417 1369 Th.
439 1342 607 1371 lleracleotae
628 1343 835 1371 commentariis
850 1343 947 1378 legun-

135 1391 191 1422 tur,
221 1388 345 1424 ideoque
367 1389 452 1417 nolim
479 1390 624 1425 praefracte
649 1390 832 1422 contendere,
854 1390 947 1417 omnia

135 1442 197 1470 quze
221 1443 279 1463 non
307 1437 402 1470 spuria
425 1441 473 1464 aut
502 1442 577 1465 certe
599 1437 682 1464 dubia
712 1436 850 1468 indicabo,
874 1436 946 1463 haud

135 1481 220 1509 dubie
235 1481 378 1510 Theodori
395 1491 468 1511 esse.
494 1482 616 1511 Possunt
630 1483 761 1510 nonnulla
777 1482 846 1510 falso
859 1482 946 1511 Theo-

135 1527 195 1554 dori
214 1527 344 1560 nomine,
370 1528 424 1555 alia
449 1533 547 1556 contra
566 1528 704 1556 Theodori
721 1528 792 1555 male
812 1528 882 1556 alius
898 1536 948 1556 no-

135 1573 211 1600 mine
227 1577 326 1601 notata
348 1581 428 1607 esse;
446 1574 483 1601 ita
496 1581 557 1609 qua!
581 1582 609 1609 p.
630 1573 683 1601 574
704 1572 869 1601 Theodoreti
886 1573 949 1601 all'e-

997 327 1093 354 nuavit
1111 327 1159 362 (cf.
1180 328 1346 356 Theodoret.
1368 328 1437 364 Opp.
1458 329 1479 361 l,
1497 336 1524 363 p.
1543 328 1620 362 965),
1636 327 1682 358 91.
1702 327 1736 353 94
1751 335 1793 360 sq.

998 372 1054 407 (ιν,
1068 374 1095 405 5,
1111 374 1136 401 7.
1154 374 1303 402 Posteriori
1314 375 1332 402 l.
1348 374 1382 403 de
1393 374 1552 402 discrimine
1564 373 1709 401 disseritur
1722 372 1795 407 quod

996 420 1069 449 inter
1080 421 1152 448 LXX
1164 427 1189 449 et
1202 421 1358 457 Symmachi
1380 420 1632 455 interpretationem
1645 418 1678 445 V.
1698 419 1729 445 ’l‘.
1754 419 1797 445 ina

996 468 1127 495 tercedat.
1146 467 1179 494 V.
1200 472 1275 503 praet.
1295 474 1322 502 p.
1339 466 1408 498 200,
1422 466 1497 500 505),
1521 465 1582 494 152.
1606 464 1657 491 154
1673 464 1748 499 (un,
1766 464 1794 495 4,

997 514 1031 547 5;
1051 513 1086 541 cf.
1101 521 1163 549 quae
1177 514 1210 541 ad
1226 514 1284 541 hac
1296 514 1313 541 l.
1329 513 1460 540 adnotant
1474 512 1525 538 Th.
1543 510 1649 538 Heracl.
1664 518 1689 545 p.
1706 509 1757 537 126
1769 514 1795 537 et

998 559 1186 595 Theodoret.),
1205 560 1255 587 140
1270 560 1345 595 (Lvn,
1369 559 1414 591 11,
1435 558 1490 591 12),
1506 557 1567 589 158,
1584 556 1645 589 159,
1668 555 1728 586 169,
1746 555 1795 583 165

997 609 1084 640 (Lvut,
1111 606 1139 638 8,
1165 606 1212 637 12,
1236 606 1370 641 15),180,
1396 604 1457 635 181,
1482 602 1533 630 182
1557 603 1623 637 (LIX,
1645 601 1717 636 4-6),
1743 602 1793 629 557

997 653 1091 688 (vau,
1112 652 1167 686 19),
1181 652 1230 679 411
1249 652 1355 687 (vatu,
1374 650 1430 685 28),
1447 650 1509 681 469,
1526 648 1590 680 471,
1603 648 1753 681 478(1.ΧΧ1,
1768 648 1794 679 5,

997 699 1024 730 7,
1045 699 1101 733 17),
1123 698 1177 726 502
1195 700 1291 733 (Lxxn,
1316 697 1372 733 10),
1391 696 1444 723 552
1466 695 1575 731 (Lxxul,
1593 693 1632 729 4),
1648 693 1711 726 551,
1732 693 1795 726 552,

996 745 1059 778 555,
1079 745 1131 772 556
1148 747 1251 779 (Lxxtv,
1266 745 1293 777 5,
1315 744 1341 776 7,
1357 745 1384 771 9.
1406 743 1434 770 in
1453 743 1550 771 ultimo
1570 743 1589 770 f.
1605 748 1655 775 pro
1671 739 1798 767 Βαϐυλώ-

996 800 1047 819 νιοι
1061 791 1113 826 leg.
1135 791 1283 827 Ἀσσύριοι.
1296 791 1431 819 Caeterum
1446 789 1483 819 cf.
1498 797 1560 824 quae
1573 789 1607 817 ad
1629 788 1657 815 h.
1671 788 1690 814 l.
1709 785 1797 813 Theo-

996 838 1086 866 doret.
1100 841 1128 866 et
1143 837 1196 866 Th.
1218 837 1327 865 Heracl.
1345 836 1499 870 adnotant),
1518 836 1571 864 650
1589 834 1716 871 (uxvn),
1731 832 1794 865 655,

997 885 1049 913 642
1069 886 1183 920 (Lxxvtl,
1196 883 1222 917 8,
1234 884 1292 919 49),
1320 883 1372 911 664
1397 884 1523 920 (Lxxvtn,
1544 883 1602 919 15).
1630 881 1682 908 Sed
1703 881 1729 907 in
1750 879 1795 911 iis,

962 952 983 980 Β
997 931 1093 967 paucis
1113 931 1176 962 illis,
1196 937 1257 965 quae
1280 929 1314 956 ad
1330 937 1372 964 ps.
1393 937 1508 956 Lxxn-c
1528 928 1631 964 passim
1657 924 1796 953 Theodori

997 978 1109 1006 nomine
1123 981 1262 1010 notantur,
1275 975 1451 1003 Theodorum
1463 983 1517 1002 non
1534 974 1642 1010 agnovi.
1657 971 1796 999 Nonnulla

997 1032 1093 1053 eorum
1109 1023 1182 1051 haud
1197 1023 1279 1051 dubie
1294 1022 1482 1050 Theodoretea
1497 1024 1571 1049 sunt.

1035 1071 1071 1099 De
1091 1070 1255 1105 fragmentis
1275 1069 1303 1096 in
1329 1069 1410 1096 tertio
1425 1073 1501 1095 tonio
1521 1066 1659 1094 Theodori
1682 1063 1797 1093 nomine

998 1119 1089 1146 allatis
1109 1126 1135 1153 p.
1155 1116 1277 1144 250-542
1293 1114 1431 1143 diflicilius
1448 1115 1533 1142 dictu.
1560 1112 1613 1140 Sex
1630 1109 1797 1139 Theodoreti

997 1169 1071 1196 sunt,
1086 1173 1111 1199 p.
1129 1163 1264 1196 230,507,
1278 1162 1341 1194 561,
1351 1161 1416 1194 450,
1426 1160 1489 1193 515,
1503 1159 1573 1192 516;
1590 1156 1795 1188 novemdecim,

998 1218 1059 1238 meo
1074 1210 1185 1245 quidem
1195 1208 1311 1243 judicio,
1327 1214 1342 1233 a
1353 1206 1547 1241 Mopsucsteno
1564 1211 1679 1240 prorsus
1693 1202 1796 1230 abhor-

997 1260 1059 1284 rent
1080 1264 1087 1281 :
1108 1264 1134 1291 p.
1160 1255 1222 1287 519,
1241 1254 1380 1287 521.5%},
1403 1253 1467 1284 559,
1489 1252 1551 1282 562,
1571 1251 1634 1283 565,
1651 1249 1714 1280 577,
1731 1247 1796 1281 405,

997 1303 1060 1334 407,
1077 1302 1140 1334 408,
1161 1300 1225 1339 445,
1241 1300 1292 1326 447
1308 1304 1345 1333 (v.
1358 1307 1384 1333 p.
1399 1298 1475 1331 445),
1490 1297 1555 1328 448,
1576 1295 1638 1327 462,
1652 1294 1715 1326 489,
1732 1293 1795 1325 491,

997 1350 1050 1377 510
1066 1349 1102 1385 (ν.
1124 1355 1150 1383 p.
1170 1347 1245 1380 508),
1260 1346 1323 1378 512,
1340 1345 1402 1377 515,
1423 1348 1450 1372 et
1467 1351 1529 1379 quae
1543 1346 1650 1370 restant
1664 1348 1732 1368 mn
1751 1341 1793 1367 ni-

998 1396 1036 1423 hil
1052 1394 1192 1430 peCuliare
1209 1393 1373 1427 habentquo
1385 1398 1481 1418 eorum
1492 1393 1634 1417 auctorem
1648 1388 1796 1422 dignoscas

998 1447 1079 1477 atque
1094 1440 1207 1469 omnino
1230 1438 1333 1466 nullius
1349 1438 1405 1465 fere
1421 1436 1552 1463 momenti
1568 1438 1643 1462 sunt.
1664 1432 1798 1467 Suspicor

997 1489 1129 1524 pleraque
1146 1493 1242 1514 eorum
1259 1484 1311 1512 Th.
1336 1483 1445 1510 llerael.
1465 1485 1524 1514 aut,
1540 1480 1614 1515 quod
1631 1479 1719 1512 magis
1736 1479 1797 1524 pla-

998 1522 1055 1564 cet,
1082 1531 1194 1560 Diodori
1225 1538 1298 1559 esse.
1328 1528 1371 1556 Cf.
1401 1528 1500 1563 fragm.
1531 1525 1644 1553 Diodori
1670 1524 1738 1551 int.
1762 1522 1796 1555 11,

999 1587 1027 1616 ρ.
1037 1577 1171 1606 705962.

136 1623 248 1652 '“murs
268 1619 400 1647 ﬁdem“?
420 1619 560 1648 TheOdori
575 1627 637 1648 esse
649 1629 656 1654 i
670 1623 735 1648 sunt
753 1627 784 1648 ea
801 1624 891 1647 "lmen
907 1620 946 1647 Ῑε·
962 1633 983 1663 c
999 1614 1008 1616 ί
1036 1625 1201 1660 Fragmenta
1214 1620 1400 1658 Mopsuesteni
1415 1620 1511 1647 insunt
1529 1618 1556 1645 in
1565 1617 1627 1645 Cat.
1644 1615 1719 1644 ined.
1734 1614 1795 1642 cod.

136 1666 221 1694 vioris
244 1666 390 1699 momenti,
411 1674 473 1701 quae
494 1665 638 1701 cujusnam
663 1666 719 1694 sint
746 1673 800 1693 non
831 1666 947 1693 militum

136 1712 231 1740 refert.
252 1712 283 1739 in
299 1711 345 1740 his
357 1712 468 1740 Catenae
483 1714 675 1740 auctoritatem
695 1713 773 1748 sequi
795 1713 882 1741 tutius
895 1719 947 1746 est,

136 1766 220 1794 quam
252 1759 439 1794 cenjectaudo
462 1758 571 1794 nugari.
595 1758 701 1794 (Edipo
718 1759 791 1788 enim
810 1766 879 1793 opus
894 1763 947 1786 est.

137 1804 175 1833 De
191 1805 313 1841 singulis
329 1804 428 1840 fragm.
447 1809 478 1832 ut
498 1804 554 1839 jam
576 1805 683 1840 loquar,
696 1805 790 1840 spuria
809 1808 874 1832 sunt
889 1813 950 1840 qua:

136 1860 164 1888 p.
179 1852 232 1880 241
253 1853 294 1888 (v.
314 1860 341 1887 p.
363 1852 440 1887 254),
454 1851 518 1884 291,
533 1851 597 1886 296)
614 1850 861 1887 (Ὀλοκαυτὼματα
882 1852 948 1888 -),

136 1899 190 1927 402
206 1899 288 1932 (Οὐδὲ
306 1899 362 1934 γάρ
393 1900 444 1933 -),
468 1898 520 1928 652
543 1897 825 1933 (Συμπαραλαμϐάνει
841 1898 887 1933 -)
915 1898 951 1926 le‘

136 1950 260 1982 guntur;
279 1945 387 1979 reliqua
404 1944 458 1971 huc
489 1943 631 1971 referenda
649 1951 676 1979 p.
700 1942 751 1971 185
767 1951 808 1979 sq.
829 1944 950 1977 (Οἰκείαν

136 1991 211 2024 λέγει
226 1989 361 2025 «-),215
383 1989 420 2025 (ν.
447 1996 473 2024 ι).
502 1988 578 2023 210).
603 1988 667 2020 255,
688 1988 742 2016 252
765 1988 802 2023 (ν.
826 1996 852 2024 p.
873 1988 948 2024 248),

136 2038 199 2071 268,
212 2037 279 2069 ‘269,
295 2037 360 2068 275,
382 2037 437 2064 283
452 2038 489 2070 (ν.
511 2044 538 2071 p.
558 2035 634 2071 285),
650 2036 714 2068 565,
730 2035 793 2068 475,
806 2036 870 2068 597,
886 2036 948 2069 675,

137 2085 229 2112 omnia
247 2084 379 2110 \‘iuvuttll'
395 2082 561 2109 Theodoreti
578 2090 656 2114 esse;
675 2083 757 2109 dubia
771 2090 836 2108 vero
853 2083 950 2110 halluc-

138 2132 186 2158 riin
205 2139 232 2166 p.
254 2130 300 2161 57,
329 2129 379 2156 182
395 2129 501 2164 (Ταῦτα
520 2129 548 2154 δέ
560 2129 616 2161 —),
648 2129 707 2160 HW,
723 2128 776 2155 270
801 2131 837 2163 (ν.
861 2128 950 2155 Theo-

136 2178 225 2204 dori-l.
259 2176 330 2211 Opp.
361 2177 380 2207 Ι,
405 2184 431 2210 p.
452 2175 542 2207 10551,
568 2176 619 2202 293
645 2177 696 2209 (ei;
721 2175 864 2209 ζιυήν-),
885 2176 946 2205 295,

136 2224 200 2254 297,
216 2224 271 2251 519
288 2219 385 2257 (Οὗτός
399 2230 482 2256 φησιν
496 2221 553 2255 -),
570 2222 632 2252 531,
646 2222 697 2249 ’568
716 2221 819 2255 (Ταῦτά
833 2231 878 2247 σω
891 2222 948 2255 μ),

136 2270 185 2297 «iiii
199 2280 206 2302 ;
222 2277 286 2304 qua!
310 2273 443 2303 pra-terea
459 2267 595 2295 Theodori
620 2267 783 2300 afferuntur,
800 2276 841 2300 ea,
856 2269 950 2303 paucis

999 1671 1024 1699 X
1043 1671 1111 1699 bibl.
1131 1669 1246 1697 Coisiin.
1264 1667 1308 1695 Cf.
1333 1665 1430 1694 Montf.
1456 1665 1528 1692 Bibl.
1547 1663 1630 1691 Coisl.
1654 1671 1680 1697 p.
1699 1662 1750 1691 58,
1770 1665 1797 1688 et

1000 1717 1028 1746 in
1041 1717 1101 1745 Cat.
1121 1716 1195 1743 incd.
1211 1715 1274 1742 cod.
1287 1712 1361 1740 XVII
1375 1712 1443 1740 bibl.
1462 1711 1548 1738 Marc.
1566 1709 1663 1737 Venet.
1679 1708 1721 1735 Cf.
1736 1707 1796 1733 Jac.

1000 1763 1115 1792 liorellii
1128 1762 1209 1794 bibl.,
1224 1760 1309 1788 Marc.
1323 1758 1420 1787 Venet.
1436 1757 1506 1786 Bibl.
1522 1766 1586 1785 mss.
1601 1756 1647 1783 Gr.
1664 1759 1688 1782 et
1700 1753 1772 1787 Lat.,
1789 1753 1798 1780 l

1000 1809 1232 1846 (Bassani1802),
1249 1816 1276 1844 p.
1292 1808 1337 1835 55.
1355 1806 1461 1834 Caveus
1477 1805 1538 1837 1.1.,
1551 1813 1579 1840 p.
1590 1803 1653 1835 949,
1668 1812 1677 1828 1
1692 1802 1797 1832 Exstat,

1001 1855 1181 1891 inquit,apud
1196 1855 1232 1882 cl.
1243 1854 1356 1881 Galeum
1369 1855 1559 1888 argumentum
1570 1851 1680 1884 longum
1690 1849 1716 1875 in
1727 1848 1799 1882 psal«

1003 1911 1080 1931 mum
1097 1910 1149 1929 ην
1167 1901 1218 1936 (a),
1238 1900 1266 1928 in
1287 1907 1342 1935 quo
1363 1898 1481 1926 breviter
1501 1896 1637 1933 percurrit
1655 1894 1798 1922 historiam

1000 1949 1157 1977 Judworum
1175 1955 1190 1974 a
1209 1952 1331 1982 tempore
1355 1944 1523 1980 captivitatis
1549 1949 1638 1976 usque
1657 1940 1690 1967 ad
1706 1938 1800 1965 Antio-

1001 1996 1082 2024 chum
1096 1999 1123 2023 et
1138 1994 1215 2022 Oniae
1228 1993 1319 2029 fugam
1337 1992 1364 2019 in
1376 1991 1535 2027 Egyptum.
1555 1998 1564 2015 ι

1037 2041 1138 2077 Utjam
1156 2041 1276 2068 indolem
1295 2038 1377 2073 hujus
1397 2034 1590 2064 commentarii
1605 2034 1687 2069 plane
1702 2032 1797 2067 singu-

1001 2089 1087 2117 larem
1102 2087 1199 2123 paucis
1218 2085 1386 2116 describam,
1400 2082 1547 2111 dicendum
1564 2081 1695 2116 primum,
1711 2086 1799 2113 quan-

1002 2138 1059 2161 tum
1088 2133 1114 2161 id
1132 2133 1242 2168 quidem
1260 2131 1318 2158 fieri
1336 2133 1437 2166 potest,
1456 2127 1522 2163 quid
1540 2126 1703 2154 Theodorus
1722 2128 1749 2151 et
1764 2123 1799 2151 de

1002 2180 1116 2216 psalmis
1137 2180 1164 2206 iu
1178 2179 1338 2206 universum
1352 2180 1379 2203 et
1394 2176 1428 2203 de
1439 2174 1558 2210 singulis
1570 2171 1758 2209 ps.slatuerit.
1774 2171 1800 2198 ls

1002 2234 1068 2254 vero
1081 2232 1178 2252 omnes
1196 2231 1237 2259 ps.
1247 2231 1261 2250 a
1271 2221 1384 2252 Davide.
1401 2228 1481 2256 quem
1498 2219 1649 2255 saapissime
1662 2216 1802 2253 propheta:

1003 2271 1113 2300 nomine
1125 2269 1278 2305 insignivit,
1291 2267 1402 2302 repetiit
1417 2266 1503 2302 (b),et
1520 2265 1689 2300 psalmorum
1703 2261 1802 2290 inscri-

135 2316 274 2351 exceptis,
291 2315 489 2350 Mopsucsteno
502 2315 643 2348 assignare
657 2322 711 2341 non
726 2314 830 2341 dubito.
848 2315 950 2341 Horum
966 2315 992 2346 D
1005 2318 1112 2354 ριίοηεε
1126 2315 1222 2351 rejecit
1237 2314 1405 2351 (c),ideoque
1417 2319 1472 2339 non
1483 2309 1641 2338 mirandum
1655 2307 1729 2343 quod
1747 2307 1802 2334 sin-

135 2368 230 2390 mllein
254 2369 317 2389 cum
334 2368 433 2396 magna
462 2361 540 2396 copia
567 2361 615 2395 sit,
640 2369 715 2388 nunc
739 2362 847 2396 quidem
869 2362 901 2387 ad
924 2369 955 2388 ca

135 2415 246 2437 ιηιιιιιιι
264 2416 327 2443 qum
342 2408 409 2434 mihi
423 2416 478 2442 prae
492 2408 597 2435 cmteris
615 2413 708 2435 uolatu
721 2408 802 2443 digna
815 2408 953 2439 videntur,

135 2456 254 2483 lectoris
284 2455 406 2481 animum
432 2454 576 2481 advertere
599 2455 688 2488 placet
708 2464 714 2481 :
743 2462 770 2488 ι).
791 2454 835 2486 25,
858 2455 892 2481 97
913 2455 955 2486 (dc

135 2512 177 2538 ps.
195 2511 248 2533 LII,
266 2502 294 2532 5,
308 2502 346 2536 7),
362 2501 396 2529 55
410 2502 480 2536 (Lm,
501 2502 536 2535 l),
552 2501 597 2535 54,
612 2502 643 2529 61
663 2502 728 2536 (Liv,
746 2502 772 2532 5,
788 2502 840 2536 ii).
861 2501 953 2530 Postc-

173 2594 214 2625 (ιι)
235 2591 296 2618 Hoc
325 2596 531 2627 argumentum,
550 2592 576 2619 in
596 2593 690 2620 codice
703 2592 836 2619 Vaticano
859 2601 949 2627 repor-

135 2633 282 2659 tum,cum
306 2627 368 2663 aliis
381 2626 576 2663 Mopsuesteni
601 2627 763 2663 fragmentis
779 2629 804 2654 in
824 2628 949 2656 Psalmos

135 2664 226 2690 elidit
243 2664 315 2696 Ang.
334 2662 398 2693 Mai,
415 2663 461 2696 qui
481 2667 556 2690 notat
570 2664 640 2697 apud
660 2664 777 2690 (Zaveum
795 2668 822 2691 ct
839 2664 948 2690 Fabric.

135 2706 235 2726 errore
249 2699 451 2733 typographico
463 2699 596 2733 scriptum
608 2699 691 2725 fuisse
703 2699 737 2725 -15
752 2707 800 2733 pro
813 2699 856 2726 51.
868 2699 948 2726 Eoir.

174 2735 213 2768 (b)
230 2733 289 2760 Etsi
306 2733 332 2759 in
351 2733 425 2760 nullo
441 2734 538 2767 fragili.
552 2735 602 2760 hoc.
621 2735 767 2768 perspicue
785 2735 948 2767 enuntiarit,

138 2777 170 2798 eo
184 2774 280 2795 tamen
296 2773 403 2794 certum
421 2773 472 2798 est,
491 2770 563 2803 quod
579 2770 670 2803 plures
687 2771 807 2803 psalmos
824 2770 869 2804 qui
884 2770 951 2796 alio-

139 2812 201 2830 rum
223 2804 360 2830 dicuntur
378 2812 450 2834 esse,
470 2804 617 2830 Davidicos
643 2805 732 2831 :Ill'cit.
752 2804 791 2831 (If.
817 2814 841 2830 γ.
862 2813 886 2831 c.
908 2814 947 2839 ιλέ.

139 2847 228 2871 uini,
248 2839 368 2865 Cor-der.
397 2839 470 2866 CIL.
503 2839 531 2870 ΙΙ,
554 2848 581 2874 p.
607 2840 669 2871 197,
688 2840 816 2874 quodque
833 2840 947 2867 Cosmus

141 2875 291 2908 Indicole
312 2875 346 2901 de
359 2882 414 2909 quo
430 2874 503 2900 infra
522 2875 650 2909 pluribus
668 2876 792 2902 dicemus
809 2876 949 2904 (Christi/i-

140 2919 200 2938 nar.
219 2909 310 2943 opinio
324 2909 355 2936 (le
369 2910 479 2939 ηιιιιιιιυ,
499 2910 515 2936 l.
535 2918 560 2941 γ,
576 2910 704 2937 Gul'and.
721 2911 791 2937 Bibl.
808 2911 883 2937 l’ulr.
902 2911 946 2943 XI,

142 2955 168 2980 ν.
187 2945 255 2975 482,
272 2945 346 2978 485),
365 2945 490 2980 currulem
509 2946 674 2972 sententiam
687 2946 843 2972 :wvumlius
862 2955 947 2979 expu-

142 2979 209 3009 suit.
224 2980 292 3014 Qua-
307 2981 350 3007 hic
365 2979 945 3007 0111111111Τ1κ¹ορ1ηιίὶλῐδιςῗὶῐιαὶξινιιχῖινξνιπεη,

1005 2365 1132 2400 gulorum
1144 2371 1185 2398 ps.
1198 2361 1341 2393 ὑποθέσεις
1353 2367 1422 2387 nova
1432 2363 1459 2387 et
1471 2364 1531 2394 quae
1547 2356 1575 2383 in
1591 2355 1684 2383 multis
1696 2363 1710 2381 a
1725 2354 1803 2389 prio-

1007 2411 1084 2439 ribus
1100 2408 1298 2444 interpretibus
1318 2406 1460 2435 recederct
1475 2404 1584 2432 ratione
1600 2401 1802 2431 constituit.Ac

1006 2461 1081 2485 recte
1096 2456 1207 2492 quidem
1231 2453 1383 2483 secundum
1405 2450 1581 2479 Theodorum
1601 2448 1722 2484 psalmos
1737 2454 1802 2481 pro-

1006 2508 1066 2539 pter
1081 2510 1177 2531 eorum
1191 2504 1382 2537 argumentum
1406 2498 1433 2525 in
1453 2502 1572 2533 quatuor
1588 2502 1689 2532 genera
1705 2493 1802 2521 distri-

1040 2594 1076 2629 (c)
1091 2592 1188 2629 Leont.
1201 2592 1221 2619 l.
1246 2599 1289 2624 0.,
1306 2599 1333 2626 p.
1350 2590 1403 2618 687
1417 2598 1430 2629 :_
1447 2599 1456 2616 (
1476 2584 1802 2629 inscriptionesrhym‘m'

1006 2623 1073 2656 ruin'
1084 2633 1111 2657 et
1123 2628 1293 2663 psalmorum
1306 2623 1338 2654 ὶι
1359 2625 1529 2663 canticorum
1551 2623 1768 2663 penitusﬁejeclt.
1790 2629 1800 2645 ι

1005 2655 1099 2692 flecto.
1115 2655 1171 2692 Nec
1186 2670 1307 2698 unquam
1322 2662 1394 2689 enim
1405 2655 1654 2698 inscriptiohum‘in
1666 2655 1796 2698 fragmen-

1004 2691 1042 2727 tis
1052 2691 1191 2726 irationem
1205 2691 1310 2730 habuit,
1322 2704 1355 2734 ac
1368 2703 1402 2723 ne
1413 2691 1552 2734 potuisset?
1565 2691 1676 2734 quidem
1694 2692 1728 2718 de
1739 2691 1803 2731 sin.

1005 2736 1077 2770 gulis
1094 2734 1260 2770 quibusdam
1275 2740 1333 2770 ps.,
1349 2733 1388 2770 ita
1405 2734 1436 2758 ut
1453 2731 1556 2770 statuit
1572 2731 1705 2770 statuere,
1724 2734 1804 2770 suilli

1005 2762 1173 2805 scriptiones
1199 2762 1346 2805 genui-nas,
1365 2767 1385 2794 i.
1404 2774 1431 2793 e.
1451 2765 1503 2792 fide
1519 2764 1627 2805 dignas,
1647 2762 1802 2805 habuisset.

1000 2806 1055 2833 Eas
1065 2799 1153 2841 igitur
1168 2799 1231 2841 post
1262 2804 1383 2841 adiectas
1403 2808 1465 2841 esse
1477 2799 1596 2841 censuit,
1613 2800 1800 2841 qiiazdaiituin

1000 2849 1055 2868 non
1071 2833 1264 2875 (narres-nugas
1274 2833 1414 2875 afferrent.
1424 2833 1687 2875 Tiicodorotus,_qui
1699 2833 1801 2875 sa‘pius

1000 2876 1189 2908 Theodorum,
1210 2870 1320 2902 Homine
1348 2873 1408 2909 ejus
1426 2880 1481 2909 non
1507 2870 1610 2901 addito,
1628 2870 1803 2909 impugnavit-

1000 2912 1047 2946 (cf.
1062 2921 1087 2939 ν.
1106 2920 1130 2939 c.
1149 2907 1190 2946 ps.
1209 2919 1229 2942 ι,
1251 2909 1360 2946 p.603.
1380 2907 1472 2943 “‘25),
1495 2907 1705 2946 meascntenlia
1717 2907 1805 2930 etiam

1000 2941 1026 2982 1).
1051 2948 1103 2975 605
1135 2941 1198 2975 606.
1216 2941 1591 2978 εἰᾶΤΙιροιιοηιιητρίψεω-
