4104 6512
573 444 632 495 .".l
1435 444 1736 504 OTTONIS
1758 445 1940 503 FRID.
1985 445 2374 503 FRlTZSClIE
2412 443 2912 503 COMMENTATIO

3760 451 3857 507 32'

549 562 705 615 buas.
737 561 884 614 Alios
911 561 1188 616 historicos
1230 565 1504 633 appellare
1545 567 1743 634 placet,
1778 582 2012 636 quorum
2048 569 2121 623 ni-

2241 565 2537 623 ἀπολαύειν
2559 581 2574 596 ο
2632 581 2683 616 v.
2715 567 2750 619 1.
2805 567 2867 628 1.,
2917 580 2968 635 p.
3005 563 3169 632 265);
3202 580 3306 619 va
3341 565 3430 628 (.-—
3465 567 3839 636 ⁸’προαγορεύσει

551 654 746 707 mirum
775 668 938 707 causa
975 669 1038 708 ac
1065 655 1206 708 ratio
1240 655 1296 709 in
1337 657 1474 726 ipsis
1504 657 1670 713 rebus
1701 657 1927 714 Davidis
1957 674 2134 731 popu-

548 743 694 812 lique
733 742 941 797 Hebraei
966 745 1070 800 sita
1105 753 1243 801 erat.
1279 746 1398 801 Huc
1441 748 1716 804 referendi
1752 759 1882 805 sunt
1908 768 1990 822 ps.
2014 769 2130 820 xxI,

545 849 695 896 ιλιι,
726 835 927 904 quibus
966 834 1136 891 David
1179 837 1244 891 ad
1278 837 1447 893 Deum
1481 855 1671 909 preces
1709 841 1870 906 fudit,
1901 858 2028 898 cum
2063 844 2132 898 ab

545 926 842 980 Absalomo
887 937 1232 996 premeretur
1265 929 1340 1000 (v.
1382 935 1505 987 Aet.
1543 947 1700 986 conc.
1731 931 1923 989 Const.
1958 951 2020 998 II,
2055 952 2128 1003 Iv,

541 1017 634 1080 2‘2,
661 1018 752 1071 25.
786 1017 952 1072 Cord.
991 1019 1110 1074 Cat.
1158 1019 1222 1088 ll,
1265 1037 1318 1091 p.
1351 1022 1477 1087 422,
1526 1023 1678 1092 424),
1713 1040 1799 1095 ps.
1827 1041 1978 1090 LxxI,
2020 1043 2131 1098 quo

543 1109 648 1164 sibi
686 1127 749 1164 ac
798 1115 1106 1166 successori
1143 1115 1468 1183 sapientiam
1508 1131 1538 1170 a
1572 1116 1683 1172 Deo
1719 1119 1945 1188 expetiit
1978 1119 2054 1189 (v.
2088 1120 2125 1173 1.

542 1200 606 1263 l.,
650 1217 704 1270 p.
742 1202 908 1270 466),
946 1220 1029 1274 ps.
1073 1221 1246 1269 vau,
1278 1221 1441 1274 quem
1501 1208 1732 1273 cecinit,
1764 1224 1888 1264 cum
1942 1225 2129 1265 arcam

542 1291 770 1351 foederis
804 1295 871 1350 ad
906 1312 965 1351 se
1019 1297 1320 1352 adduceret
1351 1298 1422 1368 (v.
1461 1299 1496 1353 1.
1550 1299 1610 1365 1.,
1651 1315 1704 1370 p.
1733 1301 1882 1371 ⁸555),
1927 1317 2011 1371 ps.
2047 1318 2125 1364 ix,

541 1400 631 1446 xv.
656 1387 858 1456 quibus
885 1388 1068 1456 populi
1103 1405 1334 1456 persona
1355 1391 1456 1444 sibi
1483 1391 1895 1446 accommodata
1922 1395 2127 1463 gratias

540 1476 653 1545 agit
677 1477 744 1530 de
782 1478 1032 1532 hostibus
1069 1479 1315 1533 finitimis
1343 1496 1372 1532 a
1410 1479 1520 1536 Deo
1561 1483 1773 1552 punitis
1799 1483 1874 1552 (ν.
1915 1484 1951 1537 1.
1990 1485 2051 1549 1.,
2083 1484 2126 1553 1,

539 1582 595 1634 p.
635 1567 760 1622 272.
793 1569 911 1622 Aet.
943 1585 1099 1623 conc.
1130 1569 1322 1626 Const.
1367 1587 1424 1636 ιι,
1467 1589 1543 1637 Iv,
1575 1574 1690 1643 21).
1723 1573 1897 1643 Major
1917 1585 2001 1630 est
2030 1593 2130 1632 nu-

537 1671 724 1714 merus
755 1661 1090 1728 psalmorum
1125 1662 1572 1731 praphaticorum,
1607 1666 1809 1735 quibus
1842 1681 1938 1724 eos
1965 1670 2124 1724 velim

536 1749 835 1821 intelligas,
896 1754 990 1822 qui
1053 1754 1233 1810 fausta
1300 1757 1566 1810 nonnulla
1609 1766 1663 1810 et
1709 1757 1971 1826 infausta,
2004 1776 2128 1831 quae

533 1843 738 1910 pepulo
795 1841 1025 1899 Hebraeo
1094 1862 1272 1916 usque
1353 1846 1419 1900 ad
1460 1855 1707 1918 tempora
1770 1849 2123 1908 Machabaica

2237 658 2336 729 τὴν
2369 656 2626 710 ἐπάνοδον
2671 687 2734 698 --
2767 654 2933 725 φησὶν
2957 685 3024 694 —-
3049 655 3112 707 ἐκ
3135 653 3480 726 [προσώπου]
3516 655 3692 725 μόνων
3718 657 3840 708 τῶν

2238 752 2368 820 παρ’
2397 750 2584 811 αὐτοῖς
2644 746 2977 816 θαυμαστῶν
3023 765 3081 800 τε
3136 747 3229 800 καὶ
3268 746 3542 818 ἐναρέτων
3579 747 3791 818 ἀνδρῶν
3817 763 3834 779 ⁸

2234 858 2288 896 ν.
2323 843 2358 896 1.
2391 841 2453 902 1.,
2491 857 2542 910 p.
2572 839 2734 910 287);
2762 855 2926 892 Lxxx.
2955 838 3090 908 (Τὴν
3114 867 3179 878 -
3211 839 3467 891 ἐπάνοδον
3492 870 3561 879 -—
3587 855 3838 910 προαγο-

2238 932 2412 1003 ρεύων
2437 931 2530 984 ἐπὶ
2551 928 2903 999 εὐχαριστίαν
2941 927 3188 992 ἅπαντας
3223 959 3293 970 --
3321 930 3690 1001 προτρέπεται
3714 945 3726 958 ·
3757 959 3840 972 —-—

2233 1040 2286 1078 v.
2330 1022 2366 1075 l.
2405 1023 2467 1086 l.,
2502 1036 2554 1090 p.
2599 1020 2762 1090 691);
2800 1019 2985 1090 plures
3016 1034 3147 1072 vero
3189 1019 3256 1072 ad
3287 1035 3376 1074 res
3414 1018 3835 1082 Machabaicas,

2233 1127 2298 1182 ps
2353 1126 2442 1165 LIv
2498 1112 2573 1179 (v.
2619 1109 2654 1165 1.
2693 1109 2755 1173 1.,
2787 1124 2842 1179 p.
2875 1109 2999 1179 6t);
3039 1124 3124 1162 ιιι
3161 1110 3234 1179 (v.
3279 1109 3316 1163 1.
3359 1108 3396 1162 1.
3446 1124 3499 1178 p.
3539 1109 3664 1179 185)
3692 1127 3705 1175 ;
3733 1123 3834 1163 ιιι

2233 1205 2308 1273 (v.
2340 1203 2374 1256 1.
2407 1202 2466 1266 1.,
2498 1217 2552 1272 p.
2607 1201 2768 1271 219);
2807 1216 2942 1254 XLIII
2990 1200 3065 1267 (ν.
3098 1201 3134 1254 l.
3182 1201 3245 1262 l.,
3291 1216 3344 1270 p.
3383 1200 3509 1270 550)
3535 1217 3548 1266 ;
3578 1215 3665 1264 ιν,
3692 1216 3831 1255 LvnI

2231 1294 2325 1360 (--
2353 1292 2418 1345 ἐκ
2453 1291 2561 1345 τῶν
2604 1289 2981 1345 Μακκαὸαίων
3017 1291 3312 1360 προσώπου
3356 1291 3530 1359 λέγων
3556 1292 3656 1344 ὅσα
3689 1292 3836 1346 ἐκεί-

2230 1401 2341 1446 νοις
2366 1385 2540 1437 εἰπεῖν
2596 1385 2867 1455 ἥρμοττεν
2909 1384 2968 1435 ἐν
3021 1385 3142 1446 ταῖς
3179 1387 3526 1455 συμφοραῖς·
3583 1402 3634 1438 ν.
3678 1385 3716 1439 1.
3760 1386 3828 1449 1.,

2231 1488 2285 1542 p.
2309 1473 2401 1536 88,
2432 1473 2555 1541 152)
2585 1490 2598 1539 ;
2630 1473 2828 1544 ιν1(-
2854 1473 3020 1543 φησὶν
3041 1472 3285 1536 --ώς
3305 1474 3833 1545 ἐπὶ-γεγενημέναις

2230 1566 2408 1629 νίκαις
2436 1565 2578 1618 κατά
2609 1566 2718 1618 τῶν
2751 1564 2960 1636 ἐχθρῶν
2976 1565 3442 1636 εύχαριστούντων
3467 1566 3599 1637 [τῶν
3633 1569 3833 1622 Μακαο

2230 1653 2447 1726 6αίων],
2473 1655 2520 1706 εἰ
2546 1654 2641 1707 καὶ
2664 1653 2740 1717 ὡς
2767 1654 2949 1722 ὀλίγου
2981 1655 3122 1718 τινὸς
3149 1655 3302 1718 ὄντος
3337 1655 3416 1707 ἐτι
3443 1655 3536 1708 τοῦ
3570 1657 3800 1728 περιλιμ
3817 1687 3834 1697 ο

2231 1746 2543 1816 πανομένου
2574 1745 2778 1800 κακοῦο
2811 1762 2862 1798 v.
2896 1746 2933 1799 1.
2969 1747 3032 1809 1.,
3068 1762 3122 1817 p.
3159 1745 3320 1816 HO);
3354 1762 3462 1800 Lvn
3500 1747 3827 1818 (vafritiam,

2228 1852 2334 1907 qua
2373 1835 2684 1893 Demetrius
2702 1853 2798 1892 rex
2832 1846 2888 1892 et
2929 1838 3192 1909 Tryphon
3239 1839 3674 1896 contraJudaeos
3701 1848 3828 1894 ute-

533 1934 903 2004 obtingereut,
937 1939 1360 2008 portenderunt.
1398 1939 1624 1997 Diversa
1650 1950 1832 1998 tamen
1874 1946 2015 2000 ratio
2041 1953 2126 2001 est
2159 1935 2200 1989 Β
2230 1938 2420 1983 rem“?
2475 1929 2756 1998 Pmdm‘;
2805 1945 2856 1985 ν·
2899 1930 2936 1983 Ι·
2981 1931 3044 1995 In
3091 1945 3146 2000 1)ο
3182 1929 3341 2000 ίξθις
3377 1947 3568 1998 “Vl”,
3614 1949 3828 1988 LXXV'"

533 2028 928 2096 prophetarum
979 2040 1032 2085 et
1080 2030 1322 2088 Davidis.
1363 2031 1442 2086 llli
1487 2034 1633 2088 enim
1668 2036 1806 2091 satis
1837 2037 2127 2106 perspicue

531 2132 628 2175 res
659 2121 875 2178 futuras
912 2125 1192 2186 mmtiaut,
1234 2125 1325 2180 hic
1368 2125 1481 2181 fere
1518 2127 1587 2182 de
1630 2127 1797 2184 rebus
1831 2139 2020 2200 utpote
2044 2129 2126 2184 fa-

533 2213 640 2268 ctis
670 2213 935 2283 loquitur.
962 2214 1068 2270 Sed
1111 2215 1215 2270 hoc
1239 2216 1533 2272 Theodoro
1570 2234 1765 2288 parum
1798 2223 2007 2292 negotii
2041 2221 2125 2278 fa-

530 2303 774 2359 cessivit.
805 2305 1011 2360 Statuit
1061 2306 1348 2371 nimirum,
1394 2307 1677 2376 Davidem,
1719 2313 1814 2381 qui
1865 2327 1975 2366 non
2013 2323 2123 2368 tam

533 2393 718 2448 futura
759 2395 1109 2466 praedixisset
1156 2410 1322 2466 quam
1370 2412 1434 2453 ea
1476 2405 1535 2452 ut
1581 2399 1725 2455 facta
1761 2401 2121 2468 adhibuisset,

531 2484 647 2540 fere
679 2486 735 2540 in
798 2486 1056 2541 omnibus
1087 2475 1196 2542 illis
1243 2502 1327 2557 ps.
1371 2489 1557 2559 populi
1602 2505 1894 2561 personam
1926 2506 2122 2548 susce-

531 2581 679 2648 pisse
707 2579 810 2651 (α),
843 2591 898 2636 et
921 2579 1034 2648 jam
1078 2580 1326 2636 rationes
1374 2582 1648 2652 dispexit,
1683 2584 1737 2638 in
1769 2584 1975 2655 quibus
2008 2601 2120 2647 non

527 2673 750 2743 quidem
774 2673 1005 2730 Darides
1032 2673 1129 2730 sed
1161 2675 1395 2745 populus
1427 2678 1764 2734 constitutus
1793 2688 1968 2743 esset,
1993 2693 2120 2734 cum

529 2765 638 2820 illis
665 2781 748 2835 ps.
811 2780 910 2820 sua
966 2767 1050 2821 vis
1094 2764 1312 2823 fuisset.
1356 2766 1546 2838 Itaque
1592 2770 1830 2840 populus
1884 2770 2121 2826 diversis

527 2858 869 2929 temporibus
896 2859 1135 2916 diversis
1166 2860 1222 2914 in
1255 2860 1392 2916 locis
1428 2864 1776 2917 constitutus
1795 2861 1925 2917 felix
1964 2863 2118 2917 laeta-

526 2956 638 3014 tur,
665 2947 774 3004 Deo
797 2950 1005 3019 gratias
1030 2950 1162 3024 agit,
1190 2948 1362 3006 Deum
1381 2952 1648 3015 celebrat,
1673 2952 1865 3008 infelix
1898 2961 2118 3020 moeret,

527 3038 699 3094 Deum
739 3040 962 3095 invocat
997 3050 1052 3096 et
1079 3042 1356 3112 implorat,
1388 3045 1470 3099 vel
1504 3047 1669 3101 etiam
1689 3046 1762 3101 de
1791 3045 1899 3102 Deo
1915 3047 2118 3104 dubius

527 3131 718 3211 lueret,
751 3129 983 3186 Davides
1003 3133 1264 3202 propheta
1289 3135 1604 3207 interpretis
1629 3153 1918 3206 personam
1950 3141 2113 3211 gerit.

525 3208 849 3276 Theodorus
889 3230 1070 3277 autem
1103 3222 1205 3278 hac
1229 3225 1448 3280 ratione
1499 3241 1606 3280 non
1647 3227 1825 3282 solum
1860 3208 2112 3300 magnam

525 3315 844 3369 varietatem
891 3315 1000 3371 illis
1049 3331 1133 3386 ps.
1189 3317 1416 3388 adjecit,
1469 3335 1663 3374 verum
1709 3322 2114 3391 quodammodo

522 3408 688 3460 etiam
728 3406 1088 3461 dramaticam
1117 3409 1248 3472 vim,
1283 3424 1408 3464 cum
1450 3413 1754 3480 praesertim
1792 3428 1980 3469 eorum
2023 3431 2113 3469 ra-

521 3497 707 3553 tiones
768 3500 1192 3555 accuratissime
1255 3502 1533 3570 reperisse
1571 3511 1626 3559 et
1659 3505 1979 3562 enucleasse
2009 3508 2113 3564 sibi

521 3589 824 3645 videretur.
854 3589 932 3644 Ad
961 3591 1066 3644 tria
1101 3607 1232 3648 vero
1263 3609 1347 3663 ps.
1387 3595 1743 3664 propheticos
1774 3599 1984 3653 retulit.
2008 3599 2112 3654 Alii

522 3680 670 3734 enim
706 3681 772 3735 ad
797 3681 1008 3736 cladem
1041 3689 1292 3752 spectant
1340 3682 1543 3740 Hiskize
1591 3693 1838 3755 tempore
1868 3687 2115 3760 Assyriis

523 3790 553 3827 a
583 3773 689 3829 Deo
719 3772 1005 3836 inhit-tam,
1039 3790 1122 3844 ps.
1156 3791 1301 3830 xxxn
1337 3775 1430 3846 (—
1459 3780 1818 3850 προφητεύων
1850 3811 1914 3822 —-
1952 3782 2118 3836 Δαόὶδ

523 3864 715 3937 ὥσπερ
744 3866 867 3919 τινὰ
899 3866 1168 3920 ἐπινίκιον
1196 3867 1364 3939 ὕμνον
1383 3899 1446 3910 --
1470 3871 1561 3924 τὸν
1585 3871 1802 3943 ψαλμὸν
1828 3873 2113 3944 ἀνεϐόησε.

522 3986 591 3997 --
628 3954 694 4012 V.
724 3956 890 4012 Cord.
922 3958 1045 4014 Cat.
1089 3957 1128 4023 I,
1156 3976 1209 4029 p.
1266 3961 1416 4030 571),
1451 3977 1524 4024 ιι,
1560 3978 1654 4028 ιιι,
1686 3979 1780 4017 LIII
1809 3969 1884 4031 (ν.
1920 3966 1958 4021 1.
1989 3964 2114 4031 1.11,

524 4065 578 4120 p.
610 4049 662 4115 7,
685 4049 778 4112 25,
804 4049 893 4118 ’55)
921 4068 935 4116 ;
969 4065 1129 4104 Lxxw
1157 4053 1248 4121 (-
1271 4054 1605 4123 προφητεύει
1643 4086 1713 4094 -
1747 4056 1822 4119 ὡς
1853 4057 1917 4109 ἐκ
1945 4073 2118 4126 προσ-

521 4142 674 4194 ώπου
697 4143 878 4194 κοινοῦ
910 4142 1130 4196 πάντων
1157 4143 1257 4212 τὴν
1287 4145 1646 4216 εὐχαριστίαν
1671 4177 1741 4186 —-
1772 4147 2119 4216 ἀναφθεγγό-

527 4251 707 4305 μενος.
739 4232 806 4287 ν.
849 4235 965 4298 1.1.,
1001 4233 1063 4294 11,
1115 4250 1166 4305 p.
1204 4236 1372 4307 550);
1430 4239 1520 4292 alii
1559 4240 1626 4292 ad
1673 4255 1760 4294 res
1803 4238 2117 4293 Judaeorum

522 4327 905 4399 liabylonicas,
961 4343 1042 4398 ps.
1083 4343 1188 4383 Lxx
1234 4330 1720 4402 (-προαγορεύει
1756 4328 1844 4403 [ἐκ
1869 4331 1962 4385 τοῦ
1988 4331 2117 4386 λαοῦ

521 4418 696 4486 λέγων
747 4417 1063 4490 προσώπου]
1114 4447 1183 4458 --
1225 4419 1325 4473 ὅσα
1387 4437 1448 4473 τε
1509 4421 1604 4474 καὶ
1654 4416 1740 4474 οἶα
1801 4421 2117 4486 πείσονται,

521 4510 696 4579 λέγων
726 4510 821 4562 καὶ
851 4509 934 4562 ὅτι
958 4511 1039 4573 είς
1070 4509 1356 4581 διόρθωσιν
1389 4511 1574 4575 αὐτοῖς
1600 4512 1756 4566 ἔσται
1782 4513 1877 4566 τοῦ
1911 4514 2026 4585 βίου
2048 4515 2117 4568 τὰ

518 4602 627 4656 τῶν
663 4599 980 4672 συμφορῶν,
1018 4601 1394 4656 ύπαινίττεται
1432 4602 1489 4656 δέ
1520 4603 1637 4674 ἅμα
1665 4603 1759 4657 καὶ
1791 4603 1890 4675 τὴν
1919 4606 2114 4661 ἐπάνο-
2149 4632 2193 4688 D

515 4696 624 4750 δον.
661 4693 726 4749 ν.
755 4695 795 4750 1.
823 4695 859 4748 1.
889 4695 1120 4766 ρ,458);
1147 4710 1291 4750 Lxxu
1323 4695 1415 4764 (—
1439 4694 1515 4757 ὡς
1543 4697 1609 4748 ἐκ
1647 4695 1939 4768 προσώπου
1969 4697 2114 4750 ἐκείο

518 4805 624 4840 νων
661 4785 932 4855 λέγοντος,
963 4782 1052 4841 οἷα
1097 4787 1244 4850 εἰκὸς
1271 4781 1340 4856 ἦν
1377 4786 1436 4839 ἐν
1466 4785 1545 4857 τῷ
1575 4787 1755 4857 καιρῷ
1789 4788 1891 4858 τῆς
1913 4790 2115 4858 αἰχμα-

519 4877 720 4942 λωσίας
741 4879 964 4933 καὶτῶν
995 4878 1291 4951 συμφορῶν
1320 4878 1517 4942 αὐτοὺς
1557 4879 1950 4950 λογισαμένους
1989 4881 2114 4933 ἀτο-

518 4970 748 5024 πώτατὰ
768 4989 827 5024 τε
852 4972 946 5026 καὶ
976 4970 1205 5043 ἀπρεπῆ
1237 4971 1368 5042 περὶ
1389 4969 1526 5023 Θεοῦ
1555 4969 1992 5040 μεταγινώσκειν
2018 4971 2114 5025 ἐπὶ

518 5065 730 5128 τούτοις
763 5065 900 5135 μετὰ
925 5064 1024 5135 τὴν
1053 5063 1332 5118 ἐπάνοδον.
1365 5079 1418 5118 v.
1441 5063 1477 5118 l.
1505 5064 1543 5118 1.
1562 5079 1614 5134 p.
1644 5063 1804 5136 497);
1838 5080 2000 5120 LXXVI
2023 5064 2114 5136 (—

520 5156 669 5225 λέγει
693 5185 766 5198 —
782 5157 890 5210 ἀπὸ
930 5156 1024 5210 τοῦ
1055 5156 1279 5209 ἐκείνων
1299 5153 1594 5228 προσώπου
1619 5155 1821 5210 ὡσανεὶ
1858 5155 1998 5224 μετὰ
2019 5157 2118 5228 τὴν

522 5250 778 5304 ἐπάνοδον
813 5249 1081 5318 λεγόντων
1110 5247 1179 5300 τὰ
1205 5247 1327 5300 τότε
1357 5246 1646 5318 συμϐάντα
1670 5247 1767 5302 καὶ
1789 5248 1910 5302 τίνα
1937 5248 2118 5318 ἐλογί-

524 5359 686 5396 σαντο
706 5359 718 5372 ο
745 5359 797 5398 v.
831 5343 870 5396 l.
901 5342 964 5406 l.,
1004 5357 1059 5412 p.
1083 5340 1246 5408 588);
1275 5355 1340 5394 Lx
1372 5339 1952 5413 (-προαγορεύει-
1976 5341 2118 5396 οὓτω

523 5435 612 5488 τὸν
644 5433 858 5506 ψαλμὸν
887 5432 1148 5500 ἐκφωνῶν
1181 5431 1383 5485 ὡσανεὶ
1425 5433 1722 5488 αἰτούντων
1760 5435 1985 5488 ἐκείνων
2024 5452 2117 5488 τυ-

524 5532 638 5598 χεῖν
668 5525 768 5595 τῆς
806 5523 901 5577 τοῦ
933 5521 1070 5577 Θεοῦ
1107 5523 1360 5595 βοηθείας
1399 5525 1536 5597 ὁμοῦ
1576 5527 1670 5580 καὶ
1717 5526 1815 5599 τὴν
1853 5527 2110 5581 ἐπάνοδον

527 5601 1093 5690 προῢπισχνούμενος·
1138 5631 1190 5672 v.
1217 5616 1251 5669 1.
1281 5616 1342 5685 l.,
1376 5633 1429 5688 p.
1465 5619 1588 5688 198)
1613 5637 1627 5685 ;
1650 5635 1778 5675 LXIV
1807 5619 1827 5692 (
1853 5651 1918 5660 —
1944 5639 2112 5693 προα-

527 5708 946 5779 γορεύων-ἐκ
995 5708 1087 5762 τοῦ
1137 5707 1359 5763 ἐκείνων
1413 5710 1709 5782 προσώπου
1741 5713 1914 5768 ταῦτά
1952 5731 2117 5786 φησιν

530 5800 672 5871 ἅπερ
704 5799 877 5852 εἰπεῖν
905 5799 1086 5864 αὐτοῖς
1107 5801 1377 5872 ἥρμοττεν
1405 5803 1503 5874 τῆς
1532 5805 1789 5859 ἐπανόδου
1830 5805 2116 5877 μέλλουσιν

600 5959 791 6034 (a)’Cf.
827 5962 991 6021 Cord.
1021 5963 1142 6020 Cat.
1169 5963 1235 6032 11,
1261 5979 1314 6036 p.
1347 5964 1472 6022 205.

2232 2021 2730 2092 (Προαγορεύων-
2748 2021 3016 2094 διηγεῖται
3047 2023 3156 2075 τῶν
3182 2024 3478 2094 συμφορῶν
3503 2025 3562 2078 τὸ
3598 2026 3833 2096 μέγεθος

2227 2145 2299 2154 —
2332 2115 2576 2185 συνήθως
2636 2117 2818 2186 μέντοι
2854 2118 2930 2181 ὡς
2975 2117 3034 2184 ἐξ
3083 2119 3348 2172 ἐκείνωνσ
3396 2153 3463 2164 -
3494 2137 3546 2175 v.
3591 2124 3626 2176 Ι.
3673 2123 3731 2184 1.,
3767 2139 3825 2192 p.

2227 2205 2354 2272 595,
2387 2206 2543 2275 660);
2572 2222 2762 2272 Lxxui,
2789 2224 2956 2263 Lutx
2985 2210 3129 2280 (Τῶν
3159 2211 3501 2265 Μακαδαίων
3529 2243 3596 2253 --
3626 2213 3834 2284 διηγείο

2227 2310 2317 2346 ται
2344 2294 2443 2358 τὰς
2469 2298 2774 2369 συμφορὰς,
2801 2299 2877 2362 ὡς
2911 2299 2978 2353 ἂν
3000 2301 3228 2355 ἐκείνων
3252 2302 3520 2372 λεγόντων
3556 2305 3617 2358 τό
3641 2323 3700 2359 τε
3724 2307 3828 2377 μὲ-

2227 2385 2386 2454 γεθος
2422 2388 2661 2442 τῶντότε
2692 2393 3053 2464 περιεχόντων
3085 2394 3284 2458 αὖτοὺς
3311 2397 3498 2449 κακῶν
3528 2397 3624 2451 καὶ
3648 2398 3832 2452 ἀπαλε-

2226 2477 2457 2549 λαγῆναι
2497 2481 2589 2534 τὸν
2634 2481 2756 2536 θεὸν
2795 2485 2887 2537 ἐπὶ
2924 2485 3138 2550 τούτοις
3161 2487 3456 2552 ἀξιούντων
3479 2507 3494 2522 ο
3523 2507 3576 2546 v.
3611 2491 3727 2556 1.1.,
3767 2507 3830 2561 p.

2230 2567 2357 2634 529,
2395 2569 2543 2642 675).
2573 2571 2844 2628 Caeterum
2880 2590 2976 2632 eos
3006 2578 3170 2631 etiam
3214 2594 3447 2648 quorum
3477 2582 3669 2637 eadem
3703 2591 3833 2638 erat

2228 2661 2507 2727 ὑπόθεσις,
2537 2679 2606 2719 eo
2645 2664 2973 2722 Theodorus
3013 2669 3312 2724 admodum
3365 2673 3619 2737 variavit,
3675 2676 3832 2741 quod

2225 2751 2408 2807 varias
2428 2753 2495 2807 iis
2519 2755 2766 2810 subdidit
2790 2759 3215 2816 rationes.Alios
3227 2760 3428 2817 deinde
3441 2765 3685 2832 psalmos
3705 2767 3835 2836 ipse

2223 2852 2278 2898 et
2305 2844 2449 2899 hicos
2475 2847 2786 2916 appellavit,
2817 2851 3032 2920 quibus
3064 2848 3299 2908 Davides
3355 2854 3535 2908 modo‘
3566 2857 3836 2914 omnibus

2225 2935 2541 2994 hominibus
2573 2939 2677 3010 (ps.
2711 2943 2924 3012 XLVIII),
2947 2945 3109 3000 modo
3139 2946 3273 3000 solis
3307 2945 3510 3003 Judzeis
3534 2947 3830 3019 (ps.xLIx;

2222 3042 2274 3080 ν.
2320 3027 2356 3082 Ι.
2389 3027 2424 3081 1.
2470 3026 2512 3092 1,
2545 3045 2598 3098 p.
2627 3030 2774 3098 965;
2815 3047 2868 3102 p.
2903 3048 3112 3098 Lxxvn,
3149 3051 3202 3089 ν.
3234 3035 3270 3088 1.
3305 3036 3342 3088 1.
3376 3034 3436 3103 ΙΙ,
3463 3053 3516 3106 p.
3548 3037 3675 3108 651)
3713 3039 3837 3094 vir-

2222 3119 2355 3175 tutis
2377 3120 2618 3174 studium
2643 3124 3110 3180 commendasset.
3153 3126 3259 3182 Sed
3295 3129 3493 3182 horum
3524 3132 3688 3184 etiam
3723 3146 3824 3185 raa

2221 3210 2298 3264 tio
2346 3211 2490 3265 inter
2537 3227 2596 3266 se
2633 3213 2790 3268 valde
2825 3213 3048 3270 diversa
3084 3228 3223 3272 erat.
3270 3219 3522 3284 Quatuor
3574 3221 3829 3292 denique

2222 3303 2463 3373 psalmos
2525 3308 2815 3360 messianos
2847 3308 3035 3362 habuit
3069 3308 3175 3379 (ps.
3212 3327 3333 3365 vm.
3369 3310 3564 3366 Leont.
3602 3313 3654 3366 in
3691 3313 3827 3370 Mai.

2222 3396 2328 3449 LI.
2391 3395 2478 3463 Vl,
2525 3413 2573 3467 ι).
2613 3399 2710 3452 511
2739 3418 2761 3462 ;·
2798 3401 2920 3455 Act.
2961 3416 3122 3456 conc.
3173 3401 3363 3458 Const.
3407 3420 3467 3470 II,
3522 3422 3593 3472 Iv,
3628 3407 3731 3473 l9;
3767 3423 3828 3463 ν.

2221 3503 2275 3558 p.
2307 3488 2419 3556 94;
2466 3505 2548 3560 ps.
2593 3506 2757 3558 XLIV;
2811 3508 2863 3545 v.
2919 3492 3047 3547 Fac.
3092 3509 3166 3557 ιιι,
3211 3494 3282 3565 1).
3322 3494 3440 3549 Νοη
3490 3497 3630 3552 satis
3673 3507 3833 3553 recte

2221 3582 2418 3640 Leont.
2447 3584 2722 3656 (Galland.
2745 3586 2887 3640 Bibl.
2913 3586 3029 3650 XII,
3065 3588 3291 3658 p.687):
3330 3589 3551 3645 «Omnes
3580 3593 3830 3660 psalmos

2219 3673 2448 3733 Judaice
2469 3677 2536 3731 ad
2569 3676 2962 3735 Zorobabelem
2993 3689 3047 3735 et
3073 3680 3363 3735 Ezechiam
3407 3683 3622 3747 retulit,
3650 3683 3827 3740 tribus

2220 3776 2435 3822 tantum
2493 3769 2560 3823 ad
2615 3769 2910 3826 Dominum
2953 3771 3196 3841 rejectis.
3232 3793 3258 3823 ι
3288 3773 3419 3826 Nam
3463 3774 3826 3830 Theodorum

2221 3861 2368 3916 haud
2409 3861 2576 3918 dubie
2619 3873 2848 3919 secutus
2881 3872 2967 3921 est
2993 3865 3225 3922 Cosmas
3275 3865 3538 3938 lndic‘opl.
3588 3869 3624 3924 Ι.
3673 3869 3733 3932 1.,
3761 3882 3824 3939 p.

2219 3951 2326 4007 485
2346 3970 2358 4005 :
2380 3954 2485 4005 -ὁ
2505 3952 2670 4006 Δαυῒδ
2700 3951 2907 4023 ἠξιώθη
2941 3955 3006 4006 ἐκ
3037 3957 3353 4025 πνεύματος
3383 3961 3670 4028 προειπεῖν
3687 3958 3828 4032 περὶ

2220 4043 2316 4098 τοῦ
2348 4045 2620 4098 Δεσπότου
2651 4045 2891 4116 Χριστοῦ
2923 4046 3177 4118 ψαλμοὺς
3205 4049 3270 4101 δ’·
3293 4049 3385 4102 τὸν
3407 4048 3472 4119 β’,
3506 4051 3600 4104 καὶ
3625 4051 3716 4104 τὸν
3745 4058 3819 4123 η’,

2222 4138 2316 4190 καὶ
2347 4137 2440 4190 τὸν
2495 4135 2600 4207 μδ’,
2663 4137 2877 4191 καὶτὸν
2914 4138 3016 4208 ρθ’,
3059 4138 3216 4202 ὅλους
3261 4142 3389 4203 τοὺς
3415 4141 3454 4194 δ’
3483 4142 3550 4196 δι’
3590 4143 3711 4196 ὅλου
3739 4146 3825 4208 εἰς

2221 4227 2385 4282 αὐτὸν
2416 4227 2674 4300 εἰρηκώς.
3829 4309 3833 4311 Α

2291 4317 2413 4373 Jam
2431 4335 2526 4375 eos
2559 4321 2803 4390 psalmos
2835 4322 3103 4378 recensuit
3131 4323 3200 4378 de
3237 4324 3442 4394 quibus
3477 4327 3610 4397 quid
3638 4327 3822 4384 Theo-

2221 4417 2392 4472 dorus
2413 4418 2671 4473 statuerit
2703 4433 2767 4473 ex
2803 4418 3124 4490 fragmentis
3147 4422 3522 4491 cognoscitur.
3555 4421 3690 4476 Eum
3733 4438 3825 4478 re-

2221 4511 2406 4582 liquos
2434 4511 2600 4564 etiam
2637 4511 2704 4565 ad
2748 4521 2987 4581 quatuor
3035 4513 3126 4566 illa
3153 4528 3355 4584 genera
3391 4515 3650 4571 retulisse
3682 4516 3821 4571 satis

2222 4603 2485 4659 credibile
2509 4610 2614 4660 est.
2651 4603 2739 4658 Cf.
2775 4603 2965 4658 Cosm.
2999 4603 3120 4660 Ind.
3176 4605 3212 4660 1.
3249 4607 3313 4670 1.,
3348 4624 3402 4678 p.
3433 4607 3537 4661 485
3566 4625 3580 4661 :
3625 4609 3821 4663 Ἡνίκα

2220 4725 2292 4737 --
2322 4697 2555 4749 ἐκινεῖτο
2588 4697 2654 4748 ἐκ
2685 4694 2776 4747 τοῦ
2800 4695 3111 4766 πνεύματος
3140 4699 3403 4770 προεῖπέν
3429 4716 3490 4751 τε
3519 4699 3552 4771 ἢ
3577 4700 3822 4771 περὶτῆς

2223 4787 2607 4858 αἰχμαλωσίας
2633 4785 2726 4840 τοῦ
2755 4787 2907 4852 λαοῦ,
2941 4789 2973 4860 ἢ
3016 4791 3143 4860 περὶ
3186 4791 3288 4861 τῆς
3322 4792 3578 4846 ἐπανόδου
3616 4792 3817 4856 αὐτῶν,

2223 4878 2255 4948 ῆ
2290 4878 2418 4950 περὶ
2456 4878 2603 4948 ἠθῶν
2651 4879 3028 4947 διδασκαλικὰ,
3071 4883 3103 4952 ἢ
3147 4885 3276 4955 περὶ
3308 4885 3583 4954 προνοίας,
3617 4886 3650 4957 ἢ
3691 4889 3819 4956 περὶ

2223 4968 2320 5022 τοῦ
2372 4969 2646 5023 Δεσπότου
2694 4972 2954 5042 Χριστοῦ.
2997 4973 3237 5030 Omnino
3280 4991 3410 5029 vero
3444 4991 3638 5032 omnes
3672 4979 3816 5048 psal-

2221 5079 2364 5129 mos,
2430 5067 2682 5134 quamvis
2744 5081 2844 5122 sua
2877 5069 3082 5140 cuique
3114 5067 3379 5138 primaria
3437 5072 3580 5125 ratio
3627 5087 3693 5126 ac
3732 5073 3819 5127 vis

2221 5153 2442 5222 fuisset,
2475 5157 2542 5212 ad
2580 5160 2826 5214 omnium
2849 5161 3145 5216 utilitatem
3176 5163 3518 5231 compositos
3537 5178 3659 5218 esse
3683 5178 3816 5217 cen—

2220 5249 2350 5302 suit.
2388 5246 2473 5302 Cf.
2506 5248 2673 5306 Cord.
2709 5250 2830 5305 Cat.
2863 5249 2927 5317 11,
2969 5266 3024 5321 p.
3047 5249 3150 5306 496
3177 5269 3190 5318 ;
3230 5249 3272 5315 1,
3306 5267 3359 5322 p.
3391 5253 3518 5308 571.
3545 5253 3818 5309 Caeterum

2220 5338 2274 5394 in
2307 5339 2724 5412 interpretando
2757 5358 2910 5399 more
2943 5357 3045 5399 suo
3076 5352 3331 5400 versatus
3355 5353 3462 5401 est.
3499 5345 3636 5401 Fere
3676 5347 3820 5400 scri-

2218 5431 2394 5500 ptoris
2424 5433 2755 5489 sententiam
2778 5433 2904 5490 aliis
2933 5435 3118 5490 verbis
3134 5437 3376 5506 repetiit,
3396 5437 3488 5492 sed
3518 5437 3817 5508 imaginum

2223 5525 2532 5597 linguaeque
2562 5527 2808 5582 rationes
2851 5527 3166 5582 accuratius
3207 5529 3525 5598 explicavit,
3584 5528 3818 5598 ideoque

2221 5619 2278 5674 in
2314 5619 2400 5676 his
2428 5620 2660 5677 lectores
2692 5621 2892 5691 saepius
2921 5621 2988 5676 ad
3020 5621 3560 5677 boscommentarios
3596 5621 3812 5690 allegat.

2298 5710 2554 5768 Profecto
2588 5728 2784 5768 novam
2833 5715 2978 5767 viam
3020 5712 3346 5770 Theodorus
3387 5714 3461 5768 ita
3491 5720 3817 5782 persecutus

2229 5817 2330 5868 est,
2357 5813 2416 5860 ut
2441 5815 2687 5864 nostram
2719 5805 3138 5870 admirationem
3177 5807 3233 5863 in
3267 5821 3324 5862 se
3349 5821 3454 5861 non
3491 5813 3817 5864 convertere
