4104 6550
327 354 407 408 55

1144 371 1230 426 DE
1257 373 1610 434 TIIEODORI
1649 378 2137 438 MOPSUESTENI
2168 383 2327 441 VITA
2373 385 2460 441 ΕΤ
2502 387 2835 448 SCRIPTIS.
3591 399 3663 458 34

318 493 452 533 non
489 477 694 548 possit.
733 478 879 534 Sane
903 483 1125 551 quidem
1153 487 1331 542 audax
1360 502 1498 544 erat.
1533 491 1670 558 Quis
1712 509 1838 548 vero
1858 509 1923 548 au

2027 548 2028 553 η
2062 497 2252 552 ἑαυτὸν
2279 500 2480 572 κυρίως
2516 505 2782 575 εἰρημένα
2813 504 3085 576 ἐξέλαϐον,
3114 510 3228 564 ἀλλ’
3250 511 3325 578 ὼς
3350 514 3658 586 ἁρμόζοντα

323 570 560 625 daciam
608 572 665 624 in
714 572 925 640 juvene
955 574 1085 643 jure
1121 581 1522 647 reprehendat?
1551 584 1622 637 At
1646 601 1769 653 qua:
1809 586 1958 640 ince-

311 671 493 733 perat
517 679 621 733 per
659 667 933 734 temporis
985 669 1230 724 rationes
1280 672 1512 730 ulterius
1561 679 1819 748 prosequi
1846 695 1955 734 non

322 755 544 824 potuit.
602 753 1062 813 Conttttetttarius
1112 760 1203 814 ille
1220 761 1334 829 jam
1359 772 1551 820 tumet
1582 783 1757 837 magts
1788 771 1956 826 etiam

314 854 531 915 postea
568 847 910 904 Ottltodoxis
961 852 1310 906 stomachum
1358 857 1548 910 movit.
1585 856 1672 913 Cf.
1714 859 1952 934 llesych.

322 935 359 989 l.
391 952 448 988 c.
475 938 584 1007 (α),
610 936 811 991 Leont.
842 938 879 991 l.
911 953 988 1005 c.,
1012 938 1146 995 Fac.
1175 956 1262 1006 ttt,
1291 947 1349 1000 6:
1373 974 1444 984 —
1474 964 1494 997 ι
1533 946 1954 1020 lmpuguatores

325 1025 391 1080 S.
427 1027 638 1097 synodi
689 1027 1005 1098 (Citalced.)
1059 1031 1130 1085 ob
1178 1030 1284 1087 hoc
1339 1033 1406 1089 de
1441 1034 1535 1090 illo
1571 1039 1676 1094 ista
1713 1041 1950 1110 jactare,

323 1119 482 1188 quod
510 1118 568 1172 itt
609 1118 1075 1188 interpretatione
1109 1124 1449 1194 psalmorum
1479 1128 1734 1197 qttmdam
1767 1149 1951 1189 mora-

326 1213 460 1266 liter
509 1211 854 1279 exposuisse
893 1213 1136 1278 dicatttr,
1172 1232 1296 1286 quae
1349 1218 1404 1273 in
1435 1219 1720 1278 Christum
1773 1227 1949 1295 magis

324 1303 479 1360 dicta
540 1305 753 1361 debent
807 1297 1064 1378 intelligi.
1092 1329 1110 1361 ι
1149 1308 1529 1378 Theodorum,
1573 1313 1648 1368 ita
1694 1316 1795 1382 illi,
1852 1318 1948 1387 qui

323 1395 586 1454 Judaicae
640 1401 890 1470 psalmos
931 1401 1178 1457 historiae
1227 1403 1386 1473 justo
1446 1407 1624 1478 magis
1671 1417 1943 1479 aptasset,

325 1490 602 1542 vaticinia
632 1490 704 1544 de
727 1489 952 1546 Christo
982 1508 1308 1548 evacuasse.
1348 1494 1454 1549 Sed
1481 1497 1598 1566 ipse
1634 1501 1800 1553 etiam
1821 1509 1946 1571 post

320 1580 573 1649 ingenue
622 1580 916 1649 professus
959 1591 1067 1645 est,
1115 1598 1175 1638 se
1229 1584 1286 1637 in
1333 1585 1560 1652 psalmis
1597 1589 1943 1658 explicandis

323 1674 505 1726 multa
538 1689 838 1743 peccasse.
869 1673 936 1730 γ.
963 1690 1052 1745 ap.
1087 1673 1224 1729 Fac.'
1254 1692 1336 1744 ttt,
1373 1678 1405 1731 6
1442 1698 1544 1733 :—
1565 1698 1584 1730 ‹
1615 1679 1734 1734 Non
1759 1691 1941 1736 autem

320 1772 598 1833 quantam
668 1773 991 1835 oportuerat
1036 1765 1331 1822 habuimus
1384 1769 1532 1822 circa
1595 1769 1757 1825 istam
1821 1787 1937 1826 rem

2059 592 2126 662 τῇ
2171 592 2456 648 ὑποθέσει·
2484 612 2535 650 v.
2581 605 2636 650 et
2671 596 2814 669 sq.];
2858 598 2999 656 adde
3049 603 3194 672 quod
3241 605 3292 659 itt
3342 607 3660 678 fragmentis

2061 685 2208 738 nulla
2248 687 2440 756 typicaa
2471 688 2943 759 interpretationis
2979 696 3209 764 vestigia
3239 700 3472 770 reperi);
3511 706 3655 774 quod

2059 790 2183 830 cum
2227 775 2289 830 V.
2327 778 2390 832 Τ.
2429 780 2538 834 vim
2578 785 2826 840 minuere
2869 786 3167 857 multisque
3203 789 3490 847 oﬂi-nsioni
3533 811 3659 851 esse

2062 866 2450 936 intellexisset,
2486 876 2751 941 posterior
2785 875 3082 932 Diodorum
3119 881 3290 952 magis
3317 895 3538 942 secutus
3561 903 3656 941 ar-

2059 959 2219 1014 ctiori
2253 962 2475 1018 vinculo
2492 963 2556 1021 V.
2589 981 2713 1022 cum
2745 968 2811 1022 Ν.
2848 968 2910 1024 Τ.
2939 979 3183 1040 typorum
3204 989 3308 1044 ope
3335 980 3652 1035 comtexuit.

2203 1086 2263 1142 Β.
2298 1088 2690 1146 Commentarii
2719 1095 2774 1148 in
2816 1095 2980 1150 libros
3017 1096 3080 1154 V.
3116 1099 3178 1152 Τ.
3205 1099 3508 1158 historicos.

2129 1213 2196 1268 In
2245 1214 2469 1272 Genesiu
2525 1219 2811 1291 copiosum
2861 1223 3188 1283 Theodorus
3235 1231 3458 1301 scripsit
3496 1248 3650 1289 com-

2054 1309 2409 1366 mentarium.
2457 1311 2540 1365 Cl‘.
2592 1312 2862 1370 Ebediesu
2915 1317 2950 1370 l.
2987 1318 3022 1372 l.
3071 1335 3124 1389 p.
3163 1321 3224 1374 51
3259 1339 3275 1387 ;
3316 1323 3438 1375 Λυι.
3486 1341 3647 1381 conc.

2051 1397 2243 1454 Const.
2273 1417 2335 1464 ll,
2367 1419 2440 1467 tv,
2490 1403 2680 1458 57-62.
2717 1425 2736 1458 ι
2773 1437 2845 1446 —
2872 1423 2938 1462 ex
2973 1409 3007 1464 l.
3040 1412 3324 1480 quinto—
3349 1427 3548 1485 quarto
3577 1447 3649 1459 -

2051 1490 2129 1546 De
2157 1505 2428 1559 creatura,
2472 1515 2490 1547 t
2527 1495 2686 1553 Joan.
2726 1498 3014 1570 Pltiloponi
3048 1504 3124 1558 De
3148 1506 3333 1559 mundi
3383 1512 3650 1568 creatione

2050 1582 2344 1655 (Gallandii
2377 1587 2515 1643 Bibl.
2547 1589 2703 1644 Patr.
2737 1599 2777 1646 ῑ.
2809 1592 2928 1663 XII)
2959 1595 3120 1659 1,811
3144 1628 3214 1637 -—-
3244 1599 3332 1652 Ἐν
3347 1602 3424 1672 τῷ
3443 1604 3646 1676 πρώτῳ

2045 1678 2156 1732 τῶν
2184 1681 2265 1744 είς
2307 1680 2407 1752 τὴν
2465 1682 2682 1750 γένεσιν
2706 1714 2774 1724 —-
2807 1703 2825 1736 ›
2878 1686 2931 1753 6,
2962 1688 3016 1742 9.
3052 1707 3071 1738 σ
3098 1719 3168 1728 —-
3199 1691 3260 1744 ὲν
3291 1692 3371 1763 τῷ
3396 1696 3646 1766 τετάρτῳ

2042 1771 2152 1825 τῶν
2177 1800 2241 1811 -
2271 1791 2289 1823 t
2326 1771 2521 1831 Leont.
2563 1775 2690 1847 Byz.
2738 1779 2774 1832 l.
2817 1793 2893 1841 c.,
2931 1795 2983 1848 p.
3023 1779 3128 1836 690
3158 1794 3211 1833 ει
3253 1813 3322 1823 -
3354 1801 3477 1855 qua:
3503 1802 3644 1843 vane

319 1859 590 1927 (interpr.
641 1858 1012 1928 psalmorum)
1068 1858 1431 1929 diligentiam.
1467 1860 1623 1917 Passi
1657 1863 1805 1918 enim
1845 1881 1940 1920 su-
1972 1864 2014 1921 B
2044 1863 2346 1919 elaboravit
2396 1866 2450 1919 in
2504 1867 2762 1935 Genesin,
2802 1890 2821 1923 ι
2870 1870 3031 1925 Pltot.
3074 1887 3124 1927 c.
3175 1873 3243 1928 '58
3270 1887 3316 1925 τι
3351 1871 3472 1947 οὗή
3516 1881 3641 1931 ἐπει

315 1967 449 2004 mus
471 1966 831 2022 quaecunque
865 1951 1220 2021 incipientes,
1248 1960 1307 2006 ttt
1331 1955 1538 2020 evenit,
1565 1956 1619 2010 in
1657 1957 1939 2028 imperitia

319 2043 612 2098 scribendi
645 2044 961 2106 constituti,
979 2044 1252 2114 siquidem
1282 2054 1337 2100 et
1365 2048 1567 2102 multas
1595 2049 1940 2104 immutatio-

319 2147 419 2186 nes
453 2130 554 2184 illo
589 2123 839 2201 tempore
864 2146 987 2201 qua:
1013 2141 1204 2188 nostra
1229 2141 1358 2190 sunt
1379 2147 1772 2207 susceperunt,
1799 2155 1938 2212 quas

320 2237 429 2275 non
459 2231 552 2276 cst
589 2223 883 2292 praesentis
908 2225 1176 2295 temporis
1203 2241 1497 2294 enarrare;
1539 2245 1606 2284 ex
1639 2247 1746 2300 qua
1767 2247 1938 2290 causa

318 2317 500 2388 magis
538 2317 886 2388 negligenter
917 2331 947 2370 a
976 2318 1140 2373 nobis
1186 2321 1492 2388 composita
1541 2331 1673 2378 sunt
1698 2325 1935 2394 plurima

316 2420 370 2466 et
395 2411 646 2466 maxime
679 2412 772 2464 illa
803 2426 926 2480 qure
982 2411 1160 2480 prima
1216 2421 1367 2466 sunt.
1408 2433 1427 2465 ι
1469 2412 1588 2470 Duo
1624 2415 1713 2471 Itis
1749 2419 1935 2474 verbis

311 2501 670 2567 enuntiavit,
704 2519 899 2567 untttn,
937 2517 998 2557 se
1047 2518 1170 2556 cum
1225 2504 1398 2560 libros
1435 2505 1558 2558 adv.
1596 2507 1934 2577 allegoristas

314 2594 667 2665 scripsisset,
721 2595 779 2648 in
832 2595 1022 2650 multis
1052 2594 1211 2652 aliter
1243 2605 1411 2668 atque
1457 2605 1618 2652 antea
1653 2601 1930 2664 sensisse;

315 2688 585 2750 alterum,
618 2705 648 2740 a
687 2702 746 2742 se
767 2687 944 2757 magis
966 2674 1306 2758 negligenter
1338 2690 1647 2759 composita
1670 2706 1791 2746 esse
1812 2692 1934 2762 plu-

313 2784 456 2837 rima
480 2783 538 2835 in
563 2782 829 2851 psalmos,
854 2780 945 2834 illa
971 2781 1209 2835 maxime
1230 2797 1352 2851 qua:
1377 2781 1553 2851 prima
1580 2792 1789 2848 essent,
1815 2785 1852 2839 i.
1879 2799 1926 2839 e.

315 2875 729 2946 prafationettt,
760 2891 813 2929 ν.
839 2874 1013 2940 infra;
1049 2875 1306 2930 statuerit
1335 2889 1464 2928 vero
1485 2869 1674 2945 po'stea
1698 2875 1766 2931 de
1795 2891 1931 2931 tton-

309 2969 485 3023 nullis
543 2966 777 3037 psalmis
825 2967 1014 3034 aliter,
1071 2967 1338 3020 nonnulla
1385 2970 1549 3022 etiaztt
1601 2968 1719 3022 loca
1767 2969 1930 3025 aliter

308 3061 687 3114 enarraverit.
721 3059 990 3113 Primaria
1036 3058 1286 3129 profecto
1339 3058 1610 3114 Theodori
1642 3061 1842 3132 prioris
1875 3069 1928 3117 et

313 3154 650 3223 posterioris
695 3152 992 3209 diversitas
1054 3153 1108 3207 in
1171 3153 1626 3223 interpretatione
1677 3155 1924 3210 locorum

2040 1955 2228 2027 γραφὴ
2256 1957 2522 2028 ἑρμηνεία
2537 1960 2636 2028 τῆς
2669 1959 2928 2024 κτίσεωςο
2954 1964 3012 2014 ὲν
3032 1961 3222 2032 τόμοις
3243 1965 3430 2035 ὲπτὰή
3449 1969 3639 2038 πρώτη

2042 2045 2224 2116 βίϐλος
2253 2048 2593 2117 ἐπεραίνετο.
2629 2068 2647 2101 t
2689 2049 2786 2106 His
2836 2051 2974 2106 locis
3002 2068 3146 2106 ttnus
3171 2053 3424 2124 idemque
3458 2057 3638 2113 Theo-

2040 2137 2163 2192 dori
2226 2139 2365 2194 liber
2417 2141 2758 2212 designatur.
2815 2141 2972 2198 Pltot.
3017 2144 3054 2197 l.
3107 2145 3247 2196 l:—
3281 2149 3376 2201 Ὃν
3399 2148 3507 2218 (Θ.)
3541 2153 3637 2205 καὶ

2039 2228 2301 2294 πλείστας
2353 2229 2588 2295 εὐθύνας
2629 2231 2886 2303 Ἰωάννης
2914 2235 2942 2286 ὁ
2974 2233 3269 2298 Φιλὸπονος
3308 2239 3422 2306 (qui
3453 2237 3636 2294 Theo-

2039 2318 2156 2373 dori
2183 2318 2257 2372 τὰ
2279 2321 2368 2387 εἰς
2394 2320 2512 2389 τὴν
2533 2335 2778 2391 γενεσιν
2825 2331 3097 2378 memorat
3139 2342 3192 2379 ν.
3223 2333 3318 2396 s.),
3358 2328 3435 2392 ὡς
3473 2331 3636 2394 αὑτός

2038 2427 2193 2480 φησι,
2218 2413 2319 2483 τῆς
2360 2412 2616 2485 τοιαύτης
2656 2415 2956 2486 ἑρμηνείας
2994 2417 3054 2469 ἐν
3095 2418 3281 2490 οἰκείῳ
3315 2419 3394 2490 τῷ
3427 2423 3508 2486 είς
3537 2423 3636 2494 τὴν

2035 2503 2213 2556 κτίσιν
2236 2505 2514 2574 πονήματι
2548 2505 2763 2578 ἐδείχθη
2786 2507 3091 2571 σπουδαίως
3145 2504 3630 2583 εὶσπραττόμένος.

2033 2592 2120 2646 Cf.
2141 2600 2217 2650 et.
2235 2609 2286 2647 c.
2306 2595 2396 2657 44,
2428 2595 2644 2650 οιοε-
2661 2597 2719 2650 ὲν
2739 2595 2954 2661 πολλοῖς
2992 2597 3161 2663 ἀξίως
3194 2599 3286 2652 τὸν
3309 2601 3483 2671 μέγαν
3505 2604 3636 2656 ἀπο-

2035 2683 2241 2748 θειάζει
2282 2686 2387 2757 (sc.
2417 2684 2578 2742 Joan.
2602 2684 3070 2756 ΡΙιὶΙ.)Βασίλειον
3104 2690 3198 2742 καὶ
3237 2691 3514 2761 Θεόδωρον
3540 2693 3632 2746 τὸν

2034 2779 2239 2849 (fortJ.
2277 2779 2558 2852 Θεοδώρου
2610 2780 2728 2848 τοῦ)
2762 2781 2909 2851 Meda.
2939 2783 2987 2835 εἰ
3015 2783 3109 2835 καὶ⁵
3136 2782 3211 2852 μὴ
3240 2784 3296 2833 ὲν
3338 2785 3525 2847 πᾶσιν,
3549 2779 3630 2848 οἷς

2032 2872 2364 2934 ἐπαιτιᾶται,
2411 2870 2527 2924 ἀλλ’
2577 2866 2670 2923 οὖν
2703 2871 2804 2925 οὑκ
2842 2873 2900 2924 ὲν
2942 2871 3144 2940 ὀλίγοις
3195 2873 3629 2943 ἐπιλαμϐάνεται

2029 2964 2298 3034 δικαίως).
2355 2961 2562 3019 Crtecis
2590 2963 2735 3017 enim
2776 2965 2986 3034 primus
3031 2963 3389 3020 Pentatettclti
3417 2966 3630 3020 liberet

2027 3057 2062 3126 ἡ
2109 3055 2285 3120 κτίσις
2310 3057 2420 3127 eti]
2455 3054 2672 3124 γένεσις
2711 3055 3020 3110 dicebatur.
3080 3054 3245 3110 Prius
3292 3071 3414 3112 voc.
3448 3055 3628 3112 Theo-

2031 3147 2199 3203 dorus
2245 3146 2538 3202 adamavit.
2592 3147 2672 3201 Cf.
2723 3146 2788 3200 ad
2824 3147 2948 3201 Am.
3000 3148 3055 3210 6,
3098 3148 3153 3209 9,
3193 3148 3282 3211 lO,
3317 3165 3368 3218 p.
3400 3149 3506 3202 227
3536 3147 3626 3203 ed.

303 3248 416 3302 sita
449 3256 574 3301 erat
605 3246 662 3300 in
708 3244 843 3299 Nov.
878 3243 944 3300 T.
986 3245 1296 3311 citatorum,
1339 3245 1407 3300 de
1434 3262 1540 3315 qua
1576 3247 1722 3302 haud
1759 3249 1923 3305 dubie

2033 3239 2101 3294 de
2127 3237 2318 3309 Wegtt.
2347 3257 2360 3292 :
2391 3239 2659 3311 Παρέοικε
2695 3239 2757 3292 τὸ
2784 3240 2841 3292 ἐν
2884 3241 2950 3310 τῇ
2990 3239 3188 3303 κτίσει,
3211 3213 3340 3293 ἔνθα
3367 3242 3495 3313 περὶ
3518 3241 3626 3296 τῶν

309 3341 568 3411 pluribus
593 3340 648 3394 in
675 3339 764 3393 illa
789 3337 1112 3409 praefatione
1131 3338 1528 3409 disputaverat.
1555 3340 1621 3394 At
1641 3356 1767 3395 cum
1791 3356 1924 3399 suos

306 3436 361 3488 in
395 3433 645 3502 psalmos
671 3429 1107 3486 commentarios
1136 3431 1496 3501 vituperaret,
1540 3448 1718 3503 neque
1747 3433 1813 3488 ad
1843 3445 1924 3506 tyf

307 3532 489 3598 ptcant
518 3540 682 3582 suam
709 3521 1426 3593 interpretationem,quam
1454 3533 1571 3594 post
1592 3529 1923 3582 constantis-

305 3623 445 3676 sime
468 3627 704 3675 secutus
734 3625 821 3672 est
863 3625 918 3671 et
949 3630 1072 3686 quae
1117 3613 1360 3671 Judaicaz
1402 3617 1697 3687 impietatis
1732 3633 1921 3689 repre-

305 3711 641 3766 hensionem
665 3708 988 3778 neutiquam
1021 3707 1184 3776 cepit,
1215 3723 1394 3778 neque
1424 3708 1491 3762 ad
1515 3716 1756 3778 quatuor
1795 3710 1919 3768 illos

303 3808 556 3876 psalmos
595 3819 740 3875 quos
787 3801 1009 3873 proprie
1050 3800 1118 3855 ad
1151 3800 1435 3857 Christum
1481 3802 1761 3858 retulisset
1803 3803 1916 3877 (ὁ),

305 3901 589 3970 respicere
622 3897 822 3966 potuit.
857 3893 1001 3962 Quid
1043 3895 1248 3965 igitur?
1279 3894 1439 3948 Prior
1469 3893 1814 3964 Theodorus,
1868 3899 1915 3954 si

297 4001 544 4064 quatuor
572 3993 700 4046 illos
720 3990 965 4060 psalmos
986 3987 1291 4060 cxceperis,
1330 3986 1669 4043 Psaltttoruut
1707 3990 1826 4045 loca
1858 3991 1913 4047 in

299 4085 363 4140 Ν.
401 4085 470 4139 Τ.
499 4085 570 4139 ad
599 4099 691 4139 res
717 4081 1067 4137 Christianas
1105 4095 1203 4151 per
1232 4095 1414 4136 rerum
1447 4081 1913 4150 opportunitatem

299 4174 715 4230 accommodata
741 4185 866 4226 esse
905 4169 1101 4225 statuit
1135 4167 1231 4240 (cl‘.
1265 4169 1384 4224 Act.
1419 4166 1486 4223 C.
1513 4169 1704 4225 Const.
1735 4184 1796 4236 ll,
1833 4186 1909 4238 tv,

297 4270 386 4335 22,
418 4269 497 4322 25
528 4265 746 4339 [Cosm.
781 4262 898 4318 Ind.
935 4263 973 4317 l.
1007 4277 1086 4330 c.,
1121 4277 1174 4332 p.
1207 4261 1316 4316 486
1345 4279 1454 4317 :-—
1488 4261 1628 4316 Ὅσα
1660 4262 1716 4316 δὲ
1747 4262 1914 4335 ἕτερα

295 4361 557 4432 ἐξέλαϐον
607 4360 659 4412 οί
699 4355 992 4412 ἀπόστολοι
1036 4355 1101 4409 ὲκ
1139 4353 1249 4408 τῶν
1292 4352 1559 4424 ψαλμῶν,
1590 4354 1691 4425 οὐχ
1726 4353 1802 4418 ὡς
1832 4356 1914 4420 είς

364 4505 444 4576 (α)
483 4501 610 4576 Non
663 4500 858 4556 dubito

293 4566 450 4648 priet‘.
481 4575 540 4629 in
575 4588 662 4648 ps.
703 4589 741 4634 t,
770 4586 825 4641 p.
855 4566 983 4648 ϐοᾷ,
1007 4569 1280 4648 scriberet
1307 4585 1319 4622 :
1343 4566 1637 4648 Διαφοροις
1663 4597 1732 4606 -
1758 4567 1912 4648 ἐντος

289 4634 404 4719 id»;
426 4634 824 4719 ὑπομνήμασι,
866 4641 962 4694 καὶ
993 4639 1121 4702 τοὺς
1147 4638 1249 4719 μὲν
1275 4669 1345 4719 ς·-
1365 4666 1434 4719 —_-
1461 4634 1660 4708 εὑρὼν,
1689 4636 1822 4719 τοὺὲ
1852 4635 1910 4688 δέ

288 4706 432 4773 ⁴ἶ,εἰσιν
456 4706 726 4786 ἱστορίαις
758 4712 859 4786 τὴν
882 4706 1224 4786 προφητείαν
1264 4706 1632 4786 ἁρμόσαντας,
1672 4706 1748 4786 di;
1788 4707 1910 4759 Ἰου-

285 4788 467 4851 δαίοις
515 4778 721 4858 patum
748 4778 846 4854 τὴν
873 4778 1172 4856 ἑρμηνείαν
1216 4778 1536 4858 συνηχορεῖν
1575 4778 1750 4858 ἢτοίς
1779 4794 1908 4849 τρο-

288 4849 626 4931 φίμοίςξεῆς
646 4849 887 4918 πίστεώς
1009 4849 1270 4931 ⁷ιιοδῑζψῐι
1293 4849 1688 4931 indigitaveril.

361 4917 442 5002 '(b)
465 4917 632 4983 Haud
651 4917 966 5002 spernenda
981 4934 1130 4978 esset
1153 4917 1396 5002 ξίίεικιὶθ
1421 4917 1799 5002 δνοεηετημ.
1825 4933 1904 5000 οἳ,

287 5019 342 5074 p.
368 4989 558 5074 ‘xivu,
591 4989 925 5074 conjectura
961 5013 975 5048 :
1011 5012 1034 5074 ι¹
1067 5024 1138 5074 -_—
1163 4989 1392 5074 iiectius
1432 4990 1668 5071 fortasse
1698 4989 1910 5074 dixeri-

283 5061 436 5134 inus,
469 5061 608 5126 illud
633 5061 912 5123 Theodori
954 5066 1039 5119 sui
1084 5063 1260 5138 ipsius
1291 5061 1623 5138 vituperiutn
1646 5061 1906 5138 psalmos

284 5154 554 5214 spectare
587 5155 710 5199 eos,
745 5153 886 5207 quos
939 5150 1049 5189 non
1111 5134 1307 5213 typico.
1335 5134 1428 5213 sed
1468 5134 1696 5214 proprio
1723 5145 1901 5214 sensu

283 5200 584 5270 Christum
616 5200 842 5284 tangere
873 5200 1224 5284 statuerat—{3
1254 5200 1688 5284 nisicoustaret,
1723 5200 1903 5284 '_l'l_teo-

283 5288 491 5341 dorum
554 5290 685 5352 post
719 5275 895 5353 etiam
928 5279 1052 5353 illos
1091 5275 1337 5346 psalmos
1368 5275 1898 5353 ita-interpretatum

284 5341 711 5423 esse,ctipsum
748 5351 905 5406 illunt
935 5341 1172 5423 l.__deps.
1199 5361 1298 5423 vtt_t
1336 5343 1582 5423 ex_lib_ris
1617 5341 1696 5396 De
1724 5343 1903 5423 incar-

287 5413 918 5493 natfsun'tptum‘esse.
963 5413 1241 5493 Caeterum
1276 5413 1423 5470 haud
1454 5416 1752 5493 obscurum
1791 5421 1899 5493 est,

285 5513 388 5552 cur
427 5482 676 5566 quatuor
704 5491 827 5566 illos
856 5489 1102 5562 psalmos
1141 5503 1308 5566 sensu
1341 5485 1567 5566 proprio
1588 5485 1655 5540 de
1677 5482 1902 5566 Christo

287 5553 1005 5637 interpretatussitunrﬂue
1020 5574 1153 5637 vero
1183 5561 1258 5637 ita
1273 5553 1606 5637 tttireliquos
1621 5553 1898 5637 psalmos,

324 5625 527 5694 uorum
550 5637 670 5690 loca
702 5633 759 5687 in
787 5630 854 5686 Ν.
879 5625 946 5685 Τ.
968 5630 1036 5685 ad
1064 5645 1153 5686 res
1177 5627 1527 5683 Christianas
1557 5625 1897 5680 relerttntur.

329 5718 667 5777 razterquattt
699 5703 852 5777 enim
879 5702 1026 5777 quod
1060 5695 1459 5777 auctoritas‘N.
1486 5694 1673 5777 T_.'(ci.
1702 5694 1894 5777 Cosm:

284 5720 667 5777 Prazterquattt
705 5720 852 5757 ellllll
879 5720 1026 5826 qlttou
1060 5720 1364 5756 auctorttas
1395 5720 1459 5750 11.
1496 5720 1516 5748 ι
1537 5735 1552 5748 .
1577 5720 1673 5763 μη,
1702 5720 1894 5751 uuam.

283 5783 402 5837 Ind.
427 5781 466 5851 l.
498 5793 583 5851 c.,
606 5791 658 5846 p.
684 5774 812 5851 485-,
833 5790 903 5827 κα
958 5772 1068 5844 γὰρ
1086 5772 1194 5851 ,καὶ
1212 5769 1495 5851 Δεησπρτης
1517 5765 1896 5851 ἱΧρξστρςηκαὶ

285 5835 656 5906 ἀπόστολοι
692 5835 982 5914 φαίνονταί
1014 5835 1110 5914 καὶ
1138 5844 1202 5893 ὲκ
1229 5839 1338 5892 τῶν
1367 5839 1406 5892 δ’
1439 5835 1670 5914 ψαλμῶν
1700 5835 1895 5890 λαϐόν-

283 5940 371 5987 τες
408 5909 726 5989 μαρτυρίαν
761 5915 892 5988 περὶ
906 5911 1074 5969 αὑτοῦ
1097 5919 1153 5968 et
1178 5925 1301 5982 qua:
1325 5909 1468 5982 seq.)
1500 5917 1558 5966 et
1585 5922 1892 5965 consensus

2035 3331 2320 3404 συνθηκῶν
2349 3332 2496 3401 λέγει
2541 3332 2608 3395 ἃς
2636 3332 2846 3397 Λάδαν,
2868 3350 2928 3386 τε
2953 3333 3047 3387 καὶ
3087 3332 3288 3387 Ἰακώϐ
3309 3365 3380 3375 -—
3403 3334 3623 3405 (Cenes.

2028 3425 2183 3496 xxx).
2223 3423 2390 3480 Miclt.
2430 3442 2486 3487 v,
2513 3425 2566 3490 ϐ,
2603 3440 2654 3496 p.
2706 3424 2832 3480 566.
2876 3425 2948 3496 (c)
2990 3423 3200 3480 lttl'elici
3247 3437 3446 3480 conatu
3485 3425 3626 3481 Sicf-

2027 3518 2210 3574 fert.l.
2246 3518 2310 3581 l.,
2339 3534 2393 3588 p.
2421 3517 2512 3582 52,
2562 3533 2685 3588 qua:
2729 3517 3001 3574 Ebediesu
3039 3525 3093 3573 et
3129 3519 3326 3589 reliqui
3369 3520 3434 3573 de
3459 3519 3623 3576 tomis

2024 3610 2172 3666 illius
2224 3609 2606 3664 commentarii
2671 3609 2916 3664 referunt
2970 3610 3113 3665 inter
3174 3625 3234 3665 se
3281 3611 3618 3664 conciliavit.

2024 3703 2244 3758 Scilicet
2285 3717 2407 3772 quae
2442 3700 2712 3757 Ebediesu
2767 3700 2836 3756 de
2881 3701 3046 3756 tomis
3088 3702 3340 3772 perhibet
3373 3703 3480 3757 hoc
3509 3719 3620 3757 uno

2021 3790 2189 3847 credo
2221 3792 2494 3856 nituntur,
2547 3791 2693 3861 quod
2743 3798 2824 3845 tot
2876 3793 3043 3847 tomis
3086 3793 3288 3847 librtmt
3346 3794 3619 3849 contineri

2020 3884 2196 3951 dixit,
2232 3891 2366 3956 quot
2423 3881 2796 3937 voluminibus
2850 3883 3131 3953 exemplar
3175 3882 3461 3954 Syriacum
3485 3899 3620 3938 con-

2019 3985 2208 4033 staret.
2272 3975 2364 4030 Sic
2401 3975 2670 4031 Ebediesu
2729 3983 2869 4031 teste
2924 3976 3446 4030 commentarius-in
3501 3975 3620 4030 XII

2017 4069 2298 4141 prophetas
2341 4068 2558 4123 duobus
2613 4068 2780 4122 tomis
2809 4076 3050 4132 constat,
3091 4084 3202 4123 uno
3237 4069 3372 4122 liber
3411 4068 3486 4122 De
3536 4070 3617 4123 itt-

2021 4161 2353 4227 carnatione,
2381 4159 2476 4215 sed
2508 4159 2704 4214 horum
2751 4160 2845 4214 ille
2877 4160 3066 4224 nullis,
3093 4160 3181 4215 hic
3206 4161 3519 4229 quindecim
3552 4161 3617 4214 li-

2022 4255 2139 4310 bris
2183 4253 2480 4309 distinctus
2525 4261 2630 4308 est.
2681 4250 2790 4306 Sed
2852 4251 3177 4308 Theodorus
3213 4261 3271 4308 ut
3316 4255 3616 4308 nonnullos

2022 4348 2272 4413 alios,ita
2305 4347 2453 4402 hunc
2485 4345 2650 4400 etiam
2690 4345 2746 4399 itt
2778 4343 3014 4402 Genesiu
3045 4347 3502 4402 comtttentarium
3548 4345 3613 4398 Ii-

914 4497 1049 4568 quin
1091 4493 1420 4551 Theodorus
1459 4494 1650 4568 etiam,
1689 4509 1814 4568 cum
1850 4494 1907 4549 in
1940 4495 1986 4552 D
2017 4490 2267 4568 priorum
2326 4486 2704 4568 interpretum
2762 4485 2969 4568 aliquid
2986 4485 3187 4568 “apud.
3219 4501 3345 4568 eum
3369 4555 3393 4568 Λ
3419 4485 3610 4568 valuit,

2015 4555 2093 4614 illi
2143 4555 2339 4627 psalmi
2380 4557 2642 4625 praeclare
2691 4555 2928 4627 indolem
2981 4555 3188 4627 Christi
3235 4555 3612 4627 θεανθρῴπου,

2014 4631 2069 4684 in
2107 4625 2542 4699 quemomning
2577 4625 3310 4699 quadrarcut,”describere
3347 4625 3613 4699 videban-

2011 4694 2242 4754 turfo.
2280 4697 2476 4764 fragm.
2511 4694 2785 4750 'l‘tteoduri
2820 4696 2888 4749 de
2920 4696 3027 4750 illis
3065 4711 3148 4765 ps.
3191 4705 3244 4750 et
3271 4696 3459 4752 Cosm.
3494 4695 3610 4751 lud.

2010 4772 2047 4826 Ι.
2092 4787 2167 4832 c.,
2207 4786 2260 4839 p.
2286 4767 2542 4822 485-487.
2589 4765 2703 4820 lloe
2739 4780 2870 4820 vero
2906 4765 3222 4839 inreliquis
3267 4782 3430 4822 secus
3468 4779 3610 4834 erat,

2010 4842 2104 4914 qui
2149 4836 2274 4894 cum
2306 4839 2596 4914 manifesto
2637 4852 2744 4914 non
2783 4839 2882 4890 toti
2920 4836 2986 4914 ad
3027 4836 3311 4914 Christum
3362 4851 3612 4908 spectare

2009 4908 2258 4984 possent,
2321 4913 2461 4963 ratio
2496 4908 2768 4984 exigebat,
2807 4911 3148 4984 pesingulm
3182 4923 3611 4984 egrum—panes

2007 4975 2076 5038 co
2099 4983 2472 5037 traherentur.
2493 4975 2784 5034 Cf.Cosnt.
2807 4975 2924 5034 Iud.
2954 4975 3099 5049 l._'c.,
3131 4996 3184 5049 p.
3209 4981 3313 5035 486
3336 5000 3348 5035 :
3373 4975 3610 5046 Τούτους

2006 5054 2067 5124 ψ.
2098 5057 2177 5116 εἰς
2200 5054 2290 5105 τὸν
2312 5055 2478 5124 assit.
2510 5051 2614 5124 Xp.
2644 5051 2740 5124 καὶ
2765 5051 2925 5124 μόνον
2954 5047 3114 5124 εἶπεν
3132 5047 3235 5124 {ob
3260 5051 3378 5124 reip
3402 5054 3609 5124 ἐκοινο-

2007 5118 2154 5178 ποίει
2171 5124 2238 5176 τὰ
2262 5121 2357 5192 τοῦ
2387 5118 2661 5192 Δεσπότου
2729 5118 2918 5192 ρίστοῦγ
2958 5122 3097 5192 μετὰ
3112 5123 3221 5174 τῶν
3250 5118 3474 5183 δούλων,
3494 5121 3610 5175 ἀλλ’

2007 5196 2117 5249 ἴδια
2139 5194 2208 5246 τὰ
2242 5191 2336 5247 τοῦ
2364 5191 2633 5244 Δεσπότου
2657 5191 2731 5253 ὡς
2755 5191 3018 5246 δεσπότου
3048 5192 3264 5259 ἐξεῖπεν
3297 5193 3479 5246 καὶτὰ
3501 5193 3610 5246 τῶν

2004 5265 2208 5319 δούλων
2240 5264 2316 5327 ὡς
2347 5261 2569 5315 δούλων.
2603 5260 2668 5332 Et
2704 5262 2871 5332 paulo
2901 5274 3024 5332 post
3051 5282 3066 5315 :
3100 5294 3170 5304 -—
3203 5262 3406 5332 Paulus
3440 5280 3607 5332 μετα-

2005 5339 2223 5407 φράσας
2243 5335 2342 5406 τὴν
2369 5333 2572 5407 χρῆσιν
2591 5330 2914 5407 (Μοείεξῂὼᾴ
2937 5332 3203 5407 ἁρμοοίαν
3235 5334 3315 5407 εἰς
3337 5330 3607 5407 τὴν-ἰδίαν

2005 5400 2267 5461 ὗπόθεσιν
2285 5400 2310 5435 ’⁷
2331 5400 2481 5457 οὐδὲν
2662 5400 3070 5473 ἁρμόζουσιςτὰ
3095 5402 3276 5473 Aen-ca
3296 5400 3404 5473 τῶν
3523 5405 3607 5470 είς

2001 5480 2093 5532 τὸν
2114 5481 2280 5532 Δεσπ.
2302 5473 2432 5545 Χρ.,
2455 5468 2614 5540 ὲξῶν
2641 5468 3043 5545 τινα-ἐξέλαϐον
3070 5471 3299 5540 (Tlteod.
3336 5472 3406 5526 ad
3433 5468 3600 5531 Zach.

2005 5566 2082 5617 tx,
2107 5551 2186 5618 9.)
2212 5549 2316 5602 Sed
2347 5541 2474 5602 cum
2503 5543 2876 5618 quatuorillos
2894 5541 3136 5610 psalmos
3169 5545 3245 5597 ita
3275 5545 3599 5615 explicaret,

2004 5616 2189 5676 minus
2220 5619 2324 5674 sibi
2362 5616 2628 5671 constitit.

2076 5693 2145 5761 (c)
2185 5685 2500 5761 Sieﬂ‘ert.__l.
2528 5686 2604 5761 l.,
2673 5699 2726 5754 p.
2787 5683 2888 5761 5‘2_
2917 5699 3041 5761 sq.,‘
3068 5683 3160 5761 qui
3203 5684 3596 5761 inNicgpltori

2003 5755 2208 5817 Catena
2238 5757 2502 5814 nonnulla
2525 5755 2832 5826 fragmenta
2859 5755 2926 5809 de
2949 5756 3178 5826 reliquis
3201 5757 3365 5810 etiam
3393 5755 3597 5812 Penta-

2008 5834 2192 5888 teuclti
2257 5829 2411 5885 libris
2476 5840 2766 5898 superesse
2834 5827 3347 5898 animadvertisset,
3415 5826 3598 5881 Theo-

2004 5903 2202 5961 dorum
2235 5902 2344 5958 duo
2377 5899 2520 5957 inter
2550 5897 2609 5956 Se
2635 5897 2884 5955 diversos
2927 5898 2980 5953 in
3033 5897 3274 5954 Genesiu
3307 5912 3593 5955 commcn-
