4104 6536
534 381 599 399 συν

535 389 602 434 31”»
1405 396 1706 459 orre-rus
1740 399 1919 456 FRID.
1964 390 2356 453 FRITZSCIIE
2396 389 2901 452 connexum)

3749 393 3845 448 56

550 526 666 583 bris
693 523 962 585 distinxit,
991 530 1224 590 quorum
1250 518 1487 588 primus,
1511 516 1708 569 Photio
1735 522 1891 578 teste,
1920 522 2124 581 septem
2158 514 2200 568 Α
2231 509 2436 578 Optime
2496 508 2825 569 illustrabat,
2861 519 2960 559 nec
3005 505 3230 567 mirum,
3264 503 3414 572 quod
3444 503 3498 557 in
3522 503 3847 573 reprehen-

550 620 715 675 tomis
764 613 1075 671 constabat.
1109 610 1428 665 Tillemont.
1469 609 1505 663 Ι.
1552 608 1591 662 l.
1638 624 1690 677 p.
1730 606 1835 659 445
1863 619 1877 655 :
1909 625 1927 655 ι
1964 618 2128 656 —un

549 706 739 776 (tome)
773 719 903 761 sans
957 703 1124 757 doute
1146 715 1290 770 pour
1314 698 1528 768 chaque
1576 697 1723 767 jour.
1766 714 1783 747 ι
1807 693 2131 749 Theodorus

546 814 672 855 cum
730 798 930 852 librum
972 796 1049 849 illa
1083 793 1465 862 distingueret,
1510 789 1675 857 haud
1722 786 1887 842 dubie
1934 785 2127 855 prima:

547 889 907 946 hebdomadis
953 886 1221 941 rationem
1275 883 1485 937 habuit.
1516 879 1603 935 Cf.
1632 887 1707 937 et.
1741 878 1930 951 Cyrill.
1972 878 2128 932 Alex.

546 983 643 1038 lib.
680 996 760 1035 vn
792 979 1181 1054 Glaphyrorum
1213 978 1268 1030 in
1298 974 1541 1029 δεηθείη.

618 1116 790 1173 Recte
813 1115 976 1170 Phot.
1002 1128 1053 1169 c.
1083 1111 1173 1174 58,
1194 1110 1285 1166 ubi
1308 1108 1410 1180 τὴν
1439 1105 1736 1179 ἑρμηνείαν
1764 1104 1866 1175 τῆς
1896 1101 2131 1163 κτίσεως

559 1209 895 1272 memoravit,
920 1205 1091 1277 τὴνδὲ
1121 1203 1342 1274 φράσιν,
1370 1200 1569 1270 inquit,
1601 1196 1728 1251 οὔτε
1755 1193 2009 1267 λαμπρὸς
2030 1192 2130 1265 (sc.

548 1301 639 1371 Θ.)
667 1298 793 1353 οὔτε
836 1296 957 1350 λίην
1008 1292 1204 1365 σαφὴς,
1254 1291 1473 1362 φεύγων
1499 1290 1556 1344 δὲ
1592 1288 1683 1343 τὸν
1716 1287 1940 1342 δυνατὸν
1985 1282 2133 1354 αὑτῷ

551 1390 752 1462 τρόπον
790 1386 890 1450 τὰς
934 1382 1264 1453 ἀλληγορίας
1317 1382 1411 1435 καὶ
1457 1378 1598 1434 κατὰ
1633 1378 1731 1449 τὴν
1763 1376 2007 1447 ἱστορίαν
2035 1375 2134 1448 τὴν

552 1483 847 1556 ἑρμηνείαν
869 1476 1209 1548 ποιούμενος.
1240 1474 1569 1541 Ταυτολογεῖ
1592 1471 1650 1525 δὲ
1676 1469 1748 1524 τὰ
1771 1470 2005 1523 πλεῖστα
2036 1468 2135 1523 καὶ

552 1576 745 1649 ἄχαρίς
770 1590 887 1637 πως
914 1572 1008 1625 καὶ
1026 1568 1193 1639 ἀηδὴς
1212 1562 1350 1622 εἶναι
1384 1565 1551 1629 δοκεῖ,
1570 1563 1707 1619 ἀλλὰ
1724 1562 1819 1616 καὶ
1846 1563 1907 1617 τὸ
1933 1563 2137 1616 Necno-

554 1669 670 1741 ρίου
725 1665 923 1738 δόγμα,
962 1662 1013 1716 ει
1055 1661 1151 1715 καὶ
1183 1657 1291 1731 πρὸ
1331 1655 1627 1727 Νεστορίου
1663 1654 1931 1725 ὑπῆρχεν,
1965 1654 2137 1723 ὑπερ-

553 1757 875 1829 ευγόμενος·
952 1768 1055 1809 nec
1129 1751 1313 1806 minus
1389 1758 1568 1803 tamen
1641 1754 1790 1802 recte
1869 1745 2137 1801 Ebediesu

478 1839 481 1842 ’
552 1846 1007 1906 commentarium
1044 1844 1195 1898 illum
1230 1839 1486 1895 methodo
1516 1844 1569 1892 et
1603 1835 1979 1907 speculation
2021 1835 2139 1891 ela-

554 1946 808 2000 boratum
859 1947 1038 1993 vocat.
1094 1931 1357 2001 Quamvis
1412 1930 1557 1985 enim
1610 1929 1664 1981 in
1716 1941 1783 1982 eo
1835 1927 2036 1997 stylum
2086 1929 2141 1979 et

553 2034 856 2093 sententias
902 2030 1166 2101 quasdam
1201 2026 1327 2095 jure
1362 2017 1815 2093 reprehenderes,
1842 2017 1917 2071 ita
1956 2024 2141 2071 tamen

553 2129 613 2183 ni
662 2126 819 2180 fallor
874 2124 1228 2189 comparatus
1278 2121 1420 2179 erat,
1464 2120 1523 2167 ut
1571 2127 1641 2168 ex
1684 2125 1751 2167 eo
1792 2107 2141 2179 potissimum

551 2216 686 2288 quid
734 2212 1058 2268 Theodorus
1119 2203 1540 2276 interpretando
1590 2210 1648 2258 et
1706 2197 2140 2288 philosophando

554 2287 758 2378 posset,
803 2305 1116 2373 appareret,
1152 2296 1319 2365 idque
1360 2308 1469 2349 non
1507 2291 1820 2357 miraberis,
1872 2290 1921 2344 si
1951 2287 2141 2358 quanti

554 2410 670 2455 tum
732 2396 971 2452 Genesin
1037 2390 1270 2447 fecerint
1326 2402 1393 2442 ac
1433 2401 1597 2457 quam
1654 2383 1823 2441 multa
1860 2398 1926 2439 ex
1966 2397 2030 2439 ea
2059 2397 2144 2438 re-

555 2490 807 2562 petierint
857 2485 1028 2558 probe
1089 2479 1468 2553 perpenderis.
1526 2477 1634 2535 Pro
1689 2476 1908 2533 diverso
1956 2482 2138 2531 autem

520 2587 875 2654 Argumento
926 2575 1163 2633 Genesin
1194 2614 1209 2639 ,
1283 2572 1373 2627 cui
1422 2584 1693 2628 summam
1760 2567 2139 2623 auctoritatem

502 2666 507 2671 ”
555 2672 766 2738 tribuit,
796 2670 1014 2726 diverse
1053 2667 1450 2735 interpretatus
1489 2671 1595 2718 est.
1658 2659 1777 2729 Ipse
1823 2656 2045 2728 quidem
2084 2656 2141 2710 in

555 2768 624 2824 iis
660 2780 782 2837 quas
831 2762 898 2818 de
937 2758 1130 2819 mundi
1185 2758 1397 2829 origine
1437 2757 1614 2825 deque
1660 2751 1975 2807 hominibus
2004 2763 2143 2804 non-

555 2860 686 2915 dum
738 2853 1003 2926 dispersis
1056 2848 1398 2920 disputavit,
1462 2845 1746 2901 Geneseos
1812 2841 2143 2897 auctoritate

557 2951 657 3007 niti
689 2948 794 3004 sibi
816 2948 970 3004 visus
990 2953 1097 3009 est,
1120 2942 1396 3015 permulta
1421 2950 1605 2996 tamen
1632 2939 1703 2994 ab
1731 2951 1795 2993 ea
1825 2937 2003 2993 aliena
2022 2951 2144 3007 pro-

557 3043 701 3106 tulit,
733 3056 853 3112 quae
875 3054 985 3094 non
1015 3047 1124 3092 tam
1160 3052 1224 3091 ex
1247 3051 1313 3091 ea
1352 3034 1563 3098 elicuit,
1600 3046 1765 3103 quam
1801 3029 2024 3085 aliunde
2042 3043 2140 3085 ac-

557 3133 702 3203 cepit
728 3132 826 3204 (α).
853 3130 1176 3199 Quanquam
1212 3140 1337 3181 eum
1368 3123 1727 3193 verbisjusto
1751 3121 1927 3191 magis
1972 3119 2142 3175 iubat-

2240 600 2450 654 sionem
2486 599 2717 652 incurrit
2750 612 2813 651 ac
2837 595 3099 665 temporis
3131 594 3333 664 injuria
3368 594 3593 649 interiit.
3629 594 3846 665 Itaque

2238 707 2303 747 es
2334 690 2603 745 sententia
2653 690 2813 744 nobis
2844 688 3060 759 obtigit,
3108 684 3255 756 quod
3287 685 3529 741 Ioannes
3564 685 3853 755 Philopo-

2238 796 2344 836 nus
2384 781 2545 851 (Περὶ
2576 778 2950 848 κοσμοποίας
2995 778 3127 846 λόγ.
3169 777 3341 842 ἑπτά,
3387 776 3637 832 Galland.
3676 778 3840 831 Bibl.

2239 871 2355 937 XII,
2393 888 2446 943 p.
2480 871 2580 926 471
2619 886 2728 941 sq.,
2761 870 2855 941 qui
2889 870 3026 923 liber
3055 884 3163 923 non
3199 876 3326 924 ante
3359 883 3410 922 a.
3435 868 3540 922 610
3575 869 3841 936 scriptus

2136 1003 2143 1007 μ
2239 962 2346 1033 est)
2379 956 2734 1018 vehementer
2781 975 2915 1016 sane
2942 960 2998 1014 in
3038 958 3411 1023 Theodorum,
3441 959 3841 1012 inauditorum

2241 1061 2501 1117 satorem,
2554 1053 2803 1108 invectus
2843 1057 2949 1107 est.
2986 1050 3356 1119 Praeterquam
3390 1051 3536 1104 enim
3584 1050 3732 1120 quod
3757 1065 3843 1104 ex

2241 1145 2363 1215 ejus
2408 1145 2465 1198 in
2504 1142 2727 1198 δεηθείη
2765 1142 3165 1199 commentario
3203 1142 3467 1196 nonnulla
3522 1144 3838 1212 excerpsit,
3888 1131 3898 1138 ’

2241 1252 2557 1311 quanquam
2606 1251 2719 1291 non
2769 1236 2994 1307 ubique,
3047 1241 3110 1289 ut
3158 1234 3395 1300 videtur,
3447 1236 3513 1288 ad
3560 1235 3786 1290 verbum
3817 1272 3839 1298 ,

2242 1330 2400 1400 plura
2432 1327 2596 1382 etiam
2625 1326 2972 1390 memoravit,
2995 1339 3119 1395 quas
3158 1324 3226 1379 ad
3256 1324 3377 1393 ejus
3401 1323 3708 1379 doctrinam
3740 1323 3841 1378 fa-

2242 1418 2413 1475 ciant.
2438 1416 2523 1473 Cf.
2550 1432 2586 1481 ι,
2625 1415 2810 1487 l2(b);
2835 1413 3007 1479 11,21,
3038 1414 3354 1481 xxu,5;1x,
3390 1412 3476 1479 10,
3510 1413 3596 1469 11.
3636 1412 3841 1483 Neque

2242 1510 2335 1566 hic
2347 1508 2722 1581 praetereunda
2734 1506 2947 1563 Cosma:
2959 1506 3222 1575 lndicopl.
3233 1505 3602 1575 Topograpliia
3619 1503 3835 1560 Christ.

2242 1599 2493 1657 Galland.
2520 1598 2689 1665 Bibl.,
2723 1595 2817 1663 XI,
2837 1612 2892 1667 p.
2915 1596 3014 1651 401
3051 1612 3159 1666 sq.,
3185 1595 3390 1664 scripta
3407 1594 3576 1650 ferme
3615 1604 3738 1665 post
3773 1610 3831 1649 a.

2245 1694 2372 1762 555,
2403 1694 2469 1748 de
2501 1706 2608 1763 qua
2654 1705 2765 1744 non
2790 1691 2925 1745 satis
2954 1695 3104 1743 recte
3148 1686 3307 1741 Phot.
3357 1703 3407 1742 c.
3439 1687 3508 1742 36
3537 1688 3835 1757 judicavit.

2244 1784 2503 1841 Cosmam
2538 1781 2922 1837 Nestorianum
2948 1778 3120 1834 fuisse
3154 1787 3209 1833 et
3246 1778 3303 1832 in
3346 1777 3537 1833 multis
3568 1777 3836 1833 Theodo—

2172 1883 2216 1939 B
2242 1891 2363 1930 rum
2379 1865 2503 1930 esse
2523 1879 2774 1928 secutum
2796 1870 3007 1940 primus
3028 1877 3177 1925 recte
3204 1869 3516 1924 observavit
3551 1869 3621 1922 La
3649 1870 3838 1925 Croze

2240 1962 2925 2036 (Hist.duCItristiauisme
2967 1960 3057 2015 des
3093 1959 3275 2024 ludes,
3312 1960 3353 2025 I,
3386 1977 3442 2030 p.
3471 1951 3541 2016 40
3572 1964 3710 2030 sq.);
3741 1960 3836 2014 iiI—

2241 2071 2349 2128 que
2382 2054 2557 2126 magis
2609 2053 2679 2109 iis
2732 2052 2985 2106 ﬁrmatur
3025 2067 3148 2123 quae
3189 2050 3399 2107 Semler
3439 2052 3610 2128 (lim.
3635 2053 3831 2109 ecclcs.

2243 2146 2437 2200 selecta
2473 2145 2651 2213 capita
2678 2144 2720 2210 Ι,
2746 2159 2802 2215 p.
2832 2144 2932 2199 421
2966 2145 3076 2215 sq.)
3108 2159 3171 2199 ex
3211 2143 3577 2215 Topographia
3606 2145 3695 2198 illa
3727 2161 3837 2197 ex-

2243 2239 2469 2309 cerpsit,
2499 2250 2815 2307 quanquam
2840 2237 3158 2292 accuratius
3206 2237 3369 2292 etiam
3401 2235 3588 2290 doceri
3621 2245 3831 2306 potest.

2245 2330 2351 2386 Sed
2380 2344 2505 2385 cum
2534 2328 2860 2386 Theodorus
2888 2337 2942 2384 et
2966 2328 3216 2394 Cosmas,
3243 2327 3346 2383 etsi
3378 2328 3630 2382 doctrina
3657 2329 3838 2383 simil-

2243 2421 2380 2486 limi,
2405 2420 2701 2475 dissimiles
2729 2426 2915 2474 tamen
2934 2425 3122 2475 essent
3156 2425 3420 2488 tempore,
3458 2418 3640 2473 indole
3663 2427 3837 2489 atque

2242 2513 2572 2576 eruditione,
2624 2526 2780 2582 aeque
2816 2526 2951 2567 sane
2993 2511 3297 2582 jucundum
3337 2520 3501 2583 atque
3552 2512 3691 2566 .utile
3742 2521 3837 2568 est

2244 2612 2542 2674 utrumque
2600 2603 2745 2658 inter
2795 2617 2855 2657 se
2904 2617 3256 2672 componere,
3285 2603 3434 2673 quod
3464 2603 3645 2658 alieno
3678 2619 3838 2658 certe

2242 2696 2366 2751 loco
2386 2695 2477 2749 hic
2503 2693 2766 2749 facerem.
2800 2692 2871 2749 Ut
2929 2701 3091 2751 caute
3138 2702 3319 2751 tamen
3358 2696 3507 2750 illam
3560 2695 3839 2766 Topogra-

2241 2788 2444 2859 phiam,
2477 2802 2599 2869 quas
2639 2785 2964 2842 Theodorea
3017 2788 3247 2858 aperiat.
3295 2788 3556 2844 adhibeas
3608 2802 3833 2843 moneo.

2243 2879 2515 2935 Caeterum
2542 2878 2864 2947 conjectura
2901 2878 3050 2934 haud
3090 2880 3432 2950 improbabili
3479 2880 3632 2935 dicas
3660 2878 3838 2934 .loan‘~

2243 2985 2370 3026 nem
2403 2968 2685 3040 Phil.,qui
2719 2968 2996 3025 Theodori
3025 2970 3263 3027 asseclas
3291 2971 3493 3042 saepius
3531 2971 3730 3044 carpit,
3759 2968 3837 3025 ad

2241 3060 2501 3118 Cosmam
2531 3064 2695 3119 etiam
2733 3064 3067 3134 respexisse.

558 3233 724 3289 reret,
762 3226 879 3294 ipse
935 3221 1101 3275 etiam
1160 3216 1334 3273 multa
1378 3216 1515 3271 mira
1560 3230 1626 3271 ex
1661 3228 1727 3270 ea
1751 3212 1916 3269 eruit.
1946 3211 2213 3292 Magnac
2317 3217 2647 3290 Priusquam
2703 3219 2817 3291 jam
2873 3221 3251 3277 commentarii
3314 3220 3461 3278 illius
3524 3222 3835 3294 fragmenta

560 3326 741 3372 autem
764 3314 984 3369 licentia
1001 3310 1286 3367 historiam
1302 3308 1492 3379 lapsus
1512 3306 1819 3379 primorum
1854 3304 2139 3360 hominum

561 3414 881 3479 persecutus
905 3412 991 3459 est
1019 3410 1182 3473 atque
1211 3402 1300 3455 hic
1321 3401 1597 3471 praecipue
1614 3412 1814 3452 vanum
1848 3394 1983 3451 illud
2019 3402 2142 3451 stu-

561 3502 710 3559 dium
740 3497 1000 3560 ceruitur,
1033 3511 1143 3566 quo
1163 3493 1328 3549 dubia
1349 3500 1404 3549 et
1430 3493 1589 3562 plane
1607 3492 1820 3545 incerta
1839 3488 1978 3545 mire
2008 3502 2144 3543 con-

563 3592 818 3665 iectando
858 3590 1171 3645 certissima
1224 3584 1484 3642 reddidit.
1541 3583 1712 3639 Multo
1756 3582 1976 3639 brevior
2022 3588 2145 3637 erat

563 3686 787 3740 alterius
843 3681 1119 3737 Geneseos
1176 3680 1349 3751 partis
1411 3676 1810 3746 interpretatio,
1870 3673 2143 3744 inprimis

564 3789 787 3851 propter
827 3785 987 3848 typos
1038 3772 1429 3830 memorabilis.
1463 3770 1600 3843 Typi
1647 3780 1860 3838 autem,
1897 3784 2038 3841 quos
2087 3770 2145 3824 in

565 3871 847 3943 prophetis
892 3868 1063 3924 certis
1112 3865 1443 3938 quibusdam
1483 3866 1610 3921 licet
1636 3864 2027 3920 remotioribus
2054 3878 2147 3918 ra-

560 3964 809 4021 tionibus
842 3962 1132 4025 nitidicas,
1167 3961 1257 4015 hic
1277 3959 1495 4028 quidem
1526 3959 1643 4015 fere
1668 3975 1696 4012 a
1722 3958 1841 4013 solo
1875 3958 2148 4029 interpre-

563 4056 641 4112 tis
662 4053 890 4109 arbitrio
919 4050 1313 4123 pependerunt.
1340 4050 1483 4117 Quid
1514 4048 1721 4104 multa?
1752 4046 1844 4104 Ille
1865 4062 2147 4103 commcn-

571 4145 770 4212 tarius,
808 4144 864 4200 in
891 4160 1001 4215 quo
1051 4141 1375 4200 Theodorus
1422 4142 1566 4198 haud
1612 4155 1737 4197 raro
1769 4139 1839 4195 de
1862 4139 1952 4193 via
1976 4139 2148 4194 eccle-

567 4237 794 4297 siastica
850 4234 1166 4302 declinavit,
1210 4233 1385 4291 nostri
1444 4233 1683 4290 indolem
1731 4238 1791 4287 et
1829 4229 2139 4285 doctrinam

2248 3326 2373 3383 qure
2427 3321 2726 3383 supersunt
2774 3328 3125 3379 recenseam,
3182 3314 3250 3371 de
3304 3314 3565 3382 Catenis,
3629 3318 3837 3387 quibus

2250 3406 2490 3462 maxime
2519 3407 2892 3472 continentur,
2924 3420 3097 3477 pauca
3149 3408 3547 3478 praemittenda.
3584 3410 3833 3475 Quarum

2250 3499 2393 3555 mira
2419 3506 2504 3555 est
2532 3497 2769 3555 Camena
2796 3517 2844 3555 s.
2879 3500 3167 3570 explicatio
3210 3501 3448 3555 locorum
3492 3502 3581 3572 qui
3611 3503 3663 3556 in
3694 3502 3833 3556 Pen-

2249 3590 2494 3647 tateucho
2528 3590 2953 3646 subobscuriores
2988 3601 3289 3655 occurrunt,
3322 3607 3387 3646 ea:
3422 3593 3655 3661 antiquis
3680 3589 3832 3646 Grie-

2250 3699 2436 3738 corum
2468 3683 2721 3754 theologis
2766 3683 3100 3755 deprompta.
3144 3682 3230 3736 Ea:
3273 3685 3461 3754 quibus
3486 3683 3832 3750 quorumdam

2238 3775 2499 3831 hactenus
2545 3774 2680 3828 nihil
2716 3785 2795 3829 est
2844 3776 2901 3829 in
2956 3775 3127 3829 lucem
3179 3775 3383 3829 editum
3426 3791 3444 3829 :
3489 3773 3690 3829 Franc.
3726 3773 3830 3829 Ze-

2241 3868 2413 3938 phyro
2456 3864 2772 3922 Florentino
2801 3868 3105 3936 interprete.
3138 3867 3275 3923 Item
3301 3866 3538 3923 Catheua
3572 3868 3829 3936 explana-

2240 3958 2449 4013 tionum
2482 3966 2607 4012 vett.
2649 3975 2694 4013 s.
2733 3957 2958 4013 Patrum
2996 3960 3052 4013 in
3091 3960 3271 4015 omnia
3319 3969 3428 4014 tam
3471 3959 3530 4015 V.
3564 3976 3722 4031 quam
3752 3958 3823 4013 N.

2248 4049 2388 4105 Test.
2443 4051 2654 4105 cantica
2680 4065 2698 4104 :
2727 4051 2794 4105 ab
2831 4052 3066 4107 Antonio
3094 4051 3300 4122 Carafa
3343 4070 3372 4108 e
3402 4052 3583 4108 Graeco
3614 4055 3669 4109 in
3701 4052 3824 4109 Lat.

2254 4153 2550 4193 sermonem
2600 4155 2851 4195 conversa
2904 4142 2998 4212 (ο).
3056 4141 3247 4198 Colon.
3304 4145 3527 4215 Agripp.
3561 4144 3719 4209 I572,
3770 4144 3821 4200 8.

2250 4228 2534 4301 Zephyrus
2579 4232 2699 4303 ipse
2744 4234 3054 4303 proﬁtetur,
3088 4234 3237 4291 sein
3284 4237 3650 4294 translatione
3689 4250 3822 4292 con-

568 4414 743 4470 tarios
771 4412 1087 4487 exaruisse
1124 4414 1378 4487 Opinatus
1402 4416 1508 4487 es_t,
1545 4408 1773 4487 aliqum
1798 4407 2139 4487 philosophi-

2250 4424 2347 4487 κεν
2393 4408 2693 4487 ρδιάϐολος
2716 4412 2997 4487 τάγματι,Δ
3017 4415 3177 4487 εἴπερ
3211 4412 3319 4484 ἄρα
3352 4415 3447 4487 ua).
3480 4415 3706 4481 ταύτας,
3733 4416 3826 4487 καὶ

568 4500 695 4541 cum
745 4484 815 4538 ab
876 4477 1178 4547 Ebediesu;
1207 4481 1392 4545 Phot.,
1448 4478 1606 4534 Joan.
1648 4477 1880 4533 Philfet
1928 4483 1983 4535 in
2017 4477 2139 4535 Act.

550 4569 726 4619 conc.
748 4553 941 4612 Const.
975 4562 1359 4613 memoratum,
1392 4552 1620 4605 alterum
1651 4550 2015 4621 exegeticum,
2046 4550 2142 4620 qui

568 4627 638 4694 ad
677 4625 919 4694 reliquos
966 4625 1129 4679 etiam
1160 4620 1515 4694 Pentateuchi
1560 4621 1730 4675 libros
1761 4622 2138 4694 pertinuisset.

552 4692 754 4765 'Neque
778 4691 955 4759 enim,
979 4696 1027 4749 si
1069 4695 1161 4750 ille
1201 4693 1268 4748 ad
1304 4691 1538 4765 amplius
1583 4705 1722 4765 opus
1765 4691 2140 4765 pertinuisset,

612 4759 807 4817 rimam
833 4772 1042 4817 tantum
1071 4771 1280 4833 partem
1311 4762 1369 4833 in
1398 4759 1636 4833 Genesiu
1670 4762 2042 4833 conscriptam
2075 4760 2143 4812 ab

612 4781 807 4817 runam
833 4781 1042 4817 tantum
1071 4781 1280 4833 partem
1313 4781 1369 4814 ιιι
1398 4781 1636 4813 uenesut
1670 4781 2042 4830 conscriptam
2075 4781 2143 4812 an

569 4781 843 4890 gbediesu
870 4842 1223 4888 memoratam
1255 4830 1445 4884 fuisse.
1470 4828 1637 4893 Quasi
1659 4843 1789 4881 vero
1819 4827 2143 4885 Theodorus

572 4905 818 4972 singulos
862 4903 1214 4959 Peutateuchi
1247 4901 1556 4972 librosnon
1593 4897 1825 4972 singulis
1860 4911 2144 4972 commen-

572 4966 728 5028 tariis
766 4976 1016 5043 persequi
1052 4973 1317 5044 petuisset
1348 4971 1362 5044 ξ
1407 4966 1515 5022 Sed
1542 4981 1650 5044 non
1677 4966 1816 5044 male
1842 4967 2144 5035 conjiceres

570 5043 720 5099 illam
767 5036 1069 5114 ἓρμηνὲίαιξ
1118 5042 1217 5112 τῆς
1260 5038 1515 5114 Κτίσεως-
1550 5036 2146 5114 tiberioretit_eainqtte

569 5104 1006 5186 philosophieam
1035 5104 1462 5186 dispit‘tat‘ipnem
1486 5104 1554 5160 de
1569 5104 1837 5186 prioribus
1864 5104 2141 5186 Geneseos

570 5176 843 5254 capitibus
882 5184 1074 5243 fuisse.
1108 5176 1214 5236 nisi
1253 5177 1520 5233 Ebediesu
1572 5177 1809 5231 maxime
1838 5176 2001 5232 verba
2034 5176 2142 5230 im-

570 5256 884 5324 pedimento
910 5260 1131 5324 essent.

643 5323 721 5395 (τι)
762 5323 854 5378 Sic
903 5323 1229 5395 Theodorus
1272 5318 1434 5395 etiam
1499 5315 1671 5395 mensi
1712 5314 1890 5395 7N_i_s_an
1953 5316 2143 5371 mundi

569 5385 902 5449 creationem
931 5390 1247 5461 assignavit,
1278 5389 1423 5461 quod
1443 5405 1509 5443 ex
1545 5386 1614 5440 iis
1646 5386 2143 5461 intelligitur,_qum

558 5465 639 5519 'de
663 5465 766 5517 hac
814 5456 1089 5531 Ephraeuii
1124 5456 1400 5531 sententia
1443 5457 1723 5526 congessit
1753 5456 1891 5513 Cass.
1924 5473 1953 5512 a
1994 5456 2143 5513 Len-

570 5533 733 5604 gerke
771 5531 811 5604 Ι.
850 5529 885 5604 1⁷.
911 5529 1093 5604 p.20,
1114 5529 1205 5584 21.

644 5602 719 5670 (b)
760 5601 879 5671 Qui
911 5602 1073 5671 hujus
1098 5614 1227 5671 cap.
1269 5600 1422 5656 locus
1462 5599 1752 5658 admodum
1783 5599 1958 5671 __t0t‘sit
1984 5598 2144 5671 Cote~

572 5668 781 5743 Ieriumi
810 5668 1036 5743 (Eccles.
1081 5668 1248 5743 Grata.
1291 5687 1546 5737 manuum,
1578 5672 1665 5740 Ill,
1694 5689 1748 5743 p.
1781 5668 1905 5743 571)
1935 5669 2006 5743 ita
2040 5668 2138 5743 ha:

572 5740 664 5822 bet
693 5759 705 5792 :
736 5737 864 5822 ιςσι
984 5742 1394 5822 σονυπξστη-σαν
1445 5743 1493 5794 οί
1536 5737 1754 5822 ᾶγγὲὶῖοι
1795 5738 1873 5822 είῷ
1907 5737 2138 5822 τούρανῴ

573 5760 705 5797 Det:
744 5760 851 5792 nat
886 5760 933 5815 ει
984 5760 1393 5811 συνυπεστησαν
1445 5760 1493 5794 οι
1536 5760 1571 5795 α
1609 5760 1754 5812 vetor.
1795 5760 1873 5807 τῳ
1922 5760 2134 5822 cupatva

573 5810 668 5883 atati
700 5813 763 5883 τῇ
798 5813 881 5883 γῇ
907 5812 1217 5881 θαυμαστὸν
1247 5814 1296 5864 εί
1320 5810 1498 5865 πέντε
1529 5760 1692 5883 ulva;
1713 5810 1851 5883 (cati.
1879 5804 2035 5883 εἶπεν
2053 5824 2134 5863 τε.

576 5877 903 5952 (Σοιείῖσοιξί.
937 5877 1126 5938 εἰτὲεῖν,
1162 5887 1215 5947 ς’
1236 5884 1273 5952 ')
1306 5877 1604 5952 ήμέραςὶν
1633 5877 1854 5959 τῷίδὶῳ
1895 5878 2138 5949 μεμένη-

2246 4481 2329 4557 είς
2356 4479 2458 4557 τὴν
2480 4479 2749 4557 τοσᾳύήην
2779 4479 2940 4551 elidi);
2968 4479 3090 4557 ἅμα
3111 4479 3470 4557 τῷᾲγὲνέσθᾳι
3500 4479 3699 4557 κακίαν
3734 4486 3826 4541 καὶ

2244 4538 2338 4604 an
2364 4538 2462 4626 gap
2512 4538 2805 4626 ἀνθρὼθέοιι
2822 4538 3033 4626 satis;
3062 4538 3393 4626 ἀτειξιλίσθεν.
3420 4538 3825 4623 utalia";

2246 4636 2346 4676 nes
2376 4621 2726 4697 Theodorum
2752 4621 2978 4696 refutat)
3006 4642 3018 4679 :
3048 4642 3070 4697 ε
3102 4623 3170 4697 Si
3185 4625 3301 4697 (tua
3329 4627 3622 4697 sententia)
3649 4621 3823 4695 angeli

2214 4706 2355 4767 .una
2408 4706 2532 4767 cum
2566 4695 2709 4750 caelo
2752 4702 2808 4767 et
2846 4692 2995 4749 terra
3046 4692 3369 4767 laeti'snnt,
3417 4692 3636 4758 mirum,
3682 4692 3824 4767 quod

2247 4761 2635 4834 diabolusgper
2677 4763 2921 4834 quinque
2965 4770 3174 4834 tantum
3217 4766 3336 4821 dies
3380 4767 3436 4820 in
3486 4782 3589 4820 suo
3636 4761 3825 4823 ordine

2248 4832 2550 4906 permansit
2582 4832 2845 4906 _(statuit'
2872 4835 3015 4889 enim
3056 4832 3378 4906 Theodorus
3400 4874 3413 4899 ,
3460 4838 3822 4906 protoplastos

2242 4906 2405 4983 sesto
2447 4900 2536 4955 die
2578 4900 2937 4983 lac_tos,_post_
2964 4920 3057 4959 sex
3094 4905 3256 4983 horas
3288 4905 3405 4983 ips_a
3445 4900 3674 4960 meridie
3701 4921 3822 4983 cum

2247 4974 2483 5050 primum
2529 4974 2805 5050 esurirent
2842 4974 3101 5050 seductos
3150 4975 3500 5050 ticus__edi_sse
3544 4991 3621 5050 ac_
3640 4978 3822 5050 tribus

2242 5039 2561 5114 hpris1post
2578 5042 2841 5114 paradiso
2870 5045 3057 5114 pulsus
3079 5059 3220 5099 esse.
3260 5044 3342 5097 Cl".
3384 5044 3546 5100 Joan.
3593 5046 3731 5100 Phil.
3782 5059 3818 5109 ι,

2374 5107 2507 5191 Mar.
2546 5107 2799 5193 Merc.__c.
2832 5107 2883 5179 1ζ
2916 5130 2970 5184 p.
2994 5115 3214 5193 794),“5i
3250 5114 3695 5193 nimirumetiam
3723 5107 3821 5169 bos

2248 5180 2475 5249 (dieshin
2512 5196 2612 5236 suo
2640 5183 2834 5239 ordine
2878 5180 3111 5239 mansit.
3134 5184 3261 5239 llaec
3293 5180 3431 5241 bene
3465 5185 3669 5249 addita,
3697 5200 3820 5240 nam

2246 5250 2315 5304 de
2366 5247 2637 5307 Theodori
2689 5258 2962 5325 sententia
3019 5254 3270 5310 diabolus
3326 5256 3439 5325 jam
3507 5247 3818 5310 anteidiem

2247 5329 2463 5401 sextum
2509 5324 2756 5393 peccavit
2782 5324 3019 5393 ideoque
3044 5325 3098 5377 in
3132 5324 3337 5379 terram
3367 5326 3612 5395 dejectus
3642 5328 3745 5448 est)
3767 5332 3820 5378 et

2247 5397 2431 5445 statim
2471 5404 2593 5448 nost
2629 5401 2813 5447 ortum
2860 5393 2916 5447 in
2948 5400 3156 5446 tantam
3191 5396 3485 5448 neuuitiam
3536 5403 3591 5448 et
3626 5396 3678 5448 in
3743 5410 3818 5448 io-

2246 5393 2445 5463 statim
2471 5404 2593 5462 post
2629 5401 2813 5447 ortum
2860 5393 2916 5447 in
2948 5400 3156 5446 tantam
3191 5393 3485 5463 nequitiam
3536 5403 3591 5450 et
3626 5396 3678 5449 in
3726 5393 3791 5449 lio

2244 5460 2412 5583 ginis
2434 5460 2694 5583 invidiam
2728 5465 2914 5533 (quant
2943 5474 3131 5518 contra
3162 5460 3435 5521 hominem
3474 5466 3671 5533 alebat)
3698 5480 3818 5535 pro-

2304 5545 2431 5583 nsus
2463 5547 2522 5583 es
2554 5573 2566 5583 .
2610 5552 2629 5583 ι

2268 5543 2431 5600 apsus
2463 5542 2566 5588 est.
2610 5552 2629 5584 ι

2316 5600 2388 5670 (c)
2431 5600 2557 5657 Haec
2591 5604 2643 5657 in
2679 5602 2903 5657 Cantica
2938 5612 3128 5659 catena
3171 5605 3479 5659 accuratior
3506 5612 3561 5659 et
3609 5606 3816 5660 auctior

2245 5667 2435 5743 ὀι
2468 5672 2586 5743 Lat.
2633 5673 2833 5743 legitur
2861 5674 2913 5727 in
2961 5674 3189 5729 Corder.
3235 5675 3354 5729 Cat.
3385 5677 3437 5728 in
3476 5674 3594 5740 Ps.,
3629 5675 3718 5739 ΙΙΙ,
3764 5692 3811 5733 0.

2248 5740 2354 5794 855
2390 5755 2473 5815 sq.
2505 5742 2620 5795 Alia
2662 5740 3039 5815 tantummodo
3066 5756 3214 5809 sunt,
3243 5761 3366 5815 qua:
3413 5745 3480 5799 ad
3528 5745 3678 5815 gmw
3707 5760 3814 5814 prea-

2248 5823 2341 5885 ςςεε
2393 5812 2662 5881 leguntur.
2711 5810 2857 5885 Nihil
2888 5815 2957 5885 in
2995 5830 3058 5870 ea
3118 5810 3297 5869 inveni
3335 5816 3483 5885 quod
3533 5810 3813 5871 Theodoro

2248 5877 2636 5950 Mopsuesteno
2672 5882 3029 5953 probabiliter
3057 5885 3345 5941 tribueres.
