4104 6518
313 458 386 513 ιδ
1096 460 1185 514 DE
1226 458 1579 517 τιιΕοῡοιιι
1622 457 1854 515 MOPSU
1866 458 1919 513 El

2024 460 2115 512 ΞΜ
2158 458 2322 515 YlTA
2363 457 2453 513 ΕΤ
2495 456 2832 513 ΞΟΙΗΡἸῚΞ.
3546 456 3617 512 46

311 571 518 643 παρὰ)
552 587 700 634 τινος
731 569 1025 634 λαλοῦντος
1054 572 1334 644 ὑπήκουον
1361 600 1522 627 -.—-
1561 572 1703 627 Abd.
1737 571 1919 636 12—”,

2035 573 2195 637 ratio,
2224 587 2326 627 cur
2357 571 2517 627 effata
2549 571 2715 627 modo
2752 570 2820 625 ad
2873 584 2959 626 res
2986 568 3301 626 Judaiorum
3333 568 3614 641 Assyrias.

308 664 386 716 Τὸ
417 663 501 734 μὴ
539 662 726 734 (codd.
759 662 885 733 μὲν)
918 663 1107 735 ὲπίδῃς
1137 664 1260 717 ἀντὶ
1299 663 1393 718 τοῦ
1436 664 1525 719 ἵνα
1556 663 1631 736 μὴ
1682 661 1919 734 ὲφησθῇς

2031 661 2195 716 modo
2247 662 2313 716 ad
2353 662 2751 734 Babylonicas,
2786 660 2949 715 modo
3000 659 3066 714 ad
3101 659 3482 715 Machabaicas
3531 674 3617 713 re-

306 750 470 819 λέγει
501 780 677 805 —-.—-
706 749 833 805 Jon.
894 768 949 823 p.
988 751 1093 805 154
1120 791 1134 815 ,
1172 753 1260 806 διὰ
1306 761 1432 824 post
1473 752 1573 826 τὴν
1627 751 1919 825 παράδοξον

2030 755 2236 810 tulerit.
2270 753 2379 825 Ipsi
2419 756 2474 808 in
2508 754 2608 809 has
2661 753 2851 810 illasvc
2897 753 3174 824 propheta:
3213 754 3381 807 verba
3420 753 3618 808 melius

305 843 528 914 ταύτην
578 842 848 915 ἐργασίαν
894 860 1082 899 errore
1122 853 1313 899 natum
1355 845 1669 901 delendum.
1704 842 1923 899 —Jon.
2029 845 2304 916 quadrare
2337 845 2684 901 videbantur.
2717 844 2824 900 Sed
2886 845 3153 914 quidquid
3204 844 3252 898 ci
3310 844 3615 908 videbatur,

308 952 350 993 ι.
379 935 442 1001 2,
477 934 610 990 fort.
646 936 751 1007 leg.
787 965 860 975 —
894 935 927 1006 ῆ
960 937 1035 1007 μὴ
1062 935 1525 1006 μεταϐαλομένοις
1548 937 1730 1009 (codd.
1763 955 1919 1009 μετα-

2031 936 2083 991 id
2114 937 2171 991 in
2204 944 2354 991 tanta
2383 936 2853 1009 interpretationis
2878 936 3097 990 licentia
3123 951 3188 990 ex
3212 935 3394 989 vcrbis
3422 949 3617 989 eruere

308 1027 685 1100 ϐαλομένους)
705 1058 877 1082 —.—
897 1028 1026 1084 Jon.
1062 1044 1101 1091 ι,
1128 1029 1182 1093 5,
1217 1029 1294 1093 ὡς
1320 1028 1487 1083 αὐτοῦ
1527 1029 1602 1099 μὴ
1651 1029 1837 1097 (codd.
1865 1027 1928 1082 τό

305 1119 415 1191 γε)
446 1119 848 1189 ἐπιφαίνεσθαι
895 1122 954 1175 ἐν
1007 1122 1100 1189 (ἐν
1140 1121 1195 1176 in
1244 1120 1407 1176 codd.
1444 1121 1619 1192 deest)
1653 1122 1764 1185 τοῖς
1813 1106 1930 1174 ἐκεῖ

304 1211 509 1274 τόποις
546 1211 687 1282 μηδὲ
731 1241 803 1251 —
836 1212 1194 1283 ἀνεχομένου.
1226 1241 1297 1252 --
1331 1210 1500 1266 Mich.
1555 1227 1645 1277 tv,
1678 1212 1780 1278 15,
1830 1210 1927 1282 τὴν

304 1299 604 1354 ἀπώλειαν
643 1300 819 1370 λογιεῖ
873 1299 895 1373 (
917 1301 1042 1355 cod.
1096 1300 1220 1356 Vat.
1262 1300 1419 1373 λογιῇ
1452 1343 1467 1367 ,
1523 1302 1649 1358 cod.
1683 1299 1922 1355 Vindob.

303 1390 621 1459 ἀναλογιεῖ.
662 1391 739 1444 De
762 1390 961 1463 Wegn.
994 1391 1096 1462 legi
1132 1392 1342 1444 mavult
1366 1389 1676 1458 ἀναλογιεῖς
1700 1389 1765 1461 (?)
1793 1391 1810 1457 )
1848 1388 1927 1459 τῷ

303 1482 434 1555 Θεῷ
460 1513 639 1538 -—.—-
670 1481 812 1538 Nah.
842 1499 904 1549 Il,
934 1482 989 1549 8,
1012 1482 1415 1555 -διήλλαττεν
1451 1482 1642 1554 (codd.
1673 1482 1926 1553 διήλλατ-

301 1576 436 1648 τον)
473 1606 649 1628 —.—
670 1574 810 1630 Nah.
850 1592 932 1639 in,
978 1575 1069 1639 I5,
1133 1575 1275 1629 Ἀλλ’
1304 1574 1455 1628 οὐδὲν
1491 1572 1644 1627 ἔσται
1680 1590 1762 1626 σοι
1790 1574 1927 1644 πρὶος

304 1668 602 1739 σωτηρίαν
633 1668 937 1740 μηχάνημα
967 1668 1114 1733 τότε,
1143 1666 1455 1721 τούναντίον
1484 1665 1583 1736 μὲν
1608 1659 1702 1719 οὖν
1736 1664 1927 1737 ὥσπερ

303 1758 387 1821 εἷς
413 1775 548 1809 τινα
573 1758 749 1827 πηλὸν
778 1756 999 1831 ἐμπέσῃ
1030 1756 1092 1810 τὸ
1136 1756 1368 1828 μέγεθος
1396 1755 1505 1810 τῶν
1536 1756 1741 1821 κακῶν,
1770 1755 1919 1825 δίκην

2029 1782 2164 1838 pora
2210 1763 2565 1820 Macbabaica
2624 1764 2941 1819 acciderent
3000 1764 3348 1834 portendisse
3403 1760 3616 1823 statuit.

304 1850 544 1920 ἀχύρων
592 1851 652 1902 ὲν
686 1850 904 1918 ποιήσει
949 1850 1189 1903 πλίνθων
1224 1847 1697 1919 συμπατουμένων
1741 1864 1802 1899 τε
1832 1845 1919 1899 καὶ

2030 1857 2265 1926 quodam
2297 1864 2481 1910 tamen
2509 1855 2727 1910 vinculo
2755 1855 3149 1925 prophetarum
3177 1855 3339 1910 eﬂ‘ata
3374 1869 3498 1908 cum
3528 1868 3620 1908 re-

307 1941 864 2011 συναναφυρομένων
897 1939 977 2011 τῷ
1016 1939 1175 2010 πηλῷ
1216 1940 1398 2010 (codd.
1436 1939 1729 2009 ὲμποιὴσει
1774 1937 1919 1990 πλίν-

2028 1947 2133 2003 bus
2158 1946 2492 2003 Christianis
2548 1946 2921 2007 conSociavit,
2969 1960 3093 1999 cum
3131 1945 3253 1999 aliis
3289 1943 3618 2009 rationibus,

306 2034 406 2086 θον
432 2031 904 2103 συμπατούμενόν
935 2049 995 2085 τε
1019 2031 1115 2084 καὶ
1144 2030 1659 2102 συναναφυρόμενον
1675 2031 1738 2101 (l)
1764 2047 1813 2083 τ.
1836 2028 1919 2102 π.)

2029 2045 2143 2089 ιιιιη
2184 2050 2251 2090 eo
2302 2043 2611 2090 commotus
2637 2076 2649 2099 ,
2681 2035 2825 2107 quod
2881 2038 3001 2093 loca
3039 2033 3104 2088 V.
3137 2034 3202 2088 Τ.
3249 2034 3303 2088 in
3334 2032 3402 2088 N.
3435 2032 3502 2087 ad
3532 2048 3622 2088 res

305 2123 368 2176 ὲν
390 2123 580 2177 ἅπασι
610 2124 729 2186 τοῖς
748 2123 868 2176 τότε
893 2122 1200 2193 φυρόμενος
1224 2123 1408 2192 (eodd.
1437 2123 1786 2196 φυρομένοις)
1815 2140 1919 2178 και

2026 2124 2372 2181 Christianas
2408 2126 2766 2181 referrentur.
2794 2125 2971 2193 Atque
3004 2124 3317 2194 huiusmodi
3372 2124 3490 2177 loca
3526 2123 3619 2179 ubi

307 2216 435 2277 κοῖς
479 2214 582 2267 καὶ
606 2215 792 2277 αὐτός.
824 2214 892 2270 II.
925 2230 977 2270 e.
1011 2232 1029 2266 ι
1056 2212 1444 2269 Verumtamen
1483 2221 1599 2269 tum
1630 2216 1779 2269 nulla
1825 2216 1923 2270 tibi
2029 2218 2424 2288 interpretatur
2447 2259 2461 2282 ,
2516 2216 2629 2271 fere
2674 2217 2898 2272 uberius
2951 2217 3176 2286 caponit
3211 2216 3338 2284 qui!
3367 2217 3434 2269 de
3465 2214 3525 2269 V.
3552 2214 3617 2270 Τ.

308 2308 421 2359 erit
453 2305 664 2361 salutis
698 2306 1058 2371 machinatio,
1085 2307 1193 2361 imo
1229 2307 1395 2362 veluti
1428 2308 1481 2361 in
1507 2308 1682 2361 lutum
1714 2306 1924 2363 incides
2028 2312 2231 2368 sentiat
2256 2319 2311 2367 et
2343 2327 2465 2381 quae
2504 2310 2701 2365 horum
2736 2311 3005 2375 locorum,
3046 2324 3167 2379 qua:
3196 2308 3371 2378 primo
3396 2307 3617 2378 quidem

310 2400 368 2452 in
394 2399 679 2453 malorum
718 2398 1151 2469 magnitudinem
1180 2407 1236 2455 et
1267 2400 1547 2470 palearum
1580 2400 1780 2465 instar,
1804 2416 1927 2470 qua:
2029 2406 2167 2460 alias
2195 2420 2282 2460 res
2315 2404 2528 2458 futuras
2557 2402 2921 2467 iudicassent,
2953 2403 3096 2456 ratio
3123 2418 3248 2457 cum
3287 2401 3447 2457 rebus
3462 2401 3623 2458 Chri-

309 2504 442 2543 cum
473 2490 681 2545 lateres
706 2489 1100 2555 coniiciuntur,
1131 2492 1534 2546 conculcanlur
1557 2500 1613 2548 et
1636 2495 1751 2548 luto
1778 2510 1927 2549 com-
2030 2497 2225 2552 stianis
2257 2496 2351 2563 sit,
2384 2504 2639 2568 typorum
2672 2510 2774 2566 ope
2805 2496 3084 2567 explanat.
3118 2525 3189 2535 -—
3224 2495 3384 2550 Clare
3418 2501 3472 2549 ct
3499 2509 3624 2564 per-

310 2584 666 2646 miscentur,
716 2583 976 2640 omnibus
1008 2584 1154 2640 illius
1184 2585 1451 2656 temporis
1506 2587 1668 2642 malis
1718 2596 1772 2642 ct
1808 2587 1928 2658 ipse
2030 2587 2218 2657 Spicue
2243 2601 2369 2641 cum
2399 2586 2641 2642 scribere
2670 2586 2850 2651 vellet,
2871 2586 3092 2640 easdem
3117 2585 3422 2641 sententias
3449 2585 3616 2640 etiam

311 2673 838 2728 COIltllliSCebeI'lS.)
875 2704 943 2714 -—
979 2673 1184 2730 Habac.
1224 2692 1287 2740 ιι,
1318 2676 1374 2742 4,
1407 2677 1571 2730 Ὥστε
1618 2677 1801 2749 (codd.
1827 2679 1925 2751 ὡς)
2028 2688 2193 2751 atque
2225 2681 2390 2735 etiam
2424 2678 2661 2750 repetiit,
2685 2686 2739 2732 et
2768 2676 3008 2746 periodis
3036 2693 3171 2734 usus
3202 2687 3288 2732 est
3310 2693 3450 2749 quas
3473 2691 3617 2747 aegre

311 2767 363 2819 εἰ
385 2765 485 2819 καί
519 2782 611 2829 τις
637 2765 893 2838 ὀκνήσειε
916 2795 1083 2821 -.--
1110 2767 1246 2823 Hal).
1278 2784 1340 2835 tt,
1371 2769 1461 2834 15,
1509 2771 1602 2823 τὸν
1646 2764 1789 2824 οἶνον
1832 2773 1919 2825 καὶ

2032 2774 2211 2846 primo
2239 2772 2437 2827 obtutu
2464 2769 2793 2840 perspicias.
2833 2768 2911 2823 Ita
2938 2769 3116 2842 stylus
3145 2771 3411 2825 verbosus
3433 2808 3448 2831 .
3477 2769 3620 2824 sale-

312 2858 378 2913 τὸ
399 2860 587 2913 πίνειν
626 2859 795 2913 αὐτὸν
834 2862 928 2914 ἐπὶ
967 2860 1070 2932 τῆς
1115 2861 1407 2932 συμφορᾶς
1446 2862 1629 2928 (codd.
1657 2862 1756 2925 τὰς
1789 2880 1919 2933 συμ-

2030 2869 2231 2922 1ιι·οειιε
2276 2873 2331 2920 et
2390 2863 2666 2918 obscurus
2719 2861 2992 2918 redditus.
3024 2860 3083 2916 In
3141 2861 3384 2933 periodis
3436 2870 3620 2916 autem

318 2954 519 3026 φορὰς)
545 2952 721 3022 λέγει.
758 2984 827 2995 -
857 2953 1025 3008 Zach.
1055 2972 1094 3019 ι,
1129 2953 1182 3017 7,
1220 2953 1332 3007 τῶν
1374 2955 1472 3025 μὲν
1509 2955 1693 3009 ἵππων
1714 2956 1919 3026 δηλούν⁴

2029 2954 2433 3013 constituendis
2496 2956 2789 3028 verbisque
2854 2954 3125 3026 eligendis
3187 2970 3249 3010 ca
3307 2954 3621 3011 constantia

316 3059 447 3097 των
476 3043 583 3115 τὴν
630 3043 911 3115 ταχύτητα
967 3044 1070 3116 τῆς
1108 3046 1486 3116 λειτουργίας,
1543 3046 1681 3101 ἀλλὰ
1724 3047 1781 3100 δὲ
1816 3048 1919 3102 τῶν

2029 3056 2281 3105 versatus
2313 3056 2418 3113 est,
2454 3063 2618 3119 quam
2655 3048 2748 3103 vix
2797 3048 2852 3102 in
2885 3048 2996 3103 ullo
3049 3047 3159 3103 alio
3211 3048 3482 3119 scriptore
3528 3048 3626 3103 de-

318 3136 553 3207 πυρρῶν
583 3137 661 3205 (c.
706 3135 831 3191 Vat.
862 3136 1012 3192 ἄλλοι
1043 3137 1099 3191 δὲ
1132 3139 1342 3210 πυρρὸν
1367 3137 1432 3208 (⁸2)
1454 3179 1468 3201 ,
1502 3154 1552 3194 c.
1601 3138 1759 3194 Vind.
1790 3140 1919 3196 ἀλλὰ

2031 3139 2361 3214 prehendas.
2389 3139 2659 3195 Caeterum
2697 3137 2876 3194 oratio
2899 3135 3091 3193 Graeca
3122 3138 3432 3195 laudabilis.

314 3228 636 3302 ὣπυρρὸν)
674 3229 768 3281 τὸν
812 3228 1007 3298 θυμὸν,
1049 3228 1108 3283 ὃν
1149 3230 1310 3283 κατά.
1336 3262 1407 3271 -
1433 3229 1599 3284 Zat‘h.
1636 3246 1711 3295 lx,
1749 3231 1804 3299 9,
1839 3233 1919 3298 10,

315 3320 564 3374 τοιοῦτον
591 3323 712 3374 ἐστι
752 3321 931 3374 καὶτὸ
959 3321 1110 3374 παρὰ
1139 3322 1210 3374 (τ.
1239 3338 1299 3373 π.
1335 3323 1594 3374 omittunt
1616 3322 1803 3374 codd.)
1846 3324 1919 3374 τῶ

2033 3277 2096 3333 ι).
2125 3275 2513 3332 Commentarii
2535 3275 2591 3330 in
2623 3273 2842 3358 Jobum,
2877 3274 3231 3331 Ecclesiasten
3262 3285 3311 3331 et
3338 3276 3622 3332 Canticum

479 3324 564 3374 τόν
591 3323 712 3374 ἐστι
752 3322 931 3374 καὶτὸ
959 3322 1110 3392 παρὰ
1139 3322 1210 3392 (τ.
1239 3338 1299 3373 π.
1335 3323 1594 3375 omittunt
1616 3322 1803 3392 codd.)
1846 3324 1919 3396 τῷ

2650 3322 3001 3402 canticorum.

321 3431 375 3483 μ.
422 3417 484 3467 Δ.
532 3414 645 3468 Sed
679 3412 820 3469 Joel.
874 3429 956 3477 Ill,
1008 3413 1212 3482 16-18,
1262 3415 1426 3470 verba
1472 3415 1529 3469 al
1579 3416 1826 3470 εἰωθυῖαι
1855 3446 1927 3458 --

317 3479 554 3578 δωρεαί,
610 3505 839 3561 lectoris
895 3479 1207 3575 cujusdam
1236 3504 1782 3576 interpretamentum
1807 3545 1822 3570 ,
1869 3506 1926 3562 in
2039 3572 2070 3578 _
2102 3481 2378 3537 Τδθοδοτί
2412 3479 3123 3578 ίηλορθξηδ-θοωπηῗηίτίτίί
3154 3479 3271 3578 (cf:
3292 3485 3420 3578 βεί-
3458 3499 3618 3539 00'“?-

320 3571 529 3653 textum
572 3600 718 3653 male
750 3571 1025 3653 invasisse
1064 3598 1343 3668 suSpicor.
1383 3571 1397 3576 ⁷
2030 3572 2315 3668 σοπδίολη]
2344 3589 2419 3639 ¹νθ
2461 3572 2649 3668 (ἤδη
2673 3591 2688 3641 ἶ
2715 3571 2909 3668 9’0""
2948 3574 2989 3629 Ῐο
3014 3590 3088 3639 θον
3123 3591 3173 3643 P-
3210 3575 3337 3668 €590»
3373 3596 3471 3668 σῖ
3498 3592 3624 3647 qua

388 3683 466 3740 De
487 3683 881 3739 commentarii
918 3684 1121 3747 indole,
1164 3664 1326 3736 laude
1357 3693 1412 3738 et
1436 3681 1584 3738 vitiis
1604 3683 1812 3739 multus
1843 3693 1919 3739 est

2032 3681 2170 3722 vane
2199 3666 2502 3721 elaboravit
2530 3696 2600 3707 --
2628 3665 2685 3721 in
2725 3664 2920 3720 librum
2966 3675 3158 3721 contra
3204 3665 3373 3727 Joh,»
3427 3666 3618 3726 Ebedi.

318 3774 457 3843 Aug.
497 3772 680 3827 Maius
712 3772 750 3825 l.
780 3772 844 3836 l.,
881 3772 1071 3836 Praef,
1103 3790 1159 3844 p.
1186 3788 1257 3828 xv
1285 3789 1404 3844 sq.;
1455 3787 1557 3844 ego
1590 3774 1784 3845 paucis
1827 3775 1919 3829 ab-

2028 3759 2067 3814 I.
2095 3774 2170 3825 c.,
2225 3775 2279 3829 p.
2326 3760 2389 3815 ’51
2422 3776 2434 3813 :
2473 3778 2492 3812 ι
2522 3788 2590 3800 —-
2630 3757 2732 3815 Job
2763 3759 2981 3815 duobus
3024 3758 3188 3815 tomis
3239 3759 3305 3813 ad
3356 3760 3619 3832 Cyrillum

322 3866 549 3922 solvam.
577 3866 735 3922 Solet
755 3864 1085 3922 Theodorus
1115 3867 1230 3935 ubi,
1252 3882 1361 3938 quo
1383 3874 1631 3938 tempore
1657 3867 1925 3939 propheta
2029 3849 2325 3907 Alexandr-
2351 3869 2398 3909 ι’
2443 3849 2638 3907 dum“)
2670 3866 2738 3906 ³η
2761 3892 2776 3915 ο
2825 3850 3075 3921 exceptis
3113 3850 3182 3905 iis
3219 3866 3341 3921 (ὶυῖθ
3393 3852 3447 3906 in
3494 3851 3619 3907 Αειι

322 3959 657 4015 vaticinatus
683 3959 780 4023 sit,
820 3974 961 4028 quas
990 3974 1080 4014 res
1117 3959 1453 4029 praedixerit,
1484 3968 1539 4013 et
1568 3973 1678 4028 qua
1708 3959 1919 4016 ratione

2029 3959 2191 3999 conc.
2225 3942 2416 3999 Const.
2454 3944 2582 4008 ",1.
2621 3944 2654 3999 l.
2692 3944 2984 4015 leguntur,
3019 3944 3188 3998 multa
3228 3951 3444 3999 artatem
3480 3945 3621 4000 tule-

322 4051 437 4120 eius
488 4050 659 4108 eﬂ'ata
709 4066 838 4105 cuin
890 4051 1059 4106 rebus
1120 4048 1455 4105 Christianis
1513 4050 1919 4106 continerentur

2029 4039 2161 4092 rint.
2190 4034 2527 4092 Memoratur
2567 4044 2750 4092 tamen
2782 4033 3108 4092 Theodorus
3147 4035 3201 4089 in
3241 4034 3363 4090 Cat.
3399 4035 3621 4091 ineditis

322 4141 518 4203 dicere,
550 4142 881 4212 pleramque
906 4140 1023 4210 ipsa
1065 4141 1343 4211 prophetae
1373 4140 1537 4195 verba
1570 4156 1635 4195 ex
1670 4138 1811 4194 Lxx
1846 4142 1930 4196 in.
2030 4127 2173 4183 inter
2193 4127 2594 4198 explicatores;
2621 4126 2695 4182 cf.
2728 4135 2840 4183 cat.
2869 4126 3050 4183 Valle.
3081 4126 3349 4182 vetustior
3376 4133 3430 4181 et
3476 4143 3622 4198 quae-

322 4236 721 4304 terpretaﬁone
750 4237 828 4304 (α)
860 4232 1059 4289 aﬂ'erre
1093 4248 1266 4303 eaque
1292 4233 1593 4303 explicare.
1624 4233 1762 4289 Cum
1791 4249 1926 4290 vero
2028 4219 2154 4275 dam
2195 4221 2364 4275 altera
2425 4220 2701 4276 recentior
2723 4261 2737 4284 ,
2771 4220 2895 4276 Cttd.
2933 4218 2952 4273 Ι
2981 4218 3254 4274 Vincentii
3286 4217 3498 4273 Pinelli.
3529 4217 3618 4275 Cf.

319 4327 609 4382 sententis
651 4326 950 4381 verborum
995 4325 1349 4380 enucleanda:
1382 4326 1620 4381 maxime
1663 4336 1810 4382 esset
1841 4328 1919 4381 in-

2028 4311 2315 4368 Possevini
2349 4310 2613 4380 Apparet.
2665 4328 2713 4366 δ.
2768 4308 2831 4374 ll,
2869 4326 2925 4380 p.
2969 4308 3099 4373 269,
3130 4309 3270 4376 270;
3314 4308 3437 4365 Cat.
3490 4309 3615 4363 cod.

320 4424 540 4480 tentus,
595 4417 774 4470 missa
811 4412 1168 4486 ἀκριϐολογίᾳ
1218 4414 1285 4469 de
1318 4415 1482 4470 rebus
1527 4429 1650 4483 quae
1680 4414 1818 4487 πρὸς
1865 4416 1919 4470 τὸ

2027 4403 2149 4459 XXI
2186 4405 2320 4460 bibl.
2351 4403 2520 4459 Marc.
2563 4401 2758 4459 Venet.
2788 4420 2801 4467 ;
2840 4402 2916 4457 cf.
2949 4402 3157 4457 lllorell.
3187 4403 3226 4456 1.
3249 4404 3308 4467 1.,
3346 4401 3385 4467 I,
3418 4418 3470 4472 p.
3505 4401 3619 4470 38;
3704 4470 3710 4477 ἣ

319 4507 495 4580 νόημα
536 4507 681 4563 nihil
709 4506 978 4570 facerent,
1012 4521 1067 4560 v.
1095 4520 1145 4559 c.
1175 4504 1245 4560 de
1268 4504 1501 4560 urbibus
1536 4504 1772 4574 ignotis,
1804 4520 1927 4576 qua;
2027 4495 2149 4549 Cat.
2182 4493 2304 4549 cod.
2339 4492 2549 4549 CXCIV
2580 4494 2712 4548 bibl.
2740 4492 2909 4547 Coisl.
2943 4508 2957 4558 ;
2992 4494 3065 4547 cf.
3099 4492 3287 4547 Montf.
3320 4493 3387 4547 Β.
3424 4490 3618 4558 σοὶδΙ.,

318 4612 372 4656 et
395 4601 488 4657 ubi
520 4601 768 4657 fuissent
802 4597 923 4670 (cf,
955 4598 1078 4653 Am.
1132 4614 1209 4661 τοι,
1240 4598 1296 4660 9,
1330 4596 1438 4663 10;
1490 4612 1542 4666 ρ,
1586 4596 1716 4662 227,
1752 4613 1829 4663 ιι,
1869 4596 1921 4659 7,
1957 4654 1996 4670 _
2026 4601 2081 4657 p.
2110 4585 2253 4652 247;
2282 4584 2403 4640 Cat.
2435 4585 2558 4640 cod.
2592 4582 2779 4639 XXVII
2811 4584 2943 4638 bibl.
2967 4583 3107 4641 Med.
3144 4583 3309 4641 Laur.
3334 4601 3348 4651 ;
3376 4584 3449 4640 cf.
3478 4583 3619 4641 Ban-

320 4654 459 4767 alti,
476 4654 766 4751 interdum
806 4654 1213 4765 ‘prophetarurn
1244 4654 1383 4761 quas
1422 4654 1652 4760 putabat
1700 4654 1924 4746 genie";
1957 4654 2000 4709 θ
2028 4654 2146 4734 diu.
2184 4678 2222 4731 1.
2258 4677 2323 4741 ιο.
2364 4676 2406 4742 Ι.
2451 4693 2505 4749 ι).
2549 4677 2640 4732 52-
2672 4674 2775 4731 Sed
2816 4683 3011 4731 catena
3060 4676 3239 4746 primo
3275 4676 3396 4732 loco
3439 4678 3621 4747 posita

320 4785 419 4841 tias
442 4784 840 4841 tantummodo
864 4783 989 4838 aliis
1017 4782 1200 4837 verbis
1222 4779 1482 4843 reddidit,
1506 4780 1710 4851 srepius
1735 4787 1921 4834 tamen
2024 4771 2213 4827 eadem
2247 4768 2463 4824 videtur
2492 4785 2617 4825 esse
2651 4784 2818 4841 quam
2854 4770 2918 4824 A.
2949 4767 3125 4825 Maius
3150 4769 3270 4834 l.l.,
3309 4768 3349 4832 Ι,
3383 4785 3439 4841 p.
3477 4787 3616 4839 xxii,

319 4890 467 4930 suam
493 4874 1022 4945 interpretationem
1060 4873 1263 4944 lingua:
1290 4880 1351 4941 et
1381 4885 1567 4926 rerum
1609 4870 1925 4925 rationibus
2024 4877 2193 4917 unum
2226 4860 2500 4918 Theodori
2533 4862 2711 4916 locum
2747 4860 3114 4932 eumdemqne
3152 4877 3219 4916 ex
3265 4861 3388 4931 ejus
3412 4865 3468 4917 in
3507 4862 3617 4921 Za-

318 4969 473 5024 etiam
505 4970 731 5024 munire
753 4966 984 5034 studuit,
1016 4965 1293 5036 praecipue
1317 4979 1447 5020 vero
1483 4964 1757 5035 imagines
1774 4963 1921 5018 haud
2022 4954 2264 5009 chart'am
2295 4953 2694 5010 commentario
2722 4953 2951 5024 petitum
2989 4952 3274 5011 continere
3304 4955 3577 5027 perbibet.

2030 1047 2139 1085 non
2170 1030 2402 1086 arduum
2433 1041 2572 1086 erat.
2611 1030 2935 1099 Quanquam
2969 1029 3073 1083 hoc
3124 1028 3298 1097 magis
3334 1042 3362 1079 a
3388 1026 3617 1096 reliquis

2029 1118 2097 1178 γ.
2134 1121 2197 1177 Τ.
2235 1123 2630 1193 interpretibus
2677 1121 2884 1176 Graicis
2947 1119 3306 1175 commissum
3351 1132 3459 1172 non
3504 1126 3614 1170 tam

2032 1215 2325 1272 Theodoro
2354 1230 2518 1286 quam
2545 1213 2773 1283 tempori
2805 1228 2916 1283 quo
2947 1213 3083 1265 vixit
3109 1210 3238 1264 vitio
3270 1207 3615 1264 vertendum.

2034 1306 2222 1363 Voluit
2256 1308 2539 1362 licentiam
2579 1320 2835 1360 coercere
2858 1346 2873 1365 .
2906 1305 3000 1359 scd
3030 1319 3136 1358 non
3167 1303 3375 1373 potuit,
3407 1309 3461 1356 et
3486 1300 3615 1355 dum

2028 1397 2167 1453 alios
2194 1399 2318 1467 jure
2346 1397 2583 1452 licentiae
2616 1397 2938 1466 postularet,
2973 1396 3089 1464 ipse
3123 1396 3229 1449 alia
3286 1395 3502 1450 ratione
3549 1393 3616 1445 li-

2029 1490 2225 1544 rentia:
2252 1489 2443 1543 vitium
2468 1476 2732 1542 incurrit.
2764 1486 2868 1541 Sed
2899 1487 3331 1541 commentarius
3354 1485 3620 1540 doctrina:

2030 1582 2302 1639 Theodori
2344 1583 2552 1637 rectius
2582 1579 2983 1653 cognoscendae
3037 1580 3384 1650 aliquatenus
3439 1579 3621 1635 inser-

2028 1677 2126 1730 vit.
2160 1674 2272 1729 Etsi
2299 1674 2443 1728 enim
2472 1674 2768 1743 prOphetas
2796 1687 2917 1742 quae
2947 1671 3150 1726 Jutlzeis
3189 1686 3361 1741 usque
3392 1670 3459 1723 ad
3487 1676 3620 1724 tem-

318 5075 438 5117 raro
473 5071 629 5118 recte
675 5059 901 5130 quidem
957 5058 1237 5129 exposuit.
1269 5057 1520 5111 Aliorum
1557 5056 1918 5126 interpretum

318 5155 623 5210 sententias
652 5168 781 5209 raro
838 5151 1063 5216 attulit,
1095 5150 1279 5206 rarius
1309 5147 1589 5205 refutavit.
1633 5147 1916 5216 Quemad~

315 5244 535 5299 modum
567 5256 757 5299 autem
780 5244 1073 5314 permulta,
1110 5241 1314 5312 quibus
1341 5255 1472 5296 snas
1518 5238 1916 5310 explicationes

320 5330 573 5401 ﬁrmavit,
606 5333 972 5390 fundamento
992 5340 1206 5397 carent,
1233 5333 1324 5388 cui
1348 5341 1495 5387 recte
1518 5332 1677 5388 inniti
1710 5333 1914 5402 possis,

321 5426 387 5480 ita
434 5442 574 5499 vaga
626 5427 797 5482 etiam
851 5433 906 5482 et
962 5424 1019 5480 in
1084 5420 1361 5479 Theodori
1402 5422 1631 5476 arbitrio
1675 5421 1918 5477 sitaest

381 5591 455 5664 (ο)
486 5590 648 5646 Hanc
677 5586 1251 5664 versionemmaximi
1284 5584 1431 5664 fecit,
1460 5582 1745 5664 Syriacam
1773 5598 1908 5664 conf

316 5652 401 5734 ιξεὶ
425 5652 587 5719 flocci
624 5656 1105 5734 pependit._lllam
1141 5656 1293 5711 viros
1343 5652 1545 5734 linguae
1580 5652 1819 5734 Hebraeis
1854 5662 1910 5709 et

319 5725 645 5804 Scriptura-
696 5725 1081 5804 peritissimos
1140 5735 1194 5804 et
1261 5725 1510 5796 pontilici
1581 5725 1911 5804 populoque

318 5793 618 5860 Israelitico
645 5793 923 5871 probatos
942 5793 1514 5871 confecisse—eamque
1544 5793 1614 5871 a_b
1641 5793 1911 5871 ap_ostolis

322 5886 586 5946 receptam
621 5861 740 5946 iam
793 5861 1438 5946 in_Ecc_les_iaadhiberi-
1475 5863 1636 5937 (πῶς
1662 5861 1763 5946 οὖν
1810 5866 1910 5946 ουκ

557 5936 833 6016 νοῂίζειν,
847 5943 933 6016 ὅτι
954 5942 1014 6016 οἱ.
1033 5936 1555 6016 μὲν-Ἐὸρομήξιοντα
1574 5936 1914 6016 -τδιεαφάλ-

334 6007 463 6071 λοντό
494 6007 639 6090 περϊ
658 6007 833 6083 λέξιν,
858 6012 908 6067 οἳ
932 6007 1159 6079 καϊπρδ
1184 6008 1366 6078 πάσης
1393 6007 1690 6080 ἑρμηνείας
1716 6007 1913 6081 ᾔδεσαν

2096 5047 2374 5103 Theodori
2420 5046 2489 5102 de
2513 5046 2656 5103 libro
2685 5044 2808 5100 Jobi
2858 5036 3128 5100 sententia
3166 5047 3267 5117 (ν.
3305 5045 3500 5117 fragm.
3559 5048 3616 5103 in

2027 5139 2151 5195 Act.
2185 5153 2346 5193 conc.
2377 5135 2570 5194 Const.
2604 5153 2665 5204 ιι,
2693 5137 2729 5191 l.
2776 5138 2812 5192 l.
2850 5143 2906 5193 et
2936 5136 3132 5193 Leoni.
3168 5137 3204 5193 l.
3234 5152 3312 5204 c.,
3343 5153 3396 5209 p.
3439 5138 3545 5192 687
3572 5139 3615 5210 ).

2028 5247 2151 5304 quae
2188 5247 2322 5288 sane
2369 5230 2694 5287 orthodoxis
2722 5230 3069 5287 stomachum
3100 5245 3320 5287 movere
3359 5230 3617 5299 debebat,

2029 5327 2138 5382 huc
2164 5324 2327 5381 redit.
2350 5324 2526 5382 Jobus
2560 5339 2591 5378 a
2616 5323 2886 5394 scriptore
2922 5322 3046 5379 libri
3082 5322 3251 5394 probe
3293 5322 3617 5378 discernen-

2030 5418 2154 5473 dus.
2196 5414 2291 5473 Ille
2321 5417 2486 5471 homo
2513 5425 2632 5471 erat
2659 5414 2933 5473 barbarus
2961 5457 2977 5483 ,
3009 5412 3264 5470 Edomita
3300 5428 3535 5484 genere,
3562 5421 3618 5469 et

2011 5584 2229 5646 πάντως
2263 5581 2340 5652 τὸν
2368 5581 2425 5633 ἐν
2446 5581 2521 5652 τῇ
2555 5576 2677 5650 θείᾳ
2715 5576 2967 5652 κείμενον
2995 5576 3182 5649 Γραφῇ
3217 5607 3286 5652 -_—-
3311 5591 3326 5641 ;
3357 5591 3410 5644 p.
3438 5573 3546 5630 252
3573 5574 3615 5639 ),

2013 5654 2159 5709 hanc
2190 5645 2340 5708 vero
2362 5666 2393 5705 a
2441 5645 2581 5721 Siro
2612 5645 2851 5721 quodam
2883 5645 3074 5721 ignoto
3116 5645 3430 5721 profectam
3462 5660 3609 5721 esse.

2008 5722 2280 5779 Praeterea
2312 5715 2515 5792 sapius
2545 5715 2777 5792 (p.265)
2816 5719 2869 5772 in
2899 5715 3617 5792 Gaupaasobipoeokdyou;

2008 5795 2120 5848 τῶν
2167 5794 2356 5865 Σύρων
2391 5789 2455 5865 et
2494 5789 2907 5865 Eupraxodg‘ts
2945 5789 3039 5865 ml.

3092 5785 3354 5861 mace
3406 5785 3613 5855 μύθους

2012 5856 2311 5929 invehitur,
2338 5856 2649 5931 enjusmodi
2679 5858 3035 5931 verbis_l_iaiul
3063 5856 3230 5931 dubie
3254 5856 3608 5931 Ephraamum

2018 5938 2183 5992 etiam
2220 5925 2450 5994 mitavit.
2481 5932 2567 5987 Cl‘.
2600 5932 2826 5989 omnino
2874 5928 3075 5985 Ilabae.
3111 5946 3174 5993 ιι,
3210 5929 3265 5982 Il
3301 5925 3316 5997 ζ
3364 5925 3536 5997 Soph.
3569 5937 3610 5993 ι,

2021 6005 2157 6075 ιο6;
2191 6022 2272 6072 ιιι,
2316 6006 2368 6072 I,
2403 6007 2456 6060 εὶ.
