4104 6478
1734 224 1863 241 νων».
1895 230 1905 237 -
1928 236 1935 241 .
1948 236 2004 253 ι.-.

312 352 394 412 5‘5

1119 354 1212 414 DE
1244 351 1601 413 THEODORI
1638 350 2131 412 MOPSUESTENI
2167 355 2333 413 VITA
2359 356 2446 412 EI‘
2488 354 2822 413 SCRIPTIS.

2091 236 2210 250 ,νη-ο.

3546 361 3627 416 54·

311 466 521 521 ἀοι-ιιι.
555 460 830 523 Ebedicsu
863 473 1004 523 teste
1030 466 1068 522 1.
1102 482 1183 536 c.,
1224 484 1281 540 p.
1312 469 1406 537 32,
1444 468 1511 524 ad
1549 467 1811 530 Basiliam
1839 466 1921 539 (α)
1952 474 2000 531 Α
2028 470 2261 542 intelligi
2292 470 2550 541 conjec-it,
2592 471 2688 541 qui
2732 480 2787 525 et
2832 471 2916 524 vir
2947 470 3307 529 doctissimus
3344 476 3536 532 ruisset
3565 486 3620 530 et

312 556 579 629 scripsit,
609 573 778 613 unum
808 556 1009 630 fragm.
1038 559 1092 614 in
1123 559 1247 616 Act.
1283 559 1501 616 concilii
1530 557 1722 614 Const.
1758 572 1823 623 ιι,
1850 572 1927 624 tr,

313 650 389 705 16
437 652 555 724 (-
581 650 718 705 libro
749 652 952 721 primo.
986 650 1150 723 Vigil.
1183 652 1376 708 Const.
1417 651 1521 720 i7;
1563 650 1770 723 Pelagii
1801 664 1927 722 pap.

310 760 407 816 ep.
447 745 509 811 5,
540 744 614 799 ad
640 744 845 813 Etiam,
878 746 915 800 1.
953 762 1028 812 c.,
1063 761 1117 817 p.
1153 745 1282 812 429,
1311 744 1467 816 450),
1497 744 1567 802 de
1593 744 1716 800 Act.
1749 761 1811 811 ll,
1836 742 1929 809 58.

310 835 632 891 invenitur.
683 834 937 892 Meminit
973 836 1142 907 hujus
1181 837 1569 891 commentarii
1612 843 1669 891 et
1710 836 1933 906 exposi-

311 928 496 986 tionis
521 928 891 999 quarumdatn
934 930 1069 1001 Epp.
1109 928 1266 985 Pauli
1305 928 1663 985 Abulbarcat.
1712 928 1790 983 De
1818 927 1928 985 diu.

309 1020 483 1092 alia,
517 1036 571 1076 c.
607 1021 662 1075 7.
698 1019 784 1076 Cf.
818 1025 1039 1078 Assem.
1078 1022 1117 1077 l.
1148 1022 1213 1087 l.,
1249 1037 1305 1091 p.
1339 1021 1430 1078 50.

330 1178 345 1190 ⁸
386 1110 608 1168 Omnes
636 1110 795 1167 Pauli
829 1110 1191 1183 Epistolas'et
1228 1112 1532 1184 Epistolam
1564 1111 1633 1167 ad
1667 1111 1930 1169 Hebraeos

308 1221 349 1260 ι
378 1202 689 1261 Theodoro
716 1205 1025 1276 explicatas
1048 1220 1173 1262 esse
1205 1204 1326 1276 (Ep.
1360 1203 1429 1259 ad
1460 1202 1621 1259 Rom.
1654 1203 1723 1260 ad
1754 1203 1930 1261 Euse-

306 1297 503 1362 bium,
528 1297 672 1353 duas
699 1297 767 1354 ad
796 1296 929 1353 Cor.
958 1306 1157 1369 rogatu
1181 1296 1483 1361 Theodori,
1523 1296 1656 1367 Epp.
1689 1297 1756 1352 ad
1782 1296 1929 1363 Gal.,

308 1390 494 1461 Eph.,
546 1388 818 1462 Philipp,
870 1389 1093 1448 Coloss.
1149 1405 1267 1462 rog.
1319 1389 1612 1457 Eustratii,
1670 1389 1808 1460 Epp.
1861 1390 1930 1446 ad

306 1481 526 1539 Thess.
572 1498 697 1555 reg.
747 1482 961 1545 Jacobi,
1004 1481 1144 1555 Epp.
1170 1483 1236 1538 ad
1271 1480 1540 1544 Timotb.,
1583 1481 1650 1536 ad
1678 1481 1928 1548 Petrum,

306 1571 461 1645 Epp.
499 1574 571 1628 ad
615 1573 727 1629 Tit.
762 1581 818 1630 et
852 1572 1084 1647 Philem.
1124 1589 1243 1646 rog.
1282 1573 1496 1646 Cyrini,
1528 1573 1628 1646 Ep.
1658 1575 1725 1630 ad
1759 1573 1928 1631 Hebr.

306 1666 385 1719 ad
413 1664 741 1737 Cyrinum)
792 1664 1047 1736 perhibet
1089 1664 1362 1721 Ebediesu
1413 1665 1451 1719 l.
1482 1680 1561 1730 c.,
1612 1681 1665 1736 p.
1699 1665 1792 1730 52,
1830 1665 1924 1721 55.

306 1754 594 1813 Leontius
646 1757 687 1811 1.
742 1772 794 1812 c.
855 1754 1029 1827 (Mai.
1086 1756 1123 1812 1.
1173 1757 1235 1820 l.,
1278 1771 1357 1823 νι,
1398 1773 1452 1826 p.
1484 1755 1613 1827 299)
1658 1764 1932 1811 memerat

2036 563 2232 636 Syrus,
2259 571 2314 620 et
2359 571 2488 619 ante
2525 578 2613 618 an.
2653 561 2760 618 596
2805 564 3100 635 episcopus
3139 574 3194 620 et
3245 565 3618 637 Epistolarum

2033 656 2391 712 Paulinarum
2443 657 2741 726 interpres,
2786 656 2947 726 cujus
2996 657 3235 727 denique
3278 674 3479 716 nomen
3522 675 3619 717 cur

2031 749 2300 805 omissum
2335 756 2507 816 esset,
2538 748 2683 804 ratio
2719 748 3023 819 probabilis
3054 749 3205 806 reddi
3241 762 3449 821 posset.
3492 751 3617 807 Mihi

2033 839 2151 895 haec
2176 838 2514 908 conjectura,
2553 854 2675 909 quae
2703 840 2750 893 si
2787 853 2914 892 vera
2954 849 3101 894 esset
3134 842 3404 895 nonnulla
3441 840 3622 897 Theo-
3671 910 3679 917 .

2031 930 2152 986 dori
2187 931 2244 986 in
2275 930 2529 985 Eutbalio
2563 930 2854 1000 reperires,
2896 944 3002 984 non
3037 931 3178 987 satis
3209 922 3507 1001 probabilis
3540 933 3620 987 vi-

2032 1022 2233 1091 detur;
2298 1037 2411 1077 non
2470 1029 2652 1078 tamen
2698 1018 2899 1088 habeo,
2954 1036 3066 1091 quo
3111 1037 3228 1077 eam
3286 1023 3448 1093 plane
3496 1039 3622 1094 pro-

2034 1123 2299 1172 sternam.

2101 1206 2498 1263 Commentarii
2533 1207 2587 1261 in
2618 1204 2914 1276 Epistolam
2941 1206 3009 1258 ad
3040 1202 3311 1259 Romanos
3344 1205 3624 1274 fragmen~

2034 1305 2145 1351 tum
2173 1294 2242 1353 de
2272 1312 2311 1361 ι,
2339 1296 2395 1361 2,
2432 1296 2487 1361 5,
2519 1294 2725 1366 praebet
2753 1292 2882 1350 Fac.
2919 1310 2998 1358 Ill,
3036 1293 3104 1360 6;
3151 1295 3306 1364 plura
3336 1294 3392 1348 in
3427 1294 3625 1350 itinere

2033 1388 2223 1444 Italico
2247 1404 2313 1443 ex
2343 1386 2506 1442 codd.
2539 1393 2594 1441 et
2627 1385 2851 1441 Catenis
2898 1383 3074 1439 Vatic.
3121 1385 3413 1456 exscripsit
3453 1383 3519 1438 Ν.
3556 1383 3620 1439 C.
3695 1382 3700 1387 ’

2033 1479 2248 1537 Kallius
2294 1479 2370 1551 (ν.
2402 1478 2678 1534 Μυειιι.’1.
2711 1478 2775 1546 1.,
2812 1494 2865 1549 p.
2905 1477 3018 1548 78),
3048 1477 3319 1541 nondum,
3353 1484 3622 1548 quantum

2033 1571 2173 1639 scio,
2222 1571 2390 1628 edita.
2438 1570 2771 1642 Fragmenta
2823 1572 3074 1627 continet
3125 1570 3247 1624 Cat.
3301 1568 3449 1625 ined.
3498 1567 3625 1624 cod.

2036 1664 2272 1720 Vindob.
2308 1662 2494 1720 XLVI.
2530 1663 2617 1720 Cf.
2680 1663 2938 1718 Lambec.
2974 1663 3011 1718 l.
3038 1663 3098 1726 l.,
3129 1661 3218 1726 III,
3252 1678 3304 1732 p.
3339 1659 3463 1714 175.
3509 1659 3625 1714 A'ia

2033 1752 2220 1807 edidit.
2247 1752 2386 1822 Ang:
2415 1751 2589 1808 Maius
2622 1768 2679 1807 ιιι
2707 1751 2981 1822 Spicilegii
3016 1750 3244 1804 Romani
3279 1760 3412 1803 tom.
3451 1745 3542 1810 IV,
3567 1761 3625 1818 p.

305 1844 416 1917 τὴν
471 1825 1035 1919 παρεξήγησινήοῇιιε,
1085 1849 1153 1919 ἢν
1187 1849 1270 1911 είς
1452 1825 1602 1918 πρὸς
1641 1847 1928 1918 Ἐὂραίους

2036 1844 2157 1901 499.
2177 1844 2534 1901 Erratautem
2557 1843 2864 1912 Fabricius,
2888 1844 2983 1914 qui
3009 1843 3045 1899 l.
3070 1845 3133 1906 1.,
3158 1858 3212 1914 p.
3230 1842 3354 1901 359.
3379 1838 3627 1911 quaedam

320 1937 665 2010 Ἐπιστολὴν
709 1939 1009 2010 πεποίηται
1042 1938 1139 1993 καὶ
1182 1939 1291 2010 μὴν
1320 1938 1414 1992 καὶ
1455 1938 1535 2003 εἰς
1564 1940 1665 2010 τὴν
1694 1938 1758 2005 (ἲ)
1791 1938 1928 2009 πρὸς

307 2029 656 2102 Κορινθίους
699 2031 795 2086 καὶ
840 2029 1113 2095 Γαλάτας.
1148 2058 1219 2070 --
1260 2028 1400 2085 Cum
1433 2028 1821 2084 Tbeodoretus
1870 2027 1928 2082 in

308 2121 485 2178 Praef.
522 2123 580 2177 in
609 2120 767 2177 Pauli
791 2123 930 2194 Epp.
959 2122 1233 2178 scriberet
1266 2140 1278 2177 :
1311 2151 1382 2163 —-
1410 2120 1710 2184 Αὺθαδείας
1742 2136 1809 2191 με
1834 2137 1930 2173 τυ-

307 2210 411 2283 χὸν
432 2211 539 2266 καὶ
560 2211 907 2283 θρασύτητος
930 2210 1237 2283 γράφονται
1264 2209 1406 2282 μετὰ
1434 2209 1524 2264 τὸν
1550 2209 1698 2264 δεῖνα
1720 2210 1816 2263 καὶ
1837 2207 1928 2263 τὸν

307 2306 496 2370 δεῖνα,
534 2307 666 2372 τοὺς
692 2307 795 2378 τῆς
839 2306 1168 2378 οἰκουμένης
1199 2307 1517 2380 φωστῆρας,
1555 2307 1656 2377 τῆς
1698 2305 1931 2359 ἀποστο-

307 2397 482 2471 λικῆς
516 2400 824 2472 ἑρμηνείας
873 2400 1329 2473 κατατολμῶντα,
1370 2399 1521 2455 haud
1558 2400 1727 2456 dubie
1760 2401 1927 2456 etiam

311 2491 386 2548 ad
416 2489 783 2547 Theodorum
824 2493 1089 2561 respexit,
1122 2491 1220 2548 sed
1257 2506 1448 2547 errore
1491 2489 1792 2547 observant
1824 2488 1929 2544 Ca-

311 2601 456 2642 veus
485 2585 528 2640 l.
561 2585 629 2649 l.,
674 2601 731 2656 p.
760 2584 892 2649 248,
920 2593 976 2640 et
1029 2585 1249 2641 Assem.
1287 2585 1326 2640 l.
1377 2585 1441 2651 1.,
1488 2600 1544 2654 p.
1573 2583 1666 2649 52,
1700 2591 1930 2639 auctore

312 2676 680 2734 Theodoreto
705 2693 903 2734 omnes
931 2676 1090 2733 Pauli
1122 2677 1402 2748 Epistolas
1433 2692 1464 2731 a
1492 2675 1784 2732 Theodoro
1809 2675 1931 2731 fuse

310 2770 634 2839 explicatas
669 2784 816 2826 esse.
852 2798 925 2811 —-
968 2768 1296 2840 Fragmenta
1343 2777 1476 2824 sunt
1508 2768 1564 2822 in
1610 2767 1732 2824 Cat.
1778 2767 1926 2823 ined.

312 2862 447 2915 cod.
489 2858 677 2922 CCIV.
708 2869 783 2923 et,
833 2871 893 2915 ut
942 2859 1163 2915 videtur
1192 2858 1434 2925 XXVIII,
1468 2858 1639 2925 XXX,
1672 2858 1927 2915 bibliotb.

314 2952 499 3007 Coisl.
557 2950 643 3007 Ct.
681 2950 877 3007 Montf.
930 2950 1075 3006 Bibl.
1109 2951 1337 3007 Coislin.
1366 2967 1421 3023 p.
1450 2951 1579 3017 est,
1611 2951 1702 3015 85,
1733 2951 1823 3005 ει.
1858 2980 1930 2991 -

319 3043 644 3107 Euthalius,
679 3043 774 3114 qui
825 3059 957 3099 sazc.
1007 3060 1041 3099 ν
1074 3044 1256 3099 medio
1286 3043 1442 3111 vix-it,
1476 3058 1639 3114 quem
1696 3042 1913 3099 Patrem

316 3135 534 3198 verbis.
558 3134 683 3190 καθ’
708 3135 946 3206 ἑκάστην
971 3136 1249 3208 συντόμως
1283 3135 1603 3207 Ἐπιστολὴν
1641 3135 1754 3206 (τοῦ
1776 3135 1926 3190 Παύ-
1956 3167 1999 3225 c

313 3227 437 3298 λον)
470 3229 533 3282 ὲν
552 3229 667 3291 τοῖς
701 3226 832 3299 ἑξῆς
859 3226 1205 3299 προτάξομεν
1234 3226 1335 3298 τὴν
1369 3226 1478 3280 τῶν
1498 3226 1813 3297 κεφαλαίων
1840 3226 1932 3282 ἔκ·

316 3318 477 3372 θεσιν
508 3359 528 3384 ,
585 3317 826 3372 ἑνὶςτῶν
877 3318 1209 3387 σοψωτάτων
1248 3317 1357 3373 τινὶ
1414 3318 1510 3372 καὶ
1569 3317 1934 3388 φιλοχρίστων

318 3409 598 3482 Πατέρων
643 3408 807 3481 ἡμῶν
852 3409 1245 3482 πεπονημένην
1305 3408 1600 3480 (Galland.
1654 3409 1822 3476 Bibl.,
1862 3409 1933 3476 X,

319 3516 380 3571 p.
412 3500 573 3571 247)
624 3502 873 3558 innuerit
907 3503 1178 3557 nescitur.
1222 3502 1284 3558 Si
1328 3510 1499 3568 recte,
1553 3510 1614 3556 ut
1651 3501 1841 3566 credo,
1893 3501 1932 3555 l.

320 3609 381 3664 p.
421 3592 539 3648 250
587 3594 668 3648 illi
715 3594 864 3649 Patri
916 3594 1200 3659 tribuitur,
1248 3593 1501 3665 sequitur
1546 3592 1931 3649 tantummodo

319 3698 452 3740 eum
482 3699 581 3740 an.
627 3686 735 3741 596
777 3693 990 3742 textum
1030 3685 1407 3758 Epistolarum
1451 3684 1808 3740 Paulinarum
1844 3700 1937 3740 ca-

320 3776 525 3847 pitulis
546 3777 898 3833 distinxisse.
919 3774 1109 3847 Neque
1129 3777 1277 3832 enim
1299 3792 1370 3831 ex
1389 3777 1574 3833 verbis
1617 3805 1671 3816 --
1694 3774 1938 3848 ἐμαρτύ-

326 3883 501 3943 ρησεν
531 3899 604 3909 —
637 3867 853 3933 Παῦλος
886 3900 955 3910 —
983 3869 1214 3941 πέμπτῃ
1252 3867 1438 3941 ἡμέρᾳ
1484 3869 1635 3925 κατὰ
1665 3871 1935 3939 Συρομα-

324 3958 591 4026 κεδόνας
629 3963 909 4031 Πανέμου
932 3961 1148 4030 μηνὸς,
1175 3961 1298 4033 ἥτις
1331 3959 1544 4028 λέγοιτο
1580 3956 1648 4013 ἂν
1679 3957 1812 4030 παρ’
1841 3959 1939 4012 Aio

321 4051 587 4120 γυπτίοις
620 4053 809 4123 Ἐπιφὶ
836 4051 900 4117 ε’,
932 4053 1085 4125 παρά
1124 4053 1182 4107 δὲ
1225 4052 1521 4123 Ῥωμαίοις
1557 4053 1592 4122 ἡ
1634 4050 1740 4123 πρὸ
1767 4049 1939 4121 τριῶν

325 4142 637 4196 Καλανδῶν
677 4142 914 4197 Ἰουλίων
935 4172 1037 4208 -,
1065 4150 1127 4198 ιιι
1158 4142 1363 4199 Millius
1396 4141 1638 4214 (Proleg.
1663 4143 1721 4196 iu
1743 4140 1817 4196 N.
1847 4141 1935 4208 T.,

325 4251 388 4291 ιι.
426 4234 564 4305 906)
618 4247 774 4292 certo
809 4236 1200 4305 coneluserim,
1239 4238 1294 4294 in
1328 4237 1487 4310 Syria
1534 4254 1660 4293 eum
1694 4236 1936 4311 IEgypto

324 4327 517 4382 vicina
559 4328 793 4385 vixisse.
848 4328 957 4385 Sed
992 4330 1195 4386 Millius
1232 4331 1269 4387 l.
1309 4330 1373 4395 l.,
1416 4346 1476 4385 ιι.
1520 4330 1649 4397 906,
1675 4329 1803 4396 907,
1842 4331 1937 4387 illo

324 4417 384 4473 in
421 4418 626 4490 primis
672 4420 794 4475 loco
822 4420 983 4476 nisus
1008 4463 1023 4490 ,
1070 4422 1143 4478 ab
1183 4421 1437 4476 Euthalio
1485 4421 1934 4493 Mopsuestenum

400 4592 484 4668 (α)
546 4592 711 4668 Hunc
756 4594 1023 4668 Basilium
1048 4599 1369 4668 episcopum
1416 4596 1730 4668 Rapliaucze
1764 4596 1942 4652 fuisse

2028 1951 2093 1991 ex
2114 1935 2527 1992 commentariis
2558 1937 2613 1990 in
2641 1937 2737 2006 Ep.
2774 1936 2841 1991 ad
2873 1935 3061 2002 Rom.,
3109 1934 3165 1987 in
3216 1930 3233 1984 l
3268 1928 3336 1985 ad
3364 1928 3616 1985 Corinth.

2028 2037 2082 2083 et
2134 2026 2267 2082 lad
2331 2026 2571 2083 Timoth.
2631 2043 2660 2082 a
2715 2026 2912 2099 Vigilio
2973 2026 3154 2082 atl‘erri
3217 2023 3485 2096 perbibet.
3536 2018 3624 2077 Cf.

2030 2115 2192 2188 Vigil.
2228 2118 2419 2174 Const.
2448 2117 2538 2183 '55,
2570 2117 2661 2184 4‘2,
2692 2118 2783 2183 45,
2818 2127 2873 2174 et
2894 2119 3015 2173 Act.
3041 2130 3199 2172 conc.
3229 2113 3420 2170 Const.
3452 2127 3515 2177 ιι,
3546 2127 3623 2176 tv,

2028 2209 2120 2274 35,
2147 2210 2236 2264 42.

2105 2298 2286 2356 Unum
2326 2299 2695 2374 fragmentum
2726 2296 3110 2355 commentarii
3140 2298 3193 2352 in
3226 2296 3322 2367 Ep.
3353 2297 3424 2352 ad
3463 2298 3625 2353 Hebr.

2029 2394 2086 2449 in
2127 2394 2250 2450 Act.
2283 2410 2440 2450 conc.
2487 2394 2679 2449 Const.
2726 2410 2788 2458 ιι,
2845 2410 2921 2459 tv,
2969 2393 3041 2447 52
3089 2391 3277 2464 (Vigil.
3308 2392 3502 2450 Const.
3533 2395 3626 2456 5‘2,

2030 2486 2216 2559 Pelag.
2261 2504 2314 2558 p.
2362 2503 2449 2558 rp.
2496 2488 2551 2550 5,
2604 2486 2674 2541 ad
2713 2485 2892 2541 Etiam
2934 2485 2973 2541 1.
3014 2501 3091 2550 c.,
3127 2501 3181 2557 p.
3218 2485 3345 2557 450)
3402 2487 3627 2558 legitur.

2030 2578 2189 2646 Quod
2232 2578 2439 2633 ibidem
2491 2577 2561 2634 46
2612 2576 2759 2649 (Vig.
2795 2577 2899 2632 CP.
2939 2576 3031 2647 47)
3081 2592 3147 2632 ea:
3194 2577 3635 2647 interpretatione

2034 2671 2134 2741 Ep.
2188 2672 2259 2726 ad
2321 2670 2484 2727 Hebr.
2545 2670 2795 2738 ail‘ertur,
2847 2684 2916 2725 ex
2965 2668 3107 2724 libro
3159 2684 3237 2723 xu
3286 2667 3359 2723 De
3407 2667 3649 2732 Incam..

2031 2773 2311 2833 sumptum
2338 2769 2451 2818 est.
3525 2821 3538 2834 θ

2101 2854 2456 2910 Theodorum
2510 2851 2789 2923 Epistolas
2838 2858 3048 2922 septem
3101 2852 3406 2906 catholicas
3456 2851 3652 2906 inter-_

2030 2955 2304 3019 pretatum
2335 2961 2481 3011 esse,
2510 2944 2747 3001 Bandini
2777 2944 2815 2999 l.
2848 2943 2912 3005 l.,
2938 2943 3026 3008 111,
3056 2959 3110 3015 p.
3135 2942 3264 3009 585,
3289 2951 3373 2998 est
3402 2949 3457 2997 et
3487 2943 3624 3013 Aug.

2028 3038 2156 3094 Maii
2190 3038 2324 3101 1.1.,
2366 3037 2408 3104 Ι,
2452 3052 2507 3108 p.
2562 3051 2680 3100 XXI,
2725 3034 2936 3105 Opinio,
2974 3049 3097 3106 qute
3142 3034 3248 3088 hoc
3283 3047 3417 3095 uno,
3467 3031 3647 3085 nullo.

2032 3144 2165 3186 sane
2187 3129 2385 3183 nititur
2404 3135 2751 3197 argumento,
2775 3125 2923 3197 quod
2954 3126 3007 3180 in
3042 3125 3163 3180 Cat.
3187 3123 3313 3178 cod.
3343 3123 3408 3186 V,
3435 3122 3511 3194 pL
3538 3121 3642 3187 Vl,

2036 3221 2172 3278 bibl.
2218 3219 2384 3274 Laur.
2441 3217 2583 3273 Med.
2622 3218 2767 3272 inter
2810 3217 3179 3288 cxplicatores
3228 3215 3448 3269 illarum
3502 3213 3631 3285 Epi-

2037 3312 2306 3369 stolarum
2342 3317 2722 3366 mcmorautur
2752 3293 2857 3364 Tit.
2893 3308 3135 3374 Heracl.,
3185 3306 3287 3363 Th.
3331 3308 3529 3370 alter;
3551 3306 3629 3362 cf.

2041 3405 2209 3460 Band.
2249 3404 2288 3459 l.
2334 3405 2395 3470 l.,
2433 3400 2475 3470 Ι,
2524 3418 2579 3474 p.
2617 3402 2736 3457 102.
2798 3401 2940 3469 Quid
2995 3402 3141 3473 quod
3191 3401 3421 3459 Cosmas
3454 3400 3630 3457 Indic.

2039 3498 2074 3552 l.
2107 3497 2172 3561 l.,
2220 3511 2276 3567 p.
2324 3496 2453 3562 555,
2495 3525 2567 3535 —
2599 3494 2726 3549 οὔτε
2765 3490 2869 3559 εἷς,
2918 3494 3116 3566 inquit,
3163 3492 3345 3548 αὐτῶν
3389 3493 3640 3563 (πάντων.

2037 3588 2146 3642 τῶν
2195 3586 2768 3660 ὑπομνηματισάντων
2813 3588 2915 3651 τὰς
2967 3585 3117 3651 θείας
3155 3584 3423 3659 Γραφὰς)
3474 3585 3632 3656 λόγον

2039 3681 2335 3752 ἐποιήσατο
2375 3680 2487 3734 τῶν
2528 3678 2890 3733 Καθολικῶνῖ
2942 3679 3231 3735 Caeterum
3253 3694 3365 3733 non
3398 3677 3629 3734 dubium

2039 3773 2172 3843 quin
2202 3771 2528 3829 Theodorus
2565 3771 2611 3828 si
2643 3787 2752 3827 non
2781 3786 2974 3827 omnes
3001 3769 3278 3841 Epistolas
3306 3769 3628 3833 catholicas,

2039 3862 2255 3920 Leontii
2293 3862 2441 3919 enim
2482 3863 2671 3919 verbis
2713 3862 2875 3935 (Gali.
2899 3861 3043 3918 Bibl.
3075 3864 3112 3917 l.
3144 3878 3219 3928 c.,
3248 3879 3302 3934 p.
3334 3861 3485 3934 687),
3521 3880 3540 3914 ‹
3560 3863 3632 3916 ob

2037 3973 2203 4029 quam
2249 3971 2476 4013 causam
2525 3955 2642 4028 (sc.
2674 3955 2804 4027 quia
2837 3953 2957 4011 Jac.
2985 3972 3040 4020 ν,
3077 3955 3166 4022 11,
3200 3954 3463 4026 patientia
3506 3951 3630 4009 Jobi

2039 4048 2396 4121 celebratur),
2427 4054 2488 4103 ut
2518 4048 2779 4115 arbitror,
2808 4047 2984 4119 ipsam
3027 4046 3326 4117 Epistulam
3353 4045 3542 4102 Jacobi
3574 4054 3631 4100 rt

2040 4145 2182 4200 alias
2212 4142 2475 4214 deinceps
2526 4142 2762 4196 aliorum
2808 4140 3117 4196 catholicas
3148 4140 3376 4211 abrogat
3404 4145 3457 4195 et
3486 4140 3633 4193 anti~

2038 4246 2191 4308 quat,
2228 4253 2247 4289 ι
2286 4240 2439 4291 certo
2471 4234 2572 4289 niti
2604 4249 2715 4289 non
2753 4233 2899 4299 licet,
2924 4239 3163 4305 quatuor
3187 4241 3332 4287 certe
3354 4239 3413 4286 ut
3441 4229 3630 4286 Eccle-

2039 4330 2123 4387 sia
2173 4329 2513 4385 Autiochena
2572 4328 2684 4401 (cf.
2738 4328 2930 4386 Montt‘.
3002 4327 3142 4402 Opp.
3225 4328 3462 4399 Chrys...
3538 4323 3633 4390 VI,

2040 4438 2095 4494 p.
2126 4421 2252 4488 508,
2285 4420 2436 4494 309),
2463 4421 2745 4493 rejecerit.

2038 4595 2340 4652 sacerdotio
2375 4602 2797 4656 commemorari
2823 4639 2837 4665 ,
2882 4599 3346 4657 verisimillimum
3382 4608 3486 4655 est.
3538 4596 3628 4659 Cf.

322 4666 552 4743 credo,
598 4666 694 4743 qui
742 4666 960 4743 synodo
1008 4666 1778 4743 Constantinopolitanaean.
1824 4669 1924 4743 5:51
2042 4668 2231 4725 Montl‘.
2265 4669 2406 4742 Opp.
2442 4669 2756 4741 Cbrysost.,
2787 4673 2828 4738 Ι,
2860 4686 2913 4743 p.
2947 4671 3072 4728 561.

322 4736 695 4810 subscripsit,
724 4736 1096 4809 eamdemque
1136 4741 1193 4796 in
1230 4736 1611 4811 ChrySostomi
1653 4740 1813 4796 libris
1859 4738 1932 4793 Dc
