  <div class='ocr_page' id='page_1' title='image "/cluster/home/n/w/nwhite01/storage/ocr_20150623/66/coo.31924054869676/036.png"; bbox 0 0 4104 6466; ppageno 0'>
   <div class='ocr_carea' id='block_1_1' title="bbox 265 342 3592 408">
    <p class='ocr_par' dir='ltr' id='par_1_1' title="bbox 265 342 3592 408">
     <span class='ocr_line' id='line_1_1' title="bbox 265 342 3592 408; baseline 0.001 -7"><span class='ocrx_word' id='word_1_1' title='bbox 265 343 345 401; x_wconf 79' lang='lat'><strong>57</strong></span> <span class='ocrx_word' id='word_1_2' title='bbox 1082 346 1171 405; x_wconf 85' lang='lat' dir='ltr'><strong>DE</strong></span> <span class='ocrx_word' id='word_1_3' title='bbox 1200 344 1565 407; x_wconf 68' lang='grc' dir='ltr'><strong>ἸΗΕοοΜ</strong></span> <span class='ocrx_word' id='word_1_4' title='bbox 1586 345 2086 407; x_wconf 68' lang='lat' dir='ltr'><strong>MOPSUESTENI</strong></span> <span class='ocrx_word' id='word_1_5' title='bbox 2108 350 2274 408; x_wconf 78' lang='lat' dir='ltr'><strong>VITA</strong></span> <span class='ocrx_word' id='word_1_6' title='bbox 2296 348 2388 407; x_wconf 83' lang='lat' dir='ltr'><strong>ET</strong></span> <span class='ocrx_word' id='word_1_7' title='bbox 2425 347 2666 408; x_wconf 64' lang='lat' dir='ltr'><strong>SCRIP&#39;.</strong></span> <span class='ocrx_word' id='word_1_8' title='bbox 2683 346 2765 406; x_wconf 68' lang='grc' dir='ltr'><strong>ιε.</strong></span> <span class='ocrx_word' id='word_1_9' title='bbox 3519 342 3592 404; x_wconf 71' lang='lat'><strong>58</strong></span> 
     </span>
    </p>
   </div>
   <div class='ocr_carea' id='block_1_2' title="bbox 262 456 3593 540">
    <p class='ocr_par' dir='ltr' id='par_1_2' title="bbox 262 456 3593 540">
     <span class='ocr_line' id='line_1_2' title="bbox 262 456 3593 540; baseline 0.003 -28"><span class='ocrx_word' id='word_1_10' title='bbox 262 457 679 528; x_wconf 71' lang='lat' dir='ltr'><strong>Apollinarium</strong></span> <span class='ocrx_word' id='word_1_11' title='bbox 713 456 867 531; x_wconf 86' lang='lat' dir='ltr'><strong>(Fac.</strong></span> <span class='ocrx_word' id='word_1_12' title='bbox 894 476 979 530; x_wconf 90' lang='lat'><strong>111,</strong></span> <span class='ocrx_word' id='word_1_13' title='bbox 1002 461 1084 535; x_wconf 71' lang='lat'><strong>2),</strong></span> <span class='ocrx_word' id='word_1_14' title='bbox 1109 474 1361 536; x_wconf 89' lang='lat' dir='ltr'><strong>apparet,</strong></span> <span class='ocrx_word' id='word_1_15' title='bbox 1390 462 1740 523; x_wconf 83' lang='lat' dir='ltr'><strong>Theodorum</strong></span> <span class='ocrx_word' id='word_1_16' title='bbox 1763 473 1890 537; x_wconf 89' lang='lat' dir='ltr'><strong>post</strong></span> <span class='ocrx_word' id='word_1_17' title='bbox 1915 471 1962 528; x_wconf 85' lang='lat' dir='ltr'><strong>A</strong></span> <span class='ocrx_word' id='word_1_18' title='bbox 1992 482 2105 523; x_wconf 89' lang='lat' dir='ltr'><strong>non</strong></span> <span class='ocrx_word' id='word_1_19' title='bbox 2138 468 2308 524; x_wconf 89' lang='lat' dir='ltr'><strong>etiam</strong></span> <span class='ocrx_word' id='word_1_20' title='bbox 2348 468 2683 540; x_wconf 87' lang='lat' dir='ltr'><strong>Apollinarii</strong></span> <span class='ocrx_word' id='word_1_21' title='bbox 2714 481 2915 523; x_wconf 86' lang='lat' dir='ltr'><strong>vanam</strong></span> <span class='ocrx_word' id='word_1_22' title='bbox 2967 464 3458 538; x_wconf 68' lang='lat' dir='ltr'><strong>praesumptionem</strong></span> <span class='ocrx_word' id='word_1_23' title='bbox 3493 481 3593 538; x_wconf 88' lang='lat' dir='ltr'><strong>per</strong></span> 
     </span>
    </p>
   </div>
   <div class='ocr_carea' id='block_1_3' title="bbox 263 549 1889 627">
    <p class='ocr_par' dir='ltr' id='par_1_3' title="bbox 263 549 1889 627">
     <span class='ocr_line' id='line_1_3' title="bbox 263 549 1889 627; baseline 0.004 -24"><span class='ocrx_word' id='word_1_24' title='bbox 263 549 452 606; x_wconf 88' lang='lat' dir='ltr'><strong>libros</strong></span> <span class='ocrx_word' id='word_1_25' title='bbox 494 549 573 606; x_wconf 87' lang='lat' dir='ltr'><strong>De</strong></span> <span class='ocrx_word' id='word_1_26' title='bbox 597 552 978 609; x_wconf 72' lang='lat' dir='ltr'><strong>incarnatione</strong></span> <span class='ocrx_word' id='word_1_27' title='bbox 1008 555 1155 610; x_wconf 91' lang='lat' dir='ltr'><strong>intra</strong></span> <span class='ocrx_word' id='word_1_28' title='bbox 1190 572 1303 612; x_wconf 79' lang='lat' dir='ltr'><strong>xxx</strong></span> <span class='ocrx_word' id='word_1_29' title='bbox 1336 571 1517 614; x_wconf 88' lang='lat' dir='ltr'><strong>annos</strong></span> <span class='ocrx_word' id='word_1_30' title='bbox 1553 571 1730 627; x_wconf 79' lang='lat' dir='ltr'><strong>usque</strong></span> <span class='ocrx_word' id='word_1_31' title='bbox 1757 557 1889 611; x_wconf 90' lang='lat' dir='ltr'><strong>dum</strong></span> 
     </span>
    </p>
   </div>
   <div class='ocr_carea' id='block_1_4' title="bbox 262 641 1891 715">
    <p class='ocr_par' dir='ltr' id='par_1_4' title="bbox 262 641 1891 715">
     <span class='ocr_line' id='line_1_4' title="bbox 262 641 1891 715; baseline 0.004 -19"><span class='ocrx_word' id='word_1_32' title='bbox 262 641 337 697; x_wconf 86' lang='lat' dir='ltr'><strong>de</strong></span> <span class='ocrx_word' id='word_1_33' title='bbox 366 641 730 713; x_wconf 85' lang='lat' dir='ltr'><strong>Apollinario</strong></span> <span class='ocrx_word' id='word_1_34' title='bbox 767 646 1005 715; x_wconf 85' lang='lat' dir='ltr'><strong>ejusque</strong></span> <span class='ocrx_word' id='word_1_35' title='bbox 1037 647 1234 707; x_wconf 68' lang='lat' dir='ltr'><strong>haeresi</strong></span> <span class='ocrx_word' id='word_1_36' title='bbox 1278 649 1573 715; x_wconf 74' lang='lat' dir='ltr'><strong>scriberet,</strong></span> <span class='ocrx_word' id='word_1_37' title='bbox 1608 648 1794 704; x_wconf 89' lang='lat' dir='ltr'><strong>nullos</strong></span> <span class='ocrx_word' id='word_1_38' title='bbox 1820 648 1891 703; x_wconf 89' lang='lat' dir='ltr'><strong>li-</strong></span> 
     </span>
    </p>
   </div>
   <div class='ocr_carea' id='block_1_5' title="bbox 264 735 1893 809">
    <p class='ocr_par' dir='ltr' id='par_1_5' title="bbox 264 735 1893 809">
     <span class='ocr_line' id='line_1_5' title="bbox 264 735 1893 809; baseline 0.006 -21"><span class='ocrx_word' id='word_1_39' title='bbox 264 735 407 790; x_wconf 88' lang='lat' dir='ltr'><strong>bros</strong></span> <span class='ocrx_word' id='word_1_40' title='bbox 455 736 734 793; x_wconf 84' lang='lat' dir='ltr'><strong>adversus</strong></span> <span class='ocrx_word' id='word_1_41' title='bbox 782 738 1194 809; x_wconf 85' lang='lat' dir='ltr'><strong>Apollinarium</strong></span> <span class='ocrx_word' id='word_1_42' title='bbox 1229 739 1496 798; x_wconf 86' lang='lat' dir='ltr'><strong>edidisse.</strong></span> <span class='ocrx_word' id='word_1_43' title='bbox 1543 740 1690 809; x_wconf 85' lang='lat' dir='ltr'><strong>Quid</strong></span> <span class='ocrx_word' id='word_1_44' title='bbox 1719 741 1893 798; x_wconf 78' lang='lat' dir='ltr'><strong>vero?</strong></span> 
     </span>
    </p>
   </div>
   <div class='ocr_carea' id='block_1_6' title="bbox 264 826 1894 908">
    <p class='ocr_par' dir='ltr' id='par_1_6' title="bbox 264 826 1894 908">
     <span class='ocr_line' id='line_1_6' title="bbox 264 826 1894 908; baseline 0.004 -21"><span class='ocrx_word' id='word_1_45' title='bbox 264 826 417 887; x_wconf 75' lang='lat' dir='ltr'><strong>Num</strong></span> <span class='ocrx_word' id='word_1_46' title='bbox 442 831 620 886; x_wconf 90' lang='lat' dir='ltr'><strong>statui</strong></span> <span class='ocrx_word' id='word_1_47' title='bbox 647 839 858 902; x_wconf 81' lang='lat' dir='ltr'><strong>potest,</strong></span> <span class='ocrx_word' id='word_1_48' title='bbox 890 848 1017 890; x_wconf 88' lang='lat' dir='ltr'><strong>eum</strong></span> <span class='ocrx_word' id='word_1_49' title='bbox 1050 843 1245 905; x_wconf 89' lang='lat' dir='ltr'><strong>postea</strong></span> <span class='ocrx_word' id='word_1_50' title='bbox 1278 835 1390 892; x_wconf 92' lang='lat' dir='ltr'><strong>illis</strong></span> <span class='ocrx_word' id='word_1_51' title='bbox 1421 836 1578 891; x_wconf 86' lang='lat' dir='ltr'><strong>libris</strong></span> <span class='ocrx_word' id='word_1_52' title='bbox 1608 836 1894 908; x_wconf 84' lang='lat' dir='ltr'><strong>Apollina-</strong></span> 
     </span>
    </p>
   </div>
   <div class='ocr_carea' id='block_1_7' title="bbox 260 916 1891 991">
    <p class='ocr_par' dir='ltr' id='par_1_7' title="bbox 260 916 1891 991">
     <span class='ocr_line' id='line_1_7' title="bbox 260 916 1891 991; baseline 0.006 -20"><span class='ocrx_word' id='word_1_53' title='bbox 260 916 423 972; x_wconf 64' lang='lat' dir='ltr'><strong>rium</strong></span> <span class='ocrx_word' id='word_1_54' title='bbox 484 918 892 991; x_wconf 77' lang='lat' dir='ltr'><strong>impugnasse?</strong></span> <span class='ocrx_word' id='word_1_55' title='bbox 956 920 1072 978; x_wconf 85' lang='lat' dir='ltr'><strong>Nec</strong></span> <span class='ocrx_word' id='word_1_56' title='bbox 1125 925 1335 980; x_wconf 86' lang='lat' dir='ltr'><strong>rectius</strong></span> <span class='ocrx_word' id='word_1_57' title='bbox 1388 926 1718 991; x_wconf 83' lang='lat' dir='ltr'><strong>contendas,</strong></span> <span class='ocrx_word' id='word_1_58' title='bbox 1766 941 1891 982; x_wconf 89' lang='lat' dir='ltr'><strong>eum</strong></span> 
     </span>
    </p>
   </div>
   <div class='ocr_carea' id='block_1_8' title="bbox 265 1011 1894 1084">
    <p class='ocr_par' dir='ltr' id='par_1_8' title="bbox 265 1011 1894 1084">
     <span class='ocr_line' id='line_1_8' title="bbox 265 1011 1894 1084; baseline 0.006 -21"><span class='ocrx_word' id='word_1_59' title='bbox 265 1011 524 1082; x_wconf 87' lang='lat' dir='ltr'><strong>primum</strong></span> <span class='ocrx_word' id='word_1_60' title='bbox 558 1021 758 1068; x_wconf 86' lang='lat' dir='ltr'><strong>contra</strong></span> <span class='ocrx_word' id='word_1_61' title='bbox 788 1014 1219 1084; x_wconf 86' lang='lat' dir='ltr'><strong>Apollinarium,</strong></span> <span class='ocrx_word' id='word_1_62' title='bbox 1252 1024 1369 1072; x_wconf 90' lang='lat' dir='ltr'><strong>tum</strong></span> <span class='ocrx_word' id='word_1_63' title='bbox 1404 1018 1476 1074; x_wconf 89' lang='lat' dir='ltr'><strong>de</strong></span> <span class='ocrx_word' id='word_1_64' title='bbox 1508 1018 1894 1073; x_wconf 82' lang='lat' dir='ltr'><strong>incarnatione</strong></span> 
     </span>
    </p>
   </div>
   <div class='ocr_carea' id='block_1_9' title="bbox 265 1105 1892 1181">
    <p class='ocr_par' dir='ltr' id='par_1_9' title="bbox 265 1105 1892 1181">
     <span class='ocr_line' id='line_1_9' title="bbox 265 1105 1892 1181; baseline 0.001 -21"><span class='ocrx_word' id='word_1_65' title='bbox 265 1105 608 1175; x_wconf 77' lang='lat' dir='ltr'><strong>scripsisse.</strong></span> <span class='ocrx_word' id='word_1_66' title='bbox 640 1105 892 1169; x_wconf 84' lang='lat' dir='ltr'><strong>Facund.</strong></span> <span class='ocrx_word' id='word_1_67' title='bbox 925 1107 1147 1179; x_wconf 83' lang='lat' dir='ltr'><strong>quidem</strong></span> <span class='ocrx_word' id='word_1_68' title='bbox 1186 1108 1347 1176; x_wconf 73' lang='lat'><strong>111.2,</strong></span> <span class='ocrx_word' id='word_1_69' title='bbox 1383 1140 1456 1151; x_wconf 86' lang='lat'><strong>-—-</strong></span> <span class='ocrx_word' id='word_1_70' title='bbox 1485 1110 1543 1165; x_wconf 87' lang='lat' dir='ltr'><strong>in</strong></span> <span class='ocrx_word' id='word_1_71' title='bbox 1572 1125 1724 1179; x_wconf 79' lang='lat' dir='ltr'><strong>opere</strong></span> <span class='ocrx_word' id='word_1_72' title='bbox 1752 1110 1892 1181; x_wconf 81' lang='lat' dir='ltr'><strong>quod</strong></span> 
     </span>
    </p>
   </div>
   <div class='ocr_carea' id='block_1_10' title="bbox 266 1194 1890 1263">
    <p class='ocr_par' dir='ltr' id='par_1_10' title="bbox 266 1194 1890 1263">
     <span class='ocr_line' id='line_1_10' title="bbox 266 1194 1890 1263; baseline 0.002 -16"><span class='ocrx_word' id='word_1_73' title='bbox 266 1204 471 1247; x_wconf 72' lang='lat' dir='ltr'><strong>contra</strong></span> <span class='ocrx_word' id='word_1_74' title='bbox 522 1194 897 1262; x_wconf 74' lang='lat' dir='ltr'><strong>Apollinarem</strong></span> <span class='ocrx_word' id='word_1_75' title='bbox 941 1196 1153 1263; x_wconf 81' lang='lat' dir='ltr'><strong>edidit;</strong></span> <span class='ocrx_word' id='word_1_76' title='bbox 1196 1224 1264 1236; x_wconf 84' lang='lat'><strong>-—-</strong></span> <span class='ocrx_word' id='word_1_77' title='bbox 1305 1213 1382 1259; x_wconf 80' lang='grc' dir='ltr'>ιιι,</span> <span class='ocrx_word' id='word_1_78' title='bbox 1422 1197 1479 1260; x_wconf 76' lang='grc'><strong>4,</strong></span> <span class='ocrx_word' id='word_1_79' title='bbox 1522 1210 1714 1262; x_wconf 83' lang='lat' dir='ltr'><strong>quarto</strong></span> <span class='ocrx_word' id='word_1_80' title='bbox 1768 1196 1890 1252; x_wconf 81' lang='lat' dir='ltr'><strong>ade.</strong></span> 
     </span>
    </p>
   </div>
   <div class='ocr_carea' id='block_1_11' title="bbox 262 1278 1892 1361">
    <p class='ocr_par' dir='ltr' id='par_1_11' title="bbox 262 1278 1892 1361">
     <span class='ocr_line' id='line_1_11' title="bbox 262 1278 1892 1361; baseline 0.002 -21"><span class='ocrx_word' id='word_1_81' title='bbox 262 1286 521 1355; x_wconf 75' lang='lat' dir='ltr'><strong>Apollin.</strong></span> <span class='ocrx_word' id='word_1_82' title='bbox 570 1286 655 1352; x_wconf 85' lang='grc' dir='ltr'><strong>ι.;</strong></span> <span class='ocrx_word' id='word_1_83' title='bbox 702 1296 758 1343; x_wconf 90' lang='lat' dir='ltr'><strong>et</strong></span> <span class='ocrx_word' id='word_1_84' title='bbox 797 1287 995 1345; x_wconf 86' lang='lat' dir='ltr'><strong>Leont.</strong></span> <span class='ocrx_word' id='word_1_85' title='bbox 1048 1288 1198 1360; x_wconf 78' lang='lat' dir='ltr'><strong>(Mai.</strong></span> <span class='ocrx_word' id='word_1_86' title='bbox 1229 1278 1268 1345; x_wconf 89' lang='lat' dir='ltr'><strong>l.</strong></span> <span class='ocrx_word' id='word_1_87' title='bbox 1300 1289 1364 1357; x_wconf 90' lang='lat' dir='ltr'><strong>l.,</strong></span> <span class='ocrx_word' id='word_1_88' title='bbox 1393 1288 1486 1356; x_wconf 79' lang='lat' dir='ltr'><strong>Vl,</strong></span> <span class='ocrx_word' id='word_1_89' title='bbox 1517 1305 1570 1361; x_wconf 91' lang='lat' dir='ltr'><strong>p.</strong></span> <span class='ocrx_word' id='word_1_90' title='bbox 1606 1289 1734 1353; x_wconf 78' lang='grc'><strong>510,</strong></span> <span class='ocrx_word' id='word_1_91' title='bbox 1763 1290 1892 1359; x_wconf 78' lang='grc'><strong>511)</strong></span> 
     </span>
    </p>
   </div>
   <div class='ocr_carea' id='block_1_12' title="bbox 263 1377 1896 1452">
    <p class='ocr_par' dir='ltr' id='par_1_12' title="bbox 263 1377 1896 1452">
     <span class='ocr_line' id='line_1_12' title="bbox 263 1377 1896 1452; baseline 0.001 -19"><span class='ocrx_word' id='word_1_92' title='bbox 263 1377 341 1433; x_wconf 71' lang='grc' dir='ltr'><strong><em>ἐκ</em></strong></span> <span class='ocrx_word' id='word_1_93' title='bbox 390 1379 510 1433; x_wconf 84' lang='grc' dir='ltr'><strong>τοῦ</strong></span> <span class='ocrx_word' id='word_1_94' title='bbox 547 1381 612 1433; x_wconf 78' lang='lat'><strong>.1.</strong></span> <span class='ocrx_word' id='word_1_95' title='bbox 647 1378 770 1434; x_wconf 82' lang='grc' dir='ltr'><strong>τῶν</strong></span> <span class='ocrx_word' id='word_1_96' title='bbox 800 1380 954 1435; x_wconf 82' lang='grc' dir='ltr'><strong>κατὰ</strong></span> <span class='ocrx_word' id='word_1_97' title='bbox 1012 1379 1429 1451; x_wconf 75' lang='grc' dir='ltr'><strong>Ἀπολιναρίου</strong></span> <span class='ocrx_word' id='word_1_98' title='bbox 1475 1380 1640 1447; x_wconf 84' lang='grc' dir='ltr'><strong>αὐτῷ</strong></span> <span class='ocrx_word' id='word_1_99' title='bbox 1678 1379 1896 1452; x_wconf 61' lang='lat' dir='ltr'><strong>magae-</strong></span> 
     </span>
    </p>
   </div>
   <div class='ocr_carea' id='block_1_13' title="bbox 264 1469 1893 1537">
    <p class='ocr_par' dir='ltr' id='par_1_13' title="bbox 264 1469 1893 1537">
     <span class='ocr_line' id='line_1_13' title="bbox 264 1469 1893 1537; baseline 0.002 -13"><span class='ocrx_word' id='word_1_100' title='bbox 264 1486 463 1534; x_wconf 72' lang='grc' dir='ltr'><em>ντων,</em></span> <span class='ocrx_word' id='word_1_101' title='bbox 501 1470 597 1524; x_wconf 79' lang='grc' dir='ltr'><strong>ἐκ.</strong></span> <span class='ocrx_word' id='word_1_102' title='bbox 626 1487 682 1525; x_wconf 87' lang='grc' dir='ltr'><strong>τ.</strong></span> <span class='ocrx_word' id='word_1_103' title='bbox 709 1473 772 1524; x_wconf 79' lang='lat'><strong>.1.</strong></span> <span class='ocrx_word' id='word_1_104' title='bbox 804 1469 928 1526; x_wconf 76' lang='grc' dir='ltr'><strong>τῶν</strong></span> <span class='ocrx_word' id='word_1_105' title='bbox 955 1471 1110 1527; x_wconf 80' lang='grc' dir='ltr'><em>κατὰ</em></span> <span class='ocrx_word' id='word_1_106' title='bbox 1157 1470 1305 1537; x_wconf 81' lang='grc' dir='ltr'><strong>Ἁπ.,</strong></span> <span class='ocrx_word' id='word_1_107' title='bbox 1354 1471 1650 1529; x_wconf 81' lang='lat' dir='ltr'><strong>manifesto</strong></span> <span class='ocrx_word' id='word_1_108' title='bbox 1678 1473 1781 1528; x_wconf 82' lang='lat' dir='ltr'><strong>hos</strong></span> <span class='ocrx_word' id='word_1_109' title='bbox 1825 1472 1893 1527; x_wconf 84' lang='lat' dir='ltr'><strong>li-</strong></span> 
     </span>
    </p>
   </div>
   <div class='ocr_carea' id='block_1_14' title="bbox 265 1560 1895 1635">
    <p class='ocr_par' dir='ltr' id='par_1_14' title="bbox 265 1560 1895 1635">
     <span class='ocr_line' id='line_1_14' title="bbox 265 1560 1895 1635; baseline 0.003 -18"><span class='ocrx_word' id='word_1_110' title='bbox 265 1561 405 1617; x_wconf 83' lang='lat' dir='ltr'><strong>bras</strong></span> <span class='ocrx_word' id='word_1_111' title='bbox 438 1577 472 1617; x_wconf 84' lang='lat' dir='ltr'><strong>a</strong></span> <span class='ocrx_word' id='word_1_112' title='bbox 508 1562 675 1618; x_wconf 84' lang='lat' dir='ltr'><strong>libris</strong></span> <span class='ocrx_word' id='word_1_113' title='bbox 707 1560 788 1618; x_wconf 83' lang='lat' dir='ltr'><strong>De</strong></span> <span class='ocrx_word' id='word_1_114' title='bbox 821 1564 1034 1621; x_wconf 84' lang='lat' dir='ltr'><strong>incarn.</strong></span> <span class='ocrx_word' id='word_1_115' title='bbox 1078 1565 1399 1623; x_wconf 86' lang='lat' dir='ltr'><strong>discernere</strong></span> <span class='ocrx_word' id='word_1_116' title='bbox 1440 1566 1741 1635; x_wconf 86' lang='lat' dir='ltr'><strong>videntur;</strong></span> <span class='ocrx_word' id='word_1_117' title='bbox 1796 1565 1895 1624; x_wconf 82' lang='lat' dir='ltr'><strong>sed</strong></span> 
     </span>
    </p>
   </div>
   <div class='ocr_carea' id='block_1_15' title="bbox 264 1655 1895 1731">
    <p class='ocr_par' dir='ltr' id='par_1_15' title="bbox 264 1655 1895 1731">
     <span class='ocr_line' id='line_1_15' title="bbox 264 1655 1895 1731; baseline 0.005 -21"><span class='ocrx_word' id='word_1_118' title='bbox 264 1670 402 1711; x_wconf 85' lang='lat' dir='ltr'><strong>cum</strong></span> <span class='ocrx_word' id='word_1_119' title='bbox 430 1656 560 1726; x_wconf 90' lang='lat' dir='ltr'><strong>ipse</strong></span> <span class='ocrx_word' id='word_1_120' title='bbox 596 1655 873 1713; x_wconf 85' lang='lat' dir='ltr'><strong>Leontius</strong></span> <span class='ocrx_word' id='word_1_121' title='bbox 925 1659 964 1712; x_wconf 98' lang='grc'><strong>1.</strong></span> <span class='ocrx_word' id='word_1_122' title='bbox 1001 1673 1078 1726; x_wconf 88' lang='lat' dir='ltr'><strong>c.,</strong></span> <span class='ocrx_word' id='word_1_123' title='bbox 1116 1675 1173 1731; x_wconf 92' lang='lat' dir='ltr'><strong>p.</strong></span> <span class='ocrx_word' id='word_1_124' title='bbox 1218 1659 1348 1725; x_wconf 80' lang='lat'><strong>299,</strong></span> <span class='ocrx_word' id='word_1_125' title='bbox 1391 1676 1453 1717; x_wconf 87' lang='lat' dir='ltr'><strong>se</strong></span> <span class='ocrx_word' id='word_1_126' title='bbox 1481 1661 1701 1717; x_wconf 86' lang='lat' dir='ltr'><strong>nonnisi</strong></span> <span class='ocrx_word' id='word_1_127' title='bbox 1735 1660 1895 1718; x_wconf 79' lang='lat' dir='ltr'><strong>libris</strong></span> 
     </span>
    </p>
   </div>
   <div class='ocr_carea' id='block_1_16' title="bbox 265 1744 1894 1825">
    <p class='ocr_par' dir='ltr' id='par_1_16' title="bbox 265 1744 1894 1825">
     <span class='ocr_line' id='line_1_16' title="bbox 265 1744 1894 1825; baseline 0.004 -24"><span class='ocrx_word' id='word_1_128' title='bbox 265 1744 351 1802; x_wconf 83' lang='lat' dir='ltr'><strong>De</strong></span> <span class='ocrx_word' id='word_1_129' title='bbox 383 1748 618 1806; x_wconf 86' lang='lat' dir='ltr'><strong>incarn.</strong></span> <span class='ocrx_word' id='word_1_130' title='bbox 654 1766 817 1804; x_wconf 85' lang='lat' dir='ltr'><strong>usum</strong></span> <span class='ocrx_word' id='word_1_131' title='bbox 854 1765 979 1806; x_wconf 86' lang='lat' dir='ltr'><strong>esse</strong></span> <span class='ocrx_word' id='word_1_132' title='bbox 1007 1760 1197 1807; x_wconf 89' lang='lat' dir='ltr'><strong>narret</strong></span> <span class='ocrx_word' id='word_1_133' title='bbox 1246 1752 1458 1825; x_wconf 73' lang='grc' dir='ltr'><strong>(ἐπειδὴ</strong></span> <span class='ocrx_word' id='word_1_134' title='bbox 1500 1752 1559 1807; x_wconf 81' lang='grc' dir='ltr'><strong>δὲ</strong></span> <span class='ocrx_word' id='word_1_135' title='bbox 1600 1753 1757 1825; x_wconf 86' lang='grc' dir='ltr'><strong>μόλις</strong></span> <span class='ocrx_word' id='word_1_136' title='bbox 1796 1754 1894 1807; x_wconf 80' lang='grc' dir='ltr'>καὶ</span> 
     </span>
    </p>
   </div>
   <div class='ocr_carea' id='block_1_17' title="bbox 1991 557 3591 629">
    <p class='ocr_par' dir='ltr' id='par_1_17' title="bbox 1991 557 3591 629">
     <span class='ocr_line' id='line_1_17' title="bbox 1991 557 3591 629; baseline 0.001 -17"><span class='ocrx_word' id='word_1_137' title='bbox 1991 564 2171 613; x_wconf 89' lang='lat' dir='ltr'><strong>totum</strong></span> <span class='ocrx_word' id='word_1_138' title='bbox 2201 574 2345 629; x_wconf 90' lang='lat' dir='ltr'><strong>opus</strong></span> <span class='ocrx_word' id='word_1_139' title='bbox 2376 558 2457 613; x_wconf 83' lang='lat' dir='ltr'><strong>De</strong></span> <span class='ocrx_word' id='word_1_140' title='bbox 2501 559 2873 614; x_wconf 77' lang='lat' dir='ltr'><strong>incarnatione</strong></span> <span class='ocrx_word' id='word_1_141' title='bbox 2903 559 3279 619; x_wconf 79' lang='lat' dir='ltr'><strong>examinasse,</strong></span> <span class='ocrx_word' id='word_1_142' title='bbox 3316 566 3376 611; x_wconf 92' lang='lat' dir='ltr'><strong>ut</strong></span> <span class='ocrx_word' id='word_1_143' title='bbox 3420 557 3591 624; x_wconf 88' lang='lat' dir='ltr'><strong>nihil,</strong></span> 
     </span>
    </p>
   </div>
   <div class='ocr_carea' id='block_1_18' title="bbox 1992 649 3594 723">
    <p class='ocr_par' dir='ltr' id='par_1_18' title="bbox 1992 649 3594 723">
     <span class='ocr_line' id='line_1_18' title="bbox 1992 649 3594 723; baseline -0.002 -15"><span class='ocrx_word' id='word_1_144' title='bbox 1992 652 2139 709; x_wconf 83' lang='lat' dir='ltr'><strong>sicut</strong></span> <span class='ocrx_word' id='word_1_145' title='bbox 2172 666 2274 707; x_wconf 85' lang='lat' dir='ltr'><strong>sua</strong></span> <span class='ocrx_word' id='word_1_146' title='bbox 2307 651 2478 707; x_wconf 84' lang='lat' dir='ltr'><strong>l‘erret</strong></span> <span class='ocrx_word' id='word_1_147' title='bbox 2511 654 2724 722; x_wconf 84' lang='lat' dir='ltr'><strong>Opinio,</strong></span> <span class='ocrx_word' id='word_1_148' title='bbox 2763 651 3127 723; x_wconf 73' lang='lat' dir='ltr'><strong>praeteriisset</strong></span> <span class='ocrx_word' id='word_1_149' title='bbox 3161 666 3228 706; x_wconf 76' lang='lat' dir='ltr'><strong>ex</strong></span> <span class='ocrx_word' id='word_1_150' title='bbox 3274 649 3361 706; x_wconf 86' lang='lat' dir='ltr'><strong>his</strong></span> <span class='ocrx_word' id='word_1_151' title='bbox 3387 665 3512 721; x_wconf 69' lang='lat' dir='ltr'><strong>qua:</strong></span> <span class='ocrx_word' id='word_1_152' title='bbox 3537 657 3594 705; x_wconf 85' lang='lat' dir='ltr'><strong>et</strong></span> 
     </span>
    </p>
   </div>
   <div class='ocr_carea' id='block_1_19' title="bbox 1991 738 3593 811">
    <p class='ocr_par' dir='ltr' id='par_1_19' title="bbox 1991 738 3593 811">
     <span class='ocr_line' id='line_1_19' title="bbox 1991 738 3593 811; baseline 0.001 -18"><span class='ocrx_word' id='word_1_153' title='bbox 1991 738 2062 793; x_wconf 89' lang='lat' dir='ltr'><strong>ad</strong></span> <span class='ocrx_word' id='word_1_154' title='bbox 2093 739 2410 797; x_wconf 82' lang='lat' dir='ltr'><strong>ﬁrmitatem</strong></span> <span class='ocrx_word' id='word_1_155' title='bbox 2439 741 2836 797; x_wconf 81' lang='lat' dir='ltr'><strong>ecclesiasticae</strong></span> <span class='ocrx_word' id='word_1_156' title='bbox 2868 740 3213 796; x_wconf 73' lang='lat' dir='ltr'><strong>orthodoxiae</strong></span> <span class='ocrx_word' id='word_1_157' title='bbox 3247 740 3593 811; x_wconf 85' lang='lat' dir='ltr'><strong>pertinerent</strong></span> 
     </span>
    </p>
   </div>
   <div class='ocr_carea' id='block_1_20' title="bbox 1990 828 3594 901">
    <p class='ocr_par' dir='ltr' id='par_1_20' title="bbox 1990 828 3594 901">
     <span class='ocr_line' id='line_1_20' title="bbox 1990 828 3594 901; baseline -0.001 -15"><span class='ocrx_word' id='word_1_158' title='bbox 1990 838 2049 886; x_wconf 89' lang='lat' dir='ltr'><strong>et</strong></span> <span class='ocrx_word' id='word_1_159' title='bbox 2077 830 2147 886; x_wconf 91' lang='lat' dir='ltr'><strong>ad</strong></span> <span class='ocrx_word' id='word_1_160' title='bbox 2188 831 2629 888; x_wconf 88' lang='lat' dir='ltr'><strong>convincendam</strong></span> <span class='ocrx_word' id='word_1_161' title='bbox 2672 846 2866 888; x_wconf 90' lang='lat' dir='ltr'><strong>eorum</strong></span> <span class='ocrx_word' id='word_1_162' title='bbox 2908 831 3271 901; x_wconf 83' lang='lat' dir='ltr'><strong>impietatem.</strong></span> <span class='ocrx_word' id='word_1_163' title='bbox 3307 850 3327 883; x_wconf 74' lang='grc' dir='ltr'><strong>ι</strong></span> <span class='ocrx_word' id='word_1_164' title='bbox 3371 828 3594 886; x_wconf 83' lang='lat' dir='ltr'><strong>Genna-</strong></span> 
     </span>
    </p>
   </div>
   <div class='ocr_carea' id='block_1_21' title="bbox 1992 923 3595 991">
    <p class='ocr_par' dir='ltr' id='par_1_21' title="bbox 1992 923 3595 991">
     <span class='ocr_line' id='line_1_21' title="bbox 1992 923 3595 991; baseline 0 -12"><span class='ocrx_word' id='word_1_165' title='bbox 1992 924 2087 980; x_wconf 90' lang='lat' dir='ltr'><strong>dio</strong></span> <span class='ocrx_word' id='word_1_166' title='bbox 2115 933 2300 982; x_wconf 87' lang='lat' dir='ltr'><strong>autem</strong></span> <span class='ocrx_word' id='word_1_167' title='bbox 2332 934 2491 991; x_wconf 89' lang='lat' dir='ltr'><strong>teste,</strong></span> <span class='ocrx_word' id='word_1_168' title='bbox 2523 924 2564 980; x_wconf 94' lang='grc'><strong>1.</strong></span> <span class='ocrx_word' id='word_1_169' title='bbox 2587 925 2651 991; x_wconf 88' lang='grc'><strong>1.,</strong></span> <span class='ocrx_word' id='word_1_170' title='bbox 2683 926 2739 980; x_wconf 90' lang='lat' dir='ltr'><strong>in</strong></span> <span class='ocrx_word' id='word_1_171' title='bbox 2772 924 2933 981; x_wconf 86' lang='lat' dir='ltr'><strong>libris</strong></span> <span class='ocrx_word' id='word_1_172' title='bbox 2966 924 3043 979; x_wconf 89' lang='lat' dir='ltr'><strong>De</strong></span> <span class='ocrx_word' id='word_1_173' title='bbox 3072 925 3282 979; x_wconf 85' lang='lat' dir='ltr'><strong>incarn.</strong></span> <span class='ocrx_word' id='word_1_174' title='bbox 3322 942 3341 976; x_wconf 82' lang='grc' dir='ltr'><strong>ι</strong></span> <span class='ocrx_word' id='word_1_175' title='bbox 3378 923 3595 979; x_wconf 81' lang='lat' dir='ltr'><strong>ratione</strong></span> 
     </span>
    </p>
   </div>
   <div class='ocr_carea' id='block_1_22' title="bbox 1995 1015 3592 1089">
    <p class='ocr_par' dir='ltr' id='par_1_22' title="bbox 1995 1015 3592 1089">
     <span class='ocr_line' id='line_1_22' title="bbox 1995 1015 3592 1089; baseline -0.002 -15"><span class='ocrx_word' id='word_1_176' title='bbox 1995 1019 2294 1089; x_wconf 86' lang='lat' dir='ltr'><strong>purissima</strong></span> <span class='ocrx_word' id='word_1_177' title='bbox 2341 1030 2396 1075; x_wconf 90' lang='lat' dir='ltr'><strong>et</strong></span> <span class='ocrx_word' id='word_1_178' title='bbox 2435 1018 2778 1076; x_wconf 85' lang='lat' dir='ltr'><strong>testimoniis</strong></span> <span class='ocrx_word' id='word_1_179' title='bbox 2812 1015 3229 1088; x_wconf 86' lang='lat' dir='ltr'><strong>Scripturarum</strong></span> <span class='ocrx_word' id='word_1_180' title='bbox 3267 1035 3287 1069; x_wconf 71' lang='grc' dir='ltr'><strong>ι</strong></span> <span class='ocrx_word' id='word_1_181' title='bbox 3328 1016 3592 1082; x_wconf 87' lang='lat' dir='ltr'><strong>ostendit,</strong></span> 
     </span>
    </p>
   </div>
   <div class='ocr_carea' id='block_1_23' title="bbox 1992 1107 3593 1180">
    <p class='ocr_par' dir='ltr' id='par_1_23' title="bbox 1992 1107 3593 1180">
     <span class='ocr_line' id='line_1_23' title="bbox 1992 1107 3593 1180; baseline -0.002 -14"><span class='ocrx_word' id='word_1_182' title='bbox 1992 1108 2182 1168; x_wconf 73' lang='lat' dir='ltr'><strong>Iesum</strong></span> <span class='ocrx_word' id='word_1_183' title='bbox 2212 1109 2500 1168; x_wconf 87' lang='lat' dir='ltr'><strong>Christum</strong></span> <span class='ocrx_word' id='word_1_184' title='bbox 2545 1128 2565 1162; x_wconf 84' lang='grc' dir='ltr'><strong>ι</strong></span> <span class='ocrx_word' id='word_1_185' title='bbox 2602 1108 3007 1180; x_wconf 88' lang='lat' dir='ltr'><strong>plenitudinem</strong></span> <span class='ocrx_word' id='word_1_186' title='bbox 3051 1119 3105 1163; x_wconf 92' lang='lat' dir='ltr'><strong>et</strong></span> <span class='ocrx_word' id='word_1_187' title='bbox 3143 1107 3373 1163; x_wconf 88' lang='lat' dir='ltr'><strong>deitatis</strong></span> <span class='ocrx_word' id='word_1_188' title='bbox 3407 1117 3463 1162; x_wconf 92' lang='lat' dir='ltr'><strong>et</strong></span> <span class='ocrx_word' id='word_1_189' title='bbox 3491 1108 3593 1163; x_wconf 90' lang='lat' dir='ltr'><strong>hu-</strong></span> 
     </span>
    </p>
   </div>
   <div class='ocr_carea' id='block_1_24' title="bbox 1994 1200 3596 1267">
    <p class='ocr_par' dir='ltr' id='par_1_24' title="bbox 1994 1200 3596 1267">
     <span class='ocr_line' id='line_1_24' title="bbox 1994 1200 3596 1267; baseline -0.002 -9"><span class='ocrx_word' id='word_1_190' title='bbox 1994 1202 2282 1259; x_wconf 84' lang='lat' dir='ltr'><strong>manitatis</strong></span> <span class='ocrx_word' id='word_1_191' title='bbox 2314 1202 2637 1267; x_wconf 64' lang='lat' dir='ltr'><strong>habuisse,»</strong></span> <span class='ocrx_word' id='word_1_192' title='bbox 2667 1209 2724 1258; x_wconf 91' lang='lat' dir='ltr'><strong>et</strong></span> <span class='ocrx_word' id='word_1_193' title='bbox 2761 1201 2954 1257; x_wconf 89' lang='lat' dir='ltr'><strong>docuit</strong></span> <span class='ocrx_word' id='word_1_194' title='bbox 2987 1219 3006 1253; x_wconf 83' lang='grc' dir='ltr'><strong>ι</strong></span> <span class='ocrx_word' id='word_1_195' title='bbox 3043 1200 3326 1255; x_wconf 80' lang='lat' dir='ltr'><strong>hominem</strong></span> <span class='ocrx_word' id='word_1_196' title='bbox 3375 1200 3596 1255; x_wconf 82' lang='lat' dir='ltr'><strong>duabus</strong></span> 
     </span>
    </p>
   </div>
   <div class='ocr_carea' id='block_1_25' title="bbox 1995 1293 3595 1362">
    <p class='ocr_par' dir='ltr' id='par_1_25' title="bbox 1995 1293 3595 1362">
     <span class='ocr_line' id='line_1_25' title="bbox 1995 1293 3595 1362; baseline -0.006 -7"><span class='ocrx_word' id='word_1_197' title='bbox 1995 1306 2214 1355; x_wconf 84' lang='lat' dir='ltr'><strong>tantum</strong></span> <span class='ocrx_word' id='word_1_198' title='bbox 2265 1294 2615 1355; x_wconf 80' lang='lat' dir='ltr'><strong>substantiis.</strong></span> <span class='ocrx_word' id='word_1_199' title='bbox 2658 1295 2698 1350; x_wconf 92' lang='lat' dir='ltr'><strong>i.</strong></span> <span class='ocrx_word' id='word_1_200' title='bbox 2752 1309 2805 1351; x_wconf 89' lang='lat' dir='ltr'><strong>e.</strong></span> <span class='ocrx_word' id='word_1_201' title='bbox 2839 1293 3024 1348; x_wconf 88' lang='lat' dir='ltr'><strong>anima</strong></span> <span class='ocrx_word' id='word_1_202' title='bbox 3068 1299 3122 1346; x_wconf 92' lang='lat' dir='ltr'><strong>et</strong></span> <span class='ocrx_word' id='word_1_203' title='bbox 3159 1307 3416 1362; x_wconf 83' lang='lat' dir='ltr'><strong>corpore,</strong></span> <span class='ocrx_word' id='word_1_204' title='bbox 3454 1306 3595 1347; x_wconf 88' lang='lat' dir='ltr'><strong>con-</strong></span> 
     </span>
    </p>
   </div>
   <div class='ocr_carea' id='block_1_26' title="bbox 1994 1384 3599 1462">
    <p class='ocr_par' dir='ltr' id='par_1_26' title="bbox 1994 1384 3599 1462">
     <span class='ocr_line' id='line_1_26' title="bbox 1994 1384 3599 1462; baseline -0.006 -12"><span class='ocrx_word' id='word_1_205' title='bbox 1994 1400 2167 1453; x_wconf 81' lang='lat' dir='ltr'><strong>stare.</strong></span> <span class='ocrx_word' id='word_1_206' title='bbox 2207 1404 2552 1462; x_wconf 83' lang='lat' dir='ltr'><strong>sensumque</strong></span> <span class='ocrx_word' id='word_1_207' title='bbox 2595 1396 2651 1445; x_wconf 92' lang='lat' dir='ltr'><strong>et</strong></span> <span class='ocrx_word' id='word_1_208' title='bbox 2702 1386 2962 1459; x_wconf 86' lang='lat' dir='ltr'><strong>spiritum</strong></span> <span class='ocrx_word' id='word_1_209' title='bbox 3008 1384 3191 1441; x_wconf 80' lang='lat' dir='ltr'><strong>oﬁicia</strong></span> <span class='ocrx_word' id='word_1_210' title='bbox 3222 1400 3350 1441; x_wconf 86' lang='lat' dir='ltr'><strong>esse</strong></span> <span class='ocrx_word' id='word_1_211' title='bbox 3399 1385 3599 1440; x_wconf 68' lang='lat' dir='ltr'><strong>animm</strong></span> 
     </span>
    </p>
   </div>
   <div class='ocr_carea' id='block_1_27' title="bbox 1993 1470 3590 1555">
    <p class='ocr_par' dir='ltr' id='par_1_27' title="bbox 1993 1470 3590 1555">
     <span class='ocr_line' id='line_1_27' title="bbox 1993 1470 3590 1555; baseline -0.007 -15"><span class='ocrx_word' id='word_1_212' title='bbox 1993 1484 2256 1555; x_wconf 77' lang='lat' dir='ltr'><strong>ingenita.</strong></span> <span class='ocrx_word' id='word_1_213' title='bbox 2294 1500 2315 1535; x_wconf 69' lang='grc' dir='ltr'><strong>ι</strong></span> <span class='ocrx_word' id='word_1_214' title='bbox 2355 1481 2505 1538; x_wconf 89' lang='lat' dir='ltr'><strong>Idem</strong></span> <span class='ocrx_word' id='word_1_215' title='bbox 2560 1470 2732 1543; x_wconf 86' lang='lat' dir='ltr'><strong>addit,</strong></span> <span class='ocrx_word' id='word_1_216' title='bbox 2772 1495 2897 1534; x_wconf 90' lang='lat' dir='ltr'><strong>eum</strong></span> <span class='ocrx_word' id='word_1_217' title='bbox 2938 1497 2957 1531; x_wconf 85' lang='grc' dir='ltr'><strong>ι</strong></span> <span class='ocrx_word' id='word_1_218' title='bbox 2997 1485 3256 1547; x_wconf 88' lang='lat' dir='ltr'><strong>quartum</strong></span> <span class='ocrx_word' id='word_1_219' title='bbox 3307 1474 3590 1531; x_wconf 89' lang='lat' dir='ltr'><strong>decimum</strong></span> 
     </span>
    </p>
   </div>
   <div class='ocr_carea' id='block_1_28' title="bbox 1995 1565 3602 1647">
    <p class='ocr_par' dir='ltr' id='par_1_28' title="bbox 1995 1565 3602 1647">
     <span class='ocr_line' id='line_1_28' title="bbox 1995 1565 3602 1647; baseline -0.007 -14"><span class='ocrx_word' id='word_1_220' title='bbox 1995 1578 2197 1633; x_wconf 90' lang='lat' dir='ltr'><strong>librum</strong></span> <span class='ocrx_word' id='word_1_221' title='bbox 2231 1574 2456 1647; x_wconf 85' lang='lat' dir='ltr'><strong>proprie</strong></span> <span class='ocrx_word' id='word_1_222' title='bbox 2483 1573 2554 1630; x_wconf 89' lang='lat' dir='ltr'><strong>de</strong></span> <span class='ocrx_word' id='word_1_223' title='bbox 2593 1573 2842 1628; x_wconf 91' lang='lat' dir='ltr'><strong>increata</strong></span> <span class='ocrx_word' id='word_1_224' title='bbox 2879 1577 2936 1626; x_wconf 92' lang='lat' dir='ltr'><strong>et</strong></span> <span class='ocrx_word' id='word_1_225' title='bbox 2970 1570 3090 1626; x_wconf 89' lang='lat' dir='ltr'><strong>sola</strong></span> <span class='ocrx_word' id='word_1_226' title='bbox 3132 1569 3462 1638; x_wconf 88' lang='lat' dir='ltr'><strong>incorporea</strong></span> <span class='ocrx_word' id='word_1_227' title='bbox 3503 1565 3602 1621; x_wconf 83' lang='lat' dir='ltr'><strong>do-</strong></span> 
     </span>
    </p>
   </div>
   <div class='ocr_carea' id='block_1_29' title="bbox 1996 1658 3602 1740">
    <p class='ocr_par' dir='ltr' id='par_1_29' title="bbox 1996 1658 3602 1740">
     <span class='ocr_line' id='line_1_29' title="bbox 1996 1658 3602 1740; baseline -0.007 -16"><span class='ocrx_word' id='word_1_228' title='bbox 1996 1669 2259 1740; x_wconf 88' lang='lat' dir='ltr'><strong>minaque</strong></span> <span class='ocrx_word' id='word_1_229' title='bbox 2283 1666 2533 1722; x_wconf 91' lang='lat' dir='ltr'><strong>omnium</strong></span> <span class='ocrx_word' id='word_1_230' title='bbox 2563 1664 2623 1720; x_wconf 90' lang='lat' dir='ltr'><strong>S.</strong></span> <span class='ocrx_word' id='word_1_231' title='bbox 2657 1661 2954 1718; x_wconf 85' lang='lat' dir='ltr'><strong>Trinitatis</strong></span> <span class='ocrx_word' id='word_1_232' title='bbox 2984 1667 3188 1716; x_wconf 88' lang='lat' dir='ltr'><strong>natura</strong></span> <span class='ocrx_word' id='word_1_233' title='bbox 3220 1658 3290 1715; x_wconf 89' lang='lat' dir='ltr'><strong>de</strong></span> <span class='ocrx_word' id='word_1_234' title='bbox 3318 1669 3602 1714; x_wconf 85' lang='lat' dir='ltr'><strong>creatura-</strong></span> 
     </span>
    </p>
   </div>
   <div class='ocr_carea' id='block_1_30' title="bbox 1997 1752 3601 1827">
    <p class='ocr_par' dir='ltr' id='par_1_30' title="bbox 1997 1752 3601 1827">
     <span class='ocr_line' id='line_1_30' title="bbox 1997 1752 3601 1827; baseline -0.009 -8"><span class='ocrx_word' id='word_1_235' title='bbox 1997 1778 2121 1819; x_wconf 85' lang='lat' dir='ltr'><strong>rum</strong></span> <span class='ocrx_word' id='word_1_236' title='bbox 2156 1762 2375 1817; x_wconf 89' lang='lat' dir='ltr'><strong>ratione</strong></span> <span class='ocrx_word' id='word_1_237' title='bbox 2419 1759 2786 1815; x_wconf 88' lang='lat' dir='ltr'><strong>disserentem</strong></span> <span class='ocrx_word' id='word_1_238' title='bbox 2817 1771 2918 1827; x_wconf 92' lang='lat' dir='ltr'><strong>pro</strong></span> <span class='ocrx_word' id='word_1_239' title='bbox 2959 1771 3128 1812; x_wconf 89' lang='lat' dir='ltr'><strong>sensu</strong></span> <span class='ocrx_word' id='word_1_240' title='bbox 3175 1769 3300 1809; x_wconf 89' lang='lat' dir='ltr'><strong>cum</strong></span> <span class='ocrx_word' id='word_1_241' title='bbox 3356 1752 3601 1807; x_wconf 86' lang='lat' dir='ltr'><strong>auctori-</strong></span> 
     </span>
    </p>
   </div>
   <div class='ocr_carea' id='block_1_31' title="bbox 269 1835 1905 1920">
    <p class='ocr_par' dir='ltr' id='par_1_31' title="bbox 269 1839 1898 1917">
     <span class='ocr_line' id='line_1_31' title="bbox 269 1839 1898 1917; baseline 0.006 -26"><span class='ocrx_word' id='word_1_242' title='bbox 269 1839 422 1910; x_wconf 74' lang='grc' dir='ltr'>μετὰ</span> <span class='ocrx_word' id='word_1_243' title='bbox 458 1839 669 1894; x_wconf 76' lang='grc' dir='ltr'><strong>πολλοῦ</strong></span> <span class='ocrx_word' id='word_1_244' title='bbox 706 1842 882 1895; x_wconf 89' lang='grc' dir='ltr'>κόπου</span> <span class='ocrx_word' id='word_1_245' title='bbox 912 1841 1172 1898; x_wconf 71' lang='grc' dir='ltr'><strong>ἐπινοιῶν</strong></span> <span class='ocrx_word' id='word_1_246' title='bbox 1217 1861 1278 1897; x_wconf 82' lang='grc' dir='ltr'>τε</span> <span class='ocrx_word' id='word_1_247' title='bbox 1328 1842 1542 1916; x_wconf 82' lang='grc' dir='ltr'><strong>μυρίων</strong></span> <span class='ocrx_word' id='word_1_248' title='bbox 1586 1845 1686 1917; x_wconf 86' lang='grc' dir='ltr'><strong>τὴν</strong></span> <span class='ocrx_word' id='word_1_249' title='bbox 1733 1847 1898 1902; x_wconf 86' lang='grc' dir='ltr'><strong>Κατὰ</strong></span> 
     </span>
    </p>
   </div>
   <div class='ocr_carea' id='block_1_32' title="bbox 2007 1835 3601 1920">
    <p class='ocr_par' dir='ltr' id='par_1_32' title="bbox 2007 1845 3601 1920">
     <span class='ocr_line' id='line_1_32' title="bbox 2007 1845 3601 1920; baseline -0.009 -8"><span class='ocrx_word' id='word_1_250' title='bbox 2007 1865 2112 1913; x_wconf 86' lang='lat' dir='ltr'><strong>tate</strong></span> <span class='ocrx_word' id='word_1_251' title='bbox 2145 1854 2206 1909; x_wconf 90' lang='lat' dir='ltr'><strong>S.</strong></span> <span class='ocrx_word' id='word_1_252' title='bbox 2247 1853 2665 1920; x_wconf 86' lang='lat' dir='ltr'><strong>Scripturarum</strong></span> <span class='ocrx_word' id='word_1_253' title='bbox 2724 1848 3085 1920; x_wconf 76' lang='lat' dir='ltr'><strong>explicuisse,</strong></span> <span class='ocrx_word' id='word_1_254' title='bbox 3141 1847 3340 1918; x_wconf 91' lang='lat' dir='ltr'><strong>quinto</strong></span> <span class='ocrx_word' id='word_1_255' title='bbox 3381 1845 3601 1900; x_wconf 89' lang='lat' dir='ltr'><strong>decimo</strong></span> 
     </span>
    </p>
   </div>
   <div class='ocr_carea' id='block_1_33' title="bbox 267 1929 1896 2010">
    <p class='ocr_par' dir='ltr' id='par_1_33' title="bbox 267 1929 1896 2010">
     <span class='ocr_line' id='line_1_33' title="bbox 267 1929 1896 2010; baseline 0.006 -26"><span class='ocrx_word' id='word_1_256' title='bbox 267 1929 390 2000; x_wconf 77' lang='grc' dir='ltr'><strong>τῆς</strong></span> <span class='ocrx_word' id='word_1_257' title='bbox 445 1931 981 2001; x_wconf 73' lang='grc' dir='ltr'><strong>ὲνανθρωπήσεως</strong></span> <span class='ocrx_word' id='word_1_258' title='bbox 1031 1934 1214 2006; x_wconf 78' lang='grc' dir='ltr'>βίϐλον</span> <span class='ocrx_word' id='word_1_259' title='bbox 1260 1936 1446 2009; x_wconf 76' lang='grc' dir='ltr'>εὑρεῖν</span> <span class='ocrx_word' id='word_1_260' title='bbox 1511 1937 1854 2010; x_wconf 80' lang='grc' dir='ltr'><strong>δεδυνήμεθα</strong></span> <span class='ocrx_word' id='word_1_261' title='bbox 1879 1977 1896 2005; x_wconf 90' lang='grc'>,</span> 
     </span>
    </p>
   </div>
   <div class='ocr_carea' id='block_1_34' title="bbox 269 2025 1899 2104">
    <p class='ocr_par' dir='ltr' id='par_1_34' title="bbox 269 2025 1899 2104">
     <span class='ocr_line' id='line_1_34' title="bbox 269 2025 1899 2104; baseline 0.007 -28"><span class='ocrx_word' id='word_1_262' title='bbox 269 2025 496 2096; x_wconf 70' lang='grc' dir='ltr'><strong>σφόδρα.</strong></span> <span class='ocrx_word' id='word_1_263' title='bbox 527 2026 643 2098; x_wconf 81' lang='grc' dir='ltr'><strong>γὰρ</strong></span> <span class='ocrx_word' id='word_1_264' title='bbox 667 2028 1268 2100; x_wconf 71' lang='grc' dir='ltr'><strong>παραπεφυλαγμὲνως</strong></span> <span class='ocrx_word' id='word_1_265' title='bbox 1293 2028 1363 2084; x_wconf 75' lang='grc' dir='ltr'>τὰ</span> <span class='ocrx_word' id='word_1_266' title='bbox 1386 2029 1554 2084; x_wconf 83' lang='grc' dir='ltr'>αὐτοῦ</span> <span class='ocrx_word' id='word_1_267' title='bbox 1579 2032 1692 2095; x_wconf 81' lang='grc' dir='ltr'><strong>τοῖς</strong></span> <span class='ocrx_word' id='word_1_268' title='bbox 1719 2034 1899 2104; x_wconf 83' lang='grc' dir='ltr'>ἀμυή-</span> 
     </span>
    </p>
   </div>
   <div class='ocr_carea' id='block_1_35' title="bbox 268 2117 1900 2193">
    <p class='ocr_par' dir='ltr' id='par_1_35' title="bbox 268 2117 1900 2193">
     <span class='ocr_line' id='line_1_35' title="bbox 268 2117 1900 2193; baseline 0.006 -24"><span class='ocrx_word' id='word_1_269' title='bbox 268 2132 393 2181; x_wconf 70' lang='grc' dir='ltr'><strong>τοις</strong></span> <span class='ocrx_word' id='word_1_270' title='bbox 420 2117 702 2172; x_wconf 81' lang='grc' dir='ltr'><strong>ἐκδιδόναι</strong></span> <span class='ocrx_word' id='word_1_271' title='bbox 730 2119 1022 2193; x_wconf 50' lang='lat' dir='ltr'><strong>(lappa-act,</strong></span> <span class='ocrx_word' id='word_1_272' title='bbox 1054 2121 1246 2175; x_wconf 81' lang='grc' dir='ltr'>τούτου</span> <span class='ocrx_word' id='word_1_273' title='bbox 1281 2122 1469 2176; x_wconf 75' lang='grc' dir='ltr'>ἕνεκεν</span> <span class='ocrx_word' id='word_1_274' title='bbox 1505 2122 1576 2176; x_wconf 78' lang='grc' dir='ltr'><strong>τὰ</strong></span> <span class='ocrx_word' id='word_1_275' title='bbox 1599 2122 1764 2178; x_wconf 76' lang='grc' dir='ltr'><strong>Κατὰ</strong></span> <span class='ocrx_word' id='word_1_276' title='bbox 1788 2122 1900 2192; x_wconf 83' lang='grc' dir='ltr'><strong>τῆς</strong></span> 
     </span>
    </p>
   </div>
   <div class='ocr_carea' id='block_1_36' title="bbox 268 2214 1900 2291">
    <p class='ocr_par' dir='ltr' id='par_1_36' title="bbox 268 2214 1900 2291">
     <span class='ocr_line' id='line_1_36' title="bbox 268 2214 1900 2291; baseline 0.001 -22"><span class='ocrx_word' id='word_1_277' title='bbox 268 2214 531 2283; x_wconf 75' lang='grc' dir='ltr'><strong>ἐνανθρ.</strong></span> <span class='ocrx_word' id='word_1_278' title='bbox 568 2215 680 2271; x_wconf 84' lang='grc' dir='ltr'><strong>τοῦ</strong></span> <span class='ocrx_word' id='word_1_279' title='bbox 724 2217 1007 2287; x_wconf 83' lang='grc' dir='ltr'><strong>Σωτῆρος</strong></span> <span class='ocrx_word' id='word_1_280' title='bbox 1045 2218 1503 2291; x_wconf 77' lang='grc' dir='ltr'><strong>αὐτῷ-εἰρημένα</strong></span> <span class='ocrx_word' id='word_1_281' title='bbox 1532 2218 1672 2290; x_wconf 81' lang='grc' dir='ltr'>μόνα</span> <span class='ocrx_word' id='word_1_282' title='bbox 1709 2221 1769 2274; x_wconf 76' lang='grc' dir='ltr'>ὲν</span> <span class='ocrx_word' id='word_1_283' title='bbox 1818 2217 1900 2289; x_wconf 82' lang='grc' dir='ltr'><strong>τῷ</strong></span> 
     </span>
    </p>
   </div>
   <div class='ocr_carea' id='block_1_37' title="bbox 272 2311 1900 2384">
    <p class='ocr_par' dir='ltr' id='par_1_37' title="bbox 272 2311 1900 2384">
     <span class='ocr_line' id='line_1_37' title="bbox 272 2311 1900 2384; baseline 0.001 -19"><span class='ocrx_word' id='word_1_284' title='bbox 272 2312 524 2382; x_wconf 67' lang='grc' dir='ltr'><strong>Διεαρόνιιςιι.</strong></span> <span class='ocrx_word' id='word_1_285' title='bbox 575 2311 944 2378; x_wconf 80' lang='grc' dir='ltr'><strong>συλλέξασθαι</strong></span> <span class='ocrx_word' id='word_1_286' title='bbox 1013 2312 1407 2384; x_wconf 76' lang='grc' dir='ltr'><strong>δεδυνήμεθα),</strong></span> <span class='ocrx_word' id='word_1_287' title='bbox 1462 2322 1525 2367; x_wconf 87' lang='grc' dir='ltr'><strong>ιιι</strong></span> <span class='ocrx_word' id='word_1_288' title='bbox 1577 2313 1739 2367; x_wconf 89' lang='lat' dir='ltr'><strong>aliter</strong></span> <span class='ocrx_word' id='word_1_289' title='bbox 1783 2321 1900 2367; x_wconf 90' lang='lat' dir='ltr'><strong>sta-</strong></span> 
     </span>
    </p>
   </div>
   <div class='ocr_carea' id='block_1_38' title="bbox 273 2403 1901 2462">
    <p class='ocr_par' dir='ltr' id='par_1_38' title="bbox 273 2403 1901 2462">
     <span class='ocr_line' id='line_1_38' title="bbox 273 2403 1901 2462; baseline 0.002 -4"><span class='ocrx_word' id='word_1_290' title='bbox 273 2412 435 2459; x_wconf 86' lang='lat' dir='ltr'><strong>tuam</strong></span> <span class='ocrx_word' id='word_1_291' title='bbox 471 2404 699 2459; x_wconf 89' lang='lat' dir='ltr'><strong>illorum</strong></span> <span class='ocrx_word' id='word_1_292' title='bbox 731 2404 1068 2461; x_wconf 82' lang='lat' dir='ltr'><strong>auctoritate</strong></span> <span class='ocrx_word' id='word_1_293' title='bbox 1094 2420 1206 2461; x_wconf 81' lang='lat' dir='ltr'><strong>non</strong></span> <span class='ocrx_word' id='word_1_294' title='bbox 1234 2420 1485 2462; x_wconf 86' lang='lat' dir='ltr'><strong>moveor.</strong></span> <span class='ocrx_word' id='word_1_295' title='bbox 1553 2403 1721 2459; x_wconf 82' lang='lat' dir='ltr'><strong>Multa</strong></span> <span class='ocrx_word' id='word_1_296' title='bbox 1766 2421 1901 2461; x_wconf 92' lang='lat' dir='ltr'><strong>vero</strong></span> 
     </span>
    </p>
   </div>
   <div class='ocr_carea' id='block_1_39' title="bbox 275 2494 1903 2569">
    <p class='ocr_par' dir='ltr' id='par_1_39' title="bbox 275 2494 1903 2569">
     <span class='ocr_line' id='line_1_39' title="bbox 275 2494 1903 2569; baseline 0 -18"><span class='ocrx_word' id='word_1_297' title='bbox 275 2494 461 2566; x_wconf 76' lang='lat' dir='ltr'><strong>ﬁngas</strong></span> <span class='ocrx_word' id='word_1_298' title='bbox 489 2535 507 2561; x_wconf 92' lang='lat'><strong>,</strong></span> <span class='ocrx_word' id='word_1_299' title='bbox 559 2511 685 2565; x_wconf 66' lang='lat' dir='ltr'><strong>quae</strong></span> <span class='ocrx_word' id='word_1_300' title='bbox 716 2511 965 2552; x_wconf 87' lang='lat' dir='ltr'><strong>errorem</strong></span> <span class='ocrx_word' id='word_1_301' title='bbox 999 2511 1186 2553; x_wconf 90' lang='lat' dir='ltr'><strong>eorum</strong></span> <span class='ocrx_word' id='word_1_302' title='bbox 1218 2511 1413 2569; x_wconf 90' lang='lat' dir='ltr'><strong>parere</strong></span> <span class='ocrx_word' id='word_1_303' title='bbox 1454 2506 1773 2567; x_wconf 90' lang='lat' dir='ltr'><strong>potuerunt.</strong></span> <span class='ocrx_word' id='word_1_304' title='bbox 1811 2496 1903 2551; x_wconf 89' lang='lat' dir='ltr'><strong>Sic</strong></span> 
     </span>
    </p>
   </div>
   <div class='ocr_carea' id='block_1_40' title="bbox 279 2588 1902 2661">
    <p class='ocr_par' dir='ltr' id='par_1_40' title="bbox 279 2588 1902 2661">
     <span class='ocr_line' id='line_1_40' title="bbox 279 2588 1902 2661; baseline 0.001 -16"><span class='ocrx_word' id='word_1_305' title='bbox 279 2589 401 2645; x_wconf 74' lang='lat' dir='ltr'><strong>ﬁeri</strong></span> <span class='ocrx_word' id='word_1_306' title='bbox 436 2590 631 2661; x_wconf 86' lang='lat' dir='ltr'><strong>potuit</strong></span> <span class='ocrx_word' id='word_1_307' title='bbox 661 2597 722 2643; x_wconf 90' lang='lat' dir='ltr'><strong>ut</strong></span> <span class='ocrx_word' id='word_1_308' title='bbox 755 2588 1033 2647; x_wconf 78' lang='lat' dir='ltr'><strong>Theodori</strong></span> <span class='ocrx_word' id='word_1_309' title='bbox 1077 2591 1332 2654; x_wconf 65' lang='lat' dir='ltr'><strong>asseclae,</strong></span> <span class='ocrx_word' id='word_1_310' title='bbox 1367 2590 1629 2646; x_wconf 85' lang='lat' dir='ltr'><strong>cautione</strong></span> <span class='ocrx_word' id='word_1_311' title='bbox 1658 2590 1744 2645; x_wconf 90' lang='lat' dir='ltr'><strong>vel</strong></span> <span class='ocrx_word' id='word_1_312' title='bbox 1772 2588 1902 2647; x_wconf 89' lang='lat' dir='ltr'><strong>aliis</strong></span> 
     </span>
    </p>
   </div>
   <div class='ocr_carea' id='block_1_41' title="bbox 283 2682 1903 2753">
    <p class='ocr_par' dir='ltr' id='par_1_41' title="bbox 283 2682 1903 2753">
     <span class='ocr_line' id='line_1_41' title="bbox 283 2682 1903 2753; baseline -0.002 -14"><span class='ocrx_word' id='word_1_313' title='bbox 283 2684 354 2739; x_wconf 86' lang='lat' dir='ltr'><strong>de</strong></span> <span class='ocrx_word' id='word_1_314' title='bbox 374 2683 577 2741; x_wconf 88' lang='lat' dir='ltr'><strong>causis</strong></span> <span class='ocrx_word' id='word_1_315' title='bbox 610 2682 859 2749; x_wconf 88' lang='lat' dir='ltr'><strong>adducti,</strong></span> <span class='ocrx_word' id='word_1_316' title='bbox 883 2682 1026 2739; x_wconf 90' lang='lat' dir='ltr'><strong>duos</strong></span> <span class='ocrx_word' id='word_1_317' title='bbox 1061 2683 1184 2739; x_wconf 87' lang='lat' dir='ltr'><strong>illos</strong></span> <span class='ocrx_word' id='word_1_318' title='bbox 1217 2684 1389 2739; x_wconf 88' lang='lat' dir='ltr'><strong>libros</strong></span> <span class='ocrx_word' id='word_1_319' title='bbox 1416 2682 1688 2738; x_wconf 88' lang='lat' dir='ltr'><strong>adversus</strong></span> <span class='ocrx_word' id='word_1_320' title='bbox 1729 2682 1903 2753; x_wconf 84' lang='lat' dir='ltr'><strong>Apol-</strong></span> 
     </span>
    </p>
   </div>
   <div class='ocr_carea' id='block_1_42' title="bbox 282 2774 1902 2847">
    <p class='ocr_par' dir='ltr' id='par_1_42' title="bbox 282 2774 1902 2847">
     <span class='ocr_line' id='line_1_42' title="bbox 282 2774 1902 2847; baseline -0.002 -16"><span class='ocrx_word' id='word_1_321' title='bbox 282 2776 558 2831; x_wconf 88' lang='lat' dir='ltr'><strong>linarium</strong></span> <span class='ocrx_word' id='word_1_322' title='bbox 597 2774 1023 2846; x_wconf 85' lang='lat' dir='ltr'><strong>(potissimum?</strong></span> <span class='ocrx_word' id='word_1_323' title='bbox 1054 2775 1293 2845; x_wconf 81' lang='lat' dir='ltr'><strong>solum?)</strong></span> <span class='ocrx_word' id='word_1_324' title='bbox 1330 2775 1570 2847; x_wconf 90' lang='lat' dir='ltr'><strong>scriptos</strong></span> <span class='ocrx_word' id='word_1_325' title='bbox 1603 2774 1902 2844; x_wconf 86' lang='lat' dir='ltr'><strong>separatim</strong></span> 
     </span>
    </p>
   </div>
   <div class='ocr_carea' id='block_1_43' title="bbox 284 2864 1903 2937">
    <p class='ocr_par' dir='ltr' id='par_1_43' title="bbox 284 2864 1903 2937">
     <span class='ocr_line' id='line_1_43' title="bbox 284 2864 1903 2937; baseline -0.002 -15"><span class='ocrx_word' id='word_1_326' title='bbox 284 2866 671 2937; x_wconf 77' lang='lat' dir='ltr'><strong>divulgarent.</strong></span> <span class='ocrx_word' id='word_1_327' title='bbox 722 2865 1056 2937; x_wconf 76' lang='lat' dir='ltr'><strong>Fragmenta</strong></span> <span class='ocrx_word' id='word_1_328' title='bbox 1101 2865 1220 2937; x_wconf 90' lang='lat' dir='ltr'><strong>ipsa</strong></span> <span class='ocrx_word' id='word_1_329' title='bbox 1261 2866 1378 2921; x_wconf 71' lang='lat' dir='ltr'><strong>haec</strong></span> <span class='ocrx_word' id='word_1_330' title='bbox 1416 2873 1548 2922; x_wconf 91' lang='lat' dir='ltr'><strong>sunt</strong></span> <span class='ocrx_word' id='word_1_331' title='bbox 1584 2881 1598 2917; x_wconf 88' lang='lat'>:</span> <span class='ocrx_word' id='word_1_332' title='bbox 1636 2864 1903 2920; x_wconf 86' lang='lat' dir='ltr'><strong>tredecim</strong></span> 
     </span>
    </p>
   </div>
   <div class='ocr_carea' id='block_1_44' title="bbox 284 2959 1908 3031">
    <p class='ocr_par' dir='ltr' id='par_1_44' title="bbox 284 2959 1908 3031">
     <span class='ocr_line' id='line_1_44' title="bbox 284 2959 1908 3031; baseline -0.001 -14"><span class='ocrx_word' id='word_1_333' title='bbox 284 2959 382 3017; x_wconf 77' lang='lat' dir='ltr'><strong>el.</strong></span> <span class='ocrx_word' id='word_1_334' title='bbox 420 2963 588 3016; x_wconf 87' lang='lat' dir='ltr'><strong>tertio</strong></span> <span class='ocrx_word' id='word_1_335' title='bbox 621 2967 747 3015; x_wconf 85' lang='lat' dir='ltr'><strong>Act.</strong></span> <span class='ocrx_word' id='word_1_336' title='bbox 798 2976 851 3015; x_wconf 91' lang='lat' dir='ltr'><strong>c.</strong></span> <span class='ocrx_word' id='word_1_337' title='bbox 895 2959 960 3017; x_wconf 86' lang='lat' dir='ltr'><strong>C.</strong></span> <span class='ocrx_word' id='word_1_338' title='bbox 1008 2976 1071 3027; x_wconf 88' lang='lat'><strong>11,</strong></span> <span class='ocrx_word' id='word_1_339' title='bbox 1123 2976 1199 3023; x_wconf 81' lang='grc' dir='ltr'>ιν,</span> <span class='ocrx_word' id='word_1_340' title='bbox 1239 2961 1260 3014; x_wconf 96' lang='grc'><strong>1</strong></span> <span class='ocrx_word' id='word_1_341' title='bbox 1320 2959 1408 3031; x_wconf 76' lang='lat' dir='ltr'><strong>(ea:</strong></span> <span class='ocrx_word' id='word_1_342' title='bbox 1453 2977 1511 3016; x_wconf 86' lang='grc' dir='ltr'><strong>ιιι</strong></span> <span class='ocrx_word' id='word_1_343' title='bbox 1563 2960 1700 3015; x_wconf 86' lang='lat' dir='ltr'><strong>libro</strong></span> <span class='ocrx_word' id='word_1_344' title='bbox 1741 2977 1788 3015; x_wconf 77' lang='grc' dir='ltr'><strong>ο.</strong></span> <span class='ocrx_word' id='word_1_345' title='bbox 1833 2990 1908 3001; x_wconf 90' lang='grc'><strong>-</strong></span> 
     </span>
    </p>
   </div>
   <div class='ocr_carea' id='block_1_45' title="bbox 287 3051 1902 3125">
    <p class='ocr_par' dir='ltr' id='par_1_45' title="bbox 287 3051 1902 3125">
     <span class='ocr_line' id='line_1_45' title="bbox 287 3051 1902 3125; baseline 0.001 -18"><span class='ocrx_word' id='word_1_346' title='bbox 287 3053 740 3123; x_wconf 75' lang='grc' dir='ltr'><strong>Αρουίηανὶιιιη;</strong></span> <span class='ocrx_word' id='word_1_347' title='bbox 769 3051 894 3125; x_wconf 76' lang='lat' dir='ltr'><strong>Vig.</strong></span> <span class='ocrx_word' id='word_1_348' title='bbox 919 3052 1029 3109; x_wconf 71' lang='grc' dir='ltr'><strong>(ΖΡ.</strong></span> <span class='ocrx_word' id='word_1_349' title='bbox 1064 3053 1090 3108; x_wconf 88' lang='grc'><strong>1</strong></span> <span class='ocrx_word' id='word_1_350' title='bbox 1123 3071 1138 3120; x_wconf 91' lang='lat'><strong>;</strong></span> <span class='ocrx_word' id='word_1_351' title='bbox 1173 3052 1474 3109; x_wconf 87' lang='lat' dir='ltr'><strong>Justiniani</strong></span> <span class='ocrx_word' id='word_1_352' title='bbox 1516 3068 1629 3123; x_wconf 85' lang='lat' dir='ltr'><strong>ep.,</strong></span> <span class='ocrx_word' id='word_1_353' title='bbox 1667 3052 1902 3109; x_wconf 88' lang='lat' dir='ltr'><strong>Bandin.</strong></span> 
     </span>
    </p>
   </div>
   <div class='ocr_carea' id='block_1_46' title="bbox 1998 1936 3603 2012">
    <p class='ocr_par' dir='ltr' id='par_1_46' title="bbox 1998 1936 3603 2012">
     <span class='ocr_line' id='line_1_46' title="bbox 1998 1936 3603 2012; baseline -0.007 -8"><span class='ocrx_word' id='word_1_354' title='bbox 1998 1964 2133 2006; x_wconf 83' lang='lat' dir='ltr'><strong>vero</strong></span> <span class='ocrx_word' id='word_1_355' title='bbox 2180 1947 2465 2002; x_wconf 79' lang='lat' dir='ltr'><strong>volumine</strong></span> <span class='ocrx_word' id='word_1_356' title='bbox 2522 1951 2699 1998; x_wconf 90' lang='lat' dir='ltr'><strong>totum</strong></span> <span class='ocrx_word' id='word_1_357' title='bbox 2753 1941 2941 2012; x_wconf 91' lang='lat' dir='ltr'><strong>operis</strong></span> <span class='ocrx_word' id='word_1_358' title='bbox 3003 1941 3091 1995; x_wconf 88' lang='lat' dir='ltr'><strong>sui</strong></span> <span class='ocrx_word' id='word_1_359' title='bbox 3144 1954 3349 2009; x_wconf 90' lang='lat' dir='ltr'><strong>corpus</strong></span> <span class='ocrx_word' id='word_1_360' title='bbox 3412 1936 3603 1992; x_wconf 82' lang='lat' dir='ltr'><strong>citatis</strong></span> 
     </span>
    </p>
   </div>
   <div class='ocr_carea' id='block_1_47' title="bbox 1998 2033 3604 2100">
    <p class='ocr_par' dir='ltr' id='par_1_47' title="bbox 1998 2033 3604 2100">
     <span class='ocr_line' id='line_1_47' title="bbox 1998 2033 3604 2100; baseline -0.008 -3"><span class='ocrx_word' id='word_1_361' title='bbox 1998 2043 2167 2100; x_wconf 88' lang='lat' dir='ltr'><strong>etiam</strong></span> <span class='ocrx_word' id='word_1_362' title='bbox 2201 2039 2430 2095; x_wconf 88' lang='lat' dir='ltr'><strong>Patrum</strong></span> <span class='ocrx_word' id='word_1_363' title='bbox 2454 2036 2852 2093; x_wconf 86' lang='lat' dir='ltr'><strong>traditionibus</strong></span> <span class='ocrx_word' id='word_1_364' title='bbox 2879 2033 3244 2090; x_wconf 89' lang='lat' dir='ltr'><strong>conﬁrmasse</strong></span> <span class='ocrx_word' id='word_1_365' title='bbox 3275 2041 3331 2087; x_wconf 90' lang='lat' dir='ltr'><strong>et</strong></span> <span class='ocrx_word' id='word_1_366' title='bbox 3352 2045 3604 2085; x_wconf 83' lang='lat' dir='ltr'><strong>commu-</strong></span> 
     </span>
    </p>
   </div>
   <div class='ocr_carea' id='block_1_48' title="bbox 2001 2122 3604 2201">
    <p class='ocr_par' dir='ltr' id='par_1_48' title="bbox 2001 2122 3604 2201">
     <span class='ocr_line' id='line_1_48' title="bbox 2001 2122 3604 2201; baseline -0.01 -9"><span class='ocrx_word' id='word_1_367' title='bbox 2001 2135 2231 2192; x_wconf 82' lang='lat' dir='ltr'><strong>nivisse.</strong></span> <span class='ocrx_word' id='word_1_368' title='bbox 2263 2151 2284 2186; x_wconf 86' lang='lat'><strong>1</strong></span> <span class='ocrx_word' id='word_1_369' title='bbox 2320 2131 2399 2188; x_wconf 82' lang='lat' dir='ltr'><strong>Ex</strong></span> <span class='ocrx_word' id='word_1_370' title='bbox 2430 2131 2517 2187; x_wconf 90' lang='lat' dir='ltr'><strong>bis</strong></span> <span class='ocrx_word' id='word_1_371' title='bbox 2546 2143 2713 2201; x_wconf 87' lang='lat' dir='ltr'><strong>quam</strong></span> <span class='ocrx_word' id='word_1_372' title='bbox 2738 2126 3063 2197; x_wconf 88' lang='lat' dir='ltr'><strong>disputandi</strong></span> <span class='ocrx_word' id='word_1_373' title='bbox 3095 2125 3368 2180; x_wconf 88' lang='lat' dir='ltr'><strong>rationem</strong></span> <span class='ocrx_word' id='word_1_374' title='bbox 3396 2124 3452 2178; x_wconf 88' lang='lat' dir='ltr'><strong>in</strong></span> <span class='ocrx_word' id='word_1_375' title='bbox 3485 2122 3604 2177; x_wconf 91' lang='lat' dir='ltr'><strong>uni-</strong></span> 
     </span>
    </p>
   </div>
   <div class='ocr_carea' id='block_1_49' title="bbox 2000 2213 3606 2295">
    <p class='ocr_par' dir='ltr' id='par_1_49' title="bbox 2000 2213 3606 2295">
     <span class='ocr_line' id='line_1_49' title="bbox 2000 2213 3606 2295; baseline -0.011 -10"><span class='ocrx_word' id='word_1_376' title='bbox 2000 2241 2223 2284; x_wconf 84' lang='lat' dir='ltr'><strong>versum</strong></span> <span class='ocrx_word' id='word_1_377' title='bbox 2259 2232 2491 2282; x_wconf 89' lang='lat' dir='ltr'><strong>secutus</strong></span> <span class='ocrx_word' id='word_1_378' title='bbox 2521 2223 2596 2280; x_wconf 86' lang='lat' dir='ltr'><strong>sit</strong></span> <span class='ocrx_word' id='word_1_379' title='bbox 2628 2220 2997 2295; x_wconf 85' lang='lat' dir='ltr'><strong>perspicitur.</strong></span> <span class='ocrx_word' id='word_1_380' title='bbox 3034 2219 3113 2272; x_wconf 87' lang='lat' dir='ltr'><strong>Ita</strong></span> <span class='ocrx_word' id='word_1_381' title='bbox 3140 2230 3274 2273; x_wconf 86' lang='lat' dir='ltr'><strong>vero</strong></span> <span class='ocrx_word' id='word_1_382' title='bbox 3303 2231 3427 2270; x_wconf 90' lang='lat' dir='ltr'><strong>meo</strong></span> <span class='ocrx_word' id='word_1_383' title='bbox 3452 2213 3606 2284; x_wconf 83' lang='lat' dir='ltr'><strong>judi-</strong></span> 
     </span>
    </p>
   </div>
   <div class='ocr_carea' id='block_1_50' title="bbox 2001 2309 3605 2382">
    <p class='ocr_par' dir='ltr' id='par_1_50' title="bbox 2001 2309 3605 2382">
     <span class='ocr_line' id='line_1_50' title="bbox 2001 2309 3605 2382; baseline -0.009 -6"><span class='ocrx_word' id='word_1_384' title='bbox 2001 2320 2091 2377; x_wconf 90' lang='lat' dir='ltr'><strong>cio</strong></span> <span class='ocrx_word' id='word_1_385' title='bbox 2120 2334 2238 2375; x_wconf 91' lang='lat' dir='ltr'><strong>rem</strong></span> <span class='ocrx_word' id='word_1_386' title='bbox 2267 2316 2533 2381; x_wconf 87' lang='lat' dir='ltr'><strong>instituit,</strong></span> <span class='ocrx_word' id='word_1_387' title='bbox 2573 2322 2634 2370; x_wconf 91' lang='lat' dir='ltr'><strong>ut</strong></span> <span class='ocrx_word' id='word_1_388' title='bbox 2663 2328 2819 2369; x_wconf 89' lang='lat' dir='ltr'><strong>suam</strong></span> <span class='ocrx_word' id='word_1_389' title='bbox 2854 2311 3032 2382; x_wconf 87' lang='lat' dir='ltr'><strong>ipsius</strong></span> <span class='ocrx_word' id='word_1_390' title='bbox 3064 2309 3398 2365; x_wconf 89' lang='lat' dir='ltr'><strong>sententiam</strong></span> <span class='ocrx_word' id='word_1_391' title='bbox 3436 2322 3605 2362; x_wconf 84' lang='lat' dir='ltr'><strong>accu-</strong></span> 
     </span>
    </p>
   </div>
   <div class='ocr_carea' id='block_1_51' title="bbox 2003 2400 3605 2481">
    <p class='ocr_par' dir='ltr' id='par_1_51' title="bbox 2003 2400 3605 2481">
     <span class='ocr_line' id='line_1_51' title="bbox 2003 2400 3605 2481; baseline -0.007 -14"><span class='ocrx_word' id='word_1_392' title='bbox 2003 2415 2180 2469; x_wconf 89' lang='lat' dir='ltr'><strong>ratius</strong></span> <span class='ocrx_word' id='word_1_393' title='bbox 2217 2411 2544 2481; x_wconf 76' lang='lat' dir='ltr'><strong>explicaret,</strong></span> <span class='ocrx_word' id='word_1_394' title='bbox 2578 2404 2922 2469; x_wconf 82' lang='lat' dir='ltr'><strong>defenderet,</strong></span> <span class='ocrx_word' id='word_1_395' title='bbox 2962 2403 3228 2465; x_wconf 89' lang='lat' dir='ltr'><strong>ﬁrmaret,</strong></span> <span class='ocrx_word' id='word_1_396' title='bbox 3253 2400 3605 2455; x_wconf 68' lang='lat' dir='ltr'><strong>adversario-</strong></span> 
     </span>
    </p>
   </div>
   <div class='ocr_carea' id='block_1_52' title="bbox 2003 2493 3593 2564">
    <p class='ocr_par' dir='ltr' id='par_1_52' title="bbox 2003 2493 3593 2564">
     <span class='ocr_line' id='line_1_52' title="bbox 2003 2493 3593 2564; baseline -0.007 -5"><span class='ocrx_word' id='word_1_397' title='bbox 2003 2519 2126 2559; x_wconf 89' lang='lat' dir='ltr'><strong>rum</strong></span> <span class='ocrx_word' id='word_1_398' title='bbox 2162 2512 2343 2558; x_wconf 88' lang='lat' dir='ltr'><strong>autem</strong></span> <span class='ocrx_word' id='word_1_399' title='bbox 2378 2502 2601 2557; x_wconf 88' lang='lat' dir='ltr'><strong>decreta</strong></span> <span class='ocrx_word' id='word_1_400' title='bbox 2624 2514 2732 2554; x_wconf 88' lang='lat' dir='ltr'><strong>non</strong></span> <span class='ocrx_word' id='word_1_401' title='bbox 2763 2505 2919 2553; x_wconf 88' lang='lat' dir='ltr'><strong>certo</strong></span> <span class='ocrx_word' id='word_1_402' title='bbox 2961 2495 3198 2564; x_wconf 87' lang='lat' dir='ltr'><strong>quodam</strong></span> <span class='ocrx_word' id='word_1_403' title='bbox 3233 2494 3449 2555; x_wconf 87' lang='lat' dir='ltr'><strong>ordine,</strong></span> <span class='ocrx_word' id='word_1_404' title='bbox 3495 2493 3593 2548; x_wconf 90' lang='lat' dir='ltr'><strong>sed</strong></span> 
     </span>
    </p>
   </div>
   <div class='ocr_carea' id='block_1_53' title="bbox 2006 2585 3610 2652">
    <p class='ocr_par' dir='ltr' id='par_1_53' title="bbox 2006 2585 3610 2652">
     <span class='ocr_line' id='line_1_53' title="bbox 2006 2585 3610 2652; baseline -0.009 0"><span class='ocrx_word' id='word_1_405' title='bbox 2006 2597 2097 2652; x_wconf 85' lang='lat' dir='ltr'><strong>hic</strong></span> <span class='ocrx_word' id='word_1_406' title='bbox 2134 2595 2251 2651; x_wconf 88' lang='lat' dir='ltr'><strong>illic</strong></span> <span class='ocrx_word' id='word_1_407' title='bbox 2296 2594 2366 2649; x_wconf 89' lang='lat' dir='ltr'><strong>de</strong></span> <span class='ocrx_word' id='word_1_408' title='bbox 2397 2592 2670 2647; x_wconf 88' lang='lat' dir='ltr'><strong>industria</strong></span> <span class='ocrx_word' id='word_1_409' title='bbox 2726 2588 3066 2644; x_wconf 84' lang='lat' dir='ltr'><strong>adoriretur.</strong></span> <span class='ocrx_word' id='word_1_410' title='bbox 3110 2586 3167 2639; x_wconf 91' lang='lat' dir='ltr'><strong>In</strong></span> <span class='ocrx_word' id='word_1_411' title='bbox 3220 2586 3417 2640; x_wconf 88' lang='lat' dir='ltr'><strong>ultimo</strong></span> <span class='ocrx_word' id='word_1_412' title='bbox 3465 2585 3610 2639; x_wconf 88' lang='lat' dir='ltr'><strong>libro</strong></span> 
     </span>
    </p>
   </div>
   <div class='ocr_carea' id='block_1_54' title="bbox 2005 2678 3611 2746">
    <p class='ocr_par' dir='ltr' id='par_1_54' title="bbox 2005 2678 3611 2746">
     <span class='ocr_line' id='line_1_54' title="bbox 2005 2678 3611 2746; baseline -0.009 0"><span class='ocrx_word' id='word_1_413' title='bbox 2005 2704 2163 2746; x_wconf 88' lang='lat' dir='ltr'><strong>suam</strong></span> <span class='ocrx_word' id='word_1_414' title='bbox 2196 2687 2506 2744; x_wconf 89' lang='lat' dir='ltr'><strong>doctrinam</strong></span> <span class='ocrx_word' id='word_1_415' title='bbox 2542 2683 2768 2738; x_wconf 92' lang='lat' dir='ltr'><strong>Patrum</strong></span> <span class='ocrx_word' id='word_1_416' title='bbox 2806 2679 3143 2736; x_wconf 85' lang='lat' dir='ltr'><strong>testimoniis</strong></span> <span class='ocrx_word' id='word_1_417' title='bbox 3189 2678 3429 2733; x_wconf 84' lang='lat' dir='ltr'><strong>ﬁrmavit</strong></span> <span class='ocrx_word' id='word_1_418' title='bbox 3462 2685 3518 2733; x_wconf 89' lang='lat' dir='ltr'><strong>et</strong></span> <span class='ocrx_word' id='word_1_419' title='bbox 3549 2692 3611 2732; x_wconf 89' lang='lat' dir='ltr'><strong>re</strong></span> 
     </span>
    </p>
   </div>
   <div class='ocr_carea' id='block_1_55' title="bbox 2006 2770 3611 2853">
    <p class='ocr_par' dir='ltr' id='par_1_55' title="bbox 2006 2770 3611 2853">
     <span class='ocr_line' id='line_1_55' title="bbox 2006 2770 3611 2853; baseline -0.009 -15"><span class='ocrx_word' id='word_1_420' title='bbox 2006 2783 2126 2853; x_wconf 86' lang='lat' dir='ltr'><strong>ipsa</strong></span> <span class='ocrx_word' id='word_1_421' title='bbox 2155 2785 2469 2835; x_wconf 89' lang='lat' dir='ltr'><strong>commotus</strong></span> <span class='ocrx_word' id='word_1_422' title='bbox 2494 2783 2551 2832; x_wconf 90' lang='lat' dir='ltr'><strong>et</strong></span> <span class='ocrx_word' id='word_1_423' title='bbox 2577 2776 2703 2830; x_wconf 86' lang='lat' dir='ltr'><strong>ideo</strong></span> <span class='ocrx_word' id='word_1_424' title='bbox 2731 2771 2878 2847; x_wconf 89' lang='lat' dir='ltr'><strong>quod</strong></span> <span class='ocrx_word' id='word_1_425' title='bbox 2915 2770 3223 2826; x_wconf 83' lang='lat' dir='ltr'><strong>adversarii</strong></span> <span class='ocrx_word' id='word_1_426' title='bbox 3249 2785 3365 2825; x_wconf 79' lang='lat' dir='ltr'><strong>suae</strong></span> <span class='ocrx_word' id='word_1_427' title='bbox 3391 2778 3611 2824; x_wconf 87' lang='lat' dir='ltr'><strong>senten-</strong></span> 
     </span>
    </p>
   </div>
   <div class='ocr_carea' id='block_1_56' title="bbox 2007 2861 3611 2935">
    <p class='ocr_par' dir='ltr' id='par_1_56' title="bbox 2007 2861 3611 2935">
     <span class='ocr_line' id='line_1_56' title="bbox 2007 2861 3611 2935; baseline -0.01 -4"><span class='ocrx_word' id='word_1_428' title='bbox 2007 2876 2098 2931; x_wconf 66' lang='lat' dir='ltr'><strong>tia:</strong></span> <span class='ocrx_word' id='word_1_429' title='bbox 2123 2872 2349 2928; x_wconf 88' lang='lat' dir='ltr'><strong>Patrum</strong></span> <span class='ocrx_word' id='word_1_430' title='bbox 2381 2867 2927 2925; x_wconf 85' lang='lat' dir='ltr'><strong>commendationem</strong></span> <span class='ocrx_word' id='word_1_431' title='bbox 2956 2865 3322 2935; x_wconf 76' lang='lat' dir='ltr'><strong>adjunxerant</strong></span> <span class='ocrx_word' id='word_1_432' title='bbox 3350 2861 3451 2933; x_wconf 91' lang='lat' dir='ltr'><strong>(a).</strong></span> <span class='ocrx_word' id='word_1_433' title='bbox 3478 2861 3611 2915; x_wconf 76' lang='lat' dir='ltr'><strong>Exi-</strong></span> 
     </span>
    </p>
   </div>
   <div class='ocr_carea' id='block_1_57' title="bbox 2009 2955 3609 3032">
    <p class='ocr_par' dir='ltr' id='par_1_57' title="bbox 2009 2955 3609 3032">
     <span class='ocr_line' id='line_1_57' title="bbox 2009 2955 3609 3032; baseline -0.01 -8"><span class='ocrx_word' id='word_1_434' title='bbox 2009 2969 2174 3024; x_wconf 86' lang='lat' dir='ltr'><strong>stimo</strong></span> <span class='ocrx_word' id='word_1_435' title='bbox 2220 2973 2428 3031; x_wconf 88' lang='lat' dir='ltr'><strong>autem,</strong></span> <span class='ocrx_word' id='word_1_436' title='bbox 2477 2978 2604 3019; x_wconf 90' lang='lat' dir='ltr'><strong>eum</strong></span> <span class='ocrx_word' id='word_1_437' title='bbox 2651 2959 2982 3032; x_wconf 87' lang='lat' dir='ltr'><strong>Apollinarii</strong></span> <span class='ocrx_word' id='word_1_438' title='bbox 3042 2956 3334 3021; x_wconf 82' lang='lat' dir='ltr'><strong>doctrinae,</strong></span> <span class='ocrx_word' id='word_1_439' title='bbox 3385 2970 3509 3025; x_wconf 70' lang='lat' dir='ltr'><strong>quae</strong></span> <span class='ocrx_word' id='word_1_440' title='bbox 3552 2955 3609 3008; x_wconf 90' lang='lat' dir='ltr'><strong>in</strong></span> 
     </span>
    </p>
   </div>
   <div class='ocr_carea' id='block_1_58' title="bbox 2011 3047 3614 3131">
    <p class='ocr_par' dir='ltr' id='par_1_58' title="bbox 2011 3047 3614 3131">
     <span class='ocr_line' id='line_1_58' title="bbox 2011 3047 3614 3131; baseline -0.009 -14"><span class='ocrx_word' id='word_1_441' title='bbox 2011 3068 2166 3117; x_wconf 90' lang='lat' dir='ltr'><strong>tanto</strong></span> <span class='ocrx_word' id='word_1_442' title='bbox 2195 3059 2503 3131; x_wconf 58' lang='lat' dir='ltr'><strong>praesertim</strong></span> <span class='ocrx_word' id='word_1_443' title='bbox 2544 3056 2790 3109; x_wconf 78' lang='lat' dir='ltr'><strong>auctoris</strong></span> <span class='ocrx_word' id='word_1_444' title='bbox 2824 3051 3030 3106; x_wconf 91' lang='lat' dir='ltr'><strong>lumine</strong></span> <span class='ocrx_word' id='word_1_445' title='bbox 3055 3048 3430 3121; x_wconf 87' lang='lat' dir='ltr'><strong>periculosior</strong></span> <span class='ocrx_word' id='word_1_446' title='bbox 3460 3047 3614 3102; x_wconf 86' lang='lat' dir='ltr'><strong>vide-</strong></span> 
     </span>
    </p>
   </div>
   <div class='ocr_carea' id='block_1_59' title="bbox 290 3142 1905 3238">
    <p class='ocr_par' dir='ltr' id='par_1_59' title="bbox 290 3142 1903 3217">
     <span class='ocr_line' id='line_1_59' title="bbox 290 3142 1903 3217; baseline -0.001 -15"><span class='ocrx_word' id='word_1_447' title='bbox 290 3146 328 3204; x_wconf 88' lang='grc'><strong>1.</strong></span> <span class='ocrx_word' id='word_1_448' title='bbox 357 3150 423 3209; x_wconf 87' lang='grc'><strong>1.,</strong></span> <span class='ocrx_word' id='word_1_449' title='bbox 476 3149 523 3209; x_wconf 89' lang='grc'><strong>1,</strong></span> <span class='ocrx_word' id='word_1_450' title='bbox 568 3163 626 3217; x_wconf 88' lang='lat' dir='ltr'><strong>p.</strong></span> <span class='ocrx_word' id='word_1_451' title='bbox 667 3145 792 3211; x_wconf 68' lang='grc'><strong>174,</strong></span> <span class='ocrx_word' id='word_1_452' title='bbox 828 3145 958 3206; x_wconf 83' lang='lat' dir='ltr'><strong>I75,</strong></span> <span class='ocrx_word' id='word_1_453' title='bbox 993 3144 1189 3200; x_wconf 87' lang='lat' dir='ltr'><strong>Leont.</strong></span> <span class='ocrx_word' id='word_1_454' title='bbox 1226 3144 1266 3199; x_wconf 91' lang='grc'><strong>1.</strong></span> <span class='ocrx_word' id='word_1_455' title='bbox 1310 3145 1373 3204; x_wconf 89' lang='lat' dir='ltr'><strong>l.,</strong></span> <span class='ocrx_word' id='word_1_456' title='bbox 1412 3161 1467 3216; x_wconf 88' lang='lat' dir='ltr'><strong>p.</strong></span> <span class='ocrx_word' id='word_1_457' title='bbox 1495 3142 1657 3214; x_wconf 75' lang='lat' dir='ltr'><strong>5W);</strong></span> <span class='ocrx_word' id='word_1_458' title='bbox 1715 3143 1834 3208; x_wconf 73' lang='grc'><strong>2-7,</strong></span> <span class='ocrx_word' id='word_1_459' title='bbox 1871 3145 1903 3201; x_wconf 88' lang='lat'><strong>9</strong></span> 
     </span>
    </p>
   </div>
   <div class='ocr_carea' id='block_1_60' title="bbox 2007 3142 3609 3238">
    <p class='ocr_par' dir='ltr' id='par_1_60' title="bbox 2011 3142 3609 3227">
     <span class='ocr_line' id='line_1_60' title="bbox 2011 3142 3609 3227; baseline -0.009 -18"><span class='ocrx_word' id='word_1_460' title='bbox 2011 3164 2188 3217; x_wconf 84' lang='lat' dir='ltr'><strong>retur,</strong></span> <span class='ocrx_word' id='word_1_461' title='bbox 2242 3152 2419 3227; x_wconf 79' lang='lat' dir='ltr'><strong>magis</strong></span> <span class='ocrx_word' id='word_1_462' title='bbox 2470 3164 2639 3221; x_wconf 90' lang='lat' dir='ltr'><strong>quam</strong></span> <span class='ocrx_word' id='word_1_463' title='bbox 2679 3145 2942 3202; x_wconf 89' lang='lat' dir='ltr'><strong>Eunomii</strong></span> <span class='ocrx_word' id='word_1_464' title='bbox 2995 3144 3266 3200; x_wconf 89' lang='lat' dir='ltr'><strong>rationem</strong></span> <span class='ocrx_word' id='word_1_465' title='bbox 3322 3142 3609 3197; x_wconf 86' lang='lat' dir='ltr'><strong>habuisse.</strong></span> 
     </span>
    </p>
   </div>
   <div class='ocr_carea' id='block_1_61' title="bbox 290 3236 1902 3312">
    <p class='ocr_par' dir='ltr' id='par_1_61' title="bbox 290 3236 1902 3312">
     <span class='ocr_line' id='line_1_61' title="bbox 290 3236 1902 3312; baseline -0.004 -16"><span class='ocrx_word' id='word_1_466' title='bbox 290 3240 440 3312; x_wconf 67' lang='grc' dir='ltr'><strong>(νίς.</strong></span> <span class='ocrx_word' id='word_1_467' title='bbox 478 3239 592 3295; x_wconf 87' lang='lat' dir='ltr'><strong>CP.</strong></span> <span class='ocrx_word' id='word_1_468' title='bbox 620 3239 742 3303; x_wconf 70' lang='lat'><strong>2-7,</strong></span> <span class='ocrx_word' id='word_1_469' title='bbox 777 3238 870 3309; x_wconf 90' lang='lat'><strong>9);</strong></span> <span class='ocrx_word' id='word_1_470' title='bbox 917 3239 986 3293; x_wconf 86' lang='lat' dir='ltr'><strong>to</strong></span> <span class='ocrx_word' id='word_1_471' title='bbox 1026 3236 1172 3311; x_wconf 67' lang='grc' dir='ltr'><strong>(νίς.</strong></span> <span class='ocrx_word' id='word_1_472' title='bbox 1205 3237 1311 3293; x_wconf 91' lang='lat' dir='ltr'><strong>CP.</strong></span> <span class='ocrx_word' id='word_1_473' title='bbox 1346 3236 1449 3306; x_wconf 88' lang='lat' dir='ltr'><strong>I0;</strong></span> <span class='ocrx_word' id='word_1_474' title='bbox 1496 3237 1692 3292; x_wconf 89' lang='lat' dir='ltr'><strong>Leont.</strong></span> <span class='ocrx_word' id='word_1_475' title='bbox 1727 3236 1763 3290; x_wconf 92' lang='lat' dir='ltr'><strong>I.</strong></span> <span class='ocrx_word' id='word_1_476' title='bbox 1807 3252 1902 3304; x_wconf 90' lang='lat' dir='ltr'><strong>c.;</strong></span> 
     </span>
    </p>
   </div>
   <div class='ocr_carea' id='block_1_62' title="bbox 290 3329 1903 3404">
    <p class='ocr_par' dir='ltr' id='par_1_62' title="bbox 290 3329 1903 3404">
     <span class='ocr_line' id='line_1_62' title="bbox 290 3329 1903 3404; baseline -0.003 -14"><span class='ocrx_word' id='word_1_477' title='bbox 290 3333 599 3391; x_wconf 69' lang='lat' dir='ltr'><strong>Iustiniani</strong></span> <span class='ocrx_word' id='word_1_478' title='bbox 633 3348 749 3404; x_wconf 91' lang='lat' dir='ltr'><strong>ep.,</strong></span> <span class='ocrx_word' id='word_1_479' title='bbox 782 3330 955 3386; x_wconf 82' lang='lat' dir='ltr'><strong>Band.</strong></span> <span class='ocrx_word' id='word_1_480' title='bbox 989 3332 1026 3388; x_wconf 89' lang='lat' dir='ltr'><strong>l.</strong></span> <span class='ocrx_word' id='word_1_481' title='bbox 1060 3332 1122 3395; x_wconf 90' lang='lat' dir='ltr'><strong>l.,</strong></span> <span class='ocrx_word' id='word_1_482' title='bbox 1151 3329 1191 3394; x_wconf 89' lang='lat' dir='ltr'><strong>I,</strong></span> <span class='ocrx_word' id='word_1_483' title='bbox 1224 3347 1283 3403; x_wconf 91' lang='lat' dir='ltr'><strong>p.</strong></span> <span class='ocrx_word' id='word_1_484' title='bbox 1318 3331 1481 3403; x_wconf 83' lang='lat' dir='ltr'><strong>l7l);</strong></span> <span class='ocrx_word' id='word_1_485' title='bbox 1524 3332 1612 3395; x_wconf 85' lang='lat' dir='ltr'><strong>II,</strong></span> <span class='ocrx_word' id='word_1_486' title='bbox 1650 3329 1718 3384; x_wconf 73' lang='grc'><strong>12</strong></span> <span class='ocrx_word' id='word_1_487' title='bbox 1756 3329 1903 3402; x_wconf 80' lang='lat' dir='ltr'><strong>(Vig.</strong></span> 
     </span>
    </p>
   </div>
   <div class='ocr_carea' id='block_1_63' title="bbox 289 3422 1905 3494">
    <p class='ocr_par' dir='ltr' id='par_1_63' title="bbox 289 3422 1905 3494">
     <span class='ocr_line' id='line_1_63' title="bbox 289 3422 1905 3494; baseline -0.002 -12"><span class='ocrx_word' id='word_1_488' title='bbox 289 3425 400 3483; x_wconf 72' lang='grc' dir='ltr'><strong>ΕΡ.</strong></span> <span class='ocrx_word' id='word_1_489' title='bbox 433 3427 529 3489; x_wconf 87' lang='grc'><strong>11,</strong></span> <span class='ocrx_word' id='word_1_490' title='bbox 566 3425 694 3494; x_wconf 74' lang='grc'><strong>12);</strong></span> <span class='ocrx_word' id='word_1_491' title='bbox 748 3423 876 3482; x_wconf 87' lang='lat' dir='ltr'><strong>Fac.</strong></span> <span class='ocrx_word' id='word_1_492' title='bbox 911 3440 996 3491; x_wconf 89' lang='lat'><strong>111,</strong></span> <span class='ocrx_word' id='word_1_493' title='bbox 1032 3424 1099 3491; x_wconf 77' lang='lat'><strong>2;</strong></span> <span class='ocrx_word' id='word_1_494' title='bbox 1148 3422 1441 3480; x_wconf 73' lang='lat' dir='ltr'><strong>Iustiniani</strong></span> <span class='ocrx_word' id='word_1_495' title='bbox 1486 3439 1600 3493; x_wconf 90' lang='lat' dir='ltr'><strong>ep.,</strong></span> <span class='ocrx_word' id='word_1_496' title='bbox 1628 3423 1825 3489; x_wconf 84' lang='lat' dir='ltr'><strong>Band.,</strong></span> <span class='ocrx_word' id='word_1_497' title='bbox 1862 3424 1905 3491; x_wconf 93' lang='lat' dir='ltr'><strong>I,</strong></span> 
     </span>
    </p>
   </div>
   <div class='ocr_carea' id='block_1_64' title="bbox 294 3504 1905 3590">
    <p class='ocr_par' dir='ltr' id='par_1_64' title="bbox 294 3504 1905 3590">
     <span class='ocr_line' id='line_1_64' title="bbox 294 3504 1905 3590; baseline -0.001 -15"><span class='ocrx_word' id='word_1_498' title='bbox 294 3536 352 3590; x_wconf 85' lang='lat' dir='ltr'><strong>p.</strong></span> <span class='ocrx_word' id='word_1_499' title='bbox 391 3519 536 3587; x_wconf 79' lang='lat' dir='ltr'><strong>I75;</strong></span> <span class='ocrx_word' id='word_1_500' title='bbox 574 3534 671 3574; x_wconf 73' lang='lat' dir='ltr'><strong>sex</strong></span> <span class='ocrx_word' id='word_1_501' title='bbox 697 3504 759 3576; x_wconf 36' lang='lat' dir='ltr'><strong>ie.</strong></span> <span class='ocrx_word' id='word_1_502' title='bbox 797 3521 835 3573; x_wconf 86' lang='grc' dir='ltr'><strong>ι.</strong></span> <span class='ocrx_word' id='word_1_503' title='bbox 866 3527 1080 3590; x_wconf 83' lang='lat' dir='ltr'><strong>quarto,</strong></span> <span class='ocrx_word' id='word_1_504' title='bbox 1120 3517 1246 3575; x_wconf 84' lang='lat' dir='ltr'><strong>Fac.</strong></span> <span class='ocrx_word' id='word_1_505' title='bbox 1290 3535 1367 3584; x_wconf 86' lang='lat' dir='ltr'><strong>1x,</strong></span> <span class='ocrx_word' id='word_1_506' title='bbox 1403 3519 1472 3586; x_wconf 64' lang='grc' dir='ltr'><strong>ις</strong></span> <span class='ocrx_word' id='word_1_507' title='bbox 1529 3517 1720 3574; x_wconf 87' lang='lat' dir='ltr'><strong>Leont.</strong></span> <span class='ocrx_word' id='word_1_508' title='bbox 1765 3523 1801 3574; x_wconf 93' lang='grc'><strong>1.</strong></span> <span class='ocrx_word' id='word_1_509' title='bbox 1830 3535 1905 3584; x_wconf 61' lang='grc'><strong>(⁸.,</strong></span> 
     </span>
    </p>
   </div>
   <div class='ocr_carea' id='block_1_65' title="bbox 292 3609 1906 3683">
    <p class='ocr_par' dir='ltr' id='par_1_65' title="bbox 292 3609 1906 3683">
     <span class='ocr_line' id='line_1_65' title="bbox 292 3609 1906 3683; baseline -0.002 -16"><span class='ocrx_word' id='word_1_510' title='bbox 292 3628 347 3681; x_wconf 82' lang='lat' dir='ltr'><strong>p.</strong></span> <span class='ocrx_word' id='word_1_511' title='bbox 384 3611 494 3668; x_wconf 76' lang='lat'><strong>509</strong></span> <span class='ocrx_word' id='word_1_512' title='bbox 536 3610 861 3683; x_wconf 76' lang='lat' dir='ltr'><strong>(Iustiniani</strong></span> <span class='ocrx_word' id='word_1_513' title='bbox 887 3626 1001 3680; x_wconf 85' lang='lat' dir='ltr'><strong>ep.,</strong></span> <span class='ocrx_word' id='word_1_514' title='bbox 1029 3610 1227 3678; x_wconf 86' lang='lat' dir='ltr'><strong>Band.,</strong></span> <span class='ocrx_word' id='word_1_515' title='bbox 1257 3611 1297 3675; x_wconf 90' lang='lat' dir='ltr'><strong>l,</strong></span> <span class='ocrx_word' id='word_1_516' title='bbox 1326 3626 1378 3680; x_wconf 91' lang='lat' dir='ltr'><strong>p.</strong></span> <span class='ocrx_word' id='word_1_517' title='bbox 1414 3609 1580 3680; x_wconf 83' lang='lat' dir='ltr'><strong>I70);</strong></span> <span class='ocrx_word' id='word_1_518' title='bbox 1612 3610 1732 3665; x_wconf 82' lang='lat' dir='ltr'><strong>Act.</strong></span> <span class='ocrx_word' id='word_1_519' title='bbox 1767 3626 1819 3667; x_wconf 91' lang='lat' dir='ltr'><strong>c.</strong></span> <span class='ocrx_word' id='word_1_520' title='bbox 1844 3610 1906 3667; x_wconf 90' lang='lat' dir='ltr'><strong>C.</strong></span> 
     </span>
    </p>
   </div>
   <div class='ocr_carea' id='block_1_66' title="bbox 292 3700 1908 3778">
    <p class='ocr_par' dir='ltr' id='par_1_66' title="bbox 292 3700 1908 3778">
     <span class='ocr_line' id='line_1_66' title="bbox 292 3700 1908 3778; baseline -0.002 -17"><span class='ocrx_word' id='word_1_521' title='bbox 292 3721 355 3772; x_wconf 91' lang='lat'><strong>11,</strong></span> <span class='ocrx_word' id='word_1_522' title='bbox 383 3719 463 3772; x_wconf 84' lang='lat' dir='ltr'><strong>Iv,</strong></span> <span class='ocrx_word' id='word_1_523' title='bbox 495 3706 531 3760; x_wconf 87' lang='lat'><strong>8</strong></span> <span class='ocrx_word' id='word_1_524' title='bbox 564 3702 715 3778; x_wconf 83' lang='lat' dir='ltr'><strong>(Vig.</strong></span> <span class='ocrx_word' id='word_1_525' title='bbox 738 3701 846 3758; x_wconf 87' lang='lat' dir='ltr'><strong>CP.</strong></span> <span class='ocrx_word' id='word_1_526' title='bbox 870 3701 934 3769; x_wconf 89' lang='lat'><strong>8;</strong></span> <span class='ocrx_word' id='word_1_527' title='bbox 973 3701 1164 3758; x_wconf 76' lang='lat' dir='ltr'><strong>Leont.</strong></span> <span class='ocrx_word' id='word_1_528' title='bbox 1196 3701 1232 3755; x_wconf 93' lang='lat' dir='ltr'><strong>l.</strong></span> <span class='ocrx_word' id='word_1_529' title='bbox 1260 3717 1335 3766; x_wconf 86' lang='lat' dir='ltr'><strong>c.,</strong></span> <span class='ocrx_word' id='word_1_530' title='bbox 1360 3717 1414 3772; x_wconf 91' lang='lat' dir='ltr'><strong>p.</strong></span> <span class='ocrx_word' id='word_1_531' title='bbox 1444 3703 1578 3768; x_wconf 74' lang='lat'><strong>310;</strong></span> <span class='ocrx_word' id='word_1_532' title='bbox 1610 3700 1908 3757; x_wconf 80' lang='lat' dir='ltr'><strong>.lustiniani</strong></span> 
     </span>
    </p>
   </div>
   <div class='ocr_carea' id='block_1_67' title="bbox 293 3792 1907 3869">
    <p class='ocr_par' dir='ltr' id='par_1_67' title="bbox 293 3792 1907 3869">
     <span class='ocr_line' id='line_1_67' title="bbox 293 3792 1907 3869; baseline -0.003 -19"><span class='ocrx_word' id='word_1_533' title='bbox 293 3813 406 3869; x_wconf 76' lang='lat' dir='ltr'><strong>ep.,</strong></span> <span class='ocrx_word' id='word_1_534' title='bbox 442 3797 647 3862; x_wconf 71' lang='lat' dir='ltr'><strong>Bant|.,</strong></span> <span class='ocrx_word' id='word_1_535' title='bbox 679 3795 721 3858; x_wconf 91' lang='lat' dir='ltr'><strong>I,</strong></span> <span class='ocrx_word' id='word_1_536' title='bbox 752 3811 804 3866; x_wconf 88' lang='lat' dir='ltr'><strong>p.</strong></span> <span class='ocrx_word' id='word_1_537' title='bbox 841 3795 1001 3866; x_wconf 71' lang='lat'><strong>172);</strong></span> <span class='ocrx_word' id='word_1_538' title='bbox 1051 3793 1247 3848; x_wconf 81' lang='lat' dir='ltr'><strong>Leont.</strong></span> <span class='ocrx_word' id='word_1_539' title='bbox 1288 3793 1323 3848; x_wconf 94' lang='grc'><strong>1.</strong></span> <span class='ocrx_word' id='word_1_540' title='bbox 1365 3810 1438 3859; x_wconf 88' lang='lat' dir='ltr'><strong>c.,</strong></span> <span class='ocrx_word' id='word_1_541' title='bbox 1470 3811 1525 3866; x_wconf 88' lang='lat' dir='ltr'><strong>p.</strong></span> <span class='ocrx_word' id='word_1_542' title='bbox 1563 3793 1661 3847; x_wconf 79' lang='grc'><strong>511</strong></span> <span class='ocrx_word' id='word_1_543' title='bbox 1714 3792 1907 3864; x_wconf 78' lang='lat' dir='ltr'><strong>(Justi-</strong></span> 
     </span>
    </p>
   </div>
   <div class='ocr_carea' id='block_1_68' title="bbox 295 3885 1912 3960">
    <p class='ocr_par' dir='ltr' id='par_1_68' title="bbox 295 3885 1912 3960">
     <span class='ocr_line' id='line_1_68' title="bbox 295 3885 1912 3960; baseline -0.002 -16"><span class='ocrx_word' id='word_1_544' title='bbox 295 3890 447 3945; x_wconf 85' lang='lat' dir='ltr'><strong>niani</strong></span> <span class='ocrx_word' id='word_1_545' title='bbox 475 3904 597 3960; x_wconf 83' lang='lat' dir='ltr'><strong>ep.,</strong></span> <span class='ocrx_word' id='word_1_546' title='bbox 627 3887 833 3954; x_wconf 88' lang='lat' dir='ltr'><strong>Band.,</strong></span> <span class='ocrx_word' id='word_1_547' title='bbox 856 3885 898 3951; x_wconf 89' lang='lat' dir='ltr'><strong>I,</strong></span> <span class='ocrx_word' id='word_1_548' title='bbox 925 3903 980 3958; x_wconf 92' lang='lat' dir='ltr'><strong>p.</strong></span> <span class='ocrx_word' id='word_1_549' title='bbox 1015 3885 1150 3955; x_wconf 84' lang='lat' dir='ltr'><strong>I77;</strong></span> <span class='ocrx_word' id='word_1_550' title='bbox 1190 3886 1423 3942; x_wconf 87' lang='lat' dir='ltr'><strong>alterum</strong></span> <span class='ocrx_word' id='word_1_551' title='bbox 1460 3885 1665 3940; x_wconf 82' lang='lat' dir='ltr'><strong>dicitur</strong></span> <span class='ocrx_word' id='word_1_552' title='bbox 1702 3886 1772 3941; x_wconf 80' lang='grc' dir='ltr'><strong>ἐκ</strong></span> <span class='ocrx_word' id='word_1_553' title='bbox 1799 3886 1912 3956; x_wconf 81' lang='grc' dir='ltr'><strong>τῆς</strong></span> 
     </span>
    </p>
   </div>
   <div class='ocr_carea' id='block_1_69' title="bbox 293 3977 1909 4050">
    <p class='ocr_par' dir='ltr' id='par_1_69' title="bbox 293 3977 1909 4050">
     <span class='ocr_line' id='line_1_69' title="bbox 293 3977 1909 4050; baseline 0 -17"><span class='ocrx_word' id='word_1_554' title='bbox 293 3979 625 4050; x_wconf 78' lang='grc' dir='ltr'><strong>ἑρμηνείας</strong></span> <span class='ocrx_word' id='word_1_555' title='bbox 663 3978 773 4033; x_wconf 83' lang='grc' dir='ltr'><strong>τοῦ</strong></span> <span class='ocrx_word' id='word_1_556' title='bbox 803 3984 857 4047; x_wconf 86' lang='grc' dir='ltr'><strong>η’</strong></span> <span class='ocrx_word' id='word_1_557' title='bbox 883 3980 954 4047; x_wconf 72' lang='grc' dir='ltr'><strong>ψ.</strong></span> <span class='ocrx_word' id='word_1_558' title='bbox 982 3988 1263 4047; x_wconf 86' lang='lat' dir='ltr'><strong>sumptum</strong></span> <span class='ocrx_word' id='word_1_559' title='bbox 1298 3992 1457 4042; x_wconf 89' lang='lat' dir='ltr'><strong>esse;</strong></span> <span class='ocrx_word' id='word_1_560' title='bbox 1498 3977 1622 4031; x_wconf 86' lang='lat' dir='ltr'><strong>Act.</strong></span> <span class='ocrx_word' id='word_1_561' title='bbox 1667 3992 1717 4032; x_wconf 94' lang='lat' dir='ltr'><strong>c.</strong></span> <span class='ocrx_word' id='word_1_562' title='bbox 1749 3978 1814 4032; x_wconf 69' lang='lat'><strong>(1.</strong></span> <span class='ocrx_word' id='word_1_563' title='bbox 1847 3994 1909 4043; x_wconf 88' lang='grc' dir='ltr'><strong>ιι,</strong></span> 
     </span>
    </p>
   </div>
   <div class='ocr_carea' id='block_1_70' title="bbox 296 4068 1911 4145">
    <p class='ocr_par' dir='ltr' id='par_1_70' title="bbox 296 4068 1911 4145">
     <span class='ocr_line' id='line_1_70' title="bbox 296 4068 1911 4145; baseline -0.002 -17"><span class='ocrx_word' id='word_1_564' title='bbox 296 4087 371 4137; x_wconf 87' lang='lat' dir='ltr'><strong>1v,</strong></span> <span class='ocrx_word' id='word_1_565' title='bbox 399 4074 471 4128; x_wconf 84' lang='lat' dir='ltr'><strong>I9</strong></span> <span class='ocrx_word' id='word_1_566' title='bbox 506 4070 663 4145; x_wconf 67' lang='grc' dir='ltr'><strong>[νίς.</strong></span> <span class='ocrx_word' id='word_1_567' title='bbox 695 4070 803 4128; x_wconf 86' lang='lat' dir='ltr'><strong>CP.</strong></span> <span class='ocrx_word' id='word_1_568' title='bbox 834 4069 955 4143; x_wconf 69' lang='lat'><strong>20],</strong></span> <span class='ocrx_word' id='word_1_569' title='bbox 994 4068 1072 4126; x_wconf 88' lang='lat' dir='ltr'><strong>De</strong></span> <span class='ocrx_word' id='word_1_570' title='bbox 1114 4070 1391 4140; x_wconf 83' lang='lat' dir='ltr'><strong>interpret.</strong></span> <span class='ocrx_word' id='word_1_571' title='bbox 1434 4070 1609 4124; x_wconf 82' lang='lat' dir='ltr'><strong>octavi</strong></span> <span class='ocrx_word' id='word_1_572' title='bbox 1650 4085 1775 4139; x_wconf 78' lang='lat' dir='ltr'><strong>ps.;</strong></span> <span class='ocrx_word' id='word_1_573' title='bbox 1815 4071 1911 4126; x_wconf 89' lang='lat' dir='ltr'><strong>sed</strong></span> 
     </span>
    </p>
   </div>
   <div class='ocr_carea' id='block_1_71' title="bbox 299 4161 1909 4236">
    <p class='ocr_par' dir='ltr' id='par_1_71' title="bbox 299 4161 1909 4236">
     <span class='ocr_line' id='line_1_71' title="bbox 299 4161 1909 4236; baseline -0.001 -16"><span class='ocrx_word' id='word_1_574' title='bbox 299 4180 430 4220; x_wconf 79' lang='lat' dir='ltr'><strong>cave</strong></span> <span class='ocrx_word' id='word_1_575' title='bbox 450 4165 739 4221; x_wconf 80' lang='lat' dir='ltr'><strong>Theodori</strong></span> <span class='ocrx_word' id='word_1_576' title='bbox 765 4164 822 4218; x_wconf 87' lang='lat' dir='ltr'><strong>in</strong></span> <span class='ocrx_word' id='word_1_577' title='bbox 853 4162 1107 4218; x_wconf 76' lang='lat' dir='ltr'><strong>Psalmos</strong></span> <span class='ocrx_word' id='word_1_578' title='bbox 1138 4161 1567 4219; x_wconf 85' lang='lat' dir='ltr'><strong>connnentarios</strong></span> <span class='ocrx_word' id='word_1_579' title='bbox 1589 4162 1909 4236; x_wconf 80' lang='lat' dir='ltr'><strong>intelligas),</strong></span> 
     </span>
    </p>
   </div>
   <div class='ocr_carea' id='block_1_72' title="bbox 297 4253 1325 4327">
    <p class='ocr_par' dir='ltr' id='par_1_72' title="bbox 297 4253 1325 4327">
     <span class='ocr_line' id='line_1_72' title="bbox 297 4253 1325 4327; baseline -0.008 -11"><span class='ocrx_word' id='word_1_580' title='bbox 297 4257 607 4316; x_wconf 71' lang='lat' dir='ltr'><strong>Iustiniani</strong></span> <span class='ocrx_word' id='word_1_581' title='bbox 650 4272 769 4327; x_wconf 88' lang='lat' dir='ltr'><strong>ep.,</strong></span> <span class='ocrx_word' id='word_1_582' title='bbox 798 4253 1004 4323; x_wconf 88' lang='lat' dir='ltr'><strong>Band.,</strong></span> <span class='ocrx_word' id='word_1_583' title='bbox 1033 4253 1075 4320; x_wconf 90' lang='grc'><strong>1,</strong></span> <span class='ocrx_word' id='word_1_584' title='bbox 1105 4269 1161 4327; x_wconf 91' lang='lat' dir='ltr'><strong>p.</strong></span> <span class='ocrx_word' id='word_1_585' title='bbox 1201 4253 1325 4310; x_wconf 71' lang='grc'><strong>182.</strong></span> 
     </span>
    </p>
   </div>
   <div class='ocr_carea' id='block_1_73' title="bbox 367 4347 1914 4421">
    <p class='ocr_par' dir='ltr' id='par_1_73' title="bbox 367 4347 1914 4421">
     <span class='ocr_line' id='line_1_73' title="bbox 367 4347 1914 4421; baseline 0.001 -15"><span class='ocrx_word' id='word_1_586' title='bbox 367 4352 554 4421; x_wconf 84' lang='lat' dir='ltr'><strong>Quam</strong></span> <span class='ocrx_word' id='word_1_587' title='bbox 578 4350 733 4404; x_wconf 86' lang='lat' dir='ltr'><strong>viam</strong></span> <span class='ocrx_word' id='word_1_588' title='bbox 763 4347 1095 4405; x_wconf 86' lang='lat' dir='ltr'><strong>Theodorus</strong></span> <span class='ocrx_word' id='word_1_589' title='bbox 1129 4350 1186 4404; x_wconf 87' lang='lat' dir='ltr'><strong>in</strong></span> <span class='ocrx_word' id='word_1_590' title='bbox 1227 4348 1467 4421; x_wconf 75' lang='lat' dir='ltr'><strong>singulis</strong></span> <span class='ocrx_word' id='word_1_591' title='bbox 1505 4348 1666 4404; x_wconf 86' lang='lat' dir='ltr'><strong>libris</strong></span> <span class='ocrx_word' id='word_1_592' title='bbox 1696 4348 1914 4421; x_wconf 62' lang='lat' dir='ltr'><strong>ingreso</strong></span> 
     </span>
    </p>
   </div>
   <div class='ocr_carea' id='block_1_74' title="bbox 298 4437 1914 4511">
    <p class='ocr_par' dir='ltr' id='par_1_74' title="bbox 298 4437 1914 4511">
     <span class='ocr_line' id='line_1_74' title="bbox 298 4437 1914 4511; baseline -0.002 -12"><span class='ocrx_word' id='word_1_593' title='bbox 298 4457 397 4500; x_wconf 81' lang='lat' dir='ltr'><strong>sus</strong></span> <span class='ocrx_word' id='word_1_594' title='bbox 431 4441 651 4497; x_wconf 73' lang='lat' dir='ltr'><strong>sitdici</strong></span> <span class='ocrx_word' id='word_1_595' title='bbox 688 4454 802 4495; x_wconf 90' lang='lat' dir='ltr'><strong>non</strong></span> <span class='ocrx_word' id='word_1_596' title='bbox 835 4448 1039 4511; x_wconf 88' lang='lat' dir='ltr'><strong>potest.</strong></span> <span class='ocrx_word' id='word_1_597' title='bbox 1082 4437 1416 4511; x_wconf 85' lang='lat' dir='ltr'><strong>Fragmenta</strong></span> <span class='ocrx_word' id='word_1_598' title='bbox 1449 4439 1597 4494; x_wconf 88' lang='lat' dir='ltr'><strong>enim</strong></span> <span class='ocrx_word' id='word_1_599' title='bbox 1626 4456 1752 4493; x_wconf 87' lang='lat' dir='ltr'><strong>eum</strong></span> <span class='ocrx_word' id='word_1_600' title='bbox 1793 4439 1914 4510; x_wconf 92' lang='lat' dir='ltr'><strong>ejus</strong></span> 
     </span>
    </p>
   </div>
   <div class='ocr_carea' id='block_1_75' title="bbox 2008 3233 3610 3307">
    <p class='ocr_par' dir='ltr' id='par_1_75' title="bbox 2008 3233 3610 3307">
     <span class='ocr_line' id='line_1_75' title="bbox 2008 3233 3610 3307; baseline -0.011 -3"><span class='ocrx_word' id='word_1_601' title='bbox 2008 3246 2234 3304; x_wconf 74' lang='lat' dir='ltr'><strong>Befellit</strong></span> <span class='ocrx_word' id='word_1_602' title='bbox 2273 3256 2458 3301; x_wconf 89' lang='lat' dir='ltr'><strong>tamen</strong></span> <span class='ocrx_word' id='word_1_603' title='bbox 2500 3243 2668 3298; x_wconf 89' lang='lat' dir='ltr'><strong>etiam</strong></span> <span class='ocrx_word' id='word_1_604' title='bbox 2704 3238 3040 3294; x_wconf 88' lang='lat' dir='ltr'><strong>Eunomium</strong></span> <span class='ocrx_word' id='word_1_605' title='bbox 3083 3236 3250 3307; x_wconf 83' lang='lat' dir='ltr'><strong>idque</strong></span> <span class='ocrx_word' id='word_1_606' title='bbox 3281 3235 3378 3305; x_wconf 91' lang='lat' dir='ltr'><strong>qui</strong></span> <span class='ocrx_word' id='word_1_607' title='bbox 3405 3233 3610 3289; x_wconf 77' lang='lat' dir='ltr'><strong>factum</strong></span> 
     </span>
    </p>
   </div>
   <div class='ocr_carea' id='block_1_76' title="bbox 2008 3328 3610 3409">
    <p class='ocr_par' dir='ltr' id='par_1_76' title="bbox 2008 3328 3610 3409">
     <span class='ocr_line' id='line_1_76' title="bbox 2008 3328 3610 3409; baseline -0.011 -11"><span class='ocrx_word' id='word_1_608' title='bbox 2008 3341 2083 3398; x_wconf 89' lang='lat' dir='ltr'><strong>sit</strong></span> <span class='ocrx_word' id='word_1_609' title='bbox 2119 3336 2471 3409; x_wconf 80' lang='lat' dir='ltr'><strong>conjicienda</strong></span> <span class='ocrx_word' id='word_1_610' title='bbox 2509 3336 2641 3389; x_wconf 89' lang='lat' dir='ltr'><strong>licet</strong></span> <span class='ocrx_word' id='word_1_611' title='bbox 2688 3329 2949 3401; x_wconf 86' lang='lat' dir='ltr'><strong>assequi,</strong></span> <span class='ocrx_word' id='word_1_612' title='bbox 3006 3328 3352 3401; x_wconf 81' lang='lat' dir='ltr'><strong>probabilius</strong></span> <span class='ocrx_word' id='word_1_613' title='bbox 3398 3336 3610 3391; x_wconf 81' lang='lat' dir='ltr'><strong>tamen,</strong></span> 
     </span>
    </p>
   </div>
   <div class='ocr_carea' id='block_1_77' title="bbox 2007 3418 3614 3504">
    <p class='ocr_par' dir='ltr' id='par_1_77' title="bbox 2007 3418 3614 3504">
     <span class='ocr_line' id='line_1_77' title="bbox 2007 3418 3614 3504; baseline -0.011 -16"><span class='ocrx_word' id='word_1_614' title='bbox 2007 3434 2102 3504; x_wconf 92' lang='lat' dir='ltr'><strong>qui</strong></span> <span class='ocrx_word' id='word_1_615' title='bbox 2134 3430 2540 3503; x_wconf 83' lang='lat' dir='ltr'><strong>Apollinarium</strong></span> <span class='ocrx_word' id='word_1_616' title='bbox 2583 3423 2991 3496; x_wconf 85' lang='lat' dir='ltr'><strong>impngnaverit</strong></span> <span class='ocrx_word' id='word_1_617' title='bbox 3015 3421 3292 3492; x_wconf 87' lang='lat' dir='ltr'><strong>disputes.</strong></span> <span class='ocrx_word' id='word_1_618' title='bbox 3326 3418 3614 3491; x_wconf 70' lang='lat' dir='ltr'><strong>Apollina-</strong></span> 
     </span>
    </p>
   </div>
   <div class='ocr_carea' id='block_1_78' title="bbox 2009 3511 3617 3588">
    <p class='ocr_par' dir='ltr' id='par_1_78' title="bbox 2009 3511 3617 3588">
     <span class='ocr_line' id='line_1_78' title="bbox 2009 3511 3617 3588; baseline -0.011 -6"><span class='ocrx_word' id='word_1_619' title='bbox 2009 3526 2130 3582; x_wconf 88' lang='lat' dir='ltr'><strong>rius</strong></span> <span class='ocrx_word' id='word_1_620' title='bbox 2159 3538 2308 3588; x_wconf 85' lang='lat' dir='ltr'><strong>vero,</strong></span> <span class='ocrx_word' id='word_1_621' title='bbox 2343 3523 2430 3576; x_wconf 86' lang='lat' dir='ltr'><strong>vir</strong></span> <span class='ocrx_word' id='word_1_622' title='bbox 2472 3518 2676 3574; x_wconf 89' lang='lat' dir='ltr'><strong>litteris</strong></span> <span class='ocrx_word' id='word_1_623' title='bbox 2703 3516 2913 3572; x_wconf 86' lang='lat' dir='ltr'><strong>Graecis</strong></span> <span class='ocrx_word' id='word_1_624' title='bbox 2942 3529 3111 3586; x_wconf 88' lang='lat' dir='ltr'><strong>quam</strong></span> <span class='ocrx_word' id='word_1_625' title='bbox 3150 3513 3391 3568; x_wconf 83' lang='lat' dir='ltr'><strong>maxime</strong></span> <span class='ocrx_word' id='word_1_626' title='bbox 3433 3511 3617 3567; x_wconf 82' lang='lat' dir='ltr'><strong>imbu-</strong></span> 
     </span>
    </p>
   </div>
   <div class='ocr_carea' id='block_1_79' title="bbox 2010 3603 3615 3682">
    <p class='ocr_par' dir='ltr' id='par_1_79' title="bbox 2010 3603 3615 3682">
     <span class='ocr_line' id='line_1_79' title="bbox 2010 3603 3615 3682; baseline -0.009 -11"><span class='ocrx_word' id='word_1_627' title='bbox 2010 3624 2124 3680; x_wconf 89' lang='lat' dir='ltr'><strong>tus,</strong></span> <span class='ocrx_word' id='word_1_628' title='bbox 2154 3613 2445 3669; x_wconf 72' lang='lat' dir='ltr'><strong>affirmavit</strong></span> <span class='ocrx_word' id='word_1_629' title='bbox 2472 3610 2694 3682; x_wconf 90' lang='lat' dir='ltr'><strong>quidem</strong></span> <span class='ocrx_word' id='word_1_630' title='bbox 2721 3608 2966 3668; x_wconf 82' lang='lat' dir='ltr'><strong>Christo.</strong></span> <span class='ocrx_word' id='word_1_631' title='bbox 2996 3605 3106 3661; x_wconf 90' lang='lat' dir='ltr'><strong>Deo</strong></span> <span class='ocrx_word' id='word_1_632' title='bbox 3130 3612 3186 3659; x_wconf 85' lang='lat' dir='ltr'><strong>et</strong></span> <span class='ocrx_word' id='word_1_633' title='bbox 3221 3603 3453 3665; x_wconf 79' lang='lat' dir='ltr'><strong>homini,</strong></span> <span class='ocrx_word' id='word_1_634' title='bbox 3489 3617 3615 3673; x_wconf 83' lang='lat' dir='ltr'><strong>per-</strong></span> 
     </span>
    </p>
   </div>
   <div class='ocr_carea' id='block_1_80' title="bbox 2009 3695 3618 3767">
    <p class='ocr_par' dir='ltr' id='par_1_80' title="bbox 2009 3695 3618 3767">
     <span class='ocr_line' id='line_1_80' title="bbox 2009 3695 3618 3767; baseline -0.01 -1"><span class='ocrx_word' id='word_1_635' title='bbox 2009 3724 2166 3766; x_wconf 76' lang='lat' dir='ltr'><strong>son-ae</strong></span> <span class='ocrx_word' id='word_1_636' title='bbox 2207 3707 2477 3762; x_wconf 87' lang='lat' dir='ltr'><strong>unitatem</strong></span> <span class='ocrx_word' id='word_1_637' title='bbox 2520 3700 2867 3758; x_wconf 65' lang='lat' dir='ltr'><strong>tribuendam</strong></span> <span class='ocrx_word' id='word_1_638' title='bbox 2917 3714 3064 3764; x_wconf 88' lang='lat' dir='ltr'><strong>esse,</strong></span> <span class='ocrx_word' id='word_1_639' title='bbox 3101 3697 3198 3754; x_wconf 89' lang='lat' dir='ltr'><strong>sed</strong></span> <span class='ocrx_word' id='word_1_640' title='bbox 3227 3713 3393 3767; x_wconf 87' lang='lat' dir='ltr'><strong>quam</strong></span> <span class='ocrx_word' id='word_1_641' title='bbox 3441 3695 3618 3750; x_wconf 86' lang='lat' dir='ltr'><strong>ratio-</strong></span> 
     </span>
    </p>
   </div>
   <div class='ocr_carea' id='block_1_81' title="bbox 2012 3786 3617 3870">
    <p class='ocr_par' dir='ltr' id='par_1_81' title="bbox 2012 3786 3617 3870">
     <span class='ocr_line' id='line_1_81' title="bbox 2012 3786 3617 3870; baseline -0.01 -12"><span class='ocrx_word' id='word_1_642' title='bbox 2012 3817 2137 3858; x_wconf 88' lang='lat' dir='ltr'><strong>nem</strong></span> <span class='ocrx_word' id='word_1_643' title='bbox 2183 3807 2243 3855; x_wconf 91' lang='lat' dir='ltr'><strong>ut</strong></span> <span class='ocrx_word' id='word_1_644' title='bbox 2291 3797 2612 3870; x_wconf 88' lang='lat' dir='ltr'><strong>mysterium</strong></span> <span class='ocrx_word' id='word_1_645' title='bbox 2644 3796 2831 3848; x_wconf 90' lang='lat' dir='ltr'><strong>animo</strong></span> <span class='ocrx_word' id='word_1_646' title='bbox 2881 3790 3230 3863; x_wconf 85' lang='lat' dir='ltr'><strong>perciperent</strong></span> <span class='ocrx_word' id='word_1_647' title='bbox 3267 3789 3323 3842; x_wconf 92' lang='lat' dir='ltr'><strong>in</strong></span> <span class='ocrx_word' id='word_1_648' title='bbox 3361 3786 3617 3843; x_wconf 84' lang='lat' dir='ltr'><strong>Ecclesia</strong></span> 
     </span>
    </p>
   </div>
   <div class='ocr_carea' id='block_1_82' title="bbox 2012 3880 3620 3958">
    <p class='ocr_par' dir='ltr' id='par_1_82' title="bbox 2012 3880 3620 3958">
     <span class='ocr_line' id='line_1_82' title="bbox 2012 3880 3620 3958; baseline -0.012 -7"><span class='ocrx_word' id='word_1_649' title='bbox 2012 3904 2129 3951; x_wconf 88' lang='lat' dir='ltr'><strong>tum</strong></span> <span class='ocrx_word' id='word_1_650' title='bbox 2170 3892 2409 3947; x_wconf 85' lang='lat' dir='ltr'><strong>inierant</strong></span> <span class='ocrx_word' id='word_1_651' title='bbox 2440 3887 2792 3958; x_wconf 79' lang='lat' dir='ltr'><strong>improbavit.</strong></span> <span class='ocrx_word' id='word_1_652' title='bbox 2836 3885 2913 3942; x_wconf 79' lang='lat' dir='ltr'><strong>Ex</strong></span> <span class='ocrx_word' id='word_1_653' title='bbox 2949 3883 3171 3940; x_wconf 90' lang='lat' dir='ltr'><strong>duobus</strong></span> <span class='ocrx_word' id='word_1_654' title='bbox 3208 3880 3471 3952; x_wconf 79' lang='lat' dir='ltr'><strong>perfectis</strong></span> <span class='ocrx_word' id='word_1_655' title='bbox 3501 3880 3620 3949; x_wconf 71' lang='lat' dir='ltr'><strong>{rs-</strong></span> 
     </span>
    </p>
   </div>
   <div class='ocr_carea' id='block_1_83' title="bbox 2011 3975 3616 4054">
    <p class='ocr_par' dir='ltr' id='par_1_83' title="bbox 2011 3975 3616 4054">
     <span class='ocr_line' id='line_1_83' title="bbox 2011 3975 3616 4054; baseline -0.008 -14"><span class='ocrx_word' id='word_1_656' title='bbox 2011 3984 2197 4054; x_wconf 81' lang='grc' dir='ltr'><strong>λείοις)</strong></span> <span class='ocrx_word' id='word_1_657' title='bbox 2223 3997 2393 4038; x_wconf 90' lang='lat' dir='ltr'><strong>unum</strong></span> <span class='ocrx_word' id='word_1_658' title='bbox 2427 3979 2565 4036; x_wconf 85' lang='lat' dir='ltr'><strong>ellici</strong></span> <span class='ocrx_word' id='word_1_659' title='bbox 2612 3994 2722 4033; x_wconf 87' lang='lat' dir='ltr'><strong>non</strong></span> <span class='ocrx_word' id='word_1_660' title='bbox 2756 3994 2942 4049; x_wconf 90' lang='lat' dir='ltr'><strong>posse,</strong></span> <span class='ocrx_word' id='word_1_661' title='bbox 2976 3977 3031 4030; x_wconf 90' lang='lat' dir='ltr'><strong>h.</strong></span> <span class='ocrx_word' id='word_1_662' title='bbox 3081 3992 3132 4031; x_wconf 88' lang='lat' dir='ltr'><strong>e.</strong></span> <span class='ocrx_word' id='word_1_663' title='bbox 3160 3975 3299 4030; x_wconf 71' lang='lat' dir='ltr'><strong>dttas</strong></span> <span class='ocrx_word' id='word_1_664' title='bbox 3348 3988 3616 4043; x_wconf 84' lang='lat' dir='ltr'><strong>personas</strong></span> 
     </span>
    </p>
   </div>
   <div class='ocr_carea' id='block_1_84' title="bbox 2014 4065 3616 4144">
    <p class='ocr_par' dir='ltr' id='par_1_84' title="bbox 2014 4065 3616 4144">
     <span class='ocr_line' id='line_1_84' title="bbox 2014 4065 3616 4144; baseline -0.009 -9"><span class='ocrx_word' id='word_1_665' title='bbox 2014 4069 2182 4135; x_wconf 84' lang='lat' dir='ltr'><strong>unam</strong></span> <span class='ocrx_word' id='word_1_666' title='bbox 2210 4074 2326 4131; x_wconf 88' lang='lat' dir='ltr'><strong>ﬁeri</strong></span> <span class='ocrx_word' id='word_1_667' title='bbox 2360 4090 2471 4129; x_wconf 91' lang='lat' dir='ltr'><strong>non</strong></span> <span class='ocrx_word' id='word_1_668' title='bbox 2504 4088 2669 4144; x_wconf 88' lang='lat' dir='ltr'><strong>posse</strong></span> <span class='ocrx_word' id='word_1_669' title='bbox 2694 4086 2821 4127; x_wconf 90' lang='lat' dir='ltr'><strong>cum</strong></span> <span class='ocrx_word' id='word_1_670' title='bbox 2865 4070 2969 4126; x_wconf 92' lang='lat' dir='ltr'><strong>sibi</strong></span> <span class='ocrx_word' id='word_1_671' title='bbox 3007 4068 3405 4140; x_wconf 87' lang='lat' dir='ltr'><strong>persuasisset,</strong></span> <span class='ocrx_word' id='word_1_672' title='bbox 3432 4065 3616 4121; x_wconf 84' lang='lat' dir='ltr'><strong>eccle-</strong></span> 
     </span>
    </p>
   </div>
   <div class='ocr_carea' id='block_1_85' title="bbox 2017 4157 3618 4232">
    <p class='ocr_par' dir='ltr' id='par_1_85' title="bbox 2017 4157 3618 4232">
     <span class='ocr_line' id='line_1_85' title="bbox 2017 4157 3618 4232; baseline -0.011 -4"><span class='ocrx_word' id='word_1_673' title='bbox 2017 4170 2244 4228; x_wconf 89' lang='lat' dir='ltr'><strong>siastica</strong></span> <span class='ocrx_word' id='word_1_674' title='bbox 2285 4166 2525 4223; x_wconf 79' lang='lat' dir='ltr'><strong>formula</strong></span> <span class='ocrx_word' id='word_1_675' title='bbox 2571 4164 2696 4220; x_wconf 92' lang='lat' dir='ltr'><strong>ideo</strong></span> <span class='ocrx_word' id='word_1_676' title='bbox 2741 4163 2793 4220; x_wconf 92' lang='lat' dir='ltr'><strong>ei</strong></span> <span class='ocrx_word' id='word_1_677' title='bbox 2832 4162 3139 4232; x_wconf 88' lang='lat' dir='ltr'><strong>displicuit,</strong></span> <span class='ocrx_word' id='word_1_678' title='bbox 3182 4157 3333 4230; x_wconf 92' lang='lat' dir='ltr'><strong>quod</strong></span> <span class='ocrx_word' id='word_1_679' title='bbox 3375 4172 3439 4213; x_wconf 86' lang='lat' dir='ltr'><strong>ea</strong></span> <span class='ocrx_word' id='word_1_680' title='bbox 3474 4157 3618 4213; x_wconf 88' lang='lat' dir='ltr'><strong>duce</strong></span> 
     </span>
    </p>
   </div>
   <div class='ocr_carea' id='block_1_86' title="bbox 2012 4248 3618 4323">
    <p class='ocr_par' dir='ltr' id='par_1_86' title="bbox 2012 4248 3618 4323">
     <span class='ocr_line' id='line_1_86' title="bbox 2012 4248 3618 4323; baseline -0.014 -2"><span class='ocrx_word' id='word_1_681' title='bbox 2012 4265 2242 4321; x_wconf 88' lang='lat' dir='ltr'><strong>Christo</strong></span> <span class='ocrx_word' id='word_1_682' title='bbox 2270 4260 2493 4317; x_wconf 85' lang='lat' dir='ltr'><strong>nonnisi</strong></span> <span class='ocrx_word' id='word_1_683' title='bbox 2524 4256 2708 4313; x_wconf 78' lang='lat' dir='ltr'><strong>Verbo</strong></span> <span class='ocrx_word' id='word_1_684' title='bbox 2733 4255 2918 4310; x_wconf 86' lang='lat' dir='ltr'><strong>unitas</strong></span> <span class='ocrx_word' id='word_1_685' title='bbox 2946 4257 3287 4323; x_wconf 87' lang='lat' dir='ltr'><strong>competeret</strong></span> <span class='ocrx_word' id='word_1_686' title='bbox 3312 4248 3618 4319; x_wconf 82' lang='lat' dir='ltr'><strong>duplicem-</strong></span> 
     </span>
    </p>
   </div>
   <div class='ocr_carea' id='block_1_87' title="bbox 2016 4343 3617 4431">
    <p class='ocr_par' dir='ltr' id='par_1_87' title="bbox 2016 4343 3617 4431">
     <span class='ocr_line' id='line_1_87' title="bbox 2016 4343 3617 4431; baseline -0.013 -17"><span class='ocrx_word' id='word_1_687' title='bbox 2016 4374 2125 4431; x_wconf 88' lang='lat' dir='ltr'><strong>que</strong></span> <span class='ocrx_word' id='word_1_688' title='bbox 2153 4355 2437 4412; x_wconf 88' lang='lat' dir='ltr'><strong>Christum</strong></span> <span class='ocrx_word' id='word_1_689' title='bbox 2470 4361 2526 4408; x_wconf 90' lang='lat' dir='ltr'><strong>et</strong></span> <span class='ocrx_word' id='word_1_690' title='bbox 2552 4350 2693 4405; x_wconf 90' lang='lat' dir='ltr'><strong>duos</strong></span> <span class='ocrx_word' id='word_1_691' title='bbox 2726 4348 2870 4402; x_wconf 89' lang='lat' dir='ltr'><strong>ﬁlios</strong></span> <span class='ocrx_word' id='word_1_692' title='bbox 2901 4361 3027 4403; x_wconf 88' lang='lat' dir='ltr'><strong>esse</strong></span> <span class='ocrx_word' id='word_1_693' title='bbox 3057 4343 3412 4399; x_wconf 87' lang='lat' dir='ltr'><strong>statuendum</strong></span> <span class='ocrx_word' id='word_1_694' title='bbox 3443 4346 3617 4395; x_wconf 88' lang='lat' dir='ltr'><strong>esset.</strong></span> 
     </span>
    </p>
   </div>
   <div class='ocr_carea' id='block_1_88' title="bbox 2020 4430 3620 4519">
    <p class='ocr_par' dir='ltr' id='par_1_88' title="bbox 2020 4430 3620 4519">
     <span class='ocr_line' id='line_1_88' title="bbox 2020 4430 3620 4519; baseline -0.013 -13"><span class='ocrx_word' id='word_1_695' title='bbox 2020 4452 2211 4519; x_wconf 84' lang='lat' dir='ltr'><strong>Itaque</strong></span> <span class='ocrx_word' id='word_1_696' title='bbox 2262 4444 2589 4500; x_wconf 81' lang='lat' dir='ltr'><strong>orthodoxis</strong></span> <span class='ocrx_word' id='word_1_697' title='bbox 2642 4436 3115 4510; x_wconf 75' lang='grc' dir='ltr'><strong>ἀνθρωπολατρῶν</strong></span> <span class='ocrx_word' id='word_1_698' title='bbox 3176 4435 3481 4506; x_wconf 76' lang='lat' dir='ltr'><strong>(Athenas.</strong></span> <span class='ocrx_word' id='word_1_699' title='bbox 3543 4430 3620 4486; x_wconf 86' lang='lat' dir='ltr'><strong>De</strong></span> 
     </span>
    </p>
   </div>
   <div class='ocr_carea' id='block_1_89' title="bbox 299 4524 3615 4606">
    <p class='ocr_par' dir='ltr' id='par_1_89' title="bbox 299 4524 3615 4606">
     <span class='ocr_line' id='line_1_89' title="bbox 299 4524 3615 4606; baseline -0.004 -16"><span class='ocrx_word' id='word_1_700' title='bbox 299 4547 392 4592; x_wconf 78' lang='lat' dir='ltr'><strong>aut</strong></span> <span class='ocrx_word' id='word_1_701' title='bbox 418 4534 907 4606; x_wconf 79' lang='lat' dir='ltr'><strong>impugnaudiaut</strong></span> <span class='ocrx_word' id='word_1_702' title='bbox 943 4531 1467 4590; x_wconf 83' lang='lat' dir='ltr'><strong>defendendicausa</strong></span> <span class='ocrx_word' id='word_1_703' title='bbox 1499 4532 1744 4588; x_wconf 80' lang='lat' dir='ltr'><strong>exhibita</strong></span> <span class='ocrx_word' id='word_1_704' title='bbox 1778 4534 1912 4597; x_wconf 88' lang='lat' dir='ltr'><strong>sint,</strong></span> <span class='ocrx_word' id='word_1_705' title='bbox 1951 4536 1993 4592; x_wconf 88' lang='lat' dir='ltr'>D</span> <span class='ocrx_word' id='word_1_706' title='bbox 2022 4544 2231 4597; x_wconf 72' lang='grc' dir='ltr'><strong>ξηεανη,</strong></span> <span class='ocrx_word' id='word_1_707' title='bbox 2270 4538 2374 4594; x_wconf 78' lang='lat' dir='ltr'><strong>sub</strong></span> <span class='ocrx_word' id='word_1_708' title='bbox 2399 4536 2522 4597; x_wconf 68' lang='grc' dir='ltr'>Ωιι..</span> <span class='ocrx_word' id='word_1_709' title='bbox 2562 4532 2794 4603; x_wconf 79' lang='lat' dir='ltr'><strong>Gregot&#39;.</strong></span> <span class='ocrx_word' id='word_1_710' title='bbox 2821 4530 2953 4586; x_wconf 78' lang='lat' dir='ltr'><strong>Nuz.</strong></span> <span class='ocrx_word' id='word_1_711' title='bbox 2982 4545 3067 4584; x_wconf 89' lang='lat' dir='ltr'><strong>or.</strong></span> <span class='ocrx_word' id='word_1_712' title='bbox 3102 4528 3192 4591; x_wconf 80' lang='lat' dir='ltr'><strong>5i,</strong></span> <span class='ocrx_word' id='word_1_713' title='bbox 3225 4528 3264 4592; x_wconf 91' lang='lat' dir='ltr'><strong>l,</strong></span> <span class='ocrx_word' id='word_1_714' title='bbox 3300 4543 3352 4596; x_wconf 90' lang='lat' dir='ltr'><strong>p.</strong></span> <span class='ocrx_word' id='word_1_715' title='bbox 3392 4524 3496 4579; x_wconf 64' lang='grc'><strong>712</strong></span> <span class='ocrx_word' id='word_1_716' title='bbox 3526 4524 3615 4579; x_wconf 91' lang='lat' dir='ltr'><strong>ed.</strong></span> 
     </span>
    </p>
   </div>
   <div class='ocr_carea' id='block_1_90' title="bbox 298 4623 1920 4695">
    <p class='ocr_par' dir='ltr' id='par_1_90' title="bbox 298 4623 1920 4695">
     <span class='ocr_line' id='line_1_90' title="bbox 298 4623 1920 4695; baseline -0.002 -11"><span class='ocrx_word' id='word_1_717' title='bbox 298 4630 356 4684; x_wconf 85' lang='lat' dir='ltr'><strong>in</strong></span> <span class='ocrx_word' id='word_1_718' title='bbox 379 4643 495 4683; x_wconf 86' lang='lat' dir='ltr'><strong>una</strong></span> <span class='ocrx_word' id='word_1_719' title='bbox 529 4626 655 4681; x_wconf 77' lang='lat' dir='ltr'><strong>fere</strong></span> <span class='ocrx_word' id='word_1_720' title='bbox 676 4625 987 4695; x_wconf 83' lang='lat' dir='ltr'><strong>eademque</strong></span> <span class='ocrx_word' id='word_1_721' title='bbox 1010 4640 1073 4680; x_wconf 89' lang='lat' dir='ltr'><strong>re</strong></span> <span class='ocrx_word' id='word_1_722' title='bbox 1095 4631 1395 4680; x_wconf 83' lang='lat' dir='ltr'><strong>versantur</strong></span> <span class='ocrx_word' id='word_1_723' title='bbox 1415 4633 1471 4679; x_wconf 91' lang='lat' dir='ltr'><strong>et</strong></span> <span class='ocrx_word' id='word_1_724' title='bbox 1500 4624 1637 4679; x_wconf 86' lang='lat' dir='ltr'><strong>nihil</strong></span> <span class='ocrx_word' id='word_1_725' title='bbox 1658 4623 1767 4681; x_wconf 88' lang='lat' dir='ltr'><strong>nisi</strong></span> <span class='ocrx_word' id='word_1_726' title='bbox 1802 4625 1920 4681; x_wconf 88' lang='lat' dir='ltr'><strong>bre-</strong></span> 
     </span>
    </p>
   </div>
   <div class='ocr_carea' id='block_1_91' title="bbox 298 4715 1920 4787">
    <p class='ocr_par' dir='ltr' id='par_1_91' title="bbox 298 4715 1920 4787">
     <span class='ocr_line' id='line_1_91' title="bbox 298 4715 1920 4787; baseline -0.006 -9"><span class='ocrx_word' id='word_1_727' title='bbox 298 4721 523 4778; x_wconf 77' lang='lat' dir='ltr'><strong>vissimi</strong></span> <span class='ocrx_word' id='word_1_728' title='bbox 554 4719 599 4774; x_wconf 86' lang='grc' dir='ltr'>Τ</span> <span class='ocrx_word' id='word_1_729' title='bbox 606 4718 899 4773; x_wconf 77' lang='lat' dir='ltr'><strong>heodoreae</strong></span> <span class='ocrx_word' id='word_1_730' title='bbox 924 4716 1320 4786; x_wconf 87' lang='lat' dir='ltr'><strong>disputationis</strong></span> <span class='ocrx_word' id='word_1_731' title='bbox 1351 4718 1517 4787; x_wconf 91' lang='lat' dir='ltr'><strong>panni</strong></span> <span class='ocrx_word' id='word_1_732' title='bbox 1551 4726 1701 4773; x_wconf 91' lang='lat' dir='ltr'><strong>sunt.</strong></span> <span class='ocrx_word' id='word_1_733' title='bbox 1728 4715 1920 4784; x_wconf 80' lang='lat' dir='ltr'><strong>Quan-</strong></span> 
     </span>
    </p>
   </div>
   <div class='ocr_carea' id='block_1_92' title="bbox 298 4810 1920 4887">
    <p class='ocr_par' dir='ltr' id='par_1_92' title="bbox 298 4810 1920 4887">
     <span class='ocr_line' id='line_1_92' title="bbox 298 4810 1920 4887; baseline -0.002 -17"><span class='ocrx_word' id='word_1_734' title='bbox 298 4831 469 4887; x_wconf 87' lang='lat' dir='ltr'><strong>quam</strong></span> <span class='ocrx_word' id='word_1_735' title='bbox 515 4814 799 4871; x_wconf 80' lang='lat' dir='ltr'><strong>verbosus</strong></span> <span class='ocrx_word' id='word_1_736' title='bbox 849 4811 1179 4867; x_wconf 83' lang='lat' dir='ltr'><strong>Theodorus</strong></span> <span class='ocrx_word' id='word_1_737' title='bbox 1209 4810 1300 4865; x_wconf 86' lang='lat' dir='ltr'><strong>hic</strong></span> <span class='ocrx_word' id='word_1_738' title='bbox 1338 4810 1419 4865; x_wconf 88' lang='lat' dir='ltr'><strong>rei</strong></span> <span class='ocrx_word' id='word_1_739' title='bbox 1464 4818 1795 4883; x_wconf 76' lang='lat' dir='ltr'><strong>argumento</strong></span> <span class='ocrx_word' id='word_1_740' title='bbox 1822 4812 1920 4867; x_wconf 89' lang='lat' dir='ltr'><strong>ad-</strong></span> 
     </span>
    </p>
   </div>
   <div class='ocr_carea' id='block_1_93' title="bbox 297 4904 1920 4978">
    <p class='ocr_par' dir='ltr' id='par_1_93' title="bbox 297 4904 1920 4978">
     <span class='ocr_line' id='line_1_93' title="bbox 297 4904 1920 4978; baseline -0.003 -12"><span class='ocrx_word' id='word_1_741' title='bbox 297 4910 509 4965; x_wconf 86' lang='lat' dir='ltr'><strong>ductus</strong></span> <span class='ocrx_word' id='word_1_742' title='bbox 562 4905 703 4978; x_wconf 86' lang='lat' dir='ltr'><strong>quid</strong></span> <span class='ocrx_word' id='word_1_743' title='bbox 752 4906 948 4962; x_wconf 89' lang='lat' dir='ltr'><strong>eadem</strong></span> <span class='ocrx_word' id='word_1_744' title='bbox 997 4904 1198 4959; x_wconf 90' lang='lat' dir='ltr'><strong>iterum</strong></span> <span class='ocrx_word' id='word_1_745' title='bbox 1243 4904 1562 4974; x_wconf 87' lang='lat' dir='ltr'><strong>iterumque</strong></span> <span class='ocrx_word' id='word_1_746' title='bbox 1618 4906 1920 4975; x_wconf 87' lang='lat' dir='ltr'><strong>repetendo</strong></span> 
     </span>
    </p>
   </div>
   <div class='ocr_carea' id='block_1_94' title="bbox 297 4995 1917 5072">
    <p class='ocr_par' dir='ltr' id='par_1_94' title="bbox 297 4995 1917 5072">
     <span class='ocr_line' id='line_1_94' title="bbox 297 4995 1917 5072; baseline -0.003 -14"><span class='ocrx_word' id='word_1_747' title='bbox 297 5007 500 5072; x_wconf 83' lang='lat' dir='ltr'><strong>posset</strong></span> <span class='ocrx_word' id='word_1_748' title='bbox 541 4998 768 5054; x_wconf 85' lang='lat' dir='ltr'><strong>videtur</strong></span> <span class='ocrx_word' id='word_1_749' title='bbox 800 5005 1068 5069; x_wconf 80' lang='lat' dir='ltr'><strong>expertus</strong></span> <span class='ocrx_word' id='word_1_750' title='bbox 1102 5012 1248 5054; x_wconf 85' lang='lat' dir='ltr'><strong>esse.</strong></span> <span class='ocrx_word' id='word_1_751' title='bbox 1286 4996 1407 5069; x_wconf 88' lang='lat' dir='ltr'><strong>Ipse</strong></span> <span class='ocrx_word' id='word_1_752' title='bbox 1447 5004 1637 5052; x_wconf 89' lang='lat' dir='ltr'><strong>narrat</strong></span> <span class='ocrx_word' id='word_1_753' title='bbox 1670 4995 1822 5067; x_wconf 90' lang='lat' dir='ltr'><strong>(Fac.</strong></span> <span class='ocrx_word' id='word_1_754' title='bbox 1861 5014 1917 5063; x_wconf 76' lang='grc' dir='ltr'>ιι,</span> 
     </span>
    </p>
   </div>
   <div class='ocr_carea' id='block_1_95' title="bbox 300 5088 1920 5168">
    <p class='ocr_par' dir='ltr' id='par_1_95' title="bbox 300 5088 1920 5168">
     <span class='ocr_line' id='line_1_95' title="bbox 300 5088 1920 5168; baseline -0.003 -17"><span class='ocrx_word' id='word_1_755' title='bbox 300 5095 353 5168; x_wconf 74' lang='grc'><strong>1)</strong></span> <span class='ocrx_word' id='word_1_756' title='bbox 383 5110 448 5153; x_wconf 85' lang='lat' dir='ltr'><strong>se</strong></span> <span class='ocrx_word' id='word_1_757' title='bbox 489 5113 512 5147; x_wconf 73' lang='grc' dir='ltr'><strong>ι</strong></span> <span class='ocrx_word' id='word_1_758' title='bbox 544 5091 671 5147; x_wconf 79' lang='lat' dir='ltr'><strong>Arii</strong></span> <span class='ocrx_word' id='word_1_759' title='bbox 699 5098 755 5149; x_wconf 87' lang='lat' dir='ltr'><strong>et</strong></span> <span class='ocrx_word' id='word_1_760' title='bbox 778 5088 1049 5146; x_wconf 82' lang='lat' dir='ltr'><strong>Eunomii</strong></span> <span class='ocrx_word' id='word_1_761' title='bbox 1075 5088 1142 5146; x_wconf 90' lang='lat' dir='ltr'><strong>de</strong></span> <span class='ocrx_word' id='word_1_762' title='bbox 1166 5090 1555 5147; x_wconf 89' lang='lat' dir='ltr'><strong>incarnatione</strong></span> <span class='ocrx_word' id='word_1_763' title='bbox 1581 5090 1781 5145; x_wconf 83' lang='lat' dir='ltr'><strong>delicta</strong></span> <span class='ocrx_word' id='word_1_764' title='bbox 1816 5107 1920 5146; x_wconf 88' lang='lat' dir='ltr'><strong>nec</strong></span> 
     </span>
    </p>
   </div>
   <div class='ocr_carea' id='block_1_96' title="bbox 297 5247 1920 5319">
    <p class='ocr_par' dir='ltr' id='par_1_96' title="bbox 297 5247 1920 5319">
     <span class='ocr_line' id='line_1_96' title="bbox 297 5247 1920 5319; baseline 0.001 -14"><span class='ocrx_word' id='word_1_765' title='bbox 297 5249 549 5319; x_wconf 63' lang='lat' dir='ltr'><strong>genuina</strong></span> <span class='ocrx_word' id='word_1_766' title='bbox 603 5247 914 5319; x_wconf 84' lang='lat' dir='ltr'><strong>probantur</strong></span> <span class='ocrx_word' id='word_1_767' title='bbox 968 5248 1044 5317; x_wconf 88' lang='lat' dir='ltr'><strong>(v.</strong></span> <span class='ocrx_word' id='word_1_768' title='bbox 1078 5247 1400 5313; x_wconf 76' lang='lat' dir='ltr'><strong>s.et1nl‘.),</strong></span> <span class='ocrx_word' id='word_1_769' title='bbox 1447 5248 1597 5319; x_wconf 88' lang='lat' dir='ltr'><strong>quod</strong></span> <span class='ocrx_word' id='word_1_770' title='bbox 1655 5249 1799 5305; x_wconf 84' lang='lat' dir='ltr'><strong>idem</strong></span> <span class='ocrx_word' id='word_1_771' title='bbox 1855 5252 1920 5308; x_wconf 85' lang='lat' dir='ltr'><strong>de</strong></span> 
     </span>
    </p>
   </div>
   <div class='ocr_carea' id='block_1_97' title="bbox 298 5318 1922 5389">
    <p class='ocr_par' dir='ltr' id='par_1_97' title="bbox 298 5318 1922 5389">
     <span class='ocr_line' id='line_1_97' title="bbox 298 5318 1922 5389; baseline 0 -13"><span class='ocrx_word' id='word_1_772' title='bbox 298 5318 535 5377; x_wconf 74' lang='lat' dir='ltr'><strong>Diodori</strong></span> <span class='ocrx_word' id='word_1_773' title='bbox 596 5320 728 5385; x_wconf 85' lang='lat' dir='ltr'><strong>illis,</strong></span> <span class='ocrx_word' id='word_1_774' title='bbox 786 5336 908 5388; x_wconf 68' lang='lat' dir='ltr'><strong>quae</strong></span> <span class='ocrx_word' id='word_1_775' title='bbox 957 5320 1180 5389; x_wconf 87' lang='lat' dir='ltr'><strong>quidem</strong></span> <span class='ocrx_word' id='word_1_776' title='bbox 1212 5322 1298 5374; x_wconf 80' lang='lat' dir='ltr'><strong>ex</strong></span> <span class='ocrx_word' id='word_1_777' title='bbox 1348 5320 1469 5387; x_wconf 82' lang='lat' dir='ltr'><strong>ejus</strong></span> <span class='ocrx_word' id='word_1_778' title='bbox 1520 5320 1660 5376; x_wconf 81' lang='lat' dir='ltr'><strong>libro</strong></span> <span class='ocrx_word' id='word_1_779' title='bbox 1715 5319 1922 5376; x_wconf 83' lang='lat' dir='ltr'><strong>Contra</strong></span> 
     </span>
    </p>
   </div>
   <div class='ocr_carea' id='block_1_98' title="bbox 294 5391 1921 5463">
    <p class='ocr_par' dir='ltr' id='par_1_98' title="bbox 294 5391 1921 5463">
     <span class='ocr_line' id='line_1_98' title="bbox 294 5391 1921 5463; baseline 0.002 -19"><span class='ocrx_word' id='word_1_780' title='bbox 294 5391 678 5463; x_wconf 59' lang='lat' dir='ltr'><strong>Synnaiddas</strong></span> <span class='ocrx_word' id='word_1_781' title='bbox 738 5392 822 5444; x_wconf 87' lang='lat' dir='ltr'><strong>vel</strong></span> <span class='ocrx_word' id='word_1_782' title='bbox 889 5391 1315 5463; x_wconf 82' lang='lat' dir='ltr'><strong>Apollinaristas</strong></span> <span class='ocrx_word' id='word_1_783' title='bbox 1368 5395 1693 5463; x_wconf 76' lang='lat' dir='ltr'><strong>deprompta</strong></span> <span class='ocrx_word' id='word_1_784' title='bbox 1759 5402 1921 5455; x_wconf 87' lang='lat' dir='ltr'><strong>sunt,</strong></span> 
     </span>
    </p>
   </div>
   <div class='ocr_carea' id='block_1_99' title="bbox 298 5460 1918 5528">
    <p class='ocr_par' dir='ltr' id='par_1_99' title="bbox 298 5460 1918 5528">
     <span class='ocr_line' id='line_1_99' title="bbox 298 5460 1918 5528; baseline 0.002 -14"><span class='ocrx_word' id='word_1_785' title='bbox 298 5460 470 5517; x_wconf 60' lang='lat' dir='ltr'><strong>valet.</strong></span> <span class='ocrx_word' id='word_1_786' title='bbox 508 5462 657 5516; x_wconf 87' lang='lat' dir='ltr'><strong>Sunt</strong></span> <span class='ocrx_word' id='word_1_787' title='bbox 690 5469 874 5517; x_wconf 87' lang='lat' dir='ltr'><strong>autem</strong></span> <span class='ocrx_word' id='word_1_788' title='bbox 905 5463 1023 5517; x_wconf 70' lang='lat' dir='ltr'><strong>haec</strong></span> <span class='ocrx_word' id='word_1_789' title='bbox 1053 5462 1318 5516; x_wconf 60' lang='lat' dir='ltr'><strong>Dioolorea</strong></span> <span class='ocrx_word' id='word_1_790' title='bbox 1350 5478 1365 5514; x_wconf 92' lang='lat'><strong>:</strong></span> <span class='ocrx_word' id='word_1_791' title='bbox 1396 5463 1518 5516; x_wconf 88' lang='lat' dir='ltr'><strong>Act.</strong></span> <span class='ocrx_word' id='word_1_792' title='bbox 1549 5460 1613 5515; x_wconf 58' lang='lat' dir='ltr'><strong>CQ</strong></span> <span class='ocrx_word' id='word_1_793' title='bbox 1648 5460 1711 5516; x_wconf 78' lang='grc' dir='ltr'><strong>Ο.</strong></span> <span class='ocrx_word' id='word_1_794' title='bbox 1745 5478 1807 5527; x_wconf 90' lang='grc' dir='ltr'><strong>ιι,</strong></span> <span class='ocrx_word' id='word_1_795' title='bbox 1842 5480 1918 5528; x_wconf 82' lang='lat' dir='ltr'><strong>1v,</strong></span> 
     </span>
    </p>
   </div>
   <div class='ocr_carea' id='block_1_100' title="bbox 298 5530 1920 5602">
    <p class='ocr_par' dir='ltr' id='par_1_100' title="bbox 298 5530 1920 5602">
     <span class='ocr_line' id='line_1_100' title="bbox 298 5530 1920 5602; baseline -0.002 -12"><span class='ocrx_word' id='word_1_796' title='bbox 298 5533 416 5595; x_wconf 62' lang='grc' dir='ltr'><strong>ας</strong></span> <span class='ocrx_word' id='word_1_797' title='bbox 489 5549 546 5593; x_wconf 87' lang='lat' dir='ltr'><strong>v,</strong></span> <span class='ocrx_word' id='word_1_798' title='bbox 598 5548 656 5602; x_wconf 85' lang='lat' dir='ltr'><strong>p.</strong></span> <span class='ocrx_word' id='word_1_799' title='bbox 710 5532 780 5585; x_wconf 77' lang='lat'>93</span> <span class='ocrx_word' id='word_1_800' title='bbox 842 5532 953 5601; x_wconf 72' lang='grc' dir='ltr'><strong>(σι’.</strong></span> <span class='ocrx_word' id='word_1_801' title='bbox 1007 5531 1202 5586; x_wconf 86' lang='lat' dir='ltr'><strong>Leont.</strong></span> <span class='ocrx_word' id='word_1_802' title='bbox 1251 5530 1505 5586; x_wconf 87' lang='lat' dir='ltr'><strong>Galland.</strong></span> <span class='ocrx_word' id='word_1_803' title='bbox 1556 5531 1702 5587; x_wconf 85' lang='lat' dir='ltr'><strong>Bibl.</strong></span> <span class='ocrx_word' id='word_1_804' title='bbox 1759 5535 1795 5587; x_wconf 95' lang='lat' dir='ltr'><strong>l.</strong></span> <span class='ocrx_word' id='word_1_805' title='bbox 1844 5549 1920 5597; x_wconf 84' lang='lat' dir='ltr'><strong>c.,</strong></span> 
     </span>
    </p>
   </div>
   <div class='ocr_carea' id='block_1_101' title="bbox 298 5602 1921 5676">
    <p class='ocr_par' dir='ltr' id='par_1_101' title="bbox 298 5602 1921 5676">
     <span class='ocr_line' id='line_1_101' title="bbox 298 5602 1921 5676; baseline -0.012 0"><span class='ocrx_word' id='word_1_806' title='bbox 298 5619 359 5676; x_wconf 67' lang='grc' dir='ltr'><strong>νο</strong></span> <span class='ocrx_word' id='word_1_807' title='bbox 389 5603 561 5676; x_wconf 77' lang='lat'><strong>696);</strong></span> <span class='ocrx_word' id='word_1_808' title='bbox 596 5602 810 5676; x_wconf 52' lang='grc' dir='ltr'>ινιέιξὴ</span> <span class='ocrx_word' id='word_1_809' title='bbox 847 5620 899 5661; x_wconf 73' lang='grc' dir='ltr'><strong>ν.</strong></span> <span class='ocrx_word' id='word_1_810' title='bbox 936 5620 988 5676; x_wconf 84' lang='lat' dir='ltr'><strong>p.</strong></span> <span class='ocrx_word' id='word_1_811' title='bbox 1025 5604 1095 5659; x_wconf 74' lang='lat'><strong>92</strong></span> <span class='ocrx_word' id='word_1_812' title='bbox 1125 5602 1228 5676; x_wconf 71' lang='lat' dir='ltr'><strong>(cr1</strong></span> <span class='ocrx_word' id='word_1_813' title='bbox 1260 5602 1457 5676; x_wconf 51' lang='lat' dir='ltr'><strong>1.90m.</strong></span> <span class='ocrx_word' id='word_1_814' title='bbox 1493 5603 1528 5656; x_wconf 86' lang='grc' dir='ltr'><strong>ι.</strong></span> <span class='ocrx_word' id='word_1_815' title='bbox 1560 5620 1634 5662; x_wconf 70' lang='grc' dir='ltr'><strong>ρ..</strong></span> <span class='ocrx_word' id='word_1_816' title='bbox 1671 5618 1723 5672; x_wconf 85' lang='grc' dir='ltr'><strong>ρ.</strong></span> <span class='ocrx_word' id='word_1_817' title='bbox 1760 5604 1921 5675; x_wconf 80' lang='lat'><strong>697);</strong></span> 
     </span>
    </p>
   </div>
   <div class='ocr_carea' id='block_1_102' title="bbox 2016 4619 3616 4693">
    <p class='ocr_par' dir='ltr' id='par_1_102' title="bbox 2016 4619 3616 4693">
     <span class='ocr_line' id='line_1_102' title="bbox 2016 4619 3616 4693; baseline -0.012 -2"><span class='ocrx_word' id='word_1_818' title='bbox 2016 4636 2383 4693; x_wconf 86' lang='lat' dir='ltr'><strong>Clemencet.,</strong></span> <span class='ocrx_word' id='word_1_819' title='bbox 2439 4626 2928 4688; x_wconf 81' lang='lat' dir='ltr'><strong>hominicolarum,</strong></span> <span class='ocrx_word' id='word_1_820' title='bbox 2970 4621 3102 4677; x_wconf 78' lang='lat' dir='ltr'><strong>Fac.</strong></span> <span class='ocrx_word' id='word_1_821' title='bbox 3160 4636 3239 4685; x_wconf 77' lang='grc' dir='ltr'>ιιι,</span> <span class='ocrx_word' id='word_1_822' title='bbox 3292 4619 3372 4689; x_wconf 78' lang='grc'><strong>5,)</strong></span> <span class='ocrx_word' id='word_1_823' title='bbox 3413 4633 3616 4673; x_wconf 89' lang='lat' dir='ltr'><strong>nomen</strong></span> 
     </span>
    </p>
   </div>
   <div class='ocr_carea' id='block_1_103' title="bbox 2018 4711 3622 4795">
    <p class='ocr_par' dir='ltr' id='par_1_103' title="bbox 2018 4711 3622 4795">
     <span class='ocr_line' id='line_1_103' title="bbox 2018 4711 3622 4795; baseline -0.012 -11"><span class='ocrx_word' id='word_1_824' title='bbox 2018 4745 2128 4784; x_wconf 89' lang='lat' dir='ltr'><strong>non</strong></span> <span class='ocrx_word' id='word_1_825' title='bbox 2176 4721 2562 4795; x_wconf 79' lang='lat' dir='ltr'><strong>denegandum</strong></span> <span class='ocrx_word' id='word_1_826' title='bbox 2606 4719 2844 4775; x_wconf 82' lang='lat' dir='ltr'><strong>censuit.</strong></span> <span class='ocrx_word' id='word_1_827' title='bbox 2892 4719 3017 4788; x_wconf 86' lang='lat' dir='ltr'><strong>Ipse</strong></span> <span class='ocrx_word' id='word_1_828' title='bbox 3059 4722 3243 4770; x_wconf 79' lang='lat' dir='ltr'><strong>autem</strong></span> <span class='ocrx_word' id='word_1_829' title='bbox 3286 4724 3343 4767; x_wconf 88' lang='lat' dir='ltr'><strong>ut</strong></span> <span class='ocrx_word' id='word_1_830' title='bbox 3383 4711 3622 4781; x_wconf 86' lang='lat' dir='ltr'><strong>conjun-</strong></span> 
     </span>
    </p>
   </div>
   <div class='ocr_carea' id='block_1_104' title="bbox 2017 4808 3618 4887">
    <p class='ocr_par' dir='ltr' id='par_1_104' title="bbox 2017 4808 3618 4887">
     <span class='ocr_line' id='line_1_104' title="bbox 2017 4808 3618 4887; baseline -0.013 -9"><span class='ocrx_word' id='word_1_831' title='bbox 2017 4823 2198 4879; x_wconf 88' lang='lat' dir='ltr'><strong>ctione</strong></span> <span class='ocrx_word' id='word_1_832' title='bbox 2240 4820 2528 4887; x_wconf 82' lang='lat' dir='ltr'><strong>utriusque</strong></span> <span class='ocrx_word' id='word_1_833' title='bbox 2565 4813 2772 4870; x_wconf 65' lang='lat' dir='ltr'><strong>(thristi</strong></span> <span class='ocrx_word' id='word_1_834' title='bbox 2801 4819 3013 4866; x_wconf 71' lang='lat' dir='ltr'><strong>naturae</strong></span> <span class='ocrx_word' id='word_1_835' title='bbox 3039 4808 3306 4864; x_wconf 79' lang='lat' dir='ltr'><strong>unitatem</strong></span> <span class='ocrx_word' id='word_1_836' title='bbox 3359 4818 3618 4878; x_wconf 77' lang='lat' dir='ltr'><strong>persona:</strong></span> 
     </span>
    </p>
   </div>
   <div class='ocr_carea' id='block_1_105' title="bbox 2019 4902 3623 4976">
    <p class='ocr_par' dir='ltr' id='par_1_105' title="bbox 2019 4902 3623 4976">
     <span class='ocr_line' id='line_1_105' title="bbox 2019 4902 3623 4976; baseline -0.014 -5"><span class='ocrx_word' id='word_1_837' title='bbox 2019 4913 2247 4971; x_wconf 87' lang='lat' dir='ltr'><strong>Christo</strong></span> <span class='ocrx_word' id='word_1_838' title='bbox 2282 4909 2614 4969; x_wconf 84' lang='lat' dir='ltr'><strong>vindicaret,</strong></span> <span class='ocrx_word' id='word_1_839' title='bbox 2648 4906 2814 4976; x_wconf 81' lang='lat' dir='ltr'><strong>idque</strong></span> <span class='ocrx_word' id='word_1_840' title='bbox 2848 4902 3152 4959; x_wconf 66' lang='lat' dir='ltr'><strong>intellectui</strong></span> <span class='ocrx_word' id='word_1_841' title='bbox 3193 4903 3439 4955; x_wconf 88' lang='lat' dir='ltr'><strong>humano</strong></span> <span class='ocrx_word' id='word_1_842' title='bbox 3471 4906 3623 4968; x_wconf 83' lang='lat' dir='ltr'><strong>apta-</strong></span> 
     </span>
    </p>
   </div>
   <div class='ocr_carea' id='block_1_106' title="bbox 2022 4988 3619 5071">
    <p class='ocr_par' dir='ltr' id='par_1_106' title="bbox 2022 4988 3619 5071">
     <span class='ocr_line' id='line_1_106' title="bbox 2022 4988 3619 5071; baseline -0.014 -11"><span class='ocrx_word' id='word_1_843' title='bbox 2022 5013 2128 5071; x_wconf 86' lang='lat' dir='ltr'><strong>ret,</strong></span> <span class='ocrx_word' id='word_1_844' title='bbox 2162 5004 2302 5060; x_wconf 89' lang='lat' dir='ltr'><strong>duce</strong></span> <span class='ocrx_word' id='word_1_845' title='bbox 2338 4998 2687 5071; x_wconf 85' lang='lat' dir='ltr'><strong>philosophia</strong></span> <span class='ocrx_word' id='word_1_846' title='bbox 2740 4995 3049 5055; x_wconf 79' lang='lat' dir='ltr'><strong>Platonica,</strong></span> <span class='ocrx_word' id='word_1_847' title='bbox 3083 5007 3249 5064; x_wconf 89' lang='lat' dir='ltr'><strong>quam</strong></span> <span class='ocrx_word' id='word_1_848' title='bbox 3300 4988 3619 5049; x_wconf 85' lang='lat' dir='ltr'><strong>imbiberat,</strong></span> 
     </span>
    </p>
   </div>
   <div class='ocr_carea' id='block_1_107' title="bbox 2021 5081 3621 5154">
    <p class='ocr_par' dir='ltr' id='par_1_107' title="bbox 2021 5081 3621 5154">
     <span class='ocr_line' id='line_1_107' title="bbox 2021 5081 3621 5154; baseline -0.012 -1"><span class='ocrx_word' id='word_1_849' title='bbox 2021 5096 2265 5153; x_wconf 75' lang='lat' dir='ltr'><strong>fortasse</strong></span> <span class='ocrx_word' id='word_1_850' title='bbox 2285 5104 2537 5150; x_wconf 86' lang='lat' dir='ltr'><strong>veterum</strong></span> <span class='ocrx_word' id='word_1_851' title='bbox 2568 5091 2732 5147; x_wconf 85' lang='lat' dir='ltr'><strong>etiam</strong></span> <span class='ocrx_word' id='word_1_852' title='bbox 2763 5087 2987 5143; x_wconf 84' lang='lat' dir='ltr'><strong>Patrum</strong></span> <span class='ocrx_word' id='word_1_853' title='bbox 3019 5083 3334 5154; x_wconf 81' lang='lat' dir='ltr'><strong>exemplum</strong></span> <span class='ocrx_word' id='word_1_854' title='bbox 3361 5081 3621 5145; x_wconf 87' lang='lat' dir='ltr'><strong>intuitus,</strong></span> 
     </span>
    </p>
   </div>
   <div class='ocr_carea' id='block_1_108' title="bbox 2019 5239 3619 5309">
    <p class='ocr_par' dir='ltr' id='par_1_108' title="bbox 2019 5239 3619 5309">
     <span class='ocr_line' id='line_1_108' title="bbox 2019 5239 3619 5309; baseline -0.01 -2"><span class='ocrx_word' id='word_1_855' title='bbox 2019 5253 2074 5307; x_wconf 92' lang='lat' dir='ltr'><strong>in</strong></span> <span class='ocrx_word' id='word_1_856' title='bbox 2101 5251 2297 5309; x_wconf 79' lang='lat' dir='ltr'><strong>mediis</strong></span> <span class='ocrx_word' id='word_1_857' title='bbox 2337 5249 2625 5305; x_wconf 85' lang='lat' dir='ltr'><strong>Diodorcis</strong></span> <span class='ocrx_word' id='word_1_858' title='bbox 2655 5248 2984 5303; x_wconf 77' lang='lat' dir='ltr'><strong>eolloratnm</strong></span> <span class='ocrx_word' id='word_1_859' title='bbox 3007 5251 3108 5299; x_wconf 78' lang='lat' dir='ltr'><strong>est.</strong></span> <span class='ocrx_word' id='word_1_860' title='bbox 3130 5243 3401 5298; x_wconf 68' lang='lat' dir='ltr'><strong>Caeterum</strong></span> <span class='ocrx_word' id='word_1_861' title='bbox 3416 5239 3619 5309; x_wconf 81' lang='lat' dir='ltr'><strong>librum</strong></span> 
     </span>
    </p>
   </div>
   <div class='ocr_carea' id='block_1_109' title="bbox 2021 5308 3620 5388">
    <p class='ocr_par' dir='ltr' id='par_1_109' title="bbox 2021 5308 3620 5388">
     <span class='ocr_line' id='line_1_109' title="bbox 2021 5308 3620 5388; baseline -0.011 -9"><span class='ocrx_word' id='word_1_862' title='bbox 2021 5308 2177 5379; x_wconf 87' lang='lat' dir='ltr'><strong>illum</strong></span> <span class='ocrx_word' id='word_1_863' title='bbox 2223 5323 2416 5388; x_wconf 72' lang='lat' dir='ltr'><strong>Cyr-illi</strong></span> <span class='ocrx_word' id='word_1_864' title='bbox 2471 5337 2596 5375; x_wconf 85' lang='lat' dir='ltr'><strong>esse.</strong></span> <span class='ocrx_word' id='word_1_865' title='bbox 2638 5332 2843 5373; x_wconf 84' lang='lat' dir='ltr'><strong>temere</strong></span> <span class='ocrx_word' id='word_1_866' title='bbox 2895 5316 3111 5388; x_wconf 77' lang='lat' dir='ltr'><strong>negavit</strong></span> <span class='ocrx_word' id='word_1_867' title='bbox 3165 5312 3295 5366; x_wconf 80' lang='lat' dir='ltr'><strong>Fac.</strong></span> <span class='ocrx_word' id='word_1_868' title='bbox 3343 5325 3426 5375; x_wconf 88' lang='lat'><strong>111,</strong></span> <span class='ocrx_word' id='word_1_869' title='bbox 3471 5310 3526 5373; x_wconf 86' lang='lat'><strong>6,</strong></span> <span class='ocrx_word' id='word_1_870' title='bbox 3564 5308 3620 5374; x_wconf 77' lang='lat'><strong>5,</strong></span> 
     </span>
    </p>
   </div>
   <div class='ocr_carea' id='block_1_110' title="bbox 2019 5382 2943 5450">
    <p class='ocr_par' dir='ltr' id='par_1_110' title="bbox 2019 5382 2943 5450">
     <span class='ocr_line' id='line_1_110' title="bbox 2019 5382 2943 5450; baseline -0.008 0"><span class='ocrx_word' id='word_1_871' title='bbox 2019 5411 2072 5450; x_wconf 73' lang='grc' dir='ltr'><strong>ν.</strong></span> <span class='ocrx_word' id='word_1_872' title='bbox 2112 5412 2164 5447; x_wconf 85' lang='lat' dir='ltr'><strong>v.</strong></span> <span class='ocrx_word' id='word_1_873' title='bbox 2198 5410 2249 5447; x_wconf 74' lang='grc' dir='ltr'><strong>ο.</strong></span> <span class='ocrx_word' id='word_1_874' title='bbox 2270 5382 2528 5448; x_wconf 68' lang='grc' dir='ltr'><strong>’[,ἱ1ιριιιι1</strong></span> <span class='ocrx_word' id='word_1_875' title='bbox 2560 5391 2732 5446; x_wconf 61' lang='lat' dir='ltr'><strong>Brem.</strong></span> <span class='ocrx_word' id='word_1_876' title='bbox 2769 5405 2819 5446; x_wconf 87' lang='lat' dir='ltr'><strong>c.</strong></span> <span class='ocrx_word' id='word_1_877' title='bbox 2857 5388 2943 5443; x_wconf 87' lang='grc'><strong>10.</strong></span> 
     </span>
    </p>
   </div>
   <div class='ocr_carea' id='block_1_111' title="bbox 2096 5450 3617 5533">
    <p class='ocr_par' dir='ltr' id='par_1_111' title="bbox 2096 5450 3617 5533">
     <span class='ocr_line' id='line_1_111' title="bbox 2096 5450 3617 5533; baseline -0.011 -13"><span class='ocrx_word' id='word_1_878' title='bbox 2096 5466 2173 5533; x_wconf 79' lang='grc' dir='ltr'><strong>(α)</strong></span> <span class='ocrx_word' id='word_1_879' title='bbox 2200 5465 2285 5519; x_wconf 81' lang='lat' dir='ltr'><strong>CI.</strong></span> <span class='ocrx_word' id='word_1_880' title='bbox 2329 5464 2561 5519; x_wconf 74' lang='lat' dir='ltr'><strong>Eunoni.</strong></span> <span class='ocrx_word' id='word_1_881' title='bbox 2598 5459 2928 5533; x_wconf 42' lang='lat' dir='ltr'><strong>ApalLOpp.</strong></span> <span class='ocrx_word' id='word_1_882' title='bbox 2964 5455 3130 5533; x_wconf 76' lang='lat' dir='ltr'><strong>Basil.</strong></span> <span class='ocrx_word' id='word_1_883' title='bbox 3276 5450 3617 5533; x_wconf 44' lang='lat' dir='ltr'><strong>ed;_§arn;,</strong></span> 
     </span>
    </p>
   </div>
   <div class='ocr_carea' id='block_1_112' title="bbox 2022 5520 3622 5606">
    <p class='ocr_par' dir='ltr' id='par_1_112' title="bbox 2022 5520 3622 5606">
     <span class='ocr_line' id='line_1_112' title="bbox 2022 5520 3622 5606; baseline -0.01 -16"><span class='ocrx_word' id='word_1_884' title='bbox 2022 5520 2692 5606; x_wconf 57' lang='lat' dir='ltr'><strong>1,‘p.’oee;casu.qdi.</strong></span> <span class='ocrx_word' id='word_1_885' title='bbox 2732 5520 2897 5606; x_wconf 45' lang='lat' dir='ltr'><strong>Euri;</strong></span> <span class='ocrx_word' id='word_1_886' title='bbox 2931 5528 3016 5590; x_wconf 71' lang='grc' dir='ltr'><strong>..ι</strong></span> <span class='ocrx_word' id='word_1_887' title='bbox 3076 5527 3139 5591; x_wconf 90' lang='grc' dir='ltr'><strong>ι.,</strong></span> <span class='ocrx_word' id='word_1_888' title='bbox 3173 5524 3214 5587; x_wconf 89' lang='grc' dir='ltr'>ι.</span> <span class='ocrx_word' id='word_1_889' title='bbox 3243 5541 3296 5595; x_wconf 81' lang='grc' dir='ltr'><strong>ρ.</strong></span> <span class='ocrx_word' id='word_1_890' title='bbox 3336 5520 3622 5606; x_wconf 56' lang='lat'><strong>211.213.</strong></span> 
     </span>
    </p>
   </div>
   <div class='ocr_carea' id='block_1_113' title="bbox 2029 5598 3623 5676">
    <p class='ocr_par' dir='ltr' id='par_1_113' title="bbox 2029 5598 3623 5676">
     <span class='ocr_line' id='line_1_113' title="bbox 2029 5598 3623 5676; baseline -0.009 -16"><span class='ocrx_word' id='word_1_891' title='bbox 2029 5598 2224 5676; x_wconf 56' lang='lat' dir='ltr'><strong>Maiori</strong></span> <span class='ocrx_word' id='word_1_892' title='bbox 2270 5598 2399 5675; x_wconf 88' lang='lat' dir='ltr'><strong>jure</strong></span> <span class='ocrx_word' id='word_1_893' title='bbox 2439 5604 2816 5674; x_wconf 82' lang='lat' dir='ltr'><strong>Apollinarius</strong></span> <span class='ocrx_word' id='word_1_894' title='bbox 2863 5598 3086 5676; x_wconf 69' lang='lat' dir='ltr'><strong>Patrum</strong></span> <span class='ocrx_word' id='word_1_895' title='bbox 3138 5599 3523 5676; x_wconf 74' lang='lat' dir='ltr'><strong>auctoritatem</strong></span> <span class='ocrx_word' id='word_1_896' title='bbox 3568 5598 3623 5645; x_wconf 90' lang='lat' dir='ltr'><strong>in</strong></span> 
     </span>
    </p>
   </div>
   <div class='ocr_carea' id='block_1_114' title="bbox 300 5664 3624 5746">
    <p class='ocr_par' dir='ltr' id='par_1_114' title="bbox 300 5664 3624 5746">
     <span class='ocr_line' id='line_1_114' title="bbox 300 5664 3624 5746; baseline -0.004 -17"><span class='ocrx_word' id='word_1_897' title='bbox 300 5664 359 5737; x_wconf 63' lang='grc' dir='ltr'><strong>ἓν,</strong></span> <span class='ocrx_word' id='word_1_898' title='bbox 392 5691 450 5746; x_wconf 85' lang='lat' dir='ltr'><strong>p.</strong></span> <span class='ocrx_word' id='word_1_899' title='bbox 481 5664 558 5729; x_wconf 58' lang='lat' dir='ltr'><strong>9i</strong></span> <span class='ocrx_word' id='word_1_900' title='bbox 607 5664 693 5739; x_wconf 77' lang='lat' dir='ltr'><strong>(cf</strong></span> <span class='ocrx_word' id='word_1_901' title='bbox 742 5664 1009 5746; x_wconf 57' lang='lat' dir='ltr'><strong>L5-m_:t.&#39;l.</strong></span> <span class='ocrx_word' id='word_1_902' title='bbox 1052 5664 1152 5744; x_wconf 39' lang='lat' dir='ltr'><strong>c.)&#39;.</strong></span> <span class='ocrx_word' id='word_1_903' title='bbox 1202 5671 1322 5728; x_wconf 83' lang='lat' dir='ltr'><strong>Jam</strong></span> <span class='ocrx_word' id='word_1_904' title='bbox 1359 5675 1480 5746; x_wconf 84' lang='lat' dir='ltr'><strong>duo</strong></span> <span class='ocrx_word' id='word_1_905' title='bbox 1510 5664 1741 5735; x_wconf 77' lang='lat' dir='ltr'><strong>restant.</strong></span> <span class='ocrx_word' id='word_1_906' title='bbox 1785 5664 1926 5744; x_wconf 53' lang='lat' dir='ltr'><strong>quo;</strong></span> <span class='ocrx_word' id='word_1_907' title='bbox 2029 5664 2297 5732; x_wconf 68' lang='lat' dir='ltr'><strong>auiilium</strong></span> <span class='ocrx_word' id='word_1_908' title='bbox 2352 5664 2575 5739; x_wconf 74' lang='lat' dir='ltr'><strong>vocare</strong></span> <span class='ocrx_word' id='word_1_909' title='bbox 2602 5681 2840 5746; x_wconf 72' lang='lat' dir='ltr'><strong>poterat.</strong></span> <span class='ocrx_word' id='word_1_910' title='bbox 2894 5671 3159 5741; x_wconf 80' lang='lat' dir='ltr'><strong>Origenes</strong></span> <span class='ocrx_word' id='word_1_911' title='bbox 3206 5667 3353 5746; x_wconf 71' lang='lat' dir='ltr'><strong>enim</strong></span> <span class='ocrx_word' id='word_1_912' title='bbox 3412 5664 3624 5746; x_wconf 68' lang='lat' dir='ltr'><strong>primus</strong></span> 
     </span>
    </p>
   </div>
   <div class='ocr_carea' id='block_1_115' title="bbox 302 5744 1922 5813">
    <p class='ocr_par' dir='ltr' id='par_1_115' title="bbox 302 5744 1922 5813">
     <span class='ocr_line' id='line_1_115' title="bbox 302 5744 1922 5813; baseline 0.001 -14"><span class='ocrx_word' id='word_1_913' title='bbox 302 5744 433 5800; x_wconf 79' lang='lat' dir='ltr'><strong>rum</strong></span> <span class='ocrx_word' id='word_1_914' title='bbox 482 5746 727 5800; x_wconf 80' lang='lat' dir='ltr'><strong>alterum</strong></span> <span class='ocrx_word' id='word_1_915' title='bbox 760 5760 828 5797; x_wconf 86' lang='lat' dir='ltr'><strong>eo</strong></span> <span class='ocrx_word' id='word_1_916' title='bbox 866 5744 1092 5800; x_wconf 84' lang='lat' dir='ltr'><strong>Diodori</strong></span> <span class='ocrx_word' id='word_1_917' title='bbox 1119 5760 1249 5801; x_wconf 86' lang='lat' dir='ltr'><strong>esse</strong></span> <span class='ocrx_word' id='word_1_918' title='bbox 1302 5744 1604 5805; x_wconf 73' lang='lat' dir='ltr'><strong>evincitur,</strong></span> <span class='ocrx_word' id='word_1_919' title='bbox 1655 5747 1803 5813; x_wconf 83' lang='lat' dir='ltr'><strong>quod</strong></span> <span class='ocrx_word' id='word_1_920' title='bbox 1854 5760 1922 5801; x_wconf 82' lang='lat' dir='ltr'><strong>ex</strong></span> 
     </span>
    </p>
   </div>
   <div class='ocr_carea' id='block_1_116' title="bbox 303 5814 1924 5886">
    <p class='ocr_par' dir='ltr' id='par_1_116' title="bbox 303 5814 1924 5886">
     <span class='ocr_line' id='line_1_116' title="bbox 303 5814 1924 5886; baseline -0.001 -16"><span class='ocrx_word' id='word_1_921' title='bbox 303 5815 455 5886; x_wconf 77' lang='lat' dir='ltr'><strong>libro</strong></span> <span class='ocrx_word' id='word_1_922' title='bbox 487 5816 697 5871; x_wconf 82' lang='lat' dir='ltr'><strong>Contra</strong></span> <span class='ocrx_word' id='word_1_923' title='bbox 734 5814 934 5885; x_wconf 69' lang='lat' dir='ltr'><strong>Synna.</strong></span> <span class='ocrx_word' id='word_1_924' title='bbox 977 5817 1061 5869; x_wconf 73' lang='lat' dir='ltr'><strong>vel</strong></span> <span class='ocrx_word' id='word_1_925' title='bbox 1110 5815 1347 5886; x_wconf 82' lang='lat' dir='ltr'><strong>Apollin.</strong></span> <span class='ocrx_word' id='word_1_926' title='bbox 1400 5823 1683 5886; x_wconf 87' lang='lat' dir='ltr'><strong>sumptum</strong></span> <span class='ocrx_word' id='word_1_927' title='bbox 1717 5817 1924 5872; x_wconf 85' lang='lat' dir='ltr'><strong>dicitur</strong></span> 
     </span>
    </p>
   </div>
   <div class='ocr_carea' id='block_1_117' title="bbox 306 5884 1921 5966">
    <p class='ocr_par' dir='ltr' id='par_1_117' title="bbox 306 5884 1921 5966">
     <span class='ocr_line' id='line_1_117' title="bbox 306 5884 1921 5966; baseline 0.001 -23"><span class='ocrx_word' id='word_1_928' title='bbox 306 5884 407 5957; x_wconf 56' lang='grc' dir='ltr'><strong>κεῖ.</strong></span> <span class='ocrx_word' id='word_1_929' title='bbox 436 5888 562 5945; x_wconf 73' lang='lat' dir='ltr'><strong>Act.</strong></span> <span class='ocrx_word' id='word_1_930' title='bbox 594 5887 663 5945; x_wconf 74' lang='grc' dir='ltr'><strong>ϐ.</strong></span> <span class='ocrx_word' id='word_1_931' title='bbox 693 5886 756 5944; x_wconf 86' lang='lat' dir='ltr'><strong>C.</strong></span> <span class='ocrx_word' id='word_1_932' title='bbox 786 5902 849 5959; x_wconf 83' lang='lat' dir='ltr'><strong>tt,</strong></span> <span class='ocrx_word' id='word_1_933' title='bbox 878 5903 954 5957; x_wconf 77' lang='grc' dir='ltr'>ιν,</span> <span class='ocrx_word' id='word_1_934' title='bbox 985 5886 1085 5956; x_wconf 72' lang='lat'><strong>28;</strong></span> <span class='ocrx_word' id='word_1_935' title='bbox 1123 5884 1175 5952; x_wconf 73' lang='grc' dir='ltr'>ν,</span> <span class='ocrx_word' id='word_1_936' title='bbox 1210 5902 1261 5957; x_wconf 82' lang='lat' dir='ltr'><strong>p.</strong></span> <span class='ocrx_word' id='word_1_937' title='bbox 1290 5886 1404 5958; x_wconf 76' lang='lat'><strong>93),</strong></span> <span class='ocrx_word' id='word_1_938' title='bbox 1434 5884 1667 5966; x_wconf 75' lang='lat' dir='ltr'><strong>alterum</strong></span> <span class='ocrx_word' id='word_1_939' title='bbox 1687 5900 1754 5944; x_wconf 86' lang='lat' dir='ltr'><strong>eo</strong></span> <span class='ocrx_word' id='word_1_940' title='bbox 1775 5888 1921 5960; x_wconf 86' lang='lat' dir='ltr'><strong>quod</strong></span> 
     </span>
    </p>
   </div>
   <div class='ocr_carea' id='block_1_118' title="bbox 2026 5734 3625 5811">
    <p class='ocr_par' dir='ltr' id='par_1_118' title="bbox 2026 5734 3625 5811">
     <span class='ocr_line' id='line_1_118' title="bbox 2026 5734 3625 5811; baseline -0.012 -8"><span class='ocrx_word' id='word_1_941' title='bbox 2026 5749 2253 5804; x_wconf 76' lang='lat' dir='ltr'><strong>Christo</strong></span> <span class='ocrx_word' id='word_1_942' title='bbox 2276 5736 2579 5801; x_wconf 87' lang='lat' dir='ltr'><strong>humanum</strong></span> <span class='ocrx_word' id='word_1_943' title='bbox 2602 5734 2735 5797; x_wconf 51' lang='grc' dir='ltr'>νοῦν</span> <span class='ocrx_word' id='word_1_944' title='bbox 2769 5743 2938 5797; x_wconf 87' lang='lat' dir='ltr'><strong>etiam</strong></span> <span class='ocrx_word' id='word_1_945' title='bbox 2971 5734 3139 5811; x_wconf 65' lang='lat' dir='ltr'><strong>atque</strong></span> <span class='ocrx_word' id='word_1_946' title='bbox 3180 5739 3345 5793; x_wconf 87' lang='lat' dir='ltr'><strong>etiam</strong></span> <span class='ocrx_word' id='word_1_947' title='bbox 3376 5734 3625 5811; x_wconf 77' lang='lat' dir='ltr'><strong>vindica-</strong></span> 
     </span>
    </p>
   </div>
   <div class='ocr_carea' id='block_1_119' title="bbox 2027 5804 3628 5886">
    <p class='ocr_par' dir='ltr' id='par_1_119' title="bbox 2027 5804 3628 5886">
     <span class='ocr_line' id='line_1_119' title="bbox 2027 5804 3628 5886; baseline -0.012 -13"><span class='ocrx_word' id='word_1_948' title='bbox 2027 5819 2127 5883; x_wconf 76' lang='lat' dir='ltr'><strong>vit,</strong></span> <span class='ocrx_word' id='word_1_949' title='bbox 2155 5826 2324 5886; x_wconf 88' lang='lat' dir='ltr'><strong>atque</strong></span> <span class='ocrx_word' id='word_1_950' title='bbox 2354 5818 2469 5873; x_wconf 64' lang='lat' dir='ltr'><strong>haec</strong></span> <span class='ocrx_word' id='word_1_951' title='bbox 2497 5815 2775 5886; x_wconf 78' lang='lat' dir='ltr'><strong>doctrina,</strong></span> <span class='ocrx_word' id='word_1_952' title='bbox 2805 5827 2928 5886; x_wconf 65' lang='lat' dir='ltr'><strong>qua:</strong></span> <span class='ocrx_word' id='word_1_953' title='bbox 2967 5804 3075 5886; x_wconf 62' lang='lat' dir='ltr'><strong>non</strong></span> <span class='ocrx_word' id='word_1_954' title='bbox 3110 5816 3344 5886; x_wconf 70' lang='lat' dir='ltr'><strong>poterat</strong></span> <span class='ocrx_word' id='word_1_955' title='bbox 3372 5822 3481 5861; x_wconf 83' lang='lat' dir='ltr'><strong>non</strong></span> <span class='ocrx_word' id='word_1_956' title='bbox 3510 5804 3628 5886; x_wconf 68' lang='lat' dir='ltr'><strong>pla-</strong></span> 
     </span>
    </p>
   </div>
   <div class='ocr_carea' id='block_1_120' title="bbox 2028 5876 3620 5961">
    <p class='ocr_par' dir='ltr' id='par_1_120' title="bbox 2028 5876 3620 5961">
     <span class='ocr_line' id='line_1_120' title="bbox 2028 5876 3620 5961; baseline -0.013 -15"><span class='ocrx_word' id='word_1_957' title='bbox 2028 5876 2176 5958; x_wconf 68' lang='lat' dir='ltr'><strong>cere,</strong></span> <span class='ocrx_word' id='word_1_958' title='bbox 2207 5876 2303 5945; x_wconf 79' lang='lat' dir='ltr'><strong>illo</strong></span> <span class='ocrx_word' id='word_1_959' title='bbox 2342 5887 2691 5961; x_wconf 86' lang='lat' dir='ltr'><strong>potissimum</strong></span> <span class='ocrx_word' id='word_1_960' title='bbox 2724 5876 2866 5941; x_wconf 73' lang='lat' dir='ltr'><strong>duce</strong></span> <span class='ocrx_word' id='word_1_961' title='bbox 2896 5884 2951 5938; x_wconf 65' lang='lat' dir='ltr'><strong>in</strong></span> <span class='ocrx_word' id='word_1_962' title='bbox 2997 5876 3242 5938; x_wconf 73' lang='lat' dir='ltr'><strong>Ecclesia</strong></span> <span class='ocrx_word' id='word_1_963' title='bbox 3275 5889 3495 5948; x_wconf 73' lang='lat' dir='ltr'><strong>recepta</strong></span> <span class='ocrx_word' id='word_1_964' title='bbox 3513 5876 3620 5929; x_wconf 82' lang='lat' dir='ltr'><strong>est.</strong></span> 
     </span>
    </p>
   </div>
  </div>
