4104 6484
540 357 612 412 59
1411 355 1713 413 OTIONIS
1754 355 1938 413 FRID.
1981 354 2375 413 FRITZSCHE
2399 353 2891 412 COMMENTATIO
3728 361 3806 418 δα

546 467 707 527 i'e‘cile
734 471 789 527 in
810 486 930 526 eam
968 471 1298 528 sententiam
1337 471 1541 528 ductus
1564 482 1668 538 est,
1706 481 1764 527 ut
1799 487 1924 528 cum
1955 472 2120 526 homo
2149 472 2199 532 Α
2226 477 2337 526 tur.
2384 470 2478 524 Ille
2508 471 2752 539 optimus
2793 469 3134 537 Platonicus,
3163 472 3252 526 hic
3300 488 3408 527 non
3448 473 3584 529 satis
3615 488 3810 533 acutus

542 561 719 617 tribus
755 561 1002 631 partibus
1030 570 1332 626 constaret,
1371 562 1667 617 humanam
1708 564 1908 621 Christi
1957 572 2121 618 natu-

544 666 660 705 ram
707 652 926 708 duabus
960 661 1173 707 tantum
1226 653 1545 709 constitisse
1567 654 1668 725 (τῷ
1713 654 1925 725 σώματι
1965 664 2020 709 et
2055 657 2121 726 τῇ

537 743 681 816 ψυχῇ
709 744 931 816 ἀλόγῳ),
971 745 1212 800 divinam
1241 762 1372 801 vero
1418 747 1596 801 locum
1637 746 1728 801 τοῦ
1757 746 1869 814 νοῦ,
1898 748 1996 818 τῆς
2018 748 2122 815 ψυ-

537 834 647 905 ψῆς
679 836 905 907 λογικῆς
933 852 1236 906 occupasse
1276 837 1545 903 crederet,
1580 839 1653 892 ita
1688 848 1746 892 ut
1793 840 1821 892 ό
1862 840 2123 911 κυριακὸς

534 926 823 998 ἄνθρωπος
855 944 1020 983 unam
1058 944 1347 998 personam
1390 929 1684 985 ede-cisset.
1728 930 1879 984 lianc
1915 932 2125 986 doctri-

538 1036 667 1075 nam
693 1038 801 1075 non
829 1022 1051 1091 quidem
1088 1039 1151 1077 ex
1184 1022 1468 1092 Scriptum
1499 1038 1658 1077 sacra
1695 1024 1973 1088 haustam,
2001 1040 2124 1095 quas

539 1120 723 1168 tamen
770 1115 824 1168 in
878 1116 1162 1171 nonnullis
1225 1115 1346 1169 Scr.
1401 1114 1456 1169 S.
1514 1117 1650 1172 locis
1706 1115 1885 1187 (Joan.
1935 1133 1975 1181 t,
2030 1118 2125 1184 l4,

540 1201 559 1256 Ι
589 1202 719 1257 Cor.
755 1220 844 1267 xv,
875 1205 966 1270 47,
998 1206 1093 1275 al.)
1121 1206 1270 1260 clare
1292 1205 1475 1261 inesse
1504 1206 1804 1269 videretur,
1844 1208 1989 1263 facili
2023 1225 2120 1263 ne-

540 1292 692 1362 gotio
723 1308 846 1348 eum
874 1295 994 1349 Scr.
1039 1296 1096 1349 S.
1131 1297 1467 1361 conciliavit,
1494 1313 1617 1351 cum
1654 1301 1960 1369 praesertim
2001 1317 2124 1371 quae

540 1391 637 1436 aut
660 1385 860 1440 divinze
879 1394 972 1440 aut
995 1387 1245 1442 humana:
1267 1388 1467 1444 Christi
1493 1398 1702 1446 naturae
1723 1402 2119 1462 competerent,

540 1473 610 1529 de
649 1482 761 1529 toto
789 1474 1009 1531 Christo
1036 1478 1336 1548 praedicare
1361 1480 1580 1535 soleret.
1618 1481 1723 1537 Sed
1755 1483 1880 1537 hinc
1915 1484 2120 1539 factum

541 1575 647 1628 est,
683 1575 744 1620 ut
766 1566 1065 1623 adversarii
1100 1570 1460 1640 Apollinario,
1494 1589 1655 1642 quem
1683 1590 1792 1629 non
1820 1576 2124 1631 intellexis-

541 1663 686 1721 sent,
725 1659 911 1727 plures
937 1660 1224 1729 opiniones
1257 1663 1560 1718 tribuerent
1580 1681 1702 1734 quae
1737 1668 1806 1721 ab
1834 1682 1898 1721 co
1928 1669 2123 1723 alienae

545 1757 698 1805 erant
731 1749 829 1819 (a).
871 1750 1195 1820 Quanquam
1254 1769 1403 1819 eum,
1441 1766 1499 1808 ut
1552 1756 1929 1815 Tbeodorctus
1981 1759 2118 1815 Fab.

541 1840 673 1893 liter.
711 1857 786 1906 tv,
819 1843 888 1909 8;
909 1841 980 1896 ΙΙ.
1009 1861 1054 1898 e.
1083 1862 1136 1909 ν,
1163 1845 1215 1908 '5,
1241 1846 1407 1901 refert
1437 1847 1535 1912 (cf.
1561 1847 1724 1918 Creg.
1757 1848 1891 1905 Νη.
1919 1867 2035 1921 epp.
2054 1852 2123 1906 ad

542 1927 763 1987 Cledon.
829 1932 991 2005 LII),
1047 1936 1175 2007 περὶ
1239 1939 1337 2008 τῆς
1390 1938 1538 2002 θείας
1588 1941 1800 2008 φύσεως
1853 1941 2125 2015 κιϐδήλοις

543 2021 885 2092 χρησάμενον
919 2023 1095 2091 λόγοις
1151 2025 1393 2097 βαθμούς
1451 2047 1601 2093 τινας
1642 2031 1967 2102 ἀξιωμάτων
2004 2053 2125 2103 γεν-

542 2113 719 2184 νῆσαι,
740 2124 904 2184 atque
932 2116 1005 2170 ita
1044 2118 1319 2189 vulgarem
1353 2129 1597 2175 veterum
1631 2124 1981 2190 sententiam,
2017 2143 2125 2197 qua

541 2204 800 2263 Christus
830 2216 885 2263 et
922 2208 1067 2279 Spir.
1110 2211 1167 2265 S.
1196 2211 1306 2266 Deo
1335 2212 1497 2269 Patre
1522 2214 1812 2272 inferiores
1848 2217 2126 2273 habeban-

541 2307 656 2364 tur,
686 2314 982 2357 revocasse
1033 2319 1136 2358 cur
1165 2321 1333 2376 neges
1363 2323 1471 2360 non
1503 2308 1687 2363 video.
1735 2311 1841 2366 Sed
1884 2315 2124 2379 protule-

544 2387 655 2443 rint
681 2390 986 2447 adversarii
1023 2393 1379 2463 (Theodoret.
1421 2397 1556 2452 Fab.
1590 2401 1723 2454 liter.
1758 2418 1830 2466 ιν,
1862 2403 1941 2473 8,)
1967 2420 2120 2475 aspe-

544 2483 710 2546 riore,
740 2501 906 2554 quam
956 2504 1066 2558 quo
1104 2488 1479 2559 Apollinarius
1513 2494 1704 2561 voluit,
1753 2511 1917 2552 sensu
1974 2499 2120 2553 illam

541 2578 895 2633 scttteutiam.

609 2660 758 2720 Inter
785 2680 882 2720 eos
899 2666 993 2735 qui
1018 2675 1132 2722 tum
1156 2668 1558 2740 Apollinarium
1587 2675 1920 2742 refutarunt,
1955 2678 2125 2735 Theo-

539 2752 711 2811 dorus
765 2760 1172 2827 quodammodo
1214 2764 1468 2830 eminuit,
1503 2765 1664 2836 cujus
1708 2778 1768 2822 ut
1804 2771 2017 2826 indoles
2069 2783 2125 2829 et

541 2846 814 2914 doctrina,
850 2850 924 2903 ita
976 2851 1143 2906 etiam
1185 2853 1542 2925 impugnandi
1596 2859 1741 2913 ratio
1786 2862 1857 2914 ah
1902 2863 2012 2918 illis
2041 2866 2114 2919 di-

542 2950 697 2991 versa
736 2948 857 2992 erat
886 2938 982 3009 (b).
1023 2939 1227 2996 Vereor
1257 2940 1440 2999 au'tetn
1466 2961 1535 2999 ne
1558 2947 1673 3002 haec
1701 2966 1879 3020 pugna
1908 2956 1956 3008 ei
1987 2954 2125 3009 fata—

542 3030 613 3085 lis
640 3033 933 3089 exstiterit.
957 3033 1090 3090 Nam
1116 3050 1240 3090 cum
1268 3037 1639 3107 Apollinarius
1662 3042 1869 3099 Christi
1898 3059 2123 3105 naturas

2226 562 2635 617 Aristotelicas.
2670 560 2765 616 llle
2789 564 2970 616 minus
3004 564 3342 632 pra-judicati
3370 564 3578 625 attulit.
3610 566 3697 619 hic
3730 566 3801 620 fa.

2225 653 2331 709 cile
2366 653 2681 707 auctoritati
2712 653 2903 707 cessit.
2944 652 3266 708 Theodorus
3302 670 3449 732 vero.
3473 668 3623 711 reete
3656 672 3792 711 evin-

2223 759 2354 800 cere
2405 744 2637 809 studuit,
2692 744 2970 800 hominem
3023 744 3238 801 duabus
3289 755 3501 800 tantum
3557 749 3809 816 partibus

2224 835 2604 904 (substantiis)
2635 842 2913 890 constare.
2949 833 3061 889 Hoc
3084 838 3229 890 enim
3271 838 3501 905 probato
3526 837 3808 905 Apollina-

2225 923 2292 977 rii
2323 924 2575 979 doctrina
2621 926 2770 979 nulla
2813 932 2951 978 erat.
2987 923 3092 978 Sed
3126 940 3193 978 an
3230 926 3283 979 in
3313 925 3415 979 hac
3451 927 3658 980 lllbl'lt‘a
3689 929 3807 983 dis~

2222 1015 2526 1085 quisitione
2556 1017 2692 1071 satis
2731 1015 2963 1071 feliciter
2991 1023 3243 1070 versatus
3277 1016 3350 1070 sit
3387 1017 3809 1071 dubitarelicet.

2223 1106 2494 1161 Praeterea
2536 1108 2862 1163 arctissima:
2890 1107 2966 1161 illi
3013 1116 3335 1161 naturarum
3362 1105 3567 1160 Christi
3603 1123 3810 1162 conne-

2223 1200 2376 1253 xioni
2432 1199 2518 1252 vel
2564 1199 2747 1269 potius
2791 1198 3164 1261 conversioni,
3211 1213 3375 1269 quam
3432 1199 3811 1269 Apollinarius

2224 1291 2551 1357 somniaret,
2591 1306 2715 1345 cum
2754 1292 2923 1344 multa
2959 1290 3238 1345 adversari
3272 1300 3383 1343 tum
3425 1289 3598 1359 ipsam
3643 1301 3808 1346 natu-

2225 1396 2342 1436 ram
2381 1382 2622 1436 divinam
2660 1381 2849 1437 multis
2879 1381 3147 1451 probavit.
3181 1379 3287 1435 Sed
3316 1397 3440 1435 eum
3484 1390 3809 1452 argumenta

2225 1491 2292 1531 ex
2348 1489 2515 1545 opere
2564 1474 2769 1529 Christi
2816 1487 3009 1529 contra
3058 1474 3460 1544 Apollinarium
3518 1476 3812 1544 repetiisse

2223 1581 2333 1620 non
2369 1565 2556 1620 credo.
2609 1564 2839 1621 Maxime
2886 1564 3008 1622 Scr.
3041 1565 3098 1619 S.
3143 1565 3470 1620 auctoritate
3505 1565 3805 1619 nitebatur.

2225 1658 2391 1713 Suam
2440 1658 2747 1714 doctrinam
2792 1672 2918 1713 cum
2954 1656 3076 1712 Scr.
3110 1657 3166 1710 S.
3212 1657 3353 1711 belle
3383 1658 3697 1722 convenire,
3749 1656 3810 1710 in

2223 1767 2331 1823 qua
2359 1753 2427 1808 de
2457 1751 2748 1807 Servatore
2777 1752 2923 1807 dicta
2956 1751 3119 1806 modo
3145 1750 3211 1805 ad
3249 1750 3516 1814 divinam,
3548 1749 3710 1803 modo
3736 1750 3809 1804 ad

2228 1845 2519 1899 humanam
2546 1843 2666 1913 ejus
2697 1853 2973 1908 naturam,
3010 1844 3175 1913 idque
3198 1842 3433 1897 maxime
3467 1841 3808 1910 pertineant,

2224 1949 2350 1988 cum
2407 1934 2742 2003 Apollinario
2790 1941 2959 1988 totam
3010 1934 3135 1988 Scr.
3185 1933 3244 1991 S.
3305 1949 3567 2004 pugnare.
3612 1932 3717 1989 Sed
3768 1934 3805 1987 l.

2222 2023 2384 2079 Joan.
2418 2040 2456 2089 ι,
2491 2026 2578 2088 li,
2624 2027 2843 2080 nonnisi
2880 2037 3140 2082 accurata
3185 2028 3556 2098 disputatione
3604 2030 3670 2083 de
3718 2046 3810 2083 ra-

2225 2115 2375 2169 tione
2403 2115 2564 2169 Verbi
2614 2116 2710 2171 Dei
2753 2117 3033 2173 hominem
3067 2118 3430 2177 inhabitantis
3464 2120 3813 2191 Apollinario

2223 2222 2257 2263 e
2283 2208 2539 2265 manibus
2564 2218 2892 2280 extorquere
2924 2212 3123 2281 potuit.

2602 2368 2659 2425 B.
2691 2369 2842 2425 Libri
2871 2382 3055 2427 contra
3084 2371 3423 2427 Eunomium.

2297 2500 2567 2557 Ebcdicsu
2605 2503 2735 2567 l.u.,
2783 2518 2835 2572 ιι.
2873 2504 2961 2567 55,
3000 2502 3091 2568 54,
3135 2500 3406 2558 Theodori
3456 2503 3588 2556 duo:
3637 2513 3812 2559 tomos

2224 2596 2477 2649 adversus
2525 2594 2842 2649 Eunomium
2891 2606 2945 2651 et
2988 2612 3150 2649 unum
3198 2605 3398 2649 tomum
3452 2610 3547 2663 pro
3598 2594 3815 2649 Basilio

2224 2695 2512 2751 memorat,
2549 2703 2689 2757 quos
2716 2689 2954 2759 amplum
2989 2690 3141 2742 illum
3175 2699 3361 2742 contra
3388 2686 3705 2742 Eunomium
3736 2689 3806 2741 li-

2226 2778 2408 2843 brum,
2440 2796 2602 2849 quem
2644 2779 2872 2834 Photius
2920 2795 2979 2835 se
3013 2779 3213 2851 legisse
3256 2788 3491 2834 testatur
3522 2778 3593 2849 (ο)
3617 2779 3815 2847 cuius-

2225 2884 2333 2937 que
2367 2869 2727 2939 fragmentum
2759 2872 2812 2925 in
2858 2868 2984 2924 Fac.
3012 2862 3097 2935 ἰκ,
3133 2870 3166 2925 5
3202 2870 3284 2938 (-
3315 2869 3384 2924 ab
3420 2886 3583 2940 opere
3615 2870 3686 2924 De
3718 2872 3811 2925 in-

2224 2979 2374 3016 cara.
2406 2992 2476 3001 —
2506 2964 2573 3015 ad
2610 2963 2777 3025 aliud,
2817 2963 2962 3031 quod
3005 2970 3199 3017 contra
3249 2960 3577 3016 Eunomium
3630 2961 3815 3017 edidit.

2223 3083 2295 3094 —
2332 3054 2422 3106 tibi
2488 3053 2704 3107 decitno
2764 3054 2905 3115 libro
2936 3054 3024 3121 —)
3059 3054 3278 3123 legitur,
3330 3054 3520 3117 fuisse,
3574 3062 3626 3107 et
3681 3053 3815 3108 ideo

543 3137 756 3177 summa
796 3126 1208 3182 nes-essitudine
1252 3132 1663 3197 connexuisset,
1700 3136 1808 3190 into
1841 3138 2120 3196 confudis-

2225 3144 2390 3202 credo
2421 3145 2565 3213 quod
2601 3144 2927 3198 Eunomium
2963 3146 3051 3198 vix
3087 3154 3195 3198 tant
3228 3144 3417 3199 multis
3447 3144 3720 3209 refutavit,
3749 3152 3815 3198 et

543 3222 651 3280 set,
693 3216 1019 3274 Theodorus
1056 3235 1167 3289 quo
1199 3220 1381 3276 indole
1426 3238 1525 3276 sua
1560 3222 1883 3294 ducebatur,
1929 3231 2123 3300 majori

543 3305 710 3358 etiam
753 3306 983 3362 rationis
1010 3308 1398 3379 perspicuitate
1434 3326 1529 3367 eas
1561 3314 1632 3367 ita
1662 3315 1902 3379 diremit,
1934 3330 1989 3373 ut
2013 3322 2125 3376 ha:-

542 3393 775 3448 reticum
791 3411 1035 3453 errorem
1060 3414 1171 3453 non
1198 3399 1481 3472 elfugeret.
1502 3401 1739 3463 Omnino
1756 3425 1887 3465 vero
1909 3429 2124 3469 summa

542 3494 664 3541 erat
702 3487 993 3558 utriusque
1037 3492 1141 3545 viri
1170 3492 1488 3551 diversitas.
1522 3495 1751 3554 Inferior
1782 3511 1901 3556 erat
1946 3504 2126 3561 Theo-

544 3584 717 3642 dorus
758 3590 1068 3646 eruditione
1112 3593 1392 3663 animique
1438 3598 1877 3667 perspicacitate,
1926 3599 2124 3654 doctus

546 3683 729 3732 tamen
760 3688 815 3735 et
846 3680 1188 3752 ingeniosus.
1222 3685 1595 3756 Apollinarius
1627 3707 1725 3759 pro
1757 3690 1975 3760 ingenio
2021 3707 2125 3745 suo

547 3781 710 3827 acuta
740 3789 804 3829 ac
836 3777 1051 3846 poetica
1081 3777 1331 3836 Platonis
1370 3786 1556 3854 regula
1611 3783 1903 3850 formatus,
1944 3784 2123 3841 Theo-

547 3863 717 3921 dorus
738 3874 932 3921 natura
958 3884 1056 3923 sua
1083 3870 1150 3927 ad
1180 3872 1492 3930 Aristotelis
1523 3876 1875 3932 sobrietatem
1910 3876 2122 3932 fereba-

583 4067 699 4152 .(a)
732 4070 1001 4152 Caeterum
1039 4081 1256 4152 veteres
1287 4090 1396 4131 non
1437 4077 1624 4152 miror.
1671 4079 1817 4152 quod
1852 4079 2127 4152 Apollina-

549 4142 693 4220 rium
730 4142 1554 4220 _E_uty_ehianisuii_accusarunt.
1583 4142 1815 4220 Soli-rius
1848 4142 1998 4220 Sang
2026 4150 2127 4217 (De

551 4210 988 4289 Eutychiaiiismo
1014 4226 1133 4289 alite
1169 4216 1415 4289 Eutyclt.,
1457 4217 1733 4274 Wolfenib.
1765 4220 1920 4274 i725.
2033 4210 2125 4286 97)

550 4281 979 4356 Apollinaristas
1035 4281 1390 4356 Eutycbiauis
1438 4289 1725 4353 proximos
1760 4281 1971 4345 habuit:
2018 4281 2125 4344 Sed

551 4366 744 4421 magna
763 4352 1027 4429 doctrina:
1045 4352 1241 4429 eorum
1268 4365 1354 4411 est
1372 4352 1689 4413 diversitas.
1712 4358 1952 4429 Uterque
1978 4362 2123 4414 enim

550 4423 911 4498 commouit.
952 4441 980 4478 a
1026 4427 1262 4482 diversis
1318 4429 1496 4483 initiis
1534 4429 1834 4498 profectus,
1863 4423 2128 4486 'diversis

451 4560 465 4571 .
560 4494 987 4551 necessitatibus
1014 4505 1067 4551 et
1095 4498 1403 4553 rationibus
1432 4494 1632 4555 ductus
1665 4510 1770 4557 est.

2225 3252 2352 3306 quia
2378 3248 2435 3291 ut
2464 3253 2491 3289 a
2521 3236 2866 3291 Nestorianis
2891 3239 2943 3291 in
2972 3238 3080 3292 duo
3105 3252 3271 3307 opera
3299 3237 3651 3300 divideretur,
3684 3237 3813 3291 libri

2225 3328 2397 3381 moles
2427 3338 2477 3381 et
2515 3337 2894 3397 argumentum
2928 3328 3141 3383 videtur
3184 3328 3448 3383 olfecisse.
3480 3327 3809 3397 Quanquam

2224 3417 2367 3472 hanc
2386 3419 2712 3473 sententiam
2739 3420 2854 3487 ipsa
2882 3420 3044 3473 etiam
3065 3420 3244 3473 Photii
3265 3422 3430 3474 verba
3456 3428 3679 3475 tuentur
3701 3420 3811 3489 (d).

2226 3506 2301 3560 De
2328 3506 2450 3559 libri
2484 3507 2695 3576 origine
2722 3516 2774 3559 rt
2803 3508 2986 3562 indole
3028 3509 3142 3562 haec
3172 3510 3379 3577 accipe.

2300 3596 2637 3663 Eunomius,
2697 3614 2925 3669 magnus
2971 3600 3062 3654 ille
3107 3599 3435 3653 Arianorqu
3485 3599 3814 3668 antesigna-

2228 3705 2334 3743 nus
2366 3690 2456 3760 (el,
2487 3704 2608 3743 cum
2641 3690 2951 3759 A,-ologiant
2988 3690 3078 3759 (f),
3116 3707 3277 3760 quam
3313 3690 3474 3759 paulo
3504 3696 3811 3758 antequam

2228 3780 2414 3852 Cyzici
2456 3780 2748 3850 episcopus
2799 3783 2951 3835 lict‘el
3028 3781 3175 3852 (560)
3213 3781 3307 3849 (g).
3365 3780 3553 3834 nescio
3595 3795 3702 3849 qua
3747 3793 3816 3832 re

2229 3883 2561 3945 provocatus
2584 3874 2657 3943 th)
2692 3875 3013 3944 scripserat,
3047 3889 3076 3927 a
3108 3872 3308 3927 Basilio
3337 3872 3477 3926 male
3514 3868 3813 3924 refutataiu

2222 4081 2419 4134 σιλείου
2450 4081 2540 4135 τοῦ
2567 4081 2728 4144 πάνυ,
2759 4080 2900 4134 οὕτω
2922 4081 3029 4150 γὰρ
3061 4080 3168 4149 ἐῨὼ
3193 4078 3337 4133 καλῶ
3358 4080 3455 4151 τὴν
3482 4079 3659 4150 πάσης
3705 4095 3780 4132 κα.
3802 4109 3817 4117 ·

2219 4152 2480 4222 τηγορίας
2513 4152 2715 4223 μεστὴν
2748 4151 2889 4221 ὑπὲρ
2929 4152 3092 4205 αὐτοῦ
3113 4151 3423 4223 ᾁπολογίακί.

2294 4219 2371 4291 (α)
2434 4219 2744 4291 Vanissima
2782 4219 2869 4275 est
2902 4223 3066 4275 Cavei
3117 4222 3154 4275 ι.
3188 4236 3263 4277 e..
3298 4237 3351 4288 p.
3384 4220 3509 4282 248,
3535 4219 3741 4287 opinio,
3775 4233 3813 4272 a

2221 4290 2375 4345 libris
2404 4304 2594 4345 contra
2637 4290 2957 4345 Eunomium
3003 4308 3098 4359 pro
3153 4291 3358 4343 Basilio
3414 4290 3648 4344 fortasse
3695 4304 3814 4343 non

2221 4360 2470 4417 diversos
2501 4363 2670 4417 fuisse
2705 4362 2874 4417 libros
2902 4374 3090 4415 contra
3122 4359 3539 4429 Apollinarium.
3563 4364 3636 4428 (ν.
3663 4359 3734 4427 s.)

2295 4433 2364 4499 (ε)
2404 4430 2578 4501 Hujus
2612 4432 2736 4494 viri,
2776 4432 2829 4485 in
2853 4433 3043 4486 multis
3076 4432 3302 4500 egregii,
3337 4445 3425 4483 res
3453 4429 3812 4501 inimicorum

2227 4500 2576 4572 potissimum
2619 4503 2770 4556 rabie
2824 4502 3018 4555 multis
3069 4501 3284 4556 nebulis
3326 4500 3597 4572 obvolutae
3655 4508 3813 4572 sunt,

622 4576 697 4655 ib)
724 4575 947 4655 Optime
972 4582 1331 4655 Athanasium
1376 4583 1671 4655 dogmatice
1699 4585 2118 4655 Apollinaristas
2156 4564 2200 4619 θ
2226 4564 2346 4655 ἱιυειξ
2377 4583 2435 4627 ¹¹ῑ
2463 4571 2805 4655 ηιιξιδάὊθτί
2842 4579 3024 4655 ρειιεει
3054 4572 3273 4655 ίξυδδξθω
3314 4569 3611 4655 ἢιίίὶἓδρέθ
3638 4568 3816 4655 ᾠδῗί’

551 4645 820 4720 refugisse
863 4651 1121 4704 existimo
1155 4652 1228 4720 (v.
1277 4645 1501 4706 Marmor
1545 4645 1837 4710 Athanfd.
1875 4656 1990 4719 Gn,
2047 4655 2110 4717 ιι,

551 4730 604 4795 p.
767 4719 898 4795 sq.).
937 4716 1211 4795 Gregorii,
1246 4720 1628 4795 Nazianzenus
1654 4726 1728 4795 (v.
1759 4716 2015 4795 Ullmann
2059 4725 2112 4795 Al.

550 4786 614 4847 l.,
638 4786 736 4861 ibi
773 4786 882 4861 sq.)
931 4797 986 4843 et
1023 4786 1305 4861 Nyssenus
1354 4804 1429 4859 (v.
1467 4786 1765 4849 Schraa‘ekh
1801 4796 1836 4847 Ι.
1881 4796 1941 4856 1.,
1972 4793 2114 4855 XIV,

552 4855 707 4932 p._58
745 4855 877 4932 sip),
919 4874 1020 4932 pro
1041 4855 1282 4932 oratoria
1311 4855 1408 4915 sua
1446 4863 1629 4917 indole
1665 4855 1976 4931 hujusmodi
2014 4881 2117 4932 pu-

549 4925 671 4993 gnis
698 4925 879 5003 minus
900 4925 1033 4999 a'pti,
1054 4929 1390 5003 Apollinarii
1422 4932 1637 4987 decreta
1679 4925 1779 4989 nec
1800 4948 1861 4988 ea
1891 4925 2120 5003 qua-par

556 5004 668 5074 erat
699 5013 829 5052 cura
871 5000 1269 5074 investigaruut
1311 5016 1411 5055 nec
1460 5004 1835 5074 profligarunt.
1873 5000 2121 5074 Epipha-

552 5068 676 5123 nius
722 5076 902 5123 autem
951 5068 1299 5125 lueriuxvu
1355 5068 1505 5126 more
1550 5068 1651 5128 suo
1689 5074 1759 5129 de
1816 5068 2121 5128 Dim'oi’ritis

551 5137 711 5190 etiam
737 5140 1014 5194 disseruit.

623 5208 693 5285 (cf)
728 5208 886 5285 P_h_ot..
918 5225 968 5285 t‘_.
1000 5210 1053 5262 ι.
1084 5240 1171 5285 Α-
1297 5211 1614 5281 Ἀντιοχέως
1650 5213 1792 5285 ὑπὲρ
1841 5213 2121 5285 Βασιλεένου

553 5277 692 5348 κατὰ
752 5279 1017 5345 Εὑνομίου
1080 5280 1139 5331 ἐν
1191 5279 1370 5348 λόγοίς
1404 5277 1508 5337 κείξ
1558 5300 1608 5337 c.
1652 5277 1775 5337 177'.
1808 5285 1915 5345 (ed.
1948 5284 2122 5337 Andr.

554 5346 1051 5438 Schpttulio-tlliom.
1099 5346 1334 5438 ίβξκρ.
1356 5352 1513 5435 βίω.)
1551 5382 1625 5438 τ-
1659 5355 1699 5438 ιὸ
1746 5356 1995 5438 auiae?
2026 5355 2128 5438 Εὐτ

553 5416 738 5487 νομίου
761 5420 831 5494 ἐν
861 5416 1035 5494 εἴκοσι
1054 5419 1156 5494 ’καὶ
1176 5416 1319 5474 ὀκτὼ
1352 5416 1534 5494 Δλόγοίς
1564 5426 1691 5494 (κη’.
1748 5424 1947 5479 Facilis
2010 5433 2129 5480 erat

553 5486 728 5568 error.
761 5486 917 5568 Utra_
942 5489 1104 5542 lectio
1140 5506 1267 5568 vera
1297 5492 1391 5568 fit
1426 5486 1532 5568 non
1554 5486 1807 5568 dixerim)
1836 5496 1946 5568 on’rx
1969 5497 2129 5564 ἀγεν-

556 5557 1088 5634 νιῇς-ἁγωχισάμενρς
1109 5562 1205 5634 καί
1230 5563 1323 5615 τοῦ
1356 5564 1637 5618 Βασιλείου
1682 5565 1777 5619 τοῦ
1828 5557 2129 5634 θεοποόίου,

558 5626 758 5747 reum
787 5626 843 5681 δὲ
884 5626 982 5698 τῆς
1019 5630 1272 5701 ἀληθείας
1328 5636 1607 5706 κρατύνων
1654 5636 1831 5701 δόξαν.
1876 5626 2129 5690 Photiuui

578 5712 643 5747 tts
669 5698 702 5747 I.
727 5698 866 5747 duos
891 5700 1141 5747 diversos
1185 5703 1353 5747 lilii-nc
1397 5705 1624 5747 ἰιιιιιιμιιρ
1665 5724 1799 5747 mna
1839 5717 1917 5747 ρκι
1970 5707 2129 5747 Acen-

578 5698 643 5751 iis
669 5698 702 5751 l.
727 5698 866 5755 duos
891 5698 1141 5756 diversos
1185 5698 1624 5761 libros'innuere
1665 5698 1801 5760 vana
1839 5717 1923 5761 est
1965 5707 2131 5761 Asse-

561 5768 704 5846 iuani
731 5767 858 5846 l._l.,
892 5772 1349 5846 p.ﬂ5}.‘0pilla_li0.
1397 5774 1585 5846 l.e0nt.
1623 5778 1725 5831 l.e.
1780 5778 1940 5846 (Aug.
1985 5776 2083 5831 Mai
2119 5818 2131 5839 .

557 5834 602 5891 t.
634 5839 695 5896 l.,
735 5838 817 5906 γι,
846 5834 909 5911 p.‘
935 5842 1084 5913 299.)
1110 5834 1175 5882 ὲ-
1208 5844 1275 5896 τά
1305 5861 1360 5897 τε
1385 5845 1525 5916 ὑπὲρ
1555 5834 1816 5919 κύνομίολδ
1854 5834 1994 5905 xm
2024 5834 2131 5902 Bx;

2216 4782 2496 4847 congessit
2522 4797 2537 4843 ;
2568 4779 2801 4844 Basuag.

2222 4638 2420 4708 petitur
2468 4638 2795 4707 optandum.
2844 4638 2998 4695 Cum
3066 4640 3247 4694 ft'ttctu
3287 4642 3362 4695 cl'.
3415 4638 3631 4693 Fabric.
3665 4639 3699 4691 l.
3742 4641 3810 4703 l.,

2220 4708 2309 4771 IX,
2351 4728 2400 4777 p.
2434 4712 2538 4765 ‘20?
2572 4727 2692 4780 νειμ,
2739 4708 3130 4780 quiplurima,
3198 4726 3320 4780 qua:
3360 4710 3467 4764 huc
3510 4709 3811 4776 pertinent,

2883 4779 3351 4834 hesaur.monum.
3402 4779 3613 4839 ποίεε..
3662 4780 3701 4840 Ι,
3747 4794 3781 4848 p

2221 4820 2822 4920 ἶὲἒδείῖῗ’(’κ³οξῖ,ᾜὲῐὶ,
2843 4820 3105 4920 iiIi-EI};
3118 4820 3351 4920 ’Βῗῒέίἴ
3365 4820 3613 4920 είῖἷῖῖεἷῗ
3635 4820 3814 4903 sua:

2218 4919 2317 4971 der
2347 4919 2379 4970 Ι.
2417 4917 2482 4979 l.,
2506 4917 2658 4982 ll;‘C.
2697 4918 2837 4975 liud.
2858 4917 2922 4973 G.
2950 4920 3114 4977 Klose
3139 4917 3344 4976 'Gescli.
3386 4920 3495 4973 und
3525 4917 3690 4973 Lehre
3712 4919 3809 4974 des

2221 4987 2533 5044 Eunomius.
2563 4989 2699 5054 Kicl,
2731 4990 2887 5043 l85'5.

2289 5057 2353 5130 (7f)
2386 5059 2647 5130 Primum
2688 5061 2847 5130 edita
2908 5068 2990 5115 est
3023 5076 3051 5113 a
3097 5059 3351 5130 Fabricio
3399 5060 3437 5113 l.
3490 5060 3552 5123 l.,
3583 5058 3718 5119 Vlll,
3751 5077 3807 5130 p.

2220 5125 2345 5191 262,
2365 5129 2562 5183 deinde
2589 5130 2642 5184 in
2672 5129 2770 5200 Op.
2791 5131 2957 5186 Basil.
2976 5131 3063 5185 ed.
3087 5129 3281 5196 Garn.,
3307 5131 3346 5197 Ι,
3368 5147 3420 5201 p.
3447 5130 3551 5184 (its
3582 5145 3665 5197 sq.

2296 5212 2369 5285 (g)
2404 5212 2640 5285 Basilius
2666 5229 2714 5267 ε.
2751 5212 2889 5267 Eun.
2927 5215 2965 5267 1.
2990 5212 3027 5277 1,
3069 5211 3191 5282 (Op.
3228 5229 3267 5276 t,
3300 5230 3350 5285 p.
3384 5213 3511 5285 209,
3536 5213 3661 5284 210)
3698 5212 3809 5271 Eu-

2224 5284 2531 5337 notnionec
2554 5284 2837 5342 Seleuciae,
2871 5285 2925 5336 in
2969 5299 3132 5353 quam
3174 5284 3365 5339 urbem
3403 5284 3592 5339 Ariani
3630 5290 3809 5341 vocati

2225 5368 2335 5406 non
2363 5354 2641 5409 venissent
2667 5354 2743 5421 (a.
2780 5354 2928 5423 559),
2972 5369 3147 5423 neque
3178 5355 3681 5423 Constantinopoli,
3709 5358 3804 5412 ubi

2226 5424 2413 5476 Ariani
2448 5425 2761 5493 superiores
2800 5426 3039 5478 fuissent
3065 5426 3139 5491 (a.
3177 5425 3303 5494 569)
3337 5432 3390 5477 et
3438 5425 3687 5479 civitates
3722 5428 3812 5479 iii--

2227 5501 2314 5565 ter
2341 5509 2399 5546 se
2424 5491 2621 5565 partiti
2652 5503 2855 5556 essent,
2889 5497 3003 5563 ipse
3031 5501 3211 5548 autem
3247 5491 3409 5548 ἆθλον
3429 5495 3527 5565 τῆς
3554 5496 3811 5563 ἀσεϐείας

2228 5564 2329 5632 τὴν
2355 5564 2590 5628 Κύζικον
2626 5567 2922 5634 retulisset,
2964 5565 3214 5634 apologia
3260 5579 3399 5634 opus
3451 5564 3622 5621 fuisse
3652 5565 3809 5628 dicit,

2233 5644 2294 5689 ut
2322 5635 2449 5689 dolo
2471 5650 2589 5689 eam
2612 5632 2919 5689 confertam
2955 5632 3076 5689 esse
3109 5632 3467 5689 demonstret.
3528 5635 3665 5689 Hine
3702 5639 3807 5692 nisi

2234 5704 2508 5759 claudicat
2544 5703 2728 5757 Basilii
2753 5705 3170 5771 demonstratio,
3210 5706 3303 5759 illo
3334 5718 3579 5775 tempore
3613 5708 3808 5774 Apolo-

2235 5774 2374 5843 giam
2414 5776 2672 5841 scriptam
2703 5790 2824 5827 esse
2846 5776 3090 5843 emergit.

2314 5845 2388 5915 (Ιι)
2448 5845 2564 5901 Doli
2608 5846 2919 5914 postulatur
2971 5862 2999 5899 a
3051 5844 3251 5900 Basilio
3292 5846 3327 5899 l.
3361 5861 3399 5910 ι,
3448 5862 3500 5916 p.
3534 5847 3802 5915 ‘309;scd
