4104 6468
245 421 312 473 os
633 395 640 400 “
1061 410 1148 464 DE
1190 406 1544 464 rneooom
1588 400 2072 459 nopsurzsrw
2117 400 2281 454 VlTA
2323 401 2408 456 er
2453 399 2796 457 SCRIPTIS.
3477 393 3545 450 το

236 534 459 607 synodo
491 547 625 587 acta
657 540 819 587 erant
847 531 923 601 (ν.
951 539 1072 586 acta
1099 546 1163 585 ex
1194 527 1506 598 Augustino
1541 524 1772 578 collecta
1802 523 1857 575 in
1890 529 1932 582 Α
1963 523 2058 576 sed
2101 522 2486 576 tantummodo
2523 521 2697 584 taciti,
2736 518 2827 589 qui
2869 517 2981 573 div.
3013 515 3422 586 Seripturarum
3450 514 3542 571 ha-

237 630 520 684 liartluin.
563 629 600 682 Ι.
635 627 699 688 1.,
733 626 776 686 1,
824 643 878 695 p.
908 624 1051 680 2009
1083 639 1194 694 sq.,
1236 620 1441 681 Fuehs,
1471 616 1725 672 Biblioth.
1762 615 1857 669 der

239 719 657 784 Kirchenaers.,
713 719 803 782 lll,
863 734 916 787 p.
965 716 1070 772 59.8
1121 713 1255 785 sq),
1301 711 1626 767 Theodorus
1673 716 1856 763 autem

237 831 407 871 suum
429 813 713 884 putaverit
732 813 901 881 impia
919 810 1306 864 nonnullorum
1329 807 1397 862 de
1412 807 1648 860 humana
1665 811 1857 857 natura

238 906 476 959 decreta
527 903 836 959 scribendo
878 903 1110 956 diluere.
1161 899 1287 954 Haec
1329 898 1624 961 sententia,
1676 912 1771 966 per
1802 909 1862 949 se

243 997 590 1067 probabilis,
621 997 711 1050 his
764 995 1003 1048 maxime
1036 993 1233 1046 nititur
1275 989 1618 1060 argumentis
1657 1007 1670 1042 :
1707 986 1864 1041 Pela-

243 1086 396 1155 gium
433 1084 508 1138 de
543 1084 690 1139 actis
731 1083 883 1138 illius
910 1082 1111 1151 synodi
1145 1083 1510 1151 excerpsisse,
1534 1094 1657 1148 qua:
1683 1075 1862 1131 divul-

242 1185 549 1248 garentur,
588 1184 803 1230 certum
832 1184 917 1229 est
947 1173 1043 1245 (cf.
1075 1174 1310 1244 August.
1340 1172 1420 1226 De
1443 1172 1602 1242 gestis
1636 1169 1860 1241 Pelagii,

243 1287 294 1324 c.
327 1270 425 1333 3?)
454 1285 471 1332 ;
501 1285 630 1323 eam
666 1265 996 1322 Theodorus
1030 1266 1394 1336 qua-stiouum
1436 1275 1548 1318 tum
1588 1270 1863 1316 motarum

245 1364 643 1433 cognitionem
688 1360 900 1421 habuit,
935 1375 1099 1428 quam
1131 1356 1352 1412 nonnisi
1385 1371 1451 1410 ex
1487 1355 1701 1416 litteris,
1743 1367 1866 1423 qua:

249 1459 506 1510 breviter
528 1469 628 1509 eas
651 1461 1002 1516 enarrarent,
1026 1451 1276 1505 hauserit
1303 1469 1315 1503 :
1345 1448 1711 1510 contumeliae,
1743 1448 1868 1518 qui-

248 1550 356 1602 bus
398 1547 814 1618 Hieronymum
861 1544 1045 1598 aﬂ‘ecit
1096 1541 1420 1596 Theodorus
1468 1557 1532 1594 ex
1587 1541 1692 1593 hoc
1744 1539 1865 1594 solo

247 1640 407 1694 fonte
456 1639 839 1692 manaverint.
876 1636 1034 1701 Quod
1067 1649 1195 1687 vero
1229 1633 1470 1702 pessime
1499 1647 1632 1686 sane
1671 1630 1865 1684 Hiero-

248 1745 459 1801 nymus
492 1730 650 1782 illius
679 1726 910 1780 haeresis
942 1723 1212 1794 ἀρχηγός.
1253 1723 1610 1782 imo-auctor,
1643 1719 1736 1788 qui
1768 1731 1866 1772 sua

247 1824 374 1876 labe
429 1819 831 1876 Occidentales
874 1817 1040 1871 etiam
1097 1814 1376 1868 Ecclesias
1410 1812 1864 1874 contaminasset,

1963 613 2166 667 bebaut
2211 613 2488 674 notitiam,
2541 610 2931 674 detrahebant,
2975 628 2990 660 υ
3051 607 3189 662 nihil
3237 608 3344 660 huc
3395 605 3545 662 facit.

1962 703 2148 773 Neque
2173 704 2317 758 enim
2345 704 2522 772 legum
2543 702 2890 771 publicarum
2912 700 3151 770 potentia
3173 695 3545 768 intelligenda,

1963 796 2059 850 sed
2089 793 2435 848 austeritatis
2475 791 2795 861 Hieronymi
2830 797 2994 859 atque
3034 786 3399 848 auctoritatis,
3441 799 3548 855 qua

1964 889 2018 942 in
2051 886 2303 940 homines
2339 884 2736 955 grassabatur;
2774 899 2826 936 v.
2860 881 3023 937 etiam
3081 878 3268 934 statim
3331 893 3486 947 seqq.
3526 894 3540 932 :

1983 1002 2000 1036 ι
2039 979 2345 1033 Novissime
2380 993 2514 1032 vero
2547 977 2603 1031 in
2635 976 2778 1032 hanc
2807 973 3081 1044 dogmatis
3120 969 3318 1025 recidit
3345 971 3554 1024 novita-

1967 1081 2096 1134 tem,
2134 1086 2241 1140 qua
2271 1071 2571 1124 diceret—.
2606 1086 2625 1119 ι

2036 1176 2107 1229 At
2157 1191 2286 1229 vero
2321 1173 2565 1228 nondum
2606 1172 2673 1227 de
2716 1170 2896 1225 Mario
2943 1168 3247 1223 Mercatore
3285 1165 3550 1220 diximus.

1966 1267 2295 1335 Quanquam
2329 1265 2413 1318 hic
2445 1262 2688 1333 quidem,
2718 1260 2806 1314 cui
2843 1259 2990 1313 facili
3014 1274 3202 1313 errore
3229 1255 3557 1310 Theodorus

1968 1363 2035 1414 de
2090 1367 2315 1429 peccato
2367 1355 2622 1426 originali
2678 1352 2897 1408 nonnisi
2944 1359 3138 1406 contra
3189 1348 3556 1417 Augustinum

1967 1452 2254 1522 disputare
2301 1451 2550 1518 potuisse
2585 1446 2863 1501 videretur
2887 1485 2900 1509 ,
2935 1443 3138 1498 morari
3175 1457 3277 1496 nos
3314 1456 3421 1494 non
3459 1453 3558 1508 po»

1967 1555 2098 1602 test.
2135 1544 2240 1600 Sed
2271 1552 2541 1600 memorat
2565 1552 2747 1596 tamen
2777 1540 3102 1594 Theodorus
3133 1534 3558 1604 sapientissimos

1969 1640 2274 1709 defensores
2321 1637 2528 1707 peccati
2571 1634 2850 1704 originalis
2885 1634 2920 1686 l.
2955 1647 3003 1686 c.
3056 1630 3237 1685 Potuit
3267 1627 3333 1682 de
3367 1629 3559 1693 Augu-

1971 1735 2116 1788 stino
2146 1731 2393 1802 quaedam
2420 1729 2786 1799 comperisse;
2818 1728 2920 1780 hoc
2941 1724 3173 1786 affirmo,
3199 1736 3322 1776 eum
3350 1719 3403 1773 in
3435 1717 3563 1770 Hie-

1975 1838 2266 1895 ronymum
2307 1820 2690 1891 potissimum,
2744 1823 2933 1886 utpote
2984 1811 3215 1867 haeresis
3262 1809 3412 1863 illius
3459 1803 3563 1858 du-

250 1918 601 1987 appellatur,
666 1928 736 1967 ne
777 1913 883 1965 hoc
924 1909 1147 1980 quidem
1197 1908 1360 1977 quale
1413 1908 1486 1960 sit
1543 1906 1861 1959 obscurum.
1899 1894 1938 1948 Β
1971 1894 2113 1981 cem,
2143 1915 2248 1970 ιρις,
2285 1929 2384 1968 sua
2417 1913 2740 1982 conjecisse.

249 2008 548 2079 Pelagiani
600 2006 772 2069 enim,
805 2003 901 2072 qui
951 2002 1017 2054 ad
1059 1999 1404 2055 Theodorum
1458 1998 1668 2052 litteras
1705 1993 1870 2050 dede-

245 2106 382 2151 runt
436 2104 498 2149 et
542 2109 782 2165 quorum
809 2092 964 2144 furor
992 2100 1104 2143 tum
1142 2090 1196 2143 in
1237 2089 1627 2158 Hieronymum
1665 2086 1718 2139 in
1744 2084 1870 2155 pri-

249 2192 361 2245 mis
395 2202 719 2243 conversus
747 2194 891 2243 erat.
929 2199 1018 2237 res
1062 2190 1224 2236 antea
1259 2183 1314 2236 in
1347 2181 1644 2235 Occidente
1686 2186 1869 2248 gestas

250 2299 422 2352 quam
457 2282 581 2336 fieri
621 2287 814 2350 posset
856 2279 1094 2333 maxime
1132 2275 1400 2330 oblivioni
1431 2273 1650 2328 tradere
1683 2270 1873 2326 stude-

253 2378 410 2439 bant,
449 2390 524 2429 ne
545 2373 876 2428 Occidentis
910 2371 1214 2425 auctoritas
1245 2367 1457 2423 Orienti
1493 2365 1670 2420 fraudi
1703 2371 1868 2420 esset.

253 2471 540 2523 Caeterum
578 2465 728 2520 haud
765 2464 1099 2533 importuna:
1143 2460 1379 2515 fortasse
1423 2455 1714 2510 Theodoro
1768 2454 1874 2507 illa}

256 2559 594 2630 Hieronymi
619 2557 974 2613 contumeliae
1006 2561 1185 2615 crant,
1221 2553 1272 2606 in
1303 2551 1464 2619 cujus
1489 2548 1740 2602 notitiam
1763 2560 1874 2600 non

257 2668 376 2707 tum
414 2653 666 2723 primum
707 2650 940 2704 venerit.
981 2648 1138 2702 (Zerte
1169 2654 1252 2700 ter
1284 2643 1651 2713 Hieronymus
1679 2640 1874 2694 Antio-

260 2745 400 2799 chiae
445 2742 777 2796 morabatur
811 2739 882 2808 (a.
931 2737 1057 2802 374,
1089 2737 1215 2798 578,
1260 2735 1344 2790 vel
1377 2733 1503 2795 379,
1551 2733 1703 2802 585),
1744 2737 1799 2784 ct
1828 2730 1874 2785 si

262 2844 378 2886 tum
410 2830 718 2884 Theodoro
767 2828 1030 2888 innotuit,
1067 2827 1189 2894 ejus
1219 2825 1406 2878 odium
1454 2839 1519 2877 eo
1554 2821 1700 2890 quod
1734 2818 1876 2872 Pau-

263 2927 361 2978 lini
395 2933 589 2992 partes
615 2917 1241 2990 sequeliatur,incurrit.
1272 2914 1406 2970 Post
1431 2929 1560 2969 vero
1581 2910 1874 2982 Origenetn

263 3024 477 3071 temere
505 3014 741 3068 adortus
772 3020 877 3065 est.

336 3142 479 3207 Quae
527 3140 574 3194 si
615 3145 766 3193 recte
810 3135 1240 3207 disputavimus,
1271 3134 1625 3190 Theodorum
1659 3148 1708 3186 a.
1747 3129 1876 3192 5l6,

265 3242 362 3290 aut
387 3234 596 3289 saltem
623 3246 678 3305 a.
713 3230 842 3292 517,
897 3229 966 3284 de
1015 3236 1246 3298 peccato
1277 3226 1532 3296 originali
1583 3224 1876 3293 scripsisse
1905 3239 1946 3295 (ς

264 3324 639 3380 Inanifesturn
673 3329 760 3378 est
793 3321 894 3389 (a).
929 3320 1107 3373 Aliter
1135 3333 1267 3372 vero
1298 3317 1613 3371 Tillemont.
1649 3315 1682 3368 Ι.
1717 3314 1778 3376 1.,
1823 3329 1876 3383 p.

266 3419 401 3481 449,
436 3413 779 3470 Garnerium
819 3412 1018 3482 partim
1057 3417 1284 3464 secutus
1317 3427 1330 3463 :
1370 3427 1386 3460 ι
1430 3406 1469 3460 ll
1507 3407 1554 3461 le
1598 3405 1880 3473 (ouvragc)

269 3508 330 3564 ῆι
363 3506 540 3580 apréa
577 3507 661 3561 les
694 3505 804 3559 loix
841 3504 910 3558 de
955 3504 1061 3556 l‘an
1097 3502 1202 3556 418
1232 3509 1425 3556 contre
1475 3500 1554 3553 les
1596 3497 1885 3565 Pelagicns

267 3604 626 3674 (rescriptum
661 3599 913 3661 Honorii,
952 3597 1122 3666 pridie
1153 3593 1282 3648 Kal.
1319 3592 1496 3646 Maias
1530 3589 1634 3644 418
1675 3593 1884 3651 datum,

266 3695 485 3767 legitur
527 3694 582 3749 in
607 3694 843 3763 August.
896 3687 1035 3759 Opp.
1074 3685 1144 3749 Χ,
1197 3701 1349 3756 app.,
1389 3699 1440 3753 p.
1492 3681 1588 3744 70;
1642 3679 1886 3733 Salviani

269 3789 444 3860 Opp,
483 3786 702 3842 Brema:
738 3783 903 3849 i688,
954 3783 1008 3846 4,
1051 3797 1105 3850 p.
1141 3779 1246 3834 574
1279 3778 1413 3847 sq.),
1459 3773 1722 3845 puisqu’il
1771 3773 1891 3842 pré-

270 3881 500 3940 tendoit
541 3895 656 3950 que
693 3878 744 3932 la
772 3876 989 3932 crainte
1027 3874 1094 3928 de
1128 3873 1178 3925 la
1218 3871 1514 3941 puissance
1545 3867 1889 3936 empcschoit

269 3976 342 4029 de
393 3973 590 4045 parler
620 3977 820 4026 contre
865 3984 956 4023 ses
996 3964 1385 4031 adversaires;
1426 3971 1479 4016 et
1516 3976 1580 4015 ce
1617 3960 1699 4013 fut
1734 3975 1888 4014 asscz

269 4063 870 4125 misemblablement
899 4058 1058 4130 aprés
1086 4058 1192 4112 l‘an
1223 4055 1352 4118 421,
1396 4055 1599 4108 durant
1632 4053 1680 4106 le
1711 4059 1814 4106 tem
1827 4069 1888 4122 ps

273 4174 388 4230 que
425 4172 534 4214 son
562 4153 790 4210 diocese
820 4151 1030 4226 servoit
1063 4150 1129 4205 de
1156 4149 1380 4204 retraite
1416 4147 1446 4200 ἐι
1476 4145 1657 4200 Julicn
1685 4154 1738 4199 et
1779 4162 1888 4201 aux

273 4263 472 4309 autres
507 4249 785 4318 évesques
825 4244 1136 4315 Pelagiens,
1170 4250 1224 4296 et
1278 4247 1587 4312 peut-estre
1614 4237 1644 4292 ἐι
1692 4237 1891 4309 Pelage

274 4356 518 4400 mesme.
551 4338 652 4410 qui
702 4336 872 4393 estoit
912 4333 1432 4404 particulierement
1483 4332 1668 4390 anime
1701 4340 1893 4388 contre

277 4434 342 4489 Β.
392 4431 624 4489 Jérome
656 4436 713 4484 ct
742 4429 968 4500 pouvoit
999 4426 1122 4481 bien
1190 4426 1271 4496 s‘y
1303 4435 1451 4481 estre
1494 4425 1680 4488 retire,
1731 4422 1894 4493 aprés

275 4526 442 4584 avoir
467 4522 592 4580 esté
626 4519 827 4579 chassé
853 4519 921 4574 de
957 4517 1282 4574 Jerusalem.
1332 4516 1456 4584 Quo
1484 4517 1530 4572 si
1561 4518 1611 4570 la
1648 4514 1895 4570 maniere

2045 2007 2102 2062 Si
2138 2006 2463 2061 Theodorus
2493 2002 2726 2072 singulis
2755 1999 3002 2070 quinque
3036 1993 3193 2050 libris
3223 1993 3467 2064 quinque
3500 1990 3563 2044 il-

1973 2099 2054 2153 las
2087 2096 2535 2152 adversariorum
2575 2091 2904 2152 sententias,
2929 2103 3065 2158 quas
3091 2086 3273 2140 attulit
3306 2083 3562 2142 Photius,

1972 2189 2170 2252 diluit,
2205 2188 2282 2240 rei
2319 2194 2645 2255 argumento
2677 2182 2950 2235 adductus
3000 2179 3188 2233 eadem
3231 2175 3434 2244 saepius
3480 2188 3566 2227 re-

1973 2283 2151 2354 petiit.
2197 2281 2424 2335 Summa
2471 2277 2743 2348 qumstio,
2795 2289 2827 2328 a
2874 2286 2982 2342 qua
3033 2270 3245 2339 reliqua
3297 2281 3566 2335 suspensa

1973 2387 2153 2437 erant,
2173 2375 2227 2427 in
2244 2372 2455 2426 Adatno
2475 2369 2824 2433 versabatur,
2843 2380 3003 2434 quem
3025 2361 3306 2417 mortalem
3324 2366 3567 2413 creatum

1978 2468 2117 2521 nihil
2151 2463 2450 2534 importuni
2487 2464 2742 2515 humanm
2775 2467 2984 2512 natura:
3015 2455 3344 2524 importasse
3369 2453 3571 2504 docen-

1976 2557 2113 2612 dum
2153 2565 2293 2610 erat.
2331 2553 2688 2624 Argumentis
2730 2566 2864 2604 usus
2919 2557 3005 2603 est
3051 2545 3289 2600 maxime
3329 2541 3571 2610 exegcti-

1979 2652 2092 2717 cis;
2128 2650 2386 2704 titubavit
2423 2658 2603 2702 tamen
2639 2645 2762 2714 ejus
2791 2643 2826 2696 l.
2857 2641 3054 2696 Cenes.
3093 2655 3150 2702 ιι,
3187 2639 3268 2704 l7,
3304 2638 3571 2703 interpre-

1979 2744 2121 2798 tatio
2143 2751 2195 2796 et
2221 2758 2340 2796 eam
2369 2741 2698 2795 sententiam
2726 2733 3002 2806 procudit,
3028 2747 3150 2801 qua:
3179 2729 3338 2784 facile
3368 2729 3571 2781 multos

1979 2833 2302 2892 offenderet.
2340 2833 2492 2900 Aplze
2532 2835 2689 2884 erant
2724 2828 2790 2879 ah
2829 2827 2916 2880 illa
2954 2823 3260 2894 quaestione
3295 2818 3574 2874 nonnulla:

1981 2928 2124 2990 aliaa,
2168 2943 2216 2978 v.
2255 2940 2305 2978 c.
2355 2924 2422 2978 de
2457 2920 2717 2992 baptismi
2765 2916 2839 2984 vl,
2877 2919 2930 2972 in
2977 2931 3115 2986 quas
3154 2913 3389 2967 fortasse
3434 2925 3573 2964 non-

1981 3021 2110 3074 dum
2157 3017 2293 3073 satis
2325 3024 2578 3070 accurate
2619 3011 2964 3082 inquisierat.
3026 3007 3264 3061 Omnino
3305 3005 3428 3059 lites
3475 3001 3574 3056 Pc-

1985 3108 2214 3178 lagianae
2243 3105 2364 3174 ejus
2395 3103 2704 3158 doctrinam
2741 3098 3168 3170 ampliﬁcarunt.
3213 3095 3438 3150 Summa
3474 3109 3576 3147 au-

1986 3207 2096 3252 tem
2143 3194 2441 3251 diversitas
2500 3190 2849 3246 Theodorum
2904 3193 3047 3243 inter
3097 3188 3415 3258 peccatique
3468 3184 3579 3238 ori-

1984 3291 2186 3364 ginalis
2242 3295 2551 3343 assertores
2605 3283 2940 3338 intercessit.
3001 3281 3094 3334 llle
3159 3279 3451 3349 augustius
3509 3277 3576 3331 de

1985 3393 2184 3440 natura
2220 3383 2458 3436 humana
2497 3377 2702 3434 sentire
2734 3385 2949 3438 suetus,
2989 3373 3282 3443 cxegeticis
3311 3379 3364 3426 et
3395 3371 3459 3423 iis
3491 3385 3578 3422 ar-

1987 3479 2265 3550 gumentis
2301 3491 2422 3546 qua:
2467 3474 2652 3530 sobria
2692 3472 2835 3526 ratio
2878 3470 3285 3540 suppeditasset
3326 3482 3440 3521 rem
3480 3465 3580 3518 ah-

1989 3572 2190 3638 solvit;
2237 3570 2289 3623 hi
2325 3568 2569 3640 pectoris
2602 3566 2846 3621 motibus
2876 3561 3079 3617 conciti
3115 3568 3168 3616 et
3205 3560 3366 3614 rebus
3401 3557 3580 3616 eccle-

1990 3663 2231 3718 siasticis
2256 3661 2405 3714 ducti
2433 3659 2520 3714 via
2547 3673 2608 3714 ac
2633 3657 2848 3712 ratione
2874 3652 3199 3726 philosopha
3231 3651 3449 3706 decreta
3479 3663 3578 3704 sua

1992 3755 2270 3826 persecuti
2305 3761 2456 3807 sunt.

2062 3864 2276 3929 Restat,
2311 3870 2369 3916 ut
2415 3861 2481 3916 de
2523 3857 2832 3914 rationibus
2870 3855 3048 3910 dicam
3085 3853 3288 3926 quibus
3327 3852 3584 3908 Theodo-

1992 3976 2088 4016 rus
2111 3965 2233 4028 post
2259 3972 2382 4010 cum
2411 3951 2724 4023 Pelagianis
2747 3951 2977 4021 junctus
3005 3959 3144 4003 erat.
3178 3947 3372 4002 Plures
3395 3955 3580 4001 autem

1989 4051 2271 4123 Pelagiani
2303 4049 2457 4104 Italia
2504 4047 2670 4118 pulsi,
2712 4046 2836 4100 aliis
2872 4045 3008 4100 locis
3048 4041 3250 4113 pressi,
3286 4056 3336 4094 a.
3372 4041 3480 4095 422
3514 4038 3582 4093 ad

1991 4143 2386 4204 Theodorum,
2419 4155 2581 4209 quem
2620 4137 2724 4192 sibi
2766 4134 2952 4190 favere
2999 4133 3416 4204 cognovissent,
3457 4146 3588 4200 pro-

1994 4239 2118 4294 fecti
2152 4245 2302 4293 sunt.
2333 4233 2634 4292 lulianum.
2668 4246 2756 4301 ep.
2790 4229 3172 4291 Eclanenscm,
3212 4245 3230 4276 ι
3265 4240 3389 4280 cum
3419 4223 3588 4278 sociis

1993 4343 2047 4388 et
2069 4327 2431 4400 participibus
2450 4335 2504 4380 et
2527 4320 2994 4393 συνταλαιπώροις
3019 4321 3134 4375 suis
3153 4333 3351 4388 magno
3371 4316 3494 4372 nisu
3520 4316 3589 4371 ad

1994 4436 2119 4477 eum
2149 4426 2414 4488 tanquam
2450 4415 2516 4467 ad
2551 4413 2997 4468 Christianorum
3031 4408 3349 4477 dogmatum
3389 4406 3589 4476 praedi-

1997 4521 2182 4569 catum
2230 4508 2558 4581 magistrum
2593 4503 2895 4559 tetendisse
2924 4502 2999 4574 (b)
3043 4521 3061 4552 ι
3107 4500 3312 4554 Marius
3349 4497 3516 4552 Merc.
3549 4496 3591 4565 Ι,

274 4619 422 4678 dent
439 4611 684 4674 Photius
701 4622 961 4686 rapporte
991 4611 1126 4682 qu’il
1169 4626 1202 4681 y
1238 4609 1438 4680 parloit
1471 4610 1539 4664 de
1573 4608 1632 4663 S.
1669 4606 1894 4663 Jérome
1928 4597 1970 4652 Ι)
2001 4622 2077 4670 c.,
2108 4619 2161 4673 p.
2187 4602 2315 4666 6‘25,
2351 4606 2607 4662 testatur,
2637 4596 2731 4651 sed
2758 4593 3082 4649 Ctelestium
3117 4590 3281 4646 etiam
3318 4595 3333 4659 (
3367 4604 3418 4642 ν.
3448 4604 3502 4643 v.
3537 4601 3590 4642 c.

277 4726 433 4768 noun
457 4709 729 4780 obligeoit
765 4707 836 4761 de
883 4704 1066 4760 croire
1113 4703 1247 4774 qu’il
1302 4718 1370 4757 en
1427 4703 1628 4772 parloit
1681 4715 1895 4756 comme

277 4805 422 4861 d'un
453 4804 680 4858 homine
715 4800 923 4866 vivant,
960 4799 997 4853 il
1027 4796 1268 4852 faudroit
1295 4805 1492 4851 mettre
1526 4803 1614 4851 cet
1651 4809 1896 4863 ouvrage

277 4913 354 4954 en
385 4896 502 4953 ΜΩ
537 4905 610 4950 oo
636 4891 764 4949 ΗΟ.
801 4911 819 4944 ι
852 4889 1060 4948 Verum
1085 4890 1358 4946 Theodori
1392 4891 1482 4946 ille
1507 4891 1660 4944 locus
1695 4887 1887 4957 (Marc.

281 4989 466 5047 Merc.
492 4989 532 5043 1.
561 5004 638 5054 c.,
659 5002 715 5058 p.
747 4987 899 5054 705),
941 4986 998 5040 in
1030 5000 1161 5055 quo,
1193 4985 1285 5040 ubi
1353 4983 1652 5038 mirabilem
1686 4979 1896 5050 peccati

279 5079 579 5153 originalis
620 5088 943 5134 assertorem
981 5077 1236 5132 absurdae
1259 5075 1737 5146 interpretationis
1766 5071 1892 5126 Scr.

282 5173 349 5228 S.
387 5173 834 5242 dogmatumque
862 5170 1244 5241 perversitatis
1291 5169 1598 5230 accusavit,
1632 5185 1650 5217 ι
1697 5171 1900 5236 poten-

283 5267 403 5330 tia,
445 5263 655 5336 inquit,
701 5271 884 5319 metus
933 5263 1146 5318 nullum
1197 5271 1392 5319 contra
1447 5261 1664 5316 sinebat
1714 5258 1893 5325 eti-ari,

363 5469 445 5540 (α)
669 5465 812 5554 huc.
824 5465 1091 5554 pertinet,
1130 5464 1289 5554 lquod
1340 5464 1394 5554 in
1445 5459 1641 5554 Clima.
1710 5459 1896 5517 Edess.

289 5535 532 5598 héresis
559 5535 936 5592 asset-entiam
959 5535 1244 5608 peccatum
1271 5543 1484 5590 naturae
1503 5535 1724 5608 insitum
1751 5547 1896 5608 esse,

288 5613 506 5670 dicitur
541 5624 598 5664 a.
633 5609 746 5663 428
792 5599 1110 5663 emersisse.
1158 5604 1243 5662 Cf.
1289 5610 1506 5660 Assem.
1551 5603 1587 5658 1.
1642 5605 1702 5663 1.,
1752 5599 1791 5665 ι,
1844 5617 1900 5672 p.

289 5681 428 5740 ιω.
463 5679 582 5736 Hoc
609 5695 677 5735 eo
720 5679 891 5733 credo
928 5680 1147 5741 nititur,
1179 5676 1324 5746 quod
1371 5677 1464 5728 illo
1507 5673 1619 5746 fere
1655 5682 1904 5746 tempore

291 5753 624 5811 leestius.
649 5749 912 5806 Julianus
945 5750 1150 5819 aliique
1176 5744 1457 5818 Pelagiani
1493 5761 1551 5800 se
1587 5744 1904 5800 Constanti-

293 5825 530 5898 nopoli}:
556 5821 634 5898 ad
661 5819 979 5898 Nestorium
1007 5821 1314 5898 contulere,

367 5886 446 5968 ξω
477 5891 769 5968 lulianum
806 5889 1175 5968 ilopsuestiae.
1221 5890 1310 5968 ulti
1341 5895 1477 5968 pcto
1512 5886 1679 5968 libros
1712 5894 1903 5938 contra

297 5958 678 6044 Augustinum
721 5958 976 6036 scripsit,
1014 5976 1191 6034 usque
1211 5962 1297 6015 ,atl
1341 5958 1613 6016 Theodori
1670 5964 1904 6011 tnui-tem

2004 4693 2344 4753 Schroeckh.
2396 4692 2435 4747 l.
2490 4691 2530 4754 Ι,
2568 4688 2686 4756 XV,
2727 4705 2780 4758 p.
2815 4686 2904 4748 92,
2959 4680 3593 4754 Baumgartcn-Crusius

2001 4791 2040 4846 1.
2079 4790 2172 4858 Ι.’)
2207 4797 2260 4843 ct
2303 4783 2582 4854 Pelagium
2627 4782 2702 4848 (ν.
2744 4779 2958 4834 Tillem.
2991 4777 3031 4834 l.
3067 4792 3119 4830 c.
3151 4777 3166 4843 )
3199 4773 3593 4846 Mopsuestiam

2003 4899 2063 4941 se
2113 4879 2420 4938 contulisse
2467 4876 2611 4931 haud
2658 4872 2897 4930 absurde
2931 4870 3222 4940 conjicias.
3272 4868 3412 4923 't‘um
3462 4881 3596 4922 vero

2003 4978 2241 5049 primum
2282 4972 2612 5043 Pelagianos
2662 4967 2915 5024 Nestorio
2961 4963 3270 5020 innotuisse
3315 4970 3481 5031 atque
3514 4961 3597 5012 in-

2007 5069 2248 5124 faustum
2299 5081 2424 5120 cum
2460 5078 2526 5118 eo
2560 5059 2956 5118 commercium
3007 5056 3204 5112 iniisse
3252 5055 3440 5109 credo.
3488 5051 3596 5106 Sed

2003 5159 2328 5216 Theodorus
2367 5172 2541 5227 usque
2570 5153 2636 5209 ad
2673 5161 2904 5208 mortem
2938 5166 3064 5206 cum
3103 5150 3171 5204 iis
3198 5147 3326 5202 fecit
3359 5144 3455 5216 (c),
3496 5159 3598 5199 ne-

2007 5268 2115 5323 que
2148 5264 2412 5321 unquam,
2450 5246 2595 5318 quod
2643 5245 2750 5301 sibi
2789 5241 3173 5298 Tillemontius
3219 5238 3254 5291 l.
3294 5235 3336 5302 Ι,
3377 5251 3432 5306 p.
3468 5234 3598 5302 440,

2002 5464 2278 5512 versatum
2324 5467 2448 5509 esse
2489 5451 2630 5506 male
2664 5449 2922 5520 apinatus
2971 5443 3343 5520 estlfiorisius
3384 5441 3421 5498 1.
3457 5441 3521 5510 1.,
3556 5442 3599 5511 1,

2003 5545 2057 5600 p.
2086 5529 2206 5600 219.
2249 5523 2498 5600 CLMar.
2541 5515 2717 5600 Merc;
2743 5520 2894 5600 l._c.,_
2927 5533 2985 5600 ι).⁸
3009 5515 3135 5598 625.

2077 5596 2152 5670 (c)
2182 5597 2586 5670 ln‘univcrsuut
2620 5590 2824 5659 Pelagii
2865 5583 3171 5644 doctrinam
3197 5583 3349 5670 haud
3379 5584 3603 5665 .impro-

2003 5655 2174 5725 bavi't.
2240 5665 2647 5736 Pelagianorum
2695 5655 3056 5736 pateruatque
3105 5657 3245 5736 male
3283 5655 3500 5736 dicitur
3540 5669 3605 5736 ac

2004 5724 2209 5810 Pelagii
2245 5724 2512 5810 metuam
2548 5724 2982 5810 eum_:appelles;
3018 5727 3256 5784 Omnino
3285 5724 3598 5810 Nestoriani

2006 5799 2337 5865 corr-"secuti
2383 5812 2512 5859 sunt
2552 5799 2912 5872 pluribusque
2949 5801 3294 5872 Assemanus
3324 5799 3360 5850 l.
3397 5813 3444 5850 c.
3477 5810 3606 5865 pro-

2015 5883 2196 5942 bavit,
2237 5869 2938 5930 Clu-ablatos'Ncstoria‘nos
2985 5872 3053 5928 de
3099 5869 3332 5940 originis
3379 5875 3608 5938 peceato

2020 5968 2194 6010 usque
2232 5943 2406 6003 adhuc
2449 5946 2588 6000 male
2625 5945 2853 6000 sentire.
