4104 6532
505 427 570 482 Ἡ
1380 419 1684 479 οττοΝιδ
1717 418 1901 476 FBID.
1945 415 2096 472 ΡΗιῖ

2198 415 2333 472 CllE
2363 413 2650 473 COMMEN
2671 415 2863 471 ΙἈΤΙΟ
3690 422 3759 476 72

506 541 776 616 persuasit
808 538 882 608 (α)
907 578 920 601 ,
955 535 1229 593 Julianum
1263 536 1766 592 anathematizavit.
1795 533 1996 590 Nititur
2022 550 2076 589 v.
2106 534 2155 594 Α
2180 547 2306 587 eum
2361 540 2549 586 narrat
2587 549 2604 582 ι
2659 529 2829 588 libros
2873 545 3202 601 componere
3235 530 3506 587 adversus
3541 532 3755 588 Domini

504 634 562 688 d.
594 633 696 685 hoc
731 628 884 683 Marii
915 627 1077 682 Merc.
1113 628 1174 690 l.,
1203 643 1257 697 p.
1292 625 1419 690 625,
1456 647 1474 679 ι
1510 628 1785 696 Agnoscat
1814 654 1884 665 —-
1911 624 2083 679 Julia-

505 738 610 778 nus
655 737 720 776 ex
773 723 873 774 hac
922 720 1281 773 translatione
1317 719 1586 789 (symboli
1623 717 2000 784 Theodorei),
2030 715 2083 768 si

504 811 684 880 iegere
709 827 817 864 non
841 809 1153 872 fastidierit,
1181 819 1435 862 manente
1461 808 1603 878 apud
1633 837 1706 849 -—
1732 806 2083 860 Theodorum

505 903 594 957 illa
629 918 735 966 qua
767 918 890 957 eum
935 901 1176 956 diximus
1210 902 1352 954 mala
1397 899 1502 955 fide
1541 915 1726 956 secum
1771 897 2084 953 Nestorium

506 994 806 1064 decepisse,
836 992 1000 1047 etiam
1029 993 1129 1048 sibi
1165 994 1335 1062 magis
1360 1006 1570 1060 suoque
1596 990 1837 1061 dogmati
1866 1016 1936 1029 -—-
1963 1003 2088 1044 esse

506 1087 871 1147 contrarium,
906 1100 1072 1154 seque
1101 1086 1262 1139 etiam
1297 1096 1418 1154 post
1450 1087 1513 1140 de
1543 1084 1733 1139 Cilicia
1763 1084 2086 1139 abscessum

510 1180 580 1234 ah
608 1194 674 1233 eo
706 1178 764 1231 in
788 1179 1170 1248 episc0porum
1197 1177 1491 1246 provincia:
1519 1192 1631 1231 sua:
1653 1185 1926 1230 conventu
1958 1190 2090 1229 ana-

510 1273 748 1325 themate
793 1284 916 1322 esse
959 1268 1300 1320 damnatum.
1357 1286 1375 1319 i
1432 1268 1499 1321 At
1548 1282 1678 1322 vero
1725 1265 1976 1321 Julianus
2023 1280 2091 1320 ex

514 1362 746 1433 symboli
784 1359 1142 1414 translatione
1173 1373 1472 1429 agnoscere
1501 1358 1751 1427 jubetur,
1781 1358 1884 1412 sibi
1913 1356 2091 1411 Theo-

514 1453 708 1508 dorum
740 1452 1076 1506 contrarium
1107 1466 1229 1505 esse
1261 1467 1428 1519 seque
1458 1459 1580 1519 post
1613 1451 1823 1504 abitum
1852 1449 1920 1504 de
1957 1449 2094 1504 (lili-

515 1545 598 1599 cia
624 1544 692 1597 ab
719 1558 784 1597 eo
819 1543 872 1596 in
905 1545 1286 1612 episc0porum
1323 1542 1617 1611 provinciae
1647 1549 1920 1596 conventu
1963 1556 2096 1594 ana-

517 1635 755 1688 themate
789 1648 913 1687 esse
947 1632 1284 1686 damnatum.
1326 1631 1464 1686 llinc
1501 1633 1591 1686 illa
1633 1633 1817 1700 Opinio
1854 1641 1968 1688 tum
2003 1631 2096 1685 de-

515 1741 664 1780 mum
695 1735 842 1778 stare
874 1732 1088 1794 posset,
1127 1724 1172 1778 si
1204 1722 1456 1777 Julianus
1491 1724 1547 1777 in
1584 1724 1834 1794 symbolo
1878 1725 2096 1778 nomine

517 1815 806 1870 damnatus
843 1823 1009 1868 esset.
1046 1812 1159 1868 lmo
1207 1813 1411 1869 Marius
1457 1813 1620 1868 Merc.
1658 1815 1759 1869 hoc
1794 1815 1896 1870 sibi
1933 1816 2047 1869 vult
2079 1833 2092 1869 :

518 1908 707 1962 Cilicia
765 1909 833 1961 ab
880 1906 1100 1961 Juliano
1145 1907 1336 1961 relicta
1375 1908 1756 1978 episcoporum
1801 1909 2093 1977 provincia;

518 2007 636 2054 erat
663 2007 983 2064 conventus,
1018 1999 1072 2051 in
1105 2015 1217 2068 quo
1246 1998 1568 2054 Theodorus
1599 2001 1905 2072 symbolum
1934 2017 2092 2056 suum

519 2091 670 2161 legit,
710 2105 819 2160 quo
867 2091 970 2144 alia
1024 2092 1423 2158 perverse,sed
1459 2091 1527 2145 de
1575 2093 1784 2146 Adamo
1831 2093 2096 2149 catholice

520 2182 728 2236 docuit.
760 2180 867 2235 Eos
896 2182 986 2251 qui
1019 2181 1177 2235 aliter
1207 2183 1477 2236 sentirent
1507 2184 1852 2238 anathemate
1875 2184 2098 2238 damna-

518 2271 780 2340 vitatque
805 2272 878 2325 ita
904 2273 1070 2325 etiam
1105 2270 1407 2326 Julianum.
1441 2272 1592 2328 Hanc
1621 2275 1725 2328 loci
1755 2276 1901 2330 illius
1925 2277 2095 2332 inter-

521 2364 892 2434 pretationem
950 2378 1136 2417 veram
1189 2380 1311 2420 esse
1363 2381 1486 2420 cum
1541 2366 1718 2436 ipsum
1768 2370 2093 2439 symbolum,

522 2453 671 2523 quod
702 2453 859 2522 plura
895 2452 962 2506 de
1002 2454 1211 2508 Adamo
1253 2457 1498 2508 continet
1537 2470 1657 2524 quae
1694 2455 1896 2512 Marius
1926 2456 2092 2512 Merc.

523 2543 579 2597 in
625 2557 779 2597 suam
818 2543 1146 2596 sententiam
1197 2543 1545 2612 interpretari
1598 2553 1841 2614 poterat,
1875 2555 1987 2600 tum
2031 2562 2094 2602 ea

521 2639 845 2702 argumento
897 2639 1044 2693 sunt,
1098 2648 1218 2700 qua:
1266 2631 1469 2687 Marius
1515 2633 1682 2688 Merc.
1735 2635 1802 2688 de
1847 2636 2094 2706 symbolo

521 2722 840 2790 disputavit.
874 2719 1190 2775 Pervcrsam
1235 2722 1356 2790 ejus
1390 2723 1458 2778 de
1488 2723 1865 2780 incarnatione
1893 2726 2097 2781 doctri-

524 2830 648 2868 nam
689 2813 992 2875 damnavit,
1039 2813 1108 2867 de
1158 2822 1382 2882 peccato
1435 2816 1667 2885 originis
1701 2817 1836 2869 nihil
1872 2818 2094 2886 adjecit.

523 2904 676 2958 Adde
715 2904 859 2972 quod
896 2904 1053 2958 aliter
1094 2903 1138 2956 si
1172 2905 1370 2958 statuis
1405 2903 1814 2962 difficultatibus
1849 2908 2096 2978 implica-

524 2995 624 3058 ris,
648 3011 714 3050 ex
744 2997 946 3065 quibus
974 3005 1026 3050 te
1044 3011 1187 3066 aegre
1218 2998 1498 3066 expedias.
1530 2996 1688 3051 lllum
1720 3016 1848 3054 vero
1882 3003 2098 3071 episco-

525 3102 719 3156 porum
765 3095 1094 3142 conventum
1137 3095 1356 3159 propter
1405 3090 1528 3144 lites
1562 3089 1880 3160 Pelagianas
1915 3103 2096 3149 actum

2185 622 2278 678 Dei
2321 623 2738 693 apparitionem.
2791 642 2807 674 ι
2861 621 3046 691 Neque
3093 637 3221 676 vero
3259 623 3327 677 de
3377 624 3762 681 incarnatione

2194 716 2370 770 solum
2405 715 2515 769 illis
2543 715 2696 770 libris
2732 717 3038 785 expositum
3071 715 3243 770 fuisse
3270 716 3546 775 existimo.
3580 721 3676 772 sed
3703 720 3762 773 in

2186 806 2505 862 universum
2547 807 2614 860 de
2651 807 2871 861 arcanis
2925 805 3277 860 Christianis.
3325 808 3427 860 (iui
3477 810 3765 864 sententia:

2185 911 2251 950 eo
2299 897 2547 950 nonnihil
2585 894 3078 950 commendationis
3133 886 3422 965 adjicitur,
3472 897 3618 967 quod
3674 896 3762 952 Si—

2187 1001 2347 1042 meon
2380 987 2560 1056 presb.
2589 996 2644 1040 et
2676 986 2927 1040 monach.
2961 984 3176 1040 Nestor.
3207 1001 3332 1040 saec.
3367 1003 3465 1040 xm
3499 988 3762 1042 nonnulla

2189 1078 2256 1133 de
2292 1095 2449 1133 sacra
2480 1094 2636 1134 caena
2670 1087 2723 1134 et
2780 1079 3110 1148 baptismate
3171 1078 3339 1132 refert
3389 1079 3498 1149 (cf.
3544 1081 3761 1135 Assem.

2189 1170 2332 1225 Bibl.
2369 1170 2465 1235 0r,
2492 1170 2580 1235 Ill,
2609 1185 2648 1233 ι,
2676 1187 2729 1241 p.
2762 1170 2866 1224 565
2885 1172 2926 1240 ),
2954 1185 3073 1240 qua
3099 1168 3420 1223 Theodorus
3452 1171 3504 1222 in
3527 1169 3666 1224 libro
3687 1168 3768 1224 De

2190 1265 2499 1334 profundis,
2527 1265 2620 1333 qui
2660 1264 2844 1318 nullus
2877 1263 2984 1317 nisi
3032 1262 3101 1316 de
3128 1277 3238 1331 quo
3273 1276 3457 1315 sermo
3496 1270 3601 1324 est,
3643 1276 3767 1315 esse

2194 1366 2392 1426 potest,
2430 1357 2685 1410 docuisse
2707 1355 3043 1426 perhibetur.
3087 1353 3271 1424 Nugas
3301 1352 3519 1423 quidem
3555 1352 3710 1406 alfert
3735 1367 3764 1404 a

2195 1449 2481 1503 Theodoro
2531 1449 2621 1502 vix
2668 1443 2950 1518 profectas
3025 1466 3039 1502 :
3101 1447 3260 1516 panis
3318 1445 3669 1500 eucharistici
3735 1459 3768 1497 a

2193 1540 2414 1595 Christo
2449 1543 2502 1595 in
2535 1555 2693 1594 cmna
2724 1539 3031 1595 consecrati
3064 1539 3350 1608 particulis
3377 1538 3607 1608 singulis
3637 1551 3771 1603 apo-

2196 1633 2351 1688 stolis
2381 1633 2714 1696 distributis,
2754 1631 2929 1686 solum
2957 1629 3222 1684 Joannem
3253 1645 3407 1684 suam
3443 1628 3767 1698 particulam

2203 1741 2381 1794 usque
2405 1725 2472 1778 ad
2500 1723 2860 1778 Pentecosten
2887 1722 3263 1784 conservasse,
3291 1737 3355 1775 ex
3380 1736 3484 1790 qua
3511 1728 3770 1790 tanquam

2197 1833 2261 1872 ex
2296 1817 2564 1871 fermento
2589 1816 2822 1885 apostoli
2855 1830 3048 1885 panem
3091 1801 3476 1875 confecissent,
3513 1830 3620 1881 quo
3654 1813 3774 1883 pri-

2202 1927 2346 1965 mam
2399 1909 2674 1978 liturgiam
2710 1909 2763 1962 in
2811 1908 3096 1963 caenaculo
3140 1907 3500 1961 celebrarent.
3549 1907 3623 1959 lta
3661 1906 3774 1959 fer-

2203 2010 2445 2056 mentum
2486 2016 2704 2056 sacrum
2744 2015 2810 2055 ex
2839 2015 2950 2054 uno
2980 2001 3034 2054 in
3070 2001 3297 2054 alterum
3333 2013 3528 2067 panem
3569 1998 3773 2052 encha.

2201 2093 2450 2147 risticum
2485 2107 2580 2161 per
2619 2089 2838 2144 Adaeum
2867 2099 2920 2145 et
2966 2089 3155 2144 Marim
3198 2091 3569 2158 apostolorum
3604 2089 3778 2144 disci-

2202 2185 2359 2254 pulos
2385 2182 2451 2237 ad
2477 2182 2646 2254 Syros
2665 2181 2974 2238 Orientales
2995 2182 3330 2244 traductum,
3359 2181 3504 2251 quod
3532 2183 3779 2235 sanctis-

2203 2275 2342 2330 sime
2355 2283 2691 2328 asservetur.
2720 2273 2888 2327 Porro
2906 2287 3125 2342 aquam,
3150 2287 3271 2341 qua:
3291 2288 3357 2326 ex
3379 2272 3547 2326 latere
3568 2271 3778 2326 Christi

2199 2367 2503 2422 eﬂluxissct
2532 2367 2599 2420 ab
2623 2366 2835 2421 Joanne
2859 2368 2913 2421 in
2946 2383 3108 2424 urceo
3130 2367 3414 2427 collectam
3447 2366 3776 2420 fermentum

2203 2459 2435 2514 alterum
2469 2473 2626 2529 aqua!
2658 2459 3004 2529 baptismalis
3029 2459 3201 2513 fuisse
3221 2467 3275 2512 et
3308 2459 3374 2511 ab
3395 2457 3583 2512 eodem
3609 2458 3781 2511 Adaei)

2203 2550 2360 2623 Syris
2405 2553 2782 2606 Orientalibus
2826 2553 3080 2606 traditam
3118 2570 3132 2606 :
3173 2551 3270 2607 sed
3324 2549 3439 2606 sive
3474 2551 3610 2605 liber
3653 2566 3784 2603 cor-

2201 2649 2399 2711 ruptus
2426 2649 2532 2708 est,
2561 2644 2698 2704 sive,
2731 2641 2870 2696 idem
2905 2642 3050 2696 enim
3084 2641 3217 2694 illud
3246 2642 3363 2711 ipse
3394 2639 3633 2695 Joannes
3663 2647 3783 2692 tra-

2201 2734 2333 2790 dere
2367 2735 2590 2799 dicitur,
2626 2734 2766 2788 male
2793 2735 3128 2796 intellectus,
3156 2735 3208 2788 in
3233 2750 3298 2788 eo
3322 2734 3388 2788 de
3420 2733 3782 2789 sacramentis

2201 2827 2366 2882 etiam
2397 2841 2577 2881 sermo
2610 2825 2730 2879 fuit.
2775 2826 3042 2880 (Sa-terum
3101 2824 3405 2879 Nestoriaui
3447 2825 3786 2894 posteriores

2203 2918 2260 2972 in
2287 2918 2487 2972 multas
2518 2932 2691 2988 nugas
2717 2917 2924 2987 delapsi
2957 2924 3108 2974 sunt.
3141 2916 3227 2971 Cf.
3257 2933 3308 2972 v.
3341 2932 3390 2972 c.
3439 2916 3617 2981 'l‘hilo,
3657 2915 3782 2970 cod.

2203 3007 2274 3062 Ν.
2310 3008 2372 3062 Τ.
2404 3025 2607 3078 apocr.,
2635 3010 2679 3074 Ι,
2708 3023 2760 3078 p.
2796 3023 2946 3062 mm
2984 3024 3106 3078 sqq.

2793 3099 2859 3156 K.
2903 3100 3180 3170 Epistoiw.

526 3191 649 3230 esse
672 3176 1178 3282 minus'pilohabile.
1210 3177 1479 3232 Caeterum
1505 3195 1566 3234 ex
1592 3179 1762 3236 Mario
1788 3181 1955 3237 Merc.
1985 3199 2093 3238 non
2127 3222 2173 3282 ϐ
2275 3191 2518 3266 Denique
2547 3192 2806 3262 epistolas
2834 3193 2922 3248 hic
2962 3208 3331 3248 commemoro
3353 3232 3366 3256 ,
3402 3191 3662 3262 quoniam
3705 3206 3776 3247 ex

527 3275 678 3317 certo
711 3265 1039 3319 concludere
1067 3267 1212 3328 licet,
1246 3268 1553 3338 symbolum
1582 3269 1712 3324 illud
1746 3280 1868 3341 post
1896 3271 2099 3329 Juliani

529 3355 745 3408 demum
782 3357 848 3409 de
883 3356 1072 3412 Cilicia
1105 3359 1309 3412 abitum
1342 3361 1624 3415 conditum
1656 3377 1798 3417 esse.
1832 3363 1967 3418 Tum
1994 3381 2100 3420 non

425 3488 438 3502 .
529 3443 757 3510 factum,
789 3447 883 3501 sed
919 3448 1114 3501 lectum
1151 3459 1256 3503 est.

1061 3540 1098 3593 Ι.
1145 3539 1290 3594 Libri
1338 3544 1569 3612 mystici.

599 3628 794 3686 Libros
840 3632 1138 3702 mysticus,
1175 3633 1249 3686 cf.
1293 3633 1528 3707 llesych.
1576 3637 1610 3691 Ι.
1655 3653 1730 3702 c.,
1765 3655 1817 3710 p.
1869 3639 1991 3705 104,
2035 3671 2107 3682 -

531 3720 779 3788 mysticos
831 3737 1094 3775 sermones
1142 3752 1230 3782 —-.
1274 3740 1411 3793 quos
1455 3725 1583 3780 Fac.
1636 3743 1718 3788 ιιι.
1767 3728 1822 3793 2,
1875 3731 2105 3786 codicem

533 3812 813 3879 mysticum
848 3810 1004 3876 dixit,
1047 3812 1317 3869 Ebediesu
1354 3817 1390 3869 I.
1435 3831 1510 3882 c.,
1561 3834 1614 3889 p.
1649 3819 1742 3882 '55,
1799 3832 1994 3874 tomum
2043 3821 2107 3874 de

533 3903 748 3956 arcanis
798 3904 1020 3967 (minus
1065 3915 1213 3960 recte
1278 3907 1564 3963 Asseman.
1633 3910 1706 3965 De
1755 3914 2106 3967 sacrmnentis

530 3995 696 4046 vertit
720 3991 761 4061 ),
791 3991 1112 4050 Theodorus
1135 4013 1291 4051 senex
1312 3999 1535 4069 scripsit
1559 4000 1650 4071 (cf.
1689 4001 1922 4074 llesych.
1949 4005 1984 4058 l.
2007 4007 2104 4063 c.l.

488 4152 494 4157 _
535 4082 934 4139 Brevissimum
981 4089 1122 4142 tertii
1163 4090 1357 4144 decimi
1405 4091 1531 4146 libri
1569 4092 1953 4164 fragmentum,
1999 4114 2107 4167 quo

532 4174 735 4232 Paulus
783 4175 1207 4243 Samosatenus,
1239 4183 1332 4252 qui
1364 4182 1642 4239 Christum
1687 4202 1882 4256 purum
1933 4189 2110 4246 homi-

534 4281 656 4320 nem
687 4269 984 4335 habuisset,
1019 4273 1242 4342 angelus
1274 4275 1476 4329 diaboli
1507 4276 1730 4338 dicitur,
1759 4277 1942 4331 attulit
1977 4277 2106 4334 Fac.

534 4358 571 4411 l.
603 4359 662 4424 l.,
688 4367 741 4413 et
767 4358 1070 4432 Hesychius
1103 4364 1167 4417 ad
1195 4365 1317 4421 illos
1351 4368 1654 4438 respiciens
1691 4373 2109 4444 prmsuinpsisse

602 4510 677 4598 (α)
718 4532 736 4564 ι
769 4545 838 4554 -
873 4515 1042 4584 Aprés
1066 4518 1198 4588 qu’il
1229 4520 1472 4593 (Julien)
1509 4525 1587 4579 fut
1613 4525 1752 4595 parti
1779 4526 1847 4583 de
1867 4543 1929 4583 ce
1950 4544 2104 4600 pays.

530 4579 612 4636 les
643 4600 904 4636 evesaues
933 4589 1001 4636 de
1035 4591 1084 4636 la
1128 4593 1382 4636 nmvinm
1413 4603 1577 4636 nvnnl
1620 4605 1746 4636 ιμηιι
1785 4615 1856 4636 un
1891 4603 2100 4636 mimus

554 4597 612 4637 es
643 4589 904 4656 evesqucs
933 4589 1001 4644 de
1035 4591 1085 4642 la
1127 4593 1382 4660 province
1413 4589 1577 4665 ayant
1619 4589 1748 4652 tenu
1785 4615 1858 4653 un
1891 4589 2102 4656 cuiicile

539 4805 2004 4836 Μ

2203 3296 2356 3355 parte
2384 3296 2528 3340 certe
2568 3287 2874 3354 argumenti
2905 3285 3201 3357 dogmatici
3242 3285 3484 3340 fuerunt.
3519 3283 3782 3338 Photium

2204 3373 2478 3430 Theodori
2497 3377 2758 3446 epistolas
2791 3375 2986 3445 legisse
3015 3391 3080 3428 ex
3107 3375 3230 3429 cod.
3266 3374 3366 3427 177
3400 3374 3779 3444 cognoscitur.

2203 3465 2470 3522 Ebediesu
2509 3469 2545 3523 ι.
2578 3483 2650 3528 c.,
2683 3483 2735 3536 p.
2767 3467 2856 3530 55,
2890 3496 2958 3506 —
2994 3465 3188 3520 librum
3225 3464 3682 3536 Margaritarum,
3723 3464 3785 3519 in

2203 3573 2305 3627 quo
2351 3557 2464 3626 ejus
2500 3557 2739 3626 cpistola:
2769 3557 3004 3611 collecta:
3048 3566 3192 3610 sunt.
3245 3555 3422 3610 Unum
3474 3557 3666 3626 fragm.
3712 3571 3784 3610 ex

2204 3647 2438 3715 epistola
2485 3646 2553 3700 ad
2605 3648 2894 3700 Artemium
2935 3646 3230 3700 Alexandr.
3274 3647 3460 3716 presb.
3517 3646 3784 3712 secunda,

2205 3739 2350 3808 quod
2385 3739 2452 3794 de
2491 3738 2760 3794 Trinitate
2793 3740 2924 3809 agit,
2971 3739 3218 3794 exhibuit
3266 3737 3393 3791 Fac.
3447 3754 3528 3801 ιιι,
3573 3737 3640 3802 5;
3679 3738 3786 3790 tria

2206 3831 2451 3898 epistola:
2501 3830 2570 3883 ad
2627 3830 2909 3894 Damnum,
2964 3831 3019 3886 in
3077 3831 3279 3901 quibus
3338 3831 3406 3886 de
3459 3843 3783 3885 naturarum

2207 3916 2408 3972 Christi
2439 3918 2629 3972 ὲνώσει
2659 3920 2798 3972 κατὰ
2831 3919 3078 3972 εὐδοκίαν
3111 3919 3426 3982 disseritur,
3459 3933 3522 3972 ex
3556 3919 3788 3970 Anasta-

2209 4011 2275 4065 sii
2301 4010 2481 4080 presb.
2514 4013 2698 4082 ecloge
2725 4012 2972 4082 χρήσεων
3001 4009 3345 4081 δογματικῶν
3377 4009 3558 4063 attulit
3584 4007 3784 4066 Jacob.

2211 4099 2490 4155 Sirmoud.
2520 4101 2586 4154 ad
2613 4100 2740 4157 Fac.
2773 4118 2846 4165 ix,
2879 4103 2930 4156 '5.
2958 4100 3308 4156 Theodorum
3337 4109 3518 4155 autem
3541 4100 3608 4154 de
3634 4098 3784 4154 Can-

2209 4193 2319 4244 ticu
2353 4192 2692 4245 canticorum
2733 4207 2852 4246 mea
2883 4193 3154 4247 sententia
3193 4192 3246 4245 in
3280 4191 3510 4261 epistola
3545 4187 3782 4258 quadam

2208 4282 2459 4352 pluribus
2490 4284 2818 4354 exposuisse
2855 4283 2968 4354 jam
3000 4298 3164 4354 supra
3195 4298 3248 4353 p.
3285 4282 3373 4347 61,
3406 4281 3474 4336 62
3505 4280 3644 4352 (col.
3674 4279 3784 4347 Π)

2209 4376 2344 4430 dixi.

2138 4565 2184 4623 Β
2213 4540 2403 4623 contre
2440 4531 2520 4623 les
2564 4530 3192 4623 Pelagiens.jTlieodore
3222 4533 3301 4604 s’y
3331 4539 3524 4623 trouva
3544 4544 3682 4623 lav'ec
3704 4529 3785 4586 les

2215 4613 2401 4659 autres
2423 4611 2478 4657 et
2499 4618 2532 4674 y
2556 4600 2834 4672 pronunca
2863 4602 2960 4657 des
2982 4600 3298 4660 anathemes
3317 4610 3509 4659 centre
3535 4600 3736 4657 Julien.
3761 4618 3780 4652 ι

1972 4969 2226 5032 CAPUT
2275 4970 2353 5031 V.

1404 5129 1485 5170 DE
1514 5129 1840 5177 THEODOBI
1882 5134 2158 5178 SCRIPTIS
2189 5137 2560 5180 ARGUMENTI
2594 5136 2909 5186 PRACTICI.

607 5429 687 5486 Ad
725 5429 999 5489 Theodori
1030 5436 1234 5509 scripta
1254 5481 1269 5506 ,
1302 5458 1425 5513 quas
1455 5447 1696 5515 practica
1728 5451 1984 5520 appellari
2033 5452 2104 5506 li-

2205 5465 2416 5506 vereor.
2469 5451 2526 5506 In
2579 5450 2872 5537 Theodoro
2928 5468 3087 5508 nemo
3125 5452 3281 5510 facile
3333 5454 3606 5526 ingenium
3655 5471 3789 5526 poe-

534 5521 988 5620 cet,dno.hy-mni
1017 5528 1287 5587 referendi
1318 5546 1522 5605 essent,
1557 5541 1602 5595 si
1636 5550 1782 5597 recte
1815 5545 1861 5599 ei
1902 5544 2108 5600 tribue-
2208 5546 2376 5600 ticum
2411 5531 2689 5617 agnoscat.
2728 5545 2954 5603 Rectius
2987 5564 3114 5604 vero
3148 5549 3261 5604 haec
3291 5521 3492 5620 scripta
3527 5552 3576 5606 ei
3609 5521 3788 5606 vindi—

533 5618 744 5665 rentur.
777 5611 882 5667 Sed
908 5630 1095 5672 eorum
1129 5621 1263 5676 alter
1281 5624 1545 5695 Ephraezui
1569 5641 1654 5684 est
1687 5630 1780 5698 (cf.
1813 5634 2027 5689 Assem.
2065 5635 2102 5688 l.

534 5699 594 5764 l.,
626 5703 665 5764 l,
715 5719 768 5772 p.
808 5703 897 5776 60)
942 5717 995 5763 et
1042 5718 1100 5764 ut
1145 5712 1409 5784 hymnus,
1447 5721 1574 5791 qui,
1610 5723 1823 5779 Assem.
1874 5725 1909 5779 I.
1947 5726 2005 5786 l.,
2041 5724 2104 5792 Il,

535 5806 588 5894 p.
635 5793 739 5848 483
765 5835 780 5859 ,
819 5807 956 5894 teste
975 5803 1088 5894 ,_in
1132 5807 1255 5863 cod.
1303 5812 1537 5881 quodam
1577 5813 1698 5887 Syr.
1743 5817 1878 5872 bibl.
1925 5817 2106 5872 Vatic.

537 5892 713 5948 inest.
767 5892 941 5964 magis
993 5892 1346 5960 Theodoreus
1402 5905 1475 5963 sit
1528 5921 1629 5981 ego
1687 5909 1902 5980 quidem
1954 5913 2109 5968 valde

2210 5633 2384 5689 canda
2421 5652 2435 5689 :

2244 5785 2310 5839 Α.
2348 5783 2538 5840 Tomus
2579 5787 2642 5842 de
2679 5789 2994 5845 sacerdotio.
3043 5791 3125 5846 Cf.
3161 5791 3350 5848 Ebedi.
3387 5795 3422 5851 1.
3462 5835 3525 5859 ..,
3567 5813 3619 5867 p.
3652 5798 3742 5853 83.

2254 5916 2312 5974 Β.
2357 5919 2548 5977 fmus
2570 5925 2640 5978 ad
2679 5922 2978 5978 monachos.
3025 5925 3110 5980 Cf.
3149 5924 3338 5984 Ebcdi.
3377 5929 3409 5982 l.
3456 5928 3517 5994 1.,
3550 5945 3604 6000 p.
3657 5931 3746 5987 δι.
