4104 6542
403 505 476 563 7':
1244 496 1337 559 Ex
1370 501 1619 559 LEONIS
1650 499 1928 557 ALLATll
1963 495 2293 557 DlA'l‘RlBA
2323 497 2411 557 ne
2446 481 2868 556 rueononts.
3643 486 3711 554 ‘19

409 625 514 690 sit,
546 618 825 694 integram
858 624 972 678 non
1006 637 1130 679 esse
1159 621 1259 695 (a),
1297 638 1611 694 quanquam
1642 637 1765 692 quae
1797 624 2015 691 dempta
2043 629 2092 685 Α
2118 622 2367 693 antiqua,
2415 621 2509 677 sed
2542 618 2802 675 Nest'orio
2854 620 3140 688 perperam
3193 606 3478 672 tribuitur.
3527 617 3717 683 Quam

403 732 609 790 quaeve
664 715 855 770 addita
886 717 999 772 sint
1027 716 1321 771 incertum.
1374 714 1445 769 Ut
1495 730 1623 770 vero
1652 714 1783 785 quid
1819 714 1886 768 de
1917 729 2019 767 au-

407 808 635 864 thentia
663 792 1026 863 statuendum
1057 806 1421 875 explicemus.
1461 807 1625 876 paulo
1659 807 1827 861 altius
1867 820 2020 876 repe-

405 899 666 954 tendum.
730 897 1203 953 Nestorianorum
1261 906 1499 968 quatuor
1556 905 1685 953 sunt
1736 898 2016 964 liturgiaa,

402 1007 656 1061 quarum
693 991 879 1060 prima
928 987 1033 1045 SS.
1100 991 1482 1059 apostolorum
1518 989 1692 1056 (Admi
1728 997 1785 1044 et
1829 988 2018 1058 Maris)

402 1082 623 1137 dicitur
648 1081 728 1153 (ν.
764 1080 1019 1136 Renaud.
1054 1081 1090 1136 I.
1117 1083 1154 1136 l.
1191 1080 1319 1151 ||,p.
1353 1080 2021 1148 584-597).Usitatissima

401 1181 521 1236 est,
557 1174 790 1242 antiqua
839 1173 1005 1227 etiam
1035 1212 1049 1237 ,
1085 1174 1178 1227 sed
1215 1183 1523 1241 temporum
1580 1173 1819 1226 decursu
1865 1171 2022 1226 valde

403 1277 630 1318 nzutata
661 1265 756 1334 (cl‘.
792 1281 846 1319 ν.
880 1279 930 1318 c.
958 1281 1009 1334 p;
1042 1263 1169 1326 588,
1195 1264 1287 1318 ubi
1315 1264 1579 1318 sacerdos
1620 1263 1846 1317 Mariam
1875 1271 2018 1329 orat,

402 1371 473 1414 tu
511 1374 616 1429 pro
639 1375 701 1413 se
738 1357 936 1412 Filium
972 1358 1341 1427 deprecetur).
1372 1355 1628 1411 Secunda
1662 1365 1749 1410 est
1779 1355 2021 1421 Diodori,

401 1453 667 1508 nondum
713 1459 986 1523 quantum
1052 1450 1170 1504 seio
1214 1448 1383 1503 edita.
1436 1446 1841 1502 Renaudotium
1870 1489 1885 1512 ,
1928 1447 2039 1519 qui

402 1546 630 1599 nullam
666 1543 893 1597 Diodori
948 1540 1226 1611 liturgiam
1270 1539 1439 1594 fuisse
1489 1540 1709 1594 dixerat
1749 1540 1787 1593 l.
1839 1540 1900 1605 l.,
1956 1540 2021 1604 ll,

402 1654 467 1706 p'.
507 1637 640 1701 569,
699 1636 829 1701 575,
885 1634 1032 1699 629.,
1070 1648 1350 1705 quemque
1402 1630 1475 1685 La
1535 1632 1711 1686 Croze
1756 1631 1901 1686 Hist.
1951 1631 2024 1684 du

402 1727 623 1783 Christ.
656 1728 750 1781 des
792 1726 975 1790 ludes,
1007 1726 1048 1792 l,
1081 1742 1135 1795 p.
1170 1724 1276 1780 5‘22
1300 1722 1408 1794 (Cf.
1431 1723 1550 1792 ejus
1584 1723 1904 1794 Remarqucs
1934 1739 2028 1777 sar

400 1820 583 1874 fliist.
632 1819 707 1873 du
739 1819 865 1873 Chr.
903 1819 997 1873 des
1046 1818 1232 1882 ludes,
1278 1816 1435 1871 Halle
1479 1816 1636 1880 1757,
1659 1832 1712 1887 p.
1752 1816 1836 1879 15)
1866 1832 2026 1871 secu-

400 1920 506 1967 tus
563 1918 688 1966 erat
715 1951 729 1974 ,
766 1910 1029 1965 refutavit
1080 1910 1288 1963 Assem.
1324 1909 1359 1961 Ι.
1394 1908 1429 1962 l.
1462 1906 1552 1973 Ill,
1602 1925 1654 1971 ι,
1688 1925 1740 1979 p.
1778 1908 1864 1972 29,
1904 1909 1973 1962 50
2010 1924 2024 1973 ;

2122 731 2284 785 quam
2314 730 2416 770 cur
2452 715 2559 769 hoc
2603 713 2810 766 factum
2844 711 2946 776 sit,
2968 710 3196 778 vestigia
3229 710 3477 779 quaedam
3509 712 3715 764 veteris

2123 809 2359 880 ltlut'gttt:
2396 795 3030 875 ConStantinopolitanm
3077 803 3339 873 produnt,
3379 818 3500 872 qua:
3543 803 3714 857 in'en

2125 903 2377 957 ridentur
2412 904 2613 955 inesse.
2646 898 2765 954 Jam
2793 912 2917 951 eum
2942 896 3118 966 prima
3158 896 3246 949 illa
3294 903 3347 949 et
3394 894 3716 967 quartalde

2124 993 2367 1049 secunda
2419 991 2558 1045 nihil
2603 987 2905 1059 loquimur)
2957 988 3097 1041 falso
3133 986 3200 1040 ad
3258 997 3510 1041 auctores
3541 1003 3713 1056 quos-

2123 1087 2247 1140 dam
2282 1084 2614 1144 referantur,
2650 1082 2793 1135 idem
2822 1081 2876 1134 in
2910 1081 3128 1134 tertiam
3179 1078 3377 1132 cadere
3403 1080 3544 1133 male
3579 1095 3715 1133 con-

2124 1177 2335 1231 cludas.
2364 1173 2497 1227 lllud
2524 1173 2671 1229 enim
2703 1188 2810 1226 non
2851 1170 3039 1241 nugati
3066 1178 3196 1224 sunt
3237 1168 3570 1232 Nestoriani,
3607 1169 3717 1221 imo

2128 1268 2340 1322 facilem
2374 1282 2619 1321 errorem
2652 1264 3015 1319 admiserunt.
3057 1261 3312 1332 Vulgaris
3346 1261 3517 1351 illa.et
3547 1276 3576 1313 a
3618 1258 3721 1312 Pa-

2126 1363 2309 1417 tribus
2338 1369 2567 1431 accepta
2602 1358 2824 1431 liturgia
2877 1356 3039 1410 facile
3080 1355 3149 1409 ab
3207 1354 3494 1423 apostolis,
3546 1353 3719 1407 altera

2127 1454 2346 1508 aliunde
2372 1460 2431 1507 ut
2457 1453 2671 1511 videtur
2715 1451 2879 1504 allata
2925 1449 3083 1503 facile
3109 1464 3138 1502 a
3171 1447 3428 1503 Nestorio
3462 1448 3715 1516 repetita.

2129 1545 2235 1600 Sed
2278 1561 2401 1599 cum
2453 1544 2803 1599 Theodorum
2838 1543 3116 1611 litnrgiam
3170 1541 3553 1611 Composuisse
3572 1555 3717 1594 con~

2128 1644 2254 1701 stet,
2285 1651 2386 1705 ego
2413 1635 2635 1705 quidem
2670 1635 2816 1687 illam
2847 1634 2896 1689 ei
2924 1634 3300 1703 ascripserim.
3335 1626 3488 1685 Ultra
3533 1639 3718 1686 tamen

2127 1729 2573 1800 probabilitatem
2625 1728 2877 1798 progredi
2924 1742 3033 1781 non
3063 1726 3262 1780 audeo.
3290 1724 3366 1777 Ex
3402 1727 3616 1780 interna
3652 1725 3720 1779 li-

2130 1822 2321 1891 turgize
2352 1821 2533 1874 indole
2568 1820 2709 1873 hanc
2729 1822 2783 1873 in
2810 1835 2921 1874 rem
2953 1819 3088 1873 nihil
3115 1818 3361 1873 efﬁcitur.
3391 1816 3527 1871 Nam
3559 1826 3618 1873 ut
3650 1819 3719 1873 de

2129 1915 2314 1985 lingua
2351 1914 2565 1976 sileam,
2593 1912 2844 1966 doctrina
2882 1913 2933 1964 in
2986 1911 3142 1966 libris
3177 1911 3577 1980 liturgicis-nec
3619 1910 3719 1966 do-

400 2004 543 2059 vide
604 2004 771 2058 etiam
832 2018 882 2072 p.
929 2000 1059 2056 256.
1119 2001 1300 2055 Tertia
1336 2000 1608 2056 Theodori
1660 2016 1689 2054 a
1744 2000 2020 2056 Dominica
2057 1991 2098 2049 Β
2128 2007 2360 2076 gmatica
2393 2005 2789 2076 perSpicuitate
2828 2005 3151 2059 enucleatur
3182 2013 3359 2072 neque
3399 2019 3460 2058 ea
3493 2002 3720 2057 affertur

401 2098 597 2169 prima
627 2095 1091 2150 Annuntiationis
1121 2110 1297 2165 usque
1319 2096 1386 2149 ad
1420 2094 1761 2149 Dominicam
1792 2093 2020 2148 Palma-

404 2203 539 2242 rum
594 2186 900 2252 celebrata,
941 2201 1007 2240 eo
1068 2186 1339 2255 imprimis
1377 2201 1405 2239 a
1437 2186 1609 2256 prima
1638 2185 1842 2248 differt,
1871 2185 2019 2254 quod

404 2277 686 2332 sacerdos
733 2277 1005 2346 prolixius
1067 2277 1332 2345 loquitur.
1372 2276 1580 2342 Quarta
1635 2277 1870 2346 denique
1917 2276 2021 2331 Nec

405 2368 577 2423 Storii
614 2367 893 2436 (lienaud.
934 2369 968 2420 l.
999 2368 1034 2420 l.
1065 2367 1127 2429 ll,
1164 2384 1213 2437 p.
1265 2367 1545 2436 626—658),
1587 2369 1877 2437 quinquies
1916 2368 2024 2422 sin-

402 2458 563 2528 gulis
592 2459 756 2511 annis
804 2460 1103 2520 celebrata,
1132 2458 1380 2512 eamdem
1427 2474 1591 2527 quam
1625 2457 1895 2512 Theodori
1936 2457 2020 2510 in-

402 2549 602 2606 dolem
637 2550 829 2615 refert,
874 2551 982 2605 nisi
1011 2550 1158 2620 quod
1198 2551 1491 2606 verbosior
1528 2558 1633 2606 est.
1673 2549 1769 2607 Est
1803 2550 2023 2620 quidem

482 2752 568 2823 (α)
602 2751 731 2806 ilaic
754 2752 1094 2822 conjectura,
1124 2750 1396 2821 siquidem
1442 2751 1827 2823 corijecturam
1851 2750 2012 2818 dicis,

400 2821 565 2897 quod
622 2838 720 2897 per
757 2839 817 2897 se
850 2821 1064 2897 certum
1113 2832 1218 2885 est,
1252 2824 1526 2897 immerito
1576 2821 1920 2897 Renaudptio
1974 2823 2008 2875 Ι.

402 2890 477 2963 ιζ,
508 2911 565 2966 p.
617 2892 744 2958 578,
774 2893 949 2949 futilis
1003 2908 1180 2964 neque
1225 2894 1352 2948 ullis
1401 2892 1741 2965 argumentis
1787 2890 2017 2946 fundata

434 3033 470 3049 κ
490 3042 499 3047 -

1691 3061 1884 3071 ι--ι--ι

432 3041 1851 3081 "W"
1691 3061 1851 3071 ._____

2124 2100 2230 2153 nisi
2260 2116 2382 2168 quae
2412 2100 2466 2153 in
2515 2110 2683 2163 cmtu,
2711 2099 2800 2153 cui
2845 2098 3102 2153 destinati
3157 2105 3307 2160 sunt,
3356 2106 3575 2166 recepta
3610 2106 3715 2151 est.

2124 2188 2545 2244 Nestorianismi
2598 2197 2780 2243 autem
2822 2188 3024 2242 indicia
3066 2186 3355 2240 manifesta
3389 2196 3495 2240 nun
3538 2187 3718 2241 solum

2124 2276 2362 2332 Nestorii
2404 2279 2497 2332 illa
2546 2278 2793 2348 liturgia,
2836 2286 2895 2331 ut
2935 2278 3182 2332 lienand.
3224 2278 3259 2331 Ι.
3288 2278 3322 2331 l.
3362 2293 3415 2346 p.
3446 2277 3717 2343 645,644,

2125 2372 2423 2435 existimat;
2453 2371 2547 2426 sed
2574 2372 2798 2440 reliquae
2829 2370 2995 2424 etiam
3027 2371 3330 2433 continent,
3362 2384 3426 2425 ea
3461 2369 3719 2424 nimirum

2129 2479 2251 2533 quae
2276 2463 2330 2517 in
2362 2464 2613 2535 liturgias
2638 2462 2837 2518 cadere
2866 2470 3119 2533 possunt.

2125 2753 2345 2827 dicitur;
2370 2744 2705 2825 Argumenta
2744 2749 2910 2827 credo
2955 2744 3040 2827 sat
3080 2750 3251 2827 multa
3288 2748 3749 2827 suppeditabunt

2127 2827 2262 2879 varii
2290 2824 2748 2880 Nestorianorum
2785 2826 2908 2879 libri
2936 2825 3211 2880 missales.

1858 3062 1884 3070 ⁸
1900 3056 1905 3057 ί
2744 3036 2759 3042 ,,
3066 3036 3071 3041 .
3432 3036 3445 3042 ..

1584 3204 2562 3350 EXCERPTUM

608 3460 774 3569 Ex
859 3463 1303 3571 LEONlS
1358 3473 1837 3563 ALLATII
1900 3471 2463 3562 DIATRIBA
2541 3472 2690 3561 DE
2767 3469 3482 3566 THEODOBIS

1835 3668 2023 3733 [Nunt
2059 3669 2275 3754 LXV.)

856 3840 1049 3906 (Edidit
1073 3847 1127 3891 et
1147 3842 1278 3891 uotis
1300 3839 1567 3891 illustravit
1590 3839 1721 3890 card.
1751 3840 1945 3901 Angela
1975 3839 2091 3900 Mm,
2113 3839 2162 3887 in
2190 3837 2482 3890 Bibliotheca
2502 3854 2624 3893 nova
2646 3841 2874 3902 Patrum,
2903 3848 2938 3893 t.
2962 3843 3046 3906 VI,
3071 3857 3117 3908 p.
3147 3843 3280 3906 116;)

487 4142 823 4219 Theodorus
870 4137 1294 4231 tiopsue’Stenus
1337 4141 1634 4222 Diodorum
1683 4135 1841 4215 Tarsi
1896 4161 2018 4230 epi-
2049 4131 2092 4207 δ
2128 4152 2243 4216 tum
2283 4140 2410 4246 vitae
2463 4141 2783 4243 institutum
2834 4165 3017 4241 denuo
3054 4144 3410 4223 exosculatus
3435 4206 3451 4233 ,
3492 4160 3731 4246 usque

412 4253 655 4324 scopum
687 4252 900 4318 audiit,
928 4259 984 4308 et
1008 4249 1333 4305 Flavianum
1364 4251 1722 4307 Antiochente
1760 4252 2021 4308 Ecclesia:

414 4346 732 4401 antistitem
754 4362 769 4411 ;
795 4360 1100 4414 eorumque
1120 4343 1470 4415 dogmatibus
1490 4338 1766 4400 enutritus
1792 4354 1845 4400 et
1873 4346 2022 4400 clare

408 4447 589 4510 atque
640 4437 864 4493 fortiter
906 4434 1194 4494 elaborare
1230 4438 1495 4500 edoctus,
1545 4445 1604 4490 ut
1654 4437 1731 4491 ait
1775 4437 2021 4493 Domnns

406 4532 805 4587 Antiochenus
840 4531 912 4585 ad
942 4526 1296 4586 Theodosium
1322 4526 1696 4598 imperatorem
1718 4572 1732 4595 ,
1774 4532 1827 4587 et
1856 4531 2021 4588 Joan-

402 4639 514 4681 nes
550 4623 607 4678 in
633 4638 736 4679 sua
768 4624 839 4678 ad
871 4624 1154 4678 concilium
1182 4622 1540 4679 Orientalium
1569 4624 1815 4691 epistola,
1845 4626 2019 4683 haere-

403 4720 659 4775 ticorum
692 4716 933 4773 catervis
986 4716 1272 4772 immissus
1304 4723 1410 4771 est.
1445 4714 1569 4771 Fuit
1610 4703 1843 4774 loannis
1874 4718 2019 4774 Con-

406 4810 906 4881 stantinopolitani
940 4809 1192 4880 episcopi
1225 4808 1671 4879 Condiscipnlus,
1705 4796 2020 4881 erudiitque

408 4904 765 4969 Nestorium,
808 4900 868 4957 tit
901 4913 1099 4972 praeter
1135 4901 1273 4956 alios
1303 4900 1469 4955 habet
1503 4900 1768 4973 Eragrius
1809 4900 2016 4957 Ilistor.

405 4997 608 5052 είειεδ.
640 4995 736 5049 lib.
771 5009 809 5060 ι,
844 5008 966 5064 cap.
1004 4993 1058 5060 2,
1094 4988 1148 5049 et
1220 4991 1576 5048 Antiochcnte
1610 4992 1870 5051 Ecclesiae
1903 4998 2017 5049 tum

406 5090 539 5160 ipse
574 5086 925 5151 Theodorus,
970 5084 1086 5140 tum
1133 5083 1453 5149 Nestorius,
1486 5087 1748 5142 exstitere
1793 5086 2022 5159 presby-

405 5182 545 5236 teri.
574 5178 682 5235 Sed
702 5177 1054 5234 Theodo‘rum
1081 5173 1526 5247 MopSuestcn‘um
1547 5177 1865 5248 episcopum
1893 5185 2021 5233 eon-

404 5275 741 5328 cionantem
815 5270 1122 5326 Antiochiae
1181 5267 1440 5324 audiebat
1488 5267 1782 5326 Ne‘storius
1838 5268 2020 5326 adhuc

400 5354 731 5438 presbyter,
769 5362 1004 5444 insignis
1042 5371 1097 5418 et
1129 5361 1247 5431 ipse
1288 5355 1343 5416 in
1383 5361 1666 5425 dooendo,
1703 5370 1761 5416 ut
1795 5344 2019 5417 Genna-

2123 4265 2233 4322 quo
2278 4242 2435 4308 licuit
2472 4238 2837 4310 continuavit.
2881 4238 3126 4311 Tandem
3157 4257 3453 4330 episcopus
3486 4238 3668 4321 factius
3695 4240 3731 4328 ,γ’

2124 4344 2343 4427 inpace
2386 4346 2673 4432 catholicae
2708 4340 3152 4417 communionis,
3186 4366 3308 4426 non
3361 4345 3539 4407 solum
3593 4356 3716 4412 sine

2124 4429 2233 4495 ulla
2270 4428 2512 4511 querela,
2554 4443 2650 4515 sed
2697 4444 2863 4499 etiam
2897 4460 3024 4522 cum
3062 4445 3236 4515 gloria
3278 4461 3475 4517 magna
3512 4428 3713 4501 defun-

2124 4540 2248 4587 ctus
2271 4573 2286 4595 ,
2324 4540 2384 4587 ut
2422 4542 2578 4589 notat
2628 4535 2923 4591 Faeundus
2961 4527 3377 4612 Hea'miattensis
3412 4534 3527 4615 pro.
3550 4538 3714 4591 trium

2125 4615 2482 4690 capitulorum
2519 4624 2823 4695 defensione
2854 4627 2949 4681 lib.
2987 4641 3109 4691 vnt,
3143 4641 3266 4697 cap.
3304 4626 3356 4694 1,
3408 4642 3473 4683 ex
3502 4626 3716 4683 Joanne

2124 4713 2505 4782 Antiocheno,
2536 4710 2806 4787 agonibus
2842 4718 3107 4798 adversus
3143 4714 3377 4791 A‘rianos
3398 4759 3412 4783 ,
3443 4731 3499 4776 et
3524 4719 3714 4776 Euno—

2125 4804 2376 4876 mianos,
2414 4819 2469 4865 ct
2519 4810 2658 4864 alios
2714 4794 3004 4865 luereticos
3053 4794 3307 4880 plurimis
3344 4826 3441 4882 per
3493 4826 3713 4867 omnem

2123 4897 2279 4959 suam
2310 4906 2476 4960 vitam
2503 4905 2707 4975 ubique
2739 4904 3057 4971 decoratur,
3087 4914 3140 4961 et
3176 4919 3206 4979 a
3238 4888 3450 4978 synodo
3482 4906 3713 4964 Chalce-

2124 4996 2389 5063 donensi,
2423 5012 2453 5051 a
2487 4982 2698 5052 Joanne
2724 4982 3340 5068 Constantinopolitano
3380 4987 3542 5068 atque
3571 4996 3711 5053 Gre-

2122 5091 2278 5159 gorio
2331 5087 2715 5167 Nazianzeno,
2751 5076 3070 5170 superstes,
3103 5075 3158 5145 et
3208 5080 3332 5170 post
3380 5090 3591 5144 obitum
3620 5129 3635 5153 ,
3679 5105 3712 5144 a

2121 5180 2330 5238 Joanne
2357 5190 2411 5237 et
2436 5182 2645 5237 Domno
2668 5167 3046 5248 Antiochenis,
3077 5172 3130 5237 et
3155 5167 3264 5236 tota
3283 5180 3494 5252 synodo
3516 5179 3712 5236 Orien-

2122 5274 2216 5337 tis,
2250 5266 2414 5343 atque
2447 5272 2654 5345 Cyrillo
2683 5260 3077 5339 Alexandrino,
3114 5256 3170 5327 et
3202 5268 3400 5327 Proclo
3436 5269 3712 5328 Constan-

2123 5365 2486 5436 tinopolitano
2517 5376 2711 5421 contra
2747 5365 3191 5421 adversariorum
3221 5362 3527 5419 calumnias
3562 5364 3713 5419 mul-

398 5460 536 5514 dius
582 5460 712 5528 cap’.
769 5454 841 5512 55
882 5450 1142 5518 testatur,
1171 5450 1227 5509 e’t‘
1264 5468 1329 5509 ex
1363 5454 1609 5525 tempore
1636 5449 2010 5511 declamator.
2045 5490 2092 5546 Β
2122 5457 2292 5527 tiplici
2332 5456 2549 5513 ratione
2595 5443 2932 5513 defenditur.
2976 5444 3043 5510 Et
3087 5446 3249 5519 sane,
3283 5471 3409 5511 cum
3441 5455 3622 5512 adhuc
3652 5458 3710 5513 in

398 5552 726 5620 Antequam
772 5545 1118 5617 episc0patui
1155 5548 1438 5616 przeesset,
1474 5545 1528 5599 in
1561 5561 1813 5601 eremum
1858 5563 2016 5604 sece-

400 5644 548 5698 dens
590 5639 902 5697 solitariam
943 5637 1116 5693 vitam
1170 5632 1316 5708 egit,
1357 5636 1454 5692 sed
1507 5637 1697 5692 mundi
1740 5637 2018 5694 illecebris

398 5744 461 5792 et
501 5732 741 5788 luxuria:
796 5725 1058 5785 sordibus
1107 5729 1405 5800 pellectus,
1453 5730 1620 5800 quam
1671 5727 2016 5798 am‘pleiatus

399 5827 592 5881 fuerat
614 5823 745 5877 vitae
788 5821 911 5877 Vale
950 5820 1179 5885 dicens,
1226 5821 1287 5875 in
1329 5820 1596 5876 mundum
1646 5818 1912 5892 confugit,
1961 5826 2018 5879 et

398 5918 663 5973 desertor
692 5914 876 5972 factus
902 5919 990 5970 est
1016 5932 1031 5969 :
1058 5912 1411 5985 postmodum
1440 5913 1606 5968 dictis
1630 5912 2013 5985 Chrysostomi

389 6010 772 6087 resipiscens,
802 6008 1387 6099 delictorum‘veniam
1419 6007 1701 6079 impetrat,
1734 6015 1790 6064 et
1823 6006 2014 6065 deserb'

2123 5545 2261 5600 vivis
2282 5543 2453 5612 esset,
2486 5546 2559 5602 ob
2583 5542 2838 5618 dogmata
2868 5538 3106 5601 neminis
3132 5544 3492 5617 offensionem
3522 5545 3711 5601 incur-

2118 5636 2262 5693 risse
2300 5638 2498 5707 probat
2529 5654 2751 5710 quoque
2778 5628 3043 5694 Leontius
3077 5636 3150 5691 De
3195 5638 3352 5691 sectis
3385 5648 3495 5694 act.
3545 5654 3620 5703 tv,
3652 5639 3708 5695 5.

2115 5723 2250 5799 Περὶ
2295 5726 2352 5780 δὲ
2382 5727 2509 5791 τοὺς
2541 5728 2777 5805 χρόνους.
2810 5728 3055 5793 ἐκείνους
3098 5728 3349 5797 ἐγένοντο
3380 5728 3475 5782 δύο
3515 5729 3712 5798 ἄνδρες

2118 5814 2365 5892 μέγάλοι,
2394 5817 2657 5892 Διόδωρος
2678 5824 2707 5876 ὁ
2730 5820 2945 5894 Ταρσοῦ
2976 5822 3293 5889 ἐπίσκοπος,
3322 5820 3413 5875 καὶ
3434 5820 3712 5895 Θεόδωρος

2118 5916 2147 5968 ὁ
2176 5912 2569 5983 Mod/ouant“,
2597 5915 2651 5967 οἴ
2675 5931 2818 5978 τινες
2846 5916 3286 5987 ἀντηγωνίσαντο
3319 5914 3457 5986 πρὸς
3495 5914 3712 5987 ’Δρεια-

2121 6007 2377 6076 νοὺς,καὶ
2398 6006 2750 6074 Μακεδόνων,
2779 6010 2875 6065 καὶ
2908 6009 3442 6083 ’Δπολλινάριον,κσὶ
3454 6008 3554 6078 τὴν
3577 6006 3710 6079 ὅλην
