4104 6512
432 468 505 523 79
1704 467 1789 527 EX
1825 466 2073 525 LEONIS
2111 466 2389 523 ALLATII
3629 463 3701 520 80

432 582 656 655 Γραφὴν
687 583 1158 654 ὑπεμνημάτισαν,
1201 582 1294 636 καὶ
1341 585 1399 638 ἰν
1431 585 1564 654 τιμῇ
1602 583 1752 647 ὄντες
1804 584 2016 657 μεγάλῃ
2046 588 2091 643 Α
2118 582 2208 635 τὸν
2238 582 2548 653 Θεόδωρονς
2577 582 2697 635 Ὅτι
2721 580 2996 636 καὶτοῦτο
3021 582 3285 654 πρότερον
3313 580 3513 652 μᾶλλον
3541 583 3703 649 ὲγκαυ

430 674 831 739 ἁπέθανον,γ.αὶ
857 673 1034 738 οὐδεὶς
1070 676 1128 728 ἐν
1157 665 1371 745 τῇ’ζιι›ῇ
1401 674 1581 728 αὐτῶν
1611 674 1906 729 ὲπελάὸετό
1932 692 2012 728 τι·

431 779 520 829 νος
557 762 756 828 αὐτῶν,
779 764 894 817 ἀλλ’
917 764 1170 835 ἐγκώμια
1196 764 1443 835 ἔγραψαν
1468 767 1547 828 είς
1578 764 1775 828 αὐτοὺς
1804 763 2007 817 πολλοίο

430 857 524 911 καὶ
555 855 833 919 Βασίλειος
853 856 963 927 γὰρ
992 857 1189 919 αὐτοὺς
1223 855 1561 926 ἐγκωμιάζει
1580 897 1595 921 ,
1624 856 1718 915 καὶ
1760 856 2012 925 Ἰωάννης

428 950 455 1001 6
469 946 875 1019 Χρυσόστομος.
899 946 1167 1018 ’Ὕστερον
1187 947 1243 999 δὲ
1265 946 1585 1016 κινουμένου
1599 945 1690 999 τοῦ
1715 946 2011 1017 Νεστοριαο

428 1038 519 1093 νοῦ
551 1038 841 1107 δόγματος,
868 1037 1192 1108 ἠναγκάσθη
1221 1035 1502 1107 Κύριλλος,
1533 1038 1561 1088 6
1596 1035 1785 1106 πρώην
1817 1035 2013 1099 αὐτοὺς

428 1126 688 1192 ὲπαινῶνι
719 1124 858 1180 κατὰ
887 1125 995 1179 τῶν
1030 1124 1481 1195 συγγραμμάτων
1537 1124 1715 1178 αὐτῶν
1764 1124 2011 1194 γράψαι,

428 1218 616 1288 ἐπειδὴ
645 1219 739 1272 ἀπ’
762 1217 939 1271 αὐτῶν
961 1216 1271 1288 ἰσχυρίζετο
1292 1216 1353 1269 τὸ
1380 1215 1555 1284 δόγμα
1578 1214 1742 1268 αὑτοῦ
1763 1217 1791 1267 6
1814 1214 2015 1267 Νεστό-

429 1326 563 1382 ριος·
602 1306 1152 1381 ὺπόμνηματίσαντες
1175 1308 1285 1379 γὰρ
1306 1300 1451 1361 οὗτοι
1468 1308 1566 1379 τὴν
1590 1306 1747 1375 ἁγίαν
1770 1305 2010 1377 Γραφὴν,

428 1403 527 1456 οὐκ
546 1401 781 1473 ἔστησαν
814 1402 944 1474 ἄχρι
978 1401 1072 1456 τοῦ
1106 1401 1339 1465 δέοντος⁹
1370 1399 1505 1454 ἀλλὰ
1541 1398 1893 1469 βουληθέντες
1921 1415 2014 1467 με-

431 1493 578 1565 ρίσαι
608 1494 707 1560 τὰς
746 1494 804 1548 ὲν
826 1498 892 1565 τῇ
925 1494 1056 1565 ἁγίᾳ
1087 1494 1299 1565 Γραφῇ,
1324 1491 1531 1561 φωνὰς,
1563 1490 1662 1554 τὰς
1689 1492 1786 1561 μὲν
1809 1493 1875 1561 τῇ
1897 1489 2014 1543 θεό-

426 1601 570 1655 τητι,
589 1584 688 1655 τὰς
697 1585 753 1638 δὲ
769 1588 833 1656 τῇ
850 1584 1249 1655 ἀνθρωπότητι,
1263 1581 1565 1653 εὑρέθησαν
1580 1581 1673 1635 δύο
1690 1580 2014 1642 ὑποστάσεις

428 1675 520 1729 τοῦ
546 1674 782 1746 Χριστοῦ
818 1676 911 1730 καὶ
947 1675 1212 1746 διαίρεσιν
1244 1674 1575 1741 εἰσάγοντες.
1609 1672 1720 1726 Καὶ
1763 1670 1830 1724 δι’
1882 1670 2015 1725 αὐτὸ

426 1767 744 1839 ἠναγκάσθη
767 1770 788 1822 5
814 1767 1079 1838 Κύριλλος
1093 1767 1213 1820 κατ’
1238 1765 1416 1818 αὐτῶν
1454 1764 1681 1835 γράψαι,
1700 1761 1886 1835 ἐπειδὴ
1917 1761 2013 1816 ἀπ’

427 1858 608 1933 αὐτῶν
644 1859 948 1931 ἰσχυρίζετο
988 1859 1049 1912 τὸ
1074 1858 1253 1928 δόγμα
1299 1857 1464 1911 αὑτοῦ
1507 1861 1537 1911 6
1568 1856 1879 1928 Νεστόριος.
1915 1856 2013 1909 Διά

2119 675 2270 727 λέσαι
2299 672 2373 743 τῷ
2418 674 2558 744 ἀγίῳ
2590 674 2843 746 Κυρίλλῳ
2874 674 3126 744 ὤφειλον,
3168 675 3315 746 ἢπερ
3357 678 3424 746 τῇ
3465 672 3699 746 συνόδῳ·

2119 763 2282 826 αὐτὸς
2310 758 2403 816 οὖν
2434 767 2462 817 6
2499 765 2557 817 ὲν
2605 765 2781 833 ἁγίοις
2824 765 3091 836 Κύριλλος
3141 766 3491 837 ζητησάντων
3539 765 3704 820 τινῶν

2119 853 2222 922 ήδη
2233 852 2393 907 ἀναθε
2404 853 2627 923 ματίσαι
2644 854 2734 907 τὸν
2746 854 3040 925 Θεόδωρον,
3060 854 3304 923 φαίνεται
3322 851 3550 924 γράφων
3566 851 3701 924 πρὸς

2120 942 2387 1012 Πρόκλον,
2408 942 2490 995 ὅτι
2510 943 2572 995 οὐ
2593 943 2673 996 δεῖ
2692 941 3132 1014 ἀναθεματίζειν·
3156 944 3206 997 οί
3227 942 3336 1014 γὰρ
3374 942 3701 997 ’Δνατολικοὶ

2120 1034 2345 1097 πάντες,
2369 1035 2523 1104 φησὶ,
2554 1034 2727 1104 μέγαν
2755 1033 2938 1105 ἔχουσι
2950 1033 3272 1095 διδάσκαλον
3293 1033 3385 1087 τὸν
3405 1033 3698 1105 Θεόδωρονο

2121 1124 2217 1180 καὶ
2245 1123 2343 1178 ἐὰν
2368 1126 2533 1178 αὐτὸν
2566 1126 3079 1196 ἀναθεματίσωμεν,
3110 1126 3252 1196 μέγα
3282 1127 3490 1196 σχίσμα
3519 1124 3701 1179 ποιοῦ-

2123 1232 2223 1286 μεν
2268 1218 2325 1269 ὲν
2368 1219 2434 1288 τῇ
2487 1217 2784 1288 Ἐκκλησία
2829 1216 2935 1271 τῶν
2979 1217 3360 1272 Ἀνατολικῶν·
3393 1211 3469 1271 ὧν
3501 1211 3583 1281 εἷς
3609 1216 3701 1270 καὶ

2124 1307 2276 1371 Ἴδας
2307 1307 2383 1379 μὴ
2414 1309 2781 1380 ἀνασχόμενος
2818 1310 2979 1364 αὐτὸν
3023 1309 3447 1380 ἀναθεματίσαι.
3480 1310 3546 1362 Ὃ
3569 1307 3702 1378 γοῦν

2118 1396 2148 1448 6
2173 1397 2326 1467 ἆγιος
2359 1399 2626 1471 Κύριλλος
2644 1399 2848 1455 ἐκώλυε
2872 1441 2889 1468 ,
2922 1399 3036 1466 πῶς
3064 1399 3223 1454 τοῦτο
3246 1400 3474 1471 ποιῆσαι
3500 1394 3646 1469 εἶχεν
3666 1401 3700 1470 ἡ

2122 1489 2340 1554 σύνοδος
2361 1509 2373 1521 ·
2406 1489 2511 1546 Sed
2531 1508 2715 1547 rursus
2739 1491 3019 1561 objiciunt,
3040 1508 3135 1546 cur
3161 1492 3226 1545 ab
3242 1509 3303 1547 eo
3318 1509 3423 1547 non
3447 1493 3702 1561 requisie-

2122 1583 2211 1641 rit.
2239 1593 2294 1636 ut
2318 1582 2649 1639 Theodorum
2678 1585 3183 1647 anathematizaret,
3213 1587 3320 1640 imo
3346 1586 3601 1655 scriptam
3631 1584 3700 1639 ad

2121 1672 2175 1728 Μ
2184 1677 2318 1729 arim
2333 1676 2607 1746 epistolam
2623 1678 2963 1747 receperittin
2985 1694 3089 1748 qua
3106 1677 3441 1732 Theodorum
3462 1678 3703 1748 frequen-

2122 1774 2200 1820 ter
2228 1765 2353 1821 [bas
2387 1769 2685 1835 prwdicat?
2712 1769 2961 1823 nimirum
2991 1778 3040 1822 et
3070 1770 3168 1824 hoc
3214 1771 3387 1837 potius
3423 1769 3489 1823 de
3516 1778 3702 1824 sancta

2121 1856 2325 1927 Cyrillo
2353 1862 2499 1930 queri
2525 1862 2800 1923 debebant,
2830 1876 2989 1931 quam
3010 1860 3074 1914 de
3095 1860 3334 1931 synodo;
3355 1876 3480 1915 nam
3501 1870 3702 1916 sancta

426 1951 585 2024 τοῦτο
634 1952 691 2005 δὲ
729 1955 787 2007 ὲν
815 1956 882 2023 τῇ
917 1952 1029 2022 ζωῇ
1067 1950 1246 2003 αὐτῶν
1283 1951 1458 2014 οὐδεὶς
1512 1951 1696 2013 αὐτοῖς
1740 1951 2008 2004 ἀντεῖπεν·

2120 1952 2388 2003 memoria:
2418 1949 2703 2020 Cyrillum,
2737 1968 2854 2005 cum
2883 1951 3127 2006 nonnulli
3161 1953 3259 2006 hoc
3289 1953 3461 2022 ipsum
3494 1970 3701 2023 qurere-

428 2043 614 2115 ὲπειδὴ
634 2044 692 2097 τὸ
716 2042 980 2116 μάχεσθαι
1004 2043 1141 2115 πρὸς
1158 2043 1256 2107 τὰς
1284 2043 1504 2114 μείζους
1525 2042 1791 2114 αἱρέσεις,
1813 2042 2014 2096 ἐσκεπε

424 2143 497 2199 τὰ
520 2141 741 2197 τοιαῦτα
767 2142 1033 2215 δόγματα.
1063 2142 1219 2197 Μετά
1240 2141 1298 2195 δὲ
1329 2141 1522 2213 χρόνον
1549 2140 1729 2208 ὀλίγον
1757 2138 1853 2192 τοῦ
1878 2139 2014 2192 ἀπο-

426 2237 605 2292 Θανεϊν
637 2236 912 2309 Θεόδωρον
940 2237 1035 2290 καὶ
1067 2236 1350 2305 Διόδωρον,
1382 2235 1634 2305 ἀνέστηή
1667 2234 1880 2304 αἵρεσις
1911 2234 2013 2286 Νε-

428 2331 665 2401 στορίου·
717 2328 1051 2384 Exstiterunt
1096 2329 1164 2383 iis
1199 2327 1521 2398 temporibus
1575 2329 1756 2397 magni
1795 2326 2011 2397 quidam

426 2424 530 2478 duo
562 2422 684 2485 viri,
728 2419 1004 2473 Diodorus
1057 2419 1329 2487 episcopus
1372 2418 1557 2480 Tarsi,
1600 2426 1647 2471 et
1705 2416 2010 2472 Theodorus

425 2511 788 2583 Mopsuestia,
812 2510 902 2580 qui
921 2519 970 2563 et
998 2511 1251 2563 adversus
1275 2509 1527 2573 Arianos,
1556 2517 1604 2561 et
1633 2505 2007 2560 Macedoniam

424 2614 475 2660 ct
531 2604 894 2672 Apollinarem
955 2600 1290 2671 pugnabant,
1350 2601 1724 2669 universasque
1775 2596 2008 2651 Litteras

425 2712 609 2751 sacras
640 2693 1033 2750 commentariis
1071 2693 1448 2755 illustrarunt,
1476 2702 1523 2745 et
1558 2692 1613 2745 in
1641 2691 1810 2759 pretio
1841 2688 2009 2743 habiti

423 2795 644 2841 mortem
674 2785 1023 2856 oppetierunt.
1057 2782 1306 2850 necdpsis
1340 2782 1467 2835 vivis
1497 2782 1775 2851 quisquam
1807 2778 2009 2832 dictum

425 2876 639 2950 aliquod
670 2893 853 2932 eorum
887 2873 1320 2944 reprehendebat,
1344 2874 1451 2926 imo
1475 2873 1771 2941 complures
1796 2871 2009 2938 scriptis

422 2971 671 3026 encomiis
704 2986 790 3024 eos
821 2966 1192 3028 celebrarunt;
1220 2981 1345 3020 nam
1383 2974 1433 3019 et
1465 2964 1722 3030 Basilius,
1748 2976 1799 3019 et
1834 2962 2009 3018 Joan—

424 3079 515 3117 nes
541 3061 949 3132 Chrgsostomus
970 3074 1057 3112 eos
1080 3056 1399 3127 praedicant.
1445 3056 1635 3111 Verum
1661 3066 1845 3126 postea
1869 3066 2009 3111 moto

423 3152 667 3223 dogmate
700 3149 1045 3213 Nestoriano,
1090 3156 1304 3201 coactus
1333 3156 1410 3201 est
1436 3144 1673 3217 Cyrillus
1710 3147 1800 3218 qui
1825 3155 1875 3201 et
1900 3147 2009 3214 ipse

423 3245 627 3315 pridem
663 3261 750 3299 eos
788 3243 1096 3317 laudasset,
1137 3239 1387 3294 adversus
1439 3254 1622 3293 eorum
1666 3255 1826 3309 opera
1869 3239 2006 3293 scri-

426 3339 543 3394 bere
574 3336 671 3408 (a),
711 3336 835 3405 quia
867 3333 1061 3403 dogma
1090 3347 1246 3385 suum
1291 3327 1578 3386 Nestorius
1610 3346 1675 3385 ea:
1712 3332 1778 3385 iis
1819 3332 2011 3400 con/ir-

424 3438 616 3492 marel;
650 3442 874 3497 namque
894 3423 1052 3480 editis
1082 3423 1166 3477 illi
1195 3422 1249 3476 in
1274 3438 1460 3476 sacras
1491 3420 1724 3477 Litteras
1752 3438 2014 3475 commen-

426 3521 578 3574 tariis
596 3519 739 3571 intra
758 3518 888 3586 ﬁnes
914 3531 1019 3569 non
1037 3513 1406 3575 constiterant,
1435 3511 1526 3566 sed
1550 3529 1669 3565 cum
1696 3512 2015 3566 distribuere

423 3609 609 3664 uellent
640 3619 918 3661 sacrarum
965 3601 1292 3655 Litterarum
1323 3616 1492 3665 voces,
1530 3600 1672 3654 alias
1705 3600 1777 3654 ad
1808 3600 2010 3656 divini-

424 3710 606 3764 tatem,
643 3698 779 3751 alias
810 3695 879 3749 ad
926 3703 1177 3747 naturam
1230 3690 1518 3745 humanam
1564 3691 1805 3755 relatas,
1837 3691 2013 3759 depre-

422 3794 640 3847 hensum
665 3798 746 3843 est
773 3804 861 3843 eos
893 3786 1035 3842 duas
1067 3784 1269 3840 Christi
1298 3788 1604 3854 hypostases
1627 3794 1678 3838 et
1698 3783 2010 3840 divisionem

419 3868 706 3953 quamdam
760 3875 1114 3931 introducere.
1156 3872 1332 3940 Quam
1384 3873 1447 3926 ob
1495 3890 1717 3928 causam
1762 3872 2010 3943 Cyrillus

422 3972 672 4025 adversus
709 3968 849 4034 ipsos
881 3964 1109 4021 scribere
1139 3972 1354 4017 coactus
1388 3963 1512 4032 fuit,
1542 3965 1893 4030 conlirmante
1915 3965 2011 4019 do-

420 4079 542 4134 gma
584 4076 738 4115 suum
773 4074 837 4113 ea:
876 4059 943 4112 iis
987 4055 1259 4110 Nestorio.
1320 4055 1460 4110 Vivis
1508 4055 1718 4126 quidem
1754 4057 1884 4125 ipsis
1915 4073 2012 4111 cur

423 4170 572 4207 nemo
623 4149 1039 4214 contradixerit,
1082 4149 1284 4218 factum
1332 4147 1492 4210 ideo,
1548 4147 1687 4217 quod
1734 4147 2010 4221 pugnandi

421 4255 608 4299 contra
643 4251 814 4296 sectas
848 4240 1075 4309 majores
1122 4238 1406 4292 necessitas
1441 4235 1706 4305 ejusmodi
1755 4235 2009 4308 dogmata

398 4346 633 4411 ,tegeret.
663 4335 729 4387 At
759 4332 918 4402 paulo
957 4341 1237 4399 postquam
1277 4329 1417 4383 diem
1447 4326 1756 4384 Theodorus
1786 4345 1850 4382 ac
1884 4328 2008 4383 Dio-

422 4430 584 4483 dorus
617 4427 888 4489 obiissent,
916 4423 1179 4478 suscitata
1211 4419 1454 4475 Nestorii
1480 4420 1584 4490 fuit
1609 4421 1846 4477 Iueresis.
1874 4420 2006 4477 Post

421 4526 651 4574 mortem
676 4517 839 4571 etiam
865 4530 893 4568 a
926 4514 1110 4569 multis
1132 4512 1435 4575 laudatum,
1463 4522 1538 4577 et,
1564 4513 1690 4568 licet
1723 4513 1777 4567 id
1805 4529 1835 4568 a
1864 4513 2001 4567 mul-

2118 2049 2253 2104 rent,
2283 2052 2337 2095 ut
2380 2042 2680 2098 Theodorus
2715 2042 3041 2098 anathemati
3069 2044 3435 2113 subjiceretur,
3476 2044 3546 2098 ad
3572 2045 3703 2099 Pro-

2116 2133 2257 2186 clum
2289 2135 2567 2203 scripsisse
2596 2144 2837 2201 constat,
2866 2137 3081 2190 minime
3115 2136 3450 2192 Theodorum
3477 2139 3701 2192 anathe~

2117 2226 2371 2277 matizari
2414 2223 2599 2280 debere
2626 2244 2643 2279 :
2695 2242 2819 2279 nam
2854 2225 3186 2293 Orientales,
3219 2228 3423 2298 inquit,
3468 2230 3699 2284 universi

2116 2315 2437 2370 Theodorum
2461 2334 2558 2387 pro
2590 2334 2779 2389 magna
2816 2318 3032 2373 doctore
3061 2320 3272 2386 habent,
3304 2336 3456 2391 quem
3486 2322 3533 2375 si
3563 2338 3700 2375 ana-

2115 2406 2331 2461 themati
2359 2409 2754 2477 subjecerimus,
2788 2411 2841 2463 in
2871 2408 3229 2465 Orientalium
3255 2409 3497 2466 Ecclesia
3533 2411 3703 2467 dissi-

2111 2496 2259 2552 dium
2283 2499 2461 2569 ingens
2491 2501 2844 2556 excitabimus
2870 2518 2888 2556 :
2911 2518 3133 2573 quorum
3164 2493 3298 2558 unus
3325 2513 3402 2557 est
3434 2502 3580 2567 lbas,
3608 2502 3703 2574 qui

2111 2606 2229 2644 eum
2252 2575 2707 2646 anathematizali
2740 2610 2843 2648 non
2864 2595 3117 2663 patietur.
3147 2594 3301 2661 Quod
3331 2611 3451 2666 ergo
3481 2605 3702 2649 sanctus

2113 2680 2348 2751 Cyrillus
2388 2683 2505 2751 ﬁeri
2547 2684 2886 2753 prohibebat,
2918 2702 3021 2756 quo
3050 2695 3208 2755 pacto
3246 2686 3481 2757 synodus
3517 2687 3699 2756 facere

2110 2776 2363 2839 poterat?
2393 2772 2504 2829 Nec
2530 2775 2677 2829 aliud
2720 2775 2968 2831 innuisse
3004 2777 3219 2832 videtur
3266 2777 3530 2848 Eulogius
3570 2778 3703 2833 Ale-

2112 2865 2412 2920 xandrinus
2447 2867 2501 2920 in
2525 2867 2775 2922 oratione
2807 2868 2881 2923 De
2909 2870 3104 2923 unione
3137 2869 3623 2925 Theodosianorum
3646 2881 3702 2927 et

2114 2954 2450 3012 Gainitarum
2474 2959 2617 3028 apud
2644 2958 2895 3014 Pliotium
2922 2961 3047 3017 cod.
3077 2961 3203 3015 227.
3231 2960 3498 3033 Κύριλλος
3522 2963 3579 3016 δὲ
3600 2962 3700 3016 τοῦ

2110 3047 2485 3117 Μοψουεστίας
2530 3050 2807 3122 Θεοδώρου
2854 3052 2999 3106 κατά
3052 3054 3151 3123 τὴν
3212 3052 3388 3123 Ἐᾠαν
3433 3052 3704 3119 ὡσαύτως

2108 3142 2626 3214 ἀνακηρυττομένου
2660 3145 2762 3215 τῆς
2790 3148 3075 3211 κοινωνίας
3104 3149 3204 3201 οὐκ
3228 3149 3513 3218 ἀφίστατοο
3551 3149 3703 3219 ἐώρα

2112 3234 2222 3306 γάρ
2272 3235 2572 3306 ἀκηράτοις
2607 3235 2891 3308 σωζόμενα
2937 3238 3169 3309 δόγμασι
3195 3241 3262 3295 τὰ
3288 3242 3387 3312 τῆς
3418 3240 3705 3305 εὐσεόείας

2118 3324 2491 3397 καιριώτατα·
2528 3327 2763 3398 Cyrillus
2805 3346 2924 3384 vero
2971 3348 3004 3384 a
3052 3331 3315 3387 Theodori
3356 3331 3705 3402 Mopsuestia!

2115 3419 2346 3487 episcopi
2388 3434 2479 3487 per
2533 3418 2801 3475 Orientem
2852 3421 3033 3475 eodem
3082 3423 3416 3480 anathemate
3463 3427 3707 3492 percussi

2114 3513 2478 3566 communione
2527 3529 2629 3567 non
2674 3513 2966 3577 abstinuit;
3023 3516 3230 3569 videbat
3280 3518 3418 3571 enim
3474 3519 3704 3573 sinceris

2112 3601 2449 3674 dogmatibus
2485 3606 2686 3657 servari
2715 3605 3010 3674 pracipuos
3042 3605 3315 3676 religionis
3346 3606 3623 3661 articulos.

2183 3692 2455 3764 Quidquid
2486 3684 2761 3749 tamenhi
2809 3703 3079 3763 asserant,
3125 3704 3338 3751 certum
3385 3706 3469 3752 est
3511 3696 3699 3753 Theo-

2111 3785 2231 3840 dori
2271 3787 2415 3841 dicta
2464 3801 2587 3855 qua:
2633 3785 2973 3843 Nestorianaa
3026 3788 3220 3845 haeresi
3262 3788 3555 3853 favebant,
3611 3791 3701 3845 vel

2110 3884 2264 3933 extra
2302 3878 2587 3934 catholica:
2622 3878 2743 3935 fidei
2777 3895 3050 3944 normam,
3082 3880 3197 3936 sive
3227 3880 3343 3936 suis
3364 3882 3420 3935 in
3452 3882 3702 3952 scriptis,

2112 3970 2228 4023 sive
2262 3970 2316 4023 in
2347 3970 2581 4023 aliorum
2617 3972 3031 4026 commentariis
3063 3969 3279 4027 fuerant
3313 3971 3699 4037 disseminata,

2110 4077 2389 4133 nunquam
2422 4060 2591 4118 fuisse
2628 4064 2696 4119 ab
2728 4063 3056 4120 orthodoxis
3083 4062 3339 4120 Patribus
3369 4065 3696 4137 approbata,

2108 4158 2355 4227 quinimo
2375 4171 2404 4210 a
2434 4155 2682 4226 pluribus
2702 4155 2977 4225 privatim,
3010 4164 3123 4212 tum
3146 4155 3365 4213 demum
3386 4158 3440 4213 in
3462 4159 3703 4213 c0ncilio

2114 4245 2149 4300 ν
2179 4247 2418 4318 generali
2457 4261 2565 4302 una
2598 4261 2723 4302 cum
2755 4245 3048 4304 Theodoro
3083 4249 3222 4319 ipso,
3258 4259 3319 4305 ut
3351 4250 3604 4306 haeretica
3639 4261 3702 4306 et

2107 4339 2393 4395 catholicis
2417 4339 2645 4395 auribus
2676 4340 2837 4394 noxia
2864 4341 3087 4411 rejects,
3116 4349 3171 4396 et
3199 4343 3534 4399 anathemati
3563 4343 3701 4399 sub-

2100 4432 2268 4502 jecta,
2288 4436 2342 4485 et
2370 4428 2646 4489 Theodori
2668 4432 2987 4486 memoriam
3011 4450 3043 4486 e
3064 4432 3338 4505 diptychis
3354 4444 3695 4504 protrusam.

2105 4530 2165 4577 ut
2192 4522 2359 4576 tradit
2387 4519 2735 4577 Justinianns
2768 4522 3069 4592 imperator
3109 4525 3165 4579 in
3202 4524 3384 4581 edicto
3418 4525 3495 4597 (b)
3535 4526 3694 4581 Ειδόι

420 4612 491 4665 tis
509 4623 852 4677 summopere
874 4606 1267 4676 postularetur,
1285 4607 1353 4659 ab
1369 4604 1487 4673 ejus
1504 4605 1856 4662 damnatione
1878 4608 2004 4661 abs-

2113 4630 2204 4679 τες
2232 4614 2311 4677 ὡς
2350 4612 2551 4665 οὐδέν.
2604 4613 2878 4684 Θεόδωρος
2898 4614 2953 4668 δὲ
2978 4617 3045 4686 τῇ
3091 4618 3269 4689 οἰκείᾳ
3306 4617 3698 4691 ὲντελευτήσας

421 4700 657 4756 tinuisse
686 4697 900 4759 Patres,
949 4704 1142 4751 narrat
1193 4694 1338 4749 idem
1396 4694 1660 4751 Leontius
1706 4697 1996 4761 act.vr,6:

433 4795 493 4848 ὐ
528 4792 584 4846 δὲ
617 4789 764 4854 Ἴδας
787 4790 880 4843 καὶ
906 4789 1068 4852 αὐτὸς
1098 4786 1486 4857 Νεστοριανδς,
1521 4788 1596 4850 ὼς
1630 4788 1782 4857 δηλοῖ
1807 4790 1840 4857 ἡ
1872 4804 2003 4859 γρα-

423 4887 585 4954 φεῖσα
611 4882 738 4953 παρ’
765 4881 930 4935 αὐτοῦ
967 4878 1225 4949 ἐπιστολὴ
1259 4876 1394 4948 πρὸς
1422 4879 1604 4949 Μάριν
1635 4879 1724 4932 τὸν
1759 4879 1999 4949 Πέρσην,

422 4978 479 5028 ἑν
586 4975 695 5029 ἀνω
728 4973 821 5026 καὶ
856 4971 1008 5024 κάτω
1041 4972 1255 5022 ἐπαινεῖ
1280 4968 1370 5021 τὸν
1402 4968 1696 5038 Θεόδωρον,
1721 4968 1815 5037 ἀφ’
1842 4961 1904 5020 οὗ
1937 4969 2002 5021 τὰ

423 5068 534 5121 ἴδια
559 5065 803 5136 δόγματα
845 5061 1151 5132 ἰσχυρίζετο
1179 5062 1208 5111 6
1244 5057 1558 5125 Νεστόριος.
1592 5058 1719 5112 lbos
1756 5070 1930 5113 autem
1953 5069 2003 5111 et

422 5160 533 5227 ipse
559 5156 909 5210 Nestorianus
935 5152 1060 5222 fuit,
1080 5149 1523 5219 quemadmodum
1546 5155 1612 5203 ab
1631 5168 1689 5205 eo
1712 5155 2002 5220 perscripta

422 5251 490 5304 ad
515 5248 711 5303 Marini
739 5246 960 5300 Persam
983 5241 1203 5309 epistola
1226 5242 1393 5304 docet,
1419 5243 1472 5295 in
1488 5258 1592 5312 qua
1612 5258 1823 5296 sursum
1850 5243 2000 5296 deor-

422 5358 539 5394 sum
584 5336 914 5393 Theodorum
947 5333 1153 5396 laudat,
1196 5333 1347 5401 cujus
1394 5336 1709 5389 auctoritate
1750 5336 2001 5407 dogmata

422 5450 522 5486 sua
562 5428 844 5484 Nestorius
872 5426 1241 5496 conﬁrmabat.
1273 5424 1340 5479 Et
1386 5426 1528 5480 infra
1563 5446 1575 5481 :
1631 5428 1794 5481 Ἀλλὰ
1841 5430 2003 5483 πάλιν

423 5520 815 5592 ἐπαποροῦσιν,
843 5519 925 5571 ὅτι
953 5519 1063 5571 Καὶ
1087 5517 1177 5571 διὰ
1202 5519 1255 5571 τί
1280 5518 1354 5590 μὴ
1381 5518 1661 5591 ἀπῄτησεν
1688 5522 1847 5574 αὐτὸν
1872 5522 2000 5575 ἀνα-

423 5614 716 5684 θεματίσαι
747 5610 1041 5680 Θεόδωρον,
1071 5609 1186 5663 ἀλλ’
1219 5610 1435 5675 ἐδέξατο
1463 5610 1560 5682 τὴν
1591 5612 1877 5686 ἐπιστολὴν
1906 5600 2016 5666 αὑ-⁴

423 5704 516 5758 τοῦ
549 5705 646 5774 τὴν
684 5704 819 5774 πρὸς
846 5702 934 5756 τὸν
966 5703 1168 5776 Μάριν,
1206 5705 1264 5756 ὲν
1309 5698 1341 5778 ᾖ
1374 5704 1542 5759 πολλά
1569 5707 1715 5759 ἐστιν
1764 5707 2000 5777 ἐπαινῶν

496 5850 574 5917 (a)
617 5849 689 5905 Ex
723 5849 906 5921 Cyrilli
959 5850 1137 5913 lihris,
1177 5867 1323 5907 nunc
1361 5852 1659 5921 deperditis
1683 5894 1697 5914 ,
1728 5853 1995 5907 Adversus

429 5919 1215 5990 Theodorum’Mopsuestenum
1256 5932 1304 5975 et
1340 5919 1629 5976 Diodorum
1663 5923 1995 5983 Tarsensem,

427 5993 730 6066 fragmenta
760 6009 862 6048 nos
907 5993 1178 6049 edidimus
1222 5993 1278 6048 in
1323 5990 1479 6050 Nova
1532 5991 1760 6048 Patrum
1811 5993 1997 6047 biblio-

2106 4704 2364 4774 ἀσεϐείᾳ,
2396 4705 2504 4763 ἀπὸ
2536 4704 2718 4774 πάσης
2775 4706 3098 4777 Ἐκκλησίας
3132 4708 3414 4782 ἐξεϐλήθη.
3474 4711 3698 4782 Ἀμέλει

2105 4811 2188 4847 τοι
2218 4794 2312 4847 καὶ
2343 4795 2450 4846 πᾶν
2479 4793 2539 4847 τὸ
2567 4795 2844 4866 πλήρωμα
2872 4798 2970 4870 τῆς
2995 4801 3051 4853 ἐν
3071 4801 3422 4873 Μοψουεστία
3464 4803 3696 4873 Ἐκκλη-

2109 4885 2248 4948 σίας.
2281 4888 2338 4938 ὲν
2428 4885 2645 4954 λέγεται
2667 4887 2961 4953 ἐπίσκοπος
2986 4892 3312 4963 γεγενῆσθαι
3337 4893 3426 4948 διά
3444 4895 3542 4959 τὰς
3565 4894 3696 4965 βλα-

2110 4972 2467 5044 σφημίας,δι’
2503 4975 2681 5047 ἇσπερ
2732 4976 2961 5049 Ἕλλησί
3009 4998 3070 5033 τε
3106 4983 3198 5035 καὶ
3252 4983 3545 5049 Ἰουδαίοις,
3596 4986 3694 5040 καὶ

2112 5067 2426 5137 Σοδομίταις
2453 5068 2599 5139 παρά
2630 5070 2737 5123 τῶν
2772 5071 2941 5139 ἁγίων
2978 5074 3238 5148 Πατέρων
3284 5077 3687 5151 συνηριθμήθη,

2109 5158 2414 5229 ἀπήλειψαν
2443 5160 2499 5226 ἐξ
2534 5159 2741 5215 ἐκείνου
2773 5162 2879 5215 τῶν
2915 5164 3075 5235 ίερῶν
3108 5165 3209 5235 τῆς
3255 5167 3582 5240 Ἐκκλησίας
3609 5169 3690 5222 δι-

2111 5251 2331 5321 πτύχων
2355 5252 2454 5323 τὴν
2480 5253 2670 5306 τούτου
2704 5255 3099 5326 προσηγορίαν,
3135 5257 3211 5321 ὼς
3240 5258 3312 5311 τὰ
3338 5260 3469 5333 περὶ
3495 5259 3691 5313 τούτου

2111 5343 2382 5397 συστάντα
2420 5344 2558 5397 κατά
2590 5344 2691 5418 τὴν
2716 5346 2885 5420 αὐτὴν
2911 5347 3065 5401 πόλιν
3093 5349 3243 5421 παρά
3268 5354 3334 5422 τῇ
3362 5353 3567 5420 συνόδῳ
3590 5353 3691 5423 τῆς

2110 5435 2382 5506 ἐπαρχίας
2420 5436 2791 5508 ὑπομνήματα
2819 5437 3108 5504 δείκνυσιν.
3157 5440 3459 5498 Theodorus
3489 5459 3606 5499 vero
3635 5445 3691 5497 in

2109 5542 2209 5580 sua
2253 5525 2521 5595 impietate
2558 5536 2831 5586 mortuus.
2864 5527 2930 5581 ab
2975 5532 3219 5585 universa
3276 5530 3519 5587 Ecclesia
3561 5549 3688 5602 pro-

2108 5616 2337 5684 scriptus
2358 5625 2457 5671 est.
2487 5615 2628 5682 Quin
2652 5625 2701 5671 et
2719 5626 2829 5670 tota
2856 5614 3093 5671 Ecclesia
3121 5617 3512 5687 Mopsuestcna,
3534 5621 3691 5692 cujus

2108 5710 2379 5778 episcopus
2427 5708 2593 5770 fuisse
2630 5707 2847 5775 dicitur,
2884 5718 3097 5778 propter
3133 5710 3247 5780 ejus
3288 5710 3643 5781 blasphemias
3665 5749 3685 5776 ,

2107 5858 2281 5934 theca,
2310 5865 2350 5910 t.
2380 5855 2468 5934 I_V,
2501 5871 2553 5925 p.
2572 5855 2852 5934 _45l_—455;
2884 5855 3060 5926 deque
3083 5875 3146 5915 ea
3178 5876 3237 5917 re
3256 5869 3413 5934 plura
3439 5862 3513 5918 ibi
3543 5862 3689 5923 dixi-.

2105 5927 2227 5984 nilis
2260 5930 2313 5981 in
2342 5928 2807 5981 adnotationibus.

2177 5997 2252 6069 (b)
2288 5997 2449 6052 Lonc.
2485 5994 2658 6052 Labb.
2687 6006 2726 6051 t.
2764 5995 2827 6062 V,
2857 5998 2962 6054 col.
2997 5998 3119 6056 716.
