4104 6466
479 346 553 407 81
1682 353 2009 411 DIATRIBA
2050 349 2140 405 DE
2179 350 2601 407 THEODORIS.
3720 351 3793 409 83

478 477 722 535 quarunt
751 465 932 536 gratia
958 483 991 520 a
1012 469 1213 547 sanctis
1238 467 1517 535 Patr-ibus,
1539 471 1765 541 paganis
1788 478 1837 525 et
1857 467 2080 531 Judwis,

2194 465 2284 520 τὸν
2311 467 2367 521 δὲ
2397 467 2530 521 Θεὸν
2557 466 2727 534 Λόγον
2753 466 2841 520 διά
2874 465 2971 537 τὴν
2989 465 3090 519 ύπε
3101 463 3436 535 ρσὰλλουσαν
3467 465 3634 521 αὑτοῦ
3660 466 3794 540 ἀρεο

470 566 531 610 σε
566 555 866 612 Sodomitis
899 557 1283 614 adnumeratus
1312 570 1411 627 est,
1437 564 1501 615 ab
1531 562 1625 617 illo
1652 572 1882 627 tempore
1902 578 2092 617 nomen

468 646 601 713 eius
652 663 719 701 ex
751 644 1089 704 sacerdotum
1130 651 1368 721 ejusdem
1404 650 1658 710 Ecclesiw
1693 655 1938 727 catalogo
1998 671 2091 709 seu
2123 644 2143 653 “

472 737 754 809 diptychis
795 744 1054 811 expunxit
1078 785 1092 807 ,
1126 744 1569 813 quemadmodum
1609 757 1730 801 acta
1763 764 1854 802 seu
1900 761 2089 800 monu-

473 840 671 884 menta
703 832 757 885 in
781 831 878 887 illa
906 834 1121 890 civitate
1147 834 1213 891 de
1240 837 1339 892 hoc
1373 839 1430 891 in
1461 840 1824 909 episcoporum
1865 838 2089 893 concilio

470 914 634 974 illius
667 924 955 991 provincia:
985 932 1267 981 testantur.
1312 927 1379 983 Et
1407 929 1460 983 in
1494 930 1644 986 illius
1674 930 1856 985 locum
1895 930 2085 1001 Cyrilli

469 1010 851 1070 Alexandrini
889 1019 1097 1074 mentio
1121 1058 1137 1083 ,
1186 1020 1280 1090 qui
1331 1021 1601 1078 adversus
1623 1038 1748 1078 eum
1773 1064 1788 1091 ,
1830 1023 2091 1092 illiusque

468 1098 747 1173 dogmata
770 1113 1047 1162 certamen
1073 1108 1345 1177 subierat,
1365 1111 1595 1167 suffecta
1633 1111 1754 1179 luit,
1784 1112 1932 1183 quod
1960 1113 2087 1183 plu-

468 1192 758 1247 rimorum
796 1197 1136 1254 testimoniis
1175 1200 1231 1254 in
1277 1201 1488 1271 synodo
1523 1202 1920 1272 Mopsuestena
1956 1216 2086 1272 pro-

468 1279 668 1339 batur.
700 1284 970 1359 Georgius
994 1290 1285 1347 Ccdrenus
1313 1293 1370 1347 in
1400 1295 1629 1365 synopsi
1659 1293 1727 1349 de
1766 1290 1813 1346 γ
1843 1293 2086 1364 generali

467 1375 720 1444 Synodo.
779 1394 832 1450 p.
885 1378 1181 1434 576εἜτι
1228 1381 1287 1438 δὲ
1330 1386 1428 1438 καὶ
1478 1386 1620 1440 κατά
1668 1385 1946 1459 Θεοδώρου
1989 1387 2084 1441 τοῦ

466 1464 902 1538 Ηοψουεστίας,
945 1471 1267 1530 διδασκάλου
1316 1478 1605 1547 γεγονότος
1643 1477 1737 1532 τοῦ
1784 1480 2084 1553 Νεπορίου

462 1559 573 1612 τοῦ
610 1559 1016 1634 ίουδαιόφρονος
1040 1605 1055 1630 ,
1090 1566 1502 1639 ἀνεθεμάτισαν
1545 1570 1686 1641 μετά
1714 1573 1813 1643 τῆς
1852 1572 2083 1645 λεγομὲη

464 1667 578 1723 νης
622 1652 751 1706 Ἴσα
782 1655 1071 1729 ἐπιστολῆς
1096 1673 1109 1688 ο
1147 1656 1476 1715 Theodorum
1521 1677 1724 1733 quoque
1753 1666 2083 1733 Mopsueste-

464 1756 606 1796 num
654 1746 959 1815 episcopum
993 1761 1368 1819 prwceptorem
1400 1751 1642 1807 Nestorii
1684 1754 1821 1824 ejus,
1866 1756 1957 1826 qui
1981 1753 2085 1809 Ju-

2195 559 2293 628 τὴν
2321 562 2443 614 κατ’
2467 559 2715 613 εὐδοκίαν
2742 559 2801 611 ὲν
2832 557 2982 629 αὐτῷ
3016 559 3442 631 κατοικήσαντα,
3468 558 3805 630 μεταδοῦναι¹

2195 651 2360 705 αὑτοῦ
2389 650 2489 720 τῆς
2518 649 2706 721 θεῖκῆς
2734 649 2892 716 ἀξίας
2922 650 3017 703 καὶ
3047 652 3470 723 προσκυνήσεως
3512 652 3591 716 είς
3632 650 3794 707 ὕστεο

2198 761 2288 815 ρον
2319 743 2462 797 κατὰ
2488 743 2589 813 τὴν
2616 742 2917 797 τελείωσιν.
2943 741 3131 796 Ταῦτά
3163 759 3222 796 τε
3256 743 3350 797 καὶ
3402 743 3568 817 ἕτερα
3617 743 3794 798 πολλὰ

2193 834 2557 905 δυσφημήσας
2573 833 2821 897 τοιαῦτα,
2846 832 2939 886 δύο
2957 831 3146 902 φύσεις
3174 833 3658 905 ίδιοπεριορίστους
3688 849 3795 903 φη-

2196 922 2280 977 σὶν
2300 924 2497 976 εἰδέναι
2517 924 2608 976 ἐπὶ
2629 920 2889 993 Χριστοῦ,
2912 922 3094 994 σχέσει
3109 922 3217 977 τινὶ
3243 924 3335 976 καὶ
3364 923 3526 992 μόνον
3538 922 3795 993 ἀλλήλαις

2191 1016 2575 1087 οἰκειωμένας.
2596 1017 2835 1090 Δευτέρα
2860 1018 2954 1070 καὶ
2986 1016 3124 1087 αὕτη
3142 1015 3320 1088 πλάνη
3336 1015 3430 1069 τοῦ
3450 1016 3580 1087 μίαν
3608 1016 3793 1086 φύσιν,

2192 1111 2287 1163 καὶ¹
2319 1108 2412 1163 δύο
2437 1108 2626 1179 φύσεις
2658 1108 3138 1181 ἰδιοπεριορίστους
3179 1108 3256 1181 μὴ
3302 1107 3447 1162 κατά
3498 1107 3590 1162 τὸν
3633 1107 3795 1181 ὀρθὸν

2190 1201 2349 1270 λόγον
2373 1201 2753 1273 ὁμολογεῖσθαι
2783 1201 2841 1255 ὲν
2869 1200 2946 1273 τῷ
2977 1198 3218 1274 Χριστῷ.
3276 1198 3411 1254 Post
3455 1199 3594 1253 hunc
3629 1198 3796 1269 Apol—

2192 1294 2440 1361 linarem,
2470 1303 2678 1364 repente
2722 1294 2928 1349 exstitit
2962 1293 3273 1348 Theodorus
3304 1290 3524 1362 quidam
3553 1289 3797 1361 Mopsue-

2189 1387 2307 1442 stia:
2337 1386 2504 1452 urbis,
2537 1386 2591 1441 in
2635 1387 2845 1458 regione
2892 1384 3141 1454 Cilicum,
3174 1385 3527 1456 praesulatum
3582 1392 3791 1447 nactus,

2189 1479 2498 1550 Apollinari
2541 1479 2702 1548 plane
2739 1480 3066 1544 contrarius,
3129 1478 3220 1547 qui
3278 1476 3627 1532 contumelias
3688 1492 3794 1529 non

2187 1571 2430 1642 vulgares
2455 1570 2650 1625 audaci
2679 1572 2880 1637 animo,
2903 1581 2952 1626 et
2980 1573 3340 1641 imperterrita
3369 1568 3528 1625 corde
3556 1569 3609 1622 in
3634 1567 3796 1624 Chri—

2187 1674 2330 1718 stum
2352 1661 2645 1718 Dominum
2670 1663 2882 1734 effudit,
2908 1664 3173 1719 hominem
3204 1680 3391 1731 unum,
3421 1663 3591 1718 nostri
3650 1661 3796 1716 simi-

2188 1757 2311 1820 lem,
2342 1766 2391 1811 et
2417 1756 2689 1826 vulgarem
2723 1755 3062 1827 appellando,
3083 1757 3195 1827 qui,
3221 1771 3286 1811 ea:
3308 1771 3594 1826 progressu
3610 1752 3792 1824 gratia

459 1832 651 1888 daicis
681 1837 954 1893 erroribus
998 1857 1257 1909 germana
1307 1847 1498 1913 sensit,
1534 1857 1585 1902 et
1636 1823 1749 1905 Iba:
1798 1823 2082 1921 epistolam
2116 1823 2157 1882 Β
2187 1846 2288 1901 Dei
2319 1823 2555 1915 accepta,
2589 1847 2732 1903 Deus
2757 1823 3082 1914 nominetur,
3097 1823 3158 1901 et
3178 1864 3210 1901 a
3239 1823 3558 1917 baptismate
3586 1823 3639 1899 in
3665 1843 3795 1898 Jor-

463 1927 1038 1985 anathematizaruut.
1072 1931 1303 1992 Photius
1352 1938 1404 1993 in
1466 1937 1797 1996 Bibliotheca
1827 1943 1951 1998 eod.
1979 1943 2077 1999 18:

478 2030 834 2105 ’Δνεγνώσθη
870 2039 1151 2108 πρακτικά
1196 2042 1297 2113 τῆς
1326 2043 1587 2117 πέμπτης
1629 2046 1872 2114 συνόδου,
1915 2047 1974 2102 ὲν
1999 2040 2082 2112 οἷς

458 2117 541 2171 τὰ
581 2119 861 2192 λεγόμενα
903 2126 1041 2192 Τρία
1078 2126 1380 2198 κεφάλαια
1432 2133 1805 2205 ἐτρακταῖσθη
1854 2134 1922 2188 τὰ
1955 2134 2083 2205 περὶ

475 2210 825 2283 Ὠριγένους,
851 2216 943 2268 καὶ
966 2217 1373 2293 ἀνεθεματίσθη
1392 2224 1556 2289 αὐτὸς
1577 2226 1672 2279 καὶ
1695 2226 1763 2280 τά
1792 2227 2083 2300 συγγράμ-

467 2318 627 2372 ματα
655 2304 846 2359 αὐτοῦ·
869 2307 939 2361 τά
964 2309 1096 2382 περὶ
1121 2311 1387 2384 Διοδώρου
1420 2315 1661 2389 Ταρσοῦ,
1685 2319 1777 2372 καὶ
1801 2318 2079 2391 Θεοδώρου

461 2396 569 2450 τοῦ
591 2398 998 2468 Μοψουεστίας,
1029 2404 1126 2458 καὶ
1144 2406 1299 2461 αὐτοὶ
1317 2408 1523 2480 ὁμοίως
1541 2411 2077 2485 ἀνεθεματίσθησαν·

461 2489 651 2547 Lecti:
672 2502 798 2548 sunt
833 2496 1070 2552 actiones
1098 2500 1297 2570 quinta:
1330 2501 1545 2573 synodi,
1571 2504 1760 2574 quibus
1790 2513 2081 2560 tractatum

462 2581 551 2638 De
577 2583 848 2650 tribus,ut
874 2596 1100 2655 vocant,
1129 2591 1388 2662 capitulis
1420 2614 1433 2649 :
1466 2593 1530 2649 de
1567 2594 1812 2666 Origene.
1845 2597 1936 2667 qui
1958 2613 2081 2651 cum

464 2674 697 2743 scriptis
722 2677 834 2731 suis
888 2680 1229 2738 anathemate
1283 2683 1617 2752 damnatus;
1670 2688 1735 2742 de
1803 2687 2080 2744 Theodoro

470 2762 882 2834 Mopsuesteno,
920 2780 972 2824 et
1013 2770 1251 2829 Diodoro
1288 2775 1572 2840 Tarsensi,
1598 2779 1689 2848 qui
1717 2788 1769 2833 et
1798 2780 1901 2849 ipsi
1926 2780 2081 2835 simi-

465 2856 599 2910 liter
648 2858 992 2917 anathemate
1036 2864 1285 2920 damnati
1337 2877 1481 2922 sunt.
1519 2867 1583 2923 Et
1617 2868 1919 2941 Gregorius
1965 2870 2080 2926 Ma-

464 2964 621 3017 guus
655 2949 753 3006 lib.
786 2968 886 3018 νιι,
940 2955 1107 3024 epist.
1141 2957 1233 3023 34,
1276 2958 1446 3015 tradit
1481 2960 1668 3017 sedem
1714 2962 2078 3033 apostolicam

466 3036 774 3100 Sozomeni
803 3042 1111 3102 Historiam
1133 3051 1415 3122 suscipere
1448 3066 1727 3118 recusare,
1751 3054 1838 3110 vel
1865 3070 1931 3110 eo
1962 3056 2081 3111 solo

465 3134 735 3227 neruine,
792 3135 940 3206 quod
991 3139 1223 3196 nimium
1268 3142 1534 3212 profusus
1571 3153 1654 3200 est
1706 3145 1762 3199 in
1819 3145 2079 3202 laudibus
2110 3169 2153 3227 ε

463 3224 754 3282 Theodori
803 3227 1175 3300 Mopsuesleui
1200 3276 1214 3299 ,
1253 3244 1308 3290 et
1341 3251 1466 3291 eum
1499 3236 1761 3294 Ecclesia:
1795 3240 2078 3296 doctorem

463 3317 650 3373 fuisse
683 3321 870 3375 tradit.
909 3321 1015 3378 Sed
1036 3325 1211 3394 ipsam
1232 3344 1436 3398 quoque
1472 3327 1758 3385 Sozomeni
1783 3332 2077 3389 Historiam

380 3424 395 3432 -
460 3407 621 3463 sedes
678 3412 979 3480 apostolica
1031 3416 1262 3485 recipere
1308 3429 1554 3483 recusat,
1599 3423 1851 3492 quoniam
1906 3423 2079 3479 multa

460 3503 751 3568 mentitur,
799 3512 850 3558 et
877 3503 1212 3561 Theodorum
1241 3507 1589 3579 Mopsuestia:
1619 3512 1846 3568 nimium
1883 3515 2076 3571 laudat

460 3600 629 3661 atque
678 3605 843 3664 usque
873 3592 944 3648 ad
981 3592 1125 3650 diem
1170 3596 1346 3651 obitus
1380 3600 1465 3653 sui
1510 3617 1759 3673 magnum
1807 3603 2078 3661 doctorem

460 3678 733 3735 Ecclesia:
771 3682 938 3750 fuisse
975 3685 1230 3756 perhibet.
1282 3687 1384 3745 Ubi
1418 3699 1578 3745 notat
1622 3690 1854 3749 Vossius
1886 3696 1981 3751 lib.
2011 3714 2073 3758 ιι,

459 3772 548 3827 De
575 3771 707 3829 hist.
736 3772 938 3831 ercis
963 3793 1085 3849 cap.
1114 3780 1203 3835 20:
1225 3781 1382 3849 Quod
1412 3782 1480 3838 de
1503 3783 1797 3841 Theodoro
1819 3789 2078 3861 Mopsue-

459 3866 587 3922 stia
612 3867 727 3933 ait,
755 3869 810 3924 id
850 3870 1013 3928 hodie
1048 3874 1103 3927 in
1159 3872 1471 3932 Sozomeno
1504 3894 1613 3933 non
1660 3880 1841 3951 leges,
1892 3884 1987 3939 sed
2018 3885 2075 3940 in

458 3956 824 4016 Theodoreto
862 3960 1031 4034 (Hist.
1068 3981 1123 4029 ν,
1155 3966 1269 4038 40).
1304 3967 1486 4035 Quare
1506 3971 1681 4026 videri
1718 3974 1899 4043 possit
1936 3993 2074 4048 μνη-

460 4052 697 4122 μονικὸν
726 4051 978 4127 Gregorii
1025 4057 1358 4131 ἁμάρτημα.
1395 4060 1503 4117 Sed
1548 4080 1680 4119 vero
1712 4067 1952 4124 similius
1987 4077 2073 4126 est

459 4146 768 4217 scripsisse
801 4147 905 4204 hoc
938 4148 1311 4209 Sozomenum
1365 4156 1418 4211 iu
1466 4156 1536 4213 iis
1568 4174 1693 4228 quae
1742 4162 2069 4231 perierunt;

458 4251 594 4292 nam
626 4238 749 4308 ipse
780 4238 1124 4299 Sozomeuus
1154 4245 1321 4301 refert
1350 4245 1404 4301 in
1429 4248 1753 4317 przelatiouc
1783 4266 1844 4307 se
1881 4251 2070 4309 Histo-

459 4330 609 4383 riam
640 4346 802 4386 suam
837 4334 1167 4403 produxisse
1200 4353 1374 4409 usque
1406 4338 1475 4393 ad
1501 4342 1852 4397 consulatum
1886 4341 2074 4401 Theoa

457 4422 609 4478 dosii
638 4421 895 4482 Junioris
938 4428 1234 4497 septimum
1266 4430 1568 4499 decimum,
1603 4432 1679 4487 ita
1704 4443 1763 4486 ut
1813 4449 1951 4504 pene
1982 4436 2068 4490 vi-

2186 1939 2325 1994 dane
2354 1940 2493 1994 inter
2511 1941 2713 2009 primos
2749 1940 2946 1995 donum
2974 1941 3148 1996 sancti
3178 1939 3414 2010 Spiritus
3443 1939 3509 1992 sit
3542 1953 3794 1992 consecu—

2189 2043 2293 2098 tus,
2335 2035 2390 2088 in
2430 2035 2640 2089 nomine
2694 2034 2900 2102 Patris,
2935 2045 2984 2089 et
3034 2032 3191 2098 Filii,
3235 2040 3286 2087 et
3326 2030 3563 2101 Spiritus
3611 2030 3791 2085 sancti

2187 2130 2536 2199 baptizatus;
2577 2130 2741 2186 Deum
2771 2147 2890 2186 vero
2926 2129 3264 2195 Verbum,ob
3299 2128 3640 2184 excellentem
3682 2127 3795 2180 vir-

2187 2232 2350 2278 tutern
2384 2223 2524 2292 ejus,
2561 2223 2786 2278 libenter
2827 2224 2882 2278 in
2919 2240 2978 2278 eo
3028 2221 3320 2287 habitasse,
3363 2222 3513 2293 eique
3553 2219 3793 2275 divinam

2185 2315 2502 2385 dignitatem
2536 2314 2859 2385 impertisse,
2900 2324 2950 2371 et
2982 2315 3355 2369 adorationem
3381 2313 3624 2383 deinceps
3672 2322 3793 2383 post

2185 2408 2722 2463 consummationem.
2759 2406 2861 2463 His
2883 2416 2934 2462 et
2958 2408 3081 2463 aliis
3116 2407 3273 2477 impie
3293 2407 3474 2472 dictis,
3514 2406 3651 2461 duas
3689 2423 3791 2460 na-

2186 2510 2337 2553 turas
2364 2500 2535 2570 inquit
2572 2517 2627 2554 se
2649 2499 2853 2554 novisse
2878 2500 2933 2553 in
2956 2497 3174 2554 Christo
3194 2498 3427 2568 propriis
3459 2499 3571 2552 suis
3598 2499 3791 2554 ﬁnibus

2185 2592 2521 2657 terminatas,
2562 2591 2782 2664 solaque
2806 2590 3116 2646 habitudine
3162 2592 3302 2646 inter
3358 2608 3413 2645 se
3449 2591 3788 2646 conciliatus.

2183 2684 2368 2739 Altera
2394 2694 2444 2739 et
2470 2683 2581 2738 ha‘c
2607 2683 2936 2753 blasphemia
2962 2691 3064 2752 est,
3085 2699 3247 2737 unam
3266 2690 3519 2738 naturam
3565 2686 3615 2732 el
3651 2680 3792 2739 duas

2184 2784 2410 2830 naturas
2452 2776 2566 2830 suis
2607 2774 2803 2845 ﬁnibus
2859 2775 3294 2848 circumscriptus
3328 2776 3387 2829 in
3422 2773 3637 2830 Christo
3686 2792 3790 2829 non

2185 2876 2323 2922 recte
2353 2867 2620 2937 conﬁteri.
2653 2864 2781 2921 Haec
2830 2864 2950 2937 ipsa
2983 2866 3188 2922 Suidas
3239 2866 3296 2921 in
3335 2865 3576 2922 Lexicon
3625 2882 3790 2923 suum

2184 2959 2371 3015 retulit
2404 2973 2525 3013 voc.
2554 2956 2833 3029 Θεόδωρος
2862 2958 2891 3011 ὁ
2918 2957 3322 3029 Μοψουεστίας-
3365 2957 3635 3028 Georgius
3682 2958 3791 3014 Ce-

2184 3050 2394 3106 drenus
2421 3051 2475 3105 in
2505 3048 2738 3121 Synopsi
2769 3049 3021 3106 chronica
3052 3066 3178 3121 pag.
3232 3049 3358 3117 581,
3424 3050 3569 3120 apud
3625 3065 3788 3120 quem

2184 3141 2535 3199 Justinianus
2572 3144 2706 3215 imp.
2743 3144 2798 3197 in
2842 3141 3091 3212 Epistota
3139 3141 3209 3196 ad
3244 3141 3504 3214 synodum
3532 3136 3791 3196 εΤούτων

2189 3232 2247 3285 δὲ
2285 3232 2392 3286 τῶν
2421 3233 2704 3303 τεσσάρων
2730 3233 2965 3287 συνόδων
3004 3232 3149 3287 οὕτω
3182 3232 3516 3305 γενομένων,
3548 3233 3643 3287 καὶ
3669 3233 3793 3286 ἑπι-

2189 3324 2614 3393 6ε6αιωθεισῶν,
2649 3326 2746 3380 καὶ
2775 3324 3097 3397 κρατουσῶν
3124 3327 3183 3379 ὲν
3215 3329 3283 3399 τῇ
3339 3325 3434 3380 τοῦ
3482 3324 3618 3380 Θεοῦ
3666 3326 3791 3380 Ἐκ-

2188 3415 2410 3488 κλησία,
2440 3418 2489 3469 οἱ
2517 3416 2584 3470 τὰ
2611 3416 2908 3489 Νεστορίου
2942 3415 3275 3487 κρατοῦντες
3302 3414 3647 3469 ἐσπούδασαν
3686 3412 3790 3470 αὖ·

2187 3508 2269 3572 θις
2334 3507 2431 3580 τὴν
2491 3507 2702 3579 αἵρεσιν
2747 3507 2930 3564 αὐτῶν
2963 3507 3234 3581 κρατῦναι
3260 3507 3348 3562 διὰ
3388 3508 3487 3580 τῆς
3508 3506 3790 3581 Θεοδώρου

2185 3598 2281 3653 τοῦ
2310 3597 2690 3687 Μοψουεστίας
2719 3598 2998 3669 ἀφορμῆς,
3023 3598 3205 3687 nona?)
3233 3597 3455 3670 χείρονα
3484 3596 3579 3652 τοῦ
3609 3596 3790 3669 μαθη-

2184 3688 2279 3742 τοῦ
2309 3685 2475 3741 αύτοῦ
2506 3687 2804 3759 Νεστορίου
2846 3685 3360 3761 βλασφημήσαντος.
3401 3687 3568 3742 Ὅθεν
3608 3688 3791 3742 τοίνυν

2186 3783 2281 3835 καὶ
2302 3781 2464 3852 ἡμεῖς
2487 3779 2913 3847 ἀκολουθοῦντες
2939 3783 3053 3846 τοῖς
3086 3783 3381 3853 ἡμετέροις
3404 3781 3670 3854 πατράσι,
3697 3782 3790 3835 καὶ

2186 3874 2499 3946 βουλόμενοι
2526 3874 2628 3946 τὴν
2672 3872 2841 3948 ὀρθὴν
2885 3875 3069 3928 πίστιν
3108 3873 3390 3946 ἀλὼϐητον
3434 3873 3789 3943 διαφυλάττε-

2185 3968 2327 4033 σθαι,
2368 3967 2754 4040 προτρέπομεν
2793 3967 2890 4021 καὶ
2926 3967 3115 4021 τούτου
3154 3966 3256 4031 τὰς
3296 3965 3649 4038 βλασφημίας
3676 3965 3785 4020 διε-

2183 4061 2516 4128 ξετάσαντας
2551 4059 2673 4113 κατ’
2703 4058 2901 4124 αὐτοῦ,
2945 4060 3041 4113 καὶ
3094 4060 3203 4114 τῶν
3252 4058 3572 4131 όμοφρόνων
3620 4056 3785 4113 αὐτοῦ

2182 4149 2608 4223 ἀποφήνασθαι·
2641 4149 2780 4222 πρὸς
2814 4150 2923 4221 γὰρ
2980 4151 3100 4213 ταῖς
3150 4148 3341 4213 ἄλλαις
3393 4147 3787 4222 ἀναριθμήτοις

2181 4245 2348 4299 αὑτοῦ
2376 4244 2715 4316 δυσφημίαις
2741 4245 2822 4308 εἰς
2853 4244 3091 4315 Χριστὸν
3116 4242 3208 4297 τὸν
3243 4243 3378 4296 Θεὸν
3417 4242 3578 4314 ἡμῶν
3625 4258 3784 4313 γενο-

2184 4338 2395 4409 μέναις,
2430 4337 2591 4392 ἄλλον
2625 4333 2763 4391 εἶναι
2784 4336 2876 4391 τὸν
2919 4336 3054 4390 Θεὸν
3101 4336 3296 4407 Λόγον,
3343 4336 3438 4389 καὶ
3472 4335 3632 4391 ἄλλον
3691 4334 3786 4389 τὸν

2179 4432 2438 4503 Χριστὸν,
2488 4430 2595 4484 ὑπὸ
2654 4428 2764 4484 τῶν
2810 4426 2912 4500 τῆς
2961 4428 3143 4499 ψυχῆς
3186 4427 3398 4494 παθῶν,
3420 4427 3517 4481 καὶ
3541 4428 3651 4481 τῶν
3682 4429 3784 4498 τῆς

454 4514 603 4586 ginti
630 4529 906 4571 annorum
937 4517 1171 4573 historia
1210 4519 1577 4577 desideretur.
1609 4521 1775 4578 Plura
1805 4526 1969 4579 etiam
2003 4525 2071 4582 de

2185 4525 2381 4598 σαρκὸς
2416 4521 2724 4591 ἐπιθυμιῶν
2774 4520 3180 4592 ἐνοχλούμενον,
3232 4520 3325 4573 καὶ
3368 4518 3479 4573 τῶν
3521 4520 3783 4593 χειρόνων

454 4608 569 4664 hoc
596 4609 731 4665 alibi
756 4611 931 4682 leges,
966 4620 1021 4667 et
1049 4614 1271 4683 quidem
1304 4616 1359 4670 in
1385 4615 1648 4672 Chronico
1683 4618 1928 4676 Victoris
1960 4619 2074 4676 Tu-

454 4702 738 4759 nunensis
765 4704 910 4775 apud
943 4705 1251 4772 Casinium,
1287 4709 1375 4763 ed.
1416 4708 1672 4782 Basnagii
1706 4718 1743 4765 t.
1781 4710 1823 4765 l.

534 4793 751 4851 Pravas
813 4795 1092 4854 Theodori
1134 4800 1425 4869 Opiniones
1475 4804 1675 4858 recitat
1737 4802 2071 4861 Theodorus

455 4890 761 4963 presbyter
784 4888 1096 4947 Rhaitcnus
1113 4891 1169 4946 in
1200 4892 1345 4947 libro
1370 4893 1448 4949 De
1479 4893 1862 4950 Incarnatione
1887 4896 2072 4950 Domi-

454 4984 536 5037 ni.
568 4980 729 5035 Μετά
762 4981 952 5036 τοῦτον
987 4982 1045 5037 δὲ
1078 4983 1171 5037 τὸν
1207 4984 1619 5057 Ἀπολλινάριον
1640 5028 1654 5051 ,
1703 4987 1906 5051 εὐθέως
1940 4989 2074 5041 ἀνα-

454 5073 718 5146 φαίνεταί
744 5090 830 5137 τις
844 5074 1124 5147 Θεόδωρος
1154 5076 1255 5148 τῆς
1283 5076 1664 5147 Μοψουεστίας
1695 5079 1903 5143 πόλεως
1929 5079 2074 5134 οὕτω

451 5166 773 5239 λεγομένης
802 5167 863 5220 έν
894 5169 959 5238 τῇ
996 5170 1068 5239 γῇ
1103 5167 1213 5222 τῶν
1247 5169 1489 5224 Κιλίκων
1515 5169 1616 5241 τὴν
1645 5170 1943 5242 ἡγεμονίαν
1972 5171 2072 5227 λα-

448 5259 595 5337 χὼν,
631 5258 691 5325 ὃς
727 5260 795 5313 ὲκ
829 5258 1127 5332 διαμέτρου
1175 5260 1254 5333 τῷ
1305 5262 1699 5334 Ἀπολλιναρίῳ
1746 5263 2069 5335 φερόμενος,

454 5351 655 5426 ὕϐρεις
710 5351 774 5405 ού
828 5350 931 5415 τὰς
956 5351 1230 5423 τυχούσας
1259 5354 1514 5427 τολμηρᾷ
1553 5354 1699 5427 ψυχῇ
1750 5357 1844 5410 καὶ
1881 5356 2072 5429 ἀφόϐῳ

452 5442 665 5516 καρδίᾳ
706 5442 974 5514 καταχέει
1019 5442 1115 5496 τοῦ
1170 5445 1445 5499 Δεσπότου
1488 5442 1751 5517 Χριστοῦ,
1784 5445 2072 5517 ἄνθρωπον

451 5536 555 5591 ινα
592 5536 708 5591 τῶν
738 5536 866 5591 καθ’
895 5538 1048 5608 ἡμᾶς
1079 5538 1260 5591 κοινὸν
1294 5537 1611 5601 ἀποκαλῶν,
1637 5540 1732 5593 καὶ
1771 5540 1836 5593 ὲκ
1866 5556 2070 5610 προκοο

452 5624 568 5696 πῆς
598 5625 842 5680 λαϐόντα
874 5624 976 5696 τὴν
1013 5626 1175 5699 χάριν
1200 5627 1296 5681 τοῦ
1326 5628 1487 5696 Θεοῦ,
1510 5629 1645 5682 Θεὸν
1680 5630 2068 5702 ὀνομάζεσθαι,

451 5719 551 5773 καὶ
566 5719 631 5773 ἐκ
660 5717 756 5772 τοῦ
791 5720 851 5772 έν
878 5717 958 5790 τῷ
1002 5717 1246 5794 Ἰορδάνῃ
1283 5720 1663 5791 βαπτίσματος
1687 5720 1984 5791 ἀξιωθῆναι
2012 5722 2070 5774 ἐν

450 5809 709 5880 πρώτοις
720 5812 821 5882 τῆς
842 5810 940 5865 τοῦ
965 5811 1124 5879 ἁγίου
1155 5813 1476 5885 Πνεύμσιτος
1501 5814 1712 5886 δωρεᾶς
1734 5855 1749 5881 ,
1783 5816 1863 5880 εἰς
1899 5815 2070 5886 ὄνομα

449 5901 672 5973 ηατρὸς
697 5904 795 5959 καὶ
830 5902 960 5958 Υἱοῦ
996 5904 1091 5959 καὶ
1129 5905 1286 5974 ἁγίου
1321 5906 1637 5978 Πνεῦματος
1673 5906 2075 5979 βαπτισθὲντα·

2183 4617 2324 4672 κατά
2359 4614 2555 4687 μικρὸν
2583 4613 2955 4684 ἀφιστάμενον
2983 4612 3121 4685 πρὸς
3152 4613 3221 4668 τὰ
3250 4612 3537 4685 κρείττονα
3558 4614 3623 4683 τῇ
3650 4628 3784 4685 προ-

2182 4710 2325 4779 κοπῇ
2361 4704 2468 4760 τῶν
2521 4704 2698 4776 ἔργων
2720 4702 3062 4775 ἐληλυθέναι,
3092 4703 3186 4758 καὶ
3207 4705 3273 4774 τῇ
3309 4702 3509 4775 ἀρίστῃ
3537 4700 3787 4777 πολιτεία

2180 4801 2472 4872 γενόμενον
2517 4799 2770 4869 ἄμωμον,
2804 4798 2900 4853 καὶ
2934 4795 3011 4860 ὡς
3060 4797 3215 4868 ψιλὸν
3257 4795 3548 4868 ἄνθρωπον
3574 4798 3635 4849 ὲν
3663 4797 3781 4850 ὀνό-

2185 4907 2317 4963 ματι
2350 4889 2567 4961 Πατρὸς
2607 4888 2702 4942 καὶ
2732 4887 2865 4941 Υἱοῦ
2900 4889 2994 4943 καὶ
3025 4888 3184 4957 ἁγίου
3231 4887 3551 4959 Πνεύματος
3585 4888 3781 4958 βαπτι-

2183 4983 2400 5055 σθῆναι⁸
2433 4981 2528 5035 καὶ
2554 4979 2645 5034 διὰ
2664 4979 2758 5033 τοῦ
2786 4979 3165 5051 βαπτίσματος
3188 4980 3288 5052 τὴν
3310 4981 3470 5051 χάριν
3498 4978 3593 5032 τοῦ
3620 4978 3776 5048 ἁγίου

2180 5072 2500 5142 Πνεύματος
2530 5069 2851 5140 εἰληφέναι,
2898 5070 2993 5123 καὶ
3038 5069 3317 5133 υἱοθεσίας
3352 5066 3640 5140 ἠξιῶσθαι,
3683 5070 3784 5121 καὶ⁴

2181 5164 2302 5219 καθ’
2336 5163 2600 5235 ὁμοίωσιν
2635 5162 2923 5235 βασιλικῆς
2971 5164 3180 5227 εἰκόνος
3214 5164 3295 5226 είς
3341 5158 3632 5231 πρόσωπον
3681 5161 3774 5216 τοῦ

2179 5256 2316 5311 Θεοῦ
2367 5257 2540 5325 Λόγου
2574 5255 2665 5309 τὸν
2706 5253 2940 5326 Χριστὸν
2992 5253 3457 5329 προσκυνεῖσθαι,
3508 5255 3601 5307 καλ⁸
3637 5255 3777 5327 μετά

2140 5363 2145 5368 '
2179 5350 2278 5421 τὴν
2308 5348 2609 5404 ἀνάστασιν
2641 5348 2913 5419 ἄτρεπτον
2941 5351 3065 5412 ταῖς
3096 5346 3362 5410 ἐννοίαις,
3396 5345 3492 5400 καὶ
3525 5346 3778 5419 ἀναμάρ-

2179 5459 2341 5512 τητον
2378 5438 2728 5512 γεγενῆσθαι.
2768 5440 2880 5493 Καὶ
2905 5439 3040 5512 πρὸς
3085 5437 3320 5502 τούτοις,
3358 5434 3484 5492 εἷπε
3518 5439 3777 5512 τοιαύτην

2180 5532 2514 5604 γεγενῆσθαι
2542 5534 2642 5605 τὴν
2671 5533 2868 5587 ἕνωσιν
2896 5531 2993 5585 τοῦ
3010 5531 3145 5586 Θεοῦ
3163 5530 3337 5602 Λόγου
3368 5532 3505 5605 πρὸς
3522 5533 3613 5586 τὸν
3643 5534 3776 5604 Χρι-

2184 5625 2328 5687 στὸν,
2362 5623 2556 5678 ὁποίαν
2589 5625 2617 5677 ὁ
2660 5622 2988 5687 Ἀπόστολος
3022 5622 3127 5693 ἔφη
3158 5622 3405 5697 περὶτοῦ
3446 5622 3640 5695 ἀνδρὸς
3682 5624 3775 5678 καὶ

2181 5718 2280 5788 τῆς
2312 5716 2574 5786 γυναικός
2600 5736 2612 5750 ’
2650 5719 2939 5772 Ἔσονται
2979 5718 3033 5771 el
3075 5716 3186 5772 δύο
3229 5718 3318 5784 είς
3354 5717 3555 5787 σάρκα
3601 5717 3769 5786 μίαν.

2198 5811 2246 5868 ll
2255 5813 2303 5867 is
2322 5819 2552 5881 quatuor
2574 5808 2817 5865 conciliis
2839 5811 2916 5865 sic
2949 5811 3106 5874 actis,
3134 5821 3184 5865 et
3210 5810 3565 5880 conﬁrmatis,
3589 5817 3638 5862 et
3673 5824 3771 5859 au-

2194 5903 2493 5959 ctoritatem
2526 5904 2579 5957 in
2613 5901 2859 5957 Ecclesia
2890 5901 2989 5959 Dei
3021 5899 3665 5965 obtinentibus,i\°estorii
3692 5914 3770 5952 sev
