4104 6458
413 372 489 431 s23
1659 370 1753 426 EX
1803 369 2052 427 LEONIS
2127 372 2406 430 ALLATII
3613 377 3681 432 8i

415 506 603 559 quaces
634 490 805 546 denuo
843 509 995 547 suam
1027 491 1269 547 haeresim
1298 493 1619 562 conﬁrmare
1639 495 1818 547 conati
1845 502 1990 557 sunt,
2025 498 2066 553 Α
2096 497 2273 563 ptione
2293 537 2307 562 ,
2356 495 2739 568 lnterpretatio
2777 495 3096 553 creationis.
3146 495 3302 550 Liber
3344 496 3550 565 primus
3603 510 3683 551 se—

417 570 577 653 opera
637 583 900 638 Theodori
961 584 1362 654 Mopsuesteni,
1417 588 1506 657 qui
1566 586 1731 641 multo
1791 588 1995 654 pejora,

415 690 577 744 quam
613 671 895 729 Nestorius
924 675 1039 744 ejus
1092 675 1391 745 discipulus
1427 675 1833 745 blasphemavit.
1881 673 1999 727 Nos

421 748 590 836 igitur
619 777 891 836 sequentes
925 777 1139 835 sanctos
1173 766 1365 829 Patres
1401 778 1613 822 nostros
1639 810 1653 833 ,
1685 777 1734 822 et
1770 768 2000 821 volentes

417 867 615 920 rectam
647 844 805 927 ﬁdem
830 859 945 913 sine
976 860 1090 915 ulla
1120 860 1329 919 macula
1360 877 1691 927 conservare,
1723 860 2001 914 hortamur

418 965 525 1014 vos,
550 958 605 1002 ut
635 949 795 1018 hujus
820 967 1021 1021 quoque
1052 951 1405 1021 blasphemias
1429 954 1813 1016 examinantes,
1849 955 1911 1006 de
1940 971 1999 1009 eo

417 1050 465 1093 et
494 1028 850 1096 sectatoribus
879 1043 992 1112 ejus
1025 1046 1341 1098 sententiam
1391 1046 1578 1113 [eratis
1611 1063 1627 1098 :
1660 1063 1783 1099 nam
1807 1058 2002 1115 pra'ter

416 1133 698 1186 innumera
721 1135 854 1197 alia,
881 1152 999 1213 qua:
1019 1137 1176 1205 impie
1194 1138 1247 1190 in
1273 1136 1546 1191 Christum
1574 1138 1740 1193 Deum
1761 1150 1999 1195 nostrum

420 1227 703 1283 maledicta
751 1230 1000 1290 evomuit,
1059 1231 1113 1283 id
1152 1248 1355 1300 quoque
1391 1231 1641 1298 protulit,
1685 1232 1853 1284 alium
1889 1249 2001 1286 esse

420 1317 584 1389 Deum
620 1319 869 1388 Verbum,
903 1321 1065 1373 alium
1098 1321 1367 1375 Christum
1388 1323 1479 1391 qui
1507 1324 1570 1376 ab
1593 1324 1761 1377 animi
1788 1334 1999 1393 pertur-

418 1409 719 1475 bationibus
743 1454 757 1477 ,
806 1422 854 1466 et
888 1415 1065 1467 carnis
1104 1417 1513 1491 cupiditatibus,
1549 1416 1852 1473 molestiam
1898 1417 2001 1487 ipsi

418 1502 785 1557 exhibentibus
812 1544 826 1567 ,
872 1506 1137 1573 paulatim
1172 1516 1228 1560 ut
1266 1525 1297 1561 a
1325 1508 1678 1576 deterioribus
1714 1508 1999 1570 desistens,

420 1605 634 1653 actuum
666 1596 908 1667 profectu
962 1600 1019 1653 in
1070 1600 1258 1655 melius
1297 1602 1523 1655 evaserit
1553 1643 1567 1664 ,
1625 1600 2003 1670 inculpataque

420 1689 632 1755 optima:
662 1690 781 1744 vita:
813 1692 1019 1745 ratione
1044 1710 1171 1748 usus
1188 1695 1279 1758 sit,
1311 1695 1401 1765 qui
1443 1703 1501 1748 ut
1535 1710 1700 1763 purus
1736 1693 1913 1756 homo,
1946 1693 2001 1745 in

420 1780 629 1853 nomine
656 1778 861 1846 Patris,
887 1793 935 1837 et
959 1783 1112 1849 Filii,
1135 1795 1183 1839 et
1208 1784 1441 1852 Spiritus
1468 1786 1645 1839 sancti
1673 1785 1996 1853 baptizatus,

2106 596 2247 657 ptem
2280 590 2437 643 tomis
2467 589 2859 644 absolvebatur.
2897 588 3080 658 Stylus
3120 587 3203 642 illi
3256 604 3420 657 neque
3451 588 3681 643 illustris

2102 694 2263 748 neque
2306 680 2455 732 valde
2491 680 2824 748 perspicuus.
2862 676 3098 749 Fugiens
3131 694 3251 731 vero
3276 718 3292 743 ,
3324 687 3585 747 quantum
3626 677 3683 737 in

2100 771 2214 840 ipso
2244 780 2322 825 est
2352 771 2640 841 allegorias
2662 811 2677 835 ,
2712 781 2757 824 et
2793 771 3144 824 historiarum
3176 768 3441 835 duntagcat
3474 770 3686 839 exposi-

2103 863 2293 915 tionem
2316 872 2575 925 tractaus,
2598 863 2781 916 eadem
2810 860 3095 915 identidem
3131 861 3339 930 repetit,
3365 869 3415 914 et
3440 860 3685 932 ingrutul

2102 961 2257 1022 atque
2286 954 2536 1007 molestus
2572 954 2760 1023 legenti
2789 952 2982 1006 accidit
3015 966 3034 1004 :
3063 952 3188 1020 quin
3220 959 3269 1004 et
3302 948 3538 1003 Nestorii
3568 967 3688 1004 sen-

2102 1044 2340 1108 tentiam,
2377 1046 2615 1114 quamvis
2643 1045 2740 1101 illo
2771 1047 2919 1113 prior
2943 1044 3127 1114 fuerit,
3172 1043 3331 1095 tacite
3363 1043 3546 1096 vomit.
3583 1041 3685 1098 Hic

2098 1151 2175 1193 est
2202 1139 2503 1195 Theodorus
2530 1142 2620 1195 ille
2653 1141 3010 1211 Mopsuestiw.
3051 1140 3215 1193 Multa
3240 1139 3473 1208 hujusce
3498 1138 3687 1192 videre

2100 1231 2260 1285 estin
2288 1232 2498 1291 catenis
2524 1232 2728 1288 Graecis
2755 1235 2808 1287 in
2833 1232 3093 1287 Cenesim.
3122 1231 3293 1301 Hujus
3312 1221 3689 1299 expositiones

2100 1335 2209 1373 non
2270 1336 2663 1392 usquequaque
2712 1324 2954 1393 probatae
3005 1330 3134 1377 sunt
3190 1337 3220 1373 a
3267 1320 3574 1389 Philopono
3629 1318 3687 1375 in

2103 1410 2422 1466 Ilexaenteri
2465 1415 2809 1483 expositione.
2868 1414 3095 1468 Photius
3147 1412 3345 1467 ibidem
3379 1429 3391 1464 :
3427 1404 3596 1473 Οὗτος
3628 1408 3687 1462 δέ

2101 1505 2247 1558 ἐστιν
2276 1507 2304 1558 6
2334 1506 2733 1576 Μοψουεστίας,
2754 1507 2812 1559 δν
2835 1507 2928 1559 καὶ
2955 1505 3212 1569 πλείστας
3238 1504 3466 1567 εὐθύνας
3507 1503 3690 1556 Ἰωάν-

2103 1614 2201 1668 νης
2230 1600 2258 1651 6
2282 1598 2593 1663 Φιλόπονος,
2624 1599 2699 1662 ὼς
2728 1598 2889 1662 αὑτός
2913 1615 3069 1669 φησι,
3095 1597 3193 1668 τῆς
3227 1595 3485 1666 τοιαύτης
3515 1597 3691 1665 ἑρμη-

2102 1692 2250 1754 νείας
2286 1692 2342 1744 ὲν
2378 1692 2563 1763 οἰκείῳ
2589 1690 2666 1760 τῷ
2694 1694 2782 1756 εὶς
2808 1690 2921 1758 τὴν
2938 1691 3151 1745 Κτίσιν
3181 1690 3449 1759 πονὴματι
3476 1685 3688 1757 ἐδείχθη

2106 1784 2414 1847 σπουδαίως
2460 1784 2921 1856 εἰσπραττόμενος
2956 1802 2968 1814 ·
3001 1784 3102 1837 llic
3142 1791 3220 1836 est
3267 1779 3567 1837 Theodorus
3605 1779 3691 1832 illa

419 1883 510 1951 per
534 1852 855 1953 baptismum
892 1875 1125 1944 gratiam
1174 1874 1412 1943 Spiritus
1457 1876 1632 1929 sancti
1662 1885 1995 1936 consecutus,
2031 1843 2075 1902 Β
2107 1874 2450 1945 Mopsuestia:
2478 1917 2493 1941 ,
2532 1894 2564 1930 a
2605 1892 2707 1946 quo
2756 1891 3115 1943 sa'pcuumero
3170 1882 3379 1926 constat
3425 1871 3691 1925 Joannem

342 2002 355 2015 .
420 1959 702 2035 adoptione
736 1968 806 2020 sit
849 1968 1135 2037 dignatus,
1193 1980 1241 2023 et
1287 1970 1357 2022 ad
1395 1967 1802 2037 similitudinem
1847 1968 2004 2037 regia:

423 2056 677 2131 imaginis
714 2051 957 2131 Christus
999 2061 1051 2115 in
1089 2077 1313 2131 persona
1348 2060 1443 2115 Dei
1512 2059 1667 2114 Verbi
1704 2060 2003 2121 adoratus;

423 2158 608 2217 etpost
629 2153 1064 2219 resurrectionem
1084 2155 1264 2221 animo
1287 2152 1577 2215 constanti,
1603 2161 1651 2208 et
1671 2160 2004 2221 peccatorum

419 2258 583 2310 vacuo
602 2242 785 2309 fuerit.
817 2243 1091 2298 Prteterea
1114 2246 1480 2314 pronuntiavit
1504 2260 1621 2299 eam
1652 2244 1820 2313 fuisse
1852 2241 2005 2297 Verbi

420 2350 539 2387 cum
566 2333 780 2390 Christo
810 2338 1079 2399 unionem,
1107 2355 1226 2409 qua:
1257 2350 1333 2393 est
1356 2339 1420 2393 ab
1444 2338 1698 2408 Apostolo
1733 2337 1877 2391 dicta
1908 2337 2008 2391 viri

419 2440 541 2497 cum
573 2427 869 2482 mulierem
908 2428 971 2481 Et
1003 2439 1158 2483 erunt
1180 2432 1285 2485 duo
1315 2431 1368 2484 in
1402 2447 1508 2484 una
1540 2446 1719 2483 carne.
1760 2448 1784 2507 ρ
1827 2429 2005 2483 Theo-

422 2514 547 2570 dori
605 2518 734 2572 item
774 2534 941 2587 prava
977 2517 1233 2591 dogmata
1301 2518 1659 2591 prosequitur
1703 2517 2007 2588 llesychius

424 2605 711 2693 presbyter
732 2606 1256 2681 llierosolymitanus
1289 2611 1341 2665 in
1363 2611 1606 2665 Historia
1623 2610 2004 2677 ecclesiastica,

424 2698 583 2768 cujus
615 2701 776 2756 verba
807 2703 1112 2755 recitantur
1138 2703 1189 2756 in
1215 2702 1257 2756 γ
1282 2705 1517 2774 synodo,
1536 2705 1719 2759 collat.
1747 2704 1800 2767 5,
1825 2704 2005 2758 ctalii.

497 2782 731 2855 Scripsit
750 2785 1037 2842 innumera
1065 2803 1233 2867 prope
1251 2790 1550 2851 volumina.
1580 2790 1633 2842 in
1658 2789 1860 2858 quibus
1884 2804 2008 2842 cum

422 2875 656 2929 aliorum
687 2876 927 2932 ltmt‘cscs
968 2891 1283 2949 Oppugnat,
1313 2889 1425 2933 tum
1475 2881 1591 2951 ipse
1634 2881 1768 2935 alias
1812 2889 1864 2933 et
1894 2878 1983 2950 μεί

424 2962 538 3027 ζονι
594 2964 672 3036 τῷ
724 2950 911 3037 ’μέτρῳ
942 2968 1204 3035 parturit,
1247 2977 1302 3023 et
1331 2984 1457 3022 cum
1502 2950 1885 3039 Apollinarem
1921 2984 2011 3022 re-

424 3058 580 3120 fellit,
634 3044 872 3125 Nestorii
917 3059 1066 3128 impii
1106 3060 1360 3129 dogmata
1420 3062 1715 3129 expromit.
1766 3058 2009 3115 Joannes

2109 1964 2484 2036 Philoponum,
2516 1974 2572 2018 ut
2605 1967 2819 2033 ipsemet
2849 1963 3070 2033 fatetur,
3098 1963 3356 2016 rationem
3384 1960 3691 2029 hujusmodi

2108 2058 2558 2125 interpretationis
2593 2057 2729 2110 bona
2776 2056 2881 2126 [ide
2934 2073 2996 2110 ac
3029 2056 3167 2109 serio
3216 2053 3452 2123 exegisse
3496 2052 3547 2105 in
3589 2067 3689 2105 suo

2108 2148 2185 2203 De
2217 2148 2461 2204 universi
2497 2148 2776 2202 creatione
2810 2162 2984 2215 opere.
3024 2148 3087 2199 Et
3121 2146 3373 2215 apertius
3415 2142 3540 2195 cod.
3568 2140 3637 2195 45
3670 2158 3686 2193 :

2108 2240 2219 2294 Καὶ
2250 2237 2559 2308 συμφωνῶν
2584 2241 2611 2291 ὁ
2644 2236 2933 2301 Φιλόπονος
2970 2236 3156 2306 σχεδὸν
3191 2236 3247 2287 ἐν
3283 2237 3396 2294 τοῖς
3420 2232 3692 2299 πλείστοις

2109 2331 2376 2401 Βασιλείῳ
2425 2329 2501 2400 τῷ
2555 2330 2813 2400 Μεγάλῳ,
2867 2330 3212 2382 ἁντιπίπτων
3255 2326 3311 2378 δὲ
3349 2326 3416 2379 δι’
3450 2325 3569 2378 δλου
3614 2324 3692 2395 τῷ

2108 2423 2486 2493 Μοψουεστίας
2511 2421 2791 2493 θεοδώρῳ.
2814 2421 2871 2485 ὃς
2898 2421 2995 2492 τὴν
3028 2421 3197 2491 αὐτὴν
3220 2420 3473 2471 ὑπόθεσιν
3496 2420 3691 2488 ὲνστητ

2111 2514 2366 2585 σάμενος,
2408 2512 2766 2583 ἰἱρμηνείαν
2794 2512 2905 2583 τῆς
2938 2514 3191 2578 κτίσεως
3227 2512 3289 2564 τὸ
3324 2511 3527 2581 βιϐλίον
3557 2510 3691 2562 ἐπέ-

2110 2606 2350 2676 γραψε-ι’
2389 2599 2450 2658 οὗ
2494 2607 2590 2668 τὰς
2634 2606 2791 2671 δόξας
2837 2604 3126 2673 διελέγχων
3182 2605 3210 2656 ὁ
3260 2602 3548 2665 Φιλόπονος
3590 2601 3693 2671 τὴν

2111 2697 2360 2750 ἐναντίαν
2394 2697 2663 2767 ἐτράπετο
2697 2714 2708 2726 ·
2740 2699 2909 2765 Atque
2942 2705 2999 2747 ut
3040 2695 3246 2748 Basilio
3281 2691 3475 2763 Magno
3507 2691 3694 2744 Philo-

2112 2804 2281 2856 ponus
2319 2788 2610 2856 (lurimum
2642 2788 2748 2857 fere
2784 2790 3064 2850 consentit,
3096 2787 3171 2839 sic
3200 2802 3292 2854 per
3320 2783 3496 2839 omnia
3528 2781 3695 2835 Theo-

2113 2882 2244 2935 doro
2290 2881 2627 2951 Mopsuestia
2679 2888 2971 2949 repugnat,
3012 2878 3100 2948 qui
3139 2878 3277 2931 idem
3320 2886 3693 2946 argumentum

2116 2990 2391 3042 aggressus
2418 3014 2433 3037 ,
2474 2971 2979 3042 luterprctationcm
3025 2968 3320 3023 creatiouis
3355 2968 3549 3021 librum
3607 2967 3697 3021 in-

2116 3066 2351 3135 scripsit,
2393 3064 2546 3134 cujus
2605 3063 2875 3131 upiniones
2937 3061 3264 3130 Philoponus
3316 3057 3697 3128 reprehendens

424 3149 820 3214 Antiocbcnus,
851 3158 905 3204 et
945 3152 1190 3222 synodus
1214 3151 1455 3209 Orientis
1481 3153 1558 3205 Ad
1585 3152 1836 3207 Proclum
1864 3152 2005 3209 Con-
2035 3182 2082 3244 Ο
2115 3168 2301 3213 contra
2352 3158 2498 3211 uisus
2530 3165 2627 3212 est.
2672 3157 2736 3210 Et
2769 3156 2912 3225 quod
2953 3156 3124 3225 magis
3158 3164 3260 3219 est,
3313 3153 3366 3206 in
3408 3151 3450 3205 V
3485 3150 3697 3223 synodo

425 3240 981 3308 stautiuopolitanum,
1022 3251 1076 3295 ut
1105 3251 1187 3296 cst
1217 3241 1360 3311 apud
1393 3240 1711 3298 Facundum
1745 3244 1840 3300 lib.
1883 3262 2002 3310 vm,

426 3343 550 3398 cap.
586 3331 645 3383 i:
683 3328 860 3385 Nimis
904 3335 1096 3387 aninue
1140 3343 1336 3387 nostra:
1367 3335 1656 3388 vulnerata:
1701 3345 1843 3397 sunt,
1879 3339 2006 3407 quia

427 3435 531 3487 nou
558 3418 730 3473 solum
765 3438 859 3487 nos
898 3423 1120 3477 viventes
1151 3422 1284 3478 tales
1325 3425 1625 3479 calumnias
1660 3426 1723 3479 ab
1756 3428 1835 3480 his
1862 3467 1874 3490 ,
1919 3429 2009 3497 qui

431 3514 748 3567 conturbare
770 3515 948 3568 volunt
978 3514 1249 3570 Ecclesias
1287 3519 1533 3572 continue
1564 3520 2008 3583 sustinemus,sed

428 3609 590 3663 etiam
611 3609 698 3678 qui
727 3613 849 3663 bene
870 3610 932 3664 tie
950 3611 1057 3663 vita
1074 3612 1338 3681 profectus
1370 3620 1446 3665 est
1474 3612 1656 3666 beatus
1680 3613 2005 3678 Theodorus,

430 3699 520 3769 qui
546 3699 771 3768 quinque
818 3710 865 3754 et
901 3701 1263 3772 quadraginta
1298 3704 1450 3756 annis
1492 3705 1635 3756 clare
1668 3706 1721 3756 in
1765 3705 2012 3759 doctrina

430 3789 718 3857 pra'fulsit,
751 3799 798 3843 et
831 3808 1035 3845 onmem
1076 3792 1319 3846 hairesim
1354 3797 1694 3865 expugnavit,
1726 3806 1780 3849 et
1805 3797 2011 3850 nullam

432 3881 629 3934 alicubi
676 3882 1062 3937 detractionem
1106 3883 1169 3937 ab
1221 3885 1531 3947 orthodoa‘is
1581 3888 1633 3940 in
1683 3890 1786 3942 vita
1838 3892 2011 3945 susci—

429 3971 574 4037 piens
602 4010 615 4033 ,
646 3983 763 4040 post
797 3972 941 4042 longi
975 3976 1225 4043 temporis
1263 3975 1382 4028 hinc
1426 3977 1718 4031 discessum
1743 4019 1755 4043 ,
1812 3989 1859 4045 et
1894 3992 2011 4049 post

434 4064 602 4115 multa
633 4065 946 4127 certamina,
979 4074 1027 4118 et
1060 4076 1177 4133 post
1211 4067 1387 4119 decem
1420 4070 1595 4122 millia
1631 4071 1889 4126 librorum
1918 4076 2016 4127 ad-

431 4168 611 4205 versus
664 4152 888 4205 Iuereses
936 4154 1171 4219 scripta,
1213 4164 1259 4207 et
1310 4165 1591 4223 postquam
1648 4160 1701 4212 in
1736 4174 2013 4231 conspectu

432 4244 769 4302 sacerdotum
800 4252 848 4297 et
890 4246 1274 4313 imperatorum
1309 4257 1357 4301 et
1390 4248 1706 4316 populorum
1759 4254 2012 4320 probatus

433 4344 532 4396 est,
572 4336 905 4401 periclitatur
932 4354 1051 4408 qua:
1082 4338 1455 4394 ha’reticorum
1493 4356 1615 4396 sunt
1652 4347 1931 4412 sustinere,
1961 4360 2009 4404 et

412 4429 830 4496 .illisproximtts
854 4431 1165 4499 prtcdicari.
1196 4432 1304 4488 Nos
1331 4450 1395 4489 ex
1425 4443 1503 4488 tot
1527 4436 1703 4503 libris,
1726 4439 1847 4493 illos
1872 4457 2011 4510 quos

2115 3251 2379 3325 generali,
2433 3251 2613 3304 collat.
2651 3249 2714 3314 t,
2756 3265 2817 3303 ca
2866 3259 3128 3317 tanquam
3183 3245 3471 3307 hmrctica,
3508 3252 3561 3297 et
3591 3243 3700 3311 piis

2116 3346 2341 3398 auribus
2376 3343 2536 3397 noxia
2564 3342 3016 3394 comlcmuautur.
3051 3336 3209 3394 Unde
3240 3339 3401 3405 etiam
3424 3335 3702 3404 colligitur

2118 3450 2255 3503 opus
2284 3434 2335 3486 in
2369 3434 2549 3502 plures
2580 3432 2750 3485 libros
2789 3430 2956 3484 fuisse
2984 3430 3218 3484 divisum
3248 3426 3344 3498 (a).
3462 3484 3465 3489 ,

2194 3525 2441 3578 Psatmos
2472 3539 2689 3593 quoque
2716 3522 3009 3577 Davidieos
3041 3518 3433 3576 commentario
3455 3529 3506 3582 et
3541 3533 3704 3587 expc.

2121 3618 2414 3673 sitionihus
2451 3615 2756 3669 adornavit.
2795 3614 2867 3667 Es
2901 3614 3053 3669 hisce
3088 3612 3524 3684 expositionibus
3553 3626 3704 3679 qua!-

2120 3710 2243 3763 dam
2272 3709 2593 3771 recitantur,
2628 3708 2826 3777 quibus
2857 3707 3002 3761 illius
3031 3706 3273 3771 hau-esis,
3317 3714 3370 3759 ct
3419 3719 3543 3758 cum
3580 3700 3706 3756 Ne-

2133 3802 2303 3855 storio
2335 3816 2639 3856 consensus
2678 3802 3042 3865 convincitur,
3072 3816 3135 3854 cx
3167 3797 3562 3852 commentario
3588 3795 3705 3852 sci-

2124 3893 2249 3947 licet
2281 3894 2334 3946 in
2364 3895 2599 3962 psalmos
2646 3910 2776 3958 vui,
2819 3909 2907 3947 χχι
2930 3936 2943 3949 .
2974 3900 3027 3947 et
3071 3907 3237 3946 Lnut
3263 3932 3277 3958 ,
3313 3891 3368 3944 in
3399 3888 3443 3947 Υ
3493 3888 3705 3956 synodo

2123 3986 2381 4053 generali,
2407 3987 2588 4041 collat.
2620 3986 2675 4049 4,
2703 3995 2757 4040 ct
2788 3988 2841 4040 in
2869 3986 3131 4054 psalmum
3161 4000 3346 4047 xum,
3382 3999 3411 4037 a
3444 3980 3706 4039 Facunda

2127 4079 2507 4135 llcrmiancnsi
2537 4078 2632 4133 lib.
2669 4093 2744 4141 lx,
2784 4093 2906 4148 cap.
2943 4078 2993 4142 1,
3022 4087 3082 4131 ιιι
3114 4075 3461 4130 Theodorum
3494 4073 3563 4128 ab
3594 4073 3706 4126 Inc-

2122 4172 2229 4227 resi
2261 4169 2692 4235 dcicndat.Quod
2712 4184 2779 4222 an
2805 4177 2951 4223 recte
2979 4168 3311 4237 prmstiterit,
3331 4166 3560 4220 aliorum
3585 4171 3706 4221 esto

2118 4262 2405 4332 judicium.
2426 4257 2536 4314 Nos
2558 4260 2712 4315 aliter
2736 4260 2938 4312 sentire
2956 4259 3220 4329 cogimur,
3245 4259 3336 4327 qui
3368 4258 3573 4311 scimus
3600 4255 3703 4313 has

2121 4356 2176 4408 in
2201 4353 2433 4425 psalmos
2455 4349 2825 4421 expositiones
2848 4349 3008 4403 etiam
3042 4348 3111 4409 ab
3134 4348 3252 4417 ipso
3283 4346 3573 4405 Theodoro
3591 4360 3700 4399 non

2122 4446 2293 4501 fuisse
2323 4458 2719 4514 usquequaque.
2745 4442 3025 4511 probatas.
3060 4438 3222 4494 Multa
3258 4439 3402 4493 enim
3429 4441 3533 4494 sibi
3565 4439 3702 4493 ell'ue

431 4518 695 4571 adnotare
729 4516 917 4571 datum
961 4520 1087 4585 fuit,
1120 4524 1706 4581 commemorabituus.
1738 4525 2011 4584 Primum-
2046 4545 2091 4599 ι)
2120 4539 2285 4610 εῑεερ,
2325 4544 2382 4591 ιιι
2413 4535 2715 4605 ίησιίρίριιιῑ,
2748 4549 2869 4603 (μιιὲ
2898 4534 3198 4587 maturiore
3225 4533 3589 4601 castigatione
3617 4532 3703 4584 in.

429 4626 536 4676 quo
566 4610 666 4663 sibi
713 4612 892 4664 locum
921 4613 1118 4668 habeat
1157 4616 1455 4685 Ἐρμηνεία
1492 4617 1593 4686 τῆς
1624 4618 1876 4681 κτίσεως.
1918 4619 2012 4675 In-

435 4702 742 4764 terprelatio
770 4704 1077 4758 creationis.
1108 4704 1260 4772 Legit
1292 4722 1409 4760 eam
1450 4706 1678 4765 Photius
1715 4711 1766 4763 in
1805 4711 2010 4767 Biblio-

436 4793 582 4843 theca
614 4792 847 4846 €011.53.
893 4795 1235 4863 Ἀνεγνώτοη
1277 4795 1553 4868 Θεοδώρου
1599 4799 1919 4872 Ἀντιοχέως
1954 4798 2013 4858 οὗ

434 4884 467 4952 ἡ
504 4885 818 4954 ἐπιγραφὴ,
864 4884 1181 4953 Ἐρμηνεία
1233 4885 1343 4955 τῆς
1382 4890 1651 4954 κτίσεως.
1704 4893 1790 4947 Ἐν
1826 4896 2015 4965 τόμοις

436 4976 576 5047 ἑπτὰ
602 4979 631 5044 ἡ
664 4975 853 5047 πρώτη
880 4976 1061 5046 βίϐλος
1090 4979 1429 5049 ἐπεραίνετο.
1449 4981 1559 5052 Τὴν
1591 4983 1647 5036 δὲ
1671 4986 1871 5055 φράσιν
1895 4989 2016 5041 οὐδὲ

435 5069 685 5140 λαμπρὸς
714 5109 728 5130 ,
762 5069 880 5121 οὐδὲ
911 5067 1031 5123 λίαν
1072 5072 1269 5141 σαφής.
1303 5071 1522 5140 Φεὺγων
1573 5074 1631 5127 δὲ
1674 5076 1766 5130 τὸν
1793 5078 2018 5131 δυνατὸν

437 5160 585 5229 αὑτῴ
612 5161 812 5229 τρόπον
843 5162 942 5224 τὰς
971 5160 1323 5232 ἀλληγορίας,
1353 5164 1446 5216 καὶ
1485 5166 1626 5219 κατὰ
1650 5168 1749 5237 τὴν
1777 5171 2019 5241 ἱστορίαν

436 5252 533 5322 τὴν
556 5253 852 5323 ἑρμηνείαν
879 5251 1200 5322 ποιούμενος
1222 5270 1233 5282 ’
1261 5256 1574 5325 ταυτολογΞῖ
1596 5257 1650 5309 δὲ
1674 5259 1739 5310 τὰ
1770 5259 2019 5324 πλεῖστα,

438 5340 532 5393 καὶ
564 5340 757 5411 ἄχαρίς
794 5359 909 5405 πως
938 5344 1032 5396 καὶ
1070 5343 1237 5416 ἀηδὴς
1271 5341 1406 5401 εἶναι
1442 5348 1587 5401 δοκεῖ
1609 5367 1621 5380 ο
1674 5350 1809 5403 ἀλλὰ
1839 5353 2015 5406 καὶτὸ

438 5432 734 5502 Νεστορίου
773 5432 947 5504 δόγμα
974 5476 987 5497 ,
1023 5437 1069 5488 εἰ
1109 5438 1201 5491 καὶ
1247 5439 1353 5509 πρὸ
1392 5440 1688 5512 Νεστορίου
1744 5443 2009 5514 ὑπῆρχεν,

439 5523 897 5595 υπερευγόμενος.
930 5521 1097 5593 Οὗτος
1122 5531 1177 5584 δέ
1205 5531 1353 5585 ἐστιν
1379 5535 1407 5585 6
1440 5534 1839 5601 Μοῲουεστίας.
1878 5536 2005 5592 Lec-

443 5622 526 5667 tus
572 5616 835 5675 Theodori
867 5621 1180 5678 Antiocheni
1213 5625 1346 5678 liber
1390 5633 1468 5679 est
1509 5641 1629 5678 cum
1670 5626 1769 5680 hac
1821 5630 2013 5684 inscri-

512 5765 588 5850 (ᾳ)
617 5768 730 5824 Non
758 5770 809 5850 in
838 5775 1171 5850 creationem
1204 5778 1603 5843 tantummodo,
1638 5779 1791 5835 idest
1820 5781 1872 5835 in
1904 5781 1979 5837 Ge
1999 5813 2011 5825 -

442 5844 913 5916 nesim.__sctjpsit
952 5846 1299 5910 Theodorus,
1354 5864 1543 5903 verum
1578 5851 1742 5903 etiam
1789 5852 1841 5906 in
1873 5854 2011 5909 alios

446 5910 611 5983 libros
652 5910 711 5969 ν.
762 5910 823 5969 T.
868 5915 999 5972 Mihi
1034 5919 1397 5974 occurrebant
1435 5919 1487 5973 in
1529 5918 1805 5980 Vaticanis
1852 5925 2005 5981 codi-

2114 4632 2350 4701 digeant,
2388 4628 2577 4681 scribit
2611 4627 2751 4679 idem
2782 4627 2899 4693 ipse
2948 4625 3017 4676 ad
3050 4624 3338 4678 Cerdonem
3373 4625 3468 4677 lib.
3508 4623 3582 4677 De
3618 4622 3702 4675 al-

2114 4722 2313 4792 legoria
2341 4729 2388 4774 et
2419 4719 2643 4773 historia
2687 4716 2937 4769 adversus
2989 4714 3262 4785 Origene»:
3300 4717 3441 4785 apud
3487 4714 3701 4768 Facun-

2115 4816 2242 4869 dum
2280 4814 2374 4867 lib.
2415 4827 2497 4878 Ill,
2534 4825 2656 4881 cap.
2691 4809 2744 4865 6.
2772 4818 2825 4863 et
2863 4809 2955 4861 lib.
2992 4826 3043 4862 κ.
3074 4825 3196 4879 cap.
3237 4810 3257 4861 ι
3290 4829 3301 4863 :
3344 4808 3454 4879 Ego
3486 4808 3695 4879 quidem

2116 4907 2253 4975 quod
2296 4913 2480 4957 nostra
2520 4902 2596 4955 sic
2643 4902 2828 4954 laudes
2856 4941 2869 4962 ,
2920 4918 3021 4954 non
3055 4902 3149 4953 alii
3184 4902 3419 4970 cuipiam
3470 4901 3694 4969 imputo,

2116 5011 2272 5067 quam
2304 4993 2589 5053 amicitiw,
2614 5007 2772 5060 quam
2805 4990 2949 5042 circa
3000 5006 3093 5041 nos
3125 4988 3317 5049 habes,
3350 5004 3508 5056 quam
3536 4987 3696 5049 etiam

2118 5091 2172 5141 in
2220 5085 2403 5139 multis
2461 5093 2509 5137 et
2555 5083 2760 5151 magnis
2813 5082 2965 5135 rebus
3021 5096 3222 5149 semper
3268 5079 3592 5134 ostendisti:
3650 5086 3700 5131 et

2121 5178 2353 5231 maxime
2385 5174 2635 5244 quoniam
2682 5190 2743 5225 ea
2790 5188 2906 5242 qua!
2953 5174 3151 5239 scripta
3199 5179 3321 5223 sunt
3356 5169 3409 5222 in
3455 5169 3698 5238 psalmos

2125 5268 2365 5329 miraris,
2397 5282 2512 5334 qua:
2540 5266 2699 5318 etiam
2729 5264 2898 5332 primo
2948 5271 3255 5315 ca'terorum
3298 5261 3531 5313 omnium
3563 5261 3693 5314 scri-

2120 5354 2341 5426 psimus.
2387 5353 2509 5408 Non
2565 5365 2737 5407 autent
2769 5362 3023 5422 quautam
3068 5360 3373 5417 oportuerat
3416 5349 3693 5423 habuimus

2122 5451 2263 5503 circa
2295 5450 2452 5501 istam
2484 5463 2587 5499 rem
2610 5445 2975 5513 diligentiam;
3005 5443 3150 5511 passi
3178 5443 3315 5495 enim
3338 5459 3520 5496 sumus
3548 5459 3694 5513 quiv-

2120 5557 2320 5609 cunque
2350 5540 2677 5608 incipientes,
2713 5545 2767 5587 ut
2799 5535 2962 5589 evenit
2995 5574 3009 5597 ,
3044 5534 3099 5586 in
3126 5534 3392 5603 imperitia
3432 5534 3697 5587 scribendi

2121 5631 2396 5684 constituti
2433 5644 2449 5682 :
2486 5625 2744 5698 siquidem
2800 5635 2847 5679 et
2890 5623 3087 5677 multas
3133 5626 3560 5688 immutationes,
3602 5625 3695 5678 illo

2118 5783 2272 5837 cibus
2312 5782 2544 5851 sparsim
2595 5778 2840 5851 ejusdem
2881 5777 3123 5851 auctoris
3166 5775 3561 5851 fragmeplaid
3608 5784 3690 5851 est

2119 5856 2173 5906 in
2209 5845 2483 5914 Euodum,
2520 5852 2574 5904 in
2607 5845 2871 5903 Numeros
2893 5887 2906 5911 ,
2940 5848 2994 5899 in
3031 5845 3229 5914 Josue,
3260 5845 3326 5902 in
3362 5845 3607 5912 Iudices,
3635 5847 3691 5901 its

2122 5923 2288 5993 [sane
2322 5922 2663 5992 Ezechia’quc
2684 5935 2881 5992 preces,
2916 5918 2970 5973 in
2993 5917 3142 5972 odas.
3515 5929 3521 5935 '
