4104 6472
359 303 441 361 8‘5

1582 313 1908 372 DlATRlBA
1950 316 1983 371 Ι]

2085 316 2489 376 THEODORIS.
3587 321 3658 377 36

360 431 606 493 tempore
641 439 762 495 qua:
797 434 985 481 nostra
1016 437 1139 483 sunt
1184 439 1561 502 susceperunt,
1593 451 1727 506 quas
1759 453 1863 491 non
1892 445 1971 491 est
2005 438 2047 498 Δ
2148 436 2223 492 Ex
2255 436 2504 507 ejusdem
2531 435 2696 491 etiam
2722 445 3122 493 commentario
3155 438 3208 492 in
3232 434 3509 491 duodecim
3530 450 3659 505 pro-

354 518 655 584 prasentis
699 520 955 589 temporis
994 537 1248 577 enarrare
1289 538 1308 577 :
1339 540 1404 579 ea:
1444 542 1550 596 qua
1583 544 1749 583 causa
1794 532 1969 602 magis

356 608 701 679 negligenter
716 628 749 665 a
762 611 915 667 nobis
940 615 1233 681 composita
1249 626 1372 671 sunt
1390 618 1648 687 plurima,
1666 629 1715 674 et
1730 623 1966 677 maxime

359 698 470 752 illa
493 716 618 770 qua!
643 703 819 771 prima
861 713 1009 761 sunt.
1041 704 1229 776 Neque
1269 719 1433 781 negat
1466 710 1520 764 id
1548 711 1845 770 Facundos
1872 716 1968 772 lib.

358 807 435 853 ι,
472 807 599 863 cap.
634 794 711 850 5:
752 795 1059 852 Theodorus
1123 800 1266 856 ultro
1320 805 1655 873 semetipsum
1692 809 1971 877 reprelien-

358 879 503 936 dens
538 884 594 936 in
623 888 1341 953 expositione‘Psalmorum
1371 895 1645 964 confessus
1675 911 1753 952 est
1780 939 1794 964 ,
1834 897 1973 969 quod

359 974 699 1043 negligenter
726 994 758 1030 a
776 994 831 1032 se
854 982 1145 1048 composita
1175 982 1370 1050 fuerint
1388 984 1642 1055 plurima,
1665 996 1714 1042 et
1737 989 1974 1044 maxime

360 1066 472 1119 illa
499 1084 623 1136 quia
652 1071 830 1138 prima
868 1083 992 1126 sunt
1017 1114 1032 1139 ,
1063 1084 1112 1129 et
1148 1078 1412 1145 perhibuit
1447 1064 1631 1152 aliqua
1666 1083 1720 1136 in
1747 1100 1873 1139 suos
1909 1085 1977 1138 li-

363 1159 498 1213 bros
530 1159 599 1212 ab
621 1161 1029 1224 Apollinaristis
1062 1169 1324 1225 immissa.
1354 1169 1487 1227 Rem
1528 1188 1658 1229 vero
1692 1176 1874 1242 nobis,
1914 1184 1977 1232 ut

360 1267 500 1308 sese
545 1254 762 1319 habuit,
813 1257 1054 1328 ingenue
1091 1270 1279 1316 narrat
1329 1262 1640 1336 Hesychius
1689 1270 1977 1338 presbyter

363 1342 920 1418 Hierosolymitanus
957 1352 1013 1405 in
1047 1351 1290 1408 Historia
1323 1356 1688 1412 ecclesiastica
1719 1376 1737 1415 :
1783 1359 1849 1413 Et
1876 1362 1977 1415 ite-

363 1454 495 1489 rum
522 1436 653 1492 bene
686 1443 1012 1505 conversari,
1046 1444 1239 1499 iterum
1272 1449 1327 1500 in
1359 1448 1619 1503 clericatu
1658 1468 1771 1506 esse
1801 1454 1975 1522 carpit,

362 1537 419 1582 et
453 1529 753 1586 Antiochia
776 1520 967 1589 relicta
993 1536 1048 1590 in
1076 1536 1304 1592 Tarsum
1334 1543 1753 1613 transmigrauit,
1788 1561 1852 1599 ea:
1874 1520 1979 1616 gua

365 1622 425 1676 in
462 1622 861 1692 Mopsuestia»:
897 1630 1141 1694 transiit,
1172 1632 1455 1690 ordinatus
1497 1636 1550 1690 in
1579 1653 1642 1691 ea
1668 1640 1940 1708 episcopus
1962 1680 1978 1705 ,

364 1716 617 1769 nondum
645 1716 755 1772 Deo
778 1719 982 1775 volente
1006 1724 1345 1793 manifestam
1366 1728 1654 1797 impietatis
1672 1730 1819 1785 illius
1841 1748 1980 1800 pra:-

2073 527 2256 596 phetas
2286 526 2536 597 quaedam
2569 526 2869 581 recitantur
2898 527 2952 580 in
2975 526 3165 582 eadem
3201 527 3434 594 synodo,
3469 525 3657 580 collat.

2074 618 2126 672 4.
2165 618 2226 672 Et
2255 600 2473 673 exstant
2500 618 2567 672 ad
2590 618 2738 673 hunc
2762 617 2903 672 diem
2933 618 2984 673 in
3012 617 3411 704 OseamP.,.Elg
3439 615 3661 687 ἔλεγχον

2074 708 2184 763 τῶν
2214 710 2591 774 ἀϐασανίστως
2621 708 2935 764 ἐπιϐάλλειν
2963 713 3085 774 ταῖς
3118 711 3492 781 προφητιχαῖς
3535 710 3659 761 ἐπι·-

2075 802 2400 873 χειρούντων
2452 804 2683 872 φωναῖς·
2734 803 2785 855 in
2820 801 3017 856 Ioelent
3053 804 3140 865 P.,
3192 801 3483 871 Πρόκειται
3530 803 3662 871 ἡμῖν

2076 892 2169 947 τοῦ
2213 893 2484 966 μακαρίου
2542 893 2697 965 ’ἰωὴλ
2733 893 2827 948 τοῦ
2881 894 3165 966 προφήτου
3219 896 3319 964 τῆς
3366 891 3665 964 σαφηνείας

2077 986 2427 1059 ἀπάρξασθαι
2480 986 2577 1040 νῦν
2606 1001 2620 1015 ·
2672 988 2728 1040 in
2773 988 2937 1041 Amos
2980 987 3068 1053 P.,
3107 985 3394 1057 Πρόδηλον
3445 981 3538 1038 οὖν
3583 984 3664 1037 ὅτι

2077 1081 2173 1133 καὶ
2203 1081 2231 1132 ὁ
2276 1079 2544 1151 μακάριος
2598 1077 2780 1149 ’Λμὼς
2810 1080 2837 1131 ὁ
2887 1079 3208 1149 προφήτης,
3240 1075 3299 1130 ὃν
3344 1075 3665 1146 ἑρμηνεύειν

2078 1170 2213 1225 Θεοῦ
2241 1171 2422 1243 χάριτι
2447 1189 2460 1202 ·
2492 1172 2547 1225 in
2567 1169 2796 1224 Abdiam
2820 1171 2910 1234 P.,
2952 1167 3232 1240 Ἀπεχοῶς
3260 1167 3464 1228 ἄνωθεν
3504 1169 3658 1222 Ἰδου-

2083 1266 2233 1335 μαῖοι
2270 1264 2407 1334 πρὸς
2453 1263 2581 1327 τοὺς
2650 1262 2992 1334 Ἰσραηλίτας
3027 1261 3185 1332 ἔσχον
3217 1276 3229 1291 ’
3266 1262 3319 1314 in
3355 1259 3542 1315 Ionam
3575 1261 3666 1323 P.,

2080 1347 2177 1417 Εἷς
2226 1354 2321 1407 καὶ
2350 1353 2510 1416 αὐτὸς
2541 1350 2642 1422 τῆς
2675 1369 2735 1405 τε
2773 1351 3023 1415 Παλαιᾶς
3068 1352 3165 1404 καὶ
3221 1349 3367 1413 Νέας
3402 1350 3665 1420 ὑπάρχων

2079 1443 2238 1507 Θεός·
2283 1445 2337 1497 in
2381 1441 2663 1497 Hic/iamut
2708 1443 2794 1509 P.,
2844 1441 3215 1513 Παραπλήσια
3265 1439 3376 1504 τοῖς
3427 1436 3555 1510 περί
3604 1456 3663 1492 τε

2094 1535 2275 1606 Ὠσηὲ.
2319 1536 2414 1590 καὶ
2447 1532 2651 1606 Ἀμὼς,
2680 1534 2773 1587 καὶ
2800 1534 2926 1597 τοὺς
2952 1532 3176 1598 λοιποὺς
3208 1533 3421 1587 ὀπόσοι·
3459 1532 3515 1585 in
3551 1529 3599 1583 Ν
3609 1548 3668 1584 a-

2081 1627 2204 1681 hum
2232 1628 2321 1692 P.,
2352 1617 2538 1680 Ntvsu‘l
2566 1625 2720 1690 πόλις
2744 1621 2812 1697 ἦν
2844 1626 3079 1697 μεγάλη,
3106 1625 3298 1696 πλήθει
3325 1643 3384 1678 τε
3415 1623 3663 1694 κομῶσα,

2087 1719 2268 1783 καθὼς
2319 1721 2352 1791 ἡ
2395 1719 2515 1772 θεία
2572 1718 2816 1773 διδάσκει
2873 1717 3104 1788 Γραφή·
3151 1718 3207 1770 in
3261 1715 3509 1771 Abbacuc
3562 1715 3665 1776 P.,

365 1804 708 1861 dicationem
727 1808 866 1876 ﬁeri.
898 1809 1085 1865 Prima
1112 1823 1287 1868 autem
1315 1814 1573 1870 elementa
1595 1835 1704 1873 sua:
1720 1820 1980 1878 doctrina:

2089 1809 2227 1882 Ἤδη
2256 1808 2352 1862 τοῦ
2398 1809 2685 1879 Ἀσσυρίου
2725 1808 2825 1879 μὲν
2853 1809 2960 1860 τῶν
2993 1808 3126 1862 δέκα
3169 1806 3351 1876 φυλῶν
3393 1800 3671 1890 αἰχμαί)κὼ-

365 1909 438 1947 ea:
465 1893 709 1951 Iudaico
742 1900 1050 1970 vaniloquio
1075 1903 1354 1971 incipiens,
1387 1905 1620 1960 codicem
1651 1908 1705 1963 in
1740 1912 1977 1982 prophe-

368 1987 513 2040 tiam
542 1987 889 2045 Psalmorum
914 1995 1252 2063 conscripsit,
1290 2012 1471 2051 omnes
1495 1998 1559 2052 de
1599 1999 1823 2056 Domino
1839 2019 1980 2070 pra:-

368 2078 648 2134 dictiones
676 2081 1046 2153 abnegantem.
1079 2084 1343 2155 Culpam:
1381 2106 1500 2145 vero
1530 2101 1579 2145 et
1616 2094 1976 2162 periclitatus,

369 2173 664 2226 contraria
688 2173 793 2228 sibi
817 2175 954 2229 dixit
988 2194 1091 2231 non
1124 2193 1190 2232 ea:
1214 2178 1517 2248 voluntate,
1541 2184 1633 2238 sed
1665 2187 1974 2255 compulsus

371 2265 626 2317 omnium
663 2267 1044 2338 querimoniis,
1077 2280 1126 2339 ct
1150 2271 1380 2328 codicem
1411 2276 1585 2344 ipsum
1620 2277 1791 2333 delere
1820 2280 1981 2349 polli-

370 2356 543 2421 citus,
577 2357 808 2413 latenter
837 2363 1182 2418 conservabat
1206 2364 1454 2421 Judaicaz
1486 2370 1779 2438 impietatis
1825 2375 1981 2427 viati-

372 2465 501 2501 cum
532 2465 551 2501 :
577 2449 690 2518 igni
708 2452 848 2505 enim
887 2470 988 2507 sua
1012 2461 1397 2513 commentaria
1425 2461 1691 2517 simulans
1734 2465 1980 2531 tradere,

374 2540 656 2595 malitiose
681 2543 1007 2601 abscondere
1050 2548 1352 2604 itlecebram
1399 2552 1700 2607 conabatur
1729 2572 1747 2609 :
1780 2565 1980 2626 tempus

371 2633 599 2701 quidem
629 2635 945 2704 plurimum,
978 2639 1033 2694 in
1056 2644 1249 2712 exiguo
1279 2648 1395 2699 loco
1422 2662 1587 2712 prava
1624 2633 1866 2718 loquens,
1893 2652 1983 2722 qui

373 2732 520 2776 esset
560 2727 751 2781 merito
797 2728 1015 2785 latebat.
1050 2731 1239 2789 Exstat
1280 2752 1429 2793 nunc
1457 2755 1677 2810 quoque
1707 2740 1983 2798 Theodori
2027 2793 2037 2805 ,

373 2814 717 2873 Antioclieni
740 2818 1003 2894 ἐξήγησις
1032 2827 1351 2883 continuata
1387 2832 1467 2894 εἰς
1501 2832 1593 2887 τὸν
1622 2832 1898 2904 ψαλτῆρα,
1928 2837 1983 2889 in

373 2906 701 2971 psalterium
720 2914 999 2979 expositio,
1028 2916 1081 2969 in
1109 2917 1438 2975 bibliotheca
1461 2919 1725 2977 Vaticana
1751 2965 1766 2989 ,
1801 2926 1854 2979 in
1881 2925 1983 2980 Es-

376 2998 585 3052 curiali
623 2999 792 3071 Regia
815 3042 830 3067 ,
864 3014 917 3059 et
950 3006 1106 3060 alibi.
1159 3007 1337 3075 Quam
1378 3012 1496 3079 ipse
1532 3013 1661 3077 vidi,
1704 3016 1896 3086 incipit
1927 3018 1982 3073 in

380 3090 607 3158 psalmo
637 3095 902 3164 secundo,
929 3097 989 3151 ὲν
1009 3101 1299 3176 τῇκμνήμῃ
1328 3103 1437 3157 τῶν
1461 3105 1682 3161 ἀσεϐῶν
1713 3109 1806 3163 τὸν
1832 3110 1985 3182 πρῶ-

377 3197 476 3233 τον
508 3185 870 3255 συμπεράνας
893 3187 1113 3259 ψαλμὸν
1150 3193 1253 3262 (a).
1604 3257 1612 3265 ,

452 3272 689 3332 Necnon
760 3295 826 3333 ex
883 3281 1131 3350 ejusdem
1202 3289 1601 3344 commentario
1647 3292 1703 3345 in
1760 3290 1991 3349 Cantica

378 3368 729 3423 canticorum
780 3374 1092 3428 recitantur
1123 3379 1387 3431 nonnulla
1421 3380 1474 3434 in
1507 3379 1553 3434 V
1583 3383 1795 3454 synodo
1821 3401 1990 3455 gene-

378 3459 508 3522 rali,
540 3462 730 3516 collat.
766 3463 820 3517 4.
853 3464 998 3533 Quid
1028 3483 1160 3523 vero
1207 3470 1325 3540 ipse
1355 3471 1423 3526 de
1452 3487 1520 3527 eo
1552 3473 1695 3529 libro
1730 3478 1985 3546 senserit,

378 3572 449 3610 ex
478 3557 678 3613 eodem
696 3561 991 3620 audiamus
1021 3582 1035 3620 :
1062 3563 1196 3620 Cum
1230 3584 1312 3622 me
1332 3554 1588 3639 piguisset
1607 3571 1832 3628 Cantica
1855 3591 1988 3628 can-

383 3649 622 3701 ticorum
659 3652 927 3722 perlegere
952 3694 967 3720 ,
1018 3659 1272 3727 quoniam
1314 3676 1478 3730 neque
1525 3667 1812 3718 secundum
1861 3682 1988 3734 pro-

379 3737 654 3803 pheticum
706 3744 933 3809 speciem
982 3748 1227 3815 exposita
1275 3759 1420 3816 sunt,
1481 3768 1647 3823 neque
1699 3755 1990 3810 secundum

383 3830 749 3887 historiarum
775 3836 1156 3903 traditionem,
1186 3841 1324 3896 sicut
1355 3845 1623 3915 scriptura
1667 3846 1989 3917 Regnorum,

382 3942 555 3996 neque
618 3926 1046 3986 demonstrativa
1104 3935 1470 3991 admonitione
1527 3939 1695 3994 studii
1742 3951 1988 4011 utuntur,

383 4015 568 4069 nescio
609 4018 877 4088 quomodo
930 4030 1145 4077 tuarum
1178 4024 1480 4081 litterarum
1520 4040 1862 4101 prmceptum,
1927 4033 1993 4088 de

382 4103 620 4162 Cantica
666 4112 999 4167 canticorum
1037 4117 1255 4187 erigens
1292 4135 1326 4172 a
1374 4120 1524 4174 nobis
1571 4122 1993 4180 irrecusabiliter

382 4216 650 4264 causam,
681 4201 806 4269 fecit
832 4220 911 4257 me
944 4205 1089 4259 circa
1125 4223 1240 4261 eam
1263 4208 1653 4280 diligentiorem
1677 4254 1692 4279 ,
1732 4214 1989 4270 violenter

381 4292 627 4362 quidem.
662 4291 733 4347 Et
763 4296 861 4361 sic,
898 4312 993 4351 nec
1022 4298 1161 4351 enim
1192 4303 1396 4354 cessavi
1420 4341 1435 4366 ,
1470 4312 1518 4356 et
1543 4303 1699 4358 initio
1733 4305 1849 4375 ipso
1882 4307 1988 4360 lec-

382 4386 577 4446 tionis,
609 4388 767 4455 quasi
796 4389 1042 4444 studiosa
1073 4391 1360 4447 alacritate
1393 4396 1634 4451 oscitans
1665 4397 1985 4468 frequenter,

2083 1919 2212 1965 τους
2245 1904 2324 1966 είς
2360 1902 2460 1974 τὴν
2485 1902 2692 1955 οἰκείαν
2719 1901 3100 1969 ἀπαγαγόντος
3130 1900 3314 1972 χώραν
3338 1915 3350 1929 ’
3383 1901 3433 1954 in
3469 1897 3670 1968 Sopho-

2084 1995 2233 2048 niam
2288 1996 2377 2057 P.,
2429 1994 2504 2047 Οὐ
2561 1993 2750 2064 πόρρω
2783 1992 2877 2045 τοῦ
2923 1993 3192 2065 μακαρίου
3237 1991 3559 2063 Ἀμὸακοὺμ
3592 1991 3670 2061 τῷ

2084 2085 2262 2158 χρόνῳ
2282 2084 2381 2156 τὴν
2406 2083 2740 2155 προφητείαν
2763 2081 2988 2152 ταύτηψ
3020 2083 3073 2135 in
3104 2090 3351 2152 Aggazum
3375 2079 3461 2145 P.,
3508 2079 3668 2147 Ὠσηὲ

2089 2181 2207 2249 μὲν,
2235 2179 2331 2232 καὶ
2373 2175 2546 2248 ’1ωὴλ,
2579 2175 2673 2229 καὶ
2707 2172 2908 2245 Ἀμὼς,
2948 2176 3041 2227 καὶ
3065 2173 3307 2245 Μιχαίας
3333 2174 3382 2227 oi
3411 2171 3671 2243 μακάριοι

2084 2266 2361 2340 προφῆται
2392 2264 2571 2320 κοινὸν
2594 2263 2735 2334 ’πρὸς
2764 2262 2984 2317 ἅπαντα
3020 2263 3120 2332 (b).

2154 2358 2212 2413 In
2247 2357 2584 2429 exponendis
2619 2371 2837 2426 quoque
2874 2354 3010 2409 Novi
3058 2353 3392 2410 Testamenti
3438 2351 3677 2407 volumi-

2087 2452 2249 2506 nibus
2309 2449 2556 2505 sedulam
2617 2465 2841 2519 operam
2898 2447 3213 2502 collocavit.
3246 2444 3384 2499 ilinc
3433 2460 3500 2499 ex
3552 2443 3675 2511 ejus

2086 2542 2485 2597 commentario
2522 2542 2576 2595 in
2616 2540 2933 2595 Matt/neum
2976 2539 3069 2594 lib.
3120 2556 3132 2593 ι
3174 2547 3228 2593 et
3283 2554 3370 2602 iv,
3424 2535 3674 2606 quzedam

2088 2635 2393 2689 recitantur
2427 2633 2482 2686 in
2518 2631 2708 2687 eadem
2736 2631 2947 2702 synodo
2969 2671 2982 2695 ,
3012 2629 3198 2686 collat.
3228 2630 3281 2693 4,
3316 2637 3369 2683 et
3397 2627 3540 2698 apud
3567 2624 3676 2681 Fa-

2084 2726 2348 2791 cundum,
2375 2725 2468 2780 lib.
2496 2739 2580 2790 ιιι,
2610 2740 2733 2795 cap.
2763 2723 2820 2780 2.

2158 2843 2232 2897 Ex
2267 2841 2664 2897 commentario
2708 2843 2838 2895 item
2889 2841 2941 2894 in
2976 2839 3176 2894 Lucam
3219 2836 3464 2907 quaedam
3502 2834 3678 2907 ipsius

2087 2933 2391 2989 atteruntur
2420 2935 2473 2988 in
2506 2934 2697 2988 eodem
2730 2933 2968 2988 concilio
2990 2972 3003 2995 ,
3035 2940 3091 2988 et
3121 2929 3492 3001 cozrptura‘in
3525 2934 3675 2983 cate-

2089 3023 2175 3078 nis
2209 3022 2417 3081 Graecis
2449 3025 2503 3077 in
2524 3023 2686 3078 Luccc
2719 3023 3089 3093 Evangelium.

2163 3114 2636 3181 Quemadmodum
2679 3124 2732 3170 et
2771 3131 2836 3172 ex
2885 3114 3281 3170 commentario
3316 3115 3370 3173 in
3414 3111 3686 3169 Joannem.

2092 3207 2188 3262 lib.
2227 3224 2241 3261 t
2299 3212 2355 3262 et
2402 3206 2515 3260 lib-
2544 3223 2619 3271 vr,
2674 3208 2956 3277 pleraque,
3010 3213 3065 3261 et
3115 3219 3144 3258 a
3190 3201 3452 3258 Facundo
3477 3202 3570 3256 lib.
3600 3217 3676 3271 ix,

2090 3314 2211 3368 cap.
2240 3299 2294 3363 '5,
2329 3299 2605 3368 quaedam.

2161 3390 2542 3461 Expositionis
2573 3389 2821 3458 ejusdem
2852 3391 2905 3443 in
2932 3390 3064 3443 Acta
3097 3388 3460 3458 apostolorum
3486 3386 3679 3443 memi-

2091 3483 2172 3536 nit
2207 3482 2560 3540 Justinianus
2592 3484 2893 3555 imperator
2924 3484 2978 3537 in
3016 3482 3205 3538 Edicto
3250 3482 3317 3537 de
3349 3480 3455 3535 ﬁde
3485 3481 3678 3535 ortho-

2091 3575 2254 3640 doxa,
2285 3576 2445 3645 cujus
2475 3577 2806 3647 principium
2840 3584 2945 3637 est,
2981 3574 3224 3640 Εἰδότες
3246 3574 3324 3640 ὡς
3351 3571 3554 3627 οὐδέν.
3607 3570 3682 3623 Τὸ

2091 3666 2145 3720 δὲ
2186 3671 2366 3739 χεῖρον
2400 3671 2483 3722 ὅτι
2524 3669 2582 3720 ὲν
2642 3670 2707 3739 τῇ
2762 3667 2873 3720 τῶν
2915 3666 3175 3736 Πράξεων
3215 3663 3323 3723 τῶν
3366 3662 3680 3721 ἀποστόλων

2091 3761 2360 3832 γενομένῃ
2399 3761 2530 3831 παρ’
2571 3757 2738 3813 αὐτοῦ
2788 3757 2948 3828 δῆθεν
2996 3755 3261 3827 ἑρμηνεία
3305 3752 3610 3823 συγκρίνων
3653 3753 3683 3803 ὁ

2091 3853 2252 3917 αὐτὸς
2286 3852 2559 3924 Θεόδωρος
2602 3851 2694 3905 τὸν
2740 3850 2993 3923 Χριστόν.
3047 3847 3203 3915 Quod
3235 3858 3411 3900 autent
3449 3845 3678 3899 deterius

2090 3949 2189 4003 est,
2216 3939 2375 3992 etiam
2405 3939 2459 3992 in
2486 3940 2834 4006 expositione,
2865 3955 3022 4008 quam
3059 3938 3117 3999 in,
3146 3936 3282 3990 Acta
3309 3935 3677 4005 apostolorum

2092 4031 2408 4098 composuit,
2449 4029 2586 4084 idem
2612 4028 2917 4084 Theodorus
2944 4039 3219 4098 comparat
3251 4026 3542 4090 Christum,
3569 4033 3676 4081 etc.

2092 4120 2171 4175 Ex
2201 4122 2368 4191 hujus
2392 4123 2756 4201 expositionis
2787 4122 2932 4178 libro
2970 4139 3018 4187 ι,
3048 4120 3363 4177 referuntur
3403 4118 3583 4190 aliqua
3623 4118 3677 4172 in

2051 4262 2055 4267 .
2091 4211 2279 4265 eadem
2317 4214 2548 4285 synodo,
2576 4214 2760 4274 collat.
2791 4213 2962 4267 dicta.

2162 4304 2315 4359 Illius
2349 4305 2514 4360 etiam
2544 4305 2950 4376 expositionem
2974 4304 3027 4357 in
3052 4301 3353 4372 Epistolam
3382 4300 3450 4353 ad
3484 4297 3680 4354 Roma-

2094 4410 2190 4447 nos
2213 4395 2465 4449 meminit
2496 4392 2817 4457 Facundus,
2853 4393 2952 4447 lib.
2975 4408 3056 4458 ιιι,
3081 4407 3201 4463 cap.
3223 4390 3272 4444 6.
3299 4390 3364 4444 Et
3391 4406 3453 4445 ex
3485 4389 3676 4443 iisdem

378 4485 434 4529 et
464 4476 766 4545 dormiens,
804 4479 943 4532 sicut
992 4482 1225 4536 convivio
1257 4484 1458 4538 codicis
1497 4486 1780 4553 nuptialis,
1807 4496 1855 4541 et
1888 4487 1985 4543 hoc
2017 4505 2060 4560 ι)
2089 4485 2337 4555 quaedam
2363 4484 2607 4539 adducit.
2633 4486 2712 4539 Ex
2735 4482 2925 4539 eadem
2957 4480 3408 4550 interpretatione
3430 4479 3696 4549 quaedam.

381 4568 583 4638 regali,
636 4579 981 4636 percantatus
1003 4609 1017 4634 ,
1056 4579 1162 4627 etc.
1198 4570 1431 4644 Reliqua
1465 4574 1636 4631 videri
1669 4584 1902 4645 possunt
1931 4578 1984 4631 in

381 4659 585 4714 eodem
620 4660 878 4727 concilio,
909 4662 1094 4718 collat.
1130 4663 1183 4720 4.

460 4839 541 4908 (a)
575 4836 728 4893 Vidit
768 4839 1006 4894 Allatius
1055 4838 1300 4895 codicem
1340 4840 1666 4897 Vaticanum
1714 4844 1840 4906 617,
1891 4844 1997 4899 ιιὺί

384 4926 614 4979 reapse,
643 4909 803 4964 initio
831 4911 999 4963 ducto
1026 4924 1055 4962 a
1092 4911 1304 4978 psalmo
1336 4914 1598 4979 secundo,
1640 4927 1986 4969 commenta-

385 4982 507 5034 rius
549 4981 757 5033 dicitur
789 4979 1066 5035 Theodori
1094 4980 1444 5036 Antioclieni.
1480 4979 1584 5039 Sed
1614 4991 1797 5039 tamen
1833 5001 1989 5039 erro-

386 5067 505 5104 rem
527 5065 640 5103 non
668 5052 894 5120 agnovit
918 5050 1185 5115 Allatius;
1208 5061 1293 5105 est
1317 5054 1463 5106 enim
1487 5054 1531 5107 is
1555 5056 1987 5110 commentarius

380 5120 756 5185 Theodoreti,
787 5138 901 5195 non
935 5120 1236 5195 Theodori,
1270 5129 1466 5195 uirgo
1503 5124 1691 5194 legens
1717 5127 1984 5195 comperi,

380 5207 753 5261 erroremque
784 5193 837 5246 in
871 5195 993 5261 ipso
1026 5190 1299 5261 Vaticano
1347 5190 1533 5249 indice
1560 5190 1984 5249 'emendan'dum

382 5278 558 5316 manu
607 5260 726 5314 mea
769 5260 979 5317 curavi.
1011 5260 1129 5315 lino
1156 5277 1284 5317 vero
1332 5264 1542 5319 codicis
1577 5266 1832 5319 mendum
1859 5266 1986 5319 dili-

380 5344 587 5402 genter
616 5332 845 5404 me_jam
874 5333 1195 5404 eoarguisse
1213 5334 1449 5404 tuemini
1479 5335 1531 5387 in
1565 5336 1887 5404 praefatione
1916 5333 1984 5389 ad
2008 5386 2011 5387 ,

383 5401 634 5472 priorem
665 5401 967 5456 editionem
997 5401 1127 5456 tomi
1156 5402 1174 5454 1
1200 5401 1402 5473 Script.
1420 5413 1518 5458 vet.
1545 5401 1599 5473 p.
1620 5421 1759 5459 χχιι.
1786 5403 1986 5472 Utique

384 5473 772 5543 Mopsuesteni
814 5474 1066 5543 plurimae
1096 5481 1279 5541 partes
1316 5476 1568 5543 genuinae
1603 5476 1986 5530 commentarii

385 5489 475 5528 tuo
520 5489 772 5528 suesreni
814 5489 1066 5543 plurimae
1096 5489 1279 5541 partes
1316 5489 1568 5543 genuinae
1603 5489 1985 5530 commentarii

384 5547 439 5598 in
474 5489 732 5598 Bsalmos
755 5544 916 5598 edita!
945 5552 1136 5612 postea
1162 5543 1383 5597 fuerunt
1410 5545 1464 5598 in
1488 5544 1729 5598 Corderii
1759 5555 1985 5604 catena:

385 5615 487 5671 sed
531 5615 793 5684 plurima
818 5614 1021 5685 adnue
1057 5614 1227 5666 latent
1270 5615 1321 5667 in
1363 5615 1650 5669 codicibus
1675 5656 1688 5678 ,
1725 5622 1986 5685 tantoque

387 5682 627 5738 numero
649 5724 664 5745 ,
714 5691 777 5737 nt
815 5683 869 5738 id
920 5682 1294 5753 Mopsuesteni
1328 5700 1469 5753 opus
1497 5682 1977 5754 propemodum'iu

385 5755 671 5824 integrum
715 5754 936 5814 restitui
972 5769 1136 5825 posse
1180 5755 1464 5821 videatur;
1500 5757 1649 5825 quod
1683 5772 1768 5811 me
1807 5755 1982 5810 factu-

382 5838 539 5898 rum,
565 5825 679 5884 vita
704 5824 931 5891 comite,
966 5824 1274 5895 conjunctis
1303 5826 1467 5882 etiam
1496 5824 1744 5903 partibus
1775 5826 1983 5884 Corde-

2094 4577 2400 4631 recitantur
2423 4576 2477 4631 in
2506 4576 2697 4647 quinta
2736 4574 2946 4646 synodo
2976 4573 3163 4627 collat.
3192 4569 3341 4625 dicta
3373 4567 3465 4640 (c).

2165 4671 2401 4740 Scripsit
2451 4684 2670 4741 quoque
2718 4668 2920 4723 librum
2970 4682 3066 4723 seu
3118 4663 3577 4725 commentarium
3623 4664 3697 4716 in,

2086 4846 2281 4910 rianis,
2312 4844 2583 4915 spondere
2619 4843 2820 4899 ausim.

2162 4936 2238 5006 (b)
2269 4935 2463 4992 Nescio
2500 4951 2599 4990 cur
2639 4935 2874 4990 Allatius
2920 4935 3151 4990 reticeat
3200 4933 3269 4991 de
3308 4931 3594 5006 lacuaria
3626 4942 3679 4987 ct

2094 5001 2383 5084 bla‘lachia.
2419 5006 2625 5084 Utique
2663 5005 2963 5084 Zacbarias
2999 5006 3166 5084 deest
3214 5006 3269 5059 in
3323 5001 3675 5084 θοῶς-εγω.

2088 5080 2193 5131 (illi
2221 5118 2236 5142 ,
2292 5093 2453 5146 quem
2488 5073 2683 5132 solum
2732 5075 2936 5131 vidisse
2983 5076 3244 5130 Allatium
3281 5080 3433 5146 puto.
3472 5073 3693 5146 ibidem

2087 5156 2272 5201 tamen
2308 5142 2610 5202 Malacliias
2638 5146 2990 5223 non__deerat.
3013 5146 3124 5202 Nos
3153 5142 3678 5223 vero'tandem‘ade-

2088 5219 2165 5287 pti
2199 5219 2624 5272 Columnensem
2668 5216 2912 5287 codicem
2949 5225 3321 5287 pervetustum
3360 5228 3483 5267 cum
3517 5216 3676 5287 inte-

2084 5281 2325 5359 gerrime
2358 5287 2751 5364 commentario
2776 5281 3145 5364 Mepsuesteni
3180 5285 3345 5364 advxu
3376 5281 3674 5364 preplmtas

2087 5353 2270 5428 (quem
2301 5360 2549 5434 codicem
2600 5358 2780 5434 pretio
2829 5353 3071 5434 emptum
3119 5356 3173 5434 in
3219 5353 3512 5434 Vaticanus
3554 5354 3676 5434 plu:

2086 5423 2204 5484 lens
2233 5429 2559 5499 intulimus),
2600 5423 3094 5499 praeclarissimum
3143 5426 3247 5480 lioc
3291 5423 3674 5499 _h_l_opsuesteni

2085 5516 2225 5576 opus
2256 5492 2684 5576 vulgaviuius'in
2720 5496 2918 5565 Script.
2968 5505 3066 5549 vet.
3111 5504 3262 5576 tome
3291 5492 3469 5576 Vl;'et
3500 5509 3679 5565 nuper

2086 5566 2306 5625 demum
2349 5566 2644 5623 Latinitate
2673 5582 2895 5638 qunque
2928 5575 3103 5621 totum
3141 5566 3490 5621 donavimus.

2162 5661 2232 5732 (ε)
2275 5661 2494 5743 Partem
2539 5661 2905 5743 expositionis
2944 5659 3110 5743 hujus
3129 5660 3217 5743 "in
3259 5657 3375 5743 ,ζῑρέι
3408 5656 3477 5710 ad

2088 5723 2574 5858 ins‘gtéegrgra’ce
2597 5723 2703 5799 nos
2731 5723 3088 5786 edidimus'in
3123 5723 3317 5800 SpicilQ
3332 5727 3485 5782 Rom.
3517 5736 3557 5781 t.
3582 5723 3681 5791 Πι

2090 5818 2144 5873 p.
2287 5834 2300 5841 -
2353 5824 2369 5854 ι
2421 5841 2434 5855 .

2515 5958 2553 5966 .-
