4104 6520
395 326 464 383 87
1672 330 1767 386 EX
1803 329 2053 390 LEONIS
2094 332 2372 389 ALLATII
2650 342 2657 349 '
3582 330 3647 387 88

396 440 694 511 symbolum
746 439 1063 507 Nictenum,
1103 444 1409 501 sententias
1446 444 1673 502 Patrum
1722 448 1789 504 ad
1840 464 1972 506 suos

2087 450 2174 515 τὰς
2204 450 2387 515 δόξας,
2428 452 2517 504 ὅτε
2547 453 2664 513 ταῖς
2710 448 2878 505 αὑτδῦ
2921 406 3646 522 περιτυγχὰνσυσιοβίϐλοις·

399 548 622 589 errores
690 532 1133 603 comprobandos
1203 535 1555 607 detorquens.
1627 539 1977 597 Justinianus

399 623 696 694 imperator
720 626 772 679 in
804 625 1000 680 Edicto
1027 641 1194 695 supra
1219 627 1470 683 laudato:
1517 630 1659 683 Ἀλλ’
1686 631 1807 684 οὐδὲ
1848 632 1978 684 Θεό-

395 710 569 784 ἄωρος
592 714 620 766 ό
655 713 920 784 Ἕλληνάς
956 731 1015 767 τε
1042 716 1137 768 καὶ
1176 717 1461 780 Ἰουδαίους
1484 720 1577 772 καὶ
1600 720 1806 782 πάντας
1825 722 1978 791 αἱρε-

398 803 583 867 τικοὺς
625 805 691 875 τῇ
729 806 955 876 ἀσεϐείᾳ
988 805 1453 878 ὑπερϐαλλόμενος
1483 825 1495 837 ·
1527 802 1680 873 οὗτος
1708 811 1815 882 γὰρ
1845 813 1978 882 πρὸς

397 895 514 955 ταῖς
571 893 760 958 ἄλλαις
810 896 975 949 αὐτοῦ
1032 897 1419 970 βλασφημίαις,
1480 901 1580 955 οὐκ
1621 902 1861 972 ἠρκέσθη
1901 903 1977 973 τῷ

400 984 537 1054 πρὸς
560 985 656 1055 τήν
688 986 822 1040 ἰδίαν
859 989 1065 1059 πλάνην
1095 991 1546 1061 παρερμηνεῦσαι
1576 992 1843 1063 σύμϐολον
1865 994 1976 1045 τῶν

397 1078 724 1147 τριακοσίων
782 1079 912 1133 δέκα
971 1083 1064 1134 καὶ
1119 1081 1262 1135 ὀκτὼ
1309 1083 1476 1151 ἁγίων
1528 1085 1808 1154 Πατέρων,
1840 1085 1976 1139 ἀλλά

399 1166 494 1217 καὶ
516 1171 925 1240 περιφρονήσας
955 1170 1168 1235 τούτου,
1204 1171 1303 1225 καὶ
1343 1170 1414 1225 τὰ
1438 1170 1604 1241 ἑξῆς.
1659 1173 1841 1245 Neque
1870 1178 1977 1246 ipse

404 1253 712 1312 Theodorus
734 1300 747 1323 ,
785 1261 875 1329 qui
895 1276 1154 1331 paganos,
1179 1261 1431 1328 Judaaos,
1464 1282 1524 1318 ac
1563 1283 1742 1320 ontnes
1766 1266 1976 1320 htereti-

404 1363 492 1401 cos
517 1348 786 1418 impietate
812 1354 1116 1419 superarit;
1152 1354 1274 1408 huic
1313 1357 1451 1409 enim
1483 1368 1675 1425 praeter
1695 1358 1835 1412 alias
1859 1359 1975 1412 bla-

403 1437 665 1506 sphemias
690 1458 792 1495 non
818 1444 950 1498 satis
977 1445 1077 1513 fuit
1120 1454 1237 1513 apte
1265 1446 1335 1499 ad
1371 1463 1525 1501 suum
1557 1464 1789 1503 errorem
1816 1451 1974 1519 perﬁ-

403 1528 550 1583 diose
587 1532 925 1602 interpretari
968 1536 1263 1605 symbolum
1310 1547 1663 1594 trecentorum
1715 1540 1889 1595 decem
1925 1551 1975 1595 et

405 1629 523 1675 octo
557 1632 859 1677 sanctorum
886 1623 1132 1692 Patrum,
1171 1628 1260 1682 sed
1285 1639 1577 1699 contempto
1602 1632 1717 1696 illo,
1759 1641 1867 1687 etc.
1898 1632 1973 1686 Ex

408 1712 511 1768 hac
548 1717 781 1788 symboli
813 1718 1019 1774 Nicuni
1057 1721 1504 1791 interpretatione
1535 1724 1782 1794 quaedam
1835 1725 1975 1780 refe-

406 1817 603 1860 runtur
634 1807 689 1862 in
716 1808 761 1863 ν
793 1811 1025 1881 synodo.
1061 1814 1243 1867 collat.
1273 1829 1416 1884 saepe
1436 1815 1547 1883 jam
1580 1815 1857 1885 pnedicta.

476 1895 664 1967 quue
717 1901 936 1954 tandem
986 1909 1322 1973 contempto,
1376 1904 1597 1973 scripsit
1647 1906 1764 1977 ipse
1806 1915 1980 1963 marte

405 1989 630 2058 proprio
662 1992 965 2062 symbolum
1006 1994 1154 2048 omni
1210 1995 1485 2064 impietate
1514 1998 1768 2067 plenum,
1801 1999 1856 2053 in
1891 2015 1981 2070 sy-

405 2078 548 2133 nodo
594 2080 867 2151 Epltesina
910 2091 964 2135 et
1018 2083 1451 2140 Chalcedonensi
1497 2087 1694 2141 lectum
1738 2099 1801 2142 et
1845 2106 1980 2144 con-

403 2168 741 2226 demnatum.
788 2173 932 2228 Idem
975 2172 1325 2230 Justinianus
1359 2177 1595 2232 ibidem:
1636 2179 1794 2233 Ἀλλὰ
1825 2198 1982 2252 περι-

405 2263 680 2333 φρονήσας
732 2264 962 2331 τούτου,
1010 2267 1197 2339 ἕτερον
1248 2268 1517 2338 σύμϐολον
1556 2270 1768 2337 ἐξέθετο
1802 2272 1984 2343 πάσης

406 2352 656 2418 ἀσεϐείας
706 2356 1157 2429 πεπληρωμένον,
1214 2362 1270 2417 ἐν
1320 2356 1364 2429 ᾧ
1407 2361 1800 2432 ἀναθεματίσαι
1858 2365 1982 2428 τοὺς

406 2442 606 2515 ἑτέρως
638 2446 968 2519 φρονοῦντας
995 2450 1293 2522 ἐτόλμησεν
1326 2469 1340 2482 ·
1385 2452 1524 2506 ὥστε
1557 2456 1680 2509 ὅσον
1714 2455 1854 2508 κατὰ
1884 2455 1984 2526 τὴν

406 2533 615 2587 ἐκείνου
659 2537 859 2606 μανίαν
888 2539 1093 2603 πάντας
1123 2541 1250 2604 τοὺς
1285 2543 1472 2611 ἁγίους
1509 2544 1836 2609 ἀποστόλους
1888 2546 1983 2599 καὶ

408 2624 656 2695 Πατέρας
692 2630 1142 2701 κατακεκρίσθαι.
1184 2631 1354 2687 Τοῦτο
1399 2634 1455 2688 δὲ
1500 2635 1560 2688 τὸ
1611 2636 1806 2699 ἀσεϐὲς
1854 2637 1982 2693 Θεο-

405 2716 576 2792 δώρου
609 2719 874 2789 σύμϐολον
908 2723 999 2775 καὶ
1030 2724 1089 2778 ὲν
1117 2726 1184 2797 τῇ
1226 2728 1345 2779 κατ’
1383 2728 1614 2796 Ἔφεσον
1647 2727 1839 2802 πρώτῃ
1863 2746 1985 2783 συν-

406 2808 536 2879 όδῳ,
578 2811 669 2863 καὶ
728 2813 786 2864 ὲν
833 2813 1138 2885 Χαλκηδόνι
1175 2817 1542 2886 ἁναγνωσθὲν,
1591 2820 1679 2887 ὑφ’
1720 2820 1987 2891 ἑκατέρας

406 2899 625 2954 συνόδου
654 2901 792 2970 μετὰ
817 2904 911 2955 τοῦ
940 2904 1235 2975 ἐκθεμένου
1270 2908 1489 2961 καὶτῶν
1519 2902 1826 2982 δεξαμένων
1856 2911 1987 2965 αὐτὸ

354 3005 362 3017 ·
409 2991 725 3063 κατεκρίθη.
760 2991 866 3048 Sed
897 3003 1188 3064 contempto
1218 2997 1334 3063 illo,
1376 2998 1525 3052 aliud
1558 3001 1800 3067 procudit
1845 3018 1987 3071 sym-

407 3080 585 3139 bolum
620 3085 765 3138 omni
794 3085 1061 3155 impietate
1099 3087 1390 3169 refertum”
1420 3092 1474 3144 in
1507 3106 1606 3161 quo
1635 3094 1795 3146 etiam
1834 3092 1986 3147 dant-

408 3188 537 3227 nare
570 3188 731 3231 ausus
754 3185 832 3231 est
867 3194 953 3231 eos
985 3178 1075 3248 qui
1110 3179 1265 3232 aliter
1299 3165 1368 3233 ab.
1410 3181 1524 3250 ipso
1569 3186 1852 3250 sentirent,
1889 3194 1982 3251 ut,
2011 3165 2055 3221 (ί

407 3277 665 3335 quantum
698 3268 755 3322 in
786 3286 839 3325 se
869 3270 1031 3324 situm
1056 3281 1193 3336 erat,
1219 3272 1545 3329 damnauerit
1579 3291 1754 3330 omnes
1776 3288 1984 3331 sanctos

408 3359 675 3426 apostolos
709 3369 760 3414 et
796 3360 1007 3415 Patres.
1072 3360 1188 3415 Hoc
1229 3372 1402 3417 autem
1456 3365 1673 3431 impium
1726 3363 1987 3419 Theodori

408 3449 704 3519 symbolum
740 3452 861 3509 etin
893 3450 1094 3522 synodo
1130 3454 1302 3521 prima
1344 3452 1604 3523 Ephesina
1636 3463 1688 3509 et
1728 3456 1781 3509 in
1826 3456 1990 3510 Chal-

408 3540 688 3597 cedonensi
713 3541 904 3596 lectum
925 3584 939 3610 ,
971 3542 1034 3597 ab
1069 3553 1295 3614 utraque
1327 3561 1432 3598 una
1458 3562 1573 3598 cum
1607 3557 1820 3600 auctore
1849 3546 1986 3614 ejus,

406 3639 458 3685 et
489 3629 545 3683 id
584 3630 954 3701 recipientibus
1006 3632 1320 3686 damnatum
1359 3633 1481 3701 fuit.
1540 3635 1777 3704 Cyrillus
1808 3646 1987 3690 tamen

407 3721 810 3778 Alexandrinus
835 3761 850 3787 ,
886 3724 973 3779 cui
1010 3724 1063 3777 in
1091 3724 1194 3778 hoc
1234 3726 1449 3795 negotio
1483 3725 1658 3793 major
1702 3726 1836 3781 ﬁdes
1890 3725 1991 3779 Ita-

410 3814 587 3872 benda
621 3821 725 3880 est,
759 3815 1063 3884 symbolum
1099 3823 1307 3871 tantum
1343 3817 1394 3870 in
1426 3815 1702 3887 Epltesina
1733 3817 1993 3871 condem-

412 3916 602 3963 natum
633 3902 803 3971 dicit,
831 3908 979 3961 nulla
1004 3906 1144 3963 facta
1171 3908 1237 3963 de
1259 3908 1407 3963 illius
1437 3916 1661 3963 auctore
1693 3908 1984 3972 mentione,

412 3996 559 4067 quod
605 3998 717 4067 jam
764 3998 820 4053 in
868 4000 1006 4055 vivis
1075 4015 1197 4055 esse
1248 4000 1524 4055 desiisset.
1584 4000 1676 4054 Sic
1726 4001 1871 4054 enim
1933 3999 1988 4052 in

308 4158 313 4159 ί
418 4088 658 4157 Ερίδιοια
677 4089 745 4143 ad
764 4089 1037 4155 Proetum,
1072 4090 1718 4161 Constantinopolitanum
1754 4090 1989 4160 patriar—

413 4184 567 4237 cham
603 4182 713 4251 (ed.
747 4182 987 4245 Aubert,
1027 4189 1066 4239 t.
1099 4180 1164 4249 V,
1214 4191 1356 4253 part.
1409 4197 1481 4247 tl,
1532 4198 1585 4251 p.
1620 4180 1747 4252 200)
1777 4198 1788 4233 :
1828 4182 1991 4234 Ἴστω

413 4274 472 4328 δὲ
508 4275 542 4345 ή
577 4273 644 4345 σή
679 4273 896 4343 ὁσιότης
929 4275 1009 4326 ὅτι
1047 4273 1505 4346 προσενεχθείσης
1536 4276 1601 4345 τῇ
1628 4273 1759 4344 ἁγία
1790 4273 1992 4343 συνόδῳ

415 4363 686 4429 ἐκθέσεως
727 4366 855 4436 παρ’
889 4364 1055 4418 αὐτοῦ
1086 4365 1475 4438 συνταχθείσης
1496 4405 1511 4426 .
1543 4367 1617 4430 ὡς
1654 4368 1702 4419 οἱ
1734 4382 1992 4434 προενεγ-

414 4456 601 4520 κόντες
619 4456 872 4526 ἔφασκον,
908 4458 1058 4513 οὐδὲν
1082 4457 1309 4529 ἐχούσης
1337 4459 1504 4527 ὑγιὲς,
1538 4458 1989 4530 κατεκιϐδήλευσε

418 4546 520 4619 μὲν
558 4548 727 4620 αὐτήν
752 4552 784 4620 ή
809 4550 939 4621 ἁγία
962 4550 1196 4613 σύνοδος,
1225 4550 1299 4615 ὡς
1324 4550 1773 4621 διεστραμμένων
1798 4551 1993 4621 γέμου-

418 4655 518 4694 σαν
561 4639 807 4703 ἐννοιῶν,
850 4641 941 4695 xui.
985 4643 1083 4712 τὴν
1127 4643 1421 4712 Νεστορίου
1466 4642 1785 4696 δυσσέϐειαν
1836 4642 1995 4695 οἱονεί

418 4748 535 4794 πως
579 4731 928 4802 πηγάζουσαν
956 4750 968 4763 ·
1003 4733 1377 4803 κατακρίνασα
1420 4731 1477 4789 δὲ
1523 4734 1648 4794 τοὺς
1676 4732 1820 4783 οὕτω
1866 4749 1997 4801 φρο-

418 4822 645 4886 νοῦντας
669 4864 683 4887 ,
717 4823 1076 4894 οἰκονομικῶς
1105 4823 1205 4877 οὐκ
1232 4823 1606 4894 ἐμνημόνευσε
1635 4822 1731 4875 τοῦ
1773 4821 1962 4892 ἀνδρὸς
1982 4860 1997 4883 ,

418 4914 541 4969 οὐδὲ
571 4914 731 4969 αὑτὸν
755 4916 1028 4986 ὑπέθηκεν
1068 4915 1328 4985 ὀνομαστὶ
1358 4912 1436 4989 τῷ
1476 4912 1904 4984 ἀναθεματισμῷ
1935 4911 2002 4963 δι’

417 5006 761 5077 οἰκονομίαν,
811 5008 898 5061 ἵνα
949 5008 1023 5077 μή
1065 5023 1211 5069 τινες
1250 5008 1317 5077 τῇ
1360 5005 1626 5078 ὑπολήψει
1666 5005 1760 5063 τοῦ
1808 5005 2000 5076 ἀνδρὸς

417 5099 858 5171 προσεσχηκότες
890 5097 1240 5150 ἀποϐάλωσιν
1271 5098 1500 5159 ἑαυτοὺς
1529 5098 1636 5150 τῶν
1669 5097 1994 5167 ἐκκλησιῶν.

426 5190 492 5243 Ἠ
533 5186 588 5243 δὲ
633 5191 690 5245 ὲν
727 5190 937 5253 τούτοις
975 5186 1256 5258 οἰκονομία
1294 5189 1514 5260 ἄριστόν
1563 5206 1616 5243 τι
1665 5189 1855 5261 χρῆμα
1905 5190 1999 5242 καὶ

417 5282 579 5350 σοφόν
618 5298 632 5311 '
670 5282 719 5337 εί
762 5282 861 5352 μὲν
898 5280 1006 5351 γὰρ
1054 5274 1123 5349 ἦν
1160 5282 1217 5332 ὲν
1263 5283 1375 5342 τοῖς
1405 5280 1569 5344 ζῶσιν
1598 5280 1678 5334 ἔτι
1703 5322 1717 5346 ,
1755 5282 1847 5334 καὶ
1876 5281 1994 5334 σύν-

415 5371 582 5434 οπλος
605 5366 674 5442 ἦν
700 5372 820 5433 ταῖς
850 5368 1149 5439 Νεστορίου
1181 5369 1588 5441 δυσφημίαις,ἢ
1613 5370 1995 5444 συναγορεύειν

416 5461 608 5532 ἤθελεν
642 5455 726 5523 οἷς
766 5460 1006 5533 ἔγραφεν
1030 5458 1193 5522 αὐτὸς
1215 5498 1229 5522 ,
1266 5459 1531 5514 πέπονθεν
1572 5460 1637 5515 ἂν
1670 5462 1762 5514 καὶ
1791 5462 1880 5515 τὸν
1915 5463 1994 5527 είς

416 5552 549 5611 τδιον
578 5550 869 5620 πρόσωπον
896 5545 1338 5621 ἀναθεματισμόν
1355 5568 1368 5580 ·
1388 5552 1574 5624 ἐπειδὴ
1594 5554 1650 5607 δὲ
1678 5555 1994 5627 ἀπεδήμησε

418 5641 555 5712 πρὸς
585 5640 739 5703 Θεὸν,
768 5640 931 5710 ἀρκεῖ
954 5640 1202 5713 καθάπερ
1240 5637 1453 5713 ἐγῷμαι
1474 5644 1542 5697 τὰ
1571 5647 1816 5712 ἐκτόπως
1847 5648 1995 5718 αὐτῷ

420 5727 785 5804 γεγραμμένα
830 5729 1187 5786 ἐκϐάλλεσθαι
1232 5735 1384 5808 παρᾶ
1421 5736 1528 5791 τῶν
1559 5737 1730 5806 ὀρθῶς
1764 5740 1995 5809 ἐχόντων

494 5822 510 5854 ⁸
541 5818 699 5878 Joan.
734 5836 828 5892 vn,
867 5820 952 5883 51.

2079 541 2173 593 καὶ
2211 540 2270 592 τὸ
2301 540 2608 611 περαιτέρω
2648 542 2877 611 χωρεῖν,
2920 537 3166 609 θορύϐων
3208 536 3321 591 ἔσθ’
3350 540 3438 591 ore
3477 539 3652 592 τίκτει

2078 629 2379 699 προφάσεις
2419 645 2432 659 ·
2489 628 2639 684 Sciat
2677 644 2794 682 vero
2836 622 3095 682 sanctitas
3142 637 3237 680 tua
3264 626 3402 698 quod
3439 630 3648 696 (προεὶς

2080 723 2219 774 tione
2245 761 2260 784 ,
2293 738 2411 790 quas
2436 721 2568 775 nihil
2602 721 2721 774 sani
2746 720 2991 783 habebat,
3034 720 3099 772 ab
3122 735 3180 774 eo
3208 721 3497 789 composita
3521 762 3537 785 ,
3570 721 3650 773 uti

2077 812 2321 866 dicebant
2352 814 2390 865 ii
2410 815 2498 883 qui
2529 828 2646 867 eam
2679 815 2970 865 attulerant
2997 851 3009 875 ,
3043 811 3186 879 apud
3222 822 3461 864 sanctam
3491 827 3648 880 syno-

2077 906 2201 959 dum
2227 906 2459 975 prolata,
2489 922 2603 958 eam
2638 904 2845 975 quidem
2881 903 3173 970 reprobavit
3202 912 3387 957 sancta
3419 902 3649 971 synodus

2078 1007 2254 1065 utpote
2275 997 2531 1065 peruersis
2560 996 2892 1064 conceptibus
2922 995 3171 1062 refertam
3190 1035 3206 1060 ,
3235 1002 3285 1047 et
3327 992 3649 1047 Nestoriana

2078 1089 2351 1156 impietate
2375 1089 2531 1158 quasi
2559 1089 2842 1156 fluentem;
2873 1088 2949 1141 eis
2983 1096 3160 1140 autent
3202 1085 3291 1155 qui
3320 1086 3398 1138 ita
3436 1085 3651 1151 sapiunt

2078 1178 2465 1242 condemnatis,
2531 1177 2883 1244 dispensatire
2929 1175 3134 1229 nullam
3183 1175 3283 1227 uiri
3334 1174 3649 1227 mentionem

2078 1270 2248 1338 fecit,
2307 1286 2401 1322 nec
2468 1268 2644 1336 ipsum
2696 1267 3010 1320 nominatim
3056 1265 3379 1319 anathemati
3427 1261 3650 1331 subiecit

2076 1368 2289 1425 propter
2328 1358 2808 1425 dispensationem,
2861 1371 2924 1409 ne
2954 1355 3152 1408 scilicet
3193 1353 3359 1423 aliqui
3402 1366 3647 1420 magnam

2078 1451 2179 1504 viri
2213 1450 2512 1519 opinionem
2541 1458 2837 1515 spectantes
2855 1486 2869 1511 ,
2897 1464 2951 1500 se
2981 1447 3122 1515 ipsos
3144 1445 3208 1498 ab
3229 1443 3464 1499 ecclesiis
3493 1456 3649 1510 sepa-

2078 1550 2279 1594 rarent.
2331 1538 2397 1595 In
2434 1538 2517 1594 his
2566 1556 2685 1593 vero
2735 1538 3126 1607 dispensatione
3161 1536 3260 1599 uti,
3301 1534 3554 1604 optimum
3585 1547 3650 1586 ac

2075 1632 2301 1698 prudens
2336 1640 2413 1684 est
2453 1629 2775 1694 consilium;
2801 1630 2849 1683 si
2884 1631 3024 1682 enim
3062 1627 3252 1681 viveret
3284 1640 3455 1688 nunc,
3486 1631 3535 1676 et
3558 1621 3651 1675 de-

2079 1720 2257 1789 fensor
2287 1730 2420 1774 esset
2464 1719 2913 1790 blasphemiarum
2951 1717 3191 1771 Nestorii
3213 1755 3229 1779 ,
3261 1731 3350 1769 seu
3388 1713 3524 1766 tueri
3553 1726 3650 1765 suo

2008 1822 2049 1876 Β
2079 1813 2375 1881 patrocinio
2403 1812 2550 1864 vellet
2579 1828 2663 1875 ea,
2695 1827 2811 1880 qute
2840 1812 2948 1876 ipse
2965 1810 3272 1879 scripserat,
3290 1808 3468 1877 utique
3485 1806 3651 1858 etiam

2080 1904 2132 1957 in
2165 1904 2382 1973 propria
2415 1918 2638 1969 persona
2670 1902 3002 1955 anathemate
3025 1902 3318 1971 feriretur:
3351 1907 3404 1951 at
3426 1912 3545 1949 cum
3581 1893 3651 1947 ad

2080 1995 2249 2049 Deum
2306 1997 2631 2066 nigrai-crit,
2679 2004 2764 2049 sat
2806 2004 2882 2047 est
2904 2032 2919 2057 ,
2970 2002 3127 2063 prout
3159 2008 3250 2062 ego
3281 2006 3461 2045 censeo
3486 2028 3500 2052 ,
3535 2001 3652 2057 qua:

2083 2088 2313 2141 absurda
2339 2096 2387 2141 et
2419 2089 2596 2155 inepta
2629 2086 2693 2139 ab
2733 2103 2794 2140 eo
2818 2076 3126 2154 conscripta
3156 2092 3300 2147 sunt,
3326 2082 3554 2150 expungi
3583 2083 3649 2133 ab

2082 2182 2149 2234 iis
2173 2181 2261 2249 qni
2289 2189 2424 2234 recte
2455 2183 2714 2243 sentiunt,
2760 2177 2967 2243 quando
3005 2177 3120 2246 ejus
3165 2174 3288 2228 libri
3327 2182 3652 2236 occurrant;

2084 2272 2304 2325 ulterius
2323 2279 2499 2323 autem
2528 2268 2795 2340 progredi,
2826 2279 2960 2323 esset
2983 2269 3140 2336 plane
3164 2267 3438 2320 turbarum
3460 2278 3653 2319 causas

2082 2365 2332 2417 excitare.
2382 2361 2542 2416 Falso
2589 2362 2773 2430 itaque
2811 2359 3157 2415 Justinianus
3197 2364 3475 2411 auctorem
3507 2369 3656 2424 sym-

2083 2455 2193 2509 boli
2242 2455 2559 2509 damnatum
2601 2467 2725 2508 esse
2768 2460 3069 2506 asseverat.
3112 2448 3402 2504 Facundus
3441 2447 3534 2501 lib.
3568 2461 3651 2509 ιιι,

2084 2561 2205 2616 cap.
2227 2546 2282 2611 9.,
2316 2552 2477 2612 negat
2508 2552 2695 2614 aperte
2727 2542 3033 2614 symbolum
3071 2540 3203 2595 illud
3232 2538 3401 2593 fuisse
3434 2551 3656 2607 compo—

2085 2642 2251 2696 situm
2282 2656 2312 2693 a
2352 2639 2671 2703 Theodoro,
2710 2645 2765 2693 et
2800 2635 3228 2705 conscriptorem
3261 2630 3384 2700 eius
3427 2628 3596 2683 fuisse
3624 2644 3655 2680 ιι

2084 2734 2245 2789 dictis
2269 2733 2492 2803 synodis
2531 2730 3000 2786 condemnatum:
3053 2725 3240 2779 Adhuc
3287 2732 3458 2776 tamen
3507 2720 3655 2774 aliud

2086 2841 2333 2896 magnum
2373 2841 2436 2877 ac
2472 2823 2668 2892 duplex
2705 2837 2886 2876 eorum
2920 2818 3252 2874 mendacium
3286 2815 3606 2885 publicamus
3636 2828 3655 2864 :

2085 2916 2222 2985 quod
2247 2913 2671 2968 Clmlcedonense
2695 2910 3002 2973 concilium,
3031 2924 3133 2962 non
3160 2905 3409 2974 Ephesini
3428 2912 3655 2965 tantunt,

2086 3021 2264 3060 verum
2312 3006 2472 3058 etiam
2529 3003 2695 3072 ipsius
2758 2998 3199 3055 Chalcedonensis
3237 2995 3442 3065 judicio
3495 2993 3658 3046 uideri

2089 3094 2321 3149 notabile
2350 3094 2627 3148 voluerunt
2656 3090 2887 3148 dicentes
2916 3106 2934 3144 :
2973 3088 3235 3144 Theodori
3263 3084 3561 3155 symbolum
3608 3090 3660 3135 et

2089 3188 2143 3241 in
2176 3184 2380 3254 Epheso
2414 3184 2508 3238 sub
2537 3193 2722 3239 sancto
2752 3181 2956 3251 Cyrillo
2984 3180 3215 3250 synodus
3236 3220 3251 3244 ,
3291 3187 3340 3230 et
3362 3177 3417 3229 in
3444 3173 3663 3228 Chalce-

2087 3278 2220 3334 done
2252 3278 2727 3332 condemnaverunt
2745 3317 2760 3340 ,
2790 3284 2945 3343 atque
2966 3270 3292 3327 anathemati
3313 3266 3661 3323 subdiderunt

2087 3387 2207 3424 cum
2231 3371 2586 3437 conscriptore
2615 3368 2766 3436 ejus;
2799 3380 2917 3419 cum
2964 3366 3019 3417 in
3062 3362 3324 3432 Ephesina
3351 3358 3551 3429 synodo
3581 3373 3664 3410 re-

2090 3463 2295 3531 feratur
2326 3460 2540 3529 quidam
2576 3460 2784 3511 nomine
2826 3456 3103 3512 Charisius
3138 3452 3423 3523 presbyter,
3449 3459 3498 3504 et
3526 3464 3663 3503 ceco--

2089 3570 2275 3609 namus
2304 3550 2710 3621 Philadelphia,
2747 3550 2918 3605 nescio
2940 3563 3068 3618 quos
3101 3545 3389 3600 Antonium
3423 3551 3471 3595 et
3495 3540 3660 3594 Jaco-

2090 3644 2212 3699 bum
2243 3643 2575 3712 presbyteros
2608 3655 2890 3695 accusasse
2918 3638 2982 3693 de
3023 3636 3276 3690 societate
3304 3630 3540 3685 Nestorii
3565 3670 3580 3693 ,
3612 3638 3663 3683 et

2089 3735 2330 3791 docuisse
2369 3731 2506 3803 quod
2554 3748 2657 3785 non
2697 3729 2950 3785 Ecclesia:
2988 3725 3320 3797 symbolum,
3358 3724 3448 3778 sed
3479 3722 3665 3784 aliud,

2091 3826 2350 3881 conuersis
2383 3821 2955 3883 Tessaresctedecatitis
2977 3819 3259 3879 ha'reticis.
3292 3817 3384 3885 qui
3411 3829 3517 3868 non
3548 3826 3667 3866 cum

2093 3916 2334 3971 Ecclesia
2360 3954 2373 3977 ,
2412 3913 2503 3968 sed
2556 3911 2956 3983 quartadecima
3003 3910 3131 3963 luna
3175 3906 3385 3961 Pascha
3435 3902 3667 3958 celebra.

2093 4010 2257 4072 bant,
2307 4005 2684 4068 tradiderunt;
2740 4018 2832 4056 nec
2882 4001 2957 4056 ibi
3016 3999 3262 4063 dicatur,
3313 3995 3392 4050 rel
3443 3993 3507 4048 ab
3555 3996 3669 4057 ipso

2094 4097 2363 4161 Charisio,
2397 4096 2476 4151 vel
2508 4112 2541 4149 a
2569 4109 2833 4165 quoquam
2854 4132 2870 4157 ,
2903 4089 3038 4145 illud
3071 4088 3365 4158 symbolum
3411 4085 3670 4140 Theodori

2094 4191 2280 4259 fuisse.
2324 4189 2523 4243 Beatus
2560 4185 2796 4257 Cyrillus
2825 4183 3058 4238 scribens
3096 4178 3457 4235 Orientalibus
3491 4177 3618 4230 dicit
3649 4191 3669 4230 :

2095 4282 2317 4336 Prolata
2344 4291 2421 4335 est
2453 4280 2508 4333 in
2536 4288 2727 4334 sancta
2755 4274 2956 4345 synodo
2988 4273 3253 4341 Ephesina
3292 4269 3553 4338 deﬁnitio.
3589 4284 3671 4346 ιδε-

2096 4375 2194 4428 lnti
2223 4390 2256 4427 a
2300 4372 2572 4427 Theodoro
2598 4370 2858 4439 deposita,
2904 4365 3063 4421 sicuti
3095 4365 3366 4433 offerentes
3405 4358 3667 4414 dicebant.

2100 4464 2209 4518 Nec
2240 4464 2480 4533 affirmat
2508 4479 2627 4517 eam
2662 4460 2920 4515 Theodori
2946 4458 3132 4527 fuisse,
3158 4470 3334 4510 rerum
3367 4466 3528 4522 neque
3553 4466 3672 4505 cum

2094 4557 2206 4625 ejus
2238 4557 2614 4621 conscriptore,
2651 4562 2708 4605 ut
2744 4552 2837 4605 isti
2862 4549 3163 4619 conﬁngunt
3188 4546 3345 4613 refert
3379 4556 3489 4597 esse
3521 4540 3672 4593 dam-

2096 4656 2301 4709 natam,
2328 4648 2453 4715 quia
2480 4659 2528 4699 et
2555 4660 2647 4697 nec
2662 4644 2808 4711 jnste
2839 4642 3007 4709 ﬁeret.
3041 4659 3059 4690 ι
3092 4637 3200 4693 Lex
3238 4637 3377 4693 enim
3411 4642 3615 4692 nostra,
3648 4648 3667 4681 ι

2096 4736 2235 4787 sicut
2271 4736 2325 4786 in
2354 4732 2638 4800 Evangelia
2670 4729 2922 4796 scriptum
2954 4737 3055 4793 est,
3092 4747 3110 4779 ι
3142 4744 3243 4781 non
3264 4725 3473 4794 judicat
3503 4720 3674 4775 homi-

2099 4840 2237 4887 nem,
2278 4824 2382 4875 nisi
2426 4823 2653 4875 audierit
2696 4819 2760 4872 ab
2804 4836 2864 4873 eo
2892 4821 3038 4889 prius
3064 4859 3079 4882 ,
3113 4828 3161 4874 et
3210 4815 3504 4887 cognoverit
3546 4810 3673 4883 quid

2101 4914 2268 4982 faciat
2299 4916 2340 4969 ¹.
2381 4932 2398 4963 ι
2439 4910 2666 4965 Falsum
2691 4928 2812 4982 ergo
2839 4920 2949 4974 est,
2980 4897 3034 4966 et
3064 4908 3200 4980 quod
3238 4906 3375 4961 dixit
3419 4903 3557 4974 apud
3587 4917 3675 4971 sy-

2103 5004 2295 5059 nodum
2330 5002 2647 5074 Ephesinant
2667 5000 2925 5056 Theodori
2957 4999 3249 5072 symbolum
3277 5013 3394 5051 cum
3422 5011 3518 5049 suo
3540 4991 3674 5047 scri-

2098 5105 2247 5161 Ptore
2300 5095 2635 5150 damnatum.
2685 5093 2752 5148 In
2804 5093 3129 5148 Chalcedone
3185 5090 3343 5145 etiam
3393 5103 3496 5141 non
3543 5083 3675 5138 alibi

2103 5188 2298 5241 mentio
2324 5186 2584 5241 Theodori
2607 5186 2750 5254 facta
2774 5194 2873 5248 est,
2907 5185 3010 5238 nisi
3048 5182 3139 5237 ubi
3178 5195 3242 5236 ea:
3285 5176 3508 5249 epistola
3533 5191 3676 5229 vene-

2101 5279 2285 5334 rabilis
2332 5276 2442 5334 lba:
2481 5277 2758 5332 recitatum
2800 5288 2874 5332 est
2927 5293 3115 5331 nomen
3157 5274 3294 5344 ejus.
3343 5273 3672 5342 Cognoscant

2099 5375 2278 5442 itaque
2298 5388 2352 5426 se
2376 5371 2506 5426 nihil
2528 5374 2638 5428 suis
2661 5368 3083 5439 subreptionibus
3124 5366 3409 5435 profecisse
3436 5402 3450 5427 ,
3484 5360 3673 5433 quibus

2102 5466 2334 5521 obtinere
2387 5467 2565 5520 conati
2620 5470 2782 5527 sunt,
2837 5471 2895 5514 ut
2953 5456 3391 5515 Chalcedonensis
3442 5449 3673 5523 synodus

2103 5557 2205 5613 sibi
2253 5558 2529 5611 contraria
2575 5555 2857 5617 videretur,
2912 5552 3211 5621 approbans
3253 5546 3533 5618 epistolam
3559 5543 3677 5596 lau-

2101 5652 2314 5705 dantem
2342 5649 2668 5704 Theodorum
2691 5688 2707 5713 ,
2744 5660 2894 5717 quem
2933 5660 3052 5698 cum
3079 5641 3317 5713 symbolo
3343 5637 3677 5692 damnaverit

2104 5759 2220 5797 suo.
2258 5740 2400 5813 Lege
2433 5744 2598 5797 etiam
2628 5736 2875 5810 ejusdem
2905 5736 3028 5792 libri
3058 5732 3356 5807 capitulum
3380 5730 3630 5804 quintum
3654 5762 3676 5795 ,
