4104 6462
227 343 286 402 ss
860 322 865 325 ⁷
1412 355 1558 411 om
1584 356 1732 409 mea
1780 354 1866 407 DE
1901 353 2316 411 THEODORIS.
2970 404 2973 409 .
3451 352 3523 412 ον

227 467 313 523 ubi
355 466 641 537 probatur
679 468 1029 524 adversatum
1083 470 1256 526 fuisse
1286 471 1563 533 Sabellio,
1610 487 1673 526 ac
1726 482 1838 525 tres
1871 479 1910 531 Α
1939 470 2219 543 genitores
2255 467 2742 539 Eutychianoruns,
2788 467 2933 538 quod
2968 467 3111 525 idem
3148 465 3243 523 isti
3285 464 3529 522 affirma-

227 556 278 613 ln
300 555 598 613 Trinitate
626 573 893 628 personas
913 561 1226 630 agnovissr,
1249 573 1302 617 et
1331 565 1642 634 symbolum
1669 560 1835 626 istud,

229 651 279 704 in
324 662 449 718 quo
503 657 770 720 negatam
832 652 1125 722 perhibent
1166 652 1535 718 Trinitatem,
1591 655 1839 724 priorum

229 738 559 796 testimonio
606 744 717 796 non
781 756 909 796 esse
938 741 1249 808 Theodori,
1313 757 1415 798 nec
1466 760 1668 815 negare
1719 760 1839 800 eam

229 831 507 903 potuisse,
542 846 712 901 quem
750 833 942 888 beatus
967 832 1204 904 Cyrillus
1235 835 1484 890 adversus
1512 837 1842 891 Arianorum

228 934 275 978 et
316 922 806 977 Eunomianorum
851 926 1111 991 ha‘reses,
1147 927 1340 997 viginti
1387 926 1528 983 forte
1567 937 1622 983 et
1661 927 1842 982 adhuc

233 1016 474 1086 amplius
515 1016 698 1071 libros
723 1058 739 1082 ,
768 1025 825 1072 et
854 1018 959 1071 alia
1000 1018 1163 1073 tradit
1201 1019 1624 1090 conscripsisse.
1672 1020 1844 1086 Quid-

232 1108 359 1178 quid
392 1118 591 1162 tamen
622 1110 698 1163 sit
725 1148 740 1173 ,
767 1109 875 1163 hoc
910 1111 1221 1181 symbolum
1257 1113 1548 1167 recitatum
1590 1121 1675 1169 est
1704 1114 1761 1167 in
1798 1111 1842 1166 Υ

233 1198 451 1271 synodo
487 1201 780 1270 generali,
836 1214 1057 1284 unaque
1095 1217 1219 1256 cum
1266 1204 1414 1260 illius
1444 1215 1669 1259 auctore
1709 1219 1845 1259 con-

231 1290 591 1354 demnatum,
623 1292 813 1347 collat.
843 1292 900 1349 4.
947 1293 1018 1347 Ει
1058 1303 1339 1363 postquam
1378 1294 1528 1350 lectae
1555 1304 1677 1349 sunt
1729 1295 1847 1350 bla-

233 1381 492 1451 sphemia
526 1382 1194 1453 TheodoriMopsuesteni,
1216 1395 1267 1440 et
1290 1387 1510 1455 impium
1539 1387 1653 1458 ejus
1686 1404 1847 1458 sym-

234 1474 413 1528 bolum
441 1514 461 1541 ,
498 1485 698 1529 sancta
734 1475 967 1546 synodus
1007 1478 1324 1532 exclamavit
1350 1494 1369 1533 :
1408 1477 1522 1533 Hoc
1548 1481 1847 1551 symbolum

235 1566 483 1649 Satanas
514 1570 835 1637 composuit.
871 1570 1168 1624 Anathema
1204 1573 1271 1636 ei,
1301 1572 1395 1641 qui
1430 1570 1528 1625 hoc
1549 1571 1849 1641 symbolum

232 1664 570 1730 composuit.
616 1659 738 1717 Hoc
775 1663 1073 1734 symbolum
1115 1661 1380 1733 Ephesina
1409 1664 1583 1732 prima
1618 1665 1848 1735 synodus

236 1770 342 1807 una
382 1770 512 1824 cum
559 1763 782 1809 auctore
816 1758 932 1823 ejus
973 1754 1466 1809 anathematizauit.
1513 1751 1690 1808 Unum
1728 1763 1852 1808 tan-

1943 574 2085 624 rent,
2123 561 2256 616 dicti
2288 570 2437 613 sunt.
2487 556 2782 613 Facundus
2809 560 2905 614 lib.
2928 574 3049 624 νηί,
3080 574 3203 629 cap.
3230 558 3267 614 ι
3292 576 3304 612 :
3328 557 3530 628 Agebat

1942 655 2080 708 enim
2120 652 2423 707 Theodorus
2452 652 2753 721 frequenter
2797 659 2906 704 tam
2938 651 3088 705 libris
3123 668 3284 722 quam
3329 665 3532 704 sermo-

1943 746 2098 801 nibus
2145 746 2203 798 in
2261 745 2515 814 populum
2556 743 2759 796 Contra
2807 742 3199 815 Synnsiastas,
3232 745 3337 798 sive
3366 753 3425 797 ut
3462 741 3530 795 ab

1945 836 2182 891 auctoris
2211 836 2295 889 sui
2331 834 2542 888 nomine
2565 843 2687 887 sunt
2714 834 2908 900 uocati,
2939 832 3383 902 Apollinaristas.
3407 848 3536 902 pro-

1945 931 2208 999 genitores
2243 926 2592 997 Eutychianaz
2618 925 2922 990 dementire,
2950 925 3042 994 qui
3076 923 3399 991 temporibus
3418 923 3533 991 ejus

1945 1021 2120 1075 exorti
2155 1034 2318 1072 unam
2364 1017 2569 1071 Christi
2604 1016 2848 1071 dicebant
2881 1033 2995 1070 esse
3024 1026 3309 1079 naturam;
3344 1017 3534 1085 quibus

1944 1110 2328 1182 repugnans,si
2356 1108 2497 1177 forte
2529 1124 2621 1176 per
2645 1112 2935 1161 humanam
2974 1107 3325 1178 fragilitatem
3355 1107 3535 1174 lapsus

1946 1204 2211 1259 invenitur
2237 1202 2291 1255 in
2322 1200 2493 1266 verba,
2528 1200 2656 1271 quid
2686 1201 2909 1268 impium
2944 1198 3178 1269 synodus
3207 1198 3354 1267 fecit,
3398 1195 3538 1266 quod

1946 1311 2067 1349 eum
2108 1293 2272 1347 tantis
2313 1290 2690 1345 attestantibus
2733 1290 2961 1343 credidit
2992 1290 3045 1342 in
3076 1304 3236 1342 sensu
3280 1288 3540 1340 mansisse

1948 1386 2213 1443 catholico
2236 1387 2261 1441 ?
2289 1382 2381 1439 Sic
2405 1384 2497 1453 qui
2525 1390 2718 1437 contra
2744 1381 3171 1451 Apollinaristas
3196 1377 3539 1438 scribebant,

1950 1479 2094 1535 κατὰ
2125 1475 2531 1531 συνουσιαστῶν
2561 1475 2807 1528 seribere
2837 1472 3183 1527 dicebantur.
3205 1468 3296 1524 Sic
3318 1468 3544 1525 Diodori

1950 1570 2243 1627 Tarsensis
2304 1567 2463 1622 Κατὰ
2521 1563 2921 1620 συνουσιαστῶν
2965 1577 2996 1617 a
3042 1561 3273 1617 Leontio
3323 1561 3421 1614 lib.
3456 1576 3543 1625 tn,

1953 1664 2208 1720 laudatur
2229 1705 2243 1729 ,
2271 1670 2325 1716 et
2354 1658 2547 1732 Cyrilli
2575 1655 2929 1712 Alexandrini
2959 1662 3014 1709 et
3040 1652 3316 1709 Theodori
3342 1652 3541 1707 Antio-

1954 1755 2116 1812 cheni
2156 1755 2349 1811 eodem
2407 1752 2569 1806 titulo
2612 1749 2681 1803 ab
2736 1749 3030 1803 Anastasio
3076 1746 3132 1800 in
3183 1746 3369 1815 ecloga
3408 1744 3547 1815 χρή-

236 1847 525 1903 tummodo
551 1848 682 1917 ﬁdei
711 1846 1007 1917 symbolum
1033 1847 1249 1910 scimus,
1282 1846 1419 1916 quod
1449 1845 1657 1901 Nicwni
1676 1845 1853 1900 sancti
1883 1843 1925 1898 Β
1956 1864 2095 1902 σεων
2129 1862 2251 1917 cap.
2282 1845 2316 1900 5
2348 1843 2448 1916 (a).
2498 1841 2757 1909 Quaedam
2793 1856 2863 1896 ex
2912 1840 3015 1895 hoc
3043 1853 3210 1909 opere
3240 1838 3547 1892 recitantur

234 1938 435 1997 Patres
484 1948 849 2009 exposuerunt
887 1948 937 1993 et
963 1938 1322 1993 tradiderunt.

309 2029 567 2101 Scripsit
612 2030 879 2102 praeterea
927 2026 1115 2085 contra
1165 2029 1566 2099 Apollinarem,
1601 2029 1851 2099 illiusque

235 2127 472 2182 hereses
494 2165 510 2190 ,
554 2126 745 2195 plures
772 2123 945 2178 libros
970 2164 985 2187 ,
1029 2138 1168 2194 quos
1195 2162 1210 2186 ,
1239 2123 1333 2191 qui
1364 2121 1641 2176 Theodori
1673 2120 1852 2175 laudi--

237 2218 345 2274 bus
399 2216 624 2278 favent,
678 2230 1030 2284 summopere
1088 2215 1407 2285 pra‘dicant.
1472 2212 1851 2269 Theodoretus

239 2310 336 2363 lib.
386 2324 423 2364 ν
479 2307 695 2361 Hister.
757 2321 881 2375 cap.
924 2305 1159 2360 ultimo:
1221 2304 1357 2357 Κατ’
1401 2305 1609 2359 ἐκεῖνον
1653 2303 1711 2358 δὲ
1757 2303 1852 2356 τὸν

240 2398 442 2469 χρόνον
467 2437 485 2462 ,
542 2395 673 2448 καθ’
715 2394 773 2448 ὃν
819 2396 849 2448 ὀ
895 2394 1038 2457 (icio;
1086 2392 1343 2456 Θεόδοτος
1388 2394 1488 2462 τὴν
1531 2393 1851 2463 Ἀντιοχέων

241 2490 428 2544 [aaut-1v
475 2486 836 2557 Ἐκκλησίαν,
870 2484 1149 2556 Θεόδωρος
1175 2486 1203 2538 ὁ
1226 2483 1601 2554 Μοψουεστίας
1624 2484 1849 2536 ἐπίσκο-

240 2599 341 2647 πος
376 2582 572 2651 πάσης
604 2579 705 2651 μὲν
747 2577 1077 2647 Ἐκκλησίας
1114 2576 1431 2639 διδάσκαλος
1452 2616 1467 2640 ,
1503 2575 1645 2629 κατὰ
1672 2576 1854 2647 πάσης

240 2673 298 2726 δὲ
325 2672 626 2741 φάλαγγος
658 2668 944 2741 αίρετικῆς
970 2668 1320 2739 ἀριστεύσας,
1348 2666 1441 2721 τοῦ
1473 2666 1590 2737 βίου
1611 2666 1672 2719 τὸ
1700 2665 1855 2729 τέλος

242 2764 494 2830 ἐδέξατο.
547 2754 724 2825 οὗτος
749 2762 847 2833 τῆς
879 2760 977 2832 μὲν
1007 2758 1275 2831 Διοδώρου
1300 2759 1393 2813 τοῦ
1431 2759 1571 2812 πάνυ
1601 2756 1857 2812 διδασκα-

243 2858 367 2922 λίας
406 2856 759 2929 ἀπήλαυσεν,
809 2855 1061 2908 Ἰωάννου
1099 2854 1157 2907 δὲ
1184 2853 1279 2907 τοῦ
1310 2852 1589 2907 Οειοτὰτου
1622 2849 1856 2922 γεγένη-

242 2966 336 3002 ται
364 2947 639 3010 κοινωνός
667 2963 727 2999 τε
759 2946 853 2999 καὶ
884 2943 1146 3014 συνεργός
1177 2961 1187 2972 ·
1222 2945 1375 3013 κοινῇ
1405 2943 1515 3014 γὰρ
1552 2940 1661 2994 τῶν
1690 2955 1856 2992 πνευ-

247 3040 507 3114 ματικῶν
561 3037 834 3110 Διοδώρου
884 3035 1145 3106 ναμάτων
1192 3033 1495 3105 ἀπήλαυον.
1528 3032 1624 3099 Ἐξ
1665 3031 1723 3085 δὲ
1763 3029 1857 3084 καὶ

248 3133 567 3205 τριάκοντα
597 3132 656 3182 ὲν
687 3132 755 3201 τῇ
790 3127 1054 3199 προεδρίᾳ
1079 3126 1380 3180 διετέλεσεν
1405 3125 1498 3196 ἔτη
1520 3164 1535 3188 ,
1574 3122 1716 3178 κατὰ
1754 3121 1856 3193 τῆς

1956 1941 2013 1995 in
2048 1940 2089 1995 V
2130 1938 2376 2011 synodo,
2427 1951 2549 2007 qua:
2589 1934 2850 1989 dicuntur
2901 1932 3181 2003 proposita
3215 1938 3270 1986 et
3308 1928 3547 1985 refulata

1956 2031 2127 2087 fuisse
2157 2044 2189 2083 a
2222 2031 2382 2083 beato
2408 2028 2610 2100 Cyr-illo
2633 2026 2818 2079 collat.
2854 2023 2910 2079 ιι.

2028 2123 2293 2177 Adversus
2325 2122 2650 2174 Arianorum
2699 2129 2747 2173 et
2794 2115 3256 2171 Eunomianorum
3287 2112 3544 2173 haereses,

1957 2215 2152 2285 viginti
2184 2213 2325 2270 forte
2356 2221 2410 2267 et
2441 2212 2621 2267 adhuc
2648 2211 2883 2281 amplius
2921 2209 3112 2274 libros,
3137 2217 3192 2262 et
3220 2204 3325 2258 alia
3353 2211 3551 2274 praeter

1959 2307 2076 2362 haec
2132 2306 2448 2376 evangelica
2498 2311 2553 2360 et
2599 2302 2901 2374 apostolica
2965 2299 3111 2355 dicta
3161 2298 3551 2367 interpretatus

1958 2411 2075 2471 est,
2106 2403 2173 2459 de
2202 2405 2405 2474 quibus
2455 2402 2774 2474 S.Cyrillus
2825 2400 2993 2457 refert
3040 2396 3184 2469 apud
3229 2394 3551 2451 Facundum

1960 2496 2056 2551 lib.
2098 2511 2181 2559 tt-,
2213 2510 2336 2564 cap.
2380 2494 2414 2549 ὅ
2438 2509 2451 2543 :
2476 2493 2544 2546 Et
2571 2494 2664 2547 hos
2698 2491 2907 2564 quidem
2942 2488 3146 2543 labores
3189 2485 3367 2540 nullus
3389 2501 3553 2540 ausus

1960 2598 2039 2644 est
2074 2589 2351 2656 increpare
2375 2625 2390 2650 ,
2433 2584 2524 2641 sed
2553 2585 2740 2641 dextro
2769 2586 2976 2641 decreto
3020 2583 3283 2635 honorare
3311 2578 3554 2633 studium

1961 2688 2227 2734 rectorum
2264 2676 2572 2748 dogmatum
2603 2715 2619 2742 ,
2671 2674 2812 2746 quod
2858 2675 2921 2728 in
2960 2675 3036 2730 eis
3085 2686 3197 2739 est;
3232 2690 3354 2745 qum
3387 2674 3553 2728 etiam

1963 2772 2275 2827 recitantur
2305 2771 2362 2823 in
2398 2767 2443 2823 ν
2478 2769 2714 2840 synodo,
2750 2775 2917 2838 atque
2949 2769 3004 2823 in
3040 2768 3125 2823 his
3169 2767 3258 2821 illa
3295 2780 3416 2836 quas
3458 2762 3558 2817 Fa-

1963 2861 2180 2916 cundus
2212 2866 2635 2923 commemorat,
2671 2859 2775 2913 hoc
2808 2859 2969 2913 titulo
3002 2876 3015 2913 :
3051 2857 3135 2912 Ea:
3164 2857 3395 2912 secundo
3422 2854 3558 2908 libro

1964 2946 2157 3019 Cyrilli
2213 2947 2442 3016 episcopi
2484 2945 2832 3001 Alexandria:
2892 2944 2957 2999 de
2995 2961 3056 2999 eo
3107 2943 3247 3015 quod
3297 2959 3435 2996 unus
3479 2944 3559 2995 es't

1966 3038 2213 3096 Christus
2249 3050 2437 3093 contra
2474 3037 2829 3092 Theodorum.
2892 3037 2998 3093 Sed
3032 3039 3194 3107 longe
3225 3025 3440 3090 diversa
3473 3040 3559 3088 est

1967 3134 2129 3189 lectio
2190 3131 2415 3204 synodi,
2477 3145 2583 3200 qua
2635 3129 2957 3187 Theodorus
3007 3128 3416 3200 perstringitur,
3451 3140 3560 3180 non

257 3223 481 3294 ’Δρείου
548 3219 646 3276 καὶ
689 3218 962 3290 Εὐνομίου
1021 3216 1505 3288 παραταττόμενος
1559 3214 1858 3285 φάλαγγος,

1966 3228 2243 3282 laudatur.
2305 3225 2399 3281 Sic
2449 3225 2596 3281 enim
2656 3226 2869 3281 habet:
2933 3225 3080 3291 Quos
3132 3222 3344 3294 quidem
3394 3219 3561 3275 libros

247 3315 347 3372 καὶ
395 3314 497 3368 τὸν
550 3310 850 3385 λῃστρικὸν
906 3309 1315 3380 Ἀπολλιναρίου
1352 3304 1861 3377 καταὴωνιζόμενος

245 3409 434 3479 λόχον,
462 3407 561 3462 καὶ
590 3407 693 3476 τὴν
736 3404 972 3477 ἀρίστην
1011 3402 1148 3456 πόαν
1187 3405 1302 3466 τοῖς
1359 3402 1522 3464 θείοις
1566 3399 1863 3473 προϐάτοις

250 3498 602 3572 προσφέρων
629 3513 641 3526 -
691 3494 797 3549 Per
828 3495 880 3548 id
914 3503 1118 3563 tempus
1141 3534 1154 3556 ,
1182 3510 1285 3563 quo
1317 3493 1526 3545 divinus
1565 3490 1863 3546 Theodotus

246 3590 649 3646 Antiochenam
679 3588 892 3659 regebat
920 3583 1237 3646 Ecclesium,
1260 3582 1567 3637 Theodorus
1590 3582 1862 3651 episcopus

249 3680 647 3753 Mopsuestia,
696 3679 786 3750 qui
816 3689 984 3733 totam
1031 3675 1233 3732 Christi
1298 3673 1591 3727 Ecclesium
1638 3688 1736 3725 sua
1773 3671 1864 3725 do-

252 3780 440 3833 ctrina
472 3774 775 3837 erudierat,
830 3781 880 3826 et
927 3781 1117 3825 contra
1166 3769 1443 3823 universas
1495 3766 1865 3820 ha'reticorum

248 3871 552 3941 phalanges
574 3866 859 3921 victoriam
892 3871 1280 3937 reportaverat,
1319 3871 1541 3915 mortem
1570 3858 1722 3913 obiit.
1755 3856 1867 3913 Iste

249 3975 301 4019 et
353 3960 593 4016 Diodori
646 3959 749 4014 viri
794 3956 1253 4020 excellentissimi,
1299 3954 1560 4008 doctrina:
1592 3955 1865 4021 particeps

255 4058 437 4127 [actus
474 4064 581 4115 est,
613 4062 663 4107 ct
688 4050 1021 4106 sanctissimi
1046 4047 1277 4103 Joannis
1307 4049 1483 4101 socius
1507 4055 1557 4101 et
1595 4044 1814 4109 adiutor
1847 4061 1865 4098 :

251 4148 453 4202 etenim
483 4161 568 4199 am
582 4142 647 4196 bo
692 4140 1021 4209 conjunctim
1055 4138 1332 4206 sapientia:
1362 4144 1623 4205 prwcepta
1661 4148 1725 4188 ex
1756 4134 1867 4202 spi-

255 4238 519 4295 ritalibus
582 4230 811 4287 Diodori
862 4230 1076 4300 ﬂuentis
1124 4228 1441 4284 ha’userunt.
1485 4226 1729 4298 Triginta
1777 4239 1871 4279 sex

256 4332 418 4386 annis
455 4326 819 4397 prwsalatum
850 4323 1013 4395 gessit
1048 4321 1396 4383 Theodorus;
1441 4336 1605 4389 neque
1635 4333 1869 4389 unquam

1965 3320 2129 3375 nollet
2163 3320 2361 3390 aliquis
2402 3320 2712 3387 increpare,
2742 3317 2911 3387 magis
2954 3325 3133 3370 autem
3162 3315 3483 3376 honoraret,
3515 3312 3564 3365 si

1964 3415 2158 3468 inesset
2198 3415 2274 3468 eis
2303 3412 2614 3483 dogmatum
2639 3410 2921 3475 rectitudo.
2946 3408 3183 3463 Laudari
3218 3407 3294 3461 ait
3320 3404 3565 3475 potuisse

1966 3507 2141 3561 libros
2172 3504 2471 3569 Theodori,
2504 3505 2550 3562 si
2582 3504 2718 3559 nihil
2742 3502 2897 3574 pravi
2932 3501 3193 3555 docerent
3221 3517 3236 3553 :
3266 3513 3396 3553 mox
3434 3511 3565 3552 vero

1969 3600 2219 3671 quaedam
2245 3600 2301 3653 in
2336 3599 2445 3654 illis
2476 3599 2642 3668 impia
2673 3597 2858 3653 inesse
2882 3594 3315 3651 demonstratur.

2038 3693 2172 3747 Item
2199 3689 2452 3757 adversus
2484 3689 2806 3744 Eunomium
2849 3704 2945 3756 pro
2983 3686 3106 3741 diro
3155 3682 3362 3738 Basilio
3396 3680 3569 3735 libros

1968 3783 2159 3854 viginti
2180 3783 2447 3853 quinque.
2474 3782 2630 3854 Legit
2653 3780 2884 3836 Photius
2906 3780 2962 3834 in
2988 3776 3317 3833 Bibliotheca
3341 3772 3464 3828 cod.
3489 3771 3523 3826 ι
3549 3791 3562 3826 :

1982 3874 2326 3947 Ἀνεγνὼσθη
2356 3873 2637 3945 Θεοδώρου
2682 3871 3001 3942 ’Δντιοχέως
3039 3867 3192 3938 ὑπὲρ
3240 3862 3569 3921 Βασίλειον

1969 3971 2100 4024 κατ’
2146 3968 2448 4037 Εὐνομίου
2495 3968 2554 4020 ὲν
2610 3965 2798 4033 λόγοις
2853 3968 2955 4016 κε’.
3020 3961 3178 4014 Ἔστι
3220 3957 3277 4011 δὲ
3319 3956 3419 4024 τὴν
3468 3952 3569 4025 μὲν

1971 4061 2175 4132 φράσιν
2209 4061 2271 4113 οὐ
2305 4059 2447 4113 πάνυ
2478 4057 2754 4129 λαμπρὸς,
2785 4056 2908 4118 ταῖς
2945 4053 3003 4107 δὲ
3042 4050 3304 4113 διανοίαις
3333 4046 3569 4107 καὶτοῖς

1968 4154 2364 4225 ἐπιχειρήμασι
2378 4152 2500 4206 λίαν
2520 4151 2743 4215 πυκνὸς,
2767 4149 2864 4204 καὶ
2880 4150 3002 4210 ταῖς
3032 4145 3335 4215 γραφικαίς
3366 4139 3570 4210 ἄριστα

1974 4245 2222 4300 πλουτῶν
2269 4244 2601 4316 μαρτυρίαις
2634 4260 2648 4277 ο
2687 4242 2832 4296 κατά
2860 4239 3009 4304 λέξιν
3031 4237 3086 4290 δὲ
3110 4233 3297 4305 σχεδὸν
3319 4230 3428 4284 τῶν
3462 4228 3571 4283 Εὐ-

1974 4337 2163 4408 νομίου
2218 4336 2393 4405 λόγων
2439 4336 2538 4407 τὴν
2585 4332 2897 4403 ἀνασκευὴν
2950 4331 3185 4383 ποιεῖται
3213 4367 3226 4390 ,
3266 4321 3453 4394 ἅμαοῆ
3511 4336 3573 4376 τε

255 4423 492 4479 cessavit
528 4430 643 4472 tum
671 4427 862 4471 contra
891 4416 1154 4469 Arianam
1177 4422 1228 4467 et
1253 4411 1649 4466 Eunomianam
1672 4422 1861 4465 sectam

1976 4429 2097 4482 λίαν
2129 4427 2240 4480 τῶν
2268 4444 2327 4480 τε
2353 4425 2592 4498 ούραθεν
2631 4423 2994 4494 μαθημάτων,
3026 4418 3123 4471 καὶ
3157 4413 3339 4482 πολλῷ
3372 4409 3572 4483 μᾶλλον

254 4518 402 4572 velut
440 4519 498 4569 in
539 4513 658 4567 acie
697 4510 977 4572 dimicare,
1023 4515 1134 4560 tum
1171 4505 1564 4559 clandestinum
1595 4502 1871 4574 Apollina.

258 4611 341 4665 ris
401 4604 749 4673 manipulum
802 4603 1154 4672 impugnare,
1193 4608 1305 4653 tum
1357 4599 1614 4667 optimam
1658 4594 1876 4650 herbam

258 4702 471 4759 sanctis
499 4697 713 4754 Christi
743 4695 929 4750 ovibus
967 4693 1329 4763 suppeditare.
1374 4688 1622 4743 Meminit
1657 4702 1878 4758 quoque

257 4793 538 4851 Leontius
591 4788 896 4861 Byzantius
941 4785 1145 4843 Contra
1183 4782 1495 4837 Nestorium
1524 4789 1573 4835 et
1617 4778 1878 4850 Eutyche-

261 4901 391 4945 tem.
464 4884 547 4939 Ex
608 4883 775 4938 tertio
827 4888 884 4937 et
948 4886 1148 4950 quarto
1207 4877 1349 4931 libro
1398 4873 1644 4943 ejusdem
1696 4871 1880 4942 operis

261 4982 442 5036 multa
480 4977 791 5033 recitantur
826 4979 882 5029 in
910 4971 957 5029 Υ
989 4971 1235 5044 synodo,
1277 4970 1424 5025 dicta
1455 4967 1638 5023 collat.
1666 4964 1883 5020 Profert

260 5071 436 5125 etiam
502 5068 771 5122 nonnulla
825 5065 1163 5127 Facundus,
1215 5063 1311 5118 lib.
1373 5077 1464 5129 ιιι,
1520 5076 1643 5132 cap.
1699 5044 1773 5121 Ξ.
1830 5067 1885 5115 et

262 5165 361 5218 lib.
399 5179 455 5217 Ix
478 5202 495 5228 ,
533 5176 658 5231 cap.
692 5160 759 5223 4.
792 5168 848 5215 et
875 5160 967 5214 lib.
999 5174 1032 5212 ι
1060 5199 1073 5223 ,
1118 5173 1241 5228 cap.
1277 5157 1323 5210 Ι.
1381 5155 1463 5208 An
1505 5155 1784 5209 diversum
1817 5152 1886 5205 ab

262 5258 373 5313 hoc
398 5255 573 5310 fuerit
601 5252 750 5308 aliud
780 5268 923 5323 opus
955 5250 1209 5323 ejusdem
1243 5257 1431 5303 contra
1452 5246 1806 5315 Synusiastas
1836 5253 1887 5297 et

264 5348 746 5419 Apollinaristas?
797 5344 1143 5415 Synusiastaa
1193 5341 1327 5398 dicti
1362 5347 1493 5396 sunt
1540 5337 1888 5409 Apollinari—

266 5452 404 5510 δια»,
434 5440 591 5514 quod
644 5440 741 5495 Dei
770 5446 827 5495 ct
863 5438 1107 5494 hominis
1154 5435 1363 5491 Christi
1418 5448 1583 5488 unam
1625 5431 1888 5487 docerent

265 5551 397 5592 esse
464 5544 728 5589 naturam
794 5530 1131 5602 σύγκρατον,
1187 5527 1238 5582 id
1298 5531 1383 5581 cst
1432 5522 1780 5579 commistam
1833 5530 1887 5575 et

268 5627 672 5700 compositam,
712 5624 1012 5679 humanam
1045 5629 1100 5677 et
1133 5619 1377 5675 divinam
1414 5635 1428 5674 :
1469 5617 1701 5686 ideoque
1751 5628 1878 5684 pro-

340 5756 424 5828 (α)
466 5755 605 5812 Item
659 5751 903 5828 ϐιτὶιιυε
947 5746 1725 5828 ορειιτιξ,.δειιιειείειέίαε,ἕλιξειά
1750 5761 1875 5828 ,ελεὶε

271 5817 478 5896 είὶερι.
508 5833 615 5881 vel.
642 5817 833 5883 mm.
866 5839 957 5893 pp.
987 5820 1089 5885 to,
1124 5817 1355 5896 ls_.‘27_,
1390 5817 1526 5896 suo,
1564 5817 1709 5896 eos”.
1749 5817 1871 5871 sua.

271 5887 432 5966 Quod
467 5898 617 5954 idem
647 5903 733 5952 cst
766 5887 929 5966 atque
960 5904 1148 5950 contra
1185 5889 1567 5963 Synchyticos.
1609 5887 1729 5943 Bib.
1756 5904 1874 5942 που.

1974 4521 2074 4591 τῆς
2101 4520 2221 4588 καθ’
2256 4521 2405 4590 ἡμᾶς
2438 4517 2729 4585 θεοσοφίας
2766 4513 2875 4573 διά,
2904 4509 3117 4565 πολλῶν
3154 4500 3464 4564 ἐπιδεικνύς
3494 4515 3510 4531 ο
3543 4502 3574 4554 ὁ

1976 4616 2033 4670 Ci:
2097 4613 2473 4684 Μοψουεστίας
2524 4610 2767 4681 γεγονὼς
2832 4605 3132 4667 ἐπίσκοπος
3182 4594 3337 4661 οὗτός
3378 4597 3569 4660 ἐστιν,

1976 4703 2135 4777 οἶμαι
2161 4724 2174 4737 ·
2226 4704 2376 4760 Lecti
2408 4712 2532 4759 sunt
2576 4701 2841 4757 Theodori
2875 4694 3193 4752 Antiocheni
3238 4708 3334 4763 pro
3369 4688 3574 4744 Basilio

1977 4799 2247 4853 adversus
2298 4795 2631 4852 Eunomium
2683 4794 2805 4848 libri
2853 4790 3037 4861 viginti
3081 4788 3328 4859 quinque.
3365 4781 3465 4837 Est
3493 4781 3578 4837 illi

1976 4891 2190 4959 phrasis
2224 4905 2332 4943 non
2365 4902 2736 4958 usquequaque
2765 4885 3053 4954 conspicua
3080 4897 3099 4935 :
3122 4881 3363 4936 sensibus
3399 4888 3574 4931 tamen

1978 4991 2029 5036 et
2064 4979 2390 5049 argumentis
2428 4979 2653 5032 nimium
2685 4984 2942 5048 quantum
2970 4973 3166 5049 densus
3188 5012 3203 5035 ,
3231 4985 3400 5025 sacra:
3427 4966 3578 5023 Scri-

1981 5044 2154 5142 pturd:
2201 5071 2518 5125 testimoniis
2561 5044 2764 5141 egregie
2798 5044 3059 5122 abunddt.
3099 5063 3182 5119 Ad
3215 5060 3429 5117 verbum
3469 5058 3575 5115 fere

1986 5166 2240 5220 Eunomii
2281 5166 2517 5219 rationes
2548 5163 2767 5234 refellit,
2798 5161 3106 5231 imperitum
3139 5172 3255 5212 eum
3293 5150 3446 5208 valde
3478 5164 3577 5205 ex-

1985 5268 2259 5312 ternarum
2311 5257 2760 5327 disciplinarum,
2824 5254 3091 5323 multoque
3159 5247 3328 5317 magis
3378 5250 3577 5297 nostra:

1984 5348 2263 5420 theologia:
2291 5348 2534 5418 pluribus
2571 5346 2875 5403 ostendens.
2906 5342 3010 5397 Hic
3045 5356 3165 5395 vero
3212 5335 3575 5407 Mopsuestiae,

1985 5452 2041 5495 ttl
2071 5450 2220 5509 puto,
2257 5441 2531 5509 episcopus
2567 5440 2692 5509 fuit.
2730 5436 2925 5492 Libros
2956 5432 3099 5488 infra
3131 5431 3255 5485 cod.
3287 5428 3410 5489 l77,
3443 5426 3576 5483 dicit

1986 5532 2155 5587 fuisse
2199 5532 2392 5603 viginti
2447 5540 2593 5587 octo.
2654 5533 2811 5585 Ἐστι
2863 5527 2961 5600 μὲν
2995 5517 3151 5588 οὗτος
3189 5525 3217 5577 ὁ
3243 5521 3517 5590 Θεόδωρος
3548 5521 3579 5572 ὁ

1991 5623 2086 5678 καὶ
2121 5627 2241 5680 κατ’
2282 5626 2548 5698 Εὐνομίου
2587 5627 2644 5679 ὲν
2688 5625 2862 5677 εἴκοσι
2917 5621 3011 5675 καὶ
3061 5615 3208 5672 ὀκτὼ
3242 5615 3424 5685 λόγοις
3471 5612 3573 5666 οὐκ

1986 5737 2100 5790 PP.
2131 5748 2169 5791 ι.
2206 5736 2293 5801 ιν,
2326 5753 2377 5808 p.
2412 5736 2536 5791 445.
2569 5735 2747 5808 Atque
2787 5727 3175 5808 huic__scilicct
3210 5722 3394 5796 Cyrilli

1984 5817 2073 5877 pm
2137 5792 2509 5864 testimonium
2570 5792 2734 5861 dabat
2787 5801 3044 5874 praedicta
3086 5792 3276 5871 quinta
3332 5792 3573 5867 synodus

1982 5881 2109 5935 υιιί.
2141 5880 2190 5935 τί.
