4104 6498
519 334 582 391 9|
1787 331 1877 386 EX
1903 331 2151 388 LEONIS
2187 332 2462 391 ALLATII
3698 335 3780 393 93

522 448 769 520 ἀγεννῶς
821 448 1227 521 ἀγωνισάμενος
1250 492 1264 514 ,
1322 450 1414 503 καὶ
1486 451 1585 521 τὴν
1648 449 1926 504 Βασιλείου
1998 450 2091 504 τοῦ

2219 454 2293 508 :it.
2329 452 2403 507 Ex
2440 470 2505 508 eo
2541 453 2803 508 nonnulla
2848 454 3196 509 adducuntur
3231 454 3288 509 in
3338 454 3577 510 concilio
3610 453 3653 509 ν
3677 475 3783 529 ge-

526 540 835 606 θεσπεσίου,
872 540 1070 611 μᾶλλον
1090 541 1143 593 δὲ
1174 541 1271 611 τῆς
1299 540 1574 611 ἀληθείας,
1611 541 1891 612 κρατύνων
1921 541 2096 607 δόξαν.

527 634 679 689 Idem
729 634 813 687 hic
863 634 1160 688 Theodorus
1212 636 1300 687 ille
1345 643 1463 701 est,
1495 636 1586 705 qui
1620 635 1883 692 adversus
1914 636 2099 691 Euno-

527 726 696 779 mium
730 726 881 778 libris
919 736 1035 779 octo
1069 736 1117 778 et
1154 727 1337 795 viginti
1373 744 1474 780 non
1506 728 1735 794 segniter
1764 728 2101 799 depugnavit,

527 822 575 865 et
601 815 775 866 sancti
816 813 1011 867 Basilii
1050 815 1127 867 rel
1169 816 1436 882 ipsiusmet
1487 819 1724 870 veritatis
1773 819 1947 885 potius
1984 836 2103 873 sen-

530 904 749 956 tentiam
781 906 1136 972 conﬁrmavit.
1202 908 1261 960 lit
1300 908 1422 961 cod.
1466 907 1569 960 158
1595 947 1609 969 ,
1639 907 1883 975 ejusdem
1919 911 2104 978 operis

526 996 813 1057 meminit,
874 995 941 1049 de
989 996 1235 1049 Ειιιιοιιιίἰ
1282 996 1531 1050 adversus
1584 997 1842 1052 Basiliam
1900 1002 2104 1069 scripto

527 1086 838 1141 edisset-ens
874 1105 886 1140 :
934 1080 1007 1140 Οῧ
1061 1089 1444 1158 περιτυχόντες
1494 1090 1799 1161 Θεόδωρος,
1831 1092 1923 1145 καὶ
1964 1094 2002 1145 Γ
2008 1110 2105 1164 ρη-

527 1178 713 1247 γόριος
743 1178 978 1248 λύσσης,
1007 1181 1099 1232 καὶ
1120 1180 1445 1250 Σωφρόνιος,
1481 1174 1555 1233 ὧν
1580 1182 1930 1254 ἐμνήσθημεν
1964 1183 2106 1236 ἄνω-

530 1267 662 1334 θεν,
722 1269 942 1331 πολλαῖς
992 1271 1198 1333 αἰκίαις
1255 1271 1427 1339 λόγων
1477 1271 1893 1343 λωϐησάμενοι,
1952 1274 2105 1327 οὐδὲν

528 1353 690 1429 ἦττον
750 1358 842 1412 τοῦ
891 1360 1156 1431 προτέρου
1199 1361 1421 1430 νεκρὸν,
1471 1361 1565 1414 καὶ
1614 1363 1794 1432 πάσης
1834 1363 2106 1426 ἀπόζοντα

531 1449 869 1520 ἀκαθαρσίας
915 1450 993 1521 τῷ
1046 1452 1395 1522 γεγεννηκότι
1448 1453 1761 1525 ἀπέρριψαν
1793 1470 1806 1484 ·
1845 1453 1913 1508 1η
1966 1459 2107 1525 quod

531 1537 813 1591 incidentes
850 1537 1171 1602 Theodorus,
1208 1551 1255 1593 et
1298 1540 1577 1612 Gregorius
1604 1542 1899 1614 Nyssenus,
1953 1559 2108 1617 atque

533 1625 880 1695 Sophronias.
907 1648 1126 1700 quorum
1150 1648 1310 1699 supra
1336 1643 1413 1688 est
1458 1650 1490 1686 a
1535 1635 1685 1689 nobis
1716 1636 1861 1704 facta
1888 1639 2104 1701 mentio.

532 1720 715 1773 multis
738 1738 1034 1774 sermonum
1065 1724 1236 1793 plagis
1264 1741 1366 1778 non
1403 1741 1550 1778 secus
1578 1742 1735 1795 quam
1765 1727 1913 1792 prius
1960 1730 2108 1783 aliud

2202 545 2395 608 nerali,
2420 533 2711 599 collatione
2742 545 2776 599 4
2804 546 3005 614 saepius
3039 544 3278 600 laudata.

2271 633 2493 691 Librum
2531 636 2658 691 item
2696 635 2766 689 ad
2818 636 3189 705 baptisandos.
3220 635 3299 690 Ex
3344 651 3455 707 quo
3506 640 3783 697 nonnullt

2203 727 2507 784 afferuntur
2536 729 2590 782 in
2633 727 2678 782 V
2711 728 2940 799 synodo,
2968 729 3149 783 collat.
3182 729 3350 793 dicta,
3388 738 3442 785 et
3473 729 3651 800 aliqua
3686 746 3785 787 re-

2202 821 2339 872 citat
2368 817 2661 874 Facundos
2685 819 2778 875 lib.
2820 837 2893 883 ιιι,
2925 834 3045 889 cap.
3075 821 3130 886 5,
3159 835 3225 873 ex
3260 820 3399 875 libro
3435 820 3504 873 ad
3536 820 3786 889 baptiza-

2206 912 2306 958 tos.
2338 905 2557 960 ldemne
2598 907 2650 960 id
2684 906 2866 970 fuerit,
2901 923 2969 961 an
2996 908 3270 962 diversum
3293 909 3470 977 opus?

2275 996 2351 1051 De
2370 997 2747 1052 lncarnatione
2772 1000 2938 1055 libros
2960 1016 3049 1054 xv.
3080 999 3297 1055 Decimo
3318 1001 3512 1069 quinto
3540 1016 3785 1070 namque

2206 1087 2349 1141 libro
2379 1089 2554 1157 ipsum
2583 1097 2754 1142 totum
2790 1105 2927 1159 opus
2956 1088 3031 1143 De
3066 1087 3439 1143 lncarnatione
3483 1090 3781 1153 conclusit,

2209 1188 2268 1232 ut
2309 1177 2475 1233 refert
2513 1177 2804 1235 Facundos
2846 1180 2941 1234 lib.
2991 1195 3065 1246 ιιι,
3110 1195 3230 1250 cap.
3276 1181 3329 1235 3.
3373 1179 3571 1234 Eorum
3615 1195 3787 1250 argu-

2208 1274 2391 1321 menta
2442 1277 2691 1323 recenset
2747 1269 3064 1323 Gennadius
3093 1267 3189 1321 'De
3237 1269 3361 1321 viris
3390 1268 3471 1322 ill.
3501 1282 3623 1337 cap.
3646 1267 3729 1331 ⁴12
3763 1286 3781 1323 :

2212 1357 2512 1412 Theodorus
2544 1358 2882 1412 Antiocheam
2915 1358 3163 1413 Ecclesia’
3188 1359 3470 1429 presbyter.
3510 1359 3587 1411 uir
3609 1358 3788 1412 scien—

2210 1448 2287 1499 tia
2316 1458 2525 1510 cautus,
2552 1459 2597 1501 et
2628 1448 2808 1516 lingua
2831 1447 3082 1508 disertus.
3106 1447 3318 1513 scripsit
3340 1445 3586 1499 adversus
3617 1446 3786 1513 Apol-

2211 1538 2484 1591 linaristas
2524 1547 2572 1591 el
2612 1537 2973 1592 Eunomianos
3012 1537 3087 1593 De
3134 1537 3515 1592 Incarnatione
3562 1536 3785 1590 Domini

2210 1628 2375 1683 libros
2401 1628 2719 1698 quindecim,
2762 1629 2832 1683 ad
2858 1629 3153 1699 quindecim
3182 1628 3352 1692 millia
3382 1643 3623 1682 versuum
3654 1643 3787 1680 con--

2212 1719 2450 1774 tinentes.
2489 1720 2554 1773 1η
2599 1721 2785 1790 quibus
2815 1721 3020 1773 ratione
3055 1720 3341 1788 purissima
3382 1726 3432 1772 et
3465 1717 3786 1771 testimoniis

533 1811 863 1879 conﬁcientes
883 1855 895 1877 ,
930 1815 1174 1883 jampra:
1199 1817 1502 1885 impuritate
1523 1818 1723 1871 olidum
1752 1820 1802 1873 in
1840 1831 2106 1877 auctorem
2140 1787 2181 1842 Β
2212 1807 2605 1877 Scripturarum
2628 1810 2849 1863 ostendit
2873 1807 3372 1869 Dominumlesum.
3392 1810 3527 1861 sicut
3549 1807 3789 1875 plenitu-

534 1917 689 1953 suum
726 1906 1079 1971 projccerunt.
1125 1904 1206 1956 An
1250 1921 1312 1958 ex
1354 1906 1457 1960 boc
1492 1907 1572 1959 vel
1627 1908 1897 1975 superiori
1944 1924 2108 1979 opere

534 1989 789 2062 decerpta
822 2003 968 2057 sunt,
1002 2011 1121 2064 quae
1154 1996 1345 2049 recitat
1372 1994 1662 2051 Facundos
1692 1998 1784 2051 lib.
1805 2014 1878 2062 Ix,
1909 2014 2027 2070 cap.
2052 2003 2106 2065 5,

534 2077 679 2147 quis,
708 2096 830 2133 cum
862 2092 1113 2137 neutrum
1139 2092 1334 2148 exstet,
1366 2086 1729 2153 dijudicabit?

606 2193 866 2248 Adversus
901 2193 1177 2264 Origenem
1208 2198 1271 2252 de
1292 2200 1546 2270 allegoria
1569 2214 1617 2257 et
1648 2206 1871 2261 historia
1897 2210 1965 2262 ad
1990 2210 2113 2265 Cer-

534 2283 744 2338 donem.
803 2284 958 2339 Unde
1002 2296 1056 2341 et
1116 2287 1572 2359 Origenianorum
1627 2296 1811 2352 odium
1858 2301 2109 2357 incurrit.

538 2367 830 2425 Facundos
861 2373 955 2428 ιιι).
990 2391 1070 2439 ιιι,
1096 2392 1217 2443 cap.
1255 2379 1308 2433 6.

609 2484 875 2539 Adversus
912 2504 999 2542 eos
1027 2492 1117 2559 qui
1176 2505 1418 2549 asserunt
1465 2515 1681 2565 peccare
1712 2503 1971 2560 hominem
2017 2525 2116 2563 na-

541 2583 663 2629 tura
687 2593 789 2630 non
814 2579 1093 2645 voluntate,
1129 2584 1298 2639 libros
1326 2589 1590 2657 quinque.
1621 2591 1774 2663 Legit
1806 2595 2032 2652 Photinus
2056 2600 2111 2654 in

536 2667 867 2724 Bibliotheca
895 2673 1017 2727 cod.
1058 2675 1161 2728 177
1190 2695 1203 2730 :
1250 2679 1588 2752 Ἅνεγνὼσθη
1615 2684 1817 2752 βίϐλιον
1850 2683 1909 2740 οὗ
1939 2694 1971 2760 ἡ
2003 2693 2117 2745 ἐπι-

536 2761 743 2831 γραφὴ.
806 2764 1106 2833 Θεοδώρου
1169 2769 1534 2840 Ἀντιοχέως,
1588 2777 1616 2828 ὁ
1660 2778 2007 2844 Μοψονστίας
2058 2784 2115 2836 δέ

537 2854 705 2917 ἐστιν,
729 2854 803 2917 ὡς
828 2856 933 2909 ἀπό
963 2874 1123 2912 τινων
1146 2861 1445 2914 ἐπιστολῶν
1470 2865 1762 2937 ἐμάθομεν,
1788 2871 1943 2937 Πρὸς
1976 2874 2117 2939 τοὺς

537 2945 850 3016 λέγοντας,
893 2952 1074 3020 φύσει
1097 2954 1195 3007 καὶ
1233 2957 1304 3008 οὐ
1337 2956 1535 3025 γνώμῃ
1564 2962 1795 3014 πταίειν
1829 2964 1969 3030 τοὺς
2006 2969 2114 3020 ἀν-

540 3037 829 3105 θρώπους.
872 3043 1286 3112 Διαπεραίνεται
1330 3048 1429 3114 μὲν
1479 3049 1625 3117 αὐτῷ
1671 3054 1699 3104 ό
1742 3054 1875 3125 πρὸς
1920 3058 2115 3123 αὐτοὺς

541 3127 691 3195 ἁγὼν
711 3132 768 3182 ἐν
789 3129 965 3199 λόγοις
993 3135 1174 3199 πέντε,
1203 3136 1335 3207 πρὸς
1356 3138 1412 3191 δὲ
1434 3140 1559 3204 τοὺς
1592 3144 1696 3195 ἀπὸ
1728 3130 1927 3211 δύσεως
1956 3150 2115 3204 τοῦτο

541 3221 602 3273 τὸ
634 3220 845 3292 νόσημα
895 3228 1251 3297 νενοσηκότας
1300 3222 1501 3300 γράφει
1551 3234 1611 3286 τὸ
1659 3235 1879 3304 βιϐλίον,
1911 3234 1985 3293 ὧν
2023 3244 2117 3297 καὶ

541 3315 641 3383 τῆς
674 3314 936 3384 αἱρέσεως
973 3318 1212 3389 ἀρχηγὸν
1244 3321 1390 3390 λέγει
1429 3326 1698 3392 γενέσθαι.
1742 3330 1979 3386 Ἐκεῖθεν
2020 3335 2118 3405 μὲν

542 3405 879 3477 ὁρμώμενον,
910 3413 1021 3474 τοῖς
1048 3412 1103 3464 δὲ
1136 3415 1233 3484 τῆς
1272 3416 1536 3486 ἀνατολῆς
1564 3421 1994 3492 ἐπιχωριάζοντα
2032 3428 2122 3480 τό-

546 3514 690 3560 ποις,
723 3501 817 3552 καὶ
845 3503 1206 3561 συντάττοντα
1230 3506 1419 3574 λόγους
1447 3511 1586 3581 ὑπὲρ
1609 3513 1708 3581 τῆς
1733 3519 2122 3586 καινοποιηθεί-

548 3603 646 3656 σης
672 3588 820 3658 αὑτῷ
849 3593 1130 3660 αἱρέσεως,
1158 3594 1482 3666 διαπέμπειν
1505 3601 1614 3662 τοῖς
1633 3601 1693 3652 τὸ
1716 3604 1964 3673 πατρῷον
1996 3604 2119 3657 ἐδα-

547 3693 644 3744 φος
691 3680 954 3734 οἰκοῦσιν·
991 3684 1080 3752 ὑφ’
1121 3678 1196 3737 ὧν
1249 3688 1342 3739 καί¹
1397 3690 1621 3755 πολλοὺς
1667 3693 1843 3745 ἐκεῖσε
1884 3696 2018 3767 πρὸς
2062 3696 2123 3750 τὸ

544 3769 743 3822 οἰκεῖον
782 3772 1035 3842 φρόνημα
1082 3774 1325 3838 ἑλκύσαι,
1374 3777 1449 3836 ὡς
1497 3779 1589 3832 καὶ
1631 3782 1955 3852 Ἐκκλησίας
1996 3785 2124 3849 ὅλας

544 3859 640 3913 τοῦ
671 3862 840 3932 ἀτοπή
852 3880 1016 3931 ματος
1041 3864 1387 3936 πληρωθῆναι
1414 3886 1427 3899 ·
1461 3868 1676 3923 Lectum
1702 3881 1779 3925 est
1802 3890 1930 3941 opus
1959 3874 2125 3929 Theo-

546 3951 667 4005 dori
708 3956 1036 4019 Antiocheni,
1069 3960 1156 4026 qui
1188 3958 1585 4025 Mopsuestenus
1614 3964 1705 4017 ille
1727 3966 1996 4035 episcopus
2022 3978 2125 4031 est,

548 4052 607 4096 ut
636 4059 701 4097 ex
734 4047 1048 4114 quibusdam
1094 4051 1331 4110 epistolis
1379 4054 1737 4121 cognovimus,
1771 4056 1867 4108 hoc
1924 4058 2077 4110 titulo
2104 4074 2123 4110 :

549 4135 751 4191 Contra
803 4147 1114 4195 asserentes
1154 4158 1384 4210 peccare
1435 4124 1684 4198 homines
1744 4156 1962 4210 natura,
2013 4164 2122 4202 non

549 4226 847 4281 voluntate.
890 4228 971 4283 Ea
1019 4230 1308 4299 disputatio
1343 4236 1566 4304 quinque
1616 4236 1766 4290 libris
1800 4239 2121 4305 absolvitur,

549 4334 680 4387 quos
711 4319 960 4374 adrersus
991 4324 1336 4380 occidentales
1367 4326 1465 4379 hac
1496 4328 1613 4380 labe
1640 4328 1860 4397 infectos
1890 4332 2120 4400 scripsit.

551 4409 686 4465 Inde
700 4414 839 4465 enim
866 4415 1146 4469 oriundum
1169 4417 1562 4487 lueresishujus
1591 4424 1929 4475 auctoremin
1944 4425 2125 4483 Orien-
2156 4447 2199 4501 ι)

552 4505 620 4558 tis
650 4505 804 4558 modo
835 4508 1134 4576 regionibus
1176 4511 1398 4572 uersari,
1434 4510 1697 4581 librosque
1730 4512 1792 4566 de
1823 4530 2000 4569 recens
2033 4515 2124 4569 abs

551 4612 607 4650 se
628 4598 924 4667 excogitata
948 4599 1135 4653 harresi
1164 4603 1479 4670 compositos
1514 4603 1583 4655 ad
1614 4606 1891 4671 populares
1922 4623 2044 4660 suos
2075 4606 2130 4660 in

550 4690 779 4756 patriam
817 4693 1172 4745 transmittere
1202 4702 1447 4755 narrant,
1479 4702 1535 4746 ut
1558 4695 1677 4761 jam
1708 4695 1781 4747 ibi
1811 4697 2004 4749 multos
2038 4711 2130 4763 per

552 4779 687 4832 hanc
731 4790 898 4834 artem
932 4782 989 4834 in
1038 4800 1189 4837 suam
1244 4785 1562 4848 pertraxerit
1597 4772 1954 4846 sententiam.
1995 4787 2129 4839 inte-

556 4886 783 4940 grosque
821 4872 952 4927 adeo
991 4873 1256 4929 Ecclesia:
1290 4875 1535 4929 absurdis
1576 4875 1687 4937 illis
1724 4877 1970 4929 imbuerit
2018 4877 2134 4944 opi-

557 4962 800 5018 nionibus
823 4963 922 5036 (a).
953 4963 1081 5021 Pete
1128 4967 1336 5036 reliqua
1369 4966 1440 5020 ab
1479 4966 1692 5020 eodem.
1733 4968 1792 5020 In
1828 4967 1931 5020 hoc
1963 4968 2129 5021 etiam

556 5055 725 5107 multa
756 5071 863 5110 non
886 5072 1015 5110 sana
1049 5058 1380 5126 inspersisse
1408 5057 1548 5112 idem
1577 5058 1805 5114 Photius
1828 5058 2133 5124 adnotavit,

556 5151 610 5199 et
640 5148 951 5218 qualisnam
984 5148 1085 5202 fuit
1117 5150 1169 5203 in
1197 5165 1262 5203 eo
1284 5165 1449 5219 opere
1477 5152 1772 5219 expressit.

631 5258 775 5330 Opus
807 5261 1107 5331 mysticum.
1135 5259 1215 5313 Ex
1249 5262 1408 5330 cujus
1438 5261 1582 5314 libro
1614 5261 1779 5314 tertio
1802 5260 2014 5315 decimo
2041 5276 2131 5315 re-

557 5349 693 5403 citat
714 5351 1006 5406 Facundos
1032 5351 1127 5405 lib.
1160 5366 1241 5412 ιιι,
1261 5366 1380 5421 cap.
1410 5350 1462 5415 Ι,
1492 5350 1653 5405 verba
1684 5359 1876 5404 contra
1908 5349 2133 5405 Paulum

560 5434 1002 5496 Samosatenum.

636 5544 790 5613 Quod
827 5549 966 5603 Deus
994 5560 1265 5618 peccatum
1310 5549 1509 5615 docuit,
1539 5560 1585 5603 et
1631 5560 1846 5608 mortem
1888 5552 2130 5605 introdu-

2209 1897 2382 1951 dinem
2401 1898 2637 1960 deitalis,
2658 1899 2731 1950 ita
2757 1898 3133 1964 plenitudinem
3150 1897 3496 1950 humanitatis
3514 1895 3786 1951 habuisse.

2214 1988 2370 2042 Docet
2388 1999 2437 2042 et
2454 1989 2712 2042 hominem
2736 1988 2939 2041 duabus
2956 1998 3160 2042 tantum
3179 1989 3494 2043 substantiis
3515 1998 3787 2050 constare,

2209 2081 2266 2134 id
2293 2091 2368 2135 est
2406 2083 2587 2135 anima
2622 2093 2669 2134 et
2705 2098 2951 2147 corpore,
2974 2098 3284 2151 sensumque
3303 2091 3352 2135 et
3394 2082 3638 2150 spiritum
3680 2097 3799 2135 non

2210 2173 2432 2227 alteram
2471 2173 2849 2238 substantiam,
2904 2173 2992 2227 sed
3023 2173 3189 2242 officia
3244 2190 3356 2227 esse
3404 2175 3596 2227 anian
3626 2173 3796 2242 inge-

2212 2264 2345 2328 nita,
2393 2264 2578 2332 quibus
2628 2264 2815 2330 spirat,
2860 2245 3047 2331 quibus
3098 2262 3378 2315 rationalis
3431 2273 3547 2327 est,
3593 2262 3794 2329 quibus

2213 2354 2459 2407 sensibile
2493 2354 2621 2422 facit
2654 2368 2861 2420 corpus.
2893 2353 3157 2417 Quartum
3183 2353 3440 2406 decimum
3474 2362 3649 2404 autem
3684 2350 3792 2403 hu-

2204 2445 2296 2513 jus
2324 2445 2491 2513 operis
2528 2445 2718 2497 librum
2750 2445 2959 2513 proprie
2998 2443 3060 2498 de
3095 2448 3331 2498 increata
3357 2453 3405 2497 et
3438 2443 3555 2497 sola
3604 2444 3792 2497 incor—

2211 2553 2369 2605 porea
2403 2536 2717 2604 dominaque
2749 2536 2980 2588 omnium
3023 2545 3210 2587 sancta
3245 2533 3525 2587 Trinitatis
3568 2541 3795 2599 natura,

2213 2636 2261 2679 et
2291 2626 2352 2678 de
2394 2636 2757 2677 creaturarum
2788 2623 2993 2675 ratione
3033 2620 3312 2685 disserens,
3356 2622 3442 2687 pio
3484 2635 3639 2672 sensu
3667 2632 3799 2669 cum

2215 2719 2531 2771 auctoritate
2553 2726 2857 2770 sanctarum
2878 2715 3276 2783 Scripturarum
3299 2711 3582 2779 explicuit;
3606 2710 3799 2779 quinto

2214 2810 2414 2862 decimo
2447 2824 2561 2862 vero
2587 2808 2867 2871 uolumine,
2902 2816 3067 2859 totum
3101 2807 3270 2874 operis
3315 2805 3399 2857 sui
3428 2818 3636 2872 corpus,
3665 2802 3802 2853 cita-

2218 2903 2286 2954 tis
2323 2901 2544 2953 Patrum
2592 2897 2988 2960 traditionibus,
3033 2895 3367 2965 conﬁrmavit
3412 2903 3461 2947 et
3501 2891 3803 2945 centumui-

2217 2993 2306 3045 cit.
2324 2988 2926 3045 MeminitJustinianns
2953 2988 3004 3040 in
3028 2986 3216 3040 Edicto
3243 2985 3317 3038 De
3336 2984 3439 3053 ﬁde
3466 2982 3802 3036 orthodoxa:

2144 3116 2187 3175 C
2231 3082 2388 3134 Ἀλλὰ
2415 3084 2507 3135 καὶ
2536 3080 2641 3133 τῶν
2675 3079 2766 3131 δύο
2792 3079 3002 3147 φύσεων
3039 3078 3165 3147 μίαν
3207 3077 3451 3146 δύναμιν,
3493 3076 3609 3146 ἦτοι
3637 3074 3802 3128 δυνα-

2221 3177 2403 3228 στείαν
2433 3173 2624 3241 λέγων,
2647 3174 2673 3224 ὁ
2695 3170 2908 3242 γράψας
2930 3171 3026 3241 τὴν
3058 3170 3343 3239 ἐπιστολὴν
3372 3168 3601 3239 φανερός
3623 3169 3799 3229 ἐστιν,

2219 3267 2294 3329 ὡς
2331 3267 2422 3318 καί
2452 3269 2507 3318 ἐν
2556 3264 2727 3333 τούτῳ
2761 3258 3041 3315 ἀκολουθεῖ
3084 3264 3195 3324 τοῖς
3234 3262 3543 3331 είρημένοις
3586 3259 3800 3328 αἱρετιο

2222 3359 2354 3420 κοῖς,
2384 3353 2643 3425 Θεοδώρῳ
2685 3354 2783 3423 μὲν
2814 3353 3022 3421 λέγοντι
3055 3354 3111 3404 ἐν
3145 3354 3255 3413 τοῖς
3290 3351 3415 3421 περὶ
3447 3349 3807 3419 ἐνανθρωπή-

2223 3464 2359 3509 σεως
2389 3444 2550 3497 αὐτοῦ
2584 3444 2856 3513 διαφόροις
2896 3442 3073 3510 λόγοις
3118 3440 3327 3504 ἀσεϐῶς
3372 3441 3657 3501 ἐκτεθεῖσι,
3694 3439 3809 3491 Νε-

2224 3538 2424 3608 στορίῳ
2456 3537 2512 3588 δὲ
2561 3536 2617 3588 ἐν
2659 3534 2873 3597 πολλοῖς
2916 3534 3339 3602 συγγράμμασιν
3366 3549 3377 3561 ’
3423 3531 3559 3597 Quin
3591 3539 3639 3583 et
3679 3546 3803 3582 cum

2223 3631 2449 3683 duarum
2502 3637 2817 3680 naturarum
2853 3643 3011 3680 unam
3069 3626 3307 3678 virtutem
3357 3624 3463 3676 sive
3512 3612 3803 3689 potentiam

2224 3733 2408 3775 auctor
2444 3720 2679 3789 epistolae
2708 3718 2918 3781 asserit,
2949 3716 3103 3784 plane
3132 3731 3185 3769 se
3220 3712 3395 3781 prodit
3428 3713 3806 3767 ha'reticarum

2225 3814 2576 3867 assertionum
2618 3819 2945 3869 sectatorem,
2981 3805 3237 3861 Theodori
3266 3804 3495 3874 quidem,
3529 3805 3616 3873 qui
3662 3803 3809 3855 idem

2225 3905 2444 3959 diversis
2476 3902 2549 3957 De
2574 3902 2951 3956 lncarnatione
2982 3899 3133 3951 libris
3160 3898 3317 3965 impie
3340 3895 3497 3950 editis
3532 3895 3757 3965 afﬁrmat
3786 3909 3806 3946 :

2229 3998 2466 4053 Nestorii
2524 4012 2642 4050 vero
2695 3995 2750 4047 in
2803 3993 2961 4047 variis
2996 3992 3231 4058 scriptis,
3282 3997 3389 4042 etc.
3445 3986 3511 4041 Et
3561 3987 3808 4058 (lyrinus
3855 4020 3867 4027 -

2226 4089 2632 4143 Alexandrinus
2667 4087 2729 4156 (t.
2770 4084 2836 4150 ν,
2870 4093 3011 4155 part.
3054 4098 3113 4147 ιι,
3166 4098 3220 4151 p.
3274 4081 3420 4150 l98),
3474 4081 3528 4133 in
3569 4079 3808 4149 epistola

2228 4181 2292 4236 ad
2329 4181 2558 4236 clericos
2597 4188 2644 4234 et
2697 4178 3026 4248 Lamponcm
3074 4176 3492 4247 presbyterum:
3547 4172 3810 4245 ᾘτιῶντο

2225 4273 2281 4327 δὲ
2312 4273 2434 4336 τοὺς
2469 4271 2797 4333 ἐπισκόπους
2824 4268 2924 4337 τῆς
2962 4268 3222 4335 ἀνατολῆς
3263 4266 3339 4328 ὡς
3387 4264 3793 4334 ἁποσιωπήσαν

2227 4383 2324 4428 τας
2354 4363 2451 4435 μὲν
2484 4362 2643 4432 δῆθεν
2685 4362 2744 4414 τὸ
2788 4358 3081 4430 Νεστορίου
3126 4357 3313 4426 ὄνομα,
3349 4357 3442 4413 καὶ
3481 4371 3810 4424 προσποιου-

2232 4455 2422 4526 μένους
2444 4453 2605 4505 αὺτον
2638 4448 3091 4519 ἀποστρέφεσθαι,
3127 4447 3608 4518 μεταπηδήσαντας
3636 4445 3690 4498 δὲ
3714 4444 3815 4506 ἐπὶ

2226 4547 2294 4601 τὰ
2331 4544 2606 4615 Θεοδώρου
2640 4542 2817 4612 βιϐλία
2842 4541 2910 4592 τὰ
2939 4540 3065 4611 περὶ⁵
3103 4540 3201 4608 τῆς
3233 4538 3715 4611 ὲνανθρωπήσεως,
3750 4537 3815 4589 ἐν

2227 4634 2308 4701 οἷς
2357 4634 2532 4705 πολλῷ
2574 4633 2949 4703 χαλεπώτεραι
2977 4631 3083 4683 τῶν
3140 4631 3432 4703 Νεστορίου
3488 4629 3814 4701 δυσφημιῶν

2229 4728 2335 4779 εἱσι
2365 4726 2644 4794 κείμεναισ
2680 4723 2860 4791 πατὴρ
2888 4721 2996 4791 γὰρ
3030 4722 3219 4790 γέγονε
3249 4723 3347 4792 τῆς
3376 4721 3669 4792 Νεστορξω
3705 4736 3812 4772 κα·-

2229 4816 2495 4880 κοδοξίας,
2531 4813 2625 4865 καὶ
2651 4812 2718 4864 τὰ
2755 4811 2917 4865 αὐτοῦ
2959 4812 3198 4883 λαλήσας
3224 4813 3250 4863 ὁ
3291 4811 3552 4880 δυσσεϐὴς
3594 4812 3650 4861 ἐν
3692 4807 3813 4861 τού-

2232 4925 2345 4969 τοις
2376 4899 2617 4974 γέγονεν,
2671 4904 2728 4956 ἐν
2766 4900 2846 4965 οἷς
2884 4902 2979 4957 νῦν
3017 4906 3161 4957 ἐστιν
3188 4921 3201 4933 ο
3248 4901 3581 4955 Accusabant
3634 4910 3813 4962 autem

2236 4995 2515 5051 orientales
2543 4994 2838 5063 episcopos,
2868 4994 3043 5060 quasi
3065 5003 3292 5046 tacentes
3322 4992 3530 5061 quidem
3572 4989 3812 5043 Nestorii

2236 5104 2444 5153 nomen,
2471 5095 2520 5140 et
2563 5085 2957 5139 dissimulantes
2991 5102 3108 5139 eum
3156 5084 3411 5145 aversari,
3454 5081 3813 5137 transilientes

2235 5190 2409 5235 autem
2444 5179 2512 5231 ad
2546 5178 2797 5233 Theodori
2820 5179 2981 5232 libras
3017 5177 3097 5232 De
3116 5176 3515 5236 lnam-natione.
3540 5177 3595 5228 in
3624 5174 3813 5244 quibus

2240 5273 2404 5327 multo
2430 5271 2630 5341 pejores
2658 5269 2893 5327 Nestor-ii
2928 5267 3263 5337 blasphcmiis
3302 5271 3486 5334 posita!
3517 5277 3637 5322 sunt
3658 5283 3681 5330 ί
3713 5282 3814 5334 pa-

2242 5376 2318 5421 ter
2352 5366 2490 5421 enim
2539 5365 2644 5434 fuit
2681 5362 2916 5417 Nestorii
2964 5360 3218 5429 perﬁdiae,
3266 5370 3314 5418 et
3364 5360 3509 5413 illius
3564 5358 3815 5429 dogmata

2240 5459 2497 5523 elocutus,
2526 5456 2855 5525 irreligiosus
2872 5455 2925 5507 in
2951 5455 3030 5507 his
3052 5453 3224 5523 factus
3249 5462 3347 5515 est,
3372 5453 3424 5505 in
3448 5451 3634 5522 quibus
3658 5450 3813 5505 modo

2241 5560 2339 5606 est.
2379 5549 2547 5605 Multa
2580 5546 2744 5617 impia
2777 5561 2845 5601 ex
2878 5546 2975 5600 lib.
3013 5560 3051 5615 ι,
3085 5562 3143 5609 ιι,
3176 5561 3270 5610 vn,
3307 5560 3425 5609 vm,
3469 5560 3565 5608 xu,
3599 5558 3717 5605 xm,
3759 5550 3815 5597 ct

637 5737 713 5802 ta)
749 5731 862 5805 lloc
889 5729 1410 5805 Theodorumlibro
1442 5733 1780 5797 vulnerassc,
1819 5735 1864 5789 si
1898 5734 2008 5791 ﬁeri
2037 5733 2324 5805 potuisset,
2363 5728 2420 5784 S.
2447 5728 2832 5798 Hieronymum
2865 5723 2933 5778 ob
2959 5736 3021 5778 ea
3049 5734 3169 5791 qua:
3202 5718 3463 5777 adversus
3492 5716 3817 5789 Pelagianos

567 5801 872 5871 scribebat,
905 5801 1114 5874 jamdiu
1147 5802 1404 5875 philologi
1446 5812 1800 5877 agnoverunt.
