4104 6494
205 373 270 432 95
1439 388 1769 447 DlA'l‘RIBA
1800 391 1889 446 DE
1927 390 2342 453 THEODORIS.
3452 398 3524 458 93

208 504 295 548 xiv
323 490 661 545 recitantur
692 490 748 546 in
779 492 825 546 ν
868 495 1101 565 synodo.
1133 495 1272 553 Vide
1300 500 1465 554 etiam
1509 500 1825 563 Facundum
1859 514 1900 569 Α
1932 503 2107 571 posita
2138 503 2378 572 falsitate
2416 512 2832 571 corrumperent.
2865 506 2935 559 At
2964 505 3053 560 ille
3081 506 3204 561 hinc
3233 506 3313 562 vel
3338 524 3524 564 eorum

134 594 141 598 ‘
208 584 293 655 qui
326 582 666 652 saepissime
719 586 868 640 illius
919 589 1103 657 operis
1145 592 1475 649 testimoniis
1527 598 1717 650 utitur.
1759 596 1831 650 Ea

212 688 387 731 tamen
434 673 667 730 inserta
721 692 845 733 esse
881 680 951 733 ab
998 681 1292 745 limrctiuis,
1328 691 1381 737 et
1421 684 1833 754 Apollinaristis

212 767 607 839 potissimum,
640 776 884 823 testatur
915 771 1177 825 idemuiet
1210 771 1554 840 Theodorus,
1586 776 1640 831 in
1678 780 1833 847 prin-

213 858 348 926 cipio
384 859 619 927 aperis,
655 861 747 912 cui
781 860 1003 914 titulum
1040 861 1243 916 fecerat
1279 882 1290 917 :
1332 862 1407 917 De
1443 866 1746 932 Apollinari
1785 877 1834 921 et

210 952 318 1019 ejus
350 951 585 1006 haresi.
624 951 811 1007 Verba
849 953 972 1021 ejus
1020 954 1341 1008 referuntur
1374 971 1402 1008 a
1444 954 1702 1012 Facundo
1737 959 1832 1015 lib.

214 1061 263 1107 ι,
294 1059 421 1112 cap.
454 1044 483 1096 1
526 1063 541 1099 :
572 1045 723 1100 Ante
754 1048 978 1116 triginta
1016 1048 1151 1100 enim
1181 1049 1290 1115 jam
1323 1048 1418 1103 hos
1451 1067 1621 1104 annos
1648 1052 1719 1106 De
1747 1051 1836 1105 ln-

214 1138 541 1191 carnatione
574 1137 802 1192 Domini
846 1140 1080 1193 codicem
1121 1142 1534 1209 conscripsimus
1577 1160 1740 1213 usque
1765 1148 1836 1198 ad

217 1228 520 1298 quindecim
553 1232 741 1284 millia
781 1248 1024 1285 versuum
1060 1234 1454 1303 pertingenlem.
1492 1235 1558 1289 In
1587 1254 1687 1305 quo
1719 1238 1838 1291 Arii

215 1335 257 1375 et
287 1320 559 1375 Eunomii
587 1323 658 1377 de
700 1323 803 1376 hac
838 1341 893 1377 re
936 1325 1148 1387 delicta,
1179 1342 1380 1379 necnon
1427 1328 1589 1380 etiam
1627 1328 1836 1396 Apolli-

214 1417 354 1469 narii
408 1432 621 1470 vanam
657 1419 1126 1485 praesumptionem
1175 1435 1269 1487 per
1308 1428 1476 1472 totum
1523 1419 1660 1473 illud
1704 1437 1836 1489 opus

214 1512 680 1575 examinavimus,
718 1519 777 1563 ut
809 1510 965 1572 nihil,
1007 1511 1145 1564 sicut
1178 1528 1292 1565 mea
1331 1511 1433 1582 fert
1465 1513 1659 1581 opinio,
1697 1530 1837 1582 pra:-

218 1605 431 1657 terirem
461 1618 535 1656 ea:
561 1603 651 1656 his
669 1620 790 1673 quae
823 1602 895 1656 ad
924 1604 1233 1673 ﬁrmitatem
1269 1605 1639 1660 ecclesiastica:
1659 1605 1833 1659 ortho—

217 1695 389 1750 deria
416 1696 787 1763 pertinerent,
815 1705 863 1749 et
896 1696 967 1749 ad
992 1696 1403 1750 convincendam
1433 1713 1615 1750 eorum
1651 1697 1836 1765 impie—

218 1797 399 1842 tatem.
444 1786 561 1842 Sed
614 1788 670 1841 hi
725 1789 819 1859 qui
846 1791 1028 1842 omnia
1077 1789 1338 1858 facillime
1391 1799 1741 1854 pra‘sumunt,
1782 1798 1834 1843 et

1938 595 2225 659 malitiam,
2278 594 2355 648 vel
2398 594 2717 663 facilitatem
2761 596 3144 651 catholicorum
3196 597 3525 669 ﬁducialiter

1936 688 2214 760 arguebat,
2247 691 2385 757 quod
2406 687 2588 758 palam
2610 686 2927 757 prmdicaret
2955 689 3007 741 in
3050 688 3292 745 Ecclesia
3322 690 3526 747 Christi

1935 794 2052 850 qutc
2077 794 2224 833 sana:
2254 777 2512 831 doctrina:
2548 787 2913 848 congruerent,
2946 787 2995 832 et
3035 795 3134 832 vox
3167 782 3284 848 ejus
3313 781 3526 849 ﬁdelior

1936 870 2152 939 scriptis
2175 878 2309 923 esset
2344 868 2413 923 ad
2436 869 2807 922 documentum
2846 886 2957 923 sua:
2989 873 3283 925 sententite.
3323 875 3519 928 Absen-

1938 962 2003 1015 tis
2029 962 2167 1015 enim
2195 961 2420 1030 scripta,
2456 976 2573 1030 qua:
2601 961 2872 1029 corrumpi
2908 959 2971 1013 ab
3005 961 3237 1013 inimicis
3276 960 3525 1027 Ecclesia:

1936 1062 2179 1123 possunt,
2208 1054 2348 1107 vocis
2371 1052 2485 1121 ejus
2505 1052 2804 1105 testimonio
2824 1053 3066 1121 praeferri
3089 1070 3190 1106 non
3214 1053 3523 1107 debuerant.

1937 1147 2004 1201 Et
2045 1148 2143 1201 lib.
2179 1163 2256 1209 ix,
2286 1162 2407 1217 cap.
2442 1148 2474 1201 3
2504 1165 2518 1199 :
2556 1144 2699 1198 Nam
2729 1146 2813 1198 cui
2844 1145 2966 1201 bene
2995 1149 3238 1200 sentienti
3269 1165 3372 1201 non
3411 1147 3526 1217 suf-

1939 1238 2117 1307 ﬁceret
2146 1236 2217 1289 ad
2261 1240 2680 1306 cognoscendam
2715 1235 2977 1289 Theodori
3023 1236 3203 1304 ﬁdem,
3240 1238 3350 1304 ipse
3380 1238 3529 1293 solus

1936 1327 2171 1391 eiusdem
2203 1328 2371 1395 operis
2399 1326 2626 1381 titulus?
2660 1326 2790 1392 Quis
2820 1330 2957 1382 enim
2995 1343 3115 1381 eum
3147 1327 3368 1382 audiens
3404 1345 3531 1381 con—

1936 1419 2137 1473 didisse
2163 1420 2325 1472 libros
2358 1418 2431 1473 De
2453 1421 2850 1482 incarnatione,
2872 1428 3047 1483 aut,ut
3066 1421 3275 1489 proprie
3305 1420 3402 1474 hoc
3426 1436 3525 1474 ea:-

1936 1508 2190 1582 primam,
2222 1512 2396 1564 minus
2423 1509 2877 1581 quidem‘Latino,
2910 1512 3000 1565 sed
3025 1513 3319 1565 necessario
3352 1510 3531 1577 verba,

1939 1605 2075 1658 sicut
2112 1620 2145 1657 a
2177 1600 2380 1658 Graecis
2420 1603 2639 1670 dicitur,
2675 1603 2738 1656 de
2779 1602 3216 1657 inhumanntione
3253 1601 3385 1655 Filii
3410 1602 3527 1668 Dei,

1938 1696 2073 1749 duos
2100 1712 2217 1749 eum
2250 1704 2395 1764 putet
2436 1695 2578 1764 ﬁlios
2606 1694 2966 1763 prmdicasse?
2999 1692 3141 1747 Nam
3165 1693 3395 1764 qualiter
3434 1692 3534 1747 Fi-

1940 1786 2070 1840 lium
2095 1787 2213 1847 Dei,
2249 1785 2396 1840 idest
2430 1784 2600 1838 Deum
2639 1784 2880 1850 Verbum,
2909 1803 3012 1838 non
3036 1785 3296 1839 hominem
3328 1800 3533 1856 quoque

216 1887 487 1948 praeterea
519 1894 746 1931 rursum
782 1877 850 1930 ab
893 1877 1254 1947 Apollinario,
1280 1880 1372 1949 qui
1408 1880 1647 1947 princeps
1674 1878 1831 1947 hujus
1870 1866 1909 1921 Β
1938 1880 2309 1951 diceret,quem
2325 1878 2517 1932 diceret
2535 1878 3244 1933 inhumanatum?Detitulo
3261 1878 3363 1931 hoc
3378 1880 3533 1946 Σαρ-

217 1970 438 2024 lueresis
492 1971 700 2037 fuerat.
748 1970 1010 2036 instituti,
1048 1969 1290 2024 omnibus
1335 1970 1540 2041 quidem
1588 1970 1839 2024 similiter

218 2060 578 2113 sentientibus
605 2075 739 2128 opus
770 2070 1011 2113 nostrum
1035 2063 1373 2132 manifestum
1397 2061 1713 2130 fecerunt,si
1735 2078 1836 2132 quo

220 2152 375 2204 modo
414 2151 615 2221 aliqua
646 2153 944 2206 invenirent
980 2152 1214 2205 valentia
1239 2152 1307 2204 ad
1335 2154 1743 2207 convincendum
1773 2157 1837 2207 eti

220 2258 337 2315 qm!
368 2244 428 2297 in
469 2260 534 2297 eo
568 2253 697 2297 sunt
732 2245 954 2312 scripta.
993 2242 1256 2308 Quoniam
1290 2261 1409 2298 vero
1442 2246 1618 2299 nullus
1653 2255 1836 2301 contra

222 2346 495 2389 certamen
528 2336 749 2403 scriptis
782 2338 1048 2403 suscipere
1080 2338 1456 2406 pratsumebat,
1485 2339 1687 2391 imitati
1715 2346 1835 2392 sunt

223 2429 474 2497 inﬁrmos
505 2431 746 2481 athletas
775 2439 824 2482 et
870 2428 1123 2492 callidos,
1176 2432 1285 2499 qui,
1320 2430 1446 2483 dum
1476 2449 1579 2485 non
1616 2440 1838 2499 possunt

223 2531 414 2575 contra
446 2521 710 2589 fortiores
741 2533 968 2585 certare,
998 2523 1208 2581 insidiis
1234 2540 1321 2576 eos
1358 2533 1406 2576 ct
1441 2524 1839 2577 machinantem

226 2615 292 2669 tis
344 2614 552 2684 quibus
603 2624 832 2681 possunt
888 2625 1152 2668 conantur
1201 2624 1444 2669 evertere.
1504 2614 1883 2686 Scripserunt'

225 2707 363 2760 enim
396 2708 508 2775 ipsi
542 2708 687 2761 inter
714 2723 769 2761 se
803 2708 989 2775 procul
1013 2707 1173 2762 dubio
1208 2709 1454 2779 qucedam
1489 2711 1687 2779 inepta,
1725 2726 1843 2778 qua:

226 2817 258 2850 a
288 2799 444 2852 nobis
471 2815 716 2868 unquam
749 2800 966 2853 minime
986 2800 1303 2855 dicerentur.
1331 2801 1567 2870 Denique
1596 2802 1705 2855 htvc
1729 2803 1841 2870 ipsa

228 2892 279 2946 in
310 2894 493 2947 medio
533 2902 848 2948 nostrorum
882 2894 1199 2961 scriptorum
1226 2896 1281 2947 in
1310 2895 1538 2965 quadam
1581 2905 1730 2965 parte
1761 2896 1843 2949 in-

230 2994 635 3053 terposuerunt,
666 2994 718 3039 et
762 2986 875 3039 suis
904 2986 1266 3054 familiaribus
1311 2958 1842 3053 demonstrateerunt;

227 3078 531 3150 aliquando
563 3089 745 3132 autem
772 3088 820 3132 et
846 3080 1068 3141 nostris,
1099 3081 1189 3148 qui
1223 3096 1318 3149 per
1346 3079 1663 3148 facilitatem
1689 3095 1842 3133 suam

228 3175 412 3227 omnia
451 3174 647 3240 pronis
691 3173 887 3225 animis
923 3171 1232 3237 audiebant,
1264 3180 1312 3225 et
1352 3174 1449 3226 hoc
1488 3175 1642 3243 quasi
1679 3172 1844 3226 docu-

228 3277 499 3329 mentum,
531 3266 674 3319 sicut
698 3264 982 3333 putabant,
1010 3274 1208 3319 nostra:
1229 3264 1844 3334 impietatis,videntibus

225 3359 568 3428 praebebant.
621 3356 799 3411 Unum
850 3368 1026 3411 autem
1056 3373 1120 3411 ea:
1162 3358 1244 3411 his
1278 3350 1492 3427 scriptis
1538 3368 1675 3424 erat,
1712 3359 1845 3413 duos

226 3453 375 3521 ﬁlios
405 3452 611 3505 dicere.
650 3450 744 3504 Sic
783 3450 920 3504 enim
955 3469 1051 3504 nos
1083 3451 1317 3519 fecerunt
1348 3452 1401 3505 in
1448 3452 1545 3505 hoc
1583 3468 1734 3520 opere
1759 3451 1844 3503 di-

227 3552 431 3601 centes,
470 3539 623 3613 quod
652 3551 893 3608 oporteat
921 3551 1111 3610 putare
1145 3553 1189 3595 et
1226 3543 1401 3597 dicere
1425 3544 1558 3598 duos
1601 3544 1765 3613 ﬁlios,
1797 3554 1848 3598 et

227 3633 570 3687 vehementer
614 3649 709 3683 nos
741 3632 903 3684 istum
935 3648 1228 3685 sermonem
1260 3631 1556 3700 defendere,
1583 3637 1707 3687 dum
1752 3651 1848 3687 nos

229 3725 283 3777 in
306 3725 411 3777 illa
437 3724 718 3791 scriptura
738 3722 927 3791 ubique
952 3724 1229 3793 manifeste
1250 3724 1566 3784 diceremus,
1586 3725 1726 3795 quod
1746 3743 1850 3779 non

231 3826 481 3886 oporteat
508 3818 648 3870 duos
667 3817 811 3885 ﬁlios
828 3817 1020 3870 dicere.
1042 3815 1267 3870 Necesse
1281 3829 1391 3870 erat
1414 3834 1652 3886 ergonon
1678 3818 1850 3872 solum

233 3910 439 3977 inepta,
481 3909 578 3962 sed
610 3910 774 3962 etiam
808 3909 1025 3978 inﬁrma
1053 3909 1146 3963 illa
1171 3910 1373 3978 scripta
1399 3910 1733 3964 audientibus
1758 3926 1852 3978 apo

233 4019 446 4071 parere,
493 4002 753 4071 quoniam
803 4018 966 4071 neque
1006 4003 1165 4067 ﬁrma
1210 4003 1419 4055 ratione
1468 4019 1632 4072 neque
1668 4018 1853 4056 conre-

234 4096 406 4149 nienti
449 4094 554 4147 hoc
598 4093 856 4163 possibile
888 4103 1004 4147 erat
1042 4093 1280 4157 ostendi;
1319 4105 1367 4148 et
1413 4094 1612 4148 abillis
1652 4095 1852 4149 idcirco

235 4188 475 4255 inﬁrmis
512 4196 636 4240 erat
674 4187 1054 4254 conscriptum,
1097 4199 1355 4258 quatenus
1395 4191 1485 4244 ille
1512 4193 1602 4262 qui
1627 4193 1852 4262 scripse-

156 4272 159 4277 ’
235 4294 349 4349 rat,
383 4284 614 4353 facilius
648 4282 771 4336 inde
820 4284 1060 4336 convinci
1110 4286 1384 4353 potuisset.
1430 4285 1581 4341 Unus
1635 4305 1757 4359 ergo
1789 4303 1854 4342 ea:

236 4383 443 4433 nastris
496 4387 721 4445 propter
756 4377 980 4431 multam
1010 4379 1331 4447 facilitatem
1357 4380 1467 4435 haec
1503 4391 1688 4434 nostra
1742 4399 1854 4436 esse

237 4470 473 4524 credidit
506 4469 740 4537 scripta,
787 4478 836 4522 et
872 4468 1029 4538 hujus
1073 4471 1148 4523 rei
1193 4473 1369 4538 gratia
1420 4471 1609 4541 dignus
1654 4473 1758 4541 ﬁde
1788 4474 1851 4526 ob

1939 1970 2835 2039 κώσεωςκαὶἐνανθρωπήσεως,
2854 1980 2908 2025 et
2924 1971 2990 2026 de
3002 1985 3068 2025 eo
3095 1972 3238 2025 inter
3267 1970 3531 2025 orthodo-

1940 2080 2040 2119 xos
2071 2072 2233 2134 atque
2258 2064 2624 2118 betcrodoxos
2647 2063 2985 2127 discrimine,
3010 2074 3194 2133 repete
3217 2079 3337 2135 quae
3362 2080 3531 2134 supra

1940 2158 2200 2213 diximus.
2235 2156 2645 2212 Advct‘tendum
2693 2150 2911 2211 interim
2947 2165 3053 2219 est,
3084 2174 3208 2210 cum
3258 2154 3533 2213 Gennadii

1941 2251 2105 2304 verba
2140 2251 2204 2304 ad
2239 2248 2591 2304 Theodorum
2622 2248 2953 2304 Raitlienum
2992 2249 3374 2320 presbyterum
3404 2246 3535 2303 Pos-

1942 2341 2165 2395 seviuus
2189 2341 2475 2404 transfert,
2509 2342 2822 2411 asseritque
2857 2341 3006 2394 hunc
3039 2340 3239 2394 librum
3271 2356 3301 2395 e
3340 2340 3537 2394 Graeco

1944 2433 2001 2487 in
2044 2432 2300 2487 Latinum
2356 2432 2714 2488 Godel’ridum
2770 2431 3123 2487 Tilmannum
3181 2434 3436 2495 vertisse,
3480 2438 3537 2487 et

1947 2525 2315 2596 Margarinum
2354 2525 2635 2595 Bignaaum
2659 2527 2711 2579 in
2746 2534 3057 2579 sanctorum
3091 2525 3316 2579 Patrum
3351 2524 3539 2581 biblio-

1946 2613 2149 2667 thecam
2187 2613 2494 2669 inseruisse
2539 2613 2725 2668 tom.l
2785 2615 3049 2671 editionis
3103 2631 3141 2669 ιι
3180 2614 3533 2683 Parisiensis,

1944 2722 2067 2761 eum
2105 2721 2211 2759 non
2241 2720 2350 2759 uno
2385 2704 2547 2758 modo
2581 2704 2711 2757 labi.
2752 2703 2850 2757 llic
2885 2705 3085 2758 etenim
3135 2705 3532 2768 Antioclienus,

1940 2795 2037 2867 qui
2069 2795 2139 2850 De
2166 2796 2532 2850 incarnatione
2561 2794 2777 2849 Domini
2812 2794 2981 2850 libros
3016 2813 3086 2851 xv
3119 2798 3356 2867 scripsit,
3379 2799 3538 2869 longe

1945 2888 2196 2943 diversus
2229 2895 2312 2943 est
2347 2905 2374 2941 a
2407 2887 2699 2941 Theodoro
2736 2884 3004 2940 ltaitlieno
3038 2903 3052 2940 :
3085 2895 3137 2939 et
3189 2888 3325 2939 liber
3352 2886 3538 2943 Theo-

1945 2981 2066 3035 dori
2100 2980 2353 3035 Raitheni
2393 2979 2465 3033 De
2500 2978 2682 3051 djvina
2720 2979 3033 3040 tecononn'a,
3073 2990 3127 3031 et
3162 2979 3321 3033 modo
3353 2980 3539 3036 carnis

1948 3091 1976 3129 a
2007 3074 2117 3129 Deo
2153 3082 2469 3145 assumpta,
2503 3073 2557 3126 in
2604 3087 2714 3141 quo
2749 3080 2815 3125 de
2855 3070 3088 3133 Maneto,
3122 3069 3293 3124 Paulo
3343 3072 3540 3126 Samo-

1950 3176 2162 3227 satcno,
2195 3164 2521 3234 Apollinari,
2568 3161 2859 3217 Theodoro
2888 3160 3296 3231 Mopsuesteuo,
3347 3159 3548 3237 Nesto;

1950 3260 2032 3313 rio
2084 3268 2137 3314 et
2185 3257 2487 3330 Eutycliete
2534 3257 2732 3328 agitur,
2781 3266 2834 3312 et
2892 3272 3082 3312 versus
3133 3272 3161 3309 a
3226 3253 3540 3317 Tilmanuo,

1950 3353 2109 3422 longe
2138 3352 2280 3405 alius
2305 3360 2387 3406 est
2418 3351 2486 3405 ab
2515 3350 2617 3403 lion
2641 3349 2918 3404 Theodori
2948 3346 3275 3403 Antioclieni
3307 3347 3359 3400 in
3391 3345 3550 3414 quin-

1949 3445 2125 3499 decim
2177 3444 2347 3498 libros
2387 3444 2585 3497 diviso.
2620 3441 2686 3495 Et
2720 3442 3125 3495 Antiochenam
3177 3440 3323 3492 hunc
3358 3435 3544 3491 Theo-

1951 3538 2145 3592 dorum
2176 3537 2620 3606 Mopsuestenum
2651 3551 2795 3602 esse,
2820 3542 2875 3589 et
2909 3551 3015 3587 non
3049 3533 3399 3595 Raithenum,
3425 3531 3542 3600 plu-

1951 3631 2104 3685 ribus
2141 3628 2317 3683 modis
2351 3645 2416 3683 ex
2454 3629 2653 3682 Pliotio
2685 3628 2919 3696 aliisque
2966 3626 3252 3696 probatur.
3294 3623 3358 3676 Et
3388 3624 3546 3695 plane

1952 3723 2226 3778 Theodori
2272 3721 2640 3791 Illopsuesteni
2679 3721 2802 3773 libri
2847 3719 2920 3773 De
2967 3716 3352 3779 incarnatione,
3401 3714 3548 3784 quod

1953 3819 2068 3887 ipse
2108 3820 2301 3877 sciam,
2354 3831 2461 3868 non
2491 3820 2708 3868 exstant
2751 3813 2885 3882 (imo
2940 3825 3169 3881 prorsus
3219 3807 3545 3877 perierunt).

1953 3909 2090 3966 Vide
2122 3926 2245 3980 quae
2275 3907 2417 3962 infra
2452 3908 2687 3962 dicimus
2720 3906 2787 3960 de
2813 3903 3104 3958 Theodoro
3142 3901 3437 3954 liaitheno.

2031 4004 2105 4058 De
2144 4002 2433 4057 Persarum
2466 4000 2643 4070 magia
2678 4000 2848 4053 libros
2879 4005 3012 4051 tres.
3054 3994 3206 4065 Legit
3235 3993 3465 4046 Pliotius
3494 3990 3549 4045 in

1956 4097 2283 4153 Bibliotheca
2332 4093 2454 4149 cod.
2497 4093 2559 4147 8|
2597 4111 2610 4146 :
2659 4087 2999 4159 Ἀνεγνὼσθη
3040 4085 3369 4158 βιῶιδάριον
3421 4083 3553 4137 Θεο-

1953 4190 2126 4262 δώρου
2160 4186 2299 4257 Περὶ
2351 4184 2463 4254 τῆς
2493 4166 2864 4250 ἐν’Περσίδι
2905 4175 3190 4250 μανικῆς,
3230 4174 3329 4229 καὶ
3372 4174 3465 4239 τίς
3511 4173 3550 4242 ἡ

1952 4286 2068 4355 τῆς
2087 4281 2401 4344 εὐσεϐείας
2433 4275 2708 4347 διαφορὰ,
2746 4276 2803 4326 ὲν
2847 4271 3025 4341 λόγοις
3059 4267 3238 4341 τρισί·
3292 4283 3552 4338 προσφω-

1954 4380 2036 4433 νεῖ
2066 4377 2122 4430 δὲ
2149 4376 2345 4436 αὐτοὺς
2393 4370 2532 4440 πρὸς
2569 4366 2914 4423 Μαστούδιον
2942 4362 3002 4427 ἐξ
3045 4359 3337 4432 Ἀρμενίας
3366 4357 3552 4429 ὁρμώ-

1960 4487 2140 4542 μενον,
2175 4465 2591 4538 χωρεπῐσκοπον
2621 4460 2677 4514 δὲ
2717 4457 3053 4527 τυγχάνοντα
3075 4469 3086 4482 ·
3119 4455 3213 4504 καὶ
3238 4452 3296 4503 ὲν
3338 4448 3435 4520 μὲν
3476 4447 3554 4519 τῷ

237 4562 351 4614 illis
395 4559 645 4614 creditus
680 4568 759 4612 est
808 4561 897 4629 qui
926 4561 1030 4612 ista
1077 4561 1388 4631 per-legerat,
1426 4540 1486 4615 et
1530 4540 1846 4617 rcmtntiavit

1959 4540 2161 4637 septimm
2186 4560 2330 4628 λόγῳ
2359 4553 2632 4609 ἐκτίθεται
2662 4550 2722 4603 τὸ
2757 4547 2952 4618 μιαρὸν
2981 4545 3089 4598 τῶν
3126 4542 3353 4614 Περσῶν
3376 4540 3556 4610 δόγμα

239 4656 391 4707 nobis
424 4670 493 4707 ea
521 4643 867 4724 quazfuerant
914 4654 1136 4722 scripta.
1174 4652 1307 4707 Cum
1345 4671 1468 4724 ergo
1495 4655 1852 4723 audissemus,

241 4746 583 4814 culpavimus
618 4743 826 4815 quidem
852 4744 1027 4807 illum,
1060 4744 1199 4814 quod
1231 4758 1417 4800 contra
1443 4765 1539 4801 nos
1566 4749 1726 4802 dictis
1752 4766 1856 4803 ser-

242 4839 499 4893 monibus
536 4838 850 4893 credidisset
881 4838 946 4893 de
988 4839 1067 4892 his
1114 4840 1288 4903 rebus,
1329 4858 1460 4908 quas
1487 4843 1682 4910 stcpius
1723 4853 1771 4896 et
1802 4843 1854 4896 in

246 4932 498 4988 Ecclesia
529 4942 582 4987 et
610 4934 862 5001 privatim
893 4932 1126 4987 dicentes
1172 4949 1266 4986 nos
1305 4933 1529 4997 audivit,
1563 4952 1679 4988 cum
1725 4936 1857 5005 ﬁde.

242 5026 435 5080 liorem
474 5027 690 5094 scrip:is
731 5034 974 5080 nostram
1013 5042 1185 5079 vocem
1219 5025 1472 5096 judicare
1507 5026 1745 5080 debuerit
1787 5027 1858 5081 ad

244 5117 633 5172 documentum
670 5118 1198 5188 nostrtcsententitv,
1230 5134 1389 5185 quam
1430 5120 1483 5171 in
1518 5118 1857 5188 dogmatibus

245 5220 493 5261 nostrum
538 5216 721 5261 votum
763 5216 837 5257 est
881 5223 1214 5260 conserrare.
1248 5206 1387 5263 Hinc
1431 5210 1715 5263 concludit
1758 5208 1860 5263 Fa-

246 5302 468 5354 cundus
519 5317 535 5354 :
599 5297 890 5364 Accepisti,
947 5297 1356 5351 clementissime
1405 5300 1717 5366 imperator,
1756 5319 1857 5373 quo

247 5394 414 5447 livore
446 5406 678 5459 semper,
712 5398 762 5443 et
794 5405 901 5458 qua
935 5389 1163 5458 fallacia
1196 5392 1531 5447 institutores
1567 5393 1857 5465 Eutychid-

246 5502 436 5540 norum
488 5484 826 5552 synusiasta:
854 5480 1102 5535 insidiati
1144 5481 1344 5551 fuerint
1371 5483 1532 5539 dictis
1572 5484 1857 5552 Theodori,

249 5579 595 5652 etquomodo
648 5579 975 5633 tentavcrint
1031 5579 1421 5633 levissimorum
1473 5580 1867 5647 catholicorum,

252 5685 445 5731 mentes
479 5692 512 5728 a
536 5672 799 5729 doctrina
827 5671 947 5741 ejus
979 5681 1236 5737 avertere,
1267 5676 1329 5727 ut
1361 5689 1463 5727 non
1501 5674 1671 5727 solum
1702 5692 1861 5745 prave

252 5770 733 5840 interpretarentur
759 5781 824 5819 ea
858 5780 978 5835 quia
1017 5766 1110 5819 ille
1142 5777 1281 5821 recto
1318 5782 1475 5821 sensu
1520 5766 1739 5821 docebat
1764 5771 1861 5823 ob~

255 5862 361 5931 rius
386 5878 573 5919 eorum
597 5859 876 5922 stultitim,
916 5875 1092 5913 rerum
1139 5860 1301 5915 etiam
1340 5860 1504 5917 libros
1539 5859 1654 5929 ejus
1691 5861 1855 5916 inter-

1956 4631 2303 4723 ὃἿΖασράδης
2344 4646 2697 4718 εἰσηγήσατο,
2730 4642 2849 4713 ἦτοι
2880 4635 3127 4708 περὶτοῦ
3176 4631 3459 4705 Ζαρουάμ,
3495 4631 3554 4684 ὃν

1958 4745 2200 4818 ἀρχηγὸν
2243 4742 2461 4796 πάντων
2510 4737 2743 4804 εἰσάγει,
2793 4732 2985 4811 ὃνικαὶ
3021 4729 3193 4801 τύχην
3225 4727 3412 4781 καλεῖ·
3462 4727 3557 4780 καὶ

1958 4841 2039 4894 δτι
2073 4836 2334 4898 σπένδων,
2376 4834 2464 4886 ἵνα
2494 4831 2626 4903 τέκῃ
2652 4829 2742 4882 τὸν
2777 4824 3091 4897 Ὀρμίσδαν,
3124 4822 3306 4875 ἔτεκεν
3349 4822 3561 4875 ἐκεῖνον

1960 4939 2048 4991 καῖ
2088 4936 2177 4988 τὸν
2210 4932 2492 4987 Σατανᾶν
2526 4931 2621 4984 καὶ
2655 4927 2784 4999 περὶ
2828 4926 2928 4994 τῆς
2974 4923 3156 4977 αὐτῶν
3200 4917 3553 4991 αἱμομιξίαςο

1960 5027 2054 5081 καὶ
2082 5024 2267 5087 ἅπλῶς
2296 5023 2358 5076 τὸ
2381 5019 2640 5083 δυσσεϐὲς
2679 5018 2772 5070 καὶ
2808 5015 3177 5085 ὑπέραισχρον
3205 5011 3383 5081 δόγμα
3414 5007 3557 5062 κατὰ

1958 5120 2103 5185 λέξιν
2138 5117 2318 5181 ἐκθεὶς
2348 5113 2708 5176 ἁνασκευάζει
2743 5110 2800 5162 ἐν
2838 5108 2914 5178 τῷ
2962 5105 3165 5177 πρώτῳ
3199 5103 3344 5172 λόγῳ
3365 5119 3376 5130 ·
3407 5101 3464 5152 ὲν
3498 5099 3556 5151 δὲ

1958 5217 2072 5276 τοῖς
2103 5212 2309 5273 λοιποῖς
2337 5209 2457 5263 δυσὶ
2501 5205 2678 5273 λόγοις
2708 5203 2776 5256 τὰ
2812 5205 2940 5272 περὶ
2980 5199 3079 5267 τῆς
3113 5194 3369 5257 εὐσεὸοὖς
3410 5191 3554 5262 διέρ-

1959 5324 2109 5378 χεται
2150 5304 2410 5366 πίστεως,
2440 5299 2546 5354 ἀπὸ
2583 5299 2682 5368 τῆς
2706 5292 3065 5365 κοσμογονέας
3093 5288 3418 5359 ἀρξάμενος,
3459 5284 3555 5336 κᾶὶ

1961 5396 2091 5468 περὶ
2137 5394 2310 5463 αὐτῆς
2351 5391 2451 5460 τῆς
2498 5389 2721 5460 χάριτος
2765 5381 2987 5453 ὁμοίως,
3043 5379 3136 5431 καὶ
3192 5370 3558 5468 ἐπιτροχὸἱδην

1959 5486 2214 5542 διελθώνο
2260 5476 2413 5546 οὗτος
2460 5482 2504 5535 δ’
2543 5482 2571 5533 ὁ
2604 5476 2879 5546 @565pr;
2916 5474 2944 5525 6
2986 5467 3363 5539 Μοψουεστίας
3418 5460 3555 5519 εἶναι

1961 5581 2137 5645 δοκεῖ·
2168 5578 2265 5650 τήν
2300 5593 2357 5630 τε
2382 5575 2491 5643 γὰρ
2519 5552 2815 5640 Νεστορίου
2848 5564 3077 5637 αἵρεσιν,
3110 5562 3205 5615 καὶ
3236 5558 3468 5632 μάλιστα
3496 5556 3556 5610 ἐν

2085 5648 2250 5743 τρίτῳ
2299 5669 2442 5737 λόγῳ
2494 5659 2873 5733 ὲπικρατύνων
2927 5653 3379 5728 προσαναφωνεῖο
3420 5648 3559 5705 ἀλλὰ

1963 5741 2058 5822 καὶ
2102 5741 2200 5835 τὴν
2241 5761 2351 5815 τῶν
2394 5753 2731 5830 ἁμαρτωλῶν
2772 5749 3219 5806 ἀποκατάστασιν
3266 5741 3558 5815 τερατεύε-

1962 5878 2072 5917 ται.
2117 5832 2260 5912 Lecti
2299 5861 2420 5911 sunt
2457 5847 2717 5906 Theodori
2749 5845 2827 5902 De
2860 5846 3076 5927 persica
3100 5839 3300 5911 magia,
3336 5843 3392 5892 ct
3424 5832 3559 5907 quid
