4104 6536
557 360 627 420 95
1834 355 1921 431 εξ(
1966 354 2215 411 LEONIS
2267 356 2535 410 suurn
3734 362 3818 418 se

561 495 592 533 ιι
624 479 714 548 pio
743 478 892 531 cultu
926 474 1159 535 differat,
1193 474 1357 528 libelli
1400 483 1523 539 tres,
1561 491 1689 544 quos
1723 474 1985 527 Mastubio
2026 473 2131 523 Ar-
2166 475 2209 530 Α
2240 470 2498 527 Nicolaus
2536 472 2890 538 Alemannus,
2922 472 3014 543 qui
3045 472 3215 528 risum
3246 472 3442 542 quaerit
3470 470 3525 526 in
3548 470 3815 545 lacrymis

561 586 745 635 meno,
794 569 1215 636 chorepiscopum
1269 567 1465 637 agenti,
1518 566 1778 619 inscribit.
1833 565 1908 618 Ac
1956 566 2130 632 primo
2235 560 2504 618 Theodori
2549 563 2886 633 paenitentis,
2933 563 3146 633 sibique
3186 563 3422 620 fortasse
3466 566 3713 635 permisit
3745 568 3815 622 in

560 660 770 731 quidem
826 657 960 712 libro
991 659 1204 727 exponit
1252 656 1538 725 nefandum
1596 656 1879 710 Persarum
1915 656 2130 725 dogma,
2233 655 2336 707 viri
2370 653 2514 708 docti
2557 654 2770 724 lugubri
2809 654 3194 710 lamentatione
3233 655 3500 711 facundiae
3533 655 3817 727 lrigidita-

561 748 702 820 quod
732 747 997 802 Zasrades
1032 748 1283 813 induxit;
1312 749 1419 800 sive
1444 747 1508 801 de
1532 745 1790 811 Zaruam,
1820 762 1971 815 quem
1993 747 2134 814 prin-
2233 754 2316 802 tes
2344 754 2397 801 et
2448 748 2689 817 leporum
2745 748 2998 816 ineptias.
3030 746 3230 801 Verum
3284 749 3444 802 sicuti
3483 747 3817 805 Theodorus

560 841 728 909 cipem
768 842 1000 895 omnium
1046 839 1196 908 facit,
1236 849 1288 894 et
1328 839 1598 908 fortunam
1644 841 1806 892 etiam
1863 838 2133 906 appellat;
2233 840 2542 910 lacrytnans
2573 838 2676 892 hoc
2708 854 2847 908 opus
2886 836 3146 907 proludit,
3179 854 3353 908 neque
3402 839 3654 911 frigidum
3696 850 3811 905 est,

562 932 683 986 hinc
699 932 969 986 'libatione
994 930 1194 993 oblata,
1222 944 1278 984 ut
1322 929 1668 984 Ilormisdam
1704 931 1953 1000 gigneret,
1987 940 2038 984 et
2066 930 2133 982 il—
2232 946 2409 1000 neque
2439 931 2701 999 ineptum,
2736 930 2829 984 sed
2861 938 2918 983 ut
2949 929 3079 983 illud
3114 927 3351 985 Savilius
3381 933 3666 999 politulum
3701 933 3816 988 vel-

564 1020 674 1075 lum
700 1031 746 1075 et
777 1020 1035 1075 Satanam
1081 1031 1333 1090 praeterea
1364 1021 1637 1090 genuisse;
1666 1018 1728 1072 de
1772 1030 1951 1072 eorum
1988 1019 2135 1071 insu-
2234 1022 2306 1077 let
2336 1030 2500 1092 atque
2539 1022 2865 1087 limatulum,
2896 1023 2977 1076 sic
3009 1031 3154 1077 esset
3194 1022 3352 1091 plane
3389 1023 3707 1079 ridiculum.

562 1131 656 1185 per
704 1114 979 1183 sanguinis
1025 1114 1266 1167 mistione
1314 1112 1548 1187 (incestis
1600 1109 1855 1179 nuptiis);
1916 1109 2134 1174 denique
2302 1113 2610 1182 At,inquit,
2672 1114 3008 1168 Sozomenus
3068 1113 3416 1167 Theodorum
3476 1114 3815 1186 πολυῖστορα

563 1205 654 1259 ubi
675 1205 985 1273 simpliciter
1009 1204 1226 1270 impium
1249 1213 1296 1255 et
1321 1203 1687 1270 pet-obscenum
1711 1200 1902 1269 dogma
1926 1199 1999 1252 ad
2028 1216 2136 1253 ver-

2235 1203 2406 1260 luisse
2436 1205 2647 1268 scribit,
2687 1204 2824 1258 adde
2861 1208 3023 1260 etiam
3061 1205 3304 1276 ῥητόρων
3340 1206 3539 1270 ἱκανῶς
3582 1209 3816 1279 ἐπιστή-

564 1295 686 1350 bum
721 1298 1013 1364 proposuit,
1058 1296 1232 1363 priore
1280 1294 1417 1347 illud
1460 1294 1595 1348 libro
1641 1293 1857 1362 refellit.
1900 1291 2133 1357 Reliquis
2239 1313 2393 1367 μονα.
2449 1296 2760 1367 Respondet
2811 1296 3147 1352 Alemannus
3194 1295 3556 1352 doctissime:
3604 1295 3814 1352 Verum

563 1388 767 1442 duobus
815 1387 879 1440 de
923 1386 1048 1456 ﬁdei
1093 1388 1183 1454 pia
1237 1387 1481 1440 doctrina
1527 1395 1745 1452 tractat,
1803 1385 2060 1455 ductoque
2102 1402 2136 1439 a
2236 1389 2540 1461 πολυτστωρ
2596 1390 2922 1459 appellatur,
2954 1404 3063 1443 non
3101 1389 3372 1445 facundus
3419 1397 3475 1443 et
3518 1389 3814 1458 eloquens,

563 1480 746 1532 mundi
800 1479 1062 1532 creatione
1110 1477 1346 1542 exordio,
1399 1478 1469 1532 ad
1522 1479 1691 1547 ipsam
1739 1477 1900 1548 legem
1947 1478 2137 1547 gratia:
2238 1480 2411 1534 sedis
2439 1479 2531 1549 qui
2587 1479 2782 1533 litteris
2811 1480 2998 1534 multis
3027 1480 3307 1549 praeditus,
3357 1494 3648 1549 rerumque
3686 1480 3818 1549 plu-

563 1570 681 1639 pari
738 1570 893 1625 modo
944 1573 1140 1624 cursim
1203 1569 1478 1625 dilabitur.
1538 1570 1636 1624 llic
1686 1569 1989 1624 Theodorus
2048 1568 2136 1623 ille
2237 1571 2378 1624 rium
2410 1586 2473 1624 ac
2507 1571 2655 1625 varia
2694 1570 2922 1625 scientia
2955 1570 3046 1634 sit,
3091 1579 3148 1624 ut
3176 1571 3241 1626 Α.
3274 1569 3482 1626 Gellius
3508 1571 3585 1624 ait
3612 1570 3679 1624 de
3698 1569 3817 1641 Ap-

564 1654 964 1728 lopsuestenus
987 1677 1098 1715 esse
1142 1660 1409 1724 creditur;
1448 1658 1688 1714 Nestorti
1721 1661 1858 1713 enim
1891 1659 2135 1714 haeresim
2237 1664 2398 1734 pione
2435 1672 2626 1717 vocato
2659 1662 2964 1733 πολυῖστωρ
2998 1662 3346 1733 (c).Cyrillus
3385 1674 3564 1718 autem
3599 1664 3818 1734 (contra

564 1753 794 1804 maxime
828 1747 961 1804 libro
994 1752 1155 1813 tertio
1186 1752 1508 1820 conﬁrmans
1558 1751 1871 1820 proclamat.
1902 1751 2041 1816 Quin
2084 1760 2135 1805 et
2166 1807 2206 1826 η
2235 1756 2351 1810 Iul.
2375 1757 2466 1810 lib.
2503 1772 2559 1820 χ,
2579 1772 2630 1825 p.
2650 1756 2797 1826 542),
2817 1756 3184 1811 utClcmentis
3208 1755 3560 1811 Alexandrini
3579 1756 3816 1811 faculta-

994 1807 997 1813 ι
1285 1807 1295 1820 .
1558 1807 1569 1820 .
1906 1807 1940 1816 η
2904 1807 3785 1811 -ητ-μ--ρ---μ---η-

565 1843 845 1910 impiorum
895 1843 950 1895 in
1004 1844 1284 1911 pristinum
1331 1853 1530 1896 statum
1584 1844 1969 1898 restitutionem
2016 1860 2137 1897 con-
2166 1807 2207 1861 Β
2239 1854 2346 1901 tem
2377 1844 2616 1907 dicendi,
2657 1856 2710 1900 et
2738 1844 3100 1899 eruditionem
3140 1846 3256 1900 suis
3288 1845 3601 1901 nominibus
3628 1847 3810 1915 expri-

563 1924 737 2004 ﬁngit.

2239 1947 2432 2001 meret,
2461 1932 2744 2008 ἐλλόγιμον
2773 1937 2922 1991 illum
2956 1937 3188 2002 vocavit,
3220 1945 3272 1990 ct
3300 1935 3648 2007 πολυΐστορα,
3672 1951 3822 2005 quas

637 2024 899 2079 Adversus
932 2023 1139 2079 Iuliani
1167 2025 1437 2094 Apostata:
1465 2027 1758 2083 calumnias
1788 2028 1840 2081 in
1872 2026 2136 2084 Citristia-
2240 2046 2401 2085 voces
2439 2030 2558 2100 ipse
2585 2029 2821 2098 explicat
2864 2029 2991 2082 alibi
3023 2028 3141 2097 (lib.
3177 2044 3272 2094 vn,
3302 2044 3357 2097 p.
3391 2027 3541 2098 251).
3580 2029 3822 2100 Κλήμης

566 2132 682 2179 nos,
721 2115 972 2169 laudatur
998 2117 1051 2170 in
1086 2127 1275 2171 catena
1307 2117 1495 2173 Grteca
1525 2120 1593 2173 ad
1621 2118 1821 2175 Lucam
1854 2121 1928 2192 (a)
1962 2140 1974 2176 :
2007 2120 2139 2174 Θεοοο

2240 2123 2378 2194 ἀνὴρ
2414 2123 2696 2192 ἐλλόγιμος
2738 2121 2830 2174 καὶ
2875 2120 3210 2191 πολυμαθὴς,
3243 2120 3337 2173 καὶ
3374 2120 3824 2191 ἀναγνωσμάτων

563 2205 734 2277 δώρου
762 2207 1133 2278 Μοψουεστίας
1164 2211 1227 2263 ὲκ
1259 2209 1364 2263 τῶν
1382 2210 1544 2281 Πρὸς
1568 2211 1675 2280 τὰς
1702 2214 1852 2268 κατὰ
1877 2228 2140 2284 χριστια-
2241 2211 2535 2283 ἑλληνικῶν
2598 2210 3130 2281 πολυπραγμονήσας
3197 2208 3377 2278 βάθος.
3400 2258 3415 2273 ,
3440 2207 3623 2279 Neque
3686 2223 3826 2264 vero

563 2295 686 2349 νῶν
712 2299 1069 2367 κατηγορίας
1109 2301 1434 2354 Ἰουλιανοῦ
1477 2301 1584 2356 τοῦ
1631 2303 1974 2371 παραϐἁτου
1999 2322 2012 2334 ⁸
2055 2304 2142 2358 Ea:

2240 2305 2403 2359 etiam
2433 2304 2527 2373 qui
2567 2303 2623 2357 in
2673 2301 2987 2356 oratoribus
3038 2308 3286 2355 versatus
3312 2308 3417 2364 est,
3461 2308 3516 2354 et
3569 2315 3827 2355 summos

565 2391 956 2442 commentariis
983 2388 1241 2443 Theodori
1269 2389 1623 2459 Mopsuesteni
1652 2396 1915 2452 adversus
1934 2394 2140 2450 Juliani
2240 2398 2489 2451 rhetores
2534 2395 2763 2460 audivit,
2800 2394 2877 2447 uti
2928 2392 3250 2447 Theodorus
3289 2392 3598 2455 Lihauium,
3632 2391 3824 2446 statim

566 2480 865 2536 desertoris
892 2480 1309 2535 criminationes
1339 2484 1392 2535 in
1431 2482 1792 2539 Christianos.
2240 2488 2501 2556 eloquens
2529 2485 2877 2555 disertusque
2908 2483 3097 2565 evasit.
3129 2481 3238 2537 Nec
3261 2482 3404 2537 enim
3434 2482 3525 2537 ille
3562 2491 3824 2536 naturam

640 2570 942 2640 Epistolam
1009 2572 1080 2625 ad
1138 2571 1403 2626 Damnum
1468 2574 1650 2629 laudat
1702 2575 2025 2633 Anastasius
2084 2578 2139 2631 in
2232 2580 2384 2635 adid
2417 2576 2881 2634 accommodatam
2910 2575 3122 2638 habuit,
3161 2589 3336 2644 neque
3371 2590 3549 2644 opera:
3583 2575 3827 2643 pretium

566 2658 1065 2734 ecloge'XpriO'ewr
1090 2664 1462 2735 δογματικῶν
1490 2666 1575 2721 his
1603 2667 1783 2723 verbis
1815 2687 1826 2721 :
1863 2668 2139 2741 Θεοδώρου

2241 2673 2398 2727 duxit
2427 2686 2546 2726 eam
2580 2679 2698 2724 arte
2728 2669 2940 2731 limare,
2970 2677 3029 2720 ut
3059 2667 3112 2720 in
3139 2667 3255 2722 suis
3282 2666 3391 2721 illis
3425 2665 3825 2726 monumentis,

565 2754 944 2824 Μοψουεστίας
991 2756 1055 2808 ὲκ
1086 2756 1184 2826 τῆς
1220 2755 1354 2827 πρὸς
1383 2756 1586 2827 Δόμνον
1634 2758 1950 2829 ἐπιστολῆς
1983 2760 2144 2815 Theo-

2242 2778 2365 2833 qua:
2405 2762 2662 2826 vidimus,
2708 2759 2869 2829 plane
2920 2757 3184 2813 declarat.
3222 2755 3477 2826 Legimus
3517 2771 3645 2809 vero
3672 2771 3831 2825 qua:-

566 2848 686 2901 dori
725 2843 1083 2915 Hopsuesteni
1109 2863 1174 2902 ea:
1202 2848 1425 2915 epistola
1449 2848 1518 2901 ad
1545 2847 1811 2901 Domuum
1840 2849 1935 2920 (ὁ).

2242 2851 2367 2906 dam
2387 2851 2727 2904 diversorum
2757 2849 2877 2917 ejus
2904 2862 3128 2917 operum
3150 2845 3599 2916 amanaopdsta,
3618 2845 3834 2915 aliquot

640 2938 938 3007 Epistolam
970 2941 1040 2992 ad
1089 2940 1385 2993 Artemium
1424 2940 1843 2995 Alexandrinum
1880 2942 2145 3014 presbyte-
2243 2940 2584 3013 psalmoﬁtm
2622 2939 3021 3004 enarrationes,
3062 2945 3115 2993 et
3167 2937 3407 3008 integros
3456 2939 3511 2991 in
3541 2937 3831 3005 prophetas

569 3044 709 3083 rum.
736 3028 810 3084 Ex
851 3045 915 3084 ea
939 3030 1131 3085 recitat
1163 3031 1345 3100 aliqua
1381 3029 1672 3086 Facundus
1700 3033 1792 3087 lib.
1827 3050 1909 3099 Ill,
1942 3049 2062 3104 cap.
2088 3035 2141 3089 5.
2245 3035 2472 3087 minores
2495 3031 3090 3100 commentarios,quos
3109 3029 3214 3084 nisi
3238 3029 3475 3084 Savilius
3495 3028 3547 3082 in
3569 3036 3833 3100 promptu

642 3118 940 3189 Epistolam
967 3121 1035 3174 ad
1056 3120 1318 3176 Joannem
1343 3122 1801 3194 Cltrysostomum,
1832 3141 1939 3195 qua
1963 3126 2137 3200 Chry-
2167 3136 2211 3195 α
2244 3128 2461 3190 habeat,
2490 3126 2741 3179 consulat
2777 3125 2828 3178 in
2861 3123 3043 3177 citatis
3077 3122 3212 3177 locis
3237 3120 3514 3197 Photium,
3548 3122 3641 3191 qui
3675 3121 3833 3189 ejus~

571 3215 921 3269 sostotniana:
956 3214 1249 3285 respondet
1286 3223 1406 3284 post
1433 3217 1664 3286 lapsum.
1692 3216 1848 3284 Quod
1879 3234 2002 3273 cum
2034 3235 2145 3275 non
2248 3221 2368 3275 dem
2401 3218 2604 3288 aliquot
2645 3232 2809 3288 opera
2842 3215 2989 3286 legit,
3024 3223 3187 3284 atque
3215 3214 3290 3267 ita
3340 3214 3551 3268 censuit
3583 3230 3596 3266 :
3628 3213 3738 3283 Τὴν
3769 3212 3834 3268 δὲ

573 3303 972 3362 intellexissent
1025 3307 1411 3377 epitomatores
1448 3310 1768 3366 Gcsneriani
1827 3321 2140 3369 verterunt:

2248 3311 2447 3383 φράσιν
2489 3309 2609 3363 οὐδὲ
2642 3307 2915 3378 λαμπρὸς,
2947 3305 3068 3359 οὐδὲ
3118 3304 3237 3357 λίαν
3278 3305 3484 3375 σαφής·
3514 3302 3836 3372 ταὺτολογεῑ

573 3396 943 3465 Antigramma
974 3406 1161 3451 contra
1193 3395 1454 3452 Joannem
1505 3398 1956 3471 Cltrysostomum.
1988 3405 2142 3458 Inve-

2246 3402 2307 3456 δέ
2353 3401 2423 3455 τὰ
2466 3400 2712 3456 πλεῖστα.
2750 3399 2843 3450 καὶ
2888 3396 3082 3467 ἄχαρίς
3137 3412 3274 3459 πως,
3324 3395 3418 3448 καὶ
3471 3394 3641 3465 ἀηδὴς
3687 3390 3832 3450 εἶναι

573 3488 833 3559 niturque
870 3506 976 3545 ms.
1013 3491 1214 3560 passim
1255 3492 1308 3545 in
1343 3492 1692 3548 bibliothecis
1727 3492 1892 3550 Italia:
1918 3497 2018 3551 sub
2042 3495 2147 3550 hoc
2246 3494 2424 3547 δοκεῖ·
2460 3490 2644 3559 Stylus
2671 3490 2751 3543 illi
2784 3504 2944 3558 neque
2972 3486 3185 3552 nobilis,
3216 3502 3376 3555 neque
3398 3485 3682 3539 admodum
3709 3500 3836 3553 per-

574 3582 735 3635 titulo
764 3600 778 3637 :
814 3581 1089 3653 Θεοδώρου
1135 3581 1228 3637 soi}
1267 3584 1588 3648 ἐκπεσόντος
1626 3585 1978 3657 ἀντίγραμμα
2013 3584 2149 3657 πρὸς

2249 3588 2459 3654 spicuus
2513 3593 2612 3639 est.
2666 3581 2869 3636 Eadem
2914 3579 3198 3634 identidem
3252 3580 3457 3648 repetit,
3491 3587 3543 3631 et
3589 3579 3834 3648 ingratus

575 3672 666 3725 τὸν
694 3673 751 3724 ὲν
776 3673 950 3741 ἁγίοις
982 3672 1192 3745 πατέρα
1224 3674 1381 3745 ἡμῶν
1428 3674 1679 3746 Ἰωάννην
1718 3676 1805 3729 τὸν
1840 3674 2147 3747 Χρυσόστο-

2251 3689 2406 3749 atque
2430 3676 2677 3730 molestus
2705 3672 2991 3743 legentibus
3014 3671 3229 3725 accidit.
3257 3669 3321 3724 Et
3346 3670 3472 3724 alibi
3498 3670 3641 3738 (cod.
3666 3669 3796 3739 177)
3821 3688 3834 3724 :

580 3782 707 3836 μον·
741 3765 994 3819 Theodori
1034 3766 1172 3833 lapsi
1213 3766 1480 3834 responsio
1512 3768 1579 3819 ad
1621 3768 1826 3821 litteras
1860 3769 1920 3823 S.
1955 3768 2023 3822 P.
2069 3768 2146 3825 N.

2262 3768 2504 3839 Ἀσαφὴς
2536 3766 2593 3820 δέ
2625 3767 2762 3831 ἐστι,
2792 3764 2884 3818 καί
2913 3780 2994 3815 τοι
3027 3762 3170 3828 λέξει
3211 3762 3272 3815 οὺ
3305 3760 3583 3833 ξενιζούσῃ
3615 3759 3838 3831 χρώμε-

574 3854 804 3909 Joannis
838 3855 1220 3925 Cltrysaslomi.
1263 3854 1342 3921 P.,
1369 3855 1604 3911 Πάντοτε
1634 3860 1681 3911 oi
1718 3860 1775 3912 ἐν
1824 3860 2019 3924 εὐδίοις
2067 3862 2150 3915 λιο

2250 3874 2358 3921 νος,
2398 3855 2534 3910 ἀλλά
2564 3854 2639 3925 τῷ
2675 3851 3031 3924 σχοινοτενέσι
3066 3850 3300 3921 χρῆσθαι
3328 3852 3392 3903 ὲκ
3436 3848 3529 3903 τοῦ
3558 3850 3650 3903 ἐπὶ
3678 3848 3836 3903 πλεῖ-

581 3947 704 4017 μέσι
732 3945 1100 4018 κομιζόμενοι.
1136 3947 1205 4005 Ει
1235 3963 1370 4003 sane
1410 3950 1810 4007 inconsiderate
1853 3954 2153 4023 loquuntur

2254 3965 2376 4002 στον
2409 3946 2677 4017 περιόδοις
2722 3945 2815 3998 καὶ
2864 3942 3236 4014 παρεμϐολαῖς
3284 3940 3728 4011 ἁλλεπαλλήλοις,
3763 3938 3837 3993 δι’

578 4039 672 4108 qui
706 4039 914 4109 lapsum
949 4039 1095 4093 hunc
1129 4055 1157 4094 a
1210 4038 1494 4093 Theodoro
1528 4041 1910 4109 lllOpSttesteno
1962 4046 2153 4100 distin-

2253 4034 2326 4094 ὧν
2355 4041 2449 4093 καὶ
2478 4041 2557 4101 εἰς
2586 4039 2845 4109 μήκιστον
2874 4037 2902 4088 ὁ
2930 4035 3053 4100 νοῦς
3092 4035 3435 4088 ἀποτείνεται
3468 4033 3573 4088 τῶν
3607 4049 3839 4105 προκει-

579 4140 772 4201 guunt,
808 4116 1110 4189 cum'unus
1163 4132 1414 4202 idemque
1466 4133 1556 4198 sit,
1599 4142 1652 4189 et
1701 4136 1887 4206 lapsus
1937 4140 2059 4203 iste,
2100 4148 2151 4194 et

2259 4132 2459 4204 μένων,
2487 4129 2563 4200 τῷ
2586 4146 2645 4183 τε
2673 4128 2779 4181 τῶν
2819 4127 3097 4198 ὀνομάτων
3130 4129 3250 4189 ταῖς
3290 4125 3545 4193 πλαγίαις
3578 4124 3670 4178 καὶ
3716 4126 3840 4188 ταῖς

581 4222 904 4283 Theodorus
953 4223 1391 4295 Mopsuestenus,
1432 4242 1643 4281 necnon
1694 4227 2010 4285 Theodorus
2047 4232 2155 4286 An-

2259 4225 2572 4295 μετοχικαῖς
2599 4221 2775 4286 λέξεσι
2820 4218 3156 4283 πλεονάζειν,
3188 4217 3254 4271 τὰ
3294 4215 3434 4271 αὑτά
3464 4233 3524 4268 τε
3556 4214 3839 4280 πολλάκις,

583 4315 891 4382 tiochcnus,
925 4317 1067 4387 quod
1102 4319 1347 4389 plerique
1395 4333 1516 4374 cum
1548 4336 1657 4375 non
1692 4331 1878 4377 essent
1912 4324 2155 4380 subodo-

2258 4316 2352 4369 καὶ
2379 4314 2512 4386 μηδὲ
2552 4314 2649 4366 σὺν
2680 4312 2868 4381 κόσμῳ
2902 4307 3319 4370 ὲπανακυκλεῖν,
3364 4307 3457 4361 καὶ
3496 4305 3595 4368 τὰς
3637 4306 3842 4358 ἐπανα-

580 4409 709 4474 rati,
758 4408 1039 4466 diversum
1090 4410 1287 4467 fecere.
1346 4411 1412 4466 Ει
1439 4412 1506 4468 de
1561 4414 1647 4470 his
1697 4417 1988 4484 postremis
2021 4417 2155 4473 satis
2188 4475 2201 4484 ,

2219 4479 2224 4484 _
2257 4407 2447 4479 λήψεις
2476 4405 2635 4459 πλέον
2674 4403 2781 4456 τῶν
2810 4402 3135 4473 διηγήσεων,
3167 4400 3301 4471 ὅπερ
3347 4397 3608 4468 άμέθοδον
3636 4412 3840 4449 παντε·

581 4502 905 4573 abundeque
934 4519 1057 4560 esse
1101 4505 1316 4559 videtur
1353 4506 1668 4576 conjectura
1708 4517 1762 4564 et
1804 4510 2047 4580 su5pieio
2073 4475 2202 4565 in-i

2221 4480 2367 4563 ⁵λῶς
2389 4501 2505 4562 ταῖς
2553 4494 2905 4566 περιστάσεσι
2948 4489 3350 4562 μεμστῶσθαι,
3384 4490 3478 4543 καὶ
3519 4492 3631 4550 τοῖς
3677 4485 3842 4539 τοιού-

581 4601 667 4648 ter
695 4595 831 4651 alios
863 4594 1065 4651 Photii.
1104 4596 1402 4665 Epistolam
1436 4597 1675 4656 Savilius
1710 4600 1764 4655 in
1799 4602 2153 4672 appendicem

2253 4611 2366 4658 τοις
2407 4592 2507 4645 οὐκ
2537 4590 2707 4658 ὀλίγοι
2747 4587 2907 4656 ζόφον
2937 4585 3044 4638 τῶν
3072 4583 3232 4637 αὐτοῦ
3266 4582 3713 4654 συγγραμμάτων
3746 4597 3845 4632 κα-

583 4683 652 4738 ad
694 4700 859 4754 opera
915 4687 1287 4757 Chrysostomi
1342 4688 1545 4751 retulit,
1604 4704 1841 4759 namque
1891 4696 1959 4745 ad
2012 4692 2159 4746 illam
2255 4682 2605 4747 τασκεδάζει·
2643 4680 2758 4733 Etsi
2790 4687 2960 4731 autem
3002 4676 3321 4731 dictionibus
3362 4685 3544 4729 utatur
3578 4691 3679 4728 non
3723 4674 3848 4727 inu-

584 4775 858 4842 pertinent
884 4775 992 4829 duo
1023 4776 1188 4832 libelli
1219 4776 1689 4846 Chrysostomiani
1738 4777 1894 4844 Πρὸς
1924 4778 2030 4841 cor
2062 4778 2162 4832 ἐκ·
2260 4779 2458 4841 sitatis,
2497 4775 2752 4829 obscurus
2789 4782 2961 4825 tamen
2998 4778 3075 4822 est
3103 4786 3122 4822 :
3155 4778 3263 4823 tum
3303 4768 3428 4839 quia
3458 4776 3514 4820 ut
3553 4766 3843 4836 plurimum

585 4865 855 4919 πεσόντα
910 4867 1016 4922 τοῦ
1061 4867 1348 4935 ἐναρέτου
1392 4866 1558 4930 βίου.
1610 4866 1729 4921 Non
1789 4877 1969 4937 potest
2021 4884 2160 4933 esse,

2265 4868 2542 4924 immodice
2572 4865 2812 4933 prolixus
2847 4862 2996 4917 habet
3032 4863 3295 4929 periodos,
3332 4871 3379 4915 et
3416 4860 3841 4928 interpositiones

585 4956 765 5028 inquit
814 4958 1020 5028 rigidus
1054 4974 1118 5012 ac
1163 4960 1392 5013 tetricus
1443 4973 1660 5023 censor,
1694 4958 1965 5013 Theodori
2010 4959 2165 5031 frigi-
2271 4962 2504 5023 crebras,
2534 4976 2623 5029 per
2670 4974 2801 5028 quas
2853 4957 3014 5010 etiam
3046 4971 3228 5009 sensus
3264 4970 3423 5025 quant
3472 4952 3775 5022 longissime
3811 4967 3847 5005 a

586 5051 716 5105 dum
740 5052 842 5106 hoc
863 5054 1104 5123 ineptum
1127 5060 1181 5105 et
1200 5066 1334 5119 pene
1357 5050 1648 5105 ridiculum
1675 5051 1976 5122 σύνταγμα,
2002 5069 2163 5123 quem
2273 5072 2327 5109 re
2358 5053 2626 5123 proposita
2654 5048 2878 5112 recedit;
2909 5058 3017 5100 tum
3055 5047 3218 5100 etiam
3248 5046 3373 5115 quia
3408 5043 3678 5098 nominum
3708 5039 3845 5096 obli-

589 5141 928 5199 Sozomenus
964 5143 1293 5212 πολυΐστορα
1339 5141 1526 5206 fuisse,
1559 5150 1615 5198 et
1653 5143 1969 5200 liberalibus
1995 5145 2163 5201 disci-
2272 5145 2387 5217 quis
2413 5159 2472 5197 ac
2498 5139 2787 5211 participiis
2812 5136 3093 5200 redundat,
3117 5144 3166 5189 et
3191 5138 3272 5189 res
3288 5134 3499 5189 easdem
3524 5133 3841 5203 frequenter,

588 5236 754 5306 plinis
781 5238 1056 5291 excultum
1090 5234 1360 5287 tradit.At
1391 5235 1551 5305 plane
1574 5236 1860 5290 ridiculum
1883 5252 1988 5291 non
2019 5254 2163 5304 esse,
2271 5252 2431 5307 neque
2464 5235 2519 5288 id
2552 5234 2683 5287 satis
2711 5240 2913 5292 ornate,
2948 5227 3104 5282 volvit
3128 5243 3188 5280 ac
3212 5226 3449 5299 revaluit,
3482 5236 3591 5279 tum
3624 5223 3848 5292 denique

590 5328 749 5385 ﬂetus
790 5330 906 5399 ipse
945 5336 1000 5383 et
1051 5328 1307 5397 lacrytna:
1354 5328 1554 5396 quibus
1606 5330 1811 5400 ubique
1846 5332 2162 5396 inundatur,
2273 5317 3842 5406 quiarepetitiouesilliuspluribus,quamnarrationcsipsas,

594 5439 702 5478 non
736 5423 962 5493 patitur.
990 5420 1183 5475 Potius
1211 5419 1475 5477 ridiculus
1501 5432 1584 5478 est
1615 5422 1874 5491 Savilius,
1907 5435 1963 5479 ut
1992 5425 2170 5481 aiebat
2275 5423 2412 5497 quod
2432 5423 2643 5476 omnino
2658 5421 2771 5474 sine
2785 5417 3022 5471 methodo
3041 5416 3124 5483 ﬁt,
3146 5429 3321 5468 rerum
3342 5410 3610 5483 adjunctis
3637 5406 3843 5477 referta:

663 5579 742 5651 (a)
778 5578 989 5651 Beapse
1012 5595 1077 5633 ex
1108 5588 1297 5634 catena
1334 5582 1384 5633 in
1413 5578 1609 5633 Lucam
1641 5580 1845 5635 codicis
1879 5577 1994 5639 Pal.
2039 5580 2157 5637 Vat.
2269 5594 2419 5640 tumo
2441 5571 2786 5651 Yllg,_p-_.69_-_
2852 5639 2884 5651 η
3001 5638 3035 5651 ._
3218 5643 3231 5651 _
3431 5633 3467 5651 ,ί
3491 5649 3503 5651 ξ
3534 5645 3628 5651 μμ
3666 5630 3787 5651 ,μή

594 5630 2164 5722 xxi'cagmt'sme‘astu-ss;agisiussar'lmjzg
2272 5630 2413 5722 Μ(ὲᾷ
2451 5630 2597 5722 Gell;
2628 5643 2689 5706 v,
2730 5644 2811 5696 tt.
2851 5638 3111 5722 sequitur
3144 5643 3325 5722 alitem
3355 5630 3844 5722 vulgaremglectizo:

596 5705 776 5785 operis
808 5718 1108 5789 lragmenla
1128 5722 1211 5775 vir
1229 5720 1519 5789 perdoctus
1543 5705 1669 5776 ch.
1697 5720 2004 5789 Mnenterns
2031 5705 2166 5789 piro:
2275 5705 2684 5778 neinAllatius,
2744 5727 2841 5782 pro
2874 5705 3211 5774 Plistonices,
3266 5713 3324 5762 ut
3359 5719 3507 5762 nunc
3549 5705 3747 5776 legitur
3790 5705 3842 5753 in

597 5792 680 5844 sul
719 5786 1046 5846 llalniensis.
1229 5786 1242 5789 ⁷
1984 5786 1987 5795 ’
2034 5786 2044 5789 ’
2274 5791 2433 5851 Gellii
2469 5792 2746 5845 contextu.

673 5861 746 5931 ut)
793 5858 906 5917 Duo
935 5876 1034 5918 nos
1064 5860 1364 5933 fragmenta
1396 5861 1725 5932 protulimus
1759 5861 1810 5915 in
1840 5862 2036 5931 Script.
2072 5874 2170 5918 ret.
