4104 6484
568 393 641 453 99

1840 379 1932 439 EX
1964 376 2214 438 LEONIS
2252 376 2528 433 ALLATII

3731 360 3822 432 lio

572 506 734 580 ὑμῶν
793 504 1025 576 δύναμαι
1052 501 1450 568 tenuatum;
1505 501 1696 572 Ὑμεῖς
1737 500 2191 569 ἐμοὶ.πατὲρες,1

2294 500 2481 544 elerum
2506 488 2758 557 exemplis
2782 529 2797 553 ,
2829 496 2945 543 erat
2999 487 3139 542 enim
3171 488 3334 542 varia:
3361 504 3424 541 ac
3451 486 3820 545 multtelectio—

574 601 732 670 ὑμεῖς
764 598 886 668 ἐμοὶ
914 598 1048 666 ζωὴ,
1074 596 1230 666 ὑμεῖς
1272 596 1393 665 ἐμοὶ
1426 593 1795 662 εὐδοκίμησις·
1832 589 2002 643 Unum
2037 605 2160 641 cor-

570 705 668 757 pas
692 704 895 751 sumus,
916 704 1077 756 neque
1110 695 1266 755 caput
1292 703 1321 737 α
1345 701 1579 751 corpore,
1597 699 1757 751 neque
1782 697 1970 749 corpus
2004 697 2036 733 σ
2069 696 2161 732 εα-

571 781 680 848 pite
704 788 1002 847 separatur.
1034 777 1264 830 Etiamsi
1291 779 1406 829 loco
1437 774 1751 837 dividimur,
1770 757 1860 825 sed
1897 771 2162 823 charitate

573 870 976 939 conjungivnur;
1014 886 1105 937 ego
1146 886 1176 920 a
1205 868 1346 921 vobis
1385 883 1477 919 nec
1512 875 1678 918 morte
1711 863 1939 917 direllar
1977 878 1994 915 .'
2038 877 2161 913 nam

573 963 672 1015 etsi
687 977 875 1029 corpus
896 977 1064 1013 meum
1097 961 1380 1023 moriatur,
1407 958 1586 1010 anima
1603 973 1714 1009 mea
1732 957 1877 1015 vivit,
1899 965 1947 1008 et
1968 970 2165 1008 memo-

576 1055 714 1107 riam
750 1054 905 1106 vestri
941 1054 1167 1115 tenebit;
1200 1070 1289 1105 vos
1335 1051 1462 1102 milii
1518 1060 1715 1120 patres.
1759 1046 2033 1113 Quomodo
2077 1062 2164 1099 ve-

581 1156 751 1200 strum
778 1146 1102 1201 obliviscar?
1143 1144 1244 1198 Vos
1280 1144 1405 1196 milii
1432 1153 1733 1210 patres,ros
1755 1140 1880 1193 milii
1916 1141 2038 1201 rita,
2076 1153 2164 1190 vos

583 1228 715 1291 milii
782 1238 1058 1306 gloriatio.
1119 1236 1237 1302 Qua
1302 1242 1428 1288 nota
1497 1231 1787 1285 charttatis
1838 1230 2168 1299 Chrysosto-

584 1330 661 1383 mi
720 1344 845 1397 erga
900 1344 1055 1389 suos,
1118 1328 1281 1381 etiam
1343 1324 1621 1379 homiliam
1671 1323 1885 1376 tertiam
1924 1321 1979 1374 in
2031 1322 2168 1373 Acta

585 1419 945 1489 apostolorum
984 1418 1297 1487 insignitam
1338 1416 1603 1471 invenies.
1897 1413 1918 1431 ‘

659 1511 860 1565 Parum
893 1511 1093 1581 oppido
1129 1510 1334 1563 Savilio
1363 1518 1502 1570 erat,
1567 1515 1626 1561 ut
1687 1504 1961 1575 frigidulis
2020 1502 2171 1557 hisce

591 1602 904 1657 rationibus
951 1599 1224 1655 Theodori
1277 1600 1566 1669 epistolam
1596 1596 1931 1652 Calvinianis
1961 1594 2167 1648 Luthe-

589 1693 858 1761 ranisque
890 1691 1176 1746 adversam
1208 1691 1549 1751 exsibilaret,
1590 1688 1699 1742 nisi
1739 1688 1886 1740 aliud
1921 1686 2170 1755 ejusdem

591 1782 846 1852 putidum
877 1781 1298 1844 munimentum,
1319 1780 1435 1834 suis
1462 1778 1651 1833 favens
1686 1778 1959 1840 sectariis,
2009 1778 2172 1831 veluti

2265 583 2370 644 nis,
2397 582 2451 634 in
2480 580 2658 634 urbem
2680 597 2914 634 reversus
2934 590 3032 633 est.
3060 578 3274 633 Nullam
3300 578 3389 633 hic
3410 578 3711 633 orationem
3745 574 3850 670 δυσί

2264 686 2526 725 zomenus
2572 678 2841 724 memorat
2885 685 2914 723 a
2962 669 3251 723 Theodoro
3310 671 3692 739 compositam.
3744 670 3831 723 sed

2265 768 2474 813 tantum
2505 760 2684 811 innuit
2712 760 2954 813 rationes
2995 759 3209 828 aliquas
3250 759 3320 813 ab
3351 773 3417 811 eo
3454 762 3601 812 inter
3641 774 3832 813 consu-

2266 849 2510 914 lendum,
2536 849 2710 918 deque
2739 866 2838 902 suo
2874 849 3126 904 discessu
3178 865 3301 903 cum
3348 849 3666 902 monasterii
3694 864 3835 917 prae-

2266 937 2414 993 fecto
2479 942 2769 993 statuendo
2828 939 2966 994 forte
3015 939 3299 994 adductas.
3329 939 3462 1005 Qum
3511 956 3641 1001 num
3682 941 3837 993 etiam

2267 1031 2335 1085 ab
2362 1047 2427 1085 eo
2460 1033 2710 1086 adducta:
2758 1031 2981 1095 fuerint,
3029 1042 3181 1086 certo
3216 1048 3274 1085 se
3320 1034 3467 1085 seire
3509 1033 3842 1085 Sozoineuus

2268 1126 2457 1192 aperte
2482 1131 2667 1193 negat,
2714 1124 2806 1178 sed
2838 1123 3097 1177 credibile
3128 1121 3180 1175 id
3209 1136 3331 1175 esse
3363 1122 3459 1185 ait,
3554 1114 3645 1172 οἷα
3682 1120 3842 1185 εἰκός,

2274 1223 2439 1285 atque
2492 1213 2799 1285 probabile,
2844 1224 2896 1269 et
2943 1214 3274 1268 verosimile.
3325 1212 3403 1264 En
3440 1212 3538 1264 tibi
3588 1210 3843 1263 Savilium

2271 1309 2431 1377 plane
2465 1306 2749 1375 pueriliter
2791 1305 3104 1373 deceptum.
3153 1307 3213 1356 lu
3264 1300 3573 1356 Sozomeno
3603 1317 3705 1355 nos
3746 1300 3847 1354 alio

2271 1415 2337 1454 ex
2374 1400 2550 1467 capite
2585 1399 2744 1452 [idem
2778 1397 3201 1459 desideramus;
3231 1411 3356 1449 nam
3389 1393 3687 1449 Theodoro
3726 1395 3844 1462 plus

2270 1506 2426 1560 teque
2459 1491 2733 1555 addictus,
2791 1490 2845 1544 in
2911 1490 3031 1559 ejus
3079 1491 3268 1559 lapsus
3303 1491 3626 1549 narratione
3671 1486 3847 1541 fucum

2270 1583 2493 1637 veritati
2528 1582 2727 1636 fecisse
2763 1581 3007 1635 videtur.
3071 1580 3128 1634 ιιι
3182 1581 3349 1651 igitur
3397 1578 3848 1633 animadverten-

2273 1676 2404 1730 dum
2451 1676 2541 1729 hic
2584 1682 2690 1738 est,
2754 1691 2865 1728 non
2925 1673 3105 1727 solum
3154 1672 3457 1727 Justiniaui
3515 1670 3852 1738 temporibus

2279 1768 2455 1822 fuisse
2507 1766 2782 1820 Theoderi
2842 1766 3145 1828 studiosos,
3210 1766 3303 1835 qui
3350 1765 3471 1833 ejus
3534 1765 3750 1832 lapsum
3805 1769 3855 1815 et

591 1873 660 1926 ab
689 1888 792 1925 ovo
813 1872 1142 1937 excitasset;
1177 1886 1300 1923 nam
1342 1872 1418 1922 ait
1456 1886 1520 1924 ex
1556 1868 1817 1923 Vaticana
1842 1869 2174 1922 bibliotheca
2206 1838 2247 1892 Β
2279 1860 2518 1913 haereses
2555 1859 2899 1929 ὑποκορίσαι,
2938 1867 2990 1912 et
3021 1858 3294 1910 mitiorem
3334 1859 3388 1910 in
3425 1864 3641 1926 partem
3689 1854 3861 1907 inter-

592 1959 979 2031 deprmnptum
1007 1958 1278 2014 Theodori
1328 1962 1737 2029 ’Arn’ypayya,
1785 1960 1831 2011 si
1875 1947 2174 2027 legitimum

591 2061 697 2116 est,
728 2060 782 2107 et
817 2070 923 2106 non
953 2052 1225 2121 Spurium,
1262 2052 1419 2121 plane
1443 2051 1722 2105 diversum
1759 2065 1884 2104 esse
1941 2050 2008 2104 ab
2042 2064 2167 2102 ora-

593 2142 743 2199 tione
772 2160 800 2197 a
834 2141 1141 2197 Sozomeno
1186 2150 1516 2204 memorata,
1551 2157 1712 2211 quam
1750 2140 1967 2194 videtur
2002 2139 2183 2194 Theo:

593 2234 766 2291 dorus
787 2250 816 2288 a
847 2235 1242 2305 Chrysostomo
1278 2233 1508 2286 minime
1535 2238 1897 2301 provocatus,
1945 2231 2024 2284 vel
2056 2239 2182 2284 ante

597 2323 862 2385 reditum,
893 2323 976 2376 vel
1002 2321 1054 2374 in
1084 2322 1204 2390 ipso
1240 2320 1414 2374 reditu
1447 2320 1516 2373 ab
1539 2335 1722 2374 eremo
1758 2321 1810 2372 in
1842 2320 1923 2373 sui
1950 2334 2183 2373 excusa-

599 2414 804 2467 tionem
837 2412 1159 2466 adornasse.
1186 2412 1445 2476 Quainam
1481 2411 1669 2465 istlizec
1702 2409 1975 2464 Theodori
2005 2411 2183 2463 oratio

598 2511 704 2569 est,
733 2520 893 2574 quam
927 2504 1156 2573 quaesito
1191 2515 1417 2557 auctore
1461 2503 1761 2557 Sozomeno
1785 2503 2060 2573 sibilingit
2085 2503 2184 2556 Sa-

601 2596 765 2651 vilius
787 2597 811 2633 ⁷
842 2596 1053 2652 Acutus
1096 2611 1228 2651 sane
1277 2596 1468 2649 homo!
1502 2596 1570 2651 Ut
1595 2596 1808 2650 audivit
1837 2594 2184 2649 Theodorum

600 2689 931 2743 monacham
965 2688 1374 2741 excucullatum
1410 2686 1597 2742 nescio
1636 2686 1770 2756 quid
1804 2687 1857 2740 in
1896 2687 1980 2741 sui
2022 2701 2190 2751 excu-e

601 2779 873 2835 sationem
926 2780 1200 2842 attulisse,
1256 2780 1440 2833 statim
1489 2778 1763 2849 egregiam
1814 2777 2051 2846 aliquam
2105 2777 2193 2829 lu-

602 2867 1082 2923 cubratiunculam
1130 2867 1501 2921 subodoratus
1546 2876 1651 2930 est,
1697 2867 1773 2919 ita
1830 2865 1993 2936 plane
2038 2865 2192 2919 ador-

606 2963 818 3022 natam,
848 2968 907 3013 ut
932 2959 1160 3012 decebat
1200 2959 1531 3011 monachum
1559 2957 1920 3022 desertorem,
1966 2957 2074 3011 Deo
2102 2958 2191 3012 cui

615 3066 677 3105 se
754 3048 1051 3103 devoverat
1116 3048 1547 3112 renuntiantem,
1604 3048 1846 3102 castitati
1910 3050 2193 3102 et‘conti-

2281 1951 2489 2020 pretari
2543 1959 2907 2012 conarentur,
2973 1958 3031 2002 ut
3092 1947 3387 2003 Facundus
3447 1944 3861 2001 llermianensis

2281 2044 2578 2111 episcopus
2620 2041 2687 2095 ἱιιι
2723 2041 3011 2095 duodecim
3051 2042 3206 2094 libris
3254 2039 3329 2093 De
3359 2040 3532 2092 tribus
3593 2037 3858 2107 capitulis,

2282 2131 2523 2187 Basilius
2581 2133 2745 2195 Cilix,
2804 2130 3087 2196 Leontius,
3140 2140 3193 2185 et
3226 2132 3352 2196 alii;
3398 2130 3492 2185 sed
3533 2129 3661 2198 ejus
3704 2128 3862 2182 etiam

2282 2225 2521 2294 trqualrs
2553 2234 2603 2278 et
2639 2225 2983 2294 synchronos
3016 2223 3117 2277 hoe
3148 2222 3289 2276 idem
3318 2236 3535 2275 summe
3562 2220 3755 2274 studio
3772 2233 3864 2273 cu-

2286 2330 2463 2374 rasse.
2495 2316 2629 2370 Nam
2678 2316 3057 2371 Theudorctus
3110 2316 3166 2368 in
3212 2314 3465 2383 epistolis
3504 2312 3583 2381 (a)
3614 2310 3861 2373 allirmat,

2287 2410 2581 2480 scripsisse
2605 2426 2662 2464 se
2688 2409 2864 2478 βίϐλον
2884 2410 3022 2478 ὑπὲρ
3040 2405 3304 2475 Διοδώρου
3331 2407 3421 2459 καὶ
3436 2403 3741 2475 Θεοδώρου,
3765 2393 3867 2476 ὲνῇ

2285 2502 2383 2574 τὴν
2412 2502 2532 2555 κατ’
2565 2502 2742 2553 αὐτῶν
2770 2500 3144 2570 γεγενημένην
3172 2498 3389 2568 γραφὴν
3418 2496 3653 2559 διέλυεν,
3678 2496 3737 2548 οὐ
3769 2493 3870 2549 δεί-

2293 2613 2391 2658 σας
2427 2594 2533 2647 τῶν
2566 2592 2889 2662 κατηγόρων
2911 2590 3008 2660 τὴν
3039 2589 3385 2642 δυναστείαν·
3408 2585 3630 2640 Librum
3650 2584 3873 2655 proDi‘o-

2291 2685 2420 2739 doro
2451 2695 2499 2738 et
2533 2682 2831 2747 Theodoro,
2862 2683 2914 2735 in
2946 2698 3048 2751 quo
3079 2682 3263 2734 illatas
3305 2681 3378 2734 eis
3408 2680 3778 2733 accusationes
3801 2692 3870 2730 re-

2295 2776 2526 2846 fellebat,
2554 2774 2684 2829 nihil
2718 2775 2910 2827 veritus
2939 2783 3313 2827 accusatorum
3351 2772 3671 2841 potentiam.
3713 2768 3867 2822 Hunc

2295 2869 2497 2922 librum
2527 2865 2709 2920 innuit
2738 2863 3088 2920 Justinianus
3115 2866 3171 2919 in
3202 2880 3314 2919 suze
3340 2861 3461 2917 fidei
3494 2860 3870 2933 professione:

2296 2958 2636 3030 Θεοδώρητος
2663 2960 2691 3011 ὁ
2723 2958 2948 3021 πολλοὺς
2978 2958 3118 3028 ὑπὲρ
3156 2954 3429 3027 Θεοδώρου
3471 2955 3668 3023 λόγους
3690 2971 3749 3008 τε
3788 2951 3877 3005 καὶ

2299 3050 2555 3113 ἐπαίνους
2607 3050 2887 3113 ἐκτείνας·
2933 3049 3290 3104 Tlteodoretus
3335 3050 3424 3119 qui
3465 3048 3663 3101 multos
3720 3044 3873 3100 libros

610 3139 811 3194 nentite
841 3139 961 3192 vale
995 3137 1222 3201 dicenti,
1263 3138 1483 3206 nuptias
1518 3145 1571 3192 et
1598 3138 1872 3192 connubia
1900 3141 2195 3207 qumritan—
2223 3172 2267 3231 Β
2307 3158 2401 3211 pro
2438 3141 2709 3195 Theodoro
2744 3143 2978 3210 scripsit.
3034 3141 3315 3210 laudesque
3344 3141 3457 3211 ejus
3486 3141 3700 3209 copiose
3734 3137 3866 3193 cele—

607 3240 745 3287 tem.
788 3230 848 3285 Si
907 3229 1185 3285 Theodori
1252 3231 1557 3283 orationem
1612 3246 1673 3285 ea
1730 3235 1908 3299 capita
1956 3230 2196 3298 comple-

613 3329 854 3378 ctentem
886 3320 1089 3374 alicubi
1118 3319 1171 3373 in
1221 3319 1563 3374 bibliothecis
1594 3320 1831 3375 Savilius
1883 3322 2193 3389 reperisset,

613 3416 788 3470 multo
818 3414 1082 3468 libentius
1118 3413 1172 3468 in
1222 3414 1453 3483 gratiam
1503 3415 1867 3469 sectariorum
1909 3413 2195 3479 edidisset,

613 3522 778 3578 quam
809 3507 953 3561 hanc
986 3506 1294 3575 epistolam.
1329 3522 1452 3576 qua:
1487 3508 1847 3564 monasticam
1881 3508 2085 3563 asserit
2117 3507 2200 3562 di-

615 3598 935 3669 sciplinam,
966 3597 1240 3652 castitatis
1267 3599 1701 3664 observantiam,
1728 3609 1850 3653 vota
1885 3598 1995 3654 Deo
2023 3615 2052 3653 a
2080 3614 2198 3653 mo-

614 3689 808 3745 nachis
853 3688 1245 3759 nuncupanda,
1282 3698 1580 3760 sancteque
1606 3691 1887 3757 solvenda,
1946 3698 2202 3760 peceato-

616 3792 740 3836 rum
770 3781 1258 3851 exhomologesim,
1291 3780 1629 3851 poenitentia:
1659 3783 1952 3853 lacrymas,
2005 3789 2061 3836 et
2084 3780 2203 3836 suf-

618 3873 920 3945 fragiorum
969 3873 1379 3937 el'licacitatem,
1442 3890 1605 3943 quam
1660 3874 1947 3943 epistolam
1984 3874 2057 3927 ita
2088 3881 2204 3928 sto-

619 3965 911 4020 machatur
938 3972 992 4019 et
1026 3973 1278 4028 nauseat.
1312 3978 1372 4019 ut
1400 3967 1471 4020 ob
1497 3966 1550 4019 id
1578 3966 1855 4035 frigidam,
1884 3967 2123 4038 ineptam
2148 3976 2204 4020 et

619 4054 909 4110 ridiculam
942 4070 1060 4109 eam
1099 4056 1356 4126 appellet.
1390 4056 1747 4127 Sed,quseso,
1771 4057 2052 4113 videamus
2081 4072 2205 4128 quae

622 4136 790 4200 fuerit
825 4143 1030 4199 Savilio
1048 4160 1220 4200 causa
1255 4147 1567 4201 somniandi
1600 4147 1746 4201 illam
1782 4146 2054 4202 Theodori
2081 4163 2204 4202 ora-

623 4235 852 4290 tionem.
888 4233 1075 4305 Neque
1112 4236 1257 4290 enim
1296 4233 1663 4297 Sozomenus.
1706 4251 1867 4306 quem
1902 4237 2057 4300 citat,
2101 4238 2206 4293 hoc

625 4328 748 4393 ait;
782 4335 913 4382 sunt
942 4328 1145 4397 quippe
1197 4327 1309 4381 [nec
1357 4326 1477 4396 ejus
1531 4327 1696 4382 verba
1744 4328 1860 4395 (lib.
1919 4344 2038 4395 vni,
2104 4328 2200 4399 2):

640 4412 781 4472 Ἀλλ’
814 4412 968 4482 οὗτος
1000 4418 1097 4490 μὲν
1128 4418 1288 4489 ἡνίκα
1321 4420 1421 4490 τὴν
1450 4419 1622 4490 ἀρχὴν
1650 4420 1866 4491 ἐνέτυχε
1894 4424 2006 4485 τοῖς
2041 4421 2205 4485 θείοις

2302 3230 2492 3286 bravit.
2532 3231 2589 3285 In
2628 3231 2832 3301 quibus
2854 3246 3019 3301 quam
3056 3232 3319 3302 praeclare
3346 3233 3410 3285 de
3437 3228 3734 3285 Theddoro
3755 3244 3877 3285 sen«

2301 3325 2456 3387 serit,
2483 3324 2665 3393 colligi
2699 3331 2897 3392 potest,
2923 3339 3048 3377 eum
3069 3339 3135 3378 ex
3164 3322 3285 3392 ejus
3315 3322 3586 3391 epistolis,
3613 3321 3714 3375 ubi
3733 3316 3882 3389 ἅγιόν

2302 3424 2543 3469 sanctum
2571 3415 2727 3469 illum
2755 3416 3022 3479 nominat,
3067 3418 3182 3469 tum
3214 3415 3379 3469 etiam
3412 3428 3476 3475 ex
3540 3414 3742 3469 ultimo
3787 3409 3882 3466 Hi-

2305 3509 2486 3562 storia:
2515 3507 2635 3577 ejus
2658 3507 3029 3562 ecclesiastica:
3061 3507 3203 3561 libro
3231 3514 3285 3562 et
3317 3507 3513 3576 'capite,
3556 3507 3647 3561 ubi
3676 3502 3885 3576 magnis

2304 3599 2456 3653 illum
2504 3599 2759 3654 laudibus
2820 3598 3053 3653 extollit.
3104 3597 3230 3653 Haec
3270 3597 3459 3654 eadem
3504 3598 3769 3652 nimirum
3821 3590 3888 3652 de

2304 3691 2593 3746 Theodoro
2644 3691 2912 3747 sentiebat
2952 3690 3313 3755 Sozomenu's,
3362 3705 3535 3760 quare
3585 3691 3885 3745 vehemen-

2304 3791 2388 3838 ter
2442 3781 2577 3838 fldes
2632 3782 2896 3837 historica
2936 3784 3174 3850 vacillat;
3212 3783 3304 3837 ubi
3358 3781 3628 3837 Theodori
3670 3778 3887 3851 lapsum

2306 3874 2379 3927 ita
2405 3873 2780 3943 prosequitur,
2821 3884 2879 3928 ut
2914 3875 3122 3929 nullum
3156 3873 3429 3944 intelligas
3461 3873 3669 3928 crimen
3719 3873 3775 3926 in
3803 3874 3887 3930 eo}

2304 3983 2467 4038 quem
2500 3967 2931 4039 Chrysostemds
2955 3967 3166 4022 centies
3210 3963 3627 4019 ἐκπεπτωκέναι
3664 3960 3886 4033 repetit.

2309 4059 2629 4123 Ἐκπτωσις
2665 4069 2847 4114 autem
2872 4060 3264 4114 ecclesiasticis
3288 4058 3654 4128 scriptoribus
3690 4064 3801 4118 est,
3833 4052 3891 4109 u’t

2308 4150 2384 4204 ait
2420 4150 2694 4206 Caesarius
2744 4150 2907 4221 paulo
2951 4158 3078 4205 ante
3117 4148 3395 4212 laudatus,
3465 4148 3531 4201 Ἡ
3574 4144 3635 4211 ἐξ
3686 4142 3891 4228 ἀρετῆς

2307 4240 2400 4292 ἐπὶ
2452 4239 2513 4292 τὸ
2542 4242 2723 4311 χεῖρον
2762 4238 3140 4308 ὑπονόστησις,
3170 4238 3264 4292 καὶ
3296 4237 3329 4308 ἡ
3370 4238 3433 4290 ἐκ
3468 4235 3767 4306 παρθενίας
3800 4233 3890 4287 ἐπὶ

2307 4331 2562 4401 λαγνείαν
2588 4332 2769 4401 ὁρμή·
2811 4328 2943 4385 Cum
2986 4348 3019 4382 a
3049 4331 3239 4384 virtute
3282 4331 3352 4382 ad
3396 4329 3544 4391 vitia,
3580 4338 3629 4382 et
3670 4344 3702 4381 a
3741 4322 3896 4403 pndis

2308 4426 2433 4479 citia
2498 4425 2567 4476 ad
2603 4423 2876 4476 luxuriam
2932 4422 3193 4476 receditur
3246 4438 3309 4475 ac
3354 4420 3641 4490 dif/luitur.
3707 4419 3895 4490 Neque

596 4525 623 4563 ν
655 4507 836 4581 ὄμοις,
895 4509 989 4562 καὶ⁸
1019 4510 1185 4579 ἱεροῖς
1216 4508 1472 4579 ἀνδράσιν
1494 4507 1791 4580 ὡμίλησεν,
1819 4511 2048 4582 ἐπῄνεσε
2077 4511 2191 4565 ταύ-

2322 4529 2452 4567 vere
2484 4511 2808 4565 Theodorus
2859 4519 3152 4578 antequam
3212 4512 3282 4567 ab
3319 4526 3504 4565 eremo
3556 4511 3893 4574 discederet,

623 4614 723 4673 την
747 4600 846 4673 τὴν
875 4600 1097 4671 ἀγωγην
1130 4601 1224 4653 καὶ
1259 4602 1505 4668 κατέγνω
1524 4601 1630 4654 τῶν
1657 4602 1910 4656 ἀστυκῶν
1931 4620 1942 4630 ·
1972 4605 2031 4657 οὺ
2057 4604 2210 4675 διήρ-

574 4757 588 4770 .
627 4709 757 4746 κεσε
779 4692 837 4745 δὲ
862 4693 961 4763 τὴν
995 4692 1163 4762 αὐτὴν
1193 4692 1501 4762 προθυμίαν
1528 4691 1685 4762 ἔχων.
1720 4692 2132 4763 Μεταμεληθεὶς
2153 4693 2210 4745 δὲ

634 4783 771 4853 πρὸς
798 4782 890 4835 τὸν
913 4782 1178 4854 πρότερον
1208 4781 1323 4852 βίον
1356 4783 1582 4842 εἵλκετο.
1610 4778 1698 4837 οἷα
1722 4785 1779 4838 δὲ
1809 4786 1974 4849 εἰκὸς,
2005 4785 2214 4839 ἐναντί-

628 4890 711 4937 οις
738 4873 915 4943 λόγοις
943 4872 1225 4945 κοσμήσας
1252 4874 1311 4927 τὸ
1338 4874 1772 4947 σπουδαζόμενον
1789 4880 1854 4931 ὲκ
1882 4877 2131 4932 παλαιῶν
2159 4879 2214 4930 ὐ-

634 4965 1041 5035 ποδειγμάτων,
1069 4962 1137 5037 ἦν
1162 4965 1271 5038 γὰρ
1299 4966 1626 5038 πολυῖστωρ,
1656 4968 1736 5031 είς
1764 4968 1860 5039 τὴν
1901 4968 2055 5021 πόλιν
2081 4969 2217 5020 ἐπα-

632 5057 831 5129 ν’ἠλθεν
855 5076 869 5090 ο
898 5055 1000 5111 Hic
1038 5075 1155 5112 rero
1193 5057 1497 5113 Theodorus
1529 5059 1592 5112 ab
1621 5059 1776 5113 initio
1818 5058 2030 5129 quidem
2096 5076 2216 5114 eum

633 5153 689 5206 in
715 5166 899 5206 sacras
928 5150 1063 5221 leges
1107 5149 1402 5214 incidisset,
1464 5160 1512 5205 et
1545 5167 1665 5205 cum
1703 5151 1903 5204 sanctis
1937 5151 2065 5204 viris
2095 5167 2221 5205 con-

634 5251 961 5306 versaretur,
990 5242 1086 5295 Itoe
1120 5244 1237 5297 ultre
1276 5259 1438 5312 genus
1474 5240 1822 5311 approbabat,
1869 5258 1931 5294 ac
1964 5242 2220 5296 sweulare

632 5334 961 5399 damnabat;
987 5334 1075 5389 sed
1102 5335 1155 5388 in
1194 5333 1374 5388 eodem
1409 5334 1505 5387 hoc
1532 5333 1802 5403 proposito
1825 5340 1926 5387 non
1960 5333 2212 5402 perstitit.

636 5425 743 5481 Sed
790 5436 965 5480 tamen
991 5426 1301 5493 pmnitentia
1333 5423 1545 5489 ductus,
1573 5424 1642 5477 ad
1670 5424 1902 5493 priorem
1934 5424 2055 5479 vita
2090 5440 2216 5477 con-

632 5517 961 5571 suetudinem
1000 5528 1260 5572 retractus
1295 5518 1417 5587 fuit,
1443 5529 1492 5572 et
1516 5516 1655 5588 quod
1681 5526 1758 5571 est
1784 5524 2214 5579 consentaneum,

2315 4604 2389 4657 ita
2420 4609 2539 4656 erat
2577 4599 2725 4653 onmi
2753 4609 2877 4653 voto
2904 4600 3138 4664 solutus,
3173 4607 3231 4653 ut
3258 4598 3461 4655 referre
3483 4600 3694 4669 pedem,
3715 4608 3899 4655 retro-3

2315 4710 2421 4763 que
2450 4692 2727 4760 reSpicere
2764 4690 2968 4759 posset.
3014 4689 3068 4743 In
3106 4699 3342 4746 mentem
3378 4691 3426 4745 ei
3464 4690 3897 4761 Chrysostomus

2315 4792 2537 4839 revocat
2565 4782 2664 4844 τὰς
2697 4780 2834 4852 πρὸς
2884 4781 3118 4851 Χριστὸν
3167 4781 3461 4851 συνθήκας,
3529 4795 3650 4835 cum
3683 4782 3899 4836 Christo‘

2316 4876 2597 4948 spirituale
2621 4874 2943 4945 confugium.
3001 4876 3120 4946 Ipse
3166 4890 3295 4931 vero
3331 4872 3654 4930 Theodorus
3704 4877 3759 4929 in
3794 4872 3910 4928 hac"

2316 4969 2545 5042 epistola
2564 4987 2574 5019 τ
2594 4966 2858 5031 Εῡξασθε,
2876 4967 3046 5039 τίμιοι
3067 4968 3328 5037 Πασέἑρες,
3351 4966 3652 5036 μνησθῆναί
3674 4983 3774 5037 μου
3797 4966 3898 5034 τῆς

2318 5062 2488 5132 καλῆς
2532 5058 2853 5129 ὁμολογίας,
2886 5060 2954 5129 ἦν
2992 5058 3315 5129 ὡμολόγησα
3348 5056 3574 5111 ἐνώπιον
3602 5059 3697 5110 τοῦ
3734 5053 3918 5120 Θεοῦ,³

2318 5155 2412 5209 καὶ
2439 5151 2685 5221 ἀγγέλων
2715 5154 2807 5206 καὶ
2848 5152 3185 5224 ἀνθρώπων
3244 5149 3426 5215 Orate,
3462 5150 3743 5204 renerandi
3789 5148 3898 5202 Pa—

2323 5254 2448 5307 tres,
2475 5251 2531 5296 ut
2546 5242 2640 5297 illa
2667 5243 2793 5296 mihi
2814 5253 2934 5296 ante
2963 5238 3141 5297 oculos
3162 5251 3394 5296 versetur
3409 5239 3713 5310 promissio,
3740 5254 3899 5309 quam

2324 5352 2505 5391 coram
2546 5334 2649 5388 Deo
2678 5336 2754 5387 vel
2784 5332 3005 5403 angelis,
3026 5341 3077 5386 et
3106 5330 3405 5385 hominibus
3439 5328 3716 5399 spopondi.
3758 5328 3901 5395 Quid

2322 5445 2453 5499 ergo
2483 5426 2667 5483 subdit
2698 5426 3038 5481 Sozomenus
3066 5425 3134 5481 de
3165 5426 3394 5481 honesto
3426 5425 3691 5493 licitoque
3710 5424 3903 5478 matri-

2323 5524 2530 5584 monio,
2557 5521 2701 5591 quod
2719 5518 3040 5575 Theodorus
3068 5519 3459 5574 meditaretur?
3478 5517 3717 5573 Curnam
3737 5520 3898 5574 etiam

635 5610 921 5664 contrariis
947 5611 1272 5679 argumentis
1311 5611 1640 5680 propositum
1678 5624 1835 5663 suum
1880 5624 2098 5677 ornans,
2154 5624 2219 5663 ex
2296 5618 2502 5687 ’γάμον
2533 5613 2664 5669 illud
2695 5612 2985 5668 nominat?
3013 5610 3149 5666 Nam
3180 5610 3607 5681 Chrysostomus
3638 5611 3708 5664 ad
3739 5611 3902 5666 Theo-

710 5799 884 5877 (a)_ln
921 5800 1163 5877 editione
1187 5766 1688 5877 Sirmondi,epist.
1724 5806 1813 5871 16,
1838 5822 1999 5877 quem
2032 5806 2206 5863 Theo—
2312 5819 2396 5862 set
2430 5806 2731 5862 Garnerius
2756 5806 2981 5864 dissert.
3009 5805 3065 5873 ἓ,
3107 5818 3229 5875 cap.
3272 5803 3305 5863 9
3343 5805 3488 5861 inter
3515 5818 3682 5875 opera
3723 5798 3905 5858 Theo-

637 5864 931 5944 doretipro
954 5871 1243 5931 Theodoro
1278 5890 1343 5931 ac
1377 5864 1613 5933 Diodoi-o
1646 5864 1984 5935 librum'non
2013 5894 2207 5936 recen-

2196 5977 2285 6001 et..-

2313 5878 2487 5935 dorcti
2517 5877 2820 5949 deperdita.
