4104 6484
280 417 384 473 {Ol

1481 410 1799 470 DIATRIBA
1838 411 1927 471 ΗΕ
1966 415 2008 471 Τ
2014 411 2385 471 HEODORIS.

3489 414 3590 470 102

274 536 477 589 dorum
507 502 589 589 ita
620 532 816 589 scribit
853 551 866 586 :
904 531 1119 601 Τίμιος,
1147 530 1332 601 φησιν,
1387 534 1421 585 ό
1449 531 1657 601 γάμος,
1706 532 1806 587 καὶ
1848 533 1886 601 ἠ
1919 585 1921 591 ,

2024 548 2095 587 uo
2126 532 2335 603 scripto
2367 531 2624 587 inseruit.
2670 530 2972 587 Facundos
3007 545 3137 586 vero
3169 528 3291 598 ejus
3333 529 3586 613 epistolae

274 640 457 692 κοίτη
496 625 825 694 ἀμιάντοςο
877 624 962 678 σοὶ
1002 622 1059 675 δὲ
1092 621 1276 675 οὐκέτι
1328 621 1552 677 δυνατὸν
1597 623 1665 677 τὰ
1710 623 1895 678 δίκαια

274 718 525 787 φυλάξαι
562 717 660 770 τοῦ
695 716 879 787 γάμου
905 733 918 746 ·
955 715 1046 770 τὸν
1071 713 1181 786 γὰρ
1216 714 1524 787 ἐπουρανίῳ
1553 716 1896 787 συναφθέντα

273 815 532 886 νυμφὶῳ,
559 813 750 867 τοῦτον
786 812 885 884 μὲν
912 812 1093 877 ἐᾶσαι,
1122 811 1341 878 γυναικὶ
1369 810 1425 864 δὲ
1452 810 1614 864 αὑτὸν
1640 812 1893 881 συνάψαι,

280 905 514 979 μοιχεία
544 905 607 958 τὸ
631 902 876 973 πρᾶγμά
904 905 1053 955 ἐστι’
1085 900 1189 954 κᾶν
1224 902 1486 972 μυριάκις
1526 901 1687 955 αὑτὸν
1721 901 1898 972 γάμον

275 1000 499 1069 καλῇς·
548 998 641 1062 At,
676 997 876 1065 inquis.
921 994 1244 1049 honorabile
1268 995 1631 1058 connubium,
1656 1002 1709 1049 et
1746 1003 1898 1050 torus

202 1094 209 1099 ’
280 1092 694 1148 immaculatus
713 1091 756 1143 ³.
796 1089 911 1141 Tibi
934 1103 1054 1142 vero
1073 1080 1404 1140 matrimonii
1417 1088 1547 1156 jura
1570 1104 1900 1158 nequaquam

282 1184 578 1239 convenire
616 1190 859 1251 possunt.
882 1178 944 1234 Si
963 1180 1079 1248 quis
1101 1180 1239 1232 enint
1258 1178 1456 1233 caelesti
1480 1196 1535 1233 se
1551 1196 1745 1248 sponso
1770 1197 1898 1234 con-

282 1278 511 1347 iungat,
538 1272 735 1327 deinde
768 1288 828 1325 eo
859 1270 1139 1341 repudiato
1165 1287 1218 1323 se
1242 1271 1452 1324 mulieri
1483 1272 1709 1340 copulet,
1741 1273 1902 1326 adul-

283 1371 489 1423 terium
512 1365 831 1429 committit,
854 1362 975 1417 licet
1006 1361 1143 1416 illud
1173 1363 1497 1417 contentiosa
1512 1363 1681 1416 decies
1708 1365 1900 1420 millies

286 1460 710 1517 matrimonium
733 1456 985 1525 appelles.
1023 1453 1192 1524 Igitur
1227 1454 1323 1524 qui
1363 1440 1639 1511 Theodori
1685 1456 1900 1526 lapsum

289 1553 361 1608 ad
396 1553 685 1606 rationem
715 1548 970 1604 veritatis
1006 1562 1269 1603 revocare
1311 1547 1467 1612 velit,
1516 1564 1686 1603 unum
1729 1548 1905 1619 Chry-

283 1654 614 1702 sostomum
649 1641 863 1704 audiat,
899 1654 1129 1695 necesse
1152 1646 1261 1703 est,
1297 1656 1366 1695 ex
1399 1656 1511 1711 quo
1544 1657 1657 1696 rem
1694 1642 1775 1698 sic
1802 1642 1903 1696 ha-

286 1739 443 1793 beat.
476 1733 817 1791 Theodorus
845 1747 956 1785 non
992 1731 1087 1785 diu
1124 1739 1418 1802 postquam
1448 1732 1669 1788 Christo
1700 1748 1902 1788 nomen

286 1831 551 1893 dederat,
615 1823 928 1897 φροντίζειν
959 1825 1300 1895 πραγμάτων
1332 1823 1606 1895 πατρῴων
1646 1825 1901 1896 cogitur;

1997 624 2317 679 testimonio
2341 631 2495 693 urget
2518 623 2866 678 adversarios
2887 622 3159 677 Theodori
3180 612 3593 694 Mopsuesteni.-

1997 713 2264 779 Liberali,
2319 723 2370 767 et
2412 713 2659 769 Facundi
2704 714 2945 782 antiquis
2980 715 3286 780 codicibus,
3330 715 3469 768 bene
3502 728 3588 769 rc-

2000 802 2271 874 spondent
2306 802 2554 858 Vaticani
2605 805 2962 873 cpistolarum
3008 804 3387 876 Chrysostomi
3432 803 3590 859 codi-

2002 910 2095 950 ces
2133 892 2380 958 DCCXII,
2411 903 2464 948 et
2502 895 2784 949 MCXCIV.
2809 895 3157 951 Justinianus
3199 905 3379 951 autem
3413 897 3588 966 impe-

2002 996 2155 1040 rator
2198 988 2251 1040 in
2298 986 2501 1041 Libello
2553 989 2904 1055 confessionis
2956 988 3085 1055 ﬁdei
3118 989 3335 1041 unicam
3375 988 3593 1042 videtur

2002 1080 2202 1150 legisse
2237 1080 2619 1151 Chrysostomi
2660 1081 2727 1133 ad
2755 1079 3087 1134 Theodorum
3124 1080 3429 1145 epistolam,
3470 1094 3590 1132 eam

2003 1171 2265 1225 nimirum
2330 1188 2493 1242 quam
2551 1173 2616 1226 ad
2666 1188 2790 1227 eum
2857 1173 3067 1240 lapsum
3111 1171 3369 1235 dederat;
3431 1171 3592 1224 aliam

2006 1274 2157 1325 vero,
2215 1277 2337 1331 qua:
2386 1262 2634 1332 ejusdem
2674 1262 2865 1317 laudes
2900 1262 3231 1326 contineret,
3286 1278 3394 1315 non
3426 1277 3596 1331 agno-

2007 1366 2185 1408 scere.
2234 1352 2429 1409 Patres
2471 1364 2653 1408 autem
2711 1354 3311 1423 ConstantinOpolitani
3363 1353 3593 1407 secundi

2007 1443 2255 1509 concilii,
2290 1444 2417 1499 licet
2448 1460 2567 1499 eam
2603 1444 3005 1515 Chrysostonto
3028 1460 3137 1498 non
3182 1444 3459 1501 ahdicent.
3491 1443 3596 1497 ali-

2008 1546 2090 1591 ter
2120 1545 2302 1592 tamen
2337 1537 2404 1594 de
2430 1540 2520 1592 illa
2544 1538 2816 1608 judicant,
2846 1555 3009 1609 quam
3043 1540 3287 1594 fautores
3318 1537 3594 1593 Theodori

2011 1627 2401 1699 Mopsueslcni.
2433 1629 2569 1684 Nam
2615 1630 2868 1700 inquiunt
2897 1651 2906 1684 :
2936 1629 3029 1683 Sin
3059 1642 3235 1683 autem
3258 1631 3451 1699 aliquis
3473 1647 3599 1683 con-

2009 1721 2163 1775 cedat
2223 1720 2292 1774 ad
2343 1724 2516 1793 ipsum
2572 1722 2904 1776 Theodorum
2952 1723 3207 1790 scriptam
3258 1739 3373 1775 eam
3412 1722 3598 1789 fuisse,

2010 1823 2211 1867 certum
2244 1825 2319 1869 est
2360 1820 2497 1885 quod
2526 1815 2785 1874 Joannes.
2829 1816 2919 1885 qui
2953 1831 3045 1883 per
3074 1824 3242 1868 totum
3272 1831 3426 1867 suum
3465 1830 3600 1883 pon-

286 1931 342 1977 et
376 1922 517 1977 dum
560 1918 709 1973 facta
738 1917 846 1972 sibi
882 1916 1154 1985 tantisper
1183 1915 1447 1970 facultate
1482 1931 1512 1968 a
1574 1919 1903 1974 monasterii

2024 1904 2275 1973 ’iﬁcatum
2309 1904 2546 1958 veritatis
2591 1904 2801 1958 verbum
2851 1914 2990 1958 recte
3031 1906 3307 1969 tractavit,
3348 1906 3599 1975 ignorans

286 2014 590 2087 praefecto,
623 2013 680 2066 in
719 2010 857 2065 urbe
905 2017 1187 2071 versatur,
1240 2007 1296 2062 in
1352 2016 1730 2064 transversum
1789 2011 1904 2082 agi—

286 2118 405 2170 tur,
437 2116 495 2163 et
528 2102 1018 2160 carnisillecebris
1042 2102 1315 2164 irretitus,
1338 2099 1713 2167 Hermionem,
1734 2119 1902 2174 quam

289 2199 707 2256 ardentissime
752 2194 1135 2259 adamaverat,
1188 2194 1354 2248 etiam
1392 2194 1748 2250 matrimonio
1798 2196 1905 2250 sibi

291 2293 651 2362 conjungere
678 2288 927 2359 parabat.
965 2286 1064 2341 llic
1091 2287 1305 2357 primus
1344 2285 1619 2342 Theodori
1641 2289 1755 2359 jam
1788 2306 1908 2345 mo-

292 2384 464 2440 nachi
494 2383 691 2453 lapsus
737 2382 794 2434 in
840 2379 1075 2433 luxuria:
1114 2393 1357 2444 cumam,
1388 2387 1448 2432 ut
1480 2378 1910 2451 Chrysostomus

295 2479 419 2550 ipse
448 2483 633 2539 notat,
667 2475 767 2545 τῆς
792 2473 894 2544 σῆς
931 2472 1110 2544 ψυχῆς
1140 2473 1200 2525 τὸ
1228 2473 1446 2545 πρῶτον
1481 2474 1757 2547 πεσούσης
1772 2470 1912 2529 πτῶ-

301 2586 401 2641 μα.
434 2569 762 2637 Antequam
798 2564 1006 2619 veroin
1032 2578 1276 2618 eremum
1308 2564 1613 2628 secederet,
1634 2565 1911 2621 immerito

296 2660 562 2732 ejusdem
595 2658 742 2713 caeni
779 2663 832 2713 et
864 2656 1202 2727 impudicitze
1223 2672 1254 2711 a
1286 2655 1495 2711 Savilio
1532 2656 1908 2724 insimulatur,

300 2756 397 2826 (ιιιί
423 2767 726 2825 perperam
776 2749 994 2821 accepit
1044 2750 1099 2804 in
1150 2751 1352 2804 malam
1402 2758 1615 2822 partem
1660 2750 1795 2805 illud
1834 2752 1914 2816 εἰς

305 2849 542 2918 μουσεῖα
572 2843 860 2913 φοιτῶντι,
898 2850 1170 2913 putatque
1220 2846 1450 2913 μουσεῖα
1499 2843 1673 2901 fuisse
1715 2843 1916 2900 Antio-

302 2939 450 2993 chia:
497 2939 626 2993 loca
681 2934 1063 3005 voluptatibus
1128 2942 1185 2990 et
1239 2935 1479 2991 lascivia-'2
1526 2937 1729 3004 dicata,
1794 2954 1918 3009 quae

304 3028 648 3086 Theodorus
680 3029 1007 3084 adolescens
1039 3027 1434 3099 frequentaret,
1464 3044 1587 3083 cum
1627 3031 1701 3085 ibi
1743 3030 1920 3109 Chry-

307 3136 599 3183 sostomus
637 3123 845 3176 usitato
898 3119 1107 3175 Graecis
1149 3119 1417 3174 vocabulo
1472 3121 1661 3175 ludum
1706 3123 1918 3178 littera-

309 3217 454 3271 rium
506 3215 780 3275 nominet,
835 3211 1305 3283 quemadmodum
1360 3211 1413 3265 in
1457 3214 1692 3282 cpistola
1742 3216 1916 3285 prima

308 3308 563 3381 (θῶμά.
603 3304 648 3369 ι,
707 3304 882 3375 p.28)
916 3302 985 3355 ad
1037 3301 1278 3356 eumdem
1333 3302 1666 3359 Theodorum
1719 3307 1787 3362 de
1817 3307 1919 3363 Ur-

308 3402 438 3458 bani
472 3397 764 3454 Phtnnicis
798 3396 912 3450 lilio
938 3396 1079 3451 idem
1118 3410 1319 3452 nomen
1359 3396 1428 3452 ad
1458 3412 1571 3453 rem
1594 3398 1917 3454 litterariam

311 3492 740 3566 significandam
773 3489 988 3545 sumit:
1025 3481 1194 3553 Οὗτος
1239 3489 1301 3543 τὸ
1343 3491 1441 3561 μὲν
1483 3490 1700 3562 πρῶτον
1746 3494 1923 3565 ὲρρῶ-

312 3587 437 3641 σθαι
456 3584 637 3640 πολλά
648 3587 773 3648 ταῖς
789 3585 970 3645 ἐντοῖς
991 3583 1266 3652 μουσείυις
1281 3583 1586 3655 διατριϐαῖς
1602 3584 1773 3639 εἰπών
1788 3603 1801 3615 ο
1819 3584 1870 3639 Η
1875 3588 1924 3640 ic

310 3681 552 3750 primum
583 3677 801 3749 quidem
840 3675 1058 3747 longum
1088 3674 1205 3732 vale
1234 3676 1415 3732 dicens
1439 3678 1741 3733 scolasticis
1781 3695 1925 3744 exet;-

316 3774 658 3838 citamentis,
697 3772 817 3828 suis
848 3772 1048 3827 deinde
1077 3771 1232 3827 visus
1280 3778 1366 3826 est
1392 3772 1626 3835 inutilis,
1662 3773 1925 3842 quoniam

315 3875 374 3921 ut
407 3867 604 3922 statim
638 3864 1076 3935 Chrysostomus
1104 3862 1257 3918 addit
1290 3881 1303 3917 :
1335 3862 1451 3935 Πρὸ
1490 3862 1640 3933 ὥρας
1665 3864 1774 3918 τῶν
1797 3865 1928 3938 περὶ

312 3960 446 4024 τοὺς
472 3958 680 4028 λόγους
722 3958 905 4011 πόνων
936 3957 1301 4029 ἀποπηδήσας
1338 3957 1506 4029 μηδὲν
1533 3954 1744 4011 exsiliet;
1792 3976 1929 4030 καρ-

316 4052 622 4107 πώσασθαι
650 4049 886 4122 ἐδυνήθη
908 4067 921 4080 ·
955 4048 1299 4120 Pra'propcre
1338 4051 1619 4105 litterariis
1657 4048 1929 4105 laboribus

315 4163 373 4202 se
413 4142 711 4208 subduxit,
771 4143 852 4195 ita
898 4150 957 4194 ut
988 4142 1109 4195 inde
1147 4140 1284 4195 nihil
1318 4138 1570 4195 utilitatis
1620 4144 1926 4210 perceperit.

319 4232 386 4294 Et
426 4239 485 4291 in
519 4235 793 4306 psalmum
820 4242 1071 4304 quartum
1107 4248 1126 4286 :
1152 4233 1267 4287 Οὐκ
1321 4234 1403 4296 εἰς
1457 4236 1711 4304 μουσεῖον
1769 4234 1932 4289 ἀπιέ-

317 4349 410 4387 ναι
435 4330 542 4394 δεῖ,
582 4326 707 4381 οὐδὲ
729 4326 1119 4395 παιδαγωγοὺς
1149 4323 1423 4397 μισθῶσαι
1453 4326 1548 4380 καὶ
1580 4327 1817 4399 ῥήτορας
1840 4327 1933 4383 καὶ

320 4420 634 4492 σοφιστάς·
676 4416 860 4490 Neque
893 4430 1024 4488 opus
1052 4426 1130 4472 est
1180 4417 1363 4472 ludum
1401 4419 1551 4473 adire
1583 4421 1928 4488 litterarium,

320 4532 491 4585 neque
522 4512 768 4567 mercede
795 4510 1113 4582 pa-dogogos
1134 4511 1446 4579 conducere,
1473 4529 1636 4584 neque
1665 4515 1934 4583 rhetoras,

320 4623 497 4677 neque
535 4604 832 4675 sophistas.
887 4603 994 4658 Sed
1023 4619 1090 4659 eo
1126 4605 1311 4660 minus
1354 4621 1545 4662 errare
1593 4608 1834 4665 Savilius
1868 4624 1935 4666 eo
1966 4616 2010 4673 D

322 4702 382 4755 in
407 4700 540 4755 loco
577 4698 874 4762 debuerat,
907 4697 1056 4769 quod
1089 4699 1209 4753 voci
1241 4701 1468 4770 μουσεῖα
1498 4701 1791 4772 conjunxit
1833 4718 1937 4759 au-

322 4799 459 4846 ctor
483 4789 718 4845 verbum
752 4791 967 4861 φοιτᾷν,
1013 4789 1160 4860 quod
1186 4789 1361 4846 (ἔτικοὶ
1420 4792 1721 4863 scriptores
1758 4795 1835 4848 ita
1870 4811 1937 4853 ex

325 4900 440 4941 usu
466 4883 539 4938 ad
565 4884 753 4939 studia
784 4882 1220 4950 transtulerunt,
1249 4890 1310 4937 ut
1342 4884 1473 4941 inde
1495 4885 1803 4958 discipulos
1820 4905 1940 4957 φοι-

321 4978 504 5052 τητάς
533 4978 893 5049 appellarint.

403 5082 688 5153 Denique,
737 5098 807 5137 ne
847 5082 953 5137 hoc
996 5081 1166 5137 etiam
1210 5081 1651 5149 dissimulemus,
1695 5085 1948 5156 cpistola:

323 5173 858 5246 Cbrysostomiante
919 5173 1066 5245 “2,
1129 5176 1272 5231 male
1338 5173 1581 5231 Savilius
1648 5179 1945 5244 inscribit,

323 5268 586 5338 Θεοδότῳ
634 5266 945 5337 ἐπισκόπῳ.
994 5264 1204 5337 Nempe
1249 5268 1488 5338 ignorat,
1536 5280 1745 5340 quanta
1783 5272 1949 5328 fuerit

327 5367 487 5421 inter
518 5360 720 5416 Patres
741 5360 811 5416 de
829 5360 925 5415 illa
951 5360 1191 5432 epistola
1232 5365 1613 5420 controversia
1645 5366 1751 5421 sub
1774 5365 1951 5422 Justi-

330 5457 511 5513 niano
570 5453 937 5524 imperatore,
1000 5454 1496 5525 reponendumque
1545 5457 1775 5512 omnino
1824 5472 1950 5514 esse

330 5546 607 5619 Θεοδώρῳ
634 5545 953 5617 ὲπισκὸπῳ,
988 5546 1150 5617 isque
1184 5556 1270 5604 est
1303 5545 1732 5619 Mopsuestenus
1762 5551 1851 5607 hic
1883 5548 1952 5608 de

331 5655 452 5711 quo
481 5638 729 5709 agimus,
785 5645 847 5691 ut
902 5637 1177 5693 afﬁrmant
1218 5639 1517 5697 Liberatus
1560 5642 1956 5716 Carthagint-n-

331 5732 421 5788 sis
445 5731 747 5795 diaconus,
781 5738 839 5784 et
867 5727 1165 5788 Facundus
1191 5730 1611 5791 Hermianensis
1643 5737 1738 5791 lib.
1775 5754 1871 5803 vn,
1900 5738 1951 5804 7,

332 5819 439 5898 qui
494 5822 774 5893 integram
819 5836 942 5878 eam
990 5823 1285 5896 epistolam
1333 5824 1631 5885 Latinitate
1687 5828 1949 5887 donatam

417 5965 433 5994 ⁸
474 5959 655 6018 llcbr.
687 5975 808 6028 snt,
850 5959 903 6018 4.

2013 1994 2147 2048 tales
2184 1994 2539 2064 blasphemias
2583 1995 2957 2061 conscripsisse
3009 1993 3364 2057 Theodorum,
3410 1994 3599 2062 hujus-

2013 2086 2158 2140 modi
2208 2086 2284 2139 ad
2336 2102 2453 2139 eum
2496 2086 2705 2139 litteras
2741 2083 2983 2138 dederat.
3035 2084 3139 2137 Alii
3184 2085 3325 2138 duos
3371 2089 3601 2138 narrant

2014 2174 2363 2238 Theodorus,
2408 2175 2671 2230 Ecclesiae
2719 2174 3118 2247 ansuestena:
3159 2177 3503 2245 praepositos,
3550 2182 3604 2230 et

2013 2268 2081 2322 ad
2132 2268 2498 2338 posteriorem
2555 2266 2732 2323 fuisse
2790 2269 2973 2322 datam
3039 2282 3158 2321 eam
3219 2266 3602 2337 Cltrysostomi

2014 2361 2303 2431 epistolam
2331 2362 2543 2415 volunt.
2591 2360 2957 2431 Theophanes
3002 2361 3056 2415 in
3095 2360 3450 2428 chronologia
3484 2373 3498 2410 :
3540 2354 3604 2411 ἸΙ

2015 2451 2073 2504 δὲ
2122 2450 2216 2505 τοῦ
2262 2451 2653 2521 Χρυσοστόμου
2719 2450 2974 2520 ἐπιστολὴ
3027 2453 3061 2521 ἡ
3116 2449 3267 2517 πρὸς
3307 2448 3609 2515 Θεόδωρον

2015 2541 2462 2610 Μοψουεστίας,
2519 2541 2639 2610 οὐχ).
2695 2541 2832 2613 πρὸς
2871 2540 2965 2593 τὸν
3010 2540 3247 2610 πρῶτον,
3291 2537 3426 2590 ἀλλὰ
3471 2539 3609 2607 πρὸς

2017 2630 2109 2688 τὸν
2148 2634 2374 2704 ἔσχατον
2418 2634 2710 2703 γενόμενον
2744 2632 2893 2685 ἐστίν
2924 2649 2936 2662 ·
2968 2631 3335 2701 Chrysostomi
3384 2630 3612 2698 epistola

2021 2724 2090 2779 ad
2146 2723 2497 2778 Theodorum
2544 2722 3019 2792 Mopsuestenum,
3081 2737 3184 2774 non
3235 2719 3305 2773 ad
3351 2721 3610 2773 seniorem

2019 2818 2133 2885 ejus
2168 2814 2424 2868 Ecclesia:
2461 2817 2784 2884 episcopum,
2817 2811 2909 2867 sed
2935 2812 3003 2864 ad
3019 2811 3287 2880 juniorem
3329 2811 3456 2863 data
3486 2810 3611 2879 fuit.

2022 2906 2226 2963 Verum
2253 2914 2405 2961 errat
2432 2905 2802 2975 ThCOphanes
2836 2923 2848 2958 :
2886 2919 3012 2957 nam
3040 2902 3362 2957 Theodorus
3388 2899 3613 2967 Junior,

2023 3017 2223 3072 genere
2246 2986 2470 3063 'Galata,
2506 3012 2824 3070 supremum
2865 2996 3009 3051 diem
3060 2997 3184 3050 vitae
3216 2996 3352 3065 egit,
3389 3004 3449 3049 ut
3493 3010 3609 3065 per-

2024 3097 2217 3166 spicue
2268 3094 2573 3158 declarant,
2626 3098 2680 3145 et
2725 3105 2869 3160 saepe
2917 3097 3176 3159 repetunt
3222 3096 3345 3142 acta
3391 3087 3620 3143 concilii

2027 3184 2426 3256 llopsucsteni,
2446 3198 2592 3238 anno
2611 3179 2909 3235 Justiniani
2940 3180 3288 3249 imperatoris
3329 3179 3616 3242 vicesimo,

1947 3256 1992 3335 (Σ
2025 3278 2236 3334 scilicet
2258 3274 2565 3330 centesimo
2583 3271 3009 3343 quadragesimo
3032 3280 3085 3326 et
3113 3272 3352 3341 amplius
3371 3271 3439 3326 ah
3463 3272 3620 3325 obitu

2022 3368 2253 3424 Joannis
2283 3364 2683 3443 Chrysostomi.
2719 3360 2908 3433 Neque
2939 3363 3197 3434 diptycha
3245 3363 3394 3417 illius
3431 3361 3621 3417 Eccle-

2025 3461 2122 3517 siae
2161 3461 2216 3514 in
2258 3459 2447 3514 eadem
2480 3457 2690 3529 synodo
2721 3458 2951 3512 recitata
2982 3458 3149 3510 alium
3189 3456 3393 3511 habent
3432 3455 3613 3511 Theo-

2025 3548 2221 3602 dorum
2250 3552 2377 3615 post
2424 3544 2832 3600 Antiochenum
2867 3545 3019 3598 illum
3070 3545 3309 3615 lapsum.
3350 3544 3458 3601 Sed
3480 3557 3621 3609 esto,

2029 3636 2197 3691 fuerit
2248 3635 2414 3699 alius,
2453 3634 2615 3705 cujus
2648 3650 2851 3689 nomen
2892 3649 2922 3688 a
2958 3634 3161 3689 tabulis
3192 3634 3317 3709 illis
3356 3632 3625 3691 ecclesia-

2028 3729 2183 3786 sticis
2234 3727 2530 3793 exciderit,
2578 3727 2627 3784 is
2676 3743 2808 3783 vero
2860 3727 3025 3783 etiam
3070 3727 3161 3782 vix
3198 3729 3304 3781 erit
3356 3727 3541 3782 statim
3591 3741 3622 3784 τι

2030 3821 2212 3891 lapso,
2264 3819 2339 3873 ita
2376 3825 2436 3873 ut
2488 3818 2633 3873 inter
2682 3832 2779 3872 eos
2831 3817 3017 3872 nullus
3044 3817 3437 3895 intercesserit
3484 3817 3627 3873 alius

2037 3911 2305 3967 Ecclesiae
2336 3909 2738 3980 Mopsuestena:
2764 3908 2989 3979 przesul,
3014 3892 3068 3963 et
3100 3892 3168 3963 de
3203 3908 3305 3962 hoc
3334 3906 3626 3979 Theopha-

2030 4018 2133 4059 nes
2180 4002 2477 4072 intelligat,
2512 4016 2584 4056 ne
2627 4000 2730 4055 hac
2759 4000 2983 4070 quidem
3016 3999 3230 4055 ratione
3277 4001 3445 4054 stabit
3482 4001 3630 4058 illius

2040 4095 2314 4153 sententia
2347 4112 2361 4149 :
2395 4109 2521 4148 nam
2560 4092 2996 4164 Chrysostomus
3054 4091 3109 4146 in
3162 4091 3359 4147 exsilio
3400 4094 3632 4148 moritur

2034 4187 2201 4243 etiam
2235 4194 2353 4240 tum
2399 4184 2707 4255 superstite
2750 4183 3041 4238 Theodoro
3072 4183 3420 4239 Antiocheno
3452 4184 3631 4255 lapso,

2047 4279 2143 4349 qui
2178 4278 2338 4349 longe
2370 4283 2493 4347 post
2528 4278 2632 4332 sub
2655 4275 2969 4332 Theodosio
3000 4275 3260 4342 iuniore,
3302 4285 3496 4332 exacto
3531 4276 3636 4333 Ec.

2037 4371 2220 4426 clesia:
2271 4370 2605 4441 praesulatus
2670 4377 2829 4424 sexto
2885 4379 3052 4438 atque
3108 4369 3394 4423 tricesimo
3451 4385 3633 4439 anno,

2039 4476 2201 4517 suum
2239 4461 2383 4516 diem
2416 4460 2572 4523 obiit,
2624 4467 2684 4513 ut
2717 4459 2911 4528 quinto
2941 4460 3151 4515 Histor.
3201 4460 3347 4514 libro
3387 4466 3637 4515 extremo

2039 4563 2231 4610 narrat
2266 4551 2667 4608 Theodoretus.
2709 4546 2825 4604 lmo
2865 4566 2995 4605 vero
3026 4566 3205 4620 neque
3236 4552 3351 4606 haec
3382 4554 3634 4622 epistola,

2040 4644 2169 4715 quia
2196 4640 2575 4714 (ihrysostomi
2606 4647 2713 4703 est,
2743 4646 2799 4693 et
2828 4641 2896 4692 ad
2940 4638 3272 4694 Theodorum
3307 4638 3639 4709 Mopsueste-

2040 4752 2168 4790 num
2214 4733 2363 4799 data,
2402 4731 2609 4801 aliquid
2657 4729 2948 4802 sutl‘ragari
2995 4738 3173 4801 potest
3216 4730 3527 4788 fautoribus
3568 4733 3639 4788 il-

2040 4828 2189 4891 lius,
2257 4821 2405 4895 quod
2469 4820 2821 4880 Justinianus
2876 4821 3069 4875 timent
3124 4835 3186 4875 ac
3248 4815 3638 4891 Tthphanes.

2042 4918 2178 4973 Nam
2219 4924 2279 4971 ut
2312 4924 2519 4987 patres,
2552 4914 2646 4986 qui
2680 4914 2750 4969 ob
2798 4928 3026 4968 causam
3059 4912 3226 4966 trium
3270 4914 3642 4983 capitulorum

2043 5008 2520 5078 Constantinopoli
2562 5013 2958 5073 convenerant,
3010 5014 3174 5076 atque
3225 5007 3400 5072 alios,
3463 5007 3641 5062 latere

2045 5103 2225 5174 potuit
2254 5097 2837 5172 inipietaS'TheodOri,
2867 5098 2948 5153 sic
2981 5097 3281 5167 aliquando
3309 5098 3644 5169 Chrysosto—

2049 5206 2198 5245 mum
2235 5188 2815 5245 honoriﬁcentioribus
2848 5188 3034 5243 verbis
3060 5184 3129 5242 de
3162 5186 3256 5241 illo
3288 5187 3643 5242 scribentem.

2047 5281 2213 5339 Certe
2260 5280 2422 5336 latuit
2473 5294 2723 5336 summos
2771 5278 2895 5350 ejus
2950 5278 3294 5349 tempestatis
3344 5278 3398 5330 in
3434 5278 3650 5333 oriente

2054 5372 2315 5427 doctores
2343 5379 2397 5428 et
2423 5371 2785 5427 ecclesiarum
2814 5368 3119 5432 antistites,
3152 5365 3469 5421 Ncctarium
3496 5366 3647 5423 Con-

2059 5465 2638 5536 stantinopolitannm,
2659 5458 3025 5532 Theophilum
3046 5458 3507 5529 Alexandrinum,
3525 5459 3652 5517 Flao

2058 5559 2284 5613 vianum
2320 5557 2750 5619 Antiochenum,
2782 5552 3108 5623 Gregorium
3148 5551 3482 5624 Nyssenum,
3523 5557 3652 5609 Am-

2060 5651 2398 5722 philochium
2429 5647 2622 5715 lconii,
2644 5646 2952 5702 Palladium
2977 5644 3398 5715 Cmsariensem,
3427 5656 3481 5703 et
3513 5648 3652 5704 alios

2064 5744 2403 5814 quibuscum
2426 5739 2750 5795 Theodorus
2775 5738 3050 5804 consedit,
3076 5753 3141 5795 ac
3164 5738 3494 5795 sententiam
3516 5739 3655 5794 dixit

2061 5836 2115 5891 in
2138 5832 2761 5904 Constantinopolitano
2790 5831 3071 5889 celebrato
3097 5830 3526 5904 imperatoribus
3546 5829 3657 5887 Δι’-
