4104 6504
424 5976 451 5995 ἡ

514 409 619 465 103

1302 401 1394 455 EX
1434 398 1683 456 LEONiS
1720 397 1997 457 ALLATll
2035 399 2354 454 DIATRIBA
2399 399 2483 453 DE
2524 395 2941 455 THEODORIS.

3670 396 3783 450 1οι

511 524 672 581 cadio
708 521 951 587 tertium,
997 525 1051 574 et
1104 516 1349 573 Honorio
1397 517 1702 574 secundum
1743 517 2088 585 consulibus,
2121 522 2166 579 Α
2193 517 2460 587 propheta:
2481 527 2687 571 centum
2712 522 2760 568 et
2782 512 3165 585 quinquaginta
3192 509 3292 580 (lt),
3320 524 3542 580 quorum
3573 510 3782 583 singuli

513 616 723 672 scilicet
769 612 931 683 paulo
988 620 1113 665 ante
1162 624 1324 679 quam
1363 609 1605 665 Joannes
1654 610 2089 681 Cbrysostomus

511 706 769 761 Ecclesiae
791 701 1405 773 Constantinopolitanae
1431 701 1966 758 administrationem
1991 715 2114 755 ca—-

512 803 781 867 pesscret.

587 888 1002 958 Subjuugamus
1044 886 1149 941 hoc
1181 900 1399 956 quoque
1430 882 1704 937 :Roberto
1741 881 1992 936 Baliarco
2032 880 2089 934 in

512 980 961 1035 adnotationibus
1009 981 1077 1032 ad
1120 977 1452 1032 Theodorum
1501 974 1820 1029 Raithenum
1872 973 2089 1028 videtur

512 1071 653 1125 alius
702 1085 827 1124 esse
862 1068 1185 1124 Theodorus
1228 1066 1668 1136 Mopsuestenus,
1720 1078 1883 1134 quem
1928 1063 2090 1132 pleno

512 1175 610 1213 ore
648 1158 993 1227 Nicephorus
1023 1158 1118 1211 lib.
1151 1173 1242 1211 stv
1270 1155 1473 1209 Ecl-les.
1508 1154 1698 1207 histor.
1754 1168 1878 1222 cap.
1909 1152 1998 1216 30,
2034 1159 2090 1207 ct

513 1249 895 1306 Theodoretus
936 1250 1033 1304 lib.
1084 1264 1117 1298 ν
1147 1259 1391 1302 extremo
1440 1246 1682 1299 laudant.
1739 1243 1856 1300 Hoc
1905 1253 2088 1298 tamen

513 1355 581 1396 ex
637 1341 705 1395 iis
737 1354 858 1409 qua:
882 1338 1120 1393 diximus
1156 1335 1355 1390 falsum
1396 1349 1517 1389 esse
1549 1332 1996 1402 deprehenditur,
2037 1336 2090 1384 et

517 1431 864 1501 potissimum
882 1444 1007 1485 cum
1028 1428 1093 1482 ad
1116 1436 1357 1505 tempora
1381 1426 1585 1495 quintae
1607 1423 1877 1494 generalis
1896 1419 2089 1494 synodi

514 1522 700 1576 nullus
731 1521 872 1574 alius
911 1519 1076 1573 fuerit
1123 1517 1540 1587 Mopsueslenus
1571 1514 1915 1577 Theodorus,
1944 1528 2088 1582 pra:-

515 1621 600 1668 ter
644 1614 811 1675 hunc,
851 1610 1016 1680 idque
1062 1608 1279 1663 abunde
1328 1606 1623 1676 probatum
1674 1606 1745 1661 sit
1786 1605 1840 1659 in
1882 1604 2090 1675 synodo

517 1703 938 1774 Mopsuestena;
988 1700 1041 1753 id
1080 1698 1224 1769 quod
1273 1698 1519 1767 episcopi
1555 1696 1812 1751 secundae
1850 1694 2088 1750 Cilicum

525 1794 841 1867 provinciae,
872 1800 928 1848 et
952 1792 1136 1863 plures
1168 1790 1259 1843 alii
1288 1805 1355 1844 ex
1383 1788 1657 1859 diptychis
1689 1787 2090 1856 Mopsuestenm

515 1885 793 1946 Ecclesia,
818 1894 870 1938 et
898 1882 1411 1954 probatissimorum
1446 1881 1729 1934 hominum
1758 1878 2089 1934 testimoniis

514 1977 771 2046 probant,
812 1972 1085 2028 Theodori
1133 1972 1356 2034 veteris,
1408 1970 1557 2025 illius
1597 1970 1814 2024 scilicet
1869 1969 1937 2024 de
1981 1984 2089 2039 quo

514 2079 663 2119 nunc
694 2063 1014 2127 scribimus,
1040 2061 1245 2116 nullam
1283 2075 1407 2115 esse
1441 2061 1806 2123 mentionem;
1843 2067 1898 2114 et
1924 2061 2089 2113 alium

513 2153 889 2215 Theodorum,
919 2153 1011 2222 qui
1039 2152 1095 2207 in
1126 2152 1232 2206 line
1255 2149 1642 2220 diptycborum
1675 2151 1916 2221 scriptus
1946 2157 2086 2213 erat,

513 2259 581 2298 ex
627 2243 840 2298 Galatia
883 2243 1201 2306 oriundum,
1255 2248 1382 2293 ante
1428 2248 1541 2295 trcs
1590 2256 1764 2296 annos
1814 2248 2087 2296 mortuum

512 2336 702 2392 fuisse.
737 2336 880 2405 Ergo
907 2334 974 2389 de
1012 2334 1117 2386 hoc
1142 2329 1388 2388 secundo
1420 2344 1528 2383 non
1558 2338 1690 2384 sunt
1721 2329 1885 2383 verba
1912 2328 2090 2382 Theo-

509 2424 708 2481 doreti.
743 2423 847 2489 Qui
879 2422 1025 2477 enim
1072 2427 1154 2474 tot
1189 2427 1316 2473 ante
1359 2432 1533 2472 annos
1579 2416 1892 2478 defunctus.
1927 2417 2088 2486 hujus

511 2512 615 2569 sub
638 2507 952 2565 Iustiniano
981 2507 1215 2562 viventis
1252 2507 1569 2562 meminisse
1603 2506 1820 2576 potuit?
1855 2504 1918 2559 Et
1961 2521 2087 2561 cum

508 2618 687 2674 usque
722 2600 790 2656 ad
840 2601 1004 2670 hujus
1051 2598 1378 2654 recentioris
1413 2613 1657 2668 tempora
1708 2599 1896 2653 nullus
1945 2598 2087 2653 alius

512 2694 699 2760 fuerit,
722 2700 871 2748 certa
896 2697 1027 2746 sunt
1054 2688 1387 2746 Theodoreti
1414 2691 1582 2745 verba
1605 2690 1673 2745 de
1702 2698 1885 2744 vetere
1918 2689 2091 2743 Theo-

510 2786 646 2843 doro
702 2784 1105 2854 Mopsuesteno.
1154 2779 1495 2851 Nicephorus
1534 2782 1704 2835 verba
1749 2779 2084 2836 Theodoreti

510 2883 567 2932 et
615 2874 940 2931 sententiam
983 2871 1268 2936 exscribit,
1313 2887 1489 2941 neque
1524 2872 1593 2927 de
1632 2871 1741 2925 alio
1781 2886 2086 2928 sermonem

510 2967 695 3031 habet,
726 2980 890 3037 quam
917 2964 986 3021 de
1015 2979 1126 3035 quo
1156 2963 1538 3020 Theodoretus
1573 2964 1691 3034 ipse
1730 2966 1944 3020 locutus
1971 2964 2087 3022 iue-

511 3065 617 3112 rat.
652 3054 914 3111 Facessat
958 3056 1127 3124 igitur
1156 3055 1300 3110 alius
1331 3055 1421 3109 hic
1461 3053 1786 3112 Theodorus
1816 3060 2088 3114 recentior

2191 618 2439 665 constant
2489 609 2706 677 triginta
2750 604 3027 673 capitibus.
3082 602 3219 658 Item
3276 603 3657 672 expositionem
3712 604 3781 659 in

2191 702 2432 771 quinque
2468 700 2638 755 libros
2682 696 2911 767 Moysis,
2944 710 3104 764 quam
3136 694 3306 748 tribus
3360 694 3665 761 complexus
3692 701 3786 749 est

2191 794 2368 859 tomis,
2401 793 2594 845 mirum
2633 790 2687 843 in
2722 787 2936 842 modum
2978 785 3367 847 elucubratam,
3409 784 3477 838 ad
3515 798 3777 854 magnum

2188 885 2490 954 Alphaeum.
2523 881 2769 936 Psalmas
2814 893 3013 949 quoque
3059 874 3277 929 Doridis
3319 875 3559 943 exposuit
3603 875 3779 928 tribus

2190 973 2366 1037 libris,
2411 972 2481 1026 ad
2517 970 2818 1045 Cerdonem
2850 977 2905 1023 ct
2931 968 3154 1021 fratrem
3199 965 3340 1034 ejus.
3392 962 3450 1019 ln
3481 964 3777 1019 duodecim

2192 1065 2488 1135 prophetas
2535 1060 2742 1115 duobus
2790 1060 2943 1112 tomis
2988 1066 3370 1112 commentatus
3412 1065 3513 1119 est,
3556 1055 3625 1111 ad
3651 1071 3780 1113 mar

2190 1157 2406 1231 Tyrium
2459 1155 2551 1221 (c).
2617 1153 2676 1207 In
2729 1151 3036 1205 Samuelem
3095 1156 3477 1203 commentatus
3528 1157 3606 1200 est
3668 1161 3779 1199 uno

2191 1254 2351 1308 tama,
2382 1244 2449 1297 ad
2479 1243 2898 1297 Mamarianum.
2932 1239 2989 1294 ιη
3017 1238 3211 1295 Jobum
3241 1255 3442 1309 quoque
3470 1236 3672 1291 duobus
3689 1244 3779 1290 ta-

2190 1336 2313 1397 mis,
2330 1334 2395 1386 ad
2412 1332 2673 1404 Cyrillum
2697 1331 3212 1386 AlexandrinumJn
3237 1330 3602 1386 Ecclesiasten
3617 1331 3777 1384 unico

2189 1426 2323 1480 libro
2345 1434 2727 1479 commentatus
2743 1433 2842 1492 est,
2863 1424 3171 1492 deprecante
3192 1423 3506 1495 Porphyria.
3519 1422 3776 1492 Exposuit

2187 1520 2345 1572 etiam
2407 1516 2634 1579 Isaiam,
2677 1513 3020 1579 Ezechielem,
3054 1513 3339 1568 Jereminm
3385 1525 3430 1568 et
3479 1513 3771 1578 Danielem,

2188 1608 2423 1679 singulos
2454 1608 2677 1678 singulis
2705 1607 2858 1662 tomis
2889 1607 3253 1676 complectens,
3277 1606 3462 1677 quibus
3490 1607 3647 1675 ﬁnem
3672 1607 3777 1659 im-

2187 1702 2360 1768 posuit
2394 1700 2506 1753 suis
2545 1697 3029 1752 elucubratianibus
3055 1699 3108 1751 in
3139 1695 3308 1753 Vetus
3334 1696 3768 1751 Testamentum.

2192 1790 2506 1845 Matthatum
2552 1808 2656 1844 uno
2699 1792 2942 1859 exposuit
2990 1802 3153 1855 tomo,
3201 1790 3266 1843 ad
3308 1788 3532 1855 Julium;
3570 1786 3774 1841 Lucam

2190 1900 2307 1939 vero
2344 1893 2393 1937 et
2422 1882 2682 1937 Joannem
2727 1882 2929 1936 duobus
2970 1882 3147 1947 tantis,
3181 1881 3246 1935 ad
3279 1880 3599 1945 Eusebium;
3630 1884 3773 1933 Acta

2191 1974 2547 2043 apostolorum
2578 1990 2680 2027 uno
2707 1974 3008 2041 complexus
3036 1984 3112 2026 est
3160 1982 3326 2036 tanta,
3372 1972 3437 2025 ad
3482 1969 3772 2038 Basiliam;

2192 2064 2487 2133 Epistolam
2521 2064 2589 2118 ad
2618 2063 2888 2118 Romanos
2911 2065 3175 2134 exposuit,
3207 2064 3330 2116 item
3359 2060 3424 2114 ad
3448 2060 3770 2125 Eusebium;

2193 2157 2387 2213 Ambas
2429 2173 2549 2210 vero
2598 2155 2873 2224 Epistolas
2904 2156 2971 2209 ad
3016 2155 3316 2211 Corinthios
3364 2150 3569 2206 duobus
3610 2151 3772 2204 tomis

2187 2249 2426 2317 exposuit
2464 2264 2526 2301 ac
2571 2246 2909 2310 dilucidavit,
2967 2246 3275 2312 deprecante
3335 2242 3620 2297 Theodoro.
3657 2239 3772 2294 Eu-

2187 2342 2408 2396 stratius
2449 2340 2525 2410 (tl)
2556 2339 2837 2408 postulavit
2870 2338 3241 2407 expositionem
3267 2345 3492 2405 quatuor
3516 2336 3772 2401 epistola-

2189 2445 2305 2482 rum
2328 2444 2459 2496 quas
2492 2436 2997 2481 commemoraturus
3036 2442 3173 2489 sum,
3208 2439 3387 2494 nempe
3420 2421 3671 2493 Epistolas
3697 2418 3770 2475 ad

2190 2518 2433 2581 Galatas,
2478 2527 2525 2572 et
2575 2517 2643 2571 ad
2678 2517 2955 2586 Ephesios,
2984 2526 3033 2571 et
3064 2516 3133 2570 ad
3182 2516 3557 2584 Philippenses,
3607 2523 3656 2569 et
3694 2511 3770 2566 ad

2188 2607 2549 2665 Calossenses.
2573 2609 2739 2663 Binas
2759 2618 2934 2662 autem
2952 2608 3025 2661 ad
3052 2607 3563 2672 Thessalonicenses,
3583 2604 3768 2675 depre‘

2187 2709 2339 2754 cante
2368 2698 2569 2753 Jacaba
2609 2698 2869 2767 exposuit.
2934 2696 3064 2751 Item
3111 2697 3245 2751 duas
3296 2694 3364 2750 ad
3410 2694 3767 2756 Timozheum,

2189 2790 2514 2860 supplicante
2539 2788 2735 2854 Petra;
2766 2799 2814 2843 et
2835 2788 3141 2859 deprecante
3166 2787 3363 2857 Cyrino
3385 2794 3768 2841 commentatus

2188 2893 2265 2939 est
2288 2883 2343 2936 in
2373 2880 2643 2950 Epistolas
2676 2880 2744 2935 ad
2780 2879 2978 2945 Titum,
3005 2891 3055 2933 et
3099 2879 3478 2934 Philemonem.
3525 2877 3769 2932 Direxit-

2187 2990 2284 3045 que
2308 2974 2378 3027 ad
2402 2972 2641 3026 eumdem
2686 2973 3091 3026 commentarios
3137 2972 3190 3025 in
3220 2970 3515 3041 Epistulam
3553 2970 3618 3024 ad
3660 2968 3771 3024 Hes

2188 3067 2393 3134 bracas;
2422 3064 2652 3135 adeoque
2677 3065 2901 3135 quinque
2944 3065 3098 3119 tomis
3137 3064 3388 3132 imposuit
3417 3064 3576 3131 ﬁnem
3616 3078 3766 3116 cam-

512 3163 545 3203 a
566 3147 816 3202 Baliareo
837 3154 892 3203 et
918 3147 1043 3203 aliis
1064 3147 1427 3217 excogitatus,
1456 3153 1511 3201 et
1545 3154 1829 3217 tantopere
1854 3164 1884 3202 a
1910 3147 2088 3205 Theo-

2197 3159 2471 3213 mentariis
2499 3158 2552 3211 in
2578 3156 2849 3223 Epistolas
2872 3156 3136 3226 Apostoli.
3162 3153 3484 3224 Conscripsit
3507 3164 3768 3224 prwterca

510 3242 706 3298 doreto
732 3241 1007 3296 laudatus.

581 3330 758 3401 Hujus
786 3339 1045 3402 praeterea
1065 3329 1337 3386 Theodori
1362 3330 1508 3399 (nam
1529 3332 1632 3387 erit
1654 3347 1833 3403 operas
1855 3334 2086 3404 pretium

512 3425 619 3480 hoc
645 3424 926 3489 adnotare,
960 3423 1074 3478 sive
1105 3423 1176 3477 ob
1230 3422 1608 3483 Nestorianam
1660 3424 1929 3492 hmresim,
1974 3426 2090 3483 sive

511 3517 586 3572 ob
613 3516 776 3570 aliam
803 3513 1050 3584 causam)
1079 3514 1219 3583 apud
1246 3514 1414 3585 Syros
1445 3522 1592 3569 tanta
1632 3514 1735 3569 fuit
1769 3518 2086 3585 auctoritas,

510 3617 567 3673 et
595 3607 794 3671 cultus,
826 3614 885 3661 ut
925 3620 1086 3676 quam
1122 3606 1356 3677 plurima
1406 3606 1552 3663 illius
1584 3606 1637 3673 in
1675 3609 1949 3679 prapriam
1982 3610 2089 3665 lia-

513 3715 677 3773 gnam
710 3698 1111 3763 transtulerint.
1155 3697 1414 3764 Quaenam
1440 3713 1576 3754 vero
1611 3699 1702 3754 illa
1749 3699 1971 3766 iuerint,
2017 3698 2089 3754 E-

510 3791 735 3847 bediesu
772 3789 1060 3860 episcopus
1108 3787 1267 3844 Saba:
1311 3797 1367 3844 ct
1412 3788 1681 3857 Armenias
1729 3790 1785 3844 in
1830 3789 2088 3861 Catalogo

513 3883 770 3947 librarum
795 3882 1297 3945 ecclesiasticarum,
1322 3897 1484 3952 quem
1529 3882 1621 3937 ille
1651 3882 1875 3952 scripsit
1904 3882 2087 3953 lingua

514 3973 758 4045 Syriaca,
789 3972 844 4026 in
874 3972 1017 4026 hunc
1045 3971 1265 4026 modum
1301 3972 1590 4041 expressit.
1623 3971 1800 4028 Verba
1830 3972 1979 4027 illius
2008 3974 2083 4028 ita

509 4063 747 4129 reddidit
775 4064 1082 4135 linguarum
1122 4063 1464 4119 orientalium
1500 4064 1865 4134 peritissimus
1910 4066 2082 4119 Abra-

513 4156 708 4211 hamus
770 4153 1140 4211 Ecchellensis
1189 4153 1307 4227 (tt):
1342 4155 1644 4210 Theodorus
1701 4165 2082 4213 commentator

510 4246 802 4315 composuit
846 4244 1204 4316 quadraginta
1257 4254 1307 4300 et
1356 4263 1519 4301 unum
1571 4257 1789 4313 tantum,
1832 4250 1922 4319 qui
1960 4257 2082 4302 sunt

584 4351 660 4419 (α)
685 4349 923 4422 Recudit
936 4357 1120 4419 postea
1138 4351 1559 4422 emendatiorem
1585 4351 1729 4405 hunc
1750 4352 2075 4422 catalogum,

510 4423 764 4489 notisque
794 4421 1039 4489 plurimis
1083 4422 1370 4475 illustravit
1416 4421 1527 4476 Jos.
1562 4422 1695 4474 Sim.
1747 4421 2079 4478 Assemamts

2188 3251 2382 3306 librum
2436 3247 2512 3304 De
2572 3249 2950 3313 sacramentis,
3002 3256 3051 3301 et
3083 3245 3156 3303 De
3210 3247 3312 3302 (ide
3360 3246 3550 3308 alium,
3600 3259 3766 3298 unum

2188 3352 2387 3398 tomum
2418 3340 2495 3395 De
2540 3337 2867 3402 sacerdotio,
2917 3350 2966 3401 et
3011 3338 3145 3393 duos
3193 3336 3267 3392 De
3305 3335 3510 3408 Spiritu
3547 3347 3763 3398 sancto,

2186 3450 2353 3490 unum
2405 3431 2476 3486 De
2534 3429 2930 3495 incarnatione,
2984 3429 3116 3483 duos
3170 3435 3356 3483 contra
3414 3426 3761 3481 Eunomium.

2189 3516 2325 3582 Item
2358 3527 2488 3579 duos
2519 3531 2708 3580 contra
2734 3530 3039 3581 asserentes
3072 3523 3126 3575 in
3151 3521 3270 3590 ipsa
3300 3531 3493 3577 natura
3520 3518 3761 3590 positum

2184 3634 2308 3676 esse
2352 3625 2675 3688 peccatum:
2709 3616 2842 3675 duas
2885 3612 3032 3687 (tres)
3068 3622 3259 3669 contra
3299 3612 3557 3683 magiam,
3596 3625 3760 3667 unum

2187 3708 2254 3763 ad
2293 3705 2615 3770 monachos,
2646 3721 2812 3765 unum
2845 3702 2913 3758 de
2950 3702 3191 3763 obscura
3236 3700 3534 3763 locutione,
3593 3715 3755 3753 unum

2187 3798 2263 3853 De
2290 3796 2623 3869 perfectione
2643 3809 2870 3866 operum
2894 3792 2985 3865 (ε),
3015 3795 3242 3864 quinque
3259 3792 3521 3845 adversus
3543 3802 3637 3844 eos
3662 3785 3755 3855 qui

2191 3891 2510 3963 Scripturas
2532 3890 2761 3961 ﬁgurate
2789 3890 3237 3959 interpretantur,
3276 3902 3437 3941 unum
3472 3899 3573 3954 pro
3603 3881 3758 3936 Basi-

2189 3982 2286 4047 lio,
2314 3990 2361 4035 et
2389 3996 2552 4034 unum
2580 3978 2655 4034 De
2675 3985 2987 4035 assumente
3007 3984 3368 4046 etassumpto.
3398 3973 3533 4029 Item
3565 3971 3758 4026 librum

2189 4090 2350 4127 unum
2371 4088 2520 4141 quem
2542 4071 2811 4140 inscripsit
2836 4069 3275 4140 Margaritarum,
3299 4076 3347 4120 et
3365 4067 3516 4120 illum
3535 4064 3624 4135 qui
3642 4061 3757 4132 ejus

2188 4161 2550 4231 complectitur
2596 4159 2869 4229 epistolas.
2904 4157 3126 4213 Demum
3168 4166 3449 4210 tractatum
3482 4153 3557 4209 De
3591 4152 3756 4222 legisv

2189 4249 2411 4313 latione,
2446 4265 2546 4318 quo
2580 4249 2736 4318 ﬁnem
2773 4247 2883 4301 suis
2913 4245 3158 4315 imposuit
3179 4242 3631 4298 lucubrationibus
3659 4238 3755 4310 (ι’).

2189 4350 2383 4407 Meuda
2416 4349 2788 4406 Ecchellensis
2824 4364 2932 4404 non
2974 4351 3195 4419 agnovit
3228 4347 3484 4411 Allatius,
3516 4345 3755 4419 Alinguao

2187 4438 2308 4477 rum
2340 4421 2713 4483 orientalium,
2745 4433 2802 4474 ut
2828 4416 3060 4481 videtur,
3092 4416 3600 4488 imperituspcujus
3627 4416 3755 4467 hor-

512 4490 579 4569 in.
602 4486 707 4569 sua
743 4486 1068 4569 Bibliotheca
1109 4492 1376 4569 orientali,
1414 4501 1453 4545 t.
1491 4490 1580 4559 ill,
1626 4506 1656 4543 a
1698 4507 1808 4561 quo
1849 4494 2076 4547 meliora
2110 4514 2154 4569 Ι)
2183 4493 2663 4569 tatucaateroquin
2692 4506 2751 4544 se
2781 4490 2926 4569 hunc
2952 4486 3259 4569 catalogum
3294 4486 3532 4543 edidisse
3569 4493 3758 4539 narrat

511 4561 714 4628 aliquot
747 4562 1009 4614 sumenda
1035 4561 1294 4630 judicavi.

584 4631 659 4702 (b)
699 4630 755 4683 id
782 4640 867 4685 est
898 4631 1017 4701 (ceu
1044 4633 1280 4700 explicat
1311 4630 1662 4697 Assemanus)
1690 4646 1922 4700 quorum
1961 4647 2078 4687 mo-

511 4700 605 4757 les
630 4700 779 4753 tanta
808 4707 916 4762 est,
948 4709 1005 4752 ut
1033 4702 1237 4755 centies
1272 4708 1328 4754 et
1365 4703 1724 4771 quinquagies
1756 4704 1924 4758 libros
1956 4716 2079 4771 pro-

513 4772 794 4840 phetarum
809 4771 1059 4840 omnium
1085 4778 1324 4840 superet.

585 4838 653 4911 (c)
695 4838 1064 4911 Ecchellcusis
1099 4839 1300 4903 Turim,
1334 4839 1667 4911 Assemanus
1692 4856 1808 4892 mar
1835 4838 2072 4909 Tyrium.

511 4908 925 4979 Ego'suspicog
958 4908 1270 4979 legendum,
1309 4924 1409 4978 pro
1452 4909 1679 4979 Syriaco
1728 4908 1909 4979 titulo,
1938 4925 2073 4971 mar,

511 4925 556 4965 ις
594 4926 626 4961 o
663 4925 913 4976 suspicor
962 4925 1270 4977 tegentium,
1309 4925 1409 4978 pro
1452 4925 1679 4979 ayrtaco
1728 4925 1887 4961 tumo
1938 4925 2073 4971 mar,

509 4925 854 5049 Αἰγινήτεω.
887 4977 1099 5033 Eteuitn
1141 4978 1456 5047 Martyrius,
1496 4981 1587 5047 qui
1625 4978 1726 5033 fuit
1752 4978 1950 5049 deinde
1982 4994 2078 5047 pa-

512 5047 756 5121 triarcha
822 5050 1213 5121 Atttiocheuus,
1262 5065 1487 5121 coaevus
1551 5049 1654 5102 fuit
1715 5047 2075 5118 laudatorque

511 5119 911 5191 Chrysostomj,
946 5120 1174 5189 ideoque
1200 5117 1364 5173 etiam
1411 5117 1798 5191 hlupsuesteno
1832 5117 2068 5191 conteru-

550 5186 803 5243 oraueus.
842 5186 1103 5244 Consule
1123 5196 1369 5242 nostram
1420 5188 1623 5240 Novam
1669 5188 1905 5240 biblioth.
1955 5186 2071 5244 PP.

537 5257 602 5318 V,
626 5260 716 5314 ubi
739 5268 821 5312 est
845 5274 970 5327 pars
992 5258 1304 5328 panegyrici
1328 5261 1379 5311 iu
1402 5258 1855 5327 Chrysostomum
1876 5259 1946 5313 ab
1971 5259 2076 5312 hoc

510 5328 775 5398 Martyrio
804 5330 953 5383 dicti.
993 5329 1139 5383 Sane
1173 5328 1331 5381 Turis
1363 5328 1666 5398 mortachus
1701 5329 1898 5397 legitur
1928 5328 2073 5396 apud

510 5397 828 5469 prmdictum
877 5399 1369 5469 Ecchclleusemp.
1400 5397 1487 5469 73,
1513 5400 1633 5469 sed
1676 5398 1880 5452 omittit
1926 5398 2073 5452 hunc

508 5467 866 5537 hssemanus,
905 5471 996 5537 qui
1027 5483 1150 5522 eum
1175 5467 1418 5520 scribere
1439 5467 1717 5522 debuisset
1741 5469 1882 5521 inter
1909 5484 2066 5537 capp.

507 5539 577 5593 87
602 5547 654 5593 et
684 5537 771 5593 88.
804 5536 1002 5592 OmiSit
1033 5546 1237 5602 autem,
1270 5538 1394 5604 quia
1426 5552 1666 5592 errorem
1698 5553 1819 5592 esse
1852 5536 2071 5607 agnovit

509 5606 900 5666 Eccbellensis.
939 5608 1006 5661 de
1048 5607 1207 5675 cujus
1248 5608 1372 5662 aliis
1406 5607 1620 5665 mendis
1664 5606 1919 5664 admouet
1967 5625 2071 5664 nos

410 5738 421 5750 ι
508 5686 653 5750 tomo
685 5677 944 5750 pradicto
974 5676 1088 5750 psi
1129 5685 1183 5750 et
1213 5676 1266 5731 4.

580 5747 657 5817 (ά)
686 5746 949 5818 ᾙειγαζᾳα
994 5746 1240 5818 Allatius
1268 5762 1332 5801 ex
1370 5746 1709 5804 Ecchellensi
1754 5764 1805 5817 p.
1841 5748 1932 5813 29,
1973 5749 2065 5818 qui

506 5815 671 5871 etiam
708 5817 764 5869 in
796 5815 986 5888 indice
998 5816 1053 5871 id
1088 5817 1339 5888 mendum
1367 5820 1714 5888 repetiverat,
1742 5815 1850 5888 quo
1877 5815 2066 5874 errore

510 5899 577 5942 ex
605 5892 894 5942 maecenate
938 5883 1235 5953 Eustratio,
1265 5886 1394 5945 fecit
1433 5883 1732 5944 Estrateam
1760 5883 2060 5946 auctorem.

2184 4559 2561 4618 Ecchellensis
2592 4564 2646 4614 in
2681 4560 2835 4628 praef.
2876 4576 2929 4628 p.
2957 4559 3049 4614 27.

2254 4633 2321 4702 (e)
2362 4626 2734 4702 Ecchclleusis
2772 4629 2848 4702 De
2876 4626 3202 4702 perfectione
3241 4626 3537 4702 regiminis.

2253 4700 2329 4770 (f)
2371 4702 2443 4755 De
2483 4700 2849 4770 MopSuesteni
2882 4700 3118 4770 scriptis
3161 4700 3489 4770 sedulornos
3535 4709 3755 4770 quoque

2179 4763 2419 4825 diximus
2462 4769 2514 4821 in
2567 4763 2718 4836 praet.
2765 4769 2895 4821 tomi
2945 4769 2963 4820 l
3008 4763 3208 4837 prioris
3251 4766 3506 4823 editionis
3556 4763 3751 4831 Script.

2179 4852 2303 4898 vet..
2340 4856 2403 4894 ex
2441 4854 2551 4906 quo
2580 4840 2700 4890 loco
2732 4853 2840 4891 non
2873 4848 3172 4892 memorata
3205 4840 3467 4893 nonnulla
3490 4838 3751 4906 cognosci

2180 4904 2508 4979 possuntab
2534 4908 2752 4979 Allatio,
2785 4915 2838 4961 ct
2867 4909 3136 4979 praecipue
3157 4925 3221 4962 ex
3248 4909 3406 4979 Fahr.
3443 4921 3568 4960 cum
3599 4904 3749 4959 Harl.

2178 4976 2242 5034 Β.
2270 4978 2331 5032 G.
2355 4987 2392 5031 t.
2418 4978 2482 5036 Χ,
2503 4993 2554 5045 p.
2575 4976 2678 5029 546
2704 4993 2850 5046 sqq.,
2883 4978 2934 5031 id
2959 4987 3042 5032 est
3076 4979 3313 5046 ltturgia,
3338 4978 3581 5047 hymnus,
3605 4990 3752 5042 qna!-

2178 5052 2370 5103 stiones
2405 5047 2629 5108 biblt‘caz,
2664 5050 3069 5102 commentarius
3100 5048 3153 5100 in
3187 5046 3452 5102 Marcum.
3483 5046 3546 5099 de
3583 5047 3748 5097 mira-

2178 5121 2311 5172 culis
2360 5116 2581 5172 Christi.
2639 5117 2770 5172 item
2833 5133 2934 5173 nos
2990 5117 3184 5184 Script.
3239 5129 3335 5170 ret.
3399 5116 3510 5175 νη,
3548 5132 3599 5185 p.
3657 5112 3744 5175 75,

2176 5188 2537 5258 fragmentum
2593 5187 2919 5258 protulimus
2967 5187 3242 5258 Θερδώρου
3292 5188 3420 5258 περὶ
3450 5186 3748 5258 Nemeama-

2176 5255 2305 5319 νῶπὶ,
2346 5260 2439 5327 qui
2473 5267 2652 5310 tamen
2685 5257 2989 5313 Raitheuus
3014 5255 3290 5327 iactasse,
3326 5255 3436 5311 non
3494 5255 3746 5327 Mopsus:

2176 5322 2385 5391 steuus',
2420 5328 2806 5396 intelligendus
2853 5338 2957 5382 est.
3011 5325 3147 5381 Tmu
3200 5342 3332 5383 vero
3383 5329 3435 5380 in
3490 5322 3639 5379 tonio
3680 5322 3748 5378 Vl

2175 5400 2371 5465 Script.
2404 5409 2503 5452 vet.
2545 5407 2667 5465 post
2694 5398 3119 5452 commentarios
3145 5398 3199 5450 in
3233 5413 3309 5451 xu
3344 5399 3570 5450 minores
3620 5411 3745 5463 pro-

2170 5470 2377 5536 phetas,
2406 5471 2511 5521 alia
2542 5465 2913 5537 Mopsuesteni
2939 5467 3158 5536 copiosa
3184 5465 3486 5536 fragmenta
3514 5466 3747 5518 attexui-

2173 5555 2317 5601 mus,
2359 5553 2481 5607 qua:
2522 5551 2708 5606 posma
2751 5538 2907 5606 plemi
2956 5553 3117 5607 nianu
3160 5537 3494 5591 cumulaturi
3526 5550 3741 5607 sumus.

2171 5608 2304 5663 Item
2360 5604 2490 5661 tom.
2523 5604 2563 5669 l,
2607 5608 2657 5659 in
2694 5604 2784 5659 cit.
2842 5605 2992 5676 praef.
3052 5607 3291 5662 diximus
3320 5620 3483 5674 quam
3537 5604 3742 5676 frustra

2171 5678 2327 5732 multi
2357 5678 2597 5731 dixerint
2618 5676 2788 5747 (nunc
2818 5674 2996 5747 tamen
3036 5678 3294 5747 Allatium
3320 5674 3557 5747 excipio)
3592 5674 3743 5747 agap-

2172 5758 2486 5803 sueSIenum
2520 5743 2812 5814 scripsisse
2842 5745 3031 5802 decem
3069 5746 3239 5800 millia
3274 5743 3558 5815 librorum.
3604 5743 3739 5815 Quis

2172 5819 2316 5872 enim
2347 5816 2459 5884 jam
2493 5816 2690 5879 nescit,
2723 5817 3019 5887 mgriadem
3057 5816 3165 5869 dici
3197 5832 3228 5869 a
3259 5814 3460 5872 Gnecis
3496 5829 3596 5885 pro
3625 5816 3741 5887 plu-

2171 5887 2313 5941 rimo
2337 5899 2588 5956 numero,
2628 5892 2688 5941 ut
2721 5899 2750 5938 a
2785 5886 2997 5941 Latinis
3028 5887 3318 5942 sexcenta?
