4104 6464
355 352 1100 385 M
1105 350 1249 372 —
1258 348 1317 384 -_
1308 346 1495 383 ...μά-...111111
1504 346 1549 382 ..Ι
1556 346 1655 382 ...Ι-κω
1668 364 1975 381 ...ι-...εφη
1982 368 2317 378 -..κ-*ρυ-
2047 342 2053 361 Ι
2064 341 2477 386 Ἳ¹,¹-..,¹-¹
2480 342 2497 376 .I
2496 341 2534 377 ...Ι
2540 342 2663 378 μΙ--
2668 344 3009 383 .__.._.----I-.___"
2938 338 3677 386 ..ῆ-

362 390 407 400 ν.
416 384 603 396 *ιο-α
627 378 1277 394 W

1006 670 1826 803 THEODORI
1941 668 2627 801 MOPSUEE

1436 670 1826 799 ’DORI
1941 667 3057 801 MOPSUESTENI

1710 953 2356 1021 COMMENTARIUS

730 1194 879 1309 IN
942 1187 1690 1309 DUODECIM
1771 1183 2637 1304 PROPHETAS
2721 1182 3364 1303 MINORES

2014 1437 2089 1454 —-1-

1372 1617 1648 1708 ANG.
1749 1615 2016 1707 MAII
2084 1612 2734 1707 ΡΒΑΞΡΑΤΙΟ

829 1860 1069 1926 (Pi-actim
1094 1858 1298 1909 editioni
1325 1857 1509 1909 Greca
1537 1858 1653 1910 anni
1683 1855 1808 1906 1832
1833 1854 1882 1905 in
1908 1851 2224 1921 Scriptorum
2248 1861 2468 1909 veterum
2492 1869 2619 1908 nova
2645 1853 2958 1921 Collectione,
2990 1862 3107 1911 tom.
3130 1857 3241 1923 Vi.)

448 2231 495 2286 1.
537 2226 825 2283 Theodori
859 2222 1216 2298 Mopsuestia:
1266 2235 1511 2294 episcopi
1541 2222 1970 2277 Commentarios
2012 2222 2083 2276 ad
2112 2221 2490 2293 prophetarum
2527 2219 2673 2287 XII,
2704 2234 2845 2292 quos
2876 2218 3121 2279 minores
3144 2220 3405 2287 dicimus,
3448 2216 3699 2279 vaticinia

374 2334 511 2386 ante
536 2318 899 2391 septennium
924 2315 1087 2370 edere
1115 2311 1259 2383 coepi
1282 2353 1297 2377 ,
1325 2313 1613 2384 impressis
1636 2313 1892 2368 videlicet
1912 2311 2095 2369 tribus
2117 2311 2493 2378 brevioribus,
2523 2327 2649 2367 cum
2684 2311 2928 2385 prologis
2961 2312 3195 2384 aliquot.
3225 2311 3384 2370 Nunc
3424 2315 3698 2387 integrum

381 2419 528 2473 tanti
564 2411 895 2484 interpretis
928 2425 1068 2480 opus
1094 2407 1367 2473 editurus,
1411 2408 1537 2465 illas
1567 2424 1791 2481 quoque
1824 2409 2063 2465 leviores
2095 2418 2282 2481 partes
2315 2409 2674 2466 associandas
2702 2410 2913 2479 putavi,
2964 2426 3034 2467 ne
3076 2410 3400 2468 Theodorus
3448 2413 3703 2470 videlicet

388 2529 494 2569 sua
528 2508 787 2563 membra
823 2503 1125 2567 desideret,
1159 2517 1282 2571 qua:
1318 2502 1374 2556 in
1420 2504 1556 2557 tomi
1606 2502 2045 2574 angulojamdiu
2079 2500 2336 2558 distracti
2373 2502 2665 2567 collocata,
2697 2509 2752 2557 et
2782 2518 2906 2557 cum
2937 2503 3080 2559 idem
3133 2515 3312 2561 tomus
3341 2505 3702 2565 recuderetur

383 2606 626 2666 emissa,
676 2598 933 2668 nuspiam
980 2593 1354 2665 quaerentibus
1397 2594 1559 2649 hodie
1600 2602 1889 2668 apparent.
1938 2591 2056 2648 Hoc
2104 2600 2367 2663 suscepto
2406 2593 2663 2661 consilio,
2711 2592 2801 2646 illa
2843 2594 3052 2664 pariter
3092 2598 3346 2666 prommii
3391 2596 3497 2651 mei
3544 2609 3705 2668 repe-

383 2696 557 2755 tenda
600 2707 735 2764 pars
771 2690 894 2753 fuit,
930 2703 1054 2758 qua:
1078 2686 1147 2742 de
1181 2690 1285 2745 hoc
1313 2688 1593 2745 Theodori
1624 2706 1791 2762 Opere
1826 2689 2095 2761 loquitur,
2140 2690 2517 2760 prailcrmissa
2567 2699 2750 2744 tamen
2786 2689 2855 2745 de
2894 2690 3125 2762 reliquis
3155 2692 3402 2762 ejusdem
3440 2695 3702 2763 operibus

384 2795 796 2873 disputatione.
824 2788 1151 2844 Theodorus
1188 2788 1356 2861 igitur
1379 2787 1547 2843 nobili
1575 2804 1775 2859 genere
1804 2789 2114 2844 Antiochiae
2150 2797 2316 2844 natus
2343 2797 2449 2854 est,
2476 2788 2697 2847 Libanii
2724 2790 2779 2844 in
2811 2789 3156 2859 eloquentia,
3195 2789 3443 2847 Flaviani
3484 2808 3549 2847 ac
3576 2794 3705 2853 Dio-

387 2892 513 2945 dori
556 2897 615 2945 et
659 2885 898 2943 Carterii
926 2884 981 2938 in
1022 2878 1298 2951 theologia
1326 2878 1657 2950 discipulus,
1698 2878 2102 2951 phiIOSOphicis
2149 2894 2371 2950 qquue
2399 2879 2673 2935 doctrinis
2708 2880 2929 2936 abunde
2962 2883 3286 2950 instructus,
3318 2894 3371 2939 et
3406 2886 3477 2941 ob
3517 2888 3707 2944 multi-

388 2983 597 3057 piivem
663 2978 954 3035 scientiam
1010 2972 1319 3049 polyhistor
1388 2971 1607 3036 dictus,
1663 2969 2237 3045 Joan.Chrysostomi
2290 2972 2707 3046 condiscipulus
2760 2987 2826 3026 ac
2879 2970 3209 3041 familiaris;
3265 2990 3374 3045 quo
3425 2974 3709 3032 hortatore

390 3078 733 3136 Theodorus
767 3070 971 3143 prioris
1001 3084 1032 3123 a
1068 3083 1127 3124 se
1149 3062 1389 3118 ‘luxuria:
1418 3060 1796 3118 blandimenta
1828 3063 2075 3133 depulit;
2116 3062 2449 3121 Theodoreti
2488 3062 2723 3133 (utinam
2759 3078 2867 3121 non
2897 3070 2952 3118 et
2981 3063 3219 3121 Nestorii
3255 3081 3319 3121 ac
3360 3065 3639 3123 Barsunue
3666 3070 3705 3138 ι)

389 3178 705 3247 magister;
730 3174 1039 3233 lncreseon,
1070 3161 1341 3234 Origenis,
1371 3160 1507 3224 Arii,
1534 3159 1893 3233 Apollinaris,
1918 3159 2200 3226 Eunomii,
2228 3159 2463 3215 Persicae
2498 3159 2662 3218 etiam
2697 3160 2889 3232 magia:
2915 3168 2969 3215 et
2999 3159 3202 3217 Juliani
3227 3160 3502 3232 Apostata:
3531 3179 3709 3233 oppu-

389 3279 637 3342 gnatur;
667 3264 736 3319 ab
770 3260 1149 3320 Orientalibus
1180 3258 1467 3332 sapientiae
1499 3273 1672 3325 mare,
1703 3269 1757 3314 et
1786 3256 2201 3332 Scripturarum
2227 3258 2503 3329 interpres
2537 3257 2659 3311 κατ’
2682 3257 2881 3328 ἐξοχὴν
2911 3257 3113 3323 dictus,
3146 3260 3416 3315 universa:
3451 3259 3713 3318 Ecclesiae

390 3363 597 3417 doctor
634 3354 911 3412 interdum
943 3351 1271 3424 appellatus,
1306 3363 1362 3411 et
1383 3350 1561 3423 Magni
1591 3350 1830 3421 denique
1863 3358 2231 3421 cognomento
2275 3349 2514 3406 donatus
2544 3348 2645 3421 (a).
2670 3350 2848 3420 Atque
2882 3364 2984 3421 ego
3011 3350 3197 3404 statim
3232 3350 3500 3406 confiteor
3534 3351 3713 3411 Theo-

391 3452 518 3509 dori
563 3451 778 3525 scripta
813 3445 981 3500 variis
1013 3443 1298 3503 erroribus
1340 3443 1515 3498 fuisse
1553 3458 1891 3515 conspersa;
1924 3444 2184 3515 justeque
2224 3458 2349 3498 eum
2390 3444 2447 3498 in
2496 3444 2793 3509 haereseos,
2838 3443 2884 3499 si
2927 3458 3037 3499 non
3080 3443 3418 3513 pertinacem
3470 3445 3712 3513 culpam,

391 3561 556 3612 certe
590 3548 898 3607 errantiam
932 3555 1232 3612 vocatum,-
1280 3550 1393 3597 tum
1425 3542 1554 3617 quia
1596 3542 1653 3598 id
1701 3544 1821 3614 ipse
1852 3550 2048 3599 auctor
2084 3543 2363 3599 interdum
2398 3541 2694 3599 confessus
2736 3540 2937 3613 cst(b);
2979 3547 3097 3595 tum
3126 3540 3256 3611 quia
3286 3541 3539 3611 graviora
3588 3551 3717 3597 Sunt

393 3662 572 3725 quam
614 3651 671 3698 ut
701 3640 908 3697 elevari
944 3639 1162 3712 possint
1202 3640 1515 3698 testimonia
1545 3639 1598 3694 in
1631 3655 1757 3697 eum
1785 3639 1933 3695 dicta
1973 3655 2003 3694 a
2038 3640 2098 3696 S.
2126 3641 2334 3712 Cyrillo
2369 3641 2426 3696 in
2460 3638 2705 3709 Epistola
2740 3638 2809 3694 ad
2850 3636 3125 3700 Proetum,
3174 3651 3205 3693 a
3244 3637 3475 3696 Leontio
3516 3637 3717 3696 Contra

401 3737 566 3798 Νεει.
605 3736 707 3790 lib.
736 3750 818 3798 ιιι,
851 3748 882 3786 a
912 3731 1150 3790 Maximo
1176 3730 1231 3785 in
1260 3731 1546 3806 epusculis
1575 3746 1628 3803 p.
1667 3730 1759 3797 91,
1800 3746 1829 3784 a
1856 3729 2176 3788 Justiniano
2200 3732 2256 3786 in
2292 3747 2451 3788 sacra
2487 3733 2720 3804 epistola
2764 3739 2819 3788 et
2846 3730 2907 3785 in
2954 3729 3044 3785 illa
3072 3728 3369 3801 prolixiore
3408 3745 3571 3802 quam
3606 3734 3719 3801 pri-

398 3846 530 3886 mus
560 3828 874 3884 Bandinius
904 3825 1110 3894 edidit;
1150 3842 1183 3882 a
1212 3826 1506 3887 Theodoro
1537 3826 1910 3885 Raithuuensi
1946 3828 2003 3883 in
2034 3830 2307 3900 opusculo
2348 3829 2426 3885 De
2459 3830 2693 3897 incarn.,
2726 3845 2757 3884 a
2790 3828 2966 3890 Mario
2999 3824 3304 3886 Mercatore
3347 3827 3401 3882 in
3442 3831 3616 3897 Actis,
3649 3834 3719 3888 αἰ

397 3920 731 3978 Hamartolo
759 3918 817 3973 in
832 3915 1109 3975 Chronico
1150 3918 1381 3982 inedito,
1419 3934 1450 3973 a
1486 3916 1685 3974 Photio
1722 3919 1778 3972 in
1811 3918 2145 3974 Bibliotheca
2172 3931 2225 3975 et
2255 3919 2311 3975 in
2338 3919 2610 3991 epistolis,
2638 3928 2692 3976 et
2727 3935 2759 3978 a
2804 3923 3045 3991 generali
3068 3924 3261 3995 quinto
3307 3925 3545 3981 concilio
3590 3927 3719 3982 totis

400 4015 731 4071 actionibus
765 4020 965 4087 quarta
990 4022 1045 4069 et
1064 4013 1279 4087 quinta,
1321 4021 1377 4068 et
1404 4027 1616 4069 canone
1646 4011 1997 4081 duodecimo,
2036 4030 2254 4070 necnon
2292 4016 2344 4070 in
2378 4015 2705 4088 pontificum
2742 4013 3109 4070 maximorum
3135 4017 3317 4087 magni
3347 4016 3594 4089 Gregorii
3623 4019 3716 4088 (ε).

400 4116 458 4165 et
490 4104 815 4176 praesertim
850 4102 1059 4173 Pelagii
1086 4101 1130 4156 ll
1152 4100 1233 4172 (ά)
1271 4101 1561 4171 epistolis:
1591 4116 1693 4155 nec
1734 4099 1994 4174 Vigilium
2025 4112 2313 4177 praetereo,
2358 4104 2476 4177 qui,
2509 4102 2611 4159 etsi
2656 4102 2931 4176 principio
2973 4105 3240 4164 damnare
3268 4106 3717 4179 Mopsuestenum

404 4203 617 4269 noluit,
647 4215 720 4255 ne
756 4199 1029 4270 plurimos
1055 4198 1351 4270 episcopos
1394 4196 1527 4252 huic
1557 4196 1807 4254 faventes
1841 4199 2064 4270 gravius
2092 4198 2415 4266 oﬂ‘enderet,
2457 4198 2659 4255 deinde
2702 4206 2908 4266 tamen,
2946 4199 3013 4256 ad
3039 4202 3247 4273 scripta
3275 4211 3426 4259 certe
3453 4203 3599 4275 quod
3636 4211 3721 4261 at-

402 4299 576 4361 tinet,
613 4294 903 4351 damnanti
928 4294 1142 4373 synodo
1180 4307 1445 4349 assensus
1476 4300 1583 4358 est,
1611 4301 1775 4363 atque
1812 4309 2032 4350 errores
2060 4294 2309 4367 singulos
2337 4295 2573 4351 mirabili
2601 4297 2906 4351 constituto
2948 4300 3219 4370 coarguit.
3253 4299 3412 4357 Mitto
3446 4301 3585 4356 alios
3621 4300 3722 4353 mi-

404 4392 569 4445 noris
600 4391 933 4460 plerumque
964 4388 1203 4445 nominis
1244 4397 1636 4458 accusatores;
1668 4392 1828 4446 mitto
1856 4390 2160 4448 hodiernos
2195 4402 2627 4463 oppugnatores,
2658 4408 2798 4462 quos
2838 4393 2983 4448 inter
3007 4394 3288 4453 Norisium
3338 4399 3393 4453 in
3422 4398 3721 4467 Pelagiana

405 4492 685 4554 historia;
725 4489 986 4561 quamvis
1012 4496 1067 4545 et
1098 4489 1259 4544 multi
1290 4489 1614 4546 defensores
1645 4499 1796 4556 sunt,
1830 4489 2140 4561 prmsertim
2174 4490 2454 4545 liberioris
2503 4493 2792 4547 sententiae
2822 4491 3097 4547 homines.
3146 4488 3254 4546 Sed
3298 4490 3431 4548 mihi
3464 4487 3721 4560 equidem

406 4601 613 4660 parum
647 4584 831 4654 placet
851 4584 1075 4639 illorum
1108 4583 1447 4653 institutum,
1480 4588 1571 4658 qui
1600 4589 1882 4647 hominum
1914 4604 1945 4644 a
1967 4595 2153 4644 vetere
2174 4585 2423 4643 Ecclesia
2450 4586 2859 4655 damnatorum,
2891 4586 3188 4643 neotericis
3212 4583 3505 4642 conatibus
3529 4583 3722 4638 ortho-

403 4682 642 4743 doxiam
678 4681 730 4739 vi
763 4681 1089 4739 obtrudunt.
1117 4682 1447 4756 Quanquam
1472 4694 1527 4742 et
1546 4686 1623 4757 pii
1652 4686 1929 4742 interdum
1961 4685 2202 4757 theologi
2232 4684 2287 4739 id
2333 4685 2628 4741 consilium
2672 4686 2850 4740 secuti
2895 4687 3047 4747 sunt,
3084 4679 3160 4739 ita
3196 4686 3256 4734 ut
3302 4693 3391 4737 ex.
3422 4692 3504 4749 gr.
3532 4676 3725 4747 Orige-

408 4795 543 4837 nem
593 4777 929 4845 llalloisius,
961 4780 1219 4839 Stat-olus
1251 4784 1434 4839 adhuc
1473 4784 1717 4841 ineditus
1756 4784 2155 4841 Caesariensem
2185 4783 2484 4840 Eusebium
2530 4783 2773 4854 copiosis
2808 4781 3032 4854 scriptis
3067 4778 3432 4838 defenderint.
3466 4776 3617 4832 Sane
3654 4778 3724 4832 ad

410 4868 799 4940 Hopsucsteni
829 4871 1058 4924 tutelam
1091 4872 1366 4930 Occidens
1391 4890 1561 4946 prope
1592 4876 1889 4932 universus
1922 4890 2047 4941 cum
2071 4875 2261 4931 Africa
2288 4875 2419 4930 olim
2446 4875 2892 4946 conspiraverat:
2933 4888 3105 4946 quare
3123 4870 3726 4928 ettristissimumillud

409 4960 667 5015 schisma
696 4960 906 5015 exarsit
937 4959 1293 5031 Aquileiense
1320 4965 1711 5036 episcoporum
1743 4965 2033 5021 Theodoro
2072 4965 2565 5035 patrocinantium,
2597 4966 2747 5037 quod
2780 4964 3017 5022 Romani
3048 4963 3339 5037 pontifices
3378 4961 3471 5016 vix
3503 4961 3725 5017 tandem

408 5057 725 5128 aliquando
764 5066 888 5128 post
926 5072 1034 5113 cu
1063 5071 1240 5112 annos
1283 5056 1777 5127 exstinxerunt(e).
1820 5054 1963 5111 Tum
1990 5062 2215 5111 exstant
2243 5052 2493 5112 Facundi
2523 5054 2944 5113 Hermianensis
2979 5056 3034 5112 in
3072 5053 3261 5111 Africa
3287 5053 3531 5123 episcopi
3568 5052 3727 5115 volu-

410 5150 572 5203 mina
602 5146 927 5213 duodecim,
962 5157 1016 5205 et
1040 5149 1146 5203 alia
1180 5144 1293 5201 duo
1322 5147 1575 5217 ejusdem
1600 5148 1808 5219 scripta
1836 5164 1850 5215 ;
1887 5156 1943 5203 et
1964 5153 2235 5218 praeterea
2259 5147 2548 5217 complura
2575 5155 2823 5204 veterum
2855 5148 3169 5203 testimonia
3201 5152 3331 5203 sunt
3364 5141 3726 5210 (Theodoreti

411 5239 647 5311 [basque
672 5242 852 5317 puta),
879 5256 1004 5312 quae
1027 5240 1321 5304 Theodoro
1344 5245 1564 5300 laudem
1604 5245 1919 5301 all'undunt.
1958 5243 2067 5299 Sed
2102 5252 2255 5300 certe
2287 5245 2354 5299 ad
2384 5244 2613 5302 Latinos
2644 5245 2960 5302 laudatores
2997 5243 3142 5316 quod
3177 5242 3392 5303 attinet,
3422 5237 3730 5293 audiendus

411 5334 685 5405 Pelagius
728 5332 772 5387 ll
802 5348 941 5405 papa
986 5335 1042 5390 in
1072 5333 1452 5393 disertissimis
1492 5337 1562 5391 ad
1610 5335 1788 5392 Etiam
1836 5336 2206 5406 patriarcham
2255 5335 2658 5392 schismaticum
2692 5344 2748 5393 et
2780 5336 2849 5391 ad
2884 5333 3065 5390 Istria:
3088 5333 3356 5403 episcopos
3396 5331 3589 5387 litteris
3605 5328 3654 5401 (Ῑ
3677 5327 3734 5398 )i

492 5514 578 5581 (α)
616 5510 843 5585 Socrat.
881 5528 949 5585 v,_
983 5510 1052 5576 3;
1088 5509 1311 5585 S_ozom.
1344 5528 1464 5585 1m,
1515 5512 1585 5585 2;
1643 5511 1837 5582 Evagr.
1884 5529 1923 5577 ι,
1956 5512 2029 5581 2;
2130 5514 2305 5571 berat.
2337 5513 2575 5570 Breviar.
2609 5528 2730 5585 cap.
2757 5515 2808 5570 4.

412 5580 671 5641 ratione.
705 5598 764 5648 ιι,
794 5582 869 5649 2;
910 5581 1159 5637 Gennad.
1200 5600 1314 5651 xu;
1348 5582 1679 5639 Theodoret.
1722 5580 1869 5639 Hist.
1901 5580 2029 5639 eccl.

1453 5583 1679 5638 :odoret.
1722 5580 1869 5639 Hist.
1901 5580 2029 5639 eccl.
2208 5586 2279 5651 (ιε)
2322 5585 2418 5651 Ep.
2452 5602 2490 5640 ι.
2520 5585 2613 5645 ‘25.
2643 5580 2705 5648 ιι’,
2736 5586 2825 5648 Si,
2860 5600 2958 5647 vn,
2987 5582 3074 5638 54.

415 5586 671 5641 Facund.
705 5598 764 5648 ιι,
794 5586 869 5649 2;
910 5586 1159 5637 Gennad.
1200 5600 1314 5651 xu;
1348 5586 1679 5639 Theodoret.
1722 5586 1869 5639 Hist.
1901 5586 2029 5639 εισι.
2230 5602 2256 5637 c
2322 5586 2361 5637 E
2405 5627 2418 5639 .
2452 5602 2490 5640 ι.
2520 5586 2613 5645 ‘25.
2643 5602 2705 5648 ιι,
2736 5586 2825 5648 Si,
2860 5600 2958 5647 vn,
2987 5586 3075 5638 5i.

415 5671 470 5716 ν,
510 5657 626 5721 tt);
674 5652 1106 5725 Leontt:_cortlra
1135 5653 1292 5709 Nest.
1325 5670 1410 5719 ιιι,
1451 5664 1507 5710 et
1548 5655 1623 5709 Dc
1657 5665 1781 5709 sect.
1819 5662 1926 5711 act.
1959 5655 2034 5721 4;
2208 5586 2290 5725 5:2)
2335 5601 2479 5709 I’lpll‘d
2541 5653 2739 5712 Concil.
2775 5664 2907 5714 tom,
2949 5654 3037 5725 Ill,
3067 5670 3118 5725 p.
3150 5652 3280 5711 430.

417 5723 943 5797 Nicvplt.1ltt,_30.
1029 5792 1043 5797 _
1242 5794 1257 5797 _
1441 5795 1464 5797 μ
1553 5793 1597 5797 __
1736 5794 1749 5797 _
1852 5793 1867 5797 _
2216 5723 2285 5797 (e)
2328 5723 3147 5797 Mounm.Aquil.iud.chron.

490 5792 776 5868 (bngpud
820 5792 1180 5868 Eacpndam.
1224 5794 1285 5868 _6,
1334 5810 1387 5849 χ.
1435 5795 1502 5861 5;
1543 5793 1796 5868 λῌυεγειιἒ
1822 5793 2038 5868 fragm.
2218 5792 2301 5867 (ί)
2345 5797 2512 5854 llard.
2548 5792 2753 5854 Concil.
2780 5806 2913 5852 tom.
2944 5795 3031 5866 III,
3066 5813 3116 5868 p.
3149 5792 3272 5860 430,

413 5863 558 5925 hist;
593 5863 885 5923 in'concil.
922 5863 985 5927 ν,
1022 5864 1109 5919 ed.
1139 5866 1313 5920 Colet.
1362 5874 1495 5921 tum.
1542 5864 1634 5934 IX,
1668 5863 1730 5937 'p.
1770 5865 1909 5933 iis;
1954 5865 2051 5942 Li.

773 5956 1052 6025 Pauor"
1103 5956 1202 6017 Gn
1277 5958 1494 6021 LXVI.
3422 5945 3468 6012 if
