4104 6476
517 387 643 442 un
1992 385 2137 439 Matt
2183 347 2581 442 pii/Erum.
3724 405 3830 466 ms

544 503 979 560 bottnlironiincs
1005 501 1315 557 ﬁrm-italis
1350 502 1542 572 ignari,
1578 498 1703 554 dum
1725 501 1972 572 linguam
2011 502 2278 567 nesciunt,
2335 520 2569 560 errorem
2623 494 2778 557 tarde
2814 513 3195 574 cogitaturum;
3246 525 3472 579 quorum
3502 522 3830 582 con-stantia,

543 616 1006 671 quousqucrt‘erum
1043 607 1434 669 cognoscerent,
1467 614 1499 650 a
1530 596 1815 650 certamine
1846 613 1948 651 non
1979 598 2200 664 quievit.
2231 599 2409 653 Causa
2445 601 2524 653 rei
2572 605 2737 652 tanta:
2771 596 2891 659 fuit,
2923 598 3067 668 quod
3096 602 3335 673 episcopi
3370 605 3442 658 illi
3475 613 3744 675 praemia
3772 625 3837 668 οι

544 694 764 762 sumpta-
780 691 1056 746 Theodori
1081 693 1135 744 in
1178 691 1636 758 Chalcedonensi,
1678 699 1737 744 ut
1787 690 2247 762 falsopulabant,
2292 693 2527 748 concilio
2568 704 2829 763 probata,
2877 693 2941 746 in
2973 695 3591 767 unstaittinopolitano
3629 705 3834 762 deinde

544 787 802 846 damnata
840 801 982 857 aegre
1013 786 1280 840 ferebant.

597 929 677 986 ‘.'Il.v
704 929 1156 984 Com-memmium
1196 933 1263 985 ad
1307 930 1356 984 Χ
1363 931 1389 985 1
1398 929 1426 985 1
1465 933 1746 1000 prophetas
1791 932 2046 998 acinaces,
2076 949 2245 1004 quem
2272 949 2419 990 nunc
2449 934 2615 991 edere
2641 935 2955 1007 aggredior,
2984 936 3046 991 in
3069 937 3287 992 duobus
3315 935 3518 994 oﬂendi
3544 937 3830 997 Vaticana:

546 1023 894 1083 bibliothecae
915 1023 1218 1087 codicibus,
1251 1024 1424 1078 altero
1451 1024 1544 1094 qui
1575 1024 1678 1079 fuit
1711 1025 1844 1079 olim
1877 1024 2168 1094 cujusdam
2206 1025 2472 1096 dignitate
2499 1029 3019 1098 πρωτοασηκρήτις,
3052 1028 3251 1084 deinde
3282 1037 3416 1084 vero
3455 1029 3685 1087 Joannis
3713 1049 3842 1087 car-

546 1115 1092 1174 dinalist'Florentini
1144 1117 1411 1186 Salviati;
1453 1128 1646 1191 postea
1697 1121 1752 1174 in
1807 1119 2185 1176 Romanorum
2243 1121 2698 1182 Columnensium
2746 1124 3132 1180 bibliothecam
3175 1127 3437 1190 transiit;
3481 1127 3718 1197 denique
3765 1130 3844 1182 ait

547 1217 775 1271 codices
793 1213 1090 1269 Vaticanus
1130 1223 1258 1270 ante
1285 1215 1641 1282 decennium,
1678 1231 1768 1272 me
1795 1217 2085 1287 prafeeto,
2114 1220 2380 1274 accessit.
2415 1218 2465 1274 ls
2495 1226 2580 1275 est
2614 1220 2784 1274 codex
2828 1221 3212 1276 membraneus
3248 1227 3616 1288 pet-vetustus,
3647 1223 3843 1276 szeeu'i

530 1313 770 1368 .ciroiter
797 1309 1096 1375 undecimi,
1117 1311 1505 1379 integerrimus
1536 1317 1589 1365 et
1616 1312 2130 1367 emendatissimus.
2153 1312 2306 1368 Alter
2333 1314 2505 1368 codex
2536 1313 2605 1368 ad
2636 1309 2948 1368 Vaticanam
2984 1311 3364 1367 collect'm'ncm
3387 1311 3500 1382 jam
3535 1314 3626 1368 diu
3661 1316 3840 1383 perti-

535 1419 710 1468 mens,
749 1404 1080 1458 chartaceus
1113 1408 1168 1456 et
1208 1414 1423 1467 recens,
1457 1400 2412 1472 commentarioqueadZachariam
2453 1416 2673 1465 carens,
2707 1401 2866 1469 cujus
2904 1401 2984 1456 rei
3019 1417 3128 1456 non
3160 1403 3379 1458 dubiam
3416 1419 3638 1460 causam
3670 1406 3842 1474 paulo

528 1503 674 1568 gpost
706 1493 971 1551 recitabo.
1015 1491 1137 1547 Jam
1169 1491 1259 1546 hic
1304 1507 1498 1548 recens
1527 1489 1665 1546 adeo
1698 1493 2191 1548 vetustiorisillizus
2227 1493 2515 1548 lectionem
2566 1492 2836 1562 sequitur,
2871 1500 2931 1546 ut
2976 1508 3040 1548 ex
3080 1493 3269 1549 eodem
3306 1491 3642 1565 exscriptum
3677 1497 3842 1550 valde

538 1594 803 1649 arbitrer.
845 1590 958 1661 Ego
989 1597 1139 1645 certe
1186 1585 1404 1642 nullam
1429 1587 1755 1642 recentioris
1789 1588 2061 1644 rationem
2093 1588 2282 1652 habui,
2331 1588 2428 1644 sed
2485 1594 2784 1656 praestante
2815 1589 3044 1656 antiquo
3070 1600 3286 1654 semper
3337 1601 3458 1640 sum
3496 1602 3651 1641 usus.
3685 1586 3840 1641 Satis

547 1685 740 1754 itaque
772 1681 904 1736 mihi
939 1679 1009 1734 ad
1043 1679 1346 1734 curandam
1379 1679 1675 1735 editionem
1705 1679 1762 1734 in
1785 1677 2074 1734 Pontiﬁcis
2099 1681 2438 1736 bibliotheca
2466 1675 2698 1736 subsidii
2733 1679 2874 1747 fuit;
2912 1680 3009 1736 sed
3036 1681 3169 1750 quia
3195 1689 3377 1735 tamen
3405 1696 3504 1752 par
3537 1683 3839 1737 thesaurus

549 1777 679 1832 alibi
713 1789 932 1846 quoque
969 1781 1170 1838 exstat,
1205 1787 1316 1826 non
1366 1772 1643 1842 gravabor
1676 1771 1934 1826 notitiam
1992 1782 2306 1828 exterarum
2355 1773 2635 1838 codicum,
2671 1789 2795 1842 quae
2829 1772 2964 1826 mihi
3001 1771 3286 1842 indaganti.
3318 1776 3584 1839 occurrit,
3642 1778 3840 1844 paucis

551 1888 850 1945 exponere.
875 1871 948 1926 .In
974 1870 1170 1941 primis
1225 1868 1459 1926 Caesaris
1505 1870 1837 1939 bibliotheca
1862 1869 2323 1927 Windohonensis
2354 1870 2496 1927 duos
2531 1871 2694 1925 habet
2744 1868 3019 1925 Theodori
3048 1869 3109 1921 in
3137 1887 3216 1926 xu
3249 1869 3534 1940 prophetas
3583 1873 3837 1933 codices,

548 1982 788 2040 quorum
829 1966 1061 2022 alterum
1098 1961 1205 2019 sub
1234 1977 1468 2017 numero
1499 1963 1710 2020 CLXIII
1744 1964 2402 2035 descripsit-Lambecius
2450 1966 2566 2037 (a);
2607 1966 2674 2021 de
2704 1966 2877 2020 altero
2915 1965 3044 2020 huic
3067 1963 3228 2036 plane
3258 1963 3423 2018 simili
3458 1964 3670 2033 prolixe
3699 1963 3842 2018 For-

550 2063 688 2119 Iosia
722 2061 836 2134 (qui
858 2059 926 2115 de
967 2058 1207 2114 editione
1247 2070 1468 2126 quoque
1516 2057 1802 2127 cogitavit)
1848 2057 2096 2128 loquitur
2122 2057 2267 2127 apud
2299 2057 2606 2112 Kollarium
2641 2057 2696 2111 in
2732 2055 3131 2128 supplementis
3159 2069 3212 2124 ι.
3252 2053 3377 2108 167.
3428 2056 3605 2124 Atque
3637 2053 3689 2106 hi
3724 2055 3842 2110 duo

537 2156 1016 2212 'Vindobonenses
1040 2151 1320 2209 chartaeei
1353 2160 1504 2216 sunt,
1536 2167 1636 2206 nec
1667 2152 1880 2222 antiqui
1909 2171 1923 2206 :
1961 2152 2094 2222 quin
2127 2153 2264 2208 adeo
2299 2153 2574 2209 secundus
2605 2153 2818 2208 delatus
2857 2168 2926 2207 ex
2967 2149 3127 2204 Italia
3161 2145 3263 2200 fuit
3292 2146 3361 2200 ab
3394 2145 3657 2216 Apostulo
3687 2145 3843 2201 Zeno

551 2249 938 2307 Vindobonam
964 2247 1146 2303 :~satis
1181 2255 1365 2302 autem
1396 2255 1626 2319 apparet
1665 2245 2042 2318 apographum
2081 2263 2206 2303 esse
2234 2248 2438 2302 veteris
2467 2246 2675 2302 codicis
2707 2246 3122 2308 Columnensis,
3165 2254 3313 2295 nunc
3343 2238 3632 2302 Vaticani;
3661 2255 3844 2310 quan-

550 2338 1003 2412 doquidem-tria
1051 2338 1146 2392 illa
1193 2339 1405 2394 scholia
1440 2353 1472 2393 a
1501 2337 1744 2392 Kollario
1797 2339 1965 2402 edita,
2023 2339 2306 2410 quibusin
2342 2338 2626 2394 Zachariae
2666 2339 2943 2410 prophetae
2990 2339 3238 2412 margine
3273 2339 3563 2409 theologus
3607 2336 3842 2392 Graecus

558 2435 750 2490 nescio
783 2431 909 2502 quis
945 2436 1177 2500 castigat
1201 2431 1467 2501 quasdam
1495 2429 1769 2485 Theodori
1805 2430 2340 2498 nostri-sententias,
2369 2446 2454 2498 ea,
2485 2432 2736 2500 inquam,
2763 2429 2970 2485 scholia
3004 2429 3058 2484 in
3084 2431 3426 2503 marginibus
3447 2430 3846 2486 Colutnnensis

553 2533 764 2588 codicis
801 2539 1045 2593 exstant,
1081 2537 1248 2600 atque
1278 2529 1344 2585 ad
1377 2529 1617 2586 litteram
1650 2545 1775 2586 cmn
1822 2530 1932 2586 illis
1974 2530 2140 2588 editis
2184 2541 2516 2601 congruunt.
2553 2529 2673 2584 Jam
2725 2531 2854 2600 quia
2903 2527 3333 2584 commentarius
3377 2522 3744 2594 Mopsuesteni
3785 2523 3845 2576 in

555 2621 880 2677 Zachariam
915 2618 1288 2674 criminationi
1331 2619 1498 2674 alicui
1531 2628 1722 2691 patere
1745 2619 1899 2674 visus
1930 2627 2035 2684 est,
2067 2619 2277 2675 idcirco
2303 2619 2455 2674 illum
2485 2618 2735 2673 Vaticani
2765 2617 3090 2674 recentioris
3111 2617 3319 2673 codicis
3349 2617 3585 2685 scriptor
3609 2624 3844 2684 praeter.

555 2722 744 2777 misit:
777 2718 923 2791 quod
963 2733 1066 2789 ego
1111 2714 1402 2773 consilium
1439 2715 1667 2772 minime
1695 2715 1906 2786 probo;
1939 2730 2119 2785 neque
2148 2715 2292 2769 enim
2322 2714 2665 2785 periclitatur
2701 2714 2960 2771 Ecclesim
3001 2721 3202 2778 status,
3250 2709 3427 2765 sicubi
3464 2709 3606 2761 forte
3648 2706 3844 2775 Mops-

553 2824 820 2873 uestenus
876 2812 1107 2868 audacia
1163 2810 1250 2866 vel
1305 2806 1547 2862 novitate
1612 2803 2013 2879 interpretandi
2057 2804 2235 2874 paulo
2284 2804 2510 2862 liberius
2559 2815 2808 2877 vagatur.
2860 2804 3099 2872 Quintus
3149 2802 3318 2857 codex
3378 2797 3617 2852 Venetus
3671 2809 3757 2852 est
3813 2813 3846 2851 a

553 2908 965 2974 Montfauconio
987 2905 1062 2977 (θ)
1095 2905 1151 2958 in
1181 2903 1569 2958 Grimanorum
1597 2899 1933 2955 bibliotheca
1961 2899 2308 2955 observatas.
2342 2897 2541 2957 Sextus
2572 2917 2728 2972 aeque
2766 2899 3008 2956 Venetus
3054 2905 3168 2960 esi.
3189 2909 3351 2965 quem
3387 2892 3527 2946 idem
3562 2889 3846 2944 Μοιηίίηι·

553 3001 842 3071 εοηίιις.(ε)
873 3000 1017 3073 apud
1049 2996 1324 3052 Meletium
1348 2993 1667 3067 H‘ypaldum
1691 2995 1849 3051 vidit.
1873 2993 2155 3066 Septimus
2194 2993 2368 3050 codex
2415 2995 2556 3067 apud
2587 2995 2934 3051 Gerasimutu
2976 2993 3239 3048 Blachutu
3267 2989 3320 3042 iu
3352 2985 3525 3042 Gallia
3551 2985 3671 3052 fuit,
3701 2995 3848 3041 teste

534 3092 885 3151 .Combelisio
919 3088 1024 3158 (ά).
1054 3085 1409 3157 Atquehunc
1436 3084 1681 3140 codicem‘
1723 3085 1963 3154 inspexit
2007 3083 2194 3148 etiam,
2224 3090 2286 3136 ut
2337 3091 2490 3152 puto,
2525 3082 2837 3153 Stephanus
2879 3085 2946 3137 ab
2973 3085 3242 3141 Altimura
3272 3083 3616 3157 (Lequiuius)
3647 3082 3740 3153 qui
3789 3084 3846 3137 in

553 3186 904 3255 Panapliap.
929 3184 1059 3248 455,
1092 3181 1170 3236 ait
1205 3197 1267 3238 se
1313 3182 1513 3254 legisse
1559 3179 1932 3251 Mopsuesten‘i
1985 3177 2412 3232 Commentarios
2444 3178 2498 3230 in
2535 3193 2610 3231 xu
2656 3177 2955 3246 prop/tetas.
2991 3177 3186 3234 Octavi
3210 3179 3419 3234 codicis
3450 3178 3699 3234 notitiam
3730 3181 3847 3248 pri-

555 3293 704 3346 mus,
732 3286 794 3332 ut
819 3276 1081 3340 arbitror,
1114 3270 1730 3344 prodidit-Possevinus
1755 3270 1848 3342 (e),
1873 3269 1968 3342 qui
1991 3275 2212 3325 exstare
2242 3283 2368 3322 eum
2399 3267 2541 3322 dixit
2574 3269 2760 3323 Ronne
2802 3271 2854 3324 in
2889 3271 3218 3326 bibliotheca
3245 3269 3616 3325 Vailicelliana
3639 3287 3654 3337 ;
3676 3287 3846 3340 quem

555 3369 920 3442 egocodicem
956 3381 1083 3425 cum
1130 3365 1504 3430 observarem,
1539 3362 1878 3435 deprehendi
1923 3379 2050 3420 esse
2102 3372 2266 3418 tenue
2317 3365 2792 3436 interpretationis
2838 3367 2894 3421 in
2949 3367 3142 3423 Oscam
3195 3366 3586 3439 fragmentum,
3622 3367 3847 3436 paginis

556 3460 847 3517 duodecim
885 3463 1172 3522 constans,
1206 3470 1386 3526 usque
1411 3456 1482 3511 ad
1518 3454 1750 3511 secundi
1781 3455 1981 3527 capitis
2003 3457 2353 3512 versiculum
2387 3458 2610 3512 tertium
2640 3459 2938 3514 decimum.
2974 3459 3152 3517 Iluius
3181 3477 3346 3529 porro
3373 3462 3620 3532 praeclari
3653 3461 3848 3531 operis

555 3553 778 3608 codices
806 3550 1098 3621 qui-manu
1129 3546 1346 3604 diutius
1375 3545 1741 3612 versaverint,
1773 3553 1886 3603 tres
1913 3546 2111 3603 saltem
2143 3547 2424 3619 comperio
2455 3547 2602 3604 viros
2629 3566 2642 3615 ;
2691 3565 2927 3619 quorum
2963 3553 3172 3621 primus
3202 3560 3287 3608 est
3319 3551 3647 3608 Franciscus
3696 3551 3845 3606 Tur-

555 3651 746 3703 rianus
768 3645 857 3716 (Γ),
890 3659 920 3699 a
957 3657 1068 3714 quo
1095 3640 1293 3697 Bootae
1318 3639 1549 3712 degente
1588 3639 1915 3698 Vaticanum
1961 3643 2146 3714 ipsum
2179 3643 2428 3699 codicem
2464 3643 2666 3699 lectum
2698 3648 2956 3717 augurari
2993 3649 3136 3703 licet.
3167 3647 3459 3703 Secundus
3499 3657 3581 3703 est
3615 3645 3845 3702 Samuel

557 3739 846 3803 Tenulius,
883 3737 977 3808 qui
1017 3736 1074 3790 in
1105 3735 1306 3792 litteris
1345 3737 1416 3793 ad
1447 3736 1576 3794 Nic.
1611 3736 1896 3794 Heinsium
1930 3740 2006 3811 (g)
2039 3739 2116 3795 ait
2155 3739 2304 3796 se-in
2347 3739 2504 3796 Latio
2546 3740 2910 3813 descripsisse
2947 3746 3051 3800 sibi
3094 3743 3368 3799 Theodoti
3414 3746 3740 3800 Antiochcni
3788 3747 3847 3800 in

557 3835 752 3890 Oscam
790 3831 1136 3902 fragmenta;
1181 3847 1304 3903 quae
1338 3831 1544 3892 locutio
1575 3835 1698 3908 ejus
1743 3835 1876 3892 facit
1926 3844 1986 3893 ut
2036 3837 2348 3895 existimem
2401 3838 2548 3908 loqui
2604 3837 2896 3894 Tenulinm
2941 3839 3010 3894 de
3045 3839 3236 3896 cedice
3287 3839 3690 3906 Vallicelliano,
3744 3843 3846 3908 qui

557 3943 751 3998 reapse
782 3926 918 3982 nihil
951 3927 1135 3991 habet,
1167 3933 1228 3981 ut
1255 3926 1519 3994 diximus,
1549 3936 1752 3999 prater
1778 3929 1944 3986 breve
1969 3930 2025 3984 in
2052 3928 2246 3990 Oscam
2266 3928 2666 4000 fragmentum.
2695 3927 2915 3986 Tertius
2943 3940 3029 3989 est
3062 3932 3356 3988 Anselmus
3382 3917 3712 3996 Dandurius,
3743 3937 3847 4003 qui

561 4022 616 4074 in
637 4027 936 4088 conspectu
963 4036 1194 4091 operum
1222 4018 1517 4091 Nicephori
1546 4036 1711 4093 quem
1735 4020 2026 4078 Fabricius
2071 4021 2320 4093 vulgavit
2355 4018 2457 4091 (li),
2491 4019 2570 4075 ait
2603 4036 2653 4084 ι).
2687 4019 2815 4079 626»
2849 4037 2908 4077 se
2933 4022 3076 4078 inter
3114 4034 3311 4079 (δεξιοί-ει
3353 4025 3626 4080 editurum
3661 4025 3845 4082 'l‘heo-

555 4115 678 4168 dori
709 4127 929 4184 quoque
957 4110 1326 4183 Mopsuesteni
1358 4113 1412 4173 in
1435 4114 1716 4185 prophetas
1762 4132 1842 4172 χιι
1866 4111 2490 4171 eommentariumJam
2531 4115 2662 4187 quia
2691 4115 3000 4175 Bandurius
3036 4135 3095 4176 se
3131 4120 3185 4175 id
3222 4121 3488 4178 beneﬂcio
3516 4124 3701 4180 Cosmi
3741 4124 3842 4189 III,

557 4207 716 4260 ducis
743 4205 996 4269 Etruria},
1028 4203 1190 4274 cujus
1223 4203 1340 4275 ipse
1379 4205 1775 4265 bibliothecam
1809 4206 2057 4278 regebat,
2093 4205 2372 4263 facturum
2402 4207 2701 4282 epapondit
2731 4207 3072 4280 (quanquam
3109 4211 3269 4266 fidem
3321 4229 3498 4284 neque
3526 4214 3845 4275 Baudurius

560 4299 848 4358 Florentia:
893 4315 1072 4371 neque
1114 4298 1363 4356 Forlosia
1393 4298 1734 4357 Vindobonae
1765 4298 2426 4372 Iiberaverunt),puta‘bat
2444 4301 2731 4359 Fabricius
2757 4302 2818 4374 (ἱ)
2858 4305 3105 4360 codicem
3155 4309 3277 4375 ejus
3311 4311 3497 4379 operis
3550 4310 3604 4364 in
3640 4312 3844 4366 biblio-

537 4397 718 4454 theca
745 4396 984 4453 hchicea
1013 4403 1250 4453 exstare.
1281 4394 1440 4451 Nunc
1464 4403 1650 4452 autem
1691 4396 1963 4465 ejusmodi
1999 4395 2246 4453 codicem
2277 4397 2557 4454 Bandurio
2583 4399 2828 4472 ignotum
2865 4403 3144 4464 videmus;
3179 4416 3241 4452 ex
3273 4416 3380 4468 quo
3413 4402 3663 4468 sequitur
3689 4409 3746 4454 ut
3782 4406 3844 4456 in

559 4493 803 4551 Medicea
854 4493 1187 4550 bibliotheca
1219 4507 1331 4548 non
1363 4487 1550 4544 fuerit.
1603 4485 1812 4542 Revera
1862 4486 2168 4545 Bandurius
2202 4489 2278 4543 nil
2312 4488 2460 4544 aliud
2496 4491 2571 4544 ait
2605 4490 2711 4545 nisi
2757 4507 2815 4546 se
2866 4492 2915 4545 id
2953 4508 3093 4561 Opus
3146 4506 3176 4546 e
3226 4490 3574 4546 bibliothecis
3604 4492 3840 4556 eruisse,

558 4603 696 4658 quas
724 4589 870 4642 inter
894 4587 1058 4658 paqu
1083 4596 1212 4642 ante
1241 4583 1564 4640 Vaticanum
1608 4587 2168 4634 commemoraverat:
2207 4588 2260 4636 et
2291 4581 2509 4649 quidem
2545 4581 2592 4635 si
2627 4581 2695 4635 de
2725 4598 2824 4635 sua
2857 4581 3095 4636 Medicea
3127 4583 3465 4652 loqueretur,
3500 4582 3845 4654 Illopsueste-

562 4694 693 4731 num
730 4676 870 4747 apud
899 4692 960 4732 se
993 4677 1194 4732 habere
1218 4676 1474 4731 dixisset.
1515 4671 1654 4725 Tum
1699 4683 1830 4724 vero
1877 4678 1930 4724 et
1979 4671 2072 4726 ille
2097 4671 2266 4727 codex
2318 4669 2713 4733 Salviatorum,
2748 4688 2894 4725 nunc
2940 4671 3260 4738 Vaticanus,
3310 4676 3400 4728 illa
3455 4673 3636 4730 adhuc
3677 4683 3845 4730 a-tate

562 4767 856 4822 Florentia:
910 4768 1050 4838 apud
1093 4777 1307 4823 veteres
1355 4761 1631 4828 dominos,
1663 4768 1725 4816 ut
1753 4761 1940 4828 credo,
1977 4761 2113 4830 fuit;
2147 4779 2254 4835 qua
2306 4765 2360 4818 in
2415 4763 2549 4818 urbe
2599 4763 2666 4816 ad
2705 4761 2968 4820 Bandurii
3013 4770 3262 4824 notitiam
3322 4785 3629 4841 manusque
3675 4770 3843 4826 facile

563 4864 728 4918 venit.
2237 4897 2242 4901 -
3856 4903 3867 4959 ί

635 4999 722 5056 lil.
794 5000 907 5072 Age
989 5015 1156 5063 vero,
1214 4997 1279 5052 de
1353 5003 1576 5050 auctore
1657 4996 1840 5066 operis
1915 4999 2212 5068 quominus
2295 4999 2612 5058 dubitemus
2738 5004 2895 5060 testis
3017 5005 3174 5062 adest
3261 5008 3315 5062 iu
3397 5007 3656 5071 cunctis,
3741 5008 3837 5078 qui

565 5095 677 5152 noti
739 5102 899 5165 sunt,
967 5093 1359 5164 manuscriptis
1421 5091 1704 5150 codicibus
1764 5103 2026 5150 constans
2080 5094 2181 5147 titu

2212 5107 2272 5147 us
2319 5093 2597 5166 Θεοδώρου
2650 5096 3010 5171 ,’Δντιοχέσ›ς,
3075 5100 3336 5156 Theodori
3388 5103 3598 5158 scilicet
3657 5105 3833 5174 patria

567 5191 892 5247 miliae/teni.
960 5190 1066 5248 Sed
1100 5189 1229 5262 quia
1297 5207 1404 5246 non
1465 5209 1606 5250 unus
1666 5194 1768 5251 fuit
1811 5195 2120 5252 Antiochiae
2171 5203 2335 5252 natus
2387 5195 2741 5267 Theodorus,
2797 5217 2926 5259 ecce
2993 5202 3152 5257 nobis
3198 5201 3427 5260 Photius
3468 5204 3537 5274 (j)
3596 5214 3836 5277 quatuor

659 5398 710 5472 τι)
751 5389 910 5472 Ioni.
944 5390 1120 5472 IV“).
1152 5392 1278 5472 5:59,
1315 5391 1558 5472 cinno}.
1823 5464 1913 5472 --Α
2245 5395 2547 5472 [Ῑξιιιτίτιιιιις
2604 5397 2673 5454 de
2735 5397 3138 5472 interpretamli
3193 5416 3433 5472 genere,
3485 5416 3594 5472 quo
3667 5402 3840 5457 utitur

659 5461 708 5596 ὺζ
751 5460 901 5513 Diur.
937 5459 1150 5532 ltalfp.
1187 5463 1274 5524 59,
1304 5472 1356 5516 et
1391 5463 1526 5517 Bibl.
1559 5482 1684 5518 mss.
1723 5481 1778 5533 p.
1810 5464 1936 5518 478.
2246 5465 2702 5536 Mopsuestcnus,
2753 5459 2917 5539 atque
2969 5471 3020 5523 id
3077 5459 3516 5526 nonvimmcrito
3565 5473 3827 5542 castigat;

659 5547 683 5583 c
748 5529 904 5584 Diar.
939 5529 1068 5584 Ital.
1103 5550 1152 5596 ιι.
1187 5534 1274 5596 46,
1307 5533 1447 5588 Bibl.
1504 5551 1630 5588 mss.
1667 5550 1718 5596 p.
1753 5534 1876 5588 478.
2243 5539 2488 5596 satisque
2537 5539 2878 5592 demonstrat
2919 5547 3096 5595 totum
3149 5557 3178 5595 a
3233 5557 3293 5596 se
3344 5542 3406 5595 in
3440 5558 3514 5596 xu
3550 5553 3827 5596 prorutas

657 5529 710 5614 cl)‘
748 5529 904 5614 Quir.
939 5529 1068 5584 Ital.
1187 5533 1447 5614 ιϐιηίὺι⁵
1472 5551 1630 5614 _mss.
1667 5529 1876 5602 p.178.
2243 5529 2488 5606 satisque
2537 5529 2878 5614 demonstrat
2911 5547 3096 5614 totum
3149 5557 3178 5595 a
3233 5557 3293 5596 se
3344 5542 3406 5595 in
3440 5558 3514 5596 xu
3548 5529 3831 5614 ρνοιινιῖωε

633 5600 716 5672 (4)
758 5600 894 5654 Bibl.
925 5617 1070 5658 conc.
1104 5613 1234 5658 tum.
1271 5605 1309 5668 Ι,
1333 5622 1387 5672 p.
1422 5604 1511 5657 44.
1669 5600 1680 5602 ’
2241 5600 2677 5662 comnientarium
2713 5609 2878 5663 fuisse
2909 5613 3128 5664 let-tutu.

633 5672 704 5747 (ς)
744 5672 943 5747 ᾼῃραν.
982 5683 1112 5727 ιοιιι.
1158 5673 1242 5747 III,
1280 5675 1403 5747 eod.
1449 5673 1638 5728 Vallic.
1677 5691 1728 5741 p.
1761 5672 1851 5724 27.
1937 5741 1995 5747 μ
2314 5679 2389 5747 (g)
2430 5677 2692 5747 Burman.
2731 5676 2931 5747 Sgllog.
2963 5689 3094 5743 tum,
3134 5680 3196 5743 II,
3228 5698 3277 5745 [ι.
3315 5680 3440 5738 80d.

633 5742 701 5812 (ι’)
742 5742 1023 5829 Att-cons};
1058 5759 1145 5811 ap.
1174 5743 1250 5829 ΔΙΙ.
1275 5744 1342 5809 5;
1378 5755 1473 5812 pro
1497 5758 1617 5829 epp.
1651 5755 1902 5829 .pontau,
1934 5741 2131 5829 ?0,ntv,
2315 5741 2390 5829 fit)
2421 5748 2572 5829 Bibl.
2735 5741 2981 5829 et'll-u'ov.
3021 5741 3153 5805 lout.
3187 5741 3300 5817 VII,
3340 5769 3393 5822 p.
3425 5751 3552 5808 6H.

569 5809 665 5875 I0,
693 5828 743 5866 v.
785 5813 845 5866 2|
872 5830 925 5886 ς-
969 5811 1042 5886 De
1063 5809 1204 5886 auri.
1227 5809 1589 5886 rttnzni_.pont._
1650 5809 1747 5886 lib.
1781 5828 1860 5875 ιιι,
1892 5812 1980 5886 ed.
2013 5811 2137 5867 Flo—
2317 5809 2383 5885 (ii
2421 5818 2574 5871 Tom.
2617 5816 2682 5886 Χ.
2715 5833 2767 5886 p.
2805 5819 2930 5872 558.

567 5890 705 5941 t‘cnt.
759 5898 811 5954 p.
864 5883 951 5938 99.
998 5882 1060 5938 Et
1109 5885 1283 5953 primo
1315 5883 1534 5952 quidem
1580 5883 1700 5936 loco
1737 5884 1843 5937 late
1890 5882 2136 5953 disputat
2321 5882 2386 5958 υ)
2415 5887 2584 5944 Codd.
2623 5882 3031 5956 IV,‘X.\'.\VIII,
3085 5888 3319 5957 LXXXI,
3373 5890 3683 5950 CLXXVII.
