4104 6462
348 355 463 414 109
1624 354 1782 412 ASG.
1828 354 1969 410 MA"

2046 352 2408 412 ’RIEFA'I’IO.
3567 354 3667 411 110

347 487 674 531 recensens
750 489 921 546 opera
991 473 1271 531 Theodori
1343 472 1668 530 Antiocheni
1773 472 1996 529 nomine
2029 471 2337 544 insignita,
2431 469 2879 540 Mopsuestenum
2953 471 3164 532 diserte
3251 474 3668 549 intelligendum

343 584 481 625 csse
558 571 761 639 docet;
833 571 1014 642 primo
1085 569 1310 642 quidem
1385 570 1505 624 loco
1581 568 1822 624 dicens:
1915 568 1964 621 Ὅ

2050 567 2106 621 δὲ
2177 565 2558 637 Medeam-tia;
2625 566 2866 634 γεγονὼς
2935 569 3232 636 ἐπίσκοπος
3287 565 3443 637 οὗτός
3497 574 3671 639 ἐστιν,

342 655 536 732 οἶμαι·
573 663 822 718 secundo
851 672 1036 720 autem
1069 665 1191 720 loco
1231 656 1435 726 εῡῦτος
1458 660 1514 715 δέ
1541 660 1688 714 ἐστιν
1723 662 1752 714 ὁ
1786 660 1963 729 Μοψοι

2050 660 2188 722 τίαςο
2227 660 2389 714 tertio
2421 660 2542 715 loco
2569 669 2699 731 post
2736 667 3100 716 memoratum
3132 661 3202 722 de
3255 665 3436 736 magia
3467 662 3671 720 Persa-

346 771 480 809 rum
543 754 825 813 Theodori
863 756 1196 813 Antiocheui
1260 769 1421 825 opus,
1479 753 1668 810 subdit
1705 773 1718 809 :
1755 745 1967 818 Οὗτοςὲ

2050 773 2057 803 ι
2095 751 2374 824 Θεόδωρος
2421 753 2452 806 ὁ
2497 750 2880 822 Μοψουεοτίας
2927 748 3066 807 εἶναι
3123 754 3270 808 δοκεῖ
3326 756 3403 826 (et
3447 757 3671 826 quidem

342 849 511 904 δοκεῖ
539 851 598 905 in
628 867 691 908 re
724 859 879 912 certa
916 851 1028 907 dici
1068 852 1292 907 solitum
1320 851 1468 922 apud
1493 849 1717 911 Grtneos
1748 850 2019 921 quosdam
2067 860 2348 913 auctores,
2396 848 2742 905 demonstrat
2779 845 3230 902 Montl‘auconius
3254 849 3410 918 prwf.
3443 848 3512 902 ad
3555 847 3673 902 Ea-

267 1011 274 1025 ι
345 941 465 996 seb.
487 959 686 998 comm.
714 944 771 999 in
799 943 893 1005 Ps.
918 959 1040 1014 cap.
1072 945 1161 1013 x);
1185 951 1382 1014 quarto
1411 943 1652 1014 denique
1682 944 1838 999 loco:
1875 943 1888 963 '

2048 941 2218 1013 uitan
2249 940 2471 1011 βιϐλίον,
2495 933 2611 1012 οὗὴ
2639 939 2926 1013 ἐπιγραφὴ
2957 937 3261 1008 Θεοδώρου
3291 941 3669 1010 Ἀντιοχέως·

269 1033 272 1036 ί
345 1040 377 1092 ὁ
417 1039 812 1108 Mal/ausuri“
839 1041 898 1105 δέ
933 1042 1102 1108 ἐστιν,
1127 1041 1204 1104 ὡς
1223 1039 1332 1094 ἀπό
1355 1057 1515 1094 τινων
1546 1039 1848 1093 ἐπιστολῶν
1878 1040 1890 1092 ἑ

2058 1057 2160 1110 μεν
2185 1058 2198 1070 ο
2224 1037 2420 1098 Lectus
2452 1038 2683 1094 estliber
2715 1038 2976 1096 Theodori
3002 1036 3359 1105 Antias/teni;
3383 1040 3467 1094 hic
3497 1051 3675 1095 autem

345 1132 443 1187 ille
465 1142 549 1196 est
576 1131 927 1204 Mopsuestia:
947 1133 1248 1204 episcopus,
1275 1140 1333 1186 ut
1360 1147 1428 1192 ea:
1447 1131 1769 1202 quibusdam
1796 1131 2038 1202 epistolis
2060 1130 2190 1184 mihi
2214 1130 2464 1185 innotuit.
2499 1130 2641 1202 Ergo
2670 1132 2788 1186 duo
2822 1130 2953 1186 hinc
2989 1132 3297 1200 noscimus,
3332 1149 3526 1204 nempe
3559 1141 3674 1188 tum

346 1228 589 1286 codices
625 1244 852 1301 quoque
891 1235 1108 1285 veteres
1149 1244 1379 1300 Operum
1413 1227 1814 1300 Mopsuesteni,
1877 1230 2082 1284 nedum
2120 1243 2219 1285 eos
2251 1243 2396 1300 quos
2426 1243 2578 1284 nunc
2609 1228 2901 1298 habemus,
2937 1245 3050 1300 prae
3077 1246 3136 1288 se
3165 1231 3367 1289 tulisse
3396 1233 3681 1290 Theodori

350 1325 696 1380 Antioch-“ui
738 1341 973 1394 nomen;
1011 1331 1128 1379 tum
1178 1324 1397 1396 quoties
1442 1324 1499 1379 in
1530 1324 1616 1380 his
1647 1324 1702 1380 id
1733 1337 1936 1379 nomen
1965 1337 2140 1394 prope
2167 1337 2267 1395 per
2310 1323 2758 1382 antonomasiam
2805 1324 3073 1390 occurrit,
3101 1325 3520 1397 intelligendum
3551 1342 3676 1382 esse

350 1414 841 1485 Ilopsuestenum.
869 1417 1044 1473 Porro
1081 1422 1264 1473 autem
1297 1417 1446 1488 quod
1479 1426 1674 1472 noster
1705 1414 2034 1472 Theodorus
2081 1416 2138 1470 in
2171 1431 2248 1470 xu
2290 1415 2578 1486 praphetas
2618 1415 2936 1488 scripserit,
2981 1415 3189 1474 diserte
3222 1418 3457 1473 allirmat
3499 1420 3678 1492 Syrus

348 1514 665 1571 Ebediesus
692 1516 747 1574 in
775 1516 1029 1587 catalogo
1066 1533 1082 1570 :
1113 1524 1482 1585 praeterquam
1523 1513 1671 1586 quod
1689 1513 1812 1584 ejus
1836 1513 2023 1584 operis
2051 1511 2248 1570 titulus
2279 1513 2336 1569 in
2377 1513 2616 1573 concilio
2652 1513 2824 1570 etiam
2866 1511 3158 1583 quinto(a)
3187 1511 3482 1587 scribitur;
3510 1527 3675 1582 quem

348 1615 540 1663 tamen
577 1617 924 1676 postremum
956 1607 1136 1666 locum
1168 1606 1237 1661 ad
1262 1606 1532 1662 trutinam
1564 1605 1827 1677 deinceps
1854 1612 2159 1663 vocaturus
2183 1620 2329 1662 sum.
2358 1602 2634 1661 Praeterea
2673 1603 2822 1676 quod
2883 1617 3026 1676 Opus
3067 1603 3443 1675 Mopsuesteni
3468 1603 3523 1657 in
3553 1616 3675 1657 ma-

349 1702 522 1756 nibus
556 1702 1037 1770 habeamus,inde
1065 1703 1231 1757 etiam
1263 1702 1669 1774 cognoscimus.
1689 1703 1820 1774 quia
1875 1702 1932 1758 in
1962 1701 2190 1758 exordio
2239 1701 2616 1756 commentarii
2645 1700 2715 1756 ad
2759 1705 2951 1756 Oscam
2979 1705 3035 1754 et
3057 1697 3188 1752 alibi
3224 1711 3333 1752 non
3375 1695 3550 1752 semel
3573 1695 3678 1751 de-

345 1793 534 1848 εῑξιηι
577 1802 777 1847 auctor
805 1795 935 1848 sein
963 1791 1211 1856 Psalmos
1243 1814 1464 1870 quoque
1479 1799 1774 1871 scripsisse
1795 1818 1812 1852 :
1852 1813 2019 1871 porro
2050 1815 2082 1854 a
2111 1798 2504 1872 Mopsuesteno
2534 1799 2869 1856 illustratum
2903 1797 3074 1856 fuisse
3110 1797 3462 1856 Psalterium,
3499 1793 3678 1850 notis-

346 1893 562 1946 simum
599 1900 707 1947 est.
741 1891 848 1947 Sed
883 1892 1032 1950 enim
1058 1895 1194 1952 nihil
1225 1913 1382 1969 atque
1413 1899 1762 1955 demonstrat
1797 1913 2100 1970 germanas
2133 1913 2260 1956 esse
2294 1897 2673 1969 Mopsuestcni
2717 1898 2820 1953 has
2847 1895 3244 1968 prophetarum
3266 1889 3545 1945 minorum
3578 1902 3679 1941 ex-

348 1984 734 2056 planationes,
757 2001 924 2056 quam
956 1987 1136 2058 ipsum
1167 1987 1442 2044 scribendi
1477 2004 1675 2061 genus,
1708 1989 1856 2060 quod
1889 1996 2136 2045 veterum
2194 1987 2264 2044 de
2298 2003 2365 2044 eo
2396 1988 2732 2045 testimoniis
2767 1989 2889 2044 sine
2924 1987 3034 2042 ulla
3072 1984 3422 2041 dubitatione
3449 1993 3680 2050 respon-

348 2081 466 2136 det.
504 2083 564 2136 lu
601 2081 799 2152 primis
831 2085 1112 2140 cernimus
1166 2083 1314 2144 hunc
1340 2093 1624 2143 auctorem
1677 2087 1837 2158 sequi
1874 2087 2115 2143 maxime
2141 2086 2384 2142 litteram
2417 2093 2474 2143 et
2528 2086 2846 2149 historiam,
2886 2096 3052 2155 atque
3099 2091 3322 2136 omnem
3355 2076 3678 2148 allegoriam
3719 2107 3730 2114 --

347 2174 785 2230 studiosissime
813 2172 1004 2247 fugere
1038 2193 1052 2230 :
1091 2191 1287 2235 rursus
1325 2180 1476 2238 nullo
1503 2180 1638 2235 vitio
1666 2195 1823 2251 reque
1852 2179 2129 2244 laborare,
2163 2192 2331 2251 quam
2355 2179 2755 2249 permultarum
2780 2176 3168 2248 repetitionum
3196 2171 3252 2227 in
3282 2169 3476 2226 eadem
3501 2169 3680 2222 inter-

347 2268 485 2324 dum
545 2267 750 2339 pagina
806 2269 1142 2338 ingestarum
1172 2286 1186 2322 :
1219 2288 1342 2342 qu.e
1375 2286 1511 2328 sane
1546 2272 1851 2344 tautologia
1904 2271 2159 2329 delicatis
2215 2270 2450 2328 auribus
2479 2271 2657 2326 multo
2703 2277 2792 2327 est
2831 2269 3249 2327 molestissima.
3289 2264 3436 2322 Idem
3497 2260 3679 2332 longis

348 2365 608 2440 periodis
636 2366 964 2428 involvitur,
992 2367 1099 2423 alte
1135 2363 1353 2434 incipit,
1378 2363 1472 2418 diu
1507 2363 1731 2434 pendet,
1763 2361 1849 2420 vel
1894 2360 2121 2419 insertis
2145 2361 2305 2417 novis
2344 2359 2636 2418 sententiis
2673 2359 2839 2430 longe
2884 2359 3114 2424 recedit,
3153 2358 3229 2414 ita
3255 2363 3315 2412 ut
3360 2352 3562 2424 legenti
3592 2350 3681 2407 vel

353 2462 752 2534 interpretanti
773 2462 1095 2520 salebrosas
1125 2458 1406 2518 interdum
1438 2458 1550 2520 ﬂat.
1573 2460 1622 2514 A
1646 2457 2040 2530 Mopsuesteno
2062 2456 2196 2513 dum
2221 2453 2544 2527 Scripturas
2571 2455 2806 2512 arbitrio
2829 2469 2933 2514 suo
2958 2453 3281 2524 expl'anaret
3309 2447 3681 2520 reprehensos

350 2564 523 2626 atque
553 2555 757 2618 irrisas
798 2569 944 2626 sape
971 2553 1144 2611 luisse
1173 2553 1514 2625 antiquiores
1545 2553 1880 2626 interpretes
1914 2553 1996 2610 ait
2023 2551 2290 2614 Leontius
2321 2561 2516 2612 contra
2546 2550 2704 2607 Nest.
2738 2567 2822 2615 ut,
2868 2552 2957 2606 11.
2982 2548 3118 2621 Ejus
3166 2562 3298 2606 vero
3327 2562 3478 2602 nunc
3505 2545 3680 2600 moris

348 2647 813 2726 perfrequentem
841 2645 1375 2702 demonstrationem
1407 2645 1462 2700 in
1496 2645 1585 2702 his
1613 2645 2035 2707 commentariis
2075 2645 2352 2705 videmus.
2393 2643 2529 2706 item
2567 2643 2868 2717 Scriptura:
2917 2642 3223 2714 permultas
3252 2639 3614 2696 auctoritates
3648 2654 3679 2688 ει

351 2739 759 2810 Μορευοειοιιο
791 2737 949 2792 citari
978 2737 1170 2796 solitas
1206 2740 1284 2800 ait
1317 2740 1585 2812 Photins;
1613 2741 1763 2814 quod
1794 2741 1864 2797 ab
1893 2756 1961 2800 eo
1989 2741 2282 2798 verissime
2302 2741 2513 2798 dictum
2541 2737 2934 2802 commentarii
2961 2752 3112 2799 nunc
3136 2737 3357 2794 docent.
3385 2735 3492 2791 Sed
3527 2733 3677 2795 enim

348 2836 504 2909 quod
537 2835 618 2889 ait
649 2833 1040 2889 'l‘illemontius
1070 2833 1147 2908 (ὁ)
1181 2836 1633 2908 Mopsuestenum
1664 2836 1926 2895 universa
1955 2834 2136 2897 Biblia
2181 2834 2534 2904 complexum
2566 2832 2834 2891 memoria
2874 2831 3074 2896 fuisse,
3127 2828 3291 2900 cujus
3339 2829 3420 2883 rei
3477 2834 3677 2883 testem

349 2936 492 2998 citat
524 2931 828 2995 Leontium
871 2929 953 2985 De
982 2932 1139 2995 sectis
1173 2935 1283 2983 act.
1317 2937 1571 2993 inerrat
1621 2925 1785 3004 plane
1815 2925 1898 2982 vir
1941 2925 2142 2984 doctus
2185 2937 2296 2980 non
2325 2921 2620 2982 intellectis
2653 2920 2868 2977 Leontii
2899 2921 3088 2976 verbis
3114 2919 3218 2994 τὴν
3255 2917 3426 2988 ἄλλην
3459 2917 3680 2989 Γραφὴν

353 3031 849 3104 susp-mperium.
897 3028 1046 3086 Sane
1076 3043 1178 3101 pro
1201 3026 1370 3100 ᾷλλην
1405 3023 1695 3099 legendum
1720 3037 1846 3079 esse
1879 3022 1974 3094 ὃλη

2065 3037 2155 3079 res
2188 3022 2311 3093 ipsa
2337 3020 2560 3088 clam-at,
2585 3026 2641 3075 et
2669 3034 2864 3075 revera
2899 3016 3117 3083 Leontii
3147 3016 3490 3085 interpretes
3504 3011 3679 3081 expli-

347 3137 485 3183 cant
512 3126 787 3179 universa.
824 3120 1226 3178 Verumtamen
1247 3118 1704 3192 ὑπεμνημάτισεν
1748 3131 1862 3176 non
1889 3114 2150 3175 minaria
2172 3113 2454 3179 retinebat,
2487 3113 2586 3170 sed
2637 3121 3024 3177 commentatus
3046 3118 3128 3166 est
3172 3107 3467 3180 signiﬁcat.
3497 3105 3683 3172 Quare

347 3217 762 3274 dicendummd
775 3215 1027 3278 universa
1055 3211 1240 3274 Biblia
1267 3219 1658 3268 commentatus
1685 3219 1785 3267 est.
1815 3209 1930 3264 lmo
1958 3208 2258 3280 plerosque
2287 3221 2482 3270 clunes
2506 3206 2755 3265 auctoris
2778 3220 2943 3276 quem
2966 3203 3186 3259 edimus
3207 3199 3588 3260 characteres,
3615 3198 3675 3262 in

351 3313 660 3370 Theodoro
681 3309 920 3365 Photius
942 3304 1415 3379 deprehendchut.
1444 3303 1537 3360 Sic
1560 3302 1709 3361 enim
1735 3300 1860 3358 cod.
1889 3316 1972 3356 xx:

2056 3316 2104 3356 ,ιι
2131 3315 2145 3356 :
2169 3299 2394 3371 Φεύγων
2416 3299 2508 3354 τὸν
2533 3297 2761 3372 δννατδν
2783 3296 2936 3368 αὐτῷ
2959 3296 3160 3368 τρόπον
3187 3295 3289 3360 τὰς
3322 3289 3677 3364 ἀλληγορίας.

269 3416 276 3420 ”
350 3412 450 3466 καὶ
491 3408 640 3464 κατὰ
672 3406 773 3484 τὴν
815 3405 1060 3480 ἱστορίαν
1105 3402 1208 3472 τὴν
1271 3401 1577 3477 ἑρμηνείαν
1625 3397 1987 3470 ποιούμενοςο
2028 3397 2351 3466 ταυτολογεῖ
2381 3395 2438 3450 δὲ
2493 3395 2563 3449 τὰ
2600 3394 2961 3462 πλεῖστα,καὶ
2989 3393 3194 3464 ἄχαρίς
3236 3406 3355 3452 πως
3385 3388 3480 3441 καὶ
3506 3386 3683 3458 ἀηδὴς

347 3499 498 3568 εἷναι
519 3504 694 3565 δοκεῖ.
738 3498 879 3556 Tum
908 3497 1036 3555 eod.
1086 3514 1162 3565 ιν,
1199 3498 1356 3552 Ἔστι
1385 3497 1445 3550 δὲ
1479 3495 1581 3568 μὲν
1613 3494 1816 3567 φράσιν
1845 3497 1912 3552 οὐ
1937 3495 2080 3549 πάνυ
2111 3494 2399 3566 λαμπρός’
2437 3495 2560 3558 ταῖς
2587 3493 2646 3547 δὲ
2672 3493 2936 3557 διανοίαις
2979 3491 3075 3548 καὶ
3100 3491 3215 3553 τοῖς
3253 3487 3682 3559 ἐπιχειρήμασιν

347 3597 477 3652 λίαν
509 3595 741 3666 rumve;
779 3594 877 3648 καὶ
901 3595 1024 3656 ταῖς
1045 3593 1346 3664 γραφικαίς
1379 3592 1579 3662 ἄριστα
1610 3589 1857 3644 πλουτῶν
1888 3606 1965 3660 μοι

2059 3588 2238 3661 πρίαις.
2284 3589 2540 3657 (Photius
2573 3588 2766 3644 codice
2811 3589 2940 3644 item
2971 3591 3130 3643 sexto
3180 3581 3510 3639 densitatem
3549 3593 3680 3634 sen-

349 3695 661 3755 tentiarum
692 3690 969 3747 Theodori
990 3688 1220 3755 innuit.)
1249 3685 1496 3756 Denique
1525 3684 1651 3739 cod.
1687 3697 1909 3744 cum!
1947 3704 1957 3737 :

2054 3681 2255 3753 ισαφὴς
2286 3680 2345 3747 δέ
2380 3683 2519 3746 ἐστι,
2543 3679 2636 3735 καί
2661 3697 2746 3735 τοι
2773 3679 2923 3747 λέξει
2956 3678 3016 3732 οὐ
3043 3673 3328 3751 ξενιζούσῃ
3359 3670 3675 3744 χρώμενος’

349 3792 495 3850 ἀλλὰ
524 3797 607 3869 τῷ
629 3787 996 3863 σχοινπενὲσι
1029 3782 1266 3859 χρῆσθαι
1293 3785 1360 3836 ὲκ
1380 3781 1478 3836 τοῦ
1509 3781 1602 3834 ἐπὶ
1629 3779 1884 3834 πλεῖστον
1919 3778 2192 3851 περιόδοις
2221 3778 2319 3832 καὶ
2366 3776 2745 3851 παρεμϐολαῖς
2795 3772 3242 3845 ἀλλεπαλλήλοις,
3271 3769 3336 3823 δι’
3369 3761 3445 3823 ὧν
3474 3768 3684 3869 reuinci;

349 3860 631 3965 μήκιστον
718 3881 844 3945 νοῦς
868 3881 1217 3944 ἀποτείνεται
1244 3878 1355 3933 τῶν
1393 3877 1796 3948 προκειμένων,
1827 3876 1949 3939 ταῖς
1996 3891 2060 3928 τε
2098 3873 2210 3934 τῶν
2260 3872 2542 3943 ὀνομάτων
2573 3871 2834 3942 πλαγίαις
2858 3869 2954 3930 καὶ
2995 3869 3118 3932 ταῖς
3153 3865 3470 3939 μετοχικαῖς
3499 3860 3681 3928 λέξεσι

345 3961 704 4045 λιιλεονᾶζειν,
733 3976 804 4030 τὰ
822 3975 968 4032 αὑτά
996 3989 1055 4027 τε
1085 3971 1349 4036 πολλάκις
1367 3971 1462 4026 καὶ
1486 3969 1610 4032 οὐδὲ
1639 3969 1739 4023 σὺν
1767 3968 1958 4039 κόσμῳ
1985 3966 2410 4031 ὲπανακυκλεῖν,
2433 3966 2527 4020 καὶ
2556 3965 2656 4035 τὰς
2677 3964 3048 4036 ἐπαναλήψεις
3063 3963 3226 4018 πλέον
3250 3961 3358 4016 τῶν
3373 3961 3682 4033 διηγήσεων

347 4081 520 4154 (ᾇπερ
539 4071 820 4149 ᾁμξθοδον
834 4065 1145 4136 παντελῶς)
1176 4068 1296 4131 ταῖς
1351 4064 1713 4138 περιστάσεσι
1755 4052 2167 4135 μεμεστῶοθαι,
2222 4061 2322 4154 και
2364 4063 2481 4124 τοῖς
2513 4059 2800 4125 τοιούτοις,
2834 4059 2937 4114 οὐκ
2968 4059 3151 4128 ὀλίγον
3176 4057 3341 4128 ζόφον
3369 4056 3478 4111 τῶν
3511 4054 3679 4110 αὑτοῦ

347 4151 712 4252 γμρμἀτων
740 4163 1164 4228 κατασκεδὰςει.
1207 4159 1382 4215 Porro
1410 4158 1477 4214 ad
1530 4158 1714 4252 fugam
1752 4155 1968 4226 allegori

2055 4168 2145 4210 um
2177 4153 2328 4224 quod
2384 4155 2603 4218 attinet,
2644 4153 2733 4208 cui
2768 4151 3192 4225 Mopsuestenus
3242 4151 3449 4223 ubique
3472 4151 3676 4215 studet,

504 4243 730 4320 scilicet
785 4259 892 4316 sibi
943 4265 1030 4314 est
1089 4257 1522 4316 consentaneus,
1570 4247 1663 4319 qui
1708 4262 1852 4319 opus
1893 4253 2094 4302 contra
2131 4245 2426 4318 Origenem
2468 4255 2635 4319 atque
2659 4247 2990 4318 allegoricos
3029 4247 3256 4318 scripsit
3290 4247 3388 4318 (ε).
3424 4243 3682 4301 Profecto

344 4358 655 4429 Origenem
680 4353 804 4410 sine
833 4351 1006 4408 limite
1035 4346 1348 4419 allegoricis
1376 4342 1936 4415 interpretationibus
1975 4341 2304 4408 indulsi-sse,
2339 4357 2520 4413 eoque
2568 4341 2826 4401 instituto
2871 4357 3091 4400 sacram
3126 4343 3436 4400 doctrinam
3471 4349 3528 4396 et
3565 4341 3682 4396 his-

353 4447 561 4507 torium
589 4459 820 4516 pessum
855 4456 1001 4513 saepe
1027 4440 1274 4510 dedisse,
1306 4451 1472 4512 atque
1501 4439 1797 4496 innumera
1826 4453 2081 4495 errorum
2113 4445 2372 4509 portenta
2415 4435 2717 4506 invexisse,
2746 4453 2914 4495 nemo
2948 4448 3036 4495 est
3078 4440 3171 4513 qui
3204 4445 3384 4510 neget.
3427 4437 3676 4493 Morbum

344 4538 504 4599 hunc
555 4535 996 4613 ingeniosissimi
1045 4533 1302 4606 Origenis
1355 4532 1494 4588 satis
1549 4537 1924 4602 praesenserat
1961 4537 2121 4600 pater
2162 4529 2322 4599 ejus,
2365 4527 2578 4584 Christi
2615 4529 2858 4602 inclytus
2895 4541 3107 4603 martyr
3138 4528 3435 4596 Leonidas,
3457 4527 3581 4599 qui,
3618 4536 3679 4589 ut

347 4633 526 4688 tradit
570 4627 851 4685 Eusebius
894 4626 1013 4698 (ἀ),
1057 4625 1506 4687 admonel‘ecerat
1542 4622 1718 4680 lilium
1775 4637 1845 4678 ne
1897 4621 2045 4677 ultra
2108 4619 2335 4677 obvium
2389 4635 2616 4676 sensum
2666 4622 2725 4676 in
2782 4620 2988 4680 divinis
3023 4619 3328 4692 Scripturis
3376 4619 3677 4692 quidquam

345 4724 693 4795 requireret,
738 4719 816 4793 μὴ
863 4720 964 4791 τῆς
997 4719 1314 4792 προφανοῦς
1344 4717 1586 4781 διανοίας
1626 4716 1940 4788 περαιτέρω

2076 4715 2262 4786 ζητεῖν
2300 4717 2607 4788 παραινῶν.
2668 4717 2734 4772 Et
2771 4718 3000 4789 quidem
3044 4734 3146 4791 ego
3187 4713 3384 4775 contra
3425 4717 3680 4788 Origenis

343 4814 690 4872 audaciores
709 4812 925 4882 aliquot
953 4811 1274 4881 allegorias,
1308 4809 1460 4865 locos
1493 4807 1797 4869 nonnullos
1830 4807 2062 4863 Patrum
2115 4807 2432 4880 incognitos
2483 4809 2862 4880 producturus
2893 4811 2948 4867 in
2989 4811 3168 4867 lucem
3198 4810 3497 4883 aliquando
3531 4826 3677 4872 sum.

342 4903 722 4968 amriensis
751 4900 1026 4966 Eusebius
1052 4900 1306 4971 Origenis
1331 4897 1718 4970 perstudiosus
1752 4897 2139 4970 apologeticon
2173 4900 2402 4972 scripsit
2434 4915 2538 4972 pro
2563 4901 3634 4977 allegoricishujusinterpretationibus
3662 4920 3676 4969 ;

341 5001 517 5071 cujus
545 4998 626 5054 rei
652 4996 924 5053 certiores
961 5011 1063 5050 nos
1113 4994 1247 5049 facit.
1281 4993 1590 5050 Ebediesus
1619 4994 1676 5049 in
1716 4995 1976 5066 catalogo
2013 4993 2113 5067 (ε),
2165 4995 2260 5066 qui
2304 4995 2459 5050 addit
2511 4995 2735 5054 Eusebii
2769 4997 2824 5053 id
2877 5013 3020 5071 opus
3070 4999 3374 5058 refutatum
3435 5000 3608 5056 fuisse
3649 5017 3678 5063 a

343 5092 674 5150 Theodoro.
705 5087 891 5156 Quare
915 5088 1029 5159 jam
1057 5103 1224 5144 netno
1253 5088 1576 5155 mirabitur,
1594 5088 1735 5144 nihil
1761 5088 1998 5145 omnino
2027 5088 2329 5158 allegorice
2358 5104 2528 5146 sensu
2565 5090 2706 5160 apud
2741 5101 2994 5147 nostrum
3028 5102 3313 5150 auctorem
3340 5092 3477 5149 dici.
3500 5091 3676 5147 Caue-

343 5188 514 5260 roqui
559 5183 710 5256 quod
734 5185 934 5239 attinet
981 5182 1050 5238 ad
1092 5183 1392 5253 Augustini
1442 5185 1510 5254 (Γ)
1559 5200 1666 5242 seu
1707 5185 1902 5256 potius
1925 5183 2086 5241 Pauli
2128 5184 2360 5252 dictum,
2412 5187 2559 5258 quod
2610 5202 2777 5244 omne
2801 5186 2975 5245 Vetus
3024 5188 3443 5246 Testamentum
3505 5188 3678 5261 ﬁgura

343 5283 419 5338 sit
453 5279 623 5344 Novi,
657 5276 920 5350 quodque
947 5277 1136 5332 omnia
1164 5275 1234 5331 ad
1282 5276 1570 5336 Christum
1597 5287 1792 5351 postea
1816 5285 2118 5336 venturum
2155 5280 2330 5341 relata
2371 5280 2598 5349 fuerint,
2633 5281 2910 5338 Theodori
2933 5299 3157 5356 quoque
3185 5282 3363 5339 nostri
3410 5289 3676 5341 constans

343 5370 632 5428 sententia
657 5377 743 5424 est
769 5375 891 5423 tum
928 5369 983 5422 in
1020 5367 1267 5440 prologis
1300 5376 1420 5424 tum
1457 5369 1624 5424 etiam
1655 5370 1809 5434 alibi.
1847 5369 2106 5427 Profecto
2142 5372 2503 5443 allegoricum
2549 5380 2605 5431 et
2633 5374 2998 5446 anagogirum
3033 5381 3088 5430 et
3118 5374 3354 5445 quodvis
3381 5374 3678 5447 mysticum

342 5461 759 5544 interpretandi
806 5477 983 5531 genus
1036 5475 1202 5516 nemo
1240 5461 1371 5534 pius
1401 5475 1499 5531 per
1533 5476 1594 5517 se
1626 5469 1969 5529 contemnet,
2005 5462 2157 5534 quod
2210 5463 2350 5534 ipsis
2397 5465 2664 5535 apostolis
2724 5465 3101 5536 Patribusque
3155 5464 3482 5537 apostolicis
3531 5465 3677 5520 haud

343 5558 683 5614 inusitatum
717 5553 995 5613 videmus.
1029 5552 1384 5626 Caateroquin
1416 5561 1697 5624 quatenus
1730 5554 2144 5627 procedendum
2177 5555 2269 5627 sit,
2304 5555 2359 5611 id
2407 5555 2630 5613 demum
2668 5558 2970 5628 prudentes
2999 5557 3326 5625 decernent,
3363 5557 3458 5630 qui
3511 5569 3686 5625 neque

414 5711 502 5778 (ai
542 5710 671 5764 Act.
712 5709 769 5774 ι.
799 5727 852 5782 ι).
874 5712 1000 5766 211.

414 5781 495 5848 (ὸ)
519 5779 689 5834 Mém.
715 5788 848 5839 εδει.
886 5793 1020 5837 tom.
1064 5781 1156 5836 XII
1193 5798 1248 5848 p.
1283 5783 1413 5839 151.

2149 5713 2228 5848 ἑά)
2260 5711 2400 5766 Ilist.
2431 5713 2563 5768 eccl.
2606 5711 2694 5780 Vl,
2724 5713 2776 5766 ‘2.

1155 5798 1248 5848 ip.
1283 5783 1413 5839 ιδι.
2171 5785 2218 5848 ε)
2240 5780 2375 5848 Cap.
2419 5783 2503 5837 11.

410 5781 495 5922 ξι)
519 5779 848 5868 Meminit.
886 5793 1020 5837 tom.
1064 5781 1156 5836 XII
1192 5798 1248 5855 p.
1283 5783 1413 5839 151.
1919 5853 1929 5864 ⁸

437 5857 492 5918 c)
527 5851 838 5910 labedtesus
869 5853 1036 5910 catal.
1067 5869 1190 5922 cap.
1237 5857 1322 5922 19,
1363 5854 1611 5912 Facund.
1646 5869 1730 5922 ut,
1764 5852 1833 5920 6;
1871 5852 1963 5908 Lb

1064 5781 1156 5836 XII
1192 5798 1248 5855 p.
1283 5783 1413 5839 ιδι.
2149 5779 2218 5850 (ε)
2240 5780 2375 5851 Cap.
2419 5783 2503 5837 11.

1024 5897 1036 5910 .
1067 5869 1190 5922 cap.
1237 5857 1322 5922 19,
1363 5854 1611 5912 Facund.
1646 5869 1730 5922 ut,
1764 5852 1833 5920 6;
1871 5852 1963 5908 ω-
2146 5855 2210 5922 (f)
2249 5853 2323 5914 Dc
2344 5853 2472 5920 Gen.
2501 5855 2568 5908 (ul
2602 5855 2642 5912 li

410 5852 492 5922 (c)
527 5852 838 5910 Ebediesus
869 5853 1036 5910 catal.
1067 5852 1208 5924 cap.’
1237 5857 1322 5922 19,
1363 5854 1611 5912 Facund.
1646 5869 1730 5922 ut,
1764 5852 1833 5920 6;
1871 5852 1963 5908 ω-
2146 5855 2210 5928 (f)
2249 5853 2323 5914 De
2344 5853 2472 5920 Gen.
2501 5855 2568 5908 (ul
2602 5855 2710 5917 litt.
2747 5855 2787 5920 l,
2831 5855 2882 5916 1.

338 5927 522 5982 berat.
547 5937 673 5994 cap.
699 5922 793 5978 24.
2340 5935 2354 5948 ’·
2543 5941 2546 5945 ’
