4104 6482
529 377 640 433 .m
1783 368 1944 426 suo.
1989 368 2134 424 usu
2175 364 2567 426 pri/armo.
3701 391 3808 448 ne

544 501 656 547 tota
680 485 1018 547 credulitatis
1051 484 1201 540 frena
1237 483 1521 548 laxabunt,
1568 497 1744 554 neque
1786 483 2128 538 committent
2166 491 2224 536 ιιι
2265 499 2373 538 non
2407 492 2515 538 tam
2563 485 2913 557 interpretari
2969 491 3254 550 videantur
3292 510 3455 566 quam
3497 500 3604 556 vim
3653 504 3805 558 Scri-

534 580 953 656 .pturis-inferre
985 595 998 630 :
1025 577 1180 647 quasi
1207 589 1316 629 non
1349 575 1421 630 sit
1456 573 1729 642 piaculum
1760 588 1974 628 sacram
2001 574 2308 629 doctrinam
2343 574 2662 645 depravare,
2699 587 2751 632 et
2774 579 2840 634 ad
2873 583 3206 640 voluntatem
3243 603 3398 642 suam
3434 594 3654 648 oracula
3691 604 3808 652 Ira-

542 679 673 732 here
705 673 1085 742 repugnantia.
1113 667 1373 724 Nonnulli
1403 665 1623 722 interim
1653 673 1866 720 tantum
1903 665 2007 721 sibi
2039 681 2344 736 sumpsere,
2389 676 2445 721 ut
2482 669 2748 739 quidquid
2776 671 2880 741 ipsi
2914 675 3434 750 vellent,Scriptura
3463 688 3709 744 sentiret.
3736 690 3808 745 Et

541 779 989 838 tamen-magnus
1021 763 1384 833 Ilieronymus
1411 759 1491 831 (a)
1514 761 1960 816 commemoratis
1987 761 2354 814 vetustiorum
2385 762 2593 832 aliquot
2621 764 2674 816 in
2697 761 3016 821 Zachariam
3048 773 3355 840 prophetam
3391 785 3806 839 commentariis

539 864 811 936 mysticis,
847 861 1046 917 statim
1095 857 1282 914 subdit
1334 871 1394 911 se
1447 855 1693 909 historiae
1737 853 2054 909 Judaeorum
2113 855 2479 925 tropologiam
2531 858 2822 914 miscuisse
2865 859 3330 935 Christianorum,
3391 879 3450 926 ut
3506 875 3809 933 aediﬁcaret

539 972 706 1027 supra
743 965 952 1026 petram
993 960 1046 1009 et
1072 968 1179 1007 non
1217 966 1383 1021 super
1406 965 1652 1016 arenam,
1686 964 1750 1004 ac
1788 950 1988 1006 stabile
2012 949 2218 1020 iaceret
2237 949 2659 1009 fundamentum
2687 955 2835 1025 quod
2852 955 3058 1017 Paulus
3084 963 3424 1022 architectus
3461 973 3716 1039 posuisse
3745 990 3808 1030 se

533 1049 755 1104 scribit.
1177 1071 1180 1076 -
1209 1102 1236 1110 _

609 1141 699 1196 ιγ.
734 1140 1028 1207 Reliquum
1055 1143 1139 1192 est
1174 1145 1231 1190 ut
1262 1134 1607 1191 suborientes
1637 1133 1904 1204 quasdam
1939 1142 2132 1189 contra
2177 1136 2516 1192 authentiam
2543 1141 2744 1210 operis,
2770 1159 2865 1201 seu
2910 1144 3092 1216 potius
3118 1145 3184 1202 de
3206 1155 3428 1204 auctore
3461 1152 3600 1222 ejus,
3637 1154 3808 1211 duhi-

540 1236 778 1292 taliones
809 1234 1076 1290 relellam.
1109 1229 1167 1284 ln
1192 1232 1399 1301 quintae
1422 1229 1618 1301 synodi
1657 1229 1876 1284 actione
1905 1238 2126 1300 quarta,
2155 1233 2455 1287 multarum
2492 1235 2757 1294 adversus
2804 1239 3150 1296 Theodorum
3181 1244 3630 1304 criminatiouum
3658 1253 3810 1308 vice-

531 1335 679 1390 sima
711 1333 860 1386 hunc
888 1330 1050 1384 habet
1075 1327 1292 1382 titulum
1324 1345 1338 1381 :
1375 1325 1638 1380 Theodori
1661 1323 2021 1393 Mopsuesteni
2057 1340 2122 1379 ea:
2154 1329 2416 1397 principio
2443 1335 2810 1388 commentarii
2830 1334 2930 1406 (b),
2965 1337 3104 1406 quod
3129 1337 3182 1390 in
3212 1337 3490 1394 duodecim
3523 1346 3809 1412 prophetas

533 1429 774 1499 scripsit,
793 1424 1056 1495 abnegans
1075 1421 1377 1491 prophetias
1407 1420 1471 1474 de
1507 1418 1720 1476 Christo
1745 1437 1858 1474 esse
1878 1420 2164 1488 prtrdictas
2182 1437 2202 1487 ;
2235 1422 2327 1477 sed
2359 1440 2463 1478 non
2515 1427 2743 1482 volentes
2799 1430 3067 1500 (loquitur
3093 1431 3502 1506 Mopsuetcnus)
3541 1439 3644 1492 ista
3674 1458 3809 1495 con-

539 1523 796 1583 siderare,
825 1534 968 1574 voces
996 1532 1171 1570 omnes
1196 1516 1404 1569 trahere
1439 1514 1507 1568 ad
1536 1513 1822 1568 Dominum
1845 1525 2050 1570 tentant
2077 1515 2370 1585 Christum,
2397 1527 2525 1573 utet
2549 1538 2667 1591 qua:
2687 1523 2752 1577 de
2777 1527 2970 1594 populo
2993 1527 3140 1594 facta
3163 1539 3308 1594 sunt,
3347 1531 3513 1584 simili
3539 1537 3691 1588 modo
3721 1539 3809 1590 in-

539 1617 852 1687 telligerent,
905 1621 953 1666 et
998 1611 1163 1663 risum
1213 1614 1528 1676 praestarent
1578 1604 1823 1670 Jadwis,
1882 1607 2095 1677 quando
2145 1623 2211 1663 ea:
2248 1611 2570 1679 scriptorum
2615 1617 2884 1684 sequentia
2917 1618 3056 1672 nihil
3105 1619 3174 1672 ad
3206 1620 3488 1676 Dominum
3532 1623 3812 1686 Christum

535 1708 850 1777 pertinentes
870 1700 1147 1756 ostendunt
1169 1714 1336 1753 voces.
1375 1696 1559 1767 Pergit
1588 1696 1786 1752 deinde
1814 1696 2189 1768 Mopsuesteni
2216 1710 2508 1755 accusator
2542 1717 2664 1774 cap.
2689 1707 2756 1760 21
2784 1715 2836 1762 ct
2867 1708 2937 1761 22
2963 1708 3208 1779 proferre
3231 1713 3441 1782 aliquot
3469 1718 3808 1783 psalmorum

539 1802 712 1861 locos,
729 1812 776 1852 ~e
814 1793 1014 1864 quibus
1041 1788 1358 1845 vaticinium
1389 1788 1675 1842 exclusura
1709 1790 2068 1860 conqueritur
2097 1805 2129 1844 a
2167 1789 2582 1861 Mopsuesteno.
2605 1793 2861 1852 Jamvero
2903 1798 3287 1855 Commentarii
3319 1805 3375 1856 in
3419 1821 3494 1859 xu
3521 1811 3809 1879 prophetas

536 1899 656 1955 sine
679 1893 846 1949 dubio
875 1890 1090 1944 initium
1119 1885 1494 1978 interpretatio
1513 1883 1679 1978 Oscae
1701 1893 1806 1950 est,
1845 1894 2090 1978 non-tam
2127 1888 2256 1978 quia
2309 1888 2531 1978 id'ordo
2573 1890 2690 1960 ipse
2723 1891 2777 1946 in
2823 1894 3105 1952 codicibus
3145 1898 3324 1964 docet,
3371 1919 3534 1973 quam
3565 1909 3690 1978 quia
3724 1911 3808 1964 sic

521 1992 612 2046 ait
635 1987 825 2059 primis
849 1982 1032 2037 verbis
1064 1988 1276 2033 auctor.
1312 1974 1478 2045 Atqui
1511 1974 1568 2028 in
1589 1974 1717 2038 hoc,
1765 1974 1910 2044 quod
1936 1973 2074 2038 dixi,
2124 1975 2287 2030 initio
2336 1976 2548 2030 nullum
2568 1993 2884 2034 «consonum
2919 1983 3193 2053 synodico
3217 1985 3296 2040 illi
3339 1973 3652 2050 testimonio
3680 2014 3808 2053 ver-

524 2088 662 2142 bum
685 2092 786 2139 est.
814 2077 955 2144 Quid
990 2071 1156 2145 ergo?
1179 2072 1456 2130 idcircone
1508 2069 1576 2124 de
1605 2078 1831 2125 auctore
1860 2069 2118 2127 dubitare
2149 2072 2314 2127 licet?
2349 2073 2574 2129 minime
2613 2077 2878 2145 gentium.
2909 2079 3047 2133 Cum
3102 2083 3249 2136 cnim
3297 2087 3522 2144 aliunde
3547 2095 3806 2162 explora-

534 2181 810 2238 tissimum
855 2176 949 2239 sit,
996 2166 1376 2226 commentarii
1405 2165 1570 2235 hujus
1624 2165 2072 2234 Mopsuestenum
2133 2183 2258 2223 esse
2313 2177 2618 2234 auctorem,
2659 2173 2912 2242 sequitur
2961 2185 3022 2230 ut
3077 2178 3131 2231 in
3166 2181 3431 2250 synodico
3468 2187 3655 2244 codice
3704 2207 3808 2261 pro

533 2268 930 2331 Commentario
953 2265 1009 2318 in
1043 2275 1119 2315 xu
1145 2258 1450 2328 prophetas,
1478 2256 1902 2312 Commentarios
1928 2259 1982 2312 in
2007 2258 2257 2314 Psalmos
2289 2263 2639 2331 reponendus
2669 2266 2774 2332 sit;
2820 2267 2973 2338 isque
3004 2285 3160 2324 error
3201 2274 3285 2328 vel
3328 2274 3648 2351 Callonymo
3672 2256 3812 2340 con-

520 2364 644 2422 -ci|ii
663 2357 893 2415 notario
923 2368 1019 2412 seu
1040 2348 1334 2421 eclogario,
1364 2349 1457 2418 qui
1484 2348 1557 2403 ibi
1587 2348 1802 2413 recitat,
1834 2349 2200 2406 ascribenrlus
2221 2361 2344 2419 est;
2383 2354 2468 2408 vel
2497 2362 2648 2408 certe
2670 2367 2855 2426 postea
2891 2359 2945 2412 in
2975 2361 3270 2430 synodicos
3299 2348 3540 2433 codices,
3566 2387 3806 2440 quorum

533 2456 722 2512 nullus
749 2450 887 2507 satis
919 2445 1180 2514 antiquus
1197 2456 1487 2510 superesse
1517 2440 1759 2508 videtur,
1795 2441 2050 2513 irrepsit.
2083 2442 2298 2515 Synodi
2321 2447 2542 2516 quinta:
2573 2448 2798 2506 Grazcus
2829 2452 2913 2506 vel
2949 2453 3143 2509 saltem
3196 2455 3423 2514 Latinus
3453 2463 3624 2518 codex
3668 2468 3808 2523 mihi

534 2548 721 2604 nullus
753 2543 820 2598 ad
844 2553 1065 2595 manum
1095 2544 1200 2600 est,
1237 2535 1289 2588 in
1315 2550 1425 2604 quo
1459 2534 1751 2590 lectionem
1782 2535 2040 2605 vestigem
2075 2553 2089 2591 :
2129 2541 2432 2607 praesertim
2465 2541 2594 2610 quia
2627 2526 2822 2613 synodi
2854 2543 3023 2614 hujus
3058 2554 3180 2601 acta
3207 2550 3467 2621 pleraque
3496 2557 3805 2624 perierum_

535 2639 678 2708 Ergo
700 2633 940 2698 interim,
971 2631 1145 2686 donec
1175 2630 1474 2698 synodicus
1500 2629 1676 2686 codex
1715 2629 1916 2702 aliquis
1953 2632 2235 2688 meliorem
2289 2633 2527 2691 fortasse
2561 2637 2853 2692 lectionem
2902 2637 3113 2705 oderat,
3139 2657 3238 2713 ego
3269 2647 3486 2716 quidem
3523 2652 3586 2705 ad
3629 2669 3812 2711 remo-

529 2733 764 2791 vendam
797 2731 938 2785 hanc
965 2724 1460 2783 contradictionem
1510 2728 1876 2796 sequentibus
1906 2737 2030 2783 utar
2073 2734 2433 2800 argumentis.
2477 2731 2693 2788 Titulus
2743 2735 2833 2790 ille
2873 2751 2937 2790 ex
2965 2737 3222 2805 principio
3257 2747 3626 2800 commentarii
3645 2748 3698 2801 ξη
3730 2765 3808 2805 xu

531 2829 816 2900 prophetas
849 2837 1090 2895 prorsus
1119 2819 1336 2874 videtur
1381 2831 1507 2872 esse
1537 2817 1904 2888 obreptitius;
1962 2818 2230 2889 quidquid
2277 2823 2424 2876 enim
2478 2823 2551 2878 ibi
2589 2824 2844 2892 praecedit
2888 2836 2983 2880 aut
3031 2828 3303 2895 sequitur,
3343 2831 3394 2885 id
3441 2849 3471 2888 e
3525 2833 3806 2897 Theodori

523 2916 934 2976 Commentario
962 2915 1015 2967 in
1047 2911 1302 2966 .Psalmos
1338 2906 1645 2961 desumitur
1692 2925 1705 2961 :
1747 2907 2003 2975 praecedit
2045 2909 2189 2963 enim
2237 2910 2472 2976 eiusdem
2505 2926 2570 2964 ea:
2602 2913 3033 2981 interpretatione
3081 2924 3250 2976 octavi
3287 2927 3513 2993 psalmi;
3556 2933 3814 3002 sequitur

535 3012 772 3083 ejusdem
831 3010 884 3063 in
913 3006 1178 3076 psalmum
1198 3002 1501 3101 uicesimum
1528 3004 1778 3101 primum.
1804 3002 1864 3057 Et
1890 3013 2079 3072 postea
2108 3005 2345 3076 ejusdem
2377 3007 2441 3060 de
2464 3010 2896 3077 interpretatione
2918 3027 3086 3069 mmu
3117 3018 3329 3085 psalmi.
3357 3021 3461 3078 Sed
3480 3027 3622 3096 quod
3641 3039 3813 3101 caput

529 3119 645 3172 est,
683 3107 788 3162 loci
824 3103 947 3173 ipsi,
979 3101 1073 3171 qui
1125 3099 1238 3191 sub?
1257 3097 1397 3153 falso
1433 3099 1591 3153 titulo
1635 3097 2020 3154 Commentarii
2061 3101 2118 3155 in
2167 3117 2243 3156 xu
2286 3107 2563 3171 prophetas
2613 3104 2879 3167 citantur,
2925 3108 3164 3164 universi
3195 3126 3226 3167 e
3260 3111 3493 3173 Psalmis
3523 3097 3811 3191 petuntur,

542 3211 705 3271 atque
729 3193 1040 3290 intermedii
1069 3196 1201 3246 sunt
1229 3190 1373 3250 inter
1409 3204 1665 3290 octavum
1695 3204 1744 3250 et
1779 3195 2100 3290 vicesimum
2122 3201 2359 3265 primum
2379 3196 2672 3265 psalmum,
2705 3199 2798 3268 qui
2834 3199 3090 3255 laudatur
3117 3203 3173 3258 in
3219 3190 3586 3281 subsequente
3615 3216 3811 3290 titulo;

543 3306 737 3362 nempe
766 3286 1120 3359 proferuntur
1173 3298 1204 3339 e
1240 3287 1468 3353 psalmis
1493 3301 1570 3340 xu
1604 3294 1659 3340 et
1685 3301 1774 3352 xv,
1805 3294 1860 3342 et
1899 3302 1962 3341 ex
2000 3286 2120 3354 ipso
2144 3303 2272 3353 xxv;
2295 3301 2401 3358 qua
2431 3302 2498 3342 ex
2535 3303 2594 3342 re
2643 3298 2870 3360 apparet
2917 3293 3239 3363 synodicum
3282 3301 3612 3373 eclogarium
3669 3286 3811 3366 nihil

542 3389 688 3446 aliud
719 3387 789 3441 ibi
821 3382 1060 3438 recitare
1094 3393 1257 3447 quam
1287 3376 1533 3430 locorum
1573 3375 1771 3432 seriem
1801 3391 1865 3429 ex
1910 3374 2305 3440 Commentario
2355 3376 2727 3446 Mopsuestcni
2780 3381 2837 3434 in
2874 3379 3125 3439 P-sa-lmos
3154 3388 3446 3447 ordinatim
3509 3411 3812 3471 excerpta-

544 3495 686 3534 rum.
713 3476 777 3530 Et
808 3471 1027 3544 quidem
1064 3469 1119 3523 in
1151 3466 1394 3562 Psalmis
1421 3463 1654 3519 maxime
1706 3463 2134 3562 interpretandis
2177 3481 2368 3521 ansam
2403 3469 2892 3562 criminationibus
2926 3473 3200 3530 obtulerat
3248 3463 3696 3554 Mopsuestenus,
3712 3494 3808 3562 qui

536 3570 764 3647 juvenili
798 3569 852 3622 in
881 3566 950 3620 iis
980 3562 1207 3617 audacia
1234 3557 1601 3615 exsultaverat
1629 3574 1644 3612 ;
1675 3570 1799 3609 nam
1827 3555 1874 3610 si
1903 3563 2053 3611 certe
2077 3571 2204 3611 vera
2232 3566 2424 3612 narrat
2462 3557 2725 3614 Leontius
2753 3561 2850 3616 lib.
2886 3578 2969 3628 ιιι,
3002 3565 3093 3626 15,
3118 3579 3306 3623 contra
3344 3572 3524 3640 ΝΜ..
3557 3555 3806 3647 psalm-os

539 3679 732 3721 omnes
761 3659 829 3715 ad
856 3652 1246 3713 Zorobabclem
1273 3657 1329 3704 et
1355 3647 1605 3702 Ezeciam
1647 3647 1931 3712 retulerat,
1967 3647 2396 3742 tribus-tantum
2432 3649 2655 3706 Christo
2687 3650 2918 3707 Domino
2960 3661 3281 3715 reservatis.
3320 3663 3458 3719 Tum
3505 3667 3813 3742 Hesychius

543 3755 837 3812 historicus
875 3746 1020 3821 apud
1041 3742 1239 3799 concil.
1275 3739 1344 3803 ν,
1386 3745 1494 3793 aet.
1524 3754 1585 3800 v,
1611 3737 1680 3792 de
1714 3737 2103 3806 Mopsuesteno
2134 3736 2214 3792 sic
2248 3736 2489 3806 loquitur
2517 3758 2530 3794 :
2581 3737 2767 3793 Prima
2788 3740 3043 3796 elementa
3071 3763 3184 3801 sua:
3210 3748 3468 3809 doctrinm
3487 3773 3553 3810 ea:
3573 3736 3810 3816 Iudaico

541 3852 844 3920 oaniloquio
877 3843 1154 3912 incipiens,
1197 3837 1428 3892 codicem
1473 3834 1526 3889 in
1561 3833 1902 3904 prophetiam
1936 3833 2276 3903 psalmorum
2309 3835 2642 3902 conscripsit,
2663 3852 2839 3891 omnes
2881 3837 2945 3892 de
2987 3837 3216 3894 Domino
3252 3846 3619 3909 pra'dictiones
3649 3850 3814 3907 abne-

542 3954 773 4018 gantem.
806 3937 992 4006 Neque
1026 3941 1207 3986 tamen
1232 3934 1462 3982 externo
1502 3923 1817 3994 testimonio
1845 3937 1986 3992 opus
2009 3928 2113 3989 est,
2145 3937 2270 3975 cum
2304 3922 2482 3992 ipsum
2507 3932 2785 3979 auctorem
2817 3926 3116 3982 habeamus
3144 3933 3346 4001 scripta
3375 3949 3473 3992 sua
3497 3937 3549 3991 in
3569 3940 3809 4006 psalmos

542 4011 817 4106 praecipue
847 4027 928 4082 sic
949 4027 1297 4078 accusantem
1331 4017 1384 4070 in
1417 4015 1647 4086 epistola
1678 4015 1914 4085 quadam
1944 4012 2090 4082 apud
2123 4011 2439 4094 Facundum
2478 4029 2560 4081 ιιι,
2605 4015 2638 4069 6
2672 4032 2688 4070 :
2727 4015 2810 4070 Ea
2831 4033 2948 4086 qua:
2969 4021 3168 4089 scripta
3197 4034 3317 4078 sunt
3354 4025 3408 4081 in
3443 4029 3683 4098 psalmos
3704 4035 3809 4088 mi-

541 4128 708 4191 raris,
733 4141 848 4196 qua:
876 4121 1037 4180 etiam
1066 4117 1237 4186 prima
1261 4121 1574 4166 cmterorum
1598 4109 1833 4164 omnium
1857 4108 2170 4175 scripsimus
2198 4123 2339 4162 :non
2362 4119 2536 4163 autem
2559 4120 2816 4180 quantam
2841 4123 3144 4179 oportuerat
3162 4113 3443 4178 habuimus
3466 4120 3610 4176 circa
3640 4124 3808 4178 istan:

538 4237 652 4278 rem
671 4214 997 4288 diligentiam
1028 4206 1214 4278 :passi
1236 4210 1374 4262 enim
1407 4221 1590 4261 sumus
1617 4219 1937 4275 quwcungue
1976 4203 2304 4273 incipientes,
2331 4215 2386 4258 ut
2418 4206 2606 4272 evenit,
2633 4209 2688 4260 in
2718 4209 2985 4276 imperitia
3007 4209 3271 4264 scribendi
3293 4216 3568 4270 constituti
3588 4233 3608 4272 :
3641 4221 3809 4291 siqui-

541 4325 660 4379 dem
702 4333 752 4375 et
803 4315 1001 4372 multas
1023 4307 1416 4364 immutationes
1441 4303 1505 4363 ab
1531 4302 1623 4358 illo
1669 4311 1900 4370 tempore
1927 4317 2045 4371 quat
2083 4310 2266 4356 nostra
2293 4313 2414 4356 sunt
2451 4315 2810 4374 susceperant,
2857 4321 2990 4375 quas
3015 4322 3116 4360 non
3143 4317 3222 4362 est
3251 4313 3528 4378 pra-sentis
3551 4321 3806 4384 temporis

539 4429 794 4475 enarrare
823 4425 842 4464 :
872 4421 938 4463 ea:
965 4421 1068 4476 qua
1107 4415 1272 4456 causa
1299 4396 1467 4467 magis
1495 4393 1812 4464 negligenter
1841 4409 1872 4446 a
1895 4391 2044 4447 nobis
2077 4395 2372 4462 composita
2389 4403 2512 4449 sunt
2539 4397 2796 4464 plurima,
2840 4405 2892 4450 et
2915 4396 3143 4450 ntaxime
3166 4397 3262 4453 illa
3295 4416 3412 4469 qua:
3456 4406 3630 4472 prima
3655 4420 3803 4465 sum,

539 4511 741 4568 lterum
775 4505 890 4575 ipse
916 4497 1209 4559 Facundos
1227 4509 1280 4562 ιι,
1301 4495 1333 4550 5
1369 4514 1380 4549 :
1421 4490 1726 4548 Theodorus
1762 4495 1907 4546 ultro
1937 4492 2275 4560 semetipsum
2305 4491 2684 4561 reprehendens
2714 4493 2771 4547 in
2795 4493 3121 4562 expositione
3147 4495 3504 4572 Psalmorum,
3528 4505 3805 4574 confessus

537 4612 619 4660 est
647 4599 787 4674 quod
821 4595 1137 4668 negligenter
1171 4605 1275 4648 ase
1293 4587 1584 4653 composita
1613 4585 1811 4654 fuerint
1848 4585 2107 4654 plurima,
2129 4591 2179 4637 et
2205 4585 2436 4639 maxime
2469 4586 2568 4640 illa
2614 4601 2731 4656 quae
2767 4586 2944 4655 prima
2973 4595 3117 4643 sunt.
3163 4586 3307 4643 Sane
3335 4590 3379 4642 si
3404 4590 3471 4646 de
3503 4607 3612 4647 uno
3635 4609 3808 4663 opere

540 4695 631 4749 hic
661 4691 902 4763 loquitur
939 4683 1250 4743 Facundos,
1279 4683 1469 4739 utiuue
1491 4689 1736 4754 apparet,
1763 4679 2110 4746 Theodorum
2147 4693 2216 4734 ex
2249 4695 2348 4736 sua
2372 4679 2718 4737 Psalmorum
2743 4683 3192 4752 interpretatione
3220 4686 3496 4757 praecipue
3521 4691 3800 4757 vitupera-

540 4791 688 4845 visse
737 4784 1065 4858 principium
1121 4779 1302 4849 Operis
1335 4778 1424 4845 (de
1451 4793 1562 4847 quo
1599 4778 1815 4833 scilicet
1863 4774 2136 4846 principio
2166 4777 2308 4846 apud
2366 4785 2574 4832 textum
2622 4777 2942 4845 synodicnm
2987 4793 3168 4834 sermo
3196 4780 3322 4849 est).
3371 4780 3476 4833 Sed
3519 4787 3640 4834 esto
3669 4796 3805 4840 sane

539 4881 878 4952 ambiguum,
907 4883 1094 4930 utrum
1119 4867 1263 4941 apud
1291 4866 1609 4922 Facundum
1641 4865 1967 4920 vocabulum
2016 4866 2190 4935 prima
2213 4867 2488 4936 significet
2521 4868 2819 4935 primordia
2849 4871 3040 4936 operis,
3077 4886 3147 4926 an
3195 4871 3375 4940 potius
3406 4870 3669 4925 scribendi
3698 4869 3804 4924 iui-

541 4979 712 5042 tium;
769 4973 994 5028 minime
1020 4983 1150 5025 vero
1182 4965 1348 5022 dubia
1377 4971 1462 5018 est
1489 4961 1703 5017 Leontii
1729 4962 2028 5018 auctoritas
2056 4972 2244 5018 contra
2275 4962 2431 5019 Nest.
2473 4963 2568 5018 lib.
2600 4979 2682 5027 Ill,
2712 4965 2800 5034 45,
2828 4967 2918 5022 ubi
2965 4968 3170 5036 scripta
3201 4964 3567 5034 Mopsuesteni
3589 4964 3799 5033 vitupe-

541 5086 694 5134 rans,
729 5069 780 5123 in
807 5067 892 5124 his
913 5069 1160 5121 recenset
1183 5062 1282 5128 τὴν
1306 5059 1444 5115 κατὰ
1467 5059 1576 5114 τῶν
1612 5059 1770 5130 ἱερῶν
1817 5058 2048 5132 ψαλμῶν
2071 5077 2162 5130 τυςε

2180 5059 2394 5114 λοποιὸν
2425 5059 2798 5131 προθεωρίανε
2833 5063 2913 5118 sic
2939 5065 3082 5118 enim
3117 5061 3258 5116 edidi
3301 5077 3366 5113 ex
3398 5061 3588 5114 Graeco
3612 5060 3799 5116 codice

546 5162 829 5225 Vaticano,
871 5175 994 5232 quae
1020 5158 1184 5213 verba
1217 5157 1270 5210 in
1307 5153 1564 5209 Turriaui
1591 5153 1902 5216 Latinitate,
1924 5170 2045 5224 quae
2062 5155 2177 5210 sola
2223 5156 2489 5208 hactenus
2516 5155 2662 5210 edita
2691 5157 2887 5221 fuerat,
2922 5159 3002 5213 sic
3035 5158 3258 5220 habent,
3309 5166 3359 5210 et
3386 5156 3793 5226 prtemeditatin-

541 5273 658 5312 nem
685 5261 1037 5310 exctvcantem
1060 5250 1115 5302 in
1133 5263 1314 5305 sacros
1351 5248 1612 5304 Psalmos.
1640 5249 1784 5304 Sane
1804 5248 2114 5304 Turrianus
2145 5249 2493 5318 interpretari
2523 5251 2790 5320 potuisset
2811 5251 3178 5321 prtefationem
3211 5266 3228 5306 :
3264 5251 3389 5320 quis
3422 5252 3567 5304 enim
3598 5251 3790 5314 nescit,

543 5351 866 5416 argumenta
907 5356 1003 5396 seu
1042 5338 1386 5409 praefationes
1426 5337 1738 5394 Graecarum
1780 5339 1863 5394 vel
1915 5339 2225 5394 orationum
2275 5339 2358 5394 vel
2401 5340 2716 5407 hujusmodi
2767 5343 3209 5397 lucubrationum
3250 5339 3512 5410 appellari
3557 5339 3796 5411 προοεωο

544 5433 708 5507 ρίαςῖ
741 5428 910 5484 Valde
944 5429 1109 5499 igitur
1143 5443 1342 5484 censeo
1375 5429 1698 5500 synodicum
1729 5428 2064 5499 eclogarium
2089 5428 2403 5496 respexisse
2430 5430 2495 5482 ad
2527 5429 2901 5500 praelationem
2932 5431 3316 5487 Commentarii
3345 5433 3707 5493 Psalmorum,
3743 5425 3798 5480 in

543 5537 650 5592 qua
679 5519 1002 5577 Theodorus
1028 5519 1280 5576 liberiore
1306 5520 1763 5592 ingenioluserat,
1799 5527 1851 5573 et
1886 5517 2136 5587 quaedam
2161 5529 2350 5574 contra
2380 5523 2641 5590 mysticus
2669 5522 2996 5592 ﬁguratosve
3020 5539 3214 5578 sensus
3249 5523 3511 5577 audacius
3539 5521 3800 5575 clluderat

545 5620 698 5688 (puta
731 5616 823 5672 illa
869 5615 1034 5672 verba
1088 5616 1333 5688 synodici
1395 5614 1740 5684 testimonii),
1773 5629 1894 5685 qua:
1938 5612 2135 5668 deinde
2167 5613 2396 5684 ipsemet
2447 5619 2785 5683 retractavit,
2841 5628 2898 5673 ιιι
2930 5619 3005 5672 ait
3039 5617 3363 5690 Hesychius.
3402 5617 3644 5687 Denique
3687 5631 3790 5671 no-

922 5747 995 5772 κη]

641 5803 693 5872 α)
728 5802 936 5872 Prolog.
973 5802 1042 5856 ad
1080 5819 1268 5858 comm.
1297 5803 1354 5863 in
1391 5801 1557 5857 Zach.
1840 5871 1844 5872 ί
2233 5821 2356 5861 esse
2386 5805 2641 5861 metulum
2689 5801 2895 5858 librarii
2936 5801 3029 5871 qui
3085 5816 3192 5856 non
3235 5799 3562 5855 intellexerit
3595 5799 3784 5856 littera?

641 5817 670 5856 α
728 5803 936 5872 Prolog.
973 5803 1042 5856 ad
1080 5819 1268 5858 comm.
1297 5803 1354 5863 in
1391 5803 1557 5857 Zach.
2233 5821 2356 5861 esse
2386 5805 2641 5861 mendum
2689 5803 2895 5858 librarii
2936 5803 3029 5871 qui
3085 5816 3192 5856 non
3235 5803 3403 5854 intellt

614 5803 693 5946 ibi
729 5873 936 5932 Cuticil.
998 5874 1087 5931 hic
1133 5883 1188 5933 et
1235 5873 1363 5931 alibi
1401 5873 1721 5938 commenti;
1757 5871 1851 5931 scd
1909 5874 2051 5931 malo
2074 5874 2125 5931 id
2241 5876 2622 5946 compendium
2654 5889 2777 5928 cum
2809 5874 3150 5944 superposita
3192 5873 3403 5928 lincola.
