4104 6474
276 361 375 422 H3
1540 360 1702 419 ANG.
1745 360 1890 417 MAN
1933 362 2325 422 PltAiFA'flO.
3496 362 3598 420 Μ

267 495 609 553 magnopere
642 479 959 535 mirandum
1001 487 1111 548 est,
1151 481 1200 538 si
1241 480 1382 536 forte
1423 495 1594 536 unum
1639 496 1740 553 pro
1768 481 1945 537 altero
1977 478 2359 551 Mopsuesteni
2413 492 2556 547 opus
2594 478 2887 535 recitatum
2933 475 3058 544 fuit,
3110 478 3155 535 si
3187 486 3634 537 certe'constat'

266 588 371 632 non
407 575 465 631 id
524 576 719 655 solum,
761 592 890 632 esse
936 578 1321 643 commissum,
1366 591 1558 632 verum
1616 583 1672 632 et
1694 576 1817 648 ejus
1848 576 2044 634 titulos
2080 575 2357 635 interdum
2387 573 2565 631 fuisse
2618 573 2778 629 valde
2814 580 3124 645 perversos.
3193 573 3390 632 Nonne
3448 573 3597 630 enim

270 667 540 724 Leontius
575 669 750 724 libros
785 667 1067 724 Theodori
1100 668 1181 725 De
1197 668 1570 724 incarnatione
1593 675 1649 725 et
1680 667 2107 724 Commentarios
2131 667 2185 721 in
2208 665 2430 733 Iubam,
2472 673 2761 737 propterea
2794 663 2965 735 quod-9
2980 664 3197 722 insanis
3223 664 3522 722 sententiis
3546 671 3604 720 et

263 762 590 818 damniﬁcis
629 760 822 818 referti
859 769 1041 827 erant,
1108 761 1394 835 inscripsit
1438 772 1542 820 seu
1598 758 1884 832 appellavit

1982 761 2077 818 ῑτὰ
2126 756 2667 829 ἐνανθρωπήσεως,
2720 757 2976 813 adversus
3038 757 3487 823 incarnationem,
3546 767 3603 816 et

264 854 418 910 κατὰ
438 853 556 911 τὸν
594 854 739 919 Ἰώϐ,
766 855 1028 911 adversus
1055 854 1254 911 locum
1274 859 1299 913 γ
1323 854 1582 912 Profecto
1615 855 1672 911 id
1707 854 1765 910 in
1794 854 1914 926 ipso
1939 852 2180 909 concilio
2219 851 2417 925 quinto
2451 866 2521 907 ex
2550 850 2685 907 odio
2721 850 2808 906 vel
2833 858 2982 907 certe
3028 852 3375 906 notariorum
3410 866 3605 908 errore

266 947 475 1004 fartum
502 948 833 1019 justissime
859 948 1063 1007 asserit
1104 950 1161 1005 in
1213 949 1673 1007 adnotationibus
1720 949 1801 1004 ad
1837 949 2091 1005 notitiam
2140 945 2416 1003 Theodori
2458 945 2633 1002 nostri
2690 944 2770 1019 (a)
2808 945 3220 1013 Tillemontius,
3261 946 3425 1017 cujus
3478 947 3600 1001 lure

266 1046 430 1099 verba
472 1050 614 1098 sunt
650 1061 666 1098 :
702 1043 852 1099 Dans
886 1043 933 1099 le
970 1042 1266 1115 cinqniéme
1297 1043 1497 1099 concita
1519 1042 1621 1115 (ὁ),
1660 1051 1807 1098 entre
1837 1041 1912 1098 les
1933 1056 2186 1113 passages
2223 1041 2353 1095 cites
2385 1039 2451 1095 de
2480 1037 2753 1095 Theodore
2775 1038 2841 1094 de
2870 1036 3175 1107 Mopsueste
3210 1053 3347 1107 pour
3366 1039 3608 1109 justi/iet-

266 1155 321 1193 sa
349 1135 828 1199 condantnation,‘
849 1155 917 1192 on
940 1153 1005 1193 en
1039 1147 1219 1190 trouve
1254 1152 1326 1189 un
1360 1135 1475 1191 cité
1488 1138 1553 1190 de
1573 1151 1672 1190 σοι
1700 1133 2100 1191 commentaire
2135 1147 2234 1188 sur
2252 1131 2403 1187 saint
2430 1129 2738 1198 Matthieu;
2772 1139 2823 1184 et
2851 1130 2885 1183 ὰ
2920 1129 2975 1183 la
3005 1138 3134 1184 teste
3162 1128 3237 1181 du
3264 1129 3474 1184 suivant
3502 1129 3540 1183 il
3572 1147 3607 1201 υ

267 1246 313 1292 a,
340 1228 607 1299 ejusdem
643 1245 714 1285 ex
758 1230 903 1286 libro
946 1231 1094 1302 quod
1127 1228 1272 1287 Deus
1328 1237 1618 1301 peceatum
1659 1229 1851 1285 docuit
1896 1236 1955 1284 et
1980 1234 2217 1283 mortem
2266 1224 2598 1282 introduxit.
2666 1222 2940 1281 Theodore
2965 1230 3053 1278 n'a
3093 1222 3242 1292 point
3273 1225 3608 1279 assurémcnt

266 1326 447 1379 donné
471 1342 533 1379 ce
559 1325 691 1381 titre
720 1327 754 1380 ὰ
782 1342 962 1382 annm
1000 1328 1065 1382 de
1087 1344 1169 1382 ses
1203 1344 1457 1399 ouvrages
1486 1341 1515 1381 :-
1537 1336 1587 1382 et
1611 1327 1799 1398 it‘faut-
1824 1342 1924 1398 que
1946 1325 2138 1381 cesoit
2179 1340 2283 1380 une
2313 1340 2500 1380 errettr
2527 1322 2687 1395 qu’on
2716 1321 2939 1394 pretend
2963 1321 3095 1376 tirer
3131 1319 3196 1376 de
3227 1320 3510 1392 quelqu’nn
3543 1321 3610 1375 de

266 1434 345 1472 ses
381 1419 575 1483 lieres,
605 1429 658 1474 et
682 1437 814 1476 sans
843 1420 1004 1476 donte
1037 1420 1110 1475 du
1137 1419 1546 1478 Commentaire
1580 1436 1678 1478 sur
1707 1421 1855 1477 saint
1887 1418 2177 1486 Matthieu,
2221 1416 2436 1475 nomine
2470 1417 2924 1488 immédiatement
2965 1426 3326 1488 auparavant,
3377 1418 3427 1473 si
3471 1428 3607 1470 ttOtts

267 1511 437 1565 lisons
470 1527 543 1566 ex
578 1511 778 1568 eodem
808 1512 975 1569 libro.
1012 1511 1249 1571 Prorsus
1277 1514 1351 1569 ita
1385 1514 1645 1587 superius
1674 1528 1778 1571 nos
1807 1513 2074 1579 diximus,
2105 1514 2290 1569 locum
2323 1511 2503 1579 illum,
2543 1512 2641 1584 qui
2683 1511 2891 1569 dicitur
2920 1529 2989 1571 ex
3016 1512 3417 1569 Commentario
3446 1511 3503 1565 in
3529 1524 3607 1565 ιιι

266 1610 593 1681 prophetas,
627 1608 989 1665 referendum
1038 1625 1163 1666 esse
1190 1610 1256 1666 ad
1291 1610 1521 1666 citatum
1560 1610 1640 1667 in'
1665 1610 2109 1683 praecedentibus
2164 1609 2418 1668 Psalterii
2457 1610 2685 1667 librum.
2745 1609 2895 1678 Haec,
2932 1610 3185 1685 inquam,
3228 1608 3603 1685 peremptoria

268 1707 691 1764 demonstratio
714 1716 802 1762 est
831 1690 1102 1766 adversus
1133 1721 1231 1766 eos
1258 1707 1353 1780 qui
1387 1707 1714 1781 synodicum
1742 1708 2127 1766 testimonium
2167 1709 2332 1766 nobis
2365 1707 2696 1780 objecerint.
2729 1740 2801 1751 --
2840 1708 2934 1767 Sic
2973 1710 3105 1774 olim
3143 1725 3246 1782 ego
3282 1709 3609 1781 dlspptavc-

271 1815 412 1863 ram,
442 1807 508 1852 ut
544 1801 870 1868 promnium
917 1804 973 1855 in
1023 1799 1278 1857 Psalmos
1324 1816 1424 1872 pro
1471 1802 1728 1872 prooemio
1783 1803 1839 1856 in
1891 1817 1968 1856 ιιι
2020 1800 2305 1873 prophetas
2355 1800 2711 1858 scribendum
2739 1816 2865 1866 esse
2915 1796 2973 1857 iti
3029 1802 3242 1876 synodo
3293 1782 3608 1860 suaderem.

271 1891 432 1946 Nunc
470 1893 615 1948 illud
650 1895 706 1948 in
739 1902 982 1951 mentem
1012 1897 1183 1965 venit,
1217 1895 1332 1952 ﬁeri
1375 1911 1537 1968 posse
1567 1904 1627 1951 ut
1672 1896 1928 1968 generale
1973 1895 2196 1969 aliquod
2236 1895 2571 1968 prooemium
2602 1896 2657 1957 in
2687 1897 2918 1953 minores
2958 1896 3244 1967 prophetas
3271 1896 3403 1952 olim
3433 1896 3611 1951 ettsti'~

273 1986 403 2040 terit
441 1985 733 2042 Theodori
768 1988 969 2054 nostri,
1002 1989 1149 2060 quod
1180 1989 1235 2044 in
1269 1988 1555 2047 codicibus
1576 2005 1689 2046 non
1722 1989 1793 2046 sit
1813 1996 2225 2056 conservatum,
2262 1993 2490 2067 propter
2508 1988 2874 2057 reverentiam
2900 1972 3136 2044 fortasse
3152 2002 3283 2059 erga
3310 1986 3613 2042 concilium

271 2092 299 2130 a
333 2091 454 2147 quo
490 2076 598 2132 fuil
636 2078 779 2134 illud
809 2079 1207 2151 vituperatum.
1242 2081 1451 2138 Cet-tea
1480 2081 1851 2147 Theodoreto,
1889 2081 1985 2153 qui
2021 2079 2377 2138 Theodorum
2406 2081 2462 2138 in
2490 2082 2815 2146 eorumdein
2848 2080 3241 2153 prophetarum
3281 2082 3619 2152 interpretes

272 2172 428 2225 tione
456 2171 631 2227 valde
662 2180 939 2238 sectatur,
969 2176 1284 2246 generalem
1324 2176 1612 2248 prologum
1638 2176 1925 2248 prtescribi
1947 2176 2201 2242 videmus
2235 2194 2248 2231 :
2286 2183 2404 2232 tum
2447 2176 2506 2232 in
2539 2183 2695 2233 textu
2731 2182 2930 2233 nostro
2977 2174 3251 2232 Theodori
3309 2177 3354 2232 si
3388 2192 3490 2247 pro
3530 2178 3614 2239 el;

274 2264 512 2336 ἔλεγχον
543 2265 685 2332 τῶν,
709 2274 821 2323 etc.
856 2270 1138 2325 scribatur
1160 2271 1241 2334 εἰς
1274 2270 1497 2343 ἔλεγχον
1519 2268 1612 2327 οὖν
1657 2272 1789 2336 τῶν,
1824 2279 1895 2328 ett

1994 2271 2101 2327 haec
2142 2286 2254 2326 una
2312 2272 2612 2353 particula,
2647 2286 2772 2353 quae
2804 2272 3045 2329 fortasse
3084 2280 3201 2327 tum
3228 2280 3315 2328 est
3341 2271 3615 2349 subducta

273 2373 405 2414 cum
445 2359 648 2429 priora
678 2371 1093 2427 resccarentur,
1121 2362 1257 2419 satis
1287 2363 1561 2421 indicaret
1585 2365 1840 2436 generale
1876 2380 1908 2419 a
1953 2365 2249 2423 Theodoro
2284 2350 2619 2439 prommium
2669 2350 2844 2433 fuisse
2896 2366 3277 2438 praepositum.
3303 2364 3397 2420 Illa
3448 2365 3625 2428 etiam

272 2453 448 2509 verba
491 2470 550 2525 p.
586 2455 639 2521 Ι,
668 2471 723 2510 v.
763 2456 816 2512 5.
854 2456 980 2511 καθ’
1017 2455 1054 2510 ἃ
1085 2456 1322 2529 πρόσθεν
1382 2458 1557 2533 ἔφθην
1605 2460 1778 2516 εἰπὼν
1815 2461 1886 2533 (si

2003 2468 2068 2517 'te
2107 2462 2541 2533 interpungatur
2586 2469 2716 2517 ante
2765 2462 2825 2517 ὲν
2859 2461 3119 2542 ψᾳλμοῖς,
3146 2474 3311 2516 secus
3329 2460 3376 2517 si
3402 2461 3624 2532 postea)

274 2546 426 2601 haud
457 2562 581 2603 rem
611 2548 667 2602 in
680 2548 904 2605 diverso
929 2565 1094 2621 opere
1113 2550 1339 2617 dictam,
1367 2553 1462 2608 sed
1482 2554 1536 2608 in
1556 2565 1826 2625 praesente
1852 2553 2062 2625 scripto
2081 2553 2349 2610 denotant
2374 2552 2553 2626 :quod
2570 2555 2615 2612 si
2639 2554 2714 2608 ita
2730 2560 2837 2621 est,
2853 2553 3127 2625 generalis
3149 2554 3410 2625 prologus
3428 2568 3625 2611 neces:

273 2645 433 2698 sario
452 2643 812 2716 intelligitur,
831 2645 925 2715 qui
942 2646 1064 2701 sine
1086 2645 1258 2702 dubio
1269 2653 1382 2701 tam
1407 2648 1651 2718 copiosis
1687 2648 1743 2702 in
1764 2663 1859 2709 xu,
1881 2648 2165 2723 prophetas
2182 2647 2583 2712 commentariis
2604 2645 2833 2714 videtur
2853 2643 3026 2701 fuisse
3040 2645 3629 2711 convenientissimus,

352 2738 419 2794 ν.
454 2739 624 2796 Nunc
661 2756 775 2811 quo
812 2741 1055 2812 ingenio,
1098 2756 1209 2818 qua
1256 2730 1496 2809 ratione,
1541 2758 1654 2815 quo
1682 2742 1790 2799 line
1833 2742 2164 2801 Theodorus
2197 2743 2300 2800 hos
2346 2742 2417 2799 ad
2465 2740 2772 2815 prophetas
2805 2741 3243 2798 commentarios
3287 2740 3627 2800 instruxisse

270 2837 563 2902 videatur,
599 2837 791 2893 sobria
831 2854 958 2894 cum
1003 2839 1272 2897 brevitate
1320 2841 1618 2898 dicendum
1666 2849 1773 2898 est.
1807 2845 1989 2915 Atque
2037 2842 2094 2897 in
2137 2841 2336 2913 primis
2366 2840 2669 2898 fecundum
2714 2838 2997 2896 Theodori
3046 2838 3287 2909 felixque
3340 2837 3625 2910 ingenium

278 2932 483 2985 mirari
519 2932 678 2997 licet,
707 2932 805 3003 qui
841 2933 910 2989 de
943 2949 1088 3003 penu
1132 2945 1236 2986 suo
1284 2931 1551 3003 pleraque
1599 2932 1787 2987 omnia
1836 2932 2032 2997 sumit,
2084 2930 2364 2986 neminem
2402 2928 2680 2996 imitatur,
2730 2927 2942 2984 nedum
2990 2926 3216 2997 expilat.
3273 2924 3527 3003 Cumque
3569 2925 3627 2986 hi

276 3030 578 3100 prOpheta:
601 3042 716 3097 prae
738 3026 1002 3084 omnibus
1018 3042 1311 3084 sacrorum
1335 3027 1642 3085 Bibliorum
1678 3030 1934 3102 partibus
1952 3030 2067 3086 sint
2100 3026 2515 3095 obscurissimi,
2548 3026 2624 3082 ita
2667 3033 2727 3081 ut
2756 3024 2879 3081 sine
2924 3023 3229 3095 interprete
3259 3038 3491 3096 prorsus
3519 3023 3629 3095 legi

277 3143 396 3182 non
426 3127 682 3197 possint,
710 3124 1234 3182 Theodorustanta
1266 3140 1368 3183 eos
1388 3125 1676 3192 facilitate,
1696 3135 1811 3183 tam
1842 3127 2086 3184 naturali
2119 3140 2412 3199 pronoque
2444 3124 2697 3181 decursu
2741 3122 3116 3188 edisserit,.ut
3148 3122 3268 3193 ipse
3305 3122 3418 3176 non
3458 3120 3630 3176 verba

277 3223 496 3295 legere,
520 3224 624 3281 sed
652 3223 710 3278 in
740 3224 1032 3295 propheta?
1059 3224 1335 3294 cujusque
1365 3226 1941 3291 mentem,oculorum
1959 3227 2139 3282 aciem
2168 3223 2460 3281 intendere
2472 3221 2750 3279 videatur.
2786 3220 3159 3288 Quamobrem
3176 3234 3287 3275 non
3318 3219 3441 3275 sine
3457 3231 3627 3273 causa

276 3332 311 3371 a
346 3318 550 3373 multis
590 3333 784 3373 arcem
816 3318 1191 3388 interpretum
1225 3325 1413 3373 tenere
1444 3316 1756 3374 dictuscst.
1787 3316 1979 3391 Neque
2010 3334 2142 3375 vero
2170 3317 2505 3374 Theodorus
2524 3316 2611 3372 vel
2640 3315 2975 3371 Hebraicttm
2994 3320 3203 3368 textum
3229 3311 3316 3367 vel
3342 3309 3632 3382 Syriacam

273 3429 349 3470 cx
384 3413 629 3471 Hebraeo
657 3411 968 3468 derivatam
1002 3410 1548 3481 interpretationem,
1574 3412 1662 3467 vel
1682 3410 1959 3484 Brigenis.
1978 3411 2255 3482 Hexapta,
2294 3411 2352 3467 in
2386 3424 2619 3467 censum
2652 3415 2816 3465 vocat
2853 3424 2867 3464 :
2902 3407 3015 3462 imo
3052 3403 3336 3478 Syriacam
3362 3403 3633 3474 interpre-

273 3507 558 3561 tationem
599 3505 1017 3579 (Antiochenus
1041 3508 1170 3563 licet
1208 3507 1396 3581 homo)
1423 3509 1658 3580 ejusque
1693 3524 2031 3581 anonymum
2056 3511 2417 3582 interpretem
2446 3522 2560 3565 non
2589 3508 2763 3565 semel
2795 3504 3017 3562 vellicat
3044 3520 3135 3575 pp.
3172 3501 3298 3569 185,
3334 3500 3459 3569 194,
3489 3497 3632 3569 202;

276 3596 499 3690 quippe
527 3595 731 3653 Graeco
751 3594 895 3653 LXX
912 3595 1284 3669 lntcrpretum
1307 3606 1459 3656 textu
1483 3611 1801 3668 contentus,
1826 3602 1975 3658 hunc
1991 3618 2163 3658 unum
2187 3602 2476 3661 osculatur
2494 3600 2857 3672 adsequitur,
2884 3608 3111 3672 propter
3126 3611 3425 3663 summam,
3445 3602 3507 3650 ut
3529 3593 3630 3660 ait,

278 3689 583 3748 seniorum
609 3692 836 3748 illorum
857 3693 1115 3764 peritiam
1141 3701 1307 3766 atque
1324 3695 1680 3766 sapientiam,
1698 3705 1992 3770 etpropter
2014 3699 2395 3771 apostolorum
2411 3698 2825 3760 auctoritatem,
2851 3695 2946 3766 qui
2973 3694 3115 3749 hanc
3132 3693 3446 3749 versionem
3471 3689 3649 3753 Citrio,

280 3787 495 3842 stianis
521 3786 828 3859 neupltylis
851 3786 1383 3843 commendaverunt
1405 3790 1520 3861 (pp.
1544 3789 1669 3857 l85,
1692 3790 1815 3856 194,
1831 3790 1984 3861 202).
2002 3791 2193 3864 Neque
2221 3793 2399 3864 ipsam
2426 3789 2783 3847 Hebraeorum
2804 3789 3047 3861 linguam
3067 3786 3396 3844 Theodorus
3410 3784 3631 3850 calluit,
3654 3842 3674 3850 ,

283 3894 316 3931 a
349 3895 461 3949 qua
486 3879 712 3933 nullum
748 3887 1042 3936 mutuatur
1073 3882 1258 3938 lumen
1281 3903 1296 3953 ;
1318 3894 1372 3940 et
1393 3896 1661 3956 prseterea
1689 3904 1744 3958 p.
1767 3889 1832 3944 9i
1869 3907 1882 3944 :
1908 3888 2098 3956 Aiunt,
2132 3891 2336 3962 inquit,
2364 3889 2584 3962 ρεμφάν
2619 3887 2937 3961 signiﬁcare
2963 3885 3325 3957 phosphorum
3357 3884 3415 3938 in
3445 3882 3633 3954 lingua
3670 3918 3673 3919 ν

279 3974 657 4028 Ηεῡιοιεοηιιη
689 3989 710 4027 :
742 3990 856 4043 quo
873 3974 1045 4043 dicto,
1065 3990 1177 4032 non
1216 3976 1448 4032 scientia
1467 3980 2036 4050 propria,sed-aliena
2071 3982 2422 4049 auctoritate,
2460 3982 2528 4038 de
2543 3982 2815 4037 vocabulo
2836 3979 3109 4035 llebraieo
3136 3977 3394 4049 judicare
3432 3991 3494 4033 se
3530 3975 3631 4032 de-

283 4077 607 4123 monstrat.
644 4065 873 4124 Rursus
908 4085 964 4140 p.
999 4068 1128 4135 485,
1160 4083 1289 4124 cum
1318 4068 1641 4127 Graecorum
1669 4069 2041 4145 lntcrpretum
2074 4072 2361 4131 discordia
2397 4073 2470 4130 sit
2502 4088 2533 4127 a
2571 4072 2713 4146 Syro
2747 4075 2803 4128 in
2860 4073 3121 4130 vocabuli
3160 4072 3418 4129 llebraici
3454 4071 3638 4142 expli-

281 4160 544 4225 catione,
598 4159 723 4230 ipse
750 4160 977 4231 quidem
1026 4160 1255 4220 Graecos
1284 4167 1561 4233 sequitur,
1595 4183 1707 4223 non
1758 4170 1922 4239 quasi
1962 4170 2373 4241 grammaticali
2420 4170 2625 4227 ductus
2675 4169 2752 4235 vi,
2790 4167 2892 4226 sed
2931 4169 3267 4228 reverentia.
3304 4169 3493 4236 Quare
3519 4182 3634 4224 nott

284 4259 449 4306 recte
482 4251 761 4306 collineat
789 4253 936 4323 apud
969 4252 1460 4312 Rosenmullerum
1499 4256 1570 4331 (c)
1600 4257 1916 4327 Ernestius,
1970 4263 2064 4332 qui
2114 4263 2434 4334 suspicatur
2466 4262 2589 4319 ideo
2616 4262 2998 4333 judaizantem
3036 4265 3217 4321 visum
3259 4264 3434 4320 fuisse
3467 4260 3637 4316 Chri-

284 4341 504 4396 stianis
536 4340 1036 4413 Mopsuestcnum,
1079 4347 1230 4418 quod
1278 4351 1583 4407 secundum
1632 4361 1816 4410 textus
1866 4353 2170 4412 Hebraicos
2219 4355 2732 4426 interpretationem
2776 4354 3020 4414 fecisset.
3068 4356 3262 4428 Neque
3296 4354 3634 4410 Theodorus

286 4436 491 4506 (secus
539 4453 611 4494 ac
654 4440 909 4497 hodierni
952 4443 1138 4500 critici
1178 4447 1785 4520 pompatico-quidem,
1837 4450 1937 4506 sed
1985 4464 2102 4506 non
2153 4450 2278 4507 sine
2309 4448 2645 4506 confusione
2693 4457 2861 4518 atque
2897 4449 3295 4519 impedimento
3329 4445 3632 4519 legentium

295 4533 544 4603 faciunt)
592 4534 964 4605 multiplicem
991 4538 1396 4607 eruditionem,
1435 4544 1814 4601 multorumve
1848 4555 2146 4602 auctorum
2182 4547 2419 4601 nomina
2449 4546 2735 4616 congerit;
2772 4544 2887 4600 imo
2905 4559 3044 4599 .cum
3082 4543 3224 4600 forte
3249 4542 3636 4599 controversia

287 4624 517 4679 incidat
548 4625 623 4680 de
655 4626 894 4683 urbibus
933 4629 1166 4700 Bothro,
1201 4631 1458 4704 Tharsis,
1489 4644 1658 4709 atque
1688 4640 1983 4707 Ammone,
2016 4639 2454 4711 disputationem
2484 4639 2831 4710 quantocius
2854 4638 3142 4711 abrumpit
3165 4645 3376 4702 noster,
3411 4635 3636 4706 quomi-

290 4733 405 4775 nus
437 4731 472 4772 a
504 4734 616 4773 suo
650 4720 923 4791 propheta
963 4739 1034 4779 ne
1068 4725 1245 4783 latum
1286 4730 1514 4800 quidem
1554 4750 1798 4808 unguem
1834 4729 2119 4792 discedat.
2152 4733 2231 4790 Ex
2263 4742 2347 4792 tot
2377 4743 2564 4792 autem
2601 4744 2730 4793 ante
2753 4751 2813 4794 sc
2843 4735 3149 4792 Bililiorum
3173 4732 3636 4806 cxplicatoribus,

287 4830 363 4871 ne
390 4831 577 4871 unum
615 4817 845 4887 quidem
875 4820 1213 4881 nominatim
1246 4830 1530 4900 appellat;
1561 4846 1874 4904 anonymos
1912 4848 2201 4907 nunquam
2239 4834 2359 4893 fere
2399 4834 2523 4892 sine
2562 4835 2975 4907 vituperatione
3008 4839 3430 4899 commemorat,
3462 4831 3636 4889 veluti

288 4933 386 4989 pp.
430 4918 528 4982 τι,
568 4920 696 4985 ill,
729 4920 859 4990 222,
896 4923 1028 4981 254.
1062 4922 1168 4991 Qui
1201 4942 1337 4983 vero
1370 4926 1488 4986 sint
1520 4930 1613 4986 isti
1652 4932 1951 5003 anonymi,
1978 4948 2045 4989 ex
2090 4932 2437 5008 Hieronymi,
2474 4934 2572 5007 qui
2606 4933 2710 4990 fuit
2740 4934 3130 5006 Mopsuesteno
3166 4943 3360 4989 nostro
3390 4943 3634 4996 coaevus,

286 5008 544 5081 Prologo
587 5012 660 5065 ad
693 5012 890 5069 Oscam
920 5016 1238 5089 intelligere
1280 5019 1523 5079 fortasse
1572 5021 1732 5091 licet,
1765 5024 1865 5095 qui
1906 5023 1987 5079 ait
2026 5034 2158 5081 ante
2198 5040 2261 5082 se
2302 5023 2701 5097 prapbetarum
2751 5026 3028 5082 minorum
3071 5026 3246 5083 fuisse
3301 5025 3637 5094 interpretes

287 5105 630 5178 Origenem,
663 5110 1071 5182 Apollinarem,
1101 5107 1373 5178 Pieriam,
1417 5108 1726 5169 Eusebium
1758 5114 2189 5185 Caesariensem,
2223 5131 2289 5173 ac
2317 5116 2633 5189 Didymum.
2670 5116 2785 5174 Hos
2819 5118 3010 5191 igitur,
3046 5119 3133 5174 vel
3164 5133 3233 5172 cx
3270 5117 3356 5174 his
3387 5115 3632 5187 aliquos,

286 5220 321 5258 a
349 5205 665 5261 Theodoro
702 5210 1041 5280 reprehendi
1085 5209 1373 5281 suspicor.
1411 5209 1548 5266 Nam
1584 5210 1655 5267 de
1700 5211 1833 5283 ipso
1873 5211 2217 5284 Hieronymo
2265 5212 2621 5287 cogitandum
2651 5215 2745 5269 vix
2792 5224 2944 5285 puto,
2976 5228 3087 5269 non
3116 5224 3226 5268 tam
3269 5209 3399 5283 quia
3429 5216 3636 5266 coaeta-

289 5318 459 5371 neus,
496 5312 558 5359 ut
600 5303 744 5370 dixi,
772 5315 916 5375 erat,
942 5322 1111 5378 quam
1146 5309 1279 5380 quia
1313 5308 1753 5364 commentarios
1786 5307 2018 5364 Latinos
2052 5325 2082 5364 a
2112 5307 2289 5365 Graeci
2316 5310 2594 5366 sermonis
2627 5309 2852 5366 homine
2880 5310 3055 5365 lectos
3082 5306 3173 5360 vix
3217 5311 3302 5360 est
3343 5302 3630 5360 credibile.

292 5398 650 5455 Immensum
681 5415 858 5471 prope
882 5416 1051 5473 Opus,
1080 5414 1235 5455 nunc
1264 5399 1646 5470 deperditum,
1683 5398 2100 5472 ali-prophetas
2134 5402 2385 5458 minores
2415 5400 2683 5474 Origenes
2711 5400 3012 5472 scripserat
3042 5416 3056 5453 :
3084 5411 3259 5469 quare
3294 5410 3635 5467 magnopere

292 5496 550 5551 arbitror
580 5496 636 5552 id
672 5498 952 5570 prtccipue
997 5497 1419 5570 Mopsuesteno,
1451 5502 1684 5567 propter
1710 5495 1993 5553 diversam
2045 5497 2445 5569 interpretandi
2489 5498 2755 5564 indolem,
2793 5496 3167 5568 diSplicuisse.
3206 5494 3315 5553 Sed
3348 5512 3419 5553 ne
3462 5493 3635 5553 Pierii

290 5588 527 5659 quidem
562 5591 649 5646 vel
683 5590 1033 5662 Apollinaris
1060 5592 1147 5647 vel
1180 5588 1400 5664 Didymi
1430 5586 1645 5660 aliquid
1668 5585 3636 5670 superest:deniqueetEusebiiDemonstrationisevangelica:liberxvm,

293 5678 351 5739 in
382 5699 499 5756 quo
529 5683 604 5740 de
632 5680 784 5739 Osca
821 5683 1079 5756 quaedam
1113 5685 1525 5757 disputaverat,
1551 5682 1738 5755 periit.

370 5847 449 5935 (ᾳ)
479 5852 803 5935 ξέιιιλιςειτ
833 5852 1100 5935 βοεικλῐι
1130 5871 1182 5925 p.
1513 5925 1578 5935 Μ
1620 5823 1638 5838 ⁸

1513 5925 1578 5935 ,ω
1620 5823 1638 5838 ⁸
2097 5857 2169 5932 (η)
2202 5855 2344 5915 Hist.
2375 5857 2595 5924 interpr.
2629 5856 2750 5926 part
2788 5864 2868 5921 ιιι,
2903 5797 2954 5924 pi
2990 5846 3119 5907 266.

366 5924 445 6001 (ὸ)
479 5927 586 5983 Ed.
623 5923 802 5982 Coleti
829 5933 969 5985 tom.
993 5924 1085 5999 ιχ,
1114 5923 1161 5983 όν
1198 5926 1324 5982 2'11.
1358 5939 1477 6000 cap.
1512 5925 1601 5982 50.
