4104 6466
567 351 663 407 HS
1792 340 1957 398 ANG.
1999 338 2147 394 MAll
2184 337 2188 390 ἶ

2188 333 2574 391 ΡΙΚΑΞΕΔΤΙΟ.
3707 321 3809 382 H6

629 451 718 516 Vl.
759 457 913 513 Nunc
941 453 1068 525 quia
1107 451 1175 507 de
1210 451 1277 508 iis
1315 452 1451 517 dixi,
1492 452 1585 522 qui
1617 452 1964 507 Theodorum
2006 451 2060 505 in
2093 450 2179 504 his
2209 446 2548 519 exponendis
2588 443 2868 517 prophetis
2910 447 3311 513 praecesserunt
3333 479 3349 506 ,
3385 440 3544 496 liceat
3572 437 3807 498 breviter

555 555 854 614 nonnullos
884 565 1123 622 quoque,
1155 548 1249 618 qui
1280 543 1627 599 Theodorum
1661 541 1940 598 subsecuti
1976 548 2126 604 sunt,
2159 553 2623 603 commemorare;
2662 537 2906 606 priscos,
2939 536 3181 603 inquam,
3217 548 3450 603 quorum
3499 531 3705 602 scripta
3737 531 3807 586 ad

551 669 657 710 nos
680 652 1048 724 pervenerunt
1083 664 1100 701 :
1129 653 1256 700 sunt
1286 641 1432 696 enim
1464 640 1546 708 (ut
1577 640 1830 694 omittam
1859 636 2119 692 Ju‘daicos
2151 643 2205 691 et
2228 635 2552 690 brevissima
2588 631 2847 703 llesychii
2877 629 3078 700 capita)
3109 624 3281 724 (ἓτερςὶ
3314 633 3449 692 tres,
3484 622 3808 678 Theodore-

553 722 990 813 tus,'Cyrillus,
1030 737 1510 808 Theophylactus;
1558 732 1739 788 Latini
1784 732 1914 787 item
1961 743 2095 797 tres,
2123 729 2523 801 Hieronymus,
2566 728 2796 783 Rufinus
2839 735 3001 795 atque
3046 722 3326 794 Remigius
3368 739 3384 777 :
3431 735 3667 790 quorum
3707 734 3811 790 ego

549 829 986 888 commentarios
1013 828 1290 890 lectitans,
1319 823 1726 881 'l‘heodoretum
1751 821 1971 893 quidem
1998 819 2369 892 Mopsuesteni
2397 820 2661 875 asseclam
2697 833 2820 874 esse
2848 817 3099 874 videbam
3125 859 3143 886 ,
3183 820 3238 874 in
3285 817 3525 888 prologis
3565 815 3809 885 quando—

549 940 658 994 que
704 922 872 978 etiam
923 917 1297 990 plagiarium:
1357 913 1453 970 sed
1492 922 1674 968 tamen
1729 925 1909 982 neque
1958 912 2213 966 acumine
2257 925 2434 981 neque
2479 911 2731 965 ubertate
2765 923 2891 964 cum
2935 907 3040 964 hoc
3073 907 3530 980 comparandum.
3571 905 3811 977 Cyrillus

547 1015 812 1086 grandem
842 1022 1051 1070 tomum
1083 1008 1606 1067 commentariorum
1641 1020 1870 1062 suorum
1900 1005 2172 1077 implevit,
2206 1005 2261 1060 in
2297 1005 2500 1075 quibus
2528 1005 2763 1074 plurima
2806 1003 3038 1058 moralia
3071 1001 3205 1057 dicit
3252 1015 3317 1055 ac
3346 999 3595 1070 mystica.
3633 995 3811 1052 Theo-

551 1113 840 1183 phylactus
873 1109 1110 1178 denique
1142 1106 1416 1177 sequioris
1454 1104 1555 1160 aevi
1582 1103 1748 1158 homo
1776 1114 1951 1174 pauca
1979 1109 2039 1156 ut
2069 1110 2205 1172 puto
2229 1100 2298 1156 de
2334 1114 2437 1155 suo
2463 1100 2688 1170 profert,
2727 1099 2820 1154 sed
2849 1108 2916 1153 ex
2944 1097 3298 1181 antiquorum
3330 1091 3811 1148 lucubrationibus

550 1205 839 1269 litterales,
865 1203 1124 1260 morales.
1158 1200 1424 1271 mystieas
1449 1197 1846 1268 expositiones,
1878 1211 1978 1266 pro
2004 1196 2091 1252 sui
2133 1195 2398 1265 temporis
2442 1209 2618 1260 more,
2647 1192 2898 1248 deﬂorat.
2929 1192 2986 1247 In
3035 1189 3248 1246 Latinis
3283 1186 3653 1257 Hieronymus
3693 1185 3812 1238 sin-

547 1295 721 1362 gulari
767 1308 865 1349 sua
895 1290 1210 1362 prtestantia
1242 1292 1481 1357 eminet;
1524 1303 1718 1345 omnes
1747 1287 1894 1342 cnim
1937 1285 2162 1357 ingenii,
2208 1285 2539 1354 eloquentiae
2582 1283 2954 1352 doctrinaeque
2996 1283 3288 1337 thesauros
3316 1278 3385 1332 ad
3434 1291 3564 1332 suas
3595 1275 3652 1328 in
3707 1273 3812 1330 bos

547 1383 845 1454 prophetas
877 1379 1252 1451 expositiones
1290 1379 1549 1435 contulit.
1583 1376 1715 1433 Post
1743 1391 1908 1449 quem
1949 1373 2184 1429 Rufinus
2215 1374 2602 1444 prophetarum
2643 1373 2886 1443 quinque
2931 1387 3226 1441 aggressus
3273 1367 3810 1439 interpretationem,

549 1477 825 1545 copiosam
858 1475 1040 1544 potius
1079 1473 1450 1540 moralemque
1498 1467 1862 1539 paraphrasin
1911 1464 2063 1531 fecit,
2110 1474 2164 1520 et
2210 1465 2265 1518 in
2307 1463 2533 1534 prologo
2577 1463 2824 1533 iniquum
2874 1462 2942 1518 de
2979 1461 3312 1531 Hieronymo
3357 1459 3627 1531 judicium
3663 1457 3823 1528 tulit,

549 1568 708 1637 cujus
735 1567 1040 1622 orationem
1079 1565 1164 1619 vel
1189 1579 1285 1634 per
1310 1560 1600 1631 allegorias
1627 1557 1880 1630 Origenis
1910 1557 1995 1612 vel
2027 1571 2122 1627 per
2157 1555 2434 1612 fabulosas
2464 1555 2775 1611 Judtcorum
2811 1555 3136 1610 traditiones
3167 1561 3332 1608 totam
3383 1550 3678 1606 deﬂuxisse
3709 1549 3815 1602 ait.

550 1652 773 1716 Tertius
801 1659 1084 1729 Remigius
1113 1655 1593 1712 Antisiodorensis
1631 1661 1738 1722 est,
1775 1657 1868 1723 qui
1914 1653 2117 1707 saeculo
2153 1666 2300 1707 nono
2342 1651 2449 1707 sub
2471 1649 2668 1704 Carolo
2711 1650 2878 1704 Calvo
2925 1649 3129 1703 ﬂoruit.
3179 1645 3354 1717 Ilujus
3389 1643 3812 1701 Commentarios

553 1751 619 1803 ad
648 1749 695 1803 Χ
706 1748 762 1802 ll
801 1746 1087 1817 prophetas
1113 1750 1342 1798 minores
1375 1756 1521 1797 anno
1563 1740 1703 1796 1545
1748 1738 1988 1794 Joannes
2017 1735 2323 1792 llentcnius
2356 1736 2548 1804 edidit,
2576 1736 2668 1805 qui
2707 1734 2907 1790 deinde
2943 1737 2996 1792 in
3027 1732 3430 1807 Lugdunensem
3461 1735 3578 1792 PP.
3606 1735 3814 1790 Biblio-

555 1851 755 1900 thecam
786 1843 1035 1898 translati
1062 1840 1303 1895 luerunt.
1331 1836 1784 1893 Commentarium
1817 1848 1946 1888 vero
1977 1833 2033 1886 in
2075 1836 2267 1886 Oseam
2297 1831 2615 1886 necessario
2651 1844 2710 1885 se
2748 1829 3002 1885 omisisse
3026 1830 3330 1890 llentenius
3361 1834 3460 1896 ait,
3492 1832 3621 1904 quia
3665 1832 3816 1887 hunc

548 1939 768 2000 unicus,
796 1950 960 2006 quem
1010 1940 1209 1988 nactus
1233 1939 1373 1994 erat,
1404 1927 1575 1984 codex
1625 1922 1998 1981 desiderabat.
2050 1920 2162 1993 Ego
2204 1935 2336 1975 vero
2379 1919 2668 1990 antiquum
2709 1919 2952 1974 codicem
2995 1914 3319 1980 Vaticanum
3360 1923 3704 1995 perlustrans
3757 1926 3813 1979 in

548 2033 742 2091 Oscam
787 2047 1006 2103 quoque
1043 2027 1490 2084 commentarium
1543 2023 1779 2094 Remigii
1836 2021 2038 2092 reperi,
2077 2019 2334 2074 mutilum
2381 2025 2586 2085 tamen,
2629 2033 2827 2088 nempe
2865 2031 3040 2089 usque
3079 2019 3148 2075 ad
3194 2021 3499 2091 capitulum
3553 2020 3812 2090 quintum

544 2126 776 2181 necdum
807 2125 1105 2194 expletum.
1148 2121 1336 2189 Neque
1379 2118 1428 2174 is
1456 2117 1708 2174 defectus
1740 2117 2186 2173 membranarum
2215 2121 2321 2181 est,
2356 2128 2498 2183 quae,
2524 2120 2584 2166 ut
2611 2113 2690 2178 fit,
2731 2113 3078 2169 exciderint:
3119 2115 3321 2171 etenim
3371 2115 3426 2170 in
3465 2125 3571 2185 qua
3612 2113 3814 2184 pagina

544 2219 718 2276 Oseas
749 2218 1103 2291 imperfectus
1135 2215 1359 2279 desinit,
1391 2213 1594 2268 ibidem
1627 2213 1818 2282 incipit
1853 2209 1973 2267 Joél
2003 2229 2016 2267 :
2061 2209 2205 2271 unde
2234 2208 2620 2279 cognoscimus
2657 2207 2942 2277 antiquam
2974 2218 3363 2263 amanuensem
3411 2204 3630 2260 nonnisi
3667 2205 3815 2258 hanc

541 2311 848 2380 Remigiani
883 2307 1261 2364 Commentarii
1301 2307 1357 2360 in
1396 2305 1588 2362 Oscam
1624 2313 1834 2376 partem
1869 2320 1980 2375 pra:
2009 2305 2266 2359 manibus
2304 2302 2585 2358 habuisse.
2615 2299 2733 2356 Jam
2766 2304 2871 2358 etsi
2909 2302 3210 2359 llentenius
3233 2302 3446 2373 magnis
3481 2301 3738 2356 laudibus
3780 2315 3813 2354 a

541 2421 602 2463 se
631 2408 810 2463 editos
841 2405 1268 2461 commentarios
1293 2401 1467 2470 ellert,
1503 2417 1602 2473 ego
1633 2411 1814 2458 tamen
1844 2400 2152 2472 Remigium
2195 2400 2252 2455 in
2282 2399 2572 2455 calonibus
2605 2400 2788 2470 potius
2831 2401 3128 2472 ἑρμηνείας
3157 2417 3322 2473 quam
3374 2402 3431 2456 in
3466 2400 3814 2472 principibus

544 2506 860 2563 numerem;
891 2494 1039 2566 quod
1065 2495 1132 2550 de
1159 2494 1280 2549 aliis
1312 2493 1476 2548 etiam
1509 2491 2067 2548 commentationibus
2095 2490 2218 2561 ejus
2247 2489 2318 2546 ad
2368 2504 2525 2548 sacra
2558 2490 2730 2546 Biblia
2777 2507 2883 2562 qua
2913 2491 3078 2548 editis
3130 2509 3236 2564 qua
3264 2492 3486 2548 ineditis
3517 2508 3672 2562 atque
3716 2491 3816 2559 ju-

539 2592 684 2644 dico.
719 2588 878 2643 Certe
912 2586 1042 2642 illud
1069 2583 1328 2657 frequens
1367 2584 1818 2656 etymologiarum
1852 2584 2090 2638 studium
2125 2591 2319 2653 parum
2351 2581 2483 2638 utile
2524 2592 2610 2638 est
2645 2583 2730 2637 vel
2764 2583 3021 2639 solidum.
3071 2583 3321 2641 Attamen
3353 2583 3499 2639 aliud
3541 2585 3670 2638 mihi
3703 2582 3812 2637 Re-

529 2670 686 2751 migii
717 2695 855 2749 opus
893 2685 978 2734 est
1007 2678 1372 2746 observatum,
1410 2677 1640 2750 profana
1673 2677 1984 2734 eruditione
2021 2677 2179 2732 valde
2207 2677 2476 2740 saturum,
2513 2676 2671 2747 cujus
2706 2673 2886 2733 hercle
2915 2678 3230 2743 edititmezn,
3270 2695 3391 2734 cum
3422 2679 3588 2732 otium
3624 2678 3811 2741 fuerit,

538 2777 645 2825 non
675 2770 964 2843 negligant.
1002 2772 1220 2826 Interim
1261 2777 1374 2824 tam
1413 2769 1526 2824 rari
1559 2769 1766 2826 codicis
1796 2768 2008 2838 cepiam
2047 2777 2266 2833 nactus,
2310 2769 2458 2822 nolui
2491 2770 2830 2824 committere
2873 2777 2930 2823 ut
2974 2770 3090 2826 haec
3129 2771 3331 2826 inedita
3366 2785 3492 2840 pars
3529 2768 3804 2824 Commen-

539 2863 666 2916 tarii
697 2862 766 2917 ad
792 2863 982 2920 Oseam
1009 2864 1214 2919 diutius
1240 2863 1294 2918 in
1331 2862 1571 2918 tenebris
1599 2862 1966 2918 delitesceret.
1997 2860 2184 2932 Itaque
2210 2863 2264 2917 in
2296 2870 2449 2932 parte
2479 2864 2581 2918 mei
2615 2864 2928 2931 voluminis,
2954 2865 3096 2920 unde
3119 2866 3281 2921 aliain
3308 2865 3558 2921 canunici
3589 2863 3812 2936 gent-ris

546 2941 976 3012 lucubrationem
998 2957 1285 3025 ejcceram,
1313 2953 1416 3009 hoc
1438 2952 1668 3025 Remigii
1703 2953 2143 3024 supplementum
2177 2955 2374 3009 locavi.

608 3087 721 3145 VII.
756 3083 862 3146 Sed
897 3091 1008 3161 jam
1034 3092 1211 3149 oratio
1238 3099 1544 3149 revertatur
1569 3092 1638 3148 ad
1671 3081 2043 3159 Theodorum,
2085 3094 2245 3165 cujus
2284 3093 2331 3150 si
2374 3093 2640 3164 plurimas
2669 3095 3076 3165 expositionum
3111 3097 3303 3152 harum
3337 3097 3527 3154 laudes
3549 3098 3813 3156 tit-texere

540 3187 723 3249 velim,
750 3187 834 3240 vel
861 3185 1107 3244 infinitus
1124 3187 1249 3254 sim,
1277 3188 1362 3244 vel
1390 3191 1541 3244 certe
1562 3197 1885 3260 perpetuum
1915 3190 2296 3246 commentarii
2318 3190 2439 3260 ejus
2457 3192 2911 3246 commentarium
2935 3192 3206 3248 ador-nare
3226 3193 3500 3250 deberem.
3531 3191 3586 3246 In
3613 3194 3808 3264 primis

542 3291 731 3337 auctor
754 3280 1064 3337 universam
1091 3282 1474 3339 vaticiuiOrum
1496 3284 1783 3340 materiam
1805 3290 1990 3342 mente
2011 3286 2353 3355 complexus,
2382 3285 2517 3342 mire
2549 3286 2692 3342 inter
2715 3301 2774 3342 se
2796 3289 3138 3352 commiscet,
3173 3289 3515 3360 invicemque
3543 3282 3808 3357 illttstrat,

541 3384 594 3430 ιιι
624 3391 750 3431 cum
779 3375 1062 3446 prophetis
1096 3377 1420 3447 majoribus,
1452 3380 1754 3450 [rt-asserum
1785 3395 1918 3437 vero
1951 3395 2079 3437 cum
2121 3379 2358 3436 Psalmis
2405 3379 2680 3437 Davidieis
2710 3382 2913 3452 passim
2944 3385 3237 3438 connectit.
3271 3382 3626 3455 Prologor'um
3675 3401 3810 3440 vero

540 3471 800 3542 dignitas,
829 3486 1159 3526 excursuutn
1184 3472 1299 3528 sive
1321 3473 1804 3544 ampliﬁcationum
1821 3476 2065 3542 ubertas,
2086 3475 2450 3547 quaestionum
2475 3491 2726 3539 acumen,
2755 3477 2998 3532 locorum
3023 3477 3461 3535 dillicillimorum
3501 3490 3806 3548 spontauea

464 3605 466 3608 μ
540 3584 605 3621 ac
629 3567 921 3622 ludibunda
956 3570 1350 3638 propemodum
1382 3571 1678 3640 explicatio
1707 3573 1950 3645 legentes
1973 3575 2282 3644 philologos
2309 3587 2661 3644 magnopere,
2686 3581 2745 3628 ut
2775 3585 2957 3644 spero,
2978 3573 3294 3629 oblectabit.
3331 3572 3571 3644 Exempli
3613 3587 3806 3636 caiisa.

542 3659 726 3715 Διηοεὶ
760 3661 921 3714 verba
955 3675 1075 3731 cap.
1104 3678 1142 3727 ι,
1167 3664 1201 3717 ‘5
1226 3683 1238 3718 :
1275 3663 1444 3734 Super
1471 3666 1636 3721 tribus
1666 3667 1947 3723 sceleribus
1977 3667 2231 3722 Damasci
2259 3677 2308 3722 et
2338 3680 2495 3738 super
2527 3678 2757 3739 quatuor
2790 3677 2891 3723 non
2913 3677 3233 3735 consertam,
3272 3666 3585 3724 felicissime
3614 3679 3810 3722 noster

540 3755 704 3819 atque
733 3765 800 3804 ex
828 3750 1008 3806 indole
1035 3753 1382 3808 orientalium
1418 3754 1738 3812 idiomatum
1766 3757 2003 3827 explicat
2030 3757 2111 3812 sic
2145 3775 2160 3811 :
2185 3755 2330 3812 Dicit
2359 3769 2512 3826 super
2541 3759 2710 3813 tribus
2733 3768 2782 3814 et
2814 3771 3066 3828 quatuor,
3099 3767 3278 3828 nempe
3304 3775 3398 3828 pro
3429 3757 3626 3813 multis.
3656 3757 3808 3813 Nam

539 3845 662 3912 quia
693 3860 939 3900 numerus
979 3856 1096 3914 post
1128 3860 1290 3902 unum
1321 3858 1371 3904 et
1415 3849 1520 3906 duo
1552 3851 1778 3920 pluralis
1823 3852 2040 3920 dicitur,
2082 3851 2234 3908 uerbo
2279 3852 2445 3907 tribus
2484 3853 2677 3907 multos
2716 3853 2950 3918 denotat,
2992 3854 3145 3910 verba
3191 3866 3363 3910 autent
3399 3865 3625 3926 quatuor
3658 3855 3808 3908 mul—

543 3938 818 3992 titudinea:
843 3949 1147 4010 exaggerat.
1201 3939 1413 3999 Rursus
1441 3943 1510 4000 ad
1548 3945 1718 4001 verba
1760 3943 1998 3999 Michaaat
2030 3958 2152 4013 cap.
2195 3955 2250 4008 v,
2281 3944 2355 3998 5:
2407 3941 2818 3998 Suscitabuntur
2860 3952 3015 4013 super
3052 3963 3168 4000 eum
3197 3956 3391 4016 septem
3441 3957 3700 4015 pastores,
3751 3957 3807 4000 et

539 4041 656 4086 octo
685 4049 894 4088 morsus
927 4033 1217 4103 hominum,
1256 4043 1378 4106 post
1407 4035 1624 4093 irrisum
1666 4035 2052 4091 nonnullorum
2085 4035 2440 4105 interpretum
2484 4036 2802 4101 vanitatem,
2841 4036 2916 4090 ait
2948 4039 3269 4108 simpliciter
3312 4046 3502 4106 septem
3534 4055 3684 4094 more
3722 4040 3808 4093 lti-

541 4126 684 4178 hlico
714 4124 940 4197 intelligi
973 4127 1039 4183 de
1070 4129 1311 4198 perfecto
1334 4147 1428 4186 seu
1462 4142 1658 4201 magno
1686 4137 1937 4194 ndmero,
1978 4140 2094 4183 octo
2129 4135 2312 4183 autem
2353 4127 2421 4182 de
2451 4126 2572 4198 ejus
2603 4143 2852 4185 excessu.
2882 4127 3049 4197 ldque
3077 4131 3348 4186 illuminat
3381 4131 3590 4185 Domini
3619 4132 3808 4186 verbis

524 4209 703 4275 Petro
731 4218 984 4284 dicentis,
1020 4227 1078 4274 ut
1103 4237 1209 4276 non
1243 4220 1444 4291 septies
1487 4228 1708 4288 peccata
1747 4217 2048 4272 dimitteret
2077 4215 2174 4272 sed
2210 4217 2522 4286 septuagies
2552 4217 2790 4286 septies;
2826 4225 2880 4272 et
2927 4219 3034 4274 illis
3080 4220 3443 4284 Ecclesiastzo,
3481 4220 3562 4274 Da
3594 4231 3805 4290 partem

535 4319 732 4378 septem
787 4328 984 4367 necnon
1030 4322 1080 4368 et
1126 4324 1274 4376 octo;
1316 4316 1382 4370 de
1422 4313 1625 4384 quibus
1663 4311 1896 4380 mystica
1927 4311 2177 4382 quaedam
2221 4317 2276 4367 et
2318 4313 2637 4382 persubtilia
2685 4320 3088 4367 commentatur
3128 4313 3452 4368 Ambrosius
3488 4313 3626 4366 libro
3656 4328 3707 4375 v,
3745 4313 3804 4366 in

541 4407 739 4463 Lucam
781 4425 838 4464 n.
875 4410 984 4465 49:
1032 4427 1192 4482 quem
1238 4413 1511 4468 Ambrosii
1558 4412 1741 4466 locum
1789 4409 2099 4466 Cimmeriis
2147 4408 2392 4465 tenebris
2435 4409 2675 4466 obsitum
2727 4408 2960 4463 Maurini
3001 4407 3242 4463 editores
3287 4423 3428 4478 agre
3481 4407 3802 4472 declarant;

539 4502 958 4572 Mopsuestenus
990 4515 1174 4562 autem
1220 4508 1477 4578 praedicta
1519 4506 1684 4560 Verba
1714 4506 2040 4576 simpliciter
2079 4519 2314 4574 vereque
2361 4505 2640 4574 explicat:
2684 4497 2941 4572 Mani/ire
2979 4503 3049 4556 da
3089 4504 3372 4575 egentibus,
3414 4519 3573 4572 neque
3607 4503 3658 4554 in
3701 4502 3804 4554 Lac

531 4598 814 4653 abundare
844 4617 1070 4656 recuses.
1113 4601 1179 4655 Et
1211 4603 1525 4657 universum
1559 4602 1778 4671 quidem
1825 4602 2237 4657 Testamentum
2266 4594 2437 4655 Vetus
2469 4601 2918 4673 praeparationem
2963 4599 3099 4653 Novi
3140 4598 3327 4662 luisse,
3360 4605 3523 4665 atque
3555 4595 3734 4649 omnia
3765 4611 3800 4648 a

535 4693 650 4747 Deo
678 4694 746 4748 ad
783 4703 1071 4749 venturum
1106 4697 1387 4752 Christum
1417 4694 1649 4758 directa,
1679 4695 1892 4750 sincere
1927 4704 2225 4764 sancteque
2257 4694 2445 4748 multis
2475 4694 2610 4749 locis
2634 4691 2955 4750 Theodorus
2985 4693 3267 4764 fatetur,v.
3301 4709 3383 4764 gr.
3418 4708 3470 4762 p.
3498 4692 3551 4755 l,
3583 4691 3670 4756 69,
3701 4691 3798 4753 7'2,

537 4788 698 4842 l-l-l-l
716 4787 798 4851 l6,
835 4789 957 4854 120,
984 4790 1112 4854 208,
1139 4791 1410 4860 praecipue
1458 4801 1587 4843 vero
1621 4789 1675 4843 in
1721 4788 1937 4858 prologo
1959 4786 2026 4840 ad
2049 4763 2246 4841 Jonam
2269 4801 2288 4840 :
2316 4785 2476 4856 cujus
2499 4787 2778 4858 prophetae
2803 4786 3008 4858 grande
3032 4787 3164 4843 illud
3189 4763 3338 4846 intra
3358 4794 3537 4842 cetum
3561 4787 3801 4841 viventis

530 4881 885 4944 miraculum,
918 4883 1062 4952 quod
1085 4881 1307 4952 quidam
1332 4884 1582 4934 recentes
1607 4877 1789 4932 critici
1821 4877 2087 4933 scelerate
2108 4875 2358 4933 derident
2383 4875 2474 4947 (ne
2493 4876 2714 4934 Christo
2743 4878 2962 4948 quidem
2986 4879 3179 4935 Matth.
3215 4896 3309 4944 xu,
3339 4868 3429 4943 ιο,
3455 4878 3792 4940 credentes),

536 4973 784 5027 nonnulli
831 4973 1119 5043 allegorice
1169 4978 1378 5026 tantum
1433 4969 1760 5035 admittunt,
1821 4969 1905 5023 vel
1972 4970 2249 5040 propheta:
2305 4969 2577 5024 somnium
2647 4972 2997 5037 existimant,
3072 4973 3164 5027 alii
3228 4987 3294 5028 ex
3357 4972 3553 5027 fabulis
3611 4970 3797 5024 ethni-

536 5078 748 5129 corum,
811 5074 941 5133 puta
993 5063 1061 5117 de
1111 5060 1482 5121 Andromeda,
1537 5058 1620 5113 vel
1670 5059 1738 5112 de
1798 5055 2030 5113 llcrrule
2082 5058 2176 5128 qui
2225 5056 2482 5128 Neptunii
2527 5061 2682 5116 canis
2726 5062 3034 5118 visceribus
3075 5066 3252 5119 evasit
3303 5064 3614 5128 incolumis,
3661 5079 3796 5118 cou-

537 5155 864 5222 glutinatum
915 5153 1203 5219 dictitant;
1250 5151 1337 5221 pie
1392 5149 1737 5214 Theodorus,
1787 5155 1845 5201 ut
1895 5163 2012 5204 mos
2059 5156 2144 5205 est
2190 5149 2448 5206 Ecclﬂsia:
2482 5149 2702 5206 Patrum
2735 5161 2791 5208 et
2831 5155 3251 5220 catholicorum,
3301 5171 3624 5224 summaque
3663 5171 3791 5211 cum

539 5245 845 5300 reverentia
906 5245 1254 5312 amplectitur
1305 5257 1407 5297 nec
1457 5240 1525 5296 de
1578 5255 1642 5296 eo
1696 5239 2055 5310 qumstionem
2101 5239 2268 5294 ullam
2312 5240 2430 5296 fieri
2479 5243 2700 5312 patitur.
2753 5241 2822 5299 Ut
2865 5252 3046 5300 autem
3097 5247 3300 5302 mentis
3345 5244 3643 5310 Theodori,
3681 5261 3792 5315 qua

537 5341 857 5408 prophetias
919 5337 986 5392 de
1039 5335 1260 5404 Christo
1304 5336 1490 5401 tradit,
1538 5337 1749 5391 illustre
1805 5335 2082 5405 specimen
2133 5335 2279 5399 dem,
2331 5351 2442 5391 non
2493 5339 2760 5395 recusabo
2814 5340 2872 5394 in
2928 5338 3160 5410 gratiam
3217 5338 3432 5392 illorum
3482 5337 3794 5408 quiGrrece

540 5429 796 5484 nesciunt
829 5427 1298 5499 (quandoquidem
1337 5428 1587 5485 Latinam
1625 5428 2131 5499 interpretationem
2175 5429 2243 5484 ab
2273 5429 2377 5486 hoc
2404 5431 2682 5488 volumine
2713 5433 2942 5498 exclusi,
2975 5447 3138 5502 quam
3183 5432 3422 5488 liberiori
3457 5433 3570 5487 otio
3615 5433 3795 5488 absol-

535 5519 768 5573 vendam
804 5521 1319 5596 perpolicndamque
1347 5527 1588 5587 reservo)
1618 5526 1951 5582 luculentum
1987 5532 2223 5580 tractum
2261 5524 2454 5583 Latine
2485 5542 2684 5596 ponere
2712 5527 2779 5581 ad
2812 5529 2902 5584 illa
2933 5527 3101 5584 Joelis
3129 5529 3294 5583 verba
3328 5543 3448 5599 cap.
3480 5543 3539 5593 ll,
3575 5525 3738 5582 28-5!
3775 5545 3788 5581 :

542 5613 833 5681 Effundam
866 5617 930 5669 de
971 5616 1174 5686 Spiritu
1206 5637 1316 5674 meo
1349 5637 1502 5690 super
1533 5637 1733 5675 onmem
1779 5635 2009 5683 carnem,
2044 5629 2092 5670 ct
2125 5619 2506 5687 prop/relabitur
2539 5622 2642 5690 ﬁlii
2673 5623 2829 5676 vestri
2856 5631 2906 5675 et
2947 5621 3074 5692 ﬁlim
3111 5631 3313 5684 castrat,
3348 5629 3398 5675 et
3449 5635 3593 5674 senes
3633 5619 3789 5673 vestri

540 5706 749 5760 somnia
788 5708 1143 5775 somniabunt,
1171 5721 1222 5764 et
1249 5715 1458 5782 juvenes
1497 5715 1654 5768 vestri
1704 5713 1926 5766 uisiones
1969 5712 2233 5765 videbunt.
2280 5711 2346 5764 Et
2391 5731 2547 5782 super
2578 5732 2752 5769 servos
2795 5732 2954 5778 meos,
2987 5726 3034 5770 et
3083 5730 3236 5782 super
3283 5711 3510 5767 ancillas
3550 5728 3690 5765 meas
3737 5711 3787 5763 in

543 5799 722 5898 tlt'sbus
753 5802 860 5859 illis
900 5803 1169 5876 e/fundam
1197 5807 1260 5867 de
1293 5808 1493 5879 Spiritu
1528 5822 1673 5873 meo;
1709 5816 1755 5861 ct
1789 5801 2236 5860 vaticinabutttur.
2271 5801 2338 5858 Et
2371 5803 2507 5862 dabo
2534 5807 2777 5878 prodigia
2808 5809 2860 5862 in
2895 5808 3020 5864 catlo
3054 5819 3102 5863 et
3136 5824 3291 5880 super
3323 5816 3538 5874 terram,
3574 5800 3783 5873 sangui~

1240 5917 1312 5959 to‘
