2052 3233
146 158 198 186 117
795 156 877 185 ΛΜΞ.
898 156 956 184 MM

1002 155 1188 183 ‘RAZFATIO.
1761 153 1811 184 ηε

139 224 203 246 nam
222 219 251 242 ιι
261 216 348 251 iqnam
365 220 390 244 et
405 224 529 251 vaporem
539 216 622 250 fami;
640 216 680 244 sol
695 220 810 243 vertetur
822 217 849 242 in
867 216 997 249 tenebras,
1014 221 1038 243 et
1051 216 1115 244 luua
1127 216 1153 243 in
1166 215 1332 251 sanguinem,
1345 221 1406 243 ante
1421 224 1501 251 quam
1520 210 1673 243 venialdiés‘
1694 206 1813 242 Domini“

139 272 259 299 magnus
277 269 302 290 et
319 263 447 291 illustris.
466 263 515 297 lbi,
529 265 654 300 inquam,
673 269 735 300 post
748 264 801 305 alia
816 264 890 292 dicta
907 264 1071 292 Theodorus
1086 264 1207 300 disputat
1222 264 1262 292 sic
1277 274 1288 292 :-
1304 264 1389 291 l'erba
1399 264 1454 291 haec
1469 265 1561 291 beatus
1581 263 1677 291 Petrus
1692 262 1804 291 Indicos

139 311 286 347 alloquens
297 311 330 339 de
346 311 466 346 Spiritus
485 313 573 340 sancti
588 312 704 340 aduentu
713 313 849 346 usurpat-it
864 313 1121 345 conuenientissime,
1137 311 1349 347 quandoquidem
1365 311 1454 345 prisca
1468 311 1511 338 lea:
1525 313 1679 345 futurorum
1686 312 1809 338 manium

138 358 269 393 quadam
283 358 379 385 umbra
396 358 549 393 fuit.—Et
563 358 614 386 illa
627 358 734 395 quidem
751 364 836 386 vetera
852 368 964 395 parvum
978 358 1044 395 quid
1062 364 1139 387 erant
1152 365 1177 386 et
1193 364 1320 395 tanquam
1333 356 1541 390 adumbratam;
1559 357 1654 384 ita-nt:
1664 357 1828 385 secuit-drum-

139 407 306 442 hyperbolen
320 408 411 442 potius
431 416 513 444 quant
533 407 678 436 secundum
693 409 731 436 rei
746 409 893 443 veritatem,
911 409 983 437 dicta
994 410 1106 444 fuerint,
1123 409 1168 437 sed
1181 409 1239 444 ipsa
1250 406 1499 437 deorumdictorum
1509 406 1641 433 ueracitas
1656 407 1682 433 in
1699 406 1832 433 Christ

141 454 260 482 Domino
273 456 399 489 effectum
415 456 555 491 manifeste
571 457 682 490 habuit;
695 466 745 493 quo
758 463 874 493 tempore
891 467 987 494 magna
999 459 1090 486 omnia
1102 464 1127 486 et
1142 459 1260 493 terriﬁca
1275 461 1393 492 nostrqtte
1407 460 1433 484 et
1446 456 1515 482 mira
1530 462 1586 491 prie
1599 455 1700 482 cunctis
1713 455 1825 489 prisca.“

141 502 206 536 lcqis
228 501 369 531 eventibus
392 508 572 537 apparuerunt
594 511 603 529 :
623 504 663 530 ita
688 508 716 530 ut
743 502 821 531 Vetus
847 504 1045 531 Testamentum
1066 504 1216 540 amigmatis
1233 503 1290 531 loco
1305 502 1397 537 fuerit;
1414 509 1503 529 rerum
1523 506 1613 527 autem
1628 501 1675 528 sub
1700 500 1818 527 Christo'

142 548 260 574 Domino
283 553 422 583 gestarant
442 548 599 584 magnitudo
620 548 758 576 ceritatem
782 549 887 576 demum
901 549 1009 577 stiterit.
1029 549 1111 585 Atque
1127 550 1165 577 ita
1185 549 1277 577 beatus
1293 548 1384 576 aiebat
1401 547 1488 575 David
1502 547 1536 574 de
1557 546 1675 581 populo:
1691 546 1750 574 Non
1766 551 1809 575 est

142 598 277 624 derelicta
296 598 390 624 anima
405 598 466 632 ejus
481 598 508 625 in
523 598 641 630 inferno,
660 605 749 633 neque
764 606 831 627 caro
845 598 906 634 ejus
924 599 993 627 vidit
1004 599 1210 635 corruptionem
1228 601 1234 615 ¹
1250 606 1257 626 :
1274 597 1343 634 quod
1358 595 1471 625 sans'de
1485 602 1516 622 re
1532 599 1588 621 tum
1605 599 1679 630 gesta
1696 594 1810 630 intelligi

141 645 243 676 nequit,
262 644 310 671 sed
323 645 502 680 metaphorice
514 651 592 679 atque
610 645 776 680 hyperbolice
790 646 890 673 dicitur
904 651 1008 680 ereptus
1026 647 1139 682 populus
1154 646 1186 675 de
1200 646 1317 682 periculo
1333 650 1410 681 atque
1423 643 1547 679 pernicie.
1563 642 1609 670 Rei
1628 651 1708 678 porro
1723 644 1808 679 ipsius

142 691 315 725 raticiniique
330 692 428 719 veritas
444 692 472 719 in
485 692 592 720 Christo
608 692 723 720 Domino
738 693 829 729 palam
843 693 916 728 facta
927 697 977 728 est,
989 702 1049 721 cum
1064 698 1172 729 propter
1186 693 1339 728 resurgendi
1355 693 1571 725 virtutemneque
1583 690 1673 717 anima
1688 690 1745 725 ejus
1762 690 1809 717 diu

142 737 212 772 apud
228 738 334 773 inferos
350 746 461 773 corpore
474 739 598 774 sejuncta
611 740 720 773 mansit,
734 747 815 775 neque
828 747 923 774 corpus
934 740 1129 774 corruptionem
1144 740 1228 767 ullam
1238 747 1348 774 passum
1363 739 1425 773 fuit,
1442 741 1581 775 quodnon
1592 739 1680 767 solum
1693 738 1812 774 ﬁguram
1832 751 1836 758 ν

141 787 283 819 propriam
296 786 420 820 retinuit,
435 788 463 815 in
478 796 531 823 qua
546 793 680 816 mortuum
696 789 796 823 fuerat,
809 796 898 816 eorum
912 789 994 816 etiam
1009 788 1045 816 ad
1060 788 1238 816 immortalem
1253 788 1532 824 incorruptibilemque
1546 792 1672 816 naturam
1686 787 1817 814 transiit.»

142 830 327 864 Quamobrem
345 833 437 867 priora
453 833 513 866 illa,
528 835 641 870 anigma
655 835 782 870 fuerunt;
798 836 855 864 hau
870 837 1031 871 posteriora,
1046 837 1154 864 veritas.
1169 836 1268 864 Beatus
1285 836 1367 872 igitur
1386 836 1483 864 Petrus
1499 835 1584 864 verbis
1606 836 1662 864 illis
1678 841 1808 871 tanquam

141 877 203 904 olim
222 878 406 912 metaphorice
423 887 475 907 non
486 880 544 907 sine
561 889 644 908 causa
655 880 745 914 dictis,
767 890 836 909 nunc
859 887 949 909 autent
964 886 1083 909 eventum
1102 890 1192 910 verum
1207 882 1234 909 in
1256 887 1330 917 gesta
1345 889 1373 909 re
1391 883 1549 915 consecutis,
1567 886 1697 913 manust;
1717 881 1755 908 ita
1779 887 1807 907 ut
1832 890 1836 902 -'

141 932 211 951 nunc
233 926 323 960 magis
342 926 519 960 pra'sentibus
533 932 600 955 esset
623 927 792 960 credendum,
808 937 890 964 quam
911 928 944 956 de
967 928 1063 964 priscis
1085 929 1141 957 illis
1161 929 1409 965 obstupescendum.
1434 929 1468 957 Et
1489 930 1577 966 paulo-
1592 929 1685 957 infra:
1704 929 1807 957 Cuncta

142 973 286 1000 rarissima
301 974 330 1000 in
347 973 455 1001 Christo
472 974 585 1003 Domino
600 980 757 1008 evaserunt;
773 984 836 1004 nam
844 981 868 1004 et
882 976 923 1004 sol
934 984 991 1004 rem
1004 976 1190 1004 obtenebratus
1205 977 1268 1012 fuit,
1280 981 1306 1004 et
1321 976 1386 1005 luna
1399 977 1516 1012 pariter;
1527 981 1710 1013 magnaquoet
1723 977 1808 1003 multa
1822 992 1830 998 π

140 1019 205 1045 arto
224 1024 351 1055 terraque
365 1021 492 1056 prodigia
508 1023 681 1056 acciderunt;
703 1029 728 1050 ct
748 1023 850 1052 Christi
873 1023 983 1051 Domini
1002 1024 1131 1052 salutaris
1147 1024 1257 1061 sanguis
1280 1024 1352 1052 visus
1371 1028 1431 1056 est;
1450 1029 1475 1051 et
1490 1024 1559 1060 ignis
1579 1031 1722 1059 specuum,
1737 1025 1808 1059 quod
1832 1043 1835 1046 ι

140 1064 329 1093 descendentis
345 1066 463 1102 Spiritus
478 1069 529 1095 vim
547 1070 739 1105 signiﬁcabat;
756 1072 947 1107 euiprtecessit
962 1071 1030 1105 fumi
1045 1078 1139 1106 vapor,
1154 1071 1200 1107 qui
1217 1076 1358 1099 eventuras
1372 1070 1577 1105 cruci/izoribus
1592 1078 1683 1106 poenas
1693 1076 1807 1105 porten-

141 1108 231 1137 flabat.
246 1110 323 1138 Tunc
335 1113 418 1140 etiam
434 1112 553 1148 Spiritus
565 1116 653 1143 sancti
667 1117 763 1151 gratim
774 1117 864 1144 cuncti
876 1117 1020 1152 participes
1037 1116 1103 1152 facti
1119 1121 1200 1151 sunt,
1217 1117 1360 1152 multisque
1379 1124 1411 1144 ac
1425 1117 1507 1144 variis
1521 1116 1811 1144 charismalibusinsh

140 1158 207 1191 gniti
220 1166 230 1185 :
246 1167 333 1194 quare
355 1160 621 1197 aliiprophetabant.
644 1164 692 1191 alii
707 1165 825 1200 plurima
845 1165 957 1193 edebant
977 1165 1120 1198 miracula,
1138 1165 1170 1193 ob
1192 1165 1363 1194 asserendam
1386 1171 1466 1201 gestio
1488 1166 1526 1193 rei
1539 1166 1760 1202 magnitudinem,
1782 1172 1807 1194 ct

141 1205 245 1233 Christi
260 1206 374 1235 Domini
388 1217 434 1236 seu
444 1210 525 1245 ﬁdem
536 1220 582 1239 seu
594 1212 710 1248 gloriam
721 1213 971 1242 constabiliendam.
984 1214 1062 1248 Quod
1080 1214 1144 1242 olim
1157 1214 1239 1250 igitur
1253 1214 1430 1249 metaphorice
1444 1215 1572 1250 propheta
1590 1215 1628 1243 cel
1641 1215 1807 1250 hyperbolico
1823 1230 1828 1236 »

141 1254 260 1289 ἅληται,
280 1265 353 1284 nunc
367 1259 539 1294 manifestam
556 1259 632 1288 habet
646 1261 860 1296 signiﬁcatam»:
877 1269 966 1289 rerum
983 1261 1138 1294 veritatem;
1158 1262 1212 1290 imo
1228 1262 1306 1289 verba
1324 1262 1396 1297 infra
1416 1271 1457 1291 res
1473 1263 1545 1298 ipsas
1561 1268 1635 1290 sunt.
1651 1262 1707 1290 Cur
1718 1263 1807 1298 itaque

140 1300 190 1326 hoc
210 1302 372 1330 vaticinium
387 1304 501 1340 itemque
512 1307 625 1343 reliqua,
642 1312 769 1343 quotquot
783 1308 816 1335 de
829 1308 890 1335 aliis
904 1308 977 1335 dicta
989 1317 1006 1335 a
1017 1308 1152 1343 prophetis
1175 1312 1249 1342 sunt,
1261 1307 1293 1335 de
1304 1306 1406 1336 Christi
1419 1308 1528 1336 Domini
1540 1308 1724 1336 incarnatione
1735 1307 1808 1335 beati
1828 1321 1832 1325 ε

142 1347 260 1377 mortali
275 1348 467 1384 intellexerint,
476 1352 543 1379 hanc
557 1354 651 1381 merito
662 1362 742 1389 quam
756 1355 873 1382 diximus
885 1363 996 1382 causam
1005 1354 1110 1383 credere
1124 1354 1195 1382 licet.
1210 1353 1256 1382 Sic
1270 1354 1339 1382 enim
1354 1359 1378 1382 et
1394 1356 1566 1391 antiquarum
1581 1363 1669 1383 rerum
1691 1354 1807 1381 historia
1817 1366 1830 1376 ιι

142 1392 252 1420 minime
268 1394 336 1429 [icta
352 1403 471 1432 apparet,
484 1404 510 1426 et
525 1398 681 1434 magnitudo
696 1400 867 1433 prtcsentium
881 1407 914 1427 ea:
927 1400 1038 1427 illarum
1052 1398 1253 1434 comparatione
1265 1399 1351 1434 magis
1363 1400 1536 1435 coarguitur;
1552 1404 1631 1435 atque
1644 1398 1711 1426 illud
1727 1398 1806 1426 undi-

142 1446 191 1474 que
210 1447 338 1475 apparet,
356 1452 397 1471 res
413 1445 541 1473 nimirum
556 1446 648 1473 veteris
661 1446 725 1481 legis
744 1446 778 1472 ad
795 1446 866 1474 Novi
881 1446 1047 1474 Testamenti
1061 1451 1168 1474 euentus
1181 1444 1276 1480 referri
1289 1453 1298 1473 .'
1317 1446 1383 1474 adeo
1399 1450 1488 1474 tamen
1501 1448 1593 1482 priora
1612 1446 1805 1482 posterioribus

138 1487 245 1519 callere.
262 1495 396 1524 quantum
412 1501 522 1527 corpore
537 1492 659 1520 umbraut
671 1493 831 1521 deteriorem
848 1502 905 1522 esse
915 1501 965 1529 par
980 1498 1031 1526 est,
1045 1493 1096 1521 etsi
1108 1488 1148 1521 ad:
1168 1493 1216 1520 hoc
1234 1492 1368 1528 quadrare
1384 1492 1497 1522 videtur.
1516 1494 1657 1523 Hactenus
1678 1494 1806 1522 Theodoo

139 1542 209 1568 “'5;
228 1536 273 1563 CUi
298 1537 496 1572 astipulantem
512 1541 585 1569 dabo
598 1541 740 1574 Rutilium,
758 1542 806 1577 qui
823 1542 854 1570 in
873 1542 1075 1578 Commentario
1094 1542 1130 1570 ad
1146 1541 1222 1570 Oseaz
1237 1541 1317 1569 verba
1332 1548 1394 1576 cap.
1410 1550 1449 1577 xi,
1467 1544 1494 1577 1,
1513 1543 1556 1570 Ex
1576 1542 1695 1579 Egypto
1716 1542 1806 1570 uocari

140 1579 248 1608 Filium
270 1592 370 1617 meum,
386 1586 426 1613 sic
440 1587 556 1615 scribit:
572 1588 649 1622 Quod
665 1589 698 1617 de
716 1590 814 1625 popqu
834 1589 935 1617 dictum
958 1598 1014 1618 esse
1032 1590 1177 1625 prophetica
1193 1594 1281 1617 textus
1303 1589 1430 1622 ostendit,
1450 1589 1499 1617 hoc
1514 1590 1595 1617 etiam
1610 1589 1645 1617 ad
1664 1596 1806 1624 personam

141 1627 255 1655 Domini
274 1632 362 1657 nostri
379 1631 445 1659 Iesu
460 1633 563 1661 Christi
575 1643 652 1670 posse
674 1636 830 1671 transferri,
846 1635 996 1671 apostolica
1014 1636 1171 1664 monstravit
1197 1635 1362 1667 auctoritas;
1381 1642 1428 1670 per
1453 1644 1529 1671 quem
1552 1636 1672 1664 videlicet
1691 1644 1724 1663 ea
1746 1643 1806 1671 qua

135 1674 248 1703 Juda’is
270 1677 336 1705 data
353 1684 429 1706 erant
443 1680 541 1709 divime
567 1683 676 1718 pietatis
697 1683 826 1719 insignia,
852 1688 877 1712 et
896 1684 1061 1711 cumulatius
1080 1684 1156 1711 nobis
1176 1683 1360 1718 conferrentur
1378 1688 1404 1710 et
1414 1682 1531 1718 gratius.
1547 1681 1586 1710 Ne
1611 1681 1678 1709 illud
1693 1689 1805 1717 quoque

143 1730 200 1748 non
221 1723 372 1751 dicchqu
393 1731 445 1759 est,
472 1728 545 1762 quod
566 1729 765 1765 prophetarum
784 1729 853 1757 ordo
872 1728 946 1765 apud
963 1729 1141 1758 Theodorum
1161 1729 1289 1758 diversus
1305 1737 1320 1757 a
1336 1728 1479 1757 communi
1502 1728 1530 1755 in
1545 1728 1651 1756 Graecis
1673 1728 1803 1756 editioni-

138 1770 194 1798 bus
213 1776 269 1803 est,
289 1772 328 1799 illi
350 1782 415 1801 vero
433 1775 586 1804 conformis
602 1785 684 1812 quem
706 1776 804 1804 Latina
824 1777 935 1813 vulgata
960 1777 1072 1805 retinet.
1090 1776 1127 1803 Ea
1146 1784 1229 1812 porro
1249 1776 1450 1804 versiculorum
1467 1774 1625 1807 distinctio,
1638 1781 1722 1810 quam
1738 1781 1805 1802 neo-

137 1820 221 1846 rerici
241 1820 421 1855 iln'excrtlnt,
442 1831 584 1860 quamque
597 1824 655 1859 jam
681 1828 791 1853 mutare
814 1825 849 1853 ob
864 1825 1062 1861 pervulgatum
1089 1833 1169 1854 usum
1188 1824 1382 1860 nonvcxpcdit,
1408 1823 1531 1851 absurda
1554 1831 1627 1859 sape
1649 1827 1677 1851 et
1703 1826 1801 1851 contra

137 1867 282 1894 cratioais
301 1869 470 1897 sontentiam
496 1871 678 1907 cognoscitur
692 1881 703 1898 ι
718 1871 792 1907 quod
809 1871 908 1899 vitium
930 1872 958 1898 in
974 1871 1128 1907 majoribus
1149 1879 1260 1907 quoque
1279 1871 1464 1906 capitulorum
1487 1870 1659 1898 sectionibus
1676 1870 1803 1906 quando-

138 1922 196 1949 que
210 1915 368 1942 admissum
385 1916 532 1953 videmus;
547 1926 608 1954 qua:
623 1919 715 1947 omnia
734 1918 873 1947 Theodori
898 1926 1001 1951 sermo,
1017 1920 1064 1954 qui
1083 1920 1307 1948 diversisutiun'
1323 1919 1427 1955 pansis,
1453 1918 1593 1946 emendat.
1610 1918 1702 1953 Atque
1728 1918 1800 1945 hanc

141 1961 268 1996 capitum
286 1961 454 1990 divisionem
473 1964 630 1993 inconsulte
646 1964 796 1992 admodum
814 1964 915 1993 factam
930 1965 959 1992 in
973 1966 1117 1992 Ciceronis
1133 1974 1244 2000 quoque
1258 1963 1661 1998 orationibus,demonstrasse
1680 1971 1723 1991 me
1738 1963 1804 1991 olim

138 2010 269 2040 memini.
281 2018 348 2037 cum
363 2010 544 2040 Verrinarum
564 2018 658 2049 partes
677 2021 711 2041 ex
729 2013 926 2049 antiquissimo
943 2013 1082 2040 Vaticana:
1100 2011 1275 2041 bibliothecae
1299 2013 1480 2048 palimpsesto
1503 2012 1623 2041 ederem.
1639 2011 1693 2040 Sed
1712 2015 1804 2039 tamen

138 2057 311 2088 Theodorus
327 2069 384 2089 non
404 2061 508 2092 idcirco
522 2064 604 2092 aliter
620 2069 782 2093 contextum
800 2065 933 2092 biblicum
949 2064 1201 2093 dlsCl'lllllniln’Jllll]
1215 2064 1401 2096 demonstrat,
1418 2063 1492 2099 quod
1509 2063 1568 2099 ipse
1584 2063 1668 2090 ullam
1682 2063 1819 2098 capitum;

140 2108 407 2143 versiculorumque
424 2110 575 2138 sectionem
597 2110 703 2145 iaciat;
721 2114 765 2139 est.
784 2111 860 2138 cnim
880 2111 908 2139 in
926 2111 1023 2139 codice
1044 2112 1178 2139 continua
1198 2111 1337 2146 scriptura
1355 2110 1418 2146 (etsi
1437 2118 1487 2146 ego
1512 2110 1541 2137 in
1557 2109 1680 2137 editione
1702 2108 1806 2137 discri-

141 2156 278 2192 mi-navi);
296 2158 344 2184 scd
361 2158 426 2193 quia
440 2158 506 2186 dum
522 2159 604 2187 aliter
618 2159 762 2187 exorditur
777 2160 945 2193 orationem,
966 2160 1089 2196 itemque
1104 2161 1185 2188 aliter
1206 2160 1322 2191 claudit,
1338 2168 1422 2195 quam
1441 2158 1577 2194 Vulgatus
1593 2161 1757 2194 ιεκιυδςξιω)
1774 2166 1821 2187 so-

139 2204 208 2236 l’ert.
229 2205 372 2233 divvrsam
391 2207 607 2242 rcspirationum
623 2207 837 2242 scclionumque
852 2207 989 2235 rationem
1005 2215 1035 2235 se
1049 2207 1196 2242 agitavisse
1212 2206 1394 2234 demonstrat.

176 2250 247 2278 Vlll.
271 2251 405 2287 Superest
431 2257 460 2280 ut
480 2252 668 2286 Theodorum,
682 2257 820 2289 quatenus
838 2261 854 2280 a
875 2258 951 2280 recto
972 2253 1084 2280 tramite
1107 2252 1216 2280 videtur
1232 2251 1388 2285 deﬂectere,
1410 2259 1615 2287 coarguamus;
1635 2251 1709 2278 haud
1726 2251 1815 2280 illius,

138 2301 255 2337 quidem
271 2301 401 2329 diatriba:
418 2309 496 2330 more
515 2310 577 2338 quas
601 2302 674 2330 inter
704 2302 807 2337 scripta
832 2302 1024 2338 Chrysostomi
1052 2302 1085 2329 ad
1107 2300 1283 2329 Theodorum
1303 2300 1409 2336 lapsum
1431 2301 1542 2337 legitur,
1565 2300 1612 2328 sed
1632 2300 1686 2329 leni
1713 2300 1804 2336 potius

140 2349 336 2377 admonitione
352 2349 501 2384 legentium
517 2350 741 2385 utpcriculosam
760 2350 927 2385 quandoque
947 2350 1034 2386 ipsius
1050 2349 1202 2386 ἑρμηνείαν
1220 2352 1348 2377 caveant.
1365 2349 1414 2377 Est
1426 2349 1499 2376 enim
1514 2349 1651 2384 peculiare
1665 2347 1817 2377 Theodori,

139 2396 314 2427 institutum,
338 2400 366 2422 ut
384 2396 533 2431 prophetas
557 2396 692 2424 historice
712 2396 841 2432 explicet,
861 2396 887 2424 id
911 2400 952 2425 cst
978 2401 1008 2423 ut
1031 2397 1085 2424 vim
1105 2396 1209 2432 passim
1235 2395 1427 2423 vaticiniorum
1453 2395 1487 2423 de
1512 2395 1619 2424 Veteris
1633 2395 1802 2424 Testamcnti

139 2445 226 2471 rebus
243 2443 462 2479 hominibusque
475 2443 610 2479 intelligat
626 2451 658 2471 ac,
676 2443 875 2478 interpretetur
890 2453 896 2471 :
914 2449 996 2479 atque
1008 2444 1035 2471 in
1052 2443 1097 2471 his
1111 2443 1274 2471 nominatim
1290 2442 1446 2470 minoribus
1458 2443 1600 2478 prophetis
1615 2443 1803 2478 captivitatem

139 2498 255 2525 semper
268 2498 301 2517 ac
317 2490 519 2525 postliminium
536 2489 694 2518 Iudaeorum
709 2498 767 2526 pra
789 2490 880 2518 oculis
902 2490 1001 2523 habet;
1023 2491 1051 2518 in
1073 2490 1183 2519 duobus
1202 2494 1295 2518 autem
1318 2489 1477 2525 postremis,
1500 2489 1636 2517 Zacharia
1655 2488 1762 2518 scilicet
1777 2494 1805 2517 et

140 2536 293 2569 Malachia,
310 2540 436 2571 tempora
451 2544 562 2572 quoque
581 2536 802 2565 Machabaeorum
828 2537 969 2573 agnoscit;
988 2537 1022 2564 ad
1037 2537 1180 2564 Christum
1195 2540 1287 2564 autem
1306 2536 1424 2571 ejusque
1445 2535 1599 2564 Ecclesiam
1616 2537 1730 2564 nonnisi
1748 2536 1804 2565 fere

138 2589 257 2620 propter
269 2584 406 2612 veriorem
420 2584 629 2621 planioremque
644 2584 768 2618 ἔκϐασιν,
790 2585 819 2613 id
834 2590 877 2613 est
899 2589 1030 2617 euentum,
1051 2584 1185 2612 vaticinia
1210 2583 1306 2615 refert.
1330 2587 1361 2611 ιιι
1384 2582 1412 2610 ὶη
1434 2583 1547 2611 recitato
1562 2583 1687 2618 exetuplo
1699 2590 1804 2619 cogno-

139 2632 244 2664 vimus,
262 2639 419 2667 mrsusque
430 2632 464 2660 ad
481 2632 623 2660 Michaeam
645 2641 672 2667 ν,
695 2633 723 2666 ‘2,
743 2633 790 2661 ubi
812 2633 846 2661 de
870 2633 1104 2669 promissionibus
1122 2640 1138 2660 a
1156 2632 1211 2660 Deo
1225 2631 1319 2661 Davidi
1342 2631 1424 2660 factis
1449 2634 1545 2659 noster
1563 2630 1703 2666 disputat;
1722 2635 1749 2659 et
1769 2631 1804 2659 ad

139 2679 308 2708 Zachariam
326 2688 365 2712 ix,
382 2679 427 2714 10,
440 2680 489 2709 ubi
504 2681 666 2709 vaticinium
683 2682 756 2710 inter
769 2680 969 2710 Zorohabelem
989 2687 1016 2709 et
1027 2682 1170 2710 Christum
1187 2680 1272 2709 dividi
1287 2688 1370 2716 posse
1381 2684 1475 2715 negat.
1494 2679 1576 2715 Atqui
1593 2679 1650 2707 hazc
1664 2679 1736 2707 ratio
1747 2687 1803 2707 non

140 2729 282 2757 immerito
297 2729 404 2757 Cra-cis
423 2728 586 2766 Latinisque
599 2726 731 2758 Patribus
748 2731 871 2766 ipsisque
886 2731 969 2759 etiam
982 2730 1109 2759 conciliis
1121 2733 1252 2765 suspecta
1263 2732 1346 2764 atque
1368 2727 1522 2763 improbata
1541 2726 1593 2754 fuit
1612 2736 1619 2754 :
1647 2732 1712 2755 sunt
1728 2727 1802 2754 citius

141 2784 239 2812 reapse
255 2776 389 2804 vaticinia
406 2777 503 2809 multa,
525 2784 587 2812 quae
603 2776 745 2805 Christum
762 2777 854 2810 unice,
878 2777 989 2805 nomine
1014 2776 1189 2812 interposito,
1211 2777 1357 2810 spectant;
1382 2781 1472 2809 neque
1494 2774 1629 2802 Theodori
1651 2775 1803 2803 auctoritas

139 2825 215 2849 tanta
235 2826 291 2854 est,
309 2830 400 2858 neque
412 2822 473 2858 cjus
489 2832 605 2854 acumen
620 2829 676 2853 tam
692 2825 833 2861 singulare
856 2825 1036 2859 crcdcndum,
1055 2830 1086 2852 ut
1107 2824 1181 2860 quod
1200 2824 1245 2851 alii
1266 2822 1373 2855 Patres.
1397 2824 1467 2852 tales
1489 2825 1612 2860 tantique
1628 2823 1692 2858 viri,
1714 2823 1802 2852 subli-

139 2869 229 2898 miore
243 2870 294 2898 illo
309 2871 503 2900 tantummodo
523 2881 606 2902 sensu
625 2873 786 2910 praedictum
809 2877 941 2909 putarunt
964 2882 995 2902 ac
1017 2873 1184 2906 docuerunt,
1207 2871 1272 2899 huic
1300 2871 1435 2899 arbitratu
1458 2879 1508 2899 suo
1524 2871 1558 2900 de
1581 2870 1663 2899 rebus
1681 2870 1806 2911 primum.

174 2941 183 2978 Ϋ
205 2941 282 2971 Ρς-ιι.
297 2950 342 2969 sv.
361 2941 405 2985 lt).
687 2981 690 2983 ἓ

1560 2937 1582 2948 '\
