4104 6470
551 356 577 409 1
595 347 653 406 i9
1027 396 1044 412 δ
1783 351 1944 408 ΔΝΟ.
1990 351 2137 407 MAI!

2197 351 2573 411 ’REFATIO.
3710 348 3818 405 120

549 462 808 520 humanis
834 463 1106 534 explicare
1134 462 1315 528 liccat,
1356 462 1553 520 deinde
1587 463 1654 518 ad
1694 462 1912 520 divinas
1945 466 2245 522 transferre
2277 485 2292 520 :
2323 481 2446 537 quae
2474 465 2613 521 ratio
2637 470 2975 534 quantopere
3008 460 3151 532 apud
3180 460 3376 532 vulgus
3404 461 3817 534 prophetiarum

544 553 690 606 vires
742 550 1025 622 infringat,
1080 550 1502 608 imbecilliorum
1553 553 1717 608 tidem
1770 554 2035 620 debilitet,
2086 555 2343 626 foresque
2380 557 2544 612 etiam
2606 555 2977 611 incredulitati
3035 555 3427 611 nonnullorum
3469 555 3691 626 pandat,
3737 556 3816 626 pii

541 663 739 706 omnes
772 649 1036 704 sentiunt.
1075 646 1219 703 Sane
1260 645 1366 701 hoc
1393 657 1567 714 genus
1609 643 2076 714 interpretationis
2113 646 2357 716 apprime
2403 643 2608 703 Judteis
2652 645 2977 716 capitalibus
3014 642 3223 700 Christi
3261 645 3818 716 Christianorumque

541 739 688 799 omni
719 743 962 814 tempore
999 742 1273 806 hostibus,
1303 737 1582 809 placuisse
1617 745 1718 808 par
1759 745 1882 794 est:
1919 737 1990 793 ob
2024 748 2254 809 eamque
2295 750 2520 794 causam
2575 731 2949 808 ἱουδαιόφρονα
2985 735 3332 791 Theodon
3364 750 3395 790 a
3428 735 3664 808 Georgio
3695 735 3814 790 Ha-

544 832 775 887 martolo
802 831 856 886 in
888 831 1152 887 chronico
1175 827 1356 884 adhuc
1383 826 1592 882 inedito
1617 824 1825 881 dictum
1855 835 2023 897 puto;
2059 833 2178 884 tum
2203 827 2370 884 etiam
2397 829 2527 900 quia
2560 827 2976 900 synedricorum
3006 825 3433 881 commentarius
3461 825 3674 898 (nescio
3699 843 3815 897 quo

542 935 678 980 usus
713 921 1028 992 interprete)
1061 921 1274 976 videtur
1317 921 1565 978 studiose
1601 921 1959 987 iectitavisse,
2012 923 2099 979 vel
2151 925 2335 995 potius
2375 923 2596 982 Iudaeos
2642 925 2935 996 magistros
2967 921 3188 978 audisse
3230 938 3246 975 :
3296 935 3422 976 nam
3469 932 3620 977 certe
3665 925 3811 992 apud

540 1014 942 1073 lienaudotium
977 1016 1053 1089 (α)
1084 1013 1484 1074 Bar—Salibasus
1526 1016 1624 1073 abs
1667 1015 1873 1073 Judteis
1905 1002 2220 1076 institutum
2259 1022 2619 1078 Theodorum
2645 1029 2895 1076 nostrum
2927 1020 3179 1078 adimat.
3210 1021 3412 1095 Utique
3442 1039 3582 1094 quas
3611 1025 3812 1079 Hiero-

540 1113 736 1178 nymus
775 1109 906 1163 dicit
938 1123 1061 1164 esse
1095 1107 1446 1163 Hebraeorum
1489 1108 1813 1172 sententias,
1858 1110 2126 1180 eas-apud
2158 1111 2506 1168 Theodorum
2542 1113 2871 1183 quandoque
2898 1111 3147 1182 legimus.
3181 1113 3337 1180 Quod
3376 1125 3556 1169 tamen
3599 1116 3798 1170 obser—

539 1213 629 1259 vat
659 1205 710 1258 in
741 1219 842 1261 suo
871 1204 1260 1260 Commentario
1283 1205 1338 1258 in
1375 1202 1574 1260 Ionam
1609 1204 1993 1279 Hieronymus,
2025 1204 2311 1264 Hebraeum
2348 1207 2649 1280 Josephum
2682 1209 2902 1262 Tharria
2933 1205 3269 1262 intellexisse
3295 1203 3502 1260 Ciliciae
3529 1203 3804 1274 Tarsum;

525 1297 591 1351 id
619 1297 962 1353 Theodorum
1010 1297 1389 1352 adversantem
1429 1295 1610 1350 habet.
1654 1295 1768 1351 Nec
1816 1310 1980 1366 porro
2006 1294 2250 1352 Judaicae
2294 1305 2458 1353 sectae
2505 1288 2744 1352 am‘orem
2778 1294 3068 1350 Theodoro
3104 1294 3376 1362 imputare
3411 1292 3561 1357 licet,
3591 1291 3805 1346 etenim

536 1391 593 1446 in
626 1393 848 1464 prologo
877 1393 942 1448 ad
972 1390 1163 1448 Jonam
1189 1390 1502 1446 Judteorum
1529 1389 1793 1446 adversus
1823 1390 2102 1448 Christum
2128 1391 2492 1460 pervicaciam
2526 1406 2716 1447 severe
2741 1391 2994 1460 castigat.
3018 1386 3158 1442 illud
3186 1386 3350 1441 etiam
3372 1387 3536 1456 paulo
3572 1385 3806 1442 liberius

537 1483 682 1552 apud
712 1481 1057 1540 Theodorum
1101 1485 1210 1540 dici
1240 1484 1460 1540 videtur
1493 1501 1546 1556 p.
1594 1486 1684 1551 63,
1723 1483 1852 1552 212;
1879 1487 2009 1556 225,
2042 1487 2188 1558 quod
2233 1486 2450 1543 Veteris
2484 1485 2821 1542 Testamenti
2854 1483 3170 1540 hominibus
3213 1497 3395 1553 neque
3449 1481 3574 1536 Filii
3622 1496 3806 1552 neque

527 1572 778 1644 Spiritus
807 1575 982 1630 sancti
1010 1589 1260 1646 personae
1285 1589 1516 1646 prorsus
1549 1573 1892 1631 innotuerint
1925 1574 2110 1646 ;quod
2153 1584 2335 1631 tamen
2365 1574 2710 1645 privilegium
2737 1573 3018 1644 prophetis
3041 1582 3195 1631 certe
3221 1575 3504 1630 nonnullis
3532 1576 3675 1630 haud
3707 1575 3810 1630 dea

540 1667 728 1724 bemus
757 1668 991 1738 eripere.
1037 1668 1217 1735 Quare
1254 1672 1653 1728 commentario
1686 1671 1754 1727 ad
1807 1671 2132 1744 Zachariam
2177 1672 2455 1728 substrata
2504 1671 2738 1743 legimus
2769 1667 2942 1725 Graeci
2982 1669 3220 1728 hominis
3269 1672 3501 1735 scholia,
3534 1670 3809 1727 adversus

535 1760 678 1816 banc
711 1761 982 1818 Theodori
1010 1765 1316 1831 audaciam,
1351 1778 1516 1834 quam
1563 1781 1664 1839 ego
1709 1782 1931 1838 quoque
1971 1768 2309 1838 aliquantum
2343 1766 2578 1821 inhibui.
2619 1767 2758 1821 Illud
2785 1766 3021 1836 denique
3052 1767 3139 1820 vix
3167 1771 3252 1820 est
3286 1764 3626 1835 probandum
3655 1764 3808 1834 quod

537 1852 626 1908 llei
658 1853 960 1911 locutiones
1007 1857 1072 1912 ad
1112 1859 1402 1929 prophetas
1450 1859 1798 1931 visionesque
1835 1869 1889 1915 et
1919 1862 2101 1916 varias
2142 1859 2507 1915 revelationes
2537 1859 2700 1915 unico
2728 1874 2871 1929 saepe
2909 1859 3135 1913 denotat
3174 1856 3457 1927 ἐνεργείας
3496 1855 3806 1920 vocabulo;

533 1963 844 2019 quanquam
872 1949 974 2005 hac
1007 1967 1176 2023 super
1217 1967 1278 2008 re
1307 1955 1585 2024 sapienter
1609 1964 1876 2026 acuteque
1898 1955 2222 2012 Theodorus
2252 1954 2498 2024 disputat
2532 1955 2636 2011 sub
2674 1954 2890 2008 initium
2939 1951 3196 2016 Nahumi,
3223 1951 3315 2006 ubi
3345 1950 3538 2020 λῆμμα
3559 1949 3806 2006 vocabu-

535 2048 644 2100 lum
667 2044 922 2114 explicat,
953 2046 1084 2100 etin
1121 2055 1273 2102 recta
1300 2066 1531 2120 prorsus
1557 2036 1830 2108 sententia
1867 2051 2145 2108 consistit.
2179 2049 2367 2122 Neque
2394 2065 2525 2108 vero
2553 2051 2845 2122 quisquam
2879 2063 3046 2104 sanus
3079 2047 3213 2102 mibi
3254 2045 3622 2108 succensebit,
3651 2047 3806 2117 quod

534 2137 805 2194 Theodori
837 2136 1066 2208 scripta,
1103 2140 1208 2195 etsi
1244 2143 1420 2197 errori
1451 2144 1751 2215 aliquando
1784 2143 2058 2215 proxima,
2093 2143 2150 2198 in
2189 2144 2367 2199 lucem
2411 2142 2696 2209 emittam;
2732 2139 2870 2199 naevi
2898 2138 3045 2194 enim
3077 2153 3142 2194 ac
3171 2137 3305 2194 vitia
3344 2138 3526 2200 bonis,
3559 2147 3616 2192 ut
3642 2145 3807 2208 puto,

529 2228 781 2296 plurimis
811 2229 1170 2287 obruuntur:
1205 2240 1321 2288 tum
1351 2248 1452 2305 ego
1491 2235 1636 2290 hanc
1671 2236 1979 2307 apologiam
2025 2235 2082 2290 in
2121 2233 2445 2306 praefatione
2494 2234 2564 2290 ad
2607 2231 2886 2298 Pbotium,
2927 2230 3231 2300 praesertim
3267 2244 3396 2284 vero
3426 2228 3494 2283 ad
3565 2229 3808 2284 Ariano-

528 2336 648 2377 rum
681 2324 987 2394 fragmenta
1021 2329 1085 2395 (t.
1117 2327 1211 2394 lli,
1245 2336 1386 2399 part.
1421 2347 1482 2396 ll,
1524 2347 1577 2402 p.
1611 2331 1872 2404 186-187)
1903 2339 2013 2387 tam
2045 2331 2246 2386 invicte
2275 2330 2534 2394 instruxi,
2572 2337 2633 2384 ut
2673 2327 2882 2384 nullum
2915 2325 3116 2380 addere
3139 2323 3366 2379 verbum
3394 2325 3507 2393 jam
3533 2339 3673 2394 opus
3702 2325 3806 2384 sit.

596 2412 690 2468 lX.
730 2415 1133 2476 Constitueram
1192 2422 1322 2476 olim
1368 2429 1567 2478 cuncta
1607 2423 1882 2479 Theodori
1945 2422 2253 2494 fragmenta
2306 2437 2374 2478 ex
2423 2419 2710 2476 Vaticanis
2764 2417 3068 2488 praesertim
3117 2414 3330 2470 catenis
3377 2412 3582 2468 Graecis
3633 2423 3807 2484 atque

525 2514 885 2572 Orientalium
919 2517 1228 2588 linguarum
1271 2517 1554 2574 codicibus
1597 2519 1939 2588 conjunctim
1988 2518 2151 2575 edere
2175 2518 2252 2588 (ὁ)
2289 2537 2304 2574 :
2341 2517 2489 2588 quod
2537 2517 2665 2588 quia
2712 2530 2862 2571 nunc
2901 2528 3000 2584 per
3047 2507 3434 2579 occupationes
3477 2521 3584 2560 non
3620 2505 3806 2568 licuit.

527 2610 830 2682 fragmenta
864 2613 1052 2668 saltem
1085 2613 1263 2682 ampla
1295 2625 1363 2666 ex
1392 2609 1514 2680 ejus
1537 2609 1838 2681 deperditis
1863 2608 1941 2664 De
1962 2610 2340 2665 incarnatione
2374 2607 2612 2674 Domini,
2643 2615 2696 2661 et
2715 2601 2919 2661 Contra
2951 2599 3341 2673 Apollinarem,
3374 2605 3428 2653 et
3461 2599 3516 2652 in
3553 2597 3806 2653 Psalmos

525 2700 704 2767 libris,
726 2716 846 2771 qua:
873 2700 1135 2758 Leontius
1167 2701 1297 2756 olim
1324 2699 1695 2768 trauscripsit,
1723 2697 1977 2765 Canisius
2015 2696 2211 2752 Latine
2239 2695 2617 2752 tantummodo
2661 2694 2853 2757 edidit,
2889 2707 3037 2747 nunc
3074 2705 3176 2762 ego
3221 2688 3409 2744 Gnccc
3439 2704 3504 2744 ex
3532 2687 3808 2745 Vaticano

523 2801 839 2860 pervetusto
871 2794 1061 2850 codice
1102 2792 1432 2864 proferenda
1465 2792 1678 2857 curavi,
1715 2806 1842 2847 cum
1883 2790 2098 2848 Leontii
2139 2789 2207 2846 de
2246 2789 2332 2846 his
2370 2789 2601 2858 judicio,
2631 2789 2722 2858 qui
2755 2789 3009 2842 latentem
3041 2784 3096 2838 in
3127 2783 3212 2836 bis
3245 2782 3494 2837 haeresim
3521 2790 3667 2836 recte
3704 2798 3803 2836 ar-

523 2881 659 2947 guit,
686 2893 739 2937 et
768 2882 822 2936 in
862 2883 1132 2953 prommio
1177 2882 1460 2951 complura
1499 2879 1774 2936 Theodori
1824 2895 1992 2951 opera
2021 2887 2329 2944 enumerat,
2366 2895 2488 2948 qua:
2525 2878 2878 2933 consectanei
2915 2886 3025 2930 tam
3067 2878 3313 2934 studiose
3345 2878 3714 2942 occultabant,
3742 2889 3807 2932 ut

524 2966 784 3024 Leontius
813 2970 932 3040 ipse
953 2969 1176 3026 nonnisi
1209 2984 1377 3040 opere
1408 2968 1485 3023 De
1516 2969 1886 3024 incarnatione
1925 2969 2135 3040 potitus
2165 2969 2258 3025 sit.
2293 2969 2401 3024 Sed
2431 2969 2574 3024 enim
2600 2984 2702 3025 nos
2738 2970 2909 3024 multo
2941 2970 3071 3025 olim
3108 2971 3264 3042 plura
3293 2969 3564 3025 Theodori
3588 2970 3803 3040 scripta

524 3060 582 3113 in
617 3058 941 3131 praefatione
966 3060 1032 3115 ad
1066 3060 1302 3131 primum
1330 3059 1688 3116 Collectionis
1717 3068 1922 3116 nostrae
1953 3061 2211 3118 volumen
2236 3060 2677 3132 percensuimus.

512 3265 544 3310 [ι
592 3233 672 3310 (ᾳ)
710 3235 915 3310 Liturg.
950 3235 1045 3310 ρι’.
1079 3243 1118 3291 t.
1144 3235 1208 3300 ii,
1240 3250 1294 3306 p.
1324 3233 1451 3290 622.
1581 3305 1592 3310 _
2041 3306 2053 3310 _
2075 3305 2091 3310 _
2204 3237 2428 3300 Nicetae,
2461 3237 2552 3310 ubi
2586 3236 2653 3294 de
2677 3247 2866 3294 sancto
2898 3239 3103 3309 Spiritu
3136 3240 3188 3294 in
3233 3240 3422 3295 Jes‘um
3452 3241 3793 3309 baptizatum

593 3306 667 3381 (bl
709 3305 925 3381 Horum
959 3305 1398 3381 fragmentorutn
1445 3305 1745 3381 specimen,
1775 3315 1999 3381 praeter
2039 3305 2095 3361 id
2205 3309 2626 3381 superveniente
2673 3325 2859 3381 sermo
2898 3305 3124 3381 fittctc.
3176 3311 3394 3381 Legitur
3452 3305 3591 3366 infra
3645 3313 3796 3367 inter

523 3369 667 3450 quod
692 3377 836 3430 edidi
862 3376 927 3450 ad
959 3369 1138 3450 Phﬁtii
1163 3369 1688 3450 Amphilo_cliianam_
1705 3369 1939 3450 primam
1970 3391 2093 3450 cap.
2205 3369 2480 3436 Theodori
2509 3377 2814 3450 fragmenta
2848 3380 2904 3434 in
2928 3369 3218 3437 Joannem.

521 3447 628 3512 55,
671 3455 850 3504 exstat
909 3447 960 3502 in
1006 3443 1284 3502 Vaticana
1309 3447 1363 3501 in
1404 3443 1606 3500 Lucam
1649 3443 1852 3501 Catena
1893 3443 2096 3503 inedita

543 3657 660 3681 ..ο

1216 3855 1482 3946 ANG.
1582 3853 1849 3944 MAII
1939 3849 2583 3942 PREFATIO
2654 3851 3154 3941 ALTERA.

1345 4055 1349 4058 ’
1452 4069 1768 4136 (Bibliotheca
1788 4083 1909 4122 nova
1932 4071 2158 4133 Patrum,
2181 4073 2298 4121 tom.
2321 4070 2429 4132 Vit,
2454 4071 2804 4134 Roma31854.)
3271 4134 3285 4144 δ

3263 4188 3281 4226 ι
3423 4173 3439 4210 1

2120 4271 2192 4289 ﬂ

593 4437 638 4494 l.
681 4435 756 4495 De
777 4451 1060 4495 sacrorum
1090 4440 1357 4496 librorum
1396 4434 1738 4499 obscuritate
1785 4443 1974 4514 (quam
2018 4438 2073 4499 in
2121 4445 2407 4517 praphetis
2444 4444 2719 4516 praecipue
2747 4441 3044 4514 comperiri
3098 4455 3326 4499 necesse
3357 4441 3465 4514 est)
3488 4440 3793 4515 Polychro-

529 4539 648 4593 nius
676 4535 1006 4606 Apamensis
1035 4538 1326 4610 episcopus
1348 4538 1513 4594 breve
1542 4538 1673 4593 olim
1704 4539 2006 4609 capitulum
2032 4539 2282 4611 scripsit,
2314 4539 2459 4610 quod
2487 4554 2592 4594 nos
2623 4541 2679 4593 in
2700 4536 3084 4607 antiquissimo
3107 4534 3298 4591 codice
3317 4531 3580 4592 Vaticano
3599 4537 3795 4592 obser-

520 4636 733 4695 vatum,
760 4636 814 4686 et
840 4644 870 4683 a
901 4629 1098 4684 Photio
1129 4632 1294 4685 etiam
1321 4632 1466 4684 inter
1497 4629 1988 4699 Amphilochianas
2019 4631 2356 4701 quaestiones
2398 4644 2538 4700 quas
2573 4629 2848 4683 edidimus
2888 4629 3140 4697 relatum,
3193 4639 3321 4686 ante
3371 4630 3473 4685 hos
3517 4646 3692 4687 annos
3731 4632 3792 4688 in

525 4719 870 4790 Scriptorum
900 4731 1140 4777 veterum
1175 4721 1352 4791 primo
1379 4719 1660 4776 volumine
1708 4721 2126 4776 collocavimus.
2165 4720 2339 4787 Quam
2382 4735 2530 4774 nunc
2574 4733 2688 4773 rem
2737 4733 3170 4776 commemorare
3203 4735 3311 4778 non
3342 4719 3444 4775 fuit
3477 4720 3693 4786 inutile,
3729 4733 3794 4779 ut

525 4799 703 4884 major
728 4816 855 4872 hinc
888 4817 1010 4872 laus
1044 4815 1114 4869 ad
1147 4813 1498 4884 Polychronii
1532 4812 1756 4870 fratrem
1778 4807 2134 4870 Theodorum
2161 4822 2410 4870 nostrum
2440 4813 2880 4884 Mopsucstcnum
2914 4813 3208 4880 redundet,
3241 4815 3402 4885 cujus
3433 4825 3542 4869 tam
3566 4815 3789 4886 planam

522 4913 744 4976 tamque
768 4907 1118 4980 perspicuam
1155 4907 1549 4978 prophetarum
1594 4909 1871 4964 minorum
1913 4909 2427 4980 interpretationem
2474 4907 2776 4984 efferimus,
2823 4924 3058 4979 quorum
3099 4911 3418 4982 plerumque
3449 4911 3707 4975 elocutio,
3737 4913 3788 4968 si

525 5002 667 5055 nuda
703 5011 998 5071 spectetur,
1039 5016 1178 5073 pene
1211 5017 1322 5071 pra:
1370 5003 1588 5057 caeteris
1620 5011 1997 5059 sacrosancta:
2026 5004 2330 5074 Scriptura:
2359 5003 2680 5060 auctoribus
2710 5003 3064 5060 obscuritatis
3094 5003 3328 5074 caligine
3354 5005 3527 5075 premi
3550 5003 3788 5061 videtur.

521 5081 588 5143 Et
617 5091 980 5150 nihilominus
1014 5093 1328 5150 luminosus
1355 5095 1494 5150 adeo
1527 5095 1613 5149 vir
1643 5089 1972 5153 Theodorus
2015 5097 2219 5152 librum
2251 5097 2372 5168 ipse
2403 5113 2623 5170 quoque
2667 5100 2736 5156 de
2774 5101 3010 5156 obscura
3046 5099 3325 5157 locutione
3368 5099 3691 5169 (Bibliorum
3727 5106 3792 5154 ut

523 5183 678 5256 puto)
710 5189 1144 5259 conscripserat,
1181 5189 1248 5244 ab
1281 5189 1555 5244 Ebediesu
1601 5191 1656 5245 in
1685 5191 1936 5262 catalogo
1967 5208 2069 5248 suo
2111 5200 2499 5258 memoratum,
2540 5210 2649 5265 quo
2685 5195 2894 5266 scripto
2933 5194 3088 5248 fratri
3120 5207 3223 5249 suo
3254 5190 3620 5262 Polychronio
3651 5204 3789 5263 sup.

519 5279 700 5347 pctias
755 5273 992 5337 fortasse
1040 5281 1271 5341 ferebat.
1309 5282 1420 5341 Sed
1451 5300 1637 5342 nonne
1673 5301 1826 5354 vero,
1854 5288 2002 5345 dicet
2024 5288 2250 5358 aliquis,
2283 5289 2407 5346 aliae
2436 5289 2604 5345 etiam
2635 5299 2859 5346 exstant
2897 5289 2965 5344 ad
2999 5290 3102 5344 hos
3138 5289 3454 5344 salebrosos
3492 5285 3790 5357 prophetas

521 5377 976 5450 explanationes?
999 5376 1234 5440 Exstant
1271 5400 1425 5451 sane,
1464 5396 1524 5442 ut
1557 5387 1766 5458 publici
1802 5387 1930 5444 libri
1975 5390 2197 5454 docent,
2236 5396 2408 5461 utque
2458 5389 2596 5446 alias
2649 5387 2976 5444 nominatim
3023 5383 3321 5451 recensui;
3361 5381 3671 5450 mirumque
3702 5387 3786 5436 est

522 5470 667 5537 quod
705 5471 848 5526 intra
872 5473 1270 5545 quinquaginta
1293 5477 1516 5536 circiter
1546 5497 1743 5544 annos,
1771 5498 1970 5554 nempe
1991 5484 2060 5539 ab
2082 5492 2329 5540 extrema
2359 5484 2548 5540 saeculi
2583 5484 2764 5554 “quarti
2799 5490 2978 5552 parte,
3007 5481 3074 5537 ad
3117 5479 3357 5536 medium
3388 5477 3502 5532 fere
3524 5477 3785 5532 smculum

523 5560 774 5629 quintum
823 5563 990 5633 (quod
1045 5564 1235 5620 hercle
1275 5567 1495 5628 doctius
1543 5570 1802 5628 Ecclesiae
1843 5588 2019 5627 terum
2069 5573 2194 5643 fuit)
2236 5573 2541 5630 ﬂoruerunt
2585 5571 2912 5628 nobilissimi
2955 5572 3341 5642 prophetarum
3385 5568 3579 5624 borum
3617 5568 3784 5624 inter-

527 5660 707 5716 pretes
739 5649 1032 5707 Theodoro
1063 5661 1258 5710 nostro
1288 5664 1761 5733 contemporanei,
1800 5663 1852 5726 1,
1896 5663 1957 5717 S.
1987 5663 2388 5734 Hieronymus;
2429 5664 2486 5728 2,
2527 5662 2779 5728 llulinus,
2819 5670 2880 5718 ut
2910 5665 3071 5734 vulgo
3107 5663 3161 5718 in
3201 5661 3487 5718 codicibus
3517 5659 3784 5732 librisque

525 5739 823 5806 scribitur;
856 5741 910 5806 ’5,
935 5741 992 5798 S.
1018 5744 1254 5815 Cyrillus
1285 5749 1722 5818 Alexandrinus;
1760 5752 1813 5818 4,
1846 5746 2246 5809 Theodoretus.
2285 5752 2492 5809 ilorum
2538 5753 2762 5822 inquam
2801 5741 3044 5806 omnium
3085 5753 3336 5808 videmus
3370 5751 3512 5823 typis
3545 5751 3776 5821 impres-

533 5842 620 5886 sus
653 5829 963 5897 luculentos
981 5842 1423 5906 commentarios,
1455 5859 1594 5914 quos
1619 5859 1742 5902 cum
1768 5843 2155 5916 Mopsucstcno
2186 5854 2380 5903 nostro
2425 5843 2696 5914 conferre,
2732 5843 2966 5917 perutile
2996 5845 3413 5919 jucundumque
3446 5844 3639 5904 lectori
3668 5839 3779 5902 fore
