4104 6504
294 351 400 406 121
1573 362 1735 420 ANG.
1777 365 1915 421 MAI!

1995 366 2356 425 ’RA'IFATIO.
3517 376 3616 438 ηε

284 473 430 539 puto
463 468 723 540 :quibus
746 484 852 543 ego
882 470 989 527 etsi
1025 469 1162 526 nihil
1191 471 1486 532 detrahere
1520 477 1668 543 volo,
1703 479 1794 535 aio
1825 479 2196 536 nihilominus
2228 489 2482 537 nostrum
2523 482 2671 540 hunc
2708 484 2879 541 videri
2923 483 3196 547 scribendi
3238 500 3356 549 arte
3397 509 3505 550 non
3531 496 3620 550 in-

284 559 586 627 feriorem,
623 561 978 634 limpltudinc
1009 577 1189 623 autem
1221 575 1277 624 et
1303 571 1547 626 naturali
1570 572 1811 643 quadam
1837 574 2103 630 facilitate
2129 591 2300 647 prope
2340 576 2660 647 gratiorem.
2708 577 2944 635 Felicem
2975 599 3165 641 rursus
3199 595 3414 642 aetatem
3463 587 3614 643 illam

288 650 728 748 pr.cdico,_qua2
768 666 969 726 praeter
1000 659 1101 714 hos
1135 659 1407 732 quinque,
1440 663 1567 718 tulit
1605 673 1662 720 et
1705 661 1848 721 alios
1895 681 2046 722 nunc
2091 667 2410 739 deperditos
2451 669 2773 726 eorumdem
2817 673 3208 742 prophetarum
3257 676 3614 748 interpretes,

287 743 516 843 Scilic-et
542 744 857 843 _Didymum
884 759 1027 809 teste
1054 754 1390 829 Hieronymo
1426 758 1505 816 De
1535 759 1635 818 uir.
1670 757 1756 816 ill.
1787 777 1840 818 c.
1875 757 2012 833 £09;
2043 763 2531 836 Chrysostomum,
2557 782 2722 837 quem
2759 783 2819 824 se
2859 769 3060 841 legisse
3092 772 3169 825 ait
3204 774 3258 826 in
3289 743 3614 843 praefatione

289 852 392 892 sua
428 837 702 910 Ruﬁnus,
735 848 1056 921 pariterque
1086 850 1433 924 Ephraemius
1463 856 1850 917 Antiochenus
1897 861 2045 933 apud
2075 856 2334 918 Photium
2367 863 2519 935 (cod.
2551 864 2676 931 129,
2709 865 2797 920 ed.
2829 881 2884 937 p.
2911 837 3071 935 5‘20);
3113 837 3412 922 Eudociam
3459 865 3615 922 deni-

291 945 768 1036 title-augustam,
800 950 860 997 ut
885 939 1028 1000 idem
1061 943 1128 1036 in.
1150 945 1343 1007 codice
1380 952 1485 1009 184
1541 956 1715 1011 tradit
1739 953 1993 1016 Photius.
2026 957 2184 1026 Quod
2217 960 2263 1016 si
2296 970 2424 1016 vera
2454 969 2539 1017 est
2567 960 2900 1018 Parisiensis
2924 962 3134 1018 codicis
3169 963 3272 1018 “2
3297 963 3608 1036 inscriptio,

291 1022 423 1127 latet
452 1024 533 1080 ibi
559 1030 740 1128 coaevi
775 1037 1060 1128 praedictis
1093 1032 1388 1110 Epiphanii
1437 1045 1494 1098 in
1543 1041 1858 1102 Nahumum
1903 1022 2327 1106 commentatio.
2387 1050 2525 1106 Nam
2577 1053 2872 1124 cujusnam
2917 1057 3105 1113 stcculi
3141 1057 3306 1114 homo
3338 1058 3386 1114 is
3421 1022 3607 1128 fuerit,

293 1123 452 1185 cujus
501 1123 802 1228 nos-olim
856 1125 1167 1228 fragmenta
1205 1129 1313 1190 tria
1356 1137 1720 1197 recitavimus
1761 1140 1984 1213 (Script.
2032 1153 2134 1203 vet.
2171 1161 2267 1212 vn,
2321 1161 2378 1218 p.
2413 1147 2538 1221 68),
2586 1123 2692 1205 hoc
2725 1149 2886 1207 titulo
2917 1172 2931 1209 :
2960 1153 3223 1218 Ἐϐίωνος
3249 1156 3313 1208 ὲκ
3343 1153 3445 1225 τῆς
3479 1123 3612 1227 περί

291 1217 598 1310 ξροφητῶν
630 1217 975 1295 ἐξηγήσεως,
1011 1225 1233 1286 Εὺὶοηίε
1255 1243 1321 1286 ex
1343 1239 1686 1292 enarratione
1721 1240 1776 1293 in
1797 1239 2104 1310 prophetas,
2135 1257 2249 1297 non
2288 1217 2452 1300 facile
2483 1217 2782 1302 definietur
2817 1265 2831 1303 :
2867 1244 3070 1301 etenim
3109 1241 3163 1299 in
3205 1217 3413 1300 codice
3432 1217 3608 1300 nobili

293 1308 586 1413 faticano.
625 1331 795 1413 quem
831 1320 1030 1376 iterum
1061 1323 1430 1394 inspeximus,
1460 1329 1731 1386 scribitur
1761 1308 2058 1404 perspicue
2086 1323 2382 1400 ’Elevoc.‘
2403 1336 2481 1391 ita
2519 1345 2580 1392 ut
2619 1339 2973 1410 cogitandum
3011 1336 3269 1392 videatur
3304 1336 3373 1392 de
3402 1335 3610 1393 Ebioue

291 1393 521 1500 Joannis
549 1406 797 1500 apostoli
822 1393 1315 1481 contemporarieo.
1360 1393 1507 1474 Sane
1551 1393 1821 1486 Ebionzei,
1856 1393 2087 1478 auctore
2127 1393 2449 1482 authentico
2494 1393 2804 1499 Epiphanio
2845 1430 2982 1500 (haer
3027 1422 3201 1494 XXX,
3242 1428 3354 1500 l8),
3381 1436 3609 1484 caeteros

291 1492 594 1593 prophetas
633 1495 1005 1593 detestantes,
1036 1520 1209 1560 unum
1240 1506 1529 1565 Christum
1571 1513 1950 1582 agnoscebant
1991 1515 2344 1586 prophetam,
2386 1518 2456 1575 de
2490 1492 2747 1591 quo-uno
2779 1492 2975 1591 reapse
3017 1520 3124 1575 tria
3162 1492 3258 1575 illa
3301 1492 3607 1593 fragmenta

291 1581 628 1679 loquuntur.
664 1587 736 1641 At
778 1606 910 1646 vero
947 1591 1204 1650 Labbeus
1247 1596 1556 1669 (conspect.
1581 1581 1671 1670 op.
1705 1599 1961 1658 Damasc.
1991 1581 2063 1674 —p.
2098 1581 2214 1676 50),
2248 1605 2464 1677 legebat
2501 1581 2558 1663 in
2590 1608 2784 1667 codice
2809 1581 3093 1671 Gallicauo
3139 1581 3434 1679 Εὺϐἰωνοξ.
3473 1613 3606 1670 Utra

291 1673 453 1781 lectio
488 1681 570 1734 sit
603 1682 813 1781 verior,
845 1683 994 1742 Deus
1019 1689 1158 1760 scit;
1193 1692 1289 1747 sed
1312 1702 1463 1751 certe
1490 1705 1544 1750 et
1565 1694 1784 1752 Euhion
1819 1698 2088 1770 antiquus
2121 1673 2286 1756 homo
2306 1673 2436 1769 fuit,
2459 1703 2908 1777 quandoquidem
2935 1709 3272 1766 Anastasius
3296 1673 3603 1781 presbyter,

288 1769 427 1875 apud
464 1787 641 1841 quem
675 1774 988 1875 fragmenta
1019 1782 1113 1838 illa
1145 1796 1364 1842 servata
1388 1797 1542 1854 sunt,
1580 1791 1648 1845 ad
1676 1793 1858 1862 prisca
1890 1769 2092 1848 saecula
2128 1796 2390 1866 pertinet,
2423 1769 2525 1854 nec
2562 1798 2678 1856 fere
2705 1769 3106 1873 blopsuesteno
3143 1769 3419 1861 recentior
3446 1769 3601 1875 j'udi;

287 1865 504 1969 candus
527 1875 641 1969 θεὲ.
674 1870 973 1969 anastasio
993 1884 1182 1969 autem
1209 1887 1714 1952 contemporaneus
1740 1882 1850 1960 fuit.
1876 1885 2214 1957 Hesychius,
2247 1889 2412 1961 cujus
2445 1890 2634 1948 multae
2664 1865 2902 1965 sparsim
2937 1895 3008 1952 ad
3041 1895 3339 1969 prophetas
3369 1865 3604 1952 adnota-

286 1957 465 2023 tiones
491 1958 550 2014 in
581 1957 876 2022 Vaticanis
903 1967 1195 2026 codicibus
1225 1971 1421 2028 latent.

356 2098 421 2152 li.
470 2101 878 2161 Verumtamen
919 2115 978 2162 ut
1000 2107 1068 2162 ad
1100 2103 1552 2180 Mopsuestenum
1593 2112 1849 2170 nostrum
1894 2115 2211 2186 redeamus,
2249 2113 2492 2178 hominis
2523 2120 2742 2192 quidem
2774 2121 3096 2189 historiam,
3131 2131 3246 2179 tela
3273 2118 3606 2192 antiquitate

285 2200 334 2246 et
366 2197 686 2262 prmsertim
720 2198 776 2253 in
805 2196 1032 2258 Oriente
1062 2199 1389 2273 famigerati,
1413 2205 1470 2259 in
1496 2205 1601 2261 alia
1624 2222 1728 2264 nos
1765 2206 2113 2279 Scriptorum
2139 2211 2466 2269 collectione
2493 2220 2535 2268 t.
2566 2211 2653 2280 Vl,
2687 2213 3162 2280 adumbravimus,
3210 2213 3388 2285 deque
3435 2211 3603 2266 libro-

286 2299 404 2338 rum
429 2288 561 2357 ejus
603 2293 981 2362 multitudine,
1024 2299 1260 2367 meritis,
1298 2315 1365 2357 ac
1395 2305 1948 2374 reprehensionibus,
1981 2306 2142 2375 satis,
2173 2316 2234 2363 ut
2255 2315 2410 2379 puto,
2443 2308 2708 2377 diximus,
2739 2317 2796 2367 et
2831 2311 2993 2368 nobis
3028 2326 3177 2367 nunc
3197 2310 3355 2380 plura
3384 2306 3603 2363 dicendi

284 2386 458 2438 otium
503 2385 768 2446 iecimus.
813 2392 953 2458 Quia
998 2401 1181 2450 tamen
1212 2395 1475 2468 pleraque
1515 2400 1740 2456 nonnisi
1769 2399 1958 2458 Graece
1998 2402 2058 2457 in
2091 2403 2270 2458 lucem
2312 2412 2474 2460 antea
2497 2405 2823 2473 extulimus,
2859 2405 3039 2460 visum
3065 2409 3150 2459 est
3189 2408 3344 2456 tanto
3375 2407 3606 2455 auctore

283 2476 497 2533 diutius
523 2481 784 2538 homines
821 2481 1010 2541 Graece
1052 2489 1275 2558 ignaros
1301 2505 1412 2544 non
1444 2488 1703 2546 fraudare
1735 2510 1750 2547 :
1796 2491 1984 2562 itaque
2025 2493 2267 2564 antiquae
2310 2501 2517 2550 nostrae
2557 2494 2947 2565 promissionis
2977 2505 3252 2549 memores
3289 2496 3470 2544 totum
3493 2487 3603 2543 im-

285 2578 438 2648 p‘gre
475 2575 746 2634 Latinum
794 2579 1052 2650 fecimus,
1097 2593 1320 2658 tamque
1378 2589 1561 2658 spisso
1595 2602 1762 2658 opere
1800 2603 2059 2660 magnam
2106 2589 2274 2660 hujus
2305 2589 2610 2646 voluminis
2656 2597 2870 2660 partem
2904 2587 3277 2658 implevimus.
3307 2585 3375 2640 Et
3400 2592 3610 2654 scopuli

284 2673 510 2739 qudem
541 2673 925 2744 Mopsuesteni
961 2677 1371 2749 est,Judaicam
1403 2679 1711 2750 praesertim
1747 2680 2038 2736 historiam
2085 2682 2404 2747 illustrare;
2451 2683 2527 2737 ita
2551 2688 2737 2739 tamen
2785 2683 2849 2738 ut
2897 2681 3286 2752 propheticum
3319 2678 3601 2750 spiritum.

284 2771 336 2816 et
367 2765 700 2820 relationem
735 2767 804 2821 ad
828 2765 1108 2824 Christum
1137 2771 1430 2842 pracipuis
1466 2770 1522 2825 in
1548 2769 1689 2826 locis
1729 2779 1996 2842 agnoscat
2027 2785 2093 2826 ac
2121 2773 2387 2839 fateatur,
2412 2787 2730 2844 quanquam
2781 2788 2927 2844 sarpe
2984 2773 3108 2827 κατ’
3143 2771 3393 2837 ἔκϐασιν,
3430 2769 3485 2826 id
3517 2779 3605 2825 eSt

285 2861 602 2915 secundum
631 2862 939 2934 pleniorem
979 2865 1036 2919 in
1068 2863 1292 2922 Christo
1321 2864 1764 2938 Christianisque
1800 2867 1970 2923 rebus
2009 2869 2402 2925 vaticiniorum
2435 2877 2693 2926 eventum
2729 2887 2743 2925 :
2773 2871 2919 2940 quod
2954 2885 3131 2942 genus
3175 2866 3600 2939 interpretandi,

283 2957 388 3011 etsi
421 2957 550 3012 aliis
577 2973 804 3030 quoque
835 2957 939 3013 SS.
984 2957 1292 3016 Bibliorum
1328 2961 1728 3033 interpretibus
1773 2978 1885 3018 non
1931 2963 2094 3035 plane
2141 2965 2451 3028 insolitum,
2499 2964 2559 3020 in
2607 2963 2901 3022 Theodoro
2933 2971 3120 3018 tamen
3155 2967 3477 3032 suspectum
3502 2957 3606 3012 ali-

282 3051 518 3118 quando
548 3048 696 3122 fuit;
741 3058 795 3108 et
844 3051 901 3106 id
949 3067 1085 3109 sane
1133 3053 1362 3108 nonnisi
1402 3054 1490 3124 pie
1529 3054 1860 3125 sinceraque
1901 3069 2028 3110 cum
2067 3054 2174 3111 lide
2215 3070 2244 3108 a
2279 3053 2600 3112 Christiano
2651 3055 2926 3127 scriptore
2958 3052 3074 3108 lieri
3107 3049 3293 3106 debet.
3324 3049 3500 3114 Quam
3531 3048 3604 3103 ob

282 3157 402 3195 rem
436 3151 637 3197 noster
670 3142 827 3198 visus
849 3149 936 3198 est
961 3143 1240 3214 aliquibus
1277 3144 1670 3218 ῑουδαιόφρων;
1701 3161 2022 3217 quanquam
2059 3147 2179 3218 ipse
2217 3145 2444 3203 Christo
2476 3162 2537 3204 se
2567 3146 2800 3204 ﬁrmiter
2826 3145 3074 3213 credere,
3107 3155 3160 3199 et
3189 3142 3311 3213 ejus
3339 3135 3603 3197 deitatem

281 3239 732 3311 (economiaeque
767 3239 1092 3312 mysterium
1134 3240 1390 3311 religiose
1433 3241 1708 3306 venerari,
1746 3240 1959 3312 liquido
2001 3241 2368 3309 demonstrat,
2409 3251 2540 3313 puta
2591 3259 2686 3314 pp.
2721 3242 2848 3310 159,
2893 3241 3021 3308 150,
3071 3239 3194 3296 191.
3242 3237 3438 3294 Utrum
3470 3252 3603 3294 vero

279 3341 338 3390 et
364 3332 644 3389 llebraice
673 3335 920 3400 sciverit,
951 3349 1061 3390 non
1093 3333 1232 3391 satis
1261 3340 1518 3402 constat;
1550 3334 1648 3391 sed
1677 3334 1921 3406 Syriaca:
1959 3334 2154 3390 saltem
2187 3335 2412 3391 dialecti
2453 3351 2562 3390 non
2599 3334 2706 3390 fuit
2738 3337 2985 3407 ignarus,
3015 3337 3275 3410 quoniam
3304 3334 3504 3408 Syrum
3535 3348 3602 3390 cx

281 3424 565 3482 llebraico
607 3427 963 3498 interpretem
1017 3442 1126 3482 non
1166 3427 1334 3483 semel
1373 3427 1724 3497 exagitatae
1767 3424 1973 3482 refutat
2005 3441 2094 3497 pp.
2127 3425 2257 3492 2M,
2300 3425 2430 3493 252,
2462 3425 2591 3483 263‘.
2627 3425 2699 3481 At
2741 3427 2860 3497 ipse
2897 3437 3050 3485 certe
3081 3425 3226 3482 LXX
3261 3426 3594 3494 interpretes

281 3523 449 3578 unice
479 3523 761 3592 sequitur,
789 3522 1120 3587 admiratur,
1157 3537 1220 3578 ac
1259 3523 1448 3577 laudat
1483 3538 1538 3594 p.
1564 3521 1691 3577 252.
1732 3520 2007 3577 Praeterea
2036 3522 2250 3576 variam
2281 3531 2336 3577 et
2367 3521 2646 3576 curiosam
2676 3517 3044 3577 eruditionem
3088 3530 3282 3590 sponte
3307 3517 3603 3589 deditaque

280 3631 453 3685 opera
489 3615 669 3671 vitare
695 3631 756 3671 se
789 3616 926 3672 dicit
953 3634 1009 3689 p.
1045 3618 1168 3685 l56,
1212 3619 1332 3684 159,
1361 3619 1488 3684 227,
1520 3627 1576 3674 et
1614 3619 2012 3690 prephetarum
2056 3617 2442 3692 tantummodo
2471 3617 2706 3674 vocibus
2729 3616 3096 3688 explanandis
3115 3615 3457 3672 incumbere.

361 3734 451 3790 ΙΙΙ.
497 3733 620 3790 Hoc
656 3751 759 3791 nos
790 3750 931 3806 opus
971 3736 1027 3790 in
1059 3735 1352 3803 Vaticano,
1382 3737 1515 3792 olim
1544 3735 1928 3800 Columneusi,
1961 3735 2118 3790 mirae
2149 3735 2483 3806 integritatis
2514 3743 2569 3790 et
2594 3733 2938 3804 antiquitatis
2960 3732 3151 3793 codice
3180 3731 3516 3795 invenimus,
3547 3740 3603 3786 et

285 3846 414 3886 cum
447 3832 562 3886 alio
597 3831 828 3902 insuper
860 3829 1152 3895 Vaticano,
1187 3845 1292 3886 nec
1330 3831 1562 3899 antiquo
1587 3836 1773 3884 tamen
1806 3842 1910 3884 nec
1938 3828 2174 3898 integro,
2207 3826 2490 3883 interdum
2527 3826 2886 3884 contulimus.
2937 3823 3129 3881 Testes
3167 3821 3390 3894 quidem
3417 3819 3603 3891 operis

285 3934 470 3990 erant,
501 3924 754 3996 synodus
786 3926 982 3994 quinta
1013 3922 1357 3979 meumenica
1389 3932 1498 3977 aet.
1525 3921 1593 3990 4;
1630 3921 1832 3978 deinde
1861 3919 2138 3978 Ebediesu
2173 3921 2228 3977 in
2265 3921 2519 3992 catalogo
2547 3935 2671 3990 cap.
2695 3919 2795 3986 i9;
2833 3924 3105 3989 quotquot
3142 3915 3380 3987 denique
3411 3913 3598 3985 operis

284 4017 515 4073 codices
549 4032 754 4070 nomen
807 4015 986 4070 nostri
1028 4013 1304 4072 Theodori
1348 4013 1681 4084 inscriptum
1729 4013 1958 4069 habent.
1981 4011 2049 4067 Et
2076 4013 2302 4084 quidem
2340 4012 2617 4069 Ebediesu
2667 4011 2744 4066 ait
2787 4009 3140 4066 Theodorum
3170 4005 3464 4077 scripsisse
3497 4004 3601 4058 hoc

285 4125 427 4181 Opus
461 4109 531 4165 ad
567 4109 864 4180 quemdam
900 4126 1020 4164 mar
1046 4108 1252 4175 Turini,
1290 4113 1352 4162 ut
1390 4106 1584 4163 scribit
1627 4105 1972 4162 Echellensis
2011 4104 2287 4162 Ebediesu
2333 4105 2544 4174 editor;
2585 4112 2639 4160 at
2667 4118 2798 4160 vero
2826 4105 3166 4161 Assemauus
3200 4101 3256 4156 in
3287 4101 3456 4155 altera
3485 4097 3604 4154 edi—

284 4211 438 4264 tione
480 4207 770 4264 scribebat
809 4225 929 4261 mar
973 4207 1216 4278 Tyrium,
1253 4219 1538 4274 nunquam
1585 4205 1879 4283 immemor
1905 4205 1994 4260 sui
2027 4204 2290 4276 Syriatici
2328 4221 2481 4272 mar;
2506 4219 2608 4276 ego
2645 4218 2776 4259 vero
2806 4199 2982 4256 ausim
3017 4193 3211 4253 contra
3237 4193 3603 4283 Assemanum

285 4303 597 4357 emendare
625 4299 978 4370 Martyrium,
1005 4297 1392 4370 Chrysostomi
1428 4282 1676 4366 adeoque
1715 4296 1884 4352 etiam
1921 4294 2200 4352 Theodori
2239 4295 2531 4367 aequalem,
2574 4301 2631 4352 et
2653 4301 2845 4366 postea
2877 4287 3185 4345 Antiochia:
3205 4282 3600 4356 patriarcham.

286 4411 409 4465 qua:
436 4394 544 4448 fuit
591 4391 873 4447 Theodori
920 4390 1135 4462 patria;
1170 4389 1406 4459 ideoque
1450 4403 1686 4460 pronum
1725 4386 1942 4442 creditu
1989 4395 2098 4452 est,
2131 4387 2367 4443 missum
2411 4387 2482 4441 ab
2523 4401 2590 4442 eo
2637 4401 2779 4456 opus
2810 4383 2880 4439 ad
2921 4381 3095 4437 civem
3123 4385 3185 4432 ut
3209 4376 3602 4440 verisimileest

286 4503 480 4550 suum,
515 4484 792 4540 illustrem
830 4479 970 4538 adeo
999 4481 1207 4548 virum,
1245 4481 1339 4552 qui
1379 4479 1756 4535 Antiochenas
1790 4477 2013 4533 demum
2060 4475 2268 4532 infulas
2314 4483 2649 4531 consecutus
2687 4480 2793 4529 est.
2821 4470 2977 4539 Quod
3019 4469 3066 4524 si
3107 4468 3232 4538 quis
3263 4471 3471 4534 quaerat
3501 4476 3602 4515 cur

287 4587 500 4656 passim
531 4578 870 4637 Theodorus
899 4581 956 4635 in
990 4579 1277 4636 codicibus
1302 4579 1662 4634 Antiorheims
1698 4576 1884 4649 potius
1917 4590 2081 4646 quam
2116 4572 2524 4644 MopSuestenus
2560 4573 2808 4637 dicatur;
2841 4570 2984 4624 hanc
3013 4577 3239 4620 causam
3283 4576 3406 4656 esse
3435 4565 3600 4656 puto,

285 4649 437 4750 quod
470 4673 827 4746 Mopsuestia:
847 4672 1091 4744 episcOpi
1118 4671 1230 4726 duo
1265 4669 1490 4725 fuerunt
1520 4666 1822 4734 Theodori,
1855 4668 2008 4738 prior
2056 4666 2339 4736 antiquior
2381 4665 2475 4736 qui
2523 4663 2780 4720 secundae
2817 4658 3178 4750 Antiochense
3210 4654 3430 4750 synodo
3465 4649 3600 4705 sub.

287 4742 523 4837 scripsit
544 4742 989 4834 {posterior—hic
1013 4742 1409 4816 celeberrimus
1437 4766 1647 4822 uoster,
1674 4757 1770 4827 qui
1801 4757 2179 4813 distinctionis
2204 4756 2383 4827 gratia
2409 4755 2758 4812 vocitabatur
2780 4767 2844 4809 ex
2869 4749 3045 4822 patria
3071 4761 3170 4802 sua
3195 4742 3595 4799 Αιιιὶυειιειιιιε·

289 4862 383 4916 Sic
411 4876 522 4930 ego
560 4859 615 4912 in
640 4852 933 4912 codicibus
958 4852 1073 4908 ﬁeri
1104 4851 1272 4906 video
1294 4851 1362 4905 de
1383 4849 1596 4904 Joanne
1622 4847 1912 4918 Xiphilino
1938 4849 2258 4928 patriarcha
2291 4845 2910 4916 Constantinopolitano
2947 4841 3068 4912 ejus
3109 4837 3350 4894 nominis
3379 4843 3596 4898 octavo,

288 4953 382 5022 qui
422 4949 643 5020 pariter
675 4943 1056 5001 distinctionis
1089 4941 1270 5010 gratia
1302 4939 1512 4995 dicitur
1544 4937 2018 5003 Chalcedonensis,
2053 4953 2082 4992 a
2110 4938 2290 5009 patria
2331 4938 2413 4992 vel
2455 4938 2695 4992 fortasse
2720 4952 2750 4990 a
2787 4937 2973 5008 priore
3006 4933 3352 5005 episcopatu,
3378 4938 3438 4984 ut
3467 4943 3599 4982 con~

287 5046 654 5118 jecturaliter
677 5041 891 5110 judico.
936 5037 1098 5093 Certe
1148 5037 1290 5094 duos
1326 5037 1623 5092 Anthimos
1673 5037 1767 5108 qui
1805 5043 1968 5092 :ntate
2017 5052 2138 5091 mea
2190 5035 2858 5105 Constatitiuopolitanam
2890 5033 3206 5089 cathedram
3251 5028 3596 5118 insederunt,

287 5115 440 5197 haud
482 5136 759 5192 numerali
790 5140 922 5188 nota
957 5129 1102 5201 apud
1143 5129 1367 5186 Grzecos
1403 5129 1670 5200 distingui
1721 5128 1912 5193 audio,
1954 5127 2048 5184 sed
2104 5127 2345 5197 priorem
2391 5125 2680 5196 Ephesium
2716 5125 2808 5181 ubi
2838 5123 2943 5180 fuit
2978 5132 3142 5179 antea
3182 5120 3454 5179 cxarchus
3485 5115 3595 5186 epi-
3682 5157 3687 5172 .

230 5284 240 5303 ,
290 5252 538 5307 scopus;
578 5233 813 5287 alterum
846 5227 1394 5292 Thessalonicensem,
1423 5239 1453 5278 a
1482 5225 1668 5296 priore
1697 5225 1828 5279 item
1863 5224 2206 5295 episcopatu,
2241 5223 2539 5279 nOminari.

360 5348 456 5407 ιγ,
497 5345 875 5402 Promisimus
914 5343 1046 5400 olim
1075 5348 1290 5411 partem
1323 5339 1601 5396 Theodori
1631 5355 1738 5395 non
1777 5340 2050 5396 modicam
2089 5338 2478 5395 Cunnuentarii
2511 5339 2564 5393 in
2596 5336 2866 5406 Psalmos,
2899 5354 2967 5394 ex
2998 5333 3280 5393 codicibus
3315 5328 3598 5384 Vaticanis

293 5441 655 5504 sumendam,
689 5438 923 5506 elierre;
957 5453 1148 5493 verum
1174 5454 1238 5494 ea
1273 5453 1365 5494 res
1409 5437 1719 5495 breviorem
1765 5446 1957 5508 postea
1995 5438 2287 5504 ambitum,
2339 5438 2410 5492 ob
2454 5436 2579 5492 illas
2613 5449 2813 5491 causas
2860 5439 3022 5488 nacta
3066 5437 3171 5494 est,
3207 5441 3346 5496 quas
3373 5433 3500 5494 apto
3541 5423 3596 5478 in

295 5542 414 5596 loco
441 5539 720 5602 diximus,
759 5536 854 5592 ubi
884 5534 1155 5606 quidquid
1182 5534 1303 5604 ejus
1328 5535 1515 5605 aperis
1542 5533 1763 5589 interim
1795 5535 1849 5588 in
1880 5550 2078 5589 manus
2114 5534 2282 5597 venit,
2328 5541 2448 5603 post
2481 5533 2776 5603 prophetas
2809 5521 3188 5598 exposuimus.
3221 5512 3516 5575 Feliciorcs
3544 5516 3598 5569 in

296 5633 578 5689 Theodori
607 5627 1014 5686 commentario
1045 5624 1111 5678 ad
1133 5623 1403 5679 Joannem
1437 5623 1665 5689 fuimus,
1691 5622 1851 5694 cujus
1885 5624 2160 5694 ingentem
2195 5639 2387 5693 reapse
2419 5630 2653 5678 tractum
2685 5637 2808 5677 cum
2835 5616 3100 5690 peculiari
3126 5611 3295 5668 animi
3317 5610 3598 5680 voluptate

298 5729 347 5780 in
383 5731 568 5782 lucem
599 5720 1003 5794 protraximus.
1033 5715 1224 5787 Neque
1257 5723 1443 5770 tamen
1481 5731 1630 5769 nunc
1662 5723 1909 5785 repetere
1937 5716 2161 5785 placuit,
2192 5723 2378 5786 partes
2405 5715 2528 5769 illas
2564 5732 2673 5771 non
2705 5714 2953 5771 modicas
2977 5715 3032 5769 in
3056 5709 3352 5783 Epistolam
3384 5706 3455 5762 ad
3489 5704 3591 5794 Ro:

299 5833 507 5880 ρωποι,
554 5828 681 5886 qua;
730 5809 926 5866 Graece
965 5820 1165 5880 quarto
1211 5810 1488 5883 Spicilegii
1531 5808 1758 5865 Romani
1805 5811 2072 5867 volumini
2107 5812 2238 5866 olim
2283 5811 2664 5867 iuseruimus:
2711 5828 2888 5884 neque
2927 5811 3058 5868 item
3093 5809 3404 5881 complures
3443 5807 3599 5867 illas,

301 5923 416 5982 qua:
449 5922 582 5966 cum
613 5904 814 5964 Latine
844 5908 1059 5960 tantum
1095 5909 1375 5962 exstarent
1415 5899 1500 5959 vel
1519 5900 1585 5986 in
1622 5902 1817 5973 synodi
1855 5905 2059 5976 quinta:
2105 5907 2264 5974 actis,
2305 5904 2386 5961 vel
2416 5903 2561 5974 apud
2601 5902 2888 5970 Leontium
2920 5904 2975 5961 in
3004 5903 3347 5973 Basnagiana
3381 5895 3587 5957 tiauisii
