4104 6466
564 340 660 398 127

1746 333 2094 392 τιιεουυιιι
2128 331 2605 391 SiOPSUESTENI

3706 341 3805 397 I28

559 460 898 516 admoneret.
922 457 1180 516 Similiter
1200 460 1416 516 beatum
1433 474 1649 531 quoque
1668 458 1922 515 Davidem
1945 460 2106 515 eodem

2236 458 2781 532 ὑπομιμνησκόμενϐς
2829 475 2888 512 τε
2919 458 3046 531 περὶ
3076 458 3180 511 τῶν
3209 455 3389 511 αὐτῶν
3438 453 3695 519 πολλάκις
3719 455 3808 511 διὰ

558 561 879 621 argumento
921 551 1230 621 complures
1268 552 1535 607 cecinisse
1576 552 1816 622 psalmos
1853 551 2124 616 videmus,

2226 552 2325 623 τῆς
2351 548 2744 619 ἀποκαλύψεως
2770 549 2868 619 τῆς
2898 547 3070 611 θείας,
3102 548 3194 600 καὶ
3221 545 3285 617 δή
3317 546 3411 597 καὶ
3438 544 3611 612 λέγων
3635 543 3807 607 αύτας

554 656 789 711 quorum
825 641 1071 711 singulos
1116 657 1215 711 pro
1262 643 1470 698 cm!esti
1517 645 1713 698 mentis
1760 643 2106 699 illustratiom

2227 640 2363 713 πρὸς
2393 640 2484 694 τὸν
2508 640 2656 703 λαὸν,
2695 640 2777 702 είς
2807 638 3039 709 δήλωσιν
3074 637 3185 690 τῶν
3214 636 3517 706 ἐσομένων·
3544 634 3714 705 ὅνπερ
3740 632 3805 703 δὴ

553 743 720 799 atque
767 733 998 802 spiritali
1027 733 1398 789 admonitione
1448 734 1787 804 compositos
1850 735 1917 789 ad
1977 739 2102 807 vulg

2223 732 2426 803 τρόπον
2460 732 2556 786 καὶ
2587 733 2616 785 6
2647 730 2914 802 μακάριος
2937 728 3197 792 Δαυτδείς
3223 729 3323 798 τὴν
3347 726 3519 794 αὐτὴν
3547 723 3807 778 ὑπόθεσιν

552 835 714 875 usum
764 823 1201 892 pronuntiabat:
1251 831 1305 878 et
1355 822 1473 894 ipse
1514 823 1768 879 videlicet
1805 825 2120 880 earumdem

550 928 733 968 rerum
769 916 1132 970 revelationes
1163 931 1305 986 saepe
1330 916 1619 986 recipiens,
1637 923 1692 971 et
1717 927 2123 987 consequenter

546 1005 831 1074 evulgatus,
852 1005 1281 1076 quotiescunque
1300 1006 1384 1061 his
1404 1005 1644 1061 oraculis
1664 1005 1862 1075 dignus
1895 1005 2124 1062 habeba-

548 1102 656 1146 tur.
684 1091 804 1147 Jam
839 1095 933 1149 ubi
965 1096 1102 1150 dixit
1123 1094 1291 1151 Oseas
1318 1097 1538 1167 quinam
1562 1094 1918 1153 essentluda
1942 1113 2119 1169 reges,

546 1198 657 1253 quo
686 1192 930 1254 tempore
954 1186 1021 1240 ad
1039 1187 1474 1258 prophetandum
1500 1188 1685 1243 divina
1713 1189 1891 1260 gratia
1919 1191 2122 1245 excita-

546 1287 633 1329 tus
674 1274 809 1339 t‘uit,
841 1277 918 1328 ait
948 1278 1110 1331 etiam
1142 1278 1294 1332 illum
1327 1279 1421 1348 qui
1453 1279 1664 1344 lsraeli,
1720 1281 1772 1335 id
1806 1289 1891 1336 est
1931 1281 2121 1337 decem

546 1366 817 1430 tribubus.
838 1374 968 1421 tunc
988 1368 1287 1438 imperabat
1306 1367 1717 1436 Jeroboamum,
1747 1368 1897 1429 Joasi
1923 1370 2118 1438 ﬁlium,

540 1464 793 1526 nepotem
836 1456 1273 1521 JaachasiJebu
1300 1460 1659 1530 abnepotem:
1703 1477 1865 1532 quem
1905 1472 2120 1534 postre-

540 1562 686 1599 mum
707 1547 772 1599 ad
794 1550 1030 1603 Acltaabi
1047 1552 1269 1621 ejusque
1292 1551 1488 1608 domus
1508 1568 1726 1623 pmnam
1749 1552 1894 1609 Deus
1908 1556 2120 1610 excita-

539 1646 691 1692 verat
715 1654 811 1707 per
839 1642 1154 1709 prophetam
1174 1642 1460 1698 Elisaettm:
1487 1644 1773 1716 eidemque
1792 1649 2120 1716 promiserat

2224 825 2470 893 φαίνεται
2514 824 2800 886 πλείστους
2843 821 3091 893 ψαλμοὺς
3136 817 3402 891 εἰρηκὼς,
3451 810 3529 871 ὧν
3575 816 3805 870 ἕκαστον

2225 914 2365 970 κατὰ
2392 916 2492 987 τὴν
2517 912 2912 984 ἐγγιγνομένην
2932 910 3272 981 ἀποκάλυψιν
3289 925 3350 963 τε
3380 907 3532 978 αύτῷ
3556 906 3652 961 καὶ
3680 904 3804 960 ὑπό-

2226 1021 2422 1077 μνησιν
2448 1007 2515 1075 τῇ
2555 1003 2650 1058 τοῦ
2699 1003 3010 1074 πνεύματος
3047 999 3298 1073 ἐνεργείᾳ
3323 997 3587 1053 συνετίθει
3615 1013 3677 1050 τε
3705 996 3805 1051 καὶ

2221 1099 2359 1169 πρὸς
2389 1097 2487 1169 τὴν
2513 1096 2714 1167 ἑτέρων
2741 1094 2997 1164 ὲξεφώνει
3024 1093 3244 1165 χρείανο
3270 1090 3434 1155 αὐτός
3454 1107 3517 1144 τε
3538 1087 3667 1160 περὶ
3690 1086 3806 1142 τῶν

2220 1188 2400 1244 αὐτῶν
2433 1186 2801 1258 ἀποκαλύψεις
2847 1185 3135 1257 δεχόμενος
3172 1180 3435 1245 πολλάκις
3476 1179 3575 1233 καὶ
3625 1176 3803 1245 λέγων

2219 1279 2547 1342 ἀκολούθως,
2563 1277 2751 1341 ὁσάκις
2764 1276 2821 1330 δι
2836 1276 2945 1330 τῶν
2960 1275 3138 1330 αὐτῶν
3148 1271 3544 1343 ἀποκαλύψεων
3558 1268 3796 1341 ἠξιοῦτο·

2219 1370 2457 1444 εἰρηκὼς
2488 1370 2547 1424 δὲ
2599 1371 2722 1434 τοὺς
2771 1369 2874 1439 τῆς
2931 1366 3189 1431 Ἰουδαίας
3234 1364 3520 1437 βασιλέας,
3562 1360 3801 1434 ὁπηνίκα

2219 1463 2357 1535 πρὸς
2408 1463 2471 1517 τὸ
2523 1461 2888 1532 προφητεύειν
2942 1459 3217 1531 διήγειρεν
3257 1458 3292 1530 ή
3339 1456 3461 1510 θεία
3504 1455 3665 1527 χάρις
3704 1455 3800 1509 τὸν

2231 1554 2411 1626 Ὠσηὲ,
2449 1553 2597 1622 λέγει
2627 1552 2721 1606 καὶ
2751 1552 2844 1606 τὸν
2893 1552 2952 1605 ὲν
2979 1550 3058 1622 τῷ
3102 1547 3342 1621 Ἰσραὴλ,
3375 1547 3522 1602 τοῦτ’
3552 1546 3669 1600 ἔστι
3703 1545 3801 1599 τὸν

2217 1647 2276 1700 ὲν
2302 1646 2433 1700 δέκα
2464 1645 2658 1714 φυλαῖς
2691 1642 3043 1715 βασιλεύοντα
3070 1641 3193 1696 τότε
3231 1638 3536 1712 Ίεροϐοὰμ,
3566 1639 3659 1693 τὸν
3698 1636 3800 1691 τοῦ

539 1729 654 1784 fore
685 1737 741 1783 ut
768 1732 968 1801 posteri
993 1732 1111 1801 ejus
1138 1748 1309 1803 usque
1340 1730 1407 1789 ad
1433 1743 1682 1805 quartam
1714 1736 2106 1805 generationem

2228 1736 2380 1802 Ἰωάς
2407 1738 2544 1804 υίδν,
2578 1735 2800 1806 ἔγγονον
2826 1735 2885 1788 δὶ
2915 1733 3011 1788 τοῦ
3039 1731 3289 1804 Ἰωάχαζ,
3320 1730 3379 1794 δς
3405 1730 3523 1793 υἱὸς
3553 1728 3798 1798 ὲγεγόνει

536 1832 706 1886 regno
753 1821 1082 1888 potirentur:
1123 1821 1179 1893 4
1224 1838 1455 1892 quorum
1510 1824 1728 1894 quidem
1758 1826 1951 1881 tertius
1999 1833 2106 1881 eral

2217 1830 2317 1884 τοῦ
2358 1829 2520 1901 Ἰηοῦ,
2545 1829 2606 1894 ὃς
2645 1828 2739 1883 ἐπὶ
2767 1826 3009 1899 τιμωρίᾳ
3033 1825 3129 1880 τοῦ
3160 1841 3221 1879 τε
3261 1822 3470 1896 Ἀχαὰϐ
3496 1821 3593 1875 καὶ
3614 1821 3802 1891 πάσης

533 1904 912 1972 .leroboamus,
934 1907 1079 1965 Joasi
1095 1911 1260 1974 tilius,
1282 1909 1534 1968 Joachasi
1558 1928 1747 1983 nepos;
1762 1923 1990 1984 quartus
2016 1930 2106 1970 au-

2217 1914 2384 1969 αύτοῦ
2415 1915 2515 1986 τῆς
2542 1916 2724 1979 οίκίας
2775 1913 2867 1969 διά
2897 1913 2994 1967 τοῦ
3021 1914 3301 1984 προφήτου
3332 1910 3635 1966 Ἐλισσαίου
3669 1925 3806 1980 προ-

536 2008 642 2053 tem
657 1998 751 2052 fuit
773 1999 1085 2064 Zacharias,
1103 2000 1412 2056 Jeroboami
1433 2003 1597 2070 illius,
1610 2004 1703 2073 qui
1720 2014 1841 2073 post
1858 2020 1953 2060 sex
1965 2006 2106 2075 regni

2219 2005 2531 2076 ϐαλόμενος,
2565 2006 2595 2058 6
2624 2004 2759 2068 Θεὸς
2793 2004 3063 2074 ὑπέσχετο
3089 2004 3218 2075 άχρι
3253 2000 3519 2072 τετάρτης
3543 1999 3800 2069 διαδοχῆς

534 2105 752 2146 menses
776 2091 929 2158 obiit,
961 2092 1016 2147 in
1049 2109 1158 2163 quo
1187 2094 1393 2148 exitum
1428 2094 1617 2149 habuit
1652 2095 1894 2150 divinum
1922 2096 2106 2151 vatici-

2214 2097 2311 2151 ἐπὶ
2334 2098 2430 2169 τῆς
2453 2094 2726 2169 βασιλείας
2753 2096 2971 2150 ἔσεσθαι
2995 2095 3120 2159 τοὺς
3144 2093 3204 2160 ἐξ
3223 2093 3384 2149 αύτοῦ
3407 2093 3758 2163 γιγνομένους
3779 2107 3794 2121 ⁸

533 2180 717 2248 nium;
758 2185 1020 2239 translata
1050 2186 1309 2256 deinceps
1330 2187 1477 2257 regia
1499 2186 1764 2256 dignitate
1792 2202 1824 2242 a
1854 2186 1992 2243 Jeltu
2022 2203 2106 2257 ge-

2216 2183 2293 2258 ᾣν
2319 2190 2504 2261 τρίτος
2538 2188 2639 2260 μὲν
2680 2184 2750 2260 ἦν
2788 2188 2817 2242 6
2859 2185 3161 2259 Ἰεροϐοὰμ,
3193 2186 3271 2257 (p.
3300 2185 3356 2252 5)
3407 2184 3519 2248 υίὸς
3567 2183 3665 2253 μὲν
3697 2181 3799 2235 τοῦ

531 2285 664 2325 nere
693 2273 760 2325 ad
784 2272 1100 2340 Sellemum,
1155 2277 1248 2345 qui
1298 2276 1440 2330 haud
1487 2276 1726 2343 ejusdem
1779 2278 2106 2349 cognationis

2232 2280 2405 2346 Ἰωὰς,
2435 2280 2654 2350 ῑγγονος
2675 2278 2734 2333 δὲ
2758 2277 2856 2333 τοῦ
2893 2276 3124 2350 ἰωάχαζ
3146 2294 3160 2309 ·
3201 2278 3463 2348 τέταρτος
3495 2275 3554 2328 δὲ
3597 2274 3798 2342 γέγονε

531 2372 669 2419 erat.
683 2363 820 2419 Cum
847 2366 1030 2437 itaque
1046 2366 1428 2436 eapessivissct
1451 2367 1705 2423 lsrahelis
1723 2383 1950 2439 regnum
1962 2367 2106 2425 Jero-

2215 2372 2489 2446 Ζαχαρίας
2515 2374 2545 2427 6
2573 2371 2668 2426 τοῦ
2700 2370 2983 2444 Ἱεροϐοάμ
3001 2370 3139 2439 υίὸς,
3165 2369 3225 2434 ὃς
3254 2370 3348 2423 ἐπὶ
3377 2367 3436 2435 ἒξ
3468 2364 3798 2437 βασιλεύσας

531 2456 784 2521 boamus,
819 2466 872 2513 et
904 2457 1064 2515 Ozias
1098 2458 1506 2531 Hierosolymis.
1526 2461 1837 2531 imperaret,
1867 2461 2106 2519 cladibus

2214 2466 2330 2528 τοῖς
2368 2465 2504 2536 μησὶ
2540 2462 2929 2534 τετελεύτηκεν
2950 2479 2967 2495 °
3008 2461 3184 2533 πέρας
3215 2462 3313 2533 μὲν
3345 2461 3435 2514 ἐπ’
3479 2458 3645 2515 αὐτοῦ
3688 2456 3800 2525 τῆς

530 2561 814 2620 creperum
868 2552 1005 2606 allici
1059 2552 1244 2608 decem
1298 2553 1494 2617 tribus,
1525 2553 1699 2609 donec
1746 2567 1842 2610 eas
1885 2567 2106 2624 prorsus

2213 2557 2547 2627 ἐπαγγελίας
2578 2554 2851 2628 λαϐούσης
2891 2555 2993 2625 τῆς
3019 2554 3189 2619 θείας,
3224 2551 3570 2624 μεταστάσης
3592 2549 3649 2603 δὲ
3674 2548 3796 2600 λοι-

531 2642 755 2696 servitio
802 2642 1048 2699 addictus
1091 2647 1327 2715 migrare
1363 2646 1540 2716 coegit
1592 2660 1689 2701 rex
1740 2644 2106 2717 Assyriorum.

2214 2647 2316 2703 πδν
2348 2647 2458 2702 άπὸ
2479 2647 2574 2702 τοῦ
2595 2648 2787 2718 γένους
2813 2646 2910 2701 τοῦ
2940 2644 3080 2716 ’1ηοῦ
3112 2645 3214 2717 τῆς
3257 2643 3535 2715 βασιλείας
3580 2641 3673 2694 ἐπὶ.
3699 2641 3798 2693 τὸν

531 2732 712 2798 Quare
748 2738 1037 2791 commodo
1083 2745 1325 2807 tempore
1357 2736 1712 2792 vaticinatum
1747 2736 1893 2791 venit
1918 2735 2106 2806 Oseas,

2210 2739 2449 2811 Σελλήμ,
2480 2739 2543 2793 οὐ
2570 2738 2672 2811 τῆς
2700 2738 2873 2810 αὐτῆς
2909 2738 3221 2809 ὑπάρχοντα
3256 2734 3611 2806 συγγενείας·
3646 2749 3799 2802 παρ-

532 2828 921 2895 ρι’ωετιςίοΐιιιιι
952 2827 1091 2882 beati
1124 2828 1341 2884 Davidis
1370 2828 1689 2884 memoriam
1714 2827 2005 2895 refricans,
2026 2834 2106 2883 at-

2211 2830 2459 2903 εληλύθει
2505 2831 2606 2904 μὲν
2650 2826 2744 2886 οὖν
2774 2832 2854 2896 είς
2899 2829 2998 2901 τὴν
3050 2828 3144 2883 τοῦ
3185 2827 3397 2898 Ἰσραὴλ
3445 2823 3807 2912 βασιλείαν

530 2932 636 2983 que
651 2932 715 2970 ea
731 2918 840 2984 jam
867 2919 1109 2986 proxima
1130 2921 1407 2984 nuntians,
1428 2934 1549 2989 qua
1570 2918 1742 2974 multo
1761 2925 1888 2975 ante
1898 2918 2106 2991 deipsit

2224 2915 2527 2989 Ίεροϐοὰμ,
2544 2916 2725 2984 Ὀζίου
2753 2916 3130 2989 βασιλεύοντος
3155 2915 3258 2987 τῆς
3297 2913 3651 2987 Ἰερουσαλήμ
3670 2928 3684 2941 ’
3729 2911 3804 2978 ἐξ

533 3008 786 3076 praedicta
824 3008 1058 3062 fuerant.
1087 3008 1268 3079 Pergit
1298 3018 1478 3065 autem
1508 3009 1726 3064 dicere:
2098 3030 2106 3039 ί

2213 3010 2425 3067 ἐκείνου
2458 3012 2555 3067 τοῦ
2585 3012 2779 3085 χρόνου
2807 3012 2903 3067 τοῦ
2935 3012 3123 3075 κακῶς
3164 3011 3423 3083 πράττειν
3462 3008 3653 3063 ἔλαϐον
3688 3006 3801 3076 τὴν

532 3100 706 3167 ἀρχὴν
732 3099 780 3151 oi
820 3099 926 3151 τῶν
964 3098 1098 3152 δέκα
1141 3098 1343 3168 φυλῶν,
1373 3099 1533 3171 ἄχρις
1578 3094 1639 3154 οὗ
1682 3098 1961 3164 παντελῶς
2007 3098 2180 3166 αὐτὰς
2211 3102 2590 3174 αίχμαλώτους
2630 3102 2812 3158 λαϐὼν
2849 3101 3149 3175 μετῴκισεν
3175 3102 3205 3153 6
3227 3101 3332 3153 τῶν
3357 3097 3659 3169 ’Δσσυρίων
3694 3095 3803 3166 βαυ-

535 3191 712 3254 σιλεύς
741 3209 754 3222 ·
785 3191 912 3246 ὥστ’
945 3191 1011 3244 ἂν
1038 3192 1261 3255 εἰκότως
1304 3192 1446 3247 κατὰ
1482 3191 1669 3246 τοῦτον
1710 3192 1802 3247 τὸν
1835 3191 2027 3265 καιρὸν
2072 3192 2167 3247 ἐπὶ
2217 3193 2317 3266 τὴν
2358 3193 2696 3268 προφητείαν
2740 3194 2833 3248 τὸν
2878 3192 3038 3265 Ὠσηὲ
3080 3189 3538 3265 παρεληλυθέναι,
3575 3186 3685 3240 τῶν
3730 3203 3803 3240 τι

534 3287 890 3358 προρρήσεων
934 3285 1415 3355 ὑπομιμνήσκοντα
1462 3284 1556 3339 τοῦ
1603 3284 1875 3357 μακαρίου
1913 3283 2099 3354 Δαυτδ,
2134 3284 2231 3341 καὶ
2259 3286 2666 3360 μνημονεύοντα
2724 3284 2954 3358 ἐγγύθεν
3011 3284 3246 3357 ἐσόμενα
3282 3282 3353 3338 τα
3388 3282 3454 3355 δὴ
3508 3279 3803 3353 πόρρωθεν

536 3386 563 3432 ε
588 3381 800 3448 priusch
832 3376 956 3451 περὶ
976 3378 1153 3432 αύτῶν
1178 3395 1193 3411 ο
1235 3379 1327 3433 καὶ
1355 3380 1493 3452 μετὰ
1515 3380 1690 3435 ταῦτα
1719 3380 1913 3453 φησιν’

604 3532 770 3589 Vsus.
811 3534 866 3588 2.
900 3564 972 3574 -—
1013 3554 1033 3589 ι
1072 3533 1295 3593 initium.
1314 3536 1461 3593 verbi
1491 3537 1705 3593 Domini
1728 3539 1795 3595 ad
1812 3537 2035 3596 Oscam.
2070 3558 2091 3593 ι

531 3620 708 3686 Patet,
744 3622 872 3678 hinc
914 3621 1007 3678 Dei
1062 3626 1297 3694 coepisse
1347 3625 1460 3682 ﬁeri
1514 3630 1578 3682 ad
1612 3628 1766 3683 illum
1812 3628 2106 3685 revelatio-

533 3731 668 3772 nes:
700 3716 793 3785 qui
825 3715 1043 3769 mandat
1063 3716 1113 3771 ei
1147 3725 1207 3772 ut
1236 3718 1522 3789 eonjugem
1549 3720 1895 3776 meretricem
1917 3718 2104 3787 ducat,

532 3823 601 3862 ex
661 3824 834 3877 eaque
907 3809 1111 3866 liberos
1180 3820 1465 3880 procreet:
1524 3811 1687 3883 cuius
1744 3813 1824 3867 rei
1879 3828 2106 3870 causam

533 3915 750 3970 quoque
766 3900 935 3965 addit,
974 3921 993 3953 ι
1031 3900 1191 3967 Quia,
1226 3902 1421 3971 inquit,
1443 3904 1721 3960 fornicans
1743 3906 2106 3964 iornicabitur

534 4001 678 4044 terra
720 4006 748 4043 a
772 3990 1021 4045 Domino.
1048 4010 1068 4043 ι
1115 3991 1260 4046 Sane
1298 3992 1442 4049 Deus
1481 3995 1726 4064 quaedam
1764 4012 1794 4050 a
1827 3997 2104 4068 prophetis

532 4081 780 4137 facienda
810 4092 985 4146 curat,
1016 4097 1139 4152 qua:
1168 4083 1352 4139 multis
1375 4092 1571 4153 praeter
1590 4086 1848 4142 decorum
1873 4103 1995 4145 esse
2020 4090 2103 4145 vi-

532 4173 774 4228 dentur:
816 4173 979 4229 veluti
1014 4188 1139 4228 cum
1177 4175 1368 4230 Isaiam
1410 4190 1595 4231 eorum
1630 4179 1885 4237 omnibus
1934 4180 2104 4251 jussit

533 4264 740 4318 nudum
783 4270 838 4319 et
884 4265 1258 4320 excalceatum
1309 4268 1580 4325 incedere.
1635 4269 1742 4324 Sed
1780 4270 1883 4326 hoc
1915 4283 1971 4329 et
1997 4271 2104 4343 alia

526 4356 798 4424 ejusmodi
833 4358 1070 4413 evidenti
1127 4360 1360 4416 consilio
1396 4369 1619 4431 peracta
1660 4361 1903 4418 fuerunt.
1965 4363 2103 4419 Nam

529 4451 654 4521 quia
681 4450 926 4521 plerique
962 4451 1149 4508 audire
1180 4468 1465 4512 sermones
1497 4456 1800 4512 oscitanter
1827 4457 2099 4525 solemus;

527 4548 802 4610 gestorum
862 4554 995 4598 vero
1028 4549 1192 4612 atque
1219 4542 1462 4599 visorum
1506 4545 1745 4600 novitate
1801 4554 2099 4611 terremur,

529 4633 828 4702 prmsertim
875 4633 921 4688 si
965 4633 1080 4687 haec
1129 4634 1337 4690 absona
1383 4648 1415 4686 a
1456 4633 1710 4691 facientis
1756 4651 1910 4693 more
1956 4638 2100 4704 sint;

527 4723 727 4777 merito
775 4722 916 4777 Deus
969 4732 1190 4794 propter
1251 4724 1602 4780 Hebraeorum
1664 4727 2101 4784 incredulitatem

2276 3536 2424 3608 Στίχ.
2458 3535 2523 3607 β’.
2541 3557 2641 3589 -ι
2679 3533 2846 3607 Ἀρχὴ
2868 3532 3028 3602 λόγου
3056 3533 3261 3604 Κυρίου
3287 3528 3420 3601 πρὸς
3438 3527 3615 3599 Ὠσηὲ.
3643 3524 3796 3597 »Δῆ-

2205 3631 2297 3686 λον
2321 3629 2406 3684 ὅτι
2432 3625 2682 3683 ἐντεῦθεν
2710 3627 2810 3698 τῆς
2831 3627 2969 3697 πρὸς
2982 3624 3145 3679 αὐτὸν
3166 3619 3563 3690 ἀποκαλύψεως
3586 3617 3798 3690 ήρξατο

2203 3722 2234 3776 6
2253 3721 2385 3784 Θεός
2402 3734 2418 3750 ⁸
2458 3718 2670 3774 κελεύει
2699 3735 2761 3772 τε
2789 3715 2939 3788 αύτῷ
2962 3717 3196 3786 γυναῖκα
3220 3713 3423 3784 πόρνην
3460 3708 3796 3779 ἀγαγέσίαι.

2204 3811 2301 3867 καὶ
2326 3811 2393 3884 δὴ
2429 3809 2526 3865 καὶ
2564 3806 2939 3864 τικνὼσασθαι
2988 3805 3047 3874 ἐξ
3090 3803 3257 3875 αὐτῆς
3284 3817 3298 3833 '
3331 3801 3430 3859 καὶ
3465 3801 3566 3873 τὴν
3606 3800 3799 3857 αίτίαν

2204 3902 2565 3978 προστίθησι·
2617 3919 2638 3956 ι
2671 3899 2818 3955 Διότι
2873 3895 3275 3969 ὲκπορνεύουσα
3334 3892 3697 3963 ὲκπορτεύσει
3748 3891 3791 3961 ἠ

2204 3993 2278 4064 γῆ
2325 3991 2436 4048 ἀπὸ
2477 3982 2700 4046 ὄπισθέν
2741 3987 2838 4044 τοῦ
2871 3987 3098 4059 Κυρίου.
3137 4005 3155 4038 ι
3216 3986 3290 4039 Τὸ
3338 3984 3437 4055 μὲν
3474 3978 3565 4036 οὖν
3603 3997 3790 4051 παρα-

2205 4083 2493 4149 σκευάζειν
2510 4080 2635 4139 τινὰ
2653 4081 2761 4136 τῶν
2781 4080 2882 4151 οὐχ
2901 4077 3174 4150 ἀρμοδίων
3195 4070 3333 4131 εἶναι
3352 4072 3649 4129 δοκούντων
3671 4071 3795 4135 τοῖς

2205 4176 2418 4241 πολλοῖς
2438 4176 2564 4239 τοὺς
2583 4174 2868 4246 προφήτας
2884 4170 3056 4227 ποιεῖν
3072 4167 3164 4222 τὸν
3180 4166 3332 4232 Θεὸν,
3350 4166 3426 4230 ὡς
3453 4165 3542 4218 τὸν
3557 4162 3794 4217 Ἠσαίαν

2204 4267 2410 4341 γυμνὸν
2441 4266 2774 4338 ἀνυπόδητον
2800 4264 3085 4318 ἐκέλευσεν
3111 4262 3169 4314 ὲν
3201 4260 3352 4331 μέσῳ
3385 4255 3795 4329 παριέναιπάν-

2201 4378 2331 4424 των,
2365 4360 2443 4432 (p.
2470 4358 2525 4430 6)
2551 4359 2646 4412 καὶ
2670 4356 2844 4412 ὁπόσα
2883 4355 2947 4425 δὴ
2977 4354 3219 4417 τοιαῦτα,
3243 4349 3507 4421 πρόδηλον
3543 4348 3653 4418 ἔχει
3684 4346 3792 4418 τὴν

2203 4453 2401 4508 αἰτίαν.
2445 4450 2665 4522 Ἐπειδὴ
2714 4450 2824 4521 γὰρ
2864 4449 2913 4502 οἱ
2944 4447 3129 4501 πολλοὶ
3163 4445 3271 4498 τῶν
3303 4443 3400 4514 μὲν
3433 4441 3604 4510 λόγων
3638 4456 3790 4509 παρ-

2204 4544 2379 4615 έργως
2407 4542 2626 4597 ἀκούειν
2651 4539 2942 4608 εἰώθαμεν,
2970 4531 3413 4608 ὲκταραττόμεθα
3435 4530 3490 4585 δὲ
3525 4530 3658 4600 πρὸς
3682 4529 3796 4601 τὴν

2201 4635 2311 4689 τῶν
2343 4633 2644 4704 γινομένων
2672 4648 2730 4684 τε
2756 4630 2849 4683 καὶ
2886 4628 3175 4699 ὁρωμένων
3203 4622 3491 4695 καινότητα
3511 4639 3525 4653 ·
3553 4622 3647 4677 καὶ
3679 4622 3790 4692 μά-

2202 4723 2361 4777 λιστα
2382 4724 2458 4777 ὅτ’
2498 4722 2565 4777 ἂν
2616 4720 2808 4790 ἀπῳδὰ
2850 4718 2945 4773 τοῦ
2989 4718 3191 4790 τρόπου
3235 4715 3329 4770 τοῦ
3373 4715 3652 4777 ποιοῦντος
3681 4715 3789 4767 ύπ-

527 4811 620 4865 dat
689 4826 834 4881 saepe
900 4826 1123 4881 operam
1189 4821 1249 4867 ιιι
1310 4814 1440 4868 talia
1501 4817 1781 4886 prophetae
1844 4817 2096 4886 faciant;

2208 4814 2368 4886 άρξῃ,
2396 4812 2624 4877 εἰκότως
2652 4813 2681 4865 6
2703 4811 2835 4875 Θεὸς
2864 4808 2952 4864 δια
2977 4811 3036 4864 τὸ
3060 4809 3169 4863 τῶν
3194 4806 3461 4863 Ἰουδαίων
3495 4805 3790 4872 δυσπειθὲς

527 4917 724 4972 nempe
743 4911 803 4956 ut
837 4903 1145 4972 perculsum
1169 4903 1410 4959 novitate
1438 4921 1666 4975 operum
1699 4907 1924 4977 vulgus,
1969 4922 2100 4963 cau-

527 5010 641 5049 sam
664 4999 844 5049 t‘erum
868 4993 1044 5048 discat
1073 5002 1236 5065 atque
1260 4995 1496 5051 oﬂicium
1519 4998 1802 5055 doceatur.
1828 4998 2105 5055 Mandavit

2201 4902 2609 4978 παρασκευάζει
2639 4902 2899 4967 πολλάκις
2923 4903 3048 4966 τοὺς
3078 4903 3361 4973 προφήτας
3393 4898 3618 4952 τοιαῦτά
3658 4915 3784 4951 τινα

2199 4995 2646 5068 διαπράττεσθαι,
2689 4993 2757 5047 ἵν’
2783 4996 2845 5047 ἐκ
2877 4994 2975 5064 τῆς
3006 4993 3114 5046 τῶν
3140 4990 3439 5062 γινομένων
3464 4988 3785 5057 καινότητος

525 5100 656 5153 ergo
674 5086 950 5156 propheta
967 5093 1020 5140 ut
1051 5086 1391 5142 meretricem
1414 5104 1635 5146 uxorem
1653 5090 1907 5147 duceret:
1935 5104 2100 5160 porro

2208 5086 2647 5159 ἐπιστρεφόμενοί
2665 5105 2780 5151 πως
2807 5086 2857 5140 oi
2882 5086 2974 5140 τοῦ
2996 5083 3125 5139 λαοῦ
3154 5082 3466 5155 μανθάνωσί
3485 5099 3543 5134 τε
3561 5080 3661 5152 τὴν
3693 5083 3784 5133 αἰ-

508 5190 727 5230 -novum
765 5186 884 5228 erat
919 5174 1174 5231 feminam
1215 5177 1483 5247 ejusmodi
1514 5195 1546 5234 a
1585 5181 1848 5251 propheta
1888 5181 2097 5236 assumi

524 5267 582 5321 in
618 5266 952 5322 matrimonii
982 5269 1321 5324 convictum:
1362 5270 1417 5325 id
1449 5272 1594 5340 quod
1651 5286 1774 5326 eum
1829 5270 1881 5342 5
1906 5287 2097 5341 reapse

529 5359 671 5414 Deus
702 5357 883 5414 facere
904 5359 1161 5429 iusserat.
1200 5362 1264 5417 Et
1306 5362 1583 5432 propheta:
1625 5362 1846 5432 quidem
1896 5364 2097 5419 licebat

527 5448 753 5519 legitimi
778 5449 1018 5518 coniugii
1041 5453 1361 5506 societatem
1389 5458 1579 5520 optare
1599 5492 1612 5507 .
1641 5460 2017 5507 verumtamen
2047 5452 2095 5509 is

527 5547 768 5594 scortum
793 5539 956 5594 etiam
982 5540 1085 5595 sibi
1117 5540 1453 5611 copulatum,
1485 5540 1804 5610 pudicitiam
1825 5578 1843 5607 ,
1890 5547 1949 5594 ut
1998 5555 2098 5611 par

522 5637 670 5691 erat.
717 5629 959 5687 edocuit.
1005 5630 1240 5687 Necesse
1275 5646 1439 5701 porro
1473 5641 1591 5686 erat
1633 5631 1821 5685 mirari
1869 5646 2088 5696 omnes,

526 5721 672 5791 quod
701 5722 782 5777 vir
814 5723 974 5778 oliicii
1004 5724 1162 5777 valde
1189 5722 1495 5784 studiosus,
1527 5723 1749 5777 omissis
1781 5738 1901 5793 quae
1932 5723 2091 5793 pudi-

492 5834 495 5837 λ
526 5811 671 5869 citiae
686 5812 845 5875 laude
878 5811 1163 5883 ﬂorebant,
1211 5813 1429 5885 nuptias
1467 5814 1765 5871 meretricis
1799 5816 2091 5887 appetivis-

2197 5179 2320 5234 τίαν
2354 5179 2449 5233 καὶ
2493 5179 2852 5233 παιδεύωνται
2877 5178 2937 5231 τὸ
2979 5176 3113 5230 δέον.
3153 5175 3437 5229 Ἐκέλευσε
3481 5173 3659 5227 τοίνυν
3701 5166 3784 5241 τῷ

2201 5271 2455 5344 προφήτῃ
2485 5270 2689 5342 πόρνην
2711 5269 3017 5339 ἀγαγέσθαι
3048 5271 3311 5337 γυναῖκα·
3346 5265 3530 5321 καινὸν
3558 5264 3665 5335 γὰρ
3709 5259 3780 5333 ἦν

2199 5363 2263 5416 τὸ
2290 5361 2380 5417 τον
2405 5364 2690 5435 προφήτην
2716 5361 2930 5416 ἑλέσθαι
2954 5362 3184 5430 γυναῖκα
3214 5358 3471 5429 τοιαύτην
3493 5358 3572 5421 εἰς
3598 5358 3780 5427 γάμου

2201 5453 2382 5508 λαϐεῖν
2404 5455 2709 5521 κοινωνίαν,
2738 5455 2874 5525 ὅπερ
2899 5449 2990 5507 οὖν
3024 5450 3170 5523 αύτῷ
3201 5453 3421 5523 ποιῆσαι
3447 5446 3781 5521 προσέταξεν

2200 5545 2230 5596 6
2254 5543 2386 5607 Θεός
2409 5559 2423 5574 ·
2473 5543 2661 5614 ἐπειδὴ
2703 5543 2852 5615 αὐτῷ
2888 5561 2947 5596 τε
2980 5542 3054 5615 τῷ
3102 5545 3359 5615 προφήτῃ
3387 5543 3466 5604 εἰς
3493 5539 3780 5594 κοινωνίαν

2202 5633 2381 5706 γάμου
2403 5636 2633 5703 γυναῖκα
2659 5633 2844 5687 λαϐεῖν
2873 5633 3016 5688 κατὰ
3041 5633 3204 5702 νόμον
3230 5631 3354 5703 ἐξῆν
3383 5647 3395 5661 ο
3417 5630 3517 5701 τήν
3554 5646 3613 5682 τε
3643 5627 3761 5700 πόρ

2199 5741 2297 5793 νην
2333 5722 2622 5795 λαμϐάνων
2650 5727 2946 5795 σωφρονεῖν
2980 5723 3197 5777 ἔπειθεν
3241 5723 3317 5786 ὡς
3360 5721 3504 5783 εἰκός
3530 5735 3542 5748 ·
3562 5718 3780 5788 ἀνάγκη

2199 5815 2306 5888 γὰρ
2336 5811 2401 5889 ἦν
2450 5815 2747 5885 ξενίζεσθαι
2779 5817 2876 5889 μὲν
2910 5817 3175 5884 ἅπαντας,
3213 5816 3294 5871 ὅτι
3326 5814 3464 5887 ἀνὴρ
3489 5814 3583 5873 τοῦ
3610 5824 3777 5883 προσ·
