4104 6466
276 349 384 404 129

1368 358 1919 423 COMMENTARiUS
1946 361 2019 423 ΙΝ
2058 364 2266 426 ΟεΕΑΞ
2300 370 2453 429 CAP.
2496 371 2539 429 1.

3472 382 3603 464 ,ίῳ

264 475 513 546 ﬁmus-oc
555 474 764 548 πολλὴν
795 473 1127 547 ὲπιμέλειαν’
1157 473 1320 548 ἔχων,
1354 478 1674 534 καταλιπὼν
1703 480 1803 545 τὰς
1830 482 1885 535 ἐν

1996 490 2101 540 set.
2141 482 2399 548 lamvero
2453 489 2533 545 rei
2582 487 2747 561 hujus
2796 491 3014 551 novitas
3067 493 3414 553 occasionem
3466 511 3598 569 pro-

269 564 587 636 σεμνότητι
628 582 747 629 πως
781 560 921 618 εἶναι
946 565 1233 630 δοκούσας,
1281 569 1363 631 είς
1392 568 1574 639 γάμου
1606 570 1893 625 κοινωνίαν
1912 570 1923 579 “

269 656 459 712 είλετο
495 657 710 729 πόρνην
740 657 929 712 λαϐεῖν
960 676 974 690 ·
1007 661 1040 731 ἡ
1074 658 1132 713 δὲ
1156 658 1254 713 τοῦ
1285 662 1611 733 γιγνομένου
1638 665 1897 737 καινότης

266 749 543 823 ἀφορμὴν
582 750 760 805 ἐδίδου
808 751 888 823 τῷ
931 752 1191 825 προφήτῃ
1233 752 1300 806 τὰ
1335 755 1683 826 προσήκοντα
1711 755 1895 826 λέγειν

266 842 417 914 πρὸς
446 842 655 908 αὐτούς
681 859 696 874 ο
726 844 861 915 πρὸς
884 843 947 897 τὸ
971 843 1027 897 δὲ
1057 843 1227 916 πολλῇ
1260 847 1325 917 τῇ
1346 845 1648 917 παραθέσει
1668 848 1896 918 μείζονα

266 935 577 1006 φαίνεσθαι
617 936 682 991 τὸ
731 936 825 990 τὸν
848 935 984 989 Θεὸν
1029 937 1304 1009 αἱρεῖσθαι
1336 936 1511 1002 οὕτως
1559 940 1895 1012 ἀγνωμόνων

266 1028 494 1100 ἀνδρῶν
519 1031 606 1093 είς
622 1028 951 1099 ἐπιμέλειαν
980 1029 1172 1082 ἑαυτὸν
1202 1029 1484 1087 κατιέναι·
1508 1031 1562 1085 εί
1585 1047 1647 1099 γε
1683 1031 1777 1085 καὶ
1801 1033 1894 1086 τὸν

267 1123 345 1193 (p.
365 1123 422 1193 7)
438 1121 740 1192 προφήτην
757 1120 1069 1191 θαυμαστὸν
1090 1117 1159 1192 ἦν
1177 1122 1583 1193 ὲπειλημμὲνου
1600 1122 1695 1177 τοῦ
1718 1142 1891 1196 προσ-

265 1216 509 1286 ήκοντος
536 1216 623 1278 είς
662 1214 870 1286 πόρνης
908 1213 1126 1284 ὁμιλίαν
1173 1216 1397 1285 χωρεῖν.
1442 1213 1662 1287 Ἐπειδὴ
1685 1218 1890 1282 τοίνυν,

262 1309 467 1380 φησὶν,
508 1307 890 1378 ὲπιμελοῦμαι
933 1308 1043 1363 τῶν
1084 1307 1439 1380 Ἰσραηλιτῶν
1474 1309 1734 1381 πορνικὸν
1775 1311 1894 1382 τρό-

1997 576 2176 646 phetae
2219 579 2532 648 praebebat,
2581 596 2706 651 quae
2754 598 2894 654 opus
2941 592 3061 640 erat
3101 584 3306 643 Judzris
3339 587 3598 659 dicendi;

1975 661 2373 742 praetereaque
2397 674 2548 743 gravi
2573 675 2826 746 exemplo
2847 678 3214 741 monstrandi,
3235 680 3400 750 quale
3420 696 3569 751 quan
3588 710 3601 721 -

1995 766 2114 816 tum
2144 774 2291 819 esset
2324 764 2619 820 consilium
2643 764 2761 834 Dei,
2788 767 2882 837 qui
2909 777 3019 822 tam
3046 769 3387 839 ingratorum
3413 772 3598 827 humi-

1995 869 2127 908 num
2159 871 2349 911 curam
2380 857 2525 913 ultro
2557 860 2929 931 suscepisset:
2962 861 3236 932 siquidem
3271 872 3324 920 et
3358 863 3596 938 prophe-

1994 950 2109 997 tam
2154 945 2353 999 mirum
2386 955 2529 1012 erat,
2556 948 2648 1018 qui
2690 947 2831 1020 frugi
2865 951 3029 1005 vitam
3059 952 3315 1023 elegerat,
3352 955 3419 1009 ad
3445 971 3598 1010 scor-

1996 1037 2037 1091 ti
2075 1038 2304 1118 nuptias
2337 1055 2624 1111 proruere.
2665 1041 2931 1100 Videlicet
2965 1052 3018 1100 et
3052 1061 3176 1116 ego,
3209 1046 3389 1118 inquit
3425 1046 3592 1117 Deus,

1996 1129 2266 1187 lsraelitis
2297 1116 2517 1213 studeo,
2554 1136 2647 1207 qui
2679 1136 2997 1192 meretricio
3025 1154 3255 1208 prorsus
3293 1154 3444 1196 more
3482 1156 3597 1197 me-

1995 1239 2119 1279 cum
2150 1237 2340 1296 agunt,
2370 1227 2715 1301 singulisque
2748 1229 3021 1289 hactenus
3050 1232 3248 1295 diebus
3270 1233 3423 1288 hanc.
3445 1250 3597 1288 men—

1996 1323 2103 1374 tem
2135 1319 2405 1389 retinent;
2425 1337 2566 1393 quos
2587 1331 2771 1379 tamen
2794 1339 2896 1396 ego
2913 1341 3025 1396 pra:
3040 1327 3261 1383 caeteris
3278 1326 3595 1384 hominibus

263 1418 372 1454 πον
395 1401 645 1455 πάντοτε
676 1400 1137 1469 ὲπιδεδειγμένων
1171 1399 1300 1470 περὶ
1330 1399 1452 1469 ἐμὲ,
1482 1400 1578 1457 καὶ
1611 1400 1734 1454 καθ’
1764 1401 1893 1456 ἑκά-

261 1512 402 1564 στην
427 1493 660 1565 ἡμέραν
693 1494 820 1565 ἄχρι
836 1492 933 1547 τοῦ
959 1492 1122 1565 δεῦρο
1149 1490 1356 1563 ταύτην
1386 1492 1766 1549 ἐπιτεινόντων
1790 1492 1892 1566 τὴν

256 1590 527 1663 γνώμην,
566 1589 665 1643 καὶ
697 1589 851 1660 παρά
869 1589 1080 1651 πάντας
1114 1586 1439 1659 ἀνθρώπους
1465 1576 1776 1653 αὐτοὺςέίς
1812 1592 1892 1644 ol-

258 1683 539 1753 κειότητα
569 1682 799 1753 εἱλόμην
827 1678 929 1753 τὴν
947 1682 1087 1751 ἐμήν
1108 1697 1121 1710 ·
1177 1682 1297 1751 μετ’
1320 1681 1380 1733 οὐ
1415 1680 1552 1735 πολὺ
1583 1681 1640 1736 δὲ
1669 1680 1885 1752 ἔλεγχον

1994 1688 2084 1737 tus
2104 1682 2206 1739 hac
2226 1685 2451 1756 regione
2466 1696 2803 1755 evertentur,
2824 1707 2988 1762 quam
3013 1693 3119 1750 huc
3138 1712 3314 1766 usque
3327 1696 3596 1754 benelicio

255 1775 365 1847 τῆς
393 1776 536 1846 περί⁵
569 1774 674 1846 ἐμὲ
703 1772 933 1845 γνώμης
948 1772 1177 1845 ἀκριϐὲς
1207 1772 1539 1844 παρέξονται
1563 1773 1665 1845 τὴν
1688 1775 1885 1843 ἐπαγο-

1996 1789 2119 1830 meo
2142 1776 2470 1845 incolentes,
2490 1779 2629 1850 jussi
2652 1780 2867 1836 fuerant
2906 1786 3042 1841 meis
3067 1788 3357 1858 praeceptis
3376 1789 3594 1846 obtem-

262 1870 441 1941 μένην
477 1869 674 1932 αὑτοῖς
709 1868 803 1920 ὑπ’
851 1866 991 1937 ἐμοῦ
1033 1865 1310 1936 τιμωρίαν
1331 1882 1344 1896 ·
1375 1866 1465 1918 ὅτε
1508 1867 1574 1936 τῇ
1604 1865 1885 1937 αἰχμαλω-

1993 1883 2218 1939 perare:
2254 1869 2401 1925 haud
2431 1887 2595 1929 secus
2621 1890 2785 1944 quam
2807 1874 3046 1935 feminas
3072 1879 3126 1934 in
3157 1879 3475 1952 eonjugium
3499 1898 3594 1939 as-
3653 1898 3660 1905 ‘

259 1963 359 2033 σία
388 1960 829 2032 -ιταραδιδόμενοι
855 1958 1138 2022 παντελῶς
1168 1957 1373 2029 ταύτης
1395 1956 1884 2029 ἀπαλλοτριοῦνται

1994 1966 2267 2029 sumptas,
2293 1959 2635 2031 nuptialibus
2660 1961 2875 2034 legibus
2898 1966 3158 2024 insistere
3178 1984 3298 2025 mos
3315 1979 3418 2024 est.
3445 1969 3595 2027 Prte-

255 2052 537 2122 ιτῆςγῆς⁸
574 2052 637 2105 ὲν
668 2046 816 2125 ᾗπερ
845 2038 1133 2113 οἰκοῦντας
1164 2048 1486 2120 ἐπιμελείας
1515 2066 1575 2103 τε
1608 2049 1708 2120 τῆς
1742 2050 1885 2119 ὲμῆς

1993 2055 2078 2104 ter
2132 2049 2249 2106 haec
2280 2052 2489 2116 omnia,
2523 2053 2577 2107 hi
2612 2044 2756 2110 haud
2800 2056 3015 2126 justum
3066 2066 3346 2129 gestarum
3406 2076 3593 2116 rerum

254 2144 640 2216 ἀξιουμένους
701 2145 797 2197 ἐπὶ
842 2143 951 2196 τῶν
996 2142 1177 2213 νόμων
1212 2142 1401 2211 μένειν
1452 2141 1713 2196 ἐκέλευσα
1777 2142 1885 2195 τῶν

1994 2158 2219 2198 sensum
2268 2143 2496 2210 habent,
2530 2162 2712 2217 neque
2758 2163 2886 2203 cum
2936 2149 3139 2205 animis
3168 2151 3286 2208 suis
3333 2160 3596 2224 reputant

256 2235 452 2308 ἐμῶν’
519 2236 694 2309 ὅνπερ
731 2234 794 2305 δὴ
826 2235 1031 2307 τρόπον
1068 2234 1165 2288 καί¹
1204 2238 1325 2297 ταῖς
1356 2233 1602 2306 γυναιξὶν
1643 2233 1767 2298 ἔθος
1803 2235 1884 2297 είς

1992 2235 2123 2306 quid
2176 2236 2260 2292 vel
2309 2235 2517 2293 faciant
2567 2240 2651 2295 vel
2696 2242 2895 2297 merito
2936 2243 3157 2313 passuri
3224 2246 3357 2302 sint.
3409 2247 3597 2315 Quare

256 2329 564 2384 κοινωνίαν
604 2327 1076 2400 λαμϐανομέναις,
1122 2328 1216 2381 ὲπὶ
1260 2327 1369 2380 τῶν
1406 2326 1669 2399 γαμικῶν
1702 2326 1884 2396 μένειν

1993 2341 2094 2398 age
2130 2337 2210 2395 tu,
2244 2329 2533 2399 propheta,
2573 2328 2844 2389 facinoris
2886 2334 3134 2392 novitate
3177 2347 3494 2409 susceptam
3523 2340 3594 2396 ab

257 2425 451 2495 νόμων
478 2440 494 2455 ο
539 2424 631 2492 ἐφ’
661 2423 839 2476 ἅπασι
874 2421 934 2474 δὲ
978 2421 1209 2486 τούτοις,
1247 2422 1310 2475 οὐ
1359 2420 1459 2493 τὴν
1500 2422 1885 2491 προσήκουσαν

1997 2419 2084 2475 his
2118 2419 2522 2494 absurditatem
2555 2439 2814 2498 coargue.

256 2521 373 2576 τῶν
402 2519 721 2592 γινομένων
749 2518 1006 2586 αἴσθησιν
1052 2513 1291 2589 ἔχουσιν,
1342 2517 1459 2570 οὗθ’
1502 2510 1606 2585 ὧν,
1639 2515 1909 2579 ποιοῦσιν,
1939 2513 2085 2576 ,οὗθ’Δ
2129 2509 2207 2571 ὧν
2232 2518 2513 2576 πείσονται
2541 2521 2769 2587 δικαίως
2789 2540 2804 2555 ο
2853 2523 2989 2597 φέρε
3012 2525 3079 2598 δὴ
3108 2527 3195 2592 σὺ,
3228 2528 3502 2601 προφῆτα,
3523 2531 3591 2602 τῇ

256 2613 358 2669 τοῦ
416 2611 719 2683 γινομένου
771 2610 1055 2681 καινότητι
1095 2608 1319 2679 ἔλεγχον
1370 2608 1469 2679 τῆς
1517 2606 1646 2677 παρ’
1698 2604 1885 2659 αὐτῶν
1919 2606 2302 2679 πραττομένης
2337 2609 2562 2681 ποίησαι
2591 2612 2843 2677 ἀτοπίας.

1994 1406 2050 1461 in
2070 1423 2246 1467 meam
2274 1408 2708 1492 familiaritatem
2727 1428 3069 1486 receperam.
3089 1415 3196 1473 Sed
3214 1418 3362 1474 enim
3383 1419 3435 1473 hi
3465 1436 3598 1489 pau-

1996 1497 2050 1553 lo
2085 1507 2209 1571 post
2241 1498 2310 1556 de
2346 1503 2533 1562 animo
2565 1518 2696 1577 erga
2727 1521 2814 1562 me
2841 1523 2944 1565 suo
2974 1518 3349 1581 coarguentur
3378 1527 3407 1566 a
3431 1527 3595 1583 paena

1994 1606 2159 1661 quam
2191 1592 2272 1647 eis
2308 1592 2610 1664 imponam,
2646 1612 2773 1655 cum
2807 1599 2995 1657 traditi
3042 1603 3373 1672 captivitati,
3410 1603 3597 1661 fundi-

332 2733 498 2804 Στίχ.
553 2736 706 2800 γ’-ε¹.
752 2760 824 2770 -
870 2726 1125 2781 Πείθεται
1160 2726 1227 2798 δὴ
1256 2726 1471 2789 τούτοις
1500 2725 1528 2777 ὁ
1568 2724 1881 2797 προφήτης,

2061 2722 2227 2781 Vsus.
2255 2725 2375 2782 5-5.
2400 2726 2692 2783 —Morem
2716 2728 2877 2798 jusso
2913 2729 3053 2800 gerit
3087 2732 3375 2803 propheta,
3406 2743 3594 2792 scorto

260 2829 357 2884 καὶ
387 2828 595 2895 ἀγεται
623 2822 764 2895 πρὸς
790 2822 974 2892 γάμον
1004 2821 1232 2892 πόρνην,
1263 2814 1332 2892 ἦς
1367 2820 1462 2872 καὶ
1487 2818 1548 2872 τὸ
1581 2817 1755 2888 ὄνομα
1789 2818 1885 2872 καὶ

1986 2816 2168 2883 nubit,
2200 2816 2363 2886 cujus
2385 2819 2548 2873 etiam
2572 2834 2772 2874 nomen
2798 2829 3121 2893 patremque
3142 2832 3326 2892 notat;
3348 2841 3418 2882 ne
3449 2826 3594 2885 forte

261 2921 354 2974 τὸν
392 2917 621 2989 πατέρα
642 2914 794 2985 λέγει
817 2955 830 2977 ,
861 2913 938 2976 ὼς
977 2913 1052 2984 μὴ
1091 2911 1321 2983 πλάσμα
1344 2909 1501 2981 ψιλόν
1526 2927 1582 2962 τι
1608 2909 1792 2977 δοκοίη
1823 2909 1885 2963 τὸ

1986 2908 2134 2979 quod
2148 2910 2353 2964 dictum
2372 2919 2477 2976 est,
2495 2926 2693 2982 purum
2711 2912 3051 2983 figmentum,
3071 2917 3168 2972 sed
3191 2925 3249 2971 ut
3268 2934 3397 2974 vera
3416 2919 3592 2977 histo-

262 3012 591 3082 λεγόμενον,
642 3005 856 3080 ἱστορία
906 3005 964 3060 δὲ
995 3004 1202 3076 ἀληθὴς
1240 3004 1589 3076 πραγμάτων
1615 3020 1629 3034 ο
1668 3001 1881 3071 γίνεται

1986 3003 2065 3057 ria
2080 3002 2371 3059 trahentur.
2388 3002 2649 3085 Nascitur
2666 3006 2714 3060 ei
2729 3021 2951 3077 quoque
2969 3007 3114 3062 filius
3127 3025 3192 3064 ex
3216 3010 3317 3065 hac
3336 3011 3590 3083 conjuge,

263 3106 323 3160 δὲ
349 3101 509 3175 αὐτῷ
539 3101 640 3155 καὶ
671 3100 788 3161 υἱὸς
825 3100 892 3152 ὲκ
929 3095 1158 3188 ταύτης,
1193 3095 1254 3148 ὃν
1294 3095 1584 3148 ἐκέλευσεν
1620 3092 1883 3192 ἐίεζραὴλ

1987 3110 2146 3164 quem
2207 3095 2507 3155 Jezraelem
2546 3099 2732 3154 vocari
2782 3100 2961 3169 jubet.
3004 3102 3083 3155 Ita
3133 3118 3263 3159 vero
3303 3105 3592 3161 dicebatur

264 3169 646 3269 ὀνομασθῆναι
664 3208 680 3223 ⁸
713 3191 859 3246 οὕτω
881 3190 937 3244 δὲ
961 3190 1025 3243 τὸ
1054 3169 1255 3261 χωρίον
1286 3186 1506 3258 ἐλέγετο
1534 3189 1592 3241 ὲν
1613 3179 1659 3256 ᾧ
1684 3203 1744 3240 τε
1768 3187 1881 3240 Να-

1993 3187 2217 3255 fundus,
2247 3190 2339 3246 ubi
2375 3189 2659 3249 Nabuthes
2685 3193 2872 3264 iniqua
2900 3209 3037 3249 nece
3061 3196 3256 3265 periit:
3292 3204 3344 3252 et
3366 3199 3589 3268 quidem

264 3290 465 3345 ϐουθαὶ
500 3287 605 3358 τὴν
644 3285 969 3357 παράνομον
1012 3283 1403 3354 ὑπομεμένηκε
1438 3282 1681 3352 σφαγήνσ
1712 3283 1788 3351 (p.
1826 3279 1880 3348 8)

266 3387 361 3440 καὶ
394 3383 509 3456 μὴν
536 3382 639 3437 καὶ
672 3379 915 3445 Ἰεζάϐελ
935 3377 1285 3447 κατεσφάγη,
1312 3376 1469 3439 δίκας
1493 3374 1597 3445 τῆς
1620 3373 1708 3428 ἐπ’
1732 3374 1884 3447 αύτῷ

263 3478 492 3533 τίνουσα
548 3471 908 3546 παρανομίας
928 3485 942 3499 ·
997 3471 1172 3542 αὐτήν
1206 3487 1266 3522 τε
1313 3468 1408 3523 καὶ
1442 3467 1587 3522 ἅπαν
1621 3466 1684 3520 τὸ
1724 3466 1882 3536 γένος

261 3569 358 3625 τοῦ
436 3566 654 3639 ’Δχαάσ
721 3563 848 3619 ἀντὶ
909 3561 1015 3633 τῆς
1069 3560 1419 3632 παρανομίας
1470 3557 1682 3629 ταύτης
1740 3558 1883 3613 κατά

260 3664 611 3736 πρόσταγμα
656 3658 802 3713 θετον
845 3655 1217 3717 ἀπολέσαντος
1260 3651 1358 3706 τοῦ
1409 3650 1571 3723 Ἰηοῦ.
1623 3671 1641 3704 ι
1670 3650 1882 3723 Μικρὸν

260 3754 397 3825 γὰρ,
428 3750 630 3822 φησιν,
678 3748 774 3802 καὶ
820 3745 1096 3816 ἐκδικήσω
1120 3743 1181 3798 τὸ
1207 3737 1350 3813 αἷμα
1387 3741 1484 3795 τοῦ
1518 3739 1765 3815 ’ῐεζραὴλ
1789 3741 1883 3796 ἐπὶ

257 3846 354 3901 τὸν
396 3840 556 3901 οἷκον
612 3840 780 3911 Ἰηοῦ,
844 3839 942 3894 καὶ
999 3835 1345 3892 καταπαύσω
1389 3836 1671 3908 βασιλείαν
1725 3836 1881 3892 οἴκου

270 3938 518 4011 Ἰσραήλ·
560 3955 583 3989 r
623 3934 742 3989 ἀνθ’
786 3925 865 3987 ὧν
912 3930 1045 4002 γὰρ,
1097 3932 1285 4001 φησιν,
1336 3931 1419 3994 εἰς
1467 3929 1745 4001 βασιλείαν
1788 3930 1880 3983 ὑπ’

258 4032 396 4105 ἐμοῦ
445 4025 837 4103 προχειριθεὶς
868 4026 898 4078 ὁ
943 4022 1305 4096 Ἰηοῦ,.ἆπαν
1334 4022 1432 4078 τοῦ
1475 4023 1626 4078 οἴκου
1670 4023 1880 4094 Ἀχαάϐ

257 4123 554 4178 ἀπώλεσεν
582 4117 651 4172 τὸ
682 4117 864 4187 γένος,
909 4114 1052 4185 ὑπέρ
1101 4131 1163 4169 τε
1191 4113 1296 4186 τῆς
1337 4112 1598 4178 ἀσεϐείας
1641 4115 1735 4169 καὶ
1778 4114 1881 4186 τῆς

255 4214 625 4290 παρανομίας
651 4211 724 4283 ἢν
753 4207 898 4264 κατά
930 4206 1027 4262 τοῦ
1060 4205 1345 4262 Ναὸονθαὶ
1379 4206 1474 4260 ἐπὶ
1510 4204 1605 4260 τοῦ
1637 4206 1883 4277 προρρη-

253 4310 440 4376 θέντος
485 4303 810 4376 τετόλμηκε
852 4300 1057 4354 τόπου’
1097 4294 1219 4353 εἶτα
1256 4298 1319 4351 οὐ
1354 4296 1750 4371 σωφρονισθεὶς
1785 4296 1881 4351 ἐπὶ

248 4404 497 4467 τούτοις,
538 4397 656 4453 οὐδ’
691 4396 789 4464 ἀφ’
815 4385 892 4448 ὧν
927 4390 1119 4463 ἴσχυσε
1158 4390 1284 4446 καθ’
1335 4390 1542 4463 ἑτέρων
1572 4406 1880 4463 παρανενο-

1988 3282 2154 3337 etiam
2189 3281 2410 3339 Jezahel
2444 3283 2648 3339 ibidem
2679 3299 2822 3341 caesa
2855 3284 2981 3353 fuit,
3017 3294 3078 3342 ut
3108 3289 3309 3358 patrati
3334 3290 3447 3346 illic
3468 3306 3593 3346 sce-

1989 3372 2122 3429 leris
2145 3389 2340 3445 poenas
2365 3376 2650 3446 penderet,
2675 3379 2807 3448 quia
2830 3377 3090 3435 videlicet
3119 3380 3295 3451 ipsam
3321 3397 3446 3437 cum
3469 3384 3594 3438 uni-

1988 3481 2146 3522 versa
2184 3468 2242 3540 θ
2278 3466 2527 3526 Achaabl
2561 3470 2769 3525 familia
2803 3478 3030 3543 propter
3063 3473 3211 3527 illam
3250 3474 3587 3547 impietatem

1987 3557 2180 3615 divino
2222 3560 2482 3615 mandato
2516 3559 2657 3616 Jehu
2694 3562 2809 3618 leto
2846 3562 3019 3619 dedit.
3062 3583 3084 3618 ι
3134 3564 3328 3634 Brevi,
3371 3567 3587 3639 inquit,

1987 3661 2181 3719 poenas
2229 3650 2518 3722 sanguinis
2551 3651 2696 3721 apud
2739 3649 3044 3708 Jezraelem
3094 3651 3204 3710 fusi
3242 3667 3527 3725 reposcam
3556 3672 3588 3710 a

1984 3738 2124 3796 Jehu
2149 3743 2346 3807 domo,
2390 3742 2668 3814 finemque
2696 3743 2977 3815 imponam
3028 3759 3204 3818 regno
3246 3746 3514 3806 lsraelis:
3561 3770 3582 3804 ι

1985 3833 2139 3905 quia,
2165 3836 2264 3898 ait.
2293 3834 2434 3892 Jehu
2478 3837 2548 3891 ad
2586 3838 2740 3908 regni
2771 3838 3041 3894 honorem
3072 3855 3103 3895 a
3137 3856 3225 3897 me
3256 3852 3586 3915 provectus,

1985 3934 2244 3982 cunctam
2287 3927 2513 3999 quidem
2548 3929 2796 3985 Achaabi
2828 3931 3059 4003 stirpem
3090 3931 3323 4000 delevit,
3363 3943 3589 4008 propter

1985 4018 2170 4075 scelus
2211 4028 2378 4091 atque
2425 4020 2794 4085 maleficium,
2847 4024 2998 4093 quod
3046 4026 3309 4096 praedicto
3355 4027 3412 4082 in
3464 4029 3587 4083 loco

1984 4118 2178 4166 contra
2193 4109 2503 4168 Nahuthem
2528 4112 2707 4169 fuerat
2727 4121 3039 4186 patratum:
3060 4126 3444 4175 verumtamen
3469 4120 3587 4192 ipse

1984 4218 2096 4257 non
2124 4202 2261 4260 satis
2291 4204 2423 4260 hinc
2452 4206 2803 4274 emendatus,
2831 4223 2902 4263 ne
2928 4209 2999 4264 ab
3023 4209 3095 4266 iis
3113 4211 3333 4280 quidem
3361 4226 3422 4268 se
3451 4226 3587 4269 con-

1986 4295 2151 4350 tinuit
2169 4296 2522 4363 criminibus,
2553 4313 2678 4369 quae
2708 4299 2762 4354 in
2786 4301 3007 4356 caeteris
3035 4303 3146 4358 reis
3174 4303 3582 4361 vindicarent:

1983 4390 2282 4460 cunctique
2310 4390 2415 4459 qui
2431 4398 2623 4460 postea
2655 4390 2882 4447 fuerunt
2920 4392 3145 4448 Israelis
3193 4410 3372 4466 reges,
3400 4411 3585 4453 mores

252 4497 524 4571 μηκότων
564 4488 880 4561 ἐφυλάξατο
920 4486 1023 4558 τὴν
1056 4483 1439 4558 παρανομίανο
1471 4482 1715 4547 ἅπαντες
1741 4483 1799 4537 δὲ
1827 4483 1878 4536 οἱ

1986 4480 2235 4536 Aehaabi
2266 4480 2471 4536 imitati
2521 4488 2673 4537 sunt.
2705 4482 2853 4553 Ergo
2880 4483 3055 4539 ociter
3084 4484 3410 4541 universum
3440 4486 3585 4541 hirae

248 4589 458 4661 ἐφεξῆς
507 4584 610 4640 τοῦ
654 4579 879 4654 Ἰσραὴλ
925 4578 1357 4652 βασιλεύσαντες
1395 4576 1495 4650 τὴν
1527 4575 1623 4631 τοῦ
1670 4575 1879 4646 ’Δχαὰϐ

248 4686 615 4757 ὲμιμήσαντο
640 4674 901 4748 γνώμηνο
938 4673 1062 4744 μετ’
1101 4672 1163 4727 οὐ
1195 4670 1334 4725 πολὺ
1362 4668 1429 4741 δὴ
1462 4670 1649 4757 πᾶσαν
1681 4667 1879 4757 παύσω

245 4754 363 4831 τὸδ’
394 4754 631 4847 ἰσραὴλ
658 4767 764 4841 τὴν
801 4763 1121 4837 βασιλειανο
1181 4762 1307 4817 ιπει
1346 4760 1422 4834 μὴ
1465 4761 1524 4815 δὲ
1575 4756 1688 4816 οἷόν
1717 4777 1780 4814 τε
1808 4754 1879 4833 ἦν

246 4868 458 4923 οἰκεῖον
510 4864 665 4934 ἔχειν
724 4858 953 4931 βασιλέα
1006 4856 1135 4919 τοὺς
1181 4854 1289 4909 ὑπὸ
1332 4853 1435 4926 τὴν
1492 4850 1879 4924 αἰχμαλωσίαν

1981 4575 2084 4629 elis
2105 4587 2337 4644 regnum
2361 4574 2736 4646 exstinguam.
2760 4573 2896 4630 Nam
2928 4576 3046 4632 fieri
3078 4592 3188 4632 non
3219 4584 3438 4648 poterat
3465 4586 3524 4633 ut
3545 4579 3591 4634 ii‘

1984 4680 2167 4738 regem
2197 4665 2490 4732 haberent,
2528 4667 2623 4737 qui
2649 4667 2913 4739 deinceps
2945 4668 3000 4724 in
3051 4671 3372 4741 captivitate
3411 4671 3581 4728 vitam

1981 4766 2145 4814 erant
2162 4757 2362 4814 acturi.
2396 4777 2415 4811 ι
2453 4757 2749 4816 Conteram
2792 4776 3015 4832 quoque
3041 4775 3233 4819 arcum
3269 4765 3489 4822 lsraelis
3527 4767 3583 4823 in

1980 4853 2124 4908 valle
2161 4850 2454 4921 Jezraelis,
2478 4872 2497 4907 ι
2534 4868 2563 4906 a
2589 4861 2746 4924 parte
2780 4854 3098 4911 universam
3132 4856 3376 4927 ipsorum
3403 4858 3584 4929 regio-

245 4958 640 5033 τυγχάνοντας
665 4952 762 5007 τοῦ
791 4949 1009 5005 λοιποῦ.
1047 4968 1066 5001 ι
1102 4946 1390 5019 Συντρίψω
1416 4944 1476 4999 δὲ
1511 4945 1611 4999 καὶ
1634 4942 1698 4997 τὸ
1720 4940 1876 5009 τόξον

1986 4959 2115 5000 nem
2144 4946 2461 5017 appellans:
2496 4961 2695 5018 nempe
2725 4947 2822 5012 ait,
2856 4962 2917 5004 se
2939 4955 3174 5006 cunctas
3198 4949 3415 5007 illorum
3435 4940 3582 5008 vires

245 5019 637 5125 τούκίσραὴλ
680 5049 739 5103 ὲν
779 5047 848 5118 τῇ
895 5042 1106 5098 κοιλάδι
1149 5039 1246 5095 τοῦ
1302 5037 1572 5112 Ἰεξραήλ·
1612 5056 1631 5089 ι
1670 5038 1737 5092 ἐκ
1774 5034 1874 5090 τοῦ

1986 5036 2175 5092 irritas
2197 5037 2540 5093 redditurum
2560 5038 2617 5092 in
2641 5038 2820 5108 patrio
2847 5037 2988 5105 solo,
3007 5039 3264 5099 hostibus
3283 5056 3379 5099 eos
3402 5044 3583 5114 subii.

248 5149 464 5225 μέρους
515 5144 704 5202 πᾶσαν
737 5139 923 5195 αὐτῶν
950 5136 1194 5200 καλέσας
1232 5131 1334 5205 τὴν
1359 5131 1546 5204 χώραν
1568 5147 1586 5166 ο
1621 5130 1710 5184 ἵνα
1742 5130 1872 5202 εἴπῃ

1986 5129 2245 5195 cientem,
2269 5145 2470 5202 nempe
2498 5131 2765 5204 Assyriis.
3486 5126 3513 5151 ’⁵

251 5242 561 5298 aetnam;
603 5237 787 5294 αὐτῶν
826 5237 926 5308 τὴν
968 5233 1201 5305 δύναμιν
1255 5228 1543 5303 ἄπρακτον
1590 5226 1901 5300 ἐργάσομαι
1949 5226 2011 5280 ἐν
2059 5227 2173 5293 τοῖς
2212 5226 2441 5293 ηοίκείοις
2483 5229 2675 5296 τόποις
2724 5231 3073 5306 ὑποχειρίους
3125 5234 3239 5299 τοῖς
3294 5233 3580 5308 πολεμίοις

206 5392 209 5393 ν
248 5337 664 5413 ἐργασάμενος,
697 5310 850 5399 λέγει
879 5328 937 5384 δὲ
963 5329 1081 5392 τοῖς
1121 5323 1455 5399 Ἀσσυρίοις,
2314 5318 2317 5321 η

318 5446 482 5523 Στίχ,
532 5453 678 5515 ς’-ι’.
716 5477 790 5488 -
821 5439 957 5500 Εἶτα
990 5441 1144 5510 λέγει
1176 5440 1261 5499 ὅτι
1305 5439 1537 5508 γέγονεν
1576 5434 1731 5508 αὐτῷ
1782 5431 1877 5490 καὶ

249 5545 504 5616 θυγάτηρ
520 5544 588 5595 ὲκ
611 5539 716 5610 τῆς
738 5537 915 5605 αὐτῆς
939 5533 1222 5611 γυναικὸς,
1241 5534 1309 5607 ἣν
1340 5550 1360 5584 ι
1381 5531 1498 5586 Ούκ
1515 5529 1831 5603 ὴλεημένην
1853 5547 1873 5582 ι

254 5631 334 5701 (p.
351 5637 408 5708 9)
427 5632 709 5705 κληθῆναι
724 5626 964 5691 κελεύει,
984 5622 1293 5696 ὑπόμνημά
1314 5638 1369 5675 τι
1391 5619 1776 5693 παρεχομένην
1792 5618 1882 5675 διά

250 5732 348 5803 τῆς
369 5728 590 5792 οἰκείας
618 5719 1002 5798 προσηγορίας
1025 5716 1122 5773 τοῦ
1153 5714 1385 5790 μηδενὸς
1411 5712 1563 5768 ὲλέου
1590 5708 1882 5778 τεύξεσθαι

252 5825 377 5886 τοὺς
422 5817 777 5894 Ἰσραηλίτας
797 5858 814 5881 ,
854 5815 949 5871 ἐπὶ
986 5812 1246 5869 παντελεῖ
1288 5810 1346 5865 δὲ
1383 5803 1868 5882 παραδοθήσεσθαι

254 5915 633 5991 αἰχμαλωσίᾳ,
669 5912 733 5967 οὔ
766 5913 833 5987 τῇ
872 5909 1102 5983 δυνάμει
1134 5906 1247 5964 τῶν
1276 5903 1557 5977 ¹πολεμίων
1576 5941 1592 5970 ,
1623 5898 1740 5955 ἀλλ’
1767 5899 1868 5954 αύ-

2048 5431 2218 5491 .Vsns.
2260 5431 2422 5491 6-10.
2453 5465 2525 5476 ——
2553 5432 2765 5491 Deinde
2799 5435 2878 5490 ait
2920 5435 3190 5509 propheta
3228 5445 3419 5494 natam
3471 5439 3579 5498 sibi

1976 5540 2042 5580 ex
2073 5525 2267 5582 eadem
2302 5525 2507 5582 femina
2542 5526 2734 5592 filiam,
2760 5541 2928 5598 quam
2961 5547 2981 5582 ι
3021 5528 3231 5600 absque
3261 5529 3581 5588 misericor-

1976 5613 2069 5670 dia
2097 5634 2116 5667 ι
2169 5615 2357 5671 vocari
2398 5613 2589 5685 jubet;
2616 5630 2740 5685 qua:
2771 5615 2909 5673 satis
2942 5615 3265 5675 admoneret
3292 5634 3389 5691 per
3416 5636 3576 5676 suam

1976 5704 2156 5777 ipsius
2179 5703 2604 5776 appellationem
2637 5702 2757 5762 fore
2798 5713 2859 5761 ut
2883 5708 3091 5764 nullam
3141 5709 3407 5767 Israelita:
3437 5726 3577 5765 con-

1978 5807 2343 5871 sequerentur
2384 5798 2858 5867 misericordiam,
2915 5803 3011 5859 sed
3047 5804 3290 5875 generali
3346 5805 3576 5865 servitio

1979 5894 2350 5966 irretlrentur,
2377 5891 2525 5950 haud
2555 5892 2812 5967 equidem
2848 5894 3092 5977 hostium
3121 5898 3351 5963 viribus.
3378 5912 3573 5954 verum

2673 6112 2719 6128 ’μθ
