4104 6464
558 341 668 399 155
1749 332 2102 392 TllEODORl
2127 327 2612 390 MOPSUESTENI
3732 329 3828 386 131

566 466 642 522 ita
668 462 973 517 versentur.
1011 457 1188 529 Atque
1210 455 1298 514 bis
1330 464 1707 513 consentanea
1741 456 2098 528 prosequitur
2126 476 2138 511 :
2173 460 2192 519 Δ

2294 455 2460 527 ορνῶν
2494 454 2562 509 δι’
2604 449 2909 525 ὑπερϐολήν
2956 447 3249 513 ἀκολασίας
3280 445 3407 515 τοὺς
3440 450 3680 521 μαστοὺς
3708 454 3830 519 τοὺς

572 578 593 613 ε
633 555 706 613 Ut
733 566 855 612 eam
882 548 1130 607 vestibus
1156 548 1414 620 spoliem,
1449 546 1760 617 faciamque
1788 555 1850 603 ut
1879 549 1935 603 in
1957 547 2150 604 diebus

2294 546 2414 613 ῑίους
2475 545 2588 607 τοῖς
2624 543 2883 617 ἐρασταῖς
2943 538 3297 609 παρεχουσῶν
3319 554 3332 568 '
3395 538 3489 593 καὶ
3536 539 3657 593 καθ’
3711 541 3831 613 ἑξῆς

565 642 876 700 nativitatis
915 641 1057 712 ejus.
1102 659 1121 692 ι
1159 638 1321 697 Omni
1369 646 1593 704 ornatu,
1623 638 1841 708 inquit,
1878 637 2149 701 detracto,

2294 636 2320 689 ἀ
2369 634 2637 689 ἀκόλουθα
2700 633 2875 703 λέγων
2907 651 2920 664 ·
2988 650 3007 684 ε
3067 632 3258 696 Ὅπως
3300 630 3366 684 ἂν
3419 630 3627 685 ἐκδύσω
3671 633 3832 704 αὐτὴν

562 749 724 806 quem
755 733 805 790 ei
839 741 1066 804 propter
1096 745 1279 786 meum
1300 729 1546 786 studium
1574 726 2067 792 circumdederam,
2096 727 2150 780 in

2295 724 2437 789 αθὼς
2480 726 2539 779 ἐν
2573 724 2812 797 ἡμέραις
2867 723 2967 793 τῆς
3014 723 3317 793 γεννήσεως
3358 722 3546 794 αὐτῆς.
3606 740 3626 774 ι
3655 722 3833 778 Πάντα

561 823 800 895 speciem
846 822 994 876 illam
1032 820 1318 877 restituam
1345 859 1363 887 ,
1415 832 1525 889 qua
1563 817 1824 873 utebatur
1870 830 1996 870 cum
2040 813 2155 886 pri-

2294 818 2347 873 ὺν
2389 814 3090 888 κόσμον,ινρησὶν,ἀφελὼν,
3139 813 3200 867 δν
3255 813 3343 868 διά
3374 814 3472 886 τῆς
3515 814 3653 885 ἐμῆς
3703 815 3834 886 αίτῇ

562 930 714 970 mum
784 914 842 970 in
900 912 1139 984 Egypto
1193 911 1389 975 crevit,
1463 910 1521 965 in
1571 907 1844 981 angustiis
1891 906 2153 963 nimirum

2294 905 2582 980 τεριέθηκα
2673 904 2997 976 κηδεμονίας
3027 946 3041 971 ,
3112 904 3171 957 ἐν
3246 902 3439 975 ἐκείνῳ
3520 906 3836 974 καταττήτω

566 1016 731 1077 atque
791 1005 1077 1062 laboribus
1146 1010 1314 1075 atque
1371 1001 1575 1057 acerbo
1636 998 1868 1057 servitio
1923 998 2151 1070 degens.

2294 998 2363 1071 ᾤ’
2406 998 2689 1070 σχήματι,
2742 997 2801 1051 ἐν
2849 989 3001 1073 ᾧπερ
3038 990 3108 1067 ἦν
3156 994 3250 1051 ἐπὶ
3291 995 3391 1068 τῆς
3449 995 3727 1063 Αἰγύπτου
3780 996 3841 1049 τὸ

571 1096 929 1170 Nativitatem
959 1096 1105 1154 enim
1136 1095 1256 1165 ejus
1295 1093 1533 1165 appellat
1572 1101 1785 1162 tempus
1820 1091 1976 1156 illud,
2019 1106 2159 1164 quo-

2294 1091 2476 1165 πρῶτον
2528 1089 2772 1144 συστᾶσα
2796 1123 2812 1155 ,
2862 1088 2952 1145 ὅτε
3004 1089 3063 1145 ἐν
3109 1086 3376 1160 ἀνάγκαις
3425 1080 3493 1161 ἦν
3540 1088 3633 1143 καὶ
3664 1086 3844 1153 πόνοις

568 1189 718 1246 niam
772 1186 1014 1245 Iudaicae
1063 1184 1304 1241 nationis
1348 1192 1481 1239 tunc
1532 1183 1692 1238 initia
1736 1181 1983 1238 fuerunt.
2023 1201 2042 1234 ε
2093 1181 2158 1235 Et

2298 1185 2355 1238 al
2400 1182 2613 1255 δουλείᾳ
2652 1183 2855 1255 πικρᾷ’
2905 1182 3119 1254 γένεσιν
3154 1181 3265 1261 γάρ
3309 1181 3480 1252 αὐτῆς
3520 1182 3612 1236 τὸν
3659 1183 3843 1256 καιρδν

570 1288 769 1352 ponam
823 1294 942 1335 eam
993 1277 1153 1348 quasi
1200 1275 1575 1342 solitudinem,
1633 1281 1690 1332 et
1748 1281 1986 1330 statuam
2037 1289 2159 1331 eam

2294 1278 2466 1330 κεῖνον
2523 1274 2705 1330 καλεῖο
2754 1274 2835 1345 (p.
2884 1273 2975 1346 14)
3021 1273 3209 1345 ἐπειδὴ
3256 1273 3353 1345 τῆς
3395 1273 3690 1345 Ἰουδαῖκῆς
3720 1292 3843 1330 συν-

571 1372 730 1443 quasi
761 1370 866 1443 ιο
895 1380 1099 1424 terram
1132 1383 1275 1440 aqua
1301 1374 1605 1423 carentem.
1629 1384 1649 1419 ι
1682 1364 1776 1421 Sic
1806 1365 2066 1422 nimirum
2093 1365 2162 1421 ab

2294 1367 2487 1439 ιγωγῆς
2523 1364 2666 1439 ἀρχὴ
2715 1365 2817 1436 τῆς
2860 1365 3171 1428 συστάσεως
3211 1365 3240 1418 ό
3286 1364 3474 1441 καιρὸς
3517 1360 3585 1438 ἧν
3621 1367 3843 1428 ἐκεῖνος.

572 1464 722 1519 oumi
752 1478 811 1518 re
852 1463 995 1516 bona
1034 1460 1381 1528 derelictam,
1423 1460 1593 1516 veluti
1631 1459 1910 1516 desertam
1957 1468 2161 1523 terram

2335 1458 2445 1512 Kal
2477 1456 2630 1529 θήσω
2657 1455 2826 1528 αὐτὴν
2862 1454 2938 1520 ὡς
2976 1454 3201 1528 ἔρημον,
3243 1457 3341 1510 καὶ
3384 1456 3531 1521 τάξω
3572 1457 3742 1527 αὑτὴν
3775 1456 3847 1521 ὡς

573 1565 737 1628 atque
787 1554 1159 1626 iuaquosam,
1229 1552 1522 1624 omnisque
1585 1549 1804 1608 fructus
1857 1558 2160 1622 expertem.

2294 1550 2370 1622 ’ἦν
2399 1548 2642 1621 ἄνυδρον.
2685 1565 2705 1601 ι
2741 1544 2927 1612 Οὕτως
2973 1547 3173 1612 παντὸς
3220 1548 3590 1620 ἐστερημένην
3624 1547 3847 1617 ἀγαθοῦ,

580 1664 599 1696 ε
644 1644 857 1715 Sitiquc
886 1658 1007 1699 eam
1041 1642 1310 1714 perimam
1355 1660 1374 1696 ι
1418 1642 1681 1698 omnibus
1701 1641 1952 1698 orbatam
1978 1640 2161 1707 bonis,

2294 1644 2455 1715 ὂσπερ
2491 1643 2526 1714 ή
2573 1640 2778 1713 ἕρημος
2818 1638 2913 1694 καὶ
2948 1638 3175 1711 ἄνυδρος
3228 1638 3299 1710 γῆ
3352 1639 3595 1710 καρπῶν·
3627 1641 3850 1713 ἄμοιρός

571 1751 876 1808 eorumque
901 1735 1103 1807 oppido
1121 1735 1400 1807 cupidam,
1421 1735 1626 1790 nullius
1640 1744 1822 1791 tamen
1842 1734 2162 1807 potientem.

2301 1754 2383 1795 στι
2405 1734 2708 1799 παντελῶς.
2732 1752 2750 1785 ι
2774 1731 2887 1787 Kal
2911 1730 3195 1787 ἀποκτενῶ
3210 1731 3380 1804 αὐτὴν
3401 1732 3459 1787 ἐν
3483 1730 3644 1802 δίψει*
3672 1752 3692 1785 ε
3719 1734 3851 1787 πάν-

580 1846 599 1880 ε
629 1825 945 1884 Liberorum
968 1827 1088 1897 ejus
1104 1841 1214 1880 non
1245 1826 1567 1891 miserebor,
1596 1824 1726 1897 quia
1750 1825 1996 1898 germina
2013 1838 2169 1880 scor-

2294 1845 2376 1886 ;ων
2424 1796 2796 1903 ἐστερημένην
2843 1823 2953 1879 τῶν
2998 1821 3242 1893 ἀγαθῶν,
3281 1796 3375 1877 καὶ
3413 1796 3707 1896 ἐφιεμένην
3762 1824 3855 1895 μὲν

574 1920 842 1974 talionum
858 1925 983 1974 sunt
1005 1938 1017 1972 :
1036 1925 1275 1973 scortata
1291 1924 1377 1975 est
1396 1918 1543 1974 cnim
1561 1923 1738 1972 mater
1756 1930 1971 1981 eorum,
1986 1915 2170 1989 turpi-

2294 1919 2449 1979 ιύτῶν
2485 1919 2562 1983 ὡς
2607 1916 2775 1980 είκδς,
2803 1913 3179 1986 τυγχάνουσαν
3224 1913 3280 1968 δὲ
3325 1913 3557 1979 οὐδενός.
3598 1934 3617 1966 ι
3649 1914 3762 1967 Kal
3790 1913 3857 1968 τὰ

578 2022 661 2066 ter
696 2012 805 2083 egit
836 2027 956 2083 qua:
981 2011 1191 2084 peperit
1219 2025 1337 2067 eos.
1375 2030 1393 2064 ο
1429 2008 1528 2066 His
1552 2024 1682 2065 vero
1710 2010 1981 2065 exercitos
2008 2007 2170 2066 malis

2294 2012 2437 2066 τέκνα
2494 2009 2663 2080 αὐτῆς
2713 2007 2775 2062 ού
2830 2005 2903 2078 μὴ
2958 2006 3194 2076 ἐλεήσω,
3249 2006 3331 2060 ὅτι
3386 2005 3552 2061 τέκνα
3604 2006 3857 2079 πορνείας

579 2103 722 2157 nulla
745 2118 1044 2176 prosequar
1061 2100 1438 2158 misericordia
1459 2117 1475 2168 ;
1495 2115 1656 2157 secus
1679 2114 1744 2155 ac
1766 2099 1897 2155 olim
1926 2098 1979 2154 in
2000 2097 2172 2174 Egy-

2294 2102 2453 2159 ιστίν⁸
2499 2101 2581 2155 ὅτι
2636 2097 3024 2171 ἐξεπόρνευσεν
3063 2097 3097 2168 ή
3132 2098 3316 2173 μήτηρ
3349 2096 3547 2164 αὐτῶν,
3591 2098 3860 2169 κατῄσχυ-

578 2203 672 2265 pto
685 2207 771 2246 me
788 2193 930 2263 gessi
960 2192 1257 2262 :quoniam
1280 2190 1373 2246 isti
1400 2204 1587 2263 parem
1615 2189 1779 2245 matri
1799 2204 1913 2247 sua:
1936 2198 2172 2244 mentem

2294 2212 2362 2251 νεν
2389 2195 2424 2267 ή
2462 2192 2697 2249 τεκοῦσα
2745 2190 2908 2245 αὑτά.
2947 2209 2965 2241 ι
3005 2189 3095 2244 Ἐν
3134 2189 3189 2242 δὲ
3226 2188 3499 2253 τοσούτοις
3540 2188 3863 2263 ἐξεταζομέ-
3921 2232 3929 2241 .

586 2285 903 2338 tnducrunt.
941 2281 1117 2338 Mater
1147 2281 1293 2337 enim
1326 2281 1459 2336 dum
1495 2280 1774 2353 ejusmodi
1818 2280 1949 2336 olim
1981 2290 2175 2336 contra

2294 2305 2381 2343 νων
2418 2288 2608 2350 κακοῖς
2657 2284 2805 2343 ελεον
2842 2284 2903 2338 ού
2942 2282 3271 2354 ποιήσομαι’
3315 2282 3454 2353 ὅπερ
3490 2278 3585 2337 οὖν
3633 2284 3730 2337 ἐπὶ
3771 2286 3863 2354 τῆς

556 2408 561 2413 ~
591 2392 675 2433 ne
704 2375 943 2428 animum
971 2375 1131 2446 gerit,
1177 2374 1477 2449 ignominia
1508 2371 1753 2444 perfudit
1777 2381 1972 2444 partus
2003 2389 2170 2440 suos,

2294 2380 2550 2451 λίγύπτου
2577 2378 2698 2433 τότε
2730 2376 3027 2447 πεποίηκα,
3057 2374 3242 2447 ἐπειδὴ
3274 2366 3418 2430 οὗτοί
3443 2393 3502 2430 τε
3535 2376 3775 2445 ἀνάλογα
3799 2378 3863 2448 τῇ

588 2468 680 2537 qui
713 2477 1018 2523 maternam
1059 2468 1323 2523 malitiam
1358 2467 1552 2522 imitati
1580 2473 1730 2524 sunt.
1762 2483 1782 2517 ι
1820 2464 1961 2534 Quia
1986 2466 2125 2523 dixit
2156 2483 2170 2520 :

2294 2471 2446 2544 εητρὶ
2475 2470 2849 2542 πεφρονήκασι
2871 2470 2939 2538 τῇ
2970 2466 3145 2539 οἰκείᾳ
3168 2484 3181 2498 ο
3212 2467 3362 2540 καὶή
3393 2469 3576 2540 μήτηρ
3602 2467 3658 2521 δὲ
3689 2467 3866 2522 αὐτῶν

585 2558 679 2616 Ibo
731 2572 854 2632 post
903 2570 1181 2616 amatores
1242 2575 1434 2627 meos,
1490 2559 1585 2631 qui
1624 2559 1758 2614 dant
1811 2559 1949 2615 mihi
2003 2574 2176 2631 panes

2294 2564 2481 2621 ἱνωθεν
2517 2562 2771 2634 τοιαύτην
2791 2560 3174 2633 ὲπιδειξαμένη
3204 2560 3333 2637 περὶ
3366 2562 3465 2633 ἐμὲ
3492 2562 3590 2633 τὴν
3618 2561 3866 2633 γνώμην,

583 2668 757 2720 meos,
811 2661 868 2708 et
918 2668 1119 2723 aquam
1174 2666 1378 2719 meam,
1434 2658 1490 2707 et
1549 2650 1883 2707 vestimenta
1934 2665 2077 2717 mea,
2122 2656 2179 2707 et

2294 2656 2509 2729 ιίσχύνῃ
2537 2655 2629 2710 καλ⁴
2659 2653 2729 2709 τά
2749 2653 3015 2725 τεχθέντα
3046 2652 3103 2722 ἐξ
3134 2653 3303 2725 αὐτῆς
3330 2653 3750 2727 περιϐέϐληκεν,
3781 2656 3870 2711 ἀτε

582 2743 756 2798 linunt
790 2758 994 2810 meum,
1036 2751 1092 2798 et
1122 2744 1305 2798 oleum
1341 2757 1550 2810 meum,
1591 2751 1647 2798 et
1681 2742 1865 2797 omnia
1896 2758 2019 2813 quae
2045 2742 2178 2798 milii

2294 2748 2640 2824 μιμησάμενα
2680 2747 2781 2819 τὴν
2826 2746 3084 2823 μητρῴαν
3126 2746 3344 2803 κακίαν.
3387 2765 3407 2800 ι
3444 2747 3565 2802 Ὀτι
3598 2742 3748 2814 εἶπε,
3778 2748 3873 2801 Πο-

587 2838 711 2893 usui
744 2845 893 2894 sunt.
920 2856 940 2890 ι
970 2836 1164 2894 Cuncti
1192 2836 1339 2892 enim
1365 2835 1759 2891 daemoniorum
1806 2832 2091 2892 famulatui
2120 2852 2180 2893 se

2294 2840 2546 2912 οεύσομαι
2602 2839 2779 2897 ὀπίσω
2834 2838 2945 2896 τῶν
2990 2837 3239 2911 ἐραστῶν
3302 2855 3424 2909 μου,
3472 2837 3583 2893 τῶν
3624 2838 3872 2893 διδόντων

586 2928 943 2994 addixerunt,
986 2936 1154 2999 atque
1191 2927 1280 2984 his
1315 2926 1460 2983 bona
1512 2941 1616 2982 sua
1654 2936 1878 2998 accepta
1912 2926 2179 2998 referunt,

2294 2951 2373 3004 μοι
2420 2935 2549 2997 τοὺς
2590 2932 2789 3007 ἄρτους
2843 2948 2985 3003 μου,
3028 2931 3123 2986 καὶ
3173 2931 3236 2986 τὸ
3284 2929 3425 3004 ὕδωρ
3477 2948 3614 3004 μου,
3669 2930 3766 2986 καὶ
3808 2929 3873 2985 τά

589 3037 713 3094 qua:
748 3010 871 3078 mea
903 3030 1088 3078 tamen
1117 3020 1401 3077 evidenter
1432 3018 1699 3079 beneﬁcia
1741 3028 1870 3075 sunt
1894 3059 1910 3086 ,
1959 3022 2051 3090 qui
2091 3036 2180 3078 res

2294 3025 2478 3098 ἱμάτιά
2525 3042 2652 3101 μου,
2697 3024 2793 3079 καὶ
2842 3023 2911 3080 τά
2960 3023 3143 3079 ὁθόνιά
3210 3040 3347 3096 μου,
3388 3023 3450 3077 τὸ
3510 3023 3689 3078 ἔλαιόν
3739 3042 3871 3096 μου,

589 3128 784 3170 omnes
807 3112 1012 3170 creavi.
1047 3111 1170 3173 Jam
1194 3124 1468 3172 amatores
1496 3127 1687 3171 eorum
1718 3112 1999 3170 daemonas
2024 3113 2187 3181 dicit,

2294 3118 2378 3175 ml
2432 3118 2611 3173 πάντα
2662 3116 2762 3172 ὅσα
2822 3133 2913 3189 μοι
2977 3114 3229 3185 καθήκει.
3279 3133 3298 3168 ι
3349 3114 3713 3170 Ἐκδεδώκασι
3767 3113 3876 3188 γὰρ

591 3215 652 3265 ut
685 3209 1000 3263 daemonum
1022 3206 1264 3265 declaret
1291 3206 1575 3265 libidinem
1600 3206 1863 3281 perdendi
1894 3207 2182 3278 homines;

2294 3211 2529 3275 ἀπαντες
2573 3209 2801 3274 ἑαυτοὺς
2849 3210 2916 3283 τῇ
2962 3208 3072 3264 τῶν
3109 3206 3401 3281 δαιμονίων
3433 3204 3723 3280 θεραπείᾳ,
3752 3214 3872 3279 παρ’

590 3308 756 3370 atque
804 3299 1001 3357 horum
1061 3298 1337 3361 furiosum
1390 3314 1521 3373 erga
1581 3300 1864 3357 dremonas
1910 3300 2179 3368 studium,

2294 3300 2469 3356 αὐτῶν
2491 3302 2633 3373 ἔχειν
2657 3301 2873 3357 ἅπαντα
2896 3300 3141 3365 εἰπόντες
3168 3299 3342 3354 ὁπόσα
3367 3316 3473 3372 περ
3501 3295 3689 3363 αὐτοῖς
3711 3298 3875 3372 πρόσ-

590 3405 734 3461 quos
790 3393 1021 3451 deorum
1072 3391 1249 3453 instar
1288 3398 1455 3462 atque
1492 3399 1555 3453 ut
1609 3390 1857 3449 omnium
1906 3389 2178 3447 bonorum

2294 3408 2437 3446 εστιν
2484 3389 2686 3461 ἀγαθὰ,
2740 3390 2777 3444 ἃ
2826 3389 3141 3463 προσδήλως
3185 3387 3367 3460 ἔχουσι
3409 3390 3539 3459 παρ’
3598 3388 3739 3460 ἐμοῦ
3787 3384 3876 3442 τοῦ

592 3489 850 3550 auctores
889 3482 1241 3553 impudenter
1270 3482 1547 3539 colebant.

2294 3481 2510 3554 ποιητοῦ
2542 3481 2652 3535 τῶν
2692 3482 2977 3535 ἁπάντωνο
3006 3479 3243 3552 ἐραστὰς
3287 3478 3343 3539 δὲ
3388 3478 3557 3551 αὐτῆς
3594 3480 3726 3542 τοὺς
3771 3476 3883 3536 8a!-

598 3590 764 3657 μαίας
793 3570 964 3639 εἴπεν,
1002 3583 1076 3653 (ρ.
1116 3574 1203 3646 15)
1252 3573 1327 3639 ὡς
1365 3575 1433 3630 ἂν
1464 3573 1560 3629 καὶ
1602 3578 1701 3649 τήν
1742 3575 1969 3633 ἐκείνων
2008 3575 2297 3649 ἐκφήνειεν
2362 3574 2616 3646 σπουδήν,
2649 3574 2717 3648 ήν
2768 3575 2897 3652 περὶ
2942 3573 3042 3645 τῆς
3081 3570 3354 3636 ἀπωλείας
3411 3570 3594 3649 ἔχουσι
3630 3570 3745 3625 τῶν
3792 3571 3882 3625 ἀν-

593 3663 856 3745 θρώπων,
909 3664 1002 3718 καὶ
1051 3662 1256 3718 τούτων
1298 3663 1397 3737 τὴν
1458 3664 1693 3736 μανικὴν
1741 3665 1872 3738 περὶ
1925 3664 2171 3731 ἐκείνους
2214 3662 2476 3737 γνώμην·
2510 3667 2631 3721 καθ’
2660 3667 2727 3746 ήν
2781 3666 2857 3731 ὡς
2915 3663 3071 3737 θεούς
3095 3682 3153 3718 τε
3196 3664 3290 3721 καὶ
3327 3664 3542 3719 πάντων
3576 3666 3767 3732 αὐτοῖς
3803 3667 3881 3723 al-

593 3756 742 3819 τξοος
769 3754 878 3813 τῶν
903 3753 1124 3824 ἀγαθῶν
1156 3754 1442 3828 περιέπειν
1467 3755 1733 3827 ἐτόλμων.

665 3908 835 3966 Vens.
871 3908 1076 3966 6-8.—
1117 3928 1136 3961 ε
1171 3907 1405 3981 Propter
1459 3908 1567 3965 hoc
1629 3921 1761 3965 ecce
1813 3921 1918 3981 ego
1972 3904 2184 3979 sepiam

599 4002 746 4056 viam
780 4002 901 4072 ejus
928 4001 1100 4063 vallo,
1127 4009 1181 4055 ct
1219 4001 1504 4056 obstruam
1536 3999 1717 4056 exitus
1739 3999 1878 4069 ejus,
1914 3998 1990 4054 ita
2014 4004 2077 4053 ut
2099 4012 2188 4054 se-

598 4094 789 4147 mitam
842 4107 953 4147 non
997 4091 1261 4146 inveniat.
1309 4110 1327 4144 ι
1377 4091 1745 4158 Quamobrem
1770 4090 2186 4147 inevitabilibus

600 4182 846 4237 irrctiam
881 4196 977 4237 eos
1014 4181 1196 4237 malis.
1224 4179 1408 4237 Veluti
1447 4182 1492 4239 si
1529 4182 1654 4255 quis
1697 4183 1842 4237 intro
1867 4181 2189 4247 conclusus,

601 4272 707 4327 viis
754 4270 998 4342 undique
1039 4271 1375 4337 obstructis,
1431 4272 1716 4343 multaque
1762 4270 1901 4327 sude
1941 4271 2192 4326 circum-

603 4361 820 4416 vallatis
852 4370 907 4417 et
939 4364 1188 4432 asperis,
1229 4363 1633 4435 impossibilem
1656 4360 1883 4418 haberet
1939 4362 2191 4419 exitum:

599 4454 684 4510 sic
717 4451 987 4508 bellorum
1024 4454 1268 4526 pondere
1298 4463 1355 4510 et
1378 4453 1703 4525 captivitate
1743 4462 1800 4508 et
1826 4452 2098 4524 angustiis
2123 4466 2193 4507 ex

2362 3909 2510 3981 Στίχ.
2537 3913 2689 3979 «ς’-ιη’.
2714 3939 2784 3950 —
2814 3925 2834 3959 ι
2872 3906 2972 3961 Διά
3008 3907 3167 3961 τοῦτο
3209 3905 3320 3962 ίδοῦ
3369 3908 3480 3977 ἐγὼ
3512 3910 3746 3981 φράσσω
3790 3909 3887 3981 τήν

2290 4002 2410 4057 ὁδὸν
2469 4001 2639 4070 αὐτῆς
2712 4000 2773 4052 ἐν
2825 3997 3046 4069 σκόλοψι
3070 4039 3085 4065 ,
3155 4000 3250 4052 καὶ
3319 4001 3729 4073 ἀνοικοδομήσω
3792 4004 3887 4067 τὰς

2290 4092 2444 4156 ὀδοὺς
2483 4091 2675 4162 αὐτῆς,
2726 4089 2822 4144 καὶ
2861 4088 2960 4161 τὴν
2998 4088 3185 4162 τρίϐον
3229 4090 3401 4163 αὐτῆς
3444 4092 3506 4146 ού
3551 4093 3625 4164 μή
3660 4093 3817 4168 εὕρῃ.
3863 4112 3883 4147 ι
3942 4140 3947 4147 .

2292 4180 2596 4255 Τοιγαροῦν
2657 4180 3042 4245 ἀδιεξοδεύτοις
3098 4172 3296 4245 αὐτοὺς
3352 4181 3633 4254 περιϐαλῶ
3699 4185 3889 4247 κακοῖς

2290 4273 2484 4328 τούτου
2517 4288 2581 4343 γε
2621 4272 2828 4337 ἕνεκεν,
2855 4272 2922 4326 ἵν’
2958 4271 3149 4346 ῶσπερ
3179 4274 3234 4327 εί
3250 4292 3335 4339 τις
3367 4274 3516 4331 ἔνδον
3544 4276 3891 4349 ἀπειλημμέ-

2292 4381 2382 4427 νος
2401 4365 2512 4418 τῶν
2545 4381 2608 4417 τε
2647 4361 2785 4417 ὁδῶν
2819 4361 3341 4434 ἀνῳκοδομημένων,
3376 4364 3470 4419 καὶ
3510 4365 3741 4436 σκόλοψι
3767 4366 3892 4420 πολ.

2291 4453 2405 4519 λοῖς
2435 4454 2835 4527 διειλημμένων
2878 4454 2973 4507 καὶ
3013 4453 3294 4524 χαλεποῖς,
3329 4455 3592 4511 ἀδύνατον
3637 4457 3757 4529 εχοι
3797 4458 3895 4530 τήν

600 4558 670 4600 ea
701 4546 1168 4617 consequentibus
1209 4546 1423 4601 nullum
1450 4546 1733 4601 invenient
1757 4544 2030 4600 malorum
2060 4543 2192 4600 etfu-

2294 4546 2471 4613 εξοδον
2490 4564 2507 4580 ο
2535 4546 2680 4601 οὕτω
2707 4549 2774 4617 τῇ
2802 4545 3069 4617 βαρύτητι
3097 4546 3207 4603 τῶν
3234 4546 3487 4618 πολέμων
3513 4552 3579 4620 τῇ
3615 4567 3679 4603 τε
3700 4553 3897 4621 αἰχμα-

602 4637 777 4707 gium.
808 4655 827 4688 ι
867 4635 937 4691 Ει
965 4637 1274 4693 sectabitur
1294 4643 1569 4691 amatores
1601 4650 1732 4692 suos
1754 4675 1768 4700 ,
1802 4651 1982 4706 neque
2006 4642 2192 4690 tamen

580 4725 981 4795 eappreltendet
1019 4739 1150 4792 eos;
1202 4730 1409 4795 qureret
1478 4739 1596 4792 eos,
1644 4740 1822 4795 neque
1856 4724 2118 4780 inveniet.
2167 4741 2186 4775 ι

607 4817 763 4872 Tunc
823 4817 1162 4873 lnvocabunt
1230 4816 1540 4872 daemonum
1571 4860 1585 4885 ,
1656 4832 1797 4891 quos
1859 4817 2193 4883 coluerunt,

604 4910 911 4979 auxilium;
938 4910 1073 4981 quin
1098 4920 1281 4965 tamen
1307 4911 1427 4982 opis
1455 4911 1755 4982 quidquam
1778 4909 2191 4966 nanciscantur.

610 5001 712 5072 ιι
759 5019 778 5054 ι
815 4999 1121 5070 Dieetque:
1148 4999 1416 5056 Revertar
1438 5002 1503 5058 ad
1531 5001 1767 5073 priorem
1791 5002 1970 5056 virum
1988 5014 2192 5066 meum,

606 5092 833 5162 quicum
885 5091 1102 5147 beatius
1153 5107 1321 5163 quam
1367 5093 1626 5164 praesenti
1678 5100 1931 5163 tempore
1977 5091 2113 5146 vixi.
2170 5109 2189 5143 ε

608 5184 864 5238 Ειτοιόω
899 5192 1062 5237 suum
1092 5190 1208 5238 tum
1246 5182 1489 5255 denique
1523 5188 1864 5256 agnoscent,
1896 5194 2197 5250 secumque

607 5273 807 5329 melius
835 5279 1017 5329 actum
1050 5272 1188 5340 fore,
1207 5275 1258 5332 si
1286 5277 1459 5333 cultui
1480 5290 1603 5332 meo
1625 5274 2195 5343 adltasissent,quam

607 5366 660 5423 si
700 5366 767 5422 ad
797 5366 1107 5423 damonum
1140 5370 1566 5442 superstitiones
1596 5378 1771 5426 semet
1820 5366 2193 5423 demisissent.

614 5474 637 5510 ι
676 5454 888 5529 Quippe
938 5457 1085 5515 haud
1137 5472 1365 5518 noverat
1400 5462 1517 5532 ipsa
1565 5475 1627 5516 se
1667 5458 2003 5514 frumentum
2038 5471 2069 5510 a
2110 5470 2197 5510 me

609 5557 903 5622 acceptum
930 5552 1149 5621 tulisse,
1181 5555 1423 5625 vinoque
1451 5560 1506 5608 et
1533 5552 1656 5607 oleo
1677 5592 1693 5619 ,
1728 5557 1954 5621 argento
1978 5556 2034 5603 et
2059 5562 2195 5602 auro

612 5655 645 5695 a
675 5656 762 5697 me
789 5642 961 5699 fuisse
976 5645 1264 5715 repletam.
1283 5645 1504 5699 Interim
1520 5644 1639 5715 ipso
1662 5649 1951 5712 argenteas
1971 5654 2196 5694 aureas-

611 5750 721 5806 que
768 5736 1075 5794 oblationes
1125 5738 1273 5792 Baali
1328 5736 1551 5792 dicavit.
1599 5754 1618 5788 ›
1675 5734 1901 5790 Discent
1956 5732 2196 5806 denique

612 5841 809 5901 magna
832 5843 893 5889 se
915 5827 1135 5888 inscitia
1164 5829 1533 5899 laboravisse,
1558 5828 1688 5884 dum
1726 5826 1888 5885 idolis
1922 5825 2192 5885 bonorum

2294 4636 2467 4707 λωσίᾳ
2495 4636 2590 4690 καὶ⁸
2626 4638 2750 4698 ταῖς
2770 4633 3002 4689 ἐκεῖθεν
3055 4636 3486 4707 κατασχεθέντες
3512 4636 3789 4705 ἀνάγκαις
3800 4655 3895 4710 μη-

2292 4723 2484 4796 δεμίαν
2565 4722 2870 4795 εὑρίσκοιεν
2902 4722 3136 4792 διέξοδον
3163 4726 3275 4781 τῶν
3308 4727 3515 4782 κακῶν.
3555 4745 3576 4779 ε
3628 4724 3742 4779 Καὶ
3769 4725 3895 4780 διώ-

2297 4814 2447 4881 ξεται
2487 4813 2613 4877 τοὺς
2654 4813 2891 4885 ἐραστὰς
2949 4817 3155 4888 αὐτῆς,
3217 4819 3314 4873 καὶ
3363 4819 3425 4873 ού
3478 4818 3554 4891 μὴ
3602 4816 3900 4890 παραλάΰῃ

2295 4906 2527 4970 αύτούςο
2575 4905 2671 4960 καὶ
2712 4904 2938 4978 ζητήσει
2986 4908 3206 4973 αὐτοὺς,
3242 4913 3338 4964 καὶ
3382 4910 3445 4964 ού
3499 4912 3575 4982 μὴ
3622 4910 3765 4984 εὕρῃ
3800 4911 3899 4966 a0-

2294 4997 2440 5061 τούς.
2471 5014 2495 5050 ε
2520 4996 2654 5050 Τότε
2692 4996 2978 5053 καλόσουσι
3022 5000 3123 5063 μὲν
3169 5002 3250 5065 είς
3285 5000 3535 5072 βοήθειαν
3566 5001 3662 5067 οὓς
3697 5001 3899 5075 ἐθερά-

2296 5104 2464 5143 πευον
2485 5088 2774 5159 δαίμονας.
2815 5088 3110 5161 Περιέσται
3141 5091 3200 5146 δὲ
3238 5093 3423 5157 αὐτοῖς
3457 5092 3647 5165 κέρδος
3678 5093 3901 5147 ἐκεῖθεν

2295 5178 2471 5233 οὐδὲν.
2513 5197 2539 5230 ι
2568 5179 2676 5233 Καὶ
2713 5182 2848 5250 ἐρεῖ,
2882 5181 3227 5252 Πορεύσομαι
3271 5182 3371 5237 καὶ
3408 5185 3722 5255 ἐπιστρέψω
3766 5184 3905 5254 πρὸς

2296 5269 2389 5326 τὸν
2438 5271 2605 5341 ἄνδρα
2669 5289 2773 5343 μου
2830 5271 2921 5325 τὸν
2972 5272 3234 5346 πρότερον
3255 5314 3272 5342 ,
3318 5275 3401 5329 ὅτι
3450 5276 3631 5341 καλῶς
3685 5293 3781 5347 μοι
3837 5271 3905 5346 ἦν

2296 5365 2417 5418 τότε
2445 5363 2478 5435 ἢ
2504 5363 2619 5419 νῦν.
2654 5383 2674 5418 ι
2709 5362 2844 5418 Τότε
2884 5364 2949 5436 δή
2990 5365 3092 5436 τήν
3123 5366 3335 5439 πλάνην
3374 5367 3779 5438 ἐπιγνώσονται
3806 5368 3906 5437 τὴν

2295 5455 2524 5522 οἰκείαν,
2553 5456 2648 5510 καὶ
2672 5456 2751 5520 ὡς
2780 5456 3003 5527 άμεινον
3030 5452 3100 5528 ἢν
3133 5458 3319 5523 αὐτοῖς
3356 5459 3458 5530 τῆς
3503 5460 3642 5531 ἐμῆς
3678 5460 3907 5531 ἀντέχει

2298 5546 2422 5601 σθαι
2452 5548 2773 5621 θεραπείας,
2812 5549 2847 5619 ή
2894 5550 3022 5621 περὶ
3066 5549 3166 5622 τήν
3212 5551 3323 5605 τῶν
3365 5550 3637 5622 δαιμόνων
3683 5551 3907 5622 ἀπάτην

2297 5642 2578 5698 είλεῖσθαι.
2614 5660 2637 5693 ε
2668 5642 2776 5696 Καὶ
2803 5642 2942 5714 αὑτὴ
2972 5642 3071 5696 οὐκ
3106 5642 3248 5713 ἔγνω
3276 5644 3358 5697 ὅτι
3388 5643 3500 5713 ἐγὼ
3522 5644 3737 5698 δέδωκα
3767 5642 3905 5711 αὐτῇ

2295 5736 2389 5789 τὸν
2405 5736 2481 5805 (p.
2506 5735 2588 5804 l6)
2612 5737 2757 5787 σῖτον
2774 5735 2867 5787 καλ¹
2884 5734 2973 5788 τὸν
2988 5730 3131 5788 οἶνον
3154 5735 3246 5789 καὶ
3256 5735 3313 5787 τί
3325 5730 3910 5805 ε).αιον,καὶδργύρισν

2298 5828 2392 5883 καὶ
2440 5826 2661 5898 χρυσίον
2715 5824 2991 5897 ἐπλήθυνα
3029 5826 3190 5899 αὐτῇ.
3241 5825 3388 5899 Λύτή
3445 5824 3501 5878 δὲ
3545 5826 3766 5897 ἀργυρᾶ
3810 5822 3906 5879 καί
