4104 6468
287 353 406 413 l3?

1379 349 1936 409 COMMENTARIUS
1971 348 2036 405 IN
2079 348 2283 406 OSEJE
2306 348 2466 406 CAP.
2504 348 2576 405 ll.

3505 347 3607 404 £38

289 470 486 541 χρυσᾶ
514 468 740 542 ἐποίησε
769 473 841 543 τῇ
869 470 1036 524 Βαάλ.
1078 492 1097 523 ›
1131 473 1484 544 Μαθήσονταί
1514 492 1575 529 τε
1610 475 1685 540 ὠς
1714 475 1916 545 πολλήν

2052 487 2245 526 uorum
2292 487 2517 528 causam
2564 473 2920 543 imputarent,
2979 485 3101 541 quae
3147 478 3330 525 tamen
3398 484 3430 524 ι
3484 485 3606 538 me,

288 577 427 617 τινα
469 562 577 634 τὴν
621 560 849 631 ἄγνοιαν
895 563 1139 631 ἐνόσουν,
1172 566 1405 631 ἐκείνοις
1438 567 1778 640 λογιζόμενοι
1808 565 1918 620 τῶν

292 651 626 724 προσόντων
653 650 881 722 ἀγαθῶν
908 654 1095 719 αὐτοῖς
1131 654 1230 728 τὴν
1266 657 1472 711 αἰτίαν·
1510 657 1654 730 ἀπερ
1692 652 1786 711 οὖν
1824 658 1921 711 αὺ-

289 746 419 807 τοῖς
469 744 668 814 σαφῶς
725 748 859 819 παρ’
902 747 1038 819 ἐμοῦ
1089 749 1185 803 τοῦ
1236 750 1462 822 ποιητοῦ
1508 751 1619 805 τῶν
1663 751 1921 807 ἁπάντων

292 835 555 909 διαρκῶς
598 839 941 910 ἐχορηγεῖτο,
977 841 1040 894 οὐ
1086 842 1335 913 καρποὺς
1368 843 1700 914 παρέχοντος
1737 842 1919 912 μόνον,

294 929 447 984 ἀλλά
478 929 578 984 καὶ
616 931 883 1003 ἀργύριον
913 932 1009 986 καὶ
1042 934 1284 1004 χρυσίον,
1324 934 1389 988 ἐκ
1412 952 1471 988 τε
1511 935 1611 1006 τῆς
1645 935 1788 989 κατά
1825 934 1924 1005 τὴν

297 1021 589 1091 Αἴγυπτον
626 1024 833 1091 ἐξόδου,
869 1025 965 1079 καὶ
1015 1026 1120 1097 μὴν
1151 1028 1246 1080 καὶ
1283 1028 1426 1082 κατά
1459 1028 1669 1082 πολλῶν
1698 1027 1924 1097 ὕστερον

294 1113 581 1187 ἀφορμῶν
633 1117 872 1188 ἐτέρωνυ
904 1117 996 1187 ἀφ’
1024 1111 1100 1172 ὧν
1126 1119 1230 1173 οὐκ
1270 1118 1481 1175 ὤκνουν
1520 1118 1715 1174 εἴδωλα
1757 1136 1927 1173 κατα-

296 1205 677 1272 σκευάζοντες
722 1210 958 1277 ἑαυτοῖς,
1003 1214 1210 1285 σεμνήν
1245 1229 1368 1266 τινα
1405 1210 1495 1266 διά
1532 1211 1630 1282 τὴν
1660 1212 1760 1283 τῆς
1793 1210 1928 1282 ὕλης

296 1296 634 1365 πλεονεξίαν
667 1299 771 1371 τὴν
798 1301 1099 1375 θεραπείαν
1133 1303 1316 1358 αὐτῶν
1337 1301 1611 1376 ἡγεῖσθαι.

373 1450 535 1526 Στίχ.
592 1454 754 1527 θ’-ιβ’.
797 1488 868 1497 -—
897 1477 917 1511 ‹
952 1458 1054 1515 Διά
1110 1457 1269 1514 τοῦτο
1313 1459 1630 1532 ἐπιστρέψω
1694 1455 1790 1515 καλ
1840 1474 1930 1515 κο-

302 1547 551 1622 μιοῦμαι
575 1548 670 1603 τὸν
706 1549 855 1604 σῖτόν
893 1569 996 1623 μου
1032 1552 1154 1606 καθ’
1179 1552 1328 1626 ὤραν
1360 1554 1543 1608 αὐτοῦ.
1581 1572 1598 1605 ι
1629 1551 1931 1626 Τοιγαροῦν

298 1641 518 1714 ¹πολλὴν
558 1642 618 1695 ἐν
662 1643 848 1707 αὐτοῖς
882 1645 1190 1717 ἐργάσομαι
1225 1646 1325 1718 τὴν
1365 1646 1673 1716 ἀκαρπίαν
1704 1647 1764 1699 ἐν
1792 1638 1836 1713 ᾧ
1868 1642 1932 1717 δὴ

304 1732 561 1805 μάλιστα
599 1733 779 1807 καιρῷ
824 1733 923 1807 τὴν
977 1736 1305 1809 προσδοκίαν
1358 1737 1537 1791 αὐτῶν
1568 1739 1668 1810 τῆς
1695 1737 1933 1792 ἀπολαύ-

2021 577 2208 617 rerum
2256 563 2505 618 omnium
2557 570 2807 627 auctore,
2854 562 3071 619 abunde
3106 562 3242 634 ipsis
3292 562 3614 634 suppedita-

2021 654 2255 722 bantur;
2279 670 2458 725 neque
2490 654 2637 710 enim
2666 652 2855 726 fruges
2884 654 3269 710 tantummodo
3299 655 3368 711 iis
3396 653 3611 720 suﬂ‘cci,

2022 762 2213 801 Verum
2263 747 2430 802 etiam
2471 753 2759 817 argentum
2807 754 2973 818 atque
3009 763 3206 801 aurum
3250 756 3366 801 tum
3410 762 3610 803 exeun-

2024 838 2172 894 tibus
2206 855 2270 895 ex
2305 838 2563 910 Egypto,
2604 850 2718 894 tum
2750 839 2876 895 aliis
2906 846 3097 910 postea
3133 840 3423 910 permultis
3451 855 3616 896 evcn’

2025 930 2194 987 tibus.
2227 929 2297 985 At
2323 945 2454 986 vero
2507 932 2612 1002 ipsi
2660 932 2917 988 conﬂatis
2942 948 3007 989 ex
3034 932 3137 988 bac
3173 935 3403 990 materia
3427 934 3613 996 idolis.

2027 1038 2138 1077 non
2197 1022 2527 1079 dubitarunt
2583 1024 2712 1078 vani
2780 1024 2966 1080 cultus
3017 1023 3489 1090 observationem,
3542 1025 3615 1083 ob

2026 1115 2230 1172 metalli
2271 1116 2665 1187 priestantiam,
2695 1116 2917 1188 plurimi
2948 1116 3151 1173 facere.

2106 1444 2271 1514 Vens.
2313 1449 2469 1512 9-l2.
2502 1488 2569 1499 —
2614 1476 2631 1511 ι
2676 1452 2972 1529 Propterea
3017 1467 3289 1525 revertar,
3334 1466 3389 1513 et
3434 1459 3621 1516 tollam

2030 1547 2278 1603 triticum
2320 1563 2499 1604 meum
2543 1548 2598 1604 in
2630 1556 2875 1618 tempore
2906 1564 3028 1604 suo.
3063 1567 3082 1600 ι
3113 1547 3387 1605 Grandem
3412 1552 3627 1607 scilicet

2034 1642 2171 1712 ipsis
2215 1641 2420 1696 creabo
2476 1642 2869 1706 sterilitatem;
2930 1658 3058 1697 nam
3111 1659 3221 1714 quo
3271 1643 3623 1714 potissimum

2036 1744 2288 1803 tempore
2338 1732 2447 1788 frui
2496 1732 2665 1789 bonis
2716 1746 2966 1805 sperant,
3023 1744 3153 1790 tunc
3202 1737 3351 1791 omni
3406 1743 3628 1807 repente

305 1840 453 1890 σεως
478 1824 722 1896 ἔχουσιν,
756 1826 878 1880 τότε
905 1826 969 1899 δὴ
1001 1828 1210 1893 πάντας
1239 1828 1421 1882 αὐτῶν
1445 1829 1641 1901 ἀθρόον
1667 1829 1930 1900 ἀφαιρούρ

2047 1827 2222 1897 :replo
2247 1828 2327 1881 eis
2359 1824 2974 1890 fructu,eonsuetorum
2999 1829 3266 1884 varietate
3296 1830 3626 1884 damnorum

309 1933 482 1987 μενος
514 1919 647 1982 τοὺς
686 1919 956 1990 καρποὺς,
993 1923 1060 1993 τῇ
1103 1921 1350 1994 ποικιλίᾳ
1388 1921 1497 1976 τῶν
1529 1921 1798 1976 είωθότων
1836 1922 1932 1975 λυ-

2047 1920 2291 1983 obruam,
2338 1918 2592 1989 rubigine
2643 1918 2851 1991 (puta),
2902 1919 3173 1991 grandine
3210 1926 3264 1976 et
3307 1919 3627 1989 hujusmodi

309 2009 615 2079 μαίνεσθαι
658 2013 776 2074 τοῖς
828 2010 1114 2075 τοιούτοις,
1163 2013 1413 2086 ἐρυσίϐῃ,
1460 2008 1572 2067 οἷον
1608 2015 1805 2083 εἰπεῖν,
1838 2004 1933 2069 καὶ

2047 2012 2162 2067 aliis
2189 2053 2201 2075 .
2242 2026 2364 2081 qua:
2411 2012 2595 2066 subito
2637 2012 2969 2084 ingruentia,
3026 2028 3171 2082 saepe
3216 2010 3467 2083 frugibus
3508 2012 3623 2083 jam

304 2101 551 2176 χαλάζῃ,
587 2103 686 2156 καὶ
730 2105 845 2167 τοῖς
896 2103 1179 2171 τοιούτοις,
1221 2106 1393 2160 ὁπόσα
1426 2100 1618 2179 ἀθρόον
1650 2102 1937 2179 συμϐάντα

306 2194 586 2257 πολλάκις
634 2194 748 2248 τῶν
804 2195 1151 2267 φαινομένων
1202 2198 1435 2271 καρπῶν
1484 2199 1721 2272 παντελῆ
1769 2198 1937 2254 ἀπώ-

306 2286 469 2340 λειαν
508 2285 838 2358 εἴργασται·
886 2286 1030 2341 ὥστε
1084 2284 1144 2342 δν
1198 2288 1299 2343 οὐκ
1333 2289 1578 2360 ἔγνωσαν
1627 2291 1799 2345 αἴτιον
1839 2291 1938 2345 αῦ-

306 2383 429 2444 τοῖς
464 2378 580 2433 τῶν
639 2379 887 2448 ἀγαθῶν,
920 2382 988 2451 τῇ
1049 2380 1368 2454 ἐπαγομένη
1420 2381 1683 2454 τιμωρίᾳ,
1731 2382 1824 2436 καὶ
1868 2384 1934 2453 τῇ

307 2470 425 2523 τῶν
482 2468 754 2523 δοθέντων
806 2471 1135 2543 ἀφαιρέσει,
1182 2472 1387 2542 γνῶναι
1468 2473 1675 2543 σαφῶς.
1738 2493 1756 2525 r
1827 2474 1938 2528 Καὶ

309 2560 634 2634 ἀφελοῦμαι
669 2563 740 2617 τά
770 2558 966 2635 ἱμάτιά
1003 2583 1127 2636 μου,
1156 2566 1251 2619 καὶ
1275 2566 1345 2620 τά
1373 2565 1558 2621 ὀθόνιά
1584 2584 1708 2636 μου,
1737 2566 1814 2636 (p.
1849 2565 1938 2638 i7)

310 2655 408 2710 ωῦ
445 2655 525 2728 μὴ
567 2653 869 2710 καλύπτειν
896 2656 996 2729 τὴν
1030 2654 1419 2730 ἀσχημοσύνην
1462 2658 1653 2729 αὐτῆς.
1701 2677 1719 2710 ι
1754 2657 1940 2711 Πάντα

312 2748 495 2804 ὁπόσα
526 2749 811 2822 διαφόρως
840 2750 1025 2814 αὐτοῖς
1050 2752 1181 2823 παρ’
1216 2750 1352 2822 ἐμοῦ
1401 2749 1785 2824 χορηγούμενα
1816 2748 1940 2803 ἐκό-

320 2848 449 2913 σμει
485 2857 551 2894 τε
593 2840 693 2895 καὶ
732 2840 1209 2915 εὐπρεπεστέρους
1261 2840 1471 2894 ἐδείκνυ
1504 2840 1617 2893 τῶν
1654 2840 1755 2910 τῆς
1801 2840 1941 2894 άπο-

312 2931 571 2997 λαῦσεως
599 2931 809 2987 λοιπῶν
843 2931 1173 3004 ἀνθρώπων,
1211 2931 1385 2985 ταῦτα
1450 2930 1685 3002 ἀφελὼν,
1745 2933 1942 3003 ἀτιμο-

317 3024 513 3097 τέρους
569 3025 883 3096 ἐργάσομαι
945 3024 1185 3078 πάντων.
1223 3041 1243 3074 ι
1298 3024 1410 3077 Καὶ
1459 3023 1554 3078 νῦν
1609 3023 1944 3094 ἀποκαλύψω

323 3118 423 3188 τὴν
454 3115 809 3188 ἀκαθαρσίαν
840 3114 1012 3186 αὐτῆς
1043 3113 1273 3170 ἐνώπιον
1317 3114 1426 3169 τῶν
1459 3114 1706 3189 ἐραστῶν
1736 3106 1938 3187 αὐτῆς·

321 3211 415 3262 καὶ
462 3208 645 3272 οὐδεὶς
688 3209 751 3261 οὐ
811 3206 888 3278 μὴ
930 3206 1183 3279 ἐξέληται
1218 3206 1389 3279 αὐτὴν
1429 3207 1494 3260 ἐκ
1538 3205 1720 3279 χειρός
1750 3223 1873 3278 μου.
1920 3226 1939 3259 ι

324 3292 487 3353 Ὥστε
521 3297 613 3353 διά
640 3296 743 3368 τῆς
776 3295 1053 3368 τιμωρίας
1072 3296 1170 3368 τῆς
1196 3295 1344 3367 ἐμῆς
1371 3294 1711 3367 σαφεστέραν
1740 3293 1945 3348 ἅπασιν

320 3392 503 3447 αὐτῶν
561 3386 826 3460 γενέσθαι
898 3388 999 3459 τὴν
1050 3384 1401 3458 παρανομίαν
1465 3388 1532 3457 ἣν
1606 3384 1943 3456 εἰργάζοντο,

321 3481 645 3551 ἀφεστῶτες
700 3480 798 3551 μὲν
846 3477 1007 3549 ἐμοῦ,
1058 3479 1126 3549 τῇ
1186 3476 1295 3529 τῶν
1337 3474 1610 3546 δαιμόνων
1657 3473 1716 3528 δὲ
1771 3489 1945 3545 προσ-

324 3573 617 3644 ανέχοντες
648 3569 944 3641 θεραπεία·
969 3562 1046 3622 ὧν
1076 3570 1162 3621 ἐπ’
1186 3568 1343 3639 ὄψεσι
1368 3566 1677 3639 βαρυτάτας
1708 3564 1947 3630 δέξονται

327 3666 455 3735 παρ’
487 3662 629 3734 ἐμοῦ
664 3661 767 3725 τάς
812 3660 1109 3733 τιμωρίας,
1151 3660 1273 3714 οὐδὲ
1309 3660 1441 3730 μιᾶς
1480 3658 1572 3711 ὑπ’
1601 3655 1782 3710 αὐτῶν
1816 3656 1946 3730 βοη-

327 3755 475 3819 θείας
525 3751 818 3819 ἀξιοῦσθαι
868 3746 972 3804 oio!
1028 3767 1090 3804 τε
1137 3749 1318 3815 ὄντες·
1374 3750 1498 3803 ἐπεὶ
1542 3749 1637 3803 καὶ
1681 3748 1947 3820 κρείττων

330 3848 511 3919 πάσης
545 3847 652 3919 τῆς
702 3842 1057 3916 ἐπειγομένης
1094 3843 1278 3908 αὐτοῖς
1308 3844 1441 3915 πάρ’
1492 3841 1629 3915 ἐμοῦ
1676 3840 1945 3913 τιμωρίας

339 3937 650 4013 ἡδῦναμις.
688 3955 709 3988 ι
748 3937 862 3991 Kal.
898 3935 1230 4007 ἀποστρέψω
1260 3935 1440 3999 πάσας
1481 3935 1580 3999 τάς
1610 3933 1950 4005 εὐφροσύνας

329 4030 523 4101 αὐτῆς,
562 4029 663 4083 καὶ
695 4028 879 4093 πάσας
907 4027 1009 4092 τάς
1039 4029 1237 4101 ἑορτάς
1266 4027 1458 4096 αὐτῆς,
1498 4029 1591 4083 καὶ
1622 4028 1723 4092 τὰς
1746 4045 1950 4102 νουμη-

329 4121 451 4184 νίας
479 4120 683 4192 αὐτῆς,
720 4121 818 4174 καὶ
854 4120 926 4173 τά
963 4119 1219 4187 Σάϐϐατα
1267 4120 1458 4191 αὐτῆς,
1495 4120 1587 4174 καὶ
1638 4120 1818 4184 πάσας
1848 4119 1950 4185 τὰς

330 4212 701 4286 πανηγύρεις.
754 4229 774 4264 ι
818 4211 956 4266 Οὐδὲ
994 4211 1127 4281 γοῦν
1161 4211 1523 4285 πανηγύρεως
1563 4211 1658 4266 καὶ
1690 4212 1888 4284 ἑορτῆς
1913 4212 1951 4285 ἦ

332 4323 475 4372 τινος
505 4303 859 4377 εὐφροσύνης
888 4303 1102 4371 ἕξουσιν
1139 4303 1221 4359 ἔτι
1258 4304 1470 4378 καιρὸν,
1500 4303 1597 4359 an
1638 4307 1705 4377 τῇ
1744 4305 1948 4376 αἰχμα-

331 4396 506 4469 λωσίᾳ
544 4397 995 4470 παραδιδόμενα,
1019 4399 1114 4453 καὶ
1129 4400 1253 4460 ταῖς
1273 4398 1381 4453 τῶν
1414 4396 1753 4470 κατεχόντων
1779 4397 1951 4466 ἀνάγ-

2037 2119 2162 2159 sese
2192 2101 2611 2159 ostendentibus
2636 2119 2954 2174 supremum
2985 2104 3212 2159 exitium
3244 2105 3512 2166 inferunt,
3547 2114 3624 2169 ut,

2039 2210 2203 2267 quem
2231 2195 2506 2251 bonorum
2536 2210 2764 2251 suorum
2799 2205 3082 2252 auctorem
3120 2213 3228 2252 llOfl
3268 2208 3628 2269 agnoverant,

2041 2303 2108 2341 ex
2140 2287 2377 2358 impacta
2408 2288 2601 2344 saltem
2638 2304 2821 2360 paena,
2848 2298 2902 2344 et
2939 2289 3013 2345 rei
3043 2289 3182 2345 data:
3211 2289 3489 2347 ablatione
3520 2308 3637 2347 ma-

2041 2374 2241 2432 nifeste
2268 2385 2630 2447 cognoscant.
2663 2397 2682 2430 ι
2723 2377 2790 2432 Ει
2832 2378 3078 2434 auferam
3127 2381 3459 2437 vestimenta
3489 2396 3635 2443 mea,

2041 2481 2095 2525 et
2128 2469 2451 2525 linteamina
2478 2486 2620 2537 mea,
2657 2488 2728 2527 ne
2756 2473 3007 2541 operiant
3034 2470 3395 2543 ignominiam
3428 2473 3572 2544 ejus.
3611 2494 3630 2527 ι

2043 2559 2401 2631 Quaecunque
2459 2576 2489 2615 a
2558 2577 2645 2615 me
2694 2561 3051 2616 multifariam
3111 2565 3311 2618 collata
3365 2565 3638 2620 ornabant

2042 2668 2173 2719 eos,
2208 2656 2264 2709 et
2292 2654 2558 2710 lautiores
2602 2638 2825 2710 caeteris
2861 2654 3141 2710 faciebant
3180 2657 3274 2727 qui
3305 2657 3419 2712 lucc
3455 2660 3639 2729 possi-

2044 2745 2176 2801 dent
2213 2745 2555 2810 bominibus,
2597 2745 2714 2800 haec
2754 2745 2981 2817 inquam
3015 2744 3300 2812 auferens,
3346 2748 3642 2819 despectis-

2045 2838 2219 2894 simos
2292 2838 2540 2894 omnium
2619 2840 2917 2910 prmstabo.
2982 2857 3002 2890 ‹
3062 2840 3125 2894 Et
3180 2856 3328 2896 nunc
3386 2843 3639 2898 revelabo

2047 2929 2456 2985 immunditiam
2495 2931 2672 3002 ipsius
2712 2931 2770 2987 in
2811 2943 3114 3003 conspectu
3155 2946 3465 2991 amatorum
3498 2937 3641 3006 ejus,

2046 3030 2101 3078 et
2131 3039 2293 3078 nemo
2316 3032 2473 3080 eruet
2501 3039 2622 3079 eam
2653 3022 2720 3080 de
2748 3040 2915 3079 manu
2944 3039 3085 3080 mea.
3129 3043 3150 3078 ι
3185 3026 3365 3099 Atque
3401 3029 3477 3084 ita
3509 3028 3644 3084 ult;o

2047 3131 2169 3172 mea
2200 3115 2636 3173 manifestiorem
2673 3112 2777 3188 12
2807 3119 3027 3175 cunctis
3059 3115 3250 3176 reddet
3273 3121 3494 3192 culpam
3537 3139 3644 3193 qua

2049 3225 2109 3266 se
2149 3204 2542 3275 irretiverunt,
2591 3210 2721 3265 dum
2769 3226 2856 3267 me
2902 3209 3167 3268 derelicto
3216 3213 3281 3268 ad
3331 3213 3645 3269 dannonum

2048 3303 2258 3358 cultum
2300 3318 2361 3359 se
2389 3300 2747 3360 contulerunt
2781 3322 2795 3361 :
2840 3304 3000 3375 cujus
3032 3321 3232 3371 causa,
3287 3307 3648 3377 gravissimas

2048 3396 2229 3467 palam
2275 3396 2427 3452 luent
2481 3412 2713 3468 pmnas,
2764 3398 2915 3453 nulla
2959 3393 3273 3455 daemonum
3335 3416 3439 3471 ope
3484 3400 3647 3470 potiri

2048 3489 2328 3555 valentes;
2374 3491 2576 3545 etenim
2612 3489 2806 3545 inﬂicti
2839 3487 2949 3548 illis
2986 3507 3016 3546 a
3058 3508 3145 3547 me
3194 3493 3453 3564 supplicii
3489 3494 3652 3565 longe

2049 3581 2282 3637 validior
2306 3581 2389 3636 vis
2418 3591 2523 3637 est.
2556 3601 2575 3635 r
2616 3581 2685 3637 Et
2716 3592 2962 3639 avertam
2998 3595 3228 3641 cunctas
3265 3585 3484 3642 lietitias
3508 3586 3651 3656 ejus,

2048 3684 2105 3730 et
2132 3675 2453 3730 neomenias
2497 3675 2682 3746 ipsius
2718 3691 2783 3731 ac
2815 3675 3080 3745 Sabbata,
3107 3693 3413 3752 omnesque
3447 3680 3655 3736 solem-

2049 3768 2273 3825 nitates.
2329 3786 2350 3819 ι
2400 3766 2593 3839 Neque
2637 3768 3005 3825 solemnitatis
3042 3770 3212 3841 igitur
3261 3787 3442 3842 neque
3486 3773 3656 3830 ullius

2050 3859 2179 3916 festi
2206 3899 2220 3922 ,
2248 3875 2430 3930 neque
2468 3861 2767 3931 cujuslibet
2798 3862 2985 3933 gaudii
3021 3872 3240 3934 tempus
3276 3864 3543 3937 deinceps
3572 3865 3656 3921 eis

2051 3952 2156 4006 erit
2172 3993 2185 4018 ,
2208 3951 2323 4023 jam
2354 3953 2610 4011 videlicet
2631 3955 2933 4026 captivitati
2953 3956 3196 4024 traditis,
3213 3965 3266 4014 et
3296 3958 3651 4015 dominorum

2050 4044 2311 4100 violentia
2346 4046 2495 4102 varie
2532 4048 2763 4118 pressis.
2803 4066 2821 4100 ‹
2872 4045 2937 4101 Ει
2973 4046 3253 4105 destruam
3284 4050 3498 4107 vineam
3535 4051 3659 4120 ejus

2053 4152 2117 4192 ac
2146 4135 2307 4203 ficus,
2337 4139 2406 4196 de
2429 4141 2631 4211 quibus
2656 4141 2773 4212 ipsa
2800 4141 3017 4198 dixerat
3050 4164 3061 4199 :
3095 4141 3191 4199 "re
3217 4151 3346 4199 sunt
3373 4146 3658 4201 mercedes

2054 4245 2208 4297 mere,
2240 4246 2380 4302 quas
2411 4232 2545 4287 mihi
2575 4240 2854 4290 amatores
2887 4233 2994 4290 mei
3023 4232 3313 4291 dederunt.
3354 4254 3374 4287 ι
3410 4235 3658 4292 Cunctos

2054 4321 2218 4391 plane
2248 4321 2467 4379 fructus
2496 4324 2578 4378 eis
2594 4323 2847 4396 eripiam,
2871 4339 3014 4394 quos
3036 4335 3294 4395 acceptos
3315 4325 3659 4382 dminonibus

2054 4412 2392 4469 referebant.
2440 4432 2459 4466 ι
2511 4414 2693 4485 Atque
2728 4430 2792 4471 ea
2844 4431 3047 4485 ponam
3090 4415 3147 4473 in
3193 4418 3594 4474 testimonium.
3633 4438 3653 4471 ο

332 4507 459 4555 καις
500 4490 823 4570 πιεζόμενοι
861 4492 1140 4556 ποικίλως.
1197 4511 1216 4545 r
1262 4492 1374 4545 Καὶ
1431 4490 1649 4561 ἀφανιῶ
1706 4489 1942 4564 ἄμπελοι

2056 4501 2265 4574 Nempe
2317 4503 2435 4560 hac
2480 4506 2741 4576 spoliatio
2783 4507 3083 4561 maximum
3128 4510 3237 4564 erit
3280 4511 3657 4565 testimonium

330 4581 527 4653 αὑτῆς,
556 4581 655 4634 καὶ
684 4580 785 4645 τάς
820 4583 992 4645 συκᾶς
1020 4582 1213 4653 αὐτῆς,
1249 4581 1411 4644 Ὅσα,
1443 4578 1583 4648 εἷπε,
1623 4581 1942 4654 μισθώματό

2063 4596 2354 4667 praeteritae
2383 4597 2716 4671 iniquitatis,
2740 4614 2849 4669 qua
2874 4599 3020 4654 bona
3054 4600 3143 4655 illa
3168 4616 3196 4656 a
3220 4601 3569 4659 daemonibus
3602 4621 3663 4660 se

337 4690 440 4744 μου
483 4674 613 4727 ἐστὶ
645 4672 822 4728 ταῦτα
845 4672 883 4728 ἀ
920 4674 1130 4729 ἔδωκάν
1161 4691 1255 4747 μοι
1302 4676 1353 4729 οί
1401 4675 1629 4747 ἐρασταί
1662 4692 1786 4748 μου.
1819 4695 1837 4728 ι
1873 4675 1952 4747 (p.

337 4766 425 4835 18)
456 4766 686 4830 Πάντας
711 4766 778 4837 δὴ
831 4767 959 4832 τοὺς
1003 4771 1251 4840 καρποὺς
1288 4767 1472 4824 αὐτῶν
1521 4768 1846 4841 ἀφελοῦμαι,
1879 4763 1957 4824 ὧν

332 4861 446 4922 τοῖς
489 4858 753 4931 δαίμοσιν
805 4858 1117 4928 ἐλογίζοντο
1156 4860 1258 4933 τὴν
1300 4861 1469 4916 δόσιν.
1502 4879 1521 4914 ι
1558 4861 1671 4915 Καὶ
1721 4860 1958 4933 θήσομαι

338 4950 481 5005 ιῦτά
531 4951 615 5014 εἰς
669 4948 994 5022 μαρτύριον.
1033 4969 1053 5002 ι
1083 4950 1247 5003 Ὥστε
1297 4950 1400 5023 τὴν
1446 4949 1740 5021 ἀφαίρεσιν
1780 4950 1960 5003 αὐτῶν

335 5043 622 5112 μεγίστην
671 5039 814 5097 εἶναι
868 5042 1180 5115 μαρτυρίαν
1238 5043 1340 5114 τῆς
1382 5043 1731 5117 παρανομίας
1778 5041 1961 5098 αὐτῶν

329 5139 434 5209 τῆς
461 5135 729 5208 πρόσθεν,
756 5137 877 5190 καθ’
909 5124 983 5209 ἢεῖ
1000 5140 1115 5201 τοῖς
1139 5138 1393 5210 δαίμοσιν
1427 5138 1731 5208 ἐλογίζοντο
1753 5139 1962 5203 ἐκεῖνα,

327 5230 399 5283 F...
446 5229 550 5283 καὶ
581 5229 684 5300 τῆς
714 5229 916 5293 δόσεως
948 5231 1043 5284 καὶ
1075 5231 1177 5303 τῆς
1208 5230 1552 5305 ἀφαιρέσεως
1589 5231 1781 5306 κύριος
1812 5233 1963 5306 ἥμην

328 5327 462 5394 ἐγώ.
509 5343 531 5375 ‹
572 5323 688 5377 Καὶ
717 5323 1099 5394 καταφάγεται
1138 5325 1284 5379 αὐτά
1325 5326 1395 5380 τά
1427 5325 1594 5398 θηρία
1639 5328 1733 5382 τοῦ
1764 5325 1958 5399 ἀγροῦ,

335 5418 435 5473 καὶ
464 5420 543 5471 τά
573 5417 801 5471 πετεινά
820 5416 917 5471 τοῦ
938 5417 1192 5485 οὐρανοῦ,
1220 5419 1317 5472 καὶ
1338 5417 1407 5473 τά
1428 5418 1636 5490 ἑρπετά
1656 5419 1759 5491 τῆς
1784 5420 1908 5491 γῆς.
1936 5439 1957 5473 ι

336 5511 437 5575 Et;
454 5508 650 5582 λύμην
672 5510 818 5564 αὺτά
861 5510 1127 5583 προθήσω
1167 5514 1356 5577 πᾶσιν,
1395 5511 1537 5566 ὥστε
1578 5513 1744 5584 μηδὲν
1777 5508 1838 5575 ἐξ
1865 5510 1964 5565 αὐ-

2066 4686 2272 4741 babere
2331 4687 2632 4754 dicebant,
2684 4704 2921 4759 quorum
2982 4697 3167 4748 tamen
3237 4691 3550 4747 dandorum
3609 4704 3663 4750 et

2068 4781 2493 4838 auferendorum
2536 4782 2746 4839 arbiter
2782 4798 2885 4856 ego
2926 4799 3102 4839 eram.
3136 4804 3154 4837 ι
3199 4786 3263 4839 Et
3300 4785 3575 4842 vorabunt
3600 4806 3663 4843 ea

2067 4872 2196 4929 ferre
2235 4875 2375 4946 agri,
2431 4882 2485 4932 et
2538 4877 2779 4932 volatilia
2825 4878 2985 4943 creti,
3034 4886 3088 4933 et
3146 4880 3366 4950 reptilia
3414 4887 3594 4939 terrm.
3640 4901 3659 4933 ι

2064 4965 2279 5022 Cuncta
2313 4969 2519 5040 passim
2556 4969 2822 5026 vastanda
2859 4970 3143 5041 objiciam,
3176 4972 3251 5027 ita
3279 4982 3338 5027 ut
3368 4972 3503 5027 nibil
3532 4972 3668 5026 utile

2067 5060 2486 5129 superfuturum
2519 5062 2587 5117 iis
2612 5063 2704 5118 sit.
2738 5062 2871 5134 Agri
2901 5062 3057 5130 feris,
3087 5064 3211 5120 coeli
3244 5064 3462 5124 avibus.
3505 5072 3666 5120 terra:

2071 5146 2423 5216 serpentibus
2476 5150 2800 5205 varietatem
2858 5149 3350 5231 denotarc'voluit
3398 5149 3663 5205 hostium.

2068 5239 2164 5308 qui
2215 5238 2340 5295 illos
2371 5255 2594 5312 pessum
2647 5249 2810 5296 erant
2859 5240 3064 5298 daturi.
3109 5240 3244 5296 Nam
3279 5239 3408 5297 ferte
3446 5241 3667 5313 quidem

2072 5332 2281 5387 saevitia
2331 5334 2583 5389 nocendo
2640 5332 2931 5391 imminent
2970 5354 2984 5393 :
3027 5349 3155 5390 aves
3203 5334 3272 5391 iis
3322 5350 3444 5407 quae
3476 5335 3670 5391 volunt

2075 5421 2245 5480 facile
2282 5425 2533 5481 involant
2568 5446 2581 5482 :
2616 5427 2957 5498 serpentium
3011 5425 3249 5498 denique
3274 5429 3669 5501 gravissimum

2072 5526 2465 5573 nocumentum
2500 5526 2608 5578 est.

335 5608 454 5662 τῶν
476 5600 791 5660 ἀπόνασθαι
834 5600 1094 5665 τούτουςο
1146 5602 1314 5675 θηρία
1353 5602 1465 5675 γὰρ
1497 5602 1705 5675 ἀγροῦ,
1739 5603 1838 5658 καὶ
1882 5606 2105 5661 πετεινά
2149 5607 2419 5679 οὐρανοῦ,
2459 5609 2556 5663 καὶ
2606 5608 2813 5683 ἑρπετά
2848 5609 2981 5681 γῆς,
3020 5610 3081 5666 τὸ
3118 5611 3460 5689 πολύτροπον
3499 5614 3674 5670 εἰπεῖν

337 5696 619 5770 ἐϐουλήθη
659 5696 774 5750 τῶν
825 5694 1187 5769 λυμαίνεσθαι
1252 5693 1557 5764 μελλόντων
1614 5694 1798 5759 αὐτοῖς
1841 5695 2149 5768 πολεμίωνθ
2210 5700 2398 5771 ἐπειδὴ
2470 5698 2532 5753 τὺ
2576 5699 2678 5770 μὲν
2728 5701 2949 5774 θηρίον,
2994 5707 3059 5779 τῇ
3110 5705 3357 5780 ὠμότητι
3415 5705 3675 5780 βλάπτειν

336 5791 598 5863 ῑτοιμον·
630 5790 704 5844 τὰ
736 5792 959 5845 πετεινά
991 5790 1070 5853 δὲ,
1107 5784 1189 5857 τῷ
1219 5788 1386 5842 πᾶσιν
1410 5785 1746 5856 ἐφίπτασθαι
1777 5780 1858 5847 οἷς
1897 5786 1966 5841 ἂν
1993 5787 2154 5862 ἐθέλῃ
2193 5789 2428 5862 ῥᾳδίως·
2462 5788 2532 5844 τὰ
2565 5792 2774 5863 ἑρπετὰ
2806 5793 2884 5859 δὲ,
2929 5798 2997 5869 τῇ
3027 5797 3293 5870 βαρύτητι
3333 5798 3433 5872 τῆς
3474 5798 3672 5870 λύμης,

415 5905 573 5978 Στίχ.
594 5911 685 5973 ιγ’,
710 5907 861 5965 ιδ¹.--
885 5927 902 5957 ι
920 5907 1037 5961 Καὶ
1055 5908 1329 5981 ἐκδικήσω
1348 5910 1433 5964 ἐπ’
1456 5908 1625 5982 αὐτὴν
1647 5908 1743 5975 τὰς
1766 5908 1942 5984 ἡμέρα

2160 5911 2325 5971 Vens.
2363 5914 2448 5982 l3,
2486 5913 2577 5972 Η.
2605 5943 2675 5955 --
2713 5931 2732 5968 ι
2770 5913 2837 5971 Et
2879 5917 3119 5975 ulciscar
3163 5933 3330 5989 super
3377 5934 3499 5973 eam
3551 5917 3674 5977 dies

593 6005 874 6070 Ρηιιοι..
921 6006 1041 6068 Gn.
1094 6007 1315 6069 LXVI.
3376 6016 3418 6076 ὅ
