4104 6468
519 363 620 419 139

514 481 744 543 Baalim,
787 477 985 548 quibus
1027 491 1220 547 nempe
1266 476 1351 532 his
1399 476 1558 532 idolis
1603 476 1920 532 immolabat
1977 497 1989 532 :

515 578 739 631 inaures
797 586 927 626 suas
989 570 1326 640 moniliaque
1401 584 1502 624 sua
1577 570 2025 640 circumponebat
2076 589 2090 625 :

512 679 756 734 suosque
809 675 1084 716 amatores
1140 661 1483 725 sectabatur,
1541 661 1647 716 mei
1705 661 1903 728 oblita,
1961 660 2094 716 dicit

512 756 798 811 Dominus.
832 773 850 805 ι
877 752 1005 807 Haec
1028 751 1287 806 nimirum
1319 753 1616 822 patientur,
1645 766 1835 821 prunas
1866 751 2091 815 luendo,

510 855 798 920 propterea
831 844 974 916 quod
1008 843 1170 898 idolis
1201 842 1553 906 adhaeserint,
1588 842 1789 911 quibus
1822 841 2093 896 sacriﬁcia

509 954 726 1010 quoque
763 937 1100 999 obtulerunt,
1146 941 1201 989 et
1245 933 1622 989 solemnitates
1652 933 1870 986 illorum
1915 933 2091 987 cultui

509 1030 856 1094 dedicarunt,
922 1027 1218 1098 plurimum
1277 1026 1752 1095 circumponentes
1811 1037 2088 1092 ornatum,

509 1131 797 1191 canusque
853 1119 1100 1174 celebres
1149 1117 1216 1172 ad
1270 1117 1577 1172 daemonum
1638 1117 2089 1187 superstitionem

507 1218 902 1269 convocantes.
920 1209 1126 1263 nullam
1142 1221 1271 1262 vero
1290 1207 1395 1261 mei
1417 1207 1734 1260 memoriam
1759 1208 2086 1262 retinentes.

507 1300 650 1356 Dicit
665 1307 844 1354 autem
862 1297 963 1369 13
980 1297 1206 1362 Baalim,
1221 1296 1341 1350 loco
1358 1295 1714 1364 idolorum,in
1736 1303 1891 1365 parte
1904 1295 2089 1350 omnia

506 1395 830 1466 complexus
868 1409 881 1446 :
914 1399 1030 1446 tum
1056 1399 1110 1445 et
1145 1396 1420 1443 amatores
1451 1402 1603 1442 more
1631 1388 1794 1443 solito
1823 1376 1955 1441 dicit
1989 1402 2090 1458 pro

507 1485 895 1552 daemonibus;
933 1489 1148 1538 constat
1187 1481 1330 1536 enim
1353 1522 1368 1545 ,
1405 1480 1459 1534 in
1501 1480 1773 1535 idolorum
1821 1480 2089 1550 obsequio

505 1594 700 1650 reapse
724 1577 1001 1632 daemones
1035 1573 1215 1630 cultos
1253 1572 1448 1628 fuisse.
1487 1591 1504 1624 ‹
1545 1571 1759 1627 Idcirco
1791 1588 1894 1642 ego
1923 1573 2089 1628 sedu-

505 1686 628 1728 cam
671 1671 843 1736 illam,
885 1675 939 1723 et
979 1666 1154 1721 instar
1189 1664 1392 1719 deserti
1435 1679 1659 1735 ponam.
1701 1683 1720 1717 ο
1769 1662 2086 1734 Captivitati

503 1779 625 1819 eam
651 1761 884 1826 tradam,
927 1758 1129 1828 inquit,
1173 1757 1247 1811 ita
1278 1762 1337 1811 ut
1370 1756 1532 1811 bonis
1562 1756 1823 1811 omnibus
1856 1758 2086 1828 spoliata

1715 357 2066 416 TIIEODORI
2122 358 2613 417 MOPSUESTENI

2038 486 2093 534 et
2121 483 2167 540 Α
2195 480 2304 533 τῶν
2339 480 2570 550 Βααλίμ,
2605 479 2664 531 ἐν
2694 471 2781 540 αῖς
2815 474 3044 528 ἐπέθυεν
3086 472 3290 541 αὐτοῖς,
3329 471 3423 528 καὶ
3455 475 3790 548 περιετίθετο

3686 357 3786 419 MO

2196 571 2264 627 τά
2313 572 2510 626 ἐνώτια
2549 568 2742 640 αὐτῆς,
2777 569 2873 622 καὶ
2906 565 2973 621 τά
3013 565 3288 637 καθόρμια
3319 566 3507 637 αὐτῆς,
3540 568 3634 622 καὶ
3667 570 3790 624 ἐπο-

2197 664 2385 734 ρεύετο
2409 662 2583 716 ὀπίσω
2611 660 2717 714 τῶν
2741 657 2986 731 ἐραστῶν
3015 657 3204 727 αὐτῆς,
3233 655 3367 728 ἐμοῦ
3395 657 3452 710 δέ
3476 658 3791 726 ἐπελάθετο,

2195 753 2344 824 λέγει
2371 753 2597 823 Κύριος.
2650 770 2669 804 ι
2716 749 2902 804 Ταῦτα
2933 741 2999 802 ’δέ
3047 747 3322 802 πείσονται
3365 749 3519 812 δίκας
3559 750 3792 816 διδόντες

2195 844 2335 915 ὑπὲρ
2357 837 2432 896 ὧν
2453 845 2567 906 τοῖς
2598 839 2836 904 εἰδώλοις
2857 839 3167 910 προσεῖχον,
3196 832 3278 900 οἷς
3300 836 3364 908 δὴ
3394 837 3493 901 τὰς
3521 837 3712 902 Θυσίας
3729 844 3791 893 τε

2195 935 2491 1005 προσῆγον,
2523 933 2617 987 καὶ
2661 930 2999 1002 πανηγύρεις
3038 930 3130 982 ἐπὶ
3175 931 3242 999 τῇ
3287 928 3490 982 τούτων
3525 929 3792 1002 θρησκεία

2195 1027 2479 1090 συνίστων,
2513 1026 2716 1096 κόσμον
2742 1042 2802 1078 τε
2833 1022 3237 1095 περιτιθέμενοι
3278 1020 3550 1088 πλεῖστον,
3579 1022 3657 1092 (p.
3693 1023 3788 1093 19)

2193 1119 2285 1175 καὶ
2307 1117 2643 1189 πανηγύρεις
2669 1115 3023 1178 συνιστῶντες
3048 1113 3143 1167 ἐπὶ
3167 1116 3233 1184 τῇ
3265 1112 3374 1166 τῶν
3402 1113 3670 1184 δαιμόνων
3697 1114 3791 1169 θε-

2195 1213 2417 1284 ραπείᾳ,
2450 1210 2583 1282 ἐμοῦ
2610 1209 2666 1262 δὲ
2694 1210 2914 1280 μνήμην
2939 1207 3152 1278 ἔχοντες
3183 1205 3469 1277 οὐδεμίαν·
3502 1206 3650 1276 λέγει
3678 1208 3792 1284 γάρ

2190 1305 2304 1366 τοῖς
2337 1303 2434 1373 μὲν
2469 1300 2682 1370 Βααλὶμ
2709 1299 2852 1353 τοῦτ’
2884 1298 2999 1352 ἐστι
3043 1299 3156 1362 τοῖς
3195 1296 3454 1363 εἰδώλοις,
3493 1299 3556 1350 ἐκ
3588 1299 3792 1370 μέρους

2189 1393 2258 1446 τά
2284 1392 2460 1446 πάντα
2491 1392 2693 1459 λέγων’
2727 1391 2964 1463 ἐραστὰς
3005 1390 3062 1443 δέ
3091 1391 3332 1462 συνήθως
3361 1387 3620 1457 ὀνομάζει
3659 1392 3790 1454 τοὺς

2189 1478 2447 1552 δαίμονας
2467 1496 2481 1509 ⁸
2515 1479 2734 1550 εὔδηλον
2767 1479 2873 1552 γὰρ
2912 1480 2992 1533 ὃτι
3026 1481 3084 1532 ἐν
3114 1481 3180 1550 τῇ
3224 1479 3332 1533 τῶν
3358 1479 3592 1533 εἰδώλων
3627 1479 3791 1551 θερα-

2190 1573 2320 1646 πείᾳ
2364 1573 2616 1644 δαίμονες
2661 1568 2798 1644 ἦσαν
2849 1575 2898 1626 οἰ
2949 1573 3376 1644 θεραπευόμενοι
3420 1575 3551 1643 παρ’
3583 1573 3788 1629 αὐτῶν.

2194 1682 2214 1716 ι
2255 1664 2352 1717 Διά
2389 1663 2548 1718 τοῦτο
2587 1663 2698 1733 ἐγὼ
2739 1664 2925 1718 πλανῶ
2965 1663 3156 1734 αὐτὴν,
3202 1666 3296 1717 καὶ
3333 1664 3479 1731 τάξω
3511 1665 3682 1737 αὐτὴν
3711 1665 3792 1729 ὡς

2189 1756 2415 1829 ἔρημον.
2460 1777 2479 1809 ι
2512 1757 2869 1828 Αἰχμαλωσία
2902 1755 3232 1829 παραδώσω,
3268 1759 3450 1828 φησὶν,
3501 1757 3643 1812 ὥστε
3687 1750 3792 1812 αὖ-

504 1863 734 1925 vagetur
758 1853 814 1907 in
849 1851 953 1906 viis
975 1890 989 1914 ,
1014 1865 1153 1919 quas
1181 1856 1337 1903 antea
1377 1847 1694 1913 nesciebat,
1725 1845 1872 1902 nunc
1904 1857 2083 1902 autem

2189 1850 2288 1922 τὴν
2331 1850 2549 1905 πάντων
2595 1850 2799 1922 ἔρημον
2847 1840 3014 1904 οὖσαν
3063 1851 3173 1906 τῶν
3218 1850 3440 1920 ἀγαθῶν
3482 1851 3794 1908 πλανᾶσθαι

503 1946 826 2003 calamitose
875 1941 1169 1997 decurrere
1227 1939 1462 2009 cogitur.
1513 1937 1639 1994 Mox
1683 1946 1864 1994 tamen
1914 1954 2088 2010 pmnae

501 2033 1164 2096 decretoconversionem
1192 2046 1413 2102 quoque
1436 2031 1490 2085 in
1521 2030 1720 2086 melius
1743 2031 2091 2094 commiscet,

502 2131 598 2202 qui
626 2135 724 2184 est
749 2127 1153 2199 prophetarum
1191 2139 1331 2187 mos,
1374 2125 1455 2180 sic
1479 2123 1644 2178 etiam
1673 2123 1892 2178 beatum
1924 2121 2087 2176 Davi-

500 2224 625 2280 dem
673 2219 1026 2280 imitantium,
1054 2217 1148 2287 qui
1195 2230 1337 2285 saepe
1378 2216 1433 2270 in
1465 2214 1701 2271 Psalmis
1748 2216 2088 2271 calamitates

501 2313 709 2386 pariter
743 2311 999 2376 dicebat,
1031 2316 1086 2364 et
1122 2309 1453 2363 solutionem
1493 2308 1875 2380 pollicebatur.
1907 2307 2086 2362 Veluti

501 2421 628 2461 cum
690 2404 746 2458 in
786 2401 1077 2456 tricesimo
1139 2402 1352 2470 psalmo
1411 2401 1534 2454 ait:
1569 2417 1586 2452 ι
1647 2399 1905 2455 Miserere
1957 2399 2084 2467 mei,

501 2495 765 2560 Domine,
793 2491 1050 2564 quoniam
1083 2491 1340 2547 tribulor.
1384 2489 1610 2547 Turbati
1651 2500 1782 2546 sunt
1815 2492 1868 2546 in
1903 2490 2087 2547 furore

500 2588 645 2644 oculi
691 2587 796 2641 mei
814 2563 833 2650 γ,
876 2592 930 2640 et
968 2563 1323 2639 anima.mea
1368 2597 1433 2638 ac
1480 2591 1671 2639 venter
1721 2599 1896 2639 meus.
1947 2581 2085 2649 Quia

498 2677 700 2734 defecit
730 2677 786 2730 in
815 2675 1004 2730 dolore
1033 2675 1138 2729 vita
1171 2689 1311 2738 mea,
1354 2682 1408 2729 et
1461 2673 1591 2730 anni
1625 2676 1731 2730 mei
1775 2677 1830 2730 in
1866 2676 2084 2746 gemiti-

496 2769 602 2825 bus
655 2767 722 2824 ".
755 2785 775 2819 ›
817 2765 953 2820 Tum
1009 2777 1064 2821 et
1110 2766 1309 2821 deinde
1357 2764 1464 2819 alia
1503 2764 1595 2819 his
1651 2765 1876 2821 similia.
1915 2765 2086 2821 Paulo

499 2869 622 2928 post
678 2866 892 2921 tamen,
944 2856 1131 2910 dicere
1185 2870 1454 2925 pergens,
1511 2854 1637 2907 ait:
1692 2872 1711 2906 ε
1754 2852 2085 2910 Benedictus

498 2949 788 3014 Dominus,
830 2948 923 3018 qui
975 2946 1290 3000 mirificavit
1336 2944 1776 3000 miscricordiam
1817 2963 1973 3000 suam
2028 2949 2082 3002 in

496 3039 720 3094 civitate
774 3038 1005 3091 munita.
1046 3056 1064 3089 ι
1105 3037 1170 3091 Et
1228 3053 1352 3090 mox
1407 3037 1534 3092 item
1587 3038 1691 3092 alia
1743 3038 2082 3110 hujusmodi.

496 3129 667 3186 Multa
723 3129 809 3185 bis
863 3129 1015 3198 paria
1065 3129 1120 3182 in
1167 3128 1400 3183 Psalmis
1448 3131 1762 3199 e‘omperire
1803 3139 1908 3196 est,
1959 3148 2083 3202 qua:

496 3221 777 3295 prophetae
811 3220 1126 3274 necessario
1173 3219 1356 3274 studio
1404 3217 1708 3286 faciebant,
1755 3237 1865 3277 non
1901 3223 2077 3278 modi-

494 3328 616 3368 cam
661 3310 1011 3365 audientibus
1058 3321 1308 3365 creantes
1355 3311 1643 3366 utilitatem
1690 3328 1704 3366 :
1745 3328 1985 3386 namque
2024 3323 2083 3370 ut

492 3404 826 3460 calamitatis
852 3401 1208 3472 praedictione
1229 3403 1570 3470 territarent,
1596 3405 1872 3463 bonorum
1897 3417 2080 3464 autem

494 3493 915 3551 denuntiatione
947 3495 1001 3548 in
1033 3509 1187 3567 spem
1217 3495 1514 3566 erigerent.

563 3757 733 3815 Vens.
775 3758 861 3812 15.
889 3757 1116 3825 --Quid
1150 3774 1279 3830 ergo
1320 3759 1428 3813 ait?
1465 3777 1484 3811 ι
1518 3759 1584 3814 Ει
1629 3760 1823 3831 loquar
1870 3759 1936 3815 ad
1987 3776 2084 3816 cor

491 3849 635 3920 ejus.
670 3869 690 3902 ›
740 3849 989 3917 Solabor,
1016 3851 1213 3921 inquit,
1252 3851 1399 3905 illam
1430 3868 1552 3922 quae
1591 3852 2083 3909 inconsolabilibus

493 3939 845 3994 conﬂictatur
879 3941 1060 3995 malis.
1108 3957 1128 3992 ι
1167 3939 1233 3994 Et
1266 3941 1409 3996 dabo
1437 3943 1486 3997 ei
1527 3944 1914 4014 possessiones
1951 3959 2082 4000 suas

493 4029 718 4087 ibidem.
758 4050 776 4084 ι
837 4030 1145 4087 Restituam
1200 4033 1350 4087 illam
1397 4034 1453 4088 in
1505 4036 1751 4104 priorum
1807 4038 2080 4090 bonorum

494 4137 681 4189 usum,
717 4123 1030 4192 captivitate
1064 4123 1327 4180 liberans.
1379 4144 1397 4178 ι
1450 4125 1517 4181 Et
1555 4128 1752 4182 vallem
1797 4129 1982 4183 Acltor
2012 4129 2081 4184 ad

492 4214 844 4285 aperiendam
883 4214 1296 4285 intelligentiam
1324 4216 1518 4288 ipsius.
1562 4237 1582 4270 ›
1621 4216 1698 4274 Ita
1729 4227 1788 4272 ut
1815 4235 2080 4290 quaecun-

491 4320 600 4377 que
629 4305 725 4361 illo
763 4308 818 4362 in
869 4308 994 4363 loco
1029 4311 1277 4380 perpessi
1328 4312 1568 4379 fuerunt,
1616 4331 1679 4370 ea
1708 4315 1970 4387 deinceps
2009 4317 2079 4372 ad

488 4397 890 4455 restitutionem
936 4400 990 4455 in
1041 4401 1323 4458 meliorem
1357 4413 1561 4460 statum
1597 4415 1652 4462 et
1685 4408 1934 4478 priorum
1966 4409 2081 4464 cla-

487 4490 638 4545 dium
687 4492 1121 4549 sublevationem
1165 4503 1470 4552 vertantur.
1522 4495 1772 4554 Sentient
1801 4501 1971 4566 enim,
2015 4507 2078 4554 ut

487 4594 587 4650 par
619 4591 724 4646 cst,
746 4597 811 4637 ex
842 4583 946 4638 hac
988 4585 1042 4638 in
1089 4586 1286 4640 melius
1311 4591 1691 4657 conversione,
1724 4592 1870 4662 quod
1901 4599 1956 4647 et
1985 4591 2078 4647 illa
2118 4590 2124 4595 ’

488 4672 667 4728 tristia
718 4690 829 4728 non
879 4677 1094 4730 incuria
1140 4691 1262 4732 mea
1300 4680 1509 4748 experti
1556 4680 1782 4747 fuerint,
1807 4684 1902 4738 sed
1944 4683 2076 4755 quia

487 4763 735 4818 cadendo
763 4769 1008 4834 oportuit
1035 4767 1158 4823 illos
1180 4779 1530 4838 peccatorum
1562 4771 1668 4845 14,
1696 4789 1924 4830 suorum
1951 4792 2074 4832 sen-

488 4871 607 4910 sum
639 4858 941 4927 percipere.
968 4855 1104 4912 Nam
1138 4877 1155 4911 ι
1186 4861 1378 4916 vallem
1406 4863 1608 4928 Achor,
1647 4885 1664 4916 ι
1691 4867 1867 4922 locum
1893 4869 2078 4924 dicere

485 4950 724 5014 videtur,
753 4950 805 5003 iu
846 4966 957 5022 quo
995 4954 1300 5021 praesertim
1328 4957 1713 5024 gravissimam
1744 4970 2075 5032 acceperant

381 5116 384 5119 _
485 5039 613 5098 belli
645 5044 898 5099 cladem:
945 5060 1013 5100 ex
1053 5061 1161 5115 qua
1206 5055 1501 5104 consecuta
1559 5049 1734 5106 fuerat
1779 5053 2073 5123 captivitas

483 5150 606 5187 eum
637 5136 858 5206 propria
918 5137 1189 5192 malorum
1241 5143 1484 5210 sequela.
1526 5143 1706 5215 Atque
1739 5163 1806 5202 ex
1837 5146 1942 5202 hac
1969 5146 2074 5202 loci

483 5233 662 5296 parte,
697 5235 864 5282 totam
897 5227 1113 5284 videtur
1152 5229 1395 5300 ipsorum
1429 5233 1726 5305 designare
1750 5239 2029 5308 regionem
2059 5254 2074 5292 :

485 5318 538 5371 in
571 5334 679 5388 qua
712 5328 1006 5390 postquam
1038 5321 1328 5379 innumera
1370 5327 1439 5381 ab
1473 5328 1727 5388 hostibus
1771 5331 1917 5385 mala
1949 5347 2078 5402 per-

483 5410 632 5482 pessi
684 5409 921 5476 fuerant,
973 5414 1028 5469 in
1076 5417 1448 5488 captivitatem
1506 5423 1743 5494 denique
1775 5425 1845 5480 ab
1874 5424 2073 5483 iisdem

482 5501 704 5557 abducti
732 5501 971 5561 fuerunt.
1017 5526 1036 5560 ι
1068 5507 1132 5563 Et
1169 5510 1554 5569 butniliabitur
1607 5516 1722 5572 illic
1757 5517 1922 5586 juxta
1957 5519 2077 5576 dies

482 5591 728 5650 infantia:
775 5611 908 5664 suae,
941 5607 995 5654 et
1021 5599 1177 5672 juxta
1223 5603 1341 5662 dies
1395 5608 1742 5667 ascensionis
1787 5611 1963 5684 ipsius
2007 5613 2077 5671 de

484 5692 625 5742 terra
654 5687 896 5762 Egypti.
929 5711 948 5745 ι
975 5692 1246 5762 Quoniam
1271 5700 1542 5773 superbiae
1569 5703 1793 5762 nomine
1814 5705 2071 5781 indigitat

562 5848 603 5882 '°
626 5855 776 5914 Psal.
805 5874 933 5927 xxx,
971 5860 1052 5916 l0.

2189 1940 2330 1995 κατά
2361 1941 2459 2004 τάς
2485 1941 2658 2005 όδοὺς,
2692 1940 2759 2004 ἀς
2807 1941 3073 2012 πρότερον
3097 1942 3203 1996 ὀὐκ
3254 1941 3448 2008 εἰδυῖα,
3480 1941 3574 1995 νῦν
3601 1941 3793 1998 ἀνύειν

2189 2029 2297 2084 ὑπὸ
2341 2029 2441 2100 τῆς
2486 2032 2772 2100 συμφορᾶς
2815 2029 3188 2100 ἠναγκάζετο·
3228 2025 3348 2084 εἶτα
3386 2031 3791 2101 καταμίγνυσιν

2187 2124 2254 2192 τῇ
2289 2121 2562 2192 ἀποφάσει
2605 2121 2705 2192 τῆς
2737 2122 3006 2194 τιμωρίας
3044 2121 3140 2175 καὶ
3170 2121 3270 2193 τὴν
3311 2121 3404 2174 ἐπὶ
3441 2120 3504 2174 τὸ
3536 2125 3792 2193 κρεῖττον

2191 2213 2519 2285 μεταδολὴνν
2550 2212 2735 2277 καθὼς
2780 2212 2899 2276 ἔθος
2946 2215 3058 2277 τοῖς
3100 2214 3408 2284 προφήταις
3460 2215 3657 2278 ποιεῖν,
3695 2231 3791 2285 pt-

2192 2305 2483 2376 μουμένοις
2511 2306 2603 2360 καὶ
2634 2306 2778 2359 κατὰ
2805 2305 3066 2362 τοῦτοτὸν
3087 2307 3356 2377 μακάριον
3391 2305 3553 2359 Δαυῒδ
3570 2337 3586 2360 .
3635 2307 3695 2372 ὃς
3725 2309 3792 2361 ἐν

2187 2395 2440 2466 Ψαλμοῖς
2470 2395 2605 2467 όμοῦ
2638 2413 2699 2448 τε
2733 2395 2990 2459 πολλάκις
3022 2395 3122 2459 τάς
3159 2396 3445 2466 συμφορὰς
3476 2396 3651 2466 ἔλεγε,
3689 2400 3791 2451 καὶ

2187 2489 2285 2558 τὴν
2325 2487 2479 2540 λύσιν
2529 2489 2872 2558 ὑπισχνεῖτο·
2909 2487 2986 2550 ὡς
3028 2488 3154 2541 ὅταν
3198 2489 3291 2540 ἐπὶ
3331 2486 3425 2540 τοῦ
3457 2487 3788 2559 τριακοστοῦ

2186 2578 2323 2652 λέγῃ
2345 2578 2594 2650 ψαλμοῦ·
2630 2597 2651 2629 ι
2696 2579 2950 2650 Ἐλέησόν
2999 2596 3090 2650 με,
3145 2579 3337 2650 Κύριε,
3369 2581 3452 2633 ὅτι
3493 2579 3785 2651 θλίϐομαιο

2187 2669 2568 2741 ἐταράχθησαν
2603 2672 2658 2723 ἐν
2689 2670 2843 2742 θυμῷ
2887 2671 2936 2723 οἰ
2979 2669 3245 2742 ὀφθαλμοί
3291 2674 3470 2744 μου,ή
3501 2672 3644 2744 ψυχή
3675 2690 3791 2746 μου

2187 2763 2283 2816 καὶ
2311 2764 2344 2833 ὴ
2377 2764 2592 2834 γαστήρ
2625 2780 2726 2834 μου
2747 2776 2761 2791 ·
2793 2764 2875 2817 ὅτι
2903 2761 3149 2828 ἐξέλιπεν
3179 2765 3237 2819 ἐν
3263 2765 3422 2838 ὀδύνῃ
3445 2767 3480 2835 ἡ
3514 2765 3624 2837 ζωή
3655 2783 3784 2838 μου,

2188 2852 2283 2906 καὶ
2319 2853 2388 2906 τά
2416 2852 2510 2924 ἔτη
2553 2871 2653 2924 μου
2684 2855 2742 2907 ἐν
2773 2857 3115 2926 στεναγμοῖς.
3149 2873 3167 2907 ι
3202 2855 3314 2910 Kal
3367 2856 3490 2909 καθ’
3542 2856 3671 2927 ἐξῆς
3715 2857 3790 2911 τὰ

2187 2945 2349 3017 ὅμοια
2374 2949 2614 3011 τούτοις·
2653 2943 2775 3001 εἶτα
2818 2947 3124 3020 προϐαίνων
3152 2947 3244 3002 τοῦ
3289 2947 3447 3018 λόγου
3473 2948 3615 3002 κατά
3644 2947 3788 3019 βρα-

2188 3036 2288 3107 χέα
2314 3036 2478 3108 φησίν
2497 3051 2511 3066 ο
2532 3056 2550 3087 t
2581 3036 2884 3107 Εὐλογητὸς
2913 3037 3136 3108 Κύριος,
3181 3038 3258 3094 ὅτι
3291 3038 3681 3107 ἐθαυμάστωσε
3719 3036 3792 3093 τὸ

2187 3128 2334 3192 ἐλεος
2367 3127 2532 3181 αὐτοῦ
2559 3129 2616 3182 ἐν
2652 3129 2804 3181 πόλει
2830 3131 3109 3201 περιοχῆς
3145 3149 3163 3182 ›
3199 3131 3292 3184 καί
3320 3130 3440 3184 καθ’
3473 3129 3598 3201 ἐξῆς
3622 3130 3679 3184 δέ
3714 3130 3790 3184 τά

2183 3221 2347 3292 ὃμοια
2389 3219 2630 3284 τούτοις·
2677 3219 2845 3273 πολλὰ
2891 3220 2948 3273 δέ
2993 3221 3217 3274 τοιαῦτα
3263 3222 3354 3275 ἐπὶ
3397 3223 3504 3276 τῶν
3533 3221 3789 3294 Ψαλμῶν

2183 3311 2331 3383 εὕροι
2369 3328 2450 3374 τις
2477 3312 2541 3366 ἀν
2562 3329 2574 3342 ο
2606 3310 2750 3382 ἀπερ
2783 3306 2876 3365 οὖν
2908 3313 3224 3381 ἀναγκαίως
3262 3313 3544 3384 ἐζήλωσαν
3566 3314 3618 3366 οἱ
3647 3331 3786 3386 προ-

2183 3408 2370 3478 φῆται,
2401 3407 2478 3478 (p.
2511 3406 2604 3476 20)
2635 3407 2833 3478 πολλὴν
2863 3411 2973 3472 τοῖς
3005 3408 3261 3462 ἀκούουσι
3290 3409 3652 3480 παρεχόμενοι
3679 3409 3786 3480 τὴν

2181 3499 2401 3571 χρείαν’
2438 3499 2514 3562 ὡς
2547 3499 2614 3554 ἂν
2640 3499 2728 3554 διὰ
2761 3501 2859 3572 μὲν
2893 3501 3002 3556 τῶν
3044 3504 3142 3574 τῆς
3193 3505 3478 3574 συμφορᾶς
3518 3504 3787 3574 ῥημάτων

2183 3590 2426 3660 φοϐοῖενο
2459 3591 2548 3645 διὰ
2572 3591 2629 3645 δέ
2653 3591 2754 3663 τῆς
2782 3591 2891 3647 τῶν
2920 3595 3142 3664 ἀγαθῶν
3175 3595 3531 3665 ἐπαγγελίας,
3561 3593 3785 3648 εὐέλπι-

2179 3683 2276 3749 δας
2309 3687 2532 3740 ποιοῖεν.

2251 3776 2404 3848 Στίχ.
2439 3783 2519 3831 ιε’.
2554 3809 2624 3820 --
2660 3777 2726 3832 Τί
2781 3773 2876 3832 οὖν
2907 3794 3074 3849 φησι;
3105 3797 3123 3830 ι
3147 3777 3258 3832 Καὶ
3289 3778 3505 3850 λαλήσω
3546 3780 3640 3833 ἐπὶ
3677 3780 3783 3851 τὴν

2181 3868 2410 3941 καρδίαν
2448 3870 2643 3941 αὐτῆς.
2685 3889 2705 3922 ι
2733 3869 3112 3942 Παρακαλέσω
3133 3909 3149 3934 ,
3207 3869 3397 3942 φησὶν,
3431 3869 3602 3942 αὐτὴν
3636 3875 3784 3942 μετά

2177 3961 2358 4030 τούτο,
2381 3961 2838 4033 ἀπαραμυθήτοις
2858 3961 3196 4017 παλαίουσαν
3231 3964 3344 4025 τοῖς
3374 3964 3585 4026 κακοῖς.
3620 3981 3640 4016 ι
3664 3964 3782 4018 Καὶ

2179 4051 2336 4107 δώσω
2367 4054 2504 4125 αὐτῇ
2542 4054 2612 4108 τά
2637 4055 2896 4126 κτήματα
2938 4053 3108 4126 αὐτῆς
3137 4051 3368 4109 ἐκέῖθεν.
3411 4073 3430 4106 ι
3466 4055 3779 4109 ’Δποκατα-

2182 4146 2362 4218 στήσω
2388 4145 2551 4200 πάλιν
2573 4146 2744 4218 αὐτὴν
2767 4147 2860 4200 ἐπὶ
2879 4148 2978 4219 τὴν
3003 4146 3111 4201 τῶν
3140 4145 3422 4218 προτέρων
3447 4148 3780 4216 ἀπόλαυσιν,

2180 4237 2280 4309 τῆς
2296 4238 2670 4309 αἰχμαλωσίας
2691 4240 2996 4304 ἐκσπάσας.
3025 4259 3042 4291 ι
3069 4241 3179 4294 Καὶ
3209 4241 3307 4312 τὴν
3336 4241 3557 4296 κοιλάδα
3573 4243 3780 4319 Ἀχὼρ,

2177 4329 2440 4394 διανοῖξαι
2471 4328 2692 4383 σύνεσιν
2732 4331 2919 4402 αὐτῆς.
2954 4349 2976 4383 ι
3038 4330 3198 4384 Ὥστε
3246 4332 3420 4387 ὁπόσα
3465 4335 3584 4387 κατ’
3631 4335 3782 4389 ἐκεῖεο

2185 4438 2276 4477 νον
2302 4421 2608 4476 πεπόνθασι
2655 4421 2746 4476 τὸν
2779 4421 2966 4487 τόπον,
3010 4423 3332 4476 συντελέσαι
3361 4424 3548 4478 λοιπὸν
3588 4426 3782 4491 αὐτοῖς

2183 4515 2262 4578 εἰς
2297 4513 2579 4585 βελτίωσιν
2603 4515 2699 4568 καὶ
2716 4514 3002 4586 διόρθωσιν
3035 4514 3144 4570 τῶν
3175 4515 3587 4586 προειληφότων
3617 4535 3784 4573 πται-

2183 4606 2438 4676 σμάτωνο
2473 4605 2829 4676 αἰσθήσονται
2883 4607 3012 4678 γὰρ,
3040 4607 3117 4671 ὡς
3165 4607 3335 4672 εἰκὸς,
3363 4611 3427 4662 ἐκ
3465 4609 3564 4680 τῆς
3595 4610 3689 4663 ἐπὶ
3713 4610 3788 4665 τὸ

2180 4699 2426 4768 κρεῖττον
2450 4697 2776 4768 μεταϐολῆς,
2813 4698 2893 4751 ὃτι
2919 4699 3014 4752 καί
3035 4699 3142 4753 τῶν
3182 4700 3443 4772 λυπηρῶν
3481 4701 3582 4754 οὐκ
3619 4702 3778 4756 ἐπει-

2181 4787 2424 4859 ράθησαν
2458 4788 2526 4841 δι’
2569 4787 2832 4859 ἀμέλειαν
2871 4789 3030 4862 ἐμὴν,
3073 4791 3188 4844 ἀλλ’
3212 4791 3399 4862 ἐπειδὴ
3435 4793 3784 4858 πταίσαντας

2177 4878 2429 4951 αἴσθησιν
2451 4879 2621 4951 ἐχρῆν
2637 4879 2746 4934 τῶν
2760 4882 2796 4935 ἀ
2803 4899 2983 4954 μαρτη
2992 4883 3178 4954 μάτων
3194 4883 3380 4938 λαϐεῖν
3400 4884 3510 4937 τῶν
3527 4884 3776 4938 οἰκείωνο

2177 4970 2238 5024 τὸ
2261 4969 2369 5044 γὰρ
2401 4989 2420 5024 ι
2445 4971 2666 5026 κοιλάδα
2699 4971 2898 5046 Ἀχὼρ,
2933 4993 2952 5027 ι
2981 4975 3145 5029 τόπον
3177 4973 3319 5030 ἔοικε
3350 4977 3529 5046 λέγειν
3552 4978 3609 5030 ἐν
3706 4977 3777 5047 δὴ

2181 5063 2418 5136 μάλιστα
2435 5064 2535 5137 τὴν
2555 5065 2869 5139 βαρυτάτην
2887 5067 3136 5134 ἐδέξαντο
3156 5068 3252 5122 τοῦ
3275 5069 3515 5142 πολέμου
3536 5073 3772 5142 τροπήν·

2176 5154 2252 5220 ὡς
2277 5156 2642 5231 ἀκολουθῆσαι
2667 5161 2768 5233 τήν
2792 5177 2851 5214 τε
2879 5161 3262 5232 αἰχμαλωσίαν
3283 5202 3298 5227 ,
3343 5163 3437 5218 καὶ
3463 5163 3531 5217 τὰ
3558 5163 3782 5217 ἐκεῖθεν

2177 5249 2326 5303 κακὰ
2375 5249 2563 5306 λοιπόν
2587 5269 2600 5284 ·
2631 5252 2708 5318 ὡς
2761 5254 2930 5321 εἰκὸς,
2979 5258 3044 5309 ἐκ
3077 5253 3280 5328 μέρους
3319 5255 3460 5310 κατὰ
3488 5255 3548 5310 τὸ
3580 5255 3777 5320 εἰωθὸς

2178 5341 2359 5396 πᾶσαν
2386 5343 2566 5400 αὐτῶν
2583 5345 2761 5400 καλῶν
2792 5346 2891 5419 τὴν
2921 5348 2998 5418 (p.
3027 5348 3121 5413 21)
3149 5349 3334 5420 χώραν
3351 5365 3365 5379 ·
3406 5344 3514 5423 ἐνῇ
3539 5347 3774 5403 πλεῖστα

2175 5435 2276 5490 ὅσα
2293 5435 2443 5508 παρά
2458 5437 2565 5491 τῶν
2580 5437 2856 5510 πολεμίων
2874 5441 3358 5514 ύπομεμενηκότες
3377 5442 3542 5508 κακά,
3557 5441 3650 5496 ἐπὶ
3670 5442 3779 5513 τὴν

2175 5525 2551 5597 αἰχμαλωσίαν
2568 5529 2895 5601 ἀπήχθησαν
2919 5531 3024 5584 ὑπὸ
3053 5531 3162 5585 τῶν
3184 5532 3515 5603 πολεμίων.‹
3542 5533 3655 5588 Καὶ
3683 5550 3777 5588 ταο

2175 5617 2569 5691 πεινωθήσεται
2589 5619 2707 5674 ἐκεῖ
2729 5619 2869 5674 κατὰ
2889 5620 2986 5686 τὰς
3003 5623 3036 5693 ἡ
3043 5622 3109 5691 μέ
3116 5639 3216 5694 ρας
3232 5623 3558 5696 νηπιότητος
3573 5623 3776 5694 αὐτῆς,

2175 5709 2422 5768 καὶκατά
2446 5710 2548 5792 τὰς
2577 5711 2795 5785 ἡμέρας
2827 5713 3146 5780 ἀναϐάσεως
3169 5716 3344 5788 αὐτῆς
3377 5719 3441 5771 ἐκ
3474 5715 3576 5787 γῆς
3599 5714 3772 5786 Λιγύ-
