4104 6464
292 352 405 423 ιιι

1388 346 1940 421 COMMENTARIUS
1981 345 2047 414 IN
2090 346 2293 417 ossa:
2333 352 2484 417 CAP.
2528 350 2592 416 li.

3512 358 3617 421 Ni

291 497 501 537 που.»
534 476 755 551 Ἐπειδὴ
781 477 893 550 γάρ
922 479 1305 552 ὑπερηφανίαν
1335 480 1484 550 λέγει
1516 478 1578 534 τὸ
1606 477 1912 551 ἀποστῆναί

2018 477 2354 548 apostasiam
2408 476 2827 548 neglectumque
2880 475 3000 542 Dei,
3046 475 3485 536 humiliationem
3533 485 3611 539 vis

288 589 359 628 τε
387 571 489 627 καὶ
511 570 789 643 ἀμελῆσαι
814 570 913 625 τοῦ
935 570 1122 639 Θείου,
1151 571 1483 626 ταπείνωσιν
1495 572 1643 641 λέγει
1671 570 1771 644 τήν
1805 570 1921 625 ἐπί-

290 688 513 742 γνωσιν
539 669 636 724 τοῦ
658 670 1039 741 προσήκοντος
1058 686 1072 701 ·
1109 670 1283 724 καὶτὸ
1314 670 1389 733 ὡς
1419 667 1690 738 δεσπότην
1723 683 1784 719 τε
1824 665 1919 719 καὶ

291 765 503 839 κριτὴν
515 765 610 819 καὶ
626 765 836 837 Κύριον
846 763 956 819 τῶν
974 764 1228 819 ἁπάντων
1243 760 1525 835 φοϐεῖσθαι
1540 761 1763 825 δικαίως
1773 777 1784 790 ·
1802 777 1919 813 τοι-

290 855 480 910 ούτων
497 851 613 922 οὖν,
631 855 824 926 φησὶν,
839 856 899 909 ἐν
921 854 1000 927 τῷ
1023 854 1201 928 καιρῷ
1220 853 1586 924 τεύξεταιτῆς
1610 853 1916 924 συμφορᾶς,

292 947 424 1001 καθ’
452 948 754 1019 ὁμοιότητα
777 946 890 1000 τῶν
922 947 1066 1002 κατά
1087 946 1186 1017 τὴν
1210 944 1485 1015 Αἴγυπτον
1512 944 1838 1014 γεγονότων,
1866 942 1916 997 οἳ

290 1044 362 1113 τῇ
391 1039 506 1093 τῶν
536 1038 779 1093 πλίνθων
800 1039 1038 1112 ἐργασίᾳ
1054 1039 1492 1112 συντριϐόμεναι,
1510 1038 1833 1108 ἐπέγνωσάν
1854 1055 1915 1092 τε

290 1128 426 1182 ὅθεν
455 1128 705 1200 προσῆκε
726 1129 828 1200 τήν
857 1127 1067 1183 τούτων
1107 1128 1365 1201 εὑρέσθαι
1401 1128 1556 1182 λύσιν
1578 1144 1592 1159 ο
1627 1129 1724 1182 καὶ
1748 1128 1914 1198 ἐϐόηέ

200 1274 223 1299 ι
292 1242 406 1279 σαν
446 1224 697 1289 ἅπαντες
747 1224 889 1295 πρὸς
945 1224 1114 1278 Θεόν·
1164 1224 1305 1279 ὥστε
1350 1212 1513 1279 αὐτὸν
1550 1224 1916 1278 ἐπινεύσαντα

287 1320 422 1381 ταῖς
466 1317 581 1371 τῶν
628 1314 881 1388 βοώντων
918 1317 1171 1389 αίτήσεσι
1204 1317 1345 1388 μετὰ
1385 1318 1624 1389 μεγάλου
1655 1316 1749 1372 τοῦ
1780 1316 1914 1372 θαύ-

290 1424 477 1477 ματος
520 1408 832 1477 παρασχεῖν
861 1407 1047 1471 αὐτοῖς
1078 1407 1178 1478 τὴν
1207 1408 1416 1463 οἰκείαν
1450 1408 1724 1479 βοήθειαν.
1771 1408 1911 1463 Καθ’

285 1500 605 1573 ὁμοιότητα
628 1500 717 1573 δὴ,
752 1502 943 1572 φησὶν,
968 1501 1196 1557 ἐκείνων
1222 1501 1380 1557 ἐσται
1410 1503 1590 1558 καὶτὰ
1618 1502 1714 1557 νῦν
1734 1520 1746 1532 ’
1769 1503 1913 1557 οὕτω

286 1593 805 1664 σοκρρονιζομένων
826 1610 887 1647 τε
916 1593 1022 1648 ὑπὸ
1061 1595 1163 1666 τῆς
1197 1597 1506 1668 συμφορᾶς,
1532 1597 1626 1650 καὶ
1650 1597 1910 1665 ἐπιγινωο

288 1684 549 1739 σιιόντων
582 1682 678 1739 τὸν
708 1682 891 1738 αἴτιον
920 1683 1032 1738 τῶν
1066 1685 1319 1755 ἀγαθῶνο
1361 1686 1457 1741 καὶ
1488 1687 1783 1742 αἰτούντων
1807 1687 1909 1758 μὲν

283 1775 395 1849 τὴν
427 1776 690 1849 βοήθειαν
738 1778 976 1844 ἐκεῖθεν,
1015 1779 1157 1852 μετά
1189 1779 1390 1851 πολλῆς
1418 1779 1476 1834 δὲ
1515 1781 1618 1853 τῆς
1657 1781 1912 1846 εὐκολίας

283 1868 687 1940 τυγχανόντων
727 1870 927 1941 αὐτῆς.

361 1960 524 2033 Στίχ.
560 1968 739 2027 ις’-κ’.
775 1993 848 2003 -
888 1980 907 2016 ι
948 1958 1061 2018 Καὶ
1089 1964 1243 2019 ἐσται
1294 1968 1351 2020 ἐν
1394 1969 1461 2039 τῇ
1492 1968 1677 2041 ἡμέρα
1702 1970 1909 2044 ἐκείνῃ,

286 2052 448 2123 λέγει
483 2053 717 2125 Κύριος,
749 2054 971 2109 καλεσει
1002 2074 1069 2128 με
1097 2055 1127 2108 ό
1160 2059 1301 2132 ἀνήρ
1328 2077 1455 2131 μου,
1483 2063 1576 2115 καὶ
1594 2063 1657 2115 οὐ
1692 2062 1913 2117 καλέσει

289 2164 363 2218 με
388 2146 478 2201 ἔτι
514 2147 737 2219 Βααλίμ
760 2165 773 2179 ·
817 2148 911 2202 καὶ
938 2149 1124 2221 ἐξαρῶ
1149 2152 1221 2205 τὰ
1271 2153 1512 2225 ὀνόματα
1551 2154 1662 2209 τῶν
1697 2154 1913 2226 Βααλὶμ

287 2243 357 2295 ἐκ
430 2241 533 2295 τοῦ
584 2241 856 2313 στόματος
914 2243 1123 2314 αύτῆςο
1185 2244 1283 2299 καὶ
1330 2247 1392 2300 ού
1458 2246 1534 2318 μὴ
1598 2248 1913 2320 μνησθῶσιν

286 2336 370 2406 (p.
424 2333 523 2397 κε)
578 2333 769 2388 οὐκέτι
823 2331 935 2386 τῶν
984 2333 1268 2406 ὀνομάτων
1312 2337 1518 2395 αὐτῶν.
1572 2356 1592 2390 ι
1643 2340 1778 2393 Τότε
1821 2341 1910 2414 δὴ,

287 2430 489 2499 φησὶν,
545 2426 948 2499 ἐπιγνώσονται
1008 2429 1288 2501 κηδεμόνα
1328 2432 1552 2497 οἰκεῖον,
1616 2434 1711 2487 καὶ
1770 2434 1911 2488 πάν-

284 2538 402 2576 των
437 2522 791 2589 ἀποστάντες
818 2526 930 2580 τῶν
953 2525 1183 2591 λοιπῶν,
1210 2528 1277 2596 τῇ
1294 2524 1560 2598 θεραπείᾳ
1584 2526 1912 2598 προσέξουσι

284 2618 355 2687 τῇ
390 2617 531 2687 ἐμῇ,
578 2617 766 2687 πάσης
802 2618 906 2689 τῆς
944 2618 1055 2672 τῶν
1086 2616 1324 2671 εἰδώλων
1354 2618 1721 2690 ἀφιστάμενοι
1746 2619 1914 2691 θερα-

287 2708 459 2771 πείας
484 2724 498 2737 ·
534 2707 614 2771 ὡς
666 2708 940 2778 μηδεμίαν
1004 2709 1230 2781 μνήμην
1269 2709 1468 2773 αὐτοὺς
1508 2708 1657 2781 ἔχειν
1687 2710 1913 2763 ἐκείνων

288 2802 393 2868 ἔτι,
425 2800 569 2872 μηδέ
590 2818 721 2855 τινα
752 2801 912 2871 λόγον
936 2802 1119 2857 αὐτῶν
1154 2802 1427 2855 ποιεῖσθαι
1457 2802 1551 2856 τοῦ
1585 2801 1775 2856 λοιποῦ
1807 2821 1820 2833 ·
1852 2803 1914 2857 τὸ

288 2897 368 2964 δὲ,
401 2917 421 2949 ‹
464 2899 545 2951 Ού
577 2896 801 2951 καλεσει
845 2913 914 2968 με
960 2896 1040 2951 ἔτι
1068 2895 1305 2967 Βααλὶμ,
1346 2914 1364 2947 ι
1398 2896 1586 2967 ἐπειδὴ
1616 2895 1747 2961 Θεὸς
1785 2892 1855 2969 ἦν
1884 2896 1914 2949 ό

288 2991 470 3047 ταῦτα
504 2990 709 3060 λέγων,
744 2989 972 3055 υύκέτι,
999 2989 1155 3059 φησὶ,
1186 2988 1289 3060 τήν
1320 2987 1623 3060 ὀνομασίαν
1650 2989 1751 3060 τὴν
1772 2988 1913 3062 ἐμήν

290 3084 626 3155 ἐπιθήσουσι
660 3085 776 3147 τοῖς
808 3081 1028 3153 Βααλίμ
1050 3099 1064 3113 ο
1098 3082 1196 3136 ἀτε
1229 3081 1333 3151 τῆς
1365 3081 1466 3153 μὲν
1498 3081 1717 3153 ἀπάτης
1736 3096 1912 3152 κεχω-

294 3179 549 3250 ρισμένοι
590 3176 691 3245 τῆς
744 3174 992 3238 ἐκείνων,
1035 3174 1173 3247 πρὸς
1202 3174 1305 3245 ἐμὲ
1347 3172 1404 3226 δὲ
1439 3164 1574 3245 ὀρᾷν
1606 3174 1914 3243 ἐγνωκότες
1942 3197 1984 3254 C

290 3269 384 3322 τοῦ
416 3264 616 3321 λοιποῦ
640 3266 733 3319 τὸν
773 3265 945 3328 ὄντως
990 3264 1146 3319 Θεόν.
1178 3282 1197 3315 ι
1228 3264 1339 3318 Καὶ¹
1366 3263 1699 3336 διαθήσομαι
1728 3265 1913 3330 αὐτοῖς

289 3365 568 3436 διαθήκην
607 3365 667 3417 ἐν
727 3363 795 3433 τῇ
862 3360 1050 3433 ἡμέρᾳ
1100 3359 1287 3432 ἐκείνῃ
1342 3360 1481 3431 μετά
1534 3359 1645 3413 τῶν
1705 3358 1912 3432 θηρίων

288 3456 385 3511 τοῦ
439 3456 646 3528 ἀγροῦ,
701 3457 795 3510 καὶ
839 3454 979 3525 μετά
1012 3454 1123 3507 τῶν
1168 3453 1436 3507 πετεινῶν
1488 3453 1583 3507 τοῦ
1632 3454 1909 3526 ούρανοῦ.

292 3552 387 3605 καὶ
440 3550 589 3621 μετά
644 3547 753 3601 τῶν
785 3545 1036 3617 ἑρπετῶν
1068 3546 1171 3616 τῆς
1211 3545 1338 3616 γῆς.
1378 3564 1397 3597 ι
1431 3545 1573 3609 Τοὺς
1620 3545 1909 3617 πρότερον,

293 3643 482 3714 φησιν,
515 3642 707 3704 αὐτοῖς
737 3637 1217 3702 ἐπιϐουλεύοντας,
1248 3636 1347 3690 καὶ
1378 3635 1655 3715 πολεμίως
1687 3637 1912 3708 ἔχοντας

293 3737 431 3811 πρὶς
468 3736 698 3799 αὐτοὺς,
731 3731 1141 3803 παρασκευάσω
1178 3729 1279 3802 τὴν
1308 3730 1447 3801 πρὸς
1470 3723 1670 3794 αὐτοὺς
1692 3730 1911 3786 ἑλέσθαι

294 3827 498 3897 φιλίαν.
526 3846 546 3877 ι
577 3826 692 3879 Καὶ
737 3822 895 3889 τόξον
945 3823 1039 3877 καὶ
1083 3820 1361 3893 ῥομφαίαν
1398 3820 1493 3874 καὶ
1521 3819 1758 3885 πόλεμον
1786 3839 1910 3876 συν-

291 3918 473 3992 τρίψω
512 3917 627 3972 ἀπὸ
662 3916 764 3987 τῆς
802 3916 930 3986 γῆς·
963 3934 981 3968 ›
1019 3916 1201 3986 πάσης
1244 3913 1444 3977 αὐτοὺς
1494 3912 1731 3984 πολέμου
1792 3914 1911 3968 πεί-

294 4034 395 4088 ρας
447 4014 613 4077 ἐκτὸς
657 4012 1014 4083 καταστήσω.
1063 4029 1081 4063 ι
1122 4009 1235 4063 Καὶ
1273 4007 1519 4063 κατοικῶ
1576 4009 1775 4073 αὐτοὺς
1821 4007 1910 4062 ἐπ’

294 4108 502 4163 ἐλπίδι·
570 4126 591 4160 ι
643 4104 1059 4177 παρασκευάσω
1114 4102 1171 4157 δέ
1215 4101 1281 4155 ἐκ
1310 4100 1420 4154 τῶν
1461 4100 1911 4173 προσγινομένων

292 4202 477 4264 αὐτοῖς
532 4198 782 4268 ἀγαθῶν,
835 4196 933 4250 καὶ
981 4194 1112 4267 περὶ
1161 4193 1272 4246 τῶν
1305 4193 1446 4264 μετά
1476 4192 1649 4248 ταῦτα
1676 4194 1912 4267 χρηστό-

290 4308 425 4367 τερα
464 4292 737 4357 ἐλπίζειν.
784 4308 803 4343 ι
850 4288 961 4343 Καὶ
998 4286 1413 4360 μνηστεύσομαί
1458 4303 1519 4341 σε
1566 4287 1790 4359 ἐμαυτῷ
1829 4288 1910 4352 είς

291 4390 381 4443 τὸν
432 4388 646 4442 αἰῶναο
685 4382 782 4439 καὶ
827 4376 1240 4456 μνηστεύσομαι
1297 4379 1522 4453 ἐμαυτῷ
1578 4381 1636 4433 ἐν
1704 4380 1911 4435 δικαιο-

294 4481 429 4553 σύνῃ
475 4480 578 4533 καὶ
635 4481 694 4532 ἐν
754 4478 987 4548 κρίμασι
1031 4477 1127 4531 καὶ
1175 4477 1233 4530 ἐν
1288 4474 1425 4548 ἐλέῳ
1461 4476 1556 4531 καὶ
1593 4477 1653 4529 ἐν
1702 4478 1910 4548 οίκτιρ-

293 4548 435 4647 μοῖςξ
479 4593 499 4627 ι
546 4573 641 4626 Ἐν
685 4574 753 4643 τῇ
801 4570 1099 4642 οἰκειότητι
1160 4586 1219 4623 σε
1278 4568 1441 4624 πάλιν
1494 4568 1787 4635 κατατάξω
1834 4570 1902 4640 τῇ
1941 4548 1984 4605 D

288 4668 395 4739 ἐμῇ
422 4685 437 4697 ’
469 4664 701 4737 παρέξω
726 4664 785 4718 δέ
809 4681 914 4727 σοι,
947 4662 1105 4734 φησὶ,
1142 4662 1220 4733 (p.
1245 4661 1336 4734 2'5)
1366 4662 1463 4734 τὴν
1499 4662 1775 4715 οἱκείωσιν
1802 4661 1905 4735 τὴν

287 4762 454 4833 ἐμὴν,
474 4750 877 4830 ὲπιμελόμενός
898 4774 957 4810 τε
990 4755 1084 4810 τοῦ
1115 4755 1354 4820 δικαίου,
1384 4756 1480 4809 καὶ
1510 4754 1758 4820 κολάζων
1780 4754 1909 4820 τοὺς

285 4851 632 4923 ἠδικηκότας
681 4867 742 4903 σε
797 4848 944 4903 κατά
1000 4840 1091 4902 τὸν
1139 4849 1240 4921 τῆς
1267 4846 1654 4921 αἰχμαλωσίας
1692 4848 1906 4920 καιρὸν,

284 4946 497 5017 κρίνων
530 4961 592 4996 τε
625 4942 799 4997 ἅπασι
824 4941 964 5012 μετά
990 4940 1086 4994 τοῦ
1104 4938 1316 4996 δικαίου
1340 4959 1352 4971 ·
1384 4941 1479 4995 καὶ
1515 4943 1622 5014 μὴν
1652 4942 1747 4995 καὶ
1770 4939 1908 5011 ἐλέῳ

282 5040 350 5093 τὰ
386 5036 543 5093 κατά
570 5035 632 5090 σέ
661 5034 903 5092 διοικῶν.
940 5053 958 5087 ι
996 5035 1110 5088 Καὶ
1141 5034 1552 5108 μνηστεύσομαί
1587 5051 1647 5087 σε
1681 5032 1908 5106 ἐμαυτῷ

280 5137 340 5190 ἐν
364 5134 581 5196 πίστει,
626 5129 723 5184 καὶ
760 5122 1041 5201 ἐπιγνώσῃ
1074 5122 1166 5183 τὸν
1211 5127 1437 5201 Κύριον.
1475 5148 1492 5179 ι
1528 5127 1763 5198 Δέξομαι
1804 5126 1905 5198 τὴν

281 5232 542 5305 προσῆκε
575 5225 719 5299 Θεῷ,
750 5226 844 5280 καὶ
868 5224 1150 5298 Δεσπότην
1178 5223 1657 5293 ἐπιγινωσκόντων
1679 5223 1903 5277 οἰκεῖον.

350 5324 511 5394 Στίχ.
561 5316 674 5375 κα’.
708 5347 782 5359 —
814 5336 832 5370 ι
867 5317 981 5372 Καὶ
1025 5316 1182 5371 ἔσται
1225 5317 1283 5371 ἐν
1340 5318 1407 5388 τῇ
1469 5317 1654 5389 ἡμέρα
1694 5315 1903 5389 ἐκείνῃ,

279 5417 433 5488 λέγει
449 5413 687 5488 Κύριος,
716 5410 1094 5481 ἐπακούσομαι
1122 5408 1202 5482 τῷ
1238 5408 1476 5479 οὐρανῷ.
1505 5408 1600 5462 καὶ
1625 5408 1654 5460 ὁ
1672 5408 1904 5479 οὐρανὸς

279 5507 662 5564 ἐπακούσεται
685 5507 751 5577 τῇ
787 5506 881 5576 γῇ,
921 5502 1017 5556 καὶ
1060 5503 1094 5573 ἡ
1126 5501 1201 5574 γῆ
1246 5500 1621 5556 ἐπακούσεται
1656 5499 1735 5572 τῷ
1769 5501 1902 5571 σίτῳ

279 5604 379 5657 καὶ
401 5600 483 5673 τῷ
513 5600 648 5671 οἴνῳ
668 5599 767 5652 καὶ
792 5596 872 5667 τῷ
896 5595 1068 5667 ἐλαίῳ
1101 5613 1114 5625 ·
1134 5593 1230 5649 καὶ
1253 5586 1395 5647 αύτά
1426 5593 1794 5647 ἐπακούσεται
1819 5591 1899 5664 τῷ

290 5699 522 5774 Ἰσραήλ
544 5715 558 5729 ·
602 5700 700 5751 καὶ
725 5692 919 5768 σπερῶ
948 5694 1122 5765 αὐτὴν
1146 5690 1374 5764 ἐμαυτῷ
1412 5691 1508 5744 ἐπὶ
1539 5691 1640 5762 τῆς
1661 5691 1785 5762 γῆς,
1808 5689 1903 5744 καὶ

276 5793 494 5862 ἐλεήσω
520 5790 625 5862 τὴν
648 5789 750 5843 ούκ
771 5785 1093 5858 ήλεημὲνην
1112 5800 1125 5815 ·
1160 5784 1258 5839 καὶ
1282 5783 1393 5855 ἐρῶ
1427 5781 1505 5853 τῷ
1533 5782 1595 5837 ού
1625 5783 1743 5853 λαῷ
1775 5799 1901 5854 μου,

279 5886 428 5953 Λαός
455 5902 561 5958 μου
610 5879 660 5936 εἴ
700 5881 766 5936 σύ
789 5898 800 5910 ·
828 5881 925 5939 καὶ
956 5878 1120 5943 αὐτὸς
1147 5878 1286 5950 ἐρεῖ,
1328 5877 1535 5947 Κύριος
1565 5878 1593 5930 ὁ
1625 5876 1760 5939 Θεός
1801 5895 1903 5949 μου

280 5976 333 6033 δῖ
376 5997 465 6036 συ.
502 5976 688 6032 [Τότε
726 5975 793 6047 δὴ
826 5972 1032 6044 πολλὴν
1074 5972 1226 6040 ἕξετε
1265 5971 1360 6025 καὶ
1401 5971 1509 6024 τῶν
1543 5971 1773 6042 καρπῶν
1807 5970 1903 6042 τὴν

2025 565 2215 621 cissim
2248 563 2383 620 dicit
2429 565 2593 621 ollicii
2626 567 2836 637 proprii
2867 567 3260 638 cognitionem,
3293 568 3617 644 justumque

2027 658 2142 723 Dei,
2174 658 2234 713 ut
2268 658 2559 729 principis,
2597 657 2918 729 judicisque
2963 673 3027 714 ac
3053 658 3292 727 Domini,
3330 664 3612 723 timorem.

2025 750 2183 808 Hunc
2206 768 2363 825 ergo,
2409 754 2507 819 ait,
2543 754 2875 810 calamitatis
2920 761 3165 825 tempore
3200 755 3440 812 fructum
3478 764 3616 813 nan-

2023 846 2287 912 ciscetur,
2344 854 2511 917 prout
2550 847 2680 903 olim
2739 847 2795 905 in
2845 846 3085 919 Egypto
3140 851 3424 916 usuvenit,
3486 866 3613 907 cum

2023 948 2187 1010 opere
2236 938 2485 995 latericio
2525 938 2776 994 faciendo
2815 940 3011 1006 attriti,
3054 950 3397 1013 agndverunt
3440 945 3617 1000 unde—

2022 1046 2150 1086 nam
2199 1032 2466 1087 malorum
2506 1033 2833 1089 solutionem
2878 1040 3064 1104 petere
3103 1034 3402 1104 deberent;
3472 1052 3614 1093 cun-

2021 1126 2206 1194 ctique
2259 1121 2332 1178 ad
2387 1123 2556 1179 Deum
2614 1125 3030 1194 clamaverunt;
3092 1141 3202 1198 quo
3254 1126 3419 1192 facto,
3468 1125 3616 1184 Deus

2021 1229 2273 1270 annuens
2323 1215 2679 1271 clamantium
2746 1216 3025 1287 precibus,
3077 1232 3187 1273 non
3237 1219 3357 1274 sine
3419 1218 3615 1290 grandi

2021 1305 2289 1361 miraculo
2310 1322 2471 1363 suum
2495 1306 2575 1363 eis
2600 1307 2863 1362 ausilium
2886 1309 3272 1380 suppeditavit.
3291 1309 3611 1375 Praesentia,

2023 1397 2222 1468 inquit,
2254 1398 2373 1469 pari
2402 1413 2467 1454 ac
2502 1398 2593 1453 illa
2631 1408 2817 1456 vetera
2852 1400 3167 1457 conditione
3194 1403 3362 1457 fient:
3404 1402 3494 1459 his
3529 1403 3615 1457 Vi-

2020 1490 2220 1547 delicet
2249 1492 2565 1549 calamitate
2604 1492 2933 1561 emendatis,
2964 1501 3163 1552 etcum
3193 1496 3286 1568 qui
3312 1504 3483 1552 causa
3515 1491 3615 1550 bon

2020 1598 2218 1638 norum
2262 1591 2348 1640 est
2390 1585 2817 1655 agnoscentibus
2842 1626 2856 1651 ,
2897 1586 3251 1659 indidemque
3302 1598 3462 1660 opem
3515 1602 3612 1658 p0—

2021 1676 2326 1742 scentibus,
2352 1691 2634 1749 pronaque
2663 1677 3085 1749 impetrantibus
3114 1678 3396 1736 facilitate.

2090 1958 2256 2015 Veiis.
2292 1944 2568 2015 te-ao.——
2592 1979 2611 2013 ι
2641 1945 2869 2033 Eritque
2889 1950 2977 2017 die
3009 1950 3123 2027 illa,
3154 1949 3290 2017 dicit
3325 1950 3613 2028 Demintts,

2016 2051 2236 2107 vocabit
2278 2066 2365 2107 me
2410 2051 2497 2106 vir
2538 2066 2733 2116 meus,
2783 2061 2837 2107 et
2878 2066 2989 2107 non
3017 2051 3237 2107 vocabit
3285 2064 3374 2107 me
3405 2051 3614 2108 diutius

2017 2143 2247 2198 Baalim.
2300 2142 2672 2215 Auferamque
2720 2145 2940 2201 nomina
2969 2142 3178 2201 Baalim
3220 2161 3288 2202 ex
3330 2160 3426 2202 ore
3469 2144 3615 2217 ejus.

2017 2253 2118 2295 nec
2174 2236 2615 2294 recordabuntur
2684 2237 2921 2294 ulterius
2986 2236 3273 2294 nominum
3335 2252 3550 2294 eorum.
3588 2257 3608 2292 ι

2016 2329 2172 2385 Tunc
2234 2331 2560 2402 proprium,
2619 2330 2831 2401 inquit,
2891 2329 3204 2385 curatorem
3274 2334 3613 2402 agnoscent,

2015 2423 2342 2495 cunctisque
2372 2422 2497 2480 aliis
2526 2422 2770 2487 omissis,
2796 2422 2865 2478 ad
2889 2423 3097 2479 cultum
3125 2438 3305 2479 meum
3329 2423 3613 2489 accedent,

2017 2514 2086 2569 ab
2115 2514 2264 2569 omni
2305 2515 2575 2571 idolorum
2601 2515 2867 2586 obsequio
2919 2516 3271 2585 recedentes;
3312 2519 3369 2573 in
3401 2526 3613 2575 tantum

2017 2614 2078 2660 ut
2123 2606 2329 2661 nullam
2372 2607 2592 2662 illorum
2644 2607 2970 2662 memoriam
2999 2608 3295 2673 retineant,
3328 2610 3412 2665 vel
3446 2611 3615 2665 mini-

2018 2715 2164 2753 mam
2199 2700 2459 2781 posthinc
2485 2714 2673 2755 curam
2700 2708 2913 2770 gerant.
2937 2699 3096 2767 Quod
3132 2716 3261 2758 vero
3292 2704 3388 2767 ait,
3432 2720 3452 2755 ι
3493 2701 3616 2759 Νοη

2015 2790 2294 2844 vocabunt
2328 2805 2414 2844 me
2435 2789 2671 2860 amplius
2700 2788 2930 2856 Baalim,
2968 2808 2987 2841 ι
3020 2791 3281 2861 quoniam
3318 2791 3461 2849 Deus
3493 2801 3615 2849 erat

2015 2882 2108 2953 qui
2144 2882 2247 2952 15
2298 2883 2371 2936 ita
2423 2882 2688 2953 loquitur,
2746 2881 2903 2938 Haud
2956 2881 3123 2950 ultra,
3171 2883 3374 2955 inquit,
3409 2902 3615 2942 nomen

2017 2991 2200 3031 meum
2245 2975 2454 3030 Baalim
2496 2975 2818 3046 imponent;
2852 2976 3297 3048 quandoquidem
3326 2979 3396 3035 ab
3435 2979 3615 3036 idolo-

2020 3084 2139 3124 rum
2162 3083 2351 3124 errore
2385 3068 2645 3139 regressi,
2675 3067 2742 3124 ad
2785 3083 2873 3124 me
2899 3069 2955 3124 in
2986 3076 3269 3140 posterum
3300 3070 3618 3129 didicerunt

2018 3167 2293 3237 respicere
2320 3176 2510 3222 Verum
2546 3164 2737 3221 Deum.
2771 3183 2790 3217 ι
2821 3164 3149 3237 Curaboque
3175 3167 3258 3224 eis
3298 3166 3480 3224 ftedus
3524 3169 3616 3224 die

2018 3260 2109 3314 illa
2138 3275 2263 3315 cum
2296 3258 2431 3315 feris
2458 3259 2598 3330 agri,
2644 3265 2699 3314 et
2729 3259 3007 3314 cum'cceli
3032 3259 3375 3327 volucribus,
3401 3268 3456 3317 et
3488 3277 3614 3317 cum

2016 3359 2179 3407 terra:
2224 3350 2532 3421 reptilibus.
2570 3369 2591 3403 ι
2626 3349 2743 3414 Illa,
2792 3350 2990 3421 inquit,
3025 3367 3145 3421 qua:
3173 3352 3311 3423 ipsis
3340 3360 3502 3408 antea
3532 3354 3615 3409 in—

2017 3443 2385 3510 sidiabantur,
2424 3450 2480 3498 et
2508 3442 2696 3499 hostili
2735 3444 2921 3498 animo
2971 3451 3151 3509 erant,
3192 3444 3335 3501 dabo
3365 3460 3612 3517 operam,

2017 3544 2077 3591 ut
2105 3535 2311 3591 eisdem
2348 3535 2593 3589 amicitia
2634 3535 2960 3607 jungantur.
3008 3555 3027 3588 ι
3065 3538 3377 3609 Arcumque
3403 3545 3460 3595 et
3501 3540 3614 3609 gla-

2015 3629 2166 3684 dium
2207 3643 2271 3683 ac
2314 3627 2516 3683 bellum
2556 3635 2672 3682 tota
2716 3628 2939 3699 regione
2987 3636 3291 3686 conteram.
3332 3649 3351 3683 ι
3407 3629 3617 3704 Nempe

2016 3720 2139 3776 illos
2169 3720 2319 3775 omni
2372 3718 2501 3776 belli
2545 3719 2794 3776 molestia
2840 3720 3146 3792 expediam.
3200 3740 3219 3773 ι
3255 3719 3323 3775 Ει
3366 3721 3618 3779 habitare

2014 3831 2111 3873 eos
2160 3815 2358 3871 faciam
2408 3829 2536 3869 cum
2593 3830 2709 3883 spe.
2749 3834 2769 3867 ι
2829 3813 2980 3871 Dabo
3019 3830 3265 3887 operam,
3298 3823 3358 3871 ut
3386 3833 3454 3873 ex
3497 3818 3613 3887 jam

2015 3912 2325 3983 impetratis
2347 3911 2533 3977 bonis,
2562 3909 2789 3967 meliora
2831 3909 2995 3965 etiam
3034 3925 3093 3965 se
3124 3916 3312 3981 postea
3344 3924 3616 3966 consecu-

2014 4015 2171 4062 turos
2204 4011 2449 4076 sperent.
2488 4022 2508 4055 ι
2542 4001 2610 4057 Ει
2650 4000 2928 4074 sponsabo
2960 4008 3013 4057 te
3047 4001 3181 4056 mihi
3227 4000 3283 4057 in
3328 4002 3616 4071 sempiter-

2000 4115 2144 4177 num
2175 4117 2187 4154 :
2217 4107 2272 4155 et
2305 4097 2584 4169 sponsabo
2613 4094 2748 4151 mihi
2781 4094 2835 4151 in
2882 4093 3121 4165 justitia,
3174 4093 3231 4150 in
3276 4093 3527 4164 iudiciis,
3560 4102 3615 4149 et
3667 4126 3677 4134 -

2014 4192 2070 4247 in
2097 4190 2497 4257 misericordia,
2525 4197 2579 4246 et
2607 4189 2662 4244 in
2686 4187 3157 4245 miserationibus.
3192 4206 3213 4243 ι
3242 4179 3342 4253 Te,
3366 4189 3614 4260 inquam,

2013 4286 2070 4342 in
2104 4286 2401 4341 amicitiam
2424 4296 2600 4341 meam
2623 4294 2912 4355 reponam,
2940 4283 3152 4354 tibique
3182 4282 3613 4338 familiaritatem

2012 4396 2192 4437 meam
2237 4379 2525 4435 restituam
2552 4394 2568 4442 ;
2599 4393 2757 4449 aequo
2793 4376 2918 4448 jure
2950 4390 3138 4448 agens,
3166 4385 3221 4431 et
3248 4391 3345 4433 eos
3374 4379 3467 4448 qui
3514 4378 3613 4431 tihi

2012 4472 2352 4545 captivitatis
2402 4481 2646 4542 tempore
2682 4469 2871 4539 injurii
2935 4469 3157 4524 fuerunt
3206 4469 3466 4538 puniens,
3519 4470 3613 4538 ju-

2012 4572 2270 4636 stumque
2331 4563 2395 4620 de
2448 4563 2708 4619 omnibus
2758 4561 3028 4633 judicium
3090 4560 3293 4629 ferens,
3345 4577 3436 4618 res
3487 4569 3612 4618 tuas

2014 4661 2252 4733 denique
2294 4658 2531 4730 benigne
2575 4671 2799 4728 regens.
2827 4675 2845 4708 ι
2886 4654 2955 4711 Ει
2984 4655 3264 4727 sponsabo
3289 4662 3343 4711 to
3379 4656 3512 4711 mihi
3554 4657 3611 4712 in

2014 4756 2138 4819 ﬁde,
2180 4764 2233 4810 et
2265 4767 2570 4825 cognosces
2589 4750 2902 4806 Dominum.
2935 4770 2955 4803 ι
2981 4749 3113 4817 Vos,
3140 4749 3386 4821 inquam,
3420 4750 3475 4805 in
3511 4767 3610 4808 ne-

2012 4849 2385 4905 cessariorum
2436 4860 2671 4901 numero
2697 4843 2957 4915 posthinc
2986 4844 3219 4910 habebo,
3258 4844 3352 4915 qui
3395 4850 3449 4901 et
3476 4845 3610 4900 mihi

2012 4940 2328 4995 credidistis
2381 4944 2548 5010 prout
2583 4935 2694 4992 Deo
2724 4951 2822 5007 par
2852 4945 2957 5004 est,
2980 4951 3176 5008 meque
3208 4945 3459 4999 Vestrum
3500 4936 3609 4991 Do—

2015 5034 2225 5087 minum
2254 5031 2580 5103 agnovistis.

1954 5126 2231 5180 οίκείωσιν
2276 5125 2431 5195 ὑμῶν
2481 5114 2669 5179 λοιπὸν
2716 5116 3162 5177 πεπιστευκότων
3197 5114 3258 5175 τέ
3300 5130 3391 5193 μοι
3426 5120 3608 5181 καθὼς

2084 5311 2253 5369 VERS.
2287 5311 2379 5367 ει.
2416 5343 2484 5352 --
2512 5328 2531 5364 ι
2556 5311 2784 5381 Eritqtte
2830 5308 2918 5365 die
2970 5309 3086 5372 illa,
3135 5306 3269 5362 dicit
3316 5303 3605 5370 Dominus.

2010 5407 2304 5463 exaudiam
2358 5405 2669 5471 etelum,et
2727 5403 2931 5459 caelum
2976 5400 3234 5456 exaudiet
3276 5409 3505 5467 terram,
3556 5411 3612 5458 et

2008 5509 2154 5555 terra
2208 5498 2465 5555 exaudiet
2522 5497 2773 5552 triticum
2818 5503 2873 5550 et
2937 5494 3124 5549 vinum
3168 5500 3224 5550 et
3273 5495 3498 5558 oleum,
3554 5506 3612 5552 et

2007 5591 2124 5647 haec
2167 5591 2465 5647 exaudient
2503 5589 2780 5646 lsra‘elem.
2826 5587 3129 5659 Seramque
3177 5602 3299 5645 eam
3355 5588 3491 5644 mihi
3552 5589 3610 5645 in

2002 5676 2174 5749 terra,
2205 5692 2261 5739 et
2290 5682 2596 5739 miserebor
2632 5682 2753 5752 ejus
2781 5680 2943 5751 cujus
2976 5695 3087 5736 non
3126 5695 3280 5738 eram
3316 5681 3604 5737 misertus.

2006 5776 2303 5850 Dicamque
2336 5776 2539 5848 populo
2576 5791 2685 5830 non
2722 5788 2878 5838 meo,
2932 5774 3174 5845 Populus
3208 5789 3364 5829 ulcus
3392 5789 3455 5830 es
3485 5779 3547 5829 tu
3588 5791 3602 5826 :

2004 5880 2056 5927 et
2082 5873 2198 5942 ipse
2219 5870 2383 5934 dicet,
2402 5869 2667 5923 Dominus
2683 5867 2827 5923 Dens
2856 5882 3011 5923 meus
3039 5884 3098 5924 es
3120 5875 3201 5922 tu.
3244 5864 3432 5923 »Τυιιε
3455 5872 3607 5922 certe

2007 5967 2235 6022 multam
2273 5964 2548 6022 habebitis
2579 5962 2798 6037 frugum
2842 5960 3148 6019 ubertatem
3187 5981 3199 6016 :
3235 5960 3438 6018 ctenim
3471 5971 3602 6027 aer.
