4104 6472
477 355 581 418 NX

1701 354 2057 413 THEODORI
2089 355 2328 417 MOPSU
2342 360 2590 417 ESTENI

3666 357 3761 423 ιη

475 497 563 537 me
607 479 835 539 valente,
886 476 1111 529 imbrem
1160 467 1340 529 telluri
1382 472 1667 541 demittet;
1719 474 1923 544 quippe
1951 487 2060 529 cur

2173 476 2436 547 ἀφθονίαν
2452 488 2475 509 “·
2508 480 2536 531 ὁ
2566 479 2664 549 μὲν
2685 477 2790 549 γὰρ
2814 479 2922 551 ἀὴρ
2942 479 3080 532 κατά
3104 476 3331 552 γνώμην
3366 482 3503 555 ἐμὴν
3536 484 3767 557 παρέξει

478 573 589 625 tum
624 584 720 639 pro
752 583 874 621 aere
902 566 1031 619 dicit
1052 605 1065 628 ,
1095 565 1264 619 veluti
1297 579 1421 618 eum
1460 564 1584 618 ρωιὶ
1625 566 1879 621 volucres
1902 564 2069 628 dicit,

2177 570 2242 637 τῇ
2267 571 2337 639 γῇ
2361 569 2453 622 τὸν
2468 570 2624 622 ὑετόν
2646 586 2659 598 ·
2682 571 2909 639 οὐρανὸν
2932 570 3044 642 γὰρ
3060 572 3150 625 τὸν
3162 571 3302 644 ἀέρα
3339 574 3499 629 καλεῖ
3524 592 3538 607 ⁸
3562 575 3639 641 ὡς
3669 579 3760 633 καὶ

476 676 674 731 nempe
718 660 835 712 illas
867 674 987 725 quae
1032 671 1216 710 aerem
1255 655 1489 709 findunt.
1536 655 1708 710 Terra
1751 664 1933 711 autem
1968 656 2060 710 ritt:

2175 660 2246 713 τά
2286 661 2509 715 πετεινά
2540 662 2634 715 τοῦ
2669 661 2902 733 οὐρανοῦ
2929 664 3057 717 ὅταν
3086 664 3240 736 λέγῃ,
3279 666 3366 720 ἴνα
3404 667 3535 740 εἴπῃ
3561 669 3630 724 τά
3672 670 3759 724 τέ-

478 751 702 824 irrigata
747 749 960 803 fruetus
994 764 1126 802 suos
1176 747 1522 802 abundanter
1552 747 1817 814 prazbebit
1867 763 1881 799 :
1926 762 2070 816 quo-

478 858 599 897 tum
631 843 780 897 lauto
803 841 972 895 Israel
998 856 1099 893 usu
1130 838 1342 893 fruetur
1367 879 1381 902 ,
1410 840 1461 892 id
1488 848 1573 894 est
1592 853 1748 893 terra:
1774 839 2066 893 bonornnt.

477 935 811 1004 Faciamque
842 942 903 986 ιιι
938 932 1044 1003 16
1082 932 1357 1001 propriam
1390 933 1665 998 regionem
1702 931 1884 983 denuo
1915 931 2069 983 iuro-

412 1038 419 1045 ‘
479 1029 615 1091 lant,
673 1041 780 1095 qua
842 1033 1002 1078 antea
1058 1024 1252 1092 privati
1309 1023 1562 1087 fuerant;
1615 1033 1779 1090 atque
1843 1022 1917 1073 ita
1985 1020 2064 1075 ibi

480 1118 744 1184 degentes
772 1116 978 1170 cultum
1011 1116 1141 1168 milli
1179 1114 1532 1167 exhibebunt.
1573 1112 1626 1165 Id
1661 1113 1807 1166 enim
1854 1110 2067 1180 signiti-

481 1219 611 1261 rant
641 1209 730 1263 illa
761 1208 948 1269 verba,
977 1227 995 1259 ι
1021 1205 1210 1260 Seram
1241 1222 1360 1260 eam
1391 1205 1522 1257 tttilti
1551 1203 1602 1256 in
1637 1214 1819 1271 terra;
1852 1221 1869 1253 ι
1893 1214 2066 1256 meta-

481 1302 652 1367 pitnra
710 1314 740 1352 a
778 1297 1210 1354 seminatmibus
1258 1304 1474 1363 sumpta
1516 1294 1701 1348 dicere
1749 1296 1959 1357 volens,
2006 1311 2065 1348 se

478 1393 602 1446 iilos
637 1399 746 1444 tota
779 1405 972 1444 rursus
1004 1390 1222 1459 regione
1259 1388 1433 1456 patria
1469 1400 1819 1455 sparsurum,
1867 1385 1922 1438 in
1954 1400 2062 1454 qua

480 1497 676 1535 secure
727 1481 1091 1545 habitabunt,
1153 1479 1465 1558 debilisque
1530 1491 1659 1546 erga
1718 1492 1805 1531 me
1863 1476 2063 1530 ciliciis

481 1576 799 1643 fungentur.
870 1573 1002 1638 Qua:
1049 1572 1268 1642 quidem
1311 1571 1388 1623 ita
1437 1571 1730 1635 evenient,
1788 1569 1917 1637 quia
1973 1583 2063 1623 res

478 1674 697 1732 vestrae,
749 1681 836 1720 me
861 1674 1110 1725 curante,
1151 1662 1378 1735 meliore
1430 1661 1744 1716 conditione
1791 1675 1913 1715 esse
1949 1674 2063 1716 εω-

481 1767 708 1828 perunt;
759 1759 894 1812 adeo
924 1763 984 1810 ut
1016 1756 1297 1810 misertum
1339 1755 1411 1809 sit
1444 1754 1590 1809 illius
1628 1769 1749 1824 quae
1780 1763 1934 1808 extra
1960 1754 2063 1807 mi-

480 1850 836 1905 scricordiam
896 1847 1111 1913 fuerat;
1174 1845 1462 1915 factusque
1528 1845 1601 1899 sit
1651 1844 1908 1915 populus,
1968 1844 2061 1914 qui

479 1949 767 1998 antea~non
797 1951 915 1995 erat
941 1938 1197 2008 populus.
1247 1941 1423 2008 Atque
1450 1937 1524 1991 ita
1560 1939 1688 2006 jure
1737 1938 1947 2007 optimo
1975 1940 2065 1996 bis

477 2035 592 2100 (iet,
641 2033 768 2103 quia
814 2039 870 2087 et
912 2031 1020 2101 ipsi
1076 2038 1261 2085 vetere
1306 2045 1507 2084 errore
1554 2029 1770 2094 relicto,
1816 2030 2063 2086 debitum

476 2140 639 2182 suum
676 2132 997 2195 agnoscent,
1030 2121 1289 2191 claraque
1314 2135 1451 2176 voce
1477 2121 1697 2186 dicent,
1731 2122 1908 2177 solum
1940 2137 2065 2179 esse

476 2219 835 2290 ipsorummet
887 2230 1012 2271 vere
1068 2213 1360 2268 Dominum
1416 2223 1481 2267 ac
1543 2212 1738 2278 Deum,
1784 2228 1909 2268 eum
1967 2213 2063 2284 qui

476 2310 720 2365 omnium
755 2316 972 2363 creator
997 2313 1104 2373 est,
1141 2305 1547 2376 spccialemque
1574 2306 1657 2361 eis
1685 2320 1876 2361 curam
1906 2321 2061 2361 suam

477 2402 704 2459 cmlitus
733 2399 948 2455 tribuit.

1127 2725 1286 2784 CAP.
1326 2724 1414 2784 ill.

548 2846 719 2905 Vna.
756 2846 810 2902 1.
848 2872 916 2885 --
942 2861 967 2896 ι
1006 2842 1264 2913 Dixitque
1307 2840 1440 2895 mihi
1498 2837 1761 2894 Dominus
1814 2855 1826 2894 :
1865 2838 2062 2895 Adhuc

478 2939 635 3008 vade,
669 2944 726 2994 et
759 2935 923 3007 dilige
968 2934 1252 2988 mulierem
1288 2930 1605 3000 diligentem
1656 2929 1798 2983 mala
1832 2936 1887 2985 et
1916 2931 2065 2984 adul-

476 3042 654 3088 teram
719 3047 735 3085 :
799 3025 946 3083 haud
999 3040 1161 3082 secus
1211 3037 1378 3093 quam
1443 3022 1585 3076 Deus
1646 3021 1787 3077 ﬁlios
1846 3022 2062 3079 lsraelis

478 3124 676 3195 diligit,
704 3122 851 3191 dum
896 3118 1003 3190 ipsi
1043 3116 1109 3171 ad
1150 3116 1284 3171 deos
1319 3115 1530 3170 alienos
1567 3114 1892 3185 respiciunt,
1939 3115 2061 3169 dili-

482 3224 727 3286 guntque
751 3211 1013 3283 cupedias
1032 3217 1087 3264 ct
1110 3208 1359 3263 vinacea.
1395 3226 1413 3258 ι
1449 3204 1587 3261 llinc
1622 3222 1842 3277 quoque
1870 3206 2063 3275 explo-

479 3316 660 3364 ratum
710 3305 790 3373 tit,
823 3301 970 3374 quod
1024 3301 1300 3356 multoties
1346 3299 1619 3365 diximus,
1655 3314 1763 3353 non
1807 3299 1874 3353 ad
1922 3298 2065 3354 scri-

478 3401 685 3473 ptionis
719 3399 974 3462 formam,
1000 3410 1220 3465 unoque
1255 3401 1464 3455 tenore,
1497 3393 1886 3463 prophetarum
1930 3406 2061 3446 ora-

479 3494 604 3548 cula
625 3492 793 3546 fuisse
812 3488 1123 3558 conscripta
1144 3527 1156 3551 ,
1182 3484 1276 3542 sed
1306 3501 1372 3540 ex
1401 3484 1690 3538 intervallo
1706 3482 1939 3545 dictata,
1971 3498 2062 3538 se-

480 3583 721 3640 cundum
738 3591 1084 3651 acceptarum
1109 3588 1353 3648 tempora
1371 3576 1765 3632 revelationum
1788 3592 1803 3628 :
1825 3589 2058 3646 quarum

479 3673 747 3727 instinctu
789 3670 856 3725 ad
887 3672 1146 3741 populum
1194 3667 1517 3723 necessario
1552 3668 1716 3721 verba
1758 3666 2057 3729 faciebant,

478 3765 680 3821 divinis
736 3762 1228 3818 illuminatiouibus
1289 3759 1666 3814 consectanei.
1735 3760 1868 3813 Nam
1929 3772 2057 3812 cum

479 3857 734 3928 superius
759 3862 1074 3911 enarrasset
1109 3853 1344 3906 oblatam
1375 3852 1478 3907 sibi
1522 3852 1739 3905 illarum
1774 3865 1958 3905 rerum
1989 3850 2061 3906 ob

481 3951 665 4023 populi
737 3947 1191 4017 vituperationem
1262 3945 1592 4014 imaginem,
1655 3945 1853 3999 merito
1912 3960 2061 4000 nunc

479 4040 867 4098 revelationem
900 4037 1127 4091 alteram
1163 4036 1368 4105 pariter
1396 4036 1645 4105 exponit,
1677 4051 1840 4105 quam
1871 4044 2061 4106 utpote

481 4145 512 4185 a
530 4127 640 4184 Deo
669 4126 772 4182 sibi
802 4125 1127 4190 immissatn,
1149 4124 1339 4194 nequit
1362 4126 1609 4179 reticere.
1638 4124 1846 4181 Etenim
1870 4126 2058 4192 verba,

485 4236 506 4270 ι
540 4217 686 4273 Dixit
715 4216 848 4271 mihi
871 4212 1156 4275 Dominus.
1200 4232 1218 4264 ι
1268 4214 1371 4268 hoc
1410 4214 1739 4284 signiﬁcant,
1796 4215 2059 4272 nimirum

483 4307 577 4362 Dei
626 4306 901 4376 loquentis
939 4321 1126 4362 vocem
1161 4305 1328 4362 veluti
1352 4321 1497 4371 esse,
1541 4304 1742 4361 factam
1777 4307 1924 4361 illam
1952 4308 2056 4364 sibi

484 4399 587 4471 17
641 4398 904 4455 divinitus
961 4398 1365 4455 revelationetn.
1417 4397 1694 4454 Mandavit
1741 4416 1871 4473 ergo
1924 4402 2057 4457 mihi

479 4496 765 4551 mulierem
803 4494 1006 4551 habere
1039 4494 1379 4557 adulteram,
1413 4501 1467 4549 et
1510 4491 1756 4565 cujusvis
1790 4493 2055 4547 malorum

480 4587 697 4657 generis
740 4587 1103 4654 operatricem
1140 4602 1153 4638 :
1189 4592 1250 4638 ιιι
1291 4587 1405 4638 haec
1438 4584 1604 4639 etiam
1649 4585 2057 4654 reprazsentatio

480 4678 729 4750 quaedam
769 4678 841 4732 sit
870 4676 1099 4738 mentis,
1134 4690 1301 4745 quam
1347 4690 1447 4745 ego
1482 4690 1611 4744 erga
1657 4675 1875 4731 Israelis
1917 4677 2058 4731 lilios

482 4768 720 4823 retinere
746 4765 968 4829 studui,
1002 4779 1324 4835 quanquam
1347 4764 1494 4818 omni
1529 4765 1865 4835 improbitati
1902 4765 2061 4821 dedi-

481 4870 588 4923 tos,
608 4872 875 4928 suumque
892 4863 1078 4926 aperte
1093 4854 1423 4910 adulterium
1445 4864 1810 4926 ostentantes;
1832 4859 1926 4929 qui
1947 4859 2057 4914 diis

480 4950 623 5006 lalso
651 4947 793 5020 apud
835 4947 1086 5001 ethnicos
1114 4946 1381 5016 reputatis
1408 4946 1675 5014 student;
1728 4963 2061 5019 magnOpere

481 5050 790 5112 satagentes
839 5039 1167 5097 constitutas
1204 5037 1317 5093 illic
1357 5036 1651 5109 religiones
1683 5040 1912 5111 exsequi
1951 5058 1965 5094 :
2003 5039 2058 5096 id

478 5137 624 5189 enim
659 5131 970 5204 signiﬁcant
998 5131 1161 5184 verba
1201 5148 1222 5182 ι
1255 5129 1502 5201 cupediae
1534 5146 1661 5186 cum
1707 5133 1993 5199 vinaceis;
2032 5151 2051 5184 ι

479 5229 636 5297 quasi
697 5227 847 5282 dicat
897 5239 1067 5295 panes
1125 5224 1274 5280 varie
1333 5224 1646 5290 laboratos,
1697 5238 1824 5279 cum
1878 5224 2060 5294 passis

480 5318 737 5372 nimirum
782 5315 924 5379 uvis,
974 5314 1226 5370 adtnistis
1273 5314 1539 5379 bellariis,
1583 5330 1725 5385 quos
1774 5329 1925 5369 more
1956 5328 2060 5368 suo

479 5409 715 5479 quodam
770 5407 933 5463 idolis
976 5406 1273 5463 offerebant
1318 5425 1330 5461 :
1373 5423 1499 5462 nam
1547 5426 1566 5460 ι
1619 5408 1886 5477 cupedias
1928 5421 2057 5461 cum

478 5501 721 5556 vinaceis
748 5509 1018 5571 appetere,
1054 5517 1073 5551 ι
1099 5499 1304 5555 dictum
1335 5510 1417 5555 est
1442 5514 1540 5569 pro
1570 5501 1847 5569 voluptate
1886 5513 2052 5569 quam

480 5593 816 5650 hnnorandis
851 5593 1015 5649 idolis
1056 5594 1302 5665 capiunt.
1348 5591 1521 5647 Porro
1561 5591 1859 5662 superiora
1905 5592 2055 5647 dicta

480 5689 630 5743 fuere
648 5685 951 5757 praesertim
972 5685 1041 5741 ad
1060 5684 1249 5741 decem
1266 5684 1512 5739 tribuum
1532 5683 2054 5754 reprehensionem,

479 5797 705 5848 quarunt
729 5780 962 5853 populus
986 5778 1250 5834 derelicto
1282 5776 1416 5842 Deo,
1444 5792 1504 5834 se
1526 5776 1691 5833 idolis
1715 5775 2006 5833 addixerat
2039 5796 2052 5832 :

475 5869 591 5926 hac
634 5878 818 5942 autem
875 5868 947 5929 ad
997 5867 1487 5947 reprehensionem
1548 5867 1761 5942 pariter
1817 5868 2041 5928 illorum

2175 766 2379 820 μνοντα
2406 750 2496 805 τὸν
2526 750 2683 822 ἀέρα·
2698 754 2731 822 ἡ
2756 752 2813 805 δέ
2829 752 2901 823 γῆ
2923 754 2997 816 ὡς
3014 754 3160 817 εἰκὸς
3180 756 3453 827 ἀρδομένη
3473 759 3597 823 τοὺς
3626 777 3757 835 καρο

2172 843 2310 907 ποὺς
2323 843 2569 913 ἀφθόνως
2595 845 2894 917 παρέξεται
2923 846 3051 910 τοὺς
3082 848 3318 911 οἰκείους
3338 867 3350 880 ·
3382 851 3447 903 ἐκ
3478 851 3535 905 δὲ
3556 853 3759 908 τούτων

2168 934 2402 1002 ἄφθονον
2421 936 2449 987 ὁ
2477 936 2693 1007 Ἰσραὴλ
2714 939 2812 1008 τὴν
2835 939 3134 992 ἀπόλαυσιν
3147 942 3407 1011 κτήσεται
3428 943 3539 996 τῶν
3570 946 3635 997 ἐκ
3661 946 3756 1016 τῆς

2167 1024 2273 1094 γῆς
2293 1024 2530 1092 ἀγαθῶν·
2552 1026 2960 1089 παρασκευάσω
2975 1044 3030 1079 τε
3050 1028 3211 1081 πάλιν
3234 1029 3432 1092 αὐτοὺς
3450 1032 3549 1100 τὴν
3571 1032 3673 1101 γῆν
3687 1033 3751 1085 ol-

2173 1118 2292 1168 κεῖν
2314 1116 2410 1186 τὴν
2435 1117 2595 1175 ἰδίαν,
2626 1114 2809 1191 ἧσπερ
2838 1115 2930 1173 οῦν
2956 1119 3312 1191 ἀφῃρέθησαν
3326 1120 3579 1191 πρόσθεν,
3594 1122 3674 1187 ὼς
3691 1122 3758 1177 ἀν

2168 1205 2244 1277 (p.
2284 1208 2376 1275 24)
2411 1208 2598 1262 αὐτόθι
2628 1209 2906 1278 διάγοντες
2932 1210 3191 1281 τῆςέμῆς
3241 1212 3586 1282 ἐπιμελοῖντο
3606 1213 3758 1285 θεραο

2167 1298 2347 1362 πείας·
2366 1300 2525 1353 τοῦτο
2548 1301 2659 1372 γὰρ
2687 1301 2835 1369 λέγει
2858 1301 2940 1368 τὸ,
2960 1321 2979 1352 ι
3001 1302 3197 1373 Σπερῶ
3222 1303 3390 1373 αὐτὴν
3421 1305 3644 1376 ἐμαυτῷ
3665 1307 3759 1359 ἐπὶ

2164 1390 2265 1458 τῆς
2302 1393 2405 1459 γῆς
2425 1406 2440 1420 ·
2481 1410 2502 1444 ι
2528 1392 2592 1444 ἐκ
2621 1394 2934 1463 μεταφορᾶς
2966 1394 3075 1445 τῶν
3110 1394 3441 1464 σπειρόντων
3475 1394 3757 1467 βουληθεὶς

2168 1482 2364 1542 εἰπεῖν,
2391 1482 2473 1535 ὅτι
2504 1484 2659 1536 Κατά
2681 1484 2860 1554 πάσης
2881 1483 3079 1547 αὐτοὺς
3105 1484 3310 1538 ἐκτενῶ
3339 1485 3500 1538 πάλιν
3526 1487 3626 1556 τῆς
3653 1487 3758 1559 γῆς

2166 1570 2265 1641 τῆς
2282 1572 2510 1636 οἰκείας,
2541 1574 2678 1643 μετά
2706 1575 3007 1642 ἀσφαλείας
3027 1592 3086 1628 τε
3113 1574 3396 1639 οἰκοῦντας
3412 1578 3469 1629 ἐν
3482 1577 3641 1648 αὐτῇ,
3661 1577 3758 1630 καὶ

2164 1658 2275 1711 τῶν
2314 1661 2439 1729 ἐμοὶ
2489 1663 2874 1732 προσηκόντων
2912 1665 3305 1735 ἀντεχομένους
3330 1666 3514 1720 λοιπόν
3536 1683 3550 1697 ·
3599 1667 3756 1721 ἐσται

2165 1751 2223 1806 δὲ
2251 1752 2448 1811 ταῦτα.
2496 1755 2683 1825 ἐπειδὴ
2737 1756 3043 1829 μεταϐολὴν
3077 1758 3176 1829 τὴν
3215 1760 3308 1812 ἐπὶ
3329 1759 3391 1812 τὸ
3414 1763 3659 1832 κρεῖττον
3682 1762 3757 1816 τά

2166 1844 2291 1897 καθ’
2323 1846 2469 1915 ὑμᾶς
2497 1846 2585 1900 διά
2613 1848 2712 1917 τῆς
2743 1848 3068 1919 κηδεμονίας
3100 1849 3314 1920 δέχεται
3339 1850 3440 1920 τῆς
3471 1851 3611 1922 ἐμῆς
3637 1867 3651 1880 ·
3676 1852 3758 1917 ὡς

2168 1937 2437 1991 ἐλεεῖσθαι
2467 1938 2566 2008 μὲν
2598 1938 2696 2011 τὴν
2739 1942 2839 1993 οὐκ
2889 1942 3229 2014 ἠλεημένην·
3260 1943 3388 1997 λαὸν
3410 1943 3466 1997 δὲ
3502 1939 3642 1998 εἶναι
3660 1943 3755 1998 τὸν

2165 2030 2227 2083 οὐ
2280 2030 2546 2101 πρότερον
2597 2031 2723 2086 λαὸν
2751 2048 2763 2063 ·
2793 2032 2931 2104 ὅπερ
2958 2029 3052 2087 οῦν
3095 2034 3319 2097 εἰκότως
3360 2034 3544 2098 αὐτοῖς
3585 2052 3765 2107 προσ-ιι

2167 2122 2340 2186 ἐσται,
2366 2123 2553 2195 ἐπειδὴ
2585 2126 2828 2178 κάκεῖνοι
2855 2126 2951 2197 τῆς
2976 2127 3241 2198 πρότερον
3258 2127 3589 2191 ἀποστάντες
3618 2128 3758 2182 πλάι

2164 2233 2265 2287 νης
2327 2218 2719 2284 ἐπιγνώσονταί
2772 2236 2832 2272 τε
2896 2220 2957 2272 τὸ
2988 2219 3126 2283 δέον,
3163 2220 3258 2273 καὶ
3306 2218 3446 2290 μετά
3489 2219 3756 2292 λαμπρᾶς

2166 2304 2354 2376 ἐροῦσι
2398 2306 2496 2377 τῆς
2546 2308 2749 2378 φωνῆς,
2781 2311 2863 2362 ὅτι
2901 2309 3065 2372 αὐτὸς
3094 2309 3157 2379 δὴ
3194 2311 3355 2381 μόνος
3389 2311 3536 2363 ἐστὶν
3570 2309 3758 2363 αὐτῶν

2165 2395 2335 2459 ὄντως
2365 2396 2569 2469 Κύριός
2597 2415 2658 2451 τε
2687 2399 2781 2453 καὶ
2810 2399 2962 2464 Θεὸς,
2996 2402 3026 2452 ὀ
3055 2400 3162 2453 τῶν
3189 2400 3441 2455 ἀπάντων
3475 2402 3573 2472 μὲν
3602 2418 3758 2472 ποιηι
3864 2391 3875 2403 ’

2169 2487 2265 2558 τὴς
2301 2489 2396 2542 καὶ
2422 2489 2709 2561 δεσπότης,
2741 2491 2875 2545 ἰδίαν
2895 2492 2952 2546 δὲ
2978 2493 3162 2556 αὐτοῖς
3186 2494 3392 2548 ἀνωθεν
3412 2494 3510 2564 τὴν
3541 2494 3756 2547 οἰκείαν

2170 2580 2362 2652 νείμας
2388 2582 2731 2653 κηδεμονίαν.

2830 2720 2982 2776 ΚΕΦ.
3014 2722 3085 2776 Γ.

2240 2838 2389 2906 Στιχ.
2447 2842 2517 2890 α’.
2566 2864 2635 2875 ——
2668 2854 2687 2888 ι
2727 2837 2838 2889 Καὶ
2890 2830 3013 2890 εἷπε
3069 2837 3273 2908 Κύριος
3322 2838 3457 2909 πρός
3500 2856 3593 2910 με,
3627 2836 3754 2893 Ἔτι

2170 2928 2465 3001 πορεύθητι
2488 2929 2580 2983 καὶ
2603 2930 2886 3001 ἀγάπησον
2922 2934 3156 2999 γυναῖκα
3201 2931 3503 2999 ἀγαπῶσαν
3536 2929 3756 3004 πονηρά

2171 3022 2265 3075 καὶ
2302 3021 2570 3091 μοιχαλίν·
2597 3019 2780 3085 καθὼς
2812 3024 3004 3094 ἀγαπᾷ
3023 3023 3051 3075 ό
3070 3021 3200 3086 Θεὸς
3224 3023 3373 3086 υἱοὺς
3390 3021 3626 3094 Ἰσραὴλ,
3657 3024 3754 3077 καὶ

2169 3116 2327 3167 αὐτοὶ
2348 3114 2745 3168 ἀποϐλέπουσιν
2770 3117 2861 3170 ἐπὶ
2875 3115 3032 3179 θεοὺς
3052 3114 3385 3188 ἀλλοτρίους,
3414 3117 3508 3169 καὶ
3536 3115 3754 3184 φιλοῦσι

2170 3206 2433 3277 πέμματα
2460 3206 2596 3278 μετά
2625 3206 2916 3276 σταφίδων.
2952 3226 2970 3259 ι
2999 3204 3233 3279 Εὔδηλον
3261 3206 3289 3259 ὃ
3307 3207 3563 3271 πολλάκις
3598 3208 3754 3278 εἰρή·

2167 3316 2345 3370 καμεν
2404 3297 2718 3362 κάντεῦθεν,
2772 3300 2855 3352 ὅτι
2890 3299 2964 3370 μὴ
2999 3299 3057 3353 ἐν
3098 3299 3421 3369 συγγραφῆς
3447 3298 3572 3351 εῖδει
3606 3298 3755 3351 κατά

2169 3392 2299 3461 μίαν
2347 3390 2612 3462 ἁρμονίαν
2675 3390 3088 3463 συγγέγραπται
3142 3390 3212 3444 τὰ
3250 3390 3360 3443 τῶν
3414 3389 3751 3461 προφητῶν·

2164 3483 2509 3554 διῃρημένως
2542 3483 2598 3536 δέ
2629 3484 2705 3554 (p.
2739 3483 2829 3553 25)
2857 3484 3074 3556 εἴρηται
3094 3483 3236 3536 κατά
3260 3482 3350 3536 τὸν
3376 3481 3485 3535 τῶν
3538 3482 3755 3537 ἀποκαο

2163 3573 2377 3645 λύψεων
2405 3568 2479 3627 ὧν
2518 3574 2769 3642 ἐδέξαντο
2789 3577 2981 3647 καιρόν
3004 3593 3018 3607 ·
3044 3575 3129 3645 ἐφ’
3157 3569 3245 3639 αἷς
3271 3574 3363 3628 καὶ
3395 3574 3464 3628 τά
3488 3575 3627 3647 πρὸς
3659 3576 3753 3630 τὸν

2163 3667 2292 3720 λαὸν
2355 3666 2666 3734 ἀναγκαίως
2711 3668 3049 3738 προσήγοντο
3101 3666 3279 3734 λέγειν
3324 3666 3439 3729 ταῖς
3472 3666 3754 3737 ἀποκαλύο

2162 3758 2321 3830 ψεσιν
2349 3759 2603 3828 ἑπόμενοι
2634 3761 2754 3822 ταῖς
2804 3758 2977 3822 θείαις
3001 3775 3014 3789 ·
3046 3756 3287 3830 εἰρηκὼς
3318 3758 3426 3829 γὰρ
3453 3756 3553 3828 τὴν
3582 3757 3752 3829 λῆψιν

2162 3853 2260 3922 τῆς
2291 3853 2607 3906 κατ’ἐκεῖνα
2629 3851 2834 3914 εἰκόνος
2861 3851 2946 3903 ἐπ’
2974 3850 3192 3921 ἔλεγχον
3214 3847 3311 3903 τοῦ
3340 3849 3467 3904 λαοῦ
3491 3850 3748 3922 ρηθέντα,

2161 3944 2385 4008 δικαίως
2413 3944 2606 4014 ἐτέραν
2638 3942 2980 4012 ἀποκάλυψιν
3004 3941 3235 3994 ἐνταῦθα
3257 3940 3526 4009 διηγεῖται
3561 3941 3749 4008 πάλιν,

2162 4037 2229 4107 ἢν
2249 4035 2394 4107 παρὰ
2413 4034 2549 4088 Θεοῦ
2568 4033 2859 4105 δεξάμενος
2879 4031 3152 4087 ἐκτίθεται
3169 4032 3483 4100 ἀναγκαίως
3499 4050 3511 4061 ·
3541 4031 3752 4105 τὸγὰρ,

2168 4147 2187 4181 ι
2224 4124 2359 4183 Εἷπε
2385 4126 2592 4200 Κύριος
2618 4127 2754 4199 πρὸς
2783 4126 2872 4197 μέ,
2909 4144 2927 4178 ι
2952 4125 3111 4179 τοῦτο
3130 4124 3301 4196 δηλοῖ,
3334 4124 3472 4178 Θεοῦ
3498 4125 3750 4193 λέγοντος

2161 4217 2302 4278 εἶναι
2374 4222 2559 4294 φωνὴν
2609 4222 2707 4292 τὴν
2772 4218 3147 4290 γεγενημένην
3206 4218 3547 4288 ἀποκάλυψιν
3597 4217 3753 4289 αὑτῷ

2163 4313 2369 4368 θειόθεν
2398 4329 2412 4344 ·
2470 4309 2637 4367 Εἶπεν
2673 4306 2766 4364 οὖν
2819 4327 2931 4380 μοι,
2983 4307 3138 4378 φησί,
3178 4307 3305 4378 περὶ
3331 4310 3564 4375 γυναῖκα
3603 4305 3753 4379 ἔχειν

2166 4404 2453 4478 μοιχαλίδα
2502 4403 2596 4458 καὶ
2633 4402 2909 4456 παντοίων
2947 4399 3171 4471 ἐργάτιν
3197 4397 3385 4451 κακῶν
3406 4414 3421 4429 ·
3451 4398 3527 4461 ὡς
3561 4398 3625 4452 ἂν
3660 4398 3751 4469 μίο

2092 4544 2134 4598 D
2167 4515 2331 4570 μησις
2364 4498 2448 4569 είη
2476 4497 2570 4550 καὶ
2602 4494 2762 4549 τοῦτο
2794 4495 2893 4565 τῆς
2908 4490 3152 4562 γνώμης,
3193 4491 3262 4562 ἢν
3288 4495 3416 4562 περὶ
3442 4492 3568 4554 τοὺς
3598 4491 3755 4557 υἰοὺς

2176 4590 2391 4664 Ἰσραὴλ
2462 4588 2769 4653 ἀποσώζειν
2859 4586 3203 4652 ἐσπούδακα,
3254 4584 3402 4655 πάσῃ
3478 4583 3756 4657 μοχθηρίᾳ

2165 4683 2460 4749 συζῶντας,
2512 4679 2608 4733 καὶ
2656 4677 2802 4748 σαφῆ
2861 4675 2961 4747 τὴν
3016 4676 3227 4730 ἑαυτῶν
3269 4675 3754 4745 ἐπιδεικνυμένους

2166 4773 2449 4846 μοιχείαν·
2505 4769 2555 4822 οἳ
2618 4768 2748 4839 περὶ
2818 4767 3108 4839 διαςρόρους
3172 4766 3543 4821 ἐσπουδάκασι
3592 4765 3754 4830 θεοὺς

2161 4866 2288 4928 τοὺς
2337 4860 2489 4933 παρά
2544 4862 2655 4921 τοῖς
2709 4859 2887 4913 ἔθνεσι
2927 4859 3280 4931 νομισθέντας
3334 4858 3568 4927 ψευδῶς,
3619 4858 3754 4930 περὶ

2164 4954 2360 5011 πολλοῦ
2389 4951 2699 5022 ποιούμενοι
2739 4952 2799 5006 τό
2832 4951 2931 5023 τὴν
2969 4951 3100 5022 παρ’
3131 4950 3315 5013 αὐτοῖς
3349 4947 3752 5018 νενομισμένην

2164 5045 2463 5115 θεραπείαν
2496 5044 2812 5115 προσάγειν·
2852 5042 3010 5098 τοῦτο
3037 5038 3147 5114 γὰρ
3165 5042 3314 5112 λέγει
3343 5040 3403 5095 τὸ
3426 5061 3444 5093 ι
3477 5041 3751 5114 πέμματα

2166 5138 2306 5208 μετά
2353 5135 2662 5204 σταφίδων·
2708 5154 2727 5188 ι
2766 5135 2853 5189 ἵνα
2910 5134 3041 5207 εἴπῃ
3108 5134 3307 5204 ἄρτους
3345 5131 3440 5197 οὒς
3487 5131 3749 5194 ποικίλως

2162 5227 2663 5290 κατασκευάζοντες
2695 5225 2917 5295 σταφίσι
2940 5240 3000 5277 τε
3047 5224 3277 5288 καὶτοῖς
3301 5223 3622 5294 τραγήμασι
3657 5238 3759 5291 μμ

2161 5318 2407 5387 γνύντες,
2474 5318 2617 5373 κατά
2666 5337 2717 5372 τι
2771 5318 2881 5371 τῶν
2935 5315 3065 5388 περὶ
3126 5313 3296 5369 ταῦτα
3330 5315 3561 5387 ἐχόντων
3601 5312 3749 5379 ἔθος,

2165 5411 2499 5484 προσέφερον
2524 5412 2637 5475 τοῖς
2671 5409 2929 5473 εἰδώλοις·
2962 5408 3024 5461 τὸ
3053 5408 3162 5479 γὰρ
3192 5427 3210 5460 t
3244 5408 3456 5475 φιλοῦσι
3483 5407 3753 5479 πέμματα

2166 5502 2304 5573 μετά
2345 5501 2639 5573 σταφίδων,
2678 5520 2697 5552 ι
2739 5498 2860 5555 ἀντί
2900 5498 3017 5562 τοῦ,
3061 5499 3128 5552 δι’
3155 5500 3347 5571 ἡδονῆς
3386 5498 3536 5553 ἐστιν
3560 5499 3749 5561 αὐτοῖς

2160 5594 2334 5650 ταῦτα
2356 5598 2529 5649 ποιεῖν
2554 5596 2646 5648 ἐπί
2664 5595 2798 5665 τιμῇ
2827 5593 2936 5647 τῶν
2968 5590 3222 5647 εἰδώλων.
3270 5592 3347 5662 (ρ.
3374 5592 3467 5662 26)
3500 5591 3655 5644 Ἔστι
3687 5586 3751 5643 δέ

2161 5686 2310 5758 αὐτῷ
2332 5685 2400 5739 τά
2428 5685 2525 5756 μὲν
2554 5684 2795 5756 πρότερα
2830 5683 3095 5756 εἰρημένα
3122 5682 3257 5755 πρὸς
3292 5682 3514 5753 ἔλεγχον
3546 5677 3750 5752 μᾶλλον

2160 5777 2269 5834 τῶν
2296 5778 2428 5833 δέκα
2457 5777 2657 5848 φυλῶν·
2677 5776 2728 5831 οἳ
2756 5774 3207 5839 καταλελοιπότες
3236 5774 3327 5829 τὸν
3360 5774 3492 5828 Θεὸν
3524 5774 3627 5835 τοῖς
3663 5771 3746 5822 εἰ·

2160 5868 2350 5938 δώλοις
2382 5872 2670 5945 προσεῖχον
2689 5885 2702 5900 ·
2739 5866 2898 5925 ταυτὶ
2914 5866 2970 5922 δέ
3001 5866 3138 5942 πρὸς
3169 5865 3388 5939 ἔλεγχον
3403 5862 3513 5921 τῶν
3542 5862 3609 5935 τῇ
3640 5856 3746 5931 βα·
