4104 6462
493 323 592 382 ιιτ

1134 448 1290 508 CAP.
1332 450 1423 512 ιγ.

563 570 730 630 Vens.
766 575 876 632 1-5.
912 607 982 618 —
1015 580 1122 657 ιθ
1153 579 1361 639 Idcirco
1387 585 1464 662 ait
1495 601 1511 640 :
1558 604 1576 638 ι
1621 587 1822 644 Audite
1853 591 2080 647 verbum

491 665 732 731 Domini,
765 684 800 720 ο
834 667 1050 727 lsraelis
1085 673 1202 741 tilii,
1238 677 1363 745 quia
1390 677 1660 747 judicium
1693 678 1925 738 Domino
1956 698 2082 737 cum

495 755 903 816 habitatoribus
929 769 1090 821 terrae
1121 784 1133 819 :
1177 782 1287 822 non
1323 777 1407 825 est
1436 770 1582 825 enim
1618 773 1840 838 veritas,
1879 781 1934 830 et
1972 792 2081 830 non

491 857 578 906 cst
610 853 1012 920 misericordia,
1041 876 1220 932 neque
1247 863 1480 920 scientia
1512 864 1606 921 Dei
1637 867 1690 921 in
1722 876 1889 923 terra.
1916 871 2083 925 Male-

493 943 723 1009 dictum,
749 957 804 1005 ct
835 953 1210 1020 mendacium,
1242 963 1296 1011 et
1340 957 1726 1024 homicidium,
1761 969 1815 1016 et
1850 962 2081 1031 furtum,

493 1044 549 1088 et
580 1035 909 1094 adulterium
940 1041 1348 1101 inundaverunt
1385 1057 1609 1115 terram,
1640 1058 1693 1106 et
1713 1053 1939 1122 sanguis
1964 1068 2087 1114 saw

496 1125 646 1186 guini
684 1129 1011 1187 commistus
1061 1144 1164 1188 est.
1204 1154 1223 1188 ι
1285 1136 1419 1206 Age,
1463 1137 1578 1208 jam
1631 1141 1837 1206 audite,
1884 1142 2080 1214 inquit,

491 1217 704 1286 judicio
738 1221 1020 1278 vobiscum
1046 1223 1443 1298 disceptantem
1478 1229 1670 1299 Deum,
1707 1241 1883 1304 atque
1906 1245 2085 1297 osten-

495 1305 716 1373 dentem
741 1313 890 1381 quali
921 1324 1239 1388 quantaque
1278 1321 1486 1376 malitia
1531 1325 1931 1395 providentiam
1963 1330 2083 1398 ejus

496 1407 836 1463 remunerati
876 1408 1019 1466 sitis.
1075 1410 1248 1468 Nemo
1297 1416 1500 1486 quippe
1544 1427 1786 1476 vestrum
1837 1422 2085 1481 veritatis

497 1508 689 1550 curam
714 1498 872 1569 gerit,
910 1517 1090 1574 neque
1130 1504 1298 1566 ullam
1344 1507 1632 1566 cbaritatis
1667 1527 1793 1582 erga
1834 1513 2085 1571 homines

498 1585 765 1644 rationem
794 1590 958 1653 habet
992 1613 1004 1650 :
1039 1597 1313 1667 siquidem
1350 1616 1417 1662 ne
1453 1601 1521 1657 de
1555 1602 1647 1658 Dei
1669 1605 1890 1675 quidem
1915 1608 2086 1663 scier»

498 1676 572 1740 tia
604 1681 824 1740 solliciti
855 1687 1026 1754 estis;
1062 1690 1158 1745 sed
1190 1690 1344 1748 fraus
1378 1703 1433 1755 et
1464 1699 1827 1753 cxseerabilia
1861 1714 2087 1769 prorsus

497 1783 686 1868 opera,
720 1772 1098 1845 homicidium,
1142 1782 1346 1838 furtum
1386 1794 1550 1856 atque
1588 1789 1917 1852 adulterium
1955 1807 2079 1863 pas-

500 1860 605 1912 sim
639 1860 692 1928 in
725 1870 870 1926 terra
906 1879 1269 1940 exercentur;
1318 1877 1638 1948 mutuisque
1681 1879 1926 1938 caedibus
1956 1860 2085 1936 tan-

501 1957 687 2020 tepere
740 1953 1061 2028 indulgetis,
1107 1971 1166 2019 ut
1213 1978 1432 2035 semper
1467 1981 1595 2022 cum
1650 1971 2088 2040 praecedentibus

495 2057 664 2098 cruor-
697 2047 1041 2119 snbsequens
1069 2053 1388 2115 misceatur.
1426 2076 1444 2111 ι
1482 2057 1716 2130 PrOpter
1751 2061 1856 2116 hoc
1885 2062 2089 2133 lugebit

495 2143 668 2205 terra,
689 2138 1181 2210 etminueturcum
1209 2150 1470 2209 omnibus
1491 2153 1584 2222 qui
1610 2153 1856 2208 habitant
1887 2170 2030 2211 eam.
2063 2174 2082 2208 ι

496 2223 558 2290 in
594 2227 744 2289 luctu
792 2240 940 2300 terra
982 2238 1166 2296 omnis
1201 2242 1535 2310 versabitur,
1572 2255 1796 2317 prepter
1830 2247 2089 2318 ingruen-

498 2319 636 2382 tium
670 2323 941 2380 maloruin
991 2330 1465 2400 magnitudinem:
1514 2335 1642 2391 dum
1679 2336 1712 2390 ii
1745 2345 1857 2396 tam
1891 2339 2088 2393 imula-.-

501 2411 643 2468 niter
671 2415 740 2468 ab
782 2415 1038 2476 hostibus
1086 2423 1458 2492 trucidantur,
1493 2436 1551 2482 ut
1585 2430 1804 2486 nonnisi
1853 2433 2088 2508 exiguus

500 2505 804 2562 incolarum
837 2526 1100 2570 numerus
1131 2515 1371 2587 supersit
1395 2537 1408 2574 :
1434 2518 1486 2575 id
1517 2521 1662 2575 enim
1695 2523 1878 2578 valent
1896 2505 2082 2589 verba,

505 2615 521 2652 ι
555 2595 826 2665 Minuetur
855 2611 996 2658 terra
1031 2621 1156 2661 cum
1192 2608 1568 2670 habitantibus
1597 2630 1740 2670 eam.
1773 2635 1882 2667 i—
1907 2637 1925 2669 ι
1949 2617 2086 2674 Cum

499 2691 628 2750 teris
651 2693 790 2764 agri,
815 2711 940 2750 cum
961 2701 1246 2771 reptilibus
1263 2712 1444 2768 terrae,
1466 2717 1666 2763 etcum
1692 2709 1819 2764 (τωιί
1845 2711 2089 2766 volucri-

495 2784 620 2844 bus.
661 2805 682 2842 ι
718 2785 950 2860 Tropice
979 2809 1132 2851 more
1178 2812 1281 2852 suo
1323 2799 1480 2866 dicit,
1522 2800 1641 2857 fore
1671 2812 1730 2856 ut
1777 2819 1900 2858 cum
1931 2805 2090 2874 plebe

500 2876 773 2949 principes
822 2897 1043 2956 quoque
1101 2886 1352 2958 ejusdem
1410 2901 1662 2962 pereant,
1701 2895 1796 2964 qui
1847 2894 2088 2952 ferarum

503 2972 675 3031 instar
723 2971 1120 3038 inﬁrmioribus
1173 2981 1499 3040 nocebant:
1547 2992 1602 3041 et
1646 3002 1744 3042 ceu
1783 3004 1912 3046 aves
1942 3005 2090 3060 quae-

500 3061 626 3150 tlain
658 3061 986 3134 diripiendis
1021 3072 1360 3142 pauperibus
1397 3075 1582 3131 subito
1617 3077 1974 3150 involabant;
2004 3081 2088 3137 vel

1695 337 2046 406 THEODORI
2087 340 2570 416 MOPSUESTENI

3673 366 3693 420 Ι
3705 368 3770 424 $8

2819 473 2978 531 ΚΕΨ.
3022 479 3096 530 Δ⁹.

2258 603 2404 674 Στίχ.
2432 612 2563 662 α’-ε¹.
2587 639 2655 650 --—
2678 608 2772 662 Διὸ
2794 627 2976 681 φησιν·
3005 631 3024 664 ι
3049 612 3343 668 Ἀκούσατε
3365 613 3522 682 λόγον
3543 614 3768 688 Κυρίου,

2185 698 2292 752 υἱοὶ
2337 699 2554 772 Ἰσραὴλ
2579 741 2594 766 ,
2642 703 2724 757 ὅτι
2752 703 2934 774 κρίσις
2964 703 3044 776 τῷ
3087 705 3278 777 Κυρίῳ
3317 705 3454 778 πρὸς
3483 706 3609 769 τοὺς
3638 722 3770 760 κατ-

2183 789 2468 856 οικοῦντας
2509 793 2608 865 τὴν
2657 794 2800 865 γῆνο
2846 795 2979 848 διότι
3027 797 3128 849 οὐκ
3163 795 3313 850 ἐστιν
3356 795 3605 868 ἀλήθεια,
3653 797 3771 852 ούδέ

2184 881 2351 947 ἔλεος,
2386 884 2507 938 οὐδὲ
2555 885 2850 954 ἐπίγνωσις
2881 885 3017 941 Θεοῦ
3053 889 3150 942 ἐπὶ
3186 889 3286 960 τῆς
3319 887 3424 958 γῆς
3449 905 3461 920 ο
3520 888 3633 961 ἀρά
3679 891 3774 943 καὶ

2184 968 2399 1038 ψεῦδος,
2422 971 2516 1024 καὶ
2542 972 2722 1041 φόνος,
2741 975 2836 1028 καὶ
2861 974 3059 1046 κλοπὴ,
3078 975 3172 1030 καὶ
3198 977 3412 1048 μοιχεία
3440 979 3662 1048 κέχυται
3685 979 3777 1032 ἐπὶ

2185 1059 2286 1130 τῆς
2313 1062 2435 1130 γῆς,
2476 1062 2571 1115 καὶ
2601 1063 2808 1135 αἵματα
2850 1067 2936 1135 ἐφ’
2970 1069 3167 1137 αἵμασι
3202 1069 3512 1138 μίσγουσιν.
3546 1090 3564 1122 ι
3617 1069 3778 1123 Ἀλλά

2185 1152 2296 1223 γὰρ
2345 1152 2436 1204 ἐπὶ
2487 1153 2718 1218 τούτοις,
2765 1158 2966 1226 φησὶν,
3013 1157 3284 1212 ἀκούσατε
3316 1160 3635 1230 κρινομένου
3682 1158 3776 1212 τοῦ

2185 1243 2320 1297 Θεοῦ
2357 1244 2493 1315 πρὸς
2524 1245 2668 1314 ὑμᾶς
2696 1247 2790 1300 καὶ
2830 1246 3138 1310 δεικνύντος
3168 1249 3300 1312 οἵοις
3330 1266 3390 1301 τε
3438 1250 3533 1302 καὶ
3571 1249 3778 1320 ἡλίκοις

2186 1335 2354 1388 αὐτοῦ
2395 1335 2496 1407 τὴν
2529 1337 2855 1408 κηδεμονίαν
2888 1339 3194 1410 ἠμείψασθε
3229 1343 3453 1404 κακοίς’
3502 1331 3779 1411 φρόντίζει

2191 1429 2290 1500 μὲν
2318 1428 2429 1501 γὰρ
2450 1430 2708 1500 ἀληθείας
2732 1431 2909 1496 οὐδεὶς
2935 1435 2992 1487 ἐν
3021 1435 3172 1504 ὑμῖν,
3197 1434 3310 1488 ἀλλ’
3334 1435 3454 1489 οὐδὲ
3482 1435 3782 1507 φιλανθρωο

2189 1523 2318 1585 πίας
2346 1524 2474 1593 ὑμῖν
2503 1523 2690 1592 λόγος’
2743 1527 2819 1596 (p.
2853 1526 2946 1596 29)
2987 1529 3110 1580 ἐπεὶ
3141 1527 3276 1599 μηδέ
3305 1528 3404 1598 τῆς
3463 1526 3615 1590 θείας
3642 1525 3784 1596 γνώ-

2189 1631 2329 1679 σεως
2361 1614 2514 1685 ἔχετε
2546 1615 2800 1686 φροντίδα
2821 1633 2835 1648 ο
2882 1617 3064 1688 ἀπάτη
3093 1617 3150 1671 δὲ
3193 1617 3288 1670 καὶ
3325 1616 3395 1670 τά
3430 1617 3612 1688 πάσης
3653 1618 3784 1683 ἀξια

2188 1706 2457 1777 κατάρας,
2489 1705 2648 1775 φόνος
2676 1722 2737 1758 τε
2767 1707 2862 1760 καὶ
2889 1706 3065 1776 κλοπὴ
3095 1708 3190 1759 καὶ
3223 1706 3436 1776 μοιχεία
3467 1705 3557 1759 διὰ
3592 1705 3778 1776 πάσης

2117 1834 2160 1890 Β
2189 1797 2356 1870 χύδην
2381 1798 2711 1852 ἐπιτελεῖται
2739 1799 2838 1868 τῆς
2864 1801 2967 1870 γῆς
3001 1815 3015 1830 ο
3063 1797 3334 1867 τοσαύτην
3363 1797 3517 1868 ὑμῶν
3547 1797 3784 1867 ἑχόντων

2189 1892 2318 1963 περὶ
2366 1891 2426 1944 τὸ
2477 1891 2724 1960 φονεύειν
2768 1891 3031 1962 ἀλλήλους
3075 1890 3174 1962 τὴν
3221 1889 3477 1961 σπουδήν,
3522 1889 3662 1943 ὥστε
3696 1889 3787 1943 ἀεὶ

2188 1988 2298 2058 τοῖς
2332 1984 2683 2056 προειληφόσι
2711 1983 2822 2038 τῶν
2854 1983 2975 2037 καθ’
3010 1983 3136 2054 ἑξῆς
3166 1986 3420 2054 μιγνύναι
3448 1982 3517 2036 τά
3548 1983 3782 2052 αἵματα.

2195 2092 2212 2123 ι
2239 2072 2337 2126 Διά
2364 2072 2522 2126 τοῦτο
2550 2072 2810 2143 πενθήσει
2841 2074 2872 2144 ή
2898 2073 2974 2142 γῆ
2995 2113 3010 2135 ,
3055 2072 3153 2126 καὶ
3186 2072 3650 2144 σμικρυνθήσεται
3681 2072 3786 2125 στίν

2191 2167 2325 2218 πᾶσι
2369 2167 2485 2228 τοῖς
2534 2162 2881 2220 κατοικοῦσιν
2930 2165 3120 2235 αὑτήν.
3169 2183 3188 2216 ι
3255 2165 3344 2218 Ἐν
3394 2164 3580 2219 πένθει
3629 2167 3786 2219 πᾶσά

2187 2257 2262 2328 γῆ
2285 2258 2575 2328 γενήσεται
2597 2256 2684 2311 διὰ
2712 2257 2771 2310 τὸ
2798 2257 3024 2327 μέγεθος
3047 2257 3155 2311 τῶν
3182 2258 3575 2328 ἐπιγινομένων
3598 2259 3787 2321 αὐτοῖς

2188 2349 2376 2402 κακῶν
2401 2365 2418 2381 ο
2481 2349 2624 2402 οὕτω
2676 2347 2784 2402 τῶν
2830 2348 3103 2420 πολεμίων
3153 2350 3524 2423 ἀναιρούντων
3579 2351 3785 2414 αὐτοὺς

2188 2439 2456 2510 ἀφειδῶς,
2509 2439 2650 2493 ὥστε
2702 2441 2783 2503 εἰς
2835 2439 3128 2494 ἐλάττωσιν
3183 2441 3504 2512 περιστῆναι
3552 2441 3661 2494 τῶν
3708 2441 3785 2494 ot.

2189 2533 2426 2595 κούντων
2458 2531 2550 2586 τὸν
2576 2531 2828 2602 ἀριθμόν·
2854 2530 3010 2585 τοῦτο
3039 2531 3147 2602 γὰρ
3174 2531 3321 2600 λέγει
3350 2531 3432 2597 τὸ,
3460 2550 3478 2582 ι
3509 2531 3789 2606 Σμικρυνο

2190 2625 2414 2696 θήσεται
2472 2626 2506 2696 ή
2559 2625 2632 2695 γῆ
2685 2623 2782 2677 σὺν
2837 2626 2949 2686 τοῖς
2997 2622 3344 2677 κατοικοῦσιν
3392 2623 3579 2694 αὑτήν.
3642 2642 3661 2674 ι
3721 2652 3790 2665 --

2196 2735 2214 2768 ι
2243 2717 2346 2770 Σὺν
2374 2718 2483 2778 τοῖς
2509 2715 2719 2786 θηρίοις
2746 2713 2840 2768 τοῦ
2875 2714 3069 2786 ἀγροῦ,
3099 2714 3196 2770 καὶ
3239 2717 3352 2779 τοῖς
3397 2716 3650 2786 ἑρπετοῖς
3679 2714 3789 2785 τῆς

2189 2811 2312 2879 γῆς,
2338 2809 2429 2862 καὶ
2452 2809 2548 2861 σὺν
2579 2810 2694 2870 τοῖς
2717 2809 2980 2870 πετεινοῖς
3014 2806 3106 2860 τοῦ
3147 2806 3399 2878 ούρανοῦ.
3437 2825 3456 2860 ι
3489 2806 3786 2878 Τροπικῶς

2189 2901 2508 2970 λέγεικατά
2553 2899 2615 2954 τὸ
2650 2899 2859 2965 εἰωθὸς,
2913 2900 2995 2954 ὄτι
3040 2899 3466 2955 συναπολοῦνται
3499 2901 3594 2954 καὶ
3627 2902 3681 2954 οῖ
3730 2901 3789 2954 ἐν

2188 2995 2371 3057 αὐτοῖς
2403 2993 2619 3047 δυνατοὶ
2645 2995 2755 3056 τοῖς
2785 2993 3010 3060 λοιποῖς,
3035 2994 3085 3046 οἱ
3112 2993 3315 3064 θηρίων
3355 3010 3414 3046 τε
3446 2992 3601 3064 δίκην
3645 2995 3789 3064 ἐπη-

2193 3087 2476 3160 ρεάζοντες
2504 3088 2616 3150 τοῖς
2649 3084 3089 3157 ἀσθενεστέροις·
3112 3086 3206 3139 καὶ
3232 3084 3422 3155 ὥσπερ
3449 3083 3572 3138 τινὰ
3606 3083 3791 3155 πτηνά

502 3149 741 3224 denique
783 3160 1123 3229 serpentium
1175 3165 1281 3218 ritu
1332 3168 1615 3240 proximos
1676 3188 1924 3243 quosque
1963 3174 2088 3228 vul-

2193 3149 2408 3250 ἀθρόον,
2437 3149 2558 3242 ταῖς
2595 3149 2706 3232 τῶν
2738 3149 2988 3249 πενήτων
3021 3179 3300 3248 ἁρπαγαῖς
3347 3149 3596 3240 ἐπιόντες
3620 3193 3635 3206 ·
3692 3149 3788 3230 καὶ

505 3261 696 3342 iterare
725 3249 1044 3306 studebant.
1071 3273 1090 3313 ι
1122 3254 1288 3314 Maris
1313 3275 1533 3331 quoque
1559 3263 1739 3333 pisces
1761 3265 2038 3323 deﬁcient.
2067 3287 2088 3321 ι

2199 3272 2298 3342 οὐχ
2329 3265 2492 3342 ἦττον
2532 3269 2776 3342 ἑρπετῶν
2807 3268 3064 3339 βλάπτειν
3099 3269 3496 3332 ἐσπουδακότες
3529 3269 3660 3332 τοὺς
3696 3269 3792 3323 πέ-

503 3340 718 3405 Cuncti,
769 3349 829 3398 ut
880 3359 993 3400 uno
1045 3351 1213 3408 verbo
1250 3350 1454 3421 dicam,
1492 3357 1608 3426 qui,
1650 3363 1914 3429 tanquam
1942 3375 2096 3418 mare

503 3429 706 3522 pisces,
749 3434 830 3488 sic
865 3445 1067 3493 terram
1102 3443 1410 3513 replebant,
1451 3444 1700 3506 funditus
1724 3451 2091 3522 disperibunt.

503 3518 602 3615 llis
627 3522 780 3579 addit
818 3544 832 3581 :
884 3545 903 3579 ι
956 3527 1027 3584 Ut
1075 3547 1239 3588 nemo
1281 3537 1364 3592 vel
1400 3536 1698 3606 judicetur,
1723 3518 2097 3615 vel—arguatur

503 3612 816 3684 quisquam.
833 3619 1168 3690 ionanta,
1188 3625 1384 3696 inquit,
1402 3631 1647 3698 omnium
1665 3647 1847 3688 rerum
1867 3612 2095 3693 vastitas

504 3705 904 3782 erit,utneque
936 3713 1197 3788 deinceps
1210 3718 1379 3788 judex
1407 3725 1670 3794 supersit,
1706 3741 1807 3782 nec
1835 3729 1930 3799 qui
1960 3729 2097 3785 alio-

506 3814 627 3900 rum
651 3802 887 3860 crimina
911 3809 1154 3881 corrigat
1178 3831 1192 3868 :
1221 3815 1437 3870 cunctis
1455 3833 1561 3884 una
1583 3821 1922 3892 captivitatis
1943 3824 2094 3879 cala-

507 3897 695 3983 tnitate
711 3909 865 3965 :rque
885 3897 1120 3964 obrutis.
1145 3920 1164 3954 ι
1183 3901 1427 3974 Populus
1444 3915 1626 3963 autem
1649 3925 1805 3978 meus
1826 3920 2088 3983 tanquam

508 3982 788 4051 sacerdos,
841 3988 930 4046 cui
973 3992 1376 4050 contradicitur
1409 4015 1421 4051 :
1463 4017 1481 4051 ι
1516 3998 1784 4070 dignitate
1821 3982 1970 4062 omni
2000 4005 2097 4060 des-

507 4073 727 4169 ciduus,
771 4081 1033 4154 nulloque
1065 4086 1182 4154 jam
1239 4087 1464 4152 habitus
1512 4103 1766 4165 respectu:
1829 4097 2032 4169 dignus
2078 4117 2091 4153 :

508 4165 679 4262 veluti
713 4170 760 4229 si
799 4173 925 4242 quis
954 4177 1214 4237 sacerdos
1239 4181 1293 4236 in
1319 4189 1752 4244 controversiam
1782 4165 2009 4262 incidat,
2043 4203 2096 4251 et

453 4311 456 4313 λ
507 4256 835 4352 deponatur,
872 4276 1036 4338 atque
1087 4271 1232 4342 apud
1271 4290 1465 4334 omnes
1515 4279 1930 4338 dehonestetur.
1971 4256 2006 4338 ι⁷
2029 4285 2097 4352 Et

506 4349 760 4408 inﬁrmus
787 4357 910 4423 erit
957 4359 1218 4419 interdiu.
1256 4382 1275 4416 ι
1322 4364 1644 4426 Diutissime
1689 4370 1745 4427 in
1780 4349 2096 4432 inﬁrmitate

506 4444 822 4505 versabitur
865 4448 1301 4512 incumbentium
1346 4461 1638 4518 malorum.
1675 4481 1696 4515 ι
1738 4463 1806 4518 Et
1844 4466 2094 4529 inﬁrmus

2198 3363 2312 3426 λας.
2343 3363 2420 3433 (p.
2445 3359 2536 3434 50)
2571 3381 2590 3413 ι
2616 3360 2728 3415 Καὶ
2757 3358 2938 3431 ἰχθύες
2960 3360 3061 3432 τῆς
3087 3360 3365 3432 θαλάσσης
3387 3361 3786 3432 ἐκλείψουσιν.ι

2198 3456 2502 3520 Ἅπαντες,
2556 3454 2836 3525 συντόμως
2875 3455 3069 3521 εἰπεῖν,
3102 3456 3154 3508 οί
3190 3455 3312 3510 καθ’
3341 3456 3636 3527 ὁμοιότητα
3677 3455 3792 3509 τῶν

2196 3549 2295 3620 τῆς
2325 3547 2594 3617 θαλάττης
2628 3546 2827 3618 ἰχθύων
2867 3547 3202 3619 πληροῦντες
3231 3548 3330 3619 τὴν
3366 3549 3468 3619 γῆν
3486 3548 3659 3621 ἄρδην
3683 3550 3792 3604 ἀπ-

2195 3638 2464 3694 ολοῦνται.
2496 3638 2720 3702 Τούτοις
2743 3639 2958 3709 ἐπάγει·
2998 3640 3220 3704 «Ὅπως
3256 3639 3446 3710 μηδεὶς
3475 3641 3614 3710 μήτε
3637 3640 3794 3694 δικά-

2197 3729 2378 3801 ζηται,
2412 3731 2549 3802 μήτε
2579 3729 2869 3801 ἐλέγχηται
2899 3729 3109 3801 μηδείς.
3142 3749 3162 3782 ι
3207 3729 3455 3801 Τοσαύτη
3489 3731 3568 3795 δὲ,
3601 3733 3793 3802 φησὶν,

2197 3819 2417 3872 ἅπαντα
2448 3819 2653 3890 ἐρημία
2687 3818 2928 3886 καθέξει,
2979 3819 3056 3883 ὡς
3093 3821 3233 3891 μήτε
3265 3820 3358 3873 τὸν
3385 3819 3678 3886 δικάζοντα
3713 3817 3796 3875 εἴ·

2196 3928 2286 3974 ναι
2318 3909 2523 3978 λοιπὸν,
2563 3911 2700 3982 μήτε
2741 3911 2833 3964 τὸν
2861 3911 2931 3966 τὰ
2965 3911 3170 3982 ἑτέρων
3206 3910 3588 3983 διορθούμενον
3633 3912 3796 3966 πταί-

2199 4021 2410 4076 σματα·
2445 4005 2547 4076 μιᾷ
2569 4006 2634 4076 τῇ
2666 4005 2763 4075 τῆς
2791 4003 3170 4075 αἰχμαλωσίας
3205 4005 3461 4076 συμφορᾷ
3494 4005 3796 4077 κατεχομέ-

2196 4114 2302 4151 νων
2318 4097 2570 4160 ἀπάντων
2585 4097 2805 4168 ὁμοίως.
2834 4115 2850 4147 ι
2875 4098 2931 4150 '0
2947 4096 3006 4150 δὲ
3020 4096 3149 4160 λαός
3163 4114 3264 4169 μου
3287 4098 3362 4161 ὡς
3379 4099 3476 4152 ἀντ
3484 4098 3799 4169 ιλεγόμενος

2201 4188 2396 4259 ίερεύς·
2411 4208 2429 4243 ι
2453 4189 2634 4259 πάσης
2645 4189 2937 4242 ἀποπεσὼν
2950 4188 3048 4259 τῆς
3067 4187 3301 4258 πρόσθεν
3313 4188 3492 4253 ἀξίας,
3511 4188 3795 4242 καὶούδενι

2197 4281 2340 4351 λόγῳ
2353 4279 2676 4353 φαινόμενος
2687 4279 2856 4345 ἄξιος·
2873 4279 3063 4350 ὥσπερ
3074 4279 3142 4334 ἀν
3161 4281 3309 4344 εῖτις
3329 4280 3506 4352 ἱερεὺς
3521 4282 3601 4344 είς
3615 4281 3796 4353 ἀντίρ-

2199 4379 2358 4451 ρησιν
2372 4375 2576 4443 πεσὼν,
2599 4375 2844 4430 ἀθετοῖτό
2859 4393 2919 4430 τε
2939 4377 3034 4430 καὶ
3052 4375 3376 4447 ἀτιμάζοιτο
3387 4377 3537 4448 παρά
3549 4377 3793 4435 πάντων.

2204 4488 2222 4526 ι
2248 4469 2355 4522 Καὶ
2378 4469 2665 4540 ἀσθενήσει
2691 4468 2922 4542 ἡμέρας.
2957 4487 2978 4522 ι
3025 4468 3149 4521 Ἐπὶ
3181 4468 3433 4522 πλεῖστον
3456 4472 3514 4523 ὲν
3539 4469 3799 4540 ἀσθενείᾳ

505 4534 612 4590 erit
641 4539 912 4632 propheta
951 4550 1132 4601 tecum
1175 4557 1366 4604 noctu.
1405 4571 1424 4605 ι
1477 4551 1544 4608 Et
1593 4555 1687 4626 qui
1738 4557 1894 4615 falsis
1933 4568 2090 4618 antea

2202 4562 2306 4617 ὑπὸ
2333 4562 2442 4624 τῶν
2466 4534 2832 4632 ἐπικειμένων
2864 4563 3156 4632 γενήσεται
3183 4562 3390 4618 κακῶν.
3435 4583 3454 4616 ι
3493 4563 3601 4616 καὶ
3629 4534 3799 4618 ἀιίςθεζ

495 4628 957 4722 pradictionibus
1011 4637 1080 4692 ad
1145 4655 1245 4709 vos
1300 4641 1655 4714 decipiendos
1710 4650 2096 4722 abutebantur,

508 4719 755 4792 plerique
799 4740 993 4790 omnes
1039 4729 1498 4809 inﬁrmabuntur;
1554 4741 1624 4803 ab
1681 4743 1952 4803 obruente
2002 4719 2099 4806 eos

509 4812 843 4914 calamitate,
901 4823 1192 4882 nocturnis
1270 4827 1436 4884 veluti
1511 4834 1755 4892 tenebris
1818 4843 2096 4914 occupati,

512 4902 722 4966 fraudis
745 4923 861 4965 sua:
899 4910 1095 4972 inutile
1127 4915 1242 4985 jam
1273 4922 1532 4980 molimen
1552 4937 1863 4986 cernentes.
1891 4950 1914 4988 ι
1942 4902 2098 4991 docti

511 4997 810 5063 assimilavi
863 5011 1095 5061 matrem
1148 5015 1324 5066 tuam.
1375 5032 1396 5066 ι
1436 5016 1590 5078 Adeo
1625 5019 1743 5078 haec
1773 5023 1830 5078 in
1876 4997 2098 5084 inscitia

512 5096 677 5162 atque
705 5107 894 5162 errore
923 5111 1140 5171 semper
1170 5108 1453 5174 versatur!

583 5393 753 5454 Vens.
781 5398 897 5458 6-8.
919 5435 991 5447 —
1027 5423 1048 5459 ι
1083 5405 1249 5467 Visus
1273 5418 1360 5468 est
1381 5414 1621 5484 populus
1653 5429 1808 5469 meus
1836 5424 2095 5486 tanquam

511 5503 622 5542 non
659 5488 867 5550 habens
897 5495 1206 5555 scientiam.
1243 5521 1263 5555 ι
1291 5500 1404 5560 Vos
1441 5519 1664 5575 quoque
1695 5504 1942 5575 ejusdem
1971 5506 2096 5561 imi-

507 5588 718 5638 tatores
762 5583 914 5656 facti,
965 5591 1173 5648 nullam
1222 5594 1470 5652 scientia:
1513 5612 1649 5653 mea:
1687 5598 1954 5654 rationem
1994 5598 2098 5652 ha-

511 5672 736 5733 buistis.
766 5695 788 5731 ι
829 5681 969 5749 Quia
1004 5694 1061 5740 et
1093 5693 1150 5740 tu
1181 5688 1434 5757 repulisti
1476 5691 1789 5756 scientiam,
1827 5692 2095 5762 repellam

509 5771 564 5828 ιε
598 5781 700 5836 ego
738 5787 980 5843 quoque,
1017 5778 1316 5846 quominus
1358 5782 1674 5840 sacerdotio
1715 5784 1849 5840 mihi
1899 5784 2096 5856 funga-

511 5857 608 5924 τῖεν
647 5879 668 5912 ι
699 5859 873 5926 Sicmi
898 5881 998 5932 vos
1027 5867 1317 5928 scientiam
1339 5888 1516 5931 meam
1555 5883 1740 5934 mente
1772 5884 1953 5936 vestra
1982 5880 2094 5950 eje-

2197 4656 2350 4726 νήσει
2374 4655 2660 4726 προφήτης
2692 4653 2831 4724 μετὰ
2861 4653 2957 4707 σοῦ
2984 4655 3198 4718 νυκτός.
3224 4673 3242 4706 ι
3260 4656 3370 4710 Καὶ
3398 4657 3448 4710 οί
3475 4659 3597 4718 ταῖς
3620 4659 3798 4729 προρ-

2201 4751 2395 4823 ρήσεσι
2421 4747 2480 4803 δὲ
2506 4748 2615 4811 ταῖς
2649 4745 2870 4816 ψευδέσι
2911 4747 3050 4819 πρὸς
3093 4748 3310 4820 ἀπάτην
3338 4749 3494 4820 ὑμῶν
3525 4749 3799 4822 πρότερον

2199 4840 2574 4913 κεχρημένοι,
2624 4839 2682 4892 ἑν
2714 4837 2972 4913 ἀσθενείᾳ
3023 4842 3264 4897 πλεῖστοι
3302 4844 3398 4898 καὶ
3444 4844 3600 4898 αὐτοὶ
3628 4845 3796 4916 γενή-

2199 4951 2383 4990 σονται
2399 4951 2412 4964 ·
2445 4931 2552 4986 ὑπὸ
2570 4932 2670 5003 τῆς
2691 4934 3033 5008 κατεχούσης
3053 4937 3250 5000 αὐτοὺς
3271 4938 3581 5009 συμφορᾶς,
3601 4935 3798 5007 ὥσπερ

2200 5024 2502 5099 νυκτερινῷ
2529 5043 2636 5082 τινι
2664 5026 3117 5100 περιϐαλλόμενοι
3146 5029 3346 5100 σκότῳ,
3384 5029 3480 5083 καὶ
3521 5029 3622 5100 τῆς
3648 5030 3796 5083 ἀπάη

2199 5138 2301 5192 της
2348 5119 2624 5190 ἄχρηστον
2687 5117 2901 5184 ἑαυτοῖς
2964 5120 3064 5193 τήν
3128 5122 3474 5194 ἐπιτήδευσιν
3532 5121 3794 5194 ὁρῶντες.

2207 5234 2228 5269 ι
2249 5212 2427 5272 Νυκτὶ
2450 5211 2711 5283 ὡμοίωσα
2738 5211 2838 5284 τὴν
2867 5212 3080 5285 μητέρα
3108 5230 3258 5271 σου.)
3292 5213 3481 5278 Οὕτως
3508 5215 3568 5267 ἐν
3599 5213 3798 5284 ἀγνοίᾳ

2201 5308 2297 5365 καὶ
2325 5305 2505 5378 πλάνῃ
2533 5304 2893 5362 καθεστῶσαν
2919 5305 3028 5360 ἀεί.

2271 5419 2418 5491 Στίχ.
2447 5427 2598 5492 ς’-η’.
2626 5451 2698 5461 -
2729 5438 2749 5472 ι
2773 5417 3043 5491 Ὡμοιώθη
3074 5421 3102 5473 ό
3132 5419 3260 5485 λαός
3294 5437 3395 5490 μου
3424 5421 3501 5484 ὼς
3529 5420 3630 5474 οὐκ
3647 5417 3795 5490 ἔχων

2197 5511 2514 5580 ἐπίγνωσιν.
2541 5531 2559 5564 ι
2613 5510 2990 5583 Ἐμιμήσασθε
3019 5509 3085 5583 δὴ
3119 5510 3324 5582 ταύτην
3358 5511 3454 5566 καὶ
3488 5512 3666 5584 ὑμεῖς,
3699 5510 3795 5564 ού·-

2196 5603 2323 5659 δένα
2354 5605 2454 5676 τῆς
2487 5603 2836 5673 ἐπιγνώσεως
2863 5603 2960 5674 τῆς
2989 5603 3132 5674 ἐμῆς
3162 5601 3378 5675 ἔχοντες
3409 5603 3588 5671 λόγον.
3630 5602 3794 5656 «Ὅτι

2198 5702 2292 5755 καῖ¹
2315 5701 2378 5755 σὺ
2409 5700 2706 5761 ἐπίγνωσιν
2730 5697 2957 5764 ἀπώσω,
2986 5696 3282 5769 ἀπώσομαί
3318 5699 3393 5770 (p.
3424 5697 3513 5769 5|)
3548 5715 3607 5751 σε
3630 5695 3792 5766 κάγὼ

2197 5791 2295 5845 τοῦ
2330 5790 2406 5862 μὴ
2443 5791 2739 5863 ἱερατεύειν
2772 5807 2883 5860 μοι⁸
2911 5808 2930 5841 ι
2984 5788 3176 5860 ὥσπερ
3209 5789 3267 5844 δὲ
3297 5790 3454 5861 ὑμεῖς
3481 5786 3792 5858 ἀποϐεϐλή-

2202 5897 2335 5936 κατε
2378 5881 2477 5951 τὴν
2515 5881 2718 5952 γνῶσιν
2755 5877 2965 5937 ἑαυτῶν
3009 5880 3110 5955 τήν
3141 5881 3300 5954 ἐμὴν,
3332 5880 3474 5950 οῦτω
3504 5878 3658 5953 κάγὼ
3687 5880 3792 5957 τῆς
