4104 6466
561 319 654 378 151

1768 333 2122 392 THEODOBI
2176 338 2630 400 MOPSUESTEN
2638 346 2658 400 ι

3716 338 3817 414 ιη’

633 438 796 492 Vsus.
832 439 1018 495 12-“.
1056 469 1125 481 -—
1158 459 1177 493 ι
1209 442 1270 497 In
1299 443 1568 515 auspiciis
1606 446 2042 521 interrogabant,
2083 462 2125 508 el

2314 457 2461 528 Σιίχ.
2514 458 2695 528 ιβόιδ.
2730 488 2800 500 —
2833 479 2852 512 ι
2901 462 2990 516 Ἐν
3045 462 3335 533 συμϐόλοις
3383 463 3807 537 ἐπηρώτων.καὶ

556 529 611 581 in
671 530 842 600 virgis
892 532 1009 586 suis
1070 534 1474 590 annuntiabant
1530 537 1602 593 ei.
1638 556 1655 589 ι
1716 539 1881 604 More,
1937 543 2136 613 inquit,

554 621 899 676 ethnicorum
945 625 1203 693 agebant,
1247 628 1339 697 qui
1384 628 1664 687 daemones
1698 633 2135 705 interrogabant,

478 723 484 729 ‘
554 716 669 770 sive
697 716 892 771 horum
934 719 1275 786 sacerdotes,
1310 739 1374 778 ex
1407 726 1670 795 auspiciis
1702 726 1918 785 discere
1946 731 2134 786 volen-

551 813 635 859 les
664 823 787 876 quae
816 809 952 878 ipsis
981 825 1123 880 opus
1154 826 1310 867 erant
1344 833 1357 868 :
1386 830 1619 886 quorum
1651 828 1770 873 erat
1793 823 2137 878 consuetudo

552 906 612 950 ut
649 899 820 968 virgis
842 902 1174 970 quibusdam
1206 915 1442 971 utentes,
1471 907 1845 966 fraudulenter
1873 914 1939 965 ad
1967 913 2137 968 inter-

552 995 741 1056 rogata
777 992 1192 1059 responderent.
1228 1012 1246 1045 ι
1280 994 1522 1065 Spiritus
1557 998 1942 1059 fornicationis
1968 1002 2132 1058 dece—

554 1077 634 1146 pit
658 1094 777 1143 eos,
806 1092 861 1135 et
892 1081 1147 1139 fornicati
1179 1097 1307 1141 sunt
1349 1105 1379 1141 a
1415 1088 1524 1144 Deo
1558 1105 1674 1146 suo.
1705 1112 1723 1144 ι
1758 1092 2133 1149 Fornicariam

552 1168 820 1226 habentes
845 1181 1105 1240 mentem,
1142 1178 1209 1231 ad
1240 1195 1485 1235 errorem
1514 1197 1542 1235 a
1568 1181 1679 1239 Deo
1705 1200 1932 1255 prorsus
1954 1189 2131 1243 aversi

550 1261 986 1324 declinaverunt.
1024 1288 1042 1321 ι
1078 1271 1257 1342 Super
1284 1277 1519 1331 vertices
1545 1278 1811 1332 montium
1845 1280 2132 1335 sacriﬁca-

545 1354 699 1418 bant,
736 1364 791 1410 et
823 1372 993 1428 super
1018 1359 1189 1415 colles
1220 1364 1593 1421 accendebant
1626 1367 1926 1440 thymiama
1960 1389 1973 1424 :
2000 1370 2133 1425 sub-

545 1451 638 1501 tus
686 1462 952 1516 quercum
990 1461 1045 1505 et
1083 1454 1345 1523 pupulum
1378 1462 1432 1509 et
1478 1458 1795 1514 umbrosam
1848 1461 2127 1525 arborem,

544 1534 676 1605 quia
712 1537 916 1593 bonum
956 1553 1073 1596 erat
1105 1544 1509 1599 umbraculum.
1549 1566 1569 1598 ι
1606 1546 1810 1605 Deinde
1858 1551 1925 1605 ad
1972 1565 2130 1605 mon-

542 1634 631 1685 tcs
662 1630 940 1702 collesque
971 1636 1288 1700 currebant,
1326 1637 1514 1707 ibique
1542 1639 1884 1696 daemonibus
1915 1641 2130 1697 sacriﬁ-

543 1718 630 1772 cia
685 1720 992 1789 faciebant,
1054 1741 1393 1798 magnasque
1446 1738 1501 1783 et
1556 1730 1847 1786 umbrosas
1902 1733 2126 1789 arbores

2243 548 2302 600 ὲν
2355 549 2566 621 ῥάϐδοις
2613 550 2779 603 αὐτοῦ
2812 552 3153 622 ἀπήγγελλον
3205 555 3373 625 αὐτῷ.
3414 574 3433 606 ι
3482 558 3547 609 ’Δ
3574 560 3711 613 κατά
3751 562 3807 615 τὸ

2255 638 2565 710 Ἑλληνικὸν
2582 641 2705 705 ἔθος
2736 644 2976 710 ἐποίουν,
3009 644 3177 711 λέγει,
3202 647 3284 698 ὅτι
3304 648 3352 699 οἱ
3390 648 3487 717 μὲν
3525 650 3808 721 ἐπηρώτων

2240 733 2366 796 τοὺς
2391 732 2669 802 δαίμονας,
2711 734 2822 788 εἴτε
2853 736 2981 797 τοὺς
3022 735 3225 790 τούτων
3268 739 3469 809 ἱερέας,
3503 740 3589 793 διὰ
3619 742 3807 811 ωμὸόσ

2238 826 2347 881 λων
2379 828 2672 899 μανθάνειν
2698 828 3031 900 βουλόμενοι,
3058 831 3109 883 τί
3132 829 3241 883 τῶν
3272 833 3451 895 αὐτοῖς
3492 833 3803 901 ἀναγκαίων*

2237 920 2286 973 οἳ
2338 920 2479 973 κατά
2526 920 2587 973 τὸ
2636 920 2827 984 είωθδς
2887 921 3070 984 αὐτοῖς
3113 921 3327 992 ῥάϐδοις
3379 925 3489 975 τισὶ
3540 926 3806 997 κεχρημέ-

2237 1026 2317 1063 νοι
2387 1008 2525 1079 μετά
2570 1009 2786 1081 ἀπάτης
2827 1011 2939 1063 τῶν
3007 1011 3327 1083 ἐρωτήσεων
3385 1014 3483 1083 τὴν
3532 1015 3808 1087 ἀπόκρισιν

2236 1101 2538 1156 ἐποιοῦντο.
2577 1118 2597 1152 t
2631 1101 2910 1173 Πνεύματι
2959 1104 3215 1173 πορνείας
3277 1106 3674 1177 ἐπλανήθησαν,
3719 1114 3806 1166 καὶ

2237 1191 2633 1264 ἐξεπόρνευσαν
2653 1194 2762 1246 ἀπὸ
2782 1192 2876 1246 τοῦ
2905 1193 3041 1246 Θεοῦ
3063 1194 3263 1248 αὐτῶν.
3302 1215 3321 1246 ›
3354 1196 3590 1269 Πορνικῇ
3616 1202 3807 1272 χρησά-

2239 1303 2389 1355 μενοι
2442 1285 2657 1360 γνώμῃ.
2715 1287 2853 1358 πρὸς
2897 1287 3107 1359 πλάνην
3157 1284 3293 1343 εἶδον
3348 1291 3678 1357 ἀποστάντες
3717 1295 3806 1350 τοῦ

2234 1378 2369 1431 Θεοῦ
2403 1378 2700 1442 παντελῶς.
2742 1400 2762 1432 ι
2808 1382 2931 1434 Ἐπὶ
2953 1382 3051 1446 τὰς
3085 1382 3330 1453 κορυφὰς
3364 1384 3472 1437 τῶν
3503 1385 3669 1455 ὀρέων
3692 1386 3803 1439 ἐθυ-

2236 1468 2441 1534 σίαζον,
2473 1468 2549 1539 (p.
2593 1471 2684 1542 34)
2721 1472 2814 1525 καὶ
2852 1472 2944 1524 ἐπὶ
2972 1473 3096 1535 τοὺς
3140 1472 3362 1542 βουνοὺς
3388 1473 3542 1528 ἔθυον
3564 1475 3806 1531 ὑποκάτω

2232 1560 2392 1632 δρυὸς
2416 1562 2511 1615 καὶ⁸
2535 1561 2736 1633 λεύκης
2760 1564 2853 1617 καὶ
2873 1564 3090 1636 δένδρου
3122 1565 3526 1631 συσκιάζοντος,
3548 1568 3626 1621 ὄτι
3654 1569 3807 1623 καλὸν

2234 1653 2432 1723 σκέπη.
2460 1673 2478 1706 ι
2501 1649 2635 1710 Εἶτα
2657 1656 2747 1708 ἐπὶ
2776 1656 2847 1710 τὰ
2875 1656 2974 1727 ὅρη
3005 1674 3065 1708 τε
3092 1658 3329 1721 καὶτοὺς
3359 1657 3581 1729 βουνοὺς
3607 1660 3809 1731 ἀνέτρε-

2232 1765 2347 1818 χον,
2390 1747 2576 1801 αὐτόθι
2616 1748 2806 1813 θυσίας
2852 1750 3223 1815 ἐπιτελοῦντες
3278 1756 3389 1816 τοῖς
3436 1752 3690 1824 δαίμοσι⁶
3722 1753 3808 1810 καὶ

542 1810 878 1883 deligebam,
915 1816 1004 1869 ubi
1037 1831 1171 1872 suas
1200 1819 1589 1888 perversitatcs
1622 1832 1983 1892 peragerent;
2025 1839 2125 1877 ma-

2234 1810 2466 1910 δένδρων
2495 1840 2560 1894 τά
2609 1810 2819 1913 μεγάλα
2852 1861 2909 1895 τε
2953 1845 3046 1897 καὶ
3076 1810 3271 1899 σύσκια
3317 1810 3680 1919 ἐκλεγόμενοι,
3714 1849 3817 1901 αὖοι

542 1918 712 1971 gnum
737 1906 870 1975 quid
902 1915 955 1961 et
988 1917 1241 1963 saurtum
1270 1918 1533 1980 putantes
1561 1928 1685 1967 esse
1720 1915 1980 1968 arborum
2016 1930 2133 1968 am-

543 1995 870 2063 plitudinem
904 2014 969 2054 ac
1009 2000 1362 2066 densitatem,
1411 2011 1464 2057 et
1512 2019 1627 2060 sua:
1671 2005 1936 2077 intpictati
1981 2023 2133 2062 com-

542 2087 766 2142 modum
820 2090 1226 2148 existimantes.
1292 2112 1311 2145 ι
1344 2094 1473 2149 Ideo
1535 2096 1956 2152 fornicaliuntur
2008 2099 2133 2152 lilia:

540 2186 756 2243 vestrae,
802 2188 857 2235 et
897 2197 1116 2252 sponsa:
1162 2191 1354 2240 vestrae
1393 2186 1658 2243 adultera:
1688 2196 1870 2243 erunt.
1916 2187 1983 2245 Et
2020 2204 2130 2244 non

540 2275 775 2331 visitabo
798 2292 966 2338 super
994 2279 1134 2334 filias
1166 2289 1383 2337 vestras
1424 2298 1551 2337 cum
1589 2282 1795 2338 fuerint
1823 2283 2125 2348 fornicatzc,

539 2377 593 2421 ct
622 2383 790 2438 super
817 2385 1054 2439 sponsas
1087 2382 1299 2428 vestras
1325 2390 1451 2428 cum
1488 2374 1919 2430 adulteraverint
1953 2395 1969 2431 :
1994 2392 2126 2446 quo~

539 2458 687 2511 niam
715 2467 771 2514 et
809 2459 915 2530 ipsi
948 2477 1075 2515 cum
1114 2462 1503 2518 meretricibus
1535 2466 2029 2533 conVersabantur,
2075 2476 2130 2522 et

535 2567 663 2605 cum
717 2551 950 2608 initiatis
992 2553 1375 2610 immolabant.
1425 2556 1490 2610 Et
1536 2559 1776 2626 pupulas
1811 2558 2128 2629 intelligens

536 2645 855 2699 miliaarebat
888 2645 1187 2700 meretrici.
1226 2664 1246 2697 ι
1280 2645 1491 2718 Dignas
1520 2649 1740 2704 delictis
1773 2651 1977 2704 vestris
2009 2664 2130 2719 pte-

533 2753 635 2792 nas
659 2737 888 2803 dabitis,
914 2753 1041 2794 cum
1066 2739 1228 2795 vobis
1252 2740 1408 2809 potiti
1438 2741 1650 2804 hostes,
1680 2742 1902 2797 ﬁliabus
1928 2742 2127 2798 vestris

534 2842 598 2883 ac
626 2830 892 2885 uxoribus
921 2838 1119 2900 stupra
1161 2828 1427 2895 inferent,
1458 2847 1694 2901 quorum
1726 2847 1828 2903 ego
1853 2833 2125 2887 factorum

535 2922 742 2977 nullam
805 2937 991 2993 geram
1045 2922 1517 2991 sollicitudinem;
1570 2924 1702 2995 quia
1768 2927 1963 2981 merito
2009 2925 2126 2981 haec

534 3014 841 3085 patiemini,
877 3017 970 3085 qui
1006 3015 1114 3086 23
1149 3016 1454 3072 fornicario
1503 3033 1695 3074 errore
1732 3034 1832 3074 vos
1881 3020 2125 3073 irretivi«

535 3104 658 3168 stis,
712 3103 1070 3174 conjurautes
1114 3107 1304 3171 simul,
1339 3115 1400 3162 ut
1444 3124 1530 3163 me
1562 3108 1828 3164 derelicto
1871 3109 1939 3164 ad
1978 3110 2124 3164 idola

536 3196 847 3262 :u-cedatis;
884 3198 938 3252 in
961 3206 1195 3265 tantum,
1234 3207 1292 3253 ut
1320 3201 1474 3256 multi
1505 3217 1572 3256 ex
1602 3202 1758 3257 vobis
1787 3204 2124 3260 constitutas

534 3306 755 3361 quoque
785 3290 929 3360 apud
972 3292 1228 3349 ethnicos
1270 3293 1609 3351 initiationes
1647 3297 2022 3367 susceperint,
2070 3306 2126 3353 et

534 3382 808 3437 sacriﬁcia
851 3383 936 3439 his
976 3393 1239 3440 consueta
1275 3392 1540 3456 tanquam
1584 3403 1682 3458 pro
1712 3388 1906 3457 grandi
1939 3389 2126 3459 aliquo

535 3474 678 3527 bono
705 3484 991 3545 peragant.
1025 3478 1209 3547 Atque
1237 3485 1298 3531 ut
1333 3478 1649 3533 summatim
1686 3478 1960 3546 dicamus,
2000 3481 2125 3535 uni-

533 3580 731 3621 versus
812 3568 1069 3637 populus,
1109 3570 1202 3639 qui
1264 3570 1502 3624 maxime
1554 3571 1801 3625 omnium
1861 3572 2128 3628 cordatus

532 3674 659 3713 esse
695 3659 981 3724 debuerat,
1017 3670 1075 3716 et
1125 3659 1292 3717 Deum
1335 3677 1435 3718 ceu
1485 3663 1769 3733 proprium
1816 3674 2123 3720 creatorem

496 3750 852 3817 agnoscere,
899 3750 1121 3804 illorum
1165 3752 1485 3806 societatem
1537 3750 1799 3821 praetulit,
1846 3752 1939 3821 qu‘i
1981 3752 2126 3806 hanc

533 3840 838 3910 improbam
876 3842 1442 3913 intemperantemque
1479 3841 1901 3898 fornicationem
1941 3853 2125 3914 patra-

533 3933 685 3997 bant,
729 3948 758 3987 a
810 3933 922 3990 Deo
973 3936 1175 4000 aversi,
1214 3943 1270 3990 et
1320 3934 1667 3992 daemonibus
1713 3936 1925 3992 cultum
1969 3936 2125 3992 exhi-

532 4026 745 4081 beantes.

603 4315 771 4375 Vens.
808 4318 990 4376 15-19.
1014 4352 1083 4361 --
1114 4341 1131 4374 ι
1172 4320 1253 4377 Tu
1290 4337 1439 4391 vero,
1466 4323 1653 4390 Israel,
1677 4340 1746 4381 ne
1770 4324 2012 4396 ignores,
2046 4330 2120 4388 et,

527 4407 669 4464 Juda
705 4426 773 4465 ne
809 4413 1050 4483 pergatis
1088 4413 1142 4469 in
1176 4412 1421 4487 Galgala,
1458 4432 1637 4487 neque
1673 4416 1727 4471 in
1771 4416 1996 4472 domum
2038 4416 2120 4471 0n

2233 1936 2348 1991 τόθι
2376 1937 2474 2008 τὴν
2515 1937 2731 2009 ἀπάτην
2764 1939 3036 2010 ἐπλήρουν
3068 1940 3166 2012 τὴν
3212 1943 3436 2005 οἰκείαν,
3475 1943 3614 2012 μέγα
3642 1959 3691 1995 τι
3720 1942 3809 1995 καὶ

2234 2028 2428 2100 σεμνὸν
2450 2027 2759 2099 νομίζοντες
2782 2024 2921 2083 εἶναι
2946 2031 3007 2083 τὸ
3043 2032 3272 2102 μέγεθος
3304 2033 3400 2104 τῆς
3438 2033 3550 2086 ἀπὸ
3575 2032 3677 2087 τῶν
3702 2031 3807 2086 δέν-

2229 2120 2372 2191 δρων
2413 2121 2600 2183 σκιᾶς·
2627 2119 2766 2174 ὥστε
2802 2122 2897 2175 καὶ
2929 2123 3064 2194 πρὸς
3096 2122 3194 2194 τὴν
3223 2123 3479 2178 ἀσέϐειαν
3505 2124 3810 2197 ἐπιτηδείως

2230 2213 2375 2284 ἔχειν
2423 2214 2563 2268 αὑτά
2616 2215 2876 2285 νομίζειν.
2916 2235 2935 2267 ι
2984 2216 3085 2270 Διά
3130 2217 3289 2271 τοῦτο
3334 2217 3719 2291 πορνεύσουσιν
3755 2215 3809 2271 αἱ

2230 2305 2528 2379 θυγατέρες
2562 2307 2734 2379 ὑμῶν,
2767 2309 2861 2362 καὶ
2901 2309 2956 2362 αἱ
2995 2309 3202 2381 νύμφαι
3235 2311 3388 2382 ὑμῶν
3435 2312 3810 2383 μοιχεύσονσινδ

2228 2401 2321 2453 καὶ
2361 2400 2421 2452 ού
2460 2399 2532 2470 μὴ
2578 2399 2958 2472 ἐπισκέψωμαι
3012 2402 3102 2455 ἐπὶ
3143 2401 3243 2467 τάς
3281 2403 3502 2474 νύμφας
3555 2405 3703 2474 ὑμῶν
3737 2405 3805 2455 ὅτ’

2228 2485 2296 2540 ἂν
2345 2486 2704 2558 πορνεύσωσι,
2758 2487 2854 2542 καὶ
2894 2488 2986 2542 ἐπὶ
3047 2489 3145 2554 τὰς
3175 2490 3394 2561 νύμφας
3443 2492 3600 2565 ὑμῶν
3647 2492 3809 2548 ὂτ“ἂν

2230 2576 2590 2647 μοιχεύσωσιν
2613 2594 2626 2608 ·
2667 2578 2749 2631 ὅτι
2789 2577 2885 2631 καὶ
2916 2579 3070 2634 αὐτοὶ
3104 2580 3244 2651 μετά
3282 2582 3390 2635 τῶν
3436 2582 3650 2655 πορνῶν
3693 2601 3809 2637 συν-

2226 2669 2504 2741 εφέροντο,
2540 2670 2637 2723 καὶ
2664 2669 2801 2741 μετά
2844 2670 2953 2725 τῶν
2983 2673 3382 2746 τετελεσμένων
3426 2675 3586 2732 ἔθυον
3605 2694 3619 2708 ”
3663 2678 3752 2732 καὶ
3780 2679 3813 2732 δ

2224 2760 2352 2824 λαὸς
2372 2763 2400 2815 ὁ
2432 2760 2507 2832 (ὅ)
2539 2760 2735 2816 συνιὼν
2760 2765 3116 2818 συνεπλέκετο
3142 2766 3280 2836 μετά
3325 2767 3554 2838 πόρνης.
3603 2787 3621 2820 ι
3667 2768 3810 2821 Ἀνα-

2224 2853 2417 2922 λόγους
2454 2853 2518 2927 δὴ
2556 2858 2669 2918 τοῖς
2713 2856 3148 2928 πλημμελήμασι
3193 2858 3305 2920 τοῖς
3356 2858 3580 2922 οἰκείοις
3620 2856 3809 2912 δώσετε

2224 2943 2324 3008 τὰς
2360 2944 2515 3009 δίκας
2535 2962 2549 2975 ο
2580 2945 2750 3000 ἐπειδ¹
2791 2945 2858 2999 ἂν
2894 2947 3264 3019 κατασχόντες
3289 2947 3442 3019 ὑμῶν
3471 2951 3525 3002 oi
3552 2948 3806 3019 πολέμιοι,

2225 3038 2304 3099 εὶς
2332 3036 2430 3100 τὰς
2474 3038 2857 3109 προσηκούσας
2892 3039 3018 3109 ὑμῖν
3059 3039 3364 3111 θυγατέρας
3393 3057 3452 3093 τε
3492 3039 3809 3112 ἐξυϐρίζωσι

2227 3128 2324 3181 καὶ
2357 3128 2578 3200 νύμφας
2599 3143 2613 3161 ο
2648 3123 2723 3184 ὧν
2756 3130 3055 3200 γινομένων
3079 3131 3268 3185 οὐδένα
3292 3133 3594 3203 ποιήσομαι
3626 3132 3772 3200 λόγον
3793 3146 3804 3159 ·

2229 3219 2459 3291 ἐπείπερ
2498 3218 2720 3285 δικαίως
2759 3220 3075 3291 ὑπομενεῖτε
3127 3220 3319 3284 ταῦτα,
3354 3223 3726 3296 συμφυρέντες
3752 3236 3809 3273 τι

2226 3313 2293 3382 τῇ
2326 3314 2556 3383 πορνικῇ
2584 3311 2781 3388 πλάνῃ,
2814 3313 2908 3369 καὶ
2955 3314 3239 3367 κοινωνίαν
3273 3315 3636 3386 ποιησάμενοι
3683 3314 3809 3385 πρὸς

2227 3399 2492 3472 ἀλλήλους
2534 3403 2628 3455 ἐπὶ
2664 3403 2742 3474 τῷ
2775 3403 3095 3457 καταλιπεῖν
3137 3404 3237 3475 μὲν
3276 3404 3398 3475 ἐμὲ,
3440 3407 3727 3477 προσέχειν
3756 3402 3811 3457 δὲ

2226 3495 2340 3556 τοῖς
2384 3491 2660 3557 εἰδώλοις·
2714 3494 2789 3565 (p.
2835 3495 2924 3561 35)
2970 3494 3110 3549 ὥστε
3152 3495 3423 3551 τελεῖσθαι
3457 3498 3563 3568 μὲν
3599 3496 3811 3558 πολλοὺς

2227 3584 2285 3650 ἐξ
2315 3584 2470 3656 ὑμῶν
2503 3586 2601 3657 τὴν
2635 3587 2787 3658 παρὰ
2822 3590 2934 3651 τοῖς
2962 3588 3189 3659 Ἕλλησι
3242 3592 3643 3662 νενομισμένην
3677 3589 3810 3659 μύη-

2229 3693 2342 3731 σινο
2384 3678 2572 3742 θυσίας
2613 3679 2657 3732 δ’
2689 3682 2775 3732 ἐπ’
2803 3680 3032 3743 ἐκείνοις
3067 3681 3143 3745 ὡς
3169 3681 3309 3753 ὑπὲρ
3353 3682 3628 3753 μεγίστων
3659 3681 3811 3737 τινῶν

2228 3770 2493 3824 ἐπιτελεῖν
2520 3770 2740 3840 ἀγαθῶν
2762 3788 2775 3801 ·
2806 3771 2950 3835 ἄπας
2976 3790 3057 3837 τε,
3097 3774 3375 3845 συντόμως
3406 3776 3605 3840 εἰπεῖν,
3642 3775 3670 3827 ὁ
3694 3774 3812 3836 λαὸς

2225 3864 2253 3915 ὁ
2284 3862 2518 3933 μάλιστα
2559 3863 2773 3917 πάντων
2808 3863 3046 3916 συνιέναι
3072 3864 3132 3917 τὸ
3160 3864 3278 3918 δέον
3312 3864 3546 3933 ὀφείλων
3566 3866 3659 3919 καὶ
3688 3864 3812 3917 Θεὸν

2227 3951 2607 4021 ἐπιγινώσκειν
2636 3952 2728 4006 τὸν
2758 3953 2949 4006 ἑαυτοῦ
2979 3954 3225 4026 ποιητὴν,
3253 3954 3352 4025 τὴν
3388 3956 3530 4029 μετὰ
3568 3954 3812 4011 τοιούτων

2226 4044 2401 4098 εἵλετο
2441 4045 2722 4099 κοινωνίαν
2755 4047 2804 4099 οἳ
2850 4046 2950 4117 τὴν
2990 4046 3272 4118 μοχθηρὰν
3317 4045 3526 4119 ταύτην
3569 4048 3661 4099 καὶ
3693 4044 3809 4099 ἀκό·

2227 4137 2421 4192 λαστον
2443 4136 2721 4205 ἐξετέλουν
2743 4138 3019 4211 πορνείαν,
3038 4137 3174 4191 Θεοῦ
3204 4138 3300 4209 μὲν
3327 4139 3687 4202 ἀποστάντες,
3712 4136 3814 4191 δαί-

2230 4247 2356 4301 μοσι
2384 4229 2442 4283 δὲ
2471 4230 2896 4301 προσανέχοντες
2930 4229 3246 4301 θεραπείαν.

2296 4320 2444 4392 Στίχ.
2485 4320 2665 4373 ιε’-ιϐ’.
2694 4349 2763 4359 --
2799 4339 2817 4371 ι
2866 4320 2937 4372 Σὺ
2964 4319 3042 4385 δὲ,
3077 4317 3313 4391 Ἰσραὴλ,
3348 4318 3422 4389 μὴ
3463 4319 3669 4389 ἀγνόει,
3726 4315 3815 4370 καὶ

2239 4412 2407 4465 ’ἰούδα
2443 4412 2517 4483 μὴ
2550 4410 2934 4482 είσπορεύεσθε
2967 4413 3044 4475 είς
3069 4409 3342 4477 Γάλγαλα,
3368 4409 3460 4462 καὶ
3496 4410 3573 4480 μὴ
3602 4405 3816 4463 ἀναϐαί-

527 4501 859 4568 ascendatis,
892 4513 946 4559 ct
985 4521 1055 4561 ne
1077 4505 1281 4575 juretis
1313 4509 1585 4563 viventem
1624 4506 1937 4563 Dominum.
1976 4527 1995 4563 ι
2044 4506 2121 4564 Ne

2229 4521 2345 4560 νετε
2382 4506 2463 4568 εἰς
2496 4506 2587 4558 τὸν
2630 4500 2778 4557 οἷκον
2816 4504 2929 4567 Ὧν,
2969 4502 3062 4555 καὶ
3099 4502 3177 4571 μὴ
3215 4500 3443 4572 ὀμνύετε
3490 4499 3671 4565 ζῶντα
3704 4497 3814 4552 Κύ-

525 4594 633 4659 sic,
682 4593 934 4665 inquam,
1006 4612 1199 4653 omnes
1251 4599 1495 4675 pessimo
1557 4598 1822 4655 laboretis
1888 4601 2122 4658 inscitiaz

528 4684 742 4752 morbo,
774 4694 834 4739 ut
863 4686 919 4741 in
962 4686 1187 4758 Gnlgala
1232 4689 1301 4742 ad
1333 4691 1675 4745 adorandum
1704 4693 1944 4749 veniatis
1988 4710 2122 4751 con-

529 4776 782 4829 stitutum
824 4776 938 4832 illic
978 4778 1223 4846 idolum;
1264 4787 1318 4833 et
1367 4781 1643 4835 simuletis
1682 4783 1955 4840 honorare
1996 4794 2122 4842 tan-

528 4883 697 4937 quam
730 4876 995 4925 aeternum
1018 4871 1174 4925 illum
1209 4871 1302 4941 qui
1332 4888 1497 4926 verus
1536 4872 1675 4930 Deus
1711 4891 1816 4931 non
1850 4887 1951 4932 est.
1981 4879 2119 4934 Cum

530 4960 677 5017 scire
706 4970 979 5032 oporteat,
1028 4963 1372 5032 impossubile
1412 4979 1534 5019 esse
1574 4966 1690 5023 haec
1724 4969 1887 5024 simul
1935 4970 2121 5025 cousi-

528 5064 675 5109 stere
704 5071 717 5107 :
751 5055 923 5109 multa
977 5054 1122 5109 enim
1173 5066 1256 5110 cst
1297 5055 1606 5113 diderentia
1656 5063 1847 5124 aeterni
1906 5061 2001 5118 Dei
2047 5064 2118 5117 ab

529 5146 699 5212 idolo,
737 5148 881 5217 quod
930 5147 1046 5202 heri
1089 5163 1286 5204 manus
1327 5149 1609 5205 hominum
1655 5151 2071 5217 fabricaverunt
2104 5173 2117 5209 :

528 5239 922 5313 confitentique
966 5248 1232 5296 aeternum
1279 5244 1442 5299 Deum
1494 5261 1722 5314 prorsus
1776 5263 1900 5303 esse
1944 5246 2117 5301 absti-

528 5332 766 5386 ncndum
798 5332 866 5387 ab
895 5331 963 5386 iis
1008 5330 1101 5402 qui
1136 5331 1261 5388 ficte
1293 5332 1433 5389 hanc
1463 5345 1661 5405 gerunt
1690 5336 1971 5390 ohtrusam
2021 5332 2120 5406 ap-

528 5424 872 5493 pellationem
905 5444 917 5479 :
950 5425 1259 5493 cujusmodi
1308 5436 1391 5482 est
1436 5428 1515 5482 0n
1552 5427 1781 5492 idolum,
1824 5429 1986 5497 cujus
2039 5428 2116 5481 fa-

531 5531 659 5570 num
693 5516 880 5582 aditis,
909 5516 1053 5571 haud
1089 5518 1507 5573 convenientem
1546 5519 1596 5574 ei
1623 5520 1829 5574 cultum
1866 5518 2119 5573 deferen-

528 5620 629 5662 tes.
655 5626 674 5659 ι
699 5607 971 5674 Quoniam
992 5608 1137 5665 sicut
1160 5624 1328 5666 vacca
1373 5610 1512 5665 asilo
1536 5624 1825 5681 percussa,
1859 5610 2120 5667 insanivit

526 5700 713 5757 israel.
741 5721 761 5755 ι
801 5699 994 5759 Vaccae
1024 5704 1201 5761 instar
1227 5704 1501 5761 naturalis
1530 5703 1815 5775 cupidinis
1857 5711 2006 5757 motu
2049 5703 2118 5758 ad

598 5817 675 5884 β)
708 5815 844 5904 God.
885 5816 1001 5881 σοῦ.
1031 5817 1266 5875 fortasse
1279 5833 1398 5945 dpro
1430 5816 1554 5888 μοῦ.
1583 5815 1852 5889 Vulgatus
1875 5814 1994 5898 bat.
2028 5816 2107 5872 le-

605 5891 686 5945 bat
714 5905 798 5945 ου.
829 5906 957 5945 non.
983 5888 1091 5945 Sed
1125 5888 1277 5945 Theo
1315 5903 1473 5945 orum
1504 5896 1757 5945 nostrum
1793 5888 1991 5945 legisse
2015 5904 2098 5945 an-

536 5891 686 5959 gebat
714 5889 798 5957 οὐ,
829 5906 957 5945 non.
983 5888 1091 5946 Sed
1125 5888 1473 5946 Theodorum
1504 5888 1757 5946 nostrum
1793 5888 1991 5961 legisse
2015 5904 2098 5962 ap-

2231 4614 2364 4671 ριον.
2404 4617 2422 4650 ι
2462 4597 2623 4652 Ἀλλά
2664 4597 2773 4668 γὰρ
2811 4596 2886 4666 μὴ
2919 4593 3062 4649 οὕτω
3096 4596 3296 4657 πάντες
3338 4593 3586 4665 χαλεπὴν
3617 4594 3815 4648 νοσεῖτε

2222 4690 2323 4763 τὴν
2345 4689 2587 4758 ἄγνοιαν,
2617 4685 2759 4740 ὥστε
2785 4685 2991 4738 ἀνιέναι
3022 4686 3119 4756 μὲν
3148 4687 3227 4749 εἰς
3256 4682 3507 4753 Γάλγαλα
3541 4683 3634 4737 ἐπὶ
3661 4682 3817 4753 θερα⁴

2225 4783 2355 4853 πείᾳ
2383 4779 2478 4833 τοῦ
2510 4777 2696 4832 αὐτόθι
2727 4778 3014 4849 ἱδρυμένου
3046 4775 3285 4837 εἰδώλου,
3316 4772 3730 4843 προσποιεῖσθαι
3760 4770 3815 4823 δὲ

2221 4875 2391 4944 τιμᾷν
2422 4871 2513 4925 τὸν
2546 4870 2714 4924 ἀΐδιον
2747 4869 2839 4923 καὶ
2871 4869 3039 4932 ὅντως
3081 4868 3209 4922 ὄντα
3237 4868 3371 4922 Θεὸν
3391 4885 3403 4897 ’
3439 4867 3557 4920 δέον
3595 4863 3811 4918 εἰδέναι.

2226 4970 2302 5032 ὡς
2337 4965 2573 5021 συνιέναι
2601 4963 2773 5017 ταῦτα
2803 4962 3072 5035 ἀλλήλοις,
3108 4962 3216 5016 τῶν
3238 4962 3541 5016 ἀδυνάτων·
3572 4955 3739 5027 πολλὴ
3758 4954 3813 5008 δὲ

2224 5057 2459 5129 διαφορὰ
2499 5056 2672 5114 ἀϊδίου
2707 5072 2763 5109 τε
2798 5054 2933 5109 Θεοῦ
2955 5054 3051 5108 καὶ
3085 5053 3301 5108 εἰδώλου
3326 5054 3421 5106 τοῦ
3449 5051 3577 5123 χθὲς
3606 5048 3695 5103 ὑπ’
3722 5048 3814 5100 ἀνα

2227 5147 2515 5220 θρωπείων
2561 5144 3097 5207 κατασκευασθέντος
3131 5142 3329 5215 χειρῶν
3350 5159 3362 5173 ’
3401 5143 3495 5195 καὶ
3538 5139 3614 5204 ὡς
3648 5134 3728 5206 τῷ
3754 5149 3816 5201 γι

2225 5240 2318 5293 τὸν
2343 5239 2511 5293 άῖδιον
2540 5237 2887 5310 ὁμολογοῦντι
2920 5236 3051 5291 Θεὸν
3078 5235 3377 5305 ἁφεστῆναι
3415 5233 3692 5305 προσῆκον
3730 5228 3813 5297 εἴη

2228 5332 2445 5388 πάντων
2468 5331 2866 5407 πεπλασμένως
2888 5329 2985 5405 τὴν
3006 5328 3299 5399 ὀνομασίαν
3320 5324 3668 5395 ἐπαγομένην
3690 5319 3817 5375 ταύ-

2226 5442 2361 5496 την·
2390 5418 2501 5478 οἷόν
2551 5423 2658 5495 πέρ
2707 5425 2823 5477 ἐστι
2864 5422 2925 5475 τὸ
2961 5420 3056 5473 Ὠν
3104 5419 3353 5473 εἴδωλον·
3385 5413 3554 5487 οὗπερ
3605 5416 3684 5478 είς
3726 5410 3814 5464 τὸν

2224 5514 2373 5572 οἷκον
2399 5519 2586 5581 εἴσιτε,
2616 5516 2712 5597 τὴν
2741 5516 2839 5587 οὐχ
2864 5514 3128 5586 ἁρμοδῐαν
3158 5510 3308 5582 αὐτῷ
3334 5508 3702 5581 προσάγοντες
3730 5502 3815 5557 θε-

2226 5611 2477 5682 ραπείαν.
2516 5630 2535 5662 ι
2569 5610 2691 5664 Ὀτι
2718 5608 2794 5672 ὡς
2815 5605 3047 5679 δάμαλις
3070 5602 3461 5677 παροιστρῶσα
3492 5597 3813 5669 παροίστρηο

2228 5717 2320 5755 σεν
2361 5700 2598 5774 Ἰσραήλ.
2639 5719 2658 5752 t
2695 5698 2862 5771 Δίκην
2891 5696 3002 5769 γὰρ
3037 5694 3323 5768 δαμάλεως
3353 5691 3567 5762 κινήσει
3591 5687 3688 5749 τῆς
3715 5697 3813 5753 cpu-

2218 5823 2372 5944 iiigre’t
2407 5817 2456 5879 ο,
2491 5822 2653 5886 prout
2682 5811 2847 5869 habet
2870 5808 3036 5868 etiam
3076 5805 3246 5865 codex
3276 5801 3664 5862 nobilissimus
3695 5789 3815 5847 Vat.

2258 5893 2324 5944 ..θ
2370 5928 2381 5940 .

2258 5893 2381 5945 209.
