4104 6466
288 379 373 438 illi

1314 374 1872 436 COMMENTARIUS
1907 374 1978 431 ΙΝ
2016 376 2218 435 OSEAE
2241 378 2399 437 CAP.
2442 380 2505 435 V.

3434 376 3537 436 154

288 497 422 569 cuti}:
466 490 749 564 ἐπιθυμίας
802 493 942 566 πρὸς
979 492 1206 560 ἀταξίαν
1261 493 1553 566 νευσάσης,
1598 492 1674 562 (p.
1721 490 1789 548 56
1816 490 1845 561 )δ

1963 494 2398 549 ncontinentiam
2446 494 2746 557 tendentis.
2791 509 2821 548 a
2850 493 3076 550 servitio
3118 509 3241 549 meo
3274 494 3541 551 discessi.-

285 590 523 661 ἀπέστητε
555 585 651 657 μέν
682 585 787 654 τῆς
832 585 1076 651 δουλείας
1116 586 1218 658 τῆς
1252 587 1409 659 ἐμῆς,
1461 588 1743 655 ἀκολάστῳ
1780 583 1837 637 δὲ

284 683 449 755 γνώμῃ
483 682 618 751 πρὸς
657 677 758 749 τὴν
783 679 893 735 τῶν
918 676 1171 735 ἐἰδώλων
1216 682 1469 735 ἐνεύσατε
1516 680 1833 751 θεραπείαν.

291 772 439 828 ιΝῦν
475 772 690 843 νεμήσει
726 771 929 835 αὐτοὺς
977 773 1181 843 Κύριος
1227 773 1303 836 ὡς
1348 773 1519 844 ἀμνὸν
1563 774 1621 825 ἐν
1673 771 1837 842 εὐρυ-

284 865 434 939 χώρῳ.
480 883 500 915 ι
546 865 932 935 Διασκορπίτω
970 866 1149 918 τοίνυν
1196 866 1393 930 αὐτοὺς
1445 867 1570 938 τῇδε
1614 865 1838 918 κάκεῖσε

285 955 529 1027 πριάγων
567 956 631 1025 τῇ
657 954 771 1007 τῶν
806 955 1080 1025 πολεμίων
1114 956 1307 1027 ἐφόδῳ,
1337 957 1411 1020 ὡς
1460 957 1626 1027 μηδὲν
1664 953 1838 1026 ἀμπΙοῦ

285 1043 584 1100 διαλλάττειν
641 1045 700 1097 ἐν
743 1044 974 1116 μεγίστῃ
1024 1044 1176 1118 χώρᾳ
1223 1046 1596 1118 διατρέχοντός
1646 1062 1706 1098 τε
1745 1045 1842 1098 καὶ

288 1137 603 1207 πλανωμένου
634 1138 731 1191 καὶ
770 1137 872 1209 τήν
917 1138 1122 1191 οἰκείαν
1151 1138 1537 1210 ἐπιζητοῦντος
1583 1138 1795 1209 μητέρα
1822 1153 1838 1167 ⁸

286 1229 332 1281 τὸ
351 1227 447 1299 γάρ
471 1228 730 1299 σκορπίσε
741 1245 789 1280 ιν
818 1227 989 1297 λέγει,
1019 1220 1127 1282 ἀπὸ
1157 1231 1263 1283 τῶν
1291 1228 1653 1300 διανεμόντων
1679 1228 1755 1300 (4)
1787 1246 1840 1283 τι

284 1319 482 1390 ἀφειδῶς
528 1320 618 1374 καὶ
679 1321 1199 1393 διασκορπιζόντων.
1249 1342 1267 1374 ι
1318 1323 1561 1393 Μέτοχος
1607 1321 1841 1375 εἰδώλων

294 1412 516 1483 Ἐφραίμ.
558 1432 577 1465 ι
611 1413 726 1485 Τὴν
771 1413 910 1485 πρὸς
941 1415 1011 1466 τὰ
1050 1413 1245 1467 εἴδωλα
1280 1415 1485 1468 εἴλοντο
1514 1415 1802 1468 κοινωνίαν
1823 1430 1838 1445 ⁶

294 1502 500 1575 Ἐφραίμ
525 1503 636 1574 γὰρ
675 1504 950 1576 πολλαχοῦ
979 1521 1039 1557 τε
1069 1504 1296 1577 ἑτέρωθι
1331 1505 1610 1559 κάνταῦθα
1641 1508 1706 1559 ἐκ
1743 1504 1841 1577 μὲ-

285 1613 387 1667 pou;
413 1595 500 1650 τὸν
542 1596 762 1668 Ἰσραὴλ
789 1596 1065 1667 ὀνομάζει,
1103 1599 1167 1650 ἐκ
1194 1599 1294 1668 τῆς
1339 1596 1715 1670 δυνατωτέρας
1743 1614 1843 1665 φυ-

282 1690 359 1759 λῆς
379 1690 432 1743 ὲν
464 1692 582 1753 ταῖς
608 1689 750 1744 δέκα
774 1690 875 1762 τὴν
902 1690 1190 1762 όνομοσίαν
1216 1689 1383 1754 τιθείς
1400 1710 1414 1723 ·
1448 1690 1524 1755 ὠς
1543 1691 1624 1756 τὸ,
1668 1709 1686 1742 ι
1722 1690 1842 1743 Υἱοὶ

1947 586 2071 649 stis,
2114 587 2433 657 lascivaque
2469 595 2650 641 mente
2677 586 2745 640 ad
2776 586 3054 641 idolorum
3086 587 3293 641 cultum
3319 584 3539 641 deﬂexi.

1948 679 2070 732 stis.
2104 695 2123 727 ι
2161 676 2313 731 Nunc
2354 684 2545 747 pascet
2592 691 2689 731 eos
2736 673 3005 731 Dominus
3034 677 3191 746 quasi
3237 691 3437 746 agnum
3482 674 3537 728 in

1944 769 2255 824 latitudine.
2288 788 2307 821 ι
2359 767 2667 838 Dispertiar
2720 769 2908 837 itaque
2954 767 3099 831 illos,
3154 769 3255 821 hac
3307 776 3361 823 et
3411 767 3538 821 illac

1940 861 2327 933 circumagens
2382 862 2435 914 in
2482 861 2721 913 hostium
2764 861 3107 921 incursione,
3156 860 3293 914 adeo
3361 867 3421 912 ut
3468 859 3538 914 ab

1944 968 2086 1023 agno
2123 970 2231 1007 non
2274 953 2531 1009 differant
2567 955 2659 1025 qui
2691 955 2745 1008 in
2781 958 3024 1025 spatiosa
3062 953 3285 1024 regione
3312 952 3539 1007 oberrat

1945 1056 2175 1099 matrem
2214 1062 2368 1101 suam
2398 1046 2709 1116 requirens.
2748 1046 2882 1100 Nam
2932 1054 3146 1116 pascet.
3190 1060 3288 1112 pro
3324 1045 3540 1114 disper—

1945 1138 2135 1197 tietur,
2182 1137 2287 1198 ait,
2353 1144 2511 1205 capta
2573 1136 2893 1204 metaphora
2947 1137 3015 1190 ab
3063 1136 3131 1190 iis
3176 1135 3269 1206 qui
3321 1133 3542 1202 profuse

1943 1225 2350 1295 dispertiuntur
2371 1225 2577 1293 aliquid
2620 1235 2785 1297 atque
2817 1225 3164 1295 dispergunt.
3202 1243 3221 1276 ι
3256 1223 3541 1292 Particeps

1944 1315 2053 1388 24
2083 1302 2673 1388 idoiorumEphraim.
2714 1336 2733 1369 ι
2771 1317 2999 1373 Scilicet
3027 1334 3150 1371 cum
3193 1317 3356 1371 idolis
3386 1330 3543 1370 com-

1947 1409 2267 1463 municavit.
2303 1408 2364 1462 Et
2390 1425 2534 1479 saepe
2572 1409 2702 1463 alibi
2729 1419 2781 1464 et
2807 1425 2953 1464 nunc
2980 1411 3145 1465 etiam
3183 1409 3551 1479 Ephraimuur

1949 1517 2049 1572 pro
2084 1500 2288 1556 Israele
2316 1500 2470 1564 dicit,
2507 1517 2573 1555 ex
2611 1502 2922 1571 potentiore
2950 1503 3096 1556 inter
3129 1500 3318 1556 decem
3356 1502 3539 1558 tribus

1950 1609 2149 1648 nomen
2186 1609 2499 1657 assumens,
2533 1594 2679 1650 sicut
2711 1594 2843 1649 illud
2872 1613 2885 1649 :
2925 1613 2944 1645 ι
2988 1593 3111 1649 Filii
3145 1593 3423 1664 Ephraimi
3466 1593 3548 1647 in-

1948 1684 2234 1740 tendentes
2266 1699 2327 1738 ac
2353 1684 2665 1753 jaculantes
2692 1686 2932 1741 arcubus
2962 1686 3027 1740 ".
3060 1704 3079 1737 ι
3108 1715 3179 1725 --
3213 1704 3230 1736 ι
3272 1682 3549 1738 Scandala

292 1778 496 1852 Ἑφραῒμ
553 1781 889 1845 ἐντείνοντες
950 1781 1045 1835 καὶ
1106 1780 1390 1852 βάλλοντες
1447 1782 1641 1849 τόξοις.
1699 1800 1718 1833 ι
1769 1812 1842 1821 —

1955 1777 2050 1835 sibi
2091 1786 2413 1849 posuerunt.
2448 1798 2467 1830 ι
2503 1778 2628 1848 Ipse
2677 1780 2781 1833 sibi
2819 1778 3236 1833 conversionem
3279 1776 3345 1830 ad
3392 1777 3548 1831 dcte-

286 1892 302 1922 ι
321 1872 538 1944 Ἕθηκαν
555 1874 775 1936 ἑαυτοῖς
798 1871 1093 1926 σκάνδαλα.
1121 1892 1138 1924 ι
1160 1873 1329 1936 Αὐτὸς
1350 1874 1645 1944 ἐπενόησεν
1667 1872 1842 1944 ἐαυτῷ

1955 1868 2089 1922 riora
2119 1869 2469 1939 excogitavit.
2502 1868 2891 1935 Quamobrem,
2922 1868 3006 1921 vel
3031 1866 3345 1938 quomodo?
3376 1886 3392 1917 ι
3416 1864 3551 1919 Pro-

280 1964 358 2028 τὰς
379 1966 461 2019 ἐπὶ
496 1966 556 2019 τὸ
581 1968 769 2038 χεῖρον
818 1966 1095 2036 ἐκτροπάς
1114 1982 1130 1997 ο
1167 1965 1285 2030 πῶς
1329 1966 1424 2019 καὶ
1452 1965 1574 2019 τίνα
1600 1966 1801 2036 τρόπον
1825 1984 1839 2033 ;

286 2078 301 2109 ι
337 2058 562 2131 ᾙρέτισε
591 2060 962 2125 Χαναναίους,
1001 2078 1020 2111 ι
1048 2058 1148 2129 τὴν
1179 2058 1405 2113 ἐκείνων
1436 2057 1687 2130 ζηλώσας
1718 2059 1844 2113 ἀσέ-

280 2149 421 2204 ϐειαν.
456 2169 474 2202 ι
506 2149 877 2223 Πορνεύοντες
902 2149 1320 2221 ἐξεπόρνευσαν.
1353 2169 1371 2200 ι
1411 2148 1690 2203 Ἐντεῦθεν
1717 2166 1845 2204 παν·

277 2242 418 2307 τελῶς
446 2242 668 2297 ἕνευσαν
706 2243 845 2315 πρὸς
877 2243 941 2297 τὸ
967 2246 1174 2315 χεῖρον.
1206 2260 1225 2294 ι
1269 2242 1596 2313 Ἠγάπηεαν
1622 2243 1845 2314 ἀτιμίαν

278 2335 695 2407 ἐκφρυάγματος
739 2335 930 2406 αὐτῆς.
971 2355 990 2386 ι
1027 2333 1200 2406 Πολλῇ
1243 2337 1309 2406 τῇ
1352 2333 1579 2406 ἀπονοίᾳ
1618 2337 1695 2405 (p.
1752 2335 1843 2404 37)

278 2426 593 2498 χρησάμενοι,
624 2428 728 2482 καὶ
755 2431 823 2499 τῇ
853 2426 1125 2499 ὑπεροψίᾳ
1167 2429 1235 2498 τῇ
1266 2427 1388 2481 κατ’
1424 2425 1581 2497 ἐμοῦ,
1607 2428 1708 2496 τὴν
1734 2425 1846 2479 τῶν

276 2518 475 2573 εἰδώλων
496 2519 708 2574 εἴλοντο
747 2519 1128 2592 θεραπείαν,ῆ
1161 2520 1343 2588 πάσης
1390 2518 1571 2581 αὐτοῖς
1620 2518 1848 2589 ἀτιμίας

278 2609 498 2680 πρόξενος
541 2612 723 2667 ἔσται.
763 2630 781 2662 ι
822 2612 1113 2684 Συστροφὴ
1164 2610 1476 2682 πνεύματος
1517 2611 1716 2673 αὐτοὺς
1753 2627 1849 2664 συ-

280 2705 365 2773 ριεί
386 2705 438 2758 ἐν
467 2706 584 2770 ταῖς
622 2703 892 2777 πτέρυξιν
927 2703 1119 2774 αὐτῆς.
1153 2721 1171 2754 ι
1219 2703 1306 2766 Ὠς
1334 2701 1443 2773 γὰρ
1467 2702 1764 2774 ίπτάμενον
1787 2703 1849 2757 τὸ

277 2791 432 2864 ὄρνεον
460 2799 579 2862 ταῖς
618 2794 855 2868 πτέρυξι
882 2796 1006 2859 ταῖς
1045 2794 1277 2858 οίκείαις
1304 2793 1366 2847 τὸ
1394 2795 1579 2866 ἀέριον
1624 2795 1849 2851 ἐλαῦνον

278 2887 478 2961 πνεῦμα,
503 2892 802 2963 μετάρσιον
832 2887 1048 2960 αἴρεται
1069 2889 1134 2959 τῇ
1158 2887 1377 2959 πτήσει,
1407 2886 1582 2950 οὕτως
1614 2887 1722 2942 ὑπὸ
1747 2888 1850 2959 τῆς

275 2980 418 3052 ὀργῆς
455 2975 596 3038 οὗτοι
662 2981 989 3054 ληφθέντες
1013 2980 1113 3052 τῆς
1146 2980 1306 3051 ἐμῆς,
1337 2979 1536 3034 ὡσανεὶ
1585 2980 1849 3053 μετέωροι

277 3071 542 3140 γεγονότες,
564 3073 712 3146 μετά
739 3072 946 3143 πολλῆς
973 3070 1385 3143 ἀπαχθήσονται
1400 3070 1501 3143 τῆς
1528 3070 1741 3144 ὕϐρεως
1765 3074 1847 3137 είς

1942 1960 2159 2016 vocavit
2200 1960 2565 2028 Chananzeos,
2598 1980 2615 2011 ι
2666 1960 2886 2014 illorum
2937 1959 3274 2029 impietatem
3319 1958 3548 2012 tumula-

1943 2059 2055 2107 tus.
2114 2069 2133 2103 ι
2161 2050 2527 2108 Fornicantes
2562 2033 2827 2105 .fornicati
2865 2058 3019 2106 sunt.
3052 2069 3070 2100 ι
3114 2047 3254 2102 Exin
3294 2049 3347 2102 in
3386 2048 3544 2117 pejus

1943 2144 2174 2200 omnino
2220 2151 2476 2200 ruerunt.
2523 2161 2542 2195 ι
2577 2141 2905 2197 Dilexerunt
2949 2141 3309 2212 ignominiam
3355 2138 3425 2192 ob
3459 2137 3546 2191 fac

1945 2248 2089 2292 stum
2118 2237 2259 2305 ejus.
2300 2255 2320 2289 ›
2358 2234 2528 2289 Multa
2558 2243 2778 2290 utentes
2814 2232 3030 2289 insania
3061 2242 3115 2287 et
3154 2231 3425 2285 adversus
3456 2243 3546 2285 me

1946 2328 2228 2398 superbia,
2275 2327 2551 2382 idolorum
2592 2325 2914 2396 religionem
2951 2322 3184 2394 amplexi
3231 2329 3381 2386 sunt,
3428 2334 3552 2391 quas

1945 2419 2316 2475 omnimodam
2379 2419 2516 2488 ipsis
2568 2417 2924 2487 ignominiam
2970 2424 3245 2486 asperget.
3307 2432 3327 2465 ι
3362 2412 3551 2468 Turbo

1945 2510 2177 2579 Spiritus
2222 2509 2382 2578 quasi
2434 2509 2633 2564 sibilus
2687 2508 2913 2562 extollet
2961 2522 3058 2561 eos
3105 2507 3159 2559 in
3202 2506 3306 2560 alis
3351 2504 3489 2559 suis.
3524 2520 3546 2555 ι

1949 2602 2106 2658 Sicut
2138 2602 2377 2661 volucer.
2414 2616 2639 2655 aereum
2672 2599 2928 2669 spiritum
2958 2599 3062 2654 alis
3086 2598 3206 2651 suis
3237 2596 3550 2666 impellens,

1945 2696 2002 2750 in
2030 2696 2262 2750 sublime
2292 2693 2528 2763 volando
2554 2692 2727 2747 fertur
2759 2709 2774 2746 :
2826 2692 2908 2746 sic
2941 2691 3034 2746 isti
3064 2691 3133 2743 ab
3168 2690 3247 2743 ira
3280 2702 3399 2742 mea
3431 2701 3555 2742 cor-

1948 2788 2113 2859 repti,
2146 2795 2201 2842 et
2239 2787 2398 2855 quasi
2429 2801 2526 2856 per
2563 2800 2744 2842 aerem
2786 2784 3018 2855 raptati,
3067 2781 3238 2836 multa
3279 2794 3403 2833 cum
3438 2779 3556 2831 vio-

1949 2885 2115 2940 lentia
2149 2884 2204 2937 in
2236 2882 2617 2952 captivitatem
2657 2878 3022 2949 abripiuntur.
3059 2893 3077 2925 ι
3110 2873 3177 2927 Ει
3204 2873 3408 2944 probro
3440 2869 3556 2924 alli—

1950 2980 2168 3035 cientur
2212 2992 2281 3031 ex
2330 2974 2600 3029 altaribus
2639 2971 2781 3027 suis.
2818 2990 2837 3022 ι
2871 2971 3031 3023 'l‘unc
3081 2968 3304 3022 demum
3352 2963 3558 3018 intelli-

1951 3081 2102 3143 gent,
2148 3071 2316 3126 stulto
2381 3084 2441 3123 se
2492 3081 2556 3120 ac
2606 3064 2775 3119 noxio
2828 3063 2979 3118 circa
3039 3060 3312 3116 idolorum
3362 3055 3558 3111 altaria

277 3165 632 3234 αἰχμαλωσίαν.
683 3185 706 3219 ι
741 3167 854 3221 Καί¹
900 3163 1463 3235 καταισχυνθήσονται
1511 3165 1578 3219 ἐκ
1614 3165 1724 3220 τῶν
1751 3164 1848 3219 θυ-

1955 3165 2140 3221 studio
2164 3160 2480 3218 defunctos.

280 3259 572 3331 σιαστηρίων
616 3259 829 3314 αὐτῶν.
870 3278 890 3312 ›
935 3259 1099 3314 Ὥστε
1160 3262 1361 3326 αὐτοὺς
1410 3260 1530 3316 τότε
1590 3260 1844 3339 αἰσθησιν
1879 3259 2066 3315 λαϐεῖν
2096 3260 2179 3314 ὅτι
2235 3256 2470 3332 ματαίαν
2523 3254 2620 3310 καὶ
2654 3250 2926 3323 ἐπιϐλαϐἧ
2977 3248 3076 3321 τὴν
3114 3245 3242 3319 περὶ
3274 3244 3342 3300 τά
3372 3242 3559 3297 θυσια-

280 3357 446 3427 στήρια
468 3356 573 3412 τῶν
598 3354 842 3411 εἰδώλων
867 3353 1014 3429 εἶχον
1052 3357 1312 3428 σπουδήν.

907 3448 1068 3504 ΚΕΦ.
1109 3451 1189 3507 E'.

334 3545 464 3616 Στίχ.
509 3553 646 3599 α’-ε’.
690 3575 764 3586 -
795 3563 817 3597 ι
866 3542 1165 3598 Ἀκούσατε
1212 3544 1404 3610 ταῦτα,
1428 3546 1477 3598 oi
1523 3546 1711 3618 ἱερεῖς,
1762 3543 1857 3602 καὶ

280 3637 558 3707 προσέχετε,
583 3632 741 3700 οἶκος
778 3634 1022 3706 Ἰσραὴλ,
1047 3634 1142 3688 καὶ
1166 3631 1313 3697 οἶκος
1339 3633 1435 3687 τοῦ
1462 3633 1747 3704 βασιλέως,
1772 3634 1862 3687 ἐν.

281 3727 522 3791 ωτίζεσθε.
552 3749 569 3782 ι
590 3728 771 3799 Δῆλον
793 3729 877 3782 ὃτι
907 3727 1069 3782 πάλιν
1103 3727 1338 3781 ἐνταῦθα
1366 3727 1425 3793 ἐξ
1456 3727 1858 3798 ἀποκαλύψεως

283 3818 445 3892 ἐτέρας
469 3822 642 3893 ἀρχὴν
664 3821 771 3890 τῆς
802 3818 1090 3905 παρούσης
1111 3819 1401 3887 διαλέξεως
1431 3823 1689 3885 ποιεῖται,
1719 3820 1856 3898 πρός

284 3927 331 3963 τε
353 3913 462 3977 τοὺς
504 3914 689 3985 ἱερέας
725 3911 824 3965 καὶ
856 3911 949 3965 τὸν
1002 3910 1238 3983 Ἰσραὴλ,
1274 3911 1370 3965 καὶ
1410 3913 1537 3976 τοὺς
1565 3912 1664 3983 τῆς
1700 3912 1852 3982 βασι-

284 4005 411 4077 λικῆς
432 4007 601 4071 οἰκίας
629 4007 889 4068 ἅπαντας
920 4002 1116 4074 λέγων.
1149 4025 1166 4056 ι
1205 4004 1349 4059 Διότι
1389 4004 1525 4077 πρδς
1551 4004 1697 4078 ὑμᾶς
1736 4007 1855 4060 ἐστι

286 4098 334 4150 τὸ
351 4102 524 4171 κρῖμα.
562 4120 582 4155 ο
627 4100 813 4170 ’Υμᾶς
840 4097 953 4169 γὰρ
973 4096 1208 4168 ἐλήλυθα
1227 4098 1334 4151 ὑπὸ
1358 4095 1458 4168 τὴν
1484 4097 1667 4168 κρίσιν
1692 4114 1854 4168 ποιη-

288 4187 477 4259 σόμενος
501 4190 597 4264 τὴν
639 4190 810 4263 ἐμὴν,
846 4189 943 4243 καὶ
991 4188 1148 4253 δίκας
1188 4190 1330 4261 ὑπὲρ
1360 4183 1436 4243 ὧν
1480 4189 1856 4261 τετολμήκατε

284 4280 549 4354 ληψόμενος
597 4285 739 4356 παρ’
784 4281 962 4353 ὑμῶν.
997 4300 1018 4333 ι
1060 4282 1184 4337 ’Ότι
1228 4284 1396 4352 παγὶς
1440 4282 1737 4353 ἐγενήθητε
1787 4285 1852 4355 τῇ

288 4378 474 4448 σκοπιᾷ,
495 4379 585 4432 καὶ
601 4377 683 4442 ὼς
709 4376 926 4430 δίκτυον
952 4375 1312 4446 ἐκτεταμένον
1332 4376 1424 4428 ἐπὶ
1446 4374 1511 4429 τὸ
1534 4373 1710 4429 ’ἰταϐύ
1721 4357 1854 4445 ριον,

2621 3431 2781 3490 CAP.
2822 3429 2890 3484 γ.

2020 3542 2197 3597 Vsus.
2230 3535 2348 3591 1-5.
2371 3561 2442 3574 --
2473 3549 2491 3583 ι
2528 3527 2731 3585 Audite
2748 3526 2876 3588 hoc,
2909 3520 3251 3583 sacerdotes,
3290 3523 3345 3569 et
3375 3519 3559 3568 atten-

1956 3633 2091 3699 dite,
2140 3629 2340 3684 domus
2381 3622 2574 3683 Israel,
2612 3627 2667 3676 et
2711 3618 2912 3673 domus
2954 3611 3128 3682 regis,
3164 3605 3497 3699 auscultate.
3531 3619 3554 3653 ι

1957 3697 2310 3780 Μιιη-ἱίεειυιη
2351 3723 2457 3779 est,
2493 3713 2622 3768 hinc
2652 3723 2874 3781 quoque
2904 3717 3122 3765 rursus,
3154 3716 3221 3755 ex
3267 3697 3373 3751 alia
3403 3709 3562 3750 reve-

1961 3818 2166 3874 latione
2198 3814 2413 3869 initium
2455 3804 2744 3877 sequentis
2779 3797 3039 3854 dictionis
3073 3794 3270 3855 facere,
3303 3787 3563 3845 sacerdo-

1959 3919 2043 3966 tes
2089 3906 2279 3969 simul,
2333 3914 2388 3959 et
2424 3899 2706 3960 lsraelem,
2757 3900 2813 3948 et
2850 3890 3013 3962 regiae
3059 3884 3286 3941 familiae
3327 3886 3561 3937 cunctas

1958 4003 2272 4077 alloquens.
2321 4014 2339 4047 ι
2369 3993 2508 4060 Quia
2559 3988 2715 4043 vobis
2780 3982 3053 4056 judicium
3111 3986 3217 4034 est.
3253 3994 3273 4028 ι
3314 3972 3409 4077 4Αὰ
3460 3985 3561 4025 vos

1956 4075 2101 4152 enim
2130 4090 2252 4147 veni
2293 4097 2355 4143 ut
2383 4083 2656 4157 judicium
2711 4092 2891 4132 meum
2923 4086 3236 4133 exerceam,
3275 4075 3330 4122 et
3367 4078 3562 4136 poenas

1956 4187 2025 4243 de
2054 4184 2287 4239 ausibus
2331 4178 2538 4235 vestris
2580 4175 2693 4229 lata
2744 4167 3022 4226 sententia
3076 4177 3315 4220 sumam.
3364 4178 3382 4210 ι
3420 4157 3560 4223 Quia

1961 4281 2196 4349 laqueus
2245 4272 2378 4328 facti
2420 4269 2557 4327 estis
2612 4267 2666 4321 in
2715 4262 2962 4334 specula,
3017 4264 3073 4314 et
3125 4254 3455 4349 quasiprete
3504 4248 3563 4302 in

1962 4346 2203 4442 lia—byrio
2250 4376 2566 4427 extensum,
2613 4356 2760 4429 quod
2808 4361 3104 4411 venatores
3164 4346 3363 4420 praedae
3393 4355 3564 4397 causa

288 4463 375 4520 ὖοί
391 4435 709 4540 ἀγρεύοντες
741 4468 839 4540 τὴν
872 4467 1047 4540 θήραν
1078 4435 1418 4538 κατέπηξαν.
1453 4487 1471 4519 ι
1510 4468 1588 4538 (p.
1620 4435 1851 4536 ὅδίΔιαἐ

1971 4435 2227 4520 ﬁxerunt.
2265 4479 2283 4511 ι
2338 4456 2556 4517 Varias,
2604 4450 2808 4521 inquit,
2858 4443 3145 4517 prophetis
3200 4438 3377 4494 moliti
3425 4435 3564 4490 estis

289 4556 474 4629 φόρους,
500 4562 687 4631 φησὶν,
731 4558 1038 4623 ὁποϐουλάς
1071 4560 1213 4614 κατά
1249 4558 1359 4612 τῶν
1398 4560 1693 4634 προφητῶν
1736 4560 1853 4613 ἐτε-

292 4650 522 4721 κτήνασθε
549 4654 657 4706 τῶν
690 4649 863 4723 ἐμῶν,
890 4650 1046 4722 δίκην
1074 4648 1184 4703 τῶν
1209 4650 1279 4703 τά
1306 4649 1497 4703 δίκτυα
1537 4648 1853 4703 άπλούντων

290 4739 367 4794 ἐπὶ
388 4742 550 4815 θήραν
580 4744 692 4799 τῶν
723 4744 1135 4814 ἀγρευομένων,
1168 4741 1446 4814 διαφόροις
1471 4742 1669 4807 αὐτοὺς
1701 4760 1860 4814 περι-

293 4831 476 4893 σάλλειν
496 4836 893 4897 ἐσπουδακότες
918 4838 1142 4898 κακοῖς·
1176 4835 1409 4890 σκοπιάν
1434 4835 1563 4907 γὰρ,
1594 4835 1702 4889 τῶν
1726 4852 1861 4905 προ-

295 4929 450 4999 φητῶν
476 4930 564 4988 τόν
598 4932 862 5001 σύλλογον
889 4930 1068 4998 λέγει·
1098 4931 1174 4995 ὡς
1202 4930 1355 5002 παρά
1384 4930 1462 5002 τῷ
1502 4929 1752 5002 Ἐζεκιὴλ
1777 4930 1858 4997 τὸ,
1893 4908 1907 4921 ’

298 5032 316 5066 σ
341 5021 528 5078 Σκοπὸν
570 5025 783 5080 δέδωκά
830 5042 891 5078 σε
925 5024 1006 5096 τῷ
1049 5024 1188 5095 οἴκῳ
1226 5024 1463 5096 Ἰσραὴλ.
1501 5043 1519 5075 ι
1552 5055 1625 5065 -
1653 5042 1674 5076 ι
1720 5023 1863 5094 Ἐγὼ

294 5103 340 5159 δὲ
367 5112 642 5187 παιδευτὴς
681 5114 836 5185 ὑμῶν
858 5118 996 5186 είμι.
1040 5132 1060 5165 ι
1104 5113 1243 5166 Ἀλλ’
1276 5113 1464 5186 ἐπειδὴ
1485 5114 1865 5186 δυσχεραίνον-

294 5215 369 5264 τες
394 5203 472 5272 ἐφ’
494 5202 574 5268 οἷς
604 5208 839 5277 ἐμήνυον
857 5206 987 5276 ὑμῖν
1019 5207 1218 5258 ἐκεῖνοι
1260 5203 1331 5258 τὰ
1351 5204 1607 5275 ἐσόμενα,
1637 5205 1863 5269 τοιαῦτα

297 5291 397 5345 κατ’
421 5295 595 5351 αὐτῶν
626 5296 998 5367 ἐμηχανᾶσθε,
1036 5295 1199 5359 αὐτὸς
1229 5293 1415 5360 ἐπάξω
1441 5295 1541 5368 τὴν
1573 5295 1865 5367 τιμωρίαν,

298 5384 538 5441 παιδεύων
582 5389 726 5459 ὑμᾶς
767 5390 852 5458 ἐφ’
877 5384 959 5453 οἷς
989 5390 1371 5460 ἡμαρτήκατε,
1406 5389 1474 5460 ἣν
1509 5388 1604 5441 καὶ
1644 5389 1869 5452 ἄκοντες

299 5471 594 5543 ὑποδέξεσθε
620 5481 858 5544 πάντως.
895 5500 914 5533 ι
967 5479 1110 5548 Ἐγὼ
1141 5480 1315 5549 ἔγνων
1344 5480 1438 5532 τὸν
1483 5478 1747 5552 Ἐφραίμ.
1775 5483 1871 5536 καὶ

312 5567 504 5644 Ἰσραήλ
533 5576 631 5629 οὐκ
663 5574 891 5629 ἄπεστιν
913 5575 1009 5628 ἀπ’
1040 5572 1201 5645 ἐμοῦ.
1242 5591 1261 5624 ι
1293 5571 1404 5625 Καὶ
1424 5571 1534 5643 γὰρ
1567 5571 1871 5644 ἐπίσταμαι

303 5658 360 5712 τὰ
384 5664 627 5735 γινόμενα
656 5665 784 5739 παρ’
834 5663 1014 5721 αὐτῶν
1053 5664 1318 5737 ἀκριϐῶς,
1366 5662 1465 5718 ἅτε
1510 5664 1743 5719 πάντοτε
1771 5667 1870 5720 αὐ-

366 5798 563 5858 "Psal.
599 5820 800 5870 Lxxvtt,
831 5804 887 5860 9.
966 5802 1012 5837 ¹⁸
1042 5802 1243 5860 Ezech.
1277 5818 1358 5867 Ill,
1397 5802 1482 5857 l7.

1960 4556 2214 4617 insidias,
2234 4559 2287 4607 et
2317 4556 2642 4605 venatorum
2683 4556 2834 4596 more
2865 4538 2957 4610 qui
2989 4544 3104 4592 rete
3130 4532 3198 4588 ad
3240 4528 3561 4599 capiendam

1962 4649 2070 4721 25
2117 4644 2360 4717 przedam
2427 4637 2755 4700 extendunt,
2809 4629 3050 4687 diversis
3102 4628 3228 4682 illos
3277 4622 3565 4721 implicare

1965 4716 2129 4798 i—nalis
2163 4736 2481 4796 stndnistis.
2518 4731 2653 4787 Nam
2684 4727 2965 4799 speculam
3001 4720 3241 4794 appellat
3267 4716 3567 4790 pr0pheta-

1967 4854 2089 4893 rum
2126 4844 2330 4891 coetum
2361 4849 2377 4900 ;
2406 4827 2577 4885 veluti
2622 4824 2769 4897 apud
2810 4820 3155 4877 Ezechielem
3192 4834 3206 4870 :
3248 4834 3266 4866 ι
3303 4811 3569 4883 Specula-

1963 4914 2143 4983 torem
2176 4926 2300 4981 dedi
2323 4932 2377 4978 te
2400 4919 2586 4976 domui
2609 4916 2837 4974 lsraelis
2857 4914 2925 4968 ¹³.
2961 4932 2979 4965 ι
3003 4941 3075 4953 —
3095 4930 3111 4961 ι
3145 4907 3257 4978 Ego
3281 4920 3413 4960 vero
3438 4918 3568 4957 eru-

1964 5019 2113 5074 ditur
2148 5024 2332 5071 vester
2363 5028 2509 5069 sum.
2546 5028 2565 5061 ι
2603 5007 2710 5062 Sed
2742 5005 2873 5077 quia
2905 5018 3024 5068 vos,
3062 4999 3293 5055 moleste
3322 4993 3566 5049 ferentes

1980 5126 2102 5182 qua:
2151 5109 2232 5163 illi
2266 5107 2423 5161 vobis
2468 5109 2730 5160 eventura
2766 5098 3070 5157 canebant,
3126 5092 3253 5145 talia
3300 5087 3567 5182 adversus

1969 5175 2065 5258 eos
2103 5196 2404 5254 machinati
2446 5193 2602 5258 estis,
2635 5190 2890 5262 equidem
2931 5183 3181 5258 peccatis
3218 5175 3418 5232 vestris
3450 5188 3569 5244 pm-

1967 5310 2095 5350 nam
2143 5291 2453 5361 imponam,
2510 5299 2677 5357 quam
2732 5281 2890 5336 inviti
2942 5279 3069 5332 licet
3104 5274 3224 5327 sine
3263 5267 3431 5322 dubio
3471 5280 3570 5335 ραι-

1966 5385 2205 5442 tiemini.
2258 5403 2276 5436 ι
2317 5381 2433 5453 Ego
2476 5378 2606 5435 novi
2660 5373 3040 5447 Ephraimum,
3091 5372 3143 5420 et
3183 5361 3352 5417 Israel
3396 5374 3427 5413 a
3481 5373 3569 5412 me

1969 5496 2081 5537 non
2115 5478 2296 5534 abest.
2328 5494 2347 5528 ι
2387 5474 2565 5544 Opera
2595 5471 2741 5526 enim
2768 5467 2983 5521 illorum
3016 5458 3181 5531 probe
3210 5456 3348 5519 scio,
3376 5460 3569 5523 utpote

1968 5572 2065 5648 qui
2102 5584 2386 5641 nunquam
2422 5567 2532 5620 illis
2564 5578 2674 5618 non
2715 5558 2936 5614 adsum.
2972 5572 2993 5605 ι
3027 5551 3169 5620 Quia
3215 5563 3363 5604 nunc
3395 5546 3569 5601 forni-

1979 5639 2139 5729 catus
2188 5639 2274 5721 est
2320 5658 2679 5732 Ephraimus,
2724 5648 3137 5708 contaminatus
3181 5652 3265 5702 est
3316 5639 3507 5698 Israel.
3542 5654 3563 5689 ι

368 5937 433 6007 fl;
469 5942 648 6000 tim-ce
675 5946 821 6020 νέμω
860 5944 1096 6003 refertur
1130 5944 1197 6000 ad
1225 5944 1485 6015 διανέμω.
1523 5941 1627 5999 Sed
1664 5941 1856 6001 Latine
1884 5958 1995 5999 non
2037 5942 2111 6000 ita
2138 5956 2198 6000 se
2231 5938 2459 5997 haberet
2487 5943 2665 6008 pascet
2692 5931 2758 5991 ad
2788 5929 3146 6004 disperde!"-
