4104 6470
587 339 696 400 158

1828 345 2176 403 THEODORI
2203 343 2690 403 MOPSUESTENI

3739 348 3836 410 ιω

587 451 719 508 Vidi
770 454 893 510 illos
931 470 1159 526 prorsus
1211 471 1241 510 a
1291 472 1376 512 me
1429 458 1748 525 recessisse,
1800 469 1856 516 et
1894 459 2164 516 idolorum

2268 463 2378 524 τοῖς
2437 461 2646 532 παρών.
2707 480 2726 512 ι
2787 462 2931 514 Διότι
2985 459 3082 515 νῦν
3129 459 3519 531 ἐξεπόρνευσεν
3580 461 3833 534 Ἐφραῒμ,

592 546 864 617 religione
902 564 961 603 se
990 549 1274 618 polluisse.
1309 568 1328 602 ι
1360 549 1478 606 Non
1509 552 1778 609 dederunt
1809 553 2171 625 cogitationes

587 650 723 690 suas
771 644 828 690 ut
864 645 1210 694 revertantur
1240 639 1308 695 ad
1340 656 1446 708 me,
1487 644 1617 712 quia
1661 644 1888 714 spiritus
1932 644 2170 699 fornica-

587 729 764 784 tionis
797 729 935 798 ipsis
963 731 1130 795 inest,
1162 740 1216 787 et
1247 731 1536 788 Dominum
1573 750 1683 788 non
1715 743 2113 804 cognoverunt.
2145 753 2164 786 ι

589 817 778 890 Neque
821 823 1277 892 resipiscentibus
1303 841 1457 880 mens
1492 825 1594 878 fuit
1618 825 1686 879 ad
1722 842 1806 880 me
1835 825 2166 892 revertendi,

587 912 724 981 quia
781 913 838 968 in
874 914 1070 968 vitium
1124 924 1238 970 toto
1293 917 1512 971 homine
1557 917 1924 983 incurrerunt,
1960 917 2168 971 nttllum

587 1004 700 1059 mei
745 1015 1054 1076 respectum
1101 1007 1303 1063 habere
1343 1009 1612 1063 volentes.
1652 1027 1669 1059 ι
1701 1006 1767 1060 Ει
1796 1007 2172 1062 liumiliabitur

589 1097 911 1166 arrogantia
947 1097 1165 1155 lsraelis
1200 1100 1253 1153 in
1294 1098 1484 1155 faciem
1515 1101 1652 1169 ejus.
1693 1120 1712 1152 ι
1745 1101 1907 1170 Atqui
1937 1101 2170 1155 vesania}

589 1188 759 1258 hujus
808 1196 975 1260 atque
1030 1173 1393 1262 arrogantiae,
1435 1207 1541 1261 qua
1578 1191 1839 1247 adversus
1883 1207 1967 1246 me
2019 1193 2171 1246 insa-

594 1279 814 1334 nierunt
849 1283 1123 1350 apostasia
1165 1298 1264 1337 sua
1319 1298 1350 1336 a
1399 1298 1502 1347 me,
1549 1293 1599 1337 et
1628 1297 1853 1336 accessu
1886 1281 1955 1336 ad
1999 1282 2166 1348 idola,

590 1369 789 1440 dignas
829 1372 978 1426 luent
1010 1388 1225 1442 poenas,
1257 1388 1381 1426 cum
1415 1387 1571 1428 suam
1599 1371 2008 1442 depressionem
2043 1387 2170 1442 spe-

590 1461 841 1525 ctabunt,
894 1462 948 1516 in
981 1478 1146 1532 quam
1199 1479 1286 1518 me
1335 1464 1638 1520 ulciscente
1680 1464 1991 1519 devenient.
2030 1481 2050 1515 ι
2101 1462 2167 1518 Et

591 1554 759 1609 Israel
791 1563 955 1624 atque
983 1554 1312 1620 Ephraimus
1357 1555 1778 1610 inﬁrmabuntur
1817 1557 1868 1609 in
1911 1555 2171 1625 iniquita-

587 1645 737 1699 tibus
779 1646 916 1701 suis.
952 1643 1130 1723 Judas.
1157 1647 1359 1717 pariter
1398 1662 1521 1701 cunt
1554 1647 1688 1716 ipsis
1724 1647 2110 1703 inlirmabitur.
2141 1667 2162 1701 ι

587 1735 789 1790 Cuncti
819 1728 1182 1792 communiter
1204 1746 1516 1808 peccantes,
1556 1739 1919 1794 communiter
1949 1753 2166 1808 quoque

2273 548 2503 620 ἐμιάνθη
2541 549 2772 621 Ἰσραήλ.
2823 569 2842 602 ι
2877 545 3008 604 υἷδα
3057 550 3236 604 τοίνυν
3268 549 3464 614 αὐτοὺς
3507 551 3682 606 τέλεον
3715 554 3837 608 ἀπος

2275 641 2505 705 στάντας
2527 641 2684 712 ἐμοῦ,
2713 643 2807 696 καὶ
2837 645 2896 696 ἐν
2923 645 2987 714 τῇ
3013 642 3120 696 τῶν
3144 642 3376 696 εἰδώλων
3400 642 3717 714 μιανθέντας
3753 645 3826 699 λα-

2274 748 2303 783 τ
2313 730 2451 803 ρείᾳ.
2477 749 2496 784 t
2521 733 2635 786 Οὐκ
2658 733 2864 786 ἔδωκαν
2890 734 2957 787 τά
2986 733 3264 787 διαϐούλια
3285 735 3463 787 αὐτῶν
3487 734 3578 786 τοῦ
3597 734 3830 807 ἐπιστρέ-

2268 819 2368 889 ψαι
2407 821 2545 889 πρὸς
2574 821 2664 876 τὸν
2679 822 2809 876 Θεὸν
2839 823 3041 884 αὐτῶν.
3065 823 3147 876 ὅτι
3174 821 3390 893 πνεῦμα
3426 823 3676 895 πορνείας
3699 827 3834 878 ἐστὶν

2270 913 2328 964 ἐν
2361 913 2544 976 αὐτοῖς
2564 928 2575 941 ’
2604 914 2694 966 τὸν
2717 913 2774 967 δέ
2802 913 3005 985 Κύριον
3028 915 3127 968 οὐκ
3148 913 3482 982 ἐπέγνωσαν.
3524 933 3542 964 ι
3585 915 3714 969 Οὐδὲ
3735 917 3834 987 γὰρ

2275 1003 2734 1075 μεταϐαλλόμενοι
2766 1004 2992 1074 γνώμην
3032 1005 3188 1075 ἔσχον
3226 1005 3321 1058 τοῦ
3349 1005 3535 1059 νεῦσαι
3564 1007 3696 1077 πρὸς
3722 1008 3830 1077 ἐμὲ,

2271 1095 2455 1165 ἐπειδὴ
2495 1095 2773 1170 παντελῶς
2814 1098 2950 1168 πρὸς
2983 1097 3044 1149 τὸ
3097 1101 3278 1168 χεῖρον
3316 1096 3627 1164 ἐξώκειλαν,
3660 1099 3832 1154 οὐδένα

2269 1186 2426 1255 λόγον
2454 1186 2727 1250 ἐθέλοντες
2761 1188 2894 1258 ἐμοῦ
2929 1189 3219 1244 ποιεῖσθαι.
3254 1209 3272 1240 ι
3321 1189 3432 1242 Καὶ
3452 1189 3833 1259 ταπεινωθήσε-

2269 1282 2411 1350 ταιή
2443 1277 2598 1348 ὕϐρις
2621 1278 2715 1332 τοῦ
2752 1280 2967 1350 Ἰσραὴλ
2990 1283 3070 1344 εἰς
3095 1282 3381 1353 πρόσωπον
3408 1280 3592 1334 αὐτοῦ.
3625 1301 3641 1332 ι
3686 1282 3834 1336 Ἀλλά

2269 1368 2377 1438 γὰρ
2391 1367 2592 1440 ταύτης
2613 1369 2667 1422 δέ
2689 1371 2785 1440 τῆς
2813 1372 3096 1442 παροινίας
3118 1372 3210 1424 καὶ
3234 1373 3332 1441 τῆς
3361 1371 3571 1442 ὕϐρεως
3593 1374 3656 1442 ἢν
3678 1374 3832 1444 ἐπαρ-

2267 1461 2444 1514 οίνουν
2485 1462 2819 1526 ἀποστάντες
2873 1463 3047 1534 ἐμοῦ,
3109 1465 3202 1517 κα)⁸
3256 1466 3683 1535 προσανέχοντες
3730 1468 3831 1529 τοῖς

2268 1553 2525 1618 εἰδώλοις,
2562 1555 2717 1621 ἀξίαν
2755 1555 2982 1609 δώσουσι
3018 1557 3196 1628 δίκην,
3225 1557 3390 1626 αὐτοὶ,
3415 1557 3602 1610 θεαταὶ
3642 1559 3734 1628 τῆς
3758 1558 3829 1610 οἰ-

2268 1645 2421 1708 κείας
2446 1646 2717 1717 γινόμενοι
2763 1647 3162 1712 ταπεινώσεως,
3199 1650 3278 1712 εἰς
3311 1650 3377 1719 ἥν
3405 1649 3493 1702 διὰ
3535 1650 3633 1721 τῆς
3677 1668 3832 1720 τιμω-

2273 1737 2395 1807 ρίας
2439 1740 2867 1810 καταστήσονται
2905 1741 3006 1810 τῆς
3062 1741 3220 1811 ἐμῆς.
3258 1759 3278 1793 ι
3319 1741 3433 1795 Καὶ
3490 1742 3700 1812 Ἰσραὴλ
3747 1741 3831 1795 καὶ

586 1843 809 1906 poenam
842 1829 1143 1899 perferent,
1174 1840 1461 1902 propterea
1501 1831 1647 1902 quod
1690 1833 1956 1888 adversus
1985 1834 2166 1887 scien-

2280 1829 2521 1900 Ἐφραὶμ
2548 1831 2932 1903 ἀσθενήσουσιν
2957 1835 3014 1885 ἐν
3030 1837 3153 1898 ταῖς,
3169 1832 3404 1897 ἀδικίαις
3422 1833 3617 1888 αὐτῶψ
3638 1835 3788 1903 (p.59
3814 1835 3829 1904 )

585 1920 720 1972 tiam
775 1935 953 1974 meam
995 1920 1181 1989 injurii
1220 1921 1459 1975 fuerunt.
1495 1922 1586 1976 Sic
1621 1920 1782 1975 etiam
1847 1921 2041 1976 beatus
2087 1919 2165 1975 ait

586 2009 792 2066 Paulus
825 2031 837 2067 :
875 2031 894 2064 ι
924 2013 1148 2082 Eorum,
1182 2015 1276 2085 qui
1324 2016 1612 2070 veritatem
1660 2017 1714 2068 in
1759 2014 2032 2084 injustitia
2069 2014 2164 2068 de-

584 2107 858 2173 tinent“;
897 2126 915 2158 ›
957 2121 1152 2176 nempe
1199 2122 1414 2172 eorum,
1444 2108 1538 2176 qui
1583 2107 1798 2163 veritati
1839 2106 2048 2162 faciunt
2082 2106 2164 2160 in-

578 2191 785 2264 juriam
818 2212 919 2252 sua
952 2197 1017 2251 ad
1051 2197 1245 2254 vitium
1281 2197 1650 2269 pervcrsione.

658 2461 823 2518 VERS-
847 2469 1214 2533 6-9.—¢Cum
1229 2474 1420 2531 ovibus
1433 2471 1545 2529 suis
1559 2489 1622 2529 ac
1635 2476 1815 2536 vitulis
1843 2479 2065 2540 pergant
2095 2486 2163 2524 au

585 2554 935 2619 quaerendum
961 2555 1338 2623 Dominum,et
1357 2574 1466 2614 non
1487 2559 1762 2614 invenient
1782 2576 1905 2616 eum
1926 2578 1940 2627 ;
1959 2561 2160 2615 etenim

583 2646 654 2700 ab
681 2647 818 2716 ipsis
846 2648 1173 2714 declinavit,
1205 2659 1492 2722 postquam
1537 2652 1825 2707 Dominum
1857 2653 2164 2724 derelique-

581 2745 732 2791 runt.
757 2757 774 2789 ›
799 2737 1023 2796 Etiamsi
1052 2740 1260 2798 hostias
1280 2743 1732 2809 adduxerint,his
1759 2752 2013 2814 putantes
2038 2762 2165 2816 pro-

583 2832 775 2899 pitium
794 2832 896 2888 sibi
918 2833 1130 2890 Numen
1160 2837 1408 2901 reddere,
1430 2837 1566 2891 nihil
1595 2838 1843 2918 indege
1858 2840 2164 2909 proﬁcient,

585 2921 696 2978 fleo
722 2939 947 2993 prorsus
976 2935 1302 2995 aversante;
1339 2927 1778 2999 quandoquidem
1808 2947 1873 2985 eo
1903 2931 2163 2997 dimisso,

2267 1921 2361 1975 καὶ
2403 1921 2688 1992 ἀσθενήσει
2741 1925 2830 1977 καὶ¹
2875 1923 3073 1988 Ἰούδας
3115 1927 3233 1996 μετ’
3261 1926 3463 1984 αὐτῶν.
3509 1945 3527 1976 ι
3577 1927 3830 1989 ’Ἅπαντες

2266 2017 2418 2085 κοινῇ
2451 2014 2914 2086 πλημμελοῦντες,
2955 2021 3105 2090 κοινῇ
3141 2018 3233 2071 καὶ
3270 2018 3369 2088 τὴν
3404 2018 3673 2088 τιμωρίαν
3710 2019 3829 2072 ὐπο-

2269 2105 2538 2175 μενοῦσιν,
2583 2109 2723 2180 ὑπὲρ
2764 2102 2838 2162 ὧν
2881 2109 2978 2182 τὴν
3016 2110 3215 2179 γνῶσιν
3266 2110 3490 2181 ἠδίκουν
3542 2109 3638 2180 τὴν
3683 2110 3826 2180 ἐμήν.

2266 2196 2424 2251 Οὕτω
2469 2199 2562 2252 καὶ
2592 2202 2621 2252 ό
2658 2200 2928 2272 μακάριος
2969 2201 3116 2270 λέγει
3157 2201 3366 2266 Παῦλος
3411 2203 3492 2267 τὸ,
3539 2221 3560 2252 ι
3596 2201 3710 2253 Τῶν
3742 2200 3830 2269 τήν

2272 2285 2530 2356 ἀλήθειαν
2554 2289 2611 2342 ἐν
2637 2290 2820 2361 ἀδικίᾳ
2853 2290 3206 2361 κατεχόντων·
3248 2310 3266 2343 ι
3301 2291 3392 2345 ἵνα
3426 2292 3584 2364 εἴπῃ,
3603 2289 3716 2343 Τῶν
3743 2287 3829 2358 τὴν

2267 2375 2527 2448 ἀλήθειαν
2561 2382 2627 2452 τῇ
2657 2382 2792 2450 πρὸς
2819 2383 2880 2436 τὸ
2907 2385 3087 2454 χεῖρον
3125 2382 3456 2438 ἀδικούντων
3487 2383 3740 2454 ἐκτροπῇ.

2339 2471 2486 2543 Στίχ.
2546 2474 2696 2538 ςὀθ’.
2755 2505 2825 2515 --
2874 2495 2893 2526 ‹
2954 2476 3108 2530 Μετὰ
3158 2477 3452 2548 προϐάτων
3494 2478 3587 2534 καὶ
3632 2475 3829 2546 μόσχων

2268 2561 2624 2632 πορεύσονται
2681 2565 2774 2618 τοῦ
2832 2565 3129 2636 ἐκζητήσαι
3188 2567 3279 2620 τὸν
3339 2565 3582 2637 Κύριον,
3633 2563 3722 2616 καὶ
3773 2562 3836 2616 οὐ.

2271 2653 2346 2724 μὴ
2380 2653 2615 2725 εὕρωσιν
2653 2657 2849 2711 αὐτόν·
2888 2659 3175 2713 ἐκκέκλικε
3220 2660 3330 2730 γὰρ
3375 2661 3475 2713 ἀπ’
3521 2657 3713 2722 αὐτῶν,
3755 2657 3827 2709 ὅτι

2262 2743 2355 2796 τὸν
2418 2745 2624 2817 Κύριον
2669 2748 3045 2816 ἐγκατέλιπον.
3103 2769 3122 2802 ι
3171 2751 3291 2804 Κᾶν
3340 2750 3536 2814 θυσίας
3577 2750 3632 2804 δὲ
3679 2763 3839 2821 προσέ.

2263 2833 2462 2901 άγωσι,
2485 2835 2695 2898 τούτοις
2729 2837 3068 2903 ἐξιλεοῦσθαι
3097 2839 3418 2908 νομίζοντες
3451 2841 3512 2895 τὸ
3549 2841 3718 2904 Θεῖον,
3745 2837 3836 2892 οὺς.

2261 2925 2350 2978 δέν
2397 2925 2648 2979 ἐντεῦθεν
2693 2927 2874 2992 ’έξουσι
2910 2929 3110 2994 πλέον,.
3141 2932 3592 3003 ἐκτετραμμένον
3630 2931 3836 2992 πάντας

581 3014 744 3069 idolis
777 3023 924 3072 totos
950 3032 1008 3072 se
1029 3017 1376 3074 dediderunt.
1413 3039 1431 3072 ι
1463 3019 1601 3086 Quia
1634 3021 1776 3077 ﬁlios
1808 3023 2016 3079 alienos
2054 3025 2159 3080 sibi

2268 3016 2460 3078 αὐτοὺς
2490 3017 2583 3070 τοῦ
2614 3017 2748 3072 Θεοῦ
2775 3035 2788 3048 ⁸
2818 3020 2959 3092 ὑπὲρ
2983 3014 3057 3076 ὧν
3082 3022 3312 3091 ἀφέντες
3334 3025 3526 3090 αὑτὸν,
3566 3019 3824 3083 παντελῶς

582 3116 911 3172 genuerunt.
938 3125 957 3159 ι
996 3107 1133 3162 Nam
1156 3118 1209 3162 et
1237 3125 1359 3164 cum
1395 3111 1650 3180 gentibus
1685 3121 1880 3181 praeter
1910 3115 2159 3184 praescri-

2268 3106 2372 3167 τοῖς
2388 3103 2623 3170 εἰδώλοις
2654 3109 2959 3178 προσεῖχον.
2983 3127 3001 3161 ‹
3033 3109 3152 3165 Ὀτι
3168 3112 3332 3165 τέκνα
3352 3113 3610 3185 ἀλλότρια
3625 3111 3826 3180 ἐγέννη-

585 3201 740 3263 ptum
768 3197 1017 3269 coniugia
1040 3199 1354 3277 miscentes,
1387 3217 1453 3257 ex
1497 3203 1927 3275 alienigenarum
1968 3207 2163 3276 c0pula

587 3287 790 3342 liberos
824 3301 1206 3360 susceperunt.
1247 3291 1387 3364 Ergo
1423 3294 1552 3348 hinc
1591 3296 1756 3350 etiam
1791 3298 2194 3370 omnimodam_

585 3377 802 3431 illorum
863 3395 986 3434 cum
1038 3381 1360 3451 alienigenis
1406 3386 1844 3441 commistionem
1898 3389 2160 3457 ostendit,

583 3471 714 3540 quia
748 3487 813 3527 ex
858 3473 944 3527 his
975 3473 1140 3528 etiam
1172 3475 1329 3530 liberi
1374 3476 1511 3546 ipsis
1540 3477 1651 3530 nati
1691 3478 1825 3534 sint.
1860 3477 1976 3534 Hoc
2013 3480 2161 3536 enim

582 3561 696 3616 illis
743 3561 1076 3632 improperat
1128 3563 1291 3619 etiam
1340 3566 1535 3621 beatus
1574 3565 1745 3622 David
1779 3568 2012 3624 dicens:
2051 3589 2070 3623 ι
2098 3569 2164 3624 Et

581 3651 856 3707 commisti
873 3660 1004 3706 sunt
1026 3652 1171 3707 inter
1187 3660 1374 3723 gentes
1391 3653 1452 3708 ³⁵.
1467 3672 1588 3705 ι-ι
1603 3652 1756 3709 Nunc
1773 3653 2051 3711 devorabit
2068 3671 2164 3711 eos

582 3745 804 3815 rubigo,
854 3761 1068 3801 necnon
1097 3746 1445 3804 hereditates
1488 3748 1756 3818 ipsorum.
1785 3770 1803 3802 ι
1838 3749 1980 3804 Dicit
2011 3750 2167 3804 nimi-

478 3838 483 3843 '
584 3851 705 3890 rum
731 3851 790 3892 se
817 3845 1076 3908 tanquam
1107 3839 1345 3910 rubigini
1374 3841 1704 3896 traditurum
1731 3857 1826 3896 eos
1853 3841 2023 3897 exitio
2040 3859 2163 3898 cum

583 3928 915 3998 patrimonio
934 3931 1210 3985 universo.
1243 3949 1262 3981 ‹
1275 3931 1524 4003 Clangite
1540 3934 1774 3988 buccina
1793 3949 1957 4004 super
1974 3935 2162 4002 colles,

583 4027 776 4074 sooate
827 4035 990 4090 super
1045 4021 1283 4088 excelsa,
1342 4023 1634 4092 praedicate
1672 4025 1728 4081 in
1781 4024 1943 4080 domo
1999 4024 2103 4080 0n.
2140 4043 2159 4077 ›

586 4111 841 4177 Cunctis,
873 4111 1073 4182 inquit,
1105 4113 1264 4178 locis,
1296 4113 1389 4168 ubi
1426 4115 1760 4185 impietatem
1809 4125 2046 4172 vestram
2070 4133 2166 4188 pa-

493 4219 504 4236 ~
584 4203 797 4269 trastis,
844 4206 1068 4260 omissis
1096 4205 1379 4263 consuetis
1417 4205 1642 4273 ritibus,
1698 4207 1932 4263 clamate
1958 4210 2163 4278 potius,

582 4309 695 4366 quo
719 4295 874 4353 vobis
903 4304 1166 4353 eventura
1194 4299 1334 4353 mala
1353 4298 1992 4370 portendatis.Quaanam
2015 4301 2168 4356 haec?

2265 3213 2362 3250 σαν
2386 3198 2618 3262 ἐαυτοίς.
2659 3218 2677 3251 ι
2711 3200 2820 3254 Καὶ⁹
2837 3200 2944 3272 γὰρ
2971 3203 3065 3255 καὶ
3096 3206 3208 3267 τοῖς
3239 3204 3424 3258 ἔθνεσι
3463 3206 3610 3277 παρά
3634 3205 3690 3257 τὸ
3717 3204 3826 3257 δια-

2262 3287 2592 3357 τεταγμένον
2636 3289 3002 3360 ἐπιμιγέντες,
3029 3291 3088 3356 ἐξ
3116 3293 3434 3362 ἀλλοφύλων
3479 3295 3826 3348 ἐτεκνώσαντο

2263 3377 2544 3447 ἐπιμιξίας
2569 3395 2582 3408 ·
2629 3379 2788 3433 τοῦτο
2828 3380 2938 3452 γὰρ
2968 3383 3150 3447 αὐτοῖς
3192 3384 3288 3436 καὶ
3315 3385 3342 3437 ὁ
3385 3387 3654 3457 μακάριος
3683 3381 3828 3436 Δαυῒδ

2264 3468 2486 3537 ἐγκαλεί
2530 3470 2704 3540 λέγων
2728 3487 2740 3502 ο
2778 3492 2795 3524 ι
2831 3473 2942 3527 Καὶ
2972 3476 3312 3546 ἐπεμίγησαν
3351 3478 3422 3542 ἐν
3448 3481 3555 3542 τοῖς
3588 3477 3769 3531 ἔθνεσι.
3806 3493 3821 3525 ι

2264 3563 2561 3618 Κάνταῦθα
2593 3563 2768 3620 τοίνυν
2794 3566 2893 3635 τὴν
2928 3568 3165 3638 παντελῆ
3203 3569 3337 3640 πρὸς
3371 3571 3504 3634 τοὺς
3532 3569 3824 3638 ἀλλοτρίους

2265 3652 2546 3723 ἐπιμιξίαν
2567 3653 2736 3726 δηλοῖ,
2771 3657 2831 3710 τδ
2863 3658 3028 3712 τέκνα
3054 3659 3237 3724 αὐτοῖς
3269 3659 3326 3726 ἐξ
3359 3661 3544 3715 αὐτῶν
3572 3657 3826 3728 γενέσθαι.

2271 3762 2290 3798 t
2323 3743 2433 3798 Νῦν
2461 3746 2834 3815 καταφάγεται
2871 3749 3068 3812 αὐτοὺς
3095 3752 3128 3822 ἠ
3160 3750 3388 3823 ἐρυσίϐη
3437 3751 3529 3807 καὶ
3567 3751 3689 3812 τοὺς
3712 3748 3828 3818 κλή-

2271 3854 2396 3907 ρους
2436 3836 2635 3894 αύτῶν.
2663 3856 2682 3890 ι
2709 3839 2827 3892 Ἵνα
2859 3839 2989 3913 εἴπῃ
3021 3841 3101 3894 ὅτι
3137 3840 3303 3912 Δίκην
3345 3859 3407 3895 τε
3456 3842 3706 3916 ἐρυσίϐης
3744 3839 3830 3892 αὑ-

2266 3927 2392 3993 τούς
2420 3946 2480 3982 τε
2520 3931 2614 3984 καὶ¹
2639 3930 2708 3984 τὰ
2741 3931 3011 4002 προσόντα
3061 3934 3244 3996 αὐτοῖς
3286 3934 3506 3997 ἅπαντα
3543 3931 3830 4006 παραδώσω

2269 4019 2466 4092 φθορᾷ.
2519 4040 2538 4073 ι
2596 4021 2902 4076 Σαλπίσατε
2951 4023 3214 4093 σάλπιγγι
3272 4024 3366 4077 ἐπὶ
3419 4027 3546 4090 τοὺς
3593 4021 3826 4096 βουνούς’

2267 4114 2510 4184 ἠχήσατε
2568 4114 2662 4167 ἐπὶ
2707 4113 2814 4167 τῶν
2868 4113 3112 4185 ὑψηλῶν,
3163 4114 3441 4186 κηρύξατε
3491 4117 3554 4176 ἐν,
3597 4113 3670 4186 τῷ
3709 4112 3830 4182 οἴκῳ

2271 4207 2390 4260 Ὧν.
2429 4224 2448 4257 ›
2499 4206 2587 4259 Ἐν
2631 4205 2804 4260 ἅπασι
2835 4206 2915 4272 δὲ,
2961 4207 3115 4277 φησι,
3146 4209 3260 4269 τοῖς
3300 4206 3489 4270 τόποις
3529 4208 3584 4260 ἐν
3631 4200 3706 4268 οἷς
3741 4202 3831 4273 τὴν

2266 4297 2521 4357 ἀσέϐειαν
2575 4297 2897 4370 εἰργάζεσθε
2954 4299 3053 4370 τὴν
3098 4299 3324 4364 οἰκείαν,
3362 4298 3438 4368 (p.
3471 4298 3565 4370 40)
3613 4297 3826 4366 ἀφέντες

586 4386 922 4460 «Obstupuit
948 4389 1256 4460 Benjamin,
1291 4389 1551 4462 Ephraim
1581 4390 1636 4446 in
1665 4390 2002 4449 desolatione
2040 4392 2163 4459 fuit,

2268 4388 2367 4454 τὰς
2413 4389 2667 4461 συνήθεις
2709 4391 2966 4455 σπουδὰς,
3031 4390 3262 4462 βοήσατε
3309 4391 3541 4461 μᾶλλον,
3602 4391 3666 4444 τά
3717 4385 3832 4458 περὶ

579 4482 638 4538 in
669 4481 864 4539 diebus
891 4483 1277 4555 correptionis.
1305 4504 1325 4537 ι
1364 4483 1669 4556 Benjamini
1693 4487 1936 4550 nomine,
1965 4485 2167 4543 Judzeze

2270 4483 2415 4553 ὑμᾶς
2453 4482 2591 4554 ὑπὲρ
2635 4481 2840 4536 τούτων
2877 4483 3112 4554 ἐσόμενα
3163 4481 3463 4554 μηνύοντες
3500 4482 3661 4538 κακά.
3710 4480 3831 4534 Ποῖα

581 4589 811 4645 regnum
836 4575 1000 4644 dicit;
1030 4575 1328 4647 Ephraimo
1357 4584 1565 4640 autem,
1602 4576 1796 4633 decem
1827 4579 2054 4634 denotat
2077 4579 2167 4634 tri-

2268 4574 2470 4641 ταῦτα;
2528 4591 2549 4628 ι
2614 4572 2837 4644 Ἐξέστη
2911 4574 3189 4645 Βενιαμὶν,
3270 4574 3510 4646 Ἐφραῒμ
3567 4575 3644 4637 εἰς
3702 4574 3832 4640 ἀφα-

584 4665 710 4721 bus.
745 4664 932 4736 Neque
958 4683 1090 4722 vero
1120 4669 1198 4721 ait
1226 4669 1379 4721 illum
1405 4667 1778 4738 obstupuisse,
1808 4669 1954 4724 hunc
1985 4677 2167 4726 autem

2268 4663 2455 4731 νισμὸν
2495 4661 2713 4731 ἐγένετο
2737 4662 2796 4715 ἐν
2832 4661 3070 4734 ἡμέραις
3103 4663 3348 4735 ἐλέγχου.
3383 4681 3402 4714 ι
3452 4664 3582 4716 Ἀπὸ
3613 4661 3707 4733 μὲν
3732 4658 3832 4728 γὰρ

582 4755 925 4823 desolatam;
959 4757 1054 4812 sed
1083 4757 1154 4814 de
1205 4766 1440 4828 utroque
1478 4759 1848 4815 communiter
1873 4768 2170 4832 utrumque

583 4847 739 4912 dicit,
777 4864 975 4920 nempe
1025 4849 1173 4921 quod
1218 4850 1611 4920 obstupescent
1663 4860 1716 4906 et
1744 4852 2159 4911 desolabuntur.

587 4957 608 4992 ι
628 4938 690 4994 1η
719 4938 913 4996 diebus
931 4940 1316 5010 correptionis,
1341 4959 1358 4993 ι
1377 4939 1429 4995 id
1456 4949 1542 4996 est
1568 4941 1624 4996 in
1646 4942 1886 4999 hostium
1904 4944 2157 5014 incursu,

581 5046 726 5102 quos
779 5032 899 5103 ipse
953 5031 1209 5096 adducet,
1259 5041 1320 5086 ut
1371 5033 1559 5104 populi
1611 5034 1698 5090 sui
1744 5038 2162 5108 perversitatem

583 5123 763 5194 palam
819 5124 1073 5196 castiget.
1114 5121 1516 5194 Obstupescent
1565 5143 1716 5199 ergo,
1754 5130 1849 5195 ait,
1898 5131 2162 5185 mirantes

583 5215 824 5279 subitam
859 5230 1042 5270 rerum
1083 5229 1308 5270 suarum
1354 5219 1765 5290 catastrophen,
1816 5220 1868 5274 in
1901 5235 2009 5291 qua
2041 5221 2166 5277 fun-

582 5308 735 5367 ditus
774 5307 1161 5372 destruentur,
1211 5323 1298 5364 me
1343 5309 1533 5366 hostes
1591 5311 1673 5366 eis
1707 5311 2055 5376 imminente,
2114 5320 2170 5368 et

586 5405 868 5468 peractam
909 5397 979 5452 ab
1017 5398 1150 5468 ipsis
1194 5398 1690 5471 transgressionem
1725 5401 2007 5470 puniente.
2046 5399 2168 5455 Jam

590 5502 706 5544 rem
729 5503 1076 5545 communem
1106 5490 1320 5547 diaeresi
1347 5491 1479 5557 dici,
1512 5492 1717 5564 passim
1751 5492 2056 5564 comperire
2086 5500 2171 5549 est

587 5577 756 5637 etiam
781 5578 926 5650 apud
959 5580 1176 5637 beatum
1195 5581 1458 5639 Davidem
1481 5621 1498 5648 ,
1534 5582 1682 5637 velut
1705 5597 1830 5636 cum
1869 5581 1976 5636 ait:
2026 5600 2044 5632 ι
2071 5581 2167 5637 Die

591 5669 846 5736 clamavi,
879 5679 934 5727 et
964 5680 1124 5730 nocte
1152 5689 1338 5730 coram
1381 5674 1520 5743 te";
1545 5692 1563 5726 ι
1599 5689 1708 5730 non
1736 5674 1811 5728 ait
1840 5689 1899 5729 sc
1928 5673 2166 5729 interdiu

671 5829 710 5860 "
735 5827 892 5886 Rom.
927 5845 965 5899 ι,
997 5831 1079 5888 l8.
1164 5830 1371 5888 "Psal.
1405 5846 1493 5901 (ν,
1528 5832 1598 5887 56
1696 5833 1738 5865 ¹⁶
1771 5831 1914 5888 Psal.
1942 5831 2259 5899 Lxxxvu,2.

2262 4753 2355 4808 τοῦ
2391 4752 2650 4822 Βενιαμὶν
2696 4751 2792 4824 τὴν
2821 4753 2921 4828 τῆς
2960 4753 3218 4819 Ἰουδαίας
3263 4753 3408 4822 λέγει
3439 4751 3711 4823 βασιλείαν
3733 4767 3744 4778 ·
3773 4748 3832 4799 ἐκ

2267 4845 2325 4899 δὲ
2349 4843 2444 4898 τοῦ
2487 4843 2727 4915 Ἐφραῒμ
2749 4843 2850 4908 τὰς
2883 4843 3014 4899 δέκα
3042 4845 3236 4916 μηνύει
3266 4844 3439 4914 φυλάς
3459 4863 3472 4875 ·
3506 4843 3565 4898 ού
3596 4842 3746 4896 τοῦτο
3779 4837 3830 4891 δὲ

2269 4935 2437 5005 λέγει,
2469 4936 2550 4990 ὅτι
2573 4934 2600 4986 ὁ
2627 4936 2724 5005 μὲν
2749 4935 2965 5007 ἐξέστη,
2991 4936 3020 4989 ὁ
3043 4935 3099 4988 δὲ
3124 4937 3205 4997 εἰς
3252 4935 3554 5006 ἀφανισμὸν
3592 4932 3827 5001 ἐγένετο·

2268 5027 2384 5082 ἀλλ’
2420 5027 2507 5080 ἵνα
2540 5029 2692 5097 κοινῇ
2726 5027 2811 5079 ἐπ’
2863 5026 3190 5098 ἀμφοτέρων
3234 5027 3362 5100 είπη
3402 5026 3463 5080 τὸ
3510 5020 3832 5096 συναμφότε-

2271 5137 2386 5193 ρον,
2422 5123 2504 5174 ὅτι
2553 5121 2906 5190 ἐκστήσονται
2957 5120 3054 5174 καὶ
3108 5119 3186 5184 είς
3240 5118 3548 5189 ἀφανισμὸν
3594 5116 3828 5170 ἔσονταιο

2266 5212 2362 5266 καὶ
2399 5231 2418 5263 ι
2455 5213 2511 5266 ἐν
2538 5211 2774 5284 ἡμέραις
2798 5212 2892 5266 τοῦ
2921 5211 3144 5282 ἐλέγχου
3185 5231 3202 5262 ι
3232 5211 3381 5280 λέγει
3409 5211 3468 5264 δὲ
3493 5212 3551 5264 ἐν
3571 5211 3636 5279 τῇ
3669 5204 3830 5274 ἐφόδῳ

2265 5305 2374 5360 τῶν
2420 5305 2716 5376 πολεμίων,
2765 5305 2835 5378 ἢν
2889 5303 3228 5371 ἐπάξει,τὰς
3272 5303 3613 5375 παρανομίας
3665 5293 3829 5350 αὐτῶν

2265 5397 2503 5468 ἐλέγχων
2553 5398 2860 5470 προδήλως.
2927 5397 3318 5467 Ἐκστήσονται
3356 5391 3470 5458 οῦν,
3520 5393 3700 5462 φησιν,
3744 5389 3828 5438 ἐκ-

2271 5489 2626 5560 πληττόμενοι
2661 5489 2761 5559 τῆς
2796 5488 2925 5560 περὶ
2951 5488 3150 5551 αὐτοὺς
3191 5486 3493 5558 μεταϐολῆς
3520 5485 3582 5537 τὸ
3625 5478 3826 5549 ἀθρόον,

2272 5581 2363 5651 ὑφ’
2396 5575 2462 5653 ἦς
2488 5582 2950 5653 ἀφανισθήσονται
2980 5580 3258 5643 παντελῶς
3281 5597 3294 5611 ·
3322 5577 3454 5650 ἐμοῦ
3489 5575 3615 5638 τούς
3641 5589 3696 5625 τε
3736 5583 3826 5620 που

2271 5673 2492 5746 λεμίους
2542 5674 2723 5737 αὐτοῖς
2770 5673 3088 5742 ἐπάγοντος,
3138 5673 3228 5726 καὶ
3277 5670 3374 5742 τήν
3423 5659 3826 5733 ἐπιτελουμένην
