4104 6498
271 371 374 429 457

1373 383 1927 448 COMMENTARIUS
1959 390 2027 445 IN
2065 391 2271 450 OSEE
2312 391 2464 450 CAP.
2498 390 2562 448 Υ.

3486 397 3588 457 158

271 491 408 584 sup“
435 493 632 559 αὐτοῖς
663 493 987 566 ἐλέγχοντος
1022 499 1399 571 παρανομίανο
1433 503 1494 556 τὸ
1517 501 1576 557 δὲ
1603 503 1666 556 τὸ
1707 503 1880 558 κοινὸν

1992 508 2254 578 clamare,
2287 520 2342 566 et
2372 518 2538 566 noctu
2564 524 2754 565 coram
2790 511 2902 568 Deo
2926 510 3112 584 loqui;
3148 511 3244 570 sed
3273 511 3352 568 ait
3376 513 3584 584 potius,

269 582 420 638 κατὰ
447 584 727 654 διαίρεσιν
752 587 956 656 λέγειν,
980 587 1132 662 εὕροι
1159 590 1227 647 ἄν
1251 609 1338 657 τις
1372 595 1596 666 συνεχὲς
1620 595 1714 649 καὶ
1745 595 1896 669 παρά

270 674 348 747 τῷ
377 675 660 749 μακαρίῳ
693 677 863 732 Δαυῖδ
885 694 899 708 ·
933 679 1011 743 ὡς
1039 681 1170 735 ὅταν
1197 681 1335 758 λέγῃ
1356 701 1372 717 ο
1412 704 1431 738 ι
1485 683 1728 756 Ἡμέρας
1766 686 1896 741 ὲκέ-

271 766 484 838 κραξα,
504 769 607 822 καὶ
636 769 699 822 ὲν
725 772 884 824 νυκτὶ
914 773 1159 827 ἐναντίον
1186 791 1282 828 σου
1306 791 1320 804 ⁶
1349 795 1369 828 ι
1391 775 1491 830 οὐκ
1508 777 1566 831 ὲν
1592 777 1778 849 ἡμέρα
1796 778 1896 848 μὲν

271 857 406 930 βοᾷν
445 859 655 928 λέγων,
716 862 780 914 ὲν
821 864 982 918 νυκτὶ
1023 864 1081 918 δὲ
1134 866 1380 921 ἐναντίον
1419 868 1757 938 φθέγγεσθαι
1797 870 1893 924 τοῦ

267 949 410 1004 Θεοῦ
435 968 452 982 ·
491 951 617 1006 ἀλλ’
653 954 744 1008 ἵνα
772 953 931 1027 εῐπῃ,
959 957 1042 1010 ὄτι
1099 958 1344 1031 Ἡμέρας
1387 959 1484 1014 καὶ
1529 960 1726 1025 νυκτὸς
1767 962 1892 1016 ἐκέ-

269 1041 457 1111 κραξα
486 1044 748 1099 ἐναντίον
775 1062 871 1100 σου
895 1064 911 1078 ο
946 1048 1091 1102 κατά
1141 1048 1406 1123 διαίρεσιν
1454 1051 1634 1106 τοίνυν
1679 1047 1803 1106 εἷπε
1829 1053 1892 1107 τὸ

272 1133 494 1187 κοινόν·
527 1134 684 1190 οὕτω
716 1137 999 1193 κάνταῦθα
1020 1139 1172 1209 λέγει
1194 1140 1312 1204 τὸ,ι
1353 1139 1574 1212 Ἐξέστη
1607 1141 1886 1214 Βενιαμὶν,

287 1224 540 1297 Ἐφραῒμ
566 1230 653 1293 είς
682 1230 999 1303 ἀφανισμὸν
1030 1233 1268 1302 ἐγένετο·
1311 1252 1329 1286 ι
1360 1235 1448 1290 ἵνα
1480 1235 1610 1308 εῐπῃ
1633 1239 1724 1292 ὅτι
1745 1240 1889 1292 κατά

266 1317 456 1372 κοινοῦ
484 1318 799 1393 ὲξέστησάν
842 1342 903 1378 τε
961 1325 1057 1379 καὶ
1095 1328 1176 1390 είς
1217 1328 1528 1400 ἀφανισμὸν
1572 1330 1883 1398 γεγόνασιν.

245 1427 291 1471 ,ι
341 1409 438 1463 Ἐν
479 1413 608 1476 ταῖς
656 1413 855 1482 φυλαῖς
907 1417 1126 1489 Ἰσραὴλ
1171 1417 1351 1486 ἔδειξα
1401 1422 1589 1474 πιστά.
1629 1441 1647 1472 ι
1686 1423 1761 1492 (p.
1791 1421 1883 1491 41)

265 1502 461 1561 Ταῦτα
491 1505 555 1559 δὲ
582 1507 814 1576 ἐπάγων
863 1510 1068 1576 αὐτοῖς,
1119 1511 1325 1579 ἐλέγξω
1349 1513 1458 1567 τῶν
1500 1513 1742 1568 ἀπειλῶν
1772 1514 1882 1567 τῶν

1998 597 2244 655 Interdiu
2280 610 2558 671 noctuque
2576 601 2811 656 clamavi
2836 615 3020 656 coram
3044 611 3120 658 te.
3157 601 3300 674 Ergo
3331 617 3426 673 per
3451 603 3589 676 ﬁgu-

1998 703 2116 743 ram
2144 690 2440 746 diaereseos
2471 706 2584 747 rem
2607 706 2962 747 communem
2982 692 3143 748 dixit.
3178 692 3270 748 Sic
3294 693 3460 749 etiam
3485 694 3592 750 hoc

1996 780 2120 835 loco
2145 782 2251 838 ait:
2300 801 2318 833 ι
2343 780 2639 852 Obstupuit
2679 782 2995 853 Benjamin.
3047 783 3306 855 Ephraim
3344 785 3400 840 in
3431 784 3591 842 deso-

1999 873 2202 930 latione
2254 873 2385 944 luit;
2432 895 2450 926 ι
2493 882 2553 929 ut
2585 876 2864 930 communi
2900 876 3008 946 27
3036 876 3303 931 ambobus
3349 877 3588 933 dictione

1995 965 2599 1038 dicat,0bslupuerunt
2633 975 2686 1022 et
2714 967 2945 1024 desolati
2985 975 3132 1025 sunt.
3191 987 3211 1019 ι
3239 967 3298 1023 in
3329 969 3586 1026 tribubus

1995 1057 2218 1115 lsraelis
2251 1060 2468 1115 ostendi
2500 1060 2701 1116 ﬁdelia.
2725 1081 2744 1114 ι
2786 1060 2913 1116 Haec
2945 1061 3210 1116 nimirum
3243 1061 3352 1116 illis
3387 1061 3588 1130 impin-

1995 1164 2151 1220 gens,
2208 1151 2480 1206 minarum
2528 1167 2775 1208 mearum
2827 1154 3111 1208 veritatem
3165 1153 3588 1222 ﬁrmitatemque

1993 1243 2386 1312 comprobabo,
2425 1244 2628 1314 quibus
2669 1260 2698 1298 a
2733 1245 3126 1314 prophetarum
3157 1244 3443 1299 intentatis
3490 1243 3588 1301 isti

1993 1346 2105 1388 non
2169 1333 2573 1390 crediderunt:
2649 1336 2890 1390 sentient
2961 1346 3144 1392 autem
3207 1334 3585 1406 experimento

1987 1425 2166 1481 edocti
2221 1427 2405 1483 ﬁdelia
2453 1427 2641 1484 omnia
2689 1443 2753 1484 ac
2798 1429 3017 1484 veracia
3066 1428 3240 1484 fuisse
3275 1442 3396 1498 quae
3434 1427 3582 1482 dicta

1982 1516 2224 1572 fuerant.
2637 1523 2640 1526 ’

265 1595 420 1666 ἐμῶν
449 1597 516 1651 τὸ
543 1598 753 1687 ἀληθὲς
782 1603 878 1655 καὶ
907 1603 1146 1673 βέϐαιον,
1192 1602 1280 1670 αἷς
1318 1607 1409 1661 διὰ
1446 1608 1557 1662 τῶν
1609 1610 1905 1682 προφητῶν
1933 1613 2248 1682 γινομέναις
2299 1615 2598 1685 ἠπίστουν·
2631 1615 2983 1687 αἰσθήσονται
3045 1615 3102 1669 δὲ
3133 1615 3198 1669 ἐκ
3241 1615 3343 1685 τῆς
3386 1614 3584 1686 πείρας

264 1691 348 1749 ὅτι
380 1688 579 1746 πάντα
605 1686 679 1763 ἦν
710 1693 881 1747 πιστά
908 1713 966 1748 τε
992 1697 1087 1750 καὶ
1113 1698 1318 1772 ἀψευδῆ
1345 1699 1415 1754 τὰ
1443 1700 1730 1773 λεγόμενα.

335 1785 496 1856 Στίχ,
538 1785 707 1857 ι’-ιβ’.
739 1817 813 1831 --
849 1809 868 1841 ι
917 1790 1194 1860 Ἐγένοντο
1221 1794 1271 1845 οἱ
1303 1793 1564 1866 ἄρχοντες
1603 1794 1773 1850 ’ἰούδα
1801 1795 1876 1859 ὡς

2055 1794 2222 1851 Vens.
2252 1795 2438 1851 10-12.
2455 1825 2527 1836 -—
2557 1815 2576 1849 ι
2597 1793 2751 1851 Facti
2776 1802 2907 1851 sunt
2933 1796 3217 1868 principes
3240 1795 3397 1852 Judaa
3420 1795 3583 1868 quasi

265 1879 672 1949 μετατιθέντες
719 1882 865 1953 ὅρια.
904 1903 923 1936 ι
959 1885 1172 1956 Ὥσπερ
1205 1885 1315 1958 γὰρ
1355 1889 1404 1940 οἱ
1433 1887 1501 1942 τά
1548 1890 1754 1959 σημεῖα
1784 1887 1884 1959 τῆς

263 1973 374 2027 τῶν
401 1973 612 2047 χωρῶν
644 1975 968 2048 διαιρέσεως
998 1979 1362 2052 ἀφαιροῦντες
1391 1981 1744 2052 λυμαίνονται
1769 1984 1884 2046 τοῖς

261 2067 366 2132 τῆς
397 2067 739 2134 δεσποτείας
771 2070 1024 2137 δικαίοις,
1057 2074 1230 2137 οὓτως
1261 2075 1440 2146 ὑμεῖς,
1478 2075 1636 2146 φησὶ,
1681 2076 1884 2147 πολλῆς

261 2160 440 2232 οὗσης
468 2160 802 2233 διαιρέσεως
841 2163 1048 2234 μεταξὺ
1086 2165 1220 2236 ἐμοῦ
1259 2183 1319 2219 τε
1353 2167 1582 2221 καὶτῶν
1625 2167 1880 2234 εἰδώλων,

261 2251 342 2322 τῷ
373 2252 698 2324 προσήκειν
741 2254 842 2325 μὲν
868 2256 993 2326 ἐμοὶ
1017 2255 1118 2327 τὴν
1163 2255 1302 2311 Θεοῦ
1333 2259 1501 2330 τιμήν
1533 2275 1593 2312 τε
1629 2260 1724 2314 καὶ
1765 2260 1884 2315 ὀνο-

266 2346 502 2413 μασίαν,
541 2345 858 2409 ἐκείνοιςοδὲ
883 2348 994 2400 οὐδ’
1019 2347 1176 2412 ὅλως,
1197 2349 1420 2422 ἀρραγῆ
1448 2349 1632 2404 δίκαια
1666 2351 1882 2417 πολλοῖς

260 2453 324 2492 τε
364 2437 473 2492 καὶ
501 2437 779 2503 ποικίλοις
807 2437 1114 2513 διῃρημένα
1149 2442 1394 2514 τρόποις,
1425 2443 1488 2496 τό
1534 2458 1598 2511 γε
1633 2443 1718 2512 ἐφ’
1748 2444 1878 2514 ὑμῖν

263 2527 581 2594 διελύσατε,
603 2528 706 2601 τὴν
727 2532 851 2601 ἐμοὶ
873 2531 1188 2602 προσοῦσαν
1209 2533 1508 2604 ὀνομασίαν
1523 2551 1583 2586 τε
1598 2536 1694 2588 καὶ
1715 2535 1883 2608 τιμὴν

265 2621 653 2695 περιάψαντες
679 2622 932 2687 ἐκείνοις.
967 2643 986 2676 ι
1042 2623 1158 2678 Ἐπ’
1185 2627 1382 2690 αὐτοὺς
1415 2627 1594 2697 ἐκχεῶ
1622 2627 1697 2692 ὡς
1729 2627 1876 2699 ὕδωρ

262 2715 326 2770 τὸ
351 2713 601 2786 ὅρμημα
633 2731 760 2786 μου.
801 2733 820 2766 ι
854 2714 1070 2787 Φοῦερᾷ
1109 2717 1162 2784 γ’
1199 2711 1294 2770 οὖν
1336 2733 1443 2770 τινι
1489 2717 1767 2788 χρήσομαι
1811 2720 1878 2788 τῇ

265 2809 389 2862 κατ’
433 2805 626 2861 αὐτῶν
665 2809 813 2882 ὁρμῇ
840 2805 1258 2879 τετολμηκότων
1297 2807 1545 2874 τοιαῦτα,
1575 2806 1732 2879 δίκην
1763 2806 1883 2860 ὕδα-

266 2917 358 2964 τος
415 2897 732 2964 ἐπικλύσας
788 2901 989 2964 αὐτοὺς
1041 2898 1121 2971 τῷ
1167 2899 1364 2972 πλήθει
1412 2900 1522 2954 τῶν
1579 2900 1877 2971 πολεμίων.

271 3010 292 3043 ι
351 2991 886 3046 Κατεδυνάστευσεν
943 2990 1189 3063 Ἐφραῒμ
1235 2991 1330 3045 τὸν
1377 2991 1649 3044 ἀντίδικον
1688 2990 1877 3054 αὑτοῦ,

265 3081 632 3154 κατεπάτησε
663 3081 725 3135 τὸ
753 3084 952 3156 κρῖμα.
987 3100 1007 3135 ›
1054 3082 1260 3137 Οὐδένα
1290 3083 1447 3151 λόγον
1479 3080 1624 3154 εἶχον
1667 3082 1762 3136 τοῦ
1801 3083 1876 3136 δι-

1987 1886 2255 1938 terminos
2297 1883 2758 1941 transferentes.»
2810 1884 3286 1952 Quemadmodum
3331 1887 3434 1949 illi,
3484 1887 3580 1956 qui

1984 1976 2320 2032 divisionum
2356 1977 2410 2030 in
2447 1977 2661 2046 campis
2689 1977 2845 2048 signa
2871 1977 3153 2045 aulerunt,
3203 1979 3434 2033 dominii
3464 1979 3578 2048 juri

1984 2076 2185 2123 nocent
2219 2087 2232 2122 :
2267 2068 2347 2123 sic
2387 2083 2506 2134 vos,
2538 2068 2740 2138 inquit,
2776 2084 2901 2126 cum
2952 2077 3102 2123 tanta
3132 2076 3280 2125 esset
3319 2069 3462 2124 inter
3493 2085 3581 2126 mc

1983 2168 2150 2232 atque
2209 2161 2356 2216 idola
2411 2161 2787 2233 intercapedo,
2843 2169 3120 2232 quatenus
3164 2162 3299 2216 mihi
3349 2161 3582 2218 debetur

1983 2252 2161 2306 honor
2209 2259 2265 2307 et
2311 2267 2511 2308 nomen
2546 2253 2815 2318 divinum,
2877 2255 2987 2310 illis
3014 2269 3146 2310 vero
3189 2269 3579 2324 nequaquam;

1984 2343 2141 2399 ﬁrma
2195 2344 2348 2413 jura,
2389 2346 2690 2417 multisque
2739 2360 2806 2401 ac
2857 2347 3030 2403 variis
3061 2346 3323 2403 distincta
3375 2346 3578 2414 modis,

1981 2452 2083 2492 vos
2101 2437 2322 2507 quidem
2343 2453 2446 2508 pro
2461 2439 2605 2492 virili
2627 2445 2786 2510 parte
2802 2437 3157 2504 dissolvistis,
3180 2453 3377 2494 nomen
3399 2455 3580 2494 meum

1983 2527 2362 2599 honoremque
2407 2529 2570 2585 idolis
2601 2529 2971 2586 attribuenda.
3021 2549 3038 2583 ι
3063 2532 3239 2606 Super
3277 2549 3372 2591 eos
3402 2532 3581 2588 eﬁ‘un--

1981 2617 2109 2673 dam
2169 2619 2328 2689 quasi
2393 2634 2591 2690 aquam
2660 2622 2924 2692 impetum
3003 2641 3252 2683 meum.»
3318 2627 3578 2682 Terribili

1983 2711 2222 2780 quodam
2273 2711 2478 2782 impetu
2509 2713 2656 2767 ferar
2705 2713 2758 2766 in
2789 2728 2906 2777 eos,
2951 2715 3045 2782 qui
3093 2717 3218 2770 talia
3265 2727 3395 2771 sunt
3430 2719 3578 2781 ausi,

1982 2816 2139 2872 aqua:
2194 2802 2370 2858 instar
2419 2817 2516 2858 eos
2568 2802 2848 2860 inundans
2900 2806 3257 2863 multitudine
3309 2807 3574 2864 hostium.

1986 2895 2317 2966 «Oppressit
2369 2895 2700 2966 Ephraimns
2751 2897 3132 2953 adversarium
3189 2916 3373 2966 suum,
3443 2916 3578 2956 con-

1982 2987 2220 3042 culcavit
2267 2985 2563 3056 judicium.
2589 3006 2608 3038 ι
2654 2984 2872 3042 Nullam
2918 2988 3147 3058 justitiaa
3177 2991 3446 3046 rationem
3481 2992 3578 3045 ha-

1983 3078 2258 3134 buerunt:
2313 3078 2698 3152 unusquisque
2738 3095 2840 3150 pro
2884 3081 3096 3137 viribus
3144 3083 3252 3136 vim
3307 3082 3577 3153 injustam

266 3174 425 3228 καίου
447 3190 463 3205 ⁸
494 3145 734 3238 ἕκαστος
765 3145 822 3230 δὲ
850 3145 1037 3239 καθὼς
1083 3175 1268 3248 ἴσχυεν
1309 3145 1485 3245 ἠδίκει
1526 3145 1619 3244 τὸν
1665 3174 1872 3246 ἕτερον,

1983 3171 2137 3226 alteri
2168 3171 2378 3237 intulit,
2408 3145 2501 3242 jus
2525 3145 2920 3229 conculcantes
2949 3189 3014 3229 ac
3049 3189 3148 3245 pro
3176 3175 3351 3231 nihilo
3365 3145 3576 3232 baben-

266 3267 661 3339 πεπατηκότες
686 3267 748 3320 τὸ
773 3266 1001 3332 δίκαιον,
1031 3268 1126 3321 καὶ
1160 3267 1368 3339 μηδένα
1396 3270 1588 3322 τούτου
1615 3267 1876 3338 ποιούμε-

265 3379 347 3414 vos
379 3360 585 3429 λόγον·
626 3361 705 3425 ὡς
762 3361 859 3416 καὶ¹
900 3363 930 3415 ὁ
972 3361 1180 3433 Κύριος
1225 3363 1285 3416 ὲν
1335 3364 1448 3426 τοῖς
1486 3361 1873 3430 Εὐαγγελίοιςο

269 3473 290 3506 ι
325 3453 680 3508 Κατελίπετε
720 3453 822 3524 τὴν
875 3453 1100 3524 ἀγάπην
1147 3454 1242 3508 καὶ
1277 3452 1376 3526 τὴν
1422 3454 1606 3525 κρίσιν
1640 3453 1736 3506 καὶ
1785 3452 1878 3506 τὸν

261 3545 414 3598 ἔλεον
445 3545 548 3616 (5).
588 3562 610 3594 ›
651 3543 730 3614 (p.
757 3541 849 3612 42)
877 3542 992 3595 ’Ἰνα
1017 3543 1170 3617 εἴπῃ,
1207 3544 1290 3597 ὅτι
1317 3543 1490 3614 Λόγον
1514 3543 1704 3598 οὐδένα
1725 3541 1877 3613 ἔχετε

259 3634 362 3706 τῆς
393 3635 631 3704 ἀγάπης
660 3632 883 3698 καίτοῦ
914 3633 1126 3695 δικαίου
1165 3635 1261 3694 xai.
1286 3635 1389 3704 τῆς
1428 3634 1839 3707 φιλανθρωπίας
1859 3652 1874 3668 ·

258 3729 361 3789 καὶ
387 3728 674 3786 ἀντίδικον
701 3727 782 3795 δὲ,
823 3728 918 3783 τὸν
948 3729 1305 3802 ἀδικούμενον
1323 3730 1353 3788 ὁ
1380 3728 1587 3801 Κύριος
1625 3728 1877 3799 φαίνεται

260 3822 450 3878 καλῶν
468 3840 483 3854 ·
502 3823 586 3884 ὡς
621 3821 744 3891 τδ,ι
768 3820 910 3876 Ἵσθι
939 3822 1139 3885 εὐνοῶν
1165 3821 1243 3893 τῷ
1271 3821 1527 3892 ἀντιδίκῳ
1545 3839 1640 3876 σου
1655 3821 1825 3894 ταχύ·
1852 3840 1872 3874 ι

261 3919 373 3982 τοῖς
393 3915 655 3970 ἀδικοῦσι
676 3915 961 3986 παραινῶν
987 3913 1138 3988 πάσῃ
1165 3914 1395 3986 δυνάμει
1423 3915 1553 3979 τοὺς
1581 3913 1879 3986 ἀδικουμέ-

257 4023 388 4070 νους
421 4005 521 4060 ὑπ’
557 4003 742 4057 αὐτῶν
786 4002 1133 4074 θεραπεύειν.
1183 4023 1202 4056 ι
1243 4005 1367 4058 Ὅτι
1401 4004 1606 4075 ἧρξατο
1648 4003 1880 4075 πορεύε-

261 4097 394 4153 σθαι
422 4096 612 4150 ὀπίσω
655 4095 768 4149 τῶν
814 4095 1079 4168 ματαίων.
1124 4115 1142 4154 ι
1177 4096 1366 4157 Ταῦτα
1386 4095 1444 4149 δὲ
1491 4094 1880 4167 διεπράττοντο

258 4186 417 4256 ἐξότε
443 4187 585 4260 περ)⁸
619 4187 721 4260 τὴν
758 4187 870 4249 τῶν
892 4186 1126 4250 εἰδώλων
1161 4187 1521 4260 προσανέχειν
1547 4186 1754 4248 εἴλοντο
1787 4185 1878 4240 θε-

262 4281 530 4354 ραπείαν,
579 4280 678 4347 ατε
710 4279 918 4352 μηδένα
948 4280 1058 4341 τῶν
1113 4281 1294 4352 νόμων
1324 4280 1432 4343 τῶν
1473 4279 1628 4352 ἐμῶν
1657 4280 1755 4334 καί
1781 4279 1877 4334 τοῦ

259 4377 648 4447 προσήκοντος
676 4372 757 4427 ἔτι
778 4371 1098 4444 ποιούμενοι
1126 4372 1308 4442 λόγον.
1351 4393 1370 4425 ι
1407 4373 1518 4426 Καὶ
1541 4371 1654 4443 ἐγὼ
1679 4372 1755 4436 ὡς
1780 4389 1880 4433 ταρ

1977 3272 2082 3320 tes.
2136 3262 2293 3319 Sicut
2333 3262 2598 3320 Dominus
2642 3265 2696 3319 in
2729 3263 3038 3336 Evangeliis
3071 3282 3085 3317 :
3141 3285 3159 3318 ι
3185 3265 3572 3339 Dereliquistis

1978 3355 2304 3412 charitatem
2331 3364 2386 3412 et
2407 3356 2674 3427 judicium
2697 3372 2760 3412 ac
2779 3357 3216 3413 misericordiam
3237 3361 3302 3428 ‘7;
3328 3380 3346 3413 ›
3384 3375 3484 3431 pro
3509 3376 3578 3416 eo

1979 3465 2044 3504 ac
2085 3448 2234 3504 dicat
2275 3468 2288 3504 :
2325 3448 2474 3503 Nihil
2526 3447 2681 3519 pensi
2742 3449 2956 3506 habetis
2993 3449 3354 3518 cbaritatem,
3411 3451 3577 3521 justi-

1981 3543 2134 3609 tiam,
2173 3558 2237 3597 ac
2267 3542 2682 3613 benignitatem.
2718 3540 2854 3598 Nam
2879 3552 2932 3597 et
2961 3542 3336 3599 adversarium
3361 3544 3576 3599 videtur

1979 3637 2163 3694 dicere
2189 3636 2456 3692 Dominus
2487 3652 2587 3707 pro
2612 3651 2678 3692 eo
2701 3637 2793 3707 qui
2820 3637 2986 3693 laesus
3009 3635 3112 3691 fuit
3138 3655 3153 3704 ;
3185 3637 3368 3693 velut:
3403 3656 3423 3690 ι
3446 3637 3578 3693 Esto

1978 3729 2282 3786 benevolus
2319 3729 2636 3784 adversario
2667 3737 2762 3783 tuo
2790 3729 3170 3797 celeriter“;:
3210 3738 3396 3785 monet
3425 3729 3579 3784 scili-

1980 3829 2068 3880 cet
2101 3821 2406 3879 oll'ensores
2456 3829 2516 3875 ut
2565 3820 2794 3875 omnino
2841 3829 3113 3875 conentur
3165 3820 3376 3877 abs-se
3415 3821 3577 3877 larsos

1979 3914 2222 3985 placare.
2265 3931 2284 3964 ι
2309 3913 2450 3980 Quia
2477 3912 2647 3984 erepit
2681 3911 2837 3967 abire
2875 3920 3002 3983 post
3023 3927 3188 3968 vana.
3212 3931 3230 3964 ι
3267 3913 3346 3966 ita
3375 3912 3578 3983 quippe

1981 4019 2042 4061 se
2069 4003 2352 4074 gerebant,
2395 4019 2462 4058 ex
2504 4016 2616 4074 quo
2666 4001 2938 4057 idolorum
2975 4003 3356 4075 superstitioni
3389 4018 3449 4059 se
3477 4002 3577 4057 ad-

1981 4098 2264 4162 dixerunt,
2296 4097 2503 4153 omissa
2539 4097 2716 4167 legum
2763 4111 3009 4152 mearum
3035 4097 3410 4162 observantia,
3453 4111 3574 4153 om-

1980 4193 2151 4264 nique
2180 4192 2381 4248 oﬁicio.
2419 4209 2438 4244 ι
2470 4189 2534 4245 Et
2563 4205 2665 4260 ego
2692 4189 2849 4261 quasi
2881 4190 3234 4246 conturbatio
3253 4189 3573 4261 Ephraimo,

1971 4297 2036 4342 'et
2063 4287 2175 4358 28
2199 4286 2357 4358 quasi
2389 4285 2649 4341 stimulus
2673 4281 2851 4342 Iudas.
2871 4302 2891 4335 ι
2927 4281 2984 4338 ln
3003 4283 3200 4356 grandi
3222 4298 3318 4339 eos
3336 4284 3576 4339 hostium

1982 4393 2153 4434 causa
2212 4377 2626 4450 perturbatione
2681 4376 3040 4440 constituam,
3102 4375 3232 4431 belli
3293 4375 3579 4432 doloribus

262 4469 404 4542 ραχὴ
434 4467 517 4540 τῷ
559 4467 826 4540 Ἐφραῖμ,
857 4468 954 4522 καὶ
982 4469 1060 4532 ὼς
1088 4467 1316 4539 κέντρον
1346 4465 1426 4539 τῷ
1453 4469 1588 4538 οἴκῳ
1625 4465 1818 4530 Ἰούδα.
1853 4483 1872 4516 ι

1983 4471 2142 4542 quasi
2175 4467 2329 4540 gravi
2369 4465 2596 4522 stimulo
2647 4465 2773 4519 illos
2800 4478 3202 4535 compungens.
3232 4462 3407 4519 Porro
3439 4475 3578 4520 satis

269 4559 365 4614 Ἐν
408 4558 595 4627 πολλῇ
637 4561 855 4630 ταραχῇ
886 4556 976 4611 διὰ
1001 4559 1110 4611 τῶν
1147 4557 1422 4628 πολεμίων
1457 4557 1658 4623 αὐτοὺς
1704 4572 1875 4621 κατα-

259 4647 477 4721 στήσω,
508 4647 707 4720 ῶσπερ
731 4649 843 4702 τινὶ
866 4647 1026 4719 βαρεῖ
1055 4647 1269 4720 κέντρῳ
1289 4650 1408 4713 ταῖς
1429 4646 1639 4702 ἐκεῖθεν
1659 4645 1874 4710 ὀδύναις

259 4740 529 4815 πλήττων
574 4741 808 4808 αὐτούς⁸
859 4740 1088 4813 εὔδηλον
1126 4743 1236 4814 γὰρ
1285 4743 1367 4796 ὅτι
1412 4742 1534 4818 οὐχὶ
1559 4740 1624 4806 τὺ
1657 4740 1757 4812 μὲν
1797 4737 1876 4811 τῷ

276 4835 547 4907 Ἑφραῒμ,
601 4835 667 4889 τὸ
710 4836 766 4890 δὲ
817 4835 898 4907 τῷ
952 4834 1144 4908 Ἰούδᾳ·
1168 4835 1353 4906 λέγει’
1402 4835 1548 4891 κατά
1593 4831 1776 4890 κοινοῦ
1819 4832 1879 4887 δὲ

261 4928 613 5000 ὀμφοτέροις
646 4929 748 4999 τήν
775 4945 836 4981 τε
868 4927 1117 5001 ταραχὴν
1147 4929 1390 4982 ἐποίσειν
1422 4928 1518 4984 καὶ
1558 4927 1620 4981 τὸ
1651 4926 1884 4997 κέντρον

261 5020 424 5093 φησὶ,
473 5019 663 5084 καθὼς
693 5021 787 5075 καὶ
827 5023 887 5076 ὲν
920 5023 1035 5086 τοῖς
1059 5021 1360 5095 ἀνωτέροις
1394 5020 1702 5093 ἐδείξαμεν,

327 5113 492 5186 Στίχ.
548 5121 732 5183 ιγ’-ιε’.
767 5147 836 5159 -
874 5135 893 5168 ι
936 5117 1050 5170 Καὶ
1096 5115 1240 5170 εἶδεν
1290 5115 1536 5187 Ἐφραίμ
1581 5115 1680 5192 τὴν
1721 5117 1878 5179 νόσον

257 5203 457 5272 αὐτοῦ,
485 5204 588 5259 καὶ
628 5205 832 5271 Ἰούδας
859 5207 959 5279 τὴν
993 5207 1190 5279 ὀδύνην
1229 5206 1398 5261 αὐτοῦ
1419 5225 1432 5238 ·
1471 5206 1568 5264 καὶ
1600 5207 1876 5283 ἐπορεύθη

271 5293 530 5368 ἐφρατμ
577 5297 714 5368 πρὸς
767 5297 1114 5370 Ἀσσυρίους,
1149 5299 1246 5352 καὶ
1279 5297 1573 5353 ἀπέστειλε
1614 5297 1877 5371 πρέσδεςς

261 5387 406 5459 πρὸς
435 5386 672 5460 βασιλέα
721 5387 967 5461 Ἶαρείμ’
1018 5389 1113 5447 καὶ
1158 5389 1321 5454 αὐτὸς
1353 5388 1457 5443 οὐκ
1496 5388 1739 5460 ἠδυνήθη
1780 5386 1876 5462 ῥύ-

265 5479 473 5536 σασθαι
523 5481 693 5553 ὑμᾶς.
743 5499 765 5536 ι
808 5482 949 5536 Τότε
999 5482 1065 5556 δὴ
1096 5483 1207 5537 τῶν
1252 5482 1472 5550 οίκείων
1525 5479 1875 5554 αἰσθήσονται

327 5640 376 5673 ’⁷
410 5611 554 5698 Luc.
579 5656 659 5704 ιι,
687 5639 782 5698 εἰ.
848 5641 893 5675 ¹⁸
921 5641 1109 5711 Matth.
1147 5661 1201 5712 ν,
1225 5644 1317 5705 ‘25.

334 5790 421 5864 (5)
461 5791 860 5866 Animadverte
890 5795 1215 5866 pmclaram
1258 5796 1550 5866 lectionem
1575 5794 1745 5866 ἔλεον,
1785 5809 1876 5850 cu.-

253 5861 364 5935 jus,
387 5862 629 5935 vestigia
673 5864 804 5918 alibi
857 5861 969 5921 non
1014 5861 1388 5931 inveniebam,
1416 5883 1486 5922 ne
1515 5868 1570 5921 in
1606 5864 1876 5920 Vaticano

267 5933 506 6010 quidem
539 5933 829 6014 pmnobili
865 5935 1028 6006 l209,
1059 5952 1162 5994 nec
1193 5937 1250 5994 in
1272 5935 1526 6009 Vulgato.
1547 5936 1876 5994 Praeclaram

1973 4569 2218 4627 constat,
2277 4557 2426 4630 quod
2480 4557 2628 4612 haud
2673 4556 2908 4610 alterum
2954 4555 3024 4610 de
3071 4554 3371 4625 Ephraimo
3404 4554 3574 4626 dicat,
3632 4569 3634 4572 '

1975 4657 2207 4713 alterum
2238 4651 2307 4708 de
2333 4650 2496 4716 Juda,
2533 4647 2630 4705 sed
2655 4661 3004 4703 communem
3028 4646 3305 4701 ambobus
3335 4645 3580 4700 minatur

1976 4745 2457 4807 conturbationem
2486 4757 2552 4797 ac
2577 4741 2884 4808 stimulum,
2939 4745 3000 4794 ut
3039 4739 3154 4810 jam
3188 4738 3244 4795 in
3283 4737 3578 4809 superiori-

1978 4841 2086 4898 bus
2121 4832 2650 4894 demonstravimus.

2062 5114 2223 5172 Vans.
2263 5113 2456 5170 1345.
2486 5143 2555 5154 —
2592 5132 2612 5165 ‹
2639 5112 2706 5167 Ει
2729 5112 2868 5168 vidit
2892 5110 3226 5183 Ephraimus
3256 5110 3576 5180 languorem

1981 5223 2164 5272 suum,
2197 5215 2252 5263 et
2283 5205 2456 5262 Judas
2485 5205 2733 5261 dolorem
2765 5219 2949 5261 suum.
2979 5203 3047 5258 Et
3078 5202 3215 5258 abiit
3246 5200 3575 5272 Ephraimus

1979 5299 2046 5357 ad
2077 5298 2362 5371 Assyrios,
2407 5298 2668 5368 misitque
2720 5297 2930 5367 legatos
2956 5293 3026 5348 ad
3055 5306 3238 5365 regem
3287 5288 3484 5355 Jarim,
3525 5298 3574 5345 et

1985 5391 2103 5462 ipse
2134 5407 2243 5446 non
2285 5389 2460 5462 potuit
2490 5405 2687 5446 sanare
2729 5403 2846 5446 vos.
2875 5407 2895 5442 ›
2935 5385 3105 5441 Tunc‘
3122 5383 3404 5439 enimvero
3434 5381 3575 5436 mala

1985 5498 2085 5539 sua
2108 5484 2475 5554 persentient:
2509 5483 2626 5538 haec
2646 5483 2794 5539 enim
2817 5478 3056 5550 appellat
3074 5476 3392 5546 languorem
3414 5479 3577 5545 atque

1982 5763 2119 5859 dixi,
2157 5793 2267 5847 imo
2306 5790 2604 5861 pretiosam
2639 5783 2928 5841 lectionem
2954 5781 3150 5861 ,_7qu_ia
3208 5779 3571 5861 misericordia

1983 5849 2371 5990 argititmentu'm
2403 5858 2726 5929 fructusque
2762 5864 2847 5913 est
2885 5849 3152 5922 caritatis,
3175 5867 3296 5924 qua:
3339 5849 3409 5904 ibi
3435 5863 3568 5922 pra.

1985 5950 2047 5990 ce
2090 5951 2104 5988 ι
2139 5974 2152 5989 .

1985 5941 2152 5992 cedit.
