4104 6462
614 341 719 395 ις)

1860 339 2205 397 τίίΕΘὶὶΟῐΗ
2246 340 2742 400 MOPSUESTENI‘

3780 348 3883 404 MO

616 452 896 508 dolorem:
934 464 1057 503 cum
1093 447 1343 504 videlicet
1379 448 1629 519 captivus
1657 448 1959 506 abducetur
1992 449 2058 504 ad
2087 452 2194 506 As-

2309 451 2517 505 κακῶν·
2572 451 2729 505 τοῦτο
2771 450 2881 522 γὰρ
2928 450 3079 520 λέγει
3112 447 3266 505 νόσον
3299 453 3393 507 καὶ
3430 453 3647 527 ὀδύνηνο
3698 456 3775 510 ὅτ’
3814 461 3882 525 δην

620 543 797 611 syrios
832 541 1191 608 ltpbraimus:
1227 544 1317 609 qui
1354 541 1418 594 ad
1463 539 1842 611 {Egyptiorum
1870 542 2088 611 quidem
2122 556 2205 596 re-

619 649 738 702 gem
767 633 973 701 legatos
1007 631 1255 695 miserat,
1301 631 1394 687 sed
1430 632 1632 684 nullam
1685 630 1809 687 inde
1836 647 1994 702 Opem
2031 634 2198 704 impo-

622 732 886 779 traverat.
923 742 942 774 ι
972 723 1037 777 Et
1084 737 1192 776 non
1239 723 1456 777 desinet
1498 730 1677 777 vester
1705 725 1894 792 dolor;
1944 727 2204 793 quoniam

618 833 722 887 ego
755 818 913 887 quasi
944 816 1204 886 panthera
1251 815 1563 884 Ephraimo,
1600 825 1655 871 et
1686 817 1848 887 quasi
1902 818 1986 871 leo
2016 818 2204 872 domui

617 908 802 965 Jmlaa:
836 923 938 976 ego
964 908 1169 976 rapiam
1195 916 1248 960 et
1270 911 1463 960 vadum
1492 915 1545 959 et
1575 909 1780 970 tollam,
1803 924 1900 964 nec
1927 909 2018 979 qui
2050 919 2207 964 eruat

620 1001 747 1056 erit.
777 1020 794 1051 ι
859 998 916 1053 In
959 1000 1239 1053 continuis
1291 999 1710 1068 perseverabitis
1756 1001 1951 1065 malis;
2002 1003 2205 1057 etenim

560 1094 577 1103 ’
620 1097 882 1160 tanquam
915 1090 1176 1159 panthera
1211 1091 1406 1157 Ieoque
1437 1089 1589 1144 vobis
1615 1106 1733 1151 ero,
1766 1092 1936 1143 multa
1966 1108 2063 1147 vos
2081 1107 2205 1145 cum

623 1183 902 1237 celeritate
933 1182 1148 1249 rapiens
1174 1190 1229 1235 et
1250 1182 1527 1235 abducens
1560 1198 1654 1250 per
1678 1183 1915 1237 hostium
1948 1184 2210 1238 incursio-

625 1287 778 1338 nem;
829 1274 961 1341 quin
990 1287 1085 1325 vos
1115 1272 1315 1340 aliquis
1347 1272 1802 1328 incumbentibus
1841 1275 2001 1331 malis
2034 1276 2208 1345 possit

623 1363 966 1418 subtrahere.
994 1380 1013 1414 ι
1045 1361 1134 1415 Ibo
1156 1372 1210 1416 et
1239 1372 1484 1417 revertar
1507 1362 1577 1415 ad
1605 1364 1782 1417 locum
1815 1367 2209 1427 meum,donec

625 1454 960 1522 dispereunt.
993 1470 1013 1505 ι
1053 1452 1493 1508 Consentaneum
1539 1456 1831 1523 propositae
1863 1456 2209 1513 similitudini

625 1545 731 1599 hoc
758 1560 977 1616 quoque
1015 1546 1179 1600 dicit:
1232 1546 1677 1616 quandoquidem
1723 1545 1968 1601 ferarum
2013 1549 2200 1619 hujus-

626 1636 769 1689 modi
816 1636 904 1699 hic
954 1651 1071 1691 mos
1115 1644 1221 1699 est,
1269 1646 1327 1690 ut
1370 1650 1494 1690 cum
1530 1637 1820 1691 velocitate
1867 1638 2104 1706 rapiant,
2157 1647 2213 1694 et

2307 540 2592 611 ἀπάγῃται
2650 541 2748 613 μὲν
2807 539 3151 609 αἰχμάλωτος
3204 542 3287 604 είς
3333 542 3460 606 τοὺς
3526 543 3887 616 ’Δσουρίουςδ

2319 627 2582 699 Ἑφραῒμ,
2630 628 2976 683 ἀποστέλλων
3004 630 3062 683 δέ
3099 630 3358 701 πρέσϐεις
3387 632 3481 685 ἐπὶ
3524 633 3616 688 τὸν
3644 634 3754 688 τῶν
3792 637 3891 688 Δί-

2306 722 2553 791 γυπτίων
2593 721 2835 792 βασιλέα,
2873 720 3067 791 (ρ.‹ί.“5)
3114 721 3249 792 μηδὲ
3299 722 3426 792 μίαν
3475 724 3680 777 ἐκεῖθεν
3728 726 3889 797 κομί-

2306 817 2468 886 ζηται
2518 815 2793 887 βοήθειαν.
2835 832 2854 865 ι
2910 814 3021 868 Καὶ
3073 815 3131 867 οὑ
3186 814 3260 885 μὴ
3302 815 3575 887 διαπαύσῃ
3626 818 3684 887 ἐξ
3729 818 3888 889 ὑμῶν

2306 905 2468 977 ὀδύνη
2490 922 2502 937 ·
2530 906 2664 960 διότι
2690 903 2801 975 ἐγώ
2834 906 2950 975 εἰμι
2982 904 3057 968 ὡς
3087 904 3302 975 πάνθηρ
3346 904 3425 974 τῷ
3479 906 3750 978 Ἐφραῒμ,
3793 910 3894 967 καὶ

2308 998 2384 1060 ὡς
2413 996 2550 1053 λέων
2581 998 2638 1049 ἐν
2681 993 2759 1066 τῷ
2807 993 2942 1064 οἴκῳ
2986 993 3187 1051 Ἰούδα·
3222 992 3317 1047 καὶ
3345 993 3459 1061 ἐγὼ
3498 996 3763 1067 ἁρπῶμαι
3793 998 3897 1052 καὶ

2308 1086 2651 1158 πορεύσομαι
2690 1085 2784 1141 καὶ
2813 1084 3074 1155 λήψομαι,
3107 1083 3200 1138 καὶ
3244 1085 3347 1141 οὑκ
3376 1084 3528 1139 ἔσται
3569 1087 3599 1139 ό
3642 1086 3897 1157 ἐξαιροῦ-

2312 1195 2495 1248 μενος.
2536 1197 2557 1230 ι
2608 1176 2698 1233 Ἐν
2739 1177 3037 1241 ἀπαύστοις
3078 1179 3291 1247 μενεῖτε
3330 1180 3541 1242 κακοῖς,
3577 1179 3764 1249 ἐπειδὴ
3811 1181 3897 1244 ὡς

2309 1269 2377 1330 ἂν
2472 1269 2689 1341 πάνθηρ
2722 1286 2781 1323 τε
2810 1269 2903 1324 καὶ
2932 1268 3067 1323 λέων
3096 1270 3225 1339 ὑμῖν
3261 1268 3478 1339 ἔσομαι,
3515 1269 3655 1341 μετά
3689 1271 3898 1343 πολλῆς

2311 1361 2456 1432 ὑμᾶς
2486 1360 2589 1431 τῆς
2616 1360 2875 1431 ὀξύτητος
2898 1361 3160 1431 ἁρπάξων
3178 1378 3239 1415 τε
3275 1363 3370 1416 καὶ
3402 1362 3630 1431 ἀπάγων
3673 1363 3763 1427 διὰ
3788 1365 3905 1433 τῆς,

2309 1452 2417 1507 τῶν
2460 1452 2735 1523 πολεμίων
2778 1452 2997 1522 ἐφόδου³
3059 1452 3272 1517 οὐδενὸς
3328 1454 3691 1509 ἀπαλλάττειν
3743 1456 3898 1526 ὑμᾶς

2308 1544 2419 1599 τῶν
2445 1544 2809 1614 ἐπικειμένων
2838 1544 3024 1605 κακῶν
3053 1544 3168 1599 οἴου
3200 1562 3260 1598 τε
3286 1544 3457 1609 ὄντος.
3488 1563 3509 1597 ι
3548 1546 3898 1618 Πορεύσομαι

2309 1638 2406 1691 καὶ
2439 1635 2753 1708 ἐπιστρέψω
2804 1637 2881 1699 εἰς
2932 1636 3022 1690 τὸν
3059 1636 3223 1691 τόπον
3273 1654 3398 1707 μου,
3446 1636 3553 1699 ἕως
3583 1632 3645 1691 οὑ
3694 1639 3899 1707 ἀφανι-

624 1730 771 1800 quod
806 1730 1112 1786 occurrerit
1138 1729 1425 1796 auferant;
1456 1744 1583 1784 mox
1612 1730 1676 1784 ad
1706 1730 2024 1799 speluncam
2054 1746 2206 1787 suam

2312 1724 2502 1778 σθῶσι.
2542 1743 2561 1777 ι
2611 1722 2943 1787 Ἀκολούθως
2990 1727 3057 1796 τῇ
3108 1724 3295 1789 είκόνι⁸
3324 1728 3389 1796 τῇ
3426 1727 3765 1798 προκειμένῃ
3798 1728 3899 1781 καὶ

626 1823 844 1887 abeant,
882 1822 1066 1892 ibique
1092 1823 1355 1878 devorent
1380 1822 1617 1890 przedam
1655 1832 1818 1890 atque
1859 1831 2209 1876 consumant.

626 1914 769 1985 Ergo
818 1914 886 1969 ad
934 1914 1255 1984 pantlieram
1286 1921 1342 1967 et
1385 1913 1596 1968 leonem
1636 1914 1749 1967 haec
1778 1928 1998 1983 quoque
2042 1915 2212 1968 verba

630 2007 847 2070 retulit,
897 2020 994 2075 pro
1022 2021 1086 2060 eo
1121 2015 1179 2059 ut
1206 2005 1445 2060 diceret:
1498 2004 1793 2072 Postquam
1832 2020 1929 2058 vos
1969 2004 2208 2058 hostium

633 2113 800 2152 manu
843 2097 1116 2167 praedatus
1147 2096 1323 2162 fuero,
1371 2103 1427 2151 et
1459 2095 1703 2165 captivos
1745 2095 1945 2159 fecero,
1999 2111 2209 2150 mecum

625 2189 746 2260 ipse
796 2188 1076 2252 habitabo,
1133 2203 1311 2257 neque
1356 2186 1423 2242 ad
1475 2194 1681 2257 gestam
1728 2202 1841 2244 rem
1888 2188 2205 2257 respiciam,

627 2281 890 2349 nulloque
918 2280 1083 2334 modo
1109 2281 1264 2336 vobis
1286 2280 1617 2350 upitulabor,
1651 2278 1827 2339 donec
1867 2280 1937 2334 ab
1980 2295 2206 2351 oppres—

629 2369 850 2425 soribus
869 2370 1068 2425 vestris
1089 2385 1405 2438 supreumm
1428 2360 1651 2423 exitium
1675 2369 1974 2437 patiamini.
2014 2389 2033 2422 ι
2058 2369 2225 2425 Tunc.

628 2460 846 2514 demmn
873 2468 1279 2524 convertentur,
1317 2466 1371 2513 et
1402 2457 1598 2512 faciem
1646 2474 1822 2513 nteant
1855 2460 2158 2530 requirent.
2186 2480 2204 2514 ι

626 2552 673 2605 Τ
679 2568 785 2609 unc
808 2568 940 2610 sane
965 2562 1019 2609 et
1043 2553 1118 2607 illi
1145 2552 1532 2622 resipisceutes
1555 2566 1713 2622 opem
1761 2567 1935 2608 meam
1961 2552 2214 2623 implora-

627 2642 788 2696 bunt.

2311 1815 2468 1870 τοῦτο
2499 1816 2811 1886 ἐπήγαγεν
2846 1814 3035 1885 ἐπειδὴ
3070 1815 3189 1869 τῶν-
3224 1814 3475 1870 τοιούτων
3517 1816 3720 1889 θηρίων
3752 1819 3889 1873 ἴδιόν

2308 1909 2423 1960 ἐστι
2459 1906 2597 1977 μετὰ
2636 1906 2895 1977 ὀξύτητος
2934 1906 3032 1977 μὲν
3065 1907 3328 1977 ἁρπάζειν
3379 1926 3437 1962 τε
3485 1910 3579 1967 καὶ
3620 1911 3885 1982 ἀφαιρεῖν

2308 1998 2369 2052 τὸ
2417 1998 2776 2072 προσπίπτον,
2812 1998 3031 2051 ἀπιέναι
3060 1997 3116 2050 δέ
3147 1997 3239 2050 ἐπὶ
3269 1997 3366 2075 τὴν
3402 2000 3640 2071 μάνδραν
3683 2003 3785 2072 τὴν
3810 2006 3901 2057 οι.

2309 2091 2484 2153 κείαν,
2518 2086 2635 2149 εἶτα
2665 2089 2863 2150 αὐτόθι,
2881 2089 3185 2143 κατεσθίειν
3224 2107 3283 2144 τε
3328 2093 3423 2145 καὶ
3461 2093 3889 2153 καταναλίσκειν

2308 2180 2374 2234 τὸ
2397 2180 2597 2252 ληφθέν
2616 2197 2628 2210 ·
2655 2180 2790 2244 πρὸς
2831 2175 2923 2233 οὖν
2948 2181 3008 2233 τὸ
3038 2182 3113 2245 ὼς
3154 2180 3381 2253 πάνθηρδ
3426 2182 3521 2236 καὶ
3568 2182 3737 2249 λέων,
3780 2186 3897 2261 d7:-

2306 2270 2475 2328 έδωκε
2525 2272 2618 2324 καὶ
2644 2270 2801 2323 τοῦτο
2823 2288 2836 2301 ·
2873 2271 2992 2324 ἀντὶ
3024 2272 3138 2337 τοῦ,
3181 2272 3462 2345 Ἀρπάσας
3493 2274 3635 2344 ὑμᾶς
3653 2275 3740 2328 διὰ
3773 2275 3893 2329 τῶν

2307 2364 2602 2435 πολεμίων,
2633 2364 2725 2417 καὶ
2754 2363 3130 2434 αἰχμαλώτους
3162 2366 3527 2437 καταστήσας,
3563 2368 3682 2429 κατ’
3713 2370 3889 2437 ἐμαυ-

2307 2461 2398 2515 τὸν
2426 2460 2641 2531 ἔσομαι,
2684 2460 2783 2513 οὑκ
2828 2459 3285 2532 ἐπιστρεφόμενος
3335 2462 3471 2532 πρὸς
3501 2461 3567 2515 τὰ
3596 2464 3896 2533 γινόμενα,

2310 2552 2433 2608 οὐδέ
2467 2568 2590 2604 τινα
2637 2551 2817 2619 νέμων
2869 2553 2996 2622 ὑμῖν
3039 2550 3305 2622 βοήθειαν,
3348 2552 3476 2624 ἄχρι
3524 2552 3589 2607 ἂν
3633 2554 3736 2608 ὑπὸ
3781 2555 3897 2609 τῶν

2312 2644 2651 2715 κατεχόντων
2673 2641 2910 2711 παντελῆ
2936 2642 3033 2712 τὴν
3059 2640 3330 2696 ἀπώλειαν
3353 2642 3701 2715 ὑπομείνητε.
3732 2663 3750 2696 ι
3782 2647 3925 2710 Καὶ,

622 2733 1013 2805 ἐπιστρέφουσι
1059 2735 1156 2790 καὶ
1200 2734 1495 2807 ζητήσουσι
1543 2734 1603 2789 τὸ
1654 2733 1943 2805 πρόσωπόν
1992 2752 2115 2805 μου.
2177 2755 2197 2788 ι
2259 2736 2393 2791 Τότε
2457 2734 2567 2807 γὰρ
2622 2734 2686 2805 δὴ
2733 2736 2976 2793 κάκεῖνοι
3029 2733 3474 2811 μεταϐαλόμενοι,
3498 2737 3598 2815 τῆς
3641 2736 3915 2817 βοηθείας

623 2827 906 2898 δεήσονται
944 2829 1043 2899 τῆς
1076 2829 1239 2900 ἐμῆς.

1284 2916 1436 2971 CAP.
1468 2914 1558 2970 Vl.

699 3008 808 3079 29
840 2999 1007 3064 Vens.
1028 3009 1133 3062 l-3.
1162 3037 1234 3047 —
1266 3027 1285 3059 ι
1308 3008 1368 3063 In
1391 3008 1745 3064 tribulatione
1772 3024 1871 3065 sua
1896 3025 2054 3065 mane
2080 3010 2208 3080 vigi-

630 3097 821 3152 labuut
851 3096 919 3151 ad
953 3111 1040 3152 me
1076 3096 1322 3151 dicentes
1357 3112 1372 3149 :
1422 3094 1781 3151 Revertantur
1811 3096 1879 3151 ad
1918 3098 2203 3153 Dominum

632 3185 802 3242 Deum
828 3194 1114 3253 nostrum;
1147 3185 1275 3256 quia
1304 3187 1420 3256 ipse
1440 3187 1732 3256 percussit,
1753 3196 1808 3242 et
1828 3188 2045 3242 sanabit
2073 3204 2198 3255 nos;

630 3278 964 3340 vulneravit,
1000 3284 1056 3331 et
1084 3276 1390 3332 medebitur
1428 3278 1626 3334 nobis:
1660 3294 1826 3334 sanos
1857 3295 1960 3335 nos
1989 3288 2209 3349 pnesta-

628 3371 711 3423 b't
737 3377 857 3438 post
878 3368 1126 3432 biduum,
1161 3370 1317 3424 tertia
1343 3368 1432 3425 die
1451 3385 1822 3440 resurgemus,
1848 3373 2209 3443 vivemusque

628 3476 816 3514 coram
847 3461 961 3525 illo,
1001 3470 1056 3515 et
1077 3461 1336 3516 sciemus.
1360 3480 1379 3513 ι
1415 3460 1643 3532 Propter
1671 3462 2050 3520 incumbentes
2073 3465 2208 3535 ipsis

629 3551 1011 3607 tribulationes
1044 3552 1212 3607 multa
1253 3567 1379 3606 cum
1413 3553 1696 3608 celeritate
1731 3554 1796 3609 ad
1833 3570 1917 3609 me
1946 3565 2205 3624 current;

632 3656 958 3712 magnopere
978 3643 1335 3707 conﬁdentes,
1367 3643 1482 3699 fore
1508 3654 1566 3700 ut
1588 3646 1680 3715 qui
1704 3661 1799 3702 eos
1817 3648 2205 3716 percusserim,

630 3734 835 3802 pariter
870 3737 1094 3791 omnino
1143 3751 1367 3799 sanem,
1412 3744 1466 3790 et
1509 3738 1748 3806 acceptis
1790 3739 2208 3793 convenientem

630 3826 951 3880 vulneribus
995 3826 1320 3882 medicinam
1377 3826 1597 3890 faciam,
1653 3829 1763 3882 cito
1818 3828 2107 3884 admodum
2153 3837 2209 3884 et

621 3917 877 3984 expedite
931 3933 1021 3972 res
1067 3933 1258 3971 eorum
1311 3918 1667 3988 prosperitati
1723 3920 2038 3975 restituens.
2093 3919 2209 3974 Hoc

626 4006 775 4061 enim
811 4007 1075 4062 denotant
1112 4009 1313 4063 verba:
1348 4029 1367 4063 ι
1401 4009 1629 4065 Sanabit
1660 4026 1761 4067 nos
1797 4021 1921 4083 post
1958 4012 2206 4080 biduum,

625 4102 681 4149 et
722 4097 881 4149 tertia
916 4097 1004 4152 die
1028 4114 1393 4169 resurgemus.
1431 4119 1450 4152 ι
1488 4100 1622 4154 Tam
1651 4101 1823 4168 brevi,
1862 4104 2061 4174 inquit,
2107 4118 2208 4159 nos

630 4186 868 4252 sanabit,
917 4199 977 4243 ut
1021 4190 1089 4243 ad
1122 4207 1398 4246 summum
1433 4193 1598 4248 biduo
1638 4195 1719 4249 vel
1759 4195 1942 4249 triduo
1972 4196 2026 4249 in
2058 4195 2207 4251 anti-

628 4294 792 4348 quam
824 4294 923 4334 nos
948 4291 1175 4352 reponat
1193 4285 1573 4341 valetudinem.
1599 4286 1769 4342 Dictio
1793 4303 1921 4343 vero
1951 4308 1969 4339 ι
1991 4286 2058 4343 Ει
2075 4288 2210 4344 scie-

627 4384 754 4425 mus
773 4389 793 4423 ι
828 4373 1048 4442 ponitur
1076 4390 1196 4445 pro,
1225 4375 1446 4434 Meliore
1477 4381 1791 4436 conditione
1817 4381 2048 4436 erimus.
2080 4379 2208 4436 Vel-

2953 2915 3110 2969 ΚΕΦ.
3167 2917 3257 2981 ς’.

2384 3009 2534 3079 Στίχ.
2578 3010 2729 3076 (ι’-γ’.
2784 3024 2803 3057 ι
2870 3006 2958 3061 Ἐν
3009 3004 3185 3074 θλίψει
3238 3006 3418 3059 αὑτῶν
3475 3004 3918 3078 προσορθριοῦσιν

2312 3101 2448 3171 πρός
2499 3116 2565 3169 με
2597 3098 2878 3168 λέγοντες’
2920 3095 3284 3168 Πορευθῶμεν
3333 3096 3426 3151 καὶ
3469 3097 3901 3170 ἐπιστρέψωμεν

2310 3193 2444 3265 πρὸς
2462 3192 2555 3245 τὴν
2586 3190 2793 3260 Κύριον
2816 3188 2907 3243 τὸν
2936 3189 3066 3242 Θεὸν
3106 3188 3285 3260 ἡμῶν,
3319 3190 3401 3243 ὃτι
3429 3189 3589 3253 αὑτὸς
3623 3191 3899 3245 πέπαικεν

2310 3282 2401 3335 καὶ
2441 3281 2654 3334 ἰάσεται
2681 3280 2848 3349 ἡμᾶς,
2890 3278 3120 3343 πατάξει
3158 3278 3252 3332 καὶ
3305 3278 3638 3350 μοτὼσεται’
3678 3279 3755 3350 (p.
3794 3280 3897 3352 μ)

2310 3374 2523 3442 ὑγιάσει
2551 3375 2699 3445 ἡμᾶς
2729 3372 2866 3442 μετά
2883 3371 2976 3426 δύο
2998 3373 3232 3442 ἡμέρας,
3260 3373 3317 3425 ἐν
3343 3375 3406 3443 τῇ
3437 3373 3704 3445 ἡμέρᾳτῇ
3729 3372 3899 3446 τρίτῃ

2309 3463 2754 3535 ἀναστησόμεθα,
2798 3465 2893 3517 καὶ
2936 3464 3215 3537 ξησόμεθα
3272 3465 3514 3518 ἐναντίον
3563 3464 3759 3531 αὑτοῦ,
3796 3469 3899 3519 καὶ

2309 3555 2649 3628 γνωσόμεθα.
2681 3575 2699 3608 ι
2733 3555 2869 3609 Ὑπὸ
2890 3554 2999 3626 γὰρ
3027 3555 3136 3609 τῶν
3168 3556 3531 3625 ἐπικειμένων
3566 3556 3749 3619 αὑτοῖς
3777 3555 3899 3609 θλί-

2307 3652 2454 3720 ψεων
2481 3650 2618 3720 μετά
2648 3650 2848 3721 πολλῆς
2879 3651 3210 3721 όρμήσουσιν
3238 3651 3326 3705 ἐπ’
3353 3651 3453 3722 ἐμὲ
3477 3649 3577 3720 τῆς
3600 3647 3893 3721 ὀξύτητοςο

2311 3740 2516 3812 σφόδρα
2549 3758 2611 3809 γε
2646 3739 2978 3812 θαρροῦντες
3025 3740 3108 3793 ὅτι
3155 3740 3403 3807 πατάξας
3436 3741 3633 3804 αὐτοὺς
3666 3738 3759 3792 καὶ
3805 3741 3896 3792 ἰά-

2312 3849 2478 3902 σομαι
2509 3833 2749 3894 πάντως,
2787 3830 3085 3900 θεραπείαν
3129 3847 3188 3883 τε
3227 3830 3412 3895 ἐπάξω
3453 3831 3565 3892 τοῖς
3614 3828 3899 3898 crquan-

2309 3925 2463 3976 κόσιν
2492 3924 2676 3986 αὐτοῖς
2706 3919 3041 3991 κατάλληλον
3066 3919 3365 3992 τραύμασι,
3400 3920 3538 3990 μετὰ
3571 3917 3769 3988 πολλῆς
3792 3919 3898 3989 τῆς

2308 4014 2565 4085 ὀξύτητος
2588 4015 2682 4069 καὶ
2701 4014 2801 4085 τῆς
2819 4013 3123 4084 εὐμαρείας
3148 4016 3228 4076 είς
3256 4011 3541 4082 διόρθωσιν
3573 4002 3735 4079 ἄγων
3751 4027 3895 4065 παν-

2306 4107 2438 4178 τελῆ
2467 4105 2535 4162 τὰ
2565 4108 2685 4160 κατ’
2715 4105 2908 4170 αύτούς
2931 4122 2946 4138 ο
2976 4105 3135 4158 τοῦτο
3172 4104 3279 4175 γάρ
3304 4104 3453 4172 λέγει
3470 4104 3554 4169 τὸ,
3584 4123 3603 4157 ι
3645 4103 3897 4173 Ὑγιάσει

2307 4199 2458 4269 ἡμᾶς
2527 4196 2669 4269 μετά
2721 4197 2813 4251 δύο
2864 4196 3113 4268 ἡμέρας,
3167 4197 3225 4249 ἐν
3278 4198 3344 4268 τῇ
3391 4196 3576 4269 ἡμέρᾳ
3626 4198 3691 4267 τῇ
3732 4196 3893 4267 τρίτῃ

2308 4287 2761 4359 ἀναστησόμεθα·
2806 4306 2825 4340 ι
2863 4287 3037 4353 οὑτως
3075 4286 3183 4359 γὰρ
3213 4288 3381 4357 ἡμᾶς,
3408 4289 3560 4358 φησι,
3613 4288 3893 4359 συντόμως

2313 4381 2544 4441 ίάσεται,
2604 4380 2745 4434 ὥστε
2783 4382 2844 4434 ἐν
2888 4380 2982 4433 δύο
3031 4380 3126 4433 καὶ
3172 4380 3351 4452 τρισὶν
3392 4379 3629 4451 ἡμέραις
3670 4381 3733 4433 τὸ
3782 4382 3899 4452 μή,

629 4465 708 4519 uti
737 4466 865 4522 illud
891 4483 905 4519 :
938 4486 956 4519 ι
988 4467 1157 4526 Notas
1178 4471 1308 4525 mihi
1337 4471 1515 4529 fecisti
1545 4474 1663 4531 vias
1691 4475 1923 4540 vitam»
1961 4475 2014 4529 id
2030 4473 2198 4540 est,ln

2310 4487 2510 4536 xtsrov,
2564 4473 2644 4534 είς
2688 4468 2786 4541 τὴν
2809 4469 3042 4523 παλαιὰν
3075 4472 3223 4542 ἡμᾶς
3244 4470 3701 4541 ἀποκαταστῆναι
3726 4468 3893 4523 πάλιν

626 4557 737 4612 vita
761 4573 847 4614 me
867 4562 1220 4620 constituisti.
1247 4583 1267 4615 ι
1290 4565 1709 4636 Persequamur,
1730 4575 1790 4621 ut
1810 4582 2206 4638 cognoscamus

2309 4561 2611 4633 εὐπραγίαν
2631 4577 2644 4590 ·
2671 4559 2731 4613 τὸ
2758 4559 2836 4626 δὲ,
2871 4577 2890 4610 ι
2925 4560 3036 4613 Καὶ
3058 4558 3395 4630 γνωσόμεθα,
3425 4579 3444 4612 ι
3475 4559 3596 4613 ἀντὶ
3617 4557 3708 4612 τοῦ
3729 4599 3745 4624 ,
3798 4560 3893 4614 Ἐν

628 4646 938 4706 Dominum.
960 4671 979 4704 ι
1021 4652 1280 4710 Studiose
1309 4656 1598 4711 scientiam
1631 4658 1757 4725 ejus
1789 4660 2205 4728 conquiramus.

634 4737 842 4804 «Quasi
911 4751 1161 4811 paratum
1228 4746 1529 4801 diluculum
1596 4749 1938 4805 inveniemus
2007 4765 2200 4806 eum.)

626 4830 974 4899 Adjutorium
1042 4835 1168 4905 ejus
1225 4838 1611 4893 nanciscemur
1670 4842 1828 4909 quasi
1880 4841 2205 4906 diluculum,

629 4922 792 4991 quasi
815 4924 1072 4978 nimirum
1100 4941 1132 4981 e
1157 4928 1399 4985 tenebris
1422 4945 1509 4985 res
1534 4940 1731 4986 nostra:
1754 4932 1806 4985 in
1826 4932 1999 4988 lucem
2027 4941 2207 4988 trans—

630 5008 896 5066 hrantur.
950 5011 1299 5085 «Venietque
1348 5018 1410 5074 ad
1456 5034 1559 5075 nos
1607 5022 1762 5092 quasi
1807 5022 1983 5078 imber
2023 5022 2203 5077 telluri

626 5106 930 5161 matutinus
959 5115 1055 5161 aut
1084 5109 1377 5167 serotinus.
1403 5130 1422 5164 ι
1483 5111 1715 5170 Uberem
1758 5115 2015 5185 praebebit
2042 5116 2207 5169 bono-

627 5208 749 5247 rum
772 5196 1140 5265 largitionem,
1170 5200 1334 5255 veluti
1359 5202 1426 5257 de
1447 5212 1591 5258 terra
1614 5203 1830 5260 fructus
1855 5204 2202 5274 proveniunt.

626 5300 749 5353 qua:
782 5288 933 5341 omni
967 5298 1209 5359 tempore
1241 5292 1497 5349 idoneum
1523 5295 1752 5351 imbrem
1783 5295 2103 5351 obtinuerit.

2303 4652 2599 4708 ἀπολαύσει
2616 4651 2725 4704 τῶν
2748 4650 3074 4722 κρειττόνων
3104 4651 3341 4723 ἐσόμεθα
3360 4668 3375 4683 ·
3408 4652 3485 4715 ὡς
3522 4652 3603 4716 τὸ,
3631 4669 3650 4703 ι
3689 4650 3899 4719 Ἐγνώ-

2308 4747 2464 4817 ρισάς
2512 4761 2604 4815 μοι
2656 4742 2812 4805 ὀδοὺς
2849 4742 3015 4812 ζωῆς,
3055 4763 3076 4796 ι
3102 4743 3222 4797 ἀντὶ
3266 4742 3383 4803 τοῦ,
3430 4743 3525 4800 Ἐν
3573 4742 3653 4814 τῷ
3684 4741 3782 4814 ζῇν
3820 4760 3899 4814 με

2305 4836 2668 4904 κατέστησας.
2720 4852 2740 4885 ι
2795 4833 3066 4906 Διὼξομεν
3097 4834 3189 4890 τοῦ
3227 4834 3430 4905 γνῶναι
3462 4835 3553 4889 τὸν
3594 4834 3825 4906 Κύριον.
3865 4853 3886 4885 ι

2310 4929 2468 4986 Μετὰ
2520 4927 2754 4997 σπουδῆς
2798 4926 2963 4983 αὐτοῦ
3004 4927 3105 4998 τῆς
3134 4928 3388 4997 γνώσεως
3416 4925 3896 4998 ἐπιμελησόμεθα.

2316 5040 2335 5073 ι
2408 5021 2498 5083 Ὠς
2541 5018 2734 5092 ὄρθρον
2790 5020 3005 5091 ἕτοιμον
3067 5020 3371 5092 εὑρήσομεν
3413 5019 3594 5072 αὐτόν.
3644 5037 3662 5072 ι
3693 5017 3899 5082 T5956-

2314 5109 2455 5183 μεθα
2477 5110 2589 5182 γὰρ
2634 5109 2799 5165 αὑτοῦ
2836 5114 2935 5183 τῆς
2972 5109 3222 5181 βοηθείας
3264 5110 3421 5182 δίκην
3452 5110 3672 5183 ὄρθρου,
3716 5110 3792 5173 ὤς
3822 5108 3897 5161 ἂν

2309 5203 2376 5256 ἐκ
2410 5203 2631 5265 σκότους
2658 5204 2736 5267 είς
2772 5201 2888 5272 φῶς
2918 5200 3289 5273 μεταϐαλόντα
3319 5200 3389 5254 τά
3416 5200 3678 5272 ἡμέτερα.
3715 5217 3734 5249 ι
3775 5199 3896 5252 Καὶ

2303 5295 2424 5366 ἥξει
2470 5296 2603 5365 ἡμῖν
2657 5294 2733 5357 ὡς
2782 5294 2933 5356 ὑετὸς
2975 5291 3223 5363 πρώῖμος
3274 5294 3342 5363 τῇ
3391 5293 3484 5363 γῇ.
3541 5310 3558 5342 ι
3618 5290 3895 5358 Ἀφθονον

627 5376 981 5447 παρέξειτῶν
1001 5381 1224 5451 ἀγαθῶν
1249 5384 1345 5457 τὴν
1381 5387 1663 5459 χορηγίαν,
1698 5387 1856 5458 δίκην
1898 5386 2005 5440 τῶν
2044 5390 2110 5441 ἐκ
2146 5386 2251 5457 γῆς
2296 5386 2695 5459 ἀναδιδομένων
2738 5384 3001 5458 καρπῶν,
3049 5384 3124 5438 ὅτ’
3177 5384 3242 5438 ἂν
3290 5382 3430 5437 κατὰ
3478 5381 3654 5435 πάντα
3698 5381 3896 5452 καιρὸν

626 5468 930 5539 ἐπιτηδείου
964 5475 1204 5549 τυγχάνῃ
1234 5477 1328 5531 τοῦ
1366 5478 1542 5533 ὑετοῦ.

702 5555 870 5615 Vens.
918 5562 1039 5619 4-7.
1070 5595 1140 5605 -
1172 5565 1356 5632 «Quid
1414 5566 1610 5622 faciam
1682 5566 1804 5635 tibi,
1874 5561 2206 5637 Ephraime?

600 5649 759 5720 quid
801 5651 994 5710 faciam
1028 5657 1145 5720 tibi,
1186 5657 1365 5715 Juda?
1413 5658 1782 5717 Misericordia
1820 5667 1997 5716 vestra
2047 5659 2203 5729 quasi

705 5811 743 5845 ⁸³
789 5810 932 5868 Psal.
972 5830 1059 5879 xv,
1093 5815 1149 5868 ll

2382 5562 2533 5631 Στιχ.
2562 5557 2793 5621 δ’-ζ’.--
2817 5557 2893 5626 (p.
2925 5554 3014 5625 45)
3036 5572 3056 5606 ι
3081 5554 3146 5607 Τί
3177 5572 3259 5608 σοι
3286 5554 3517 5625 ποιήσω,
3534 5550 3805 5622 Ἑφραΐμ;
3835 5548 3893 5604 τί

2314 5672 2396 5709 σοι
2444 5653 2683 5723 ποιήσω,
2723 5646 2922 5715 Ἰούδα;
2971 5647 3032 5700 τὸ
3075 5647 3131 5700 δὲ
3184 5646 3330 5709 ἕλεος
3378 5643 3529 5715 ὑμῶν
3567 5644 3642 5709 ὡς
3688 5644 3891 5718 νεφέλη
