4104 6482
229 366 351 439 m.

1269 381 1825 441 COMMENTARIUS
1857 381 1925 436 ΙΝ
1966 382 2172 437 ()SEAE
2214 382 2367 437 CAP.
2406 382 2493 437 Vl.

3463 388 3563 439 ίῧί

229 497 489 572 mhi},
526 495 625 552 καὶ
664 492 743 563 ὡς
768 498 963 570 δρόσος
990 500 1215 572 ὀρθρινὴ
1245 500 1609 573 πορευομένη.
1640 517 1659 553 ι
1696 500 1862 572 Ἀρχὴ

1970 501 2148 557 nubes
2193 503 2484 566 matutina,
2513 509 2567 555 et
2601 501 2758 570 quasi
2801 511 2892 556 ros
2923 510 3082 557 mane
3110 502 3506 573 pertransicns.
3536 520 3557 555 ι

230 606 311 655 τις
362 589 539 662 ἑτέρα
579 592 680 645 καὶ
721 590 866 664 αὕτη
900 591 1223 659 διαλέξεως,
1264 594 1332 665 ἢν
1372 593 1511 664 πρὸς
1544 592 1635 647 τὸν
1663 592 1793 646 λαὸν
1836 594 1867 647 ὁ

230 684 540 757 ιροφήτης
578 685 916 756 ἐποιήσατο,
965 685 1026 752 ἐξ
1059 682 1126 760 ἧς
1174 686 1396 751 ἐδέξατο
1439 684 1863 757 ἀποκαλύψεως,

229 777 328 849 τὴν
357 777 641 849 ἀφορμὴν
670 778 769 832 τοῦ
799 778 961 849 λόγου
991 777 1196 835 λαϐὼν.
1229 779 1295 833 Τί
1322 778 1379 832 δέ
1410 779 1691 852 προσῆκεν
1710 780 1862 850 ὑμῖν,

229 871 393 941 φησι,
428 872 572 942 παρ’
600 871 742 943 ἐμοῦ
784 871 1071 941 γενέσθαι.
1107 871 1251 925 οὕτω
1290 876 1635 945 παρανομεῖν
1665 874 1867 927 ἐσπου-

225 962 499 1028 δακόσινς
562 962 713 1032 Ἐγὼ
767 964 869 1035 μὲν
925 964 1034 1036 γὰρ
1079 964 1248 1019 ἐλεεῖν
1297 966 1443 1034 ὑμᾶς
1482 964 1651 1019 θέλω·
1692 964 1765 1019 τὰ
1807 966 1867 1019 δὲ

226 1055 607 1127 πραττόμενα
633 1057 773 1127 παρ’
807 1055 965 1127 ὑμῶν
998 1056 1100 1110 οὐκ
1141 1058 1209 1128 ἐᾷ
1237 1056 1486 1126 γίνεσθαι
1529 1056 1712 1121 τοῦτο,
1764 1058 1865 1129 τὴν

227 1147 517 1219 τιμωρίαν
562 1148 885 1216 ἀναγκαίως
918 1149 1150 1203 ἕλκοντα
1174 1149 1262 1220 ἐφ’
1289 1151 1435 1222 ὑμᾶς
1454 1169 1468 1181 ·
1504 1150 1608 1205 κᾶν
1636 1153 1683 1204 εἰ
1706 1151 1764 1204 δὲ
1788 1150 1863 1221 (6)

228 1235 407 1290 ἐλεεῖν
464 1238 621 1309 ὑμᾶς
652 1237 1050 1310 ἐϐουλευόμην,
1088 1240 1300 1311 ἀνάγκη
1330 1241 1536 1311 ταύτην
1572 1242 1738 1314 ἀτελῆ
1775 1242 1868 1312 μέ-

226 1347 341 1382 νειν
396 1330 492 1398 ἐρ’
553 1330 691 1400 ὑμῖν
732 1330 835 1400 τὴν
886 1331 1153 1403 γνώμην,
1209 1333 1304 1402 ἀφ’
1343 1327 1418 1415 (ἓν
1463 1333 1866 1406 διαπράττεσθε

227 1424 418 1495 ἀφανῆ
460 1421 811 1495 γιγνομένην
849 1424 1111 1488 πάντως’
1141 1424 1219 1489 ὡς
1259 1425 1328 1479 ἂν
1362 1427 1411 1479 εἰ
1458 1426 1660 1496 νεφέλη
1703 1443 1791 1490 τις
1827 1425 1859 1496 ἢ

226 1514 427 1587 δρόσος
458 1514 643 1568 ἕωθεν
673 1514 813 1586 πρὸς
847 1515 1031 1583 ὀλίγον
1066 1516 1329 1585 φανέντα,
1370 1519 1719 1590 παραχρῆμα
1747 1515 1866 1569 δια-

225 1606 448 1677 λυθείη.
488 1625 509 1656 ι
547 1607 653 1660 Διὰ
683 1605 848 1660 τοῦτο
871 1608 1179 1680 ἀπεθέρισα
1210 1610 1339 1674 τοὺς
1374 1611 1663 1682 προφήτας
1684 1607 1862 1680 ὑμῶν,

226 1698 551 1756 ἀπέκτεινα
598 1700 802 1763 αὐτοὺς
840 1701 901 1755 ἐν
941 1702 1148 1772 ῥήματι
1189 1701 1460 1772 στόματός
1495 1719 1621 1773 μου.
1656 1720 1676 1753 ι
1725 1700 1868 1754 Καί-

223 1806 308 1847 τοι
347 1810 445 1860 γε,
498 1795 697 1863 φησιν,
748 1791 862 1863 ἐγὼ
896 1794 994 1847 καὶ
1037 1797 1153 1857 τοῖς
1202 1797 1515 1865 προφήταις
1545 1796 1660 1858 τοῖς
1688 1795 1861 1865 ἐμοῖς,

224 1887 327 1953 οῦς
373 1887 532 1958 ὑπὲρ
574 1887 681 1957 τῆς
707 1886 987 1957 ὑμετέρας
1016 1886 1350 1940 ἀπέστελλον
1376 1886 1588 1959 χρείας,
1624 1886 1860 1941 θανάτου

228 1980 503 2052 πρόξενος
539 1978 883 2050 ἐγιγνόμηνο
914 1977 1105 2050 ἐπειδὴ
1149 1978 1261 2048 ἐγὼ
1304 1979 1401 2051 μέν
1423 1980 1625 2045 αὐτοὺς
1658 1981 1864 2051 ὑπομι-

229 2076 515 2146 μνήσκειν
551 2074 704 2144 ὑμᾶς
747 2073 878 2145 περὶ
924 2072 1036 2126 τῶν
1059 2072 1292 2128 δεόντων
1334 2073 1586 2127 ἐκέλευον
1611 2090 1625 2106 ·
1660 2075 1862 2129 ἐκεῖνοι

225 2168 285 2223 δὲ
327 2167 667 2239 πειθόμενοι
718 2166 822 2238 μέν
850 2163 995 2238 ἦσαν
1039 2166 1177 2239 πρὸς
1210 2167 1357 2238 ὑμᾶς
1381 2185 1397 2198 ·
1438 2169 1593 2222 αὐτοὶ
1631 2166 1689 2223 δέ
1733 2167 1859 2223 οὔτε

226 2258 338 2311 τῶν
363 2258 703 2329 λεγομένων
747 2256 874 2311 οὔτε
904 2256 999 2311 τοῦ
1057 2258 1371 2329 πέμποντος
1398 2258 1532 2332 ἐμοῦ
1566 2260 1690 2314 τινὰ
1718 2260 1863 2332 ἐχον⁴

226 2364 320 2414 τες
343 2349 511 2414 αἰδῶ,
558 2348 837 2412 ποικίλοις
865 2350 933 2404 αὑ
945 2350 1066 2415 τοὺς
1092 2350 1452 2422 περιεϐάλετέ
1480 2352 1738 2418 θανάτοις
1760 2372 1774 2385 ·
1802 2352 1865 2409 τὸ

227 2437 345 2507 οὖν,
366 2461 386 2493 ι
424 2442 821 2514 ’Δπεθέμσαμ
841 2443 939 2496 καὶ
973 2460 992 2494 ι
1027 2441 1354 2497 Ἀπέκτεινα
1376 2444 1578 2509 αὐτοὺς
1593 2445 1672 2516 (p.
1693 2445 1784 2517 46)
1803 2448 1862 2500 ἐν

232 2535 454 2609 ῥήματι
487 2534 768 2607 στόματός
820 2550 946 2606 μου,
985 2552 1009 2587 ι
1049 2535 1170 2589 ἀντὶ
1197 2535 1316 2600 τοῦ,
1350 2536 1534 2601 Αῐτιος
1572 2540 1758 2602 αὐτοῖς
1793 2538 1861 2593 δι’

229 2624 306 2684 ὧν
354 2631 676 2685 ἐπέταττον
722 2631 900 2683 ποιεῖν
925 2630 1190 2702 ἐγινόμην
1220 2628 1416 2685 τούτου
1438 2648 1451 2662 ο
1481 2633 1543 2686 οὐ
1571 2633 1681 2705 γὰρ
1704 2631 1866 2688 τοῦτο

192 2774 211 2787 ,
227 2724 409 2795 λέγει,
429 2724 519 2777 ὅτι
541 2719 712 2786 αὐτὸς
728 2722 817 2777 διὰ
839 2723 941 2793 τῆς
960 2721 1169 2787 οἰκείας
1192 2725 1379 2795 φωνῆς
1399 2724 1627 2778 τοιαῦτα
1644 2725 1865 2779 διετίθει

231 2818 360 2881 τοῦς
393 2817 720 2889 προφήτας,
769 2814 886 2869 ἀλλ’
917 2815 1008 2868 ἵνα
1053 2816 1182 2888 εῖπῃ
1216 2817 1321 2883 ὅτι,
1352 2817 1431 2869 Δι’
1454 2809 1528 2870 ὧν
1568 2817 1864 2872 ἐπέταττον

232 2910 423 2975 αὐτοῖς
476 2909 624 2980 πρὸς
675 2909 824 2976 ὑμᾶς
871 2908 1304 2981 παραγίνεσθαι,
1345 2909 1544 2982 μικροῦ
1588 2921 1654 2980 γε
1703 2908 1865 2964 τοῦτο

232 3003 403 3067 αὐτὸς
446 3000 839 3073 εἰργαζόμην
888 2995 1003 3056 οἷόν
1041 3001 1161 3055 ἐστι
1204 3002 1300 3056 καὶ
1350 3002 1505 3077 παρὰ
1560 3002 1641 3075 τῷ
1685 3019 1869 3074 μακα-

234 3094 337 3166 ρίῳ
372 3092 552 3148 Δαυῒδ
586 3094 684 3162 τὸ,
741 3113 762 3147 ι
804 3094 1120 3160 Ἐξέκλινας
1167 3097 1269 3161 τάς
1302 3096 1527 3168 τρίϐους
1570 3096 1729 3168 ἡμῶν
1759 3094 1869 3150 ἀπὸ

1970 587 2087 644 Hoc
2106 604 2328 661 quoque
2356 590 2589 644 alterum
2631 590 2986 646 allocutionis
3014 592 3228 646 initium
3261 602 3367 655 est,
3394 608 3557 664 quam

1969 680 2036 734 ad
2071 682 2334 752 pupulum
2367 678 2495 735 fecit
2529 679 2816 751 propheta,
2855 695 2920 735 ex
2969 691 3192 750 accepta
3227 681 3560 737 revelatione

1969 772 2319 826 occasionem
2346 769 2565 825 dicendi
2600 785 2845 825 sumens.
2882 768 3025 836 Quid
3052 772 3319 840 oportuit,
3357 770 3559 840 inquit.

1969 878 2000 917 a
2043 880 2128 919 me
2169 865 2325 920 vobis
2363 863 2504 929 fieri,
2552 865 2645 934 qui
2681 871 2793 917 tam
2835 862 3084 918 studiose
3112 862 3221 933 30
3252 862 3563 932 peccastis?

1968 955 2235 1029 Equidem
2260 959 2427 1014 vestri
2456 958 2700 1013 misereri
2731 959 2947 1023 vellem,
2986 958 3080 1012 sed
3111 957 3353 1011 facinora
3379 966 3558 1012 vestra

1968 1066 2079 1106 non
2135 1052 2344 1116 sinunt,
2386 1068 2510 1123 quae
2540 1053 2911 1108 necessariam
2959 1067 3175 1123 pinnam
3209 1052 3364 1107 vobis
3401 1061 3564 1105 attrao

1969 1144 2136 1200 hunt:
2171 1146 2390 1201 etiamsi
2425 1147 2571 1201 enim
2611 1146 3042 1201 misericorditer
3079 1146 3363 1202 vobiscum
3398 1159 3561 1216 agere

1967 1242 2225 1308 cogitem,
2296 1253 2488 1294 carere
2546 1240 2689 1294 hanc
2739 1238 2936 1295 effectu
2985 1240 3320 1293 voluntatem
3382 1250 3562 1292 meam

1967 1340 2205 1400 Oportet,
2240 1332 2366 1401 quia
2401 1331 2544 1387 facta
2574 1340 2755 1386 vestra
2786 1330 3154 1386 frustraneani
3190 1343 3417 1400 prorsus
3443 1329 3564 1382 elli-

1967 1425 2142 1479 ciunt.
2180 1422 2361 1479 Veluti
2395 1426 2439 1480 si
2464 1440 2586 1495 qum
2615 1426 2814 1480 nebula
2847 1432 2942 1479 aut
2980 1438 3075 1478 ros
3105 1438 3264 1477 mane
3292 1421 3441 1477 brevi
3474 1436 3565 1493 ερι

1967 1525 2181 1587 pareat,
2224 1517 2409 1572 statim
2442 1510 2783 1573 dissolvitur.
2824 1535 2842 1569 ι
2869 1516 3162 1587 Pr0pterea
3196 1515 3408 1570 succidi
3440 1528 3564 1585 pro-

1968 1610 2162 1680 phetas
2213 1620 2451 1675 vestros,
2520 1618 2576 1665 et
2621 1609 2799 1665 occidi
2851 1626 2947 1665 eos
2996 1610 3162 1665 verbo
3219 1608 3334 1664 oris
3386 1606 3558 1663 mei.»

1966 1700 2227 1757 Profecto
2268 1719 2393 1773 ego,
2446 1703 2648 1774 inquit,
2689 1704 2856 1757 etiam
2904 1703 3189 1775 prophetis
3224 1702 3385 1764 meis,
3418 1715 3562 1771 quos

1969 1797 2227 1851 utilitatis
2256 1805 2459 1851 vestrae
2488 1811 2656 1852 causa
2689 1796 3000 1860 mittebam,
3038 1796 3190 1852 necis
3221 1795 3566 1850 ministrator

1970 1888 2084 1944 fui:
2134 1884 2407 1961 siquidem
2449 1902 2552 1959 ego
2602 1888 2727 1943 illos
2783 1890 3081 1944 admouere
3128 1902 3229 1943 vos
3268 1890 3336 1942 de
3384 1886 3565 1943 oliicio

1966 1994 2156 2040 vestro
2187 1983 2552 2050 mandabam;
2602 1989 2656 2038 et
2700 1982 2781 2037 illi
2815 1982 3034 2052 quidem
3063 1997 3163 2037 vos
3201 1981 3568 2037 adhortabano

1966 2087 2090 2143 tur;
2147 2077 2243 2133 sed
2289 2091 2387 2132 vos
2435 2084 2654 2141 contra,
2705 2076 2915 2131 nullam
2958 2076 3077 2131 sive
3113 2074 3413 2130 dicentium
3448 2075 3565 2129 sive

1967 2170 2077 2224 mei
2136 2168 2412 2225 mittentis
2465 2169 2832 2224 reverentiam
2887 2167 3174 2232 habentes,
3238 2167 3410 2221 variis
3467 2181 3566 2222 eos

1967 2261 2243 2317 mortibus
2272 2244 2555 2318 aﬂeeistis.
2586 2259 2777 2332 Itaque
2797 2260 3064 2316 vocabula
3102 2280 3122 2312 ‹
3151 2258 3405 2322 Succidi,
3433 2277 3453 2312 ι
3485 2267 3564 2322 et,

1974 2372 1993 2406 ι
2013 2352 2204 2408 Occidi
2228 2368 2323 2410 eos
2352 2355 2522 2410 verbo
2554 2334 2670 2409 oris
2700 2354 2836 2414 mei,
2861 2372 2879 2406 ι
2925 2361 3209 2424 ponuntur
3241 2367 3361 2423 pro,
3384 2351 3565 2409 Causa

1968 2465 2070 2522 ego
2104 2451 2190 2505 his
2219 2448 2299 2504 fui
2334 2450 2413 2504 rei
2452 2447 2766 2518 hujusmodi
2798 2457 3026 2518 propter
3074 2447 3394 2519 impositum
3428 2446 3565 2517 ipsis

1972 2543 2313 2598 mandatum.
2346 2542 2466 2597 Non
2499 2556 2632 2612 ergo
2657 2542 2754 2604 ait,
2797 2556 2858 2596 se
2879 2556 3011 2595 voce
3040 2546 3261 2611 propria
3287 2541 3369 2596 sic
3400 2540 3570 2594 inter-

1971 2632 2173 2689 fecisse
2206 2633 2529 2703 prophetas,
2579 2631 2675 2687 sed
2713 2631 2864 2702 quia,
2914 2630 3147 2701 Propter
3171 2631 3564 2687 demandatum

1968 2725 2038 2781 iis
2065 2726 2211 2796 apud
2238 2739 2338 2779 vos
2367 2723 2637 2787 ofﬁcium,
2671 2724 2789 2794 ipse
2817 2723 3211 2793 propemodum
3245 2737 3411 2778 neces
3442 2722 3566 2779 illas

1969 2830 2269 2877 exsecutus
2296 2834 2439 2875 sum.
2474 2814 2638 2872 Velut
2665 2818 2828 2872 etiam
2861 2817 3001 2889 apud
3028 2817 3246 2871 beatum
3271 2815 3563 2872 Davidem:

1978 2935 1996 2968 ι
2020 2913 2317 2970 Declinasti
2346 2911 2576 2969 semitas
2601 2919 2821 2967 nostras
2848 2925 2877 2964 a
2904 2911 2987 2965 via
3013 2917 3106 2964 tua
3125 2911 3202 2962 ’σε
3227 2928 3246 2961 ι
3281 2923 3392 2964 non
3418 2909 3567 2979 quod

1970 3009 2090 3080 ipse
2112 3010 2340 3064 semitas
2366 3005 2726 3061 declinaverit
2753 3046 2768 3071 ,
2792 3002 2889 3059 sed
2922 2986 3052 3072 quia
3079 3000 3327 3072 permisit
3362 3000 3417 3055 in
3452 3008 3567 3054 tan‘

1970 3109 2088 3156 tum
2128 3100 2255 3155 illos
2285 3098 2544 3154 devenire
2572 3096 2866 3159 malorum,
2917 3094 3041 3149 ideo
3083 3094 3187 3149 sibi
3229 3093 3306 3149 rei
3336 3107 3566 3149 causam

231 3189 333 3259 τῆς
361 3185 494 3240 ὀδοῦ
544 3202 679 3240 σου·
731 3206 751 3239 ι
792 3188 894 3260 οὐχ
940 3187 1025 3242 ὅτι
1071 3186 1235 3253 αὐτὸς
1277 3186 1571 3253 ἐξέκλινεν,
1610 3187 1747 3242 ἀλλά
1787 3186 1862 3260 τῷ

1971 3190 2384 3266 quodammodo
2432 3189 2702 3245 attribuit.
2747 3184 2850 3241 «Et
2893 3186 3161 3256 judicium
3192 3200 3372 3241 meum
3405 3183 3567 3255 quasi

233 3283 611 3353 συγχωρῆσαι
665 3280 807 3352 πρὸς
853 3281 1127 3336 τοσούτων
1181 3284 1380 3354 πεῖραν
1433 3282 1634 3347 αὐτοὺς
1684 3281 1862 3337 ἐλθεῖν

233 3371 453 3437 κακῶν,
507 3371 668 3445 αὐτῷ
714 3371 1213 3445 προσλογιζόμενος
1255 3373 1351 3429 τοῦ
1392 3376 1717 3446 γιγνομένου
1762 3376 1862 3450 τὴν

229 3465 444 3520 αἰτίαν.
487 3484 509 3518 ι
557 3464 672 3519 Καὶ
699 3465 764 3519 τὺ
809 3465 989 3538 κρῖμά
1025 3484 1125 3538 μου
1152 3466 1231 3532 ὡς
1269 3466 1387 3536 φῶς
1425 3466 1789 3532 ἐξελεύσεται.
1835 3486 1856 3522 ι

241 3555 391 3612 ’Δλλ’
441 3558 508 3612 οὐ
559 3557 673 3630 γὰρ
721 3557 1084 3630 ἀνεκδίκητον
1128 3559 1337 3632 ταύτην
1373 3561 1530 3632 ὑμῶν
1571 3562 1718 3616 ἐάσω
1761 3561 1861 3634 τὴν

229 3649 605 3723 παρανομίαν
625 3667 641 3681 ’
676 3649 924 3722 λήψομαι
952 3650 1011 3705 δὲ
1043 3651 1203 3716 δίκας
1234 3655 1368 3723 παρ’
1400 3652 1558 3724 ὑμῶν
1579 3671 1592 3685 ·
1628 3654 1770 3708 ὥστε
1800 3653 1862 3721 ἐξ

226 3738 308 3799 ὧν
352 3743 674 3815 ὑπομένειν
724 3742 949 3814 μέλλετε
1004 3744 1213 3810 κακῶν,
1286 3745 1466 3816 φωτὸς
1514 3747 1861 3821 ἐνδηλότερον

229 3838 413 3894 ἅπασι
459 3837 750 3905 γενέσθαι,
798 3838 975 3909 ὅτιτῇ
1012 3841 1090 3901 είς
1130 3839 1260 3903 τοὺς
1298 3844 1586 3912 προξρήτας
1633 3858 1862 3914 γεγενη-

231 3932 381 4007 μένῃ
430 3933 575 4004 παρ’
609 3930 771 4000 ὑμῶν
820 3918 1396 4005 παρανομίῴκρίνων,
1423 3935 1537 3997 τοῖς
1582 3934 1862 3999 τοσούτοις

228 4026 381 4097 ὑμᾶς
412 4024 808 4098 περιϐέϐληκα
844 4027 1039 4089 κακοῖς
1059 4043 1070 4057 ’
1100 4026 1195 4079 καὶ
1225 4008 1443 4089 δεικνὺς
1474 4026 1557 4079 ὅτι
1594 4027 1696 4080 οὐκ
1736 4027 1862 4082 ἀλό-

226 4136 347 4188 γως
379 4119 526 4173 αὐτὸ
557 4118 983 4188 διαπράττεται,
1010 4136 1027 4169 ι
1062 4119 1206 4171 Δίότι
1234 4116 1382 4171 ἔλεον
1416 4117 1611 4189 θέλωῆ
1647 4118 1858 4185 θυσίαν,

223 4215 327 4268 καὶ
357 4215 678 4283 ἐπίγνωσιν
703 4210 843 4265 Θεοῦ
871 4211 905 4283 ἢ
939 4211 1323 4283 ὁλοκαύτωμα.
1368 4231 1388 4265 ι
1440 4210 1584 4280 Ἐγὼ
1615 4211 1714 4283 μὲν
1748 4213 1860 4287 γὰρ

223 4306 308 4371 ὡς
334 4308 436 4362 καὶ
465 4305 684 4359 θυσιῶν
722 4304 817 4359 καὶ
859 4303 1337 4375 ὁλοκαυτωμάτων
1376 4304 1657 4377 προτιθεὶς
1694 4305 1757 4360 τὺ
1779 4307 1863 4360 εύ-

222 4400 389 4464 τεὶὲς
415 4400 557 4470 ύμῖν
583 4398 838 4469 ποιῆσαι,
868 4397 961 4452 καὶ
989 4398 1127 4472 πρὸς
1151 4398 1451 4467 ἐπίγνωσιν
1486 4401 1720 4470 ἀγαγεῖν
1760 4399 1858 4472 τὴν

224 4494 399 4567 ἐμὴν,
452 4494 714 4563 ἔπεμπον
759 4493 887 4555 τοὺς
933 4493 1253 4564 προφήτας·
1307 4490 1495 4562 ἐπειδὴ
1536 4490 1592 4544 δὲ
1631 4489 1858 4546 τοιαῦτα

1973 3287 2063 3340 lux
2101 3285 2484 3356 egredietur»
2536 3281 2697 3352 Atqui
2747 3296 2855 3334 non
2909 3281 3187 3349 impunem
3246 3278 3568 3349 praevarica-

1972 3379 2178 3434 tionem
2213 3378 2356 3432 hanc
2401 3384 2639 3432 vestram
2678 3390 2804 3432 esse
2834 3373 3050 3441 sinam;
3107 3387 3233 3427 nam
3285 3387 3478 3443 pinnas
3533 3383 3568 3425 ι

1969 3470 2130 3526 vobis
2163 3483 2491 3540 reposcam;
2534 3468 2606 3521 ita
2641 3473 2700 3522 ut
2733 3481 2798 3521 ex
2825 3466 2892 3520 iis
2927 3480 3049 3535 quae
3070 3462 3349 3534 patiemini
3380 3461 3564 3525 malis,

1969 3565 2095 3621 luce
2118 3546 2322 3619 clariu's
2356 3562 2576 3617 cunctis
2608 3560 2720 3626 fiat,
2757 3574 2843 3613 me
2876 3567 3120 3613 vestrum
3151 3557 3418 3612 adversus
3447 3568 3567 3626 pro-

1969 3660 2166 3730 phetas
2223 3657 2437 3711 crimen
2488 3656 2869 3715 ulciscentem,
2922 3652 3091 3706 tantis
3140 3665 3237 3704 vos
3265 3650 3426 3705 malis
3465 3649 3570 3703 im-

1970 3749 2252 3821 plicuisse.
2298 3745 2605 3815 Caeleroqui
2641 3750 2699 3797 ut
2722 3742 2980 3797 ostendat
3010 3756 3070 3796 se
3098 3754 3207 3795 non
3237 3739 3446 3810 absque
3476 3752 3568 3793 ra-

1968 3843 2121 3898 tione
2155 3840 2209 3895 id
2252 3853 2435 3910 agere,
2476 3856 2495 3889 ι
2539 3834 2680 3903 Quia
2715 3833 3174 3897 misericordiam,
3207 3830 3408 3903 inquit,
3443 3831 3568 3886 volo

1970 3942 2025 3992 et
2065 3949 2174 3989 non
2200 3930 2559 3994 sacrificium,
2588 3937 2642 3984 et
2671 3926 2963 3982 scientiam
2998 3924 3090 3980 Dei
3125 3926 3250 3996 plus
3277 3939 3444 3994 quam
3476 3923 3569 3979 ho-

1970 4029 2240 4084 locausta.
2268 4044 2286 4078 ι
2326 4024 2538 4079 Etenim
2570 4037 2674 4092 ego
2705 4038 2805 4076 ceu
2846 4021 2894 4075 si
2925 4019 3117 4075 vellem
3163 4017 3567 4073 sacriﬁciorum

1968 4134 2190 4192 quoque
2231 4124 2288 4172 et
2331 4116 2780 4170 holocaustorum
2814 4104 3077 4165 vilitale'm
3106 4109 3211 4180 31
3253 4109 3409 4165 vobis
3444 4123 3569 4164 sua-

1968 4213 2119 4277 dere,
2154 4220 2319 4281 atque
2344 4209 2410 4264 ad
2439 4208 2543 4263 mei
2575 4205 2914 4278 agnitionem
2949 4202 3245 4267 adducere,
3275 4200 3566 4272 prephetas

1968 4301 2277 4357 mittebam.
2320 4290 2479 4352 Nune
2528 4298 2659 4366 quia
2702 4296 2784 4349 sic
2823 4295 2947 4349 illos
2992 4301 3318 4358 tractantes,
3362 4292 3564 4349 malam

1968 4392 2104 4446 mihi
2152 4389 2569 4445 retributionem
2618 4385 2920 4452 obtulistis,
2958 4385 3163 4453 justam
3210 4389 3563 4453 peccatorum

1967 4484 2269 4540 vindictam
2323 4480 2628 4552 perferetis.
2686 4476 2822 4530 Nam
2874 4474 3271 4530 misericordia
3320 4470 3562 4527 oilicium

224 4590 437 4651 αὐτοὺς
471 4584 822 4649 διατιθέντες
872 4585 1064 4648 κακοῖς
1109 4581 1408 4654 ὴμείϐεσθε
1444 4583 1513 4637 τά
1547 4583 1679 4655 παρ’
1723 4581 1860 4653 ἐμοῦ

1970 4589 2191 4649 quoque
2213 4585 2322 4636 est,
2375 4580 2602 4641 propter
2630 4581 2728 4621 eos
2753 4564 2844 4635 qui
2882 4564 3022 4617 male
3050 4570 3181 4616 sunt
3222 4558 3395 4630 passi,
3432 4570 3567 4628 sup-

224 4681 544 4751 γινόμενα.
602 4677 811 4731 δώσετε
873 4675 986 4730 τῶν
1044 4675 1539 4747 παρανομημάτων
1580 4675 1739 4748 δίκην
1789 4675 1866 4729 δι-

228 4773 400 4827 καίαν
417 4789 431 4802 ⁸
468 4779 554 4842 (p.
578 4771 675 4836 47)
702 4769 858 4823 ἐλέου
882 4769 995 4841 γάρ
1016 4769 1077 4821 τὸ
1104 4768 1203 4821 καὶ
1236 4768 1377 4841 ὑπὲρ
1397 4767 1508 4821 τῶν
1540 4768 1860 4838 πασχόντων

228 4864 427 4928 κακῶς
458 4862 713 4934 τιμωρίᾳ
738 4858 1241 4931 περιϐάλλεινρτοὺς
1264 4857 1608 4922 ἀδικοῦντας.
1644 4878 1663 4910 ι
1696 4858 1861 4913 Αὐτοὶ

226 4946 287 5010 δέ
325 4958 475 5010 εἰσιν
534 4955 611 5020 ὡς
658 4955 951 5026 ἄνθρωπος
1004 4950 1364 5024 παραϐαίνων
1413 4951 1705 5025 διαθήκην,
1743 4953 1861 5006 ἐκεῖ

227 5048 669 5123 κατεφρόνησάν
717 5065 842 5120 μου.
887 5066 905 5098 ι
951 5045 1314 5117 Μεμενήκατε
1359 5045 1466 5116 γὰρ
1510 5046 1604 5098 ἐπὶ
1633 5045 1730 5117 τῆς
1761 5045 1859 5117 βά-

228 5160 374 5209 σεως
420 5144 506 5215 (ἴ)
543 5143 646 5213 τῆς
686 5142 915 5206 οἰκείας,
962 5139 1076 5194 τῶν
1119 5140 1219 5211 μὲν
1253 5137 1461 5194 ἀνωθεν
1510 5139 1641 5211 ὑμῖν
1674 5156 1861 5193 συντε-

1964 4669 2190 4741 pliciqu
2232 4663 2521 4734 injuriosis
2549 4660 2870 4715 decernere.
2910 4653 3060 4724 «1ρεί
3091 4660 3272 4708 autem
3299 4658 3562 4721 tauquam

1964 4763 2134 4818 homo
2180 4766 2399 4830 pactum
2450 4752 2887 4824 transgrediens,
2941 4748 3053 4803 illic
3097 4761 3183 4801 me
3215 4753 3562 4816 contempse-

1964 4862 2115 4911 runt.
2143 4872 2162 4904 ι
2202 4848 2316 4906 Vos
2352 4856 2532 4902 autem
2578 4846 2631 4899 in
2683 4841 3131 4912 transgressione
3156 4848 3343 4894 vestra
3375 4852 3560 4908 perse-

1964 4946 2224 5008 verastis,
2276 4941 2526 5012 neglecto
2558 4936 2706 5009 quod
2757 4950 2973 4991 mecum
3005 4931 3294 5003 pepigistis
3333 4930 3564 5001 antiquo

1965 5040 2194 5102 findere,
2224 5048 2423 5105 meque
2446 5044 2674 5102 prorsus
2695 5027 2976 5097 despecto,
3013 5024 3152 5079 adeo
3188 5031 3248 5077 ut
3271 5022 3565 5092 prophetas

1965 5148 2185 5206 quoque
2214 5129 2267 5184 id
2298 5128 2453 5184 vobis
2483 5127 2984 5181 commemorantes
3019 5117 3432 5174 interfeceritis.

228 5208 445 5292 θέντων
484 5208 654 5308 ἰπρδς
695 5234 799 5306 ἐμὲ
836 5235 996 5304 λόγον
1038 5208 1233 5289 οὐδένα
1274 5208 1627 5304 ποιούμενοι,
1685 5226 2244 5304 καταπεφρονηκότες
2288 5222 2363 5289 ,δέ
2417 5235 2520 5293 μου
2571 5213 2886 5279 παντελῶς·
2938 5212 3080 5267 ὥστε
3120 5211 3216 5266 καὶ
3262 5210 3392 5273 τοὺς
3430 5208 3563 5263 ὕπο·-

229 5332 660 5403 μιμνήσκοντας
709 5328 856 5400 ὑμᾶς
905 5327 1037 5400 περὶ
1096 5325 1289 5381 τούτου
1367 5325 1475 5381 τῶν
1546 5325 1846 5397 προφητῶν
1881 5323 2114 5380 ἀνελεῖν.

300 5456 461 5526 Στίχ.
500 5457 557 5524 η’
568 5457 682 5507 -ια’.
723 5482 793 5493 -
828 5469 849 5503 ι
884 5448 1143 5519 Γάλγαλα
1171 5448 1328 5513 πόλις
1361 5446 1710 5520 ἐργαζομένη
1752 5446 1860 5520 μά-

227 5563 386 5611 ναια.
434 5567 457 5601 ι
516 5545 684 5600 Δίτία
720 5544 778 5617 δὲ
821 5543 1033 5599 τούτων
1071 5544 1202 5625 ὑμῖν
1236 5543 1272 5615 ὴ
1306 5539 1601 5610 Γάλγαλα,
1643 5545 1774 5613 παρ’

336 5685 394 5721 ⁸⁸
419 5684 577 5742 Psal.
597 5701 764 5747 mn.
794 5682 886 5741 10.

301 5830 389 5905 (6)
449 5826 595 5885 Cod.
636 5826 798 5905 ορδέ,
847 5823 995 5897 quod
1042 5822 1223 5905 visum
1280 5829 1370 5905 est
1434 5819 1848 5905 corrigendum,

263 5892 582 5972 namquam
627 5892 957 5972 plerumque
989 5894 1164 5972 codex;
1209 5903 1294 5950 est
1338 5892 1847 5955 emcndatissimus,

297 5969 595 6049 mariueet
620 5970 830 6044 Optima
860 5984 1029 6026 manu
1055 5969 1317 6039 scriptus.

192 6340 211 6367 -7
296 6348 347 6365 ‘1
362 6340 415 6373 ’δῇ
430 6348 463 6379 *1

42 6344 477 6465 ᾧ

2036 5441 2210 5499 Vens.
2263 5438 2422 5495 8-H.
2463 5465 2534 5477 -—
2586 5452 2605 5485 ι
2630 5429 2858 5503 Galgala
2896 5424 3092 5482 civitas
3131 5433 3255 5492 quae
3300 5427 3562 5491 operatur

1964 5552 2172 5593 vana.»
2229 5532 2410 5589 Causa
2458 5529 2660 5582 borum
2710 5521 2872 5578 vobis
2914 5514 3164 5587 Galgala,
3210 5511 3356 5583 apud
3395 5524 3561 5597 quam

2033 5817 2112 5885 (7)
2140 5818 2221 5871 Ita
2247 5813 2373 5871 cod.
2400 5814 2634 5886 βάσεως,
2657 5809 2752 5868 sed
2777 5803 3065 5871 mendose,
3088 5807 3160 5858 ut
3173 5799 3437 5864 arbitror,
3460 5807 3566 5881 pro

1962 5888 2350 5962 παραϐάσεως.
