4104 6484
634 346 738 399 163

1803 347 2157 407 THEODORI
2200 350 2691 408 MOPSUESTENI
3773 371 3857 427 ιω

629 456 854 513 noxium
909 468 1218 526 vanumque
1269 456 1540 513 idolorum
1588 459 1836 517 studium
1866 466 2201 535 expromitis.

2302 468 2418 541 τὴν
2452 466 2719 537 ἐπιϐλαὸἦ
2755 467 2846 522 καὶ
2895 468 3123 538 μάταιον
3156 467 3284 541 περί
3328 472 3398 524 τὰ
3431 473 3618 530 εῐδωλα
3649 481 3860 558 σπουδὴν

629 548 719 603 Sic
746 547 891 603 enim
919 557 972 604 et
1014 548 1071 602 in
1109 549 1494 619 superioribus
1524 550 1686 618 dixit,
1738 573 1756 606 ι
1781 551 1860 612 Ne
1887 557 2130 615 abieritis
2159 560 2214 614 in

627 635 850 706 Galgala
899 636 1214 706 civitatem;
1271 654 1450 711 neque
1503 656 1642 696 vana
1694 647 2070 716 operemini,»
2115 650 2212 712 ait,

629 735 687 781 ut
714 743 835 797 qua:
868 728 923 783 in
949 743 1013 784 ea
1039 737 1350 800 patrantur,
1384 731 1676 802 signiﬁcet.
1719 753 1738 786 ι
1760 733 1893 801 Qua:
1921 740 2216 796 conturbat

530 809 543 827 ⁷
625 833 888 889 aquam.»
932 817 1012 874 Illi
1065 821 1158 892 qui
1213 822 1616 892 limpitudinem
1670 835 1723 881 et
1770 829 2062 898 puritatem
2112 832 2215 901 piae

627 909 929 980 religionis,
961 911 1015 966 in
1047 913 1154 966 mei
1199 913 1480 983 agnitione
1508 927 1884 986 apparentem,
1940 921 2212 978 idolorum

626 1000 955 1057 admistione
971 1001 1278 1072 inquinant.
1312 1023 1331 1056 ι
1356 1003 1419 1061 Et
1432 1005 1694 1064 fortitudo
1711 1021 1822 1074 tua,
1840 1013 1940 1068 viri
1967 1015 2173 1084 piratae.
2188 1037 2206 1069 ι

625 1091 758 1158 Quae
799 1093 909 1148 vim
949 1109 1106 1148 suam
1141 1095 1397 1151 videlicet
1441 1097 1497 1154 in
1541 1101 1844 1156 errantium
1899 1104 2100 1162 damno
2127 1107 2213 1164 de-

555 1231 560 1235 .
625 1190 931 1250 monstrat;
969 1185 1431 1254 quemadmodum
1460 1205 1580 1246 mos
1615 1201 1699 1247 est
1729 1193 1944 1264 piratis,
1976 1197 2210 1252 aliorum

626 1274 842 1330 damnis
908 1275 1243 1345 incumbere,
1295 1295 1538 1352 suasque
1580 1283 1726 1340 vires
1782 1286 1838 1342 in
1889 1297 2212 1347 czeterorum

625 1365 870 1435 pernicie
923 1368 1234 1424 ostendere.
1302 1371 1598 1428 «Celarunt
1661 1376 1978 1434 sacerdotes
2040 1380 2208 1445 viam,

626 1453 905 1508 occisione
946 1454 1149 1511 Sieima
1180 1469 1549 1528 peremerunt,
1583 1465 1712 1533 quia
1746 1466 2088 1535 iniquitatem
2125 1486 2214 1540 pa-

631 1552 915 1600 traverant
939 1546 1006 1602 ²¹.
1041 1565 1060 1599 ι
1100 1548 1363 1619 Exemplo
1387 1553 1505 1606 vult
1533 1555 1750 1609 illorum
1793 1558 2089 1628 nequitiam
2123 1576 2212 1617 ex-

625 1635 899 1706 planare:
942 1639 1100 1706 Quia,
1155 1651 1340 1712 patres
1387 1649 1580 1713 vestri,
1634 1649 1809 1720 inquit
1841 1651 1994 1720 (dicit
2027 1662 2212 1711 autem

626 1725 816 1785 Jacobi
851 1730 992 1787 filios
1018 1731 1202 1788 Levim
1235 1750 1299 1791 ac
1328 1736 1690 1807 Simeonem),
1718 1750 2007 1813 postquam
2035 1745 2211 1802 forni-

625 1820 834 1877 cariam
873 1823 1130 1894 injuriam
1160 1829 1338 1882 sorori
1369 1844 1483 1885 sum
1514 1831 1718 1886 illatam
1743 1834 2019 1900 viderunt,
2055 1844 2208 1895 tanta

621 1913 699 1968 rei
744 1914 1120 1986 indignatione
1147 1928 1494 1988 exarserunt,
1527 1930 1588 1978 ut
1617 1925 1838 1996 oblique
1873 1928 2094 1998 quidem
2141 1945 2208 1987 ac

621 2008 848 2065 subdole
888 2009 1165 2066 Sicimitas
1206 2011 1318 2068 sint
1348 2015 1594 2081 allocuti,
1629 2015 1926 2074 amicitiam
1951 2022 2209 2079 simulan-

621 2107 737 2156 tes:
771 2100 824 2155 id
851 2099 996 2155 enim
1022 2101 1258 2158 innuunt
1292 2106 1493 2162 verba:
1534 2125 1553 2158 ‹
1575 2106 1729 2164 Viam
1761 2112 2030 2179 celarunt,
2057 2133 2075 2166 ι
2111 2115 2206 2172 sed

619 2190 817 2246 idoneo
837 2199 1056 2263 captato
1079 2201 1345 2265 tempore,
1366 2207 1599 2256 cunctos
1619 2216 1728 2256 uno
1761 2202 1962 2273 impetu
1987 2214 2209 2277 propter

619 2281 751 2340 illud
774 2283 1037 2356 flagitium
1068 2286 1485 2344 interemerunt.
1536 2311 1554 2344 ι
1577 2293 1633 2348 In
1660 2294 1825 2350 domo
1849 2296 2069 2355 lsraelis
2097 2301 2203 2356 vidi

620 2373 936 2442 horribilia;
976 2375 1084 2447 32
1130 2378 1204 2433 ibi
1259 2377 1679 2440 fornicationem
1736 2385 2033 2457 Ephraimi.
2068 2410 2088 2444 ι
2140 2391 2208 2447 Et

619 2478 709 2518 res
737 2464 956 2533 quidem
983 2466 1202 2522 illorum
1235 2467 1308 2524 ita
1339 2485 1399 2525 se
1436 2470 1644 2528 habuit.
1677 2474 1835 2531 Nunc
1863 2493 1988 2533 vero
2009 2481 2063 2536 in
2089 2482 2205 2536 uni-

619 2566 780 2607 verso
803 2551 1004 2609 lsraele
1033 2555 1191 2624 plena
1219 2555 1468 2614 horroris
1498 2562 1686 2630 aspexi
1713 2581 1728 2630 ;
1779 2564 2202 2625 fornicationem

616 2643 999 2710 universalem,
1033 2662 1142 2700 non
1165 2650 1439 2719 corporis,
1465 2651 1563 2708 sed
1598 2665 1875 2726 corrupta:
1903 2660 2099 2716 animae
2122 2669 2204 2716 at-

614 2749 720 2804 que
742 2749 771 2787 a
799 2732 907 2790 Deo
937 2737 1272 2806 apostaticae.
1316 2759 1334 2792 ι
1355 2741 1775 2800 Contaminatus
1805 2755 1888 2802 est
1926 2750 2119 2814 israel,
2150 2759 2204 2808 et

616 2822 785 2879 Judas
813 2827 997 2880 omisit
1024 2841 1258 2882 luessem
1300 2845 1475 2886 suam.
1500 2850 1517 2883 ι
1557 2831 1757 2888 Cuncti
1781 2835 1847 2890 ad
1880 2842 2204 2908 praevarica-

613 2916 820 2971 tionem
862 2917 1205 2987 spectabant,
1244 2918 1514 2976 idolorum
1547 2925 1699 2980 cultu
1736 2929 1970 2999 polluti;
2016 2935 2201 2990 cuncti

618 3006 895 3061 inﬁrmum
924 3021 987 3063 ac
1020 3009 1366 3080 profligatum
1400 3014 1595 3070 salutis
1626 3033 1741 3072 sua:
1773 3025 2050 3091 negotium
2079 3041 2203 3084 esse

2317 558 2689 614 ἐπιδείκνυσθε
2713 575 2724 588 ·
2745 552 2888 612 οῦτω
2905 558 3014 629 γὰρ
3035 559 3130 615 καλ⁵
3148 561 3406 633 ἀνωτέρω
3422 563 3586 635 λέγει,
3604 587 3622 620 ι
3649 571 3736 644 Μὴ
3763 552 3861 630 us,

2315 649 2614 723 πορεύεσθε
2655 651 2735 713 εἰς
2773 649 3025 718 Γάλγαλα
3066 651 3169 721 τὴν
3203 651 3392 708 πόλιν·
3434 657 3526 710 καὶ
3554 659 3861 734 ἐργάζεσθε,

2315 744 2485 813 λέγει,
2538 742 2773 814 μάταια,
2826 761 2844 796 ι
2878 743 2946 798 τὰ
2973 745 3030 798 ἐν
3062 740 3198 816 αὐτῇ
3239 747 3530 819 γιγνόμενα
3593 755 3864 825 σημαίνων.

2320 853 2338 886 ι
2374 834 2734 905 Ταράσσουσα
2761 833 2922 907 ὕδωρ.
2965 854 2985 888 ι
3021 838 3083 890 υἱ
3109 837 3169 891 τὸ
3193 837 3384 904 διειδὲς
3410 842 3503 894 καὶ
3522 843 3747 916 καθαρὸν
3776 848 3862 918 τῆς

2314 927 2595 992 εὐσεϐείας
2633 930 2691 981 ὲν
2731 929 2799 998 τῇ
2849 928 3047 997 γνώσει
3093 929 3498 1000 διαφαινόμενον
3543 937 3607 1006 τῇ
3639 938 3774 1008 ἐμῇ,
3804 942 3862 1011 τῇ

2313 1016 2421 1071 τῶν
2451 1017 2682 1070 εἰδώλων
2714 1018 3090 1083 ἐπιθολοῦντες
3123 1021 3394 1093 ἐπιμιξίᾳ.
3443 1041 3463 1074 ‹
3514 1025 3621 1078 Καὶ
3664 1029 3696 1097 ὴ
3730 1028 3862 1098 ἰσχύς

2316 1124 2408 1162 σου
2450 1107 2525 1172 ὼς
2567 1107 2760 1180 ἀνδρὸς
2790 1109 3076 1180 πειρατοῦ.
3132 1129 3151 1164 ι
3201 1111 3269 1164 Ἢ
3311 1115 3492 1168 πᾶσαν
3519 1116 3614 1187 τὴν
3660 1118 3864 1190 δύναμιν

2312 1198 2411 1267 τὴν
2455 1197 2661 1253 οἰκείαν
2717 1199 2774 1250 ἐν
2826 1201 2898 1270 τῇ
2931 1199 3040 1253 τῶν
3095 1202 3475 1273 ἀπατωμένων
3524 1207 3862 1262 ἐπιδείκνυται

2315 1289 2513 1363 βλάϐῃ·
2551 1291 2609 1344 ὃν
2656 1289 2718 1361 δὴ
2761 1291 2961 1361 τρόπον
3000 1293 3238 1357 καὶτοῖς
3281 1299 3566 1367 πειραταῖς
3606 1297 3718 1362 ἔθος
3760 1302 3862 1354 ἐστί

2312 1379 2442 1452 περί
2455 1379 2554 1451 τὴν
2581 1379 2782 1451 ἐτέρων
2808 1379 3196 1435 ἐσπουδακέναι
3217 1382 3438 1456 βλάϐην,
3463 1388 3556 1439 καὶ
3571 1386 3665 1457 τὴν
3679 1391 3864 1443 οἰκείαν

2311 1473 2540 1542 δύναμιν
2595 1471 2684 1525 διὰ
2736 1471 2836 1542 τῆς
2890 1471 3096 1544 ἐτέρων
3142 1473 3542 1529 διαδείκνυσθαι
3592 1478 3859 1544 ἀπωλείας.

2319 1582 2337 1615 ι
2379 1563 2661 1634 Ἔκρυψαν
2693 1565 2858 1635 ἱερεῖς
2884 1563 3001 1617 ὁδόν
3021 1580 3034 1594 ·
3061 1563 3358 1632 ἐφόνευσαν
3391 1567 3590 1638 Σίκιμα
3614 1586 3626 1600 ·
3655 1571 3730 1623 ὅτι
3758 1572 3862 1624 ἀνο-

2315 1654 2444 1726 μίαν
2475 1654 2760 1726 ἐποίησαν.
2798 1673 2815 1708 ι
2862 1655 2958 1708 Ἐκ
2987 1655 3343 1726 παραθέσεως
3371 1656 3615 1728 βούλεται
3640 1659 3732 1730 τὴν
3754 1659 3864 1716 τού-

2312 1762 2418 1799 των
2441 1745 2701 1811 ἐπιδεῖξαι
2725 1746 2944 1801 κακίαν·
2967 1747 3090 1802 Ὅτι
3119 1748 3168 1802 οἰ
3202 1747 3309 1820 μέν’
3332 1750 3587 1823 πατέρες,
3617 1753 3790 1823 φησὶν,
3819 1754 3862 1808 οἰ

2242 1817 2284 1873 Β
2313 1837 2564 1908 ὑμέτεροι
2605 1835 2786 1906 (λέγει
2827 1837 2884 1892 δὲ
2915 1840 3043 1902 τοὺς
3082 1817 3232 1900 υἱοὺς
3289 1817 3509 1906 Ἰακὼδ,
3533 1817 3746 1896 Λευὶ-τε
3778 1817 3862 1897 καὶ

2311 1925 2582 1997 Σιμεὼν),
2613 1926 2700 1980 ἵνα
2750 1926 2828 1998 (8)
2885 1929 3150 2000 πορνικὴν
3198 1930 3464 2002 ἐπήρειαν
3521 1932 3861 2002 ὑπομείνασαν

2312 2017 2493 2071 ἴδωσιν
2518 2017 2697 2072 αὐτῶν
2728 2019 2828 2090 τὴν
2871 2019 3126 2092 ἀδελφὴν,
3168 2021 3188 2091 (
3213 2036 3267 2091 p.
3298 2023 3406 2095 48)
3431 2023 3690 2094 τοσαύτην
3727 2024 3860 2094 ἔσχον

2309 2107 2408 2179 τὴν
2447 2108 2817 2180 ἀγανάκτησιν
2865 2110 2957 2163 ἐπὶ
2995 2111 3072 2181 τῷ
3105 2113 3388 2182 γεγονότι,
3437 2113 3575 2168 ὥστε
3615 2114 3861 2186 λαθραίως

2312 2201 2410 2271 μὲν
2436 2201 2529 2253 καὶ
2561 2201 2698 2272 μετά
2721 2201 2872 2255 δόλου
2888 2202 3230 2274 διαλεχθῆναι
3257 2207 3369 2267 τοῖς
3395 2205 3694 2276 Σικιμίταις
3717 2219 3862 2274 προσ-

2309 2291 2620 2362 ποιούμενοι
2662 2293 2877 2363 φιλίαν·
2922 2294 3080 2349 τοῦτο
3113 2294 3220 2368 γὰρ
3257 2295 3407 2364 λέγει
3438 2295 3516 2360 τὸ,
3547 2313 3566 2346 ι
3603 2292 3858 2366 Ἐκρυψαν

2307 2385 2446 2439 όδόν·
2474 2403 2492 2437 ι
2519 2384 2711 2458 καιροῦ
2727 2386 2783 2440 δὲ
2798 2385 3106 2458 λαϐόμενοι,
3124 2388 3329 2450 πάντας
3354 2388 3477 2441 κατ’
3497 2386 3655 2442 αὐτὸν
3674 2386 3858 2440 ἀνεῖλον

2308 2474 2450 2546 ύπέρ
2467 2473 2556 2528 τοῦ
2584 2476 2885 2545 γεγονότος.
2923 2495 2942 2528 ι
2983 2477 3070 2530 Ἐν
3103 2477 3182 2547 τῷ
3214 2477 3346 2548 οἴκῳ
3378 2476 3471 2530 τοῦ
3505 2476 3708 2548 Ἰσραὴλ
3739 2473 3857 2530 εἶδον

2307 2565 2576 2638 φρικώδη,
2606 2569 2722 2620 ἐκεῖ
2754 2569 3010 2640 πορνείαν
3045 2567 3139 2621 τοῦ
3186 2569 3450 2642 Ἐφραῖμ.
3492 2590 3512 2625 ι
3550 2571 3654 2623 Καὶ
3683 2569 3744 2622 τὰ
3772 2569 3857 2637 μὲν

2307 2659 2551 2727 ἐκείνων,
2579 2661 2733 2732 φησί,
2759 2660 3012 2715 τοιαῦτα·
3040 2659 3135 2715 νῦν
3158 2661 3214 2715 δέ
3247 2663 3304 2715 ἐν
3330 2663 3535 2716 ἅπαντι
3560 2660 3635 2732 τῷ
3666 2659 3858 2732 Ἰσραὴλ

2307 2753 2508 2824 φρίκης
2531 2750 2666 2807 εἰδον
2694 2753 2885 2824 μεστὰ,
2906 2754 3165 2824 πορνείαν
3189 2755 3452 2809 ἀπάντων
3473 2755 3571 2808 οὐκ
3596 2757 3650 2807 ἐν
3670 2751 3858 2822 σώματι

2307 2845 2600 2910 συστᾶσαν,
2650 2845 2765 2899 ἀλλ’
2805 2847 2862 2899 ἐν
2891 2846 3157 2918 διαφθορᾷ
3205 2847 3388 2918 ψυχῆς
3433 2848 3527 2902 καὶ
3587 2846 3855 2901 ἀποστάσει

2303 2933 2466 2988 Θεοῦ.
2504 2956 2522 2988 ι
2571 2936 2834 3008 Ἐμιάνθη
2885 2937 3122 3010 Ἰσραὴλ,
3157 2940 3250 2993 καί
3294 2939 3496 3004 Ἰούδας
3526 2937 3697 3008 ἀφῆκε
3725 2935 3854 3006 θερι-

2306 3027 2441 3099 σμὸν
2470 3027 2656 3084 αὐτοῦ.
2696 3047 2717 3080 ι
2746 3028 2952 3092 Πάντες
2974 3028 3109 3099 πρὸς
3131 3029 3261 3099 μίαν
3284 3023 3428 3083 εἶδον
3446 3027 3771 3100 παρανομίαν
3796 3027 3852 3094 τῇ

617 3097 1008 3154 ostendebant.
1037 3098 1174 3154 Nam
1213 3102 1382 3158 veluti
1424 3107 1468 3160 si
1505 3107 1630 3176 quis
1670 3110 1910 3179 agricola
1963 3117 2200 3184 peractis

2302 3097 2410 3176 τῶν
2438 3121 2670 3176 εἰδώλων
2699 3097 3308 3194 μιανθέντεςήθρησκείᾳ
3328 3140 3342 3154 ο
3366 3124 3467 3178 καὶ
3492 3097 3682 3186 πάντες
3710 3119 3854 3186 ἀτελῆ

619 3191 1099 3256 seminationibus,
1143 3200 1197 3248 et
1231 3193 1343 3264 jam
1375 3195 1624 3266 frugibus
1660 3217 1890 3259 messem
1918 3208 2200 3276 postulan-

620 3279 791 3344 tibus,
820 3297 946 3336 mox
973 3282 1204 3354 ignavia:
1227 3300 1287 3340 se
1309 3285 1550 3352 dederet,
1575 3292 2019 3360 agricolationem
2043 3314 2199 3354 suam

613 3373 1029 3445 pessumdaret,
1081 3376 1417 3446 praeteritum
1452 3393 1668 3437 omnem
1715 3385 1954 3443 laborem
2003 3391 2202 3448 inertia

614 3476 714 3518 sua
749 3461 955 3517 futiiem
984 3465 1270 3522 redderet:
1310 3468 1391 3523 sic
1410 3485 1530 3535 vos,
1574 3473 1774 3544 inquit,
1807 3487 1888 3532 tot
1920 3484 2201 3554 tantisque

614 3552 772 3607 bonis
793 3552 970 3623 potiti,
1011 3557 1221 3624 egressi
1255 3555 1493 3630 IEgypto
1513 3600 1527 3626 ,
1556 3578 1781 3622 emenso
1809 3569 2048 3636 deserto,
2081 3552 2200 3646 lege

612 3653 854 3716 accepta,
879 3649 1207 3716 promissam
1235 3659 1435 3708 terram
1460 3655 1664 3726 adepti,
1684 3665 1739 3713 et
1763 3660 1816 3714 in
1840 3667 2200 3728 conveniente

612 3738 860 3808 religioni
885 3740 1005 3794 loco
1028 3743 1312 3798 constituti
1337 3763 1351 3812 ;
1384 3761 1506 3802 cum
1529 3748 1640 3818 jam
1669 3749 1878 3811 fructus
1911 3761 2199 3826 Oportebat

613 3831 682 3886 ad
717 3833 884 3888 Demn
916 3834 1078 3903 ferre,
1107 3844 1242 3890 tunc
1278 3842 1461 3894 omnia
1496 3843 1666 3897 vestri
1711 3847 1885 3915 gratia
1922 3859 2067 3914 acta,
2102 3867 2200 3921 per

612 3923 874 3978 malitiam
907 3934 1146 3981 vestram
1183 3943 1343 3984 cassa
1385 3931 1675 3990 effecistis:
1714 3937 1919 3994 omissa
1947 3942 2199 3999 videlicet

611 4021 737 4082 post
789 4023 867 4069 tot
918 4017 1157 4087 taliaque
1209 4019 1473 4077 beneﬁcia
1535 4023 1813 4083 fructuum
1869 4031 2194 4102 redditione,

613 4105 865 4176 factaque
894 4107 960 4161 ad
984 4109 1174 4164 vitium
1210 4113 1508 4170 universali
1539 4124 1704 4187 atque
1725 4123 2042 4177 omnimoda
2071 4140 2196 4196 per-

609 4198 882 4252 versione.
923 4197 1082 4254 Paria
1125 4200 1211 4258 his
1261 4205 1402 4274 apud
1457 4206 1692 4263 Isaiam:
1741 4210 2101 4281 «Exspectavi
2137 4224 2196 4271 ut

610 4288 814 4344 faceret
838 4307 1018 4358 uvan‘i,
1045 4293 1172 4349 fecit
1197 4305 1376 4352 autem
1398 4298 1661 4368 spinas”.
1677 4303 1990 4372 i—«lncipe
2011 4303 2194 4378 fruges

607 4379 883 4450 colligere,
934 4398 1057 4437 cum
1104 4401 1203 4456 ego
1247 4397 1573 4445 convertero
1605 4393 1975 4461 captivitatem
2009 4398 2191 4466 populi

2303 3213 2398 3268 καὶ
2431 3214 2834 3286 διεφθαρμένην
2866 3213 2962 3286 τὴν
3000 3214 3208 3267 ἑαυτῶν
3246 3213 3538 3282 ἀπέδειξαν
3575 3211 3857 3283 σωτηρίαν·

2301 3305 2378 3369 ὡς
2402 3306 2511 3378 γὰρ
2537 3305 2590 3359 εῐ
2607 3324 2691 3367 τις
2719 3306 2962 3376 γεωργὸς
2992 3306 3388 3389 τελειωθέντων
3417 3307 3753 3379 σπερμάτων,
3775 3302 3854 3356 καὶ

2300 3389 2394 3444 τοῦ
2424 3392 2639 3463 καρποῦ
2665 3391 2758 3444 τὸν
2795 3391 3054 3463 θερισμὸν
3078 3392 3462 3458 ἀπαιτοῦντος,
3491 3394 3587 3465 ἤδη
3616 3390 3740 3462 πρὸς
3772 3390 3853 3459 ῥᾳ-

2302 3482 2504 3554 θυμίαν
2541 3482 2684 3549 ἰδὼν,
2711 3483 3030 3538 ἀπολέσειεν
3065 3485 3164 3556 μὲν
3195 3485 3264 3539 τά
3290 3487 3692 3559 γεωργηθένια,
3720 3480 3855 3536 κενὸν

2299 3569 2357 3624 δὲ
2385 3572 2560 3626 πάντα
2583 3573 2674 3626 τὸν
2704 3572 3070 3644 προειληφότα
3094 3574 3253 3628 πόνον
3280 3575 3367 3628 διὰ
3398 3577 3498 3648 τῆς
3519 3575 3714 3637 οἰκείας
3739 3573 3854 3626 ἀπο-

2301 3664 2520 3735 φήνειεν
2547 3654 2817 3736 ῥᾳθυμίας
2841 3681 2854 3694 ⁸
2887 3665 3059 3730 οὕτως
3088 3666 3264 3738 ὑμεῖς,
3290 3669 3429 3738 φησί
3448 3709 3463 3734 ,
3492 3665 3747 3722 τοσούτων
3773 3661 3854 3715 καὶ

2298 3753 2634 3822 τηλικούτων
2703 3757 3135 3823 ἀπολελαυκότες
3195 3758 3449 3827 ἀγαθῶν,
3505 3755 3856 3828 ἐξεληλυθότες

2297 3848 2573 3918 Αἰγύπτου
2596 3890 2611 3913 ,
2645 3849 2930 3914 διαϐάντες
2973 3851 3073 3922 τὴν
3102 3849 3326 3922 ἔρημον,
3362 3853 3532 3924 νόμον
3576 3849 3854 3918 δεξάμενοι.

2297 3941 2396 4010 τὴν
2450 3941 2557 4010 γῆν
2609 3940 2972 4012 ἀπειληφότες
3023 3942 3121 4013 τὴν
3170 3943 3615 4014 ἐπηγγελμένην,
3663 3940 3748 3993 τὸν
3794 3939 3852 4006 τῇ

2299 4029 2565 4102 θρησκείᾳ
2592 4031 2870 4101 πρέποντα
2892 4031 3224 4104 κτησάμενοι
3251 4032 3420 4085 τόπον
3445 4043 3459 4064 ⁶
3481 4033 3569 4085 ὅτε
3594 4031 3713 4092 τοὺς
3735 4042 3852 4096 καρο

2297 4121 2432 4184 ποὺς
2477 4123 2643 4194 ἐχρῆν
2692 4122 2877 4176 λοιπὸν
2917 4123 2993 4194 (ρ.
3032 4123 3122 4196 49)
3155 4123 3232 4194 τῷ
3286 4122 3412 4195 Θεῷ
3468 4117 3853 4198 προσκομίζεινς

2295 4210 2416 4264 τότε
2450 4212 2628 4265 πάντα
2659 4211 2729 4266 τὰ
2757 4213 2897 4281 ὑπὲρ
2932 4214 3084 4284 ὑμῶν
3116 4215 3377 4284 γεγονότα
3409 4215 3639 4287 περιττὰ
3662 4213 3744 4266 διά
3768 4209 3856 4279 τῆς

2296 4302 2506 4356 ἑαυτῶν
2553 4303 2872 4370 ἀπεδείξατε
2921 4305 3152 4368 κακίας·
3191 4306 3424 4373 ἀφέντες
3459 4307 3557 4377 μὲν
3588 4305 3648 4358 τὸ
3688 4301 3856 4356 ἀποδι-

2294 4393 2440 4447 δόναι
2458 4393 2535 4472 τῷ
2559 4393 2676 4466 Θεῷ
2695 4397 2818 4458 τοὺς
2844 4395 2983 4465 ὑπὲρ
3008 4395 3112 4448 τῶν
3134 4396 3405 4449 τοσούτων
3431 4397 3523 4450 καὶ
3547 4392 3856 4466 τηλικούτων

606 4476 733 4538 mei,
755 4483 809 4530 et
829 4476 1084 4533 lsraelem
1109 4495 1396 4537 sanavero.
1420 4501 1438 4534 ι
1478 4482 1845 4549 Quamobrem
1870 4487 2024 4544 vobis
2047 4505 2188 4545 novo

2302 4487 2619 4559 εὐεργεσιῶν
2640 4489 2902 4559 καρποὺς,
2936 4487 3064 4560 περὶ
3083 4487 3139 4540 δέ
3160 4489 3257 4559 τὴν
3282 4488 3376 4542 τοῦ
3411 4490 3654 4561 χείρονος
3686 4489 3858 4556 ἐκτρο-

606 4567 762 4623 initio
791 4582 929 4639 Opus
950 4578 1056 4635 est,
1075 4573 1222 4641 quod
1251 4589 1356 4645 ego
1383 4589 1480 4645 per
1503 4591 1773 4631 summam
1797 4578 2190 4651 benignitatem

607 4657 764 4712 vobis
794 4662 1112 4724 concedam,
1162 4663 1296 4716 dum
1325 4674 1520 4733 praeter
1546 4682 1696 4736 spem
1731 4683 1948 4725 omnem
1997 4672 2192 4730 huma-

610 4763 736 4801 nam
766 4749 832 4803 de
860 4753 1176 4820 captivitate
1205 4768 1302 4807 vos
1347 4754 1627 4810 reducam.
1664 4757 1800 4814 Nam
1840 4770 1988 4818 certe
2015 4763 2060 4818 si
2089 4780 2186 4819 vo-

609 4838 819 4896 lueritis
854 4841 922 4895 ad
958 4843 1239 4897 meliorem
1277 4845 1442 4899 vitam
1488 4848 1791 4913 intendere,
1842 4868 1986 4908 novo
2028 4855 2185 4914 vobis

608 4932 766 4986 initio
785 4946 922 5001 opus
946 4940 1030 4990 est
1056 4952 1071 5001 ;
1106 4944 1164 4988 ut
1186 4935 1230 4989 si
1254 4935 1489 5007 denique
1515 4949 1863 5012 acceptorum
1894 4961 2181 5001 munerum

607 5025 982 5094 magnitudine
1015 5025 1314 5094 pudefacti,
1360 5029 1417 5084 in
1446 5030 1665 5089 virtutis
1708 5035 1891 5090 studio
1919 5037 2179 5109 deinceps

607 5119 921 5181 versemini,
969 5118 1022 5172 id
1049 5118 1206 5174 vobis
1252 5120 1503 5177 factitare
1555 5124 1736 5180 liceat.
1788 5125 1922 5181 Nam
1953 5130 2182 5183 verbum

611 5225 630 5259 ‹
655 5208 872 5276 Incipe:
912 5208 1047 5263 dicit
1079 5225 1200 5280 pro.
1232 5209 1477 5282 incipere
1506 5216 1739 5283 poteris,
1776 5231 1900 5271 cum
1944 5218 2183 5274 volueris

605 5299 672 5354 ad
703 5299 941 5354 ofﬁcium
971 5309 1239 5371 spectare.
1274 5309 1427 5358 Nunc
1457 5321 1585 5359 vero
1610 5309 1783 5377 quid?

2289 4578 2400 4648 πὴν
2429 4577 2820 4649 ἀσχοληθέντες
2853 4579 2963 4631 ὅλοι
3009 4579 3076 4632 δι’
3113 4580 3284 4633 ὅλων·
3322 4579 3512 4650 ὅμοιόν
3546 4583 3660 4633 ἐστι
3694 4575 3857 4644 τούτῳ

2289 4669 2479 4723 καὶτὸ
2531 4669 2683 4740 παρὰ
2750 4670 2823 4740 τῷ
2869 4671 3099 4743 Ἦσαῖᾳο
3141 4691 3158 4723 ι
3231 4673 3465 4743 Ἔμεινα
3521 4673 3611 4726 ἴνα
3673 4670 3860 4740 ποιήσῃ

2288 4761 2581 4830 σταφυλὴν,
2613 4760 2834 4832 ἐποίησε
2858 4760 2914 4814 δέ
2942 4761 3201 4826 ἀκάνθας.
3229 4782 3247 4814 ι
3285 4794 3354 4804 —
3388 4785 3407 4817 ι
3440 4765 3642 4834 Ἀρχου
3665 4758 3856 4833 τρυγᾷν

2287 4849 2498 4920 σεαυτῷ
2537 4851 2595 4902 ἐν
2638 4849 2714 4921 τῷ
2748 4852 3098 4924 ἐπιστρέφειν
3126 4871 3192 4924 με
3223 4855 3324 4927 τὴν
3354 4855 3727 4928 αἰχμαλωσίαν
3767 4849 3855 4903 τοῦ

2288 4942 2418 4995 λαοῦ
2454 4959 2584 5013 μου,
2604 4944 2662 4996 ἐν
2689 4945 2768 5015 τῷ
2801 4945 2981 4999 ἰᾶσθαί
3007 4964 3074 5018 με
3103 4947 3196 5001 τὸν
3236 4947 3475 5019 Ἰσραήλ.
3517 4967 3536 4999 ι
3568 4949 3726 4999 Ὥστε
3756 4944 3855 4997 δεῖν

2290 5034 2419 5104 ὑμῖν
2447 5034 2608 5090 πάλιν
2636 5034 2830 5110 ἐτέρας
2858 5038 3052 5110 ἀρχῆς,
3084 5039 3154 5110 ἢν
3175 5040 3242 5094 δι’
3279 5039 3722 5111 ὑπερϐάλλουσαν
3749 5033 3857 5105 φιλ-

2289 5126 2603 5198 ανθρωπίαν
2639 5128 2749 5198 ἐγὼ
2783 5130 3027 5201 παρέξω,
3064 5132 3128 5184 ἐκ
3159 5130 3261 5202 τῆς
3289 5133 3666 5205 αἰχμαλωσίας
3722 5126 3854 5198 ὑμᾶς

2292 5220 2445 5292 παρὰ
2475 5221 2656 5274 πᾶσαν
2688 5221 3038 5294 ἀνθρωπίνην
3085 5224 3375 5292 ἐπανάγων
3403 5223 3597 5277 ἐλπίδα
3620 5238 3634 5252 ·
3659 5218 3775 5273 τότε
3796 5213 3856 5282 δὴ

2289 5311 2478 5365 λοιπὸν
2517 5313 2656 5385 πρὸς
2686 5315 2747 5367 τὸ
2786 5317 3036 5385 κρεῖττον
3064 5315 3198 5386 όρᾷν
3238 5315 3504 5383 ἐθέλοιτε,
3537 5312 3711 5386 ἀρχῆς
3737 5305 3856 5378 ὑμῖν

605 5393 797 5465 ἑτέρας
827 5394 1040 5466 δεήσει·
1076 5397 1161 5450 ἵνα
1199 5395 1300 5451 κᾶν
1324 5397 1456 5467 γοῦν
1489 5400 1596 5454 τῶν
1638 5403 1760 5455 τότε
1793 5403 2012 5474 δωρεῶν
2060 5406 2443 5478 αἰσχυνθέντες
2491 5409 2554 5462 τὸ
2611 5409 2860 5481 μέγεθος,
2893 5409 3023 5481 περὶ
3075 5410 3176 5482 τὴν
3225 5410 3320 5464 τοῦ
3377 5411 3688 5482 κρείττονος
3735 5403 3852 5455 ἑαυ-

602 5489 730 5552 τοὺς
767 5490 1078 5560 ἐπιμέλειαν
1117 5491 1354 5564 τρέψητε
1409 5494 1502 5547 τοῦ
1537 5494 1758 5561 λοιποῦ,
1806 5497 1927 5552 τότε
1962 5499 2061 5572 μὲν
2093 5500 2157 5571 δὴ
2181 5502 2361 5567 τοῦτο,
2391 5505 2578 5576 φησὶν,
2627 5507 2801 5559 ποιεῖν
2831 5507 2959 5577 ύμῖν
2988 5506 3229 5572 ἐξέσται·
3261 5503 3325 5557 τὸ
3368 5501 3479 5572 γὰρ
3512 5517 3531 5552 ί
3585 5500 3802 5569 Ἀρχσυν
3830 5504 3849 5540 ⁹

601 5577 748 5660 λέγει
779 5580 898 5634 ἀντί
933 5580 1050 5646 τοῦ,
1083 5581 1384 5651 Ἀρξασθαι
1425 5584 1630 5658 δυνήσῃ
1653 5628 1666 5650 ,
1701 5586 1984 5658 βουληθεὶς
2014 5590 2150 5662 πρὸς
2175 5593 2235 5646 τὸ
2264 5593 2382 5648 δέον
2413 5595 2560 5653 ἰδεῖν.
2600 5595 2716 5650 Νῦν
2749 5595 2808 5650 δέ
2839 5596 2926 5662 τίς

593 5733 608 5766 ς
671 5707 717 5738 ’⁸
753 5705 890 5766 Gen.
922 5725 1108 5776 xxxw,
1139 5709 1212 5765 27
1240 5727 1363 5783 sqq.
1474 5714 1519 5745 "
1559 5712 1662 5770 lsa.
1703 5732 1754 5778 v,
1791 5715 1847 5770 4.

677 5817 754 5889 (8)
788 5817 1016 5877 Videtur
1049 5819 1244 5878 deesse
1289 5822 1364 5894 μή
1394 5860 1408 5887 ,
1439 5823 1523 5879 vel
1555 5826 1908 5884 scribendum
1941 5843 2071 5884 esse
2093 5825 2236 5883 ὅτ’ἀν
2270 5824 2426 5884 εἶδον.
