4104 6462
260 332 377 402 res

921 466 1078 524 ΚΕΦ.
1111 469 1187 526 Z’.

334 601 502 672 Στιζ.
546 594 692 657 iri-8’.
726 633 799 647 --
836 622 856 656 ι
915 605 1027 660 Καὶ
1056 607 1574 682 ἀποκαλυφθήσεται
1624 611 1659 682 ἡ
1695 611 1881 668 ἀδικία

270 690 576 765 Ἐφραίμ,
615 694 714 748 καὶ
749 695 785 767 ἡ
822 696 995 752 κακία
1037 698 1393 773 Σαμαρείας,
1438 702 1521 756 δτι
1554 702 1881 775 εἰργάσαντο

253 786 463 858 ψευδῆ.
502 804 524 839 ι
540 785 823 859 Πρόδηλος
845 786 1052 844 ἅπασιν
1079 793 1113 864 ή
1136 792 1452 866 παρανομία
1467 795 1534 867 ἦν
1555 795 1877 868 είργάζεσθε

253 879 554 947 ἅπαντες,
589 881 688 935 καὶ
719 882 804 935 ὅτι
851 882 1191 948 ἀποστάντες
1228 900 1329 957 μου
1351 928 1367 954 ,
1403 886 1542 959 πρὸς
1585 885 1646 941 τὸ
1681 887 1879 959 ψεῦδος

255 976 509 1048 ἑωρᾶτε,
539 976 619 1048 (p.
654 976 746 1046 50)
784 974 875 1030 διὰ
916 976 1018 1048 τῆς
1048 977 1323 1050 τιμωρίας
1347 978 1416 1050 ἢν
1444 979 1767 1050 ὑπομενεῖτε
1804 980 1878 1034 δι-

255 1067 439 1131 καίως
482 1066 631 1141 ὑπὲρ
661 1061 739 1122 ὧν
778 1068 1140 1140 παρενομεῖτε
1171 1067 1431 1122 τοιαῦτα·
1461 1071 1604 1138 πῶς,
1640 1070 1736 1126 καὶ
1755 1070 1876 1125 τίνα

252 1159 351 1215 τὸν
373 1160 594 1231 τρόπον
619 1176 636 1225 ;
661 1178 680 1211 ι
714 1160 828 1213 Καὶ
863 1158 1104 1230 κλέπτης
1130 1160 1269 1232 πρὸς
1295 1160 1459 1216 αὐτὸν
1487 1162 1874 1232 εἰσελεύσεται,

252 1248 609 1305 ἑκδιδύσκων
640 1249 848 1322 λῃστὴς
878 1250 937 1302 ὲν
957 1252 1023 1323 τῇ
1052 1248 1155 1321 ὀδῷ
1183 1250 1374 1315 αὑτοῦ,
1404 1251 1553 1317 ὅπως
1576 1254 1876 1326 συνᾴδωσιν

254 1342 487 1414 ᾄδοντες
525 1342 586 1395 ὲν
623 1343 694 1412 τῇ
752 1339 955 1411 καρδίᾳ
995 1340 1200 1394 αὐτῶν.
1251 1358 1272 1394 ι
1328 1340 1420 1406 Ὦς
1447 1341 1558 1413 γὰρ
1597 1341 1665 1396 ἂν
1701 1344 1756 1397 εί
1789 1361 1877 1409 τις

252 1433 519 1506 κλέπτης
544 1432 578 1505 ἢ
610 1429 821 1506 λῃστὴς
866 1432 926 1485 ὲν
957 1430 1062 1503 ὁδῷ
1108 1444 1243 1486 ποτε
1274 1433 1585 1505 περιτυχὼν
1602 1432 1878 1490 ὲκδύσειεν

248 1527 386 1590 τοὺς
420 1524 864 1597 προστυχόντας,
890 1524 986 1578 καὶ
1018 1526 1097 1590 είς
1121 1525 1300 1580 οἰκίαν
1315 1526 1572 1581 εἰσελθὼν
1592 1526 1661 1581 τά
1686 1528 1875 1582 ἐνόντα

248 1617 453 1674 λάϐοι·
511 1615 683 1682 οὕτω,
733 1617 921 1688 φησὶν,
971 1615 1295 1693 ἐπελθόντες
1349 1619 1480 1691 ὑμῖν
1527 1621 1576 1673 οί
1625 1619 1874 1693 πολέμιοι

249 1709 485 1766 ἅπαντα
515 1709 590 1765 τά
621 1726 682 1763 τε
712 1708 838 1762 κατ’
883 1691 1065 1763 οἰκίαν
1095 1709 1167 1764 τά
1188 1726 1250 1763 τε
1280 1708 1387 1778 ἔξω
1423 1712 1699 1784 προσόντα
1743 1691 1873 1785 ύμῖν

250 1800 555 1873 αἱροῦσιν,
595 1800 675 1902 τά
713 1798 816 1871 μὲν
831 1799 1253 1902 -άφαιῳῢντες,
1292 1801 1362 1902 τά
1387 1802 1466 1902 δὲ
1516 1803 1873 1874 ἀφανίζοντες
1901 1846 1946 1902 Β

251 1891 588 1956 παντελῶς·
640 1891 784 1946 ὥστε
828 1891 1079 1958 ἅπαντας
1130 1894 1278 1967 ὑμᾶς
1307 1895 1414 1950 ὑπὸ
1441 1898 1544 1970 τῆς
1585 1905 1871 1974 συμφορᾶς

250 1983 713 2055 κατεχομένους,
746 1982 971 2055 ᾅσματα
1019 1983 1221 2056 θρήνου
1265 1987 1440 2058 μεστά
1481 1989 1622 2044 κατὰ
1674 1990 1870 2045 ταυτὸν

248 2074 429 2147 ᾄδειν,
465 2074 852 2145 ὀδυνωμένους
874 2061 934 2128 τε
964 2074 1108 2129 κατὰ
1132 2076 1367 2149 καρδίαν
1388 2078 1483 2133 ἐπὶ
1510 2084 1622 2145 τοῖς
1645 2080 1870 2152 γινομέ-

250 2185 370 2233 νοις
390 2208 407 2232 ,
444 2168 549 2221 καὶ
589 2166 1028 2240 ὀλοφυρομένους
1081 2168 1149 2222 δι’
1186 2168 1560 2243 όλοφυρτικῶν
1605 2175 1870 2245 ῥημάτων

248 2263 348 2315 ἐπὶ
383 2259 472 2333 τῷ
529 2260 755 2332 μεγέθει
803 2260 914 2314 τῶν
952 2260 1251 2334 συμφορῶν
1294 2263 1406 2318 τῶν
1450 2265 1869 2337 συμϐαινουσῶν

249 2353 413 2423 ύμῖν.
454 2371 476 2404 ι
514 2350 636 2405 Νῦν
666 2349 984 2406 ὲκύκλωσεν
1015 2351 1214 2417 αὐτοὺς
1239 2353 1308 2408 τά
1335 2353 1619 2410 διαϐούλια
1663 2358 1867 2425 αὐτῶν,

247 2441 533 2497 ἀπέναντι
568 2440 666 2495 τοῦ
700 2440 999 2514 προσώπου
1049 2459 1149 2513 μου
1184 2443 1456 2514 ἐγένοντο.
1506 2466 1526 2497 ι
1586 2447 1868 2504 Ἁπάντων

248 2533 317 2605 δὴ
354 2532 474 2586 τῶν
509 2532 654 2605 μετὰ
677 2532 884 2605 πολλῆς
909 2533 1091 2589 αὐτῶν
1114 2535 1614 2607 ὲπιτετελεσμένων
1633 2539 1734 2610 τῆς
1764 2557 1866 2593 κα-

250 2627 383 2690 κίας
441 2626 675 2698 μνήμην
729 2625 935 2692 λαϐὼν,
990 2627 1273 2701 περιϐαλῶ
1333 2628 1616 2701 μεγίστοις
1667 2632 1866 2698 αὐτοὺς

250 2717 450 2781 κακοῖς
467 2732 482 2746 ·
511 2714 784 2784 ἀνάλογον
809 2709 891 2780 οἷς
916 2715 1295 2789 βουλευόμενοι
1321 2718 1460 2789 μετὰ
1485 2719 1692 2791 πολλῆς
1717 2723 1867 2778 ἀναι-

249 2807 403 2869 δείας
440 2806 535 2861 ἐπ’
566 2805 725 2876 ὕψεσι
766 2806 1155 2879 διεπράττοντο
1185 2811 1307 2873 ταῖς
1337 2812 1518 2879 ἐμαῖς.
1551 2828 1570 2862 ι
1618 2811 1707 2865 Ἐν
1740 2815 1866 2878 ταῖς

252 2898 487 2962 κακίαις
500 2896 793 2969 ηὕφραναν
810 2896 1072 2969 βασιλεῖς,
1097 2900 1193 2953 καὶ
1214 2900 1273 2954 ὲν
1289 2903 1403 2965 τοῖς
1417 2901 1668 2971 ψεύδεσιν
1684 2904 1865 2959 αὐτῶν

251 2989 557 3063 ἄρχοντας.
596 3008 618 3042 ι
646 2993 725 3062 (p.
753 2990 846 3058 51)
874 2991 1039 3044 Ὥστε
1073 2992 1276 3065 πολλὴν
1312 2997 1426 3058 τοῖς
1452 2996 1717 3061 ἐναντίοις
1752 2999 1863 3052 εἴτε

251 3081 583 3153 βασιλεῦσιν
602 3081 715 3134 εἴτε
741 3081 1003 3153 ἄρχουσιν
1020 3081 1213 3156 ήδονὴν
1241 3083 1584 3152 ἐγγενέσθαι,
1613 3084 1663 3138 οἳ
1690 3103 1863 3140 κατα-

1319 351 1878 417 COMMENTARIUS
1912 355 1983 416 IN
2017 355 2223 416 ΟΒΕΕ
2259 356 2416 417 CAP.
2444 361 2559 419 VII.

1905 479 2019 539 Α-

3466 364 3569 421 166

2580 474 2806 532 CAPUT
2848 475 2958 532 VII.

2044 603 2545 678 33VEnsJ-L—t
2558 607 2625 666 Et
2638 611 2967 668 revelabitur
2983 605 3244 684 iniquitas
3262 615 3567 687 Ephraimi,

1977 705 2032 753 et
2070 696 2331 756 Samaria:
2353 700 2581 767 malitia,
2603 702 2731 773 quia
2756 705 2962 774 operati
2985 714 3117 760 sunt
3142 708 3507 764 mendacium.
3539 728 3563 762 υ

1977 788 2154 856 Quam
2192 791 2497 861 operamini
2535 807 2728 850 omnes
2764 794 3063 866 nequitiam
3088 836 3104 863 ,
3135 796 3265 851 dum
3294 812 3325 853 a
3353 815 3441 857 me
3478 802 3568 856 di-

1975 882 2152 955 gressi
2187 872 2257 938 ad
2287 884 2636 940 mendacium
2668 887 2931 957 spectatis
2952 929 2967 956 ,
3005 902 3068 943 ea
3101 886 3390 948 manifesta
3425 909 3568 948 cund

1975 975 2081 1030 etis
2131 976 2222 1032 fiet
2273 991 2304 1031 a
2362 992 2562 1049 poena,
2596 994 2761 1050 quam
2814 980 3014 1036 merito
3067 982 3140 1038 ob
3190 982 3307 1039 haec
3361 983 3565 1058 ﬂagitia

1974 1065 2158 1123 luetis.
2187 1068 2361 1134 Quam
2399 1071 2470 1126 ob
2508 1086 2658 1136 rem,
2699 1079 2795 1126 aut
2834 1074 3146 1143 quomodo?
3172 1095 3191 1128 ι
3220 1074 3289 1131 Ει
3340 1077 3429 1132 fur
3476 1080 3565 1134 in—

1962 1157 2253 1227 gredietur
2293 1158 2362 1213 ad
2396 1174 2544 1227 eum,
2575 1161 2717 1216 latro
2748 1164 2991 1234 spoliaus
3025 1166 3080 1221 in
3120 1167 3226 1233 via,
3276 1178 3336 1223 ut
3375 1172 3564 1225 conci-

1975 1255 2111 1303 nant
2163 1258 2423 1308 canentes
2471 1252 2526 1306 in
2581 1253 2748 1309 corde
2794 1268 2916 1310 suo.
2950 1274 2969 1308 ι
2995 1254 3132 1311 Nam
3161 1258 3330 1314 veluti
3360 1261 3407 1315 si
3437 1263 3569 1332 quis

1974 1329 2066 1389 fur
2102 1340 2196 1389 aut
2236 1336 2375 1391 latro
2414 1337 2469 1393 in
2508 1338 2596 1393 via
2634 1341 2931 1412 aliquando
2976 1359 3278 1403 occurrens
3322 1329 3569 1406 viatores

1975 1427 2193 1497 spoliet,
2232 1436 2286 1484 et
2319 1429 2464 1488 aedes
2504 1431 2810 1504 ingressus,
2853 1451 2966 1492 rem
3005 1437 3363 1496 domesticam
3410 1441 3565 1498 aufe-

1976 1525 2059 1572 rat
2087 1536 2103 1575 :
2139 1522 2255 1587 sic,
2286 1522 2499 1594 inquit,
2532 1528 2985 1597 supervenientes
3010 1532 3167 1588 vobis
3195 1532 3414 1599 hostes,
3444 1549 3567 1590 om-

1974 1611 2064 1665 nia
2114 1628 2237 1684 qua:
2286 1616 2402 1672 sive
2434 1616 2584 1673 domi
2624 1619 2740 1676 sive
2773 1630 2930 1678 extra
2965 1625 3259 1695 possidetis
3309 1628 3559 1699 capient,

1973 1703 2172 1773 partim
2205 1719 2585 1778 asportantes,
2619 1713 2818 1784 partim
2852 1714 3103 1775 funditus
3126 1728 3514 1778 consumentes
3541 1740 3563 1792 ;

1976 1793 2050 1851 ita
2102 1804 2160 1852 ut
2210 1815 2305 1857 vos
2359 1816 2550 1860 omnes
2602 1806 2915 1865 calamitate
2980 1810 3194 1880 pressi,
3258 1813 3562 1870 cantilenas

1972 1885 2211 1945 lamento
2252 1892 2444 1961 plenas
2488 1895 2654 1951 simul
2701 1900 3044 1969 concinatis,
3092 1917 3218 1959 cum
3262 1904 3561 1978 gemitibus

1972 1981 2157 2037 cordis
2188 1983 2261 2039 ob
2293 1984 2608 2055 bujusmodi
2636 1998 2928 2059 eventum,
2957 2001 3013 2048 et
3040 2008 3165 2050 cum
3197 1996 3350 2053 vocis
3375 1998 3557 2054 ulula-

1968 2071 2155 2137 tibus,
2196 2084 2425 2146 pr0pter
2461 2075 2894 2136 infortuntorum
2932 2084 3258 2154 gravitatem
3298 2104 3420 2159 qua:
3457 2105 3560 2148 vos

1968 2164 2403 2235 corripuerunu
2415 2167 2575 2223 Nunc
2589 2166 3065 2229 circumdederunt
3079 2186 3175 2232 eos
3197 2178 3561 2251 cogitationes

1969 2267 2125 2321 suae;
2156 2268 2342 2310 coram
2378 2254 2519 2313 facie
2555 2273 2676 2313 mea
2710 2259 2871 2317 factae
2904 2271 3054 2320 sunt.
3083 2283 3103 2318 ι
3133 2263 3251 2321 Jam
3284 2283 3414 2323 vero
3439 2285 3560 2325 om-

1968 2345 2120 2400 nium
2160 2347 2230 2402 ab
2276 2347 2414 2420 ipsis
2453 2356 2796 2420 patratorum
2836 2355 3101 2411 malitiam
3138 2356 3197 2412 in
3236 2361 3557 2416 memoriam

1968 2448 2235 2492 revocans
2252 2478 2271 2502 ,
2294 2439 2557 2508 gravibus
2579 2456 2676 2497 eos
2698 2443 2858 2499 malis
2887 2444 3131 2501 irretiam
3159 2464 3175 2515 ;
3208 2448 3404 2505 merito
3431 2451 3574 2522 qui-a.

1967 2523 2089 2581 dem
2123 2537 2345 2599 propter
2375 2532 2601 2587 multam
2634 2549 2744 2604 qua
2779 2551 2890 2606 prae
2926 2539 3103 2596 oculis
3141 2543 3275 2597 meis
3314 2541 3389 2596 ita
3428 2558 3558 2615 ege-

1968 2624 2097 2671 runt
2136 2619 2553 2690 impudentiam.
2588 2643 2608 2676 ι
2637 2625 3024 2696 Iniquitatibus
3076 2631 3192 2687 suis
3246 2632 3560 2690 lmtiiicave-

1965 2716 2096 2763 runt
2147 2724 2346 2783 reges,
2399 2715 2700 2772 mendaciis
2749 2719 2865 2775 suis
2922 2721 3215 2793 principes.
3258 2743 3276 2776 ι
3315 2722 3560 2798 Contigit

1964 2802 2130 2867 enim,
2156 2810 2215 2857 ut
2245 2802 2374 2859 hinc
2403 2807 2630 2862 multam
2663 2816 2778 2863 tum
2809 2825 2967 2883 reges
3001 2823 3114 2867 tum
3152 2815 3431 2887 principes
3458 2832 3555 2872 ca-

1964 2902 2156 2964 perent
2180 2896 2546 2968 voluptatem;
2568 2902 2663 2971 qui
2700 2900 2906 2958 idcirco
2933 2919 3029 2966 eos
3061 2908 3424 2979 superabunt,
3462 2925 3559 2965 ca-

1963 2989 2252 3061 ptivosque
2303 2993 2608 3061 abducent,
2663 2998 2888 3069 propter
2937 3008 3165 3070 peccata
3218 3002 3556 3061 adamussim

1964 3096 2087 3151 quae
2115 3084 2557 3152 commiserunt;
2593 3095 2649 3142 et
2694 3091 2824 3157 quia
2868 3089 3101 3146 scientia
3157 3092 3261 3148 mei
3314 3095 3559 3160 omissa,

249 3172 601 3247 κρατήσουσί
615 3189 676 3225 τε
699 3172 881 3226 αὐτῶν
903 3171 1394 3245 καὶαίχμαλώτους
1408 3173 1692 3245 λήψονται,
1719 3176 1862 3248 ὑπὲρ

1967 3170 2163 3229 falsum
2208 3182 2262 3230 et
2297 3175 2706 3234 frauduienlum
2742 3179 3051 3238 daemonum
3100 3185 3308 3241 cultum
3345 3188 3559 3245 ascive-

250 3261 327 3323 ὧν
352 3283 418 3320 τε
446 3264 848 3336 διεπράττοντο
864 3264 1052 3319 κακῶν
1074 3281 1088 3294 ⁸
1109 3266 1204 3319 καὶ
1225 3265 1310 3319 ὅτι
1328 3264 1393 3338 δὴ
1418 3267 1518 3337 τὴν
1546 3266 1686 3339 ἐμήν
1708 3268 1866 3337 ἀφέν-

246 3377 342 3424 τες
361 3358 596 3429 γνῶσιν,
608 3356 711 3429 τὴν
722 3357 895 3430 ψευδῆ
915 3359 1008 3411 καὶ
1023 3358 1311 3430 ἀπατηλήν
1323 3358 1434 3412 τῶν
1446 3358 1717 3430 δαιμόνων
1732 3378 1864 3432 μετ-

244 3449 425 3524 ῄεσαν
461 3449 792 3524 θρησκείαν.
822 3468 841 3501 ι
879 3449 1095 3513 Πάντες
1115 3448 1480 3530 μοιχεύοντες
1508 3450 1584 3515 ὡς
1612 3450 1863 3518 κλίϐανος

246 3545 559 3618 καιόμενος
588 3546 673 3608 είς
706 3542 895 3612 πέψιν.
941 3561 960 3594 ι
998 3541 1315 3614 Συμφώνως
1353 3543 1463 3616 γὰρ
1490 3543 1728 3607 ἅπαντες
1759 3543 1864 3616 τῆς

244 3638 514 3709 γνώσεως
537 3635 882 3700 ἀποστάντες
920 3635 1020 3704 τῆς
1046 3635 1186 3707 ἐμῆς
1204 3636 1461 3707 μοιχικήν
1486 3653 1611 3691 τινα
1633 3635 1863 3710 γνώμην

244 3728 610 3794 ἀνεδέξαντο,
663 3725 800 3799 πρὸς
845 3726 946 3797 τὴν
997 3726 1106 3779 τῶν
1150 3726 1423 3798 δαιμόνων
1469 3727 1861 3793 άποκλίναντες

247 3824 558 3896 θεραπείαν
580 3839 596 3854 ⁶
627 3821 725 3875 καὶ
745 3820 904 3892 δίκην
933 3819 1187 3874 κλιϐάνου
1224 3820 1363 3889 πρὸς
1388 3819 1552 3890 πέψιν
1580 3821 1859 3876 ἐκκεκαυ-

248 3917 419 3986 μένου
440 3956 456 3979 ,
490 3912 637 3985 μετὰ
675 3911 891 3985 θερμῆς
931 3928 1076 3976 τινος
1110 3910 1211 3982 τῆς
1250 3911 1560 3983 προθυμίας
1592 3913 1732 3984 πρὸς
1756 3913 1858 3985 τὴν

243 4007 558 4062 ἀκολασίαν
594 4004 857 4078 ῥέποντες
890 4003 1130 4077 ἐκείνην.
1190 4022 1210 4056 ι
1266 4002 1625 4058 Κατακαύσει
1657 4006 1858 4071 αὐτοὺς

241 4102 355 4155 ἀπὸ
399 4102 507 4172 τῆς
557 4099 780 4169 φλογός.
837 4116 857 4149 ι
916 4096 1078 4151 Ἀλλά
1109 4096 1221 4170 γάρ
1247 4097 1308 4166 ἐξ
1337 4097 1512 4169 αὐτῆς
1553 4097 1611 4152 δὲ
1653 4099 1859 4171 ταύτης

240 4188 813 4260 καταναλωθήσονται
855 4186 960 4257 τῆς
1001 4186 1248 4259 γνώμης.
1300 4206 1320 4239 ι
1394 4189 1528 4243 Ἀπὸ
1568 4191 1857 4261 φυράσεως

241 4282 478 4349 στέατος
524 4281 637 4345 ἓως
675 4279 771 4333 τοῦ
819 4278 1141 4352 ζυμωθῆναι
1188 4279 1322 4333 αὐτὸ
1367 4278 1511 4344 ὅλον,
1547 4282 1603 4335 αἱ
1651 4281 1856 4354 ἡμέραι

236 4377 354 4430 τῶν
387 4372 670 4446 βασιλέων
701 4369 881 4442 ὑμῶν.
936 4389 956 4423 ι
1008 4371 1096 4435 Ὧς
1135 4369 1245 4443 γὰρ
1280 4371 1329 4424 εί
1371 4371 1534 4435 στέας
1562 4370 1769 4442 ληφθέν
1796 4390 1855 4426 τε

236 4467 338 4521 καὶ
386 4462 674 4538 ἐμϐληθὲν
711 4460 931 4533 ἀλεύρῳ
967 4459 1134 4532 ζυμοῑ
1172 4477 1234 4514 τε
1279 4460 1373 4515 καὶ
1426 4460 1747 4515 ὲναποτελεῖ
1792 4462 1854 4515 τὸ

1967 3275 2115 3320 runt.
2149 3285 2167 3317 ι
2196 3267 2400 3325 (lmncs
2427 3269 2798 3328 adulterantes
2818 3314 2832 3339 ,
2859 3274 3018 3344 quasi
3045 3272 3297 3332 clibanus
3326 3292 3557 3334 succen‘

1966 3373 2062 3415 sus
2099 3359 2165 3415 ad
2201 3363 2567 3431 coquendum.
2599 3382 2618 3415 ι
2646 3362 3006 3422 Concorditer
3040 3383 3232 3424 omnes
3264 3384 3295 3423 a
3325 3370 3560 3426 scientia

1962 3451 2071 3506 mei
2101 3453 2422 3509 recedentes
2441 3495 2455 3519 ,
2483 3455 2844 3512 adulterinam
2875 3458 3042 3514 veluti
3071 3462 3401 3517 sententiam
3433 3477 3556 3519 sus-

1962 3551 2230 3613 ceperunt
2268 3543 2336 3598 ad
2383 3546 2691 3602 daemonum
2727 3549 2934 3603 cultum
2972 3550 3332 3621 declinandi;
3383 3553 3557 3611 cliba-

1962 3634 2130 3705 nique
2164 3635 2340 3690 instar
2377 3636 2445 3692 ad
2484 3640 2832 3709 coquendum
2872 3640 2982 3714 34
3019 3644 3303 3710 succensi,
3346 3644 3560 3703 fervido

1961 3729 2199 3799 quodam
2244 3730 2412 3785 animi
2452 3731 2658 3803 impetu
2696 3734 2763 3789 ad
2806 3733 2941 3789 illud
2981 3733 3246 3806 ﬂagitium
3298 3737 3558 3796 decurre-

1960 3828 2109 3877 runt.
2140 3837 2159 3871 ι
2191 3818 2397 3876 Exuret
2429 3837 2526 3877 eos
2561 3823 2616 3877 in
2650 3820 2891 3877 flamma.
2929 3840 2949 3875 ο
2981 3822 3089 3879 Sed
3117 3824 3262 3880 enim
3299 3825 3403 3881 hoc
3435 3825 3559 3898 ipso

1960 3910 2194 3967 consilio
2228 3927 2330 3967 suo
2361 3922 2780 3970 consumentur.
2810 3934 2830 3967 ι
2859 3913 3154 3972 Fermento
3186 3916 3391 3972 arvinae
3411 3958 3426 3984 ,
3454 3917 3557 3972 doc

1959 4022 2062 4062 nec
2096 4006 2457 4063 fermentetur
2506 4016 2680 4062 totum
2703 4048 2719 4074 ,
2767 4007 2887 4064 dies
2926 4022 3118 4079 regum
3163 4015 3494 4064 vestrorum.
3528 4029 3552 4062 ι

1964 4096 2142 4155 Veluti
2172 4099 2219 4155 si
2255 4098 2380 4169 quis
2416 4105 2689 4168 sumptam
2725 4098 2971 4152 arvinam
3012 4098 3068 4152 in
3101 4095 3334 4153 farinam
3371 4098 3553 4168 conji-

1960 4188 2071 4244 ciat
2094 4227 2110 4252 ,
2149 4196 2261 4243 tota
2296 4188 2413 4244 haec
2445 4186 2829 4252 fermentatur,
2867 4192 2923 4241 et
2965 4185 3278 4242 universam
3314 4201 3553 4242 massam

1957 4279 2171 4351 perficit
2213 4280 2332 4335 :ita
2380 4296 2448 4336 ex
2488 4294 2600 4351 quo
2645 4278 2989 4350 illegitimum
3039 4278 3145 4334 hoc
3183 4280 3558 4337 constituistis

1956 4387 2224 4443 regnum,
2283 4380 2445 4442 capto
2499 4372 2654 4425 initio
2708 4371 2806 4426 abs
2853 4369 3220 4435 Jeroboamo,
3273 4372 3330 4425 in
3384 4386 3553 4428 unam

1956 4461 2316 4532 eamdemque
2345 4460 2672 4517 sententiam
2703 4460 2888 4515 cuncti
2922 4460 3128 4530 pariter
3153 4462 3547 4532 conspirastis.

239 4558 494 4630 σύμπαν,
541 4554 722 4618 οὕτως
766 4552 917 4620 ἐξότε
946 4569 1057 4624 περ
1093 4554 1196 4625 τὴν
1245 4552 1564 4625 παράνομον
1609 4552 1815 4625 ταύτην
1869 4552 2281 4626 κατεστήσασθε
2325 4551 2637 4623 βασιλείαν,
2703 4550 2812 4604 ἀπὸ
2861 4550 2956 4603 τοῦ
3017 4549 3301 4624 ’ῐεροϐοὰμ
3351 4550 3549 4607 λαϐόν-

234 4632 331 4716 τες
356 4651 462 4722 τὴν
490 4647 699 4721 ἀρχὴν,
729 4645 866 4717 πρὸς
890 4644 989 4718 τὴν
1026 4644 1198 4718 αὐτὴν
1242 4644 1470 4717 γνώμην
1494 4645 1597 4717 τῆς
1622 4644 1822 4710 κακίας
1851 4646 2091 4708 ἅπαντες
2117 4641 2374 4697 ἐνεύσατε
2397 4640 2620 4715 ὁμοίως.

309 4789 464 4860 Στίχ.
498 4786 646 4841 ιε’-θ’.
678 4814 751 4826 --
780 4802 799 4835 ι
842 4780 1118 4854 Ἤρξαντο
1149 4781 1411 4852 ἄρχοντες
1438 4780 1746 4854 θυμοῦσθαι
1791 4780 1852 4848 ἒξ

2031 4779 2202 4836 Vens.
2256 4777 2380 4835 5-9.
2421 4807 2496 4821 —-
2540 4795 2560 4830 ι
2589 4777 2891 4849 Coeperunt
2945 4779 3224 4851 principes
3278 4779 3464 4841 furere
3514 4798 3548 4839 a

234 4883 408 4938 οινου.
455 4900 477 4933 ι
514 4879 588 4933 Ui
614 4894 678 4932 τε
701 4875 816 4949 γὰρ
846 4874 1110 4947 ἄρχοντες
1143 4874 1328 4928 αὐτῶν
1378 4873 1574 4946 μέθαις
1594 4875 1690 4929 καὶ
1714 4874 1858 4929 alvo-

236 4974 508 5045 φλυγίαις
557 4970 875 5041 προσεῖχον,
921 4966 1150 5038 ἀκράτῳ
1194 4964 1338 5019 κατᾶ
1396 4965 1619 5021 πάντων
1672 4966 1748 5031 ὡς
1787 4968 1854 5022 ἐκ

233 5066 503 5136 τοιαύτης
554 5061 847 5133 παροινίας
880 5056 963 5130 τῷ
1002 5057 1162 5130 θυμῷ
1192 5058 1549 5131 κεχρημένοι·
1585 5059 1685 5135 (Ρο
1732 5060 1850 5136 52)

241 5177 263 5210 ι
306 5157 629 5222 Ἐξέτειναν
661 5151 761 5223 τὴν
788 5152 949 5224 χεῖρα
979 5148 1161 5205 αὐτῶν
1191 5151 1334 5221 μετὰ
1368 5149 1595 5222 λοιμῶν.
1650 5169 1670 5204 ι
1703 5153 1850 5225 Πρὸς

237 5244 571 5314 πλεονεξίαν
601 5242 817 5315 ἑώρων,
842 5240 1127 5296 κοινωνίαν
1157 5239 1403 5311 ἑλόμενοι
1437 5240 1574 5315 πρὸς
1603 5241 1852 5308 ἅπαντας

238 5342 366 5402 τοὺς
396 5333 841 5407 διεφθαρμένους
868 5332 962 5386 τὸν
984 5331 1208 5402 τρόπον.
1240 5352 1261 5384 ι
1292 5333 1440 5387 Διότι
1463 5333 1850 5405 ἁνεκαύθησαν

234 5429 313 5494 ὡς
338 5429 608 5491 κλίϐανος
642 5426 703 5481 αἱ
743 5425 962 5498 καρδίαι
990 5424 1193 5491 αὐτῶν,
1222 5427 1282 5479 ὲν
1333 5426 1415 5498 τῷ
1439 5427 1851 5499 καωρῤάσσειν

237 5521 445 5585 αὐτοὺς
507 5519 647 5589 ὃλην
687 5516 790 5589 τὴν
839 5518 1035 5571 νύκτα.
1079 5536 1099 5570 ι
1151 5516 1495 5584 Ἐξεκαίοντο
1541 5519 1655 5589 γάρ
1691 5517 1849 5589 δίκην

238 5609 506 5666 κλιϐάνου
540 5607 643 5681 τὴν
673 5607 914 5663 διάνοιαν
938 5608 1005 5661 ὲκ
1037 5605 1140 5679 τῆς
1169 5605 1344 5679 μέθης
1372 5602 1442 5678 ἧς
1469 5607 1539 5661 δι’
1571 5607 1699 5678 ὅλης
1722 5609 1850 5661 ἐπε-

236 5705 469 5778 τήὸευον
487 5702 595 5774 τῆς
614 5700 832 5765 νυκτός.
870 5717 893 5754 ι
928 5700 1142 5755 Ὕπνου
1184 5698 1431 5772 Ἐφραῒμ
1453 5699 1793 5774 ἐνεπλήσθη.
1823 5720 1844 5755 ο

246 5799 336 5863 Ὠς
365 5799 439 5851 ἐκ
467 5794 648 5868 μέθης
674 5794 856 5849 τοίνυν
886 5792 1148 5865 τοιαύτης
1170 5792 1332 5865 δίκην
1360 5792 1471 5847 τῶν
1495 5791 1652 5863 ὕπνῳ
1690 5791 1851 5866 βαρεῖ

237 5889 675 5960 κατεχομένων,
727 5887 922 5947 οὐδένα
972 5886 1068 5941 τοῦ
1135 5886 1511 5959 προσήκοντος
1563 5884 1849 5940 ἐποιοῦντο

1957 4871 2106 4927 vino.
2141 4889 2161 4923 ι
2192 4869 2479 4942 Principes
2526 4885 2720 4926 eorum
2772 4872 3014 4943 crapulae
3061 4879 3117 4928 et
3162 4873 3415 4930 ebrietati
3465 4875 3550 4932 in-

1955 4966 2287 5038 dulgebant,
2323 4967 2404 5023 ira
2436 4967 2727 5023 immodica
2761 4968 3027 5026 adversus
3057 4985 3248 5028 omnes
3286 4977 3547 5041 tanquam

1953 5060 2222 5130 crapulati
2252 5068 2486 5117 utentes.
2518 5078 2538 5112 ι
2567 5059 2944 5118 Extenderunt
2972 5076 3194 5117 manum
3228 5076 3385 5118 suam
3419 5075 3549 5116 cum

1950 5152 2357 5222 pestilentibus.
2384 5172 2404 5206 ι
2432 5151 2627 5210 Avara:
2673 5153 2964 5226 cupiditati
3010 5161 3251 5210 mentem
3298 5150 3548 5208 intende-

1959 5252 2128 5312 runt,
2165 5246 2301 5302 inita
2330 5261 2457 5302 cum
2490 5245 2744 5318 pessimis
2771 5245 3032 5301 omnibus
3060 5245 3344 5300 societate.
3372 5261 3392 5296 ι
3420 5243 3552 5299 Ideo

1957 5346 2286 5395 exarserunt
2342 5346 2404 5393 ut
2450 5337 2702 5394 clibanus
2755 5337 2920 5394 corda
2974 5350 3202 5399 eorum,
3252 5333 3384 5389 dum
3430 5341 3549 5392 tota

1956 5437 2120 5486 nocte
2155 5430 2455 5501 agitantur.
2487 5447 2508 5483 ι
2536 5428 2774 5486 Mentem
2812 5442 2967 5484 more
2997 5424 3201 5482 clibani
3236 5423 3550 5484 inﬂamma-

1955 5527 2068 5575 tam
2113 5521 2379 5591 gerebant
2423 5535 2455 5576 a
2502 5520 2727 5590 crapula
2750 5559 2767 5586 ,
2796 5518 2887 5574 cui
2916 5524 3030 5573 tota
3060 5523 3224 5575 nocte
3254 5525 3544 5575 vacarunt.

1958 5628 1978 5664 ι
2011 5610 2220 5668 Somno
2254 5614 2495 5681 repletus
2526 5620 2614 5667 est
2652 5610 3011 5683 Ephraimus.
3040 5629 3061 5664 ι
3090 5610 3239 5682 Ergo
3280 5618 3551 5683 tanquam

1951 5719 2018 5761 ex
2048 5706 2275 5776 crapula
2311 5704 2628 5774 huiusmodi
2663 5719 2859 5762 somno
2903 5705 3056 5778 gravi
3098 5706 3375 5778 correpti,
3420 5705 3548 5762 nui-

1951 5796 2060 5853 lius
2105 5797 2323 5856 honesti
2370 5796 2534 5854 oﬂieii
2565 5812 2756 5854 curam
2790 5799 3071 5871 gerebant.
3100 5817 3121 5854 ι
3150 5798 3309 5854 Mane
3341 5797 3549 5853 factum

1952 5898 2070 5959 est,
2103 5899 2159 5949 et
2188 5907 2459 5950 succensa
2488 5899 2573 5949 est
2603 5893 2761 5964 quasi
2792 5894 2938 5965 ignis
2968 5894 3059 5950 lux
3087 5907 3102 5948 :
3134 5891 3385 5950 celeranti
3416 5899 3549 5949 sunt
