4104 6466
562 355 670 413 {6"

1730 351 2086 410 THEODOBI
2132 351 2620 413 MOPSUESTEM

3724 348 3832 408 188

560 476 753 519 omnes
805 460 964 531 quasi
1021 460 1275 517 clibanus
1328 461 1549 519 ardens.
1575 480 1595 515 ι
1621 461 1719 519 Die
1771 465 2139 530 succedente,

2265 465 2425 536 »όγον.
2465 486 2485 519 ε
2543 464 2699 537 ΙΙρωῖ
2747 465 3012 537 ἐγενήθη,
3060 464 3158 519 καὶ
3205 464 3479 536 ἀνεκαύθη
3525 465 3603 529 ὡς
3654 467 3830 537 πυρὸς

562 569 757 610 rursus
806 553 860 607 in
902 552 1091 609 eodem
1140 568 1308 624 opere
1349 563 1546 619 erant,
1576 556 1735 625 quasi
1778 555 1901 627 igne
1938 557 2150 611 inﬂam-

560 645 691 699 mati
714 684 729 709 ,
764 650 819 698 et
847 644 1007 713 quasi
1038 644 1288 700 clibanus
1319 644 1601 713 calefacti,
1636 655 1800 716 atque
1847 647 1915 700 ad
1964 647 2146 717 turpia

563 739 706 792 facta
745 737 977 791 incitati.
1007 755 1026 788 ι
1058 736 1121 790 Ει
1154 738 1298 806 ignis
1328 738 1608 792 devoravit
1635 738 1853 808 judices
1886 754 2099 795 eorum.
2122 748 2145 791 ιι

562 830 809 885 Μενὶιιιηι
848 844 981 899 ergo
1013 838 1229 899 poenam
1263 829 1538 883 sustinent
1563 868 1580 892 ,
1612 829 1743 883 dum
1792 829 1903 899 igni
1952 830 2151 896 veluti,

561 922 881 993 quicunque
912 920 1055 989 apud
1093 934 1190 975 eos
1225 924 1558 989 regnabant,
1591 919 1775 975 hostili
1810 931 1937 975 sunt
1966 921 2153 975 traditi

564 1014 719 1068 caedi.
749 1031 768 1064 ι
792 1011 986 1067 Cuncti
1038 1026 1194 1081 reges
1238 1025 1427 1065 eormn
1474 1011 1809 1067 ceciderunt.
1842 1031 1860 1062 ι
1892 1008 2067 1066 Exitio
2101 1019 2156 1067 et

565 1106 697 1160 caedi
729 1118 918 1157 omnes
948 1101 1254 1156 tradentur.
1285 1098 1437 1154 Cur?
1462 1119 1480 1150 ι
1506 1099 1678 1156 Nemo
1705 1108 1824 1155 erat
1854 1103 1998 1155 inter
2023 1117 2119 1157 eos
2138 1141 2153 1165 ,

566 1195 658 1265 qui
705 1192 985 1247 invocaret
1035 1208 1143 1249 me.
1175 1213 1193 1244 ι
1223 1192 1361 1259 Quia
1412 1208 1519 1245 una
1570 1203 1751 1248 tuente
1796 1200 1987 1258 erant,
2034 1192 2158 1245 nul-

568 1287 789 1353 lumque
834 1298 1060 1352 prorsus
1109 1283 1309 1337 habere
1361 1282 1465 1336 mei
1517 1292 1823 1351 respectum
1879 1278 2152 1338 volebant.

574 1393 594 1425 ε
622 1373 949 1444 prraimus
996 1372 1319 1426 commistns
1365 1378 1448 1425 est
1503 1371 1740 1439 papulis.
1774 1389 1792 1421 ι
1825 1363 1940 1423 Hoc
1988 1370 2154 1424 etiam

570 1465 760 1520 beatus
806 1466 1139 1532 impruperat
1184 1460 1384 1523 David,
1420 1461 1649 1515 dicens:
1682 1479 1697 1511 ι
1728 1460 2013 1514 Commisti
2048 1459 2155 1529 35

571 1564 699 1611 sunt
728 1557 868 1608 inter
894 1563 1082 1623 gentes
1105 1552 1174 1605 “.
1208 1571 1227 1605 ι
1253 1553 1610 1606 lnterdietum
1635 1553 1835 1621 quippe
1863 1568 1958 1621 per
1983 1552 2155 1621 legem

572 1650 653 1705 eis
697 1650 924 1703 omnino
955 1656 1106 1711 erat,
1139 1647 1434 1717 quominus
1468 1646 1793 1715 alienigenis
1830 1646 2158 1700 commisce—

572 1749 800 1806 rentur;
829 1739 1057 1809 ideoque
1083 1738 1134 1791 id
1160 1740 1355 1793 merito
1387 1734 1475 1792 hic
1504 1738 1667 1791 etiam
1702 1737 1809 1791 illis
1839 1737 2153 1805 exprobrat.

580 1830 954 1901 cEpliraimus
1003 1829 1182 1884 factus
1232 1838 1315 1883 est
1364 1828 1768 1884 subcineritzius
1821 1829 2011 1898 panis,
2062 1830 2152 1898 qui

572 1934 684 1976 non
719 1930 1050 1975 reversatur.
1081 1937 1100 1970 ι
1125 1918 1274 1973 Adeo
1311 1917 1669 1973 ineonversus
1704 1917 1759 1972 in
1802 1920 1991 1973 eadem
2035 1934 2161 1988 per-

572 2008 786 2067 mansit
822 2010 1059 2078 malitia,
1098 2011 1240 2066 sicut
1274 2010 1364 2064 ille
1410 2026 1631 2065 manere
1679 2012 1818 2065 solet
1863 2010 2161 2065 immobilis

572 2103 633 2157 in
667 2118 996 2173 quocunque
1046 2102 1270 2172 ponitur
1318 2103 1458 2156 loco.
1512 2119 1532 2153 ι
1580 2101 1949 2157 Comedernnt
1999 2104 2161 2158 alieni

573 2193 745 2248 robur
788 2194 929 2262 ejus.
959 2213 980 2246 ι
1012 2192 1261 2249 Sustinet
1308 2208 1437 2261 ergo
1485 2188 1726 2246 debitam
1780 2193 2158 2262 punitionem:

578 2287 811 2339 sceleste
838 2284 983 2338 enim
1018 2284 1339 2353 alienigenis
1371 2283 1722 2346 commistus,
1758 2281 1827 2337 ab
1869 2282 2002 2352 ipsis
2038 2278 2162 2336 fun-

576 2376 726 2433 ditus
770 2372 1239 2431 exterminabitur.
1274 2392 1291 2425 ι
1324 2369 1446 2443 ipse
1488 2380 1670 2427 autem
1712 2374 1987 2439 nescivit;
2034 2373 2159 2429 cani

547 2456 930 2522 'cfﬂoruernnt
959 2466 1045 2530 ei,
1089 2475 1143 2518 et
1174 2465 1290 2535 ipse
1337 2462 1629 2533 ignoravit.
1662 2481 1680 2513 ι
1712 2463 1850 2528 Quia
1897 2463 1952 2516 in
2000 2462 2163 2518 οῦ]ρῆ

581 2557 666 2613 sui
697 2557 1000 2627 ignorantia
1035 2555 1440 2626 perseveravit,
1472 2569 1540 2608 ne
1587 2570 1615 2606 a
1668 2554 2007 2624 longaevitate
2035 2556 2162 2624 qui~

580 2648 702 2704 dem
756 2649 821 2701 ad
871 2648 1066 2702 bonam
1111 2645 1322 2718 frugem
1373 2644 1620 2699 converti
1669 2659 1899 2715 passus,
1951 2645 2159 2700 idcirco

581 2742 694 2794 haec
724 2738 1072 2810 perpetietur.

2253 559 2488 628 φέγγος·
2531 557 2733 620 πάντες
2757 556 3171 627 ἑθερμάνθησαν
3211 555 3287 620 ὡς
3318 556 3575 620 κλίδανος
3609 556 3828 627 καιόμε-

2252 668 2359 715 νος.
2408 669 2429 702 ι
2499 649 2744 721 Ἡμέρας
2797 649 2854 703 δὲ
2904 642 3423 719 ἐπιλαμϐανούσης,
3480 647 3590 701 τῶν
3648 646 3832 702 αὐτῶν

2252 742 2485 813 ἥπτοντο
2535 738 2726 804 πάλιν,
2773 732 3135 809 ἀναπτόμενοι
3176 756 3237 792 τε
3276 738 3431 810 δίκην
3481 738 3684 811 πυρὸς,
3735 742 3833 792 καὶ

2253 831 2444 904 ῶσπερ
2468 850 2552 896 τις
2581 832 2832 896 κλίϐανος
2854 831 3360 904 διαθερμαινόμενοί
3391 848 3471 895 τε,
3508 833 3603 899 καὶ
3627 832 3833 899 διεγει-

2256 920 2474 996 ρόμενοι
2506 924 2642 996 πρὸς
2674 924 2770 995 τὴν
2800 924 2909 976 τῶν
2942 923 3160 976 ἀτόπων
3188 916 3474 995 ἐργασίαν.
3509 942 3527 974 ι
3570 920 3676 976 Kal.
3716 921 3834 993 πῦρ

2255 1015 2533 1085 κατέφαγε
2580 1016 2706 1079 τοὺς
2738 1015 2931 1086 κριτὰς
2963 1014 3160 1067 αὐτῶν.
3207 1032 3226 1064 ι
3275 1013 3622 1083 Κατάλ).ηλον
3648 1013 3835 1065 τοίνυν

2257 1106 2587 1177 ὑπομένουσι
2618 1107 2714 1177 τὴν
2759 1106 3050 1176 τιμωρίαν,
3076 1105 3232 1176 δίκην
3266 1106 3437 1177 πυρὸς
3471 1106 3688 1158 πάντων
3720 1104 3835 1157 τῶν

2256 1195 2447 1268 ἄρχειν
2499 1199 2556 1250 ἐν
2596 1199 2781 1261 αὐτοῖς
2829 1197 3246 1267 ὑπειλημμένων
3288 1199 3352 1267 τῇ
3401 1196 3508 1249 τῶν
3557 1192 3835 1267 πολεμίων

2256 1287 2700 1359 παραδιδομένων
2741 1292 2946 1360 σφαγῇ.
2993 1307 3012 1339 ι
3055 1288 3262 1350 Πάντες
3297 1289 3344 1341 οἱ
3379 1286 3616 1357 βασιλεῖς
3648 1285 3834 1340 αὐτῶν

2257 1379 2469 1433 ἔπεσον.
2543 1399 2562 1431 ι
2636 1379 2909 1451 Ἀπωλείᾳ
2970 1382 3066 1433 καὶ
3119 1382 3300 1450 σφαγῇ
3363 1379 3835 1449 παραδοθήσονται

2257 1472 2477 1535 πάντες.
2507 1471 2663 1535 Τίνος
2690 1472 2905 1536 ἓνεκενς
2952 1489 2971 1522 ι
3009 1471 3124 1524 Οὐκ
3162 1466 3229 1542 ἦν
3269 1472 3326 1523 ὲν
3364 1471 3546 1534 αὐτοῖς
3580 1472 3609 1523 ὁ
3644 1472 3841 1523 ἐπικα-

2256 1563 2514 1633 λούμενος
2533 1563 2669 1635 πρός
2698 1581 2785 1634 με.
2817 1582 2835 1614 ι
2882 1562 3099 1633 Ἐπειδὴ
3121 1564 3213 1615 καὶ
3248 1562 3538 1632 σύμφωνον
3568 1558 3710 1632 εἶχον
3732 1557 3835 1632 τὴν

2256 1653 2500 1727 γνώμην,
2535 1655 2725 1708 οὐδένα
2759 1653 2918 1721 λόγον
2961 1653 3095 1724 ἐμοῦ
3129 1655 3400 1707 ποιεῖσθαι
3430 1647 3686 1718 καθάπαξ
3720 1653 3837 1708 ἐθέ-

2257 1744 2461 1808 λοντες.
2519 1763 2538 1795 ε
2600 1740 2839 1815 Ἐφραῖμ
2884 1745 2940 1796 ἐν
2982 1745 3096 1807 τοῖς
3142 1743 3292 1807 λαοῖς
3336 1744 3498 1808 αὐτὸς
3539 1752 3837 1814 συνανεμί-

2255 1851 2438 1904 γνυτο.
2479 1853 2497 1886 ι
2523 1832 2694 1887 Τοῦτο
2718 1835 2811 1887 καὶ
2831 1835 2859 1886 ὁ
2895 1833 3161 1904 μακάριος
3186 1834 3384 1896 αὐτοὺς
3412 1828 3647 1888 αἰτιᾶται
3670 1824 3838 1887 Δαυῖδ

2254 1924 2460 1993 λέγων·
2495 1924 2570 1993 (p.
2606 1923 2695 1987 55)
2732 1942 2751 1974 ι
2793 1924 2903 1976 Καὶ
2944 1924 3285 1994 ὲπεμίγησαν
3322 1916 3383 1977 ἒν
3422 1927 3532 1986 τοῖς
3568 1923 3768 1977 ἔθνεσι.
3806 1940 3830 1976 ι

2256 2012 2367 2067 Καὶ
2391 2017 2498 2085 γὰρ
2527 2011 2593 2087 ἧν
2626 2014 2973 2085 ἀπειρημένη
3007 2013 3285 2077 παντελῶς
3316 2014 3499 2078 αὐτοῖς
3525 2016 3589 2067 ὲκ
3618 2013 3712 2067 τοῦ
3743 2015 3837 2069 νό-

2260 2121 2359 2175 μου
2406 2106 2439 2176 ἡ
2471 2105 2605 2175 πρὸς
2636 2104 2761 2167 τοὺς
2796 2102 3106 2174 ἀλλοτρίους
3143 2102 3391 2174 ἐπιμιξία
3420 2122 3433 2135 ·
3476 2100 3699 2168 εἰκότως
3739 2101 3840 2160 οῦν

2257 2194 2440 2259 αὐτοῖς
2463 2195 2710 2260 ὀνειδίζει
2751 2196 3025 2250 κάνταῦθα
3055 2195 3232 2249 τοῦτο.
3272 2214 3292 2246 ε
3342 2192 3581 2267 Ἕφραῒμ
3619 2194 3840 2265 ἐγένετο

2262 2289 2564 2359 ἐγκρυφίας
2595 2289 2655 2341 οὐ
2695 2288 3224 2360 μεταστρεφόμενος.
3263 2306 3280 2339 ι
3317 2280 3502 2351 Οῦτως
3525 2284 3842 2361 ἀμετάϐλη-

2260 2398 2353 2443 τος
2398 2379 2487 2433 τὸν
2522 2380 2721 2450 τρόπον
2754 2378 2846 2432 ἐπὶ
2889 2379 2987 2450 τῆς
3023 2372 3194 2448 αὐτῆς
3229 2378 3547 2449 μεμενηκὼς
3602 2379 3838 2442 κακίας,

2261 2466 2449 2541 ῶσπερ
2484 2472 2659 2523 ἐκεῖνο
2685 2468 2866 2539 μένειν
2893 2466 3080 2521 εἴωθεν
3118 2467 3515 2539 ἀμετακίνητον
3552 2469 3635 2536 ἐφ’
3663 2461 3840 2540 οῦπερ

2262 2561 2524 2615 τέτακται
2564 2558 2750 2613 τόπου.
2801 2579 2821 2611 ι
2880 2558 3201 2628 Κατέφαγον
3237 2559 3504 2630 ἀλλότριοι
3540 2560 3635 2631 τὴν
3679 2562 3843 2631 ἰσχὺν

2264 2652 2453 2706 αὑτοῦ.
2489 2669 2509 2703 ι
2550 2646 2844 2720 ’Υπομένει
2890 2649 3070 2702 τοίνυν
3109 2650 3367 2717 ἀνάλογον
3408 2651 3506 2720 τὴν
3530 2650 3838 2721 τιμωρίαν·

2268 2736 2600 2809 παρανόμως
2626 2736 2734 2807 γάρ
2755 2736 2866 2799 τοῖς
2890 2736 3185 2808 ἀλλοτρίοις
3212 2739 3509 2809 ἐπιμιγεὶς,
3538 2739 3628 2791 ὑπ’
3657 2738 3844 2792 αὐτῶν

575 2834 802 2889 ἐκείνων
864 2830 1291 2902 ἀφανισθήσεται
1352 2830 1651 2893 παντελῶς.
1705 2848 1724 2881 ι
1782 2829 1953 2894 Δύτὺς
1993 2826 2050 2883 δὲ
2101 2829 2200 2883 οὐκ
2249 2830 2422 2898 ἔγνω·
2467 2824 2563 2883 καὶ
2613 2829 2773 2883 πολιὰ
2824 2828 3117 2900 ἐξήνθησεν
3165 2828 3351 2898 αύτῷ,
3396 2830 3487 2884 καί⁸
3523 2827 3683 2893 αὐτὸς
3738 2826 3846 2883 οὐκ

576 2923 735 2993 ἔγνω.
772 2942 791 2975 ι
838 2921 1055 2992 Ἐπειδὴ
1089 2922 1194 2993 γὰρ
1238 2921 1637 2991 διαμεμένηκεν
1688 2919 1781 2973 ἐπὶ
1832 2921 1926 2992 τῆς
1974 2921 2082 2974 τῶν
2122 2921 2508 2991 προσηκόντων
2554 2920 2808 2992 ἀγνοίας,
2843 2920 2963 2975 οὐδὲ
3023 2917 3100 2992 τῷ
3142 2922 3346 2995 μακρῷ
3379 2924 3554 2995 χρόνῳ
3598 2923 3731 2993 πρὸς
3780 2924 3848 2977 τὸ

576 3019 694 3074 δέον
722 3018 975 3090 ἑλόμενος
1014 3017 1163 3082 ἰδεῖν,
1191 3017 1280 3071 διά
1304 3017 1460 3069 τοῦτο
1489 3017 1734 3070 πείσεται
1756 3017 2001 3073 τοιαῦτα.

656 3108 828 3168 Vens.
864 3110 1050 3166 10-12.
1080 3139 1152 3149 —
1185 3129 1203 3163 ι
1234 3106 1298 3164 Et
1331 3108 1708 3164 bumiliabitur
1745 3109 2057 3179 arrogantia
2090 3107 2162 3166 ls-

2337 3110 2488 3181 Στίχ.
2521 3108 2672 3179 ι’-ιβ’.
2705 3140 2772 3150 —-
2805 3127 2823 3160 t
2861 3107 2972 3161 Kal.
3000 3106 3468 3179 ταπεινωθήσεται
3499 3107 3533 3178 ἠ
3564 3105 3719 3178 ὖὸρις
3745 3106 3844 3160 τοῦ

579 3204 743 3258 raelis
779 3203 835 3257 in
882 3199 1021 3256 facie
1062 3200 1217 3269 ejus,
1254 3214 1352 3253 nec
1381 3198 1583 3253 reversi
1615 3206 1745 3253 sunt
1776 3199 1841 3253 ad
1873 3197 2163 3254 Dominum

584 3293 751 3348 Deum
784 3308 943 3348 suum
969 3330 985 3353 .
1016 3300 1070 3346 et
1111 3307 1219 3344 non
1254 3290 1594 3360 quaesierunt
1635 3304 1758 3342 eum
1807 3290 1862 3343 in
1909 3290 2167 3345 omnibus

583 3386 691 3442 his.
722 3405 741 3437 ι
770 3381 1039 3450 Quoniam
1073 3384 1255 3453 itaque
1284 3397 1409 3451 erga
1444 3378 1610 3436 Deum
1639 3382 2019 3436 contumeliosi
2053 3382 2169 3437 ευθ-

583 3485 751 3544 runt,
791 3477 919 3531 dum
961 3476 1040 3530 sic
1076 3473 1420 3543 impudenter
1464 3488 1526 3527 ac
1576 3473 1927 3543 pertinaciter
1967 3473 2170 3527 daenio-

583 3582 714 3621 num
748 3564 1122 3635 superstitioni
1167 3562 1552 3626 adhaeserunt,
1600 3564 1929 3632 illorumqne
1973 3577 2170 3633 seque-

562 3648 693 3711 lam
747 3671 876 3711 vero
926 3657 1035 3710 Deo
1082 3652 1483 3719 antetulerunt,
1532 3650 1792 3708 videbunt
1835 3654 2167 3707 humiliatio-

586 3765 708 3805 nem
738 3763 1099 3818 suam,quam
1135 3747 1326 3802 merito
1361 3747 1656 3806 sustinent.
1691 3754 1975 3815 postquam
2011 3760 2078 3798 ne
2113 3743 2167 3798 in

585 3843 934 3910 catastrophe
964 3840 1182 3910 quidem
1223 3839 1288 3893 ad
1333 3837 1501 3892 Deum
1543 3837 1807 3891 inclinare
1846 3838 2159 3891 voluerunt.

592 3953 613 3986 ι
643 3932 879 4001 Eratque
901 3930 1225 4001 Epltraimns
1252 3928 1407 3998 quasi
1435 3927 1687 3983 columba
1721 3927 1987 3997 insipiens
2007 3969 2022 3988 ,
2057 3943 2166 3982 non

532 4084 535 4085 ν
587 4025 794 4080 habens
823 4038 958 4078 eor:
992 4020 1285 4091 Egyptum
1316 4020 1676 4084 invocabant,
1712 4025 1767 4073 et
1801 4017 1867 4071 ad
1905 4018 2164 4089 Assyrios

587 4115 860 4171 abierunt.
893 4131 912 4165 ι
951 4111 1142 4178 Qualis
1180 4118 1265 4165 est
1301 4109 1593 4175 columba,
1634 4123 1756 4179 qua:
1794 4123 1862 4162 ne
1899 4108 1964 4162 de
2006 4107 2169 4177 pullis

588 4205 810 4275 quidem
873 4206 988 4260 suis
1044 4202 1277 4256 sollicita
1330 4208 1461 4269 est;
1523 4199 1724 4271 quibus
1777 4198 1881 4253 sibi
1932 4199 2168 4262 ablatis,

590 4294 783 4351 iisdem
845 4294 979 4348 locis
1040 4293 1323 4348 nidiﬁeare
1362 4307 1558 4347 rursus
1623 4292 1794 4359 solet,
1859 4290 2168 4346 futurorum

591 4385 915 4456 improvida.
936 4388 1064 4456 quia
1097 4400 1252 4455 aeque
1290 4385 1426 4448 eripi
1459 4392 1752 4454 pulertlttl:
1786 4383 1867 4438 sic
1899 4392 1952 4437 et
1987 4383 2077 4439 isti
2110 4399 2169 4439 se

2278 3201 2495 3274 Ἰσραὴλ
2539 3202 2620 3264 εἰς
2655 3199 2947 3272 πρόσωπον
2983 3196 3148 3252 αὐτοῦ
3172 3239 3184 3262 ,
3219 3197 3313 3251 καὶ
3358 3197 3458 3250 οὐκ
3503 3195 3845 3267 ἐπέστρεψαν

2268 3294 2402 3367 πρὸς
2438 3294 2641 3366 Κύριον
2674 3292 2765 3345 τὸν
2801 3291 2934 3344 Θεὸν
2978 3290 3191 3353 αὐτῶν,
3240 3290 3335 3344 καὶ
3369 3289 3483 3341 οὐχ’
3512 3287 3847 3358 ἐξεζήτησαν

2267 3386 2431 3441 αὑτὸν
2461 3388 2519 3439 ὲν
2550 3387 2685 3438 πᾶσι
2714 3384 2943 3447 τούτοις.
2986 3403 3004 3435 ι
3045 3382 3218 3453 ’Υπὲρ
3244 3374 3320 3434 ὧν
3344 3380 3523 3433 τοίνυν
3553 3378 3845 3451 ὲξύόρισαν

2267 3481 2348 3544 είς
2367 3479 2427 3531 τὸ
2451 3477 2626 3539 Θεῖον,
2652 3475 2826 3539 οὕτως
2849 3473 3082 3538 ἀναιδῶς
3106 3473 3201 3527 καὶ
3221 3470 3573 3542 ἀμεταθέτως
3594 3473 3721 3543 περὶ
3743 3466 3844 3542 τήν

2267 3568 2375 3621 τῶν
2410 3566 2679 3637 δαιμόνων
2715 3566 3009 3636 ἐσχηκότες
3061 3561 3357 3632 θεραπείαν
3382 3602 3395 3622 ,
3442 3563 3536 3614 καὶ
3579 3556 3676 3631 τὴν
3715 3561 3848 3632 περὶ

2267 3658 2511 3722 ἐκείνους
2545 3656 2781 3727 σπουδὴν
2832 3656 3267 3727 προτιμήσαντες
3294 3654 3391 3723 τῆς
3425 3652 3554 3724 περὶ
3589 3646 3648 3705 τδ
3674 3651 3848 3717 ὅντως

2268 3750 2443 3813 Θεῖον,
2471 3749 2692 3819 ὄψονται
2726 3748 2825 3818 τὴν
2856 3745 3185 3799 ταπείνωσιν
3217 3744 3315 3815 τὴν
3353 3745 3583 3805 οἰκείαν,
3615 3741 3681 3813 ἠν
3713 3740 3849 3795 ὁποι

2272 3843 2494 3912 μένουσι
2525 3839 2769 3902 δικαίως,
2819 3838 2895 3907 (ρ.
2933 3838 3023 3905 Si)
3054 3837 3175 3890 οὐδὲ
3216 3837 3280 3890 ὲκ
3321 3830 3624 3906 μεταϐολῆς
3654 3834 3847 3887 νεῦσαι

2269 3928 2406 4000 πρὸς
2451 3928 2541 3980 τὸν
2580 3925 2712 3978 Θεὸν
2745 3922 3114 3995 βουληθέντες.
3154 3941 3173 3973 ι
3227 3920 3333 3975 Καὶ
3371 3917 3438 3992 ἦν
3499 3918 3737 3991 Ἐφρατμ
3770 3919 3852 3983 ὡς

2269 4015 2568 4089 περιστερά
2625 4014 2786 4076 ἄνους
2840 4013 2940 4066 οὐκ
2997 4013 3194 4082 ἔχουσα
3255 4009 3515 4084 καρδίαν·
3568 4010 3848 4077 Αἴγυπτον

2270 4106 2669 4170 ἐπεκαλοῦντο,
2716 4106 2809 4159 καὶ
2852 4106 2932 4167 είς
2990 4101 3308 4174 Ἀσσυρίους
3364 4101 3761 4173 ἐπορεύθησαν.
3822 4120 3843 4152 ι

2270 4199 2483 4270 Οἴαπέρ
2514 4182 2663 4250 ἐστιν
2698 4197 2731 4267 ἡ
2764 4194 3065 4267 περιστερά
3098 4188 3231 4264 μηδὲ
3276 4191 3385 4245 τῶν
3415 4190 3628 4243 οἰκείων
3655 4207 3850 4261 γεννη-

2274 4292 2461 4364 μάτων
2496 4288 2794 4360 ποιουμένη
2829 4282 2986 4355 λόγον
3007 4303 3021 4318 ·
3069 4274 3145 4338 ὢν
3178 4277 3578 4354 ἀφαιρουμένη,
3608 4282 3702 4334 ἐπὶ
3739 4283 3851 4335 τῶν

2270 4385 2451 4439 αὐτῶν
2500 4383 2679 4437 τόπων
2717 4376 3016 4435 νεοττεύειν
3071 4376 3259 4430 εἴωθεν
3308 4376 3503 4440 πάλιν,
3544 4374 3662 4427 οὐδὲ
3720 4374 3851 4445 μίαν

590 4479 929 4542 habuerunt,
980 4477 1195 4532 nullum
1250 4492 1471 4531 sensum
1520 4477 1672 4531 exitii
1720 4475 1804 4530 sui
1851 4477 2162 4545 capientes,

2272 4475 2471 4546 ἔχουσα
2494 4470 2840 4545 προμήθειαν
2862 4468 2960 4539 τῆς
2983 4465 3323 4537 ἀφαιρέσεως
3346 4462 3452 4516 τῶν
3473 4460 3849 4531 γεννωμένων·

588 4571 683 4625 sed
735 4579 1117 4639 exspectantes
1169 4562 1538 4638 Egyptorum
1589 4568 1834 4629 auxilia,
1882 4581 2004 4636 qua:
2059 4581 2165 4620 non

589 4661 995 4726 impetrarunt;
1039 4658 1172 4712 dum
1220 4660 1425 4711 interea
1474 4659 1670 4728 grandi
1716 4674 1841 4712 cum
1898 4666 2170 4727 potestate

592 4752 797 4821 Assyrii
821 4765 918 4804 eos
948 4749 1293 4805 abducebant
1322 4749 1571 4817 captivos
1600 4750 1652 4803 in
1681 4751 1957 4820 regionem
1987 4765 2165 4805 suam.

568 4859 617 4893 ·ι
646 4840 858 4895 Etcum
908 4839 1136 4909 profecti
1189 4838 1430 4901 fuerint,
1486 4840 1791 4910 expandam
1846 4856 2013 4911 super
2072 4857 2169 4896 eos

592 4940 706 4985 rete
749 4945 927 4984 meum
959 4947 973 4983 :
1024 4929 1180 4997 quasi
1218 4929 1468 4983 volucres
1498 4931 1625 4982 caeli
1679 4930 1965 4983 detraham
1997 4945 2115 4984 eos.
2151 4947 2171 4981 ι

592 5020 801 5089 Fugere
830 5021 897 5072 ab
928 5020 1144 5073 illorum
1167 5058 1183 5084 ,
1217 5019 1437 5090 inquam
1463 5058 1478 5083 ,
1513 5004 1776 5076 servitute
1807 5036 2038 5089 prorsus
2069 5033 2177 5075 non

592 5112 701 5182 36
727 5111 943 5174 licebit;
976 5112 1100 5179 quia
1130 5125 1230 5181 ego
1250 5149 1265 5173 ,
1294 5111 1395 5166 reti
1426 5111 1589 5166 veluti
1615 5152 1629 5177 ,
1661 5111 1882 5166 decreto
1908 5125 2030 5166 meo
2056 5111 2179 5165 illos

591 5203 1019 5272 reinprebensos
1043 5242 1057 5264 ,
1092 5202 1146 5256 in
1181 5203 1552 5272 captivitatem
1587 5202 1746 5273 quasi
1786 5199 2013 5254 totidem
2050 5214 2180 5255 aves

594 5293 884 5348 abducam.
917 5312 935 5344 ε
967 5292 1260 5363 Castigabo
1317 5304 1414 5351 eos
1460 5293 1582 5363 ipso
1633 5306 1750 5348 suae
1804 5289 2178 5344 tribulationis

596 5383 808 5438 auditu.
839 5402 857 5435 ι
887 5382 1061 5439 Tanta
1092 5385 1201 5441 illis
1229 5383 1461 5439 inferam
1495 5385 1636 5438 mala
1658 5421 1674 5447 ,
1704 5391 1764 5437 ut
1793 5382 1877 5437 vel
1906 5381 2025 5450 ipsa
2060 5395 2178 5451 per-

596 5477 827 5532 molesta
854 5487 1247 5535 eventurorum
1280 5478 1555 5534 malorum
1585 5475 1797 5532 auditio
1825 5472 2065 5530 suﬁiciat
2109 5470 2176 5527 ad

596 5572 1020 5641 correptionem.
1534 5574 1551 5581 ’

662 5835 714 5874 ⁸³
750 5834 898 5894 Psal.
932 5852 1021 5904 ev,
1056 5836 1141 5894 55.

2273 4568 2416 4622 οὕτω
2442 4567 2505 4636 δὴ
2535 4565 2629 4618 καὶ
2658 4557 2803 4618 οῦτοι
2826 4559 3135 4629 γεγόνασιν,
3168 4555 3421 4625 αἴσθησιν
3448 4554 3547 4624 τῆς
3573 4551 3855 4617 ἀπωλείας

2274 4661 2333 4714 οὐ
2377 4657 2746 4727 λαμϐάνοντες
2785 4648 2885 4721 τῆς
2932 4649 3170 4713 οἰκείας,
3206 4645 3322 4700 ἀλλ’
3357 4643 3717 4716 ἀναμένοντες
3752 4642 3855 4713 μὲν

2274 4752 2373 4823 τὴν
2402 4752 2468 4803 ὲκ
2484 4747 2593 4801 τῶν
2611 4744 2923 4814 Αἰγυπτίων
2955 4741 3229 4812 βοήθειαν,
3252 4739 3611 4806 τυγχάνοντες
3637 4735 3696 4787 δὲ
3725 4735 3855 4789 οὐθ-

2277 4843 2423 4905 ενός·
2452 4839 2550 4893 ἅτε
2580 4836 2718 4908 μετά
2750 4833 2993 4907 μεγάλης
3016 4833 3117 4900 τῆς
3151 4830 3469 4892 δυναστείας
3508 4827 3618 4881 τῶν
3660 4827 3858 4881 Ἀσσυ-

2276 4933 2409 5007 ρίων
2438 4928 2819 5002 αἰχμαλώτους
2848 4925 3048 4988 αὐτοὺς
3079 4924 3405 4997 ἀπαγόντων
3434 4921 3526 4973 ἐπὶ
3551 4920 3620 4973 τά
3651 4920 3855 4972 οἰκεῖα.

2280 5046 2299 5077 ι
2357 5021 2554 5083 Καθὼς
2600 5020 2668 5076 ἂν
2715 5018 3077 5090 πορεύωνται,
3125 5012 3372 5068 ἐπιϐαλῶ
3423 5013 3510 5065 ἐπ’
3544 5011 3738 5072 αὐτοὺς
3796 5008 3859 5062 τδ

2274 5114 2488 5169 δίκτυόν
2534 5128 2635 5185 μου
2660 5127 2673 5141 ·
2714 5108 2899 5172 καθὼς
2934 5106 3006 5159 τά
3037 5104 3259 5159 πετεινά
3308 5100 3400 5155 τοῦ
3455 5098 3685 5171 ούρανοῦ
3742 5098 3861 5165 ἄξω

2278 5205 2495 5271 αὐτούς.
2531 5223 2550 5256 ι
2585 5205 2874 5271 Διαφυγείν
2899 5194 3383 5266 αύτοὺς,φησὶ,τὴν
3406 5191 3631 5245 ἐκείνων
3652 5192 3859 5261 αἰχμαο

2276 5296 2493 5357 λωσίαν,
2520 5293 2628 5348 τῶν
2660 5291 2968 5345 ἀδυνάτων·
2997 5284 3184 5356 ἐπειδὴ
3213 5282 3401 5354 ὥσπερ
3425 5281 3533 5333 τιν)⁵
3562 5280 3764 5350 δικτύῳ
3788 5282 3857 5349 τῇ

2276 5386 2549 5457 ἀποφάσει
2574 5379 2886 5456 περιϐαλὼν
2914 5377 3112 5439 αὐτοὺς
3131 5417 3146 5437 ,
3172 5374 3329 5444 δίκην
3359 5369 3620 5425 πετεινῶν
3647 5370 3728 5433 εἰς
3756 5368 3859 5441 τὴν

2276 5477 2652 5552 αἰχμαλωσίαν
2690 5471 2904 5539 ἀπάξω.
2940 5489 2959 5521 ι
2995 5464 3278 5522 Παιδεύσω
3302 5464 3498 5524 αὐτοὺς
3530 5462 3687 5552 ὲνὶτῇ
3717 5460 3860 5552 ἀκοῇ

2274 5550 2373 5642 τῆς
2402 5567 2633 5638 θλίψεως
2655 5564 2855 5620 αὐτῶν.
2883 5581 2904 5614 ι
2934 5557 3173 5613 Τοιαῦτα
3195 5556 3252 5609 δὲ
3273 5553 3457 5615 αὐτοῖς
3478 5550 3666 5616 ἐπάξω
3689 5550 3860 5612 κακά,

2282 5662 2427 5718 ὥστε
2455 5660 2550 5715 καὶ
2580 5658 2682 5729 τὴν
2713 5655 2882 5726 ἀκοὴν
2913 5651 3023 5706 τῶν
3059 5644 3502 5716 ὲπελευσομένων
3538 5641 3723 5704 αὐτοῖς
3752 5656 3856 5694 κα-

2280 5756 2396 5815 κῶν
2425 5753 2735 5828 βαρυτάτην
2761 5745 2949 5815 οὖσαν,
2977 5746 3169 5817 ἀρκεῖν
3192 5744 3271 5803 εἰς
3304 5735 3557 5792 παιδείαν
3580 5733 3787 5795 αὐτοῖς.
