4104 6532
549 416 647 472 171

546 540 703 603 cepta
745 545 772 584 a
830 528 938 585 Deo
980 525 1245 585 beneficia
1294 541 1308 581 :

544 632 728 687 erunt,
780 619 1083 679 desertioni
1130 618 1465 676 omnimodo:
1514 619 1724 685 traditi,
1761 620 1814 673 in
1848 635 1957 691 qua
2004 636 2138 675 con-

545 716 840 772 stitucntur
901 713 1033 770 dum
1091 712 1223 769 tuba
1281 712 1479 769 bellica
1526 713 1772 769 clamose
1820 725 1987 781 super
2038 725 2137 768 eos

541 807 769 878 clangit,
801 818 855 864 et
897 805 1273 861 imminentem
1305 803 1547 862 hostium
1572 804 1857 860 incursum
1897 802 2134 871 nuntiat,

540 899 632 971 qui
662 897 885 970 quidem
919 913 1085 970 quam
1138 896 1410 953 citissime
1454 896 1708 964 aderunt,
1744 910 1897 951 more
1940 896 2135 965 aquilae

542 992 737 1063 praeda!
769 1006 884 1047 sua:
928 990 1110 1047 subito
1147 989 1465 1045 involantis.
1511 987 1604 1044 Sic
1638 989 1831 1060 utique
1859 993 1914 1042 et
1948 986 2136 1042 hostes

542 1084 852 1149 advenient,
885 1083 977 1154 qui
1015 1082 1274 1154 populum
1323 1081 1628 1148 destruent,
1674 1088 1731 1135 et
1766 1078 1863 1136 Dei
1910 1078 2131 1134 domum

543 1176 981 1232 intlammabunt.
1024 1174 1141 1231 ΙΙυο
1184 1182 1369 1231 autem
1410 1174 1642 1240 addidit,
1693 1173 1767 1229 ob
1809 1172 1905 1228 irae
1942 1180 2131 1228 osten-

543 1266 780 1324 dendam
834 1266 1294 1339 magnitudinem,
1348 1266 1491 1336 quod
1545 1281 1742 1336 nempe
1791 1279 1861 1322 ne
1904 1262 2135 1335 prOprim

541 1357 762 1429 quidem
794 1356 980 1413 domui
1013 1343 1222 1429 parcet,
1255 1356 1351 1413 sed
1382 1354 1599 1412 excidio
1643 1369 1763 1412 eam
1811 1361 2007 1426 praeter
2048 1368 2135 1408 rc-

543 1453 695 1524 liqua
741 1451 997 1507 hostibus
1050 1449 1248 1505 tradet.
1299 1448 1412 1519 38
1444 1448 1648 1504 Deinde
1671 1463 1773 1503 cur
1808 1447 1925 1503 haec
1970 1461 2134 1502 even-

544 1552 665 1597 tura
699 1542 812 1599 sint
844 1541 1135 1597 declarans
1168 1559 1183 1597 :
1222 1557 1242 1592 ι
1277 1540 1420 1607 Quia
1468 1539 1804 1610 transgressi
1853 1546 2004 1604 sunt,
2056 1536 2137 1592 in-

541 1636 681 1706 quit,
719 1633 898 1690 fmdus
933 1648 1138 1697 meum,
1176 1637 1231 1687 et
1261 1642 1454 1686 contra
1487 1630 1660 1702 legem
1697 1644 1871 1686 meam
1900 1628 2135 1709 scelesm

541 1729 791 1795 egerunt.
822 1742 844 1775 ι
874 1720 1088 1778 Etenim
1130 1719 1433 1777 absurdum
1467 1720 1796 1786 existimavi,
1839 1726 2129 1792 postquam

1737 410 2093 468 THEODORI
2141 410 2627 469 MthSUESTENI

1363 540 1488 582 nam
1544 526 1681 584 locis
1735 528 1899 586 inviis
1930 528 2125 585 similes

2240 528 2365 593 τοὺς
2400 527 2776 599 γεγενημένας
2828 527 2979 601 παρά
3030 527 3127 583 τοῦ
3180 528 3316 585 Θεοῦ
3360 532 3569 605 δωρεάς
3593 550 3610 570 ο
3640 536 3828 612 ἀϐάτῳ

3728 415 3831 472 1Ἱὶ

2239 620 2350 691 γὰρ
2378 619 2593 675 ἔσονται
2635 619 3034 692 παραπλήσιοι,
3064 622 3132 693 τῇ
3180 622 3387 696 ἐρημία
3431 628 3830 698 παραδοθέντες

2240 711 2530 775 παντελεῖ,
2580 713 2662 774 είς
2714 709 2784 782 ἢν
2846 714 3320 785 καταστήσονται.
3375 717 3476 789 τῆς
3528 718 3831 790 πολεμικῆς

2241 801 2545 871 σάλπιγγος
2575 803 2663 855 ἐπ’
2695 803 2891 866 αὐτοὺς
2928 803 3169 877 ἠχούσης
3223 806 3400 876 μέγα,
3445 809 3541 863 καὶ
3575 810 3675 881 τὴν
3717 811 3830 865 τῶν

2238 895 2515 965 πολεμίων
2561 894 2749 964 ἔφοδον
2794 894 3094 967 μέλλουσαν
3140 899 3548 972 γνωριζούσης,
3599 903 3634 974 ἢ
3686 904 3830 972 μετά

2236 986 2436 1058 πολλῆς
2488 987 2673 1050 αὐτοῖς
2742 986 3106 1047 ἐπελεύσεται
3171 989 3269 1061 τῆς
3327 990 3608 1064 ὀξύτητος,
3665 994 3829 1066 δίκην

2234 1078 2394 1133 ἀετοῦ
2442 1078 2638 1149 ἀθρόον
2686 1079 3049 1152 ἐφισταμένου
3100 1078 3213 1146 τοῖς
3260 1081 3637 1155 θηρωμένοις·
3678 1086 3829 1141 οὕτω

2234 1171 2345 1244 γάρ
2380 1171 2446 1242 δὴ
2491 1171 2587 1225 καὶ
2629 1172 2678 1227 οἱ
2737 1170 2985 1243 πολέμιοι
3037 1171 3442 1241 ὲπελεύσονται,
3492 1177 3716 1241 τούτους
3761 1197 3821 1232 τε

2233 1261 2612 1334 ἀφανίζοντες,
2640 1263 2735 1317 καὶ
2759 1262 2852 1316 τὸν
2885 1258 3033 1317 οἷκον
3075 1266 3484 1337 πυρπολοῦντες
3510 1267 3603 1321 τὸν
3642 1270 3787 1322 θεῖον
3805 1288 3849 1325 ο,

2232 1353 2392 1408 τοῦτο
2435 1354 2493 1407 δὲ
2530 1352 2921 1424 προστέθεικεν
2968 1355 3050 1417 είς
3100 1353 3376 1423 ἀπόδειξιν
3410 1357 3506 1411 τοῦ
3554 1358 3822 1429 μεγέθους

2233 1445 2335 1515 τῆς
2374 1445 2566 1516 ὀργῆς,
2611 1446 2694 1499 δτι
2728 1446 2863 1517 μηδὲ
2888 1444 2984 1500 τοῦ
3008 1446 3162 1501 οῐκου
3197 1448 3442 1518 φείδεται
3474 1450 3566 1504 τοῦ
3589 1451 3821 1515 οίκείου,

2233 1535 2474 1601 ἐκδιδοὺς
2509 1534 2674 1589 αὑτὸν
2706 1537 2785 1599 είς
2816 1536 3124 1609 ἀφανισμὸν
3153 1537 3294 1609 μετά
3328 1539 3439 1595 τῶν
3469 1540 3674 1596 λοιπῶν
3705 1547 3821 1609 τοῖς

2234 1627 2537 1698 πολεμίοις’
2560 1623 2680 1682 εἶτα
2702 1628 2799 1683 καλ⁵
2819 1629 2936 1683 ἀνθ’
2961 1630 3085 1684 ὅτου
3109 1630 3282 1686 ταῦτα
3305 1634 3594 1706 γενήσεται
3616 1636 3822 1706 δηλῶν·

2239 1738 2260 1771 ι
2321 1720 2465 1773 Ἀνθ’
2496 1713 2571 1776 ὧν
2605 1721 2928 1795 παρέϐησαν
2952 1724 3053 1794 τὴν
3085 1724 3351 1797 διαθήκην
3387 1743 3512 1797 μου,
3554 1727 3648 1782 καὶ
3677 1728 3822 1782 κατὰ

543 1816 596 1869 hi
646 1824 865 1885 pactum
913 1829 1094 1869 meum
1127 1813 1487 1877 violaverant,
1533 1820 1591 1867 et
1639 1811 1793 1868 omni
1848 1812 2125 1881 impietate

2230 1811 2327 1865 τοῦ
2371 1813 2536 1884 νόμου
2576 1812 2879 1886 ἠσέϐησαν.
2928 1834 2951 1868 ι
2999 1815 3152 1870 Ἐπεὶ
3198 1818 3294 1871 καὶ
3338 1818 3537 1873 ἄτοπον
3565 1820 3820 1891 ἡγούμην

542 1908 806 1964 adversus
837 1908 1009 1978 legem
1047 1919 1223 1963 meam
1268 1903 1610 1976 praevaricati
1647 1903 1886 1968 fuerant,
1924 1902 2125 1974 templo

2233 1880 2448 1956 τούτων*
2487 1880 2856 1975 παραϐάντων
2907 1905 3005 1978 τὴν
3053 1905 3317 1979 διαθήκην
3365 1909 3465 1981 τὴν
3509 1880 3679 1983 eos}.
3708 1880 3820 1966 ’καὶ

543 2017 788 2072 parcere,
821 1998 968 2071 quod
1011 1999 1098 2055 isti
1127 2013 1322 2071 gressu
1364 2012 1468 2054 suo
1512 1996 1932 2068 inquinaverant
1967 2006 2125 2067 atque

2228 1996 2508 2060 παντελῶς
2541 1999 2622 2062 εἰς
2663 1997 2756 2051 τὸν
2786 1998 2949 2070 νόμον
2989 2000 3339 2071 ησεδηκότων
3387 2002 3479 2055 τὸν
3520 2003 3676 2074 ἐμὸν,
3721 2004 3820 2057 τοῦ

542 2094 868 2165 polluerant.
907 2111 927 2145 ι
965 2093 1047 2149 Ad
1080 2107 1167 2148 me
1187 2091 1507 2147 clamabunt
1535 2109 1548 2144 :
1573 2088 1741 2153 Deus,
1769 2087 2125 2159 cognovimus

2228 2088 2373 2141 οἴκου
2401 2087 2676 2157 φείδεσθαι
2701 2088 2761 2142 δν
2799 2088 3075 2161 ἐρρύπουν
3100 2108 3161 2145 τε
3200 2094 3294 2147 καὶ
3320 2093 3579 2164 ὲμόλυνον
3605 2098 3671 2166 τῇ
3698 2099 3819 2149 ἐπι-

541 2197 610 2242 te.
645 2205 664 2239 ι
704 2182 862 2240 Tunc
892 2182 1060 2238 rebus
1092 2181 1249 2252 ipsis,
1279 2187 1334 2234 et
1376 2176 1633 2249 imposita
1664 2192 1694 2232 a
1731 2192 1817 2232 me
1852 2176 1936 2231 his
1967 2189 2126 2246 pmna

539 2271 803 2336 convicti,
833 2269 1131 2341 potentiam
1169 2283 1346 2324 meam
1381 2266 1701 2321 fatebuntur
1727 2266 1883 2321 inviti
1939 2286 1955 2318 ι
1988 2265 2125 2333 Quia

540 2363 707 2421 Israel
759 2368 1049 2418 aversatus
1114 2367 1198 2414 est
1271 2358 1436 2424 bona,
1496 2359 1777 2413 inimicum
1852 2357 2125 2427 persecuti

540 2458 689 2505 sunt.
735 2469 754 2503 ι
797 2447 989 2506 Merito
1036 2448 1150 2504 hanc
1206 2447 1505 2519 patientur,
1555 2448 1648 2519 qui
1685 2448 1920 2503 conlatis
1966 2463 1995 2501 ιι
2041 2463 2127 2503 me

539 2542 821 2599 beneficiis
860 2542 1058 2615 ingrati
1113 2541 1356 2597 fuerunt.
1393 2541 1558 2612 Atqui
1607 2556 1673 2597 eo
1721 2549 1984 2611 tempore,
2016 2555 2127 2611 quo

536 2652 636 2708 ego
690 2636 798 2692 illis
848 2650 1007 2707 opem
1046 2633 1174 2703 tuli,
1209 2633 1370 2691 facile
1414 2632 1707 2691 admodum
1762 2633 1949 2688 hostes
1993 2647 2124 2687 suos

535 2736 888 2801 superarunt.

604 3011 773 3067 Vens.
814 3008 931 3063 4-6.
964 3036 1035 3052 —
1069 3026 1087 3059 ι
1146 3006 1515 3077 Sibimetipsis
1567 3015 1958 3078 regnaverunt,
2013 3021 2121 3061 non

2227 2179 2384 2233 ϐάσει
2414 2183 2479 2251 τῇ
2506 2180 2702 2251 οἰκείᾳ.
2749 2199 2769 2233 ι
2812 2181 2958 2254 Πρὸς
2986 2184 3087 2255 ἐμὲ
3130 2187 3521 2257 κεκράξονται·
3567 2190 3631 2243 Ὀ
3657 2191 3815 2255 Θεὸς.

2227 2271 2550 2344 ἐγνώκαμεν
2587 2291 2667 2327 σε.
2710 2293 2728 2326 ι
2774 2274 2851 2344 (p.
2887 2274 2980 2344 58)
3024 2276 3158 2331 Τότε
3193 2279 3299 2332 ὑπὸ
3325 2280 3436 2334 τῶν
3472 2282 3820 2353 πραγμάτων

2226 2364 2318 2417 καὶ
2348 2364 2447 2434 τῆς
2479 2365 2828 2436 ἐπαγομένης
2860 2366 3048 2430 αὐτοῖς
3092 2371 3401 2441 τιμωρίας,
3451 2372 3676 2439 ἄκοντες
3716 2375 3820 2443 τὴν

2223 2455 2451 2526 δύναμιν
2481 2456 2877 2527 ὁμολογήσωσι
2903 2458 3000 2529 τὴν
3038 2461 3200 2531 ὲμήν.
3241 2480 3260 2513 ι
3293 2462 3415 2517 Ὀτι
3454 2465 3671 2537 Ἰσραὴλ
3707 2469 3820 2519 ἀπ-

2224 2548 2526 2618 εστρέψατο
2542 2550 2745 2618 ἀγαθὰ,
2767 2551 2960 2623 ἐχθρὸν
2983 2552 3335 2621 κατεδίωξαν.
3349 2575 3367 2607 ι
3384 2558 3671 2612 Πείσονται
3688 2558 3822 2629 μὲν-

2224 2657 2306 2694 τοι
2342 2639 2570 2693 τοιαῦτα
2622 2640 2849 2706 δικαίως
2894 2645 2943 2697 οί
2983 2645 3113 2715 περὶ
3149 2645 3249 2716 τὴν
3278 2647 3425 2703 δόσιν
3456 2648 3561 2702 τῶν
3592 2649 3818 2719 ἀγαθῶν

2232 2730 2340 2786 τῶν
2373 2732 2503 2803 παρ’
2526 2731 2663 2802 ἐμοῦ
2689 2735 2976 2801 γεγονότες
2996 2735 3336 2808 ἀγνώμονες·
3362 2740 3538 2794 καίτοι
3567 2759 3629 2811 γε
3651 2743 3818 2795 ὁπότε

2233 2825 2495 2895 παρεῖχον
2519 2823 2704 2888 αὐτοῖς
2732 2824 2830 2897 τὴν
2851 2826 2993 2898 ἐμὴν
3024 2828 3278 2899 βοήθειαν
3322 2832 3461 2903 μετά
3493 2834 3693 2905 πολλῆς
3714 2836 3822 2904 τῆς

2236 2914 2535 2985 εύμαρείας
2561 2912 2887 2986 κρατοῦντες
2906 2916 3016 2972 τῶν
3041 2918 3250 2990 ἐχθρῶν
3265 2922 3374 2975 τῶν
3397 2922 3633 2979 οἰκείων.

2306 3005 2453 3077 Στίχ.
2488 3005 2641 3071 δ’-ς’.
2668 3036 2739 3047 --
2778 3024 2797 3058 ι
2844 3008 3089 3074 Ἐαυτοῖς
3125 3010 3504 3078 ἐϐασίλευσαν,
3538 3016 3634 3069 καλ⁵
3658 3016 3720 3069 ού
3748 3016 3821 3069 δι’

535 3117 630 3175 per
663 3116 750 3156 me
792 3100 1222 3170 imperaverunt,
1267 3107 1323 3154 et
1364 3098 1500 3152 mihi
1545 3096 1772 3153 minime
1801 3097 2120 3154 notiﬁcave-

2232 3097 2366 3168 ἐμοῦ
2392 3094 2585 3171 ἦρξαν,
2629 3100 2726 3152 καὶ
2759 3100 2860 3153 οὐκ
2897 3101 3201 3172 ἐγνώρισαν
3246 3120 3357 3172 μοι.
3404 3123 3424 3155 ι
3458 3104 3615 3158 Οὕτω
3649 3104 3707 3158 δέ
3746 3123 3819 3177 με

536 3205 681 3251 runt.
723 3212 741 3244 ι
772 3190 1096 3265 _Tantopere
1137 3190 1506 3255 insanierunt,
1542 3198 1600 3244 ut
1634 3188 1824 3245 datum
1862 3204 1892 3243 a
1920 3203 2006 3246 me
2036 3205 2123 3245 re-

534 3300 659 3357 gem
687 3288 1132 3346 cxauctorantes,
1172 3281 1276 3352 ipsi
1324 3280 1606 3353 proprium
1646 3280 1751 3337 sibi
1790 3296 1971 3351 regem
1999 3296 2126 3335 con-

535 3377 834 3439 stituerint,
863 3373 998 3429 nihil
1019 3373 1134 3443 jam
1162 3373 1233 3429 de
1255 3375 1382 3444 jure
1421 3388 1544 3430 meo
1592 3373 1812 3430 solliciti
1850 3393 1861 3428 :
1896 3372 2123 3428 idenim

540 3469 761 3524 denotat
795 3466 962 3523 dictio
997 3486 1010 3522 :
1040 3485 1059 3518 ι
1082 3464 1440 3536 Nequaquam
1464 3466 1908 3521 notificaverunt.
1934 3494 1997 3504 —-
2029 3463 2125 3517 Ar-

535 3569 756 3634 gentum
783 3575 969 3627 suum,
997 3566 1052 3616 et
1080 3574 1275 3615 aurum
1311 3574 1471 3614 suum
1511 3558 1764 3615 fecerunt
1803 3557 1911 3614 sibi
1952 3556 2123 3625 idola,

537 3663 590 3708 nt
622 3654 955 3724 dispereunt.
1000 3672 1020 3704 ι
1052 3649 1118 3706 Ει
1154 3651 1467 3707 institutum
1500 3666 1530 3705 a
1562 3667 1647 3706 me
1682 3665 1931 3722 regnum,
1966 3661 2019 3705 et
2046 3648 2125 3703 le-

535 3743 780 3817 gitimam
832 3743 1150 3811 religionem
1205 3743 1586 3809 aboleverunt,
1634 3749 1692 3796 ut
1743 3753 1971 3813 regnum
2017 3739 2126 3796 sibi

537 3835 817 3906 propriqu
867 3835 1293 3890 constituerent.
1358 3833 1502 3890 Dicit
1572 3849 1701 3890 vero
1752 3834 1887 3890 illud
1934 3832 2123 3889 decem

537 3929 804 3993 tribuum,
838 3926 998 3998 cujus
1028 3927 1246 3982 initium
1279 3926 1667 3993 Jeroboamus,
1698 3928 1795 3999 qui
1837 3935 1893 3984 et
1928 3926 2124 3996 juven-

537 4037 634 4076 cas
672 4021 1054 4093 primusipsis
1102 4019 1391 4079 fabricavit
1443 4042 1455 4077 :
1505 4023 1701 4093 hasque
1750 4030 2122 4081 consentanea

538 4112 693 4183 regni
724 4111 849 4167 novi
880 4092 1207 4166 absurditati
1243 4111 1387 4167 idola
1420 4112 1592 4168 multa
1614 4092 1687 4166 ac
1717 4112 1865 4166 varia
1889 4127 1956 4167 ex
1986 4126 2125 4169 auro

536 4204 871 4273 argentoque
898 4200 1004 4257 sibi
1031 4200 1427 4268 eﬂormaruut;
1476 4212 1508 4256 a
1554 4201 1759 4272 quibus
1797 4201 1944 4256 aliud
1983 4202 2121 4257 nihil

416 4342 425 4348 .
535 4307 697 4365 quam
745 4294 1130 4349 exterminium
1183 4309 1342 4350 suum
1395 4300 1825 4364 conseqdcntur.
1872 4292 1939 4346 Et
1987 4308 2123 4363 quo-

535 4388 683 4444 niam
732 4386 842 4443 illis
892 4388 1049 4459 regni
1101 4387 1228 4443 novi
1288 4387 1695 4443 institutionem
1748 4385 2120 4456 exprobravit,

2227 3187 2509 3251 παντελῶς
2536 3187 2994 3258 παρελογίσαντο,
3029 3192 3105 3256 ὡς
3142 3191 3238 3246 καὶ
3264 3193 3356 3247 τὸν
3393 3194 3523 3264 παρ’
3560 3194 3696 3265 ἐμοῦ
3727 3195 3821 3247 δο-

2228 3278 2390 3335 θέντα
2438 3279 2664 3351 βασιλέα
2725 3281 3255 3354 παραγραψάμενοι,
3320 3284 3477 3339 aurai.
3535 3284 3823 3356 βασιλείαν

2227 3374 2630 3445 κατεστήσαντο
2656 3374 2814 3441 ἰδίαν,
2836 3375 3027 3429 οὐδένα
3048 3375 3160 3430 τῶν
3181 3376 3308 3448 περῖ
3330 3378 3431 3449 ἐμὲ
3455 3378 3820 3449 ποιησάμενοι

2225 3465 2402 3535 λόγον·
2437 3465 2596 3519 τοῦτο
2621 3466 2730 3538 γὰρ
2762 3466 2910 3535 λέγει
2942 3467 3020 3530 τὸ,
3045 3484 3067 3518 ι
3098 3468 3211 3523 Οὐκ
3242 3471 3629 3539 ὲγνωρίσαντο.
3653 3497 3721 3511 -ι-
3740 3471 3821 3523 Τδ

2227 3556 2493 3627 ἀργύριον
2519 3555 2701 3609 αὐτῶν
2729 3558 2822 3610 καὶ⁵
2852 3557 2913 3610 τὺ
2938 3558 3159 3628 χρυσίον
3193 3559 3373 3613 αὐτῶν
3399 3560 3660 3632 ἐποίησαν
3687 3562 3823 3615 ἑαυ-

2225 3647 2338 3710 τοῖς
2372 3645 2602 3712 είδωλα,
2640 3646 2788 3709 ὅπως
2828 3644 3306 3717 ὲξολοθρευθῶσιν.
3355 3667 3374 3701 ι
3427 3651 3540 3704 Καὶ
3578 3650 3675 3720 τὴν
3713 3652 3823 3722 μὲν

2227 3739 2357 3810 παρ’
2396 3737 2530 3807 ἐμοῦ
2577 3737 2877 3808 βασιλείαν,
2913 3739 3013 3810 τήν
3052 3756 3112 3793 τε
3158 3742 3289 3813 περὶ
3321 3742 3414 3795 τὸν
3459 3742 3623 3813 νόμον
3670 3760 3820 3815 παρ-

2226 3829 2537 3901 εγράψαντο
2566 3828 2883 3902 θεραπείαν,
2914 3830 3194 3902 βασιλείαν
3218 3832 3277 3887 δὲ
3308 3833 3443 3887 ἰδίαν
3475 3835 3826 3907 καταστησά-

2228 3938 2381 3992 μενοι
2422 3921 2604 3994 (λέγει
2631 3922 2690 3976 δὲ
2732 3923 2831 3995 τὴν
2861 3923 2953 3976 ἐπὶ
2978 3922 3089 3977 τῶν
3129 3923 3260 3977 δέκα
3292 3924 3473 3995 φυλῶν
3503 3930 3819 3995 γεγονυῖαν,

2225 4014 2540 4087 ἀρξαμένην
2575 4015 2686 4070 ἀπὸ
2712 4015 2808 4070 τοῦ
2861 4015 3164 4089 Ἱεροϐοάμ,
3199 4019 3259 4084 δς
3293 4021 3388 4074 καὶ
3428 4020 3526 4083 τὰς
3552 4020 3822 4092 δαμάλεις·

2226 4107 2441 4178 πρῶτος
2466 4108 2651 4171 αὐτοῖς
2686 4108 3134 4179 κατεσκεύασεν),
3157 4110 3426 4165 ἀκόλουθα
3458 4115 3526 4185 τῇ
3555 4114 3685 4185 περὶ
3714 4114 3827 4186 τὴν

2224 4197 2455 4269 ἐκλογὴν
2470 4198 2571 4269 τῆς
2595 4198 2873 4271 βασιλείας
2894 4201 3098 4273 ἀτοπία
3118 4202 3595 4275 διαπραττόμενοι,
3620 4208 3694 4275 (p.
3720 4205 3818 4275 59)

2224 4290 2420 4344 εἴδωλα
2452 4291 2621 4346 πολλά
2644 4307 2705 4344 τε
2735 4292 2829 4345 καὶ⁵
2860 4292 3078 4346 ποικίλα
3111 4293 3180 4348 τά
3221 4295 3321 4365 μὲν
3353 4298 3417 4350 ὲκ
3447 4295 3650 4367 χρυσοῦ
3681 4315 3822 4352 κατ-

2224 4382 2553 4449 εσκεύασαν,
2580 4383 2648 4435 τὰ
2695 4381 2753 4436 δὲ
2782 4383 2843 4450 ἐξ
2880 4383 3144 4456 ἀργύρου⁹
3196 4387 3289 4456 ἀφ’
3330 4380 3405 4440 ὧν
3443 4389 3597 4442 οὐδὲν
3626 4389 3823 4462 ἓτερον

533 4478 677 4535 unde
707 4477 1065 4549 juv'encarum
1096 4475 1314 4535 facinus
1337 4484 1521 4532 ortum
1547 4485 1690 4541 erat,
1717 4482 2120 4546 consequenter

2228 4473 2339 4527 ἀλλ’
2384 4473 2416 4544 ἢ
2448 4474 2539 4528 τὸν
2577 4475 2888 4545 ἀφανισμὸν
2929 4476 3252 4548 κερδανοῦσι
3299 4479 3392 4533 τὸν
3429 4481 3629 4548 οἰκεῖον
3654 4499 3666 4511 ·
3721 4485 3822 4537 καὶ

534 4571 725 4627 addit:
758 4588 777 4620 ι
824 4569 1018 4641 Abjice
1060 4569 1314 4636 vitulum,
1344 4567 1626 4636 Samaria;
1673 4568 1987 4625 concitatus
2036 4576 2123 4625 est

535 4662 688 4717 furor
715 4676 874 4717 meus
922 4661 1188 4718 adversus
1233 4675 1353 4716 eos.
1395 4679 1413 4713 ι
1456 4657 1671 4717 Recede
1701 4669 1732 4715 a
1759 4660 2120 4730 iuvencarmn

537 4752 702 4821 impio
741 4750 930 4817 cultu;
961 4765 1142 4821 neque
1183 4749 1330 4805 enim
1364 4749 1723 4806 mediocriter
1763 4756 1979 4824 patrato
2012 4764 2125 4806 sce-

537 4843 636 4900 leri
665 4841 777 4913 39
801 4842 1031 4897 irascor.
1063 4860 1084 4893 ι
1122 4841 1424 4910 Quousque
1454 4840 1673 4899 tandem
1692 4842 1978 4899 emundari
2008 4854 2121 4897 non

535 4942 792 5006 poterunt
818 4934 873 4989 in
891 4931 1359 4990 lsracle?ldolunt
1390 4934 1496 4989 hoc
1521 4933 1720 4991 artifex
1750 4934 1902 5001 fecit,
1934 4942 1989 4989 et
2009 4949 2120 4990 non

533 5036 618 5083 cst
650 5025 812 5083 Deus.
839 5045 857 5077 ι
891 5022 1129 5092 Siccine,
1153 5039 1223 5081 ne
1246 5026 1510 5094 temporis
1534 5025 1756 5097 quidem
1780 5026 2119 5082 diuturnitas

535 5125 589 5172 te
628 5115 817 5172 docuit
866 5114 1103 5171 oﬂicium
1153 5116 1349 5169 tuum?
1409 5130 1586 5186 neque
1622 5124 1784 5173 tanta:
1826 5118 2123 5188 impietatis

536 5203 807 5257 maculam
852 5201 1080 5256 eluisti?
1125 5202 1221 5258 sed
1261 5204 1404 5258 idola
1449 5219 1713 5261 manuum
1758 5207 2120 5261 humanarum

534 5306 672 5361 opus
729 5290 1044 5357 admiraris,
1086 5307 1209 5361 qua:
1259 5308 1395 5350 sane
1438 5297 1789 5366 quandonam
1838 5296 1914 5351 dii
1972 5297 2119 5352 credi

537 5390 809 5451 poterunt,
842 5395 969 5436 cum
1004 5381 1168 5438 talem
1205 5383 1445 5442 habeant
1476 5388 1818 5444 exsistentia
1852 5403 1966 5445 suae
1987 5402 2119 5451 cau-

535 5471 692 5528 sam?
737 5490 757 5523 ι
804 5470 1098 5543 Propterea
1145 5471 1313 5529 fallax
1343 5483 1429 5530 est
1474 5475 1888 5544 vitulus.tuus,
1932 5491 1971 5531 ο
2018 5474 2121 5531 Sa-

535 5559 727 5614 maria.
769 5577 788 5612 »
825 5557 1079 5615 Nondum
1126 5561 1311 5634 itaque
1353 5565 1585 5636 potuisti
1636 5579 1990 5636 cognoscere,
2026 5567 2119 5637 ju-

533 5663 826 5704 vencarum
870 5649 1135 5706 fabricam
1175 5652 1277 5708 tibi
1322 5668 1550 5710 causam
1593 5654 1885 5710 aberrandi
1931 5671 1963 5711 a
2010 5655 2121 5713 Deo

532 5739 836 5809 exstitisse,
880 5756 1043 5814 quam
1099 5743 1172 5800 ob
1204 5759 1320 5801 rem
1368 5744 1522 5815 justo
1547 5761 1644 5802 eas
1688 5746 1818 5803 odio
1859 5750 2118 5819 prosequi

531 5833 775 5890 debeas?

2228 4566 2415 4636 ἐπειδὴ
2450 4565 2550 4638 τὴν
2589 4567 2691 4637 τῆς
2733 4566 3012 4636 βασιλείας
3044 4570 3230 4633 αὐτοῖς
3269 4570 3512 4624 ὠνείδισε
3557 4589 3823 4645 καινουρο

2226 4654 2374 4723 γίαν,
2409 4655 2532 4708 ὅθεν
2551 4655 2615 4725 δὴ
2652 4656 2798 4710 κατά
2818 4656 2930 4709 τῶν
2958 4658 3246 4729 δαμάλεων
3273 4661 3544 4733 ἐτολμήθη
3576 4663 3820 4735 πρῶτον,

2227 4743 2535 4807 ἀκολούθως
2578 4744 2796 4813 ἐπάγειο
2855 4764 2875 4798 ι
2935 4747 3267 4820 Ἀπόρῤιύιον
3314 4750 3406 4804 τὸν
3453 4752 3654 4823 μόσχον
3695 4772 3820 4820 σου,

2227 4834 2544 4905 Σαμάρεια·
2600 4835 2926 4908 παρωξύνθη
2975 4840 3003 4891 ὁ
3045 4838 3216 4910 θυμός
3258 4857 3358 4911 μου
3397 4843 3482 4893 ἐπ’
3524 4843 3743 4907 αὐτούς.
3798 4868 3821 4897 ο

2241 4927 2532 4997 Ἀπόστηθι
2559 4927 2624 4999 δὴ
2652 4929 2750 4999 τῆς
2785 4930 2912 5002 περὶ
2943 4931 3043 4995 τὰς
3070 4932 3333 5003 δαμάλεις
3374 4935 3628 4998 ἀσεϐείας
3647 4951 3660 4964 ·
3693 4939 3827 4992 οὐδὲ

2227 5020 2332 5092 γὰρ
2366 5020 2441 5083 ὼς
2470 5019 2658 5091 ἔτυχεν
2696 5020 2977 5094 ῶργισμαι
3013 5025 3106 5078 ἐπὶ
3147 5029 3212 5097 τῇ
3242 5026 3353 5079 τῶν
3377 5029 3682 5097 γεγονότων
3712 5047 3827 5083 πα-

2229 5109 2480 5181 ρανομίᾳ.
2518 5128 2536 5160 ι
2578 5110 2723 5175 Ἕως
2747 5112 2894 5176 τίνος
2925 5114 2986 5167 οὐ
3026 5113 3101 5186 μὴ
3130 5115 3391 5170 δύνωνται
3417 5118 3825 5190 καθαρισθῆναι

2224 5205 2282 5256 ὲν
2325 5202 2403 5273 τῷ
2457 5204 2706 5276 Ἰσραήλ;
2756 5206 2867 5259 Καὶ
2920 5207 3056 5261 αὐτὸ
3100 5210 3309 5263 τέκτων
3341 5211 3587 5282 ἐποίησε,
3625 5213 3718 5264 καὶ
3754 5214 3825 5266 οὗ

2224 5294 2355 5358 Θεός
2404 5296 2571 5351 ἐστιν.
2626 5316 2643 5349 ι
2692 5296 2831 5349 Ἀλλ’
2882 5299 3001 5352 οὐδὲ
3046 5300 3074 5351 ὁ
3122 5301 3331 5372 μακρὸς
3371 5302 3562 5373 χρόνος
3594 5303 3839 5368 ἐξεπαί-

2222 5386 2384 5440 δευσέ
2416 5405 2477 5440 σε
2524 5388 2587 5441 τὸ
2632 5374 2785 5456 δέον;
2829 5390 2953 5442 οὐδὲ
2991 5392 3196 5447 ἀπέθου
3233 5395 3331 5465 τῆς
3364 5396 3639 5467 τοσαύτης
3683 5398 3826 5450 ἀσε-

2224 5479 2376 5543 ϐείας
2397 5479 2490 5534 τὸν
2527 5480 2737 5550 ρύπον;
2776 5482 3010 5553 κέχηνας
3037 5484 3094 5537 δὲ
3125 5486 3255 5556 περὶ
3286 5486 3481 5540 εἴδωλα
3511 5486 3572 5551 ἐξ
3598 5486 3826 5559 ἀνθρω-

2223 5574 2396 5627 πίνων
2414 5573 2676 5644 γινόμενα
2701 5574 2924 5645 χειρῶν,
2949 5575 2986 5629 ἀ
3011 5574 3140 5629 πότε
3164 5577 3229 5631 ἂν
3256 5580 3483 5645 εἰκότως
3505 5583 3827 5652 νομισθεῐεν

2224 5664 2378 5729 θεοὶ,
2424 5664 2682 5736 τοιαύτην
2720 5664 2915 5735 ἔχοντα
2962 5671 3063 5739 τῆς
3110 5669 3397 5741 ὑπάρξεως
3452 5673 3555 5745 τὴν
3597 5674 3821 5737 αἱτίανς

2229 5772 2248 5806 ι
2290 5755 2435 5809 Διότι
2469 5754 2690 5809 πλανῶν
2719 5750 2789 5827 ἦν
2822 5759 2850 5810 ὁ
2890 5758 3089 5829 μόσχος
3130 5777 3245 5828 σου,
3295 5762 3602 5835 Σαμάρεια.
3642 5783 3660 5815 ι
3704 5766 3827 5824 Καὶ

2225 5849 2287 5902 οὐ
2310 5848 2603 5920 δεδύνησαι
2638 5849 2867 5905 συνιδεῖν
2889 5852 2972 5906 ὅτι
3000 5853 3032 5924 ή
3058 5853 3167 5909 τῶν
3188 5854 3474 5928 δαμάλεων
3500 5860 3835 5932 κατασκευὴ

531 5924 739 5998 πλάνης
787 5941 871 5981 σοι
899 5924 1001 5997 τῆς
1038 5926 1148 6015 ἀπὸ
1170 5926 1322 6017 ,Θεοῦ
1346 5926 1594 6021 ³γέγονεν
1633 5930 1804 6001 αἰτία,
1841 5931 1982 5991 ὥστε
2025 5937 2120 5993 καὶ
2148 5935 2237 5993 διὰ
2275 5938 2434 5997 τοῦτο
2461 5941 2658 6017 χρῆναι
2690 5946 2868 6017 μισεῖν
2895 5945 3033 6003 αὑτά
3061 5924 3317 6019 δικαίωςς
