4104 6536
374 358 477 416 1Ἰὸ
1501 359 1848 415 ΤΙΙΕΟΟΟΙΠ

2019 360 2396 419 PSUESTENI
3528 386 3633 443 ηδ

367 476 679 547 iniquitates
711 491 919 541 eorum,
971 484 1025 530 et
1072 474 1368 530 ulciscatur
1412 483 1633 544 peccata
1667 490 1877 531 eorum.

2011 529 2017 537 ,
2044 492 2138 545 γος
2158 478 2234 549 τῷ
2256 478 2394 551 Θεῷ,
2425 482 2544 537 οὐδέ
2567 501 2687 538 τινα
2719 485 2856 558 ὑπὲρ
2883 487 3084 542 τούτων
3105 490 3289 558 αὐτοῖς
3317 494 3424 551 τῶν
3452 514 3630 571 παρα-

367 568 577 624 Memor
610 583 800 623 eorum
830 583 952 638 qua:
987 567 1151 638 impie
1180 574 1432 638 egerunt,
1467 582 1577 621 non
1604 567 1908 638 propitiabo

2047 573 2377 642 νομημάτων
2404 578 2675 648 χαριεῖται
2701 577 2873 632 λύσιν.
2918 600 2936 633 t
2973 581 3085 635 Νῦν
3119 586 3487 660 μνησθήσεται
3519 567 3628 649 τῶν

365 661 495 727 illis,
527 660 620 716 sed
650 659 846 731 dignas
880 663 1119 731 peccatis
1147 660 1390 730 ipsorum
1424 674 1613 730 poenas
1643 662 1908 730 imponam

2045 659 2269 715 ἀδικιῶν
2295 665 2493 731 αὐτῶν,
2525 668 2619 722 καί
2649 669 2925 741 ἐκδικήσει
2948 673 3044 737 τὰς
3069 669 3341 748 ἁμαρτίας
3365 683 3568 739 αὐτῶν.
3603 706 3618 735 ι

370 770 388 801 ι
425 752 529 821 Ipsi
556 751 622 805 ad
638 751 935 822 Egyptum
956 766 1015 805 se
1035 764 1139 805 con
1150 758 1447 817 verterunt,
1471 749 1575 821 41
1596 758 1650 806 et
1670 751 1813 819 apud
1837 754 1908 806 As

2044 748 2405 837 Μεμνημένος
2434 756 2539 827 γάρ
2570 750 2645 811 ὧν
2690 759 2944 828 ἠσέϐουν,
2996 763 3153 829 ἵλεως
3186 768 3285 837 μὲν
3319 771 3499 836 αὐτοῖς
3528 774 3627 828 οὐκ

364 842 540 912 syrios
560 842 760 913 polluta
783 841 1097 897 comedunt.
1130 859 1149 894 ι
1179 840 1441 896 lnterhas
1455 856 1730 896 terumnas
1759 848 1908 911 peten

2042 836 2255 909 ἔσομαι,
2308 844 2605 914 ἀναλόγους
2648 849 2704 902 δὲ
2747 851 2857 903 τῶν
2908 860 3394 929 παρανομημάτων
3444 867 3624 932 αὐτοῖς

362 931 583 1001 quidem
615 933 682 987 ab
702 931 937 1004 Egypto
958 932 1244 996 auxilium,
1276 938 1331 985 at
1348 932 1555 986 nullum
1576 930 1703 985 inde
1727 932 1908 986 emolu

2042 929 2227 996 ἐπάξω
2253 933 2353 1027 τᾲς
2378 938 2666 1009 τιμωρίας.
2714 960 2731 993 ι
2768 943 2930 997 Αὐτοὶ
2960 947 3309 1020 ἀπέστρεψαν
3336 956 3415 1018 εἰς
3453 929 3624 1027 Atyn;

362 1031 607 1077 mentum
657 1024 909 1093 capient;
947 1023 1041 1078 sed
1086 1023 1284 1093 captivi
1318 1022 1374 1076 in
1421 1021 1701 1093 Assyriam
1737 1021 1908 1078 abacti

2042 1039 2192 1089 πτον,
2221 1026 2315 1078 καὶ
2342 1027 2423 1091 εἰς
2462 1029 2782 1101 Ἀσσυρίους
2812 1034 3098 1109 ἀκάθαρτα
3132 1040 3421 1110 φάγονται.
3460 1066 3479 1098 ι
3536 1021 3624 1103 ξΕν

361 1114 643 1169 servitutis
672 1115 1027 1184 experientur
1060 1114 1225 1168 mala.
1257 1132 1276 1165 ι
1308 1113 1373 1167 Et
1413 1114 1617 1168 oblitus
1649 1119 1735 1169 est
1774 1112 1908 1167 lsrac

2038 1113 2096 1208 δὲ
2120 1116 2338 1208 τούτοις
2383 1123 2497 1185 τοῖς
2524 1122 2718 1188 δεινοῖς
2761 1128 3046 1200 αἰτήσουσι
3095 1133 3193 1202 μὲν
3241 1133 3303 1201 ἐξ
3344 1139 3622 1208 Αἰγύπτου

357 1202 585 1260 factoris
618 1206 726 1270 sui,
762 1213 816 1260 et
844 1204 1135 1260 aediﬁcavit
1165 1205 1413 1260 delubra.
1457 1203 1525 1258 Et
1551 1202 1722 1260 Judas
1751 1205 1907 1259 multi

2041 1203 2314 1277 βοήθειαν,
2365 1210 2632 1279 ὠφέλειαν
2678 1213 2735 1267 δὲ
2781 1216 3030 1272 ἐντεῦθεν
3080 1202 3465 1293 καρπώσονται
3499 1230 3621 1283 οὐδὲ

358 1296 579 1365 plicavit
622 1298 786 1354 urbes
818 1297 1056 1352 munitas
1094 1315 1106 1351 :
1143 1307 1197 1352 et
1240 1296 1454 1351 mittam
1500 1295 1680 1366 ignem
1722 1297 1776 1350 in
1803 1295 1907 1350 civi

2040 1296 2191 1367 μίαν,
2242 1300 2578 1371 αἰχμάλωτοί
2633 1321 2692 1357 τε
2741 1306 3080 1378 ἀπαγόμενοι
3123 1313 3205 1376 εἰς
3265 1315 3617 1389 Ἀσσυρίους.

356 1394 497 1444 tates
545 1388 690 1459 ejus,
737 1398 789 1444 et
843 1387 1128 1443 devorabit
1191 1386 1546 1442 fundamenta
1606 1387 1845 1442 illarum.

2037 1389 2133 1442 καὶ
2157 1389 2254 1458 τῆς
2281 1391 2357 1454 ὡς
2381 1393 2438 1446 ὲν
2468 1394 2815 1467 αἰχμαλωσίᾳ
2837 1395 3171 1471 πειρώμενοι
3200 1386 3480 1471 κακίας.)
3513 1410 3619 1464 Καὶ
3664 1446 3675 1459 η.

353 1479 603 1535 Creatori
632 1495 734 1537 suo
772 1481 983 1535 nullum
1014 1478 1228 1535 deferre
1260 1480 1585 1550 obsequium
1621 1479 1908 1535 voluerunt

2036 1478 2329 1533 ἐπελάθετο
2371 1483 2587 1555 Ἰσραὴλ
2622 1483 2718 1539 τοῦ
2771 1488 3096 1559 ποιήσαντος
3136 1494 3320 1558 αὐτὸν,
3357 1497 3452 1552 καί
3479 1498 3619 1559 ᾠκο-

354 1570 453 1626 sed
487 1571 713 1627 delubra
767 1571 1176 1628 aediﬁcaverunt
1210 1572 1280 1625 ob
1329 1570 1597 1625 idolorum
1636 1571 1907 1625 culturam

2033 1568 2235 1639 δόμησε
2266 1571 2486 1642 τεμένηο
2520 1554 2615 1628 καὶ
2666 1554 3165 1651 Ἰούδας-ἐπλήθυνε
3213 1554 3401 1650 πόλεις
3445 1554 3619 1642 τετει-

355 1662 477 1719 Mox
506 1665 670 1721 urbes
692 1667 920 1736 insuper
949 1665 1223 1721 moenibus
1253 1663 1598 1719 communire
1623 1662 1904 1717 tentabant

2033 1658 2317 1728 χισμένας·
2346 1660 2440 1713 καὶ
2471 1662 2813 1728 ἐξαποστελῶ
2844 1664 2956 1737 πῦρ
2979 1668 3059 1731 εἰς
3081 1667 3181 1733 τὰς
3216 1671 3399 1738 πόλεις
3425 1675 3611 1740 αὐτοῦ,

349 1753 510 1823 quasi
538 1753 759 1825 aliquod
804 1753 965 1810 malis
1019 1751 1318 1809 remedium
1370 1752 1447 1807 ita
1488 1751 1787 1807 inventuri.
1820 1751 1908 1807 Set

2033 1747 2129 1801 καὶ
2161 1750 2535 1819 καταφάγεται
2562 1753 2629 1806 τά
2662 1753 2887 1824 θεμέλια
2919 1756 3119 1814 αὐτῶν.
3152 1778 3169 1812 r
3203 1762 3311 1816 Τοῦ
3369 1765 3470 1835 μὲν
3508 1768 3617 1839 γὰρ

344 1861 527 1916 neque
550 1845 664 1900 haec
694 1846 776 1901 eis
799 1844 1102 1916 proderunt
1147 1842 1315 1898 hilum
1344 1861 1358 1898 :
1388 1852 1591 1898 tantam
1621 1843 1767 1899 enim
1797 1850 1908 1895 tam

2034 1840 2394 1910 πεποιηκότος
2423 1842 2620 1906 αὐτοὺς
2666 1843 2824 1914 λόγον
2855 1845 3002 1919 ἔχειν
3034 1850 3135 1904 οὐκ
3184 1852 3489 1920 ἐϐούλοντο,
3522 1819 3617 1910 te:

347 1951 455 2007 que
476 1936 801 2003 terribilem,
827 1937 1068 1992 hostium
1094 1950 1281 1998 manu,
1305 1934 1411 1990 illis
1428 1949 1646 2005 poznam
1666 1933 1900 2004 inﬂigam

2037 1931 2172 2020 μένη
2204 1931 2261 1985 δὲ
2309 1934 2401 1989 ἐπὶ
2430 1938 2496 2007 τῇ
2541 1934 2651 1990 τῶν
2696 1938 2929 1995 εἰδώλων
2959 1941 3272 2016 ᾠκοδόμουν
3325 1946 3614 2020 θεραπείᾳ·

349 2043 472 2098 quae
508 2029 650 2100 ignis
689 2028 866 2083 instar
890 2038 1121 2083 cunctos
1149 2041 1502 2092 consumens,
1536 2041 1567 2081 a
1602 2025 1908 2082 fundamen‘

2034 2017 2154 2076 εἶτα
2186 2024 2279 2078 ἐπὶ
2306 2025 2515 2091 τούτοις
2562 2027 2661 2093 τὰς
2696 2030 2881 2095 πόλεις
2907 2026 3145 2105 τείχεσιν
3172 2016 3423 2109 ὀχειροῦν
3456 2016 3614 2093 ’ἐπει-

344 2117 416 2172 tis
443 2115 836 2188 propemodum
871 2116 1035 2172 urbes
1069 2116 1314 2186 ipsorum
1346 2121 1579 2169 cunctas
1611 2112 1835 2168 delebit.

2039 2114 2243 2185 ρῶντο,
2289 2116 2365 2182 ὼς
2396 2118 2464 2172 ἂν
2494 2120 2670 2193 τούτῳ
2714 2122 2835 2176 τινα
2876 2123 3032 2180 λύσιν
3068 2126 3391 2200 εὑρήσοντες
3418 2131 3493 2201 (p.
3523 2131 3613 2187 δεδι

340 2212 451 2267 τῶν
479 2213 686 2268 κακῶν·
712 2213 896 2285 ὀνήσει
920 2212 975 2267 δὲ
1001 2210 1198 2274 αὐτοὺς
1212 2208 1333 2262 οὐδὲ
1354 2207 1525 2261 ταῦτα
1548 2206 1722 2261 οὐδέν·
1748 2206 1935 2278 ἐπειδὴ
1957 2209 2209 2279 τοιαύτην
2224 2212 2319 2265 καί
2339 2212 2482 2267 οὕτω
2508 2215 2745 2287 φοϐερὰν
2765 2218 2949 2279 αὐτοῖς
2966 2216 3065 2288 τὴν
3091 2218 3178 2272 διὰ
3206 2218 3314 2273 τῶν
3340 2220 3613 2293 πολεμίων

340 2304 529 2371 ἐπάξω
550 2305 844 2377 τιμωρίαν,
888 2302 1029 2358 ὥστε
1064 2304 1235 2377 πυρὸς
1267 2304 1423 2374 δίκην
1480 2305 1728 2368 ἅπαντας
1774 2304 2193 2379 ἐπινεμομένην,
2248 2310 2406 2380 μόνον
2447 2314 2546 2367 οὐκ
2601 2314 2666 2366 ὲκ
2707 2312 2922 2385 βάθρων
2969 2313 3185 2379 ἁπάσας
3234 2315 3413 2370 αὐτῶν
3466 2318 3611 2386 ἀφα.

338 2392 483 2450 νίσαι
516 2394 615 2458 τὰς
648 2395 853 2459 πόλεις.

994 2580 1142 2637 CAP.
1180 2579 1266 2633 IX.

2676 2584 2834 2637 ΚΕΦ.
2881 2583 2959 2637 Θ’.

403 2740 571 2794 Vens.
604 2738 721 2795 ἰοί.
762 2768 834 2781 —
877 2755 894 2789 ι
925 2735 1045 2793 Noli
1078 2737 1271 2803 Iretari,
1301 2735 1487 2803 Israel,
1515 2737 1626 2792 noli
1646 2737 1920 2795 eisultare

336 2833 480 2887 sicut
517 2831 725 2901 populi,
751 2829 881 2900 quia
901 2827 1210 2884 fornicatus
1225 2843 1286 2884 es
1308 2842 1337 2881 ιι
1372 2826 1608 2883 Domino
1629 2826 1740 2883 Deo
1765 2836 1880 2882 tuo.
1897 2848 1915 2879 ο

334 2923 691 2993 Nequaquam
728 2921 890 2976 decet
927 2935 1048 2985 vos,
1071 2935 1225 2991 :eque
1258 2935 1322 2975 ac
1352 2920 1595 2990 reliquos
1646 2920 1918 2984 homines,

336 3013 507 3069 laetari
562 3027 627 3066 ac
673 3012 870 3082 gestire
902 3028 916 3066 :
948 3011 1151 3068 etenim
1192 3010 1273 3065 illi
1332 3010 1535 3064 nullam
1582 3017 1914 3079 acceperunt

333 3104 638 3158 doctrinam
680 3116 801 3173 quae
834 3099 901 3155 ad
943 3115 1126 3157 veram
1174 3101 1327 3170 ipsos
1356 3100 1674 3172 religionem
1708 3101 1915 3157 ducere

334 3201 520 3263 posset
549 3211 563 3248 :
591 3206 689 3247 vos
733 3197 915 3245 autem
945 3197 1077 3260 post
1107 3188 1457 3260 disciplinam
1489 3189 1741 3254 multam,
1788 3189 1912 3245 Dei-

2088 2729 2236 2800 Στίχ.
2265 2728 2408 2783 α’-δ¹.
2447 2757 2521 2770 -
2556 2747 2575 2780 ‹
2613 2729 2705 2800 Μὴ
2743 2730 2924 2801 χαῖρε,
2961 2728 3212 2801 Ἰσραὴλ,
3247 2730 3341 2784 καὶ
3388 2728 3466 2802 μὴ
3512 2731 3606 2786 εύ-

2018 2818 2247 2888 φραίνου
2271 2815 2455 2881 καθὼς
2489 2818 2539 2870 οί
2585 2817 2725 2885 λαοὶ,
2771 2818 2855 2872 ὅτι
2883 2816 3223 2889 ὲπόρνευσας
3259 2818 3369 2874 ἀπὸ
3396 2821 3603 2892 Κυρίου

2018 2907 2111 2961 τοῦ
2137 2907 2274 2961 Θεοῦ
2304 2925 2419 2962 σου.
2453 2928 2472 2961 r
2507 2910 2581 2963 Οὐ
2608 2910 2788 2964 τοίνυν
2822 2909 3218 2983 παραπλησίως
3250 2914 3365 2976 τοῖς
3397 2912 3603 2977 λοιποῖς

2019 2999 2325 3072 ἀνθρώποις
2355 3002 2625 3072 ἁρμόττον
2658 3002 2788 3073 ὑμῖν
2818 3002 3205 3074 εὐφραίνεσθαι
3236 3004 3332 3058 καὶ
3367 3006 3599 3078 χαίρειν·

2018 3090 2205 3163 ἐπειδὴ
2235 3093 2285 3145 οἰ
2318 3092 2419 3163 μὲν
2455 3092 2580 3146 οὐδὲ
2613 3092 2743 3164 μίαν
2780 3092 3031 3158 ἐδέξαντο
3060 3094 3416 3150 διδασκαλίαν
3460 3096 3600 3169 πρὸς

2016 3183 2294 3238 εὐσέϐειαν
2327 3185 2525 3249 αὐτοὺς
2546 3185 2699 3254 ἄγειν
2720 3186 2839 3239 οἵαν
2862 3202 2921 3239 τε
2956 3181 3143 3239 οὖσαν·
3181 3187 3341 3258 ὑμεῖς
3369 3186 3427 3241 δὲ
3457 3189 3594 3259 μετὰ

333 3300 441 3355 que
470 3283 744 3347 notitiam,
786 3289 968 3336 mente
999 3281 1130 3336 laeva
1165 3295 1196 3334 a
1240 3280 1473 3336 scientia
1510 3281 1666 3336 vobis
1709 3281 1908 3337 tradita

2015 3274 2218 3346 πολλὴν
2240 3275 2520 3329 παίδευσίν
2541 3292 2599 3329 τε
2634 3276 2728 3330 καὶ
2759 3275 3055 3346 ἐπίγνωσιν
3081 3276 3175 3331 τοῦ
3204 3276 3365 3344 Θεοῦ,
3394 3278 3599 3351 μοχθη-

335 3372 673 3436 recedentes,
722 3371 790 3425 ad
838 3370 1109 3425 idolorum
1151 3370 1361 3425 cultum
1411 3368 1733 3429 deﬂexistis.
1771 3370 1908 3429 «Di-

2016 3363 2110 3437 ρίᾳ
2142 3364 2371 3437 γνώμης
2400 3363 2500 3435 τῆς
2544 3365 2975 3436 προσγεγονυίας
3019 3365 3151 3435 ὑμῖν
3178 3364 3434 3436 γνώσεως
3459 3368 3595 3421 ἀπο.

335 3464 517 3521 lexisti
550 3479 776 3519 munera
804 3479 970 3534 super
1014 3477 1232 3518 omnem
1281 3476 1466 3519 aream
1511 3461 1705 3519 tritici.
1731 3482 1751 3516 ι
1794 3462 1912 3519 Uti-

334 3571 442 3626 que
487 3554 653 3609 etiam
696 3553 969 3625 primitias
1019 3553 1236 3625 frugum
1278 3554 1526 3609 omnium
1568 3553 1910 3613 daemonibus

333 3646 605 3709 obtulisti,
633 3645 835 3716 quibus
872 3645 1125 3701 datorum
1151 3646 1250 3701 tibi
1274 3644 1544 3702 bonorum
1560 3660 1786 3701 causam
1809 3646 1911 3701 im-

336 3737 588 3805 putabas.
627 3752 645 3786 ι
671 3733 741 3797 Et
782 3749 910 3791 area
954 3748 1018 3789 ac
1074 3733 1319 3790 torcular
1374 3748 1485 3789 non
1545 3735 1697 3791 novit
1729 3749 1847 3791 eos.
1882 3752 1902 3786 ι

334 3824 583 3881 Meritam
615 3825 864 3882 referetis
914 3836 1157 3897 paruam,
1204 3825 1483 3883 fructuum
1523 3830 1905 3899 privationem.

338 3936 357 3968 ε
386 3916 503 3973 Non
540 3916 929 3973 habitaverunt
956 3918 1013 3973 in
1040 3924 1191 3973 terra
1226 3916 1461 3974 Domini.
1492 3937 1514 3973 ι
1549 3918 1626 3975 Ne
1667 3920 1722 3975 in
1761 3927 1907 3976 terra

332 4010 555 4080 quidem
586 4011 743 4067 vobis
771 4024 1042 4068 concessa
1080 4012 1394 4068 manebitis.
1425 4010 1675 4083 Namque
1709 4034 1728 4067 ι
1747 4015 1906 4070 babi—

333 4108 584 4157 taverunt
610 4120 629 4154 ι
651 4101 786 4156 dicit
814 4116 918 4172 pro
938 4119 958 4153 ι
987 4101 1331 4170 habitabunt,
1359 4123 1378 4156 ι
1405 4114 1669 4161 consueta
1696 4114 1906 4177 tempo-

330 4208 456 4248 rum
471 4192 716 4264 enallage
744 4200 926 4257 utens,
960 4194 1104 4250 sicut
1127 4195 1270 4266 apud
1296 4196 1515 4252 beatum
1544 4196 1654 4269 42
1685 4213 1906 4269 quoque

331 4283 588 4340 Davidem
622 4283 674 4339 id
702 4298 846 4352 saepe
892 4287 1186 4341 usuvenire
1233 4302 1335 4343 nos
1377 4286 1901 4346 demonstravimus.

335 4395 356 4429 ι
378 4374 652 4455 Habitavit
689 4373 1017 4446 Ephraimus
1040 4377 1094 4432 in
1125 4376 1377 4451 Egypto,
1394 4388 1449 4434 et
1475 4379 1620 4450 apud
1644 4381 1902 4452 Assyrios

327 4466 533 4536 polluta
558 4467 872 4523 comedunt.
896 4487 915 4521 ι
952 4465 1250 4540 Postquam
1296 4470 1519 4528 exsules
1553 4471 1610 4526 in
1660 4470 1900 4544 Egypto

2014 3456 2265 3523 στάντες,
2304 3457 2400 3511 ἐπὶ
2426 3457 2526 3529 τὴν
2552 3455 2662 3511 τῶν
2685 3456 2921 3511 εἰδώλων
2955 3457 3233 3530 έτράπητε
3280 3457 3591 3530 θεραπείαν.

2018 3567 2037 3600 ι
2069 3548 2391 3621 Ἥγάπησας
2407 3547 2618 3617 δόματα
2646 3547 2739 3629 sit}.
2754 3549 2934 3601 πᾶσαν
2954 3547 3134 3601 ἆλωνα
3156 3546 3326 3601 σίτου.
3355 3565 3377 3600 ι
3403 3545 3513 3601 Καὶ
3530 3547 3597 3620 δὴ

2011 3642 2106 3697 καὶ
2131 3642 2399 3714 ’ἀπαρχὰς
2443 3640 2504 3709 ἐξ
2544 3639 2800 3694 ἁπάντων
2849 3639 3127 3713 προσῆγες
3167 3642 3280 3705 τοῖς
3321 3640 3593 3712 δαίμοσιν,

2009 3734 2191 3799 αὐτοῖς
2217 3732 2563 3805 λογιζόμενος
2605 3730 2714 3786 τῶν
2752 3730 3016 3785 δοθέντων
3043 3729 3145 3804 τὴν
3178 3731 3382 3785 αἰτίαν.
3431 3750 3450 3784 t
3483 3733 3593 3785 Καὶ

2009 3826 2154 3882 ἆλων
2199 3824 2298 3881 καὶ
2326 3825 2485 3897 ληνὸς
2511 3825 2613 3879 οὐκ
2644 3824 2785 3894 ἔγνω
2828 3824 3046 3888 αὐτούς.
3081 3842 3101 3875 ι
3147 3823 3362 3877 Δώσετε
3410 3825 3591 3879 τοίνυν

2007 3916 2162 3989 δίκην
2189 3916 2368 3983 ἀξίαν,
2395 3915 2506 3970 τῶν
2546 3915 2776 3987 καρπῶν
2804 3914 2905 3987 την
2924 3914 3235 3987 ἀφαίρεσιν.
3290 3934 3309 3968 ι
3349 3917 3422 3969 Οὐ
3454 3934 3588 3971 κατ-

2007 4008 2228 4081 ῴκησαν
2253 4011 2313 4062 ὲν
2337 4011 2404 4080 τῇ
2425 4011 2497 4080 γῇ
2520 4006 2614 4062 τοῦ
2627 4007 2855 4080 Κυρίου.
2891 4025 2911 4059 ι
2946 4007 3082 4062 οὐδὲ
3108 4007 3218 4079 γὰρ
3246 4007 3340 4063 ἐπὶ
3356 4007 3459 4079 τῆς
3483 4008 3586 4080 γῆς

2004 4102 2103 4173 τῆς
2123 4100 2369 4171 δοθείσης
2391 4101 2519 4172 ὑμῖν
2540 4102 2771 4170 μενεῖτεο
2796 4099 2861 4153 τὸ
2883 4098 3013 4171 γὰρ,
3044 4117 3064 4151 ι
3092 4099 3154 4152 ού
3178 4097 3529 4170 κατῴκησαν,
3562 4119 3581 4151 ι

2003 4193 2126 4248 ἀντὶ
2156 4190 2273 4257 τοῦ,
2298 4192 2360 4246 οὐ
2393 4192 2781 4262 κατοικήσουσι
2803 4229 2820 4257 ,
2853 4193 2920 4263 τῇ
2952 4189 3221 4262 ἐναλλαγῇ
3260 4192 3353 4245 τοῦ
3388 4190 3585 4262 χρόνου

2005 4285 2250 4358 συνήθως
2282 4284 2661 4357 χρησάμενος,
2709 4282 2852 4339 καθὰ
2894 4284 2989 4338 καὶ
3020 4283 3174 4355 παρὰ
3200 4283 3278 4356 τῷ
3327 4284 3585 4355 μακαρίῳ

2001 4377 2166 4431 Δαυῒδ
2190 4377 2249 4429 ὲν
2276 4376 2490 4441 πολλοῖς
2517 4377 2647 4447 ἡμῖν
2672 4375 2941 4429 δέδεικται
2968 4374 3146 4430 τοῦτο.
3182 4394 3201 4428 t
3239 4375 3582 4445 Κατῴκησεν

2014 4465 2253 4539 Ἐφρατμ
2275 4465 2579 4534 Ατγυπτον,
2610 4465 2704 4519 καί
2731 4466 2789 4520 ἐν
2824 4465 3129 4535 Ἀσσυρίοις
3154 4465 3441 4536 ἀκάθαρτα
3474 4467 3579 4535 φά-

330 4556 566 4621 fueritis,
615 4558 767 4614 illinc
790 4572 983 4617 omnes
1008 4559 1076 4617 ad
1121 4559 1477 4634 .Assyriacam
1531 4563 1897 4633 captivitatem

2011 4574 2209 4628 γονται.
2247 4576 2267 4610 ι
2316 4560 2392 4628 (p.
2435 4556 2526 4628 64)
2558 4556 2798 4625 Φυγάδες
2832 4555 2889 4609 δὲ
2920 4554 3016 4608 ἐπὶ
3048 4555 3146 4627 τὴν
3170 4553 3445 4624 Αἴγυπτον
3471 4572 3578 4624 γε-

326 4642 756 4700 transferemini.
812 4662 833 4696 ι
884 4643 1008 4701 Non
1052 4647 1361 4703 libaverunt
1407 4648 1639 4706 Domino
1685 4653 1894 4719 vinum,

2011 4645 2215 4715 γονότες
2236 4684 2253 4711 ,
2285 4642 2494 4698 ἐκεῖθεν
2528 4642 2750 4705 ἄκοντες
2781 4643 2847 4711 τῇ
2882 4641 2992 4696 τῶν
3052 4641 3351 4713 Ἀσσυρίων
3374 4644 3578 4713 αἰχμα-

326 4748 427 4788 nec
453 4733 503 4788 ei
527 4734 872 4803 placuerunt.
896 4752 917 4788 ι
953 4732 1023 4791 Ει
1053 4737 1404 4794 ferendarum
1443 4741 1633 4812 utique
1655 4742 1723 4798 ad
1755 4744 1899 4800 idola

2011 4734 2168 4805 ιωσίᾳ
2185 4730 2623 4805 παραδοθήσεσθε
2646 4730 2867 4794 πάντες.
2889 4747 2911 4784 ι
2938 4732 3053 4785 Οὐκ
3074 4731 3332 4787 ἔσπεισαν
3356 4733 3435 4804 τῷ
3462 4735 3577 4786 Κυ-

306 4821 666 4877 oblationan
709 4823 953 4880 studium
1009 4833 1222 4882 tantum
1255 4843 1321 4884 ac
1367 4830 1749 4890 liberalitatem
1786 4851 1899 4907 prae

2011 4830 2101 4898 ρίῳ
2139 4822 2301 4891 οἶνον,
2347 4824 2444 4877 καὶ
2480 4823 2578 4893 οὐχ
2614 4823 2816 4893 ἧδυναν
2859 4822 3029 4894 αὐτῷ.
3075 4842 3095 4876 ι
3135 4824 3247 4878 Καὶ
3293 4825 3422 4896 περί
3476 4826 3575 4896 μὲν

325 4927 385 4969 se
413 4914 693 4984 gerebant,
727 4923 784 4971 ut
804 4932 871 4972 ex
900 4918 1050 4973 omni
1072 4932 1199 4974 area
1226 4920 1501 4989 primitias
1531 4925 1638 4981 illis
1661 4925 1893 4983 darent:

2011 4919 2095 4981 τὰς
2126 4918 2234 4972 τῶν
2270 4915 2504 4970 εἰδώλων
2536 4914 2852 4987 προσφορὰς
2881 4915 3151 4986 τοσαύτην
3196 4916 3575 4971 ἐπεδείκνυντο

322 5015 701 5063 verumtamen
735 5006 1005 5065 bonorum
1035 5010 1282 5066 omnium
1314 5012 1493 5070 datori
1521 5015 1653 5086 Deo,
1681 5033 1753 5074 ne
1781 4996 1897 5076 vini

2011 5008 2094 5081 τὴν
2135 5006 2368 5078 σπουδὴν
2398 5006 2493 5061 καὶ
2530 5007 2629 5078 τὴν
2677 5006 3007 5077 φιλοτιμίαν,
3043 5006 3187 5062 ὥστε
3235 5007 3345 5062 ἀπὸ
3391 5009 3572 5078 πάσης

324 5094 542 5166 quidem
588 5097 849 5153 libamina
910 5097 1104 5157 oti‘erre
1130 5117 1377 5174 unquam
1424 5108 1739 5176 voluerunt,
1795 5126 1898 5168 nec

2011 5103 2202 5166 ῑιλωνος
2230 5101 2412 5165 αὐτοῖς
2442 5099 2697 5172 ἀπαρχὰς
2722 5099 2942 5156 διδόναι·
2969 5100 3050 5172 τῷ
3082 5100 3140 5155 δὲ
3171 5099 3290 5171 Θεῷ
3327 5101 3406 5172 τῷ
3433 5102 3570 5155 πάνο

324 5185 622 5256 quidquam
653 5202 814 5259 agere
855 5188 1001 5259 quod
1029 5189 1137 5247 Deo
1168 5192 1477 5264 jucundum
1519 5214 1645 5255 esse
1686 5203 1896 5271 potuis-

2011 5210 2102 5247 ιων
2136 5192 2319 5255 αὐτοῖς
2365 5189 2524 5262 αἰτίῳ
2552 5189 2660 5244 τῶν
2705 5190 2944 5261 ἀγαθῶν,
2985 5190 3108 5244 οὐδὲ
3157 5191 3388 5255 σπονδὰς
3425 5192 3568 5245 οἴνου

323 5281 425 5338 set,
463 5291 563 5346 pro
594 5276 781 5334 dantis
811 5287 960 5336 certe
990 5284 1295 5352 proposito.
1324 5283 1462 5341 Nam
1487 5289 1633 5344 sicut
1660 5290 1742 5345 ait
1765 5290 1897 5346 bea-

2011 5282 2291 5355 προσάγειν
2313 5279 2517 5335 εἵλοντο
2551 5280 2788 5346 πώποτε,
2821 5280 2943 5335 ούδὲ
2985 5296 3040 5333 τι
3078 5283 3301 5351 ποιῆσαι
3330 5281 3440 5335 τῶν
3470 5284 3570 5338 ὅσα

322 5374 410 5420 tus
432 5363 600 5420 David
628 5384 642 5422 :
687 5384 707 5420 ι
730 5364 1041 5427 Iucundum
1067 5372 1142 5428 sit
1171 5374 1222 5431 ei
1240 5375 1519 5447 eloquium
1553 5394 1734 5435 meum
1756 5379 1802 5412 ³⁸
1829 5398 1844 5447 ;
1867 5398 1889 5435 ι

2011 5372 2137 5443 ᾔδειν
2169 5369 2430 5441 ⁴ηδύναντο
2462 5368 2554 5423 τὸν
2583 5369 2716 5424 Θεὸν
2740 5368 2828 5423 διὰ
2852 5367 2951 5440 τὴν
2972 5367 3082 5421 τῶν
3110 5368 3405 5423 ποιούντων
3431 5372 3535 5441 πρό
3552 5399 3565 5409 ‹

323 5454 374 5509 id
401 5466 486 5511 est
511 5456 671 5513 dulce
706 5465 761 5514 et
789 5462 1124 5534 acceptabile
1159 5465 1441 5535 videatur;
1489 5467 1568 5524 ita
1608 5468 1714 5525 hoc
1745 5470 1888 5535 loco,

2011 5465 2159 5517 laatv'
2183 5460 2259 5526 ὡς
2293 5460 2402 5533 γάρ
2431 5461 2459 5514 ὁ
2488 5461 2757 5542 μακάριος
2796 5460 2947 5530 λέγει
2982 5460 3145 5514 Δαυῒδ
3168 5500 3182 5523 ,
3220 5480 3239 5513 ι
3288 5461 3564 5532 Ἡδυνθείη

324 5565 343 5598 ι
363 5545 480 5603 Non
505 5549 830 5618 placuerunt
858 5554 908 5609 ei
931 5574 980 5621 ,ι
1021 5556 1227 5613 dicitur
1254 5573 1375 5630 pro,
1405 5557 1558 5616 Nihil
1585 5562 1638 5617 ei
1673 5570 1889 5633 gratum

2011 5552 2140 5625 ιύτῷ
2171 5556 2204 5623 ἡ
2245 5552 2468 5624 διαλογή
2506 5568 2630 5623 μου,
2667 5570 2686 5603 ι
2724 5552 2845 5606 ἀντὶ
2894 5551 3009 5617 τοῦ,
3055 5552 3237 5606 Ἠδεία
3274 5551 3424 5622 αὐτῷ
3470 5553 3568 5606 καὶ

320 5635 497 5691 facere
531 5653 767 5709 unquam
812 5642 1123 5702 voluerunt.
1174 5646 1383 5704 Deinde
1419 5657 1478 5705 ut
1525 5648 1886 5721 demonstret,

2011 5644 2266 5719 προσηνὴς
2298 5643 2512 5714 φανείη·
2550 5641 2607 5696 οίτ
2620 5659 2721 5706 τως
2758 5640 2995 5697 ἐνταῦθα
3023 5643 3190 5713 λέγει’
3228 5662 3246 5697 t
3289 5643 3403 5715 Οὐχ
3432 5641 3564 5716 ἥδυ-

395 5825 439 5855 ¹⁶
461 5822 607 5881 Psal.
640 5840 754 5898 cnt,
775 5829 864 5886 54.
