  <div class='ocr_page' id='page_1' title='image "/cluster/home/n/w/nwhite01/storage/ocr_20150623/66/coo.31924054869676/096.png"; bbox 0 0 4104 6464; ppageno 0'>
   <div class='ocr_carea' id='block_1_1' title="bbox 490 456 599 512">
    <p class='ocr_par' dir='ltr' id='par_1_1' title="bbox 490 456 599 512">
     <span class='ocr_line' id='line_1_1' title="bbox 490 456 599 512; baseline 0.018 -2"><span class='ocrx_word' id='word_1_1' title='bbox 490 456 599 512; x_wconf 75' lang='grc' dir='ltr'><strong>ΠῚ</strong></span> 
     </span>
    </p>
   </div>
   <div class='ocr_carea' id='block_1_2' title="bbox 1510 460 2760 527">
    <p class='ocr_par' dir='ltr' id='par_1_2' title="bbox 1510 460 2760 527">
     <span class='ocr_line' id='line_1_2' title="bbox 1510 460 2760 527; baseline 0.009 -11"><span class='ocrx_word' id='word_1_2' title='bbox 1510 460 2068 520; x_wconf 75' lang='lat' dir='ltr'><strong>COMMENTARIUS</strong></span> <span class='ocrx_word' id='word_1_3' title='bbox 2110 466 2174 522; x_wconf 81' lang='lat' dir='ltr'><strong>IN</strong></span> <span class='ocrx_word' id='word_1_4' title='bbox 2214 466 2418 524; x_wconf 74' lang='grc' dir='ltr'>08ΕιΕ</span> <span class='ocrx_word' id='word_1_5' title='bbox 2471 469 2624 527; x_wconf 80' lang='lat' dir='ltr'><strong>CAP.</strong></span> <span class='ocrx_word' id='word_1_6' title='bbox 2669 470 2760 527; x_wconf 79' lang='lat' dir='ltr'><strong>IX.</strong></span> 
     </span>
    </p>
   </div>
   <div class='ocr_carea' id='block_1_3' title="bbox 3707 473 3811 531">
    <p class='ocr_par' dir='ltr' id='par_1_3' title="bbox 3707 473 3811 531">
     <span class='ocr_line' id='line_1_3' title="bbox 3707 473 3811 531; baseline -0.019 -1"><span class='ocrx_word' id='word_1_7' title='bbox 3707 473 3811 531; x_wconf 72' lang='grc'><strong>178</strong></span> 
     </span>
    </p>
   </div>
   <div class='ocr_carea' id='block_1_4' title="bbox 484 570 2119 659">
    <p class='ocr_par' dir='ltr' id='par_1_4' title="bbox 484 570 2113 656">
     <span class='ocr_line' id='line_1_4' title="bbox 484 570 2113 656; baseline 0.008 -31"><span class='ocrx_word' id='word_1_8' title='bbox 484 589 590 639; x_wconf 65' lang='grc' dir='ltr'><strong>ναν</strong></span> <span class='ocrx_word' id='word_1_9' title='bbox 620 570 791 645; x_wconf 80' lang='grc' dir='ltr'>αὐτῷ,</span> <span class='ocrx_word' id='word_1_10' title='bbox 830 593 849 627; x_wconf 69' lang='grc' dir='ltr'><strong>ι</strong></span> <span class='ocrx_word' id='word_1_11' title='bbox 884 574 1008 629; x_wconf 76' lang='grc' dir='ltr'>ἀντὶ</span> <span class='ocrx_word' id='word_1_12' title='bbox 1034 576 1154 643; x_wconf 80' lang='grc' dir='ltr'>τοῦ,</span> <span class='ocrx_word' id='word_1_13' title='bbox 1186 577 1352 633; x_wconf 81' lang='grc' dir='ltr'>Οὐδὲν</span> <span class='ocrx_word' id='word_1_14' title='bbox 1385 579 1494 634; x_wconf 86' lang='grc' dir='ltr'><strong>τῶν</strong></span> <span class='ocrx_word' id='word_1_15' title='bbox 1522 580 1672 653; x_wconf 83' lang='grc' dir='ltr'>αύτῷ</span> <span class='ocrx_word' id='word_1_16' title='bbox 1698 585 2113 656; x_wconf 72' lang='grc' dir='ltr'><strong>κεχαρισμένων</strong></span> 
     </span>
    </p>
   </div>
   <div class='ocr_carea' id='block_1_5' title="bbox 2222 570 3807 659">
    <p class='ocr_par' dir='ltr' id='par_1_5' title="bbox 2222 585 3807 659">
     <span class='ocr_line' id='line_1_5' title="bbox 2222 585 3807 659; baseline 0.004 -18"><span class='ocrx_word' id='word_1_17' title='bbox 2222 602 2279 642; x_wconf 87' lang='lat' dir='ltr'><strong>se</strong></span> <span class='ocrx_word' id='word_1_18' title='bbox 2315 585 2534 642; x_wconf 89' lang='lat' dir='ltr'><strong>illorum</strong></span> <span class='ocrx_word' id='word_1_19' title='bbox 2572 598 2812 644; x_wconf 87' lang='lat' dir='ltr'><strong>mentem</strong></span> <span class='ocrx_word' id='word_1_20' title='bbox 2848 588 3156 659; x_wconf 87' lang='lat' dir='ltr'><strong>increpare,</strong></span> <span class='ocrx_word' id='word_1_21' title='bbox 3180 604 3289 644; x_wconf 91' lang='lat' dir='ltr'><strong>non</strong></span> <span class='ocrx_word' id='word_1_22' title='bbox 3316 597 3501 646; x_wconf 89' lang='lat' dir='ltr'><strong>autem</strong></span> <span class='ocrx_word' id='word_1_23' title='bbox 3536 589 3704 647; x_wconf 91' lang='lat' dir='ltr'><strong>Deum</strong></span> <span class='ocrx_word' id='word_1_24' title='bbox 3730 604 3807 647; x_wconf 78' lang='lat' dir='ltr'><strong>re-</strong></span> 
     </span>
    </p>
   </div>
   <div class='ocr_carea' id='block_1_6' title="bbox 487 662 2109 741">
    <p class='ocr_par' dir='ltr' id='par_1_6' title="bbox 487 662 2109 741">
     <span class='ocr_line' id='line_1_6' title="bbox 487 662 2109 741; baseline 0.007 -21"><span class='ocrx_word' id='word_1_25' title='bbox 487 663 709 729; x_wconf 57' lang='grc' dir='ltr'>εἵλοντο</span> <span class='ocrx_word' id='word_1_26' title='bbox 734 662 958 721; x_wconf 82' lang='grc' dir='ltr'>πώποτε</span> <span class='ocrx_word' id='word_1_27' title='bbox 984 668 1233 741; x_wconf 80' lang='grc' dir='ltr'>ποιῆσαι.</span> <span class='ocrx_word' id='word_1_28' title='bbox 1274 670 1409 725; x_wconf 82' lang='grc' dir='ltr'>Εἶτα</span> <span class='ocrx_word' id='word_1_29' title='bbox 1451 672 1669 738; x_wconf 75' lang='grc' dir='ltr'>δεικνὺς</span> <span class='ocrx_word' id='word_1_30' title='bbox 1708 676 1790 728; x_wconf 77' lang='grc' dir='ltr'>ὅτι</span> <span class='ocrx_word' id='word_1_31' title='bbox 1832 676 2109 741; x_wconf 74' lang='grc' dir='ltr'><strong>ὀνειδίζων</strong></span> 
     </span>
    </p>
   </div>
   <div class='ocr_carea' id='block_1_7' title="bbox 488 756 2110 837">
    <p class='ocr_par' dir='ltr' id='par_1_7' title="bbox 488 756 2110 837">
     <span class='ocr_line' id='line_1_7' title="bbox 488 756 2110 837; baseline 0.01 -29"><span class='ocrx_word' id='word_1_32' title='bbox 488 756 683 822; x_wconf 81' lang='grc' dir='ltr'>αὐτοῖς</span> <span class='ocrx_word' id='word_1_33' title='bbox 716 758 815 830; x_wconf 84' lang='grc' dir='ltr'>τὴν</span> <span class='ocrx_word' id='word_1_34' title='bbox 843 758 1075 834; x_wconf 79' lang='grc' dir='ltr'>γνώμην</span> <span class='ocrx_word' id='word_1_35' title='bbox 1106 761 1279 832; x_wconf 80' lang='grc' dir='ltr'><strong>λέγει,</strong></span> <span class='ocrx_word' id='word_1_36' title='bbox 1310 765 1372 818; x_wconf 82' lang='grc' dir='ltr'>ού</span> <span class='ocrx_word' id='word_1_37' title='bbox 1409 765 1521 837; x_wconf 79' lang='grc' dir='ltr'>μὴν</span> <span class='ocrx_word' id='word_1_38' title='bbox 1549 765 1646 820; x_wconf 74' lang='grc' dir='ltr'><strong>τοῦ</strong></span> <span class='ocrx_word' id='word_1_39' title='bbox 1696 768 1857 822; x_wconf 77' lang='grc' dir='ltr'><strong>Θείου</strong></span> <span class='ocrx_word' id='word_1_40' title='bbox 1894 769 2110 835; x_wconf 78' lang='grc' dir='ltr'><strong>τούτοις</strong></span> 
     </span>
    </p>
   </div>
   <div class='ocr_carea' id='block_1_8' title="bbox 487 851 867 922">
    <p class='ocr_par' dir='ltr' id='par_1_8' title="bbox 487 851 867 922">
     <span class='ocr_line' id='line_1_8' title="bbox 487 851 867 922; baseline 0.008 -20"><span class='ocrx_word' id='word_1_41' title='bbox 487 851 867 922; x_wconf 86' lang='grc' dir='ltr'>τερπομένου·</span> 
     </span>
    </p>
   </div>
   <div class='ocr_carea' id='block_1_9' title="bbox 573 944 2106 1024">
    <p class='ocr_par' dir='ltr' id='par_1_9' title="bbox 573 944 2106 1024">
     <span class='ocr_line' id='line_1_9' title="bbox 573 944 2106 1024; baseline 0.012 -30"><span class='ocrx_word' id='word_1_42' title='bbox 573 962 593 994; x_wconf 76' lang='grc' dir='ltr'><strong>σ</strong></span> <span class='ocrx_word' id='word_1_43' title='bbox 634 944 701 996; x_wconf 79' lang='grc' dir='ltr'>Αἰ</span> <span class='ocrx_word' id='word_1_44' title='bbox 727 944 911 1000; x_wconf 80' lang='grc' dir='ltr'>θυσίαι</span> <span class='ocrx_word' id='word_1_45' title='bbox 944 947 1128 1003; x_wconf 81' lang='grc' dir='ltr'>αὐτῶν</span> <span class='ocrx_word' id='word_1_46' title='bbox 1156 949 1233 1015; x_wconf 87' lang='grc' dir='ltr'><strong>ὡς</strong></span> <span class='ocrx_word' id='word_1_47' title='bbox 1272 951 1439 1024; x_wconf 77' lang='grc' dir='ltr'>ἄρτος</span> <span class='ocrx_word' id='word_1_48' title='bbox 1470 953 1701 1020; x_wconf 78' lang='grc' dir='ltr'><strong>πένθους</strong></span> <span class='ocrx_word' id='word_1_49' title='bbox 1732 957 1935 1023; x_wconf 73' lang='grc' dir='ltr'>αὐτοῖς·</span> <span class='ocrx_word' id='word_1_50' title='bbox 1971 959 2106 1013; x_wconf 76' lang='grc' dir='ltr'>τεάν-</span> 
     </span>
    </p>
   </div>
   <div class='ocr_carea' id='block_1_10' title="bbox 488 1038 2110 1118">
    <p class='ocr_par' dir='ltr' id='par_1_10' title="bbox 488 1038 2110 1118">
     <span class='ocr_line' id='line_1_10' title="bbox 488 1038 2110 1118; baseline 0.012 -31"><span class='ocrx_word' id='word_1_51' title='bbox 488 1053 591 1100; x_wconf 81' lang='grc' dir='ltr'><strong>τες</strong></span> <span class='ocrx_word' id='word_1_52' title='bbox 630 1038 682 1090; x_wconf 80' lang='grc' dir='ltr'><strong>οἱ</strong></span> <span class='ocrx_word' id='word_1_53' title='bbox 730 1038 1004 1106; x_wconf 77' lang='grc' dir='ltr'>ἐσθίοντες</span> <span class='ocrx_word' id='word_1_54' title='bbox 1041 1043 1207 1098; x_wconf 82' lang='grc' dir='ltr'>αὐτὸν</span> <span class='ocrx_word' id='word_1_55' title='bbox 1238 1045 1654 1118; x_wconf 85' lang='grc' dir='ltr'>μιανθήσονται.</span> <span class='ocrx_word' id='word_1_56' title='bbox 1687 1069 1706 1103; x_wconf 76' lang='grc' dir='ltr'><strong>ι</strong></span> <span class='ocrx_word' id='word_1_57' title='bbox 1754 1051 2024 1105; x_wconf 79' lang='grc' dir='ltr'><strong>Τοσοῦτον</strong></span> <span class='ocrx_word' id='word_1_58' title='bbox 2053 1051 2110 1106; x_wconf 82' lang='grc' dir='ltr'><strong>δὲ</strong></span> 
     </span>
    </p>
   </div>
   <div class='ocr_carea' id='block_1_11' title="bbox 491 1130 2111 1218">
    <p class='ocr_par' dir='ltr' id='par_1_11' title="bbox 491 1130 2111 1218">
     <span class='ocr_line' id='line_1_11' title="bbox 491 1130 2111 1218; baseline 0.012 -36"><span class='ocrx_word' id='word_1_59' title='bbox 491 1130 785 1202; x_wconf 70' lang='grc' dir='ltr'>ἀφέστηκε</span> <span class='ocrx_word' id='word_1_60' title='bbox 830 1132 927 1187; x_wconf 86' lang='grc' dir='ltr'><strong>τοῦ</strong></span> <span class='ocrx_word' id='word_1_61' title='bbox 966 1135 1175 1191; x_wconf 80' lang='grc' dir='ltr'>δεῖσθαι</span> <span class='ocrx_word' id='word_1_62' title='bbox 1206 1136 1432 1205; x_wconf 82' lang='grc' dir='ltr'><strong>θυσιῶν,</strong></span> <span class='ocrx_word' id='word_1_63' title='bbox 1467 1140 1500 1213; x_wconf 82' lang='grc' dir='ltr'>ἢ</span> <span class='ocrx_word' id='word_1_64' title='bbox 1552 1142 1783 1209; x_wconf 80' lang='grc' dir='ltr'><strong>ταύταις</strong></span> <span class='ocrx_word' id='word_1_65' title='bbox 1827 1145 2111 1218; x_wconf 80' lang='grc' dir='ltr'><strong>ὁρίζεσθαι</strong></span> 
     </span>
    </p>
   </div>
   <div class='ocr_carea' id='block_1_12' title="bbox 492 1222 2107 1307">
    <p class='ocr_par' dir='ltr' id='par_1_12' title="bbox 492 1222 2107 1307">
     <span class='ocr_line' id='line_1_12' title="bbox 492 1222 2107 1307; baseline 0.012 -33"><span class='ocrx_word' id='word_1_66' title='bbox 492 1222 603 1294; x_wconf 79' lang='grc' dir='ltr'>τὴν</span> <span class='ocrx_word' id='word_1_67' title='bbox 630 1223 839 1280; x_wconf 80' lang='grc' dir='ltr'><strong>οἰκείαν</strong></span> <span class='ocrx_word' id='word_1_68' title='bbox 867 1225 1055 1300; x_wconf 80' lang='grc' dir='ltr'>τιμὴν,</span> <span class='ocrx_word' id='word_1_69' title='bbox 1093 1227 1235 1283; x_wconf 85' lang='grc' dir='ltr'>ὥστε</span> <span class='ocrx_word' id='word_1_70' title='bbox 1257 1230 1360 1285; x_wconf 76' lang='grc' dir='ltr'>κᾶν</span> <span class='ocrx_word' id='word_1_71' title='bbox 1389 1236 1439 1288; x_wconf 91' lang='grc' dir='ltr'><strong>εἰ</strong></span> <span class='ocrx_word' id='word_1_72' title='bbox 1463 1237 1865 1307; x_wconf 73' lang='grc' dir='ltr'><strong>προσαγάγοιεν</strong></span> <span class='ocrx_word' id='word_1_73' title='bbox 1897 1238 2107 1304; x_wconf 83' lang='grc' dir='ltr'>θυσίας,</span> 
     </span>
    </p>
   </div>
   <div class='ocr_carea' id='block_1_13' title="bbox 497 1315 2113 1399">
    <p class='ocr_par' dir='ltr' id='par_1_13' title="bbox 497 1315 2113 1399">
     <span class='ocr_line' id='line_1_13' title="bbox 497 1315 2113 1399; baseline 0.011 -32"><span class='ocrx_word' id='word_1_74' title='bbox 497 1316 568 1368; x_wconf 78' lang='grc' dir='ltr'><strong>οὐ</strong></span> <span class='ocrx_word' id='word_1_75' title='bbox 596 1315 811 1382; x_wconf 80' lang='grc' dir='ltr'>δέξεται</span> <span class='ocrx_word' id='word_1_76' title='bbox 855 1318 1065 1384; x_wconf 89' lang='grc' dir='ltr'>ταύτας</span> <span class='ocrx_word' id='word_1_77' title='bbox 1101 1321 1233 1388; x_wconf 87' lang='grc' dir='ltr'>Θεός</span> <span class='ocrx_word' id='word_1_78' title='bbox 1254 1340 1266 1353; x_wconf 81' lang='grc'><strong>·</strong></span> <span class='ocrx_word' id='word_1_79' title='bbox 1321 1325 1438 1379; x_wconf 89' lang='grc' dir='ltr'>ἀλλ’</span> <span class='ocrx_word' id='word_1_80' title='bbox 1469 1325 1660 1399; x_wconf 83' lang='grc' dir='ltr'>ῶσπερ</span> <span class='ocrx_word' id='word_1_81' title='bbox 1704 1328 1771 1384; x_wconf 84' lang='grc' dir='ltr'>ἂν</span> <span class='ocrx_word' id='word_1_82' title='bbox 1794 1329 1848 1384; x_wconf 78' lang='grc' dir='ltr'>εἴ</span> <span class='ocrx_word' id='word_1_83' title='bbox 1884 1348 1967 1395; x_wconf 88' lang='grc' dir='ltr'><strong>τις</strong></span> <span class='ocrx_word' id='word_1_84' title='bbox 1997 1335 2113 1396; x_wconf 83' lang='grc' dir='ltr'>τοῖς</span> 
     </span>
    </p>
   </div>
   <div class='ocr_carea' id='block_1_14' title="bbox 498 1407 2113 1495">
    <p class='ocr_par' dir='ltr' id='par_1_14' title="bbox 498 1407 2113 1495">
     <span class='ocr_line' id='line_1_14' title="bbox 498 1407 2113 1495; baseline 0.012 -35"><span class='ocrx_word' id='word_1_85' title='bbox 498 1407 768 1464; x_wconf 77' lang='grc' dir='ltr'>πενθοῦσι</span> <span class='ocrx_word' id='word_1_86' title='bbox 805 1412 1149 1484; x_wconf 77' lang='grc' dir='ltr'><strong>προσαγάγοι</strong></span> <span class='ocrx_word' id='word_1_87' title='bbox 1178 1419 1411 1490; x_wconf 76' lang='grc' dir='ltr'>τροφὴν,</span> <span class='ocrx_word' id='word_1_88' title='bbox 1435 1419 1682 1495; x_wconf 78' lang='grc' dir='ltr'>χαλεπὴν</span> <span class='ocrx_word' id='word_1_89' title='bbox 1712 1421 1974 1495; x_wconf 70' lang='grc' dir='ltr'>ἡγοῦνται</span> <span class='ocrx_word' id='word_1_90' title='bbox 2002 1425 2113 1479; x_wconf 90' lang='grc' dir='ltr'><strong>τῶν</strong></span> 
     </span>
    </p>
   </div>
   <div class='ocr_carea' id='block_1_15' title="bbox 494 1498 2114 1587">
    <p class='ocr_par' dir='ltr' id='par_1_15' title="bbox 494 1498 2114 1587">
     <span class='ocr_line' id='line_1_15' title="bbox 494 1498 2114 1587; baseline 0.014 -36"><span class='ocrx_word' id='word_1_91' title='bbox 494 1498 816 1557; x_wconf 77' lang='grc' dir='ltr'>δοκούντων</span> <span class='ocrx_word' id='word_1_92' title='bbox 842 1503 1052 1559; x_wconf 74' lang='grc' dir='ltr'>ἅπασιν</span> <span class='ocrx_word' id='word_1_93' title='bbox 1094 1506 1267 1579; x_wconf 82' lang='grc' dir='ltr'><strong>ἡδέων</strong></span> <span class='ocrx_word' id='word_1_94' title='bbox 1305 1509 1406 1583; x_wconf 81' lang='grc' dir='ltr'>τὴν</span> <span class='ocrx_word' id='word_1_95' title='bbox 1452 1511 1598 1583; x_wconf 76' lang='grc' dir='ltr'>ὄψιν,</span> <span class='ocrx_word' id='word_1_96' title='bbox 1635 1517 1701 1587; x_wconf 82' lang='grc' dir='ltr'>τῇ</span> <span class='ocrx_word' id='word_1_97' title='bbox 1735 1514 1831 1569; x_wconf 79' lang='grc' dir='ltr'><strong>τοῦ</strong></span> <span class='ocrx_word' id='word_1_98' title='bbox 1882 1518 2114 1584; x_wconf 76' lang='grc' dir='ltr'>πένθους</span> 
     </span>
    </p>
   </div>
   <div class='ocr_carea' id='block_1_16' title="bbox 498 1592 2113 1681">
    <p class='ocr_par' dir='ltr' id='par_1_16' title="bbox 498 1592 2113 1681">
     <span class='ocr_line' id='line_1_16' title="bbox 498 1592 2113 1681; baseline 0.012 -37"><span class='ocrx_word' id='word_1_99' title='bbox 498 1592 703 1665; x_wconf 78' lang='grc' dir='ltr'>μνήμῃ</span> <span class='ocrx_word' id='word_1_100' title='bbox 736 1596 1077 1668; x_wconf 80' lang='grc' dir='ltr'><strong>νυττόμενοι,</strong></span> <span class='ocrx_word' id='word_1_101' title='bbox 1114 1598 1191 1670; x_wconf 90' lang='lat' dir='ltr'><strong>(p.</strong></span> <span class='ocrx_word' id='word_1_102' title='bbox 1227 1599 1319 1675; x_wconf 82' lang='lat'><strong>65)</strong></span> <span class='ocrx_word' id='word_1_103' title='bbox 1365 1604 1460 1657; x_wconf 78' lang='grc' dir='ltr'><strong>καὶ</strong></span> <span class='ocrx_word' id='word_1_104' title='bbox 1497 1604 1618 1658; x_wconf 73' lang='grc' dir='ltr'>οὐδὲ</span> <span class='ocrx_word' id='word_1_105' title='bbox 1648 1607 1973 1679; x_wconf 78' lang='grc' dir='ltr'>προσίεσθαι</span> <span class='ocrx_word' id='word_1_106' title='bbox 2013 1610 2113 1681; x_wconf 83' lang='grc' dir='ltr'>τὴν</span> 
     </span>
    </p>
   </div>
   <div class='ocr_carea' id='block_1_17' title="bbox 495 1687 2115 1766">
    <p class='ocr_par' dir='ltr' id='par_1_17' title="bbox 495 1687 2115 1766">
     <span class='ocr_line' id='line_1_17' title="bbox 495 1687 2115 1766; baseline 0.014 -31"><span class='ocrx_word' id='word_1_107' title='bbox 495 1687 881 1759; x_wconf 69' lang='grc' dir='ltr'>προκειμένην</span> <span class='ocrx_word' id='word_1_108' title='bbox 892 1688 1212 1763; x_wconf 79' lang='grc' dir='ltr'>ἀνεχόμενοι</span> <span class='ocrx_word' id='word_1_109' title='bbox 1224 1695 1451 1766; x_wconf 72' lang='grc' dir='ltr'>τροφήν·</span> <span class='ocrx_word' id='word_1_110' title='bbox 1473 1697 1567 1751; x_wconf 77' lang='grc' dir='ltr'><strong>καὶ</strong></span> <span class='ocrx_word' id='word_1_111' title='bbox 1582 1698 1691 1763; x_wconf 83' lang='grc' dir='ltr'>πᾶς</span> <span class='ocrx_word' id='word_1_112' title='bbox 1707 1698 1765 1752; x_wconf 82' lang='grc' dir='ltr'><strong>δὲ</strong></span> <span class='ocrx_word' id='word_1_113' title='bbox 1780 1700 1931 1765; x_wconf 79' lang='grc' dir='ltr'>ὅστις</span> <span class='ocrx_word' id='word_1_114' title='bbox 1943 1696 2037 1756; x_wconf 79' lang='grc' dir='ltr'>οὖν</span> <span class='ocrx_word' id='word_1_115' title='bbox 2054 1704 2115 1757; x_wconf 84' lang='grc' dir='ltr'>ὲν</span> 
     </span>
    </p>
   </div>
   <div class='ocr_carea' id='block_1_18' title="bbox 496 1775 2115 1868">
    <p class='ocr_par' dir='ltr' id='par_1_18' title="bbox 496 1775 2115 1868">
     <span class='ocr_line' id='line_1_18' title="bbox 496 1775 2115 1868; baseline 0.015 -41"><span class='ocrx_word' id='word_1_116' title='bbox 496 1775 693 1830; x_wconf 76' lang='grc' dir='ltr'>πένθει</span> <span class='ocrx_word' id='word_1_117' title='bbox 719 1778 1162 1852; x_wconf 74' lang='grc' dir='ltr'>μεταλαμϐάνειν</span> <span class='ocrx_word' id='word_1_118' title='bbox 1192 1785 1636 1860; x_wconf 78' lang='grc' dir='ltr'>ἀναγκαζόμενος</span> <span class='ocrx_word' id='word_1_119' title='bbox 1665 1795 1893 1866; x_wconf 76' lang='grc' dir='ltr'>τροφῆς,</span> <span class='ocrx_word' id='word_1_120' title='bbox 1925 1794 2115 1868; x_wconf 85' lang='grc' dir='ltr'>ὥσπερ</span> 
     </span>
    </p>
   </div>
   <div class='ocr_carea' id='block_1_19' title="bbox 493 1868 2109 1959">
    <p class='ocr_par' dir='ltr' id='par_1_19' title="bbox 493 1868 2109 1959">
     <span class='ocr_line' id='line_1_19' title="bbox 493 1868 2109 1959; baseline 0.014 -39"><span class='ocrx_word' id='word_1_121' title='bbox 493 1868 628 1921; x_wconf 67' lang='grc' dir='ltr'>τινὰ</span> <span class='ocrx_word' id='word_1_122' title='bbox 682 1871 927 1942; x_wconf 79' lang='grc' dir='ltr'>μιασμὸν</span> <span class='ocrx_word' id='word_1_123' title='bbox 976 1872 1010 1944; x_wconf 82' lang='grc' dir='ltr'>ἢ</span> <span class='ocrx_word' id='word_1_124' title='bbox 1062 1873 1243 1948; x_wconf 87' lang='grc' dir='ltr'>λύμην</span> <span class='ocrx_word' id='word_1_125' title='bbox 1285 1878 1589 1952; x_wconf 79' lang='grc' dir='ltr'>ἡγούμενος</span> <span class='ocrx_word' id='word_1_126' title='bbox 1633 1883 1735 1955; x_wconf 86' lang='grc' dir='ltr'>τὴν</span> <span class='ocrx_word' id='word_1_127' title='bbox 1767 1887 1997 1959; x_wconf 77' lang='grc' dir='ltr'>τροφὴν,</span> <span class='ocrx_word' id='word_1_128' title='bbox 2047 1888 2109 1943; x_wconf 85' lang='grc' dir='ltr'><strong>οὐ</strong></span> 
     </span>
    </p>
   </div>
   <div class='ocr_carea' id='block_1_20' title="bbox 2218 680 3127 752">
    <p class='ocr_par' dir='ltr' id='par_1_20' title="bbox 2218 680 3127 752">
     <span class='ocr_line' id='line_1_20' title="bbox 2218 680 3127 752; baseline -0.004 -16"><span class='ocrx_word' id='word_1_129' title='bbox 2218 681 2320 738; x_wconf 82' lang='lat' dir='ltr'><strong>bus</strong></span> <span class='ocrx_word' id='word_1_130' title='bbox 2345 680 2662 752; x_wconf 85' lang='lat' dir='ltr'><strong>hujusmodi</strong></span> <span class='ocrx_word' id='word_1_131' title='bbox 2697 682 2981 745; x_wconf 86' lang='lat' dir='ltr'><strong>delectari,</strong></span> <span class='ocrx_word' id='word_1_132' title='bbox 3012 683 3082 737; x_wconf 85' lang='lat' dir='ltr'><strong>ait</strong></span> <span class='ocrx_word' id='word_1_133' title='bbox 3116 697 3127 732; x_wconf 93' lang='lat'><strong>:</strong></span> 
     </span>
    </p>
   </div>
   <div class='ocr_carea' id='block_1_21' title="bbox 3560 801 3583 836">
    <p class='ocr_par' dir='ltr' id='par_1_21' title="bbox 3560 801 3583 836">
     <span class='ocr_line' id='line_1_21' title="bbox 3560 801 3583 836; baseline 0 0"><span class='ocrx_word' id='word_1_134' title='bbox 3560 801 3583 836; x_wconf 56' lang='grc' dir='ltr'><strong>ι.</strong></span> 
     </span>
    </p>
   </div>
   <div class='ocr_carea' id='block_1_22' title="bbox 2292 957 3813 1030">
    <p class='ocr_par' dir='ltr' id='par_1_22' title="bbox 2292 957 3813 1030">
     <span class='ocr_line' id='line_1_22' title="bbox 2292 957 3813 1030; baseline 0.005 -20"><span class='ocrx_word' id='word_1_135' title='bbox 2292 978 2309 1010; x_wconf 73' lang='grc' dir='ltr'><strong>ι</strong></span> <span class='ocrx_word' id='word_1_136' title='bbox 2369 957 2655 1013; x_wconf 86' lang='lat' dir='ltr'><strong>Sacrificia</strong></span> <span class='ocrx_word' id='word_1_137' title='bbox 2711 973 2904 1014; x_wconf 87' lang='lat' dir='ltr'><strong>eorum</strong></span> <span class='ocrx_word' id='word_1_138' title='bbox 2974 960 3134 1030; x_wconf 89' lang='lat' dir='ltr'><strong>quasi</strong></span> <span class='ocrx_word' id='word_1_139' title='bbox 3208 959 3366 1030; x_wconf 88' lang='lat' dir='ltr'><strong>panis</strong></span> <span class='ocrx_word' id='word_1_140' title='bbox 3425 960 3611 1015; x_wconf 87' lang='lat' dir='ltr'><strong>luctus</strong></span> <span class='ocrx_word' id='word_1_141' title='bbox 3675 958 3813 1029; x_wconf 84' lang='lat' dir='ltr'><strong>ipsis</strong></span> 
     </span>
    </p>
   </div>
   <div class='ocr_carea' id='block_1_23' title="bbox 2214 1048 3808 1120">
    <p class='ocr_par' dir='ltr' id='par_1_23' title="bbox 2214 1048 3808 1120">
     <span class='ocr_line' id='line_1_23' title="bbox 2214 1048 3808 1120; baseline -0.001 -17"><span class='ocrx_word' id='word_1_142' title='bbox 2214 1057 2413 1117; x_wconf 88' lang='lat' dir='ltr'><strong>erunt;</strong></span> <span class='ocrx_word' id='word_1_143' title='bbox 2442 1063 2636 1105; x_wconf 83' lang='lat' dir='ltr'><strong>omnes</strong></span> <span class='ocrx_word' id='word_1_144' title='bbox 2650 1049 2744 1120; x_wconf 91' lang='lat' dir='ltr'><strong>qui</strong></span> <span class='ocrx_word' id='word_1_145' title='bbox 2765 1048 3059 1105; x_wconf 91' lang='lat' dir='ltr'><strong>comedent</strong></span> <span class='ocrx_word' id='word_1_146' title='bbox 3076 1064 3201 1105; x_wconf 91' lang='lat' dir='ltr'><strong>eum</strong></span> <span class='ocrx_word' id='word_1_147' title='bbox 3217 1049 3771 1105; x_wconf 87' lang='lat' dir='ltr'><strong>contaminabuntur.</strong></span> <span class='ocrx_word' id='word_1_148' title='bbox 3788 1068 3808 1101; x_wconf 73' lang='grc' dir='ltr'><strong>ι</strong></span> 
     </span>
    </p>
   </div>
   <div class='ocr_carea' id='block_1_24' title="bbox 2215 1138 3812 1213">
    <p class='ocr_par' dir='ltr' id='par_1_24' title="bbox 2215 1138 3812 1213">
     <span class='ocr_line' id='line_1_24' title="bbox 2215 1138 3812 1213; baseline 0.003 -21"><span class='ocrx_word' id='word_1_149' title='bbox 2215 1138 2457 1195; x_wconf 78' lang='lat' dir='ltr'><strong>Tantum</strong></span> <span class='ocrx_word' id='word_1_150' title='bbox 2502 1140 2682 1204; x_wconf 87' lang='lat' dir='ltr'><strong>abest,</strong></span> <span class='ocrx_word' id='word_1_151' title='bbox 2708 1149 2767 1195; x_wconf 91' lang='lat' dir='ltr'><strong>ut</strong></span> <span class='ocrx_word' id='word_1_152' title='bbox 2803 1139 2947 1196; x_wconf 85' lang='lat' dir='ltr'><strong>Deus</strong></span> <span class='ocrx_word' id='word_1_153' title='bbox 2977 1138 3269 1196; x_wconf 82' lang='lat' dir='ltr'><strong>sacrificiis</strong></span> <span class='ocrx_word' id='word_1_154' title='bbox 3302 1138 3558 1213; x_wconf 77' lang='lat' dir='ltr'><strong>indigeat,</strong></span> <span class='ocrx_word' id='word_1_155' title='bbox 3596 1142 3680 1198; x_wconf 92' lang='lat' dir='ltr'><strong>vel</strong></span> <span class='ocrx_word' id='word_1_156' title='bbox 3725 1142 3812 1196; x_wconf 93' lang='lat' dir='ltr'><strong>his</strong></span> 
     </span>
    </p>
   </div>
   <div class='ocr_carea' id='block_1_25' title="bbox 2214 1230 3814 1303">
    <p class='ocr_par' dir='ltr' id='par_1_25' title="bbox 2214 1230 3814 1303">
     <span class='ocr_line' id='line_1_25' title="bbox 2214 1230 3814 1303; baseline 0.003 -17"><span class='ocrx_word' id='word_1_157' title='bbox 2214 1230 2570 1286; x_wconf 90' lang='lat' dir='ltr'><strong>contineatur</strong></span> <span class='ocrx_word' id='word_1_158' title='bbox 2607 1231 2785 1287; x_wconf 91' lang='lat' dir='ltr'><strong>honor</strong></span> <span class='ocrx_word' id='word_1_159' title='bbox 2807 1232 2951 1302; x_wconf 84' lang='lat' dir='ltr'><strong>ejus,</strong></span> <span class='ocrx_word' id='word_1_160' title='bbox 2973 1242 3033 1287; x_wconf 92' lang='lat' dir='ltr'><strong>ut</strong></span> <span class='ocrx_word' id='word_1_161' title='bbox 3058 1230 3278 1288; x_wconf 87' lang='lat' dir='ltr'><strong>etiamsi</strong></span> <span class='ocrx_word' id='word_1_162' title='bbox 3306 1232 3503 1303; x_wconf 80' lang='lat' dir='ltr'><strong>aliquis</strong></span> <span class='ocrx_word' id='word_1_163' title='bbox 3525 1233 3576 1289; x_wconf 91' lang='lat' dir='ltr'><strong>ei</strong></span> <span class='ocrx_word' id='word_1_164' title='bbox 3601 1233 3814 1291; x_wconf 76' lang='lat' dir='ltr'><strong>hostias</strong></span> 
     </span>
    </p>
   </div>
   <div class='ocr_carea' id='block_1_26' title="bbox 2216 1324 3807 1398">
    <p class='ocr_par' dir='ltr' id='par_1_26' title="bbox 2216 1324 3807 1398">
     <span class='ocr_line' id='line_1_26' title="bbox 2216 1324 3807 1398; baseline 0.002 -19"><span class='ocrx_word' id='word_1_165' title='bbox 2216 1324 2431 1392; x_wconf 81' lang='lat' dir='ltr'><strong>offerat,</strong></span> <span class='ocrx_word' id='word_1_166' title='bbox 2460 1339 2571 1380; x_wconf 90' lang='lat' dir='ltr'><strong>non</strong></span> <span class='ocrx_word' id='word_1_167' title='bbox 2602 1325 2675 1381; x_wconf 88' lang='lat' dir='ltr'><strong>sit</strong></span> <span class='ocrx_word' id='word_1_168' title='bbox 2698 1326 2797 1382; x_wconf 89' lang='lat' dir='ltr'><strong>has</strong></span> <span class='ocrx_word' id='word_1_169' title='bbox 2824 1335 3149 1398; x_wconf 83' lang='lat' dir='ltr'><strong>recepturus</strong></span> <span class='ocrx_word' id='word_1_170' title='bbox 3181 1326 3346 1382; x_wconf 86' lang='lat' dir='ltr'><strong>Deus.</strong></span> <span class='ocrx_word' id='word_1_171' title='bbox 3381 1324 3489 1383; x_wconf 91' lang='lat' dir='ltr'><strong>Sed</strong></span> <span class='ocrx_word' id='word_1_172' title='bbox 3537 1326 3807 1398; x_wconf 88' lang='lat' dir='ltr'><strong>quemad-</strong></span> 
     </span>
    </p>
   </div>
   <div class='ocr_carea' id='block_1_27' title="bbox 2223 1418 3811 1492">
    <p class='ocr_par' dir='ltr' id='par_1_27' title="bbox 2223 1418 3811 1492">
     <span class='ocr_line' id='line_1_27' title="bbox 2223 1418 3811 1492; baseline 0.002 -21"><span class='ocrx_word' id='word_1_173' title='bbox 2223 1418 2447 1472; x_wconf 82' lang='lat' dir='ltr'><strong>modum</strong></span> <span class='ocrx_word' id='word_1_174' title='bbox 2507 1419 2554 1472; x_wconf 88' lang='lat' dir='ltr'><strong>si</strong></span> <span class='ocrx_word' id='word_1_175' title='bbox 2604 1419 2732 1491; x_wconf 86' lang='lat' dir='ltr'><strong>quis</strong></span> <span class='ocrx_word' id='word_1_176' title='bbox 2784 1419 3099 1492; x_wconf 81' lang='lat' dir='ltr'><strong>lugentibus</strong></span> <span class='ocrx_word' id='word_1_177' title='bbox 3160 1419 3422 1477; x_wconf 87' lang='lat' dir='ltr'><strong>alimenta</strong></span> <span class='ocrx_word' id='word_1_178' title='bbox 3479 1419 3694 1486; x_wconf 82' lang='lat' dir='ltr'><strong>afferat,</strong></span> <span class='ocrx_word' id='word_1_179' title='bbox 3756 1420 3811 1476; x_wconf 88' lang='lat' dir='ltr'><strong>hi</strong></span> 
     </span>
    </p>
   </div>
   <div class='ocr_carea' id='block_1_28' title="bbox 2216 1500 3809 1584">
    <p class='ocr_par' dir='ltr' id='par_1_28' title="bbox 2216 1500 3809 1584">
     <span class='ocr_line' id='line_1_28' title="bbox 2216 1500 3809 1584; baseline 0.001 -20"><span class='ocrx_word' id='word_1_180' title='bbox 2216 1500 2595 1566; x_wconf 12' lang='lat' dir='ltr'><strong>nihilominus.</strong></span> <span class='ocrx_word' id='word_1_181' title='bbox 2630 1512 2848 1568; x_wconf 85' lang='lat' dir='ltr'><strong>tristem</strong></span> <span class='ocrx_word' id='word_1_182' title='bbox 2883 1512 3205 1568; x_wconf 74' lang='lat' dir='ltr'><strong>existimant</strong></span> <span class='ocrx_word' id='word_1_183' title='bbox 3239 1511 3439 1566; x_wconf 87' lang='lat' dir='ltr'><strong>borum</strong></span> <span class='ocrx_word' id='word_1_184' title='bbox 3499 1521 3809 1584; x_wconf 84' lang='lat' dir='ltr'><strong>aspectum,</strong></span> 
     </span>
    </p>
   </div>
   <div class='ocr_carea' id='block_1_29' title="bbox 2215 1602 3815 1676">
    <p class='ocr_par' dir='ltr' id='par_1_29' title="bbox 2215 1602 3815 1676">
     <span class='ocr_line' id='line_1_29' title="bbox 2215 1602 3815 1676; baseline 0.003 -20"><span class='ocrx_word' id='word_1_185' title='bbox 2215 1602 2308 1674; x_wconf 86' lang='lat' dir='ltr'><strong>qui</strong></span> <span class='ocrx_word' id='word_1_186' title='bbox 2332 1602 2591 1659; x_wconf 70' lang='lat' dir='ltr'><strong>omnibus</strong></span> <span class='ocrx_word' id='word_1_187' title='bbox 2614 1602 2895 1674; x_wconf 91' lang='lat' dir='ltr'><strong>jucundus</strong></span> <span class='ocrx_word' id='word_1_188' title='bbox 2928 1615 3032 1669; x_wconf 89' lang='lat' dir='ltr'><strong>est,</strong></span> <span class='ocrx_word' id='word_1_189' title='bbox 3063 1604 3190 1676; x_wconf 86' lang='lat' dir='ltr'><strong>quia</strong></span> <span class='ocrx_word' id='word_1_190' title='bbox 3220 1604 3404 1661; x_wconf 88' lang='lat' dir='ltr'><strong>luctus</strong></span> <span class='ocrx_word' id='word_1_191' title='bbox 3435 1605 3520 1660; x_wconf 89' lang='lat' dir='ltr'><strong>sui</strong></span> <span class='ocrx_word' id='word_1_192' title='bbox 3550 1605 3815 1661; x_wconf 84' lang='lat' dir='ltr'><strong>memoria</strong></span> 
     </span>
    </p>
   </div>
   <div class='ocr_carea' id='block_1_30' title="bbox 2215 1699 3817 1770">
    <p class='ocr_par' dir='ltr' id='par_1_30' title="bbox 2215 1699 3817 1770">
     <span class='ocr_line' id='line_1_30' title="bbox 2215 1699 3817 1770; baseline 0.004 -22"><span class='ocrx_word' id='word_1_193' title='bbox 2215 1703 2684 1768; x_wconf 80' lang='lat' dir='ltr'><strong>compunguntur,</strong></span> <span class='ocrx_word' id='word_1_194' title='bbox 2717 1713 2896 1769; x_wconf 86' lang='lat' dir='ltr'><strong>neque</strong></span> <span class='ocrx_word' id='word_1_195' title='bbox 2931 1699 3201 1770; x_wconf 79' lang='lat' dir='ltr'><strong>attingere</strong></span> <span class='ocrx_word' id='word_1_196' title='bbox 3243 1699 3464 1755; x_wconf 82' lang='lat' dir='ltr'><strong>oblatos</strong></span> <span class='ocrx_word' id='word_1_197' title='bbox 3507 1700 3665 1756; x_wconf 91' lang='lat' dir='ltr'><strong>cibos</strong></span> <span class='ocrx_word' id='word_1_198' title='bbox 3718 1715 3817 1755; x_wconf 88' lang='lat' dir='ltr'><strong>vo—</strong></span> 
     </span>
    </p>
   </div>
   <div class='ocr_carea' id='block_1_31' title="bbox 2217 1787 3814 1863">
    <p class='ocr_par' dir='ltr' id='par_1_31' title="bbox 2217 1787 3814 1863">
     <span class='ocr_line' id='line_1_31' title="bbox 2217 1787 3814 1863; baseline 0.006 -22"><span class='ocrx_word' id='word_1_199' title='bbox 2217 1787 2366 1855; x_wconf 89' lang='lat' dir='ltr'><strong>lunt;</strong></span> <span class='ocrx_word' id='word_1_200' title='bbox 2409 1803 2714 1861; x_wconf 85' lang='lat' dir='ltr'><strong>rursusque</strong></span> <span class='ocrx_word' id='word_1_201' title='bbox 2743 1789 3209 1862; x_wconf 88' lang='lat' dir='ltr'><strong>quemadmodmn</strong></span> <span class='ocrx_word' id='word_1_202' title='bbox 3258 1793 3514 1863; x_wconf 90' lang='lat' dir='ltr'><strong>quisquis</strong></span> <span class='ocrx_word' id='word_1_203' title='bbox 3553 1794 3606 1847; x_wconf 91' lang='lat' dir='ltr'><strong>in</strong></span> <span class='ocrx_word' id='word_1_204' title='bbox 3659 1793 3814 1850; x_wconf 84' lang='lat' dir='ltr'><strong>luctu</strong></span> 
     </span>
    </p>
   </div>
   <div class='ocr_carea' id='block_1_32' title="bbox 2218 1882 3818 1958">
    <p class='ocr_par' dir='ltr' id='par_1_32' title="bbox 2218 1882 3818 1958">
     <span class='ocr_line' id='line_1_32' title="bbox 2218 1882 3818 1958; baseline 0.006 -24"><span class='ocrx_word' id='word_1_205' title='bbox 2218 1896 2472 1946; x_wconf 80' lang='lat' dir='ltr'><strong>versans,</strong></span> <span class='ocrx_word' id='word_1_206' title='bbox 2518 1882 2567 1937; x_wconf 90' lang='lat' dir='ltr'><strong>si</strong></span> <span class='ocrx_word' id='word_1_207' title='bbox 2619 1882 2806 1939; x_wconf 89' lang='lat' dir='ltr'><strong>cibum</strong></span> <span class='ocrx_word' id='word_1_208' title='bbox 2873 1899 3073 1955; x_wconf 87' lang='lat' dir='ltr'><strong>capere</strong></span> <span class='ocrx_word' id='word_1_209' title='bbox 3118 1884 3260 1942; x_wconf 88' lang='lat' dir='ltr'><strong>forte</strong></span> <span class='ocrx_word' id='word_1_210' title='bbox 3313 1885 3590 1958; x_wconf 78' lang='lat' dir='ltr'><strong>adigatur,</strong></span> <span class='ocrx_word' id='word_1_211' title='bbox 3649 1887 3818 1943; x_wconf 84' lang='lat' dir='ltr'><strong>habet</strong></span> 
     </span>
    </p>
   </div>
   <div class='ocr_carea' id='block_1_33' title="bbox 494 1952 2119 2052">
    <p class='ocr_par' dir='ltr' id='par_1_33' title="bbox 494 1963 2107 2052">
     <span class='ocr_line' id='line_1_33' title="bbox 494 1963 2107 2052; baseline 0.015 -39"><span class='ocrx_word' id='word_1_212' title='bbox 494 1963 793 2033; x_wconf 79' lang='grc' dir='ltr'>προσίεται</span> <span class='ocrx_word' id='word_1_213' title='bbox 818 1964 1045 2038; x_wconf 89' lang='grc' dir='ltr'>ταύτην·</span> <span class='ocrx_word' id='word_1_214' title='bbox 1074 1968 1218 2023; x_wconf 70' lang='grc' dir='ltr'>οὕτω</span> <span class='ocrx_word' id='word_1_215' title='bbox 1252 1971 1352 2037; x_wconf 83' lang='grc' dir='ltr'>τὰς</span> <span class='ocrx_word' id='word_1_216' title='bbox 1386 1979 1810 2050; x_wconf 89' lang='grc' dir='ltr'>προσαγομένας</span> <span class='ocrx_word' id='word_1_217' title='bbox 1834 1979 1985 2052; x_wconf 73' lang='grc' dir='ltr'>αὐτῷ</span> <span class='ocrx_word' id='word_1_218' title='bbox 2008 1981 2107 2037; x_wconf 88' lang='grc' dir='ltr'>θυ-</span> 
     </span>
    </p>
   </div>
   <div class='ocr_carea' id='block_1_34' title="bbox 2222 1952 3814 2052">
    <p class='ocr_par' dir='ltr' id='par_1_34' title="bbox 2222 1975 3814 2051">
     <span class='ocr_line' id='line_1_34' title="bbox 2222 1975 3814 2051; baseline 0.005 -24"><span class='ocrx_word' id='word_1_219' title='bbox 2222 1975 2360 2030; x_wconf 80' lang='lat' dir='ltr'><strong>hunc</strong></span> <span class='ocrx_word' id='word_1_220' title='bbox 2397 1975 2600 2046; x_wconf 88' lang='lat' dir='ltr'><strong>piaculi</strong></span> <span class='ocrx_word' id='word_1_221' title='bbox 2627 1990 2691 2031; x_wconf 86' lang='lat' dir='ltr'><strong>ac</strong></span> <span class='ocrx_word' id='word_1_222' title='bbox 2722 1976 3036 2034; x_wconf 84' lang='lat' dir='ltr'><strong>detrimenti</strong></span> <span class='ocrx_word' id='word_1_223' title='bbox 3079 1977 3222 2044; x_wconf 92' lang='lat' dir='ltr'><strong>loco,</strong></span> <span class='ocrx_word' id='word_1_224' title='bbox 3272 1995 3454 2051; x_wconf 91' lang='lat' dir='ltr'><strong>neque</strong></span> <span class='ocrx_word' id='word_1_225' title='bbox 3499 1981 3580 2035; x_wconf 87' lang='lat' dir='ltr'><strong>ori</strong></span> <span class='ocrx_word' id='word_1_226' title='bbox 3614 1980 3814 2035; x_wconf 88' lang='lat' dir='ltr'><strong>admo-</strong></span> 
     </span>
    </p>
   </div>
   <div class='ocr_carea' id='block_1_35' title="bbox 498 2055 2104 2146">
    <p class='ocr_par' dir='ltr' id='par_1_35' title="bbox 498 2055 2104 2146">
     <span class='ocr_line' id='line_1_35' title="bbox 498 2055 2104 2146; baseline 0.015 -39"><span class='ocrx_word' id='word_1_227' title='bbox 498 2055 650 2121; x_wconf 75' lang='grc' dir='ltr'>σίας,</span> <span class='ocrx_word' id='word_1_228' title='bbox 687 2057 737 2109; x_wconf 87' lang='grc' dir='ltr'><strong>εἰ</strong></span> <span class='ocrx_word' id='word_1_229' title='bbox 772 2057 837 2129; x_wconf 86' lang='grc' dir='ltr'><strong>δή</strong></span> <span class='ocrx_word' id='word_1_230' title='bbox 873 2075 927 2114; x_wconf 88' lang='grc' dir='ltr'><strong>τι</strong></span> <span class='ocrx_word' id='word_1_231' title='bbox 958 2060 1172 2116; x_wconf 76' lang='grc' dir='ltr'>τοιοῦτο</span> <span class='ocrx_word' id='word_1_232' title='bbox 1221 2068 1396 2121; x_wconf 81' lang='grc' dir='ltr'>ποιεῖν</span> <span class='ocrx_word' id='word_1_233' title='bbox 1435 2067 1698 2138; x_wconf 80' lang='grc' dir='ltr'>ἐθέλοιεν,</span> <span class='ocrx_word' id='word_1_234' title='bbox 1732 2074 1835 2146; x_wconf 75' lang='grc' dir='ltr'><strong>ὁρᾷ</strong></span> <span class='ocrx_word' id='word_1_235' title='bbox 1879 2075 1909 2129; x_wconf 86' lang='grc' dir='ltr'><strong>ό</strong></span> <span class='ocrx_word' id='word_1_236' title='bbox 1936 2074 2104 2141; x_wconf 87' lang='grc' dir='ltr'>Θεός·</span> 
     </span>
    </p>
   </div>
   <div class='ocr_carea' id='block_1_36' title="bbox 496 2151 2109 2241">
    <p class='ocr_par' dir='ltr' id='par_1_36' title="bbox 496 2151 2109 2241">
     <span class='ocr_line' id='line_1_36' title="bbox 496 2151 2109 2241; baseline 0.015 -38"><span class='ocrx_word' id='word_1_237' title='bbox 496 2151 679 2222; x_wconf 76' lang='grc' dir='ltr'>ἡδέως</span> <span class='ocrx_word' id='word_1_238' title='bbox 720 2152 821 2222; x_wconf 83' lang='grc' dir='ltr'>μὲν</span> <span class='ocrx_word' id='word_1_239' title='bbox 850 2153 1025 2238; x_wconf 69' lang='grc' dir='ltr'>αὑτὰς</span> <span class='ocrx_word' id='word_1_240' title='bbox 1066 2157 1216 2232; x_wconf 72' lang='grc' dir='ltr'>παρὰ</span> <span class='ocrx_word' id='word_1_241' title='bbox 1252 2159 1361 2213; x_wconf 88' lang='grc' dir='ltr'><strong>τῶν</strong></span> <span class='ocrx_word' id='word_1_242' title='bbox 1395 2162 1762 2236; x_wconf 76' lang='grc' dir='ltr'>εὐγνωμόνως</span> <span class='ocrx_word' id='word_1_243' title='bbox 1799 2170 2109 2241; x_wconf 87' lang='grc' dir='ltr'>προσαγόν-</span> 
     </span>
    </p>
   </div>
   <div class='ocr_carea' id='block_1_37' title="bbox 2212 2069 3815 2146">
    <p class='ocr_par' dir='ltr' id='par_1_37' title="bbox 2212 2069 3815 2146">
     <span class='ocr_line' id='line_1_37' title="bbox 2212 2069 3815 2146; baseline 0.004 -23"><span class='ocrx_word' id='word_1_244' title='bbox 2212 2082 2342 2124; x_wconf 85' lang='lat' dir='ltr'><strong>vere</strong></span> <span class='ocrx_word' id='word_1_245' title='bbox 2386 2069 2643 2140; x_wconf 87' lang='lat' dir='ltr'><strong>patitur:</strong></span> <span class='ocrx_word' id='word_1_246' title='bbox 2696 2069 2771 2125; x_wconf 91' lang='lat' dir='ltr'><strong>ita</strong></span> <span class='ocrx_word' id='word_1_247' title='bbox 2825 2069 2971 2129; x_wconf 87' lang='lat' dir='ltr'><strong>Deus</strong></span> <span class='ocrx_word' id='word_1_248' title='bbox 3029 2071 3215 2127; x_wconf 87' lang='lat' dir='ltr'><strong>oblata</strong></span> <span class='ocrx_word' id='word_1_249' title='bbox 3267 2073 3373 2129; x_wconf 90' lang='lat' dir='ltr'><strong>sibi</strong></span> <span class='ocrx_word' id='word_1_250' title='bbox 3432 2074 3707 2129; x_wconf 79' lang='lat' dir='ltr'><strong>sacrificia</strong></span> <span class='ocrx_word' id='word_1_251' title='bbox 3746 2074 3815 2146; x_wconf 92' lang='lat' dir='ltr'><strong>(si</strong></span> 
     </span>
    </p>
   </div>
   <div class='ocr_carea' id='block_1_38' title="bbox 2212 2163 3816 2239">
    <p class='ocr_par' dir='ltr' id='par_1_38' title="bbox 2212 2163 3816 2239">
     <span class='ocr_line' id='line_1_38' title="bbox 2212 2163 3816 2239; baseline 0.002 -21"><span class='ocrx_word' id='word_1_252' title='bbox 2212 2163 2340 2235; x_wconf 86' lang='lat' dir='ltr'><strong>quis</strong></span> <span class='ocrx_word' id='word_1_253' title='bbox 2370 2164 2446 2219; x_wconf 90' lang='lat' dir='ltr'><strong>ita</strong></span> <span class='ocrx_word' id='word_1_254' title='bbox 2482 2179 2646 2236; x_wconf 78' lang='lat' dir='ltr'><strong>agere</strong></span> <span class='ocrx_word' id='word_1_255' title='bbox 2686 2165 2950 2239; x_wconf 83' lang='lat' dir='ltr'><strong>voluerit)</strong></span> <span class='ocrx_word' id='word_1_256' title='bbox 2997 2174 3212 2239; x_wconf 87' lang='lat' dir='ltr'><strong>spectat</strong></span> <span class='ocrx_word' id='word_1_257' title='bbox 3264 2182 3400 2225; x_wconf 90' lang='lat' dir='ltr'><strong>sane</strong></span> <span class='ocrx_word' id='word_1_258' title='bbox 3460 2168 3703 2224; x_wconf 84' lang='lat' dir='ltr'><strong>libenter</strong></span> <span class='ocrx_word' id='word_1_259' title='bbox 3761 2175 3816 2222; x_wconf 82' lang='lat' dir='ltr'><strong>et</strong></span> 
     </span>
    </p>
   </div>
   <div class='ocr_carea' id='block_1_39' title="bbox 495 2241 2119 2333">
    <p class='ocr_par' dir='ltr' id='par_1_39' title="bbox 495 2241 2111 2333">
     <span class='ocr_line' id='line_1_39' title="bbox 495 2241 2111 2333; baseline 0.015 -38"><span class='ocrx_word' id='word_1_260' title='bbox 495 2241 975 2314; x_wconf 80' lang='grc' dir='ltr'>τωνδεχόμενος,</span> <span class='ocrx_word' id='word_1_261' title='bbox 1022 2247 1268 2321; x_wconf 82' lang='grc' dir='ltr'>χαλεπὴν</span> <span class='ocrx_word' id='word_1_262' title='bbox 1315 2252 1374 2306; x_wconf 76' lang='grc' dir='ltr'><strong>δὲ</strong></span> <span class='ocrx_word' id='word_1_263' title='bbox 1433 2257 1536 2327; x_wconf 81' lang='grc' dir='ltr'><strong>τῆς</strong></span> <span class='ocrx_word' id='word_1_264' title='bbox 1579 2261 1960 2333; x_wconf 84' lang='grc' dir='ltr'>προσκομιδῆς</span> <span class='ocrx_word' id='word_1_265' title='bbox 1999 2262 2111 2320; x_wconf 85' lang='grc' dir='ltr'><strong>τῶν</strong></span> 
     </span>
    </p>
   </div>
   <div class='ocr_carea' id='block_1_40' title="bbox 2222 2241 3816 2333">
    <p class='ocr_par' dir='ltr' id='par_1_40' title="bbox 2222 2256 3816 2330">
     <span class='ocr_line' id='line_1_40' title="bbox 2222 2256 3816 2330; baseline 0.001 -19"><span class='ocrx_word' id='word_1_266' title='bbox 2222 2256 2410 2327; x_wconf 87' lang='lat' dir='ltr'><strong>recipit</strong></span> <span class='ocrx_word' id='word_1_267' title='bbox 2441 2273 2563 2328; x_wconf 80' lang='lat' dir='ltr'><strong>quae</strong></span> <span class='ocrx_word' id='word_1_268' title='bbox 2594 2272 2625 2312; x_wconf 88' lang='lat' dir='ltr'><strong>a</strong></span> <span class='ocrx_word' id='word_1_269' title='bbox 2656 2258 2938 2316; x_wconf 86' lang='lat' dir='ltr'><strong>benevolis</strong></span> <span class='ocrx_word' id='word_1_270' title='bbox 2961 2259 3201 2330; x_wconf 84' lang='lat' dir='ltr'><strong>dantur;</strong></span> <span class='ocrx_word' id='word_1_271' title='bbox 3233 2259 3334 2317; x_wconf 91' lang='lat' dir='ltr'><strong>sed</strong></span> <span class='ocrx_word' id='word_1_272' title='bbox 3369 2261 3660 2316; x_wconf 88' lang='lat' dir='ltr'><strong>molestum</strong></span> <span class='ocrx_word' id='word_1_273' title='bbox 3707 2259 3816 2315; x_wconf 88' lang='lat' dir='ltr'><strong>sibi</strong></span> 
     </span>
    </p>
   </div>
   <div class='ocr_carea' id='block_1_41' title="bbox 498 2333 2119 2428">
    <p class='ocr_par' dir='ltr' id='par_1_41' title="bbox 498 2333 2112 2428">
     <span class='ocr_line' id='line_1_41' title="bbox 498 2333 2112 2428; baseline 0.015 -42"><span class='ocrx_word' id='word_1_274' title='bbox 498 2333 728 2402; x_wconf 78' lang='grc' dir='ltr'>φαύλων</span> <span class='ocrx_word' id='word_1_275' title='bbox 754 2337 862 2428; x_wconf 41' lang='grc' dir='ltr'><strong>καί</strong></span> <span class='ocrx_word' id='word_1_276' title='bbox 890 2339 992 2410; x_wconf 75' lang='grc' dir='ltr'>τὴν</span> <span class='ocrx_word' id='word_1_277' title='bbox 1023 2340 1147 2410; x_wconf 72' lang='grc' dir='ltr'>ὄψιν</span> <span class='ocrx_word' id='word_1_278' title='bbox 1192 2339 1333 2399; x_wconf 83' lang='grc' dir='ltr'>εἶναι</span> <span class='ocrx_word' id='word_1_279' title='bbox 1365 2346 1625 2418; x_wconf 75' lang='grc' dir='ltr'>νομίζων,</span> <span class='ocrx_word' id='word_1_280' title='bbox 1666 2354 1734 2424; x_wconf 81' lang='grc' dir='ltr'>τῇ</span> <span class='ocrx_word' id='word_1_281' title='bbox 1768 2354 1961 2427; x_wconf 84' lang='grc' dir='ltr'>μνήμῃ</span> <span class='ocrx_word' id='word_1_282' title='bbox 2009 2357 2112 2428; x_wconf 84' lang='grc' dir='ltr'>τῆς</span> 
     </span>
    </p>
   </div>
   <div class='ocr_carea' id='block_1_42' title="bbox 2222 2333 3813 2428">
    <p class='ocr_par' dir='ltr' id='par_1_42' title="bbox 2222 2349 3813 2424">
     <span class='ocr_line' id='line_1_42' title="bbox 2222 2349 3813 2424; baseline 0.003 -22"><span class='ocrx_word' id='word_1_283' title='bbox 2222 2349 2424 2418; x_wconf 87' lang='lat' dir='ltr'><strong>iudicat</strong></span> <span class='ocrx_word' id='word_1_284' title='bbox 2456 2350 2778 2417; x_wconf 88' lang='lat' dir='ltr'><strong>oblationis,</strong></span> <span class='ocrx_word' id='word_1_285' title='bbox 2833 2368 2956 2424; x_wconf 83' lang='lat' dir='ltr'><strong>quae</strong></span> <span class='ocrx_word' id='word_1_286' title='bbox 2999 2367 3030 2407; x_wconf 90' lang='lat' dir='ltr'><strong>a</strong></span> <span class='ocrx_word' id='word_1_287' title='bbox 3073 2353 3236 2410; x_wconf 90' lang='lat' dir='ltr'><strong>malis</strong></span> <span class='ocrx_word' id='word_1_288' title='bbox 3278 2353 3437 2420; x_wconf 84' lang='lat' dir='ltr'><strong>fiunt,</strong></span> <span class='ocrx_word' id='word_1_289' title='bbox 3493 2361 3813 2424; x_wconf 81' lang='lat' dir='ltr'><strong>aspectum;</strong></span> 
     </span>
    </p>
   </div>
   <div class='ocr_carea' id='block_1_43' title="bbox 505 2425 2112 2518">
    <p class='ocr_par' dir='ltr' id='par_1_43' title="bbox 505 2425 2112 2518">
     <span class='ocr_line' id='line_1_43' title="bbox 505 2425 2112 2518; baseline 0.016 -40"><span class='ocrx_word' id='word_1_290' title='bbox 505 2429 791 2493; x_wconf 77' lang='grc' dir='ltr'>ἀσεϐείας,</span> <span class='ocrx_word' id='word_1_291' title='bbox 914 2433 1205 2503; x_wconf 79' lang='grc' dir='ltr'>συζῶντες,</span> <span class='ocrx_word' id='word_1_292' title='bbox 1241 2440 1300 2491; x_wconf 84' lang='grc' dir='ltr'>ὲν</span> <span class='ocrx_word' id='word_1_293' title='bbox 1354 2441 1611 2515; x_wconf 74' lang='grc' dir='ltr'>εἰρωνείᾳ</span> <span class='ocrx_word' id='word_1_294' title='bbox 1659 2446 1768 2499; x_wconf 60' lang='grc' dir='ltr'><strong>τινὶ⁵</strong></span> <span class='ocrx_word' id='word_1_295' title='bbox 1811 2425 2112 2518; x_wconf 76' lang='grc' dir='ltr'>προσάγειν</span> 
     </span>
    </p>
   </div>
   <div class='ocr_carea' id='block_1_44' title="bbox 498 2519 2108 2612">
    <p class='ocr_par' dir='ltr' id='par_1_44' title="bbox 498 2519 2108 2612">
     <span class='ocr_line' id='line_1_44' title="bbox 498 2519 2108 2612; baseline 0.014 -39"><span class='ocrx_word' id='word_1_296' title='bbox 498 2519 852 2596; x_wconf 77' lang='grc' dir='ltr'>ὃοκοῢσιτὴν</span> <span class='ocrx_word' id='word_1_297' title='bbox 881 2524 1095 2583; x_wconf 86' lang='grc' dir='ltr'>θυσίαν.</span> <span class='ocrx_word' id='word_1_298' title='bbox 1131 2548 1149 2580; x_wconf 76' lang='grc' dir='ltr'><strong>ι</strong></span> <span class='ocrx_word' id='word_1_299' title='bbox 1186 2531 1334 2585; x_wconf 82' lang='grc' dir='ltr'>Διότι</span> <span class='ocrx_word' id='word_1_300' title='bbox 1360 2534 1408 2586; x_wconf 88' lang='grc' dir='ltr'><strong>οἰ</strong></span> <span class='ocrx_word' id='word_1_301' title='bbox 1435 2533 1590 2606; x_wconf 79' lang='grc' dir='ltr'>ἄρτοι</span> <span class='ocrx_word' id='word_1_302' title='bbox 1620 2537 1826 2606; x_wconf 83' lang='grc' dir='ltr'>αὐτῶν,</span> <span class='ocrx_word' id='word_1_303' title='bbox 1859 2543 1986 2603; x_wconf 85' lang='grc' dir='ltr'>ταῖς</span> <span class='ocrx_word' id='word_1_304' title='bbox 2015 2541 2108 2612; x_wconf 79' lang='grc' dir='ltr'><strong>ψυ-</strong></span> 
     </span>
    </p>
   </div>
   <div class='ocr_carea' id='block_1_45' title="bbox 502 2615 2108 2704">
    <p class='ocr_par' dir='ltr' id='par_1_45' title="bbox 502 2615 2108 2704">
     <span class='ocr_line' id='line_1_45' title="bbox 502 2615 2108 2704; baseline 0.015 -40"><span class='ocrx_word' id='word_1_305' title='bbox 502 2615 631 2682; x_wconf 68' lang='grc' dir='ltr'>χαῖς</span> <span class='ocrx_word' id='word_1_306' title='bbox 656 2615 859 2684; x_wconf 72' lang='grc' dir='ltr'>αὐτῶν,</span> <span class='ocrx_word' id='word_1_307' title='bbox 883 2617 984 2673; x_wconf 80' lang='grc' dir='ltr'><strong>οὐκ</strong></span> <span class='ocrx_word' id='word_1_308' title='bbox 1009 2622 1411 2681; x_wconf 71' lang='grc' dir='ltr'>εἰσελεύσονται</span> <span class='ocrx_word' id='word_1_309' title='bbox 1433 2628 1515 2692; x_wconf 90' lang='grc' dir='ltr'><strong>εἰς</strong></span> <span class='ocrx_word' id='word_1_310' title='bbox 1538 2628 1633 2683; x_wconf 84' lang='grc' dir='ltr'><strong>τὸν</strong></span> <span class='ocrx_word' id='word_1_311' title='bbox 1653 2625 1803 2684; x_wconf 76' lang='grc' dir='ltr'>οἷκον</span> <span class='ocrx_word' id='word_1_312' title='bbox 1830 2633 2059 2704; x_wconf 82' lang='grc' dir='ltr'>Κυρίου.</span> <span class='ocrx_word' id='word_1_313' title='bbox 2090 2654 2108 2687; x_wconf 73' lang='grc' dir='ltr'><strong>ι</strong></span> 
     </span>
    </p>
   </div>
   <div class='ocr_carea' id='block_1_46' title="bbox 503 2708 2115 2794">
    <p class='ocr_par' dir='ltr' id='par_1_46' title="bbox 503 2708 2115 2794">
     <span class='ocr_line' id='line_1_46' title="bbox 503 2708 2115 2794; baseline 0.014 -33"><span class='ocrx_word' id='word_1_314' title='bbox 503 2708 667 2761; x_wconf 70' lang='grc' dir='ltr'>Πίσα</span> <span class='ocrx_word' id='word_1_315' title='bbox 701 2710 886 2765; x_wconf 80' lang='grc' dir='ltr'>τοίνυν</span> <span class='ocrx_word' id='word_1_316' title='bbox 915 2716 1260 2789; x_wconf 83' lang='grc' dir='ltr'>προσκομιδὴ</span> <span class='ocrx_word' id='word_1_317' title='bbox 1287 2717 1356 2789; x_wconf 84' lang='grc' dir='ltr'>ἣν</span> <span class='ocrx_word' id='word_1_318' title='bbox 1382 2719 1449 2774; x_wconf 84' lang='grc' dir='ltr'>ἂν</span> <span class='ocrx_word' id='word_1_319' title='bbox 1474 2720 1762 2787; x_wconf 85' lang='grc' dir='ltr'>ποιῶνται,</span> <span class='ocrx_word' id='word_1_320' title='bbox 1799 2725 1880 2790; x_wconf 89' lang='grc' dir='ltr'><strong>εἰς</strong></span> <span class='ocrx_word' id='word_1_321' title='bbox 1913 2728 2115 2794; x_wconf 86' lang='grc' dir='ltr'>αὐτοὺς</span> 
     </span>
    </p>
   </div>
   <div class='ocr_carea' id='block_1_47' title="bbox 502 2803 2113 2893">
    <p class='ocr_par' dir='ltr' id='par_1_47' title="bbox 502 2803 2113 2893">
     <span class='ocr_line' id='line_1_47' title="bbox 502 2803 2113 2893; baseline 0.013 -39"><span class='ocrx_word' id='word_1_322' title='bbox 502 2803 1023 2893; x_wconf 66' lang='grc' dir='ltr'>ἀποστραφήσεται,</span> <span class='ocrx_word' id='word_1_323' title='bbox 1068 2807 1233 2881; x_wconf 83' lang='grc' dir='ltr'>δεκτὴ</span> <span class='ocrx_word' id='word_1_324' title='bbox 1273 2810 1396 2884; x_wconf 84' lang='grc' dir='ltr'>Θεῷ</span> <span class='ocrx_word' id='word_1_325' title='bbox 1439 2816 1562 2868; x_wconf 87' lang='grc' dir='ltr'>κατ’</span> <span class='ocrx_word' id='word_1_326' title='bbox 1609 2815 1803 2872; x_wconf 80' lang='grc' dir='ltr'>οὐδένα</span> <span class='ocrx_word' id='word_1_327' title='bbox 1849 2819 2113 2893; x_wconf 83' lang='grc' dir='ltr'>γινομένη</span> 
     </span>
    </p>
   </div>
   <div class='ocr_carea' id='block_1_48' title="bbox 501 2891 2116 2976">
    <p class='ocr_par' dir='ltr' id='par_1_48' title="bbox 501 2891 2116 2976">
     <span class='ocr_line' id='line_1_48' title="bbox 501 2891 2116 2976; baseline 0.014 -34"><span class='ocrx_word' id='word_1_328' title='bbox 501 2891 711 2960; x_wconf 83' lang='grc' dir='ltr'>τρόπον</span> <span class='ocrx_word' id='word_1_329' title='bbox 731 2910 744 2922; x_wconf 93' lang='grc'><strong>·</strong></span> <span class='ocrx_word' id='word_1_330' title='bbox 771 2895 929 2950; x_wconf 85' lang='grc' dir='ltr'>τοῦτο</span> <span class='ocrx_word' id='word_1_331' title='bbox 957 2897 1069 2970; x_wconf 83' lang='grc' dir='ltr'>γὰρ</span> <span class='ocrx_word' id='word_1_332' title='bbox 1102 2897 1253 2970; x_wconf 86' lang='grc' dir='ltr'>λέγει</span> <span class='ocrx_word' id='word_1_333' title='bbox 1283 2902 1366 2969; x_wconf 81' lang='grc' dir='ltr'><strong>τὸ,</strong></span> <span class='ocrx_word' id='word_1_334' title='bbox 1404 2922 1423 2955; x_wconf 77' lang='grc' dir='ltr'><strong>ι</strong></span> <span class='ocrx_word' id='word_1_335' title='bbox 1465 2905 1578 2959; x_wconf 82' lang='grc' dir='ltr'>Ούκ</span> <span class='ocrx_word' id='word_1_336' title='bbox 1608 2891 2011 2964; x_wconf 78' lang='grc' dir='ltr'>εἰσελεύσονται</span> <span class='ocrx_word' id='word_1_337' title='bbox 2035 2891 2116 2976; x_wconf 83' lang='grc' dir='ltr'>εἰς</span> 
     </span>
    </p>
   </div>
   <div class='ocr_carea' id='block_1_49' title="bbox 503 2979 2113 3075">
    <p class='ocr_par' dir='ltr' id='par_1_49' title="bbox 503 2979 2113 3075">
     <span class='ocr_line' id='line_1_49' title="bbox 503 2979 2113 3075; baseline 0.014 -40"><span class='ocrx_word' id='word_1_338' title='bbox 503 2984 598 3037; x_wconf 80' lang='grc' dir='ltr'><strong>τὸν</strong></span> <span class='ocrx_word' id='word_1_339' title='bbox 620 2979 772 3040; x_wconf 79' lang='grc' dir='ltr'>οἷκον</span> <span class='ocrx_word' id='word_1_340' title='bbox 806 2989 1039 3061; x_wconf 83' lang='grc' dir='ltr'>Κυρίου,</span> <span class='ocrx_word' id='word_1_341' title='bbox 1070 3011 1089 3043; x_wconf 74' lang='grc' dir='ltr'><strong>ι</strong></span> <span class='ocrx_word' id='word_1_342' title='bbox 1124 2993 1246 3048; x_wconf 75' lang='grc' dir='ltr'>ἀντὶ</span> <span class='ocrx_word' id='word_1_343' title='bbox 1266 2995 1385 3061; x_wconf 79' lang='grc' dir='ltr'>τοῦ,</span> <span class='ocrx_word' id='word_1_344' title='bbox 1432 2997 1546 3052; x_wconf 82' lang='grc' dir='ltr'>Ούκ</span> <span class='ocrx_word' id='word_1_345' title='bbox 1573 2997 1728 3053; x_wconf 80' lang='grc' dir='ltr'>ἔσται</span> <span class='ocrx_word' id='word_1_346' title='bbox 1765 3001 1931 3056; x_wconf 87' lang='grc' dir='ltr'>δεκτά</span> <span class='ocrx_word' id='word_1_347' title='bbox 1971 3001 2113 3075; x_wconf 80' lang='grc' dir='ltr'>Θεῷ,</span> 
     </span>
    </p>
   </div>
   <div class='ocr_carea' id='block_1_50' title="bbox 500 3074 2116 3169">
    <p class='ocr_par' dir='ltr' id='par_1_50' title="bbox 500 3074 2116 3169">
     <span class='ocr_line' id='line_1_50' title="bbox 500 3074 2116 3169; baseline 0.016 -43"><span class='ocrx_word' id='word_1_348' title='bbox 500 3074 627 3131; x_wconf 69' lang='grc' dir='ltr'>οὐδὲ</span> <span class='ocrx_word' id='word_1_349' title='bbox 674 3078 921 3149; x_wconf 88' lang='grc' dir='ltr'>παρόντα</span> <span class='ocrx_word' id='word_1_350' title='bbox 971 3083 1114 3140; x_wconf 76' lang='grc' dir='ltr'>αὐτὰ</span> <span class='ocrx_word' id='word_1_351' title='bbox 1144 3085 1456 3161; x_wconf 73' lang='grc' dir='ltr'>τῷικυρίῳ</span> <span class='ocrx_word' id='word_1_352' title='bbox 1495 3089 1791 3160; x_wconf 84' lang='grc' dir='ltr'>λογιεῖται,</span> <span class='ocrx_word' id='word_1_353' title='bbox 1830 3074 2116 3169; x_wconf 79' lang='grc' dir='ltr'>πόρρωθεν</span> 
     </span>
    </p>
   </div>
   <div class='ocr_carea' id='block_1_51' title="bbox 502 3170 2114 3261">
    <p class='ocr_par' dir='ltr' id='par_1_51' title="bbox 502 3170 2114 3261">
     <span class='ocr_line' id='line_1_51' title="bbox 502 3170 2114 3261; baseline 0.015 -41"><span class='ocrx_word' id='word_1_354' title='bbox 502 3170 975 3261; x_wconf 72' lang='grc' dir='ltr'>ἀποπεμπόμενος</span> <span class='ocrx_word' id='word_1_355' title='bbox 998 3175 1075 3239; x_wconf 85' lang='grc' dir='ltr'>ὡς</span> <span class='ocrx_word' id='word_1_356' title='bbox 1102 3176 1423 3245; x_wconf 78' lang='grc' dir='ltr'>ὲξάσεσοῦς</span> <span class='ocrx_word' id='word_1_357' title='bbox 1448 3183 1841 3256; x_wconf 85' lang='grc' dir='ltr'>προσαγόμενα</span> <span class='ocrx_word' id='word_1_358' title='bbox 1863 3186 2114 3261; x_wconf 84' lang='grc' dir='ltr'>γνώμης.</span> 
     </span>
    </p>
   </div>
   <div class='ocr_carea' id='block_1_52' title="bbox 2216 2442 3816 2515">
    <p class='ocr_par' dir='ltr' id='par_1_52' title="bbox 2216 2442 3816 2515">
     <span class='ocr_line' id='line_1_52' title="bbox 2216 2442 3816 2515; baseline 0.004 -21"><span class='ocrx_word' id='word_1_359' title='bbox 2216 2448 2383 2513; x_wconf 83' lang='lat' dir='ltr'><strong>atque</strong></span> <span class='ocrx_word' id='word_1_360' title='bbox 2416 2443 2489 2499; x_wconf 81' lang='lat' dir='ltr'><strong>ob</strong></span> <span class='ocrx_word' id='word_1_361' title='bbox 2536 2442 2860 2515; x_wconf 88' lang='lat' dir='ltr'><strong>impietatis,</strong></span> <span class='ocrx_word' id='word_1_362' title='bbox 2910 2446 2965 2500; x_wconf 91' lang='lat' dir='ltr'><strong>in</strong></span> <span class='ocrx_word' id='word_1_363' title='bbox 2998 2463 3108 2515; x_wconf 88' lang='lat' dir='ltr'><strong>qua</strong></span> <span class='ocrx_word' id='word_1_364' title='bbox 3142 2446 3221 2501; x_wconf 90' lang='lat' dir='ltr'><strong>illi</strong></span> <span class='ocrx_word' id='word_1_365' title='bbox 3247 2457 3566 2509; x_wconf 86' lang='lat' dir='ltr'><strong>versantur,</strong></span> <span class='ocrx_word' id='word_1_366' title='bbox 3607 2460 3816 2501; x_wconf 88' lang='lat' dir='ltr'><strong>memo-</strong></span> 
     </span>
    </p>
   </div>
   <div class='ocr_carea' id='block_1_53' title="bbox 2217 2535 3812 2608">
    <p class='ocr_par' dir='ltr' id='par_1_53' title="bbox 2217 2535 3812 2608">
     <span class='ocr_line' id='line_1_53' title="bbox 2217 2535 3812 2608; baseline 0.001 -20"><span class='ocrx_word' id='word_1_367' title='bbox 2217 2535 2379 2594; x_wconf 86' lang='lat' dir='ltr'><strong>riam,</strong></span> <span class='ocrx_word' id='word_1_368' title='bbox 2419 2535 2629 2592; x_wconf 90' lang='lat' dir='ltr'><strong>ironice</strong></span> <span class='ocrx_word' id='word_1_369' title='bbox 2670 2537 2749 2592; x_wconf 92' lang='lat' dir='ltr'><strong>illi</strong></span> <span class='ocrx_word' id='word_1_370' title='bbox 2794 2538 3510 2608; x_wconf 85' lang='lat' dir='ltr'><strong>quodammodo-videntur</strong></span> <span class='ocrx_word' id='word_1_371' title='bbox 3571 2539 3812 2596; x_wconf 86' lang='lat' dir='ltr'><strong>hostiam</strong></span> 
     </span>
    </p>
   </div>
   <div class='ocr_carea' id='block_1_54' title="bbox 2217 2626 3817 2702">
    <p class='ocr_par' dir='ltr' id='par_1_54' title="bbox 2217 2626 3817 2702">
     <span class='ocr_line' id='line_1_54' title="bbox 2217 2626 3817 2702; baseline 0.003 -21"><span class='ocrx_word' id='word_1_372' title='bbox 2217 2626 2436 2681; x_wconf 79' lang='lat' dir='ltr'><strong>offerre.</strong></span> <span class='ocrx_word' id='word_1_373' title='bbox 2458 2645 2477 2678; x_wconf 75' lang='grc' dir='ltr'><strong>ι</strong></span> <span class='ocrx_word' id='word_1_374' title='bbox 2498 2626 2637 2694; x_wconf 84' lang='lat' dir='ltr'><strong>Quia</strong></span> <span class='ocrx_word' id='word_1_375' title='bbox 2660 2644 2835 2699; x_wconf 87' lang='lat' dir='ltr'><strong>panes</strong></span> <span class='ocrx_word' id='word_1_376' title='bbox 2850 2645 3066 2695; x_wconf 83' lang='lat' dir='ltr'><strong>eorum,</strong></span> <span class='ocrx_word' id='word_1_377' title='bbox 3090 2631 3382 2687; x_wconf 87' lang='lat' dir='ltr'><strong>animabus</strong></span> <span class='ocrx_word' id='word_1_378' title='bbox 3401 2632 3649 2702; x_wconf 88' lang='lat' dir='ltr'><strong>ipsorum</strong></span> <span class='ocrx_word' id='word_1_379' title='bbox 3671 2648 3685 2685; x_wconf 91' lang='lat'><strong>:</strong></span> <span class='ocrx_word' id='word_1_380' title='bbox 3706 2647 3817 2685; x_wconf 88' lang='lat' dir='ltr'><strong>non</strong></span> 
     </span>
    </p>
   </div>
   <div class='ocr_carea' id='block_1_55' title="bbox 2221 2720 3818 2796">
    <p class='ocr_par' dir='ltr' id='par_1_55' title="bbox 2221 2720 3818 2796">
     <span class='ocr_line' id='line_1_55' title="bbox 2221 2720 3818 2796; baseline 0.001 -23"><span class='ocrx_word' id='word_1_381' title='bbox 2221 2720 2508 2776; x_wconf 70' lang='lat' dir='ltr'><strong>intrabunt</strong></span> <span class='ocrx_word' id='word_1_382' title='bbox 2546 2723 2601 2775; x_wconf 89' lang='lat' dir='ltr'><strong>in</strong></span> <span class='ocrx_word' id='word_1_383' title='bbox 2640 2722 2867 2775; x_wconf 67' lang='lat' dir='ltr'><strong>domum</strong></span> <span class='ocrx_word' id='word_1_384' title='bbox 2906 2721 3151 2777; x_wconf 90' lang='lat' dir='ltr'><strong>Domini.</strong></span> <span class='ocrx_word' id='word_1_385' title='bbox 3189 2741 3207 2774; x_wconf 75' lang='grc' dir='ltr'><strong>ι</strong></span> <span class='ocrx_word' id='word_1_386' title='bbox 3243 2721 3351 2796; x_wconf 66' lang='grc'><strong>43</strong></span> <span class='ocrx_word' id='word_1_387' title='bbox 3380 2722 3650 2788; x_wconf 61' lang='lat' dir='ltr'><strong>Quaelibet</strong></span> <span class='ocrx_word' id='word_1_388' title='bbox 3683 2740 3818 2794; x_wconf 75' lang='lat' dir='ltr'><strong>ergo</strong></span> 
     </span>
    </p>
   </div>
   <div class='ocr_carea' id='block_1_56' title="bbox 2219 2814 3814 2886">
    <p class='ocr_par' dir='ltr' id='par_1_56' title="bbox 2219 2814 3814 2886">
     <span class='ocr_line' id='line_1_56' title="bbox 2219 2814 3814 2886; baseline 0.001 -19"><span class='ocrx_word' id='word_1_389' title='bbox 2219 2814 2429 2868; x_wconf 76' lang='lat' dir='ltr'><strong>oblatio</strong></span> <span class='ocrx_word' id='word_1_390' title='bbox 2461 2828 2627 2884; x_wconf 85' lang='lat' dir='ltr'><strong>quam</strong></span> <span class='ocrx_word' id='word_1_391' title='bbox 2658 2814 2914 2880; x_wconf 83' lang='lat' dir='ltr'><strong>fecerint,</strong></span> <span class='ocrx_word' id='word_1_392' title='bbox 2961 2814 3028 2870; x_wconf 89' lang='lat' dir='ltr'><strong>ad</strong></span> <span class='ocrx_word' id='word_1_393' title='bbox 3083 2816 3237 2886; x_wconf 88' lang='lat' dir='ltr'><strong>ipsos</strong></span> <span class='ocrx_word' id='word_1_394' title='bbox 3289 2824 3641 2883; x_wconf 71' lang='lat' dir='ltr'><strong>revertetur;</strong></span> <span class='ocrx_word' id='word_1_395' title='bbox 3687 2832 3814 2870; x_wconf 86' lang='lat' dir='ltr'><strong>nam</strong></span> 
     </span>
    </p>
   </div>
   <div class='ocr_carea' id='block_1_57' title="bbox 2223 2905 3815 2979">
    <p class='ocr_par' dir='ltr' id='par_1_57' title="bbox 2223 2905 3815 2979">
     <span class='ocr_line' id='line_1_57' title="bbox 2223 2905 3815 2979; baseline -0.001 -19"><span class='ocrx_word' id='word_1_396' title='bbox 2223 2905 2335 2961; x_wconf 86' lang='lat' dir='ltr'><strong>Deo</strong></span> <span class='ocrx_word' id='word_1_397' title='bbox 2374 2913 2527 2962; x_wconf 88' lang='lat' dir='ltr'><strong>certe</strong></span> <span class='ocrx_word' id='word_1_398' title='bbox 2576 2907 2896 2963; x_wconf 84' lang='lat' dir='ltr'><strong>nullatenus</strong></span> <span class='ocrx_word' id='word_1_399' title='bbox 2944 2908 3306 2979; x_wconf 87' lang='lat' dir='ltr'><strong>acceptabilis</strong></span> <span class='ocrx_word' id='word_1_400' title='bbox 3359 2908 3464 2964; x_wconf 89' lang='lat' dir='ltr'><strong>erit</strong></span> <span class='ocrx_word' id='word_1_401' title='bbox 3499 2927 3511 2962; x_wconf 91' lang='lat'><strong>:</strong></span> <span class='ocrx_word' id='word_1_402' title='bbox 3547 2909 3629 2964; x_wconf 91' lang='lat' dir='ltr'><strong>sic</strong></span> <span class='ocrx_word' id='word_1_403' title='bbox 3666 2910 3815 2963; x_wconf 81' lang='lat' dir='ltr'><strong>enim</strong></span> 
     </span>
    </p>
   </div>
   <div class='ocr_carea' id='block_1_58' title="bbox 2223 2990 3811 3068">
    <p class='ocr_par' dir='ltr' id='par_1_58' title="bbox 2223 2990 3811 3068">
     <span class='ocr_line' id='line_1_58' title="bbox 2223 2990 3811 3068; baseline -0.001 -14"><span class='ocrx_word' id='word_1_404' title='bbox 2223 3001 2403 3055; x_wconf 76' lang='lat' dir='ltr'><strong>valent</strong></span> <span class='ocrx_word' id='word_1_405' title='bbox 2437 2999 2624 3066; x_wconf 86' lang='lat' dir='ltr'><strong>verba,</strong></span> <span class='ocrx_word' id='word_1_406' title='bbox 2660 3018 2679 3052; x_wconf 77' lang='grc' dir='ltr'><strong>ι</strong></span> <span class='ocrx_word' id='word_1_407' title='bbox 2702 2998 2821 3055; x_wconf 87' lang='lat' dir='ltr'><strong>Non</strong></span> <span class='ocrx_word' id='word_1_408' title='bbox 2860 3000 3148 3057; x_wconf 73' lang='lat' dir='ltr'><strong>intrabunt</strong></span> <span class='ocrx_word' id='word_1_409' title='bbox 3181 2990 3234 3056; x_wconf 81' lang='lat' dir='ltr'><strong>in</strong></span> <span class='ocrx_word' id='word_1_410' title='bbox 3267 3000 3491 3056; x_wconf 89' lang='lat' dir='ltr'><strong>domum</strong></span> <span class='ocrx_word' id='word_1_411' title='bbox 3512 3000 3725 3055; x_wconf 88' lang='lat' dir='ltr'><strong>Domini</strong></span> <span class='ocrx_word' id='word_1_412' title='bbox 3751 3018 3766 3068; x_wconf 90' lang='lat'><strong>;</strong></span> <span class='ocrx_word' id='word_1_413' title='bbox 3793 3021 3811 3048; x_wconf 77' lang='grc' dir='ltr'><strong>ι</strong></span> 
     </span>
    </p>
   </div>
   <div class='ocr_carea' id='block_1_59' title="bbox 2220 3092 3815 3165">
    <p class='ocr_par' dir='ltr' id='par_1_59' title="bbox 2220 3092 3815 3165">
     <span class='ocr_line' id='line_1_59' title="bbox 2220 3092 3815 3165; baseline -0.003 -17"><span class='ocrx_word' id='word_1_414' title='bbox 2220 3094 2273 3149; x_wconf 88' lang='lat' dir='ltr'><strong>id</strong></span> <span class='ocrx_word' id='word_1_415' title='bbox 2307 3103 2411 3157; x_wconf 86' lang='lat' dir='ltr'><strong>est,</strong></span> <span class='ocrx_word' id='word_1_416' title='bbox 2446 3093 2555 3150; x_wconf 91' lang='lat' dir='ltr'><strong>Deo</strong></span> <span class='ocrx_word' id='word_1_417' title='bbox 2594 3105 2817 3165; x_wconf 84' lang='lat' dir='ltr'><strong>accepta</strong></span> <span class='ocrx_word' id='word_1_418' title='bbox 2854 3109 2963 3149; x_wconf 90' lang='lat' dir='ltr'><strong>non</strong></span> <span class='ocrx_word' id='word_1_419' title='bbox 2999 3102 3182 3156; x_wconf 86' lang='lat' dir='ltr'><strong>erunt,</strong></span> <span class='ocrx_word' id='word_1_420' title='bbox 3216 3109 3395 3165; x_wconf 88' lang='lat' dir='ltr'><strong>neque</strong></span> <span class='ocrx_word' id='word_1_421' title='bbox 3431 3092 3536 3148; x_wconf 90' lang='lat' dir='ltr'><strong>sibi</strong></span> <span class='ocrx_word' id='word_1_422' title='bbox 3576 3108 3815 3162; x_wconf 74' lang='lat' dir='ltr'><strong>praesen-</strong></span> 
     </span>
    </p>
   </div>
   <div class='ocr_carea' id='block_1_60' title="bbox 2220 3183 3819 3257">
    <p class='ocr_par' dir='ltr' id='par_1_60' title="bbox 2220 3183 3819 3257">
     <span class='ocr_line' id='line_1_60' title="bbox 2220 3183 3819 3257; baseline -0.005 -14"><span class='ocrx_word' id='word_1_423' title='bbox 2220 3189 2294 3243; x_wconf 87' lang='lat' dir='ltr'><strong>tia</strong></span> <span class='ocrx_word' id='word_1_424' title='bbox 2340 3185 2643 3257; x_wconf 84' lang='lat' dir='ltr'><strong>repatabit,</strong></span> <span class='ocrx_word' id='word_1_425' title='bbox 2683 3185 2781 3243; x_wconf 88' lang='lat' dir='ltr'><strong>sed</strong></span> <span class='ocrx_word' id='word_1_426' title='bbox 2832 3186 2998 3256; x_wconf 83' lang='lat' dir='ltr'><strong>longe</strong></span> <span class='ocrx_word' id='word_1_427' title='bbox 3060 3185 3310 3255; x_wconf 84' lang='lat' dir='ltr'><strong>repellet,</strong></span> <span class='ocrx_word' id='word_1_428' title='bbox 3359 3199 3459 3239; x_wconf 88' lang='lat' dir='ltr'><strong>ceu</strong></span> <span class='ocrx_word' id='word_1_429' title='bbox 3501 3199 3628 3237; x_wconf 89' lang='lat' dir='ltr'><strong>cum</strong></span> <span class='ocrx_word' id='word_1_430' title='bbox 3672 3183 3819 3236; x_wconf 80' lang='lat' dir='ltr'><strong>male</strong></span> 
     </span>
    </p>
   </div>
   <div class='ocr_carea' id='block_1_61' title="bbox 512 3260 2119 3352">
    <p class='ocr_par' dir='ltr' id='par_1_61' title="bbox 512 3260 2114 3352">
     <span class='ocr_line' id='line_1_61' title="bbox 512 3260 2114 3352; baseline 0.014 -37"><span class='ocrx_word' id='word_1_431' title='bbox 512 3260 608 3326; x_wconf 79' lang='grc' dir='ltr'>Ὣς</span> <span class='ocrx_word' id='word_1_432' title='bbox 639 3263 750 3337; x_wconf 80' lang='grc' dir='ltr'>γὰρ</span> <span class='ocrx_word' id='word_1_433' title='bbox 768 3267 799 3320; x_wconf 83' lang='grc' dir='ltr'><strong>ό</strong></span> <span class='ocrx_word' id='word_1_434' title='bbox 818 3266 950 3331; x_wconf 79' lang='grc' dir='ltr'>Θεὸς</span> <span class='ocrx_word' id='word_1_435' title='bbox 977 3270 1114 3340; x_wconf 75' lang='grc' dir='ltr'>πρὸς</span> <span class='ocrx_word' id='word_1_436' title='bbox 1130 3271 1223 3326; x_wconf 75' lang='grc' dir='ltr'><strong>τὸν</strong></span> <span class='ocrx_word' id='word_1_437' title='bbox 1246 3273 1386 3329; x_wconf 80' lang='grc' dir='ltr'>Κόιῖν</span> <span class='ocrx_word' id='word_1_438' title='bbox 1410 3275 1598 3340; x_wconf 87' lang='grc' dir='ltr'>κακῶς</span> <span class='ocrx_word' id='word_1_439' title='bbox 1629 3283 2114 3352; x_wconf 80' lang='grc' dir='ltr'>προσκεκομικότα</span> 
     </span>
    </p>
   </div>
   <div class='ocr_carea' id='block_1_62' title="bbox 2222 3260 3821 3352">
    <p class='ocr_par' dir='ltr' id='par_1_62' title="bbox 2223 3274 3821 3349">
     <span class='ocr_line' id='line_1_62' title="bbox 2223 3274 3821 3349; baseline -0.001 -19"><span class='ocrx_word' id='word_1_440' title='bbox 2223 3278 2424 3332; x_wconf 79' lang='lat' dir='ltr'><strong>mentis</strong></span> <span class='ocrx_word' id='word_1_441' title='bbox 2461 3276 2653 3333; x_wconf 89' lang='lat' dir='ltr'><strong>habitu</strong></span> <span class='ocrx_word' id='word_1_442' title='bbox 2685 3279 2897 3334; x_wconf 87' lang='lat' dir='ltr'><strong>oblata.</strong></span> <span class='ocrx_word' id='word_1_443' title='bbox 2938 3275 3075 3332; x_wconf 82' lang='lat' dir='ltr'><strong>Nam</strong></span> <span class='ocrx_word' id='word_1_444' title='bbox 3103 3277 3441 3335; x_wconf 85' lang='lat' dir='ltr'><strong>sicutCaino</strong></span> <span class='ocrx_word' id='word_1_445' title='bbox 3483 3275 3629 3333; x_wconf 88' lang='lat' dir='ltr'><strong>Deus</strong></span> <span class='ocrx_word' id='word_1_446' title='bbox 3652 3274 3821 3349; x_wconf 53' lang='lat' dir='ltr'><strong>prave</strong></span> 
     </span>
    </p>
   </div>
   <div class='ocr_carea' id='block_1_63' title="bbox 503 3354 2117 3449">
    <p class='ocr_par' dir='ltr' id='par_1_63' title="bbox 503 3354 2117 3449">
     <span class='ocr_line' id='line_1_63' title="bbox 503 3354 2117 3449; baseline 0.015 -43"><span class='ocrx_word' id='word_1_447' title='bbox 503 3354 678 3449; x_wconf 35' lang='grc' dir='ltr'>λέγεις</span> <span class='ocrx_word' id='word_1_448' title='bbox 720 3377 741 3410; x_wconf 71' lang='grc' dir='ltr'><strong><em>α</em></strong></span> <span class='ocrx_word' id='word_1_449' title='bbox 774 3359 920 3432; x_wconf 78' lang='grc' dir='ltr'>Πρὸς</span> <span class='ocrx_word' id='word_1_450' title='bbox 964 3362 1025 3416; x_wconf 85' lang='grc' dir='ltr'>σὲ</span> <span class='ocrx_word' id='word_1_451' title='bbox 1068 3366 1101 3437; x_wconf 70' lang='grc' dir='ltr'>ἡ</span> <span class='ocrx_word' id='word_1_452' title='bbox 1134 3365 1457 3439; x_wconf 77' lang='grc' dir='ltr'>ἀποστροφὴ</span> <span class='ocrx_word' id='word_1_453' title='bbox 1484 3369 1671 3437; x_wconf 76' lang='grc' dir='ltr'>αὐτοῦ,</span> <span class='ocrx_word' id='word_1_454' title='bbox 1701 3373 1799 3426; x_wconf 72' lang='grc' dir='ltr'><strong>καὶ</strong></span> <span class='ocrx_word' id='word_1_455' title='bbox 1836 3374 1902 3427; x_wconf 78' lang='grc' dir='ltr'><strong>σὺ</strong></span> <span class='ocrx_word' id='word_1_456' title='bbox 1928 3373 2117 3449; x_wconf 76' lang='grc' dir='ltr'>ἄρξεις</span> 
     </span>
    </p>
   </div>
   <div class='ocr_carea' id='block_1_64' title="bbox 503 3445 2153 3544">
    <p class='ocr_par' dir='ltr' id='par_1_64' title="bbox 503 3445 2153 3544">
     <span class='ocr_line' id='line_1_64' title="bbox 503 3445 2153 3544; baseline 0.014 -46"><span class='ocrx_word' id='word_1_457' title='bbox 503 3445 698 3513; x_wconf 72' lang='grc' dir='ltr'>αὐτοῦ,</span> <span class='ocrx_word' id='word_1_458' title='bbox 736 3467 756 3500; x_wconf 69' lang='grc' dir='ltr'><strong>ι</strong></span> <span class='ocrx_word' id='word_1_459' title='bbox 807 3451 928 3506; x_wconf 77' lang='grc' dir='ltr'>ἀντὶ</span> <span class='ocrx_word' id='word_1_460' title='bbox 961 3454 1092 3520; x_wconf 77' lang='grc' dir='ltr'>τοῦ,</span> <span class='ocrx_word' id='word_1_461' title='bbox 1127 3455 1219 3511; x_wconf 73' lang='grc' dir='ltr'><strong>Σοὶ</strong></span> <span class='ocrx_word' id='word_1_462' title='bbox 1263 3459 1649 3533; x_wconf 82' lang='grc' dir='ltr'>ἀπέστραπται</span> <span class='ocrx_word' id='word_1_463' title='bbox 1690 3464 1759 3520; x_wconf 78' lang='grc' dir='ltr'>τὰ</span> <span class='ocrx_word' id='word_1_464' title='bbox 1808 3445 2115 3544; x_wconf 54' lang='grc' dir='ltr'>προεκομι-</span> <span class='ocrx_word' id='word_1_465' title='bbox 2140 3500 2153 3505; x_wconf 94' lang='grc'><strong>-</strong></span> 
     </span>
    </p>
   </div>
   <div class='ocr_carea' id='block_1_65' title="bbox 507 3537 2116 3629">
    <p class='ocr_par' dir='ltr' id='par_1_65' title="bbox 507 3537 2116 3629">
     <span class='ocr_line' id='line_1_65' title="bbox 507 3537 2116 3629; baseline 0.015 -41"><span class='ocrx_word' id='word_1_466' title='bbox 507 3537 737 3629; x_wconf 70' lang='grc' dir='ltr'>σθέντα,</span> <span class='ocrx_word' id='word_1_467' title='bbox 780 3544 877 3597; x_wconf 73' lang='grc' dir='ltr'><strong>καὶ</strong></span> <span class='ocrx_word' id='word_1_468' title='bbox 904 3544 1070 3611; x_wconf 83' lang='grc' dir='ltr'>αὐτὸς</span> <span class='ocrx_word' id='word_1_469' title='bbox 1117 3549 1420 3606; x_wconf 82' lang='grc' dir='ltr'>αὐτῶνέσο</span> <span class='ocrx_word' id='word_1_470' title='bbox 1459 3553 1670 3627; x_wconf 87' lang='grc' dir='ltr'>κύριος·</span> <span class='ocrx_word' id='word_1_471' title='bbox 1708 3555 1821 3626; x_wconf 80' lang='grc' dir='ltr'>ἐγὼ</span> <span class='ocrx_word' id='word_1_472' title='bbox 1859 3537 2116 3629; x_wconf 53' lang='grc' dir='ltr'>δέδεγμαι</span> 
     </span>
    </p>
   </div>
   <div class='ocr_carea' id='block_1_66' title="bbox 505 3628 2120 3717">
    <p class='ocr_par' dir='ltr' id='par_1_66' title="bbox 505 3628 2120 3717">
     <span class='ocr_line' id='line_1_66' title="bbox 505 3628 2120 3717; baseline 0.013 -38"><span class='ocrx_word' id='word_1_473' title='bbox 505 3628 769 3697; x_wconf 72' lang='grc' dir='ltr'>καθάπαξ</span> <span class='ocrx_word' id='word_1_474' title='bbox 790 3633 965 3689; x_wconf 72' lang='grc' dir='ltr'>οὐδέν·</span> <span class='ocrx_word' id='word_1_475' title='bbox 989 3635 1166 3703; x_wconf 84' lang='grc' dir='ltr'>οὕτως</span> <span class='ocrx_word' id='word_1_476' title='bbox 1194 3639 1433 3694; x_wconf 78' lang='grc' dir='ltr'>ἐνταῦθα</span> <span class='ocrx_word' id='word_1_477' title='bbox 1460 3641 1631 3713; x_wconf 82' lang='grc' dir='ltr'>λέγει·</span> <span class='ocrx_word' id='word_1_478' title='bbox 1669 3662 1687 3695; x_wconf 74' lang='grc' dir='ltr'><strong>ι</strong></span> <span class='ocrx_word' id='word_1_479' title='bbox 1731 3645 1795 3699; x_wconf 80' lang='lat' dir='ltr'><strong>Oi.</strong></span> <span class='ocrx_word' id='word_1_480' title='bbox 1831 3645 1988 3717; x_wconf 83' lang='grc' dir='ltr'>ἄρτοι</span> <span class='ocrx_word' id='word_1_481' title='bbox 2020 3628 2120 3699; x_wconf 84' lang='grc' dir='ltr'>αύ-</span> 
     </span>
    </p>
   </div>
   <div class='ocr_carea' id='block_1_67' title="bbox 506 3721 2118 3810">
    <p class='ocr_par' dir='ltr' id='par_1_67' title="bbox 506 3721 2118 3810">
     <span class='ocr_line' id='line_1_67' title="bbox 506 3721 2118 3810; baseline 0.009 -33"><span class='ocrx_word' id='word_1_482' title='bbox 506 3721 621 3779; x_wconf 81' lang='grc' dir='ltr'><strong>τῶν</strong></span> <span class='ocrx_word' id='word_1_483' title='bbox 645 3729 771 3789; x_wconf 86' lang='grc' dir='ltr'>ταῖς</span> <span class='ocrx_word' id='word_1_484' title='bbox 797 3726 1001 3799; x_wconf 70' lang='grc' dir='ltr'>ψυχαῖς</span> <span class='ocrx_word' id='word_1_485' title='bbox 1027 3730 1232 3799; x_wconf 77' lang='grc' dir='ltr'>αὐτῶν,</span> <span class='ocrx_word' id='word_1_486' title='bbox 1270 3752 1290 3784; x_wconf 75' lang='grc' dir='ltr'><strong>ι</strong></span> <span class='ocrx_word' id='word_1_487' title='bbox 1330 3733 1453 3788; x_wconf 67' lang='grc' dir='ltr'>ἀντὶ</span> <span class='ocrx_word' id='word_1_488' title='bbox 1484 3735 1604 3801; x_wconf 78' lang='grc' dir='ltr'>τοῦ,</span> <span class='ocrx_word' id='word_1_489' title='bbox 1634 3737 1716 3792; x_wconf 76' lang='grc' dir='ltr'><strong>Τὰ</strong></span> <span class='ocrx_word' id='word_1_490' title='bbox 1744 3737 2118 3810; x_wconf 79' lang='grc' dir='ltr'>προσκομιζό-</span> 
     </span>
    </p>
   </div>
   <div class='ocr_carea' id='block_1_68' title="bbox 510 3821 2116 3901">
    <p class='ocr_par' dir='ltr' id='par_1_68' title="bbox 510 3821 2116 3901">
     <span class='ocr_line' id='line_1_68' title="bbox 510 3821 2116 3901; baseline 0.005 -25"><span class='ocrx_word' id='word_1_491' title='bbox 510 3840 652 3894; x_wconf 81' lang='grc' dir='ltr'>μενα</span> <span class='ocrx_word' id='word_1_492' title='bbox 685 3825 820 3891; x_wconf 84' lang='grc' dir='ltr'>παρ’</span> <span class='ocrx_word' id='word_1_493' title='bbox 849 3821 1056 3890; x_wconf 73' lang='grc' dir='ltr'>αὐτῶν,</span> <span class='ocrx_word' id='word_1_494' title='bbox 1087 3823 1276 3890; x_wconf 79' lang='grc' dir='ltr'>αὐτοῖς</span> <span class='ocrx_word' id='word_1_495' title='bbox 1303 3824 1481 3896; x_wconf 75' lang='grc' dir='ltr'>ἔσται,</span> <span class='ocrx_word' id='word_1_496' title='bbox 1509 3828 1612 3883; x_wconf 82' lang='grc' dir='ltr'>οὐκ</span> <span class='ocrx_word' id='word_1_497' title='bbox 1635 3828 1766 3883; x_wconf 81' lang='grc' dir='ltr'>ὄντα</span> <span class='ocrx_word' id='word_1_498' title='bbox 1788 3829 1909 3901; x_wconf 74' lang='grc' dir='ltr'><strong>Θεῷ</strong></span> <span class='ocrx_word' id='word_1_499' title='bbox 1934 3829 2116 3885; x_wconf 86' lang='grc' dir='ltr'>δεκτά·</span> 
     </span>
    </p>
   </div>
   <div class='ocr_carea' id='block_1_69' title="bbox 507 3914 2123 3993">
    <p class='ocr_par' dir='ltr' id='par_1_69' title="bbox 507 3914 2123 3993">
     <span class='ocr_line' id='line_1_69' title="bbox 507 3914 2123 3993; baseline 0.003 -22"><span class='ocrx_word' id='word_1_500' title='bbox 507 3915 715 3987; x_wconf 79' lang='grc' dir='ltr'>ἄρτους</span> <span class='ocrx_word' id='word_1_501' title='bbox 742 3915 801 3970; x_wconf 77' lang='grc' dir='ltr'><strong>δὲ</strong></span> <span class='ocrx_word' id='word_1_502' title='bbox 833 3914 1091 3988; x_wconf 85' lang='grc' dir='ltr'>ὠνόμασε</span> <span class='ocrx_word' id='word_1_503' title='bbox 1120 3915 1225 3982; x_wconf 71' lang='grc' dir='ltr'><strong>τὰς</strong></span> <span class='ocrx_word' id='word_1_504' title='bbox 1264 3918 1608 3991; x_wconf 82' lang='grc' dir='ltr'>προσφορὰς,</span> <span class='ocrx_word' id='word_1_505' title='bbox 1642 3921 1709 3974; x_wconf 84' lang='grc' dir='ltr'><strong>ἐκ</strong></span> <span class='ocrx_word' id='word_1_506' title='bbox 1750 3920 1952 3993; x_wconf 85' lang='grc' dir='ltr'>μέρους</span> <span class='ocrx_word' id='word_1_507' title='bbox 1975 3922 2123 3977; x_wconf 83' lang='grc' dir='ltr'>ἀπά-</span> 
     </span>
    </p>
   </div>
   <div class='ocr_carea' id='block_1_70' title="bbox 511 4008 2127 4091">
    <p class='ocr_par' dir='ltr' id='par_1_70' title="bbox 511 4008 2127 4091">
     <span class='ocr_line' id='line_1_70' title="bbox 511 4008 2127 4091; baseline 0.007 -29"><span class='ocrx_word' id='word_1_508' title='bbox 511 4026 613 4074; x_wconf 71' lang='lat' dir='ltr'><strong>az;</strong></span> <span class='ocrx_word' id='word_1_509' title='bbox 636 4009 815 4080; x_wconf 78' lang='grc' dir='ltr'>λέγων</span> <span class='ocrx_word' id='word_1_510' title='bbox 840 4008 942 4074; x_wconf 84' lang='grc' dir='ltr'>τὰς</span> <span class='ocrx_word' id='word_1_511' title='bbox 970 4010 1313 4084; x_wconf 82' lang='grc' dir='ltr'>προσφορὰς,</span> <span class='ocrx_word' id='word_1_512' title='bbox 1344 4012 1421 4084; x_wconf 88' lang='lat' dir='ltr'><strong>(p.</strong></span> <span class='ocrx_word' id='word_1_513' title='bbox 1459 4013 1550 4087; x_wconf 85' lang='lat'><strong>66)</strong></span> <span class='ocrx_word' id='word_1_514' title='bbox 1578 4015 1767 4086; x_wconf 79' lang='grc' dir='ltr'>ἐπειδὴ</span> <span class='ocrx_word' id='word_1_515' title='bbox 1802 4018 1899 4072; x_wconf 58' lang='grc' dir='ltr'><strong>καὶ⁴</strong></span> <span class='ocrx_word' id='word_1_516' title='bbox 1925 4018 2127 4091; x_wconf 79' lang='grc' dir='ltr'>ἄρτους</span> 
     </span>
    </p>
   </div>
   <div class='ocr_carea' id='block_1_71' title="bbox 511 4094 2126 4183">
    <p class='ocr_par' dir='ltr' id='par_1_71' title="bbox 511 4094 2126 4183">
     <span class='ocr_line' id='line_1_71' title="bbox 511 4094 2126 4183; baseline 0.008 -29"><span class='ocrx_word' id='word_1_517' title='bbox 511 4101 851 4175; x_wconf 77' lang='grc' dir='ltr'>προσφέρειν</span> <span class='ocrx_word' id='word_1_518' title='bbox 873 4102 1160 4158; x_wconf 81' lang='grc' dir='ltr'>εἰώθεσαν·</span> <span class='ocrx_word' id='word_1_519' title='bbox 1183 4103 1260 4168; x_wconf 84' lang='grc' dir='ltr'>ὡς</span> <span class='ocrx_word' id='word_1_520' title='bbox 1280 4104 1376 4158; x_wconf 80' lang='grc' dir='ltr'><strong>καὶ</strong></span> <span class='ocrx_word' id='word_1_521' title='bbox 1399 4105 1660 4180; x_wconf 85' lang='grc' dir='ltr'>ἀνωτέρω</span> <span class='ocrx_word' id='word_1_522' title='bbox 1686 4109 1875 4181; x_wconf 83' lang='grc' dir='ltr'>φησίν·</span> <span class='ocrx_word' id='word_1_523' title='bbox 1908 4129 1927 4164; x_wconf 77' lang='grc' dir='ltr'><strong>ι</strong></span> <span class='ocrx_word' id='word_1_524' title='bbox 1963 4094 2126 4183; x_wconf 82' lang='grc' dir='ltr'>Ἦγά-</span> 
     </span>
    </p>
   </div>
   <div class='ocr_carea' id='block_1_72' title="bbox 510 4191 1542 4264">
    <p class='ocr_par' dir='ltr' id='par_1_72' title="bbox 510 4191 1542 4264">
     <span class='ocr_line' id='line_1_72' title="bbox 510 4191 1542 4264; baseline 0.007 -23"><span class='ocrx_word' id='word_1_525' title='bbox 510 4206 699 4260; x_wconf 70' lang='grc' dir='ltr'>πησαν</span> <span class='ocrx_word' id='word_1_526' title='bbox 726 4191 997 4261; x_wconf 85' lang='grc' dir='ltr'>πέμματα</span> <span class='ocrx_word' id='word_1_527' title='bbox 1027 4191 1168 4263; x_wconf 78' lang='grc' dir='ltr'><strong>μετά</strong></span> <span class='ocrx_word' id='word_1_528' title='bbox 1197 4193 1491 4264; x_wconf 84' lang='grc' dir='ltr'>σταφίδων.</span> <span class='ocrx_word' id='word_1_529' title='bbox 1523 4214 1542 4248; x_wconf 80' lang='grc' dir='ltr'><strong>ι</strong></span> 
     </span>
    </p>
   </div>
   <div class='ocr_carea' id='block_1_73' title="bbox 585 4280 2118 4365">
    <p class='ocr_par' dir='ltr' id='par_1_73' title="bbox 585 4280 2118 4365">
     <span class='ocr_line' id='line_1_73' title="bbox 585 4280 2118 4365; baseline 0.009 -33"><span class='ocrx_word' id='word_1_530' title='bbox 585 4280 739 4352; x_wconf 84' lang='grc' dir='ltr'>Στίχ.</span> <span class='ocrx_word' id='word_1_531' title='bbox 787 4280 929 4347; x_wconf 79' lang='grc' dir='ltr'><strong>ε’-ζ’.</strong></span> <span class='ocrx_word' id='word_1_532' title='bbox 954 4312 1030 4324; x_wconf 89' lang='grc'><strong><em>-</em></strong></span> <span class='ocrx_word' id='word_1_533' title='bbox 1064 4300 1084 4335; x_wconf 73' lang='grc' dir='ltr'><strong>ι</strong></span> <span class='ocrx_word' id='word_1_534' title='bbox 1122 4283 1189 4337; x_wconf 88' lang='grc' dir='ltr'><strong>Τί</strong></span> <span class='ocrx_word' id='word_1_535' title='bbox 1240 4283 1498 4358; x_wconf 86' lang='grc' dir='ltr'>ποῖήσετε</span> <span class='ocrx_word' id='word_1_536' title='bbox 1544 4289 1604 4342; x_wconf 77' lang='grc' dir='ltr'>ὲν</span> <span class='ocrx_word' id='word_1_537' title='bbox 1633 4288 1822 4363; x_wconf 79' lang='grc' dir='ltr'>ἡμέρᾳ</span> <span class='ocrx_word' id='word_1_538' title='bbox 1868 4293 2118 4365; x_wconf 85' lang='grc' dir='ltr'>πανηγύ-</span> 
     </span>
    </p>
   </div>
   <div class='ocr_carea' id='block_1_74' title="bbox 513 4377 2121 4459">
    <p class='ocr_par' dir='ltr' id='par_1_74' title="bbox 513 4377 2121 4459">
     <span class='ocr_line' id='line_1_74' title="bbox 513 4377 2121 4459; baseline 0.011 -31"><span class='ocrx_word' id='word_1_539' title='bbox 513 4393 680 4446; x_wconf 79' lang='grc' dir='ltr'>ρεως,</span> <span class='ocrx_word' id='word_1_540' title='bbox 727 4377 825 4430; x_wconf 74' lang='grc' dir='ltr'><strong>καὶ</strong></span> <span class='ocrx_word' id='word_1_541' title='bbox 855 4378 916 4431; x_wconf 77' lang='grc' dir='ltr'>ὲν</span> <span class='ocrx_word' id='word_1_542' title='bbox 961 4377 1146 4452; x_wconf 72' lang='grc' dir='ltr'>ἡμέρᾳ</span> <span class='ocrx_word' id='word_1_543' title='bbox 1172 4379 1371 4452; x_wconf 79' lang='grc' dir='ltr'>ἑορτῆς</span> <span class='ocrx_word' id='word_1_544' title='bbox 1398 4381 1494 4437; x_wconf 75' lang='grc' dir='ltr'><strong>τοῦ</strong></span> <span class='ocrx_word' id='word_1_545' title='bbox 1530 4385 1777 4459; x_wconf 81' lang='grc' dir='ltr'>Κυρίου;</span> <span class='ocrx_word' id='word_1_546' title='bbox 1818 4406 1838 4439; x_wconf 70' lang='grc' dir='ltr'><strong>ι</strong></span> <span class='ocrx_word' id='word_1_547' title='bbox 1873 4389 2121 4446; x_wconf 81' lang='grc' dir='ltr'>Τοιοῦτοι</span> 
     </span>
    </p>
   </div>
   <div class='ocr_carea' id='block_1_75' title="bbox 510 4470 2123 4556">
    <p class='ocr_par' dir='ltr' id='par_1_75' title="bbox 510 4470 2123 4556">
     <span class='ocr_line' id='line_1_75' title="bbox 510 4470 2123 4556; baseline 0.011 -35"><span class='ocrx_word' id='word_1_548' title='bbox 510 4470 569 4522; x_wconf 71' lang='grc' dir='ltr'><strong>δὲ</strong></span> <span class='ocrx_word' id='word_1_549' title='bbox 614 4471 748 4543; x_wconf 77' lang='grc' dir='ltr'>περὶ</span> <span class='ocrx_word' id='word_1_550' title='bbox 779 4470 918 4524; x_wconf 82' lang='grc' dir='ltr'>Θεὸν</span> <span class='ocrx_word' id='word_1_551' title='bbox 965 4473 1285 4541; x_wconf 86' lang='grc' dir='ltr'>γεγονότες,</span> <span class='ocrx_word' id='word_1_552' title='bbox 1341 4476 1464 4531; x_wconf 88' lang='grc' dir='ltr'>τίνα</span> <span class='ocrx_word' id='word_1_553' title='bbox 1512 4477 1804 4552; x_wconf 77' lang='grc' dir='ltr'>ἀποφυγὴν</span> <span class='ocrx_word' id='word_1_554' title='bbox 1856 4481 2123 4556; x_wconf 80' lang='grc' dir='ltr'>εὑρήσετε</span> 
     </span>
    </p>
   </div>
   <div class='ocr_carea' id='block_1_76' title="bbox 510 4563 2124 4650">
    <p class='ocr_par' dir='ltr' id='par_1_76' title="bbox 510 4563 2124 4650">
     <span class='ocr_line' id='line_1_76' title="bbox 510 4563 2124 4650; baseline 0.011 -34"><span class='ocrx_word' id='word_1_555' title='bbox 510 4563 628 4617; x_wconf 82' lang='grc' dir='ltr'><strong>τῶν</strong></span> <span class='ocrx_word' id='word_1_556' title='bbox 671 4564 860 4620; x_wconf 84' lang='grc' dir='ltr'>κακῶν</span> <span class='ocrx_word' id='word_1_557' title='bbox 909 4565 1055 4620; x_wconf 87' lang='grc' dir='ltr'><strong>κατά</strong></span> <span class='ocrx_word' id='word_1_558' title='bbox 1087 4566 1189 4638; x_wconf 75' lang='grc' dir='ltr'><strong>τὴν</strong></span> <span class='ocrx_word' id='word_1_559' title='bbox 1222 4568 1442 4642; x_wconf 77' lang='grc' dir='ltr'>ἡμέραν</span> <span class='ocrx_word' id='word_1_560' title='bbox 1475 4572 1727 4644; x_wconf 75' lang='grc' dir='ltr'>ἐκείνην,</span> <span class='ocrx_word' id='word_1_561' title='bbox 1764 4575 1825 4630; x_wconf 82' lang='grc' dir='ltr'>ὲν</span> <span class='ocrx_word' id='word_1_562' title='bbox 1873 4570 2022 4650; x_wconf 82' lang='grc' dir='ltr'>ᾗπερ</span> <span class='ocrx_word' id='word_1_563' title='bbox 2056 4578 2124 4632; x_wconf 86' lang='grc' dir='ltr'>ἂν</span> 
     </span>
    </p>
   </div>
   <div class='ocr_carea' id='block_1_77' title="bbox 2219 3368 3819 3440">
    <p class='ocr_par' dir='ltr' id='par_1_77' title="bbox 2219 3368 3819 3440">
     <span class='ocr_line' id='line_1_77' title="bbox 2219 3368 3819 3440; baseline -0.001 -17"><span class='ocrx_word' id='word_1_564' title='bbox 2219 3368 2470 3423; x_wconf 73' lang='lat' dir='ltr'><strong>offerenti</strong></span> <span class='ocrx_word' id='word_1_565' title='bbox 2493 3370 2635 3424; x_wconf 77' lang='lat' dir='ltr'><strong>dixit</strong></span> <span class='ocrx_word' id='word_1_566' title='bbox 2669 3388 2683 3424; x_wconf 91' lang='lat'><strong>:</strong></span> <span class='ocrx_word' id='word_1_567' title='bbox 2720 3390 2738 3421; x_wconf 74' lang='grc' dir='ltr'><strong>ι</strong></span> <span class='ocrx_word' id='word_1_568' title='bbox 2770 3370 2849 3425; x_wconf 71' lang='lat' dir='ltr'><strong>Ad</strong></span> <span class='ocrx_word' id='word_1_569' title='bbox 2885 3380 2938 3425; x_wconf 92' lang='lat' dir='ltr'><strong>te</strong></span> <span class='ocrx_word' id='word_1_570' title='bbox 2967 3370 3266 3426; x_wconf 88' lang='lat' dir='ltr'><strong>conversio</strong></span> <span class='ocrx_word' id='word_1_571' title='bbox 3295 3369 3439 3440; x_wconf 85' lang='lat' dir='ltr'><strong>ejus,</strong></span> <span class='ocrx_word' id='word_1_572' title='bbox 3466 3377 3519 3426; x_wconf 91' lang='lat' dir='ltr'><strong>et</strong></span> <span class='ocrx_word' id='word_1_573' title='bbox 3539 3376 3598 3423; x_wconf 90' lang='lat' dir='ltr'><strong>tu</strong></span> <span class='ocrx_word' id='word_1_574' title='bbox 3635 3369 3819 3424; x_wconf 82' lang='lat' dir='ltr'><strong>domi-</strong></span> 
     </span>
    </p>
   </div>
   <div class='ocr_carea' id='block_1_78' title="bbox 2222 3458 3817 3528">
    <p class='ocr_par' dir='ltr' id='par_1_78' title="bbox 2222 3458 3817 3528">
     <span class='ocr_line' id='line_1_78' title="bbox 2222 3458 3817 3528; baseline -0.003 -12"><span class='ocrx_word' id='word_1_575' title='bbox 2222 3461 2448 3516; x_wconf 78' lang='lat' dir='ltr'><strong>habetis</strong></span> <span class='ocrx_word' id='word_1_576' title='bbox 2484 3460 2721 3528; x_wconf 80' lang='lat' dir='ltr'><strong>illius&quot;,</strong></span> <span class='ocrx_word' id='word_1_577' title='bbox 2754 3480 2771 3512; x_wconf 73' lang='grc' dir='ltr'><strong>ι</strong></span> <span class='ocrx_word' id='word_1_578' title='bbox 2799 3460 2853 3515; x_wconf 90' lang='lat' dir='ltr'><strong>id</strong></span> <span class='ocrx_word' id='word_1_579' title='bbox 2888 3467 2996 3525; x_wconf 89' lang='lat' dir='ltr'><strong>est,</strong></span> <span class='ocrx_word' id='word_1_580' title='bbox 3029 3460 3108 3514; x_wconf 87' lang='lat' dir='ltr'><strong>Ad</strong></span> <span class='ocrx_word' id='word_1_581' title='bbox 3139 3468 3193 3515; x_wconf 91' lang='lat' dir='ltr'><strong>te</strong></span> <span class='ocrx_word' id='word_1_582' title='bbox 3224 3463 3581 3515; x_wconf 76' lang='lat' dir='ltr'><strong>revertuntur</strong></span> <span class='ocrx_word' id='word_1_583' title='bbox 3608 3458 3817 3520; x_wconf 83' lang='lat' dir='ltr'><strong>oblata,</strong></span> 
     </span>
    </p>
   </div>
   <div class='ocr_carea' id='block_1_79' title="bbox 2220 3550 3821 3622">
    <p class='ocr_par' dir='ltr' id='par_1_79' title="bbox 2220 3550 3821 3622">
     <span class='ocr_line' id='line_1_79' title="bbox 2220 3550 3821 3622; baseline -0.001 -15"><span class='ocrx_word' id='word_1_584' title='bbox 2220 3559 2280 3607; x_wconf 88' lang='lat' dir='ltr'><strong>tu</strong></span> <span class='ocrx_word' id='word_1_585' title='bbox 2326 3553 2522 3606; x_wconf 88' lang='lat' dir='ltr'><strong>horum</strong></span> <span class='ocrx_word' id='word_1_586' title='bbox 2571 3560 2693 3609; x_wconf 87' lang='lat' dir='ltr'><strong>esto</strong></span> <span class='ocrx_word' id='word_1_587' title='bbox 2732 3551 3024 3618; x_wconf 80' lang='lat' dir='ltr'><strong>dominus;</strong></span> <span class='ocrx_word' id='word_1_588' title='bbox 3077 3568 3178 3622; x_wconf 79' lang='lat' dir='ltr'><strong>ego</strong></span> <span class='ocrx_word' id='word_1_589' title='bbox 3227 3552 3376 3606; x_wconf 90' lang='lat' dir='ltr'><strong>enim</strong></span> <span class='ocrx_word' id='word_1_590' title='bbox 3419 3550 3555 3604; x_wconf 88' lang='lat' dir='ltr'><strong>nihil</strong></span> <span class='ocrx_word' id='word_1_591' title='bbox 3589 3564 3821 3621; x_wconf 83' lang='lat' dir='ltr'><strong>prorsus</strong></span> 
     </span>
    </p>
   </div>
   <div class='ocr_carea' id='block_1_80' title="bbox 2222 3641 3819 3705">
    <p class='ocr_par' dir='ltr' id='par_1_80' title="bbox 2222 3641 3819 3705">
     <span class='ocr_line' id='line_1_80' title="bbox 2222 3641 3819 3705; baseline -0.003 -7"><span class='ocrx_word' id='word_1_592' title='bbox 2222 3643 2421 3699; x_wconf 84' lang='lat' dir='ltr'><strong>admisi</strong></span> <span class='ocrx_word' id='word_1_593' title='bbox 2454 3662 2467 3699; x_wconf 91' lang='lat'><strong>:</strong></span> <span class='ocrx_word' id='word_1_594' title='bbox 2496 3644 2570 3699; x_wconf 85' lang='lat' dir='ltr'><strong>ita</strong></span> <span class='ocrx_word' id='word_1_595' title='bbox 2620 3645 2723 3699; x_wconf 91' lang='lat' dir='ltr'><strong>hoc</strong></span> <span class='ocrx_word' id='word_1_596' title='bbox 2771 3646 2938 3699; x_wconf 84' lang='lat' dir='ltr'><strong>etiam</strong></span> <span class='ocrx_word' id='word_1_597' title='bbox 2998 3643 3120 3699; x_wconf 89' lang='lat' dir='ltr'><strong>loco</strong></span> <span class='ocrx_word' id='word_1_598' title='bbox 3162 3644 3240 3699; x_wconf 83' lang='lat' dir='ltr'><strong>ait</strong></span> <span class='ocrx_word' id='word_1_599' title='bbox 3278 3661 3292 3697; x_wconf 92' lang='lat'><strong>:</strong></span> <span class='ocrx_word' id='word_1_600' title='bbox 3333 3662 3350 3694; x_wconf 78' lang='grc' dir='ltr'><strong>ι</strong></span> <span class='ocrx_word' id='word_1_601' title='bbox 3376 3641 3556 3698; x_wconf 79' lang='lat' dir='ltr'><strong>Panes</strong></span> <span class='ocrx_word' id='word_1_602' title='bbox 3603 3657 3819 3705; x_wconf 85' lang='lat' dir='ltr'><strong>eorum,</strong></span> 
     </span>
    </p>
   </div>
   <div class='ocr_carea' id='block_1_81' title="bbox 2222 3733 3820 3808">
    <p class='ocr_par' dir='ltr' id='par_1_81' title="bbox 2222 3733 3820 3808">
     <span class='ocr_line' id='line_1_81' title="bbox 2222 3733 3820 3808; baseline -0.003 -17"><span class='ocrx_word' id='word_1_603' title='bbox 2222 3738 2515 3794; x_wconf 86' lang='lat' dir='ltr'><strong>animabus</strong></span> <span class='ocrx_word' id='word_1_604' title='bbox 2550 3737 2837 3808; x_wconf 87' lang='lat' dir='ltr'><strong>ipsorum;</strong></span> <span class='ocrx_word' id='word_1_605' title='bbox 2877 3754 2897 3789; x_wconf 72' lang='grc' dir='ltr'><strong>ι</strong></span> <span class='ocrx_word' id='word_1_606' title='bbox 2937 3734 2991 3791; x_wconf 90' lang='lat' dir='ltr'><strong>id</strong></span> <span class='ocrx_word' id='word_1_607' title='bbox 3022 3745 3132 3801; x_wconf 90' lang='lat' dir='ltr'><strong>est,</strong></span> <span class='ocrx_word' id='word_1_608' title='bbox 3187 3733 3322 3801; x_wconf 74' lang='lat' dir='ltr'><strong>Quae</strong></span> <span class='ocrx_word' id='word_1_609' title='bbox 3347 3734 3451 3805; x_wconf 88' lang='lat' dir='ltr'><strong>ipsi</strong></span> <span class='ocrx_word' id='word_1_610' title='bbox 3507 3735 3820 3798; x_wconf 84' lang='lat' dir='ltr'><strong>attulerint,</strong></span> 
     </span>
    </p>
   </div>
   <div class='ocr_carea' id='block_1_82' title="bbox 2224 3816 3825 3903">
    <p class='ocr_par' dir='ltr' id='par_1_82' title="bbox 2224 3816 3825 3903">
     <span class='ocr_line' id='line_1_82' title="bbox 2224 3816 3825 3903; baseline -0.004 -16"><span class='ocrx_word' id='word_1_611' title='bbox 2224 3838 2396 3887; x_wconf 89' lang='lat' dir='ltr'><strong>sunto</strong></span> <span class='ocrx_word' id='word_1_612' title='bbox 2428 3830 2564 3897; x_wconf 91' lang='lat' dir='ltr'><strong>illis,</strong></span> <span class='ocrx_word' id='word_1_613' title='bbox 2591 3830 2722 3903; x_wconf 88' lang='lat' dir='ltr'><strong>quia</strong></span> <span class='ocrx_word' id='word_1_614' title='bbox 2754 3816 2868 3886; x_wconf 88' lang='lat' dir='ltr'><strong>Deo</strong></span> <span class='ocrx_word' id='word_1_615' title='bbox 2894 3845 3010 3894; x_wconf 81' lang='lat' dir='ltr'><strong>non</strong></span> <span class='ocrx_word' id='word_1_616' title='bbox 3038 3834 3171 3885; x_wconf 89' lang='lat' dir='ltr'><strong>sunt</strong></span> <span class='ocrx_word' id='word_1_617' title='bbox 3200 3825 3825 3898; x_wconf 89' lang='lat' dir='ltr'><strong>acceptabilia.Panum</strong></span> 
     </span>
    </p>
   </div>
   <div class='ocr_carea' id='block_1_83' title="bbox 2224 3923 3827 3996">
    <p class='ocr_par' dir='ltr' id='par_1_83' title="bbox 2224 3923 3827 3996">
     <span class='ocr_line' id='line_1_83' title="bbox 2224 3923 3827 3996; baseline -0.002 -16"><span class='ocrx_word' id='word_1_618' title='bbox 2224 3936 2408 3983; x_wconf 84' lang='lat' dir='ltr'><strong>autem</strong></span> <span class='ocrx_word' id='word_1_619' title='bbox 2469 3927 2698 3982; x_wconf 90' lang='lat' dir='ltr'><strong>nomine</strong></span> <span class='ocrx_word' id='word_1_620' title='bbox 2750 3925 3095 3996; x_wconf 87' lang='lat' dir='ltr'><strong>nuncupavit</strong></span> <span class='ocrx_word' id='word_1_621' title='bbox 3139 3923 3477 3987; x_wconf 78' lang='lat' dir='ltr'><strong>oblationes,</strong></span> <span class='ocrx_word' id='word_1_622' title='bbox 3540 3937 3608 3978; x_wconf 81' lang='lat' dir='ltr'><strong>ex</strong></span> <span class='ocrx_word' id='word_1_623' title='bbox 3668 3930 3827 3992; x_wconf 87' lang='lat' dir='ltr'><strong>parte</strong></span> 
     </span>
    </p>
   </div>
   <div class='ocr_carea' id='block_1_84' title="bbox 2223 4017 3824 4089">
    <p class='ocr_par' dir='ltr' id='par_1_84' title="bbox 2223 4017 3824 4089">
     <span class='ocr_line' id='line_1_84' title="bbox 2223 4017 3824 4089; baseline -0.007 -14"><span class='ocrx_word' id='word_1_624' title='bbox 2223 4030 2457 4076; x_wconf 82' lang='lat' dir='ltr'><strong>cunctas</strong></span> <span class='ocrx_word' id='word_1_625' title='bbox 2504 4020 2788 4089; x_wconf 82' lang='lat' dir='ltr'><strong>appellans</strong></span> <span class='ocrx_word' id='word_1_626' title='bbox 2819 4017 3168 4083; x_wconf 86' lang='lat' dir='ltr'><strong>oblationes;</strong></span> <span class='ocrx_word' id='word_1_627' title='bbox 3211 4028 3339 4070; x_wconf 87' lang='lat' dir='ltr'><strong>nam</strong></span> <span class='ocrx_word' id='word_1_628' title='bbox 3382 4023 3436 4069; x_wconf 90' lang='lat' dir='ltr'><strong>et</strong></span> <span class='ocrx_word' id='word_1_629' title='bbox 3480 4027 3681 4083; x_wconf 86' lang='lat' dir='ltr'><strong>reapse</strong></span> <span class='ocrx_word' id='word_1_630' title='bbox 3723 4027 3824 4083; x_wconf 88' lang='lat' dir='ltr'><strong>pa-</strong></span> 
     </span>
    </p>
   </div>
   <div class='ocr_carea' id='block_1_85' title="bbox 2225 4103 3824 4178">
    <p class='ocr_par' dir='ltr' id='par_1_85' title="bbox 2225 4103 3824 4178">
     <span class='ocr_line' id='line_1_85' title="bbox 2225 4103 3824 4178; baseline -0.008 -9"><span class='ocrx_word' id='word_1_631' title='bbox 2225 4128 2326 4169; x_wconf 83' lang='lat' dir='ltr'><strong>nes</strong></span> <span class='ocrx_word' id='word_1_632' title='bbox 2363 4112 2547 4170; x_wconf 88' lang='lat' dir='ltr'><strong>offerri</strong></span> <span class='ocrx_word' id='word_1_633' title='bbox 2567 4120 2896 4170; x_wconf 88' lang='lat' dir='ltr'><strong>consuetum</strong></span> <span class='ocrx_word' id='word_1_634' title='bbox 2912 4118 3071 4178; x_wconf 88' lang='lat' dir='ltr'><strong>erat;</strong></span> <span class='ocrx_word' id='word_1_635' title='bbox 3111 4109 3257 4166; x_wconf 89' lang='lat' dir='ltr'><strong>sicut</strong></span> <span class='ocrx_word' id='word_1_636' title='bbox 3279 4107 3410 4162; x_wconf 87' lang='lat' dir='ltr'><strong>etin</strong></span> <span class='ocrx_word' id='word_1_637' title='bbox 3437 4103 3824 4177; x_wconf 87' lang='lat' dir='ltr'><strong>superioribus</strong></span> 
     </span>
    </p>
   </div>
   <div class='ocr_carea' id='block_1_86' title="bbox 2229 4199 3673 4276">
    <p class='ocr_par' dir='ltr' id='par_1_86' title="bbox 2229 4199 3673 4276">
     <span class='ocr_line' id='line_1_86' title="bbox 2229 4199 3673 4276; baseline -0.006 -17"><span class='ocrx_word' id='word_1_638' title='bbox 2229 4205 2368 4260; x_wconf 74' lang='lat' dir='ltr'><strong>dixit</strong></span> <span class='ocrx_word' id='word_1_639' title='bbox 2404 4218 2472 4261; x_wconf 76' lang='grc' dir='ltr'><strong>ι’(</strong></span> <span class='ocrx_word' id='word_1_640' title='bbox 2496 4204 2812 4261; x_wconf 66' lang='lat' dir='ltr'><strong>Offerebam</strong></span> <span class='ocrx_word' id='word_1_641' title='bbox 2856 4205 3142 4276; x_wconf 82' lang='lat' dir='ltr'><strong>placentas</strong></span> <span class='ocrx_word' id='word_1_642' title='bbox 3190 4217 3316 4257; x_wconf 88' lang='lat' dir='ltr'><strong>cum</strong></span> <span class='ocrx_word' id='word_1_643' title='bbox 3353 4199 3620 4256; x_wconf 86' lang='lat' dir='ltr'><strong>vinaceis.</strong></span> <span class='ocrx_word' id='word_1_644' title='bbox 3654 4218 3673 4250; x_wconf 71' lang='grc' dir='ltr'><strong>ι</strong></span> 
     </span>
    </p>
   </div>
   <div class='ocr_carea' id='block_1_87' title="bbox 2296 4288 3828 4362">
    <p class='ocr_par' dir='ltr' id='par_1_87' title="bbox 2296 4288 3828 4362">
     <span class='ocr_line' id='line_1_87' title="bbox 2296 4288 3828 4362; baseline -0.003 -13"><span class='ocrx_word' id='word_1_645' title='bbox 2296 4295 2464 4352; x_wconf 70' lang='lat' dir='ltr'><strong>Vsus.</strong></span> <span class='ocrx_word' id='word_1_646' title='bbox 2490 4297 2671 4353; x_wconf 79' lang='lat'><strong>5-7.~-</strong></span> <span class='ocrx_word' id='word_1_647' title='bbox 2694 4295 2869 4362; x_wconf 68' lang='lat' dir='ltr'><strong>«Quid</strong></span> <span class='ocrx_word' id='word_1_648' title='bbox 2902 4294 3124 4351; x_wconf 81' lang='lat' dir='ltr'><strong>facietis</strong></span> <span class='ocrx_word' id='word_1_649' title='bbox 3150 4294 3206 4350; x_wconf 92' lang='lat' dir='ltr'><strong>in</strong></span> <span class='ocrx_word' id='word_1_650' title='bbox 3234 4294 3328 4350; x_wconf 90' lang='lat' dir='ltr'><strong>die</strong></span> <span class='ocrx_word' id='word_1_651' title='bbox 3356 4289 3616 4353; x_wconf 86' lang='lat' dir='ltr'><strong>solemni,</strong></span> <span class='ocrx_word' id='word_1_652' title='bbox 3650 4288 3706 4344; x_wconf 91' lang='lat' dir='ltr'><strong>in</strong></span> <span class='ocrx_word' id='word_1_653' title='bbox 3737 4289 3828 4344; x_wconf 83' lang='lat' dir='ltr'><strong>die</strong></span> 
     </span>
    </p>
   </div>
   <div class='ocr_carea' id='block_1_88' title="bbox 2224 4377 3832 4452">
    <p class='ocr_par' dir='ltr' id='par_1_88' title="bbox 2224 4377 3832 4452">
     <span class='ocr_line' id='line_1_88' title="bbox 2224 4377 3832 4452; baseline -0.003 -14"><span class='ocrx_word' id='word_1_654' title='bbox 2224 4384 2548 4440; x_wconf 78' lang='lat' dir='ltr'><strong>festivitatis</strong></span> <span class='ocrx_word' id='word_1_655' title='bbox 2580 4382 2892 4439; x_wconf 66' lang='lat' dir='ltr'><strong>Domini?»</strong></span> <span class='ocrx_word' id='word_1_656' title='bbox 2939 4382 3107 4438; x_wconf 81' lang='lat' dir='ltr'><strong>Tales</strong></span> <span class='ocrx_word' id='word_1_657' title='bbox 3150 4393 3280 4437; x_wconf 86' lang='lat' dir='ltr'><strong>cum</strong></span> <span class='ocrx_word' id='word_1_658' title='bbox 3321 4396 3454 4452; x_wconf 79' lang='lat' dir='ltr'><strong>erga</strong></span> <span class='ocrx_word' id='word_1_659' title='bbox 3494 4378 3668 4434; x_wconf 91' lang='lat' dir='ltr'><strong>Deum</strong></span> <span class='ocrx_word' id='word_1_660' title='bbox 3717 4377 3832 4434; x_wconf 88' lang='lat' dir='ltr'><strong>fue-</strong></span> 
     </span>
    </p>
   </div>
   <div class='ocr_carea' id='block_1_89' title="bbox 2223 4471 3832 4547">
    <p class='ocr_par' dir='ltr' id='par_1_89' title="bbox 2223 4471 3832 4547">
     <span class='ocr_line' id='line_1_89' title="bbox 2223 4471 3832 4547; baseline -0.003 -17"><span class='ocrx_word' id='word_1_661' title='bbox 2223 4477 2367 4540; x_wconf 85' lang='lat' dir='ltr'><strong>ritis,</strong></span> <span class='ocrx_word' id='word_1_662' title='bbox 2419 4475 2701 4547; x_wconf 83' lang='lat' dir='ltr'><strong>quodnam</strong></span> <span class='ocrx_word' id='word_1_663' title='bbox 2739 4474 3005 4547; x_wconf 77' lang='lat' dir='ltr'><strong>efl‘ugiu&#39;m</strong></span> <span class='ocrx_word' id='word_1_664' title='bbox 3056 4472 3356 4529; x_wconf 86' lang='lat' dir='ltr'><strong>invenietis</strong></span> <span class='ocrx_word' id='word_1_665' title='bbox 3409 4471 3685 4527; x_wconf 89' lang='lat' dir='ltr'><strong>malorum</strong></span> <span class='ocrx_word' id='word_1_666' title='bbox 3737 4471 3832 4525; x_wconf 86' lang='lat' dir='ltr'><strong>die</strong></span> 
     </span>
    </p>
   </div>
   <div class='ocr_carea' id='block_1_90' title="bbox 2224 4562 3829 4640">
    <p class='ocr_par' dir='ltr' id='par_1_90' title="bbox 2224 4562 3829 4640">
     <span class='ocr_line' id='line_1_90' title="bbox 2224 4562 3829 4640; baseline -0.004 -17"><span class='ocrx_word' id='word_1_667' title='bbox 2224 4570 2337 4630; x_wconf 73' lang='lat' dir='ltr'><strong>ilta,</strong></span> <span class='ocrx_word' id='word_1_668' title='bbox 2376 4584 2483 4640; x_wconf 90' lang='lat' dir='ltr'><strong>qua</strong></span> <span class='ocrx_word' id='word_1_669' title='bbox 2511 4567 2812 4624; x_wconf 85' lang='lat' dir='ltr'><strong>solemnem</strong></span> <span class='ocrx_word' id='word_1_670' title='bbox 2841 4566 3012 4623; x_wconf 86' lang='lat' dir='ltr'><strong>veluti</strong></span> <span class='ocrx_word' id='word_1_671' title='bbox 3041 4571 3372 4621; x_wconf 86' lang='lat' dir='ltr'><strong>conventum</strong></span> <span class='ocrx_word' id='word_1_672' title='bbox 3414 4578 3478 4619; x_wconf 87' lang='lat' dir='ltr'><strong>ac</strong></span> <span class='ocrx_word' id='word_1_673' title='bbox 3500 4562 3702 4620; x_wconf 76' lang='lat' dir='ltr'><strong>festum</strong></span> <span class='ocrx_word' id='word_1_674' title='bbox 3732 4578 3829 4618; x_wconf 91' lang='lat' dir='ltr'><strong>ce-</strong></span> 
     </span>
    </p>
   </div>
   <div class='ocr_carea' id='block_1_91' title="bbox 514 4656 2119 4743">
    <p class='ocr_par' dir='ltr' id='par_1_91' title="bbox 514 4657 2119 4742">
     <span class='ocr_line' id='line_1_91' title="bbox 514 4657 2119 4742; baseline 0.009 -33"><span class='ocrx_word' id='word_1_675' title='bbox 514 4660 550 4728; x_wconf 83' lang='grc' dir='ltr'><strong>ή</strong></span> <span class='ocrx_word' id='word_1_676' title='bbox 600 4657 914 4729; x_wconf 75' lang='grc' dir='ltr'>πανήγυρις</span> <span class='ocrx_word' id='word_1_677' title='bbox 943 4675 1006 4733; x_wconf 76' lang='grc' dir='ltr'><strong>τε</strong></span> <span class='ocrx_word' id='word_1_678' title='bbox 1056 4661 1152 4714; x_wconf 73' lang='grc' dir='ltr'>καὶ</span> <span class='ocrx_word' id='word_1_679' title='bbox 1181 4662 1343 4735; x_wconf 80' lang='grc' dir='ltr'>ἑορτή</span> <span class='ocrx_word' id='word_1_680' title='bbox 1385 4680 1472 4727; x_wconf 88' lang='grc' dir='ltr'><strong>τις</strong></span> <span class='ocrx_word' id='word_1_681' title='bbox 1518 4664 1849 4721; x_wconf 78' lang='grc' dir='ltr'>ἐπιτελεῖται</span> <span class='ocrx_word' id='word_1_682' title='bbox 1882 4666 1961 4740; x_wconf 85' lang='grc' dir='ltr'>τῷ</span> <span class='ocrx_word' id='word_1_683' title='bbox 2004 4668 2119 4742; x_wconf 79' lang='grc' dir='ltr'>Θεῷ</span> 
     </span>
    </p>
   </div>
   <div class='ocr_carea' id='block_1_92' title="bbox 2222 4656 3828 4743">
    <p class='ocr_par' dir='ltr' id='par_1_92' title="bbox 2229 4656 3828 4732">
     <span class='ocr_line' id='line_1_92' title="bbox 2229 4656 3828 4732; baseline -0.006 -12"><span class='ocrx_word' id='word_1_684' title='bbox 2229 4666 2467 4721; x_wconf 86' lang='lat' dir='ltr'><strong>lehrabit</strong></span> <span class='ocrx_word' id='word_1_685' title='bbox 2489 4662 2752 4719; x_wconf 86' lang='lat' dir='ltr'><strong>Dominus</strong></span> <span class='ocrx_word' id='word_1_686' title='bbox 2783 4663 2861 4719; x_wconf 85' lang='lat' dir='ltr'><strong>ob</strong></span> <span class='ocrx_word' id='word_1_687' title='bbox 2879 4656 3126 4719; x_wconf 80' lang='lat' dir='ltr'><strong>vestrum</strong></span> <span class='ocrx_word' id='word_1_688' title='bbox 3150 4665 3439 4732; x_wconf 88' lang='lat' dir='ltr'><strong>peractum</strong></span> <span class='ocrx_word' id='word_1_689' title='bbox 3465 4657 3828 4731; x_wconf 88' lang='lat' dir='ltr'><strong>supplicium,</strong></span> 
     </span>
    </p>
   </div>
   <div class='ocr_carea' id='block_1_93' title="bbox 512 4751 2128 4832">
    <p class='ocr_par' dir='ltr' id='par_1_93' title="bbox 512 4751 2128 4832">
     <span class='ocr_line' id='line_1_93' title="bbox 512 4751 2128 4832; baseline 0.008 -29"><span class='ocrx_word' id='word_1_690' title='bbox 512 4752 611 4804; x_wconf 65' lang='grc' dir='ltr'>ἐπὶ</span> <span class='ocrx_word' id='word_1_691' title='bbox 635 4754 704 4823; x_wconf 85' lang='grc' dir='ltr'>τῇ</span> <span class='ocrx_word' id='word_1_692' title='bbox 731 4751 1018 4823; x_wconf 83' lang='grc' dir='ltr'>ἀναιρέσει</span> <span class='ocrx_word' id='word_1_693' title='bbox 1052 4756 1118 4826; x_wconf 82' lang='grc' dir='ltr'>τῇ</span> <span class='ocrx_word' id='word_1_694' title='bbox 1145 4754 1422 4828; x_wconf 79' lang='grc' dir='ltr'>ὑμετέρᾳ,</span> <span class='ocrx_word' id='word_1_695' title='bbox 1456 4756 1533 4821; x_wconf 85' lang='grc' dir='ltr'>ὡς</span> <span class='ocrx_word' id='word_1_696' title='bbox 1576 4756 1643 4811; x_wconf 78' lang='grc' dir='ltr'>ἂν</span> <span class='ocrx_word' id='word_1_697' title='bbox 1701 4758 1916 4832; x_wconf 75' lang='grc' dir='ltr'>ἐχθρῶν</span> <span class='ocrx_word' id='word_1_698' title='bbox 1959 4762 2128 4817; x_wconf 77' lang='grc' dir='ltr'>αὐτοῦ</span> 
     </span>
    </p>
   </div>
   <div class='ocr_carea' id='block_1_94' title="bbox 515 4844 2130 4921">
    <p class='ocr_par' dir='ltr' id='par_1_94' title="bbox 515 4844 2130 4921">
     <span class='ocr_line' id='line_1_94' title="bbox 515 4844 2130 4921; baseline 0.007 -23"><span class='ocrx_word' id='word_1_699' title='bbox 515 4844 617 4898; x_wconf 76' lang='grc' dir='ltr'>καὶ</span> <span class='ocrx_word' id='word_1_700' title='bbox 681 4844 964 4915; x_wconf 87' lang='grc' dir='ltr'>πολεμίων</span> <span class='ocrx_word' id='word_1_701' title='bbox 1025 4849 1569 4919; x_wconf 85' lang='grc' dir='ltr'>κατασφαττομένων</span> <span class='ocrx_word' id='word_1_702' title='bbox 1629 4849 1888 4921; x_wconf 84' lang='grc' dir='ltr'>δικαίως;</span> <span class='ocrx_word' id='word_1_703' title='bbox 1950 4872 1969 4906; x_wconf 74' lang='grc' dir='ltr'><strong>ι</strong></span> <span class='ocrx_word' id='word_1_704' title='bbox 2028 4856 2130 4910; x_wconf 80' lang='grc' dir='ltr'>Διά</span> 
     </span>
    </p>
   </div>
   <div class='ocr_carea' id='block_1_95' title="bbox 476 4935 2125 5017">
    <p class='ocr_par' dir='ltr' id='par_1_95' title="bbox 476 4935 2125 5017">
     <span class='ocr_line' id='line_1_95' title="bbox 476 4935 2125 5017; baseline 0.007 -28"><span class='ocrx_word' id='word_1_705' title='bbox 476 5012 487 5017; x_wconf 24' lang='grc' dir='ltr'>ι</span> <span class='ocrx_word' id='word_1_706' title='bbox 515 4935 682 4990; x_wconf 71' lang='grc' dir='ltr'>τοῦτο</span> <span class='ocrx_word' id='word_1_707' title='bbox 726 4936 837 4991; x_wconf 77' lang='grc' dir='ltr'>ἰδοὺ</span> <span class='ocrx_word' id='word_1_708' title='bbox 884 4936 1253 5010; x_wconf 85' lang='grc' dir='ltr'>πορεύσονται</span> <span class='ocrx_word' id='word_1_709' title='bbox 1290 4942 1356 4994; x_wconf 86' lang='grc' dir='ltr'>ὲκ</span> <span class='ocrx_word' id='word_1_710' title='bbox 1387 4940 1773 5015; x_wconf 78' lang='grc' dir='ltr'>ταλαιπωρίας</span> <span class='ocrx_word' id='word_1_711' title='bbox 1805 4945 2087 5014; x_wconf 76' lang='grc' dir='ltr'>Αἰγύπτου</span> <span class='ocrx_word' id='word_1_712' title='bbox 2110 4989 2125 5014; x_wconf 90' lang='grc'><strong>,</strong></span> 
     </span>
    </p>
   </div>
   <div class='ocr_carea' id='block_1_96' title="bbox 518 5031 2129 5108">
    <p class='ocr_par' dir='ltr' id='par_1_96' title="bbox 518 5031 2129 5108">
     <span class='ocr_line' id='line_1_96' title="bbox 518 5031 2129 5108; baseline 0.007 -24"><span class='ocrx_word' id='word_1_713' title='bbox 518 5032 619 5085; x_wconf 74' lang='grc' dir='ltr'><strong>καὶ</strong></span> <span class='ocrx_word' id='word_1_714' title='bbox 657 5031 941 5100; x_wconf 75' lang='grc' dir='ltr'>ἐκδέξεται</span> <span class='ocrx_word' id='word_1_715' title='bbox 996 5032 1199 5096; x_wconf 78' lang='grc' dir='ltr'>αὐτοὺς</span> <span class='ocrx_word' id='word_1_716' title='bbox 1254 5034 1513 5105; x_wconf 83' lang='grc' dir='ltr'>Μέμφις,</span> <span class='ocrx_word' id='word_1_717' title='bbox 1570 5036 1668 5090; x_wconf 69' lang='grc' dir='ltr'><strong>καὶ</strong></span> <span class='ocrx_word' id='word_1_718' title='bbox 1719 5037 1881 5108; x_wconf 69' lang='grc' dir='ltr'>θάψει</span> <span class='ocrx_word' id='word_1_719' title='bbox 1929 5040 2129 5104; x_wconf 76' lang='grc' dir='ltr'>αὐτοὺς</span> 
     </span>
    </p>
   </div>
   <div class='ocr_carea' id='block_1_97' title="bbox 518 5124 2127 5204">
    <p class='ocr_par' dir='ltr' id='par_1_97' title="bbox 518 5124 2127 5204">
     <span class='ocr_line' id='line_1_97' title="bbox 518 5124 2127 5204; baseline 0.005 -26"><span class='ocrx_word' id='word_1_720' title='bbox 518 5124 796 5195; x_wconf 77' lang='grc' dir='ltr'>Μαχμάς·</span> <span class='ocrx_word' id='word_1_721' title='bbox 828 5124 892 5178; x_wconf 85' lang='grc' dir='ltr'>τὸ</span> <span class='ocrx_word' id='word_1_722' title='bbox 938 5124 1210 5196; x_wconf 89' lang='grc' dir='ltr'>ἀργύριον</span> <span class='ocrx_word' id='word_1_723' title='bbox 1247 5125 1431 5182; x_wconf 77' lang='grc' dir='ltr'>αὐτῶν</span> <span class='ocrx_word' id='word_1_724' title='bbox 1464 5126 1688 5200; x_wconf 78' lang='grc' dir='ltr'>ὄλεθρος</span> <span class='ocrx_word' id='word_1_725' title='bbox 1721 5129 2127 5204; x_wconf 80' lang='grc' dir='ltr'>κληρονομήσει</span> 
     </span>
    </p>
   </div>
   <div class='ocr_carea' id='block_1_98' title="bbox 519 5215 2128 5295">
    <p class='ocr_par' dir='ltr' id='par_1_98' title="bbox 519 5215 2128 5295">
     <span class='ocr_line' id='line_1_98' title="bbox 519 5215 2128 5295; baseline 0.004 -23"><span class='ocrx_word' id='word_1_726' title='bbox 519 5217 688 5281; x_wconf 72' lang='grc' dir='ltr'>αὐτὸ,</span> <span class='ocrx_word' id='word_1_727' title='bbox 726 5215 964 5273; x_wconf 82' lang='grc' dir='ltr'>ἄκανθαι</span> <span class='ocrx_word' id='word_1_728' title='bbox 993 5217 1053 5270; x_wconf 85' lang='grc' dir='ltr'>ὲν</span> <span class='ocrx_word' id='word_1_729' title='bbox 1079 5218 1195 5280; x_wconf 84' lang='grc' dir='ltr'>τοῖς</span> <span class='ocrx_word' id='word_1_730' title='bbox 1232 5216 1590 5290; x_wconf 84' lang='grc' dir='ltr'>σκηνώμασιν</span> <span class='ocrx_word' id='word_1_731' title='bbox 1617 5222 1820 5277; x_wconf 80' lang='grc' dir='ltr'>αὐτῶν.</span> <span class='ocrx_word' id='word_1_732' title='bbox 1865 5241 1886 5276; x_wconf 74' lang='grc' dir='ltr'><strong>ι</strong></span> <span class='ocrx_word' id='word_1_733' title='bbox 1937 5224 2128 5295; x_wconf 85' lang='grc' dir='ltr'>Ὑμεῖς</span> 
     </span>
    </p>
   </div>
   <div class='ocr_carea' id='block_1_99' title="bbox 522 5309 2129 5387">
    <p class='ocr_par' dir='ltr' id='par_1_99' title="bbox 522 5309 2129 5387">
     <span class='ocr_line' id='line_1_99' title="bbox 522 5309 2129 5387; baseline 0.004 -22"><span class='ocrx_word' id='word_1_734' title='bbox 522 5313 625 5383; x_wconf 74' lang='grc' dir='ltr'>μὲν</span> <span class='ocrx_word' id='word_1_735' title='bbox 651 5311 762 5383; x_wconf 87' lang='grc' dir='ltr'><strong>γάρ</strong></span> <span class='ocrx_word' id='word_1_736' title='bbox 796 5309 937 5381; x_wconf 87' lang='grc' dir='ltr'><strong>μετά</strong></span> <span class='ocrx_word' id='word_1_737' title='bbox 961 5309 1164 5383; x_wconf 79' lang='grc' dir='ltr'>πολλὴν</span> <span class='ocrx_word' id='word_1_738' title='bbox 1191 5311 1572 5385; x_wconf 85' lang='grc' dir='ltr'>ταλαιπωρίαν</span> <span class='ocrx_word' id='word_1_739' title='bbox 1597 5316 1665 5385; x_wconf 77' lang='grc' dir='ltr'>ἢν</span> <span class='ocrx_word' id='word_1_740' title='bbox 1693 5315 2020 5387; x_wconf 81' lang='grc' dir='ltr'>ὑπομενεῖτε</span> <span class='ocrx_word' id='word_1_741' title='bbox 2048 5320 2129 5382; x_wconf 85' lang='grc' dir='ltr'><strong>εἰς</strong></span> 
     </span>
    </p>
   </div>
   <div class='ocr_carea' id='block_1_100' title="bbox 517 5403 2128 5482">
    <p class='ocr_par' dir='ltr' id='par_1_100' title="bbox 517 5403 2128 5482">
     <span class='ocr_line' id='line_1_100' title="bbox 517 5403 2128 5482; baseline 0.005 -25"><span class='ocrx_word' id='word_1_742' title='bbox 517 5404 620 5475; x_wconf 74' lang='grc' dir='ltr'>τὴν</span> <span class='ocrx_word' id='word_1_743' title='bbox 644 5403 922 5472; x_wconf 77' lang='grc' dir='ltr'>Αἴγυπτον</span> <span class='ocrx_word' id='word_1_744' title='bbox 958 5403 1035 5467; x_wconf 82' lang='grc' dir='ltr'>ὡς</span> <span class='ocrx_word' id='word_1_745' title='bbox 1061 5403 1155 5456; x_wconf 81' lang='grc' dir='ltr'><strong>ὲπί</strong></span> <span class='ocrx_word' id='word_1_746' title='bbox 1182 5421 1309 5458; x_wconf 90' lang='grc' dir='ltr'>τινα</span> <span class='ocrx_word' id='word_1_747' title='bbox 1353 5404 1795 5476; x_wconf 76' lang='grc' dir='ltr'>καταφεύγοντες</span> <span class='ocrx_word' id='word_1_748' title='bbox 1850 5409 2128 5482; x_wconf 81' lang='grc' dir='ltr'>σωτηρίαν</span> 
     </span>
    </p>
   </div>
   <div class='ocr_carea' id='block_1_101' title="bbox 520 5496 2129 5576">
    <p class='ocr_par' dir='ltr' id='par_1_101' title="bbox 520 5496 2129 5576">
     <span class='ocr_line' id='line_1_101' title="bbox 520 5496 2129 5576; baseline 0.004 -25"><span class='ocrx_word' id='word_1_749' title='bbox 520 5496 986 5568; x_wconf 74' lang='grc' dir='ltr'>ὲκστασθήσεσθε</span> <span class='ocrx_word' id='word_1_750' title='bbox 1030 5496 1137 5551; x_wconf 83' lang='grc' dir='ltr'>ὑπὸ</span> <span class='ocrx_word' id='word_1_751' title='bbox 1165 5497 1274 5551; x_wconf 88' lang='grc' dir='ltr'><strong>τῶν</strong></span> <span class='ocrx_word' id='word_1_752' title='bbox 1334 5498 1643 5571; x_wconf 79' lang='grc' dir='ltr'>’Λσσυρίων</span> <span class='ocrx_word' id='word_1_753' title='bbox 1696 5501 1778 5566; x_wconf 85' lang='grc' dir='ltr'><strong>εἰς</strong></span> <span class='ocrx_word' id='word_1_754' title='bbox 1836 5502 1938 5574; x_wconf 84' lang='grc' dir='ltr'><strong>τὴν</strong></span> <span class='ocrx_word' id='word_1_755' title='bbox 1992 5504 2129 5576; x_wconf 83' lang='grc' dir='ltr'>παρ’</span> 
     </span>
    </p>
   </div>
   <div class='ocr_carea' id='block_1_102' title="bbox 520 5588 2131 5662">
    <p class='ocr_par' dir='ltr' id='par_1_102' title="bbox 520 5588 2131 5662">
     <span class='ocr_line' id='line_1_102' title="bbox 520 5588 2131 5662; baseline 0.004 -19"><span class='ocrx_word' id='word_1_756' title='bbox 520 5590 757 5654; x_wconf 78' lang='grc' dir='ltr'>ἐκείνοις</span> <span class='ocrx_word' id='word_1_757' title='bbox 807 5589 1153 5662; x_wconf 81' lang='grc' dir='ltr'>ἀπαγόμενοι</span> <span class='ocrx_word' id='word_1_758' title='bbox 1199 5589 1625 5662; x_wconf 77' lang='grc' dir='ltr'>αἰχμαλωσίαν·</span> <span class='ocrx_word' id='word_1_759' title='bbox 1680 5591 2025 5649; x_wconf 83' lang='grc' dir='ltr'>διελεύσεσθε</span> <span class='ocrx_word' id='word_1_760' title='bbox 2074 5588 2131 5649; x_wconf 72' lang='grc' dir='ltr'><strong>δὲ</strong></span> 
     </span>
    </p>
   </div>
   <div class='ocr_carea' id='block_1_103' title="bbox 520 5681 2130 5759">
    <p class='ocr_par' dir='ltr' id='par_1_103' title="bbox 520 5681 2130 5759">
     <span class='ocr_line' id='line_1_103' title="bbox 520 5681 2130 5759; baseline 0.002 -22"><span class='ocrx_word' id='word_1_761' title='bbox 520 5683 622 5746; x_wconf 73' lang='grc' dir='ltr'><strong>τὰς</strong></span> <span class='ocrx_word' id='word_1_762' title='bbox 654 5683 770 5759; x_wconf 80' lang='grc' dir='ltr'>τῆς</span> <span class='ocrx_word' id='word_1_763' title='bbox 796 5681 1080 5751; x_wconf 79' lang='grc' dir='ltr'>Αἰγύπτου</span> <span class='ocrx_word' id='word_1_764' title='bbox 1122 5682 1344 5749; x_wconf 88' lang='grc' dir='ltr'>πόλεις,</span> <span class='ocrx_word' id='word_1_765' title='bbox 1385 5682 1649 5739; x_wconf 88' lang='grc' dir='ltr'>ποικίλων</span> <span class='ocrx_word' id='word_1_766' title='bbox 1691 5684 1838 5757; x_wconf 81' lang='grc' dir='ltr'>ὑμᾶς</span> <span class='ocrx_word' id='word_1_767' title='bbox 1886 5685 2130 5759; x_wconf 87' lang='grc' dir='ltr'><strong>διαδεχο-</strong></span> 
     </span>
    </p>
   </div>
   <div class='ocr_carea' id='block_1_104' title="bbox 525 5756 2132 5849">
    <p class='ocr_par' dir='ltr' id='par_1_104' title="bbox 525 5756 2132 5849">
     <span class='ocr_line' id='line_1_104' title="bbox 525 5756 2132 5849; baseline 0.004 -22"><span class='ocrx_word' id='word_1_768' title='bbox 525 5772 709 5845; x_wconf 85' lang='grc' dir='ltr'>μένων</span> <span class='ocrx_word' id='word_1_769' title='bbox 756 5756 1057 5828; x_wconf 69' lang='grc' dir='ltr'>Ξιινδύνων·</span> <span class='ocrx_word' id='word_1_770' title='bbox 1111 5774 1274 5830; x_wconf 76' lang='grc' dir='ltr'>τοῦτο</span> <span class='ocrx_word' id='word_1_771' title='bbox 1325 5774 1438 5847; x_wconf 84' lang='grc' dir='ltr'><strong>γὰρ</strong></span> <span class='ocrx_word' id='word_1_772' title='bbox 1488 5774 1661 5846; x_wconf 87' lang='grc' dir='ltr'>λέγει,</span> <span class='ocrx_word' id='word_1_773' title='bbox 1699 5795 1719 5831; x_wconf 79' lang='grc' dir='ltr'><strong>ι</strong></span> <span class='ocrx_word' id='word_1_774' title='bbox 1756 5776 1986 5849; x_wconf 83' lang='grc' dir='ltr'>Μέμφις</span> <span class='ocrx_word' id='word_1_775' title='bbox 2033 5756 2132 5833; x_wconf 73' lang='grc' dir='ltr'>καὶ</span> 
     </span>
    </p>
   </div>
   <div class='ocr_carea' id='block_1_105' title="bbox 523 5863 2129 5941">
    <p class='ocr_par' dir='ltr' id='par_1_105' title="bbox 523 5863 2129 5941">
     <span class='ocr_line' id='line_1_105' title="bbox 523 5863 2129 5941; baseline 0.003 -22"><span class='ocrx_word' id='word_1_776' title='bbox 523 5863 793 5937; x_wconf 76' lang='grc' dir='ltr'>Μαχμὰς,</span> <span class='ocrx_word' id='word_1_777' title='bbox 838 5883 855 5914; x_wconf 73' lang='grc' dir='ltr'><strong>ι</strong></span> <span class='ocrx_word' id='word_1_778' title='bbox 901 5864 992 5919; x_wconf 80' lang='grc' dir='ltr'><strong>ἴνα</strong></span> <span class='ocrx_word' id='word_1_779' title='bbox 1022 5863 1176 5938; x_wconf 78' lang='grc' dir='ltr'>εἴπῃ,</span> <span class='ocrx_word' id='word_1_780' title='bbox 1214 5866 1295 5922; x_wconf 81' lang='grc' dir='ltr'><strong>ὅτι</strong></span> <span class='ocrx_word' id='word_1_781' title='bbox 1329 5865 1682 5923; x_wconf 86' lang='grc' dir='ltr'>Διελεύσεσθε</span> <span class='ocrx_word' id='word_1_782' title='bbox 1725 5867 1823 5941; x_wconf 82' lang='grc' dir='ltr'><strong>τῆς</strong></span> <span class='ocrx_word' id='word_1_783' title='bbox 1854 5866 2129 5939; x_wconf 79' lang='grc' dir='ltr'>Αἰγύπτου</span> 
     </span>
    </p>
   </div>
   <div class='ocr_carea' id='block_1_106' title="bbox 635 6045 1065 6120">
    <p class='ocr_par' dir='ltr' id='par_1_106' title="bbox 635 6045 1065 6120">
     <span class='ocr_line' id='line_1_106' title="bbox 635 6045 1065 6120; baseline 0.007 -19"><span class='ocrx_word' id='word_1_784' title='bbox 635 6047 681 6083; x_wconf 75' lang='grc'><strong>⁸⁷</strong></span> <span class='ocrx_word' id='word_1_785' title='bbox 710 6045 847 6103; x_wconf 81' lang='lat' dir='ltr'><strong>Gen.</strong></span> <span class='ocrx_word' id='word_1_786' title='bbox 891 6062 973 6120; x_wconf 77' lang='lat' dir='ltr'><strong>tv,</strong></span> <span class='ocrx_word' id='word_1_787' title='bbox 1011 6047 1065 6104; x_wconf 77' lang='grc'><strong>7.</strong></span> 
     </span>
    </p>
   </div>
   <div class='ocr_carea' id='block_1_107' title="bbox 2229 4751 3830 4832">
    <p class='ocr_par' dir='ltr' id='par_1_107' title="bbox 2229 4751 3830 4832">
     <span class='ocr_line' id='line_1_107' title="bbox 2229 4751 3830 4832; baseline -0.005 -17"><span class='ocrx_word' id='word_1_788' title='bbox 2229 4760 2323 4832; x_wconf 85' lang='lat' dir='ltr'><strong>qui</strong></span> <span class='ocrx_word' id='word_1_789' title='bbox 2356 4768 2616 4829; x_wconf 87' lang='lat' dir='ltr'><strong>tanquam</strong></span> <span class='ocrx_word' id='word_1_790' title='bbox 2643 4757 2765 4829; x_wconf 83' lang='lat' dir='ltr'><strong>ejus</strong></span> <span class='ocrx_word' id='word_1_791' title='bbox 2801 4754 3107 4814; x_wconf 87' lang='lat' dir='ltr'><strong>adversarii</strong></span> <span class='ocrx_word' id='word_1_792' title='bbox 3143 4761 3198 4811; x_wconf 87' lang='lat' dir='ltr'><strong>et</strong></span> <span class='ocrx_word' id='word_1_793' title='bbox 3221 4753 3414 4810; x_wconf 88' lang='lat' dir='ltr'><strong>hostes</strong></span> <span class='ocrx_word' id='word_1_794' title='bbox 3443 4752 3574 4825; x_wconf 88' lang='lat' dir='ltr'><strong>jure</strong></span> <span class='ocrx_word' id='word_1_795' title='bbox 3600 4751 3830 4808; x_wconf 87' lang='lat' dir='ltr'><strong>merito-</strong></span> 
     </span>
    </p>
   </div>
   <div class='ocr_carea' id='block_1_108' title="bbox 2229 4846 3833 4926">
    <p class='ocr_par' dir='ltr' id='par_1_108' title="bbox 2229 4846 3833 4926">
     <span class='ocr_line' id='line_1_108' title="bbox 2229 4846 3833 4926; baseline -0.004 -19"><span class='ocrx_word' id='word_1_796' title='bbox 2229 4870 2336 4926; x_wconf 86' lang='lat' dir='ltr'><strong>que</strong></span> <span class='ocrx_word' id='word_1_797' title='bbox 2380 4852 2650 4924; x_wconf 88' lang='lat' dir='ltr'><strong>perempti</strong></span> <span class='ocrx_word' id='word_1_798' title='bbox 2709 4851 2936 4915; x_wconf 80' lang='lat' dir='ltr'><strong>fuistis?</strong></span> <span class='ocrx_word' id='word_1_799' title='bbox 2974 4868 2994 4902; x_wconf 77' lang='grc' dir='ltr'><strong>ι</strong></span> <span class='ocrx_word' id='word_1_800' title='bbox 3020 4848 3372 4921; x_wconf 82' lang='lat' dir='ltr'><strong>QuaprOpter</strong></span> <span class='ocrx_word' id='word_1_801' title='bbox 3419 4863 3553 4905; x_wconf 89' lang='lat' dir='ltr'><strong>ecce</strong></span> <span class='ocrx_word' id='word_1_802' title='bbox 3592 4846 3833 4903; x_wconf 85' lang='lat' dir='ltr'><strong>abibunt</strong></span> 
     </span>
    </p>
   </div>
   <div class='ocr_carea' id='block_1_109' title="bbox 2231 4937 3828 5015">
    <p class='ocr_par' dir='ltr' id='par_1_109' title="bbox 2231 4937 3828 5015">
     <span class='ocr_line' id='line_1_109' title="bbox 2231 4937 3828 5015; baseline -0.005 -16"><span class='ocrx_word' id='word_1_803' title='bbox 2231 4948 2301 5002; x_wconf 85' lang='lat' dir='ltr'><strong>de</strong></span> <span class='ocrx_word' id='word_1_804' title='bbox 2347 4943 2571 5002; x_wconf 88' lang='lat' dir='ltr'><strong>miseria</strong></span> <span class='ocrx_word' id='word_1_805' title='bbox 2616 4942 2867 5015; x_wconf 64' lang='lat' dir='ltr'><strong>Egypti,</strong></span> <span class='ocrx_word' id='word_1_806' title='bbox 2907 4949 2963 4998; x_wconf 90' lang='lat' dir='ltr'><strong>et</strong></span> <span class='ocrx_word' id='word_1_807' title='bbox 2993 4941 3236 5014; x_wconf 80' lang='lat' dir='ltr'><strong>excipiet</strong></span> <span class='ocrx_word' id='word_1_808' title='bbox 3289 4954 3387 4996; x_wconf 84' lang='lat' dir='ltr'><strong>eos</strong></span> <span class='ocrx_word' id='word_1_809' title='bbox 3427 4937 3724 5009; x_wconf 83' lang='lat' dir='ltr'><strong>Memphis,</strong></span> <span class='ocrx_word' id='word_1_810' title='bbox 3768 4945 3828 4993; x_wconf 87' lang='lat' dir='ltr'><strong>et</strong></span> 
     </span>
    </p>
   </div>
   <div class='ocr_carea' id='block_1_110' title="bbox 2227 5020 3830 5109">
    <p class='ocr_par' dir='ltr' id='par_1_110' title="bbox 2227 5020 3830 5109">
     <span class='ocr_line' id='line_1_110' title="bbox 2227 5020 3830 5109; baseline -0.007 -16"><span class='ocrx_word' id='word_1_811' title='bbox 2227 5040 2453 5109; x_wconf 74' lang='lat' dir='ltr'><strong>Sepelicl</strong></span> <span class='ocrx_word' id='word_1_812' title='bbox 2479 5052 2577 5094; x_wconf 92' lang='lat' dir='ltr'><strong>eos</strong></span> <span class='ocrx_word' id='word_1_813' title='bbox 2605 5020 2909 5093; x_wconf 80' lang='lat' dir='ltr'><strong>Machinas.</strong></span> <span class='ocrx_word' id='word_1_814' title='bbox 2965 5036 3266 5106; x_wconf 76' lang='lat' dir='ltr'><strong>Argentum</strong></span> <span class='ocrx_word' id='word_1_815' title='bbox 3299 5042 3491 5087; x_wconf 90' lang='lat' dir='ltr'><strong>eorum</strong></span> <span class='ocrx_word' id='word_1_816' title='bbox 3522 5027 3830 5100; x_wconf 84' lang='lat' dir='ltr'><strong>possidebit</strong></span> 
     </span>
    </p>
   </div>
   <div class='ocr_carea' id='block_1_111' title="bbox 2227 5120 3828 5204">
    <p class='ocr_par' dir='ltr' id='par_1_111' title="bbox 2227 5120 3828 5204">
     <span class='ocr_line' id='line_1_111' title="bbox 2227 5120 3828 5204; baseline -0.007 -18"><span class='ocrx_word' id='word_1_817' title='bbox 2227 5132 2506 5201; x_wconf 87' lang='lat' dir='ltr'><strong>interitus,</strong></span> <span class='ocrx_word' id='word_1_818' title='bbox 2556 5132 2728 5204; x_wconf 77' lang='lat' dir='ltr'><strong>spinze</strong></span> <span class='ocrx_word' id='word_1_819' title='bbox 2759 5130 2817 5187; x_wconf 89' lang='lat' dir='ltr'><strong>in</strong></span> <span class='ocrx_word' id='word_1_820' title='bbox 2865 5127 3239 5186; x_wconf 84' lang='lat' dir='ltr'><strong>tabernaculis</strong></span> <span class='ocrx_word' id='word_1_821' title='bbox 3271 5127 3538 5195; x_wconf 90' lang='lat' dir='ltr'><strong>ipsorum.</strong></span> <span class='ocrx_word' id='word_1_822' title='bbox 3573 5141 3592 5174; x_wconf 70' lang='grc' dir='ltr'><strong>ι</strong></span> <span class='ocrx_word' id='word_1_823' title='bbox 3631 5120 3828 5177; x_wconf 88' lang='lat' dir='ltr'><strong>Enim-</strong></span> 
     </span>
    </p>
   </div>
   <div class='ocr_carea' id='block_1_112' title="bbox 2228 5214 3823 5295">
    <p class='ocr_par' dir='ltr' id='par_1_112' title="bbox 2228 5214 3823 5295">
     <span class='ocr_line' id='line_1_112' title="bbox 2228 5214 3823 5295; baseline -0.005 -16"><span class='ocrx_word' id='word_1_824' title='bbox 2228 5241 2361 5280; x_wconf 72' lang='lat' dir='ltr'><strong>vero</strong></span> <span class='ocrx_word' id='word_1_825' title='bbox 2391 5242 2490 5281; x_wconf 91' lang='lat' dir='ltr'><strong>vos</strong></span> <span class='ocrx_word' id='word_1_826' title='bbox 2517 5223 2948 5295; x_wconf 34' lang='lat' dir='ltr'><strong>postgmiseriam</strong></span> <span class='ocrx_word' id='word_1_827' title='bbox 2988 5235 3153 5292; x_wconf 87' lang='lat' dir='ltr'><strong>qnam</strong></span> <span class='ocrx_word' id='word_1_828' title='bbox 3181 5214 3499 5290; x_wconf 89' lang='lat' dir='ltr'><strong>pertulistis</strong></span> <span class='ocrx_word' id='word_1_829' title='bbox 3536 5216 3590 5269; x_wconf 94' lang='lat' dir='ltr'><strong>in</strong></span> <span class='ocrx_word' id='word_1_830' title='bbox 3628 5223 3823 5271; x_wconf 86' lang='lat' dir='ltr'><strong>vestro</strong></span> 
     </span>
    </p>
   </div>
   <div class='ocr_carea' id='block_1_113' title="bbox 2228 5305 3825 5387">
    <p class='ocr_par' dir='ltr' id='par_1_113' title="bbox 2228 5305 3825 5387">
     <span class='ocr_line' id='line_1_113' title="bbox 2228 5305 3825 5387; baseline -0.006 -16"><span class='ocrx_word' id='word_1_831' title='bbox 2228 5318 2294 5371; x_wconf 87' lang='lat' dir='ltr'><strong>ad</strong></span> <span class='ocrx_word' id='word_1_832' title='bbox 2338 5315 2660 5387; x_wconf 59' lang='lat' dir='ltr'><strong>(Egyptum,</strong></span> <span class='ocrx_word' id='word_1_833' title='bbox 2708 5314 2869 5384; x_wconf 91' lang='lat' dir='ltr'><strong>quasi</strong></span> <span class='ocrx_word' id='word_1_834' title='bbox 2913 5311 2983 5367; x_wconf 88' lang='lat' dir='ltr'><strong>ad</strong></span> <span class='ocrx_word' id='word_1_835' title='bbox 3037 5309 3235 5367; x_wconf 88' lang='lat' dir='ltr'><strong>salutis</strong></span> <span class='ocrx_word' id='word_1_836' title='bbox 3290 5307 3496 5373; x_wconf 88' lang='lat' dir='ltr'><strong>locum,</strong></span> <span class='ocrx_word' id='word_1_837' title='bbox 3546 5305 3825 5379; x_wconf 80' lang='lat' dir='ltr'><strong>perfugio,</strong></span> 
     </span>
    </p>
   </div>
   <div class='ocr_carea' id='block_1_114' title="bbox 2228 5398 3830 5473">
    <p class='ocr_par' dir='ltr' id='par_1_114' title="bbox 2228 5398 3830 5473">
     <span class='ocr_line' id='line_1_114' title="bbox 2228 5398 3830 5473; baseline -0.005 -11"><span class='ocrx_word' id='word_1_838' title='bbox 2228 5406 2629 5464; x_wconf 70' lang='lat' dir='ltr'><strong>abstraltemini</strong></span> <span class='ocrx_word' id='word_1_839' title='bbox 2654 5405 2809 5467; x_wconf 79' lang='lat' dir='ltr'><strong>illine</strong></span> <span class='ocrx_word' id='word_1_840' title='bbox 2837 5405 2906 5459; x_wconf 87' lang='lat' dir='ltr'><strong>ab</strong></span> <span class='ocrx_word' id='word_1_841' title='bbox 2930 5400 3176 5473; x_wconf 75' lang='lat' dir='ltr'><strong>Assyriis</strong></span> <span class='ocrx_word' id='word_1_842' title='bbox 3202 5398 3271 5454; x_wconf 88' lang='lat' dir='ltr'><strong>ad</strong></span> <span class='ocrx_word' id='word_1_843' title='bbox 3295 5398 3646 5454; x_wconf 77' lang='lat' dir='ltr'><strong>serviendam</strong></span> <span class='ocrx_word' id='word_1_844' title='bbox 3680 5399 3830 5470; x_wconf 86' lang='lat' dir='ltr'><strong>apud</strong></span> 
     </span>
    </p>
   </div>
   <div class='ocr_carea' id='block_1_115' title="bbox 2231 5489 3829 5573">
    <p class='ocr_par' dir='ltr' id='par_1_115' title="bbox 2231 5489 3829 5573">
     <span class='ocr_line' id='line_1_115' title="bbox 2231 5489 3829 5573; baseline -0.004 -16"><span class='ocrx_word' id='word_1_845' title='bbox 2231 5501 2385 5573; x_wconf 86' lang='lat' dir='ltr'><strong>ipsos</strong></span> <span class='ocrx_word' id='word_1_846' title='bbox 2432 5499 2779 5557; x_wconf 74' lang='lat' dir='ltr'><strong>servitutem.</strong></span> <span class='ocrx_word' id='word_1_847' title='bbox 2855 5491 3278 5550; x_wconf 71' lang='lat' dir='ltr'><strong>Pet-transibitis</strong></span> <span class='ocrx_word' id='word_1_848' title='bbox 3350 5489 3575 5565; x_wconf 59' lang='lat' dir='ltr'><strong>Egypti</strong></span> <span class='ocrx_word' id='word_1_849' title='bbox 3634 5493 3829 5559; x_wconf 85' lang='lat' dir='ltr'><strong>urbes,</strong></span> 
     </span>
    </p>
   </div>
   <div class='ocr_carea' id='block_1_116' title="bbox 2231 5583 3830 5665">
    <p class='ocr_par' dir='ltr' id='par_1_116' title="bbox 2231 5583 3830 5665">
     <span class='ocr_line' id='line_1_116' title="bbox 2231 5583 3830 5665; baseline -0.005 -14"><span class='ocrx_word' id='word_1_850' title='bbox 2231 5583 2384 5651; x_wconf 77' lang='lat' dir='ltr'><strong>varia</strong></span> <span class='ocrx_word' id='word_1_851' title='bbox 2422 5599 2803 5665; x_wconf 87' lang='lat' dir='ltr'><strong>permutantes</strong></span> <span class='ocrx_word' id='word_1_852' title='bbox 2822 5588 3104 5660; x_wconf 86' lang='lat' dir='ltr'><strong>pericula:</strong></span> <span class='ocrx_word' id='word_1_853' title='bbox 3135 5587 3385 5652; x_wconf 83' lang='lat' dir='ltr'><strong>nominat</strong></span> <span class='ocrx_word' id='word_1_854' title='bbox 3405 5594 3587 5643; x_wconf 91' lang='lat' dir='ltr'><strong>autem</strong></span> <span class='ocrx_word' id='word_1_855' title='bbox 3614 5606 3632 5638; x_wconf 77' lang='grc' dir='ltr'><strong>ι</strong></span> <span class='ocrx_word' id='word_1_856' title='bbox 3658 5585 3830 5643; x_wconf 80' lang='lat' dir='ltr'><strong>Mem-</strong></span> 
     </span>
    </p>
   </div>
   <div class='ocr_carea' id='block_1_117' title="bbox 2230 5678 3833 5759">
    <p class='ocr_par' dir='ltr' id='par_1_117' title="bbox 2230 5678 3833 5759">
     <span class='ocr_line' id='line_1_117' title="bbox 2230 5678 3833 5759; baseline -0.004 -19"><span class='ocrx_word' id='word_1_857' title='bbox 2230 5687 2357 5759; x_wconf 80' lang='lat' dir='ltr'><strong>phis</strong></span> <span class='ocrx_word' id='word_1_858' title='bbox 2398 5693 2454 5741; x_wconf 90' lang='lat' dir='ltr'><strong>et</strong></span> <span class='ocrx_word' id='word_1_859' title='bbox 2490 5683 2803 5746; x_wconf 83' lang='lat' dir='ltr'><strong>Machmas,</strong></span> <span class='ocrx_word' id='word_1_860' title='bbox 2848 5700 2868 5734; x_wconf 77' lang='grc' dir='ltr'><strong>ι</strong></span> <span class='ocrx_word' id='word_1_861' title='bbox 2906 5688 2967 5735; x_wconf 92' lang='lat' dir='ltr'><strong>ut</strong></span> <span class='ocrx_word' id='word_1_862' title='bbox 3003 5678 3153 5735; x_wconf 89' lang='lat' dir='ltr'><strong>dicat</strong></span> <span class='ocrx_word' id='word_1_863' title='bbox 3199 5679 3538 5735; x_wconf 87' lang='lat' dir='ltr'><strong>transituros</strong></span> <span class='ocrx_word' id='word_1_864' title='bbox 3592 5692 3691 5735; x_wconf 83' lang='lat' dir='ltr'><strong>eos</strong></span> <span class='ocrx_word' id='word_1_865' title='bbox 3732 5693 3833 5749; x_wconf 84' lang='lat' dir='ltr'><strong>per</strong></span> 
     </span>
    </p>
   </div>
   <div class='ocr_carea' id='block_1_118' title="bbox 2230 5768 3827 5849">
    <p class='ocr_par' dir='ltr' id='par_1_118' title="bbox 2230 5768 3827 5849">
     <span class='ocr_line' id='line_1_118' title="bbox 2230 5768 3827 5849; baseline -0.006 -14"><span class='ocrx_word' id='word_1_866' title='bbox 2230 5777 2453 5849; x_wconf 65' lang='lat' dir='ltr'><strong>Egypti</strong></span> <span class='ocrx_word' id='word_1_867' title='bbox 2503 5774 2695 5839; x_wconf 87' lang='lat' dir='ltr'><strong>urbes,</strong></span> <span class='ocrx_word' id='word_1_868' title='bbox 2741 5771 2981 5829; x_wconf 80' lang='lat' dir='ltr'><strong>afﬂictos</strong></span> <span class='ocrx_word' id='word_1_869' title='bbox 3035 5780 3091 5829; x_wconf 90' lang='lat' dir='ltr'><strong>et</strong></span> <span class='ocrx_word' id='word_1_870' title='bbox 3134 5768 3383 5843; x_wconf 78' lang='lat' dir='ltr'><strong>perditos</strong></span> <span class='ocrx_word' id='word_1_871' title='bbox 3419 5769 3490 5825; x_wconf 90' lang='lat' dir='ltr'><strong>ab</strong></span> <span class='ocrx_word' id='word_1_872' title='bbox 3555 5768 3827 5841; x_wconf 74' lang='lat' dir='ltr'><strong>Assyriis.</strong></span> 
     </span>
    </p>
   </div>
   <div class='ocr_carea' id='block_1_119' title="bbox 2232 5867 3831 5937">
    <p class='ocr_par' dir='ltr' id='par_1_119' title="bbox 2232 5867 3831 5937">
     <span class='ocr_line' id='line_1_119' title="bbox 2232 5867 3831 5937; baseline -0.009 -7"><span class='ocrx_word' id='word_1_873' title='bbox 2232 5873 2501 5932; x_wconf 82' lang='lat' dir='ltr'><strong>Peribunt</strong></span> <span class='ocrx_word' id='word_1_874' title='bbox 2533 5878 2716 5929; x_wconf 86' lang='lat' dir='ltr'><strong>autem</strong></span> <span class='ocrx_word' id='word_1_875' title='bbox 2747 5868 2913 5928; x_wconf 86' lang='lat' dir='ltr'><strong>simul</strong></span> <span class='ocrx_word' id='word_1_876' title='bbox 2942 5877 3124 5927; x_wconf 88' lang='lat' dir='ltr'><strong>vestra</strong></span> <span class='ocrx_word' id='word_1_877' title='bbox 3159 5867 3385 5934; x_wconf 87' lang='lat' dir='ltr'><strong>omnia;</strong></span> <span class='ocrx_word' id='word_1_878' title='bbox 3431 5873 3696 5937; x_wconf 87' lang='lat' dir='ltr'><strong>tantaque</strong></span> <span class='ocrx_word' id='word_1_879' title='bbox 3734 5877 3831 5917; x_wconf 88' lang='lat' dir='ltr'><strong>ve-</strong></span> 
     </span>
    </p>
   </div>
  </div>
