4102 6452
357 457 455 515 ΗΘ

1544 461 1892 520 THEODORI
1919 462 2419 522 MOPSUESTENI‘

3505 454 3608 509 180

351 585 495 630 stras
529 575 690 632 urbes
738 588 900 648 atque
944 577 1193 646 regiones
1236 576 1524 644 occupabit
1552 578 1810 640 solitudo,
1866 586 1917 632 ul

2035 581 2132 642 τὰς
2167 578 2379 643 πόλεις,
2437 572 2843 644 συντριϐόμενοί
2889 586 2948 623 τε
2975 569 3067 622 καὶ
3096 565 3454 637 ἀπολλύμενοι
3501 569 3608 623 ύπδ

349 668 459 722 illic
492 670 705 724 nemine
744 669 1019 724 habitante
1048 669 1218 738 spina:
1248 679 1617 723 succrescant.
1646 667 1756 740 Μ
1785 688 1804 721 ι
1832 666 1931 724 Ve-

1121 758 1346 813 reuiunt
1431 757 1546 814 dies
1623 760 1917 814 retributio

2033 761 2250 814 ἅπαντα
2271 777 2284 791 ·
2310 758 2408 821 τάς
2439 774 2498 810 τε
2533 757 2716 820 πόλεις
2737 754 2890 825 ὑμῶν
2919 753 3013 805 καὶ
3035 750 3131 812 τὰς
3155 749 3339 820 χώρας
3369 748 3607 818 τοσαύτη

348 759 506 814 niunt
573 760 691 816 dies
784 761 1008 816 ultionis
1026 802 1040 824 ,

351 850 456 903 nis.
494 867 515 900 ι
563 847 690 904 Haec
742 860 924 906 autem
997 862 1125 905 tunc
1187 847 1452 919 perieres,
1525 849 1924 919 prOpinquantc

344 939 455 1005 iam
492 949 760 1011 tempore,
791 955 901 1013 quo
927 951 1079 997 tuam
1109 947 1323 1010 oportet
1351 940 1680 1010 impietatem
1711 941 1922 1006 ulcisci,

346 1043 399 1083 tl.
423 1031 614 1100 iniqua
648 1046 816 1101 Opera
853 1042 942 1087 tua
973 1031 1333 1086 remunerari.
1378 1050 1396 1082 ι
1435 1032 1500 1085 Et
1527 1031 1926 1089 sedebitlsrael

349 1129 607 1190 tanquam
644 1124 911 1194 propheta
945 1122 1253 1187 insaniens,
1306 1129 1567 1192 tanquam
1608 1123 1774 1177 homo
1813 1124 1926 1194 spi-

349 1210 457 1262 ritu
514 1209 769 1279 agitatus.
810 1232 828 1264 ι
872 1210 932 1265 In
969 1217 1182 1265 tantum
1232 1211 1499 1266 malorum
1534 1210 1814 1276 devenies,
1864 1219 1926 1266 ut

347 1299 486 1354 nihil
507 1300 730 1358 diﬁ‘eras
763 1316 793 1356 a
821 1300 963 1358 falsa
1010 1302 1278 1373 propheta
1316 1302 1370 1356 in
1401 1317 1620 1374 gravem
1658 1302 1923 1358 exstasim

347 1391 472 1445 mali
505 1392 733 1462 spiritus
755 1396 1070 1465 operatione
1095 1394 1366 1464 conjecto,
1394 1408 1457 1448 ac
1485 1409 1552 1448 ne
1580 1394 1668 1447 illa
1699 1394 1920 1464 quidem

345 1483 616 1540 sentiente
637 1501 758 1555 qua:
779 1495 907 1542 ante
935 1486 1100 1558 pedes
1132 1494 1280 1542 sunt.
1307 1485 1459 1541 Adeo
1483 1486 1729 1557 dejectus
1745 1497 1923 1543 mente

344 1578 477 1642 eris,
513 1586 738 1646 propter
773 1579 1040 1634 malorum
1093 1577 1455 1648 gravitatem!
1497 1577 1650 1633 Cur?
1686 1597 1703 1630 ι
1736 1578 1920 1633 Multi-

345 1667 534 1724 tudine
575 1670 928 1739 iniquitatum
976 1679 1194 1725 tuarum
1244 1668 1604 1739 multiplicata
1648 1670 1748 1725 fuit
1783 1671 1923 1726 insa-

345 1759 504 1813 uia.)
541 1758 680 1825 Quia
733 1751 927 1831 nempe
976 1760 1146 1815 multa
1198 1773 1322 1813 cum
1368 1759 1658 1828 iniquitate
1710 1760 1918 1826 vixisti,

345 1859 502 1920 teque
535 1852 759 1908 omnino
792 1852 1059 1907 idolorum
1086 1851 1312 1905 insaniae
1337 1850 1594 1906 addixisti
1641 1861 1644 1864 ’

2032 669 2137 722 τῶν
2182 667 2481 738 ’Δσσυρίων
2503 682 2514 694 ·
2567 665 2852 719 ἀπολεῖται
2881 662 2935 714 δὲ
2969 660 3063 714 καὶ
3087 662 3156 712 τὰ
3186 658 3454 729 προσόντα
3479 659 3608 729 ὑμῖν

2029 849 2399 920 καταλήψεται
2433 847 2656 918 ἐρημία,
2696 848 2780 918 (p.
2815 843 2916 914 6'7)
2951 843 3090 895 ὥστε
3133 840 3377 902 ἀκάνθας
3419 839 3607 892 αὐτόθι

2031 938 2264 1007 φύεσθαι
2314 937 2543 1008 μηδενὸς
2587 936 2885 996 οἰκοῦντος.
2929 953 2947 984 ι
2993 933 3253 985 Ἢκουσιν
3298 930 3355 983 αἰ
3403 930 3606 1000 ἡμέραι

2028 1029 2128 1100 τῆς
2159 1027 2493 1099 ἐκδικήσεως
2538 1044 2664 1090 σου,
2716 1027 2943 1096 ἥκουσιν
2989 1025 3043 1076 αἰ
3087 1022 3291 1094 ἡμέραι
3341 1021 3442 1090 τῆς
3476 1023 3604 1074 ἀντ-

2029 1117 2337 1181 αποδόσεώς
2371 1135 2486 1171 σου.
2531 1138 2549 1168 ι
2598 1117 2918 1186 ’Υπομενεῖς
2964 1113 3020 1166 δὲ
3071 1113 3243 1167 ταῦτα
3284 1113 3406 1165 τότε
3455 1111 3606 1180 ἐγγί-

2028 1209 2213 1274 ζοντος
2246 1208 2339 1262 τοῦ
2369 1207 2564 1280 καιροῦ
2608 1208 2730 1262 καθ’
2757 1208 2816 1260 ὃν
2845 1205 3200 1276 ἐκδικηθῆναί
3237 1221 3330 1257 σου
3365 1204 3471 1274 χρὴ
3505 1202 3604 1273 τὴν

2027 1297 2317 1367 ἀσέϐειαν,
2367 1299 2463 1353 καὶ
2510 1299 2838 1370 ἀποδοθῆναί
2891 1315 2973 1351 σοι
3027 1296 3307 1366 πρέποντα
3354 1290 3430 1348 ὧν
3484 1293 3604 1346 δια-

2026 1392 2400 1464 πραττόμενος
2463 1391 2702 1461 ἡσέϐεις.
2773 1409 2792 1441 ‹
2858 1389 2968 1442 Kai.
3033 1387 3317 1441 καθίσεται
3389 1384 3604 1457 Ἰσραὴλ

2025 1483 2214 1556 ῶσπερ
2255 1485 2283 1537 ὁ
2321 1485 2603 1556 προφήτης
2657 1484 2686 1536 ό
2734 1479 3191 1552 παρεξεστηκὼς,
3235 1479 3520 1550 ἄνθρωπος
3576 1484 3605 1534 ὁ

2024 1575 2494 1645 πνευματοφόρος.
2544 1592 2562 1624 ι
2638 1572 2724 1625 Ἑν
2780 1570 3056 1632 τοσούτοις
3115 1569 3178 1640 δὴ
3233 1572 3440 1643 γενήσῃ
3490 1574 3606 1634 τοῖς

2023 1667 2235 1732 κακοῖς,
2269 1665 2410 1719 ὥστε
2460 1665 2624 1735 μηδὲν
2654 1662 2968 1717 ἀπεοικὲναι
2999 1661 3444 1731 ψευδοπροφήτου
3466 1702 3480 1725 ,
3519 1664 3599 1725 εἰς

2024 1756 2282 1810 ἔκστασιν
2331 1756 2534 1827 πολλὴν
2582 1757 2648 1808 ἐκ
2695 1755 2796 1825 τῆς
2847 1753 2942 1806 τοῦ
2995 1753 3236 1823 πονηροῦ
3290 1753 3604 1823 πνεύματος

2025 1851 2302 1920 ἐνεργείας
2370 1849 2775 1911 καταστάντος,
2832 1848 2927 1899 καὶ
2982 1847 3104 1899 ούδέ
3157 1845 3264 1898 τῶν
3317 1845 3602 1916 παρόντων

343 1939 594 2008 αἴσθησιν
650 1940 886 2011 ἔχοντος·
927 1940 1098 2006 οὕτως
1154 1941 1257 2008 ἔξω
1305 1942 1414 1996 τῶν
1448 1943 1644 1997 σαυτοῦ
1679 1937 1892 2016 φρενῶν
1935 1946 1998 1996 ἐκ
2051 1943 2142 1997 τοῦ
2178 1942 2440 2014 μεγέθους
2490 1944 2701 2014 γενήσῃ⁴
2743 1940 2852 1994 τῶν
2906 1939 3125 1994 κακῶν·
3183 1939 3323 2002 τίνος
3384 1940 3598 2006 ἕνεκεν,

349 2055 367 2084 σ
421 2034 553 2088 Ἀπὸ
600 2035 694 2089 τοῦ
748 2036 984 2106 πλήθους
1029 2037 1135 2090 τῶν
1182 2036 1406 2092 ἀδικιῶν
1463 2056 1556 2092 σου
1609 2038 1920 2109 ἐπληθύνθη
1978 2037 2160 2108 μανία.
2203 2057 2222 2090 ι
2275 2036 2493 2106 Ἐπειδὴ
2543 2036 2709 2106 πολλῇ
2764 2035 2862 2106 μὲν
2903 2035 3087 2106 ἀδικίᾳ
3121 2034 3376 2104 συνέζης,
3432 2034 3598 2105 πολλῇ

339 2128 394 2180 δὲ
431 2131 495 2198 τῇ
523 2129 650 2198 περὶ
682 2127 748 2182 τὰ
759 2129 968 2192 ,εἴδωλα
1003 2133 1171 2205 μανίᾳ
1197 2135 1390 2187 σαυτὸν
1421 2133 1738 2198 ἐκδεδώκεις
1765 2134 2041 2197 παντελῶς

416 2215 578 2272 Vsus.
609 2217 768 2273 8-10.
799 2250 871 2260 —
900 2238 922 2271 ι
953 2221 1164 2292 Scapus
1213 2221 1544 2292 Ephraimus
1590 2239 1714 2278 cum
1758 2223 1869 2279 Deo
1899 2242 1912 2278 :

2089 2223 2236 2292 Στίχ.
2298 2227 2431 2292 ηὀι’.
2473 2251 2544 2261 —-
2597 2239 2614 2271 ι
2655 2218 2863 2282 Σκοπὸς
2924 2217 3165 2289 Ἐφραῖμ
3235 2216 3374 2288 μετά
3420 2216 3591 2273 Θεοῦ·

341 2307 606 2378 propheta
643 2309 874 2380 laqueus
913 2319 1196 2370 tortuosus
1213 2330 1378 2385 super
1395 2329 1590 2371 omnes
1608 2315 1723 2372 vias
1740 2315 1878 2385 ejus.
1895 2336 1913 2368 ι

341 2398 632 2466 Oporteret
664 2415 796 2456 sane
839 2412 890 2458 te
915 2417 1040 2460 esse
1075 2405 1286 2462 caeteris
1325 2405 1606 2477 exemplar
1655 2416 1708 2463 et
1758 2408 1916 2478 quasi

341 2505 574 2560 scopum
609 2492 850 2557 honesti,
890 2493 1108 2567 Deoque
1145 2497 1372 2566 juvante
1400 2498 1600 2554 docere
1633 2499 1772 2554 alios
1804 2499 1917 2554 vir-

343 2589 534 2648 tutem,
567 2597 730 2653 quam
768 2594 823 2639 tu
857 2585 976 2656 ipse
1016 2602 1046 2641 a
1086 2587 1197 2644 Deo
1227 2589 1537 2655 didiceras;
1587 2590 1685 2646 sed
1726 2601 1917 2646 contra

340 2670 520 2726 factus
548 2686 609 2726 es
647 2672 716 2726 ad
753 2673 947 2727 vitium
985 2675 1106 2742 via;
1139 2675 1212 2731 ita
1237 2678 1457 2732 ut‘nihil
1490 2694 1521 2732 a
1553 2679 1696 2733 tristi
1723 2679 1918 2750 laqueo

338 2761 558 2817 diﬁ‘eras
580 2763 996 2821 incurrentibus
1025 2767 1356 2837 periculoso.
1393 2767 1485 2823 Sic
1517 2771 1772 2825 omnibus
1810 2771 1915 2824 im-

339 2855 558 2924 pietatis
596 2857 781 2926 regula
812 2857 1054 2912 exsistis.
1082 2876 1100 2909 ι
1130 2857 1404 2913 Insaniam
1434 2859 1490 2913 in
1521 2859 1686 2914 domo
1721 2859 1812 2915 Dei
1832 2860 1918 2915 sui

337 2945 546 3002 deﬁxit.
571 2963 590 2998 ι
623 2945 942 3001 ldololatria
989 2948 1301 3003 universam
1345 2956 1553 3004 terram
1593 2951 1918 3021 promissio-

338 3039 426 3094 nis
449 3038 685 3108 implesti
719 3058 730 3091 :
765 3054 890 3092 nam
927 3038 1023 3092 Dei
1058 3039 1281 3094 domum
1307 3049 1510 3096 terram
1534 3042 1917 3112 promissionis

338 3129 601 3200 appellat,
652 3137 891 3199 utpotea
930 3129 1041 3185 Deo
1074 3131 1400 3187 habitatam.
1439 3152 1458 3186 ι
1495 3131 1755 3203 Corrupti
1787 3139 1920 3188 sunt

335 3220 558 3276 sicutin
585 3221 779 3277 diebus
808 3223 983 3276 collis.
1017 3243 1035 3275 ι
1074 3223 1271 3279 Cuncti
1317 3239 1346 3279 a
1373 3225 1577 3282 virtute
1620 3225 1687 3280 ad
1721 3225 1914 3281 vitium

339 3313 587 3367 conversi
617 3312 774 3377 estis,
827 3314 1026 3369 mentis
1056 3316 1470 3386 corruptionem
1519 3317 1733 3387 experti
1767 3317 1914 3372 haud

338 3407 665 3462 dissimilem
695 3406 804 3461 illis
836 3407 930 3478 qui
963 3408 1019 3461 in
1057 3406 1274 3465 deserto
1320 3410 1619 3480 irreligiosi
1665 3409 1911 3475 luerunt,

338 3500 542 3568 quique
577 3497 750 3552 vitulo
789 3498 1024 3554 conﬂato
1054 3499 1312 3555 dicebant
1349 3520 1360 3555 :
1397 3521 1414 3552 ι
1441 3499 1508 3555 Ili
1552 3510 1683 3556 sunt
1709 3501 1782 3556 dii
1809 3503 1910 3568 tui,

2023 2316 2306 2387 προφήτης
2363 2313 2534 2380 παγ“ις
2583 2309 2772 2364 σκολιά
2816 2310 2910 2363 ἐπὶ
2961 2312 3139 2372 πάσας
3168 2308 3266 2371 τὰς
3299 2308 3454 2371 ὀδοὺς
3497 2312 3599 2363 αύ-

2019 2404 2134 2458 τοῦ.
2175 2423 2195 2456 ι
2242 2403 2437 2474 Ἐχρῆν
2475 2400 2574 2472 μὲν
2608 2401 2716 2471 γάρ
2767 2417 2827 2452 σε
2860 2400 3061 2452 σκοπὸν
3110 2394 3248 2453 εἴναι
3299 2399 3392 2452 τοῦ
3429 2399 3599 2452 καλοῦ

2019 2495 2260 2566 ἐτέροις,
2307 2494 2400 2546 καὶ
2447 2493 2584 2564 μετά
2627 2489 2764 2544 Θεοῦ
2809 2490 3086 2543 διδάσκειν
3130 2489 3257 2553 τοὺς
3289 2489 3510 2552 λοιποὺς
3537 2489 3598 2544 τὸ

2016 2587 2155 2650 δέον,
2191 2585 2288 2638 ἆτε
2331 2586 2460 2656 παρ’
2499 2583 2664 2637 αὐτοῦ
2719 2583 3077 2653 μεμαθηκότα
3122 2581 3310 2634 τοῦτο·
3365 2581 3596 2650 γέγονας

2015 2677 2074 2730 δὲ
2107 2677 2169 2731 τὸ
2195 2676 2436 2731 ἐναντίον
2465 2676 2581 2739 ὁδὸς
2609 2675 2811 2730 ἅπασιν
2837 2673 2932 2727 τοῦ
2964 2674 3224 2744 χείρονος·
3252 2671 3393 2724 ὥστε
3431 2671 3597 2741 μηδὲν

2019 2765 2334 2820 ἀπεοικέναι
2368 2764 2615 2834 χαλεπῆς
2641 2763 2862 2832 παγίδος
2889 2762 3120 2832 κινδύνῳ
3164 2759 3595 2832 περιϐαλλούσης

2016 2858 2142 2922 τοὺς
2195 2857 2584 2928 ἐμπίπτονταςο
2639 2855 2811 2919 οὕτως
2857 2855 3030 2909 ἀπασι
3063 2855 3226 2925 νόμος
3273 2853 3454 2921 ἐγίνου
3494 2853 3596 2922 τῆς

2019 2950 2291 3013 ἀσεϐείας.
2323 2950 2415 3019 (p.
2447 2949 2537 3018 68)
2581 2968 2598 3000 ι
2627 2948 2843 3002 Μανίαν
2858 2949 2916 3000 ἐν
2945 2948 3078 3017 οῐκῳ
3103 2945 3237 2999 Θεοῦ
3269 2944 3432 2998 αὑτοῦ
3463 2961 3596 2997 κατ-

2017 3041 2237 3112 έπηξεν.
2281 3060 2300 3093 ι
2335 3039 2795 3110 Εἰδωλολατρείας
2845 3039 2952 3110 γὰρ
2995 3040 3176 3092 πᾶσαν
3215 3039 3312 3108 τὴν
3353 3037 3456 3106 γῆν
3497 3035 3595 3105 τῆς

2017 3133 2352 3203 ἐπαγγελίας
2382 3132 2710 3203 ἐπλήρωσας
2729 3147 2744 3162 ο
2771 3125 2919 3184 οἷκον
2945 3128 3053 3201 γὰρ
3083 3127 3218 3181 Θεοῦ
3242 3127 3338 3196 τὴν
3366 3127 3466 3196 γῆν
3493 3125 3596 3195 τῆς

2016 3224 2355 3295 ἐπαγγελίας
2373 3223 2550 3288 καλεῖ,
2576 3223 2650 3286 ὡς
2671 3221 2998 3292 οἰκουμένην
3025 3219 3128 3272 ὑπὸ
3156 3218 3314 3272 Θεοῦ.
3347 3236 3365 3268 ‹
3407 3215 3598 3284 Ἑφθά-

2020 3335 2194 3390 ρησαν
2243 3317 2386 3370 κατά
2417 3318 2517 3378 τὰς
2563 3315 2780 3387 ἡμέρας
2826 3311 3036 3384 βουνοῦ.
3081 3330 3099 3361 ›
3147 3309 3256 3362 Καὶ
3297 3309 3594 3380 μετέστητε

2019 3411 2220 3472 πάντες
2259 3411 2324 3462 ἐκ
2366 3407 2460 3460 τοῦ
2490 3409 2797 3478 κρείττονος
2837 3406 2930 3458 ἐπὶ
2971 3404 3032 3456 τὸ
3065 3405 3266 3474 χεῖρον,
3296 3399 3597 3468 διαφθορὰν

2018 3500 2238 3555 ἐννοιῶν
2266 3497 2767 3568 ύπομεμενηκότες,
2794 3495 2945 3548 οὐδὲν
2973 3495 3291 3548 ἀπεοικυῖαν
3323 3491 3430 3543 τῶν
3458 3489 3590 3543 ποτὲ

339 3589 584 3653 olsrael,
632 3591 726 3659 qui
782 3598 835 3646 te
891 3591 1200 3648 eduxerunt
1249 3592 1316 3648 de
1356 3601 1502 3648 terra
1542 3592 1853 3665 Egypti".
1888 3613 1906 3648 ι

2020 3592 2160 3646 κατά
2197 3591 2296 3660 τὴν
2327 3589 2532 3659 ἔρημον
2567 3587 2983 3657 ἀσεϐησάντων,
3016 3585 3064 3636 οἳ
3102 3584 3301 3654 μόσχον
3333 3583 3594 3650 ποιήσαν-

338 3681 472 3736 Nam
528 3682 692 3738 «dies
729 3683 931 3740 collis»
967 3693 1186 3754 tempus
1241 3685 1377 3740 illud
1431 3687 1690 3757 appellat.
1745 3687 1914 3758 Igitur

339 3776 482 3829 haud
534 3775 717 3830 secius
762 3776 870 3832 illis
909 3779 1152 3848 corrupti
1182 3779 1339 3840 estis.
1363 3777 1418 3833 id
1443 3787 1547 3845 est,
1576 3793 1760 3849 parem
1803 3778 1913 3834 illis

338 3867 592 3922 morbum
653 3868 1037 3924 contraxistis.
1095 3869 1543 3925 «Recordabitur
1591 3870 1914 3940 iniquitates

337 3973 552 4024 eorum,
603 3959 906 4016 ulciscetur
954 3969 1179 4030 peccata
1214 3977 1427 4018 eorum.
1458 3962 1912 4032 nConsequeuter

337 4051 545 4121 itaque,
583 4061 841 4106 revocata
874 4051 1228 4122 iniquitatum
1269 4061 1579 4108 vestrarum
1623 4052 1911 4117 memoria,

336 4149 518 4198 sumet
559 4142 628 4197 de
660 4142 815 4198 vobis
848 4158 1062 4213 pmnas,
1109 4145 1347 4214 peccatis
1378 4148 1576 4200 vestris
1615 4159 1910 4215 congruas.

341 4253 362 4284 ι
387 4233 552 4300 Quasi
588 4249 746 4288 uvam
783 4235 838 4289 in
875 4234 1093 4291 deserto
1127 4236 1309 4291 inveni
1337 4237 1618 4300 lsraelem,
1662 4242 1716 4288 et
1747 4232 1911 4304 quasi

337 4325 498 4380 ﬁcum
531 4325 586 4380 in
611 4325 718 4399 45
763 4327 996 4383 ﬁculnea
1039 4343 1336 4398 praecocem
1360 4338 1543 4399 patres
1581 4335 1798 4382 vestros
1829 4325 1913 4380 vi-

335 4417 411 4472 di.
437 4437 454 4468 ›
473 4417 733 4488 Equidem
753 4427 966 4475 tantum
988 4419 1302 4491 exprompsi
1327 4435 1457 4492 erga
1483 4426 1670 4490 patres
1697 4424 1911 4472 vestros

335 4506 615 4573 affectum,
667 4518 932 4580 quantum
991 4510 1225 4580 quisque
1251 4513 1557 4580 experitur,
1590 4507 1636 4562 si
1670 4506 1809 4561 forte
1854 4506 1910 4559 in

334 4598 552 4653 deserto
593 4613 754 4654 uvam
813 4601 994 4656 videat
1039 4609 1236 4671 praeter
1277 4614 1495 4654 omnem
1539 4613 1690 4667 spem
1735 4597 1910 4654 oculis

336 4691 600 4754 oblatam,
635 4692 721 4745 vel
754 4690 914 4746 ﬁcum
945 4692 1000 4746 in
1031 4694 1226 4747 arbore
1259 4700 1385 4743 ante
1411 4697 1734 4744 consuetum
1775 4699 1910 4745 tem-

336 4797 439 4850 pus
462 4787 792 4837 exstantem.
825 4800 842 4833 ι
870 4782 980 4852 lpsi
1029 4790 1211 4837 autem
1252 4781 1596 4835 intraverunt
1648 4783 1714 4836 ad
1755 4782 1911 4839 Beel-

336 4873 564 4944 phcgor,
593 4878 649 4926 et
678 4872 975 4927 abalienati
1012 4883 1142 4930 sunt
1168 4873 1223 4927 in
1255 4872 1660 4940 confusionem,
1694 4882 1747 4930 et
1777 4873 1905 4929 facti

335 4972 466 5018 sunt
513 4961 934 5018 abominabiles.
977 4981 996 5015 ι
1029 4961 1132 5030 Qui
1163 4963 1230 5018 ad
1297 4963 1632 5019 adorandum
1696 4966 1904 5021 idolum

335 5055 776 5118 declinaverunt,
821 5069 852 5107 a
887 5070 975 5110 me
1005 5064 1179 5110 semet
1218 5055 1624 5120 abalienarunt,
1668 5058 1820 5112 nulla
1851 5074 1910 5114 re

335 5146 442 5200 alia
468 5160 630 5215 quam
661 5142 987 5200 confusione
1024 5145 1219 5219 dignos
1255 5161 1315 5201 se
1352 5148 1724 5214 ostendentes,
1771 5166 1910 5219 quo-

333 5233 481 5286 niam
513 5247 544 5286 a
568 5231 678 5286 Deo
701 5240 980 5286 tantorum
1007 5233 1117 5288 illis
1142 5234 1412 5290 bonorum
1444 5246 1671 5295 auctore
1687 5240 1755 5294 ad
1783 5238 1906 5294 ido-

333 5325 444 5378 lum
503 5323 940 5392 transfugerunt,
981 5342 1010 5379 a
1049 5342 1161 5396 quo
1203 5329 1340 5383 nihil
1385 5331 1512 5386 boni
1553 5340 1902 5402 acceperant.

333 5415 513 5480 Quare
545 5423 598 5470 et
627 5415 1017 5474 abominabiles
1046 5417 1194 5486 facti,
1245 5423 1349 5478 sub
1390 5424 1630 5479 hostium
1673 5439 1902 5480 suorum

327 5511 519 5577 jugum
561 5507 715 5562 missi
765 5515 913 5563 sunt.
959 5509 1250 5583 Postquam
1298 5515 1413 5571 haec
1455 5516 1523 5571 de
1572 5514 1682 5571 illis
1743 5515 1901 5584 dixit,

333 5597 483 5652 addit
516 5616 527 5652 :

2017 3701 2106 3747 τες
2131 3682 2314 3750 ἔλεγον
2333 3698 2345 3711 ·
2380 3701 2397 3733 ι
2426 3675 2581 3734 Οὗτοι
2609 3681 2659 3732 οἰ
2713 3674 2824 3729 θεοί
2875 3695 2966 3731 σου
2991 3720 3004 3744 ,
3053 3676 3287 3747 Ἰσραὴλ,
3317 3675 3366 3726 οἳ
3395 3674 3594 3745 ἐξήγα-

2017 3775 2114 3844 γόν
2144 3792 2202 3828 σε
2225 3776 2288 3826 ἐκ
2311 3773 2414 3843 γῆς
2445 3769 2749 3840 Αἰγύπτου·
2780 3788 2798 3820 ι
2834 3788 2851 3818 ς
2880 3766 3093 3840 ἡμέρας
3108 3764 3216 3835 γὰρ
3231 3761 3327 3818 τοῦ
3349 3763 3536 3834 βουνοῦ
3565 3781 3587 3815 ι

2016 3867 2107 3921 τὸν
2159 3865 2346 3937 καιρὸν
2381 3865 2587 3917 ἐκεῖνον
2629 3858 2801 3912 καλεῖ.
2859 3855 3190 3918 Ἀκολούθως
3225 3850 3316 3909 οὖν
3361 3854 3592 3918 ἐκείνοις

2014 3957 2364 4027 διεφθάρητε,
2399 3954 2520 4007 ἀντὶ
2565 3951 2677 4016 τοῦ,
2711 3950 2822 4022 Τὴν
2870 3948 3035 4019 αὐτὴν
3069 3949 3297 4011 ἐκείνοις
3335 3946 3591 4012 ἐδέξασθε

2015 4051 2186 4104 νόσον.
2227 4067 2244 4100 ι
2281 4045 2667 4117 Μνησθήσεται
2687 4042 2795 4096 τῶν
2820 4041 3042 4096 ἀδικιῶν
3072 4041 3272 4101 αὐτῶν,
3309 4040 3590 4110 ἐκδικήσει

2013 4139 2286 4210 ἁμαρτίας
2319 4137 2520 4190 αὐτῶν.
2570 4154 2588 4187 ι
2645 4132 2980 4196 Ἀκολούθως
3007 4132 3185 4186 τοίνυν
3227 4132 3448 4201 μνήμην
3480 4128 3588 4184 τῶν

2014 4230 2275 4286 ἀσεϐειῶν
2305 4228 2458 4300 ὑμῶν
2512 4227 2912 4298 ποιησάμενος,
2971 4223 3201 4296 λήψεται
3247 4223 3404 4286 δίκας
3457 4223 3587 4293 παρ’

2013 4323 2167 4395 ὑμῶν
2210 4321 2505 4390 ἀναλόγους
2548 4315 2629 4382 οἷς
2677 4318 3040 4389 ἡμαρτήκατε
3088 4318 3168 4379 εἰς
3211 4314 3390 4368 αὐτόν.
3432 4331 3451 4363 ί
3502 4313 3589 4376 Ὠς

2013 4413 2288 4484 σταφυλὴν
2335 4415 2393 4466 ἐν
2433 4412 2627 4481 ἐρήμῳ
2666 4405 2823 4480 εὗρον
2862 4409 2952 4461 τὸν
2998 4405 3236 4476 Ἰσραὴλ,
3268 4405 3363 4458 καὶ
3387 4404 3461 4467 ὡς
3489 4402 3587 4457 σῦ-

2013 4525 2107 4561 κον
2125 4506 2198 4578 (9)
2219 4508 2276 4560 ἐν
2295 4507 2433 4575 συκῇ
2451 4502 2702 4574 πρώῖμον
2730 4497 2868 4554 εἶδον
2895 4499 3138 4570 πατέρας
3167 4497 3364 4551 αὐτῶν.
3391 4515 3408 4548 ι
3445 4493 3586 4562 Ἐγὼ

2015 4600 2113 4669 μὲν
2157 4593 2248 4652 οῦν
2296 4595 2565 4664 τοσαύτην
2617 4590 2979 4660 ἐπεδειξάμην
3015 4589 3142 4660 περὶ
3176 4590 3302 4651 τοὺς
3341 4587 3586 4656 πατέρας

2011 4691 2192 4745 αὐτῶν
2212 4689 2473 4750 διάθεσιν,
2519 4685 2636 4756 μεθ’
2665 4685 2796 4753 ὅσης
2833 4682 2897 4734 ἀν
2929 4682 2962 4751 ἢ
2999 4685 3055 4734 ἐν
3087 4681 3277 4751 ἐρήμῳ
3312 4676 3592 4747 σταφυλὴν

2013 4785 2110 4838 ῐδοι
2144 4799 2227 4844 τις
2263 4778 2413 4850 παρά
2433 4779 2618 4830 πᾶσαν
2654 4773 2828 4844 εὑρὼν
2856 4772 3064 4834 ἐλπίδα,
3096 4772 3128 4841 ἢ
3164 4770 3324 4822 σῦκον
3360 4770 3450 4820 ἐπὶ
3491 4767 3583 4820 τοῦ

2010 4875 2227 4946 δένδρου
2263 4871 2367 4942 πρὸ
2393 4867 2488 4923 τοῦ
2528 4866 2776 4928 εἰωθότος
2819 4864 2984 4934 φανὲν
3016 4861 3230 4933 καιροῦ.
3287 4881 3304 4913 ‹
3337 4860 3500 4914 Αὐτοὶ
3529 4859 3585 4911 δὲ

2009 4969 2259 5040 εἰσῆλθον
2287 4966 2422 5038 πρὸς
2453 4960 2790 5032 Βεελφεγὼρ,
2827 4962 2919 5014 καὶ
2955 4956 3472 5027 ἀπηλλοτριώθησαν
3506 4955 3584 5016 εἰς

2007 5063 2298 5133 αἰσχύνην,
2349 5058 2442 5111 καὶ
2491 5056 2735 5123 ἐγένοντο
2783 5053 2857 5116 ὡς
2907 5055 2953 5104 οἱ
3003 5049 3403 5120 ἐΰδελυγμένοι.
3443 5066 3461 5098 ι
3521 5047 3584 5098 Οί

2009 5152 2145 5224 πρὸς
2173 5149 2270 5220 τὴν
2292 5147 2384 5200 τοῦ
2407 5145 2627 5199 εἰδώλου
2669 5142 3034 5214 προσκύνησιν
3067 5138 3390 5210 νεύσαντες(
3410 5155 3458 5206 p.
3491 5135 3592 5205 69)

2007 5244 2105 5315 τὴν
2145 5241 2494 5311 ἀλλοτρίωσιν
2528 5239 2730 5292 εἴλοντο
2761 5236 2856 5308 τὴν
2886 5235 2980 5288 ἀπ’
3011 5232 3167 5305 ἐμοῦ,
3200 5231 3356 5285 ούθέν
3401 5231 3584 5301 ἕτερον

2012 5336 2046 5407 ἢ
2093 5335 2355 5404 αἰσχύνης
2401 5332 2627 5394 ἑαυτοὺς
2676 5329 2854 5400 πάσης
2895 5325 3202 5388 δεικνύντες
3236 5323 3455 5389 ἀξίους,
3505 5323 3582 5375 ὅτι

2011 5427 2120 5482 ἀπὸ
2161 5426 2295 5480 Θεοῦ
2325 5425 2418 5478 τοῦ
2453 5423 2720 5477 τοσούτων
2751 5421 2935 5482 αὐτοῖς
2966 5417 3189 5488 ἀγαθῶν
3219 5415 3392 5468 αἰτίου
3423 5429 3584 5480 γεγο-

2011 5518 2180 5583 νότος,
2211 5517 2304 5571 ἐπὶ
2337 5514 2552 5572 εἴδωλον
2588 5513 2958 5584 μετέστησαν,
2989 5503 3049 5562 οῦ
3093 5507 3257 5580 μηδὲν
3289 5506 3585 5575 εἰλήφεσαν

2011 5608 2233 5678 ἀγαθόν’
2275 5606 2396 5660 ὅθεν
2441 5605 2498 5659 δὲ
2527 5604 2620 5660 καὶ
2661 5601 2937 5673 βδελυκτοὶ
2971 5599 3292 5670 γεγόνασιν,
3325 5593 3430 5650 ὑπὸ
3471 5588 3586 5652 τοῖς

331 5691 544 5764 ἐχθροῖς
573 5694 921 5758 πεπτωκότες
957 5701 1068 5762 τοῖς
1096 5699 1336 5763 οἰκείοις.
1375 5699 1557 5754 Ταῦτα
1600 5715 1664 5753 πε
1677 5699 1729 5767 pi.
1758 5702 1980 5759 ἐκείνων
2007 5703 2198 5771 εἰπὼν,
2233 5703 2428 5770 ἐπάγει
2449 5719 2469 5732 ”

405 5827 452 5858 ’⁸
493 5825 663 5882 Exod.
697 5845 868 5894 χχιιι,
900 5833 950 5886 ὧι.

404 5937 482 6010 (9)
517 5937 649 6018 Cod.
691 5941 908 5997 σκοπόν.
