4102 6532
391 407 492 466 {Si

457 522 624 595 Στίχ.
647 524 832 579 ια’-ιδ’.
854 555 925 564 -
947 542 967 576 ι
1011 524 1255 597 Ἐφραῒμ
1275 523 1353 587 ώς
1390 524 1576 594 ὄρνεον
1598 522 1956 593 ἐξεπετάσοη.
1988 543 2003 571 ι
2044 531 2081 582 Α

382 618 742 691 Βουλόμενος
761 620 944 672 ἐκεῖνο
965 618 1166 691 στῆσαι
1208 616 1292 684 τὸ,
1320 634 1340 668 ι
1386 616 1736 687 Ἐφθάρησαν
1759 615 1903 669 κατά
1917 615 1984 667 τὰ
1998 633 2015 676 ;

380 713 621 785 ἡμέρας
654 712 755 768 τοῦ
791 712 1012 783 βουνοῦ.
1051 731 1070 765 ι
1108 710 1446 775 ’Δκολούθως
1470 711 1580 782 γὰρ
1601 709 1886 782 δὴ,ιρησὶν,
1918 709 2016 762 καὶ

380 800 541 859 οὗτοι
570 808 692 870 τοῖς
720 804 969 877 πατράσι
993 806 1109 869 τοῖς
1132 803 1345 858 ἐαυτῶν
1384 800 1524 873 μετά
1552 800 1826 871 τοσαύτην
1854 799 2015 869 κηδε-

385 897 595 967 μονίαν
617 891 691 970 ἧς
724 896 917 968 ἔτυχον
943 896 1076 967 παρ’
1099 894 1259 967 ἐμοῦ,
1284 894 1474 966 ὀρνέου
1502 880 1669 964 δίκην
1688 892 2013 962 ἀπέπτησαν

382 990 491 1059 τῆς
542 986 804 1060 γνώμης.
841 1008 860 1041 ι
901 988 969 1041 Αἱ
997 987 1148 1055 δόξαι
1176 985 1360 1039 αὐτῶν
1397 986 1461 1038 ἐκ
1487 983 1730 1037 τοκετῶν
1764 983 1861 1037 καὶ
1889 983 2011 1036 ὠδί-

382 1098 500 1132 νων
560 1080 664 1134 καὶ
718 1078 1060 1150 συλλήψεων.
1122 1096 1141 1130 ι
1180 1073 1315 1131 Εἶτα
1371 1075 1598 1129 τοιαῦτα
1652 1072 2010 1137 ἀσεϐοῦντες,

387 1174 784 1244 μακαριστοὺς
825 1173 1058 1238 ἑαυτοὺς
1087 1171 1401 1245 νομίζουσιν
1443 1167 1583 1225 εἶναι
1613 1170 1708 1223 ἐπὶ
1742 1174 1809 1241 τῇ
1840 1169 2011 1223 πολυ-

384 1265 609 1337 πληθίᾳ
630 1282 645 1296 ο
671 1264 833 1319 τοῦτο
857 1264 967 1338 γὰρ
993 1265 1144 1335 λέγει
1166 1265 1248 1331 τὸ,
1278 1285 1296 1317 ι
1321 1266 1385 1317 ἐκ
1414 1264 1654 1318 τοκετῶν
1681 1263 1777 1317 καὶ
1805 1263 2013 1317 ὠδίνων

383 1357 488 1411 καὶ
508 1339 867 1429 συλλήψεων·
910 1377 929 1409 ι
957 1357 1148 1428 ἐπειδὴ
1176 1357 1248 1412 ἐκ.
1262 1355 1577 1426 συλλήψεως
1596 1353 1691 1408 καὶ
1708 1351 1898 1418 ὠδῖνος
1917 1354 2012 1406 καὶ

381 1447 626 1504 τοκετοῦ
650 1449 873 1522 πρόεισι
894 1450 955 1503 τὸ
976 1450 1319 1522 τικτόμενον.
1357 1467 1375 1500 ι
1406 1448 1549 1501 Διότι
1571 1447 1665 1501 καὶ
1688 1445 1785 1500 ἐὰν
1820 1444 2013 1518 ἐκθρέ·

377 1543 538 1611 ᾁωσι
556 1541 629 1596 τὰ
645 1543 819 1596 τέκνα
836 1540 1047 1613 αὐτῶν,
1067 1541 1544 1612 ἀτεκνωοήσονται
1558 1539 1615 1607 ἐξ
1633 1538 1961 1611 ἀνθρώπων.
1987 1555 2005 1588 ι

378 1636 463 1687 υύ
520 1633 981 1707 συλλογιζόμενοι
1024 1635 1103 1688 ὅτι
1147 1633 1250 1688 κᾶν
1280 1635 1361 1699 είς
1397 1634 1575 1706 ἄκραν
1616 1633 1900 1703 ἀφίκοιντο
1941 1633 2011 1686 τά

378 1729 697 1800 τικτόμενα
745 1728 1051 1793 τελείωσιν,
1104 1726 1255 1781 οὐδὲν
1303 1726 1580 1790 αύτοῖςοὲκ
1610 1722 1811 1780 ’τούτου
1850 1725 2010 1796 γενή-

381 1839 547 1875 σεται
581 1821 747 1875 πλέον
769 1838 785 1853 ο
822 1819 1289 1894 περιαχθήσονται
1323 1818 1435 1892 γὰρ
1465 1821 1586 1884 ταῖς
1635 1818 1731 1872 τοῦ
1767 1817 2008 1889 πολέμου

381 1915 638 1982 σφαγαῖς
669 1912 752 1977 είς
778 1911 1059 1966 ἀτεκνίαν.
1099 1928 1117 1962 ι
1157 1910 1302 1963 Διότι
1334 1910 1428 1964 καὶ
1454 1908 1580 1963 οὐαὶ
1616 1909 1803 1973 αὐτοῖς
1825 1949 1839 1971 ,
1871 1908 2006 1963 διότι

378 2006 585 2077 ἀφῆκα
612 2004 837 2069 αὐτούς.
880 2023 900 2057 ι
957 2003 1126 2075 Ἐμοῢ
1156 2005 1267 2076 γὰρ
1310 2006 1411 2076 τῆς
1442 2003 1767 2073 κηδεμονίας
1808 2001 2005 2066 αύτοὶις

380 2098 734 2170 χωρίσαντος
785 2098 885 2169 τῆς
935 2097 1114 2168 ὲμῆς,
1171 2095 1393 2168 ὄλεθρος
1445 2096 1644 2159 αὐτοὺς
1700 2094 1853 2166 μένει
1909 2095 2006 2148 καὶ

377 2187 662 2243 ἀπώλεια.
722 2209 741 2241 ι
784 2187 933 2259 Σάρξ
974 2205 1075 2260 μου
1129 2186 1190 2253 ἐξ
1236 2185 1439 2242 αὐτῶν.
1481 2206 1499 2239 ι
1537 2189 1628 2261 (p.
1671 2186 1778 2258 70)
1810 2187 2004 2242 Καίτοι

380 2302 446 2350 γε
475 2282 722 2356 τοσαύτη
762 2283 854 2355 μοί
881 2299 968 2346 τις
996 2276 1066 2355 ἦν
1099 2281 1133 2351 ἡ
1164 2280 1350 2353 σχέσις
1384 2280 1513 2352 περὶ
1541 2280 1742 2345 αὐτοὺς
1774 2280 1837 2334 τὸ
1870 2281 2005 2352 πρό-

377 2394 547 2447 ⁴τ;ρον
571 2415 586 2440 ,
624 2374 770 2430 ὥστε
805 2373 1052 2448 νομίζειν
1100 2372 1159 2442 ἐξ
1193 2373 1375 2429 αὐτῶν
1405 2368 1546 2429 εἷναί
1584 2390 1651 2447 με
1675 2390 1689 2406 ο
1744 2371 2005 2443 τοιαύτην

378 2488 442 2524 τ;
475 2471 610 2543 περὶ
662 2470 866 2536 αὐτοὺς
904 2470 1055 2542 ἔχειν
1088 2473 1185 2543 τὴν
1224 2471 1476 2542 γνώμην,
1522 2471 1642 2525 οἵαν
1680 2470 1829 2534 εἰκὸς
1855 2469 2002 2542 ἔχειν

378 2561 514 2625 τοὺς
571 2560 639 2617 ἐκ
689 2579 857 2617 τινων
912 2561 1287 2636 ὑπειληφότας
1338 2557 1500 2618 εἶναι.
1561 2582 1580 2616 ι
1644 2560 1886 2635 Ἐφραῒμ
1942 2562 2002 2617 ὃν

380 2654 591 2724 τρόπον
618 2651 764 2711 εἶδον
789 2655 870 2719 εἰς
896 2655 1071 2729 θήραν
1100 2656 1353 2730 παρέστη
1375 2655 1446 2710 τὰ
1478 2655 1647 2710 τέκνα
1678 2655 1845 2709 αὐτοῦ
1871 2673 1883 2687 ·
1907 2657 2003 2710 καὶ

395 2745 646 2818 Ἐςρραῖμ
701 2745 799 2801 τοῦ
856 2747 1149 2818 ἐξαγαγεῖν
1182 2750 1262 2814 είς
1301 2748 1671 2821 ἀποκέντησιν
1716 2746 1787 2801 τὰ
1832 2748 2002 2804 τέκνα

379 2831 575 2886 αὑτοῦ.
612 2852 632 2885 ι
687 2833 851 2888 Ἀλλά
896 2835 1157 2907 τοιαύτην
1215 2834 1432 2906 ἔχοντός
1484 2851 1586 2905 μου
1622 2834 1752 2905 περ)⁵
1799 2833 2002 2898 αὐτοὺς

383 2923 661 2996 πρότερον
707 2924 809 2998 τὴν
851 2925 1072 2998 σχέσιν,
1119 2926 1311 2998 ἐπειδὴ
1344 2926 1577 2999 πρὸς-τὸ
1615 2929 1800 2999 χεῖρον
1833 2926 1994 2997 ἐτρά-

381 3031 570 3083 ιῖησαν
641 3014 960 3082 παντελῶς,
1024 3017 1288 3071 τάναντία
1359 3019 1546 3082 αὐτοῖς
1586 3018 1697 3071 τῶν
1758 3017 1998 3091 πρόσθεν

382 3105 775 3178 συμϐήσεται,
812 3109 906 3162 καὶ
953 3108 1145 3181 ὥσπερ
1199 3110 1345 3182 Θήρα
1397 3114 1518 3176 ταῖς
1556 3110 1665 3164 τῶν
1717 3111 1996 3180 πολεμίων

378 3199 542 3272 χερσὶ
576 3200 1094 3274 παραδοθήσονται*
1126 3203 1217 3274 ὑφ’
1246 3197 1322 3258 ὧν
1352 3203 1708 3276 κεντούμενοί
1740 3222 1801 3258 τε
1836 3205 1989 3258 ἀναι-

377 3290 719 3363 ρεθήσονται
749 3293 845 3346 καὶ
871 3295 1305 3367 τιτρωσκόμενοι
1337 3295 1555 3361 πάντες.
1596 3316 1615 3348 ι
1661 3296 1759 3361 Δὸς
1792 3297 1998 3361 αὐτοῖς,

376 3385 560 3457 Κύριε
577 3404 590 3416 ·
613 3387 667 3440 τί
686 3385 881 3452 δώσεις
907 3389 1093 3454 αὐτοῖς
1114 3406 1128 3455 ;
1160 3390 1251 3454 δὸς
1274 3392 1463 3455 αὐτοῖς
1484 3392 1700 3463 μήτραν
1731 3389 1999 3445 ἀτεκνοῦ-

378 3495 479 3532 εχν
506 3480 606 3534 καὶ
638 3484 885 3551 μαστοὺς
932 3481 1153 3556 ξηρούς.
1200 3503 1218 3536 ι
1259 3484 1486 3539 Δικαίαν
1553 3485 1612 3540 δὲ
1659 3485 1754 3539 καὶ
1785 3485 1994 3558 ἁρμότ-

372 3590 581 3626 τουσαν
606 3573 817 3644 ταύτην
851 3575 1192 3648 ὑπομένουσι
1225 3578 1501 3650 τιμωρίαν
1522 3619 1538 3644 ,
1567 3577 1630 3631 τὸ
1662 3578 1897 3650 ἀτεκνίᾳ
1932 3594 1994 3632 τε

1469 406 2019 467 COMMENTMHUS
2059 406 2124 461 IN
2168 406 2369 463 OSEJ".
2413 407 2564 461 CAP.
2607 405 2690 460 IX.

3632 405 3736 463 182

2190 518 2358 576 Vens.
2410 519 2600 574 H-H.
2642 549 2711 559 —-
2751 539 2769 571 ‹
2808 517 3146 590 Ephraimus
3189 519 3351 592 quasi
3398 518 3517 576 avis
3547 518 3731 575 avola-

2124 613 2213 665 γίι.
2255 630 2275 663 ι
2304 609 2432 666 Vult
2462 611 2724 666 nimirum
2750 610 3040 668 ostendere
3060 612 3193 669 illud
3218 633 3230 669 :
3265 632 3283 666 ι
3314 612 3573 684 Corrupti
3595 622 3729 670 sunt

2122 703 2266 757 sicut
2299 703 2353 757 in
2387 702 2583 759 diebus
2625 700 2805 758 collis.
2852 720 2870 754 ι
2901 700 2993 757 Isti
3035 704 3181 759 enim
3232 719 3389 774 atque
3436 718 3501 760 ac
3542 712 3737 775 patres-

2118 811 2311 851 corum
2344 804 2467 867 post
2504 803 2716 849 tantam
2741 809 2919 849 meam
2950 797 3378 866 providentiam,
3405 797 3522 852 avis
3550 797 3728 852 instar

2120 904 2147 941 ιι
2180 890 2456 945 sententia
2488 887 2711 959 prppria
2752 887 3065 941 avolarunt.
3106 907 3123 940 ι
3166 888 3367 944 Gloriae
3414 889 3663 960 ipsorum
3697 903 3727 941 a

2119 980 2412 1051 partubus,
2473 980 2545 1035 ab
2598 979 2796 1045 uteris,
2844 986 2900 1035 et
2949 993 2979 1033 a
3026 981 3408 1051 concrptibus.
3447 1000 3465 1032 ι
3522 979 3729 1036 Deinde

2117 1089 2242 1129 cum
2298 1081 2456 1128 tanta
2510 1073 2886 1144 peccaverint,
2935 1073 3126 1129 beatos
3178 1090 3236 1130 se
3285 1075 3609 1131 existimant
3657 1075 3727 1128 ob

2119 1166 2302 1238 populi
2337 1166 2749 1221 multitudinem
2778 1186 2791 1220 :
2828 1165 2883 1220 id
2908 1167 3057 1223 enim
3083 1167 3381 1224 denotatur
3407 1183 3505 1239 per
3531 1168 3725 1233 verba;

2123 1278 2140 1311 ι
2165 1255 2458 1328 partubus,
2483 1257 2677 1326 uteris,
2701 1260 3065 1332 conceptibus
3083 1276 3113 1330 ς·
3131 1278 3151 1312 ι
3173 1254 3624 1332 quandoquidem
3659 1273 3729 1313 ex

2116 1356 2407 1421 conceptu,
2451 1349 2591 1421 uteri
2631 1352 2964 1419 gestatione,
3011 1357 3286 1420 partuque
3330 1364 3420 1405 res
3457 1357 3585 1404 nata
3629 1365 3729 1404 cx-

2116 1442 2280 1497 s?stit.
2325 1459 2344 1493 ι
2383 1440 2700 1511 Propterea,
2734 1441 3114 1511 quamtumvis
3147 1441 3290 1497 ﬁlios
3326 1456 3459 1497 suos
3481 1445 3727 1498 enutrie-

2116 1534 2249 1599 rint,
2307 1534 2516 1605 absque
2565 1533 2759 1589 liberis
2810 1533 2945 1588 fient
2994 1534 3142 1591 inter
3195 1534 3471 1590 homines.
3536 1553 3554 1587 ι
3604 1533 3724 1589 Non

2114 1625 2506 1692 considerant,
2556 1627 2707 1698 quod
2768 1626 2989 1683 etiamsi
3054 1626 3120 1681 ad
3174 1626 3475 1697 perfectum
3517 1635 3724 1683 statum

2115 1720 2227 1774 nati
2260 1720 2359 1774 ﬁlii
2396 1721 2772 1791 pervenerint,
2826 1720 2964 1775 nihil
3012 1719 3141 1776 inde
3182 1720 3587 1776 lucrabunlur:
3643 1731 3725 1776 ct—

2112 1809 2264 1863 enim‘
2296 1808 2423 1864 belli
2460 1810 2706 1865 caedibus
2740 1810 2807 1865 ad
2833 1810 3130 1867 orbitatem
3166 1812 3506 1884 redigentur.
3532 1813 3570 1865 ἰ
3612 1812 3721 1868 Sed

2044 1896 2085 1956 Β
2115 1911 2170 1957 et
2200 1919 2280 1958 va:
2312 1903 2417 1971 eis,
2449 1905 2712 1975 quoniam
2744 1918 2842 1960 eos
2873 1904 3172 1977 dereliquit
3210 1925 3231 1959 ι
3270 1905 3355 1962 Me
3384 1907 3509 1962 illos
3538 1915 3724 1978 patro-

2109 1997 2258 2052 cinio
2317 1982 2461 2055 meo
2495 1998 2793 2069 spoliante,
2844 1998 3075 2054 exitium
3123 2000 3276 2070 ipsos
3318 2010 3506 2055 manet
3557 2007 3724 2070 atque

2109 2093 2370 2164 perditio.
2411 2113 2428 2146 ι
2467 2092 2614 2150 Caro
2664 2108 2783 2149 mea
2813 2108 2879 2150 ex
2934 2094 3035 2150 eis.
3080 2113 3098 2147 ι
3146 2094 3402 2148 Attamen
3447 2109 3550 2166 ego
3589 2095 3721 2148 olim

2107 2197 2261 2243 tanto
2294 2203 2393 2245 eos
2424 2186 2623 2262 aﬂectu
2658 2188 2980 2260 diligebam,
3007 2196 3067 2244 ut
3097 2205 3183 2244 me
3206 2190 3367 2260 quasi
3389 2187 3723 2259 consangui-

2108 2298 2271 2338 neum
2296 2283 2548 2354 ipsorum
2581 2284 2961 2341 existimarem
2995 2303 3007 2340 :
3038 2284 3245 2356 talique
3268 2299 3398 2356 erga
3421 2299 3517 2340 eos
3534 2287 3725 2340 animo

2113 2393 2319 2445 essem,
2348 2379 2543 2449 quales
2573 2393 2670 2436 eos
2700 2394 2825 2436 esse
2852 2387 3071 2451 oportet
3100 2377 3195 2451 qui
3228 2379 3297 2434 ab
3335 2379 3524 2450 aliquo
3556 2384 3722 2434 natu-

2107 2483 2224 2522 ram
2276 2485 2433 2537 suam
2456 2478 2809 2543 acceperunt.
2836 2490 2855 2523 ι
2881 2470 3233 2543 Ephraimus,
3253 2470 3719 2543 quemadmodum

2113 2558 2246 2624 vidi,
2409 2560 2465 2615 in
2486 2560 2728 2631 praedam
2764 2560 2965 2616 obtulit
2998 2560 3143 2618 ﬁlios
3177 2577 3331 2618 suos.
3366 2561 3717 2633 Ephraimus,

2108 2652 2360 2722 inquam,
2397 2653 2591 2710 eduxit
2620 2653 2688 2708 ad
2718 2653 3162 2711 interfectionem
3185 2655 3327 2712 ﬁlios
3352 2671 3507 2713 suos.
3531 2674 3549 2708 ι
3571 2653 3724 2709 Nihi-

2106 2745 2372 2810 lominus,
2428 2746 2652 2802 etiamsi
2685 2755 2795 2801 tam
2838 2746 2979 2803 bene
3009 2762 3139 2818 erga
3168 2763 3265 2804 eos
3297 2747 3529 2804 affectus
3554 2754 3716 2801 antea

2105 2835 2341 2905 fuerim;
2369 2838 2497 2910 quia
2528 2854 2655 2893 mox
2693 2838 2761 2895 ad
2794 2839 3099 2911 nequitiam
3134 2840 3510 2895 omnimodam
3545 2839 3716 2896 decli-

2104 2938 2403 2999 naverunt,
2435 2930 2715 2987 contraria
2738 2931 3021 3001 prioribus
3043 2933 3400 3005 experientur
3417 2975 3431 2998 ,
3460 2948 3525 2989 ac
3552 2933 3721 2989 veluti

2104 3023 2289 3096 prmda
2332 3023 2572 3080 hostium
2611 3024 2868 3080 manibus
2891 3023 3202 3088 tradentur,
3239 3042 3268 3079 a
3296 3024 3501 3097 quibus
3524 3041 3719 3083 omnes

2101 3114 2423 3171 vulneribus
2459 3113 2704 3172 confossi
2761 3116 3082 3172 interibunt.
3123 3136 3143 3170 ι
3190 3117 3265 3172 Da
3316 3117 3418 3185 eis,
3457 3117 3706 3174 Domine.

2105 3208 2246 3275 Quid
2282 3209 2364 3266 eis
2398 3208 2588 3265 dabis?
2608 3208 2681 3264 Da
2708 3209 2789 3265 eis
2823 3210 3040 3266 vulvam
3073 3211 3193 3266 sine
3220 3212 3437 3277 liberis,
3457 3218 3514 3267 et
3537 3212 3710 3267 ubera

2105 3302 2336 3356 arentia.
2371 3320 2389 3354 ι
2413 3300 2628 3359 Justam
2659 3303 3196 3374 convenientemque
3215 3303 3496 3375 perferent
3520 3305 3719 3376 hujus—

2103 3394 2263 3449 modi
2284 3408 2526 3464 pinnam,
2548 3408 2744 3466 nempe
2767 3401 2827 3449 ut
2858 3395 3150 3452 sterilitate
3176 3397 3498 3464 multentur,
3524 3414 3627 3453 nec
3652 3398 3723 3452 li-

2097 3487 2262 3542 beros
2294 3486 2542 3542 enutrirc
2577 3494 2815 3558 queant;
2866 3486 3079 3555 donec,
3103 3490 3243 3546 tales
3278 3506 3404 3547 eum
3459 3491 3592 3556 sint,
3626 3506 3721 3562 ge-

2100 3582 2273 3635 nerali
2315 3581 2544 3637 interitu
2581 3589 2829 3652 pereant.

371 3668 581 3734 αὐτοὺς
610 3670 1034 3744 περιϐληθῆναι,
1066 3679 1159 3733 καὶ
1211 3675 1280 3729 ri
1305 3675 1601 3748 τικτόμενα
1655 3676 1944 3748 ἐκτρέφειν
1993 3675 2069 3747 μὴ
2102 3676 2361 3732 δύνασθαι
2381 3692 2397 3706 ⁸
2439 3677 2532 3741 ὡςκ
2554 3677 2622 3732 ἂν
2650 3679 2931 3743 τοιούτους
2962 3678 3125 3741 ὄντας
3154 3678 3428 3745 παντελὴς
3472 3675 3724 3736 ἀπώλεια

370 3758 553 3816 λάϐοι.

449 3854 606 3926 Στίχ.
640 3854 825 3921 ιε’-ιζ’.
856 3888 925 3896 -
957 3853 1073 3912 Εἶθ’
1105 3858 1181 3923 ὡς
1209 3859 1274 3915 ἂν
1305 3859 1373 3914 τά
1410 3856 1562 3932 παρά
1594 3861 1689 3913 τοῦ
1723 3858 1863 3914 Θεοῦ
1894 3860 1996 3913 αὐ-

372 3966 401 4000 τ
422 3952 488 4012 .ἴς
524 3949 961 4023 ἐπαχθησὸμενα
988 3951 1215 4017 δικαίως
1242 3954 1433 4019 εἰπὼν,
1467 3956 1666 4025 ἐπάγει
1702 3954 1890 4009 λοιπὸν
1924 3956 1996 4009 τά

373 4041 528 4111 {Et}:
566 4058 586 4092 ι
636 4043 820 4097 Πᾶσαι
863 4044 919 4097 αἱ
970 4045 1163 4100 κακίαι
1205 4046 1387 4100 αὐτῶν
1434 4049 1491 4102 ἐν
1538 4047 1869 4117 Γαλγάλοιςο
1913 4047 1996 4103 ὅτι

373 4133 499 4184 ἐκεῖ
538 4132 744 4198 αὐτοὺς
779 4134 1024 4206 ἐμίσησα
1056 4135 1145 4190 διὰ
1190 4136 1289 4202 τὰς
1320 4137 1523 4201 κακίας
1557 4136 1670 4192 τῶν
1704 4136 1995 4208 ἐπιτηδευ-

376 4227 593 4296 μὲτων.
646 4245 666 4277 ι
733 4226 934 4281 Λύτόθι
994 4229 1104 4283 πᾶν
1162 4222 1305 4294 εἶδος
1363 4229 1623 4295 ἀσεϐείας
1685 4229 1993 4303 μετῄεσαν,

373 4318 524 4388 ὑπὲρ
572 4309 651 4371 ὧν
693 4317 752 4372 δὲ
802 4319 905 4381 ,καὶ
946 4320 1180 4391 ἐμίσουν
1231 4320 1464 4376 τοιαῦτα
1524 4322 1872 4395 πράττοντας
1913 4323 1995 4377 δι-

373 4408 576 4472 καῐως.
616 4427 635 4461 ι
686 4407 782 4463 Ἐκ
826 4408 922 4464 τοῦ
973 4410 1125 4466 οἴκου
1161 4430 1261 4484 μου
1313 4412 1533 4468 ἐκϐαλῶ
1562 4413 1784 4479 αὐτούς.
1828 4433 1845 4466 ι
1882 4414 1997 4486 Τῆς

372 4500 504 4571 γῆς,
541 4501 705 4572 φησὶ,
756 4502 856 4573 τῆς
897 4504 1237 4574 ἐπαγγελίας
1281 4504 1484 4569 αὐτοὺς
1547 4504 1803 4560 ἐκϐαλῶ·
1848 4502 1999 4561 οἷκον

374 4593 580 4649 ἑαυτοῦ
614 4593 798 4649 καλῶν
842 4596 951 4667 γῆν
993 4598 1177 4653 πᾶσαν
1201 4639 1216 4664 ,
1258 4596 1336 4662 ὡς
1367 4600 1425 4652 ἐν
1459 4597 1600 4672 αὐτῇ
1634 4599 1846 4669 διάγειν
1881 4598 2001 4652 ἐλό-

2172 3855 2345 3912 Vsus.
2389 3856 2573 3911 15-17.
2613 3884 2683 3897 -—
2718 3854 2851 3912 Dein
2884 3862 3177 3927 postquam
3215 3853 3367 3924 juste
3408 3868 3440 3909 a
3482 3853 3592 3913 Deo
3628 3857 3720 3913 in-

2100 3947 2337 4019 ﬂigenda
2410 3949 2548 4021 ipsis
2622 3951 2771 4006 mala
2827 3949 3044 4016 edixit,
3114 3947 3406 4016 subjungit
3480 3949 3717 4020 reliqua.

2107 4062 2126 4096 ι
2165 4040 2375 4101 Omnes
2409 4044 2672 4116 nequitiae
2705 4058 2902 4101 eorum
2928 4043 2986 4099 in
3015 4040 3284 4113 Galgalis,
3319 4039 3448 4111 quia
3486 4041 3560 4097 ibi
3587 4057 3723 4098 exe-

2102 4152 2197 4194 sos
2230 4137 2400 4193 habui
2448 4152 2546 4194 eos
2598 4145 2827 4210 propter
2868 4136 3139 4193 malitiam
3176 4134 3656 4193 adinremionum.
3694 4155 3713 4187 ι

2106 4230 2186 4286 lbi
2212 4244 2381 4286 omne
2414 4246 2590 4301 genus
2623 4229 2931 4301 impietatis
2957 4228 3152 4286 sectati
3181 4234 3335 4292 sunt,
3363 4226 3599 4299 ideoque
3621 4242 3718 4283 eos

2103 4325 2179 4379 ita
2227 4337 2299 4380 se
2335 4332 2591 4394 gerentes
2637 4323 2839 4379 merito
2888 4320 3003 4377 odi.
3051 4337 3072 4373 ι
3124 4316 3203 4376 De
3242 4318 3408 4374 domo
3451 4333 3571 4374 mea
3614 4318 3716 4390 eji-

2101 4417 2245 4469 ciam
2297 4427 2417 4470 eos.
2486 4432 2506 4466 ι
2540 4412 2644 4470 De
2690 4422 2870 4479 terra,
2908 4410 3128 4483 inquit,
3182 4410 3570 4482 promissionis
3622 4424 3718 4467 eos

2116 4488 2424 4578 expellam;
2459 4506 2687 4561 domum
2740 4518 2901 4561 suam
2949 4505 3235 4576 appellans
3270 4505 3586 4561 universam
3628 4519 3717 4559 re-

2105 4602 2349 4671 gionem,
2380 4598 2510 4670 quia
2542 4598 2617 4653 ibi
2654 4596 2903 4652 habitare
2936 4594 3280 4651 decreverat.
3317 4613 3336 4646 ι
3375 4593 3530 4649 Haud
3570 4593 3714 4648 ultra

375 4702 567 4755 μενος.
610 4688 687 4757 (p.
733 4684 836 4758 71)
896 4707 913 4740 ι
952 4687 1155 4742 Οὐκέτι
1193 4687 1270 4760 μὴ
1323 4688 1551 4762 προσθῶ
1586 4690 1681 4743 τοῦ
1712 4690 2001 4762 ἀγαπῆσαι

2111 4692 2307 4749 addam
2342 4700 2402 4748 ut
2434 4691 2658 4764 diligam
2685 4704 2782 4747 eos
2810 4707 2824 4745 :
2857 4689 3045 4745 cuncti
3068 4687 3362 4760 principes
3390 4687 3715 4744 inobedien-

371 4778 622 4844 αὐτούς·
674 4780 878 4844 πάντες
913 4783 965 4835 οἱ
1011 4780 1276 4855 ἄρχοντες
1325 4782 1511 4837 αὐτῶν
1552 4783 1930 4849 ἀπειθοῦντες.
1975 4803 1994 4837 ι

372 4873 541 4928 Μένω
567 4873 623 4926 δὲ
656 4872 876 4946 βέϐαιον
907 4874 1047 4947 ἔχων
1084 4876 1215 4949 περὶ
1244 4877 1441 4942 αὐτοὺς
1483 4878 1544 4931 τὸ
1573 4879 1732 4949 μῖσος
1752 4918 1767 4943 ,
1806 4877 1998 4951 ἐπειδὴ

372 4969 587 5032 πλντες
637 4969 739 5040 μὲν
792 4969 1116 5025 νενεύκασιν
1146 4972 1229 5035 είς
1277 4971 1599 5026 ἀτιτείθειαν⁹
1653 4970 1999 5043 ήγοῢνταιδὲ

376 5061 629 5131 μάλιστα
657 5060 767 5115 τῶν
796 5061 987 5116 κακῶν
1034 5063 1084 5116 ot
1131 5063 1325 5136 ἄρχειν
1358 5064 1417 5118 ἐν
1460 5065 1646 5130 αὐτοῖς
1684 5064 1994 5131 δοκοῦντες.

378 5173 397 5204 ι
454 5150 752 5208 Ἐπόνεσεν
800 5153 1083 5228 Ἐφραῖμ,
1119 5154 1221 5220 τὰς
1266 5156 1424 5227 ῥίζας
1467 5154 1637 5211 αὑτοῦ
1683 5157 1997 5231 ἐξηράνθη⁸

370 5245 597 5314 καρπὸν
633 5245 817 5300 οὐκέτι
865 5247 927 5302 οὐ
979 5247 1056 5320 μὴ
1082 5247 1308 5322 ἐνέγκῃ.
1349 5268 1368 5300 ι
1414 5250 1512 5304 Ἐκ
1544 5252 1861 5324 μεταφορᾶς
1888 5251 2000 5306 τῶν

369 5338 619 5411 δένδρων
650 5335 805 5395 εἶπεν
834 5341 918 5395 ὅτι
944 5341 1119 5414 ἄρδην
1149 5341 1503 5406 ἀπολοῦνται,
1541 5344 1665 5398 καθ’
1698 5347 1996 5417 ὁμοιότητα

372 5431 609 5487 ἐκείνων
652 5432 689 5486 ἃ
720 5433 821 5505 τῆς
862 5433 1022 5507 ῥίζης
1062 5435 1465 5509 διαφθαρείσης
1494 5437 1817 5510 ξηραίνεται
1858 5456 1996 5492 παν-

371 5523 573 5588 τελῶς,
603 5526 819 5596 καρπὸν
840 5527 1027 5581 ούκέτι
1052 5527 1243 5601 φέρειν
1274 5524 1365 5583 οἷά
1385 5547 1446 5583 τε
1477 5528 1626 5583 ὅντα.
1661 5549 1681 5582 ι
1722 5529 1869 5585 Διότι
1896 5532 1994 5586 ἐὰν

373 5618 475 5670 καὶ
532 5618 921 5688 τεκνώσωσιν,
971 5620 1261 5679 ἀποκτενῶ
1323 5622 1393 5676 τὰ
1449 5621 1857 5696 ἐπιθυμήματα
1895 5624 1997 5696 τῆς

371 5709 592 5775 κοιλίας
614 5711 819 5768 αὐτῶν.
850 5731 869 5765 ι
919 5714 1163 5786 ’Λφανιῶ
1191 5716 1301 5789 γὰρ
1343 5715 1410 5787 δὴ
1439 5717 1534 5770 καὶ
1559 5717 1688 5781 τοὺς
1719 5716 1779 5784 ἐξ
1815 5719 1998 5773 αὑτων

375 5804 651 5870 ἅπαντας,
681 5807 867 5878 φησίν.
901 5829 918 5860 ι
966 5808 1277 5863 Ἀπώσεται
1299 5809 1501 5873 αὐτοὺς
1529 5810 1558 5862 ὁ
1586 5809 1719 5874 Θεὸς
1740 5852 1753 5875 ,
1783 5812 1865 5866 ὅτι
1898 5813 1998 5867 οὐκ

378 5899 717 5967 εἰσήκουσαν
771 5900 963 5965 αὐτοῦ,
1021 5902 1117 5956 καὶ
1176 5901 1394 5961 ἔσονται
1450 5902 1723 5976 πλανῆται
1761 5907 1834 5959 -ἐν
1882 5909 1997 5971 τοῖς

381 5987 616 6051 ἔθνεσιν.
655 6010 675 6046 ι
719 5992 1063 6068 Ἀλλοτρίονς
1080 5994 1191 6068 γὰρ
1214 5995 1425 6063 πάντας
1447 5996 1646 6064 αὐτοὺς
1670 5999 1769 6072 τῆς
1789 5999 1995 6066 οἰκείας

2100 4797 2208 4843 tes.
2246 4805 2264 4839 ι
2298 4786 2451 4841 νινοηι
2482 4783 2757 4841 adversus
2801 4796 2898 4841 eos
2934 4783 3208 4849 retinebo,
3240 4783 3375 4855 quia
3402 4781 3592 4838 cuncti
3645 4782 3713 4838 ad

2103 4879 2534 4937 iuobedientiam
2564 4877 2914 4935 deﬂexerunt
2940 4894 2954 4933 :
2982 4876 3163 4933 duces
3190 4890 3321 4932 vero
3352 4875 3418 4931 ad
3443 4875 3713 4930 malitiam

2100 4985 2254 5043 sunt,
2315 4973 2407 5044 qui
2464 4972 2842 5043 principatum
2901 4970 3045 5026 inter
3072 4984 3171 5026 eos
3212 4979 3401 5027 tenere
3431 4968 3709 5026 videntur.

2106 5088 2123 5121 ι
2158 5066 2343 5124 Doluit
2366 5064 2719 5136 Ephraimus,
2749 5063 2967 5120 radices
3006 5062 3130 5133 ejus
3165 5063 3465 5118 exsiccatae
3496 5067 3651 5116 sunt.
3685 5076 3708 5112 ι

2108 5159 2341 5232 Sumpta
2384 5158 2459 5214 ab
2502 5158 2800 5215 arboribus
2847 5158 3210 5228 metaphora,
3265 5155 3404 5210 dicit
3455 5152 3710 5214 funditus

2103 5252 2232 5309 illos
2264 5250 2565 5324 perituros,
2599 5248 3068 5320 quemadmodum
3100 5249 3205 5303 illae
3223 5254 3486 5318 corrupta
3520 5245 3711 5303 radice

2104 5360 2338 5417 prorsus
2386 5349 2744 5407 exarescent,
2779 5356 2959 5412 neque
2998 5339 3232 5394 ulterius
3275 5335 3518 5393 fructum
3560 5335 3711 5395 ferre

2098 5438 2303 5493 valent.
2333 5455 2354 5490 ι
2385 5433 2543 5502 Quod
2561 5442 2616 5489 et
2643 5436 2689 5490 si
2720 5431 3032 5505 genuerint,
3062 5429 3392 5485 interﬁciant
3421 5427 3710 5487 desidera-

2104 5535 2236 5589 bilia
2267 5534 2409 5591 uteri
2439 5548 2654 5590 eorum.
2692 5551 2711 5584 ι
2760 5531 3036 5596 Cunctos,
3079 5529 3281 5601 inquit,
3316 5544 3386 5586 ex
3425 5527 3511 5588 eis
3542 5537 3710 5588 natos

2102 5628 2355 5699 perdam.
2390 5646 2410 5680 ι
2446 5625 2685 5698 Abjiciet
2731 5639 2829 5682 eos
2869 5623 3036 5689 Deus,
3079 5622 3213 5694 quia
3261 5638 3374 5679 non
3411 5623 3709 5679 audierunt

2099 5736 2248 5786 cum,
2284 5729 2338 5777 et
2366 5727 2531 5776 erunt
2568 5719 2689 5793 vagi
2721 5718 2776 5774 in
2810 5717 3153 5775 nationibus.
3194 5734 3214 5771 ο
3261 5718 3491 5774 Alienos
3538 5714 3711 5773 faciet

2098 5831 2293 5873 omnes
2337 5831 2366 5870 a
2405 5830 2540 5871 cura
2573 5831 2697 5879 sua,
2753 5815 2849 5887 qui
2906 5815 3209 5872 noluerunt
3265 5813 3318 5869 ei
3366 5810 3706 5873 auscultare,

2097 5918 2151 5962 et
2204 5908 2271 5961 ad
2339 5907 2717 5980 paenitentiam
2776 5910 3072 5979 respicere.
3139 5904 3509 5974 Quamobrem
3558 5901 3707 5960 bello

2107 6000 2274 6073 capti,
2312 6000 2456 6073 :vpud
2505 6009 2803 6060 extraneos
2837 6001 3276 6075 captivierunt,
3326 6004 3380 6055 et
3422 5997 3528 6053 hac
3575 5993 3705 6051 illac
