4102 6494
471 369 572 430 I83

1647 382 1999 445 TIIEODORI
2031 389 2516 449 MOPSUESTENI

3616 397 3720 458 la;

469 492 767 568 circumagi
813 501 866 551 et
907 509 1092 551 errare
1146 505 1366 568 propter
1402 501 1701 554 extremam
1747 511 2036 572 egestatem

2150 509 2442 580 ἐργάσεται
2491 508 2846 580 κηδεμονίας,
2893 509 2952 562 οὐ
2992 508 3351 580 βουληθέντας
3391 507 3617 562 ἀκοῦσαί
3656 527 3720 562 τε

465 595 744 652 cogentur.

2149 599 2311 652 αὐτοῦ
2373 600 2466 652 καὶ
2521 599 2657 670 πρὸς
2711 600 3071 670 μεταμέλειαν
3136 600 3297 653 ἰδεῖψ
3360 599 3500 668 ὑπὲρ
3541 593 3613 653 ὧν
3655 598 3722 670 δὴ

466 673 779 745 ληφθέντες,
814 675 1146 747 αἰχμάλωτοι
1175 677 1326 748 παρά
1356 681 1469 742 τοῖς
1503 680 1803 753 ἀλλοτρίοις
1830 683 2077 751 ἔσονται,
2121 690 2244 760 τῇδε
2295 692 2517 744 κάκεῖσε
2561 692 2846 760 περιάγειν
2885 709 2943 744 τε
2990 691 3083 745 καὶ
3120 691 3424 746 πλανᾶσθαι
3472 692 3574 745 ὑπὸ
3619 692 3724 761 τῆς

461 771 601 838 ἄγαν
635 771 842 834 ἐνδείας
871 771 1295 842 ἠναγκασμένοι.

1501 861 1544 878 ρο.

1131 902 1286 958 CAP.
1323 903 1391 958 Χ.

539 1013 700 1068 Vens.
750 1015 868 1068 1-2.
897 1043 967 1054 —-
997 1013 1105 1086 57
1142 1031 1161 1065 ι
1197 1013 1342 1070 Vitis
1382 1015 1642 1073 frondosa
1682 1015 1869 1075 Israel.
1914 1038 1934 1072 ι
1965 1020 2048 1077 Ob

464 1106 645 1176 populi
692 1105 775 1161 sui
818 1107 1220 1162 multitudinem
1263 1108 1406 1163 haud
1434 1116 1518 1164 est
1556 1109 1840 1167 dissimilis
1879 1111 2048 1168 Israel

467 1198 557 1250 \‘Ili
584 1196 900 1267 palmitibus
930 1197 1182 1267 plurimis
1213 1199 1573 1270 maximisque
1595 1204 1853 1257 comanti.
1875 1222 1892 1255 ι
1916 1203 2048 1258 Fru-

462 1301 584 1343 ctus
611 1289 730 1357 ejus
756 1289 1062 1345 abundans.
1103 1309 1122 1342 D
1149 1288 1436 1345 Multitudo
1460 1307 1648 1346 eorum
1676 1293 1919 1364 quotidie
1945 1310 2042 1348 au-

462 1392 639 1448 getur,
663 1381 848 1436 multis
869 1381 992 1436 inde
1008 1384 1365 1440 nascentibus
1391 1385 1462 1441 ob
1482 1385 1680 1439 lautam
1701 1385 2034 1441 felicitatem.

468 1491 485 1521 σ
524 1470 684 1526 Juxta
713 1471 1011 1527 ubertatem
1045 1471 1319 1527 fructuum
1347 1491 1573 1530 suorum
1603 1476 2039 1546 multiplicarunt

461 1564 674 1616 altaria.
713 1582 734 1615 ι
764 1561 832 1617 lli
855 1572 1034 1618 tamen
1061 1566 1471 1620 exuberantiam
1504 1567 1710 1636 populi,
1744 1583 1908 1637 quam
1944 1566 2038 1623 Dei

465 1653 845 1708 benedictione
877 1662 1030 1708 erant
1071 1654 1276 1724 adepti,
1318 1656 1653 1712 remunerati
1685 1664 1815 1711 sunt
1841 1657 2036 1727 grandi

462 1747 758 1816 impietatis
791 1746 1127 1801 incremento
1165 1765 1178 1802 :
1233 1763 1418 1817 parem
1457 1750 1601 1804 enim
1643 1765 1873 1806 numero
1912 1766 2035 1819 suo,

463 1839 514 1890 in
561 1839 828 1892 idolorum
884 1839 1146 1893 honorem
1194 1839 1450 1894 altarium
1483 1840 1696 1912 capiam
1743 1848 2036 1898 exstruxe-

2811 909 2967 964 ΚΕΦ.
3011 911 3064 962 I'.

2217 1022 2362 1092 Στίχ.
2397 1021 2651 1092 α’-β’.-ι
2683 1021 2960 1094 Ἀμπελος
2982 1020 3402 1091 εὐκληματοῦσα
3434 1024 3668 1094 Ἰσραήλ.
3698 1044 3718 1078 ι

2145 1113 2474 1183 Διήλλαττεν
2532 1113 2685 1166 οὐδὲν
2746 1113 2775 1164 6
2844 1093 3060 1186 Ίέραὴλ
3107 1113 3184 1180 τῷ
3236 1114 3432 1184 πλήθει
3481 1093 3725 1187 κλήμασι

2148 1205 2420 1268 πλείστοις
2463 1222 2524 1257 τε
2554 1204 2649 1256 καὶ
2691 1204 2967 1274 μεγίστοις
2997 1205 3254 1275 κομὼσης
3283 1206 3551 1276 ἀμπέλου.
3590 1227 3609 1259 ι
3663 1209 3732 1262 '0

2150 1297 2363 1368 καρπὸς
2395 1296 2638 1365 εὐθηνῶν
2667 1297 2856 1365 αὐτῆς.
2899 1315 2917 1348 ι
2952 1297 3060 1350 Καὶ
3093 1297 3407 1350 ἐπεδίδοσαν
3439 1298 3562 1350 καθ’
3594 1299 3727 1352 ἐκά-

2146 1406 2279 1458 στην
2306 1389 2518 1459 ἡμέραν
2551 1390 2631 1451 εἰς
2671 1388 2893 1458 πλῆθος,
2927 1389 3002 1460 (p.
3053 1389 3141 1458 72)
3175 1389 3384 1442 πολλῶν
3413 1390 3580 1443 ὄντων
3613 1391 3726 1445 τῶν

2143 1476 2204 1541 ἐξ
2236 1477 2415 1530 αὐτῶν
2453 1479 2788 1548 τικτομένων
2831 1480 2919 1532 διὰ
2954 1481 3051 1549 τὴν
3087 1480 3393 1551 προσοῦσαν
3425 1483 3607 1546 αὐτοῖς
3635 1483 3726 1535 £6-

2143 1569 2404 1640 πραγίαν.
2436 1587 2454 1620 ‹
2485 1569 2644 1623 Κατά
2663 1570 2726 1622 τὸ
2756 1569 2956 1640 πλῆθος
2975 1571 3082 1625 τῶν
3098 1571 3326 1643 καρπῶν
3342 1573 3525 1635 αὑτοῦ,
3554 1574 3716 1644 ἐπλή-

2143 1658 2298 1712 θυνεν
2330 1659 2711 1732 θυσιαστήρια.
2745 1680 2765 1712 ι
2793 1662 2856 1714 Οἱ
2875 1661 2930 1713 δὲ
2957 1661 3053 1732 τὴν
3072 1662 3466 1733 πολυπληθίαν,
3497 1665 3553 1715 ἐν
3577 1657 3726 1736 ᾗπερ

2141 1747 2228 1802 διὰ
2272 1749 2370 1819 τῆς
2417 1749 2666 1817 εὐλογίας
2699 1749 3025 1802 καθίσταντο
3074 1748 3169 1802 τοῦ
3219 1750 3377 1816 Θεοῦ,
3430 1750 3728 1820 ἠμείϐοντο

2141 1839 2396 1902 ἀσεϐείας
2430 1840 2676 1893 ἐπιτάσει
2704 1839 2871 1910 πολλῇ
2891 1857 2904 1871 ’
2935 1839 3194 1908 ἀνάλογον
3224 1842 3332 1912 γὰρ
3358 1842 3452 1894 τοῦ
3485 1843 3726 1913 ἀριθμοῦ

461 1937 607 1981 runt.
641 1946 658 1980 ι
702 1928 848 1994 Quot
875 1937 1032 1983 erant
1059 1937 1217 1985 terrae
1245 1946 1357 1986 suae
1387 1931 1552 1997 bona,
1586 1930 1809 1987 totidem
1846 1934 2036 1989 statuit

2139 1929 2232 1982 τοῦ
2284 1930 2508 1993 οἰκείου,
2545 1931 2639 1983 ἐπὶ
2681 1933 2814 2001 τιμῇ
2858 1931 2966 1984 τῶν
3001 1931 3233 1985 εἰδώλων
3268 1933 3500 1988 ἀνίστων
3537 1934 3729 1988 θυσια-

460 2021 772 2075 simulacra.
811 2039 828 2071 ι
877 2019 1060 2075 Multis
1097 2028 1255 2076 terra:
1298 2022 1458 2078 bonis
1501 2021 1768 2090 fruentes,
1804 2040 1904 2095 pro
1951 2024 2038 2080 his

458 2111 748 2165 simulacra
778 2109 1112 2166 honorandis
1137 2110 1301 2166 idolis
1327 2120 1641 2168 erexerunt.
1679 2132 1698 2164 ι
1732 2113 1914 2169 Corda
1939 2129 2038 2169 sua

459 2203 787 2255 diviserunt.
829 2220 847 2252 ι
881 2199 1167 2271 Tantaque
1219 2201 1437 2256 illorum
1473 2217 1600 2274 erga
1643 2203 1789 2260 idola
1831 2205 2042 2259 exstitit

460 2291 763 2345 devotionis
797 2290 1034 2354 insania,
1063 2299 1124 2345 ut
1145 2307 1300 2347 mens
1325 2291 1570 2362 ipsorum
1595 2293 1745 2349 circa
1769 2294 2037 2350 idolorum

461 2385 703 2438 studium
740 2383 892 2436 varia
923 2380 1112 2446 fuerit.
1146 2384 1436 2450 aliishaec,
1480 2386 1602 2441 aliis
1637 2386 1728 2440 illa
1757 2386 1898 2441 idola
1944 2401 2040 2441 co-

464 2473 726 2527 lentibus.
764 2490 785 2522 ι-
823 2471 980 2527 Nunc
1009 2473 1332 2528 interibunt.
1370 2493 1388 2527 ›
1425 2473 1638 2530 Justam
1671 2476 1947 2546 perferent
1968 2477 2039 2532 oh

463 2567 574 2618 lnec
611 2563 966 2632 punitionem.
1005 2581 1024 2614 ι
1070 2563 1190 2633 Ipse
1239 2563 1494 2619 suﬂ‘odict
1540 2565 1732 2619 altaria
1761 2579 1974 2621 eorum.
2014 2584 2032 2616 ι

463 2657 674 2710 l-Ztcnim
704 2656 982 2725 neglectus
1025 2655 1092 2709 ab
1131 2655 1212 2711 eis
1259 2655 1403 2713 Deus
1434 2658 1617 2712 omnia
1656 2658 1771 2712 haec
1813 2657 2040 2712 subver-

461 2749 619 2803 tenda
639 2747 868 2812 curabit,
899 2763 1019 2817 quae
1043 2747 1205 2816 impie
1222 2747 1290 2801 ad
1323 2748 1592 2804 idolorum
1623 2751 1829 2804 cultum
1852 2765 2040 2805 erexe-

459 2849 598 2893 rant.
645 2859 662 2888 ι
707 2838 844 2892 Male
894 2839 1107 2892 eveniet
1154 2838 1331 2893 titulis
1384 2855 1597 2894 eorum.
1634 2859 1652 2893 ›
1699 2839 1762 2893 Ili
1819 2855 2037 2913 quoque

459 2940 718 2986 corruent
749 2931 804 2984 in
836 2929 1290 2988 destructionem.

2141 2020 2356 2090 στήρια.
2394 2038 2412 2071 ι
2447 2019 2604 2073 Κατὰ
2631 2020 2699 2074 τὰ
2727 2019 2906 2088 ἀγαθά
2936 2019 3036 2089 τῆς
3065 2021 3166 2090 γῆς
3187 2022 3371 2086 αὑτοῦ,
3405 2024 3726 2096 ᾠκοδόμησε

2141 2111 2362 2180 στήλας.
2403 2129 2421 2162 ι
2463 2109 2574 2163 Καὶ
2617 2109 2827 2162 πολλῶν
2861 2109 3229 2174 ἀπολαύοντες
3259 2111 3367 2165 τῶν
3401 2114 3464 2166 ὲκ
3495 2112 3594 2182 τῆς
3619 2115 3729 2186 γῆς

2139 2201 2379 2270 ἀγαθῶν,
2421 2201 2620 2272 στήλας
2649 2201 2765 2254 ἀντ’
2806 2199 3031 2253 ἐκείνων
3070 2201 3162 2254 ἐπὶ
3197 2201 3466 2273 θεραπεία
3501 2203 3610 2255 τῶν
3644 2207 3726 2256 εἰ-

2139 2294 2320 2348 δώλων
2353 2294 2605 2348 ἀνίστων.
2643 2311 2661 2344 ι
2724 2293 3025 2364 Ἐμέρισαν
3061 2293 3285 2364 καρδίας
3315 2294 3514 2349 αὐτῶν.
3559 2315 3576 2346 ι
3609 2296 3727 2349 Καὶ

2139 2385 2373 2456 τοσαύτη
2398 2403 2479 2447 τις
2512 2381 2579 2456 ἦν
2607 2385 2786 2439 αὐτῶν
2811 2387 2844 2457 ἡ
2871 2386 2998 2456 περὶ
3023 2385 3091 2438 τά
3125 2385 3318 2439 εἴδωλα
3353 2387 3538 2456 μανία,
3579 2385 3727 2439 ὥστε

2140 2475 2463 2546 διαιρεῖσθαι
2494 2478 2593 2549 τὴν
2619 2477 2858 2531 διάνοιαν
2884 2479 3070 2540 αὐτοῖς
3103 2478 3159 2529 ἐν
3186 2479 3250 2548 τῇ
3277 2477 3403 2548 περὶ
3429 2477 3496 2530 τὰ
3526 2477 3726 2530 εἴδωλα

2142 2568 2368 2639 σπουδῇ,
2401 2567 2507 2620 τῶν
2543 2567 2642 2639 μὲν
2681 2567 2876 2633 ταῦτα,
2917 2567 3024 2619 τῶν
3068 2567 3125 2620 δὲ
3172 2568 3354 2620 ἐκεῖνα
3397 2566 3728 2637 θεραπεύειν

2139 2657 2570 2712 ἐσπουδακότων.
2596 2676 2615 2709 ι
2649 2657 2765 2711 Νῦν
2790 2655 3270 2727 ἀφανισθήσονται.
3300 2675 3317 2708 ι
3359 2654 3732 2724 ’Υπομενοῦσι

2140 2748 2196 2800 δὲ
2223 2748 2435 2802 δικαίαν
2463 2749 2601 2819 ὑπὲρ
2646 2749 2849 2803 τούτων
2879 2749 2975 2820 τὴν
3013 2748 3310 2802 ἀπώλειαν.
3359 2768 3377 2799 ι
3418 2749 3589 2810 Αὐτὸς
3617 2765 3726 2800 κα-

2141 2840 2409 2910 τασκάψει
2442 2839 2511 2894 τὰ
2541 2840 2902 2912 θυσιαστήρια
2936 2840 3134 2894 αὐτῶν.
3177 2859 3194 2890 ι
3232 2840 3290 2894 '0
3331 2838 3438 2908 γὰρ
3483 2838 3726 2909 ἀμελού-

2149 2948 2309 3001 μενος
2332 2936 2459 3005 παρ’
2483 2923 2662 2988 αὐτῶν
2695 2933 2847 2996 Θεὸς,
2881 2933 3044 2996 αὐτὸς
3074 2931 3386 3003 ἀνατροπὴν
3423 2930 3725 3002 ἐργάσεται

459 3030 682 3084 πάντων
713 3033 946 3097 τούτων,
985 3033 1022 3088 ἃ
1051 3034 1190 3105 μετά
1234 3028 1486 3091 ἀσεϐείας
1525 3027 1617 3078 ἐπὶ
1649 3028 1714 3097 τῇ
1761 3025 1866 3078 τῶν
1905 3021 2136 3077 εἰδώλων
2187 3024 2415 3079 ἁνίστων
2469 3025 2755 3098 θεραπείᾳ.
2807 3044 2826 3075 ι
2859 3024 3376 3096 Ταλαιπωρήσουσιν
3421 3026 3475 3076 αἱ
3523 3022 3724 3093 στῆλαι

457 3125 659 3179 αὐτῶν.
703 3146 721 3178 ι
765 3127 1148 3200 Ἀισθενήσουσι
1181 3128 1239 3181 δέ
1269 3127 1519 3180 κάκεῖναι
1551 3122 1982 3193 καθαιρεθεῖσαι.

530 3240 696 3295 Vens.
733 3242 851 3297 5-5.
874 3274 946 3284 -
973 3261 992 3293 ε
1039 3242 1331 3313 Propterea
1372 3256 1517 3295 nunc
1541 3239 1725 3294 dicent
1751 3257 1764 3294 :
1805 3237 1925 3294 Non
1949 3249 2032 3295 est

2206 3236 2352 3306 Στίχ.
2395 3239 2534 3301 γ’-ε’.
2563 3261 2632 3271 -
2668 3251 2685 3283 ι
2713 3231 2857 3284 Διὸτι
2890 3229 2984 3283 νῦν
3016 3227 3250 3300 ἐροῦσιν*
3279 3228 3391 3281 Οὐκ
3417 3227 3532 3280 ἔστι
3564 3227 3724 3297 βασι-

460 3349 548 3385 rex
589 3335 767 3396 nobis,
809 3335 934 3405 quia
978 3351 1087 3390 non
1138 3334 1419 3389 timuimus
1462 3332 1654 3388 Deum.
1700 3331 1814 3387 Rex
1851 3340 2035 3386 autem

459 3427 588 3493 quid
625 3427 788 3481 faciet
823 3429 1025 3482 nobis?
1049 3428 1304 3496 Loquens
1336 3425 1504 3480 verba
1525 3424 1683 3494 quasi
1714 3433 2033 3494 pmtextus,

463 3517 640 3572 foedus
692 3517 964 3588 disponet.
1031 3538 1048 3570 ι
1105 3517 1261 3572 Nunc
1313 3518 1456 3571 enim
1510 3514 2034 3570 inconsiderantiam

462 3623 616 3660 suam
650 3616 968 3678 agnoscent,
1004 3625 1111 3679 qua
1142 3625 1321 3679 regem
1359 3607 1463 3664 sibi
1486 3592 1806 3677 delegerunt
1840 3612 2038 3676 praeter

462 3697 552 3751 Dei
588 3699 924 3754 voluntatem
965 3720 978 3756 :
1014 3711 1067 3756 et
1116 3701 1260 3770 quod
1309 3701 1516 3755 omisso
1550 3698 1749 3752 timore
1793 3695 1907 3760 Dei,
1942 3710 2037 3749 va-

461 3804 591 3842 num
635 3789 904 3859 quoddam
941 3801 995 3847 et
1029 3793 1370 3863 illegitimum
1419 3805 1646 3860 regnum
1692 3789 1793 3844 sibi
1827 3787 2039 3842 consti-

459 3889 682 3936 tuerunt
703 3921 717 3944 ,
759 3883 1026 3939 adversus
1059 3883 1280 3938 Davidis
1321 3885 1729 3940 successionem
1761 3883 1918 3952 juxta
1943 3881 2036 3936 Dei

459 3976 790 4040 promissum
839 3985 1156 4044 regnantem
1202 3994 1215 4030 :
1267 3975 1498 4044 ideoque
1542 3982 1596 4029 et
1648 3973 1751 4029 hoc
1793 3974 2034 4043 ipsorum

458 4081 682 4136 regnum
715 4068 951 4122 deletum
989 4077 1097 4132 est,
1133 4083 1435 4137 omnesque
1465 4066 1766 4136 captivitati
1810 4064 1989 4119 traditi
2019 4082 2034 4131 ;

459 4161 778 4230 nullumque
837 4159 950 4232 48
1005 4161 1140 4230 ipsis
1197 4176 1227 4214 a
1261 4175 1387 4230 rege
1444 4175 1545 4215 suo
1607 4159 2034 4214 emolumentum

457 4250 688 4304 exstitit.
742 4239 1111 4308 Nihilominus
1151 4251 1242 4305 hie
1283 4251 1424 4321 (rex)
1468 4249 1830 4305 fraudulentis
1857 4249 2037 4306 verbis

459 4349 639 4402 utens,
678 4339 989 4410 improbum
1035 4339 1212 4397 foedus
1241 4342 1514 4411 quoddam
1553 4356 1678 4396 cum
1723 4340 1830 4397 illis
1866 4340 2036 4396 inive-

458 4440 562 4495 rat,
597 4446 793 4503 nempe
819 4447 848 4486 a
884 4433 992 4488 Deo
1030 4433 1342 4498 recedendi,
1368 4441 1422 4489 et
1456 4433 1753 4488 fabricatas
1791 4447 1821 4486 a
1858 4448 1916 4488 se
1941 4432 2034 4501 ju-

2137 3331 2261 3394 λεὺς
2289 3330 2441 3398 ἡμῖν,
2473 3327 2556 3379 ὅτι
2585 3325 2686 3378 οὐκ
2712 3323 3062 3392 ἐφοϐήθημεν
3095 3323 3186 3374 τὸν
3214 3321 3344 3374 Θεόν
3365 3339 3378 3351 ·
3410 3322 3438 3372 6
3469 3321 3524 3373 δέ
3566 3321 3723 3390 βασιο

2138 3423 2262 3485 λεῦς
2286 3421 2337 3474 τί
2360 3420 2576 3489 ποιήσει
2613 3419 2784 3487 ήμῖν;
2820 3416 2996 3469 λαλῶν
3026 3416 3243 3486 ῥήματα
3269 3414 3567 3484 προφάσεις
3605 3413 3724 3466 δια-

2137 3515 2360 3585 θήσεται
2380 3511 2666 3580 διαθήκην.
2692 3526 2709 3558 ›
2745 3507 2858 3560 Νῦν
2875 3505 2983 3575 γὰρ
3001 3504 3352 3575 αἰσθήσονται
3378 3503 3479 3572 τῆς
3509 3503 3723 3556 ἑαυτῶν

2135 3605 2410 3667 ἀϐουλίας,
2464 3601 2580 3673 μεθ’
2613 3596 2682 3670 ἦς
2715 3599 2921 3650 εἵλοντο
2970 3596 3196 3666 βασιλέα
3231 3596 3381 3665 παρᾶ
3430 3595 3491 3647 τὸ
3523 3593 3732 3647 δοκοῦν

2135 3698 2212 3768 τῷ
2246 3695 2392 3764 Θεῷ”
2433 3694 2507 3763 (p.
2542 3693 2630 3760 75)
2663 3690 2756 3744 καὶ
2791 3690 2873 3741 ὅτι
2912 3688 3051 3758 ὑπὲρ
3076 3682 3149 3741 ὧν
3174 3687 3234 3739 οὐ
3267 3685 3591 3756 φοϐηθέντες
3625 3685 3723 3738 τὸν

2137 3789 2288 3850 Θεὸν,
2320 3785 2597 3857 βασιλείαν
2622 3780 2898 3846 ἀνέδειξαν
2921 3780 3083 3850 κενήν
3111 3796 3232 3831 τινα
3258 3779 3352 3831 καὶ
3379 3777 3720 3848 παράνομον,

2138 3879 2468 3938 ἀπεναντίας
2496 3878 2562 3946 τῇ
2615 3872 2707 3927 τοῦ
2751 3871 2912 3924 Δαυῖδ
2955 3871 3173 3940 διαδοχῇ
3221 3872 3341 3922 κατ’
3387 3867 3723 3935 ἐπαγγελίαν

2140 3970 2495 4044 βασιλευούσῃ
2531 3967 2701 4028 θείαν,
2735 3965 3016 4035 ἀφῄρηται
3055 3964 3153 4033 μὲν
3181 3963 3359 4016 αὐτῶν
3387 3964 3418 4031 ἡ
3445 3960 3720 4030 βασιλεία,

2137 4060 2486 4131 αἰχμαλωσίᾳ
2528 4059 2583 4111 δέ
2611 4055 3004 4126 παραδέδονται
3036 4054 3236 4116 πάντες
3256 4071 3268 4083 ·
3303 4052 3491 4122 κέρδος
3519 4052 3572 4104 δὲ
3614 4053 3718 4106 αὖ·

2137 4157 2250 4217 τοῖς
2292 4155 2357 4206 ἐκ
2384 4151 2476 4205 τοῦ
2501 4149 2762 4221 βασιλέως
2790 4146 3158 4218 προσγέγονεν
3185 4145 3335 4198 οὐδέν
3359 4162 3370 4172 ·
3405 4144 3720 4197 τούναντίον

2141 4247 2240 4316 μὲν
2279 4244 2372 4300 οὖν
2431 4243 2728 4314 ἀπατηλοῖς
2774 4241 3121 4311 χρησάμενος
3172 4239 3402 4308 ῥήμασι,
3453 4236 3720 4307 διαθήκην

2141 4338 2420 4409 μοχθηράν
2451 4353 2571 4389 τινα
2606 4336 2720 4405 μετ’
2749 4331 2930 4387 αὐτῶν
2951 4333 3274 4399 ἐποιήσατο’
3301 4329 3441 4382 ῶστε
3476 4327 3720 4397 ἀποστῆ-

2136 4445 2222 4481 ναι
2263 4426 2360 4497 μὲν
2391 4425 2486 4478 τοῦ
2513 4423 2672 4489 Θεοῦ,
2703 4423 3028 4493 προσκυνεῖν
3053 4420 3110 4472 δὲ
3138 4422 3259 4481 ταῖς
3288 4419 3378 4472 ὑπ’
3407 4417 3573 4472 αὑτοῦ
3616 4433 3720 4471 κα-

453 4537 654 4578 νοιιοοε
683 4525 966 4580 adorandi.
1015 4543 1035 4576 ι
1077 4525 1302 4582 Orietur
1339 4525 1483 4581 sicut
1513 4539 1737 4594 gramen
1766 4524 2031 4594 judicium

2139 4517 2628 4579 τασκευασθείσαις
2648 4515 2962 4584 δαμάλεσιν.
2990 4532 3007 4563 ι
3045 4511 3322 4564 Ἀνατελεῖ
3341 4511 3415 4573 ὡς
3439 4511 3718 4582 ἄγρωστις

2213 4613 2234 4618 _
2359 4612 2371 4618 -
2425 4611 2437 4618 .
2543 4607 2555 4618 .
2733 4608 2744 4618 .
2868 4605 2892 4615 -
3022 4605 3061 4618 ,ν
3193 4605 3214 4618 ..
3307 4602 3319 4618 ς
3409 4604 3421 4618 .
3457 4601 3494 4618 η
3533 4602 3546 4618 .
3654 4600 3667 4618 ι

456 4617 509 4668 in
557 4616 765 4671 inculto
809 4632 962 4686 agro.
996 4635 1015 4668 ι
1050 4616 1330 4673 Judieabit
1365 4616 1510 4672 Deus
1557 4614 1774 4671 facinus
1815 4615 2032 4670 illorum

2141 4613 2314 4682 κρῖμα
2356 4611 2449 4662 ἐπὶ
2494 4607 2690 4678 χέρσον
2723 4605 2916 4674 ἀγροῦ.
2967 4623 2985 4654 ι
3022 4605 3214 4674 Κρινεῖ
3260 4602 3369 4674 γὰρ
3399 4604 3427 4654 6
3455 4601 3587 4665 Θεὸς
3615 4600 3717 4671 τὴν

459 4703 727 4771 iniquum,
759 4718 976 4773 poenam
1005 4711 1212 4759 tantam
1243 4705 1314 4759 ob
1343 4705 1398 4758 id
1428 4705 1508 4758 eis
1528 4705 1838 4774 imponens,
1870 4691 1930 4759 ut
1952 4703 2036 4760 cf-

2139 4701 2450 4773 παράνομον
2474 4697 2653 4752 αὐτῶν
2682 4695 2905 4766 τόλμαν,
2930 4695 3189 4764 τοιαύτην
3215 4692 3509 4763 ἐπαγαγὼν
3531 4693 3716 4756 αὐτοῖς

457 4793 712 4849 ﬂot'escat
732 4795 1159 4864 quodammodo.
1186 4795 1684 4866 gravissimumque
1713 4805 1766 4850 et
1795 4797 2036 4852 terribile

2139 4792 2259 4847 ἀντὶ
2287 4789 2479 4845 τούτου
2525 4789 2624 4858 τὴν
2667 4786 2960 4856 τιμωρίαν,
2992 4786 3068 4850 ὡς
3096 4786 3326 4856 ἀνθῆσαι
3359 4802 3440 4852 τε,
3489 4786 3584 4838 καὶ
3627 4801 3716 4854 με-

458 4887 705 4940 visurum
739 4887 808 4941 sit
848 4885 940 4941 Dei
968 4895 1160 4941 contra
1195 4888 1302 4941 hos
1332 4885 1601 4954 judicium
1636 4905 1650 4940 :
1703 4887 1846 4943 haud
1881 4888 2036 4942 aliter

2139 4883 2331 4954 γίστην
2369 4881 2492 4935 τινὰ
2528 4880 2621 4934 καὶ
2651 4878 2890 4948 φοϐερὰν
2929 4879 3163 4948 φανῆναι
3201 4877 3298 4947 τὴν
3355 4878 3472 4929 κατ’
3531 4875 3713 4930 αὐτῶν

457 4988 620 5041 quant
654 4983 878 5044 repente
908 4982 1095 5028 natum
1131 4976 1186 5030 in
1222 4975 1442 5031 deserto
1474 4975 1594 5031 solo
1626 4992 1870 5047 gramen.
1898 4977 2036 5031 mul-

2139 4975 2436 5046 γενομένην
2464 4973 2647 5044 κρίσιν
2686 4970 2780 5024 τοῦ
2819 4969 2984 5023 Θεοῦο
3040 4970 3138 5039 οὐχ
3181 4964 3343 5038 ἦττον
3377 4968 3408 5036 ἦ
3440 4967 3711 5039 ἄγρωστις

458 5073 572 5118 tum
627 5069 812 5120 statim
856 5067 1254 5122 incrementum
1303 5068 1466 5136 capit.
1515 5087 1533 5119 ι
1592 5069 1748 5138 Apud
1801 5070 2034 5124 vitulum

2139 5066 2327 5137 ἀθρόον
2359 5066 2556 5132 φυεῖσα
2601 5060 2798 5131 πολλὴν
2827 5061 2884 5112 ἐν
2917 5060 3096 5130 χέρσῳ
3130 5059 3419 5128 ποιήσαιτο
3465 5058 3561 5128 τὴν
3593 5057 3711 5109 ἐπί-

456 5157 653 5211 domus
675 5155 758 5211 0n
787 5158 1174 5222 morabuntur,
1214 5159 1306 5228 qui
1344 5159 1594 5214 habitant
1645 5160 1968 5216 Samariam.
2011 5179 2029 5211 ι

2139 5156 2275 5210 δοσιν
2299 5157 2398 5227 τὴν
2428 5155 2660 5208 οἰκείαν.
2697 5173 2714 5204 ι
2755 5152 2844 5223 Τῷ
2873 5152 3060 5222 μόσχῳ
3089 5149 3185 5202 τοῦ
3213 5149 3363 5202 οἴκου
3398 5150 3492 5201 Ὧν
3521 5165 3710 5218 παροι-

457 5249 789 5304 Assidebuut
835 5249 1026 5318 utique
1058 5265 1247 5308 omnes
1294 5252 1459 5308 cultis
1505 5268 1534 5306 a
1563 5270 1621 5308 se
1650 5253 1922 5322 iuvencis,
1953 5253 2034 5306 in-

457 5342 778 5410 gruentibus
827 5340 1006 5406 malis,
1039 5342 1158 5409 epis
1205 5344 1440 5415 alicujus
1484 5345 1635 5399 illinc
1678 5343 2034 5413 impetranda!

456 5446 573 5497 spe.
610 5448 629 5481 ι
677 5431 816 5496 Quia
856 5432 993 5486 luxit
1037 5448 1201 5505 super
1245 5451 1368 5490 eum
1399 5437 1634 5506 papulus
1686 5434 1828 5502 ejus.
1867 5452 1884 5484 ι
1918 5432 2023 5486 Sed

458 5523 662 5575 nullam
689 5522 814 5578 inde
857 5521 1056 5580 referet
1079 5528 1371 5583 utilitatem
1403 5545 1416 5580 ι
1453 5528 1562 5581 imo
1593 5525 1776 5596 potius
1804 5531 1858 5578 et
1883 5523 2031 5592 ipsas

460 5615 720 5682 lugehunt
766 5615 1069 5684 juvencas,
1136 5618 1264 5673 dum
1327 5620 1544 5673 illarum
1601 5617 2029 5672 destructionem

457 5714 742 5773 spectant,
791 5710 1085 5767 terribilem
1127 5712 1436 5774 enimvero,
1492 5709 1732 5766 hostium
1775 5708 2031 5764 manibus

427 5806 843 5867 iperpetratarn.
893 5822 911 5854 ‹
958 5802 1025 5857 Et
1069 5801 1526 5873 quemadmodum
1577 5802 1730 5856 illunt
1783 5801 2032 5855 irritave—

458 5897 596 5959 rant,
628 5893 941 5967 gaudebunt
974 5910 1138 5968 super
1170 5896 1343 5968 gloria
1367 5894 1507 5968 ejus.
1540 5913 1559 5948 )
1588 5893 1812 5982 Multam
1847 5894 2031 5949 hostes

2131 5250 2394 5318 κήσουσιν
2424 5247 2475 5300 οἰ
2507 5243 2890 5306 κατοικοῦντες
2929 5243 3264 5312 Σαμάρειαν.
3320 5260 3337 5290 ι
3373 5239 3710 5311 Προσεδρεύ-

2132 5357 2286 5394 σουσι
2345 5339 2442 5408 μὲν
2481 5338 2590 5408 γὰρ
2631 5337 2872 5398 ἅπαντες
2921 5335 3044 5395 ταῖς
3103 5331 3571 5402 θεραπευομέναις
3617 5331 3709 5381 ὑπ’

2129 5431 2308 5485 αὐτῶν
2341 5430 2606 5501 δαμάλεσι
2647 5428 2754 5481 τῶν
2807 5424 2994 5479 κακῶν
3042 5422 3475 5492 ἐπεληλυθότων,
3538 5419 3710 5472 ἐλπίδι

2138 5523 2230 5578 τοῦ
2256 5526 2402 5587 τινὸς
2428 5525 2613 5592 τυχεῖν
2643 5519 2892 5592 βοηθείας
2926 5517 3153 5569 ἐκεῖθεν.
3197 5533 3215 5565 ‹
3265 5517 3386 5567 ’Ὁτι
3415 5513 3710 5581 ἐπένθησεν

2136 5615 2164 5668 6
2190 5615 2316 5678 λαὸς
2343 5613 2508 5668 αὑτοῦ
2529 5612 2616 5664 ἐπ’
2647 5610 2830 5664 αὐτόν.
2864 5627 2881 5659 ι
2907 5609 3130 5676 Ὄνησιν
3151 5605 3206 5658 δέ
3228 5603 3473 5658 ἐντεῦθεν
3497 5603 3708 5669 δέξεται

2135 5709 2422 5780 οὐδεμίαν
2455 5706 2767 5762 τούναντίον
2803 5704 2902 5774 μὲν
2929 5696 3020 5756 οὖν
3052 5701 3145 5755 καὶ
3181 5700 3349 5763 αὑτὰς
3383 5699 3708 5770 πενθήσουσι

2136 5800 2233 5864 τὰς
2259 5798 2538 5870 δαμάλεις,
2563 5798 2639 5867 (p.
2668 5795 2759 5864 74)
2790 5793 2889 5864 τὴν
2925 5793 3240 5862 καθαίρεσιν
3265 5790 3443 5845 αὐτῶν
3476 5787 3707 5860 ὁρῶντες

2139 5892 2375 5964 φοϐεράν
2401 5909 2522 5949 τινα
2563 5891 2682 5955 ταῖς
2711 5886 2817 5942 τῶν
2868 5883 3136 5958 πολεμίων
3173 5883 3461 5955 γινομένην
3496 5878 3698 5952 χερσίν.
