4102 6500
247 505 350 561 185

1339 501 1895 558 COMMENTARIUS
1937 502 2000 557 IN
2043 501 2246 558 OSEIE
2277 501 2428 559 CAP.
2456 501 2525 558 Χ.

3463 498 3566 558 186

251 645 271 676 σ
324 622 445 677 Καὶ
501 619 690 684 καθὼς
737 621 1168 693 παρεπίκραναν
1222 621 1412 685 αὐτὸν,
1471 621 1862 692 ἐπιχαροῦνται

1972 622 2133 676 idolis
2169 619 2375 676 facient
2410 618 2770 691 ignominiam
2793 659 2806 684 ,
2850 620 3132 690 multaque
3157 619 3323 675 veluti
3361 619 3568 675 redun—

249 715 336 768 ἐπὶ
373 713 486 786 τὴν
529 713 698 779 δόξαν
729 713 931 772 αὑτοῦ.
973 733 990 767 ι
1029 714 1208 785 Πολλῇ
1251 715 1351 785 μὲν
1390 715 1499 786 γὰρ
1529 716 1578 767 οἱ
1611 714 1864 785 πολέμιοι

248 808 554 878 χρήσονται
584 807 732 861 κατά
762 805 876 861 τῶν
917 805 1152 860 εἰδώλων
1181 808 1246 878 τῇ
1277 807 1475 878 ἀτιμίᾳ
1498 823 1510 836 ·
1565 805 1773 878 πολλῆς
1808 807 1866 860 δέ

246 917 390 963 τινος
422 899 852 972 πλησθήσονται
895 897 996 970 τῆς
1039 899 1234 970 ἡδονῆς
1263 899 1500 969 ὁρῶντες
1533 898 1716 953 αὐτῶν
1761 901 1868 969 ἀφο

247 992 543 1063 ῃρημένην
586 991 690 1062 τὴν
738 991 924 1056 δόξαν,
970 992 1037 1063 ἢν
1073 991 1134 1044 τὸ
1173 991 1440 1062 πρότερον
1473 987 1619 1062 εἶχον
1657 991 1870 1060 ψευδῶς

247 1085 402 1156 παρὰ
436 1086 557 1148 τοῖς
590 1084 998 1138 ἐσπουδακόσιν
1029 1083 1170 1138 αύτά
1201 1082 1559 1156 θεραπεύειν’
1593 1084 1671 1148 ὡς
1697 1085 1726 1136 ὁ
1758 1101 1864 1154 μα-

248 1172 439 1244 κάριος
489 1172 651 1241 λέγει
704 1173 906 1226 Δαυῖδσ
977 1191 995 1225 ι
1051 1173 1144 1244 Μὴ
1213 1173 1614 1245 ἐπιχαρείησάν
1669 1191 1760 1244 μοι
1817 1176 1868 1228 οἱ

249 1263 435 1333 ἐχθροί
464 1281 575 1334 μου
607 1279 622 1292 ⁸
659 1283 677 1314 ι
714 1264 838 1317 ἀντὶ
874 1263 991 1328 τοῦ,
1040 1266 1134 1338 Μὴ
1187 1265 1431 1335 ήσθεῖεν,
1483 1264 1554 1318 τὰ
1597 1265 1870 1319 δοκοῦντα

245 1359 434 1420 αὐτοῖς
475 1356 729 1410 ἐκϐάντα
762 1357 1092 1426 θεασάμενοι
1121 1359 1203 1420 είς
1241 1357 1375 1427 ἐμέ·
1415 1356 1591 1420 οὕτως
1634 1355 1868 1409 ἐνταῦθα

244 1449 392 1517 λέγει
421 1449 513 1513 τὸ,
545 1468 564 1499 ι
601 1448 1032 1519 Ἐπιχαροῦνται
1062 1449 1154 1501 ἐπὶ
1177 1449 1274 1519 τὴν
1302 1448 1460 1513 δόξαν
1482 1447 1673 1513 αὑτοῦ,
1699 1468 1716 1500 ι
1747 1448 1869 1502 ἀντὶ

244 1541 360 1604 τοῦ,
394 1540 782 1612 Ἠσθήσονται
811 1540 1052 1612 ὁρῶντες
1075 1540 1214 1594 αὐτὰ
1236 1540 1336 1610 τῆς
1352 1541 1512 1611 δόξης
1532 1540 1865 1612 ἀφῃρημένα

1966 713 2177 766 dabunt
2225 711 2525 781 voluptate,
2562 711 2693 765 dum
2725 721 2984 782 ereptam
3017 712 3104 767 liis
3156 712 3386 781 gloriam
3433 727 3568 765 con«

1967 805 2224 875 spicient,
2261 821 2425 876 quam
2459 815 2641 872 antea,
2676 804 2923 860 fallacem
2960 805 3112 867 licet,
3157 805 3434 860 habebant
3468 806 3567 858 abs

1969 914 2196 954 suorum
2229 899 2580 953 adorantium
2604 898 2809 955 studio.
2843 898 3000 953 Sicut
3025 899 3218 954 beatus
3243 898 3317 952 ait
3351 896 3518 950 David
3549 913 3564 950 :

1975 1011 1993 1043 ‹
2022 989 2098 1044 Ne
2128 990 2721 1060 supergaudeantmihi
2742 990 3075 1046 inimicimei
3095 991 3162 1057 ²’;
3191 1008 3209 1040 ι
3229 1004 3290 1044 ac
3312 990 3356 1044 si
3377 989 3523 1043 dicat
3549 1003 3565 1040 :

1966 1079 2045 1136 Ne
2075 1081 2474 1151 jucundentur,
2520 1082 2649 1136 dum
2695 1097 2828 1137 suos
2854 1083 3118 1138 adversus
3151 1097 3236 1137 me
3271 1095 3568 1137 successus

1965 1173 2172 1228 vident.
2193 1172 2273 1228 Ita
2293 1173 2559 1239 hocloco,
2591 1194 2609 1226 (
2631 1174 2961 1230 Gaudebunt
2990 1191 3156 1245 super
3173 1175 3344 1246 gloria
3368 1174 3510 1243 ejus,
3542 1193 3564 1226 ι

1965 1267 2189 1336 ponitur
2224 1282 2346 1336 pro,
2380 1265 2847 1323 Jucundabuntur
2871 1269 3123 1325 videntes
3166 1268 3314 1322 idola
3345 1266 3569 1338 proprio

1969 1360 2181 1414 honore
2206 1359 2464 1429 spoliata.
2509 1377 2526 1410 ι
2565 1360 2706 1426 Quia
2742 1363 3117 1432 migraverunt
3143 1360 3211 1414 ab
3237 1374 3324 1416 eo.
3363 1379 3383 1412 ι
3417 1357 3568 1414 Cun-

1977 1459 2122 1505 ctam
2158 1450 2302 1504 enim
2336 1466 2492 1505 suam
2527 1453 2766 1508 ablatam
2791 1453 3246 1522 gloriam-vident,
3264 1467 3429 1522 quam
3461 1450 3569 1505 im-

1973 1543 2168 1598 merito
2195 1553 2353 1598 antea
2385 1545 2663 1604 tenebant.

245 1636 341 1707 τῆς
384 1635 628 1700 οἰκείας.
682 1655 703 1688 ‹
751 1637 876 1690 Ὀτι
919 1636 1344 1708 μετῳκίσθησαν
1389 1638 1484 1691 ἀπ’
1540 1635 1732 1692 αὑτοῦ.
1785 1657 1803 1689 ι
1844 1639 2034 1694 Πᾶσαν
2086 1639 2198 1712 γὰρ
2247 1639 2430 1694 αὐτῶν
2485 1642 2853 1717 ἀφῃρημένην
2907 1641 3108 1714 ὁρῶσιν
3161 1641 3260 1714 τὴν
3299 1640 3459 1707 δόξαν
3500 1639 3568 1708 ἣν

246 1729 494 1800 πρόσθεν
525 1725 684 1802 εἶχον
708 1730 770 1784 ού
801 1730 1052 1796 δικαίως.
1847 1753 1854 1758 ·

314 1871 475 1940 Στίχ.
524 1869 692 1941 ς’-η’.
723 1902 798 1911 —
843 1891 863 1924 ι
897 1872 1010 1926 Καὶ
1043 1872 1209 1926 αὑτὸν
1258 1874 1340 1937 είς
1389 1873 1713 1947 Ἀσσυρίους
1765 1875 1858 1946 δή.

2039 1869 2208 1925 Vzns.
2253 1870 2367 1927 6—8.
2412 1903 2483 1913 —
2518 1890 2536 1924 ι
2583 1872 2764 1941 Atque
2793 1871 2972 1942 ipsum
3007 1872 3296 1942 alligantcs
3323 1871 3570 1927 tulerunt

251 1980 468 2027 σαντες,
507 1963 844 2035 ἀπήνεγκαν
887 1963 1042 2028 ξένια
1080 1963 1160 2036 τῷ
1196 1965 1410 2035 βασιλεί
1453 1966 1682 2038 Ἰαρείμ.
1727 1985 1745 2018 ›
1796 1968 1860 2020 Οἱ

248 2057 354 2126 γὰρ
383 2055 452 2127 δὴ
482 2055 763 2127 πρότερον
790 2057 934 2111 αύτά
965 2057 1297 2130 θεραπεύειν
1321 2057 1627 2125 δοκοῦντες,
1653 2061 1862 2114 ἐπικει-

253 2146 450 2216 μένους
501 2147 636 2211 τοὺς
690 2148 1018 2220 Ἀσσυρίους
1071 2150 1342 2222 ὁρῶντες,
1391 2150 1489 2205 ἅτε
1539 2153 1604 2205 ἐκ
1651 2151 1859 2223 χρυσοῦ

251 2239 790 2309 κατεσκευασμένας
820 2239 1211 2312 τάςδαμάλεις
1259 2243 1656 2314 συντρίψαντές
1681 2261 1742 2297 τε
1768 2245 1862 2299 καὶ

251 2331 649 2403 συνδήσαντες,
683 2333 762 2397 ὡς
812 2331 879 2385 ἂν
913 2335 965 2386 εί
1015 2335 1217 2405 χρυσὸν
1269 2337 1450 2390 κοινὸν
1501 2337 1861 2408 ἀποκομίζειν

255 2423 552 2491 μέλλοντες
579 2424 909 2478 ἀποίσουσιν
942 2424 1134 2498 ὥσπερ
1163 2443 1214 2479 τι
1245 2427 1419 2492 ξένιον
1445 2428 1524 2499 τῷ
1551 2428 1760 2498 βασιλεῖ
1785 2429 1862 2501 τῷ

251 2514 600 2580 Αἰγυπτίων,
651 2513 911 2585 βοήθειαν
957 2515 1212 2588 εὑρέσθαι
1259 2518 1385 2573 τινὰ
1448 2519 1862 2591 προσδοκῶντες

251 2606 462 2659 ἐκεῖθεν
485 2624 498 2637 ·
533 2606 700 2660 τοῦτο
732 2592 846 2677 γὰρ
874 2607 1061 2672 αὐτοῖς
1091 2609 1361 2681 πολλαχοῦ
1396 2611 1649 2682 φαίνεται
1672 2613 1863 2666 ὀνειδί-

253 2697 356 2760 ζων
384 2702 414 2753 ὁ
446 2703 770 2773 προφήτης,
802 2702 885 2754 ὅτι
920 2701 1021 2772 τὴν
1063 2703 1214 2774 παρὰ
1243 2703 1354 2756 τῶν
1379 2705 1701 2774 Αἰγυπτίων
1733 2704 1862 2778 βοή-

257 2791 402 2845 θειαν
441 2793 722 2864 ἀνέμενον
779 2795 1046 2865 ματαίως.
1092 2796 1167 2866 (p.
1208 2795 1298 2867 75)
1333 2797 1398 2849 Τί
1441 2797 1500 2850 δὲ
1529 2798 1858 2870 γενήσεται;

263 2903 280 2934 ι
327 2887 415 2938 Ἑν
436 2886 644 2957 δόματι
679 2885 924 2958 Ἐφραῖμ
951 2887 1162 2954 δέξεται
1186 2889 1469 2963 αἰσχύνην.
1504 2911 1519 2942 ι
1553 2891 1726 2963 ’Υπὲρ
1749 2892 1860 2964 γὰρ

256 2979 347 3046 τῆς
375 2978 588 3042 δόσεως
620 2981 717 3033 καὶ
739 2983 840 3050 τῆς
878 2981 972 3033 τοῦ
1001 2981 1174 3045 ξενίου
1213 2985 1612 3056 προσκομιδῆς,
1643 2986 1862 3057 αἰσχυν-

255 3070 478 3137 θήσεται
513 3072 544 3122 ὁ
587 3069 855 3142 Ἐφραῖμ,
885 3072 963 3135 ὼς
997 3073 1150 3127 οὐδὲν
1173 3075 1484 3145 ὠφελήσας,
1517 3077 1655 3130 ἀλλὰ
1682 3078 1860 3149 μάτην

1965 1954 2200 2018 munera
2241 1964 2354 2034 regi
2389 1962 2582 2020 Jarim.
2626 1983 2645 2016 ι
2684 1964 2788 2029 Qui
2824 1977 2982 2018 antea
3018 1964 3200 2018 colere
3230 1963 3374 2018 idola
3414 1963 3567 2020 vide-

1964 2046 2189 2120 bantur,
2221 2073 2366 2113 nunc.
2397 2058 2761 2127 irruptionem
2793 2057 3149 2128 Assyriorum
3180 2056 3451 2122 videntes,
3486 2056 3570 2110 fa-

1963 2152 2204 2206 bricatas
2233 2166 2370 2220 auro
2389 2150 2661 2221 juvencas
2688 2160 2978 2207 conterent
3004 2148 3116 2222 49
3143 2156 3310 2218 atque
3337 2150 3568 2221 colliga-

1963 2245 2121 2309 bunt,
2153 2253 2214 2298 ut
2245 2252 2507 2313 tanquam
2539 2241 2832 2313 profanum
2862 2259 3057 2297 aurum
3085 2241 3337 2296 deferant
3367 2255 3572 2296 munus

1964 2337 2079 2408 regi
2120 2335 2529 2407 Egyptiorum,
2565 2335 2772 2406 aliquid
2819 2334 2946 2389 inde
3001 2334 3122 2404 epis
3169 2343 3475 2405 sperantes.
3508 2332 3567 2386 id

1962 2429 2108 2484 enim
2139 2429 2358 2483 videtur
2405 2428 2488 2484 eis
2521 2443 2668 2498 saepe
2707 2428 3047 2498 exprobrare
3095 2427 3385 2497 propheta,
3417 2423 3568 2496 quod

1965 2522 2036 2576 ab
2087 2520 2363 2592 Egyptiis
2398 2519 2670 2574 auxilium
2723 2518 2927 2574 frustra
2969 2525 3376 2590 exspectarent.
3423 2517 3569 2584 Quid

1964 2623 2147 2668 autem
2199 2611 2329 2666 fiet?
2378 2629 2396 2662 ι
2439 2609 2498 2665 1η
2549 2611 2715 2666 domo
2751 2610 3085 2682 Ephraimus
3119 2611 3298 2680 capiet
3333 2610 3570 2679 ignomi-

1963 2707 2131 2760 niam.
2166 2724 2183 2757 ι
2214 2704 2447 2774 Propter
2463 2703 2796 2758 oblationem
2825 2715 3139 2769 munusque
3171 2700 3302 2754 illud
3329 2699 3570 2754 confun-

1963 2799 2126 2854 detur
2154 2797 2508 2867 prraimus,
2539 2796 2693 2850 nullo
2723 2794 3096 2850 emolumento
3126 2792 3352 2864 potitus,
3378 2791 3474 2847 sed
3501 2804 3570 2847 eo

1963 2890 2144 2945 otIicio
2195 2896 2408 2944 temere
2439 2887 2688 2942 functus.
2733 2906 2751 2938 ι
2792 2884 2850 2941 ln
2888 2884 3123 2940 consilio
3167 2899 3270 2939 suo
3302 2899 3569 2966 verecun-

1963 2983 2189 3039 dabitur
2209 2981 2400 3038 Israel.
2433 3001 2450 3032 ι
2479 2980 2906 3050 Exspectatione
2933 2994 3034 3035 sua
3060 2977 3256 3032 merito
3272 2975 3570 3031 frustrabi-

1963 3085 2074 3134 tur.
2115 3097 2136 3128 ι
2171 3075 2388 3146 Abjeeit
2426 3074 2680 3129 Samaria
2712 3089 2897 3145 regem
2933 3088 3094 3129 suum
3139 3072 3286 3128 sicut
3317 3085 3571 3126 sarmen-

250 3163 313 3227 τῇ
341 3159 556 3230 σπουδῇ
585 3160 942 3232 χρησάμενος
973 3161 1172 3233 ταύτῃ.
1214 3182 1232 3214 ‹
1279 3164 1461 3237 Ἐν.τῇ
1492 3163 1655 3238 βουλῇ
1691 3165 1860 3220 αὐτοῦ

1965 3178 2081 3224 tum
2115 3185 2284 3240 super
2322 3167 2517 3223 faciem
2553 3181 2730 3237 aquae.
2776 3186 2798 3222 ι
2850 3163 3276 3221 Machinationis
3314 3162 3464 3216 illius
3502 3175 3568 3216 ac

250 3251 693 3322 είτχυνθήσεται
738 3251 980 3322 Ἰσραήλ.
1023 3271 1042 3304 ›
1087 3253 1472 3320 Ἀποτεύξεται
1504 3257 1606 3327 τῆς
1629 3257 1860 3328 προσδο-

252 3347 370 3406 κὲας
410 3344 491 3407 ὠς
524 3343 678 3407 εἰκὸς
708 3345 809 3415 τῆς
849 3344 1078 3410 οἰκείας.
1133 3365 1150 3398 ε
1224 3347 1524 3420 Ἀπέρριψε
1573 3349 1858 3423 Σαμάρεια

253 3443 280 3501 :-
309 3435 484 3488 ’σιλέα
515 3435 724 3504 ἑαυτῆς
751 3435 828 3498 ὡς
858 3436 1136 3506 φρύγανον
1154 3436 1248 3490 ἐπὶ
1279 3437 1573 3509 προσώπου
1596 3438 1806 3505 ὓδατος.
1833 3459 1854 3494 ›

250 3529 358 3596 Τῆς
397 3527 504 3598 μὲν
535 3527 650 3597 γὰρ
680 3527 939 3598 μηχανῆς
971 3529 1187 3600 ἐκείνης
1215 3529 1310 3582 καὶ
1331 3531 1432 3602 τῆς
1462 3531 1861 3605 ἐπιχειρήσεως

249 3621 577 3674 ἀποίσονται
609 3620 806 3691 κέρδος
823 3621 981 3675 οὐδέν
1005 3637 1018 3652 ’
1048 3621 1496 3694 κρατηθήσονται
1521 3625 1861 3697 αἰχμάλωτοι

251 3717 472 3777 παντες,
512 3711 821 3782 ληφθέντος
847 3712 1029 3767 αὐτῶν
1051 3713 1264 3768 καὶτοῦ
1295 3715 1585 3786 βασιλέως,
1615 3716 1676 3782 ὃς
1703 3717 1860 3790 δίκην

251 3806 551 3875 φρυγάνων
594 3807 660 3858 ὲν.
696 3804 850 3858 ὕδατι
893 3806 1216 3878 φερομένων
1256 3808 1364 3862 ὑπὸ
1404 3807 1516 3863 τῶν
1557 3810 1861 3883 ’Δσσυρίων

250 3896 501 3966 ληφθεὶς,
527 3899 612 3960 εἰς
645 3897 746 3967 τὴν
773 3897 1066 3970 ἀλλοτρίαν
1087 3899 1469 3972 ἀπαχθήσεται
1493 3899 1700 3974 χώραν,
1724 3901 1858 3972 ἀγό-

253 4007 414 4059 μ;νος
454 3984 609 4062 ᾗπερ
652 3989 721 4043 ἂν
748 3993 862 4054 τοῖς
891 3990 1120 4045 λαϐοῦσι
1148 3992 1303 4064 δοκῇ.
1337 4013 1355 4046 ι
1390 3994 1501 4047 Καὶ
1529 3993 1859 4065 ἐξαρθήσον-

248 4101 333 4135 ται
360 4082 545 4153 βωμοὶ
575 4082 696 4146 Ὧν,
725 4084 1104 4155 ἁμαρτήματα
1133 4082 1229 4138 τοῦ
1264 4085 1504 4158 Ἰσραήλ.
1541 4105 1559 4138 ι
1585 4086 1862 4141 Παύσεται

248 4182 280 4248 ἡ
315 4180 447 4252 περὶ
477 4178 551 4232 τά
595 4176 798 4230 εἴδωλα
832 4176 1122 4247 Θεραπεία,
1172 4177 1240 4230 δι’
1282 4172 1359 4231 ὧν
1415 4177 1733 4249 ἡμάρτανεν
1780 4182 1863 4245 είς

243 4272 378 4325 θεὸν
407 4275 438 4325 ό
488 4271 734 4343 Ἰσραήλ,
768 4289 786 4320 ι
815 4268 1085 4322 Ἀκανθαι
1105 4267 1202 4321 καὶ
1223 4269 1466 4341 τρίϐολοι
1491 4271 1862 4344 ἀναϐήσονται

245 4366 336 4418 ἐπὶ
367 4368 438 4420 τὰ
468 4365 850 4436 θυσιαστήρια
874 4362 1081 4417 αὐτῶν.
1116 4381 1134 4412 ι
1186 4361 1278 4415 Ἐν
1304 4363 1547 4435 τοσαύτῃ
1568 4366 1861 4436 γενήσεται

243 4457 482 4530 ἐρημίᾳ,
523 4457 605 4520 ὡς
640 4455 870 4528 μηδενὸς
899 4453 1302 4518 ἐπιϐαίνοντος,
1341 4454 1583 4520 ἀκάνθας
1617 4457 1710 4510 καὶ
1747 4474 1864 4528 τρι-

1963 3263 2229 3319 facinoris
2260 3261 2472 3316 nullum
2523 3259 2766 3316 referent
2807 3260 3060 3325 lucrum;
3103 3257 3440 3312 tenebuntur
3472 3269 3568 3310 ca-

1964 3356 2098 3427 ptivi
2130 3371 2344 3421 omnes,
2375 3369 2504 3426 rege
2535 3369 2755 3424 quoque
2788 3352 3033 3424 ipsorum
3076 3359 3270 3421 capto:
3319 3349 3410 3420 qui
3444 3357 3567 3403 tan-

1961 3463 2128 3519 quam
2156 3452 2440 3504 sarmenta
2468 3446 2526 3500 in
2571 3446 2730 3517 aquis
2775 3445 3000 3516 agitata,
3040 3444 3110 3499 ab
3140 3443 3386 3516 Assyriis
3412 3455 3567 3496 com-

1961 3538 2274 3609 prehensus
2302 3537 2353 3590 iu
2378 3536 2618 3591 alienam
2651 3534 3029 3606 asportabitur
3060 3541 3286 3596 terram,
3317 3531 3421 3584 hac
3442 3529 3569 3584 illac

1965 3631 2382 3686 circumductus
2411 3637 2579 3700 prout
2615 3628 2920 3684 victoribus
2954 3624 3169 3680 libitum
3213 3621 3400 3678 fuerit.
3441 3641 3460 3674 ‹
3502 3620 3568 3675 Et

1962 3722 2351 3794 disperdentur
2396 3737 2508 3776 ara:
2549 3719 2655 3786 On,
2703 3727 2993 3790 peccatum
3021 3715 3210 3772 Israel.
3249 3735 3267 3768 ι
3310 3713 3569 3769 Cessabit

1962 3815 2236 3870 idolorum
2285 3816 2523 3879 cultura,
2573 3828 2812 3884 quorum
2865 3825 3038 3866 causa
3093 3806 3343 3880 peccavit
3395 3804 3566 3862 Israel

1962 3916 2156 3965 contra
2199 3906 2394 3964 Deum.
2424 3929 2443 3962 ‹
2494 3907 2678 3980 Spinae
2712 3921 2778 3962 ac
2827 3904 3016 3961 tribuli
3059 3904 3357 3958 ascendant
3400 3913 3566 3970 super

1963 3998 2160 4053 altaria
2185 4014 2401 4055 eorum.
2444 4018 2463 4052 ι
2510 3998 2570 4054 In
2601 4005 2755 4054 tanta
2780 4003 2944 4052 erunt
2979 3997 3096 4050 haec
3147 3990 3467 4058 solitudine,
3507 3999 3566 4042 ut

1963 4091 2182 4148 nemine
2210 4090 2324 4162 jam
2373 4091 2695 4156 accedente,
2747 4089 2920 4160 spinae
2968 4102 3032 4142 ac
3069 4085 3262 4141 tribuli
3317 4083 3373 4138 in
3423 4082 3566 4137 alta-

1963 4183 2108 4237 rium
2147 4182 2287 4240 locis
2317 4181 2492 4238 futuri
2522 4183 2656 4239 sint.
2689 4199 2709 4234 ι
2743 4182 2810 4235 Ει
2839 4179 3027 4235 dicent
3054 4176 3339 4232 montibus
3372 4193 3384 4228 :
3412 4171 3562 4242 Ope-

1963 4275 2068 4332 rite
2091 4281 2229 4344 nos;
2273 4283 2330 4332 et
2375 4277 2612 4333 collibus
2657 4293 2670 4329 :
2720 4274 2914 4330 Cadite
2960 4287 3128 4342 super
3167 4285 3291 4325 nos.
3337 4286 3356 4320 ι
3393 4266 3565 4337 Opta-

1965 4369 2105 4424 bunt
2149 4369 2253 4424 sub
2286 4368 2374 4423 bis
2421 4368 2622 4439 sepulti
2674 4365 3150 4436 compendiarium
3194 4361 3404 4433 perpeti
3451 4357 3569 4412 exi-

1965 4460 2126 4522 tium,
2157 4461 2342 4529 potius
2380 4473 2544 4530 quam
2573 4456 2942 4528 particulatim
2977 4453 3183 4525 puniri.

243 4555 435 4618 ϐέλους
457 4556 520 4607 ἐν
546 4555 665 4616 τοῖς
688 4551 798 4606 τῶν
830 4547 1235 4622 θυσιαστηρίων
1263 4545 1403 4603 εἶναι
1426 4550 1634 4614 τόποις.
1677 4569 1708 4620 ι¹
1731 4552 1843 4605 Καὶ
1887 4551 2074 4625 ἐροῦσι
2127 4555 2239 4616 τοῖς
2272 4551 2446 4624 ὄρεσι,
2481 4549 2777 4618 Καλύψατε
2830 4552 3012 4622 ἡμᾶς,
3049 4551 3144 4604 καὶ
3171 4550 3286 4612 τοϊς
3332 4547 3565 4616 βουνοῖς,

246 4648 448 4700 Ιῐέσετε
491 4648 578 4710 εἰς
611 4647 783 4717 ἡμᾶς.
833 4663 853 4697 ι
904 4646 1370 4718 Ἐπιθυμήσουσιν
1425 4648 1532 4702 ὑπὸ
1563 4648 1778 4714 τούτοις
1827 4653 2116 4722 γεγονότες
2153 4650 2419 4722 σύντομον
2453 4649 2747 4722 ὑπομεῖναι
2796 4649 2896 4721 τὴν
2952 4646 3256 4715 ἀπώλειαν,
3306 4641 3497 4718 (p.76)
3528 4641 3564 4715 ἢ

244 4743 350 4794 τῶν
379 4741 531 4796 κατά
566 4740 738 4812 μέρος
761 4741 1060 4812 ἀνέχεσθαι
1087 4742 1398 4814 τιμωριῶν.

316 4855 472 4927 Στίχ.
505 4855 760 4909 θ’-ια’.--
783 4873 802 4907 t
826 4854 948 4924 Ἀφ’
964 4847 1026 4910 οὗ
1043 4857 1094 4908 oi
1113 4854 1814 4929 βουνοὶῆμαρτονἸσραήλ.
1831 4876 1852 4910 ι

2032 4853 2203 4910 Vens.
2245 4853 2392 4908 9-H.
2434 4881 2506 4893 —
2549 4867 2572 4904 ι
2607 4848 2687 4904 Ex
2740 4863 2851 4920 quo
2897 4847 3067 4902 colles
3122 4851 3274 4908 sunt,
3316 4844 3568 4916 peccavit

261 4947 549 5002 Ἐντεῦθεν
601 4947 792 5011 αὐτοῖς
831 4947 930 5001 καὶ
966 4948 1000 5019 ἡ
1033 4948 1164 5018 περὶ
1204 4946 1269 5001 τὸ
1298 4947 1638 5020 ἁμαρτάνειν
1667 4948 1861 5019 γέγονε

1964 4947 2152 5004 Israel.
2191 4965 2209 4998 ι
2245 4945 2387 5000 Hinc
2435 4945 2516 5000 eis
2569 4943 2782 4998 exstitit
2809 4939 3075 5013 peccandi
3111 4939 3393 5002 voluntas,
3432 4938 3566 5010 quia

248 5038 478 5110 σπουδὴ,
507 5039 577 5090 ἐκ
608 5036 704 5090 τοῦ
744 5037 839 5092 τὸν
862 5038 999 5092 Θεὸν
1029 5039 1271 5108 ἀφέντας
1308 5040 1438 5110 περὶ
1471 5040 1600 5105 τοὺς
1640 5040 1862 5112 βουνοὺς

1964 5055 2162 5112 nempe
2194 5038 2306 5094 Deo
2334 5039 2547 5104 relicto,
2569 5037 2624 5091 in
2655 5035 2894 5090 collibus
2914 5032 3363 5104 superstitionem
3393 5031 3568 5087 idolo-

246 5133 334 5184 καὶ
358 5132 464 5203 τὴν
495 5131 615 5184 τῶν
647 5129 885 5184 εἰδώλων
910 5130 1057 5202 ἔχειν
1089 5132 1412 5203 θεραπείαν.
1456 5152 1476 5187 ι
1521 5134 1674 5189 Ἐκεῖ
1703 5133 1862 5206 ἔστη-

1965 5150 2085 5189 rum
2119 5131 2476 5188 exercebant.
2521 5147 2540 5180 ι
2580 5128 2658 5184 lbi
2693 5133 2988 5183 steterunt.
3029 5145 3048 5177 ι
3083 5125 3190 5180 Sed
3219 5138 3350 5180 ecce
3380 5123 3565 5179 scelus

247 5241 364 5280 σαν.
409 5246 429 5278 ι
484 5224 654 5277 Ἀλλά
696 5227 806 5296 γὰρ
842 5225 1080 5278 παύεται
1124 5225 1306 5280 αὐτῶν
1334 5229 1370 5298 ή
1419 5227 1740 5299 παρανομία
1775 5227 1862 5282 διὰ

1965 5241 2156 5282 eorum
2193 5224 2399 5282 desinit
2429 5230 2654 5294 propter
2690 5219 3056 5290 punitionem.
3095 5237 3114 5268 ι
3156 5215 3273 5271 Νοη
3309 5228 3566 5283 compre-

243 5315 339 5384 τῆς
390 5313 701 5386 τιμωρίας.
757 5335 774 5366 ι
826 5316 902 5368 Οὐ
955 5315 1029 5387 μὴ
1089 5315 1376 5389 καταλάϐῃ
1419 5318 1618 5383 αὐτοὺς
1674 5319 1734 5372 ἐν
1781 5317 1862 5389 τῷ

1965 5318 2170 5374 liendet
2207 5332 2303 5373 eos
2342 5317 2396 5370 in
2424 5316 2585 5371 colle.
2619 5333 2637 5365 ›
2675 5313 2900 5368 Scilicet
2933 5327 3028 5366 eos
3071 5309 3364 5378 captivitas
3391 5323 3421 5361 a
3452 5307 3566 5362 frc-

245 5407 444 5478 ﬁan').
489 5427 508 5460 ι
556 5407 780 5476 Ἀφελεί
802 5408 923 5480 γὰρ
939 5410 1142 5472 αὐτοὺς
1167 5411 1199 5481 ή
1228 5409 1581 5480 αίχμαλωσία
1605 5410 1705 5481 τῆς
1730 5411 1861 5482 περὶ⁵

1964 5408 2300 5482 quentandis
2338 5407 2575 5463 collibus
2623 5401 2938 5476 prohibebit
2977 5419 2989 5454 :
3026 5406 3191 5469 atque
3233 5399 3288 5452 in
3334 5397 3562 5452 collium

240 5503 370 5565 τοὺς
419 5500 653 5571 βουνοὲς
710 5501 988 5573 σπουδῆς*
1027 5501 1103 5564 ὡς
1158 5502 1360 5573 μηκέτι
1409 5503 1509 5572 μὲν
1556 5504 1614 5555 ἐν
1647 5505 1715 5575 τῇ
1749 5503 1861 5557 τῶν

1964 5499 2328 5571 religionibus
2409 5498 2523 5568 jam
2597 5511 2706 5550 non
2785 5491 3157 5556 invenientur,
3219 5487 3565 5558 captivitatis

245 5589 457 5661 βωνῶν
508 5594 874 5666 εὑρίσκεσθαι
923 5594 1216 5668 θεραπείᾳ,
1263 5594 1602 5668 ἡσχολῆοθαι
1635 5596 1693 5650 δὲ
1726 5597 1858 5668 περὶ

1964 5595 2220 5651 aerumnis
2267 5590 2544 5660 occupati.
2600 5608 2620 5639 ι
2656 5586 2869 5643 Bellum
2911 5585 3020 5656 50
3070 5584 3199 5639 filiis
3251 5581 3565 5652 iniquitatis

242 5685 310 5738 τὰ
357 5687 425 5740 ἐκ
470 5687 572 5758 τῆς
613 5687 997 5758 αἰχμαλωσίας
1026 5688 1194 5742 κακά.
1230 5708 1249 5742 ι
1287 5689 1534 5761 Πόλεμος
1565 5689 1659 5742 ἐπὶ
1686 5689 1855 5743 τέκνα

1964 5686 2300 5759 supervenit.
2358 5702 2376 5737 ι
2439 5680 2566 5738 Haec
2618 5680 2728 5735 illis
2779 5678 3038 5734 evenient
3101 5677 3174 5733 ob
3229 5674 3563 5745 injustitiam

242 5777 466 5842 ἀδικίας
495 5774 688 5849 ἦλθεν.
725 5797 744 5830 ι
786 5778 978 5833 Ταῦτα
1006 5778 1117 5851 γὰρ
1139 5780 1296 5834 ἐσται
1331 5781 1472 5852 ὑπὲρ
1503 5772 1578 5833 ὧν
1611 5779 1852 5850 ἠδίκουν,

1964 5788 2128 5850 atque
2180 5777 2542 5848 impietatem,
2593 5773 2796 5829 bellum
2872 5769 3239 5826 inferentibus
3297 5766 3560 5838 Assyriis.

244 5869 338 5922 καὶ
379 5869 624 5939 ἠσέϐουν
662 5871 1057 5942 ἐπενεχθέντος
1097 5872 1284 5936 αὐτοῖς
1327 5872 1423 5926 τοῦ
1456 5871 1695 5943 πολέμου
1744 5871 1853 5924 τῶν

1969 5892 1986 5924 ι
2024 5871 2188 5927 Juxta
2217 5867 2554 5925 desiderium
2583 5879 2801 5928 eorum,
2834 5863 3132 5933 corripiam
3161 5877 3276 5917 eos.
3322 5880 3339 5912 ›
3372 5857 3561 5914 Addu—

316 6049 361 6083 ”
387 6045 540 6106 Psal.
568 6065 776 6122 xxxvu,
808 6053 892 6109 I7.
