4102 6454
560 426 664 482 18Ἰ

1761 430 2112 489 THEODORI
2150 434 2629 492 MUPSUESTENI

3730 443 3830 499 138

562 556 682 597 cam
718 540 801 598 eis
842 542 1024 613 itaque
1055 544 1222 611 mala,
1252 560 1373 616 qua:
1404 547 1757 618 corripiendo
1793 548 2089 615 sulﬁciant,
2121 568 2151 606 a

2267 556 2587 628 Ἀσσυρίων.
2627 574 2644 607 ι
2689 556 2969 609 Παιδεύσω
2998 557 3198 624 αὐτοὺς
3226 558 3365 614 κατά
3406 557 3504 628 τὴν
3537 559 3837 627 ἐπιθυμίαν

563 632 764 702 quibus
819 634 1019 690 eruditi
1072 638 1299 707 propria
1353 648 1578 709 peccata
1638 649 1960 712 agnoscent.
2007 662 2025 695 ι
2083 642 2147 698 Et

563 726 1049 798 congregabantur
1078 743 1246 800 super
1275 745 1371 787 eos
1398 731 1608 802 pepuli,
1630 748 1755 787 cum
1779 734 2151 803 corripientur

564 825 790 885 propter
821 817 961 873 duas
992 816 1320 890 iniquitat‘Es
1353 836 1505 879 suas.
1533 841 1551 875 ι
1589 822 1867 881 Grandem
1902 826 2149 883 hostium

564 908 977 965 nndtitudinem
1024 911 1290 968 adversus
1336 928 1430 969 eos
1480 929 1811 986 congeram:
1854 919 2148 989 corripiam

562 1015 661 1054 eos
689 1004 818 1069 quia
856 1009 910 1055 et
940 1017 1026 1057 me
1069 1005 1450 1073 neglexerunt,
1488 1011 1542 1059 et
1573 1005 1736 1060 idolis
1776 1005 2149 1063 adhaeserunt.

572 1110 590 1141 ι
634 1090 962 1162 prraimbs
991 1094 1159 1149 vitula
1199 1095 1357 1150 docta
1386 1096 1621 1167 diligere
1649 1099 2085 1155 contentionem.
2127 1118 2145 1151 ι

564 1180 746 1235 lostar
777 1185 957 1238 vitulze
985 1186 1304 1251 resilientis,
1343 1195 1396 1242 et
1430 1203 1693 1259 superare
1726 1189 2028 1246 domitores
2062 1207 2154 1247 vo-

567 1273 752 1338 lentis,
806 1277 1013 1331 siciste
1052 1292 1082 1331 a
1132 1278 1242 1333 Deo
1278 1281 1528 1344 recessit,
1564 1295 1669 1334 nec
1716 1281 1821 1351 ipsi
1868 1282 2154 1338 servitutis

568 1364 722 1416 soi-io
762 1365 981 1422 cedens.
1027 1386 1044 1418 ι
1083 1367 1195 1438 Ego
1234 1377 1415 1423 autem
1459 1371 1673 1424 veniam
1714 1386 1880 1441 super
1898 1372 2156 1441 pulchri-

569 1458 815 1513 tudinem
848 1462 971 1514 colli
1010 1463 1148 1531 ejus.
1194 1481 1212 1515 ›
1258 1461 1487 1517 Omnem
1535 1465 1583 1519 ei
1624 1463 2026 1521 formositatem
2058 1465 2156 1520 de-

568 1549 830 1616 traham,
898 1566 1004 1623 qua
1089 1553 1458 1623 supcrbiebat.
1531 1573 1551 1607 ι
1600 1554 1909 1611 Ascendam
1991 1572 2157 1627 super

568 1641 949 1708 prraimum.
982 1662 1003 1697 ι
1056 1642 1341 1715 Tanquam
1388 1646 1572 1701 vitula:
1622 1649 1980 1704 contentiosa:
2021 1649 2156 1706 insi-

569 1740 712 1785 stam
734 1734 942 1788 viribus
965 1736 1123 1791 meis.
1156 1755 1174 1787 ι
1204 1735 1700 1793 Reticebqudam.
1722 1756 1741 1791 ι
1768 1738 1963 1793 Iudam
1990 1742 2155 1796 omit-

570 1834 704 1891 tam,
760 1825 815 1880 id
860 1837 944 1883 est
986 1830 1397 1886 calamitatibus
1452 1833 1695 1886 exerceri
1750 1833 1954 1897 sinam,
2004 1834 2156 1888 nullo

2256 664 2377 717 μου.
2414 667 2433 698 ι
2478 646 2693 714 Ἐπάξω
2728 646 2909 701 τοίνυν
2939 648 3123 714 αὐτοῖς
3153 651 3300 704 κακά
3336 649 3609 704 παιδεύειν
3636 650 3833 715 αὐτοὺς

2251 739 2564 810 ἀρκούντως
2585 738 2860 808 δυνάμενα
2881 753 2892 765 ’
2926 737 2993 791 δι’
3027 731 3102 792 ὧν
3138 739 3517 803 παιδευθέντες
3546 736 3835 809 αίσθήσον-

2251 848 2341 885 ται
2387 830 2488 901 τῆς
2542 828 2753 883 ἑαυτῶν
2798 829 3014 894 κακίας.
3059 848 3078 883 ι
3118 832 3230 885 Καὶ
3278 828 3701 900 συναχθήσονται
3743 830 3834 882 ἐπ’

2252 921 2451 985 αὐτοὺς
2481 920 2602 975 λαοὶ
2634 922 2693 974 ἐν
2718 920 2797 992 τῷ
2831 920 3183 975 παιδεύεσθαι
3212 921 3410 986 αὐτοὺς
3437 923 3494 974 ἐν
3520 924 3641 985 ταῖς
3682 920 3835 975 δυσὶν

2253 1010 2491 1072 ἀδικίαις
2533 1007 2734 1063 αὐτῶν.
2787 1027 2806 1059 ι
2856 1009 2999 1063 Πολὺ
3029 1009 3139 1082 γὰρ
3170 1010 3444 1082 πολεμίων
3490 1008 3695 1078 πλῆθος
3745 1009 3834 1061 ἐπ’

2254 1101 2452 1164 αὐτοὺς
2485 1099 2745 1173 ἀθροίσω,
2800 1101 3039 1156 παιδεύω
3090 1104 3292 1166 αὐτοὺς
3322 1103 3462 1173 ὑπὲρ
3507 1096 3582 1154 ὧν
3610 1100 3744 1171 ἐμοῦ
3776 1119 3836 1154 τε

2253 1190 2511 1262 ἠμέλουν,
2541 1193 2636 1246 καὶ
2663 1194 2776 1256 τοῖς
2797 1192 3035 1258 εἰδώλοις
3067 1197 3374 1265 προσεῖχον.
3406 1212 3425 1245 ι
3477 1192 3715 1263 Ἐφραῒμ
3748 1191 3839 1247 δά-

2259 1284 2418 1352 μαλις
2452 1283 2805 1355 δεδιδαγμένη
2836 1286 3056 1356 ἀγαπᾷν
3079 1288 3278 1350 νεῖκος.
3312 1306 3331 1339 ι
3361 1285 3528 1357 Δίκην
3550 1285 3838 1356 δαμάλεως

2256 1374 2675 1447 ἁποσκιρτώσης
2703 1377 2794 1430 καὶ
2824 1381 3191 1448 κατακρατεῖν
3221 1379 3329 1432 τῶν
3352 1377 3703 1449 δαμαζόντων
3726 1376 3839 1429 ἐθει

2256 1466 2473 1536 λούσης,
2501 1466 2674 1531 οὕτως
2704 1469 3074 1540 ἀφιστάμενος
3105 1469 3202 1523 τοῦ
3234 1469 3369 1523 Θεοῦ
3416 1468 3510 1522 καὶ
3541 1468 3642 1521 ούκ
3673 1470 3836 1523 είκων

2255 1557 2333 1628 τῷ
2383 1556 2602 1629 συζύγῳ
2648 1561 2747 1630 τῆς
2794 1559 3059 1624 δουλείας.
3105 1578 3124 1610 ι
3190 1558 3331 1629 Ἐγὼ
3359 1559 3417 1613 δὲ
3468 1557 3838 1628 ἐπελεύσομαι

2259 1648 2349 1701 ἐπὶ
2379 1649 2440 1702 τὸ
2478 1648 2675 1711 κάλλος
2709 1647 2804 1701 τοῦ
2835 1649 3110 1719 τραχήλου
3156 1650 3345 1720 αὐτῆς.
3389 1669 3407 1701 ο
3456 1650 3643 1701 Πᾶσαν
3669 1649 3837 1720 αὐτῆς

2258 1738 2443 1809 ἀφελῶ
2474 1739 2574 1808 τὴν
2601 1739 2955 1810 εὐπρέπειαν,
2991 1741 3078 1809 ἐφ’
3178 1740 3322 1811 μέγα
3365 1740 3601 1811 ἐφρόνει.
3643 1740 3717 1810 (p.
3745 1740 3838 1811 77)

2266 1850 2284 1881 ι
2308 1829 2568 1883 Ἑπιϐιϐῶ
2586 1828 2664 1900 τῷ
2687 1828 2947 1900 Ἐφραίμ.
2971 1848 2991 1883 ι
3023 1831 3237 1885 Ὠςανεὶ
3256 1831 3539 1902 δαμάλεως
3556 1832 3840 1903 ἐριστικῆς

570 1918 774 1974 auxilio
810 1920 1178 1991 suppeditato.
1238 1920 1393 1977 Sicut
1430 1934 1517 1979 est
1556 1924 1702 1995 apud
1734 1923 1956 1979 beatum
1992 1924 2157 1981 Davi-

2258 1921 2594 1992 ὲπιϐήσομαι
2621 1920 2765 1975 κατὰ
2793 1920 2893 1992 τὴν
2917 1921 3148 1993 δύναμιν
3170 1922 3269 1993 τὴν
3292 1924 3454 1994 ἐμήν.
3489 1941 3509 1975 ι
3544 1924 3842 1995 Παρασιω-

569 2013 723 2067 dem:
776 2030 796 2066 ι
822 2012 900 2068 Ne
929 2022 1112 2072 taceas
1139 2031 1169 2070 a
1204 2017 1379 2082 me“,
1412 2035 1432 2069 ι
1466 2017 1521 2071 id
1543 2024 1651 2082 est,
1689 2033 1759 2072 ne
1787 2033 1875 2072 me
1907 2019 2155 2084 omittas,

567 2104 697 2157 dum
743 2105 955 2175 aSperis
1004 2122 1198 2163 versor
1250 2110 1305 2163 in
1351 2110 1537 2166 rebus.
1592 2126 1612 2160 ι
1676 2107 2051 2165 Roborabitur
2105 2113 2156 2167 ei

567 2196 760 2251 Iacob.
794 2216 812 2249 ι
866 2196 1169 2254 Ostendam
1218 2200 1366 2257 vires
1415 2216 1567 2257 meas
1617 2201 1878 2257 universo
1920 2202 2152 2258 lsraeli:

569 2303 752 2359 neque
806 2292 950 2345 enim
1003 2291 1307 2348 obscurum
1359 2301 1467 2358 est,
1509 2290 1682 2348 Iacob
1718 2300 1886 2363 atque
1934 2292 2156 2349 lsraelis

568 2384 889 2441 nominibus
922 2393 1093 2439 totam
1122 2384 1442 2441 Iudaeorum
1470 2395 1688 2457 gentem
1723 2387 2058 2457 nuncupari,
2083 2403 2152 2443 ex

570 2476 658 2531 sui
706 2478 1081 2547 progenitoris
1131 2477 1337 2548 duplici
1389 2478 1756 2547 appellatione
1788 2478 1864 2532 ita
1901 2479 2155 2534 nomina-

569 2578 711 2623 tam:
746 2571 842 2639 qui
867 2578 1028 2623 antea
1063 2569 1249 2624 dictus
1274 2567 1465 2635 Iacob,
1500 2577 1624 2640 post
1658 2569 1927 2625 visionem
1988 2571 2157 2626 lsrael

569 2665 651 2713 est
683 2657 1015 2728 appellatus.
1048 2657 1214 2711 Sicut
1242 2659 1404 2712 etiam
1435 2658 1581 2728 apud
1605 2658 1827 2713 beatum
1854 2657 2113 2714 Davidem
2140 2677 2154 2713 :

573 2766 593 2798 ι
628 2747 801 2818 Elegit
837 2746 1097 2804 Davidem
1116 2764 1338 2804 servum
1363 2764 1547 2814 suum,
1574 2749 1911 2819 sustulitque
1937 2764 2064 2805 eum
2091 2750 2161 2805 de

568 2839 830 2910 gregibus
877 2841 1102 2907 ovium;
1159 2846 1218 2894 et
1273 2849 1396 2910 post
1444 2842 1701 2895 fmtantes
1743 2840 1961 2911 accepit
1992 2854 2160 2907 eum;

575 2944 808 2999 pascere
831 2928 1005 2985 Iacob
1028 2945 1249 2985 servum
1280 2944 1467 2994 suum,
1499 2937 1554 2984 et
1576 2928 1837 2986 lsraelem
1864 2929 2159 2985 heredita-

569 3027 679 3073 tem
696 3030 855 3073 suam
872 3015 982 3087 ³⁶¹;
1006 3036 1027 3069 ›
1056 3019 1331 3073 ambabus
1369 3020 1835 3091 appellationibus
1867 3018 2156 3076 Iudaicam

572 3122 789 3183 gt‘lllem
819 3116 941 3169 sine
968 3113 1137 3170 dubio
1176 3113 1394 3168 dicens.

2254 2013 2499 2083 πήσομαι
2536 2012 2630 2066 τὸν
2690 2012 2910 2067 Ἰούδαν.
2961 2032 2980 2065 ι
3034 2014 3483 2085 Παραπέμψομαι
3527 2014 3725 2070 Ἰούδαν
3774 2017 3841 2069 ἐν

2254 2105 2444 2167 κακοῖς
2461 2100 2871 2173 ἐξεταζάμενον,
2889 2102 3011 2156 οὐδὲ
3038 2102 3167 2173 μίαν
3185 2101 3335 2171 αύτῷ
3362 2101 3542 2172 νέμων
3565 2100 3837 2173 βοήθειαν·

2251 2191 2362 2245 οἷόν
2401 2195 2519 2246 ἐστι
2544 2192 2694 2263 παρά
2720 2191 2796 2261 τῷ
2824 2190 3079 2262 μακαρίῳ
3103 2188 3266 2243 Δαυῖδ
3288 2188 3373 2253 τὸ,
3403 2207 3422 2240 ι
3446 2188 3539 2259 Μὴ
3557 2204 3843 2258 παρασιω-

2252 2285 2433 2355 πήσῃς
2458 2284 2553 2338 ἀπ’
2582 2282 2739 2353 ἐμοῦ,
2765 2302 2783 2334 ι
2808 2283 2947 2337 ἀντὶ
2979 2281 3098 2347 τοῦ,
3123 2281 3215 2351 Μὴ
3246 2279 3593 2351 παραπέμψῃ
3615 2278 3684 2333 τά
3711 2278 3839 2333 κατ’

2250 2375 2372 2445 ἐμὲ,
2404 2376 2462 2428 ἐν
2485 2374 2744 2444 χαλεποῖς
2768 2372 3156 2442 ἐξεταζόμενον
3183 2371 3521 2442 πράγμασιν.
3549 2390 3567 2420 ι
3592 2369 3841 2439 Ἐνισχύο

2253 2485 2335 2521 σει
2356 2466 2508 2538 αύτῷ
2550 2464 2766 2520 Ἰακώϐ.
2800 2483 2818 2517 ι
2862 2463 3236 2533 Ἑπιδείξομαι
3264 2461 3362 2533 τὴν
3392 2464 3546 2533 ίσχὺν
3571 2461 3667 2532 τὴν
3696 2460 3841 2532 ἐμὴν

2252 2563 2417 2616 παντὶ
2441 2560 2520 2631 τῷ
2553 2559 2804 2631 Ἰσραήλ·
2828 2559 2890 2611 ού
2919 2556 3030 2629 γάρ
3052 2556 3247 2628 ἄδηλον
3271 2557 3355 2610 ὃτι
3384 2556 3479 2611 καὶ
3520 2553 3713 2611 Ἰακὼϐ
3745 2555 3843 2608 καὶ

2267 2651 2486 2723 Ἰσραὴλ
2517 2652 2578 2704 τὸ
2610 2650 2761 2713 ἔθνος
2811 2649 2957 2705 ἆπαν
3003 2648 3254 2704 καλεῖται
3284 2648 3395 2702 τῶν
3454 2646 3745 2710 Ἰουδαίων,
3776 2646 3843 2699 ἐκ

2255 2742 2349 2797 τοῦ
2404 2740 2749 2815 προπάτορος
2806 2738 2987 2793 αὐτῶν
3045 2739 3384 2810 ἀμφοτέραις
3446 2736 3845 2806 ὀνομαζόμενον

2259 2838 2378 2899 ταῖς
2414 2832 2809 2906 προσηγορίαις
2833 2849 2847 2863 ⁸
2881 2831 2940 2896 ὃς
2978 2831 3271 2900 λεγόμενος
3305 2831 3567 2901 πρότερον
3622 2826 3841 2891 Ἰακὼϐ,

2265 2926 2405 2997 μετὰ
2423 2926 2523 2997 τὴν
2545 2924 2814 2980 ὀπτασίαν
2877 2920 3095 2994 Ἰσραὴλ
3124 2920 3402 2994 ἐπεκλήθη
3422 2938 3437 2952 ο
3470 2921 3545 2983 ὡς
3577 2921 3669 2974 καὶ
3692 2920 3845 2990 παρὰ.

2259 3018 2337 3090 τῷ
2380 3017 2640 3090 μακαρίῳ
2685 3015 2869 3070 Δαυῖδ’
2907 3035 2925 3068 ι
2966 3016 3282 3083 Ἐξελέξατο
3323 3014 3488 3069 Δαυτδ
3519 3015 3610 3068 τὸν
3655 3014 3842 3068 δοῦλον

2260 3112 2450 3177 αὐτοῦ,
2489 3112 2587 3165 καὶ
2630 3108 2895 3164 ἀνέλαϐεν
2947 3110 3112 3162 αὐτὸν
3159 3111 3224 3162 ἐκ
3276 3108 3383 3162 τῶν
3433 3107 3702 3177 ποιμνίων
3736 3106 3843 3158 τῶν

569 3206 879 3278 προϐάτων,
922 3208 1205 3275 ἐξόπισθεν
1262 3207 1373 3263 τῶν
1419 3208 1793 3279 λοχευομένων
1846 3209 2224 3281 προσελάϐετο
2273 3208 2468 3272 αὑτὸν,
2525 3205 2834 3278 ποιμαίνειν
2901 3204 3096 3259 Ἰακὼϐ
3146 3204 3236 3258 τὸν
3291 3202 3474 3257 δοῦλον
3526 3203 3715 3267 αὑτοῦ,
3752 3204 3843 3256 καὶ

582 3294 799 3368 Ἰσραὴλ
824 3297 925 3370 τὴν
951 3297 1316 3372 κληρονομίαν
1349 3304 1546 3358 αὑτοῦ·
1586 3324 1606 3357 ι
1641 3306 1980 3381 ἀμφοτέραις
2009 3310 2129 3371 ταῖς
2154 3304 2552 3378 προσηγορίαις
2570 3302 2633 3356 τὸ
2672 3300 2965 3355 Ἰουδαϊκὸν
2997 3300 3148 3363 ἔθνος
3179 3299 3422 3370 εἰρηκότι
3457 3298 3664 3367 σαφῶς.

641 3385 807 3443 Vens.
853 3388 1039 3446 12-15.
1075 3411 1172 3446 -‹
1224 3393 1507 3453 Sentinate
1552 3397 1711 3454 vobis
1752 3399 1822 3454 ad
1860 3399 2157 3470 justitiam,

2328 3397 2488 3467 -Στίχ,
2533 3394 2716 3465 ιβ’-ιε’.
2748 3421 2822 3434 -
2851 3411 2870 3445 ι
2903 3392 3173 3463 Σπείρατε
3215 3393 3427 3454 ἑαυτοῖς
3463 3392 3544 3453 είς
3566 3387 3842 3443 δικαιοσύ-

568 3481 761 3536 metite
788 3480 856 3535 ad
897 3481 1135 3540 fructum
1171 3486 1317 3543 vitae.
1375 3507 1394 3541 ι
1434 3487 1625 3544 Facite
1661 3505 1795 3561 ergo
1823 3491 2160 3547 omnimodae

563 3569 799 3639 justltiat
848 3587 1050 3644 opera;
1104 3594 1169 3632 ex
1226 3579 1312 3635 bis
1362 3581 1508 3635 enim
1554 3583 1865 3640 seminibus
1915 3582 2158 3639 fructdm

569 3663 697 3717 vitm
733 3672 940 3721 metere
974 3667 1124 3725 licet.
1180 3688 1200 3723 ι
1250 3670 1550 3729 Accendite
1585 3674 1687 3744 51
1722 3675 1879 3730 vobis
1918 3676 2163 3731 scientiae

571 3755 782 3809 lumen.
823 3776 842 3809 ι
879 3756 1018 3813 Dum
1062 3772 1281 3832 tempus
1312 3764 1551 3829 habetis,
1584 3765 1839 3822 veritatis
1870 3766 2161 3824 scientiam

571 3849 878 3919 acquirite:
918 3860 1044 3907 ante
1096 3854 1401 3923 puniti-onis
1451 3865 1688 3928 tempus,
1740 3868 2013 3928 quantum
2044 3861 2161 3917 fieri

572 3943 796 4011 poterit,
848 3944 1175 4012 pmnitentia
1233 3947 1487 4004 redimite
1522 3950 1802 4003 malorum
1852 3953 2163 4020 perpessio-

572 4050 721 4088 nem.
778 4052 797 4086 ι
832 4034 1070 4102 Quaerite
1126 4036 1458 4103 Dominum,
1501 4039 1680 4096 donec
1731 4041 1890 4097 vobis
1942 4043 2162 4098 veniant

574 4126 759 4196 fruges
789 4126 1040 4196 iustitiae.
1088 4148 1107 4182 ι
1144 4128 1308 4185 Omni
1343 4144 1477 4185 cura
1506 4130 1561 4185 id
1590 4131 1821 4203 satagite
1869 4133 2017 4203 quod
2053 4131 2164 4188 Deo

574 4221 776 4289 placet,
810 4231 867 4276 ut
897 4222 1058 4279 vobis
1096 4223 1373 4294 justitiam
1408 4224 1613 4279 lucrari
1642 4226 1947 4297 contingat.
1996 4244 2017 4277 ι
2051 4225 2165 4281 Cur

570 4310 976 4369 dissimulastis
1026 4314 1388 4385 impietatem,
1425 4320 1479 4370 et
1510 4314 1767 4371 fructum
1814 4317 1937 4387 ejus
1974 4317 2164 4373 vinde-

570 4403 811 4470 tniastis,
861 4404 1108 4462 fallacem
1159 4405 1399 4463 fructum
1449 4409 1811 4465 comedistis?
1845 4429 1865 4463 ι
1921 4410 2164 4468 Desinite

570 4492 758 4555 facere
811 4499 998 4569 qualia
1047 4500 1179 4555 olim
1228 4500 1444 4572 egistis,
1481 4502 1896 4560 dissimulantes
1930 4506 2167 4559 reticen-

570 4601 766 4660 tesque
790 4591 849 4645 in
889 4598 1042 4646 tanta
1075 4606 1198 4661 quae
1234 4591 1402 4648 (lebat
1452 4592 1753 4663 impietate,
1797 4609 1925 4650 cum
1969 4604 2161 4651 contra

2261 3505 2379 3558 νην,
2415 3488 2511 3542 καὶ
2528 3487 2786 3558 θερίσατε
2817 3487 2900 3550 είς
2931 3484 3145 3556 καρπὸν
3170 3482 3336 3552 ζωῆς.
3374 3502 3393 3535 ι
3427 3483 3704 3554 Πράττετε
3730 3484 3845 3537 τοί⁶

2262 3597 2358 3633 νυν
2384 3580 2421 3634 ἃ.
2452 3580 2635 3649 πάσης
2654 3576 3004 3648 δικαιοσύνης
3028 3577 3175 3629 ἐστὶν
3200 3576 3336 3646 ἔργα
3353 3590 3367 3604 ο
3400 3576 3475 3645 (p.
3514 3574 3602 3642 78)
3641 3577 3707 3628 ἐκ
3733 3574 3848 3646 γὰρ

2262 3669 2369 3723 τῶν
2397 3667 2653 3723 τοιούτων
2687 3666 3020 3737 σπερμάτων
3064 3666 3242 3719 ἔνεστι
3287 3665 3432 3735 ζωῆς
3466 3663 3678 3735 θερίσαι
3710 3681 3850 3735 καρ⁴

2264 3760 2385 3814 πόν.
2420 3778 2440 3812 ι
2476 3759 2754 3813 Φωτίσατε
2789 3759 3005 3821 ἑαυτοῖς
3033 3756 3150 3825 φῶς
3180 3759 3456 3825 γνώσεως.
3497 3775 3517 3809 ι
3553 3757 3698 3819 Ἕως
3726 3756 3851 3810 ἔστι

2265 3852 2476 3923 καιρὸς,
2502 3852 2608 3922 τῆς
2634 3850 2891 3920 ἀληθείας
2925 3848 3215 3920 μετέλθετε
3236 3849 3336 3919 τὴν
3365 3847 3588 3916 γνῶσιν,
3616 3848 3717 3919 πρὸ
3745 3848 3853 3901 τοῦ

2264 3942 2455 4015 καιροῦ
2494 3943 2592 4013 τῆς
2618 3942 2913 4013 τιμωρίας,
2952 3943 3013 3995 έν
3047 3942 3157 4011 ὅσῳ
3185 3940 3407 3995 δυνατὸν
3442 3938 3857 4011 μεταμεληθέν-

2263 4054 2384 4102 τας,
2421 4036 2680 4107 κερδᾶναι
2714 4034 2824 4088 τῶν
2860 4032 3047 4087 κακῶν
3086 4033 3185 4103 τὴν
3228 4035 3443 4103 πεῖραν.
3495 4048 3516 4082 ι
3580 4028 3856 4102 Ἐκζητή-

2266 4148 2394 4184 σατε
2421 4130 2511 4183 τὸν
2556 4127 2761 4200 Κύριον
2801 4126 2908 4190 ἓως
2938 4125 3033 4179 τοῦ
3069 4124 3241 4178 ἐλθεῖν
3268 4125 3394 4195 ὑμῖν
3421 4123 3740 4194 γεννήματα
3766 4122 3856 4177 δι·

2264 4220 2577 4292 καιοσύνης.
2618 4239 2637 4273 ι
2658 4217 2927 4290 Φροντίδα
2950 4218 3133 4271 πᾶσαν
3160 4214 3459 4286 ποιήσασθε
3485 4212 3592 4269 τῶν
3621 4212 3699 4283 τῷ
3724 4212 3856 4285 Θεῷ

2262 4312 2586 4377 δοκούντων,
2633 4311 2710 4375 ὡς
2754 4311 2819 4365 ἂν
2864 4308 3221 4383 προσγένοιτο
3267 4308 3399 4377 ύμῖν
3440 4303 3854 4377 καρπώσασθαι

2262 4406 2361 4477 τὴν
2388 4404 2756 4473 δικαιοσύνην.
2786 4422 2803 4455 ι
2842 4402 2962 4456 ἰνα
2991 4401 3043 4454 τί
3073 4401 3536 4470 παρεσιωπήσατε
3564 4397 3851 4464 ἀσέϐειαν,

2263 4500 2358 4553 καὶ
2391 4498 2480 4553 τὸν
2512 4496 2727 4568 καρπὸν
2764 4494 2933 4564 αὐτῆς
2963 4492 3326 4564 ἐτρυγήσατε,
3360 4491 3596 4560 ἐφάγετε
3632 4490 3857 4560 καρπὸν

2262 4591 2466 4661 dandi};
2505 4608 2524 4641 ι
2564 4586 2854 4641 Παύσασθε
2882 4586 2946 4656 δὴ
2970 4584 3065 4639 τοῦ
3099 4582 3328 4638 τοιαῦτα
3355 4586 3528 4637 ποιεῖν
3547 4599 3561 4615 ’
3594 4585 3757 4639 ὁποῖα
3780 4583 3855 4655 δὴ

574 4682 627 4733 ,ιιί
663 4680 1017 4735 irascendum
1067 4680 1287 4746 fuisset,
1335 4697 1405 4736 ex
1452 4697 1562 4749 qua
1594 4683 1832 4739 fructum
1882 4700 2071 4741 errore
2100 4701 2157 4759 ac

2265 4683 2326 4735 τὸ
2366 4682 2633 4752 πρότερον
2663 4679 2919 4740 ἐποιεῖτε,
2951 4677 3454 4749 παραπεμπόμενοί
3497 4693 3559 4729 τε
3586 4676 3681 4730 καὶ
3714 4676 3856 4745 ἡσυ-

574 4781 909 4826 noeumento
953 4772 1175 4841 plenum
1217 4773 1530 4842 carpsistis.
1580 4794 1599 4828 ι
1635 4774 1776 4841 Quia
1819 4779 2056 4845 sperasti
2102 4780 2157 4833 in

2262 4770 2521 4843 κάξοντες
2548 4769 2642 4824 ἐπὶ
2664 4767 2892 4838 ἀσεϐείᾳ
2936 4768 3237 4841 γιγνομένῃ
3262 4767 3521 4840 τοσαύτῃ,
3546 4768 3665 4821 δέον
3704 4767 3857 4835 ἀγα..

575 4862 837 4917 ‹·ιπι·ἰι)υε
872 4864 1008 4929 tuis,
1037 4863 1094 4917 in
1125 4863 1472 4919 exercituum
1505 4873 1726 4921 tuorum
1757 4867 2111 4925 multitudine
2139 4887 2155 4936 ;

2264 4865 2482 4918 va~xtsiv
2508 4862 2596 4914 ἐπ’
2625 4860 2786 4931 αὐτῇ.
2808 4855 2875 4933 ἦς
2902 4861 2991 4915 τὸν
3021 4861 3234 4932 καρπὸν
3262 4859 3598 4932 ἐκομίσασθε
3626 4858 3855 4928 ἀπάτης

576 4969 708 5011 ecce
741 4956 950 5010 orietur
997 4955 1235 5025 perditio
1265 4956 1471 5026 populo
1500 4964 1614 5020 tuo.
1636 4965 1706 5013 .et
1745 4973 1938 5016 omnes
1970 4962 2155 5015 muni-

2264 4956 2357 5013 καὶ
2380 4952 2581 5024 βλάϐης
2598 4951 2817 5023 μεστόν.
2840 4972 2859 5005 ι
2886 4954 3010 5007 Ὅτι
3037 4953 3274 5024 ἡλπισας
3296 4954 3354 5006 ἐν
3372 4954 3486 5014 τοῖς
3506 4949 3716 5025 ἆρμασί
3731 4949 3853 5020 (-10)

576 5048 755 5102 tiones
787 5053 894 5100 tua:
937 5045 1311 5100 destruantur.
1361 5064 1379 5098 ι
1416 5043 1496 5100 Tu
1527 5047 1750 5118 quidem
1796 5049 2156 5107 existimabam

2262 5064 2378 5113 σου,
2426 5047 2484 5099 ἐν
2526 5045 2718 5117 πλήθει
2750 5045 3033 5118 δυνάμεών
3084 5061 3182 5100 σου
3205 5062 3219 5075 ·
3272 5045 3369 5099 καὶ
3415 5042 3849 5116 ἐξαναστήσεται

685 5206 728 5243 ³⁸
764 5205 910 5265 Psal.
944 5222 1112 5275 xxvn,
1148 5208 1200 5263 1.
1278 5207 1344 5241 ³⁰⁴
1375 5211 1519 5270 Psal.
1548 5227 1747 5279 Lxxvn,
1784 5209 1871 5267 '76.

647 5362 760 5435 (10)
795 5361 1309 5435 Animadvertamus
1359 5356 1697 5435 praeclaram,
1726 5355 2015 5435 lectionem
2054 5355 2154 5426 ἆρ-

580 5425 1023 5505 “smmum,
1057 5444 1222 5505 quam
1251 5425 1441 5498 reapse
1473 5425 1705 5505 requirit
1738 5426 1997 5505 versiculi
2028 5440 2161 5505 con-

576 5494 761 5558 iextus
807 5509 862 5555 et
910 5494 1030 5557 mos
1075 5494 1319 5555 biblieus
1348 5494 1711 5567 'gemin'andi
1738 5494 2069 5567 sententiam
2105 5497 2158 5551 in

575 5570 965 5628 hemisticltiis.
1025 5565 1397 5625 Confirmatur
1426 5568 1544 5623 hinc
1591 5565 1754 5622 lectio
1809 5566 2051 5619 curribus
2092 5569 2159 5619 ali

2258 5365 2420 5425 atque
2460 5359 2579 5431 ipse
2618 5359 2924 5431 llebreicus
2965 5366 3173 5423 textus,
3216 5360 3339 5431 plus
3363 5359 3549 5431 minus
3580 5359 3647 5413 ad
3691 5360 3847 5418 Grave-

2256 5444 2377 5483 cam
2411 5429 2761 5487 communem
2793 5430 3084 5486 lectionem
3125 5429 3416 5486 accedunt.
3449 5429 3556 5485 Sed
3596 5438 3651 5485 et
3678 5432 3847 5486 aliam

2258 5501 2577 5556 varietatem
2618 5516 2728 5555 non
2768 5500 3142 5557 reticebimus.
3177 5501 3345 5556 Retro
3395 5500 3541 5555 enim
3584 5517 3639 5570 p.
3671 5501 3759 5565 M,
3787 5519 3845 5558 ν.

2258 5570 2432 5624 ult.in
2468 5579 2619 5626 textu
2642 5571 2866 5641 ibiblico
2896 5570 3284 5641 οταινσκοπόν,
3350 5578 3510 5641 prout
3566 5571 3726 5641 vulgo
3786 5573 3846 5626 in

577 5640 817 5697 Arabico
864 5640 1167 5710 interprete
1199 5636 1633 5710 inPolyglottis,
1669 5650 1884 5710 necnon
1928 5635 2021 5710 a_b_
2054 5635 2159 5689 lta-
2256 5641 2590 5696 ezlitionibns
2627 5640 2871 5707 Graecis;
2912 5651 2967 5694 at
3000 5635 3418 5710 Mopsuestcnns
3455 5640 3509 5693 in
3561 5635 3848 5696 continuen-

578 5714 686 5767 lica
719 5722 922 5773 vetere,
947 5704 1191 5781 et’a,Gr.
1214 5709 1369 5781 Ales.
1392 5704 1448 5762 et
1462 5705 1705 5781 Bai-her;
1737 5704 1888 5781 apud
1905 5704 2159 5781 ﬁabate—
2256 5711 2399 5764 tario
2443 5704 2867 5765 demonstrabat
2901 5724 2962 5765 se
2998 5704 3195 5781 legisse
3239 5711 3405 5765 σῦκον
3442 5710 3622 5780 ﬁcum,
3675 5726 3845 5778 quam

584 5780 1201 5861 n'ium..‘Attamen_.i_pse
1231 5777 1405 5861 codex
1420 5776 1640 5857 celeber
1657 5773 1799 5861 ‘Yat;
1829 5776 1986 5861 #09,
2030 5791 2155 5861 etim
2265 5781 2607 5861 verissimam
2638 5780 3003 5861 Mopsuesteni
3029 5773 3317 5861 loctionem
3351 5773 3846 5861 mtilirmantlltala

581 5854 705 5931 ejus
729 5848 974 5931 llomana
993 5844 1257 5912 editione,
1277 5855 1333 5931 et
1343 5846 1623 5931 communi
1655 5844 1845 5931 Graeco
1870 5852 2038 5928 textu,
2068 5847 2159 5901 lia-
2269 5850 2403 5931 μαι..
2427 5858 2548 5931 νει..
2566 5844 2748 5931 βίαιρῂ
2785 5852 3000 5931 vulgata
3027 5851 3145 5931 Lat.
3177 5852 3350 5920 prima
3381 5866 3537 5931 pomo
3580 5850 3849 5917 ﬁculnea,

588 5916 718 5980 bent
751 5920 1134 5995 ἁμαρτήμασι,
1154 5916 1405 5990 peccatis.
1433 5916 1657 5976 Veteres
1678 5924 1858 5973 autem
1881 5918 2161 5975 versioncs
2273 5929 2325 5977 et
2360 5920 2441 5977 sic
2463 5916 2769 5978 Ot'ientales
2793 5916 3067 5977 variarum
3087 5916 3395 5993 linguarum
3425 5916 3628 5977 textus.
