4102 6468
83 480 146 539 189
1143 481 1700 540 COMMENTAMUS
1733 482 1800 538 IN
1839 484 2045 542 083.45
2086 485 2238 543 CAP.
2279 485 2370 541 XI.

3287 478 3401 540 190

74 597 258 656 ἀπώλεια
286 598 351 649 ἐν
397 598 499 669 τῷ
529 599 674 672 λαῷ
716 619 842 666 σου,
881 602 976 656 καὶ
1000 603 1179 658 πάντα
1211 603 1280 656 τὰ
1311 603 1693 673 τετειχισμένα

1831 604 2046 662 uﬁicere
2093 605 2194 662 tibi
2244 605 2393 661 vires
2443 609 2568 658 tuas
2628 600 2696 656 ad
2752 599 2952 656 hostile
2999 598 3236 666 bellum;
3296 598 3399 653 sed.

73 708 137 743 σου
166 689 689 760 ἀφανισθήσεται.
743 714 764 747 ι
821 695 896 748 Σὺ
932 695 1032 765 μὲν
1061 693 1170 766 γὰρ
1206 693 1313 764 ᾣου
1349 694 1448 766 τὴν
1476 694 1709 764 δύναμιν

72 782 208 852 ἀρκεῖν
256 796 344 833 σοι
383 783 514 852 τὴν
577 786 825 839 οίκείαν
857 788 939 851 είς
967 786 1062 841 τὸν
1107 787 1249 842 κατὰ
1293 786 1402 840 τῶν
1453 786 1710 840 ἐναντίων

77 874 252 942 τῶιεμον
276 890 290 903 ο
339 875 518 944 πρὸς
565 878 928 932 τούναντίον
959 877 1017 931 δὲ
1050 878 1230 933 πάντα
1258 878 1579 949 ἐκϐέϐηκεν,
1607 879 1713 932 άπ-

73 961 212 1024 ωλείας
241 963 662 1036 κατεχούσης
695 967 892 1020 πάντα
922 967 1015 1020 τὸν
1039 967 1189 1034 λαὸν,
1213 967 1288 1032 ὡς
1306 968 1520 1031 καὶτὰς
1540 984 1714 1020 τετει-

71 1054 279 1126 χιιμένας
337 1055 829 1129 καθαιρεθῆναι
881 1059 1087 1123 πόλεις.
1126 1080 1144 1112 ‹
1201 1061 1393 1126 Καθὼς
1436 1062 1712 1134 ἠφανίσθη

74 1149 248 1216 (Ligeia
275 1146 608 1218 Σαλμανὰ
643 1151 713 1202 ἐν
743 1151 827 1222 τῷ
849 1150 985 1222 οἴκῳ
1011 1151 1106 1204 τοῦ
1143 1151 1374 1224 Ἀρδεὴλ
1397 1155 1456 1206 ἐν
1476 1153 1714 1224 ἡμέραις

77 1238 251 1306 πολέμου
270 1254 284 1266 ·
333 1241 428 1309 (p.
491 1240 614 1311 79)
666 1243 900 1315 μητέρα
929 1243 1023 1296 ἐπὶ
1054 1243 1265 1308 τέκνοις
1293 1245 1562 1315 ηδάφισαν
1583 1263 1596 1275 ·
1623 1244 1714 1298 οὓ-

67 1348 138 1392 τως
161 1331 376 1399 ποιήσω
419 1331 626 1401 ὑμῖν,
671 1328 835 1396 οἶκος
869 1332 1107 1405 Ἰσραὴλ,
1137 1335 1246 1387 ἀπὸ
1281 1335 1579 1407 προσώπου
1614 1329 1716 1402 τῆς

63 1423 213 1484 κακίας
234 1423 441 1492 ὑμῶν.
493 1442 518 1475 ι
575 1425 832 1478 Ὀποῖον
862 1427 970 1496 γὰρ
995 1425 1058 1496 δὴ
1085 1427 1207 1479 τότε
1241 1429 1544 1498 ὑπέμειναν
1572 1429 1714 1496 ἀφα-

62 1511 204 1581 νιιμὸν
244 1513 518 1576 ἐκεῖνοι,
591 1513 935 1585 βαρυτάτου
971 1516 1069 1584 μὲν
1111 1517 1310 1580 αὐτοὺς
1369 1518 1488 1589 (sic)
1521 1519 1715 1588 ἀφανι-

70 1604 158 1675 ego}
196 1604 551 1671 γεγονότος
595 1607 719 1658 καὶ
773 1607 873 1658 τοῦ
912 1607 1176 1678 πολέμου,
1219 1608 1620 1680 ἀναιρεθέντων
1661 1609 1718 1662 δέ

72 1704 126 1753 σὺν
143 1699 250 1758 τοῖς
283 1697 564 1762 τέκνοις
617 1699 750 1752 τῶν
799 1702 1202 1772 γεννησάντων⁸
1234 1700 1477 1756 τοιοῦτον
1507 1703 1717 1774 ὑπομε-

72 1795 158 1847 νεῖτε
198 1791 296 1842 καὶ
357 1790 488 1842 νῦν
543 1791 749 1862 ὑμεῖς
781 1793 830 1845 oi
863 1793 959 1845 τοῦ
1024 1793 1261 1864 Ἰσραὴλ,
1313 1794 1577 1864 ἀνάλογον
1621 1795 1720 1866 τῆς

74 1883 212 1944 κακίας
247 1883 436 1952 ὑμῶν
487 1883 836 1955 δεχόμενοι
863 1886 1139 1956 τιμωρίαν
1160 1904 1172 1916 ·
1207 1886 1352 1939 ἔοικε
1378 1887 1434 1940 δέ
1456 1904 1508 1939 τι
1538 1887 1718 1956 λέγειν

1811 699 1996 754 omnia
2028 706 2221 753 contra
2247 703 2570 761 evenerunt,
2605 693 2735 764 quia
2779 692 3042 764 populum
3074 691 3392 746 universum

1813 791 2086 862 corripuit
2150 790 2457 860 pernicies;
2508 790 2563 843 in
2610 794 2825 842 tantum
2871 792 2929 840 ut
2974 793 3185 839 cunctae
3229 784 3392 838 etiam

1814 885 2043 939 munita:
2070 883 2322 939 civitates
2362 882 2475 939 sint
2508 881 2718 936 deletae.
2776 897 2794 930 ι
2835 877 2991 933 Sicut
3020 883 3267 932 vastatus
3299 874 3396 928 fuit

1817 975 2077 1031 Salmana
2121 977 2177 1030 in
2226 975 2392 1030 domo
2441 972 2662 1028 Arbelis
2707 971 2834 1026 belli
2896 976 3164 1038 tempore,
3229 975 3402 1020 matre

1816 1084 1982 1140 super
2008 1067 2150 1123 ﬁlios
2181 1067 2376 1123 allisa:
2403 1066 2484 1121 sic
2513 1065 2710 1118 faciam
2736 1062 2913 1124 vobis,
2942 1061 3139 1115 domus
3161 1057 3398 1117 lsraelis.

1818 1177 1846 1215 a
1887 1168 2189 1231 conspectu
2220 1159 2444 1214 malitiae
2474 1164 2691 1212 vestrae.
2738 1175 2756 1208 ›
2793 1153 2966 1220 Quale
2995 1161 3128 1206 tunc
3162 1149 3415 1221 pertule—

1818 1264 1944 1308 runt
1975 1253 2053 1307 illi
2115 1251 2414 1316 excidium,
2479 1249 2632 1321 gravi
2699 1247 2841 1302 facta
2896 1247 3055 1299 ruina
3106 1258 3170 1297 ac
3220 1241 3399 1305 bello,

1817 1344 2122 1400 interfectis
2146 1360 2254 1398 una
2286 1358 2412 1398 cum
2446 1341 2640 1397 liberis
2676 1339 3054 1410 genitoribus,
3098 1337 3207 1391 tale
3254 1349 3403 1387 nunc

1817 1453 2037 1508 quoque
2063 1451 2212 1492 nunc
2231 1433 2616 1506 experiemini,
2646 1448 2678 1486 ο
2709 1432 2802 1485 ﬁlii
2833 1431 3071 1491 lsraelis,
3100 1441 3400 1497 congruum

1818 1528 2043 1584 malitize
2076 1535 2276 1582 vestrae
2310 1527 2523 1580 luentes
2569 1523 2924 1594 supplicium.
2957 1518 3188 1573 Videtur
3221 1523 3403 1568 autem

1819 1617 2004 1674 dicere
2055 1617 2329 1688 insignem
2379 1616 2622 1686 aliquam
2659 1613 2924 1670 saevitiam
2966 1626 3063 1680 per
3101 1606 3231 1661 illud
3268 1614 3408 1660 tem—

1819 1726 1923 1781 pus
1945 1710 2014 1765 ab
2043 1710 2152 1765 illis
2183 1719 2386 1773 actam,
2419 1708 2486 1763 de
2518 1722 2625 1778 qua
2651 1705 2784 1776 ipsis
2813 1703 3054 1775 cognita,
3089 1708 3148 1754 ut
3175 1697 3407 1753 creden-

1820 1802 1948 1857 dum
1989 1810 2096 1869 est,
2137 1801 2268 1857 facit
2294 1801 2628 1857 mentionem
2654 1815 2670 1853 :
2699 1811 2894 1866 nempe
2929 1795 3143 1858 dicens,
3173 1790 3406 1857 Qualem

1821 1901 1955 1948 tunc
1983 1895 2346 1966 perpetrastis
2377 1905 2648 1949 summam
2693 1888 3018 1960 nequitiam,
3055 1885 3220 1940 talem
3265 1897 3415 1938 nunc

76 1977 159 2048 μετὰ
189 1975 418 2039 πολλῆς
449 1975 807 2046 ὠμότητος
828 1977 961 2048 παρ’
996 1977 1175 2030 αὐτῶν
1204 1979 1432 2046 γεγονὸς
1465 1978 1606 2031 κατὰ
1624 1979 1717 2034 τὸν

1826 1984 2084 2040 ultionem
2121 1985 2318 2041 merito
2352 1981 2662 2055 patiemini.

82 2066 208 2136 καιρὸν
240 2068 501 2120 ἐκεῖνον
526 2081 544 2094 ’
583 2061 668 2120 οὗ
698 2067 990 2137 γνωρίμου
1017 2068 1380 2138 τυγχάνοντος
1409 2069 1595 2132 αὐτοῖς
1627 2070 1704 2134 ὡς
1744 2071 1893 2138 εἰκὸς
1938 2077 2236 2148 ἐποιήσατο
2292 2077 2397 2147 μνή
2409 2090 2545 2146 μην·
2576 2072 2660 2126 ὅτι
2688 2063 2792 2126 Οἷα
2813 2068 2878 2140 δὴ
2915 2068 3263 2139 πεποιήκατε
3291 2065 3414 2118 τότε

88 2157 655 2229 δι’·ὅπερὸἁλλουσαν
694 2157 926 2220 κακίαν,
955 2158 1182 2213 τοιαῦτα
1218 2159 1474 2213 πείσεσθε
1503 2161 1600 2215 νῦν
1635 2162 1794 2234 ὑμεῖς
1819 2165 2070 2232 δικαίως.

755 2249 916 2302 ΚΕΦ.
976 2249 1077 2300 IA'.

131 2343 250 2412 Στίχ.
279 2342 459 2396 ια’-δ’.
483 2371 578 2382 -—-
605 2359 631 2393 ι
652 2341 902 2414 Ὄρθρου
937 2341 1345 2413 ἀπερρίφησαν.
1373 2361 1389 2392 ι
1413 2343 1570 2397 Μετὰ
1594 2343 1722 2396 πολ-

97 2434 488 2502 λῆςπεσοῦνται
529 2437 657 2506 τῆς
679 2435 1012 2506 ταχύτητος.
1041 2454 1060 2486 ι
1093 2435 1180 2498 Ὠς
1202 2435 1398 2508 ὄρθρος
1418 2435 1529 2506 (Η)
1548 2437 1720 2509 ἀπερ-

96 2526 177 2595 ,δὲῃ
208 2527 511 2596 βασιλεὺς
567 2526 838 2598 Ἰσραήλ.
871 2545 889 2578 ι
927 2527 1094 2597 Δίκην
1119 2527 1320 2598 ὖρθρου
1371 2528 1508 2598 πρὸς
1545 2528 1723 2596 ὀλίγον

81 2619 331 2682 φανέντος,
368 2612 524 2672 εἶτα
550 2617 946 2688 παυσομένου,
980 2620 1008 2670 ὁ
1044 2617 1301 2688 βασιλεὺς
1324 2618 1506 2672 αὐτῶν
1537 2621 1722 2673 πεσεῖ-

63 2724 163 2758 ται.
192 2707 272 2779 (p.
298 2707 404 2777 80)
447 2726 471 2759 ι
514 2708 688 2760 Διότι
721 2709 920 2778 νήπιος
949 2707 1183 2779 Ἰσραὴλ,
1205 2710 1298 2762 καὶ
1325 2708 1435 2778 ἐγὼ
1462 2709 1721 2780 ἠγάπησα

68 2803 254 2853 αὐτόν·
288 2801 396 2854 καὶ
458 2800 534 2866 ἐξ
593 2798 891 2868 Αἰγύπτου
931 2800 1271 2870 μετεκάλεσα
1305 2802 1523 2865 αὐτοὺς,
1549 2800 1724 2864 οὕτως
1745 2811 1770 2828 '

74 2892 270 2961 ᾤχοντο
298 2894 420 2947 ἀπὸ
455 2892 790 2965 προσώπου
826 2910 929 2962 μου
953 2911 964 2923 ·
1003 2894 1158 2948 αὐτοὶ
1190 2896 1303 2957 τοῖς
1331 2893 1543 2965 Βααλὶμ
1570 2894 1723 2947 ἔθυον

90 2988 175 3038 1:".
191 2989 299 3048 τοῖς
323 2987 626 3055 γλυπτοῖς
652 2983 954 3055 ἐθυμίων.»
975 2985 1188 3056 Νήπιον
1216 2985 1374 3039 καλεῖ
1401 2985 1492 3038 τὸν
1507 2985 1725 3057 Ἰσραὴλ

109 3079 196 3131 ἀπὶ
215 3080 307 3132 τοῦ
341 3079 502 3132 κατὰ
523 3081 634 3149 τὴν
667 3079 951 3145 Αἴγυπτον
975 3078 1190 3149 καιροῦ,
1216 3079 1452 3150 ὁπηνίκα
1475 3079 1726 3130 συνεστά-

108 3189 175 3222 ναι
211 3190 272 3224 τε
323 3173 430 3226 καὶ
482 3173 595 3241 τῆς
639 3171 969 3240 ἐπιμελείας
1035 3167 1239 3241 ἤρξατο
1280 3171 1572 3242 τυγχάνειν
1628 3170 1724 3240 τῆς

102 3263 262 3328 Θείας.
301 3264 459 3334 Ἐγὼ
485 3263 599 3333 μὲν
630 3263 766 3333 γὰρ,
812 3262 999 3332 φησιν,
1033 3261 1161 3315 εὐθὺ
1194 3262 1289 3315 καὶ
1327 3260 1470 3314 κατὰ
1501 3259 1725 3332 πρώτας

107 3358 218 3425 ἂρτι
242 3354 633 3410 συνίστασθαι
665 3353 997 3424 ἀρξαμένων
1019 3353 1221 3424 πολλὴν
1245 3353 1594 3424 ἐποιησάμην
1627 3351 1726 3421 τὴν

109 3450 383 3516 πρόνοιαν,
421 3446 580 3500 ὥστε
610 3446 817 3508 αὐτοὺς
843 3445 940 3500 καὶ
973 3447 1248 3500 ἐκσπᾶσαι
1275 3449 1376 3517 τῆς
1405 3445 1684 3513 Αἰγύπτου
1707 3463 1721 3478 ο

2472 2251 2626 2308 CAP.
2668 2250 2763 2307 XI.

1893 2349 2065 2403 Vens.
2110 2345 2403 2418 1-4.-—52
2458 2366 2475 2396 ι
2514 2345 2675 2399 Mane
2726 2341 2927 2413 abiecti
2979 2349 3128 2396 sunt.
3175 2359 3193 2390 ›
3247 2336 3418 2391 Valde

1824 2443 2083 2497 velociter
2133 2440 2351 2496 cadent.
2408 2459 2426 2492 ι
2459 2438 2570 2495 Ceu
2624 2437 2959 2492 matutinum
3000 2441 3220 2503 tempus
3269 2430 3420 2500 abje—

1825 2545 1946 2590 ctus
1977 2535 2078 2590 fuit
2102 2551 2196 2589 rex
2223 2533 2464 2590 lsraelis.
2501 2551 2520 2584 ›
2556 2529 2718 2586 Velut
2746 2544 2910 2583 mane
2934 2527 3088 2583 brevi
3119 2537 3416 2594 apparens,

1824 2634 1879 2681 ct
1908 2641 2034 2680 mox
2057 2625 2340 2686 desinens,
2371 2623 2447 2676 ita
2482 2637 2580 2675 rex
2611 2633 2800 2674 eorum
2837 2617 3018 2672 cadet.
3057 2633 3075 2666 ι
3112 2615 3251 2679 Quia
3283 2628 3422 2684 puer

1826 2718 2015 2782 Israel,
2070 2726 2124 2773 et
2168 2731 2267 2788 ego
2313 2715 2476 2770 dilexi
2528 2728 2676 2769 eum.
2729 2709 2799 2764 Et
2832 2726 2898 2765 ex
2947 2708 3183 2779 Egypto
3225 2705 3418 2760 vocavi

1829 2827 1948 2876 eos,
1977 2810 2059 2866 sic
2084 2809 2340 2864 abierunt
2375 2824 2404 2861 a
2435 2805 2575 2860 facie
2603 2820 2760 2859 mea:
2793 2802 2896 2873 ipsi
2927 2800 3136 2854 Baalim
3168 2797 3423 2851 immola-

1826 2906 1980 2968 bant,
2015 2913 2071 2960 et
2101 2901 2452 2972 sculptilibus
2491 2899 2806 2954 adolebant.
2845 2915 2865 2949 ι
2907 2896 3141 2950 Puerum
3180 2890 3422 2961 appellat

1827 2996 2107 3057 lsraelem,
2151 3009 2181 3047 a
2229 3003 2473 3062 tempore
2500 3004 2613 3060 quo
2653 2987 2756 3042 fuit
2800 2987 2855 3040 in
2892 2986 3151 3055 Algypto,
3183 2996 3309 3037 cum
3364 2983 3423 3036 in

1829 3087 2089 3157 populum
2112 3097 2432 3140 excrescere
2455 3080 2640 3150 coepit,
2670 3084 2726 3134 et
2746 3093 2879 3132 cura
2909 3077 3094 3132 divina
3128 3073 3257 3129 frui.
3284 3070 3421 3141 Ego,

1829 3179 2032 3248 inquit,
2058 3177 2245 3234 statim
2267 3184 2324 3232 et
2346 3186 2479 3230 tunc
2505 3174 2746 3245 primum
2777 3169 3098 3241 incipientis
3117 3166 3428 3222 consistere

1830 3273 2056 3325 multam
2098 3269 2244 3340 gessi
2280 3267 2707 3339 providentiam,
2764 3264 2840 3318 ita
2885 3272 2940 3316 ut
2977 3261 3144 3316 etiam
3189 3256 3433 3328 Egypto

1828 3364 2198 3417 extraxerim:
2230 3361 2307 3416 illi
2337 3369 2519 3416 autem
2551 3357 2817 3430 aequalem
2857 3355 3034 3411 amori
3074 3367 3198 3408 meo
3225 3366 3291 3404 ac
3324 3364 3432 3418 pa-

1831 3455 2069 3509 trocinio
2099 3468 2258 3508 suam
2293 3459 2761 3522 cxprompserunt
2806 3448 3134 3518 nequitiam,
3164 3441 3351 3500 statim
3395 3456 3434 3493 a.

108 3543 149 3590 ei
175 3541 230 3593 ἃ
264 3541 554 3607 ἀνάλογον
582 3540 654 3608 τῇ
687 3537 819 3608 περὶ
864 3537 1065 3600 αὐτοὺς
1100 3537 1291 3610 ἀγάπῃ
1323 3553 1380 3589 τε
1413 3537 1505 3589 καὶ
1537 3540 1724 3607 ἐπιμε-

1834 3562 1920 3600 me
1950 3544 2306 3607 discedendo,
2337 3552 2391 3599 ct
2416 3544 2484 3597 ad
2520 3543 2710 3596 vitium
2745 3539 3094 3600 declinando,
3137 3546 3439 3602 totumque

103 3637 214 3707 λεία
244 3638 350 3708 τὴν
390 3634 619 3689 ἑαυτῶν
655 3631 1007 3696 ἐπεδείξαντο
1031 3630 1431 3699 κακίαν,εὑθὺς
1464 3631 1732 3684 ἀποστάν-

96 3745 183 3790 τες
238 3728 412 3799 ἐμοῦ,
467 3727 572 3782 καὶ
602 3724 913 3796 τραπέντες
949 3724 1043 3777 ἐπὶ
1078 3724 1138 3776 τὸ
1175 3725 1378 3794 χεῖρον,
1415 3723 1507 3776 καὶ
1539 3723 1600 3792 δὴ
1637 3725 1730 3778 καὶ

90 3824 206 3882 τᾶς
245 3820 508 3883 εἰδώλοις
544 3819 773 3873 ἃπασαν
806 3816 906 3888 τὴν
937 3817 1062 3886 ἐμοὶ⁵
1091 3817 1481 3888 προσήκουσαν
1511 3817 1724 3886 νείμαν-

91 3928 190 3973 τες
230 3911 510 3981 σπουδήν.
569 3928 588 3960 ‹
631 3909 746 3962 Καὶ
775 3905 888 3976 ἐγὼ
918 3907 1244 3961 συνεπόδισα
1279 3907 1368 3960 τὸν
1411 3908 1668 3978 Ἐφραίμ.
1705 3927 1724 3960 ι

101 4006 298 4058 Καίτοι
320 4021 393 4074 γε
421 4001 879 4072 διεσπαρμένους
909 4000 1016 4053 ὑπὸ
1035 3999 1144 4052 τῶν
1167 3999 1353 4053 κακῶν
1375 4001 1516 4052 κατὰ
1532 3999 1628 4071 τὴν
1643 4001 1730 4054 Αί-

100 4113 332 4163 γυπτον,
367 4095 492 4165 ἐγὼ
534 4094 626 4147 διὰ
661 4093 762 4162 τῆς
795 4091 1115 4162 ἐπιμελείας
1146 4091 1245 4162 τῆς
1269 4091 1412 4161 ἐμῆς
1436 4093 1514 4154 εἰς
1537 4091 1732 4144 ταύτὸν

105 4192 441 4258 συνήγαγον.
457 4210 474 4240 ι
488 4188 608 4240 Καὶ
624 4184 889 4238 ἀνέλαϐον
904 4185 1066 4248 αὑτὸν
1082 4185 1173 4236 ἐπὶ
1187 4183 1277 4235 τὸν
1291 4182 1551 4253 βραχίονά
1569 4199 1688 4252 μου.
1705 4208 1722 4234 ι

105 4281 198 4335 Καὶ
218 4284 328 4351 τῆς
343 4277 696 4350 ἐπιμελείας
711 4277 876 4330 αὐτὸν
893 4274 1036 4329 κατὰ
1051 4275 1150 4347 τὴν
1166 4274 1392 4344 δύναμιν
1408 4273 1616 4344 ἠξίωσα
1631 4275 1730 4343 τὴν

93 4373 256 4442 ἐμήν.
306 4392 326 4422 ι
375 4371 496 4424 Καὶ
530 4369 638 4422 οὐκ
688 4367 938 4434 ἔγνωσαν
963 4367 1047 4419 ὅτι
1078 4364 1235 4434 ἵαμαι
1272 4363 1490 4427 αὐτούς.
1530 4382 1549 4415 ›
1587 4363 1651 4416 Oi
1674 4362 1731 4416 δὲ

85 4464 414 4532 ἐπιγνῶναί
451 4480 526 4533 με
561 4461 658 4513 τὸν
683 4458 955 4512 τοσούτων
983 4457 1182 4520 αὐτοὺς
1208 4455 1596 4521 ἀπαλλάξαντα
1627 4474 1727 4511 κα-

80 4559 227 4620 κῶν,
283 4559 398 4611 οὐκ
457 4553 867 4624 ἐδουληθησαν.
920 4571 938 4604 ι
991 4552 1080 4604 Ἐν
1118 4551 1387 4624 διαφθορᾷ
1428 4551 1730 4623 ἀνθρώπων

79 4652 332 4704 εἶλκυσα
377 4648 617 4711 αὐτοὺς,
656 4647 713 4698 ἐν
758 4645 978 4716 δεσμοῖς
1018 4643 1352 4714 ἀγαπήσεως
1393 4661 1516 4715 μου.
1553 4663 1572 4696 ι
1606 4644 1729 4697 Οὐδ’

80 4746 172 4795 ὅτι
205 4743 364 4796 κατὰ
391 4743 489 4794 τὸν
523 4739 698 4809 νόμον
727 4735 1035 4807 ἀνθρώπων
1073 4735 1482 4806 διαφθείρεσθαι
1518 4737 1732 4807 μέλλον-

82 4853 196 4899 τας
230 4837 540 4898 ἐξέσπασα
581 4830 810 4894 πάντας
831 4830 1050 4894 αὐτοὺς,
1075 4827 1403 4900 ἀπορρήτως
1435 4833 1503 4902 τῇ
1539 4832 1729 4904 ἀγάπῃ

1836 3653 2020 3703 suum,
2057 3635 2203 3706 quod
2232 3634 2685 3699 milii‘tlebebant,
2721 3631 2966 3688 studium
3015 3628 3177 3684 idolis
3217 3627 3430 3693 impena

1837 3730 2032 3802 pendo.
2067 3749 2084 3781 ι
2129 3728 2191 3782 Ει
2222 3743 2324 3800 ego
2363 3726 2617 3798 colligavi
2659 3724 3042 3795 Ephraimum.
3075 3739 3092 3770 ι
3135 3717 3442 3787 Dispersos.

1835 3823 1940 3879 sub
1958 3822 2219 3878 aerumnis
2249 3827 2346 3892 per
2375 3818 2697 3890 IEgyptnm,
2733 3832 2835 3886 ego
2862 3831 2995 3870 cura
3023 3828 3141 3868 mea
3169 3811 3222 3865 in
3257 3826 3427 3865 unum

1833 3914 2186 3985 congregavi.
2217 3930 2236 3964 ι
2267 3909 2613 3980 Suscepique
2634 3923 2757 3962 eum
2781 3911 2836 3960 in
2865 3903 3156 3960 brachium
3184 3915 3423 3955 meum.»

1832 4005 2088 4076 Congrua
2119 4019 2252 4059 meae
2275 4001 2534 4074 potentiae
2557 4000 2723 4054 tutela
2747 3998 3003 4068 dignatus
3019 4009 3160 4052 sum.
3190 4010 3210 4044 ι
3233 3991 3298 4045 Et
3319 4005 3429 4045 non

1832 4105 2207 4169 cognoverunt
2227 4095 2374 4166 quod
2393 4108 2646 4151 sanarcm
2671 4108 2788 4147 eos.
2818 4111 2835 4142 ι
2858 4093 2926 4143 At
2947 4089 3048 4157 ipsi
3069 4103 3176 4153 me,
3201 4084 3294 4156 qui
3317 4091 3432 4137 tan-

1833 4191 1905 4244 tis
1927 4205 2022 4245 eos
2046 4189 2274 4243 liberavi
2298 4187 2479 4250 malis,
2502 4200 2803 4256 agnoscere
2823 4183 3144 4237 noluerunt.
3165 4197 3185 4230 ‹
3218 4177 3275 4233 in
3305 4191 3431 4232 eor-

1833 4285 2045 4354 ruptela
2069 4282 2354 4336 hominum
2382 4280 2525 4334 traxi
2547 4294 2642 4334 eos
2665 4277 2900 4333 vinculis
2917 4274 3206 4330 charitatis
3229 4285 3378 4324 mete.
3403 4287 3423 4320 ι

1831 4375 1968 4432 Cum
2014 4376 2132 4446 lege
2167 4374 2451 4429 hominum
2501 4371 2733 4442 perituri
2778 4368 3034 4427 fuissent,
3069 4364 3243 4434 eripui
3279 4364 3436 4432 ipsos

1833 4483 2044 4530 omnes,
2077 4479 2280 4521 arcano
2304 4463 2466 4519 modo
2508 4463 2684 4518 amori
2705 4475 2825 4516 meo
2848 4460 3132 4526 copulans.
3160 4473 3178 4506 ‹
3211 4455 3432 4519 Eroque

1832 4559 1981 4612 velut
2030 4556 2324 4626 exalapans
2354 4552 2634 4608 hominem
2687 4551 2742 4604 in
2790 4547 3011 4602 maxilla
3055 4545 3197 4614 ejus.
3239 4562 3255 4594 ι
3294 4540 3427 4594 Tant

1833 4665 2026 4721 graves
2051 4649 2160 4703 illis
2191 4649 2465 4718 imponam
2492 4645 2679 4715 plagas
2713 4649 2766 4696 et
2795 4637 3187 4708 castigationes
3209 4641 3432 4705 propter

1833 4740 1972 4794 hanc
1994 4738 2462 4809 insaniam,quam
2489 4737 2779 4790 molestum
2794 4739 2878 4787 est
2902 4730 3142 4800 recipere
3160 4728 3211 4781 in
3235 4725 3428 4779 facient

1835 4831 2071 4886 inﬂictas
2105 4829 2538 4885 verberationcs.
2575 4845 2593 4876 c
2633 4823 2940 4894 Respiciam
2979 4820 3047 4875 ad
3081 4833 3230 4880 eum,
3261 4816 3433 4886 eique

95 4926 424 4995 συσφίγξας
449 4926 523 4994 τῇ
558 4923 698 4992 ἐμῇ,
724 4938 743 4970 ‹
780 4920 894 4973 Καὶ
930 4918 1123 4990 ἔσομαι
1154 4918 1228 4982 ὼς
1257 4920 1504 4991 ῥαπίζων
1525 4921 1724 4992 ἄνθρω·

1845 4924 2052 4978 valebo.
2115 4943 2132 4974 ι
2171 4923 2369 4976 Totum
2413 4935 2499 4974 me
2539 4925 2857 4974 convertam
2896 4913 2963 4967 ad
3005 4911 3430 4982 castigationem

94 5035 207 5070 πον
264 5019 366 5072 ἐπὶ
412 5017 523 5087 τὴν
549 5011 781 5080 σιαγόνα
813 5010 1003 5064 αὑτοῦ.
1046 5029 1064 5062 ι
1093 5009 1251 5064 Οὕτω
1290 5010 1515 5082 βαρείας
1544 5013 1727 5078 αὐτοῖς

1836 5015 1980 5082 ejus,
2020 5022 2077 5069 ut
2127 5015 2208 5068 sic
2239 5014 2388 5067 certe
2436 5009 2810 5064 fortitudinem
2875 5019 3050 5062 meam
3108 5007 3428 5073 cognoscat.

2270 5103 2292 5118 ν

89 5111 312 5162 ἐποίσω
359 5107 470 5172 τὰς
517 5103 740 5176 πληγάς
773 5103 867 5156 καὶ
908 5102 1010 5166 τὰς
1050 5101 1323 5172 τιμωρίας
1355 5103 1480 5155 ἀντὶ
1510 5105 1608 5174 τῆς
1636 5103 1949 5175 ἀφροσύνης
1988 5104 2212 5177 ταύτης,
2260 5103 2446 5174 ὥσπερ
2480 5098 2572 5156 οὖν
2616 5099 2753 5171 βαρὺ
2797 5095 2939 5152 κατὰ
2963 5093 3254 5166 προσώπου
3281 5090 3444 5159 δέχε-

89 5203 226 5256 σθαι
267 5201 607 5274 φερομένας
656 5197 898 5269 πληγάς.
935 5214 955 5248 ι
1008 5197 1410 5268 Ἐπιϐλέψομαι
1451 5198 1592 5269 πρὸς
1626 5199 1810 5264 αὐτὸν,
1849 5202 1942 5254 καὶ
1985 5201 2284 5273 δυνήσομαι
2326 5199 2494 5269 αὐτῷ.
2530 5218 2548 5250 ι
2593 5197 2670 5270 (p.
2698 5195 2787 5266 81)
2829 5192 3024 5264 Τρέψω
3055 5189 3165 5261 γὰρ
3195 5181 3433 5258 ἐμαυτὸν

89 5297 219 5348 ὅλον
255 5298 344 5357 είς
379 5291 673 5364 τιμωρίαν
721 5287 913 5353 αὐτοῦ,
946 5286 1034 5340 ἵνα
1065 5287 1243 5359 τούτῳ
1269 5287 1322 5357 γ’
1345 5283 1462 5355 οὖν,
1483 5289 1637 5359 γνοίη
1662 5290 1760 5360 τὴν
1790 5295 1942 5364 ἰσχὺν
1975 5294 2074 5364 τὴν
2105 5293 2265 5364 ἐμήν.

165 5389 331 5458 Στίχ.
379 5385 522 5452 ε’-ζ’.
574 5415 650 5426 --
677 5403 696 5436 ι
734 5381 1078 5452 Κατῲκησεν
1130 5379 1373 5452 Ἐφραῖμ
1413 5382 1728 5450 Αἴγυπτονο

97 5484 194 5533 καὶ
237 5481 495 5551 Ἀσσοὺρ
519 5477 688 5540 αὐτὸς
721 5474 982 5545 βασιλεὺς
1021 5473 1208 5526 αὑτοῦ.
1255 5493 1272 5526 ι
1305 5474 1470 5526 Αὐτοὶ
1497 5475 1595 5544 μὲν
1625 5475 1734 5546 γὰρ

96 5571 354 5638 φυγάδες
423 5568 520 5621 ἐπὶ
557 5567 660 5636 τὴν
715 5565 997 5634 Αἴγυπτον
1028 5563 1447 5628 ἀπελεύσονται,
1495 5563 1734 5633 οἰόμενοι

99 5663 212 5718 τῶν
267 5661 591 5734 Ἀσσυρίων
653 5656 967 5730 κερδαίνειν
1000 5655 1098 5727 τὴν
1129 5655 1318 5724 ἔφοδον
1341 5671 1358 5688 ο
1392 5655 1644 5725 ὀνήσουσι
1677 5654 1734 5707 δὲ

100 5755 262 5808 οὐδέν
287 5772 301 5784 ·
344 5754 544 5827 ἐπειδὴ
569 5753 717 5809 κατὰ
751 5751 816 5805 τὸ
851 5749 980 5820 ἐμοὶ
1017 5747 1211 5802 δοκοῦν
1249 5748 1737 5818 κατακρατήσουσι

1906 5386 2011 5457 53
2071 5385 2241 5441 Vcas.
2302 5383 2425 5440 5-7.
2469 5413 2540 5422 --
2584 5400 2604 5433 ι
2647 5377 2926 5434 Habitavit
2983 5370 3315 5443 prraimus
3372 5367 3434 5422 in

1837 5477 2096 5548 Egypto,
2126 5475 2388 5546 Assyrius
2419 5475 2537 5544 ipse
2573 5487 2667 5526 rex
2700 5469 2820 5538 ejus
2851 5466 2972 5520 fuit.
3009 5482 3028 5514 ι
3061 5461 3168 5532 Ipsi
3205 5458 3430 5530 quidem

1836 5567 2054 5637 profugi
2095 5565 2162 5620 ad
2201 5565 2499 5636 {Egyptum
2546 5561 2722 5624 ibunt,
2764 5561 3022 5628 putantes
3067 5567 3126 5607 se
3171 5548 3430 5621 Assyrio-

1836 5670 1957 5707 rum
1991 5654 2365 5710 incursionem
2395 5652 2592 5713 vitare,
2631 5647 2724 5704 sed
2751 5646 2924 5700 hilum
2958 5658 3068 5696 non
3101 5639 3426 5712 proﬁcient:

1835 5747 2039 5803 ctenim
2078 5763 2165 5804 me
2197 5746 2434 5812 volente,
2467 5741 2697 5799 omnino
2728 5738 2838 5795 illis
2874 5737 3159 5808 potientur
3187 5731 3425 5802 Assyrii.

176 5919 294 5983 (ΙΙ)
333 5917 503 5976 Deest
536 5919 591 5976 in
627 5916 819 5974 Bibliis
882 5915 959 5976 ὡς
997 5913 1212 5986 ὄρθρος·
1268 5915 1525 5970 Attamen
1591 5923 1642 5970 ct
1699 5914 2071 5985 interpunctio
2102 5915 2331 5980 codicis,
2377 5923 2426 5970 et
2477 5905 2909 5968 connucntarius
2951 5904 3017 5960 ad
3069 5901 3240 5958 Biblia
3286 5895 3429 5953 refe-

107 5999 261 6044 ιωιι.
