4102 6512
648 464 742 522 i9!
1750 463 2099 520 TIIEODOBI
2142 461 2621 520 MOPSUESTEN'
3813 461 3943 519 192

644 578 758 629 (ιυι-
817 589 947 631 vero
1003 576 1281 646 patientur
1346 575 1497 632 lucc?
1557 596 1575 628 ι
1608 576 1878 643 Quoniam
1931 578 2264 639 noluerunt,

2328 575 2545 638 πάντως
2574 573 2753 629 αὐτῶν
2806 573 3026 628 ἐκεῖνοι.
3059 575 3246 630 Ταῦτα
3278 574 3337 630 δὲ
3389 573 3666 629 πείσονται
3695 573 3786 628 διὰ
3818 574 3883 626 τί
3914 587 3935 642 ;

645 666 912 722 converti.
954 686 975 720 ι
1033 666 1173 734 Quia
1216 668 1449 725 ﬁrmiter
1486 669 1542 723 in
1579 670 1789 724 malitia
1835 685 1934 726 sua
1973 684 2227 740 persevc-

2335 684 2353 717 ι
2395 667 2519 719 ’Ότι
2544 666 2644 719 οὐκ
2676 664 2949 737 ἠθέλησαν
2978 666 3327 737 ἐπιστρέψαι.
3360 685 3380 718 ι
3401 666 3619 737 Ἐπειδὴ
3642 664 3940 719 άνένδστοι

647 763 865 823 rarunt,
906 754 1113 811 nullam
1151 744 1264 828 prae
1296 773 1356 815 se
1390 759 1531 814 ferre
1574 759 1928 816 mutationem
1956 761 2225 816 volentes.

2331 757 2709 829 μεμενήκασιν
2761 757 2821 809 ἐν
2864 758 2934 829 τῇ
2983 756 3193 810 ἑαυτῶν
3235 757 3427 828 κακίᾳ,
3461 755 3765 827 μεταϐολὴν
3794 756 3938 809 οὐδὲ

651 864 671 897 ι
708 844 776 900 Et
814 844 1135 904 debilitatus
1175 858 1259 907 est
1307 850 1490 921 gladio
1522 852 1578 907 in
1630 852 1948 909 civitatibus
1986 853 2126 917 suis,
2173 862 2229 908 et

2332 853 2462 923 μίαν
2491 850 2859 917 ἐπιδείξασθαι
2900 847 3272 921 βουληθέντες.
3316 866 3336 900 ι
3373 849 3485 902 Καὶ
3514 847 3825 917 ἠσθένησεν
3866 846 3940 898 ὲν

647 939 888 991 cessavit
938 939 1196 995 manibus
1258 940 1399 997 suis.
1434 961 1455 995 ι
1516 943 1707 1013 Itaque
1752 944 2048 1014 pugnando
2101 959 2228 1000 cum

2331 941 2577 1014 ῥομφαίᾳ
2625 943 2682 995 ἐν
2727 943 2844 1005 ταῖς
2868 939 3088 993 πόλεσιν
3119 938 3310 1004 αὑτοῦ,
3354 941 3449 994 καὶ
3489 941 3838 994 κατέπαυσεν
3869 941 3938 992 ἐν

648 1026 902 1083 hostibus
946 1029 1084 1085 nihil
1117 1030 1399 1095 valebunt,
1454 1047 1632 1103 neque
1666 1033 1832 1087 ullam
1877 1034 2072 1090 salutis
2101 1049 2229 1105 par-

2330 1035 2450 1096 ταῖς
2478 1033 2669 1104 χερσὶν
2697 1031 2885 1087 αὑτοῦ.
2929 1049 2948 1084 ο
2987 1030 3290 1102 Τοιγαροῦν
3314 1031 3468 1085 οὐδὲν
3501 1031 3782 1101 ίσχύσουσι
3816 1048 3939 1100 μα-

651 1125 761 1170 tem
805 1118 1125 1177 civitatibus
1155 1122 1273 1178 suis
1321 1122 1608 1179 conferent
1634 1139 1648 1176 :
1674 1124 1802 1195 quia
1846 1139 2000 1179 arma
2044 1126 2230 1181 omnia

2331 1124 2553 1194 χόμενοι
2579 1123 2716 1194 πρὸς
2771 1123 2896 1187 τοὺς
2941 1122 3258 1192 πολεμίους,
3299 1122 3420 1176 ούδέ
3450 1139 3570 1177 τινα
3618 1122 3938 1194 παρέξουσι

651 1206 945 1278 omnisque
987 1220 1288 1282 apparatus
1334 1213 1590 1280 bellicus,
1638 1215 1917 1270 invalidus
1966 1230 2231 1286 superva-

2330 1217 2452 1279 ταῖς
2467 1213 2677 1269 ἑαυτῶν
2706 1213 2895 1268 πόλεσι
2908 1213 3184 1285 σωτηρίαν
3204 1230 3217 1243 ο
3242 1212 3430 1283 ἐπειδὴ
3451 1214 3628 1268 πάντα
3662 1214 3730 1268 τά
3750 1215 3937 1280 ὅπλα,

652 1312 903 1369 citusque
933 1300 1229 1365 videbitur,
1262 1318 1349 1360 me
1388 1306 1678 1360 resistente
1719 1305 1791 1361 ob
1817 1321 2008 1361 eorum
2040 1308 2233 1377 nequi-

2332 1306 2428 1359 καὶ
2474 1308 2622 1360 πάσα
2673 1306 2996 1378 παρασκευὴ
3037 1305 3310 1376 πολεμικὴ
3335 1305 3522 1370 ἄτονος
3553 1308 3648 1359 καὶ
3679 1306 3937 1379 περιττὴ

656 1384 813 1454 tiam,’
861 1402 1146 1462 ptenaeque
1187 1406 1357 1449 causa
1405 1395 1712 1453 adducente
1767 1397 1903 1467 ipsis
1946 1397 2229 1470 Assyrios.

2335 1398 2607 1464 φανεῖται,
2665 1394 3126 1465 ἀντιπράττοντος
3182 1393 3281 1464 μὲν
3307 1395 3494 1459 αὐτοῖς
3537 1394 3670 1465 ἐμοῦ
3700 1394 3793 1449 διά
3821 1395 3940 1466 τὴν

660 1499 679 1531 ι
712 1478 778 1534 Et
810 1482 1097 1539 comedent
1132 1483 1201 1541 de
1240 1486 1668 1556 cogitationibus
1720 1488 1859 1545 suis.
1900 1508 1919 1541 ι
1955 1490 2232 1545 Consilio-

2334 1485 2513 1540 αὐτῶν
2542 1485 2763 1551 κακίαν,
2787 1486 3086 1554 ἐπάγοντος
3113 1485 3171 1538 δὲ
3196 1486 3382 1549 αὐτοῖς
3407 1486 3501 1540 ἐπὶ
3529 1487 3772 1558 τιμωρίᾳ
3791 1489 3942 1550 τοὺς

655 1585 778 1625 rum
805 1586 1032 1627 suorum
1063 1572 1307 1631 fructum
1339 1579 1579 1649 capient,
1606 1578 1774 1651 digno
1808 1579 1987 1636 atfecti
2028 1582 2237 1652 suppli-

2347 1577 2689 1649 ’Δσσυρίους.
2738 1595 2759 1628 ι
2787 1576 2898 1631 Καὶ
2937 1576 3203 1646 φάγονται
3233 1579 3299 1631 ἐκ
3337 1577 3445 1633 τῶν
3470 1576 3792 1643 διαὸουλίων
3821 1580 3941 1630 αὐ-

655 1660 764 1714 cio.
808 1677 830 1712 ι
856 1659 922 1715 Et
951 1664 1186 1735 populus
1207 1664 1330 1736 ejus
1362 1681 1668 1737 suspensus
1700 1667 1754 1723 in
1781 1666 2023 1722 incolatu
2055 1683 2177 1724 suo.
2209 1686 2229 1721 ι

2333 1669 2462 1723 τῶν.
2499 1689 2519 1723 ι
2556 1669 2677 1723 Τῶν
2726 1668 2946 1723 οἰκείων
2996 1667 3382 1740 βουλευμάτων
3432 1671 3827 1733 ἀπολαύσουσι,
3855 1689 3944 1723 τι-

654 1750 778 1808 Non
823 1753 974 1809 enim
1024 1757 1326 1813 manebunt
1366 1759 1424 1814 in
1476 1758 1701 1830 pr0prio
1745 1760 2009 1826 incolatu,
2060 1774 2237 1830 neque

2339 1760 2549 1834 μωρίαν
2579 1761 2944 1831 ὑπομένοντες
2978 1760 3155 1828 ἀξίαν.
3189 1778 3209 1813 ι
3250 1763 3359 1814 Καὶ
3389 1763 3417 1815 ὁ
3439 1762 3567 1825 λαὸς
3601 1761 3766 1816 αὑτοῦ
3802 1766 3943 1814 ἐπι-

656 1850 836 1899 tutum
885 1846 994 1902 sibi
1036 1846 1411 1906 habitaculum
1459 1850 1760 1918 habebunt,
1818 1853 2078 1923 quoniam
2139 1866 2276 1925 eos_

2336 1852 2679 1924 κεκραμένος
2716 1854 2783 1906 ἐκ
2833 1853 2933 1924 τῆς
2974 1853 3260 1916 κατοικίας
3285 1844 3472 1907 αὐτοῦ.
3514 1872 3532 1906 ι
3563 1854 3639 1907 Οὑ
3678 1854 3789 1925 γάρ
3825 1870 3941 1923 με-

656 1949 851 1993 omnes
888 1944 1153 2010 tanquam
1172 1941 1442 2012 pendulos
1470 1944 1786 2015 nullamque
1822 1920 2001 2001 basim
2029 1944 2236 2001 baben-
2269 1920 2276 1974 ¹

2335 1920 2638 1999 νοῦσιννὲπὶ
2662 1943 2764 2016 τῆς
2785 1920 3053 2016 οἰκήσεως
3090 1943 3193 2014 τῆς
3235 1944 3394 2007 ίδίας,
3428 1945 3550 1998 οὐδὲ
3588 1920 3838 2015 ἀσφαλὲς
3870 1946 3943 1998 τὸ

656 2031 763 2090 tes,
797 2026 981 2083 subito
1014 2029 1322 2101 corripiens
1344 2032 1606 2105 Assyrius
1630 2033 1686 2088 in
1714 2034 2089 2105 captivitatem
2121 2035 2238 2091 abi-

2333 2036 2756 2106 κατοικητήριον
2771 2034 2954 2101 ἕξουσι
2966 2034 3028 2087 τὺ
3047 2033 3240 2087 αὐτόθι
3260 2051 3275 2066 ο
3300 2035 3488 2107 ἐπειδὴ
3501 2035 3710 2099 πάντας
3725 2037 3944 2099 αὐτοὺς

655 2124 764 2187 get.
800 2134 821 2170 ι
853 2117 920 2173 Et
943 2118 1089 2177 Deus
1119 2137 1288 2193 super
1313 2125 1551 2194 pretiosa
1575 2125 1698 2196 ejus
1730 2127 2020 2192 irascetur,
2042 2135 2097 2184 et
2127 2144 2239 2183 non

2334 2128 2525 2198 ὥσπερ
2541 2129 2709 2199 ἐκκρε
2717 2129 2839 2197 μείς
2871 2126 3052 2191 ὄντας,
3088 2126 3181 2179 καὶ
3202 2126 3322 2180 οὑδὲ
3342 2126 3472 2197 μίαν
3498 2126 3721 2199 ἔχοντας
3744 2127 3941 2197 βάσιν,

656 2208 923 2265 exaltabit
969 2227 1117 2268 eum.
1154 2232 1173 2265 ι
1224 2212 1505 2286 Quidquid
1559 2217 1705 2288 apud
1759 2234 1885 2274 eum
1936 2219 2239 2290 pretiosum

2338 2217 2535 2288 άθρὸον
2583 2218 2939 2289 συναρπάσας
2981 2221 3010 2271 ὁ
3077 2216 3366 2288 Ἀσσύριος
3400 2221 3480 2282 είς
3541 2218 3941 2289 αἰχμαλωσίαν

655 2306 764 2362 est,
813 2308 870 2355 et
919 2301 1115 2359 ail‘ectu
1164 2304 1388 2376 dignum
1431 2307 1670 2375 videtur,
1718 2309 1826 2367 hoc
1868 2310 2013 2368 Deus
2054 2311 2241 2368 furere

2339 2307 2559 2373 ἀπάξει.
2610 2309 2688 2379 (p.
2725 2307 2880 2379 82)-ι
2914 2307 3025 2360 Καὶ
3061 2308 3090 2362 ὁ
3116 2307 3250 2371 Θεὸς
3281 2308 3374 2361 ἐπὶ
3424 2307 3495 2362 τά
3544 2308 3706 2378 τίμια
3755 2307 3940 2362 αὑτοῦ

659 2403 760 2442 suo
790 2388 1057 2459 destruet,
1078 2393 1258 2453 donec
1280 2396 1349 2452 ad
1378 2406 1679 2454 extremam
1703 2400 1984 2457 miseriam
2009 2409 2241 2458 cunctos

2345 2399 2748 2472 θυμωθήσεται,
2779 2400 2875 2453 καὶ
2898 2399 2960 2452 οὐ
2984 2401 3060 2471 μὴ
3087 2397 3277 2470 ὑψώσῃ
3307 2399 3524 2454 αὐτόν.»
3544 2400 3660 2455 Πᾶν
3680 2400 3792 2470 γὰρ
3826 2401 3859 2454 ὃ
3878 2399 3942 2454 τί

658 2478 892 2550 redigat.
2347 2509 2482 2547 ποτε
2521 2494 2651 2564 παρ’
2676 2490 2826 2563 αὐτῷ
2869 2491 3053 2563 τίμιόν
3096 2510 3158 2547 τε
3189 2493 3283 2547 καὶ
3330 2492 3565 2563 σπουδῆς
3600 2492 3750 2557 ἄξιον
3784 2488 3939 2545 εἶναι

654 2569 827 2678 δοκεῖ,
881 2573 1040 2630 τοῦτο
1071 2577 1101 2631 ὁ
1138 2579 1271 2645 Θεὸς
1319 2581 1542 2652 άφανιεῖ
1586 2582 1665 2655 τῷ
1715 2583 1875 2657 θυμῷ
1916 2585 1996 2659 τῷ
2019 2588 2205 2660 οἰκείῳ
2232 2604 2245 2619 ·
2307 2585 2450 2640 ὥστε
2501 2585 2639 2657 πρὸς
2685 2584 2786 2654 τὴν
2838 2582 3076 2655 ἐσχάτην
3137 2583 3467 2638 ταπείνωσιν
3507 2585 3751 2647 ἅπαντας
3791 2586 3939 2655 ἀγα-

658 2677 796 2728 γειν.

733 2794 898 2851 Vns.
944 2797 1000 2863 8,
1051 2798 1105 2855 9.
1135 2831 1207 2842 —
1250 2802 1439 2870 «Quid
1490 2807 1587 2862 tibi
1637 2805 1856 2877 faciam,
1911 2809 2242 2883 Ephraime?

2410 2810 2561 2881 Στίχ.
2598 2810 2671 2882 η’,
2690 2807 2754 2863 θ’.
2778 2837 2850 2849 -—
2872 2825 2891 2860 ι
2919 2807 2988 2861 Τί
3008 2826 3067 2863 σε
3083 2806 3274 2874 διαθῶ,
3313 2804 3577 2878 Ἐφρατμς
3605 2801 3932 2870 ὑπερασπιῶ

661 2893 941 2959 protegam
985 2897 1039 2945 te
1071 2889 1281 2949 Israel?
1315 2913 1335 2948 ι
1370 2894 1513 2962 Quid
1543 2912 1573 2952 a
1624 2914 1709 2955 me
1738 2900 1836 2957 tibi
1869 2902 1988 2959 ﬁeri
2026 2916 2242 2976 oportet

2343 2921 2462 2965 σου,
2484 2900 2733 2978 ἰσραήλ;
2758 2919 2777 2952 ι
2807 2895 2971 2954 Ἀλλά
2990 2896 3098 2967 γάρ
3128 2895 3181 2947 τί
3213 2910 3280 2964 με
3315 2897 3590 2964 προσῆκεν
3616 2893 3707 2945 ἐπὶ
3738 2894 3931 2944 τοσού-

660 2977 733 3031 ob
760 2978 892 3033 talia
941 2988 1204 3053 tantaque
1254 2986 1439 3041 mala?
1476 2987 1717 3046 Ferrene
1753 3007 1914 3063 opem
1963 2995 2018 3050 in
2069 2984 2244 3053 maxi-

2340 3011 2454 3059 τοις
2491 2977 2585 3047 καὶ
2623 2988 2966 3062 τηλικούτοις
2996 2989 3185 3050 κακοῖς
3222 2983 3625 3056 διαπράξασθαι
3670 2983 3799 3054 περὶ
3844 2983 3928 3047 σές

661 3068 771 3158 mis
791 3070 951 3128 malis
970 3077 1308 3132 constituto?
1335 3095 1354 3129 ι
1375 3078 1520 3145 Quid
1544 3081 1641 3137 tibi
1665 3080 1884 3151 faciam,
1910 3084 2241 3156 Ephraime?

2344 3082 2610 3158 βοηθῆσαί
2658 3098 2741 3134 σοι
2787 3081 2863 3144 ὡς
2909 3084 2967 3133 ἐν
2995 3079 3275 3149 μεγίστοις
3308 3076 3682 3147 ἐξεταζομένῳ
3711 3079 3935 3150 κακοῖς;

659 3157 820 3214 Sicut
872 3162 1096 3220 Adamaa
1149 3168 1247 3224 tibi
1303 3168 1532 3241 faciam,
1579 3183 1635 3230 et
1694 3174 1840 3232 sicut
1904 3177 2182 3236 Seboimo.
2216 3170 2279 3235 ›⁴

2348 3157 2367 3230 ι
2402 3178 2467 3231 Τί
2498 3194 2558 3230 σε
2594 3173 2782 3240 διαθῶ,
2817 3169 3185 3241 Ἐφραῗμςὼς
3220 3169 3440 3239 Ἀδαμα
3474 3166 3710 3239 θήσομαί
3744 3183 3802 3219 σε
3834 3168 3933 3219 καὶ

661 3251 883 3307 Auxilio
929 3264 1082 3313 certe
1115 3264 1170 3314 te
1206 3259 1436 3334 dignum
1479 3279 1588 3319 non
1625 3266 1846 3339 judico;
1876 3279 2069 3327 contra
2116 3289 2245 3329 vero

2343 3267 2419 3332 ὡς
2447 3265 2698 3337 Σεϐοείμ.
2741 3283 2759 3315 ι
2803 3262 2943 3316 Ἂλλ⁹
3001 3262 3216 3315 ἐκείνου
3268 3276 3330 3328 γε
3389 3259 3489 3312 οὑκ
3526 3257 3655 3312 ὄντα
3692 3274 3751 3311 σε
3780 3254 3934 3323 ἄξιον

661 3342 887 3436 dignum
948 3346 1046 3402 tibi
1089 3349 1406 3421 impositum
1452 3355 1520 3411 iri
1572 3360 1905 3430 supplicium
1946 3378 2243 3436 cognosco,

2344 3360 2527 3429 τυχεῖν
2560 3356 2833 3428 εὑρίσκωο
2879 3352 3191 3408 τούναντίον
3230 3353 3330 3424 μέν
3367 3346 3459 3405 οῦν
3492 3353 3555 3405 ἐκ
3580 3350 3686 3404 τῶν
3716 3367 3933 3423 πεπρα-

662 3434 709 3490 si
737 3438 1127 3509 catastrophen
1177 3436 1327 3497 illam
1373 3446 1622 3518 patieris,
1665 3467 1787 3521 quae
1831 3434 2102 3524 Sodomae,
2137 3457 2246 3512 Go-

2322 3450 2565 3520 Ὗμένων
2610 3446 2827 3501 δικαίαν
2877 3443 3335 3517 ἐπαχθησομένην
3373 3461 3455 3497 σοι
3484 3442 3751 3514 τιμωρίαν
3778 3442 3931 3514 εὑρε-

662 3527 937 3595 tnorrhaa,
996 3539 1054 3587 et
1111 3533 1336 3593 Adama:
1402 3546 1459 3594 et
1519 3538 1777 3598 Seboimo
1830 3543 1939 3618 54
1993 3548 2244 3618 contigit.

2348 3558 2515 3603 σκων,
2551 3541 2601 3593 εί
2659 3538 2759 3610 τὴν
2803 3536 3187 3608 καταστροφὴν
3243 3534 3596 3606 ύπομείνειας
3629 3534 3804 3604 ἤνπερ
3836 3533 3934 3586 Σό-

668 3637 688 3669 ‹
726 3618 1064 3679 Conversum
1097 3633 1183 3683 est
1214 3643 1311 3683 cor
1338 3645 1543 3701 meum,
1571 3634 1782 3704 pariter
1805 3639 2131 3694 conturbata
2164 3649 2249 3696 est

2346 3633 2487 3704 δομά
2506 3648 2564 3684 τε
2590 3629 2911 3700 καὶΓόμορα
2938 3627 3034 3681 καὶ
3055 3626 3278 3698 Ἀδαμα
3300 3627 3395 3680 καὶ
3417 3624 3651 3694 Σεσοεὶμ
3674 3622 3931 3693 γενέσθαι

665 3711 950 3778 ptenitudo
987 3731 1109 3773 mea
1141 3733 1155 3771 :
1188 3735 1300 3776 non
1329 3738 1483 3794 agam
1529 3725 1832 3783 secundum
1869 3729 2005 3785 iram
2040 3719 2250 3790 furoris

2344 3725 2467 3778 τότε
2497 3722 2718 3795 συνέϐη.
2757 3740 2776 3774 ι
2815 3719 3184 3791 Μετεστράφη
3223 3721 3257 3791 ὴ
3291 3717 3489 3789 καρδία
3525 3733 3651 3787 μου,
3675 3716 3734 3768 ἐν
3758 3713 3934 3784 τούτῳ

664 3802 802 3882 mei,
858 3821 970 3861 non
1029 3809 1206 3866 sinam
1252 3812 1422 3870 deleri
1481 3814 1861 3888 Ephraimum.
1891 3841 1911 3876 ι
1955 3822 2061 3880 Sed
2100 3826 2246 3881 enim

2350 3814 2725 3887 συνεταράχθη
2755 3816 2789 3885 η
2815 3812 3151 3884 μεταμέλειά
3185 3828 3287 3884 μου
3309 3824 3322 3839 ⁸
3352 3811 3415 3864 ού
3451 3809 3525 3880 μὴ
3557 3808 3768 3877 ποιήσω
3792 3807 3931 3859 κατὰ

664 3910 983 3967 quanquam
1032 3916 1132 3958 vos
1180 3906 1427 3976 apprime
1476 3910 1675 3979 dignos
1721 3928 1885 3984 poena
1933 3915 2247 3987 hujusmodi

2347 3909 2447 3980 τὴν
2474 3907 2646 3980 ὀργὴν
2691 3906 2789 3961 τοῦ
2840 3904 3013 3977 θυμοῦ
3048 3920 3180 3976 μου’
3239 3903 3301 3956 οὑ
3343 3901 3419 3974 μὴ
3453 3899 3810 3970 ἐγκαταλίπω
3837 3897 3931 3950 τοῦ

664 4002 789 4044 esse
828 3995 1129 4063 comperio,
1166 4012 1343 4053 meam
1377 4000 1446 4057 de
1472 4003 1631 4060 vobis
1680 4007 2014 4062 sententiam
2061 4019 2249 4079 muto;

2350 3999 2735 4070 ἐξαλειφθῆναι
2772 3998 2863 4052 τὸν
2904 3998 3164 4068 Ἐφραῖμ.
3199 4014 3218 4047 ι
3264 3994 3426 4047 Ἀλλά
3470 3991 3580 4064 γάρ
3610 3991 3703 4045 καὶ
3728 3990 3937 4060 σφόδρα

665 4087 722 4134 ct
763 4084 1127 4144 conturbatus
1162 4090 1570 4160 quodammodo
1619 4109 1651 4151 a
1693 4097 2010 4155 ealamitate
2040 4110 2248 4167 vestra,

2350 4082 2554 4163 ταύτης
2583 4092 2729 4163 ὑμᾶς
2770 4090 2931 4153 ὄντας
2984 4086 3169 4156 ἀξίους
3203 4086 3474 4159 εὑρίσκων
3512 4085 3609 4155 τῆς
3644 4083 3932 4154 τιμωρίας,

668 4171 736 4225 ad
784 4175 1167 4243 paenitentiam
1215 4182 1427 4249 trahor,
1472 4194 1597 4240 uta
1648 4186 1835 4246 furore
1867 4190 2127 4262 deinceps
2160 4193 2254 4248 de—

2357 4183 2769 4256 μεταῦέὸλημαι
2831 4181 2932 4252 τὴν
2975 4178 3217 4232 διάνοιαν
3248 4177 3333 4247 ἐφ’
3362 4177 3513 4247 ὑμῖν,
3559 4176 3653 4228 καὶ
3675 4189 3933 4227 συντετα-

667 4262 869 4333 sinam,
920 4282 1100 4340 neque
1132 4286 1229 4328 vos
1275 4273 1453 4330 sinam
1492 4291 1753 4349 supremo
1785 4281 1956 4336 exitio
2004 4281 2250 4339 interire.

2358 4275 2627 4347 ραγμένος
2658 4291 2778 4338 πως
2799 4275 2864 4345 τῇ
2890 4271 3013 4341 ὄψει
3041 4271 3139 4341 τῆς
3172 4270 3442 4341 ὑμετέρας
3464 4268 3770 4340 συμφορᾶς,
3801 4265 3938 4336 πρὸς

674 4373 694 4405 ι
722 4352 997 4421 Quoniam
1044 4358 1188 4419 Deus
1234 4380 1336 4436 ego
1369 4381 1515 4431 sum,
1545 4375 1600 4424 et
1633 4384 1744 4425 non
1775 4370 1942 4426 homo
1967 4371 2024 4426 in
2072 4374 2255 4429 medio

2358 4367 2722 4440 μεταμέλειαν
2763 4364 3019 4435 ἕλκομαι,
3066 4364 3209 4419 ὥστε
3262 4381 3330 4434 με
3373 4363 3679 4434 ἀποστῆναι
3717 4362 3815 4433 μὲν
3844 4363 3936 4415 τοῦ

672 4453 770 4508 tui.
801 4467 821 4499 ι
876 4450 1018 4509 Deus
1068 4454 1272 4527 quippe
1310 4473 1433 4514 sum
1483 4461 1730 4517 omnium
1779 4471 2017 4531 creator,
2068 4472 2123 4520 et
2167 4481 2292 4531 τεο,

2317 4519 2327 4531 _
2357 4456 2660 4529 θυμοῦσθαι
2677 4455 2888 4522 λοιπὸν,
2913 4454 3096 4527 (p.85)
3118 4454 3194 4526 μὴ
3224 4453 3513 4525 ἀνέχεσθαι
3541 4454 3597 4506 δὲ
3620 4452 3937 4508 καταλιπεῖν

671 4561 793 4601 rum
831 4545 1077 4602 omnium
1111 4555 1378 4620 tanquam
1406 4566 1651 4608 mearum
1679 4560 1827 4610 tutor
1854 4570 1869 4608 :
1901 4571 2081 4626 neque
2112 4556 2251 4611 ulla.
2284 4545 2291 4572 ¹

2316 4545 2330 4568 ’
2356 4550 2501 4620 ὑμᾶς
2544 4545 2840 4619 ἀφανισμῷ
2882 4545 3138 4600 παντελεῖ
3189 4545 3675 4617 παραδιδομένους.
3726 4565 3744 4596 ι
3794 4546 3936 4598 Διότι

671 4647 833 4693 tenus
871 4637 1041 4693 vestri
1082 4638 1284 4695 similfs
1320 4648 1376 4696 et
1405 4641 1625 4698 illorum
1676 4645 1770 4715 qui
1812 4645 1957 4701 inter
2002 4661 2100 4702 vos
2138 4663 2259 4703 ver-

2353 4642 2487 4705 Θεδς
2513 4641 2625 4710 ἐγὼ
2663 4640 2802 4710 εἰμι,
2833 4639 2929 4693 καὶ
2953 4639 3054 4692 οὑκ
3084 4637 3374 4709 ἄνθρωπος
3395 4638 3454 4691 ἐν
3473 4638 3578 4691 σοί.
3615 4655 3633 4689 ι
3666 4636 3801 4699 Θεὸς
3828 4636 3936 4707 γάρ

671 4735 886 4783 santur.
927 4746 946 4782 ι
985 4727 1247 4795 Sanctus,
1297 4739 1352 4788 et
1396 4749 1508 4789 non
1571 4735 1848 4807 ingrediar
1890 4737 2192 4796 civitatem.
2234 4758 2253 4791 ι

2355 4734 2472 4804 εἰμι
2494 4735 2523 4787 ὀ
2563 4733 2741 4786 πάντα
2768 4748 2831 4784 τε
2858 4728 3199 4801 πεποιηκὼς,
3235 4731 3329 4783 καὶ
3371 4728 3591 4783 πάντων
3620 4728 3694 4792 ὡς
3722 4729 3937 4781 οἰκείων

674 4821 788 4894 Ego
816 4823 1032 4880 alienus
1083 4841 1206 4881 sum
1242 4827 1500 4885 humanis
1544 4831 1764 4889 cunctis
1797 4832 1965 4890 rebus
1999 4849 2065 4903 ac
2097 4850 2262 4906 supe-

2357 4824 2658 4894 κηδόμενος
2682 4823 2883 4894 ἔργων,
2926 4823 3051 4878 κατ’
3079 4823 3233 4878 οὐδὲν
3263 4820 3526 4893 ὑπάρχων
3563 4820 3938 4893 παραπλήσιος

674 4914 828 4969 rior:
877 4929 988 4969 non
1030 4915 1168 4988 dego
1193 4918 1247 4973 in
1296 4919 1531 4977 urbibus
1576 4922 1820 4979 humano
1864 4940 2039 4989 more,
2082 4940 2262 4995 neque

2355 4919 2470 4980 τοῖς
2494 4917 2616 4972 καθ’
2644 4917 2789 4987 ὑμᾶς
2811 4934 2871 4970 τε
2905 4918 2999 4973 καὶ
3023 4917 3082 4971 ἐν
3101 4916 3229 4987 ὑμῖν
3250 4912 3660 4985 στρεφομένοις.
3689 4932 3706 4964 ι
3731 4914 3938 4980 Ἄγιος,

674 5005 787 5060 illic
818 5004 1116 5062 incolatum
1142 5009 1433 5066 vobiscum
1461 5020 1651 5070 tenere
1683 5016 1854 5071 soleo.
1885 5015 2252 5083 Quamobrem

2361 5007 2456 5061 καὶ
2483 5008 2584 5061 οὑκ
2623 5007 3003 5080 εἰσελεύσομαι
3043 5009 3123 5071 είς
3169 5005 3348 5059 πόλιν.
3387 5025 3405 5057 ι
3449 5005 3591 5072 Ἐγὼ
3632 5004 3741 5077 γάρ
3770 5004 3942 5076 ἀπήλ-

674 5113 853 5168 neque
874 5097 1217 5154 voluntatum
1247 5111 1556 5159 vestrarum
1587 5121 1709 5161 sum
1743 5107 2043 5177 particeps,
2079 5120 2258 5177 neque

2360 5099 2571 5171 λαγμαί
2599 5118 2659 5153 τε
2688 5103 2785 5155 καὶ
2817 5101 3157 5172 ὑπέρκειμαι
3192 5098 3409 5152 πάντων
3446 5097 3555 5151 τῶν
3588 5095 3940 5167 ἀνθρωπίνων

676 5188 900 5243 malitiae
944 5189 1001 5245 in
1047 5204 1157 5261 qtta
1194 5190 1381 5248 vivere
1428 5195 1704 5266 satagitis.
1744 5193 1880 5250 Nam
1925 5204 2118 5251 contra
2161 5212 2258 5267 po-

2362 5193 2707 5266 πραγμάτων
2737 5210 2751 5224 ·
2785 5195 2887 5248 οὐκ
2925 5196 2984 5246 ἐν
3024 5192 3216 5245 πόλεσι
3247 5190 3449 5260 διάγων
3475 5190 3618 5243 κατὰ
3645 5188 3809 5258 νόμον
3844 5189 3940 5242 άνο

674 5282 808 5347 tius,
850 5282 1070 5339 etiamsi
1112 5283 1353 5340 debitum
1401 5287 1639 5343 subituri
1685 5290 1859 5347 eratis
1902 5290 2257 5362 supplicium,

2402 5283 2618 5355 ρώπων,
2645 5284 2764 5337 οὐδὲ
2803 5284 2903 5348 τὰς
2931 5282 3119 5337 αὐτόθι
3155 5282 3439 5354 διατριϐάς
3471 5281 3589 5353 μεθ’
3628 5280 3780 5351 ὑμῶν
3815 5280 3942 5333 είθι-
4016 5268 4020 5273 ’

673 5389 773 5443 per
803 5390 1073 5430 summam
1112 5382 1297 5431 tamen
1348 5377 1788 5435 misericordiam
1832 5380 1904 5438 do
1940 5396 2162 5452 operam
2203 5388 2262 5434 ut

2369 5374 2568 5445 σμένος
2606 5375 2911 5429 ποιεῖσθαι⁹
2974 5374 3097 5428 ὅθεν
3144 5373 3267 5427 οὑδὲ
3310 5371 3552 5426 κοινωνῶ
3590 5372 3691 5442 τῆς
3722 5369 3940 5442 γνώμης

676 5464 731 5519 id
763 5482 1108 5538 nequaquam
1135 5468 1443 5539 patiamini.

2368 5467 2497 5537 ὑμῖν
2531 5468 2625 5521 καὶ
2656 5470 2724 5539 τῇ
2750 5467 2920 5539 κακίᾳ
3025 5466 3192 5538 συζῇν
3224 5465 3620 5519 ἐσπουδάκατε·
3644 5463 3938 5519 τούναντίον

676 5556 788 5627 γάρ
812 5560 907 5613 καὶ
940 5560 1158 5615 δικαίαν
1203 5562 1428 5633 ὑπέχειν
1478 5559 1766 5632 μέλλοντες
1811 5559 2107 5632 τιμωρίαν,
2151 5557 2516 5612 ἀπαλλάττειν
2570 5557 2637 5611 δι’
2693 5557 3007 5628 ὑπερϐολὴν
3052 5557 3238 5620 ἐλέους
3277 5557 3404 5620 τοὺς
3453 5556 3764 5628 πάσχοντας
3813 5572 3937 5626 προ-

680 5649 782 5718 άγο
789 5666 886 5718 μαι
918 5650 1143 5721 ταύτης.

758 5759 922 5815 Vens.
957 5759 1143 5814 10-12.
1174 5786 1242 5799 —-
1276 5777 1296 5810 ι
1329 5757 1458 5815 Post
1492 5759 1782 5815 Dominum
1814 5759 2197 5814 ambulabunt.
2238 5777 2256 5809 ι

2443 5758 2590 5826 Στίχ.
2626 5756 2774 5826 ι’-ιβ’.
2811 5786 2879 5795 -
2911 5775 2929 5808 ι
2986 5757 3197 5812 Ὀπίσω
3240 5758 3449 5830 Κυρίου
3500 5758 3861 5829 πορεύσονται.
3909 5779 3924 5812 ι

685 5849 971 5909 Praedicta:
1013 5850 1179 5905 veluti
1207 5849 1301 5907 Dei
1339 5852 1605 5908 locutioni
1647 5852 1751 5907 hoc
1779 5852 2022 5908 subtexit
2050 5852 2265 5905 addita-

2386 5850 2471 5912 Ὠς
2504 5850 2594 5905 ἐπὶ
2616 5851 2680 5919 τῇ
2716 5850 3050 5921 προκειμένῃ
3098 5849 3193 5903 τοῦ
3234 5850 3370 5904 Θεοῦ
3404 5853 3554 5921 φωνῇ
3595 5849 3692 5920 τὴν
3733 5851 3928 5919 ἐπαγω-

688 5949 930 6001 mentum
971 5943 1257 6016 propheta,
1304 5944 1378 6001 ita
1427 5943 1598 6003 ferme
1645 5944 1855 6015 dicens,
1904 5951 2157 6015 oportere
2209 5943 2264 5996 in

2374 5943 2477 6013 γὴν
2508 5940 2534 5989 ὸ
2562 5942 2842 6013 προφήτης
2874 5943 3163 6014 πεποίηται
3188 5942 3414 6015 ταύτην,
3440 5941 3648 5996 τοιοῦτὸ
3672 5958 3723 5995 τι
3757 5940 3924 6012 λέγων,
