4102 6486
253 283 372 340 135

1325 274 1876 336 COMMENTARIUS
1911 276 1975 330 IN
2020 275 2222 332 OSEAE
2264 278 2419 335 CAP.
2458 279 2572 336 XII.

3481 284 3588 352 tat

247 396 500 451 Ect'Errz
513 396 643 450 σθαι
659 396 724 467 δὴ
748 395 934 449 λοιπὸν
952 397 1222 467 προσήκει
1245 397 1324 469 τῷ
1339 396 1591 468 τοιούτῳ,
1607 395 1702 450 καὶ
1717 395 1894 450 πάντα

1998 405 2277 462 posterum
2328 395 2498 451 Deum
2541 397 2764 464 sectari,
2811 404 2974 469 alque
3024 397 3250 454 omnino
3299 412 3460 468 agere
3500 414 3582 454 se-

253 486 546 556 πράττειν
594 485 739 540 κατὰ.
788 486 854 539 τὸ
888 485 1081 540 δοκοῦν
1115 489 1193 557 τῷ
1230 485 1353 558 Θεῷ
1398 486 1572 549 οὕτως
1602 485 1796 556 ήμέρῳ
1827 500 1886 536 τε

252 583 381 636 ὄντι
417 581 524 634 xui.
554 578 935 652 φιλανθρώπῳ
962 580 1092 650 περὶ
1120 582 1286 650 ὑμᾶς.
1323 599 1341 632 ι
1389 581 1479 644 Ὠς
1493 580 1630 632 λέων
1662 577 1886 650 ἐρεύξε-

252 689 376 733 ται,
448 673 554 725 xui.
609 673 972 742 ἐκστήσονται
1033 672 1201 725 τέκνα
1242 671 1472 726 ὑδάτων.
1509 690 1546 738 ι⁴
1573 671 1638 723 Εἰ
1675 670 1783 739 γὰρ
1820 669 1887 740 δή

255 763 560 826 τοιούτους
597 763 983 835 παράσχοιμεν
1022 765 1272 828 ἑαυτοὺς,
1307 764 1464 833 δίκην
1498 762 1710 825 λέοντός
1740 778 1886 826 τινος

261 854 516 928 φοϐεροῦ
557 858 676 920 τοῖς
736 857 1012 925 κτήνεσιν,
1067 856 1266 921 ἐξοίσει
1320 855 1419 927 τήν
1455 838 1664 908 οἰκείαν
1701 854 1887 925 φωνὴν

263 946 366 1000 ἐπὶ
409 945 634 1010 πάντας
697 946 967 1010 ἐκείνους,
1028 945 1120 1010 οὓς
1143 947 1302 1018 δίκην
1332 948 1540 1001 ὑδάτων
1583 948 1712 1016 ῦμῖν
1743 946 1886 1000 κατὰ

263 1037 332 1090 τὸ
359 1037 578 1108 πλῆθος
600 1038 663 1091 τδ
683 1040 885 1093 οἰκεῖον
902 1037 1329 1110 ὲπεληλυθότας,
1361 1041 1440 1103 εἰς
1461 1039 1723 1093 ἔκστασιν
1751 1040 1888 1094 πάν-

273 1149 374 1194 τας
424 1132 782 1202 καταστήσει
833 1131 914 1203 τῷ
942 1131 1092 1203 φόϐῳ
1127 1131 1208 1203 τῷ
1239 1132 1449 1202 οίκείῳ.
1486 1133 1561 1202 (p.
1595 1131 1686 1202 8-1)
1725 1149 1744 1182 ι
1774 1131 1888 1184 Καὶ

272 1223 502 1293 ἥξουσιν
524 1224 608 1286 ὡς
629 1223 822 1293 δρνεον
857 1223 918 1287 ἐξ
946 1222 1251 1292 Αἰγύπτου,
1277 1224 1374 1276 xui.
1399 1223 1474 1287 ὼς
1497 1222 1798 1294 περιστερὰ
1821 1223 1887 1274 ἐκ

266 1317 378 1385 γῆς
420 1318 740 1388 ’Δσσυρίων
762 1333 776 1348 ⁸
810 1316 908 1370 xui.
937 1318 1387 1388 ἀποκαταστήσω
1420 1317 1618 1380 αὐτοὺς
1640 1318 1720 1380 εἰς
1759 1315 1886 1379 τοὺς

263 1411 461 1475 οἴκους
491 1412 704 1477 αὐτῶν,
725 1413 1112 1484 λέγειΚύριος.
1138 1433 1156 1466 ι
1178 1413 1524 1484 Πανταχόθεν
1557 1412 1668 1483 γὰρ
1691 1412 1887 1475 αὐτοὺς

263 1504 602 1570 ἐπανάξειν,
635 1504 740 1574 τῆς
773 1505 1116 1576 κατεχούσης
1139 1506 1457 1571 ἀπαλλάξας
1487 1505 1884 1577 αἰχμαλωσίας,

265 1595 368 1647 xui.
396 1594 535 1658 τούς
581 1614 644 1649 τε
695 1597 848 1668 παρὰ
889 1597 1201 1669 Ἀσσυρίοις
1231 1598 1638 1670 αἰχμαλώτους,
1672 1598 1798 1662 τούς
1827 1615 1887 1651 τε

265 1688 328 1739 ἐν
364 1685 647 1758 Αἰγύπτῳ
675 1705 736 1742 τε
764 1688 1028 1757 φυγάδας,
1059 1688 1216 1759 δίκην
1265 1689 1470 1760 ὀρνέων
1502 1688 1888 1759 ἀποκαταστή-

1989 487 2231 542 cundum
2274 487 2368 544 Dei
2400 489 2804 559 beneplacilum
2842 498 2950 544 tam
2993 505 3122 560 erga
3167 505 3267 546 vos
3295 490 3584 545 clementis

1990 587 2152 649 atque
2192 579 2435 651 benigni.
2474 600 2492 632 ι
2524 581 2694 647 Quasi
2737 583 2823 636 leo
2863 582 3066 652 rugict,
3101 591 3154 637 et
3203 581 3582 637 formidabunt

1989 672 2087 727 ﬁlii
2115 687 2402 743 aquarum.
2441 693 2459 726 ›
2497 674 2552 728 Si
2580 675 2717 730 tales
2748 685 2965 731 nosmet
2995 675 3430 742 exhibuerimus,
3463 676 3580 745 ipse

1990 782 2144 822 more
2175 769 2353 824 leonis
2396 768 2592 824 bestiis
2618 768 2906 831 terribilis,
2936 782 3126 822 vocem
3170 783 3326 822 suam
3363 769 3579 822 emittet

1988 869 2182 915 contra
2222 861 2348 917 illos
2379 877 2592 926 omnes,
2624 863 2715 933 qui
2752 862 2858 915 ritu
2911 876 3180 930 aquarum
3225 858 3578 914 multitudine

1987 967 2090 1008 sua
2129 953 2412 1024 ingruunt,
2449 969 2654 1024 eosque
2699 955 2964 1008 attonitos
3006 967 3200 1008 omnes
3229 961 3440 1007 terrore
3477 966 3578 1006 suo

1991 1044 2175 1101 faciet.
2212 1064 2231 1097 ι
2267 1045 2333 1099 Et
2369 1047 2590 1102 venient
2617 1048 2776 1117 quasi
2811 1049 2930 1102 avis
2959 1062 3022 1102 ex
3055 1044 3315 1117 Egypto,
3341 1053 3397 1100 et
3419 1046 3578 1115 quasi

1991 1138 2247 1193 columba
2287 1140 2355 1194 de
2389 1147 2535 1194 terra
2562 1140 2915 1211 Assyriorum
2951 1159 2964 1194 :
2999 1150 3053 1194 et
3079 1139 3364 1209 Collocabo
3390 1153 3484 1192 eos
3523 1137 3580 1191 in

1987 1230 2245 1286 domibus
2279 1233 2416 1296 suis,
2466 1232 2601 1287 dicit
2646 1231 2935 1286 Dominus.
2971 1251 2990 1283 ›
3024 1231 3278 1301 Undique
3327 1230 3472 1285 enim
3521 1244 3580 1283 se

1989 1336 2086 1377 eos
2144 1323 2519 1388 redacturum,
2565 1339 2596 1378 a
2643 1323 2980 1394 captivitatis
3034 1337 3294 1392 pressura
3352 1321 3576 1386 liberos,

1991 1423 2106 1469 tum
2147 1416 2241 1486 qui
2277 1417 2423 1488 apud
2455 1417 2716 1488 Assyrios
2747 1424 2906 1472 erant
2932 1417 3161 1486 captivi,
3193 1425 3309 1470 tum
3344 1413 3449 1485 55
3483 1415 3579 1484 qni

1990 1509 2046 1561 itt
2089 1508 2389 1580 Aﬂgyptum
2431 1509 2788 1580 profugerant

1991 1597 2060 1651 ad
2105 1599 2293 1669 priora
2337 1607 2724 1655 revocaturum
2764 1600 3033 1670 promittit
3082 1598 3248 1654 Deus.
3282 1617 3300 1650 ι
3329 1597 3581 1672 Circum—

1991 1687 2142 1743 dedit
2172 1705 2258 1745 me
2299 1690 2585 1746 mendacio
2618 1689 2967 1761 Ephraimus,
2995 1699 3047 1745 ct
3083 1678 3359 1760 impietate
3383 1689 3579 1744 domus

2836 1527 2848 1563 :
2893 1509 3075 1563 avium
3126 1510 3302 1563 instar
3349 1516 3579 1562 cunctos

267 1795 390 1830 σειν
429 1779 658 1842 πάντας
689 1781 770 1843 είς
787 1779 857 1833 τὰ
877 1780 1052 1832 οίκεῖα
1081 1780 1110 1832 6
1130 1778 1262 1842 Θεὸς
1291 1780 1655 1849 ὑπισχνεῖται.
1687 1800 1705 1831 ‹
1729 1778 1888 1832 Ἑκύ-

1997 1778 2212 1835 lsraelis
2242 1794 2305 1834 ac
2333 1778 2507 1835 Juda.
2545 1752 2704 1835 Nune
2735 1781 2886 1836 novit
2919 1752 3015 1836 eos
3046 1752 3212 1846 Deus,
3259 1787 3314 1836 et
3344 1781 3579 1851 populus

269 1869 458 1924 κλωσέ
488 1889 561 1941 με
620 1873 682 1924 ὲν
728 1872 918 1942 ψεύδει
971 1871 1238 1945 Ἐφραῖμ,
1271 1874 1367 1927 xui.
1407 1874 1465 1926 ὲν
1493 1873 1718 1944 ἀσεϐείᾳ
1744 1869 1893 1936 οἶκος

285 1963 515 2036 Ἰσραὴλ
543 1965 645 2018 xui.
661 1965 834 2020 Ἰούδα
854 1983 866 1997 ·
905 1965 1000 2019 νῦν
1017 1965 1160 2036 ἔγνω
1189 1966 1385 2030 αὐτοὺς
1405 1967 1433 2020 6
1453 1965 1588 2029 Θεός
1607 1983 1620 1996 ο
1650 1967 1743 2019 xui
1766 1965 1894 2029 λαὸς

269 2054 434 2123 ἅγιος
469 2056 818 2128 κληθήσεται
869 2055 1030 2111 Θεοῦ.
1065 2076 1082 2109 ι
1123 2057 1398 2130 Πρότερον
1445 2057 1547 2128 μὲν
1571 2056 1680 2128 γὰρ
1704 2055 1892 2127 ἐπειδὴ

270 2147 415 2216 πρὸς
437 2147 504 2200 τὸ
533 2147 738 2217 ψεῦδος
789 2150 884 2204 xui.
922 2149 1022 2220 τὴν
1059 2149 1168 2203 τῶν
1215 2150 1450 2204 εἰδώλων
1496 2149 1894 2213 ἀποκλίναντες

272 2241 593 2312 θεραπείαν
613 2244 670 2295 ἐν
697 2242 926 2314 ἀσεϐείᾳ
943 2243 1130 2314 διῆγον
1156 2243 1420 2307 ἅπαντες,
1444 2243 1635 2297 οὐδένα
1650 2243 1742 2295 τὸν
1763 2259 1829 2294 πε
1839 2241 1894 2314 ρ).

272 2335 378 2403 ἐμὲ
406 2335 740 2406 ποιούμενοι
775 2335 956 2405 λόγον,
987 2337 1306 2405 ἀναγκαίως
1332 2337 1530 2400 αὐτοὺς
1552 2338 1664 2400 τοῖς
1702 2338 1894 2398 κακοῖς

273 2427 672 2500 περιϐέϐληκα
709 2427 978 2492 ἐκείνοις·
1016 2429 1496 2500 μεταμελομένους
1525 2427 1580 2482 δὲ
1624 2428 1717 2482 καὶ
1756 2427 1896 2499 πρὸς

270 2519 337 2572 τὸ
374 2523 637 2592 κρεῖττον
694 2520 929 2585 ἰδόντας,
982 2519 1341 2592 οἰκειώσομαι
1390 2520 1641 2584 ἅπαντας
1700 2517 1897 2590 (τοῦτο

273 2613 389 2684 γὰρ
411 2613 569 2683 λέγει
605 2613 691 2677 τὸ,
729 2614 950 2682 «Ἔγνω
979 2612 1177 2676 αὐτούς
1213 2616 1267 2682 ι)
1292 2630 1306 2643 ’
1336 2613 1430 2667 xu‘t
1466 2613 1524 2678 ἐξ
1555 2612 1736 2666 αὐτῶν
1768 2610 1894 2683 ἐμοὶ

274 2705 630 2773 φανήσονται
659 2703 772 2756 τῶν
808 2702 1154 2775 πραγμάτων
1183 2703 1357 2768 ὄντες,
1387 2703 1482 2759 ἆτε
1499 2703 1772 2758 τοσούτων
1800 2703 1894 2756 xui.

274 2793 628 2864 τηλικούτων
681 2792 910 2862 ἀγαθῶν
976 2792 1066 2846 διὰ
1099 2793 1200 2864 τῆς
1240 2794 1386 2864 ὲμῆς
1412 2791 1726 2864 ἀξιούμενοι
1767 2793 1894 2864 βοη-

278 2887 440 2951 θείας
464 2905 480 2919 ο
516 2887 592 2940 τά
621 2887 720 2957 μὲν
748 2886 816 2957 δὴ
857 2887 992 2958 παρ’
1027 2885 1164 2958 ἐμοῦ
1203 2887 1728 2958 τοιαῦταπαρέχειν
1755 2886 1895 2940 ἓτοι-

279 2997 384 3050 μος
412 2977 552 3049 ἐγώ.
590 2979 656 3032 Τί
683 2979 780 3044 δέ;

937 3071 1098 3128 ΚΕΦ.
1146 3069 1246 3124 1Β’.

351 3163 512 3234 Στίχ.
542 3162 693 3217 α’-δί
719 3184 736 3214 ι
759 3163 819 3216 '0
852 3162 910 3216 δὲ
946 3162 1189 3235 Ἐφραῒμ
1211 3161 1448 3234 πονηρὸν
1474 3163 1711 3234 πνεῦμα.
1750 3163 1897 3218 »Ἵνα

277 3257 446 3326 εἴπῃ,
483 3255 814 3326 προαίρεσις
873 3256 1127 3326 μοχθηρά
1151 3273 1164 3284 '
1208 3254 1430 3325 πνεῦμα
1471 3255 1580 3327 γὰρ
1621 3255 1894 3327 πολλαχοῦ

279 3347 446 3400 καλεῖ
482 3347 587 3417 τήν
642 3345 968 3418 προαίρεσιν
993 3362 1007 3375 ·
1038 3345 1114 3409 ὡς
1163 3346 1244 3413 τὸ,
1277 3365 1296 3397 ι
1334 3345 1613 3416 Πνεύματι
1640 3345 1899 3416 πορνείας

278 3436 684 3507 ἐπλανήθησαν
699 3451 712 3467 ⁸
739 3456 757 3487 ›
780 3436 897 3512 καὶ,
922 3456 941 3488 ‹
969 3435 1194 3507 Πνεῦμα
1211 3435 1367 3496 esse;
1382 3435 1693 3503 ὲγκαίνισον
1709 3437 1767 3488 έν
1781 3437 1897 3499 τοῖς

281 3529 555 3597 ἐγκάτοις
612 3546 714 3599 μου
739 3544 754 3557 ’
790 3549 809 3580 ›
850 3529 962 3583 Καὶ
1019 3529 1203 3583 Χαλὲῦ
1227 3531 1255 3583 6
1282 3528 1378 3582 τοῦ
1424 3529 1639 3598 Ἰεφονὶ,
1673 3529 1750 3599 (p.
1803 3527 1895 3599 85)

280 3624 381 3676 xui
406 3621 630 3693 Ἰησοῦς
664 3624 693 3674 6
725 3620 820 3676 τοῦ
863 3623 1042 3693 Ναυῆ,
1074 3623 1158 3675 ὃτι
1195 3641 1212 3673 t
1250 3620 1520 3692 Ἐγενήθη
1547 3620 1766 3692 πνεῦμα
1789 3621 1899 3675 ἓτε-

281 3732 379 3787 ρον
415 3715 479 3767 έν
509 3712 1006 3784 αύτῷ.-Ἐδίωξε
1038 3713 1298 3768 καύσωνα
1324 3713 1454 3784 ὅλην
1494 3714 1594 3783 τὴν
1625 3713 1891 3784 ἡμέραν.»

283 3806 573 3879 Διηνεκῶς
605 3806 716 3878 γάρ
751 3805 998 3860 ἐπετέλει
1050 3805 1297 3871 τοιαῦτα,
1346 3805 1382 3858 ἃ.
1434 3803 1717 3866 καύσωνος
1741 3803 1897 3875 δίκην

284 3896 700 3968 λυμαινομένου
760 3899 873 3960 τοῖς
920 3900 1178 3968 καρποῖς,
1225 3896 1452 3965 ἐπάγειν
1485 3895 1669 3958 αὐτοῖς
1699 3890 1769 3966 ἦν
1800 3895 1900 3948 αὐ-

286 3991 472 4061 τάρκη
496 3990 600 4059 τήν
637 3987 870 4060 φθοράν.
909 4008 928 4040 ι
965 3989 1115 4042 Κενά
1151 3989 1244 4042 xui.
1283 3987 1490 4060 μάταια
1509 3986 1839 4060 ὲπλήθυναν.
1873 4006 1892 4039 ι

287 4085 400 4137 Καὶ
428 4081 641 4152 πλῆθος
666 4082 905 4136 εἰδώλων
934 4084 1344 4154 κατεστήσαντο
1375 4068 1673 4150 ἀνωφελῶν
1704 4099 1900 4135 παντε-

283 4174 397 4237 λῶς
461 4174 561 4226 καὶ
615 4173 826 4244 βλάϐης
881 4176 1149 4245 μεγίστης
1171 4174 1380 4228 αἰτίων.
1423 4192 1442 4225 ι
1477 4174 1586 4227 Καὶ
1633 4173 1898 4245 διαθήκην

287 4267 434 4338 μετᾶ
465 4266 776 4336 Ἀσσυρίων
801 4266 1028 4332 διέθετο,
1058 4266 1151 4320 xui
1177 4266 1355 4319 ἔλαιον
1378 4265 1489 4336 (12)
1521 4268 1600 4330 εἰς
1621 4266 1897 4336 Αἴγυπτον

1918 3020 1965 3082 C

1993 1880 2221 1928 sanctus
2267 1871 2560 1928 vocabitur
2611 1873 2727 1932 Dei.
2762 1894 2780 1925 ι
2815 1876 2983 1930 Antea
3032 1874 3275 1944 quidem,
3317 1872 3578 1943 quoniam

1992 1962 2062 2018 ad
2122 1962 2422 2020 falsitatem
2482 1973 2647 2035 atque
2699 1966 2974 2020 idolorum
3027 1965 3358 2036 obsequium
3413 1966 3580 2035 impie

1990 2069 2182 2110 omnes
2225 2053 2664 2123 declinaverant,
2714 2057 2925 2110 nullum
2976 2055 3082 2111 mei
3128 2063 3436 2125 respectum
3477 2055 3579 2109 Ita-

1992 2148 2204 2212 bentes,
2238 2149 2556 2204 necessario
2584 2162 2680 2204 eos
2703 2149 2863 2204 malis
2899 2148 3008 2203 illis
3043 2148 3248 2203 irretivi
3269 2166 3281 2202 :
3304 2147 3400 2202 sed
3432 2162 3582 2201 nunc

1991 2243 2404 2312 resipiscentes,
2460 2249 2517 2297 et
2559 2241 2804 2297 melioris
2844 2240 3020 2310 frugis
3070 2240 3371 2304 studiosos,
3422 2237 3582 2292 fami-

1993 2335 2158 2390 liares
2200 2335 2336 2388 mibi
2377 2349 2572 2389 omnes
2619 2333 2841 2388 faciam.
2893 2333 2948 2387 Id
3004 2333 3150 2386 enim
3189 2331 3333 2386 valet
3377 2331 3581 2386 locutio

1993 2427 2111 2492 illa,
2161 2446 2179 2478 ι
2212 2425 2352 2481 Novi
2381 2441 2499 2482 eos.
2532 2445 2551 2478 ι
2583 2425 2650 2480 Et
2673 2425 2894 2497 quidem
2925 2425 2980 2479 in
3011 2439 3243 2479 numero
3275 2438 3400 2480 esse
3432 2438 3582 2477 meo-

1993 2536 2140 2583 rum,
2178 2520 2322 2576 facta
2367 2521 2489 2592 ipsa
2543 2521 2842 2584 docebunt,
2886 2519 3151 2590 quoniam
3195 2525 3276 2574 tot
3319 2524 3583 2588 tantaque

1993 2613 2136 2669 bona
2172 2629 2258 2670 me
2305 2613 2602 2684 adjuvante
2642 2621 3029 2682 assequentur.
3063 2611 3224 2666 Certe
3270 2611 3338 2665 ad
3387 2610 3606 2679 hujus-_

1993 2705 2141 2760 modi
2178 2705 2315 2776 ipsis
2348 2704 2654 2762 exhibenda
2695 2703 2964 2761 beneﬁcia
2993 2709 3220 2774 paratus
3253 2717 3401 2758 sum.
3437 2699 3578 2767 Quid

1992 2807 2157 2863 porro
2175 2795 2199 2848 ?

2627 3060 2782 3118 CAP.
2823 3060 2939 3114 XII.

2067 3152 2236 3210 Vens.
2275 3154 2394 3210 1-4.
2425 3183 2498 3195 —-
2526 3173 2544 3207 ι
2576 3152 2909 3225 Ephraimus
2959 3161 3142 3208 autem
3201 3153 3378 3208 malus
3427 3153 3584 3222 spiri-

1999 3257 2107 3303 tus.
2145 3266 2164 3299 ι
2203 3245 2342 3301 Mala
2380 3247 2638 3302 nimirum
2667 3248 2963 3303 voluntas:
2996 3262 3122 3301 nam
3153 3246 3409 3316 spiritum
3439 3262 3583 3315 sche

1997 3341 2232 3412 appellat
2264 3341 2634 3406 voluntatem;
2666 3341 2834 3395 veluti
2867 3358 2880 3394 :
2919 3358 2938 3392 ι
2978 3337 3218 3410 Spiritus
3258 3337 3580 3394 fornicatio-

1997 3432 2086 3488 nis
2110 3431 2330 3503 decepit
2348 3445 2445 3486 eos
2465 3429 2541 3497 ³¹;
2567 3451 2584 3484 ι
2608 3440 2683 3499 et,
2715 3451 2734 3485 ί
2761 3429 3028 3502 Spiritum
3048 3439 3263 3486 rectum
3291 3429 3489 3484 innova
3527 3430 3581 3483 in

1997 3521 2305 3578 visceribus
2355 3522 2492 3577 meis
2516 3521 2598 3588 ³¹;
2631 3541 2650 3574 ι
2701 3522 2767 3576 Et
2799 3520 3007 3576 Chaleb
3045 3519 3281 3591 Jephoni
3326 3521 3492 3588 ﬁlius,
3530 3529 3586 3576 et

1997 3613 2159 3671 Jesus
2185 3611 2341 3678 Navi,
2361 3611 2622 3681 quoniam
2663 3632 2682 3665 ι
2719 3614 2948 3682 spiritus
2972 3612 3113 3668 alius
3137 3611 3238 3667 fuit
3268 3611 3323 3666 in
3356 3613 3449 3666 illo
3469 3613 3532 3665 ³³.
3560 3631 3580 3664 ι

1998 3735 2070 3747 -
2091 3725 2109 3756 ι
2140 3703 2472 3760 Persecntus
2514 3713 2599 3757 est
2630 3711 2823 3757 aestum
2848 3710 2959 3757 tota
2985 3702 3095 3757 die.
3133 3721 3151 3753 ›
3181 3701 3410 3773 Semper
3439 3703 3586 3758 enim

2001 3798 2130 3852 talia
2172 3797 2388 3867 agebat,
2426 3811 2547 3866 quae
2581 3810 2732 3849 more
2785 3804 2955 3850 zestus
3002 3795 3253 3864 frugibus
3296 3797 3466 3861 noxii,
3500 3794 3589 3848 af-

2000 3887 2144 3944 ferre
2191 3889 2324 3960 ipsis
2373 3887 2674 3958 perniciem
2727 3892 3002 3956 poterant.
3060 3903 3078 3936 ‹
3115 3884 3303 3939 Inania
3344 3892 3399 3940 et
3444 3899 3588 3939 vana

1999 3981 2522 4052 multiplicaverunt.
2563 3998 2582 4031 ι
2653 3977 2907 4049 Magnum
2961 3992 3250 4032 numerum
3311 3976 3587 4031 idolorum

1999 4075 2431 4138 constituerunt,
2488 4071 2764 4126 inutilium
2807 4083 3055 4140 prorsus,
3093 4068 3203 4123 imo
3237 4066 3460 4138 maximi
3496 4066 3593 4122 de-

2003 4166 2246 4222 trimenti
2308 4179 2534 4220 causam
2603 4162 2987 4233 prtebentium.
3052 4178 3070 4211 ι
3106 4158 3172 4213 Ει
3223 4159 3404 4215 ίωύυε
3463 4174 3590 4214 cum

2002 4258 2246 4329 Assyriis
2284 4257 2480 4319 inibat,
2513 4263 2566 4310 et
2592 4255 2774 4309 oleum
2807 4253 2861 4307 in
2898 4252 3136 4324 {Egypto
3160 4251 3527 4307 mercabatur.
3567 4270 3586 4302 ι

285 4359 677 4428 ἐνεπορεύετο.
721 4377 739 4408 ι
771 4353 904 4411 Εἶτα
929 4360 1120 4423 κακοῖς
1151 4357 1291 4430 ὑπὲρ
1323 4357 1530 4411 τούτων
1548 4375 1894 4430 περιπεπτωο

2006 4349 2216 4404 Deinde
2275 4348 2328 4401 in
2365 4347 2482 4400 haec
2513 4345 2658 4398 mala
2703 4344 3012 4413 conjectus,
3039 4341 3204 4397 modo
3226 4342 3295 4397 ab
3324 4341 3591 4413 Assyriis,

289 4450 426 4514 κὼς,
469 4449 604 4502 ποτὲ
634 4448 734 4520 μὲν
765 4449 830 4501 δι’
879 4449 1203 4520 Ἀσσυρίων,
1236 4448 1370 4501 ποτὲ
1407 4448 1463 4501 δὲ
1491 4447 1558 4501 δι’
1582 4447 1898 4516 Αἰγυπτίων

287 4542 530 4613 ἦλπιζεν
578 4540 786 4610 ἀγαθοῦ
827 4559 974 4605 τινος
1006 4539 1293 4607 τεύξεσθαι
1318 4555 1334 4571 ο
1378 4540 1474 4594 καὶ
1504 4540 1645 4610 πρὸς
1691 4541 1900 4593 ἐκεῖνον

291 4635 397 4705 μὲν
454 4633 640 4703 φιλίας
698 4633 976 4704 συνθήκας
1017 4632 1274 4704 ἐϐούλετο
1323 4632 1617 4695 ποιεῖσθαι,
1642 4632 1796 4702 παρὰ
1842 4631 1899 4685 δὲ

293 4729 494 4781 τούτου
546 4725 866 4797 συμμαχίαν
917 4727 1076 4798 ᾔτει·
1131 4725 1394 4794 ὠφελεῖτο
1447 4725 1503 4777 δὲ
1542 4724 1602 4791 ὲξ
1639 4725 1899 4778 ἁπάντων

289 4822 506 4873 τούτων
541 4819 712 4873 οὐᾶιέν.
768 4839 786 4871 t
823 4819 934 4872 Καὶ
973 4817 1155 4890 κρίσις
1193 4817 1271 4888 τῷ
1300 4817 1490 4887 Κυρίῳ
1516 4816 1654 4890 πρὸς
1695 4817 1898 4871 Ἰούδαν

231 4931 237 4936 ·
295 4913 391 4965 τοῦ
425 4913 717 4981 ἐκδικῆσαι
755 4911 845 4964 τὸν
888 4909 1108 4965 Ἰακώϐ.
1147 4929 1164 4962 ι
1207 4910 1264 4962 '0
1289 4911 1397 4981 γὰρ
1427 4909 1561 4973 Θεὸς
1586 4910 1749 4974 αὐτὸς
1775 4911 1901 4980 ἥκει

293 5005 382 5058 διὰ
418 5003 534 5056 τῶν
573 5004 916 5078 πραγμάτων
941 5001 1340 5074 κριθησόμενος
1369 5001 1507 5073 πρὸς
1544 5002 1764 5068 αὐτοὺς,
1807 5004 1903 5056 xui.

293 5097 537 5151 ἐκδικῶν
594 5096 663 5149 τὰ
739 5095 814 5167 μὴ
871 5095 1102 5158 δεόντως
1149 5095 1335 5159 αὐτοῖς
1370 5095 1776 5167 πεπραγμένα·
1809 5095 1900 5150 τὸν

306 5189 517 5244 Ἰακὼϐ
555 5189 663 5262 γὰρ
688 5187 974 5243 κάνταῦθα
1007 5187 1158 5256 λέγει
1182 5186 1244 5240 τὺ
1276 5187 1429 5251 ἔθνος
1458 5187 1569 5242 τῶν
1613 5189 1906 5259 Ἰουδαίων,

291 5288 434 5357 ὅπερ
471 5279 565 5336 οὖν
595 5284 691 5336 καὶ
738 5280 935 5335 Ἰακὼὸ
969 5280 1063 5334 xui.
1099 5278 1318 5352 Ἰσραὴλ
1355 5279 1602 5335 ἐκαλεῖτο
1633 5283 1776 5337 κατὰ
1808 5287 1907 5357 τὴν

289 5377 388 5430 τοῦ
425 5377 781 5446 προπάτορος
812 5371 994 5428 αὐτῶν
1047 5371 1366 5443 ὀνομασίαν,
1409 5372 1485 5436 ὡς
1522 5375 1580 5427 ὲν
1615 5377 1731 5437 τοῖς
1763 5375 1906 5430 ἀνω-

291 5471 480 5545 τέροις
534 5468 821 5538 ἐδείξαμεν
851 5483 865 5496 ·
925 5465 1048 5520 ὅθεν
1095 5464 1292 5535 ἐπάγει
1317 5481 1331 5495 ’
1372 5485 1389 5516 ι
1432 5464 1594 5519 Κατὰ
1621 5465 1720 5530 τὰς
1752 5466 1907 5532 ὁδοὺς

2005 4441 2170 4496 modo
2203 4440 2270 4493 ab
2300 4436 2577 4508 [Egyptiis
2599 4435 2854 4505 sperabat
2893 4433 3022 4488 boni
3057 4433 3260 4502 aliquid
3282 4433 3546 4503 consequi
3575 4452 3589 4488 :

2004 4539 2056 4585 et
2092 4544 2215 4582 cum
2254 4528 2360 4581 illis
2404 4524 2625 4596 quidem
2673 4521 2930 4576 amicitiae
2969 4520 3150 4576 fmdus
3185 4521 3416 4592 jungere
3443 4522 3594 4576 vole-

2006 4625 2120 4686 bat,
2173 4621 2244 4675 ab
2290 4621 2378 4674 his
2421 4625 2602 4673 autem
2654 4614 2780 4672 belli
2839 4615 3155 4671 societatem
3208 4615 3464 4684 petebat.-
3497 4614 3594 4670 sed

2004 4717 2140 4772 nihil
2173 4716 2241 4770 ab
2278 4714 2365 4770 bis
2397 4713 2656 4766 omnibus
2679 4719 2764 4766 est
2793 4716 3148 4765 consecutus.
3183 4727 3201 4761 ι
3239 4707 3593 4778 Etjudicium

2011 4810 2226 4868 Domini
2260 4825 2385 4864 cum
2413 4805 2576 4870 Juda,
2611 4812 2671 4860 nt
2700 4804 3002 4860 ulciscatur
3032 4801 3140 4872 56
3168 4799 3362 4856 Jacob.
3400 4821 3418 4854 ι
3450 4801 3593 4857 Deus

2011 4906 2129 4974 ipse
2160 4901 2334 4967 venit,
2372 4899 2534 4954 factis
2570 4898 2758 4967 utique
2791 4894 3060 4966 judicium
3093 4894 3160 4949 de
3193 4893 3303 4948 illis
3338 4902 3592 4965 peractu-

2011 5015 2130 5062 rus,
2181 5004 2236 5052 et
2273 5010 2394 5065 quae
2425 5001 2624 5064 pra-ter
2654 4989 2890 5046 omnium
2939 4997 3170 5059 egerunt
3194 4987 3594 5043 vindicaturus.

2009 5089 2145 5144 Nam
2189 5087 2364 5143 Jacob
2407 5087 2510 5140 hoc
2540 5097 2760 5155 quoque
2807 5083 2929 5138 loco
2968 5080 3103 5135 dicit
3151 5081 3465 5134 universam
3502 5077 3601 5130 Ju-

2009 5182 2254 5237 daeorum
2283 5187 2525 5250 gentem,
2553 5190 2674 5246 qnte
2709 5183 2764 5230 et
2788 5172 2961 5229 Jacob
2988 5180 3043 5228 et
3081 5172 3248 5227 Israel
3283 5169 3598 5241 appellabav

2011 5287 2122 5341 tur,
2154 5273 2222 5328 de
2257 5273 2342 5327 sui
2385 5268 2756 5342 progenitoris
2807 5267 3052 5330 nomine,
3095 5273 3155 5318 ut
3185 5265 3299 5334 jam
3343 5265 3398 5317 in
3432 5277 3590 5329 supc-

2008 5368 2252 5424 rioribtts
2277 5365 2537 5420 diximus.
2562 5360 2718 5416 Unde
2749 5359 2900 5415 addit
2929 5376 2942 5414 :
2972 5377 2990 5408 ‹
3020 5356 3180 5416 Juxta
3213 5355 3331 5411 vias
3368 5354 3513 5423 ejus,
3546 5359 3601 5405 et

2003 5461 2162 5531 juxta
2203 5455 2622 5512 adinventiones
2664 5453 2785 5522 ejus
2841 5447 3034 5506 reddet
3080 5447 3152 5502 ei.
3189 5464 3206 5498 ι
3264 5445 3371 5500 Pro
3425 5457 3495 5499 eo
3535 5458 3602 5500 ac

363 5631 412 5666 ³⁸
436 5630 568 5687 Οεςρ.
610 5633 795 5694 H319.
877 5634 922 5667 ³¹
963 5633 1104 5691 Psal.
1127 5651 1183 5703 1.,
1211 5636 1300 5692 12.
1379 5634 1424 5668 ³³
1457 5633 1620 5689 Num.
1668 5650 1779 5701 xw,
1813 5634 1884 5689 24

1997 5648 2126 5696 xvu,
2168 5630 2251 5683 18.

360 5791 485 5862 {13)
523 5789 658 5852 Cod,
689 5790 859 5845 ἔλεον.
