4102 6524
582 287 682 347 l95

1776 271 2125 334 THEODORI
2167 270 2647 329 MOPSUESTENI

3742 275 3857 332 196

580 403 729 458 dicat
756 416 771 454 :
799 413 859 456 se
897 412 1195 470 congruam
1228 396 1470 469 peccatis
1496 411 1689 454 eorum
1730 411 1949 467 poenam
1985 396 2164 465 impo-

2290 390 2455 457 ιύτοῦ,
2474 393 2568 445 καὶ
2595 390 2736 445 κατά
2764 390 2830 445 τὰ
2849 390 3261 464 ἐπιτηδεύματα
3287 392 3451 448 αὑτοῦ
3476 394 3858 451 ἀνταποδώσει

582 494 843 551 siturum.
886 489 1094 546 Deinde
1135 496 1191 545 et
1232 488 1601 561 progenitoris
1649 488 1922 559 exemplo,
1968 486 2163 542 horum

582 583 872 652 redarguit
923 581 1354 653 improbitatem.
1419 599 1439 634 ι
1473 580 1531 637 in
1576 588 1734 637 utero
1794 579 2168 651 supplantavit

583 673 812 730 fratrem
842 688 1027 729 suum.
1068 692 1087 723 ι
1129 671 1389 729 Profecto
1427 673 1523 729 ille
1549 683 1679 729 ante
1709 672 1878 727 etiam
1907 671 2166 727 nativita-

586 773 699 821 tem
741 764 1021 837 portendit
1053 778 1118 820 eo
1150 763 1399 833 corporis
1425 773 1573 818 motu
1608 761 1876 826 fraudem,
1900 776 2009 833 qua
2039 759 2168 817 aﬂ‘e-

588 862 842 909 ctaturus
889 861 1007 908 erat
1048 852 1396 923 primogeniti
1440 851 1587 920 jura.
1625 871 1643 902 ι
1678 850 1741 906 Ει
1796 852 1852 905 in
1886 850 2169 907 laboribus

590 944 708 1000 suis
739 941 912 997 valuit
948 956 1076 1011 erga
1119 938 1310 995 Deum.
1350 959 1367 990 ι
1402 938 1600 995 Multos
1636 953 1931 1010 perpessus
1952 938 2169 995 labores

593 1052 658 1091 ac
690 1034 935 1100 fraudes,
970 1049 1079 1088 non
1109 1033 1371 1090 sustinuit
1394 1049 1425 1089 a
1464 1033 1560 1090 Dei
1599 1033 1981 1090 benevolentia
2018 1050 2171 1091 rece-

590 1129 743 1183 dere.
780 1147 799 1181 ι
833 1126 901 1181 Et
946 1126 1157 1182 viribus
1200 1127 1374 1180 valuit
1405 1140 1531 1181 cum
1581 1127 1774 1198 angelo
1810 1125 2077 1198 (luctari),
2117 1135 2172 1182 et

593 1226 784 1286 potens
840 1214 961 1271 fuit.
1004 1235 1024 1267 ι
1057 1214 1269 1273 Fratris
1313 1215 1546 1273 insidias
1595 1217 1909 1287 suspicans,
1957 1218 2172 1275 visione

576 1307 775 1375 angeli
806 1305 1066 1375 dignatus
1101 1305 1222 1373 fuit,
1254 1321 1378 1361 cum
1410 1321 1522 1376 quo
1546 1306 1743 1361 luctari
1767 1308 1941 1371 visus,
1975 1316 2171 1378 potens

600 1394 879 1464 apparuit.
910 1396 988 1448 Ae
1010 1409 1099 1450 res
1138 1394 1286 1449 illius
1320 1394 1393 1449 ita
1425 1410 1484 1450 se
1510 1395 1843 1451 habuerunt.
1873 1394 2013 1462 Quid
2047 1414 2172 1453 vero

580 1488 715 1556 -ejus
760 1486 1007 1556 posteri?
1038 1505 1058 1539 ι
1094 1484 1411 1552 Fleverunt,
1456 1493 1510 1542 et
1539 1502 1626 1543 me
1655 1486 1931 1557 deprecati
1960 1496 2106 1545 sunt.
2147 1508 2165 1542 ι

596 1577 654 1632 ιιι
694 1579 843 1634 luctu
899 1593 1090 1634 omnes
1146 1588 1456 1645 versantur,
1508 1578 1873 1650 precibusque
1924 1579 2174 1635 nituntur

592 1686 871 1726 aerumnas
928 1678 1195 1735 avertere,
1249 1670 1453 1742 quibus
1498 1670 1568 1726 ob
1620 1685 1777 1725 suam
1838 1671 2171 1742 impietatem

2268 483 2437 553 αύτῷ,
2476 502 2496 534 ι
2526 484 2643 537 Ἵνα
2673 483 2804 556 εἴπῃ
2842 486 2925 539 ὅτι
2950 484 3215 553 ἀνάλογον
3236 478 3311 539 ὧν
3339 486 3625 541 πταίουσιν
3663 490 3861 551 αὐτοῖς

2266 576 2459 642 ὲπάξει
2488 577 2756 648 τιμωρίαν
2772 594 2796 608 ὀ
2832 572 2955 630 εἶτα
2975 577 3075 631 καὶ
3101 578 3243 633 κατὰ
3265 577 3569 650 παράθεσιν
3593 578 3688 631 τοῦ
3715 594 3864 648 προ-

2270 667 2504 737 πάτορος
2529 667 2625 738 τὴν
2655 666 2860 722 τούτων
2889 669 3102 738 ἐλέγχει
3162 669 3383 725 κακίαν.
3408 689 3428 722 ι
3473 670 3564 725 Ἑν
3585 654 3863 741 τῇνκοιλίᾳ.

2271 760 2553 829 ὲπτέρνισε
2593 759 2683 813 τὸν
2709 758 2938 827 ἀδελφὸν
2984 759 3171 814 αὐτου.
3216 779 3235 813 ι
3263 765 3338 832 (p.
3368 761 3461 830 86)
3525 762 3585 815 '0
3614 760 3712 831 μὲν
3737 761 3858 831 γὰρ

2270 850 2364 902 καὶ
2396 849 2502 919 πρὸ
2526 848 2626 919 τῆς
2652 849 2959 919 γεννήσεως
2996 849 3330 905 ἐνεδείκνυτο
3358 851 3437 921 τῷ
3476 852 3717 922 σχήματι
3747 852 3858 922 τὴν

2269 939 2504 1009 ἀπάτην,
2540 938 2659 1009 μεθ’
2677 934 2744 1010 ἦς
2772 938 3006 1010 ἤμελλεν
3021 941 3539 1013 ἀντιποιηθήσεσθαι
3564 942 3673 998 τῶν
3699 960 3860 1015 πρω-

2268 1029 2547 1085 τοτοκίων,
2570 1047 2589 1079 ι
2618 1030 2728 1083 Kal.
2756 1033 2812 1083 ὲν
2831 1030 3020 1095 κόποις
3048 1032 3211 1087 αὐτοῦ
3249 1033 3435 1104 ἴσχυσε
3477 1033 3614 1103 πρὸς
3641 1033 3794 1087 Θεόν.
3827 1052 3851 1084 ο

2272 1120 2384 1174 Kal.
2423 1121 2648 1185 πολλοὺς
2686 1121 3125 1194 ὑπομεμενηκὼς
3162 1123 3358 1187 πόνους
3385 1141 3446 1177 τε
3486 1124 3582 1177 καὶ
3622 1124 3858 1189 πλάνας,

2271 1214 2370 1283 τῆς
2401 1212 2536 1283 πρὸς
2568 1213 2700 1270 Θεὸν
2723 1214 2823 1267 ούκ
2852 1214 3112 1285 ἠνέσχετο
3136 1215 3346 1280 εὐνοίας
3371 1217 3653 1287 ἐκστῆναι.
3686 1237 3703 1266 ι
3741 1217 3862 1271 Καὶ

2272 1302 2520 1374 ἐνίσχυσε
2551 1304 2689 1375 μετά
2750 1306 3008 1374 ἀγγέλου,
3054 1308 3149 1360 καὶ
3184 1306 3443 1378 ἠδυνήθη.
3480 1326 3499 1358 ι
3534 1307 3645 1362 Kal
3667 1307 3730 1376 δὴ
3758 1308 3863 1360 καὶ

2273 1395 2364 1448 τοῦ
2406 1394 2634 1465 ἀδελφοῦ
2678 1397 2778 1469 τὴν
2828 1398 3123 1469 ἐπιϐουλὴν
3183 1398 3553 1471 ὑφορώμενος,
3590 1399 3866 1461 ὀπτασίας

2272 1484 2476 1559 ἠξιώθη
2507 1487 2765 1556 ἀγγέλου,
2797 1488 2933 1558 πρὸς
2959 1488 3020 1542 ὃν
3046 1489 3297 1544 παλαίειν
3323 1488 3497 1542 δοκῶν
3519 1488 3676 1559 ὤφθη
3697 1490 3867 1545 δυνα-

2273 1577 2364 1641 τός
2391 1577 2565 1633 ’ἀλλά
2615 1581 2682 1633 τὰ
2732 1579 2830 1648 μὲν
2865 1579 3074 1634 ἐκείνου
3128 1580 3357 1636 τοιαῦτα
3384 1597 3398 1611 ·
3442 1580 3513 1633 τὰ
3560 1581 3619 1635 δὲ
3652 1580 3867 1635 τούτων

2273 1670 2384 1723 τῶν
2422 1670 2705 1740 ἀπογόνων
2752 1671 2860 1724 τῶν
2896 1672 3104 1727 ἐκείνου
3140 1674 3333 1738 ὀποία;
3362 1691 3382 1724 ι
3422 1672 3737 1727 Ἕκλαυσαν
3765 1675 3871 1726 καὶ

586 1769 951 1833 premuntur.
984 1732 1244 1827 Quaenam
1266 1732 1363 1818 .est
1393 1761 1548 1818 hate?
1577 1780 1595 1813 ι
1625 1762 1687 1816 In
1714 1761 1880 1818 domo
1907 1732 1992 1819 Dn
2032 1763 2177 1818 inve-

2290 1732 2575 1832 ἐδεήθησάν
2626 1779 2746 1832 μου.
2796 1780 2814 1814 ι
2865 1762 2955 1817 Ἑν
2991 1764 3251 1833 δάκρυσιν
3303 1732 3546 1827 amns;
3594 1765 3702 1818 εἰσι
3763 1766 3872 1818 καὶ.

598 1858 801 1907 nerunt
825 1867 928 1906 me.
961 1870 980 1904 ι
1007 1850 1279 1906 [dolorum
1304 1851 1474 1907 cultui
1498 1852 1787 1919 vacabant,
1810 1854 2034 1911 nomine
2056 1869 2178 1910 meo

604 1942 850 1997 colentes
878 1942 968 1996 illa
1008 1956 1130 2013 quae
1161 1941 1292 1997 huic
1319 1942 1674 2014 appellationi
1697 1943 1790 2014 jus
1832 1943 2041 1999 nullum
2077 1944 2179 1999 ha-

602 2033 823 2088 bebant.
869 2032 1006 2098 illic,
1057 2032 1302 2104 inquam,
1344 2034 1502 2105 quasi
1542 2041 1866 2105 prmsentem
1913 2050 2001 2089 me
2031 2035 2182 2092 cole-

603 2126 755 2190 bant,
804 2122 899 2194 qui
945 2122 1191 2178 aberam.
1230 2121 1375 2195 Ergo
1403 2123 1595 2188 dictio,
1631 2142 1650 2176 ι
1683 2122 1741 2180 ln
1771 2122 1933 2179 domo
1960 2122 2045 2181 0n
2094 2142 2182 2182 me

600 2217 948 2278 invenerunt.
991 2232 1010 2266 ι
1043 2211 1265 2284 ponitur
1290 2213 1608 2285 pro:Quasi
1637 2214 1711 2270 ibi
1747 2230 1834 2270 me
1856 2223 2176 2286 praesentem

600 2305 965 2367 invenissent,
1019 2317 1184 2373 quem
1233 2302 1343 2359 coli
1393 2302 1464 2359 ab
1512 2301 1651 2372 ipsis
1698 2309 1963 2374 tanquam
2008 2302 2176 2360 Deum

601 2396 914 2466 opoutebat,
952 2393 1171 2449 interim
1206 2392 1356 2451 idolo
1397 2392 1727 2451 exhibebant
1757 2394 2177 2466 appellationem

604 2487 768 2542 simul
797 2494 851 2541 ct
879 2486 1146 2541 honorem
1175 2483 1294 2541 Dei.
1332 2502 1352 2538 ι
1390 2484 1458 2541 Ει
1488 2485 1565 2542 ibi
1591 2483 1734 2543 facta
1763 2494 1893 2543 sunt
1920 2488 2085 2544 verba
2111 2488 2177 2545 ad

603 2591 717 2631 eos.
758 2593 776 2627 ›
816 2574 1153 2631 Sententiam
1189 2573 1305 2631 illic
1341 2580 1566 2648 propter
1598 2574 1765 2647 impie
1797 2574 1940 2630 facta
1974 2574 2178 2645 justam

604 2665 916 2722 audierunt.

676 2992 846 3049 Vnus.
899 2989 1016 3047 5-8.
1060 3019 1130 3031 —
1163 2986 1286 3044 «Et
1323 2984 1592 3044 Dominus
1639 2985 1786 3043 Deus
1833 2987 2184 3057 omnipotens

594 3085 718 3139 -erit
761 3080 1258 3153 memoriale-ejus.
1291 3098 1313 3134 ι
1348 3078 1459 3137 Sed
1504 3079 1653 3136 enim
1696 3079 1754 3135 in
1786 3078 1923 3135 talia
1954 3078 2181 3146 incidet,

619 3177 763 3233 unde
787 3190 973 3231 verum
994 3172 1522 3245 Deumcognoseore
1540 3169 1737 3237 discet,
1761 3171 1990 3243 ejusque
2013 3172 2188 3226 maxi-

610 3284 756 3324 mam
781 3268 928 3323 omni
953 3275 1195 3337 tempore
1218 3263 1540 3318 memoriam
1569 3263 1849 3329 retinebit,
1874 3262 1981 3336 57
2009 3264 2102 3334 qui
2135 3271 2190 3319 et

614 3366 767 3435 ipsos
818 3360 1050 3425 creavit,
1104 3370 1159 3415 et
1204 3356 1488 3413 beneficiis
1538 3355 1818 3412 continuis
1865 3363 2191 3426 prosecutus

614 3463 723 3519 est,
761 3464 817 3509 et
849 3467 997 3507 nunc
1026 3451 1189 3507 etiam
1204 3447 1547 3504 criminibus
1584 3446 1840 3517 impiatos
1869 3447 2193 3519 castigando

604 3547 814 3601 nititur
843 3543 910 3599 ad
945 3542 1226 3599 meliorem
1246 3539 1470 3610 .l‘rugem
1502 3548 1844 3595 convertere.
1870 3556 1902 3591 ρι
1934 3540 2000 3594 Et
2032 3549 2090 3595 tu
2124 3541 2193 3595 ad

615 3638 789 3693 Deum
839 3642 1183 3698 convertere,
1226 3630 1664 3687 misericordiam
1709 3630 2053 3703 etjudicium
2097 3646 2193 3687 cu-

616 3730 784 3793 stodi,
814 3725 1280 3800 etappropinqua
1307 3722 1419 3781 Deo
1440 3731 1545 3778 tuo
1573 3738 1810 3794 semper.
1840 3742 1858 3777 ι
1882 3721 2192 3778 Genuinam

614 3820 808 3890 itaque
856 3816 1087 3873 ostende
1139 3816 1205 3871 ad
1245 3815 1412 3871 Deum
1456 3814 1910 3882 conversionem;
1951 3815 2195 3871 charitas

603 3928 748 3984 erga
799 3911 1070 3977 homines,
1104 3916 1160 3964 et
1203 3908 1419 3979 iustitia
1447 3908 1545 3963 tibi
1584 3922 1730 3963 cura:
1764 3907 1918 3964 sint:
1962 3907 2031 3962 da
2065 3923 2197 3979 ope-

520 4068 525 4073 ,
614 4019 737 4060 ram
771 4011 831 4057 ut
857 4017 1077 4073 semper
1098 4015 1224 4057 cum
1272 4000 1385 4057 Deo
1433 4001 1552 4057 sis:
1585 4001 1746 4072 cujus
1777 4001 1825 4056 si
1856 4001 2065 4057 cultum
2105 4016 2197 4056 re-

610 4096 871 4159 tinueris,
904 4096 1101 4151 merito
1130 4093 1370 4149 fructum
1413 4090 1541 4148 inde
1568 4092 1799 4164 capies;
1824 4093 1897 4148 ita
1929 4101 2113 4150 tamen
2141 4102 2200 4149 ut

610 4190 691 4245 ab
734 4188 1010 4244 idolorum
1059 4186 1330 4256 obsequio
1383 4198 1613 4257 prorsus
1660 4184 1961 4243 abstineas.
2010 4205 2029 4239 ι
2058 4186 2201 4244 Cha-

618 4294 784 4344 naan,
819 4278 874 4333 in
921 4292 1087 4332 manu
1122 4275 1246 4347 ejus
1282 4282 1486 4332 statera
1518 4274 1863 4344 iniquitatis;
1889 4277 2203 4347 opprimere

610 4381 994 4445 praepotenter
1027 4371 1242 4427 dilexit.
1273 4390 1293 4423 ι
1321 4369 1616 4441 Postquam
1647 4384 1742 4426 eos
1777 4371 2054 4440 praedictis
2078 4386 2203 4427 ver-

2276 1850 2544 1923 δεήσεσιν,
2562 1850 2883 1921 ἀπαλλαγὴν
2905 1851 3181 1915 αἰτοῦντες
3204 1852 3313 1907 τῶν
3344 1853 3530 1907 κακῶν
3547 1854 3605 1906 ὲν
3621 1847 3700 1917 οἷς
3716 1854 3870 1924 ὑπὲρ

2279 1941 2378 2013 τῆς
2399 1939 2655 2005 ἀσεϐείας
2676 1939 3024 2008 ἐξετάζονται
3048 1943 3148 2013 τῆς
3173 1943 3378 2008 οἰκείας
3394 1958 3409 1973 ·
3441 1944 3598 2008 ποίας
3611 1944 3820 2013 ταύτης
3851 1962 3870 2009 ;

2287 2048 2306 2082 ι
2350 2030 2437 2083 Ἐν
2473 2030 2551 2100 τῷ
2601 2031 2737 2102 οἴκῳ
2771 2032 2864 2085 Ὧν
2919 2024 3078 2103 εὗρόν
3110 2049 3199 2102 με.
3241 2052 3261 2085 ι
3291 2033 3429 2104 Περί
3449 2033 3561 2106 γάρ
3607 2034 3706 2106 τὴν
3750 2034 3874 2090 τῶν

2282 2117 2516 2173 εἰδώλων
2575 2119 2901 2190 ἠσχολοῦντο
2961 2120 3259 2191 θεραπείαν
3281 2161 3295 2187 ,
3348 2123 3407 2178 ἐν
3451 2124 3727 2195 ὀνομασίᾳ·
3762 2126 3877 2195 μὲν

2283 2208 2551 2281 τιμῶντες
2578 2211 2699 2282 ,ἐμῇ
2751 2210 2878 2274 τοὺς
2910 2211 3062 2264 οὐδὲν
3110 2212 3249 2283 αὐτῇ
3291 2215 3589 2284 προσήκειν
3626 2214 3776 2279 οἴους
3804 2233 3880 2269 τε

2283 2299 2442 2365 (ma;
2466 2316 2479 2331 °
2519 2300 2594 2365 ώς
2623 2301 2811 2355 αὐτόθι
2862 2302 2920 2356 δὲ
2958 2302 3204 2374 παρόντα
3252 2305 3522 2374 τιμῶντες
3553 2307 3653 2376 ἐμὲ
3677 2307 3772 2360 τὸν
3802 2308 3877 2361 οὐ

2285 2391 2528 2464 παρόντα
2552 2407 2565 2420 °
2592 2392 2651 2446 τὸ
2683 2389 2798 2457 οὖν,
2841 2411 2859 2446 ι
2906 2393 2993 2446 Ἐν
3019 2394 3096 2464 τῷ
3114 2394 3247 2466 οἴκῳ
3276 2396 3370 2448 Ὧν
3388 2391 3547 2467 εὗρόν
3570 2415 3658 2468 με,
3698 2417 3717 2451 ι
3743 2399 3882 2452 ἀντὶ

2284 2480 2400 2547 τοῦ,
2436 2481 2523 2544 Ὠς
2557 2483 2675 2536 ἐκεῖ
2709 2500 2776 2555 με
2813 2482 3059 2554 παρόντα
3095 2483 3443 2555 εὑρίσκοντες
3468 2500 3482 2515 ·
3512 2484 3570 2538 ὃν
3599 2486 3882 2556 τιμᾶσθαι

2289 2574 2418 2643 παρ’
2449 2571 2629 2625 αὐτῶν
2660 2573 2735 2638 ὡς
2768 2572 2900 2630 Θεὸν
2926 2573 3117 2647 ἐχρῆν,
3159 2572 3304 2627 οὓτω
3338 2573 3417 2646 τῷ
3454 2574 3657 2647 εἰδώλῳ
3696 2594 3882 2649 προσ-

2289 2662 2424 2733 ἦγον
2471 2663 2572 2737 τήν
2627 2679 2688 2716 τε
2737 2662 3031 2733 ὀνομασίαν
3089 2663 3184 2717 καὶ
3228 2662 3327 2735 τὴν
3382 2665 3547 2735 τιμὴν
3583 2665 3676 2718 τοῦ
3705 2667 3877 2721 Θεοῦ,

2294 2772 2313 2805 ι
2349 2753 2459 2806 Kal
2523 2754 2641 2809 ἐκεῖ
2668 2753 2903 2825 ἐλαλήθη
2956 2755 3092 2825 πρὸς
3122 2753 3339 2818 αὐτούς.
3382 2774 3400 2807 ι
3432 2756 3631 2809 Δύτόθι
3676 2756 3732 2813 δὲ
3771 2760 3883 2828 τὴν

2288 2845 2562 2915 ἀπόφασιν
2592 2845 2733 2919 ὑπὲρ
2767 2839 2840 2901 ὢν
2871 2845 3103 2917 ἠσέϐουν
3136 2844 3384 2912 ἐδέξαντο
3414 2846 3649 2903 δικαίαν.

2360 2981 2508 3053 Στίχ.
2528 2987 2782 3053 ε’-η’.-ι
2802 2983 2861 3036 '0
2890 2982 2950 3036 δὲ
2978 2981 3184 3054 Κύριος
3209 2983 3241 3035 ὀ
3260 2981 3394 3046 Θεδς
3426 2983 3455 3035 ό
3477 2984 3885 3055 παντοκράτωρ

2291 3072 2441 3127 ἔσται
2472 3074 2817 3146 μνημόσυνον
2860 3073 3046 3129 αὐτοῦ.
3086 3093 3106 3126 ι
3133 3075 3210 3144 (p.
3237 3074 3329 3137 87)
3368 3073 3529 3128 Ἀλλά
3564 3075 3673 3147 γὰρ
3716 3092 3884 3149 περι-

2291 3167 2536 3220 πεσεῖται
2592 3165 2853 3230 τοιούτοις
2907 3166 3001 3234 ἀφ’
3044 3160 3120 3221 ὧν
3163 3163 3533 3234 ἐπιγνώσεται
3582 3167 3674 3220 τὸν
3703 3168 3882 3234 ὅντως

2288 3258 2443 3321 Θεὸν,
2477 3259 2741 3331 μεγίστην
2767 3275 2827 3311 τε
2855 3257 3023 3312 αὐτοῦ
3052 3257 3348 3322 διαπαντὸς
3363 3258 3474 3323 ἕξει
3496 3258 3595 3330 τὴν
3627 3261 3878 3333 μνήμην,

2289 3352 2348 3415 ὃς
2406 3350 2674 3423 πεποίηκέ
2708 3369 2769 3405 τε
2816 3351 3033 3419 αὐτοὺς,
3089 3352 3185 3406 καὶ
3241 3352 3579 3424 εύηργὲτηκε
3617 3352 3876 3415 πάντοτε,

2291 3441 2386 3495 καὶ
2412 3442 2478 3512 δὴ
2510 3442 2606 3495 καὶ
2626 3441 2721 3495 νῦν
2742 3441 3122 3513 ἀσεϐήσαντας
3153 3442 3446 3505 παιδεύσας
3474 3443 3566 3496 ὲπί
3598 3445 3658 3497 τὸ
3689 3447 3877 3515 κρεῖτ-

2291 3550 2383 3586 τον
2420 3533 2716 3604 μεταϐαλεῖ
2740 3532 2882 3587 κατά
2907 3535 3008 3605 τὴν
3051 3533 3281 3605 δύναμιν
3311 3536 3412 3607 τὴν
3447 3536 3673 3591 οἰκείαν,
3712 3556 3729 3589 ι
3763 3540 3881 3592 Kal

2295 3623 2362 3676 σὺ
2398 3624 2455 3675 ὲν
2485 3622 2605 3694 Θεῷ
2641 3640 2735 3677 σου
2768 3624 3095 3695 ἐπίστρεψον
3120 3640 3136 3656 ο
3167 3625 3319 3683 ἔλεον
3350 3626 3446 3682 καὶ
3469 3630 3641 3698 κρῖμα
3668 3628 3882 3697 φυλάσι

2296 3731 2393 3768 σου
2421 3732 2436 3748 ο
2461 3716 2557 3769 καὶ
2578 3714 2765 3785 ἐγγιςε
2798 3716 2932 3788 πρὸς
2964 3719 3054 3771 τὸν
3069 3717 3204 3783 Θεόν
3231 3736 3326 3772 σου
3354 3719 3663 3783 διαπαντός.
3697 3741 3714 3771 ι
3738 3721 3882 3794 Γνη-

2299 3807 2420 3860 σίαν
2453 3807 2633 3863 τοίνυν
2658 3806 2921 3874 ἐπίδειξαι
2980 3809 3080 3878 τὴν
3113 3810 3207 3863 ἐπὶ
3238 3810 3372 3865 Θεὸν
3422 3812 3753 3885 μεταϐολὴν,
3782 3815 3882 3867 καὶ

2299 3895 2559 3967 ἐπιμελοῦ
2590 3896 3007 3968 φιλανθρωπίας
3058 3899 3154 3953 καὶ
3180 3898 3274 3953 τοῦ
3300 3900 3511 3954 δικαίου
3531 3917 3545 3932 ·
3608 3900 3880 3967 σπούδαξε

2300 3986 2359 4040 δὲ
2387 3988 2473 4041 ἀεὶ
2492 3987 2572 4059 τῷ
2597 3987 2718 4060 Θεῷ
2741 3990 2977 4043 συνεῖναι
2997 3990 3091 4043 καὶ
3115 3991 3213 4061 τῆς
3241 3994 3342 4063 μὲν
3375 3995 3504 4065 περὶ
3526 3994 3716 4049 τοῦτον
3754 3998 3882 4051 ἀντ-

2300 4080 2559 4153 εχόμενος
2602 4080 2917 4153 θεραπείας,
2954 4081 3092 4154 ὅπερ
3120 4084 3426 4153 ὀφείλεσθαι
3445 4084 3648 4157 ταύτην
3677 4087 3886 4160 συμϐέ-

2301 4172 2439 4245 ϐηκε
2460 4170 2682 4235 δικαίως
2708 4188 2722 4202 ·
2756 4173 2858 4243 τῆς
2903 4170 2961 4225 δὲ
2992 4173 3120 4242 περὶ
3144 4171 3216 4227 τὰ
3240 4173 3439 4228 είδωλα
3476 4175 3723 4247 σπουδῆς
3772 4179 3884 4231 ἀπ-

2301 4263 2564 4335 εχόμενος
2597 4262 2902 4327 παντελῶς.
2941 4280 2961 4315 ι
3000 4263 3245 4329 Χαναὰν,
3279 4267 3337 4318 ὲν
3361 4266 3504 4337 χειρὶ
3526 4267 3691 4322 αὑτοῦ
3720 4268 3884 4337 ζυγὸς

2303 4354 2520 4418 ἀδικίας
2550 4371 2565 4386 ·
2597 4353 3091 4409 καταδυναστεύειν
3122 4355 3401 4426 ¹ἠγάπησε.
3441 4375 3460 4408 ι
3506 4358 3601 4422 Εἰς
3631 4359 3886 4432 ἐπιστρέ-

619 4464 706 4519 his
738 4462 813 4516 ad
842 4462 1264 4518 conversionem
1309 4462 1656 4529 invitaverat,
1699 4475 1893 4517 rursus
1924 4461 2011 4517 hic
2045 4463 2187 4517 malit

2305 4467 2464 4519 φειαν
2516 4449 2715 4513 αὐτοὺς
2763 4448 2831 4502 δι’
2869 4447 3094 4502 ἐκείνων
3143 4448 3599 4520 ὲκκαλεσάμενος,
3634 4451 3883 4515 ὀνειδίζει

613 4555 753 4609 tiam
796 4554 1116 4624 exprobrat.
1152 4552 1335 4608 Nihilo
1379 4552 1659 4617 meliores,
1691 4551 1892 4622 inquit,
1944 4554 2203 4625 apparui-

611 4647 721 4702 stis
753 4643 1108 4709 Chananaeis,
1139 4629 1360 4715 quibus
1411 4646 1556 4702 Deus
1587 4645 1815 4718 regione
1846 4645 1916 4700 ob
1959 4644 2204 4716 ipsorum

619 4738 960 4806 impietatem
1003 4738 1423 4807 ncquitiamquc
1452 4738 1670 4807 ejectis,
1711 4753 1812 4794 vos
1860 4737 1991 4793 illuc
2027 4740 2206 4793 intro-

614 4829 802 4883 duxit.
844 4826 1215 4882 Nihilominus
1260 4842 1358 4882 vos
1398 4828 1466 4882 ad
1500 4827 1833 4897 iniustitiam
1864 4828 2205 4890 incumbitis,

618 4922 911 4992 multoque
954 4921 1138 4976 studio
1182 4919 1517 4975 inﬁrmiores
1549 4921 1884 4992 opprimitis,
1927 4936 2069 4993 quos
2113 4934 2208 4977 ve-

616 5025 755 5073 strae
786 5018 1039 5089 potentim
1065 5016 1277 5071 viribus
1317 5017 1461 5073 male
1490 5018 1790 5075 mulctatis.

691 5204 860 5260 'Vsns.
880 5204 934 5268 8,
951 5204 1107 5260 9.-ι
1131 5202 1199 5258 Et
1214 5203 1346 5257 dixit
1362 5204 1690 5272 Ephraimus
1708 5202 2112 5260 :Verumtamen
2130 5201 2208 5259 di—

622 5314 725 5354 ves
745 5298 973 5353 eil'ectus
996 5311 1139 5363 sum,
1169 5297 1350 5351 inveni
1379 5295 1620 5350 solamen
1646 5296 1800 5350 mihi.
1827 5313 1845 5347 ›
1874 5295 2032 5366 Atqui
2062 5297 2206 5366 inju-

623 5400 714 5443 ste
749 5395 1004 5457 congesta
1041 5386 1290 5457 pecunia,
1326 5386 1521 5458 gaudet
1560 5385 1764 5440 divitiis
1806 5384 1939 5450 suis,
1973 5401 2203 5457 quarum

620 5480 840 5533 dulcem
871 5495 1030 5535 usum
1057 5478 1349 5533 existimat.
1379 5496 1397 5530 ι
1424 5475 1619 5532 Nullus
1639 5476 1791 5531 labor
1810 5478 1929 5546 ejus
1959 5479 2204 5533 invenie-

625 5579 718 5623 tur
756 5569 880 5638 ipsi,
925 5579 1149 5641 propter
1192 5569 1506 5639 iniquitates
1546 5583 1681 5637 quas
1710 5570 1971 5639 peccavit.
1999 5590 2015 5620 ι
2046 5573 2211 5642 Αιτιιιί

624 5669 882 5728 reputare
916 5660 1197 5722 debuerat,
1235 5660 1417 5713 omnia
1455 5658 1572 5714 hate
1595 5674 1715 5728 quae
1744 5660 1956 5730 injustis
1985 5676 2208 5717 coacer-

627 5754 773 5806 vavit
805 5750 1110 5819 laboribus,
1142 5751 1382 5821 peritura
1417 5751 1641 5806 omnino
1675 5752 1813 5815 fore,
1849 5762 2070 5823 propter
2110 5753 2213 5807 ini-

2305 4542 2466 4599 πάλιν
2495 4541 2678 4605 αὐτοῖς
2702 4541 2802 4613 τὴν
2832 4540 3032 4595 κακίαν
3057 4540 3312 4596 ἐνταῦθα.
3343 4543 3727 4615 Ἀπεδείχθητε
3753 4546 3882 4617 γὰρ,

2303 4636 2489 4707 φησὶν,
2550 4633 2702 4688 οὐδὲν
2760 4632 3143 4704 ἐλαττούμενοι
3196 4636 3308 4689 τῶν
3363 4635 3689 4690 Χαναναίων
3712 4677 3726 4703 ,
3794 4636 3885 4701 οὒς

2303 4726 2550 4782 ἐκϐαλὼν
2576 4727 2676 4798 τῆς
2703 4725 2883 4797 χώρας
2914 4726 3108 4794 όΘεὸς,
3131 4726 3220 4781 διὰ
3241 4728 3342 4797 τὴν
3379 4727 3674 4800 περιοῦσαν
3704 4730 3884 4794 αὐτοῖς

2306 4819 2563 4874 ἀσέϐειάν
2594 4836 2654 4872 τε
2684 4820 2778 4873 καί¹
2830 4810 3050 4886 κακίαν,
3083 4820 3230 4891 ὑμᾶς
3262 4822 3662 4893 ἀντεισήγαγεν
3696 4841 3708 4853 ·
3744 4820 3886 4876 οὔτω

2308 4910 2447 4982 πρδς
2476 4908 2688 4964 ἀδικίαν
2713 4927 2773 4964 τε
2797 4910 3106 4981 βλέποντες,
3137 4912 3232 4965 καὶ
3255 4910 3396 4983 μετὰ
3423 4912 3626 4985 πολλῆς
3654 4914 3753 4983 τῆς
3777 4913 3889 4965 iam.

2314 5000 2531 5073 μελείας
2585 5002 2713 5066 τοὺς
2766 5002 3196 5077 ἀσθενεστέρους
3253 5003 3394 5058 κατά
3432 5003 3530 5075 τὴν
3584 5004 3888 5077 προσοῦσαν

2311 5093 2342 5144 ύ
2352 5095 2441 5165 μίν
2481 5093 2824 5158 ὲκθλίϐοντες
2850 5095 3188 5150 δυναστείαν.

2382 5206 2528 5277 Στίχ.
2558 5206 2702 5278 η’-θ’.
2732 5240 2797 5249 -
2822 5226 2850 5258 ξι
2880 5208 2990 5261 Kal
3019 5201 3172 5261 εἶπεν
3205 5206 3462 5279 Ἐφραίμ·
3490 5205 3643 5278 Πλὴν
3665 5206 3891 5260 πεπλού-

2314 5314 2477 5369 τηκα,
2517 5298 2727 5370 εὕρηκα
2768 5299 3049 5371 ἀναψυχὴν
3079 5299 3323 5371 ἐμαυτῷ.
3362 5319 3381 5353 ι
3421 5297 3552 5353 Εἶτα
3589 5298 3649 5365 ἐξ
3681 5299 3891 5364 ἀδικίας

2318 5390 2587 5460 συλλέγων
2616 5392 2894 5463 χρήματα,
2927 5392 3112 5462 ἥδεται
3146 5392 3240 5445 ἐπὶ
3265 5390 3342 5462 τῷ
3367 5391 3637 5455 πλουτεῖν,
3673 5390 3746 5460 (p.
3779 5391 3846 5447 88
3872 5394 3888 5461 )

2316 5482 2409 5536 καί
2438 5482 2502 5553 δὴ
2540 5482 2632 5537 καὶ
2668 5483 2768 5553 τὴν
2806 5483 2864 5549 ἐξ
2891 5482 3070 5537 αὐτῶν
3105 5483 3403 5537 ἀπόλαυσιν
3445 5482 3628 5554 ἡδεῖαν
3660 5484 3886 5553 ἡγεῖται.

2322 5591 2339 5624 ι
2372 5575 2578 5638 Πάντες
2610 5575 2657 5628 οἱ
2697 5574 2847 5629 πόνοι
2898 5573 3061 5627 αὑτοῦ
3088 5574 3185 5644 οὐχ
3235 5573 3619 5646 εὑρεθήσονται
3656 5572 3804 5642 αὐτῷ
3830 5572 3888 5625 δι’

2318 5668 2530 5731 ἀδικίας
2552 5668 2617 5731 ἃς
2645 5668 2912 5737 ἥμαρτεν.
2952 5685 2971 5720 ι
3008 5667 3135 5719 Δέον
3164 5666 3586 5734 ἀναλογίσασθαι
3620 5667 3700 5718 ὅτι
3730 5665 3892 5719 πάντα

2317 5761 2381 5832 δὴ
2411 5760 2586 5815 ταῦτα
2623 5758 2657 5813 ἀ
2686 5759 2822 5830 μετά
2863 5759 3199 5831 παρανόμων
3240 5759 3511 5830 συνήγαγε
3555 5757 3750 5824 πότων,
3796 5756 3894 5810 ἀπ-
