4102 6510
398 304 502 358 197

1422 297 1982 357 COMMENTARIUS
2017 297 2082 352 IN
2125 297 2332 354 ΟΞΕίΕ
2360 299 2514 356 CAP.
2567 299 2682 357 XII.

3614 305 3724 363 198’

394 420 606 473 ολεῖται
651 417 831 472 πάντα
885 415 1028 487 ὑπὲρ
1072 415 1174 485 τῆς
1217 414 1432 480 ἀδικίας
1471 417 1590 489 μεθ’
1617 411 1687 488 ἦς
1716 417 1854 472 αὑτά
1887 432 2014 470 συν-

2130 415 2388 485 quitatem
2421 431 2527 486 qua
2573 428 2638 471 ea
2671 413 2968 487 collegerat
3000 429 3012 469 :
3043 427 3240 486 nempe
3269 429 3394 471 cum
3433 413 3578 472 Deus
3604 423 3718 472 crt-

394 513 612 583 ήγαγεν
637 529 651 542 ο
693 509 864 563 ἐπειδ“
895 508 962 562 ἂν
985 508 1117 571 Θεὸς
1165 506 1276 562 τῶν
1308 510 1816 581 παρανομημάτων,
1844 510 1902 562 ἐν
1929 503 2011 570 οἷς

395 604 785 675 ἐξεταζόμενοι
817 600 1106 663 διετέλουν,
1155 600 1312 664 δίκας
1345 601 1544 666 αὐτοὺς
1585 599 2011 673 εἰσπράττεσθαι

400 697 682 768 βούληται.
722 716 742 746 ι
785 694 929 763 Ἐγὼ
961 695 1019 748 δὲ
1056 693 1263 763 Κύριος
1287 695 1316 746 ὀ
1348 694 1482 759 Θεός
1517 711 1610 749 σου
1641 694 1921 767 ἀνήγαγόν
1951 712 2011 748 σε

400 790 470 842 ἐκ
498 790 598 860 τῆς
625 786 927 855 Αἰγύπτου.
965 805 981 836 ι
1021 785 1172 838 Ἔδει
1192 785 1252 838 δέ
1277 802 1334 837 σε
1364 785 1547 854 πάσης
1573 785 1878 857 ἀπέχεσθαι
1906 786 2017 839 ἁδι-

401 881 530 943 κίας
567 879 668 951 τῆς
707 878 850 932 κατά
880 877 990 932 τῶν
1020 878 1296 949 πενήτων,
1345 877 1803 948 ἀναλογιζόμενον
1846 879 1927 931 ὅτι
1953 895 2013 931 σε

401 976 464 1027 ἐν
491 973 709 1044 δουλεία
734 971 1056 1026 καθεστῶτα
1080 971 1279 1042 πικρᾷ,
1305 969 1556 1036 ἐξέϐαλον
1582 971 1682 1041 τῆς
1712 969 2011 1038 Αἰγύπτου.

408 1085 426 1116 ι
463 1067 590 1119 Ἔτι
620 1062 888 1118 κατοικιῶ
919 1077 978 1116 σε
1011 1063 1072 1115 ἐν
1102 1064 1330 1132 σκηναῖς
1364 1059 1547 1126 καθὼς
1581 1064 1640 1115 ἐν
1675 1063 1860 1134 ἡμέρα
1897 1063 2018 1132 ἐορ-

402 1158 530 1228 τῆς.
565 1175 584 1206 ι
625 1155 736 1209 Καὶ
774 1155 841 1224 δὴ
881 1154 976 1207 καὶ
1015 1152 1229 1225 οἴκησίν
1277 1169 1360 1206 σοι
1404 1153 1701 1224 παρέσχον,
1751 1154 1836 1206 ἵνα
1886 1155 2016 1226 εἴπῃ

405 1251 511 1321 τῆς
531 1251 637 1321 γῆς
666 1248 766 1318 τῆς
796 1245 1131 1315 ἐπαγγελίας
1153 1247 1254 1316 τὴν
1277 1247 1599 1312 ἀπόλαυσιν,
1628 1247 1906 1318 ἑορτάζειν
1934 1263 2017 1301 σοι

409 1340 716 1413 παρασχὼν
745 1343 805 1394 ἐν
852 1343 918 1412 τῇ
950 1339 1059 1392 τῶν
1099 1339 1547 1412 προσγεγονότων
1584 1339 1881 1394 ἀπολαύσει
1909 1357 1922 1369 ·
1959 1341 2019 1392 τὸ

409 1435 527 1506 γὰρ
571 1453 590 1486 ι
626 1433 912 1497 κατοικιῶ,
952 1452 972 1485 ι
1019 1433 1142 1488 ἀντὶ
1199 1433 1328 1498 τοῦ,
1382 1432 1689 1504 κατῴκισα,
1738 1433 1904 1501 λέγει,
1952 1436 2016 1504 τῇ

341 1551 346 1555 ’
411 1528 689 1598 ἐναλλαγῇ
707 1526 802 1580 τοῦ
826 1527 1020 1598 χρόνου
1039 1525 1287 1598 συνήθως
1306 1527 1650 1598 χρησάμενος
1672 1544 1684 1556 ·
1717 1525 1944 1595 σύνηθες
1962 1527 2019 1580 δὲ

410 1619 575 1674 τοῦτο
611 1620 708 1674 καὶ
738 1619 957 1673 ἐπὶτῶν
979 1619 1228 1692 Ψαλμῶν
1264 1618 1550 1691 ἐδείξαμεν
1573 1613 2021 1692 αὐτάρκωςοοῖόν
2077 1609 2079 1612 ’

411 1717 536 1769 ἐστι
550 1715 634 1779 τὸ,
659 1732 676 1765 ι
700 1713 844 1784 Ἐγὼ
862 1715 921 1768 δὲ
946 1713 1082 1786 πρὸς
1096 1714 1188 1768 τὸν
1205 1713 1337 1768 Θεὸν
1353 1714 1644 1785 ἐκέκραξα,
1665 1714 1758 1768 καὶ
1773 1714 1801 1766 ὁ
1817 1714 2021 1785 Κύριος

411 1807 708 1880 είσήκουσέ
760 1826 862 1879 μου
883 1825 897 1838 ·
940 1827 959 1861 ι
997 1802 1079 1871 οἷς
1109 1808 1305 1876 ἐπάγει
1331 1824 1344 1838 ·
1387 1827 1406 1859 ι
1455 1809 1726 1879 Ἐσπέρας
1751 1809 1843 1862 καὶ
1877 1807 2023 1879 πρωῒ

411 1901 514 1954 καὶ
551 1899 902 1974 μεσημϐρίας
930 1900 1283 1972 διηγήσομαι,
1321 1900 1416 1953 καὶ
1435 1899 1752 1969 ἀπαγγελῶ,
1784 1900 1880 1954 καὶ
1910 1903 2023 1954 sic-

410 1992 714 2048 ακούσεται
758 1995 858 2063 τῆς
912 1993 1097 2064 φωνῆς
1147 2010 1280 2064 μου·
1326 2012 1345 2044 ι
1374 1994 1550 2047 καίτοι
1605 2011 1668 2062 γε
1713 1995 1774 2048 τὸ
1825 2013 1846 2045 t
1909 1996 2022 2048 εἰσ-

409 2084 623 2158 ήκουσε
660 2103 680 2136 ι
715 2085 796 2154 τῷ
833 2103 851 2136 ι
885 2084 1267 2138 εἰσακούσεται
1299 2105 1317 2137 ι
1354 2087 1453 2139 οὐκ
1488 2085 1780 2140 ἀκόλουθον
1801 2103 1813 2116 ε
1840 2089 1888 2140 εί
1912 2085 2025 2159 γὰρ

307 2168 314 2174 ’
409 2177 635 2248 γέγονε,
663 2175 717 2230 τί
746 2177 811 2248 δὴ
842 2175 1095 2245 γενέσθαι
1130 2177 1309 2242 αίτεϊ;
1353 2176 1516 2228 Ἀλλά
1549 2177 1641 2230 καὶ
1666 2176 1727 2229 τὸ
1756 2177 2023 2248 πρότερον

410 2272 498 2338 τδ,
542 2272 622 2344 (p.
650 2271 741 2341 89)
785 2290 803 2323 t
849 2270 946 2324 καὶ
989 2270 1018 2322 ὁ
1059 2269 1264 2341 Κύριος
1311 2269 1600 2340 εἰσήκουσέ
1651 2286 1775 2340 μου,
1815 2287 1833 2320 ι
1872 2267 2021 2336 λέγει

412 2365 540 2420 ἀντὶ
567 2363 687 2426 τοῦ,
723 2363 1106 2417 εἰσακούσεται
1126 2380 1140 2393 ο
1165 2363 1258 2416 καὶ
1287 2363 1424 2424 ὅλως
1463 2363 1552 2415 καὶ
1577 2361 1711 2413 πολὺ
1739 2361 1833 2414 καὶ
1860 2379 2023 2430 κεχυ-

417 2458 584 2528 μένον
601 2459 661 2511 ἐν
677 2460 791 2520 τοῖς
811 2456 1063 2527 Ψαλμοῖς
1085 2458 1148 2510 ἐκ
1169 2455 1263 2509 τοῦ
1290 2455 1580 2525 ἰδιώματος
1597 2455 1911 2526 εὑρίσκεται
1929 2452 2020 2505 τοῦ

425 2549 761 2622 Ἐὄραῖκοῦ·
809 2549 932 2603 ὅθεν
987 2549 1051 2619 δὴ
1100 2548 1194 2601 καὶ
1249 2548 1399 2619 παρὰ
1433 2549 1545 2610 τοῖς
1579 2547 1911 2616 προφήταις,
1947 2544 2022 2607 ὡς

411 2641 590 2707 εἰκὸς,
626 2642 688 2696 τὸ
717 2642 850 2695 αὐτὸ
880 2641 944 2712 δὴ
986 2641 1146 2694 τοῦτο
1173 2641 1324 2709 εὖροι
1359 2656 1442 2702 τις
1481 2638 1574 2693 ἄν·
1607 2638 1680 2701 ὡς
1705 2640 1834 2692 ὅταν
1863 2638 2019 2709 λέγῃ·

418 2754 440 2787 ί
489 2736 579 2799 Ὠς
619 2735 888 2806 πρόϐατον
918 2730 1010 2787 ἐπὶ
1041 2733 1253 2804 σφαγὴν
1286 2733 1450 2804 ἢχθη,
1497 2753 1517 2784 ι
1553 2733 1674 2786 ἀντὶ
1701 2731 1794 2784 τοῦ
1824 2733 2022 2796 εἰπεῖν,

411 2825 740 2897 ἀχθήσεται.

491 2919 642 2988 Στίχ.
683 2923 840 2970 ι’-οια’.
876 2947 944 2956 --
979 2933 996 2966 ι
1039 2915 1148 2968 Καὶ
1177 2914 1417 2984 ἐλάλησα
1463 2914 1600 2985 πρὸς
1631 2914 1758 2978 τοὺς
1806 2915 2022 2986 προφή-

410 3022 554 3070 ταςο
597 3006 693 3058 καὶ
723 3003 835 3073 ἐγὼ
877 3005 1098 3076 ὁράσεις
1131 3003 1434 3074 ὲπλὴθυνα,
1467 3003 1560 3057 καὶ
1590 3005 1650 3056 ἐν
1694 3004 1852 3074 χερσὶ
1888 3021 2024 3074 προ-

2118 510 2350 573 minum,
2384 521 2624 577 quorum
2670 507 2750 562 illi
2799 515 2931 564 sunt
2975 509 3236 574 convicti,
3261 523 3455 580 pmnas
3502 518 3736 568 sumet.

2114 600 2280 656 volet.
2325 620 2344 652 ‹
2388 599 2454 653 Ει
2501 599 2616 672 Ego
2664 599 2933 657 Dominus
2987 601 3133 658 Deus
3159 610 3287 658 tuus
3340 603 3506 658 eduxi
3552 613 3606 659 te
3653 619 3718 658 ex

2115 692 2374 766 Egypto.
2415 713 2435 746 ι
2472 691 2620 748 Sane
2664 693 2954 765 oportebat
2997 693 3280 751 abstinere
3315 703 3369 752 ιε
3418 697 3490 752 ab
3532 698 3724 769 oppri-

2114 785 2333 842 mendis
2393 785 2600 855 injuste
2647 784 3011 856 pauperibus,
3060 795 3412 857 reputantem
3459 789 3608 860 quod
3665 789 3723 844 in

2120 893 2311 934 amara
2346 878 2618 934 servitute
2671 889 2800 932 cum
2853 877 3105 947 degeres,
3159 877 3399 952 Βενιηο
3439 890 3492 936 ιε
3539 881 3718 953 abegi.

2124 991 2143 1024 ι
2195 972 2394 1027 Adhuc
2431 971 2686 1026 habitare
2712 978 2766 1026 te
2811 968 3010 1025 faciam
3057 971 3112 1025 in
3153 973 3546 1047 tabernaculis,
3576 975 3722 1030 sicut

2120 1065 2175 1119 in
2207 1064 2297 1119 die
2331 1063 2727 1120 solemnitatis.
2770 1081 2791 1116 ι
2825 1063 2967 1130 Quin
3005 1065 3172 1118 etiam
3215 1065 3586 1120 habitaculum
3619 1068 3721 1120 tibi

2119 1158 2316 1221 obtuli,
2372 1157 2428 1213 id
2471 1167 2576 1221 est,
2619 1158 2905 1227 promissae
2948 1165 3111 1213 terrae
3163 1158 3476 1227 jucundum
3534 1175 3720 1219 usum,

2122 1251 2370 1307 festalem
2401 1251 2502 1306 tibi
2529 1251 2773 1305 lmiitiam
2802 1250 2916 1322 58
2939 1251 3193 1322 praebens
3219 1251 3272 1305 in
3299 1252 3570 1306 bonorum
3601 1260 3726 1306 tuo-

2121 1359 2243 1399 rum
2281 1343 2598 1399 usufructu.
2630 1340 2880 1413 Namque
2906 1363 2926 1396 ι
2951 1344 3204 1399 habitare
3235 1344 3454 1408 faciam,
3487 1363 3505 1397 ι
3540 1349 3723 1414 posuit

2121 1451 2243 1506 pro,
2271 1435 2524 1490 habitare
2555 1434 2682 1500 feci,
2720 1435 2884 1490 solita
2906 1443 3218 1504 temporum
3248 1435 3496 1505 enallage
3520 1443 3681 1491 utens
3707 1457 3721 1490 :

2121 1543 2282 1596 quem
2328 1543 2537 1583 morem
2576 1541 2700 1583 esse
2737 1543 2960 1598 quoque
3009 1528 3382 1591 l’salmorum,
3436 1529 3570 1584 satis
3609 1529 3724 1598 jam

2122 1620 2651 1676 demonstravimus.
2678 1613 2866 1675 Veluti
2891 1627 2975 1674 est
3010 1620 3142 1673 illud
3180 1639 3193 1673 :
3232 1639 3251 1671 ι
3293 1619 3405 1690 Ego
3440 1630 3622 1676 autem
3657 1623 3722 1674 ad

2129 1711 2299 1767 Deum
2327 1711 2588 1776 clamavi,
2630 1718 2685 1768 et
2713 1710 2986 1766 Dominus
3021 1711 3300 1786 exaudivit
3331 1727 3420 1766 me
3445 1712 3545 1766 ³⁸.»
3587 1710 3723 1778 Qui-

2055 1771 2096 1826 r‘
2126 1803 2230 1858 bus
2262 1800 2454 1856 addit:
2483 1819 2506 1853 ι
2536 1771 2778 1873 Vespere
2793 1807 2850 1856 et
2873 1814 3034 1855 ma—ne
3057 1814 3121 1854 ac
3155 1781 3384 1855 meridie
3412 1771 3652 1855 narrab‘o
3671 1809 3726 1853 (ιι

2123 1893 2488 1956 annuntiabo,
2515 1902 2572 1948 et
2591 1905 2788 1948 vocem
2808 1905 2989 1946 meam
3009 1890 3288 1946 exaudiet.
3303 1909 3324 1943 ι
3350 1892 3515 1961 Atqui
3545 1892 3723 1962 prius,

2129 2003 2150 2037 ι
2167 1983 2500 2056 ειιιιιάἱνίι,ι
2540 1983 2924 2054 subsequenti,
2947 1999 2969 2034 ι
2996 1982 3281 2046 exaudiet,
3315 2001 3334 2035 ι
3358 1997 3469 2038 non
3483 1991 3568 2037 est
3587 1998 3725 2039 con-

2125 2086 2476 2132 sentaneum.
2495 2075 2632 2131 Nam
2651 2077 2702 2132 si
2715 2076 2920 2131 factum
2941 2082 3051 2140 est,
3068 2089 3169 2130 cur
3188 2074 3304 2130 fieri
3324 2075 3600 2144 postulat?
3617 2074 3723 2130 Sed

2123 2168 2270 2222 enim
2303 2167 2458 2238 prius
2479 2165 2636 2231 illud,
2664 2182 2687 2217 σ
2711 2174 2767 2220 et
2788 2163 3058 2220 Dominus
3097 2163 3508 2228 exaudivitme,
3537 2183 3555 2214 ι
3588 2163 3726 2218 dicit

2124 2261 2313 2331 potius
2371 2273 2508 2327 pro,
2560 2260 2820 2316 exadiet
2872 2271 2980 2314 me.
3047 2258 3106 2314 in
3147 2271 3388 2321 summa,
3421 2271 3566 2325 saepe
3596 2271 3726 2326 pas-

2125 2358 2342 2424 simque
2361 2354 2451 2408 bic
2482 2352 2787 2408 llebraicus
2815 2350 3129 2406 idiotismus
3158 2351 3426 2405 occurrit.
3457 2351 3642 2416 Quare
3671 2358 3727 2403 et

2125 2447 2268 2518 apud
2304 2447 2625 2517 prophetas,
2654 2454 2716 2500 ut
2743 2459 2844 2515 par
2865 2452 2969 2509 est,
3003 2459 3117 2499 rem
3151 2444 3403 2498 eamdem
3429 2443 3727 2499 observare

2124 2537 2350 2591 cuilibet
2389 2535 2613 2602 licebit;
2671 2534 2890 2590 veluti:
2934 2551 2956 2588 ε
2998 2533 3068 2588 [τι
3119 2534 3241 2589 ovis
3282 2533 3348 2586 ad
3387 2533 3730 2588 occisionem

2125 2631 2329 2688 (tinctus
2353 2637 2437 2683 est
2468 2627 2534 2690 ⁸⁵,
2580 2647 2599 2677 ι
2638 2640 2763 2697 pro,
2797 2627 3050 2680 ducetur.

2200 2920 2368 2976 Vens.
2406 2920 2599 2975 lO-ll.
2628 2950 2698 2959 —
2735 2935 2752 2970 ι
2795 2916 2861 2973 Et
2896 2919 3117 2974 locutus
3149 2931 3270 2972 sum
3303 2915 3368 2970 ad
3409 2914 3729 2985 prophetas,

2128 3023 2180 3070 et
2205 3030 2306 3085 ego
2331 3013 2576 3068 visiones
2597 3011 2998 3081 multiplicari,
3029 3019 3083 3066 et
3118 3009 3171 3063 in
3210 3008 3466 3062 manibus
3495 3007 3746 3078 propius-—~

393 3095 611 3176 ’φητῶν
661 3098 975 3171 ὡμοιώθην.
1017 3118 1035 3151 ι
1086 3098 1229 3167 Ἐγὼ
1277 3098 1341 3170 δὴ
1395 3097 1516 3151 τότε
1577 3099 1673 3152 καὶ
1733 3100 2022 3171 προφήτας

2130 3119 2308 3163 tarum
2362 3106 2705 3161 assimilatus
2747 3119 2893 3159 sum.
2933 3122 2952 3154 ι
3008 3102 3121 3173 Fgo
3169 3107 3223 3156 et
3267 3099 3563 3170 prophetas
3599 3108 3736 3153 tunc

412 3192 693 3256 ἀνέδειξα,
721 3193 816 3245 καὶ
850 3191 1127 3245 ὀπτασιῶν
1161 3189 1372 3259 ἠξίωσα
1404 3192 1530 3254 τοὺς
1562 3190 1683 3243 τότε
1730 3191 2018 3256 πλείστων,

414 3283 780 3356 πολυτρόπως
830 3300 889 3336 τε
953 3282 1371 3353 ἐπιφαινόμενος
1413 3284 1526 3344 τοῖς
1582 3282 1704 3335 τότε
1755 3283 2018 3348 δικαίοις,

411 3373 650 3430 Μωῡσεῖ
679 3393 738 3428 τε
785 3374 930 3443 λέγω
970 3375 1064 3428 καὶ
1109 3374 1284 3446 Ἰησοῦ
1331 3373 1410 3443 τῷ
1441 3374 1596 3444 Ναυῆ
1630 3375 1725 3428 καὶ
1757 3379 1868 3439 τοῖς
1901 3378 2021 3429 κατ’

415 3468 694 3531 ἐκείνους’
726 3468 945 3522 ἅπαντα
970 3467 1027 3520 δέ
1047 3466 1222 3520 ταῦτα
1251 3465 1512 3539 πράττειν
1546 3466 1869 3537 αἱρούμενος
1898 3485 2024 3538 προ-

416 3560 635 3631 θύμως,
675 3555 753 3613 ὧν
791 3559 958 3630 ἐχρῆν
1011 3557 1392 3630 μεμνημένους
1454 3555 1742 3629 ἀρκεῖσθαι
1787 3562 1899 3623 τοῖς
1941 3561 2025 3612 δο-

417 3649 587 3711 θεῖσι,
643 3648 717 3720 μὴ
755 3649 893 3719 μετὰ
940 3647 1155 3711 ἀδικίας
1201 3648 1642 3719 ἀφαιρουμένους
1687 3650 1756 3702 τὰ
1799 3649 2022 3720 ἐτέρων.

424 3757 443 3790 ι
487 3739 554 3792 Εἰ
589 3739 668 3810 μὴ
702 3738 916 3815 Γαλαάδ
957 3739 1126 3801 ἐστιν,
1168 3736 1279 3808 ἄρα
1305 3737 1522 3806 ψευδεῖς
1563 3735 1704 3809 ἦσαν
1737 3740 1792 3792 ἐν
1821 3740 2030 3809 Γαλγά-

419 3835 559 3896 λοις.
603 3853 622 3884 ι
661 3831 850 3886 Ταῦτα
905 3832 969 3903 δή
1020 3849 1217 3903 φησιν·
1261 3833 1324 3886 Et
1379 3834 1475 3904 μέν
1519 3834 1584 3887 ἐκ
1632 3833 1846 3888 Γαλαὰδ
1900 3835 2031 3906 ὑμῖν

421 3925 642 3996 ὑπῆρξε
676 3927 772 3979 καί
814 3926 1108 3994 Γαλγάλων
1159 3927 1278 3996 (ἵνα
1313 3925 1464 3997 εἴπῃ,
1501 3927 1566 3980 ἐκ
1593 3925 1703 3978 τῶν
1735 3926 2030 3998 εἰδώλων),

419 4012 578 4088 εἶχεν
608 4017 673 4070 ἀν
688 4034 808 4071 τινα
832 4018 1128 4086 ἀπολογίαν
1155 4019 1284 4088 ὑμῖν
1301 4017 1369 4071 τὰ
1382 4017 1477 4071 νῦν
1495 4022 1846 4090 πραττόμενα
1865 4038 1878 4051 ·
1909 4022 1959 4074 εἰ
1975 4019 2035 4076 δὲ

427 4111 572 4182 μήτε
609 4111 674 4161 ἐκ
700 4110 913 4164 Γαλαὰδ
943 4111 1093 4181 ὑμῖν,
1121 4111 1260 4182 μήτε
1289 4111 1355 4164 ἐκ
1383 4111 1698 4180 Γαλγάλων,
1730 4114 2029 4179 τουτέστιν,

425 4205 476 4256 εί
514 4202 590 4273 μὴ
626 4204 689 4256 ἐκ
710 4203 818 4255 τῶν
849 4202 1085 4258 εἰδώλων
1116 4204 1245 4274 ὑμῖν
1284 4205 1640 4275 προσγέγονε,
1675 4206 1790 4268 πῶς
1815 4207 1874 4259 οὑ
1901 4206 2033 4278 πρό-

421 4296 588 4366 δηλον
616 4296 695 4348 ὅτι
725 4295 802 4366 τῷ
823 4295 1007 4366 ψεύδει
1036 4299 1478 4368 προστετήκατε;
1514 4297 1629 4351 Νῦν
1655 4297 1752 4369 τὴν
1776 4298 2036 4368 ἀλήθειαν

425 4390 687 4458 ἀφέντες,
723 4391 1061 4452 ἀποστάντες
1093 4390 1196 4461 μὲν
1247 4389 1343 4443 τοῦ
1379 4391 1694 4462 εὐεργέτου,
1745 4391 2036 4456 νεύσαντες

2131 3199 2355 3271 protuli,
2385 3207 2437 3252 ει
2462 3195 2773 3252 visionibus
2825 3192 3084 3262 plurimis
3140 3191 3290 3245 illius
3331 3189 3598 3258 temporis
3636 3189 3736 3244 ho-

2131 3293 2306 3346 mines
2335 3291 2595 3360 dignatus
2627 3303 2772 3351 sum,
2825 3295 2877 3340 et
2910 3283 3273 3339 multifariam
3302 3283 3469 3352 justis
3503 3281 3612 3336 illis
3644 3293 3738 3346 ap-

2130 3385 2313 3453 parui,
2339 3381 2512 3452 Moysi
2545 3381 2794 3450 inquam,
2824 3387 2878 3433 et
2908 3375 3040 3432 Jesu
3081 3376 3196 3430 filio
3228 3373 3386 3436 Navi,
3411 3380 3465 3427 et
3489 3379 3737 3426 contem-

2134 3475 2414 3547 poraneis.
2447 3473 2581 3539 Quae
2616 3487 2740 3527 cum
2771 3471 2959 3524 omnia
2991 3471 3224 3524 libenter
3259 3467 3537 3527 fecissem,
3569 3480 3738 3534 opor-

2135 3566 2288 3620 tebat
2317 3579 2452 3621 sane
2483 3565 2679 3619 horum
2723 3577 3022 3626 memores,
3059 3561 3204 3615 dalis
3243 3573 3368 3615 esse
3419 3564 3733 3622 contentos,

2133 3672 2312 3728 neque
2359 3671 2462 3727 per
2495 3654 2826 3724 iniustitiam
2861 3653 3039 3708 aliena
3081 3665 3298 3720 rapere.
3355 3667 3374 3701 ι
3429 3647 3484 3702 Si
3525 3648 3732 3703 Gaiaad

2134 3765 2240 3805 non
2275 3757 2378 3816 est,
2412 3748 2603 3819 utique
2661 3747 2782 3802 falsi
2831 3745 3050 3800 fuerant
3114 3744 3171 3798 in
3223 3742 3490 3813 Galgalis.
3555 3759 3575 3791 ι
3617 3739 3736 3795 Hoc

2133 3841 2267 3895 dicit
2305 3859 2316 3894 :
2358 3838 2642 3909 Siquidem
2687 3853 2754 3892 cx
2795 3835 3003 3891 Galaad
3054 3840 3110 3889 et
3163 3832 3407 3903 Galgalis
3450 3832 3607 3884 vobis
3641 3848 3736 3884 su-

2137 3940 2404 4006 peresset,
2435 3932 2612 3998 idest,
2648 3947 2713 3986 ex
2744 3929 2929 3995 idolis,
2957 3927 3225 3982 haberent
3276 3924 3514 3980 fortasse
3559 3923 3740 3977 defen-

2135 4029 2350 4084 sionem
2399 4026 2639 4095 aliquam
2675 4033 2858 4079 vestra
2895 4036 3093 4092 opera;
3148 4019 3234 4074 sin
3283 4032 3414 4073 vero
3448 4031 3622 4086 neque
3667 4031 3736 4068 cx

2136 4119 2344 4176 Galaad
2378 4133 2557 4188 neque
2582 4111 2946 4186 cx'Galgalis,
2991 4113 3042 4168 id
3088 4121 3195 4175 est,
3226 4111 3274 4168 si
3313 4109 3448 4164 nihil
3478 4109 3545 4162 ab
3573 4107 3738 4162 idolis

2138 4213 2294 4268 \ohis
2321 4211 2580 4275 accessit,
2618 4208 2811 4279 quidni
2863 4209 2934 4267 sit
2977 4205 3324 4275 exploratum
3355 4217 3454 4256 vos
3478 4199 3556 4256 rei
3585 4198 3738 4254 falsa:

2139 4304 2481 4359 adhaesisse?
2523 4301 2680 4356 Nunc
2724 4299 3011 4353 veritatem
3050 4293 3400 4357 deseruistis,
3453 4308 3480 4346 a
3513 4290 3739 4345 benefa-

2140 4405 2293 4450 ctnre
2333 4405 2521 4450 vestro
2551 4393 2883 4457 recessistis,
2937 4398 3102 4458 atque
3137 4387 3204 4441 ad
3237 4386 3374 4440 nihil
3417 4383 3739 4454 profuturos

425 4483 487 4537 δὲ
524 4481 664 4553 πρὸς
689 4483 816 4544 τοὺς
851 4481 1208 4553 ὠφεληκότας
1250 4481 1433 4536 οὐδέν’
1469 4476 1590 4537 εἶτα
1643 4484 1852 4546 τούτοις
1899 4486 2028 4552 μετᾶ

2147 4485 2322 4558 (deos)
2351 4483 2689 4545 accessistis,
2717 4482 2920 4552 quibus
2941 4477 3210 4534 sacriﬁcia
3243 4491 3368 4531 cum
3398 4473 3740 4544 principibus

427 4574 541 4627 τῶν
578 4574 711 4643 παρ’
747 4575 876 4644 ὑμῖν
931 4573 1210 4644 ἀρχόντων
1253 4575 1352 4638 τὰς
1399 4575 1591 4639 θυσίας
1643 4575 2036 4639 ἐπιτελοῦντες

429 4663 511 4734 (ρ.
549 4664 665 4734 90)
716 4665 825 4718 ἀπὸ
861 4664 969 4734 γὰρ
1011 4682 1028 4714 t
1065 4663 1281 4718 Γαλαὰδ
1316 4685 1334 4716 ι
1380 4667 1475 4719 καὶ
1510 4685 1528 4716 ‹
1581 4665 1876 4734 Γαλγάλων
1920 4685 1937 4716 ι
1972 4666 2041 4720 τὲι

430 4757 632 4810 εἴδωλα
675 4757 845 4824 λέγει.
891 4758 979 4820 Ὠς
1020 4758 1114 4810 καὶ
1163 4758 1422 4829 ἀνωτέρω
1465 4762 1623 4830 φησὶ,
1667 4778 1683 4809 ι
1722 4759 1813 4830 Μὴ
1860 4761 2044 4811 εἰσπο-

435 4848 662 4921 ρεύεσθε
704 4850 784 4912 εἰς
815 4848 1089 4917 Γάλγαλα,
1133 4869 1150 4899 ι
1176 4850 1263 4902 ἵνα
1292 4851 1441 4921 εἴπῃ,
1469 4851 1562 4921 Μὴ
1595 4851 1723 4922 περὶ
1752 4851 1818 4903 τὰ
1848 4850 2044 4904 εἴδωλα

431 4942 615 5010 ἔχετε,
647 4940 756 4994 ἀπὺ
789 4939 884 4993 τοῦ
913 4941 1078 4993 τόπου
1115 4941 1181 4995 τὰ
1216 4942 1273 4994 ὲν
1301 4942 1484 5004 αὐτοῖς
1518 4940 1930 5013 θεραπευόμενα
1955 4942 2044 4995 λέ-

433 5047 582 5100 γων·
623 5031 794 5096 οὕτως
831 5032 924 5085 καὶ
947 5031 1183 5086 ἐνταῦθα
1221 5031 1434 5084 Γαλαὰδ
1469 5033 1742 5103 μέμνηται
1779 5034 1873 5087 καὶ
1912 5035 2047 5087 Γαλ-

435 5126 644 5194 γάλων,
678 5127 736 5177 ἐν
769 5121 848 5189 οἷς
884 5126 1054 5197 πολλή
1096 5143 1178 5189 τις
1211 5127 1243 5197 ἡ
1277 5125 1405 5198 περὶ
1447 5127 1517 5180 τά
1552 5126 1744 5180 εἴδωλα
1779 5128 2047 5199 θεραπεία

436 5215 652 5284 ἐγίνετο
673 5230 686 5242 ’
713 5215 819 5268 ἀπὸ
847 5211 940 5268 οὖν
971 5214 1079 5268 τῶν
1109 5215 1290 5269 τόπων
1316 5215 1414 5286 τὴν
1444 5215 1549 5268 τῶν
1575 5215 1808 5269 εἰδώλων
1848 5218 2048 5286 σημαί-

437 5325 520 5360 νει
543 5307 847 5380 θεραπείαν
865 5325 876 5337 °
905 5307 1063 5361 τοῦτο
1090 5307 1284 5376 λέγων,
1313 5308 1394 5360 ὅτι
1415 5307 1698 5361 Τοσούτων
1721 5311 1849 5380 ὑμῖν
1879 5312 2049 5380 ὑπαρ-

439 5399 652 5465 ξαντων
677 5377 838 5470 ἱ’παρ’
874 5400 1031 5470 ἐμοῦ,
1091 5402 1154 5452 ἐκ
1192 5400 1248 5452 δέ
1305 5399 1413 5453 τῶν
1470 5400 1740 5470 δαιμόνων
1794 5404 1882 5456 καὶ
1938 5402 2045 5455 τῶν

438 5495 680 5548 εἰδώλων
712 5496 949 5561 οὐδενὸς,
1003 5496 1062 5563 ἐξ
1117 5496 1334 5564 ἀπάτης
1379 5495 1489 5565 ἄρα
1527 5497 1622 5548 καὶ
1662 5495 1758 5566 τῆς
1811 5497 1939 5566 περὶ
1988 5496 2048 5548 τὸ

436 5588 637 5659 ψεῦδπ
689 5589 885 5661 ῥοπῆς,
928 5589 1062 5660 ἐμοῦ
1101 5589 1198 5660 μὲν
1251 5590 1621 5659 ἀφεστήκατε,
1677 5592 1806 5661 περὶ
1849 5590 1905 5642 δέ
1949 5591 2049 5654 τὰς

440 5682 673 5738 ὲκεένων
714 5683 867 5754 ἔχετε
897 5683 1108 5748 θυσίας.
1153 5701 1170 5734 ι
1213 5683 1322 5735 Καὶ
1359 5682 1426 5738 τὰ
1458 5682 1818 5753 θυσιαστήρια
1868 5683 2049 5736 αὐτῶν

519 5845 566 5881 ⁵⁸
610 5844 758 5901 Psal.
803 5861 910 5912 Liv,
948 5846 1030 5901 l7.
1113 5846 1156 5878 ³⁵
1193 5847 1298 5900 lsa.
1338 5858 1459 5911 Lm,
1491 5842 1546 5896 7.

2139 4581 2339 4636 vestris
2363 4577 2593 4632 offertis.
2617 4574 2752 4629 Nam
2776 4593 2794 4625 ι
2826 4569 3032 4627 Galaad
3061 4588 3081 4624 ι
3102 4575 3157 4623 et
3180 4587 3196 4618 ι
3222 4566 3571 4637 Galgalorum
3597 4581 3616 4614 ι
3643 4580 3742 4616 nn-

2140 4673 2384 4728 minibus
2414 4671 2555 4725 idola
2580 4667 2733 4723 dicit.
2757 4665 2913 4720 Sicut
2936 4671 2990 4717 ct
3013 4667 3162 4715 retro
3179 4653 3286 4709 ait:
3316 4671 3332 4703 ι
3355 4652 3435 4707 Νε
3453 4649 3664 4707 abeatis
3686 4652 3741 4705 in

2142 4761 2388 4832 Galgala,
2421 4780 2437 4811 ι
2474 4757 2529 4813 id
2555 4765 2658 4822 est,
2679 4755 2759 4810 Ne
2789 4753 2855 4808 ad
2875 4749 3020 4805 idola
3046 4744 3345 4805 accedatis,
3377 4756 3406 4794 τι
3445 4741 3585 4800 loco,
3623 4741 3744 4793 cul-

2145 4861 2230 4908 tcs
2263 4853 2372 4905 illic
2411 4851 2544 4902 deos
2587 4846 2779 4900 dicens
2813 4861 2826 4898 :
2859 4843 2950 4896 hic
3000 4839 3209 4911 pariter
3240 4834 3444 4890 Galaad
3482 4832 3590 4902 59
3623 4849 3741 4885 me-

2146 4952 2322 4998 morat
2354 4948 2406 4993 et
2439 4936 2687 5007 Galgala.
2725 4934 2781 4986 iu
2827 4931 3028 5000 quibus
3088 4927 3362 4979 idolorum
3416 4923 3598 4974 cultus
3634 4918 3744 4971 frc-

2145 5031 2549 5104 qncnlabatur;
2604 5043 2632 5079 a
2692 5025 2852 5087 locis,
2909 5023 3157 5092 inquam,
3207 5017 3483 5070 idolorum
3535 5011 3746 5063 cultum

2147 5129 2393 5181 denotat.
2429 5122 2656 5177 Summa
2689 5127 2870 5173 autem
2904 5115 3177 5171 sermonis
3210 5120 3295 5166 est
3335 5128 3346 5164 :
3383 5105 3539 5172 Quod
3572 5105 3748 5158 tantis

2146 5236 2174 5273 a
2207 5233 2292 5273 me
2324 5215 2570 5287 acceptis
2598 5215 2908 5275 beneficus,
2961 5207 3128 5262 nullis
3170 5219 3302 5258 vero
3333 5217 3361 5254 a
3401 5198 3748 5253 daemonibus

2137 5319 2315 5382 “atque
2355 5309 2540 5374 idolis,
2587 5306 2841 5377 sequitur
2869 5312 2928 5357 ut
2968 5299 3156 5355 fraude
3190 5294 3353 5351 illecti
3387 5300 3439 5345 ct
3479 5288 3743 5342 falsitatis

2149 5380 2373 5469 affectu,
2411 5419 2439 5455 a
2472 5416 2556 5456 me
2592 5395 2958 5454 recesserilis,
2989 5401 3044 5447 et
3071 5392 3289 5444 illorum
3324 5383 3599 5441 sacrificia
3629 5380 3741 5434 frc—

2153 5496 2451 5563 quenletis.
2496 5511 2513 5543 ι
2557 5489 2622 5544 lit
2657 5489 2854 5542 altaria
2900 5499 3091 5538 eorum
3145 5480 3304 5549 quasi
3349 5472 3750 5563 testudines

2153 5561 2275 5644 solo
2307 5582 2628 5656 campestri.
2670 5600 2688 5632 ι
2727 5577 2952 5631 Nullum
2999 5570 3231 5640 capietis
3269 5567 3438 5622 vestri
3481 5579 3611 5634 erga
3653 5561 3750 5656 illa

2156 5682 2324 5738 studii
2355 5654 2812 5736 emolumentum,
2870 5666 2997 5738 quia
3053 5666 3165 5718 haec
3209 5655 3406 5714 omnia
3447 5671 3611 5711 manu
3651 5654 3755 5708 ho-
