4102 6528
507 283 540 300 ‘-

313 305 414 363 499
507 283 540 300 "
1487 297 1869 356 'TllEODORt
1910 298 2395 356 uorsuesrcm
3169 261 3180 265 ’
3467 298 3576 356 eoo

311 417 477 473 stium
509 414 756 472 destruet
782 414 946 470 Deus.
984 412 1119 468 Nam
1165 416 1293 485 quia
1349 415 1568 472 testudo
1601 414 1704 470 sub
1735 415 1893 484 aquis

2007 414 2070 477 io;
2090 413 2318 483 χελῶναι
2346 412 2439 466 ἐπὶ
2467 414 2656 484 χέρσον
2688 413 2878 485 ἀγροῦ.
2917 433 2937 467 ι
2977 413 3171 469 Ἔσται
3199 413 3308 484 γὰρ
3333 415 3462 485 ὑμῖν
3487 415 3585 468 οὐ·

305 508 563 574 babitare
594 507 778 570 solita,
807 507 861 560 in
898 505 1048 561 sicco
1078 506 1420 576 deprehensa
1455 521 1684 577 prorsus
1711 509 1886 575 perit:

311 599 418 652 hoc
451 599 702 668 exemplo
747 597 919 652 voluit
965 596 1222 652 altarium
1271 598 1544 653 excidium
1579 597 1889 667 designare.

1997 506 2083 558 εὲν
2114 505 2305 573 ὄφελος
2343 505 2441 576 τῆς
2480 506 2608 577 περὶ
2657 507 2860 571 ἐκεῖνα,
2902 508 3054 578 φησὶ,
3087 507 3344 576 σπουδῆς,
3391 505 3578 577 ἐπειδὴ

2001 598 2215 650 ἅπαντα
2240 596 2413 650 ταῦτα
2443 596 2723 660 παντελῶς
2759 599 3010 666 ἀφανίσει
3037 599 3124 652 διὰ
3163 598 3274 651 τῶν
3306 596 3580 664 πολεμίων

309 695 338 746 ό
364 692 494 755 Θεός
515 707 526 722 ·
562 691 748 762 ἐπειδὴ
786 690 893 760 γὰρ
927 692 959 760 ἡ
999 689 1205 761 χελώνη
1236 694 1293 747 ἐν
1321 693 1471 745 ὕδατι
1497 691 1655 745 εἴωθε
1682 690 2012 755 διαιτᾶσθαι,
2057 693 2118 745 ἐν
2166 693 2345 763 χέρσῳ
2385 693 2442 746 δὲ
2476 693 2741 764 ληφθεῖσα
2790 690 3164 761 διαφθείρεται
3201 688 3437 752 πάντως,
3467 687 3580 739 τῶν

314 783 714 854 θυσιαστηρίων
739 782 1004 853 ἐϐουλήθη
1033 785 1112 855 τῷ
1138 786 1495 857 ὑποδείγματι
1527 787 1624 857 τὴν
1652 786 1949 858 διαφθορὰν
1978 788 2270 855 ὑποδεῖξαι.

384 874 548 928 Vens.
593 874 782 926 12-14.
824 903 897 917 -
947 873 1050 929 Sed
1102 891 1233 930 ecce
1289 876 1470 932 denuo
1511 891 1578 930 ex
1625 877 1897 947 majorum

315 967 731 1036 comparatione
755 965 1144 1022 demonstrans
1179 979 1406 1040 nepotes
1437 984 1689 1041 peccare,
1727 987 1745 1019 ι
1787 968 1895 1023 Fu-

317 1060 417 1128 git,
470 1059 670 1127 inquit,
709 1057 883 1113 Jacob
929 1058 983 1112 in
1025 1075 1278 1131 campum
1337 1061 1530 1133 Syriae,
1571 1072 1627 1118 et
1676 1061 1901 1117 servivit

317 1149 493 1204 Israel
547 1150 618 1202 ob
667 1164 916 1214 uxorem,
957 1157 1012 1204 et
1056 1150 1110 1204 in
1155 1167 1325 1208 uxore
1369 1151 1471 1206 fuit
1515 1152 1837 1208 observans.
1876 1171 1896 1204 ι

315 1241 506 1295 Μαιυὶι
533 1242 620 1296 ille
659 1251 881 1312 propter
932 1243 1188 1298 virtutem
1237 1252 1292 1298 et
1335 1245 1687 1315 primogeniti
1720 1246 1890 1300 bene-

315 1334 635 1398 dictionem,
669 1333 829 1388 domo
875 1334 1138 1405 profugus
1193 1351 1289 1406 per
1337 1335 1553 1406 Syriam
1595 1337 1804 1407 vagari,
1837 1344 1893 1391 et

319 1426 462 1495 apud
485 1423 768 1478 Labanum
806 1427 1124 1481 servitutem
1168 1425 1412 1496 perferre
1442 1442 1456 1481 :
1496 1436 1551 1483 et
1585 1443 1707 1483 cum
1739 1428 1892 1497 gravi

315 1531 559 1571 aerumna
606 1517 672 1570 ad
731 1517 950 1586 nuptias
999 1519 1288 1588 pervenire
1328 1519 1538 1582 uxoris,
1573 1535 1643 1575 ne
1675 1520 1894 1574 Chana-

319 1623 490 1663 na-am
529 1609 752 1662 duceret
795 1617 990 1679 praeter
1033 1609 1205 1678 patris
1248 1609 1335 1663 sui
1364 1610 1700 1665 voluntatem
1739 1629 1753 1665 :
1787 1619 1899 1665 tan-

318 1708 539 1770 tamque
565 1716 864 1754 aerumnam
906 1701 1226 1767 exantlavit,
1259 1711 1318 1755 ut
1343 1701 1593 1756 instituta
1625 1703 1895 1772 majorum

319 1801 581 1856 servaret,
614 1801 667 1847 et
700 1793 790 1847 Dei
825 1792 975 1846 circa
1009 1808 1233 1847 uxorem
1262 1792 1566 1848 ducendam
1596 1795 1892 1864 placitum:

320 1884 462 1954 quod
493 1891 685 1938 contra
719 1882 924 1938 fecerat
959 1883 1133 1937 frater
1174 1882 1315 1952 ejus,
1351 1883 1676 1941 Chananaeis
1708 1888 1898 1941 uxori-

324 1977 426 2031 bus
482 1975 663 2029 ductis
717 1982 912 2045 praeter
959 1975 1050 2030 Dei
1103 1983 1157 2030 et
1204 1983 1490 2046 parentum
1535 1979 1893 2034 voluntatem.

325 2087 344 2116 ‹
378 2067 444 2121 Ει
487 2082 584 2136 per
625 2066 949 2136 prophetam
997 2067 1188 2122 eduxit
1237 2066 1503 2124 Dominus
1545 2069 1800 2126 Israelem
1831 2070 1899 2127 de

322 2169 467 2212 terra
514 2157 732 2228 Egypti
773 2177 784 2211 :
821 2165 874 2210 et
923 2173 1020 2227 per
1071 2158 1393 2228 prophetam
1441 2167 1690 2214 servatus
1733 2169 1836 2215 est.
1875 2182 1894 2215 ι

321 2248 590 2314 Quoniam
650 2257 772 2317 post
826 2247 914 2301 illa
977 2248 1160 2301 omnia
1213 2249 1571 2305 descenderat
1626 2250 1792 2308 Israel
1844 2254 1899 2308 in

321 2337 637 2409 Egyptum,
681 2345 887 2390 tantam
936 2343 1283 2407 posterorum
1333 2339 1452 2408 ejus
1492 2341 1716 2396 tutelam
1757 2342 1900 2399 Deus

323 2429 512 2497 gessit,
557 2436 617 2482 ut
664 2427 944 2497 prophetae
983 2427 1185 2498 Moysis
1229 2429 1534 2486 ministerio
1574 2440 1803 2489 cunctos
1833 2450 1902 2489 ex

328 2518 567 2588 Egypto
602 2517 918 2585 reduxerit;
968 2535 1108 2588 quos
1157 2520 1322 2574 etiam
1368 2521 1421 2574 in
1467 2522 1685 2579 deserto
1725 2525 1904 2593 provir

323 2609 508 2663 dentia
549 2622 648 2662 sua
677 2607 1043 2674 conservavit,
1070 2609 1244 2665 donec
1265 2610 1321 2665 in
1353 2612 1678 2680 promissam
1700 2621 1899 2669 terram

325 2700 628 2755 induceret.
669 2719 687 2751 ‹
726 2699 805 2754 Ad
841 2699 1186 2755 iracundiam
1229 2715 1316 2756 me
1342 2702 1658 2770 provocavit
1682 2701 1904 2772 Ephrai-

325 2809 447 2848 mus
492 2801 545 2848 et
591 2792 960 2848 exacerbavit.
1003 2812 1019 2844 ι
1058 2792 1218 2848 Tales
1258 2808 1382 2847 cum
1419 2793 1622 2848 fuerint
1657 2797 1902 2866 progeni-

325 2896 495 2950 tores,
530 2895 584 2940 et
618 2885 834 2939 illorum
861 2885 1036 2955 gratia
1065 2891 1145 2940 tot
1173 2884 1231 2939 hi
1270 2899 1301 2938 a
1333 2900 1419 2939 me
1450 2886 1594 2940 bona
1640 2887 1752 2941 sint
1776 2902 1902 2941 con-

324 2977 522 3043 secuti,
597 2975 954 3031 nihilominus
1028 2977 1162 3030 iram
1235 2975 1368 3031 mihi
1429 2976 1539 3048 60
1607 2978 1900 3032 maximam

2065 877 2214 947 Στίχ.
2244 877 2427 947 ιβ’-ιδ’.
2459 910 2528 918 -
2553 879 2662 930 Kal.
2691 878 2852 930 πάλιν
2875 881 2942 948 τῇ
2961 877 3068 930 τῶν
3095 877 3374 947 προγόνων
3399 889 3580 943 παρα-

1997 968 2142 1022 θέσει
2191 969 2406 1032 δεικνὺς
2454 970 2650 1032 αὐτοὺς
2713 969 3063 1032 ἀσεϐοῦντας,
3126 987 3145 1019 ι
3207 965 3579 1037 Ἀνεχώρησεν

2009 1059 2203 1114 Ἰακὼϐ
2237 1063 2317 1124 εἰς
2352 1061 2532 1115 πεδίον
2556 1061 2778 1132 Συρίας,
2809 1063 2901 1114 καὶ
2933 1059 3241 1113 ἐδούλευσεν
3288 1057 3500 1128 Ἰσραὴλ
3520 1057 3577 1108 ἐν

1996 1152 2236 1220 γυναικὶ,
2267 1151 2362 1205 καί
2388 1154 2443 1204 ἐν
2473 1152 2690 1220 γυναικὶ
2712 1151 3035 1220 ἐφυλάξατο.
3074 1170 3092 1202 ι
3128 1149 3317 1203 Εἵλετο
3344 1149 3442 1218 μὲν
3469 1146 3578 1217 γάρ

1999 1239 2205 1302 ἐκεῖνος
2232 1240 2298 1292 δι’
2315 1240 2514 1311 ἀρετὴν
2547 1243 2638 1294 καὶ
2655 1241 2752 1312 τὴν
2774 1242 2880 1293 τῶν
2908 1239 3288 1312 πρωτοτοκίων
3308 1238 3572 1306 εὐλογίαν,

1998 1329 2108 1382 τῶν
2144 1330 2361 1383 οἰκείων
2405 1331 2584 1399 φυγάς
2607 1330 2844 1400 γεγονὼς
2886 1333 3014 1404 περί
3053 1329 3152 1401 τὴν
3179 1330 3380 1399 Συρίαν
3421 1328 3579 1381 εἰλεῖ-

2003 1423 2148 1486 σθαι,
2188 1424 2284 1478 καὶ
2323 1426 2611 1497 ύπομεῖναι
2656 1425 2754 1494 μὲν
2801 1425 2900 1496 τὴν
2929 1423 3082 1496 παρά
3116 1424 3194 1494 τῷ
3228 1423 3413 1476 Λαϐἀν
3456 1423 3573 1474 δου-

1999 1515 2175 1569 λείαν·
2204 1516 2278 1586 (p.
2309 1516 2370 1571 91
2402 1515 2420 1587 )
2451 1517 2588 1587 μετὰ
2609 1517 2983 1586 ταλαιπωρίας
3006 1517 3063 1569 δὲ
3089 1516 3286 1584 πολλῆς
3319 1515 3412 1567 καὶ
3445 1514 3578 1584 πρὸς

2003 1606 2179 1676 γάμον
2206 1605 2378 1660 ἐλθεῖν
2407 1607 2683 1674 γυναικὸς,
2723 1607 2809 1661 ἵνα
2853 1607 2927 1678 μὴ
2959 1607 3271 1660 Χαναναίαν
3306 1607 3580 1676 ἀγάγηται

2004 1695 2155 1768 παρά
2184 1697 2246 1750 τὸ
2277 1698 2443 1768 πατρὶ
2488 1697 2678 1751 δοκοῦν
2703 1715 2717 1732 ·
2753 1699 2847 1752 καὶ
2877 1697 3145 1768 τοσαύτην
3176 1697 3465 1767 ὑπέμεινεν
3492 1712 3582 1748 τα-

2001 1791 2326 1863 λαιπωρίαν,
2380 1792 2782 1862 φυλαττόμενος
2823 1792 2884 1845 τὸ
2929 1791 3080 1862 παρά
3113 1791 3181 1844 τὰ
3226 1791 3432 1860 νόμιμα
3473 1789 3581 1842 τῶν

1999 1884 2277 1955 προγόνων
2309 1883 2403 1937 καὶ
2438 1884 2498 1936 τὸ
2534 1883 2725 1938 δοκοῦν
2749 1883 2826 1953 τῷ
2846 1883 2964 1953 Θεῷ
2995 1885 3230 1951 γυναῖκα
3258 1881 3576 1948 ἀγαγέσθαι·

2001 1975 2136 2044 ὅπερ
2157 1970 2250 2028 οῦν
2274 1973 2571 2042 πεποίηκεν
2591 1975 2618 2026 ό
2633 1973 2858 2042 ἀδελφὸς
2875 1974 3103 2038 ἐκείνου,
3125 1972 3432 2034 Χαναναίας
3449 1972 3580 2040 ἀγα-

2001 2067 2230 2136 γόμενος
2282 2064 2431 2136 παρὰ
2463 2065 2524 2118 τὸ
2573 2065 2692 2136 Θεῷ
2724 2083 2786 2118 τε
2835 2064 3025 2118 δοκοῦν
3067 2067 3161 2118 καὶ
3199 2067 3310 2127 τοῖς
3343 2063 3579 2130 γονεῦσι.

2007 2173 2024 2201 ι
2065 2155 2174 2208 Ka‘t
2213 2156 2269 2207 ἐν
2302 2155 2555 2226 προφήτῃ
2597 2155 2838 2224 ἀνήγαγε
2883 2154 3086 2226 Κύριος
3130 2153 3222 2206 τὸν
3263 2152 3478 2223 Ἰσραὴλ
3519 2154 3581 2203 ἐκ

2001 2246 2103 2316 γῆς
2126 2243 2423 2312 Αἰγύπτου,
2448 2247 2540 2298 καὶ
2562 2248 2618 2298 ἐν
2641 2246 2889 2316 προφήτῃ
2921 2244 3271 2314 διεφυλάχθη.
3303 2263 3321 2296 ι
3364 2244 3581 2315 Ἐπειδὴ

1999 2337 2057 2390 δὲ
2091 2338 2207 2407 μετ’
2239 2337 2421 2390 ἐκεῖνα
2455 2338 2632 2390 πάντα
2658 2337 3019 2407 κατελήλυθεν
3049 2338 3128 2399 εἰς
3156 2336 3255 2406 τὴν
3287 2336 3578 2404 Αἴγυπτον,

2000 2429 2270 2499 τοσαύτην
2291 2429 2398 2482 τῶν
2431 2429 2490 2494 ἐξ
2517 2429 2722 2482 ἐκείνου
2747 2429 3070 2500 κηδεμονίαν
3102 2431 3414 2499 ἐποιήσατο,
3443 2428 3581 2480 ὥστε

2001 2524 2067 2592 τῇ
2095 2520 2190 2575 τοῦ
2225 2523 2503 2594 προφήτου
2550 2522 2828 2585 Μωῦσέως
2873 2518 3145 2592 ὑπουργία
3191 2523 3484 2588 ἀναγαγεῖν
3523 2537 3580 2572 τε

2001 2613 2248 2678 ἅπαντας
2271 2615 2335 2667 ἐκ
2367 2613 2467 2684 τῆς
2497 2613 2797 2682 Αἰγύπτου,
2827 2613 2921 2666 καὶ
2956 2614 3097 2666 κατά
3125 2613 3224 2684 τὴν
3258 2611 3465 2682 ἔρημον
3488 2613 3584 2663 αύ-

2002 2705 2128 2766 τοῦς
2158 2703 2248 2757 διὰ
2289 2705 2387 2775 τῆς
2430 2704 2746 2774 ἐπιμελείας
2785 2704 3017 2773 φυλάξαι
3049 2704 3147 2773 τῆς
3194 2704 3418 2766 οἰκείας,
3456 2704 3583 2774 ἄχρι

2005 2792 2098 2846 τοῦ
2121 2793 2214 2848 καὶ
2229 2796 2308 2858 εἰς
2325 2793 2423 2865 τὴν
2445 2796 2546 2866 γῆν
2569 2798 2880 2865 εἰσαγαγεῖν
2896 2797 2992 2866 τῆς
3010 2795 3358 2863 ἐπαγγελίας.
3379 2815 3397 2845 ι
3433 2795 3554 2847 Ἐθύ
3568 2823 3585 2836 ο

2012 2885 2162 2955 μωσέ
2205 2903 2272 2956 με
2317 2885 2554 2957 Ἐφραῖμ
2599 2887 2692 2940 καὶ
2739 2887 3107 2958 παρώργισεν.
3150 2907 3168 2940 ι
3207 2889 3474 2942 Τοιούτων
3527 2890 3584 2942 δὲ

2003 2978 2286 3045 γεγονότες
2329 2979 2626 3049 προγόνων,
2667 2979 2760 3031 κοιλ⁵
2785 2979 3053 3034 τοσούτων
3082 2981 3149 3034 δι’
3179 2981 3418 3044 ἐκείνους
3453 2983 3584 3051 παρ’

325 3075 756 3132 commoverunt,
817 3068 1060 3137 ingratos
1109 3067 1242 3122 mihi
1291 3084 1350 3124 se
1399 3070 1704 3139 praebentes
1750 3077 1902 3126 tanto

2007 3068 2138 3138 ἐμοῦ
2169 3070 2526 3140 τετυχηκότες
2569 3070 2809 3139 ἀγαθῶν,
2839 3075 2919 3135 εἰς
2949 3073 3118 3142 ὀργήν
3146 3090 3215 3142 με
3248 3073 3586 3143 κατέστησαν

326 3157 704 3224 henefactori;
758 3169 922 3229 atque
995 3159 1061 3214 ad
1123 3159 1266 3214 idola
1320 3163 1501 3231 potius
1562 3163 1832 3230 conversi,
1873 3178 1905 3218 a

325 3253 528 3323 quibus
580 3253 715 3307 nihil
765 3253 900 3307 lucri
950 3262 1325 3324 perceperant.
1369 3273 1387 3306 ι
1429 3253 1494 3308 Et
1531 3257 1756 3325 sanguis
1783 3257 1904 3326 ejus

325 3360 491 3413 super
521 3360 644 3399 eum
695 3343 1022 3400 eﬂ‘undetur.
1067 3364 1085 3397 ι
1135 3345 1478 3415 Quapropter
1513 3348 1568 3401 in
1612 3348 1788 3417 ipsum
1815 3365 1904 3405 re-

326 3434 472 3487 eidct
519 3433 841 3487 delictorum
889 3449 1073 3504 pmna.
1111 3453 1129 3487 ι
1168 3435 1235 3489 Et
1275 3437 1627 3506 opprobrium
1670 3440 1790 3509 ejus
1815 3457 1904 3496 re-

327 3525 517 3579 stituet
551 3526 602 3581 ei
655 3525 938 3593 Dominus,
992 3528 1148 3597 juxta
1189 3526 1466 3598 prraimi
1511 3547 1839 3588 sermonem.
1878 3553 1898 3585 ι

327 3617 651 3682 Calutnniaz,
677 3634 841 3688 quam
877 3620 1154 3690 impietate
1184 3638 1284 3677 sua
1307 3622 1418 3678 Deo
1439 3626 1694 3695 aspersit,
1723 3625 1904 3695 justas

329 3709 442 3763 luet
475 3723 668 3780 plenas
708 3724 1091 3782 congruasque
1139 3713 1322 3770 verbis
1366 3730 1487 3786 quae
1541 3725 1732 3771 contra
1775 3733 1900 3774 eum

325 3798 570 3872 jactavit.

953 4074 1106 4130 CAP.
1148 4075 1286 4132 XIII.

400 4166 569 4224 Vens.
605 4168 721 4223 1-5.
770 4197 842 4209 -
893 4185 911 4220 ι
961 4166 1392 4224 Justiticationes
1433 4171 1644 4241 accepit
1685 4181 1740 4228 et
1791 4174 1909 4244 ipse

336 4256 391 4310 in
427 4255 611 4319 Israel,
640 4254 735 4310 sed
769 4270 862 4309 eas
895 4256 1150 4325 apposuit
1183 4255 1350 4319 Baali,
1381 4267 1432 4310 et
1459 4266 1709 4315 mortuus
1746 4271 1851 4316 est.
1885 4281 1901 4313 ι

333 4342 470 4398 Nam
503 4358 627 4397 cum
673 4343 791 4412 ipse
835 4359 898 4398 ex
938 4344 1053 4414 lege
1106 4343 1307 4415 Moysis
1349 4345 1630 4416 religionis
1664 4349 1908 4405 colenda:

333 4433 474 4487 ritus
509 4431 829 4499 accepisset.
864 4432 929 4484 ad
960 4433 1162 4486 Baalim
1199 4441 1430 4489 cunctos
1471 4438 1774 4500 transtulit,
1812 4438 1909 4493 de-

333 4519 507 4572 bitum
554 4517 685 4570 mihi
735 4533 802 4572 ex
865 4518 979 4588 lege
1030 4520 1234 4574 cultum
1287 4521 1342 4574 in
1383 4520 1526 4574 idola
1567 4523 1904 4578 conferens:

334 4625 443 4678 quo
475 4606 640 4669 facto,
684 4614 913 4662 mortem
961 4608 1063 4662 sibi
1111 4609 1328 4663 indixit.
1367 4627 1384 4660 ι
1423 4609 1488 4662 Ει
1515 4627 1663 4665 nunc
1695 4611 1911 4667 addide-

333 4704 465 4750 runt
495 4695 562 4749 ad
587 4693 941 4763 peccandum,
994 4703 1047 4748 et
1098 4694 1346 4748 ίινίει-ιηῆ
1386 4697 1486 4750 sibi
1519 4697 1810 4751 conflatilia
1843 4715 1907 4753 ex

335 4797 473 4834 auro
499 4787 834 4850 argentoque
860 4796 960 4835 suo
1003 4783 1059 4836 in
1105 4783 1275 4835 forma
1313 4782 1601 4846 idolorum,
1631 4800 1751 4853 quae
1781 4793 1911 4839 sunt

335 4871 404 4922 ah
441 4868 741 4920 artificibus
782 4868 1031 4922 confecta
1077 4883 1265 4937 opera.
1311 4887 1330 4920 ι
1391 4868 1816 4924 Perseveraruut
1855 4874 1907 4925 in

337 4956 638 5025 impie:ate,
670 4956 812 5008 idola
846 4970 1009 5009 aurea
1046 4963 1099 5009 ct
1125 4961 1378 5025 argentea
1412 4954 1771 5011 humanarum
1806 4975 1915 5012 ma-

336 5058 505 5098 numn
560 5043 792 5097 artificio
837 5042 1188 5098 fabricantcs.
1242 5039 1361 5094 llon
1413 5040 1732 5109 hujusmodi
1785 5060 1912 5115 erga

336 5131 478 5185 idola
511 5131 750 5184 studium
782 5143 1068 5196 quousque
1095 5127 1315 5181 tandem
1337 5127 1688 5183 intenderunt
1711 5131 1734 5184 ‘.’
1759 5151 1775 5183 ι
1818 5133 1914 5185 Ιιη-

338 5218 556 5278 molale,
600 5216 771 5280 aiunt,
825 5214 1098 5279 homines,
1147 5215 1274 5283 quia
1321 5214 1477 5268 vituli
1517 5215 1833 5273 defecerunt
1889 5240 1906 5272 ι

339 5304 415 5357 Ita
452 5312 508 5355 ut
531 5313 652 5372 post
681 5310 762 5355 tot
802 5299 1070 5355 sacrificia
1119 5317 1240 5370 qua:
1279 5317 1343 5356 ex
1381 5303 1556 5358 brutis
1585 5305 1913 5364 animalibus

337 5390 666 5452 obtulerant,
695 5404 802 5442 non
853 5388 1094 5441 contenti
1133 5389 1480 5442 victimarum
1530 5391 1742 5446 illarum
1775 5396 1914 5448 mul-

337 5477 602 5540 titudine,
643 5475 891 5528 homines
939 5489 1157 5544 quoque
1200 5476 1593 5531 sacrificiorum
1632 5483 1912 5536 materiam

337 5564 636 5619 eerceriut.
674 5561 762 5615 Sic
802 5563 966 5615 etiam
1015 5563 1206 5618 beatus
1233 5561 1311 5616 ait
1333 5563 1545 5619 David:
1580 5581 1598 5612 ι
1634 5567 1696 5622 Et
1728 5570 1916 5624 immo-

338 5649 590 5705 laverunt
637 5648 775 5702 filios
822 5665 951 5702 suos
1002 5665 1064 5705 ac
1114 5650 1249 5707 filias
1276 5669 1402 5710 suas
1422 5654 1766 5711 daemonibus
1787 5653 1849 5709 ³⁸.
1883 5675 1902 5706 ι

419 5762 471 5836 ιε,
490 5759 634 5816 Psal.
665 5776 750 5833 εγ,
777 5762 865 5816 37.

2011 3156 2290 3224 πλείστην,
2321 3157 2632 3228 ἀγνώμονες
2663 3160 2760 3230 μὲν
2789 3162 2916 3231 περὶ
2941 3161 3042 3230 ἐμὲ
3072 3163 3355 3230 γεγονότες
3384 3162 3472 3216 τὸν
3495 3179 3586 3215 το-

2014 3248 2184 3303 σαῦτα
2212 3249 2405 3313 αὐτοὺς
2438 3245 2497 3302 εῦ
2526 3251 2860 3321 πεποιηκότα
2877 3268 2888 3281 ·
2922 3253 3050 3324 περί
3078 3253 3134 3305 δὲ
3171 3254 3271 3324 τὴν
3297 3253 3406 3307 τῶν
3432 3253 3586 3306 εἰδώ-

2011 3339 2118 3393 λων
2145 3341 2445 3412 τραπέντες
2470 3340 2784 3411 θεραπείαν,
2814 3337 2888 3396 ὧν
2909 3343 3062 3397 οὐδὲν
3095 3344 3348 3414 εἰλήφασι
3378 3345 3585 3414 κέρδος.

2017 3449 2036 3482 ι
2071 3431 2182 3482 Kal.
2221 3429 2283 3482 τὸ
2315 3424 2454 3500 αἷμα
2491 3430 2656 3484 αὐτοῦ
2698 3431 2785 3484 ἐπ’
2816 3432 2977 3484 αὐτὸν
3003 3432 3387 3501 ἐκχυθήσεται.
3428 3451 3446 3482 ι
3475 3433 3589 3484 Τοι-

2009 3520 2214 3591 γαροῦν
2241 3523 2327 3573 ἐπ’
2357 3521 2519 3576 αὑτὸν
2544 3525 2577 3594 ή
2621 3524 2762 3593 ὑπὲρ
2790 3523 2898 3578 τῶν
2945 3526 3430 3596 παρανομημάτων
3457 3543 3588 3597 τρα-

2010 3614 2244 3685 πήσεται
2269 3613 2528 3684 τιμωρία.
2559 3615 2636 3685 (p.
2668 3615 2759 3685 92)
2789 3634 2807 3666 ι
2840 3616 2946 3669 Ka‘t
2977 3616 3068 3669 τὸν
3095 3617 3395 3688 ὀνειδισμὸν
3420 3617 3587 3670 αὐτοῦ

2010 3704 2380 3759 ἀνταποδώσει
2407 3705 2554 3776 αὐτῷ
2582 3706 2786 3778 Κύριος
2808 3707 2946 3761 κατά
2971 3709 3062 3761 τὸν
3087 3708 3242 3777 λόγον
3280 3710 3536 3780 Ἐφραΐμ.
3561 3727 3584 3762 ι

2012 3799 2127 3868 Τῆς
2151 3797 2402 3867 διαϐολῆς
2427 3792 2494 3868 ἦς
2529 3797 2617 3852 διὰ
2655 3799 2754 3869 τῆς
2783 3799 2984 3862 οἰκείας
3021 3799 3274 3864 ἀσεϐείας
3305 3802 3590 3872 προσετρίο

2008 3891 2148 3962 ψατο
2169 3890 2248 3962 τῷ
2279 3891 2418 3962 Θεῷ,
2444 3890 2597 3955 δίκας
2622 3891 2785 3944 αὐτόν
2815 3891 3170 3964 εἰσπράξεται
3195 3892 3428 3957 δικαίας,
3457 3892 3589 3946 ἀνά-

2007 3984 2165 4052 λογον
2195 3977 2275 4046 οἷς
2297 3981 2597 4052 ἐφθέγξατο
2622 3986 2743 4038 κατ’
2781 3985 2968 4039 αὑτοῦ.

2643 4087 2800 4141 ΚΕΦ.
2854 4087 2952 4139 II".

2081 4175 2229 4245 Στίχ.
2255 4183 2400 4244 α’-γ’.
2435 4209 2495 4220 -
2535 4195 2552 4228 ι
2597 4176 2954 4248 Δικαιώματα
3000 4177 3158 4231 ἔλαϐε
3205 4180 3296 4231 καὶ
3342 4179 3502 4242 αὐτὸς
3531 4179 3590 4232 ἐν

2012 4263 2091 4334 τῷ
2132 4265 2347 4335 Ἰσραήλ
2366 4282 2379 4295 ·
2412 4267 2507 4319 καὶ
2534 4265 2686 4320 ἔθετο
2704 4268 2841 4320 αὐτά
2870 4267 2948 4337 τῷ
2969 4267 3117 4320 Βαάλ
3155 4269 3247 4321 καὶ
3266 4268 3523 4322 ἀπέθανε.
3564 4285 3585 4320 ι

2010 4350 2310 4420 Δεξάμενος
2333 4352 2440 4424 γὰρ
2472 4353 2632 4416 αὐτὸς
2659 4354 2725 4406 ἐκ
2753 4353 2845 4406 τοῦ
2867 4354 3030 4424 νόμου
3057 4355 3332 4419 Μωῦσέως
3359 4356 3458 4419 τὰς
3481 4355 3592 4408 δια-

2009 4438 2190 4503 τάξεις
2216 4433 2289 4492 ὧν
2320 4441 2578 4511 πράττειν
2607 4442 2884 4512 προσῆκον
2907 4438 2974 4512 ἦν
3003 4442 3184 4506 αὐτὸν,
3217 4445 3296 4506 εἰς
3323 4443 3416 4496 τὸν
3446 4443 3592 4496 Βαὰλ

2012 4527 2366 4597 περιέστησεν
2419 4528 2654 4593 ἁπάσας,
2706 4529 2805 4598 τὴν
2848 4531 2972 4600 ἐμοὶ
3025 4532 3408 4601 προσήκουσαν
3451 4532 3592 4586 κατά

2011 4613 2172 4684 νόμον
2218 4614 2514 4685 θεραπείαν
2562 4614 2647 4668 ἐπ’
2698 4615 2880 4669 ἐκεῖνα
2931 4615 3290 4686 μεταγαγών·
3323 4617 3463 4688 ὑπὲρ
3518 4611 3592 4672 ὧν

2011 4701 2076 4771 δὴ
2111 4701 2336 4756 θανάτου
2357 4701 2614 4772 πρόξενος
2642 4702 2861 4771 γέγονεν
2884 4703 3080 4773 ἐαυτῷ.
3117 4721 3134 4754 ι
3170 4703 3280 4758 Kal
3307 4703 3401 4757 νῦν
3427 4721 3594 4776 προσ-

2013 4789 2195 4841 έθεντο
2225 4788 2318 4841 τοῦ
2367 4788 2722 4859 ἁμαρτάνειν,
2783 4791 2876 4842 καὶ
2922 4791 3187 4863 ἐποίησαν
3229 4793 3440 4855 ἑαυτοῖς
3482 4811 3593 4863 χω-

2013 4876 2180 4929 νευτά
2205 4876 2268 4929 ἐκ
2294 4877 2517 4946 χρυσίου
2540 4878 2632 4929 καὶ
2658 4875 2752 4929 τοῦ
2778 4877 3040 4949 ἀργυρίου
3065 4878 3243 4934 αὐτῶν
3270 4882 3389 4934 κατ’
3413 4880 3595 4935 εἰκόνα

2014 4961 2278 5027 εἰδώλων,
2333 4962 2469 5032 ἔργα
2523 4962 2787 5016 τεκτόνων
2841 4965 3297 5037 συντετελεσμένα
3341 4969 3539 5031 αὐτοῖς.
3571 4988 3590 5020 ι

2026 5049 2497 5120 Ἐπιμεμενήκασι
2525 5049 2582 5102 δὲ
2608 5053 2673 5122 τῇ
2704 5050 2949 5123 ἀσεϐείᾳ,
2981 5052 3049 5106 τὰ
3072 5054 3171 5123 μὲν
3195 5056 3258 5108 ἐκ
3287 5056 3594 5125 χρυσοῦ,τά

2013 5135 2069 5189 δὲ
2102 5136 2162 5200 ἐξ
2194 5135 2434 5208 ἀργύρου
2466 5137 2659 5190 εἴδωλα
2691 5140 3198 5204 κατασκευάσαντες
3231 5142 3597 5212 ἀνθρωπίναις

2014 5223 2276 5292 γεγονότα
2335 5224 2558 5295 χερσίν·
2614 5221 2734 5278 εἶτα
2763 5225 3028 5296 τοσαύτην
3067 5229 3194 5296 περὶ
3257 5228 3428 5282 ταῦτα
3482 5230 3600 5280 ἐπι-

2015 5310 2317 5364 δείκνυνται
2345 5313 2444 5383 τὴν
2486 5313 2743 5386 σπουδὴν,
2785 5314 2928 5367 ὥστε
2965 5314 3057 5379 τί;
3101 5333 3117 5363 ι
3154 5317 3316 5369 Αὐτοὶ
3359 5317 3596 5385 λέγουσι·

2015 5396 2226 5450 Θύσατε
2243 5398 2582 5470 ἀνθρώπους·
2610 5402 2799 5471 μόσχοι
2824 5401 2932 5471 γὰρ
2952 5401 3346 5458 ἐκλελοίπασιν.
3392 5423 3409 5455 ι
3436 5405 3597 5458 Ὥστε

2020 5484 2158 5556 μετά
2183 5486 2382 5551 πολλὰς
2412 5487 2602 5552 θυσίας
2639 5487 2701 5551 ἃς
2731 5488 2818 5541 διὰ
2845 5490 2953 5542 τῶν
2989 5489 3199 5559 ἀλόγων
3229 5493 3596 5563 προσήγαγον,

2016 5572 2117 5624 οὐκ
2150 5573 2518 5643 ἀρκεσθέντας
2563 5573 2640 5645 τῷ
2674 5574 2868 5646 πλήθει
2915 5576 3022 5628 τῶν
3059 5577 3313 5647 θυμάτων
3352 5580 3598 5646 ἐκείνων,

2025 5657 2103 5711 ἔτι
2139 5661 2234 5713 καὶ
2264 5661 2344 5724 είς
2393 5660 2712 5731 ἀνθρώπους
2755 5663 3089 5732 μεταστῆσαι
3131 5665 3230 5735 τῆς
3283 5665 3472 5731 θυσίας
3503 5667 3604 5743 τὴν

4057 1795 4094 1806 ε.

4059 1819 4093 1828 ιη.
