4102 6528
235 559 319 624 Si}!
1234 550 1788 614 COMMENTARIUS
1821 549 1890 608 lN
1929 546 2135 605 OSEIE
2174 545 2326 605 CAP.
2371 545 2508 603 Xlll.

3399 541 3507 599 202

234 676 594 759 ἐπιχείρησιν*
644 675 792 731 οὕτω
849 674 944 730 καὶ
992 674 1018 728 ὁ
1076 670 1349 743 μακάριος
1405 669 1555 759 λέγει
1613 664 1800 759 Δαυϊδ,

1992 660 2204 718 ldcirco
2260 668 2426 715 erunt
2477 656 2637 730 quasi
2682 656 2857 713 nubes
2910 655 3197 721 matutina,
3250 664 3305 712 et
3361 657 3507 713 sicut

242 788 257 821 ι
290 751 622 822 Καὶέθυσαν
655 766 783 829 τοὺς
813 766 965 829 υἱοὺς
1014 761 1197 817 αὐτῶν
1235 762 1331 815 καὶ
1380 754 1479 824 τάς
1508 756 1816 829 θυγατέρας

1945 769 2010 810 os
2054 754 2417 809 antelucanus
2467 752 2805 823 praeteriens,
2854 760 2910 808 et
2956 751 3115 824 quasi
3160 752 3348 807 aranei
3397 752 3508 805 tela

233 861 397 918 αὐτῶν
432 862 548 923 τοῖς
567 857 894 930 δαιμονίοις.
923 873 1045 909 ›-‹
1068 853 1169 910 Διά
1192 853 1352 908 τοῦτο
1374 852 1587 908 ἔσονται
1618 851 1693 916 ὡς
1730 866 1816 903 νε-

234 954 353 1026 φέλη
403 950 645 1025 πρωῖνὴ,
687 948 785 1005 καὶ
828 950 905 1015 ὡς
940 947 1131 1022 δρόσος
1173 945 1398 1020 ὀρθρινὴ
1452 941 1817 1015 πορευομένη,

1918 846 2136 901 turbine
2166 843 2453 901 exsulilata
2479 844 2548 901 de
2589 859 2743 908 area,
2783 850 2840 900 et
2886 844 3031 902 sicut
3078 860 3249 916 vapor
3293 860 3322 898 a
3358 844 3510 899 locu-

1921 938 2043 995 stis.
2083 957 2103 991 ι
2152 937 2311 993 Sicut
2347 938 2493 993 enim
2520 937 2718 993 nebula
2751 937 2933 1009 aliqua
2962 944 3058 991 aut
3088 951 3181 992 ros
3204 937 3510 992 matutinus

236 1048 303 1118 (p.
330 1047 448 1116 95.)
481 1045 580 1098 καὶ
607 1039 686 1108 ὼς
729 1044 942 1116 ἀράχνη
992 1040 1400 1112 ἀποφυσωμένη
1446 1038 1668 1092 λαίλαπι
1711 1034 1822 1091 ἀπὸ

1945 1027 2285 1085 Iissolutione
2326 1042 2556 1100 prorsus
2594 1027 2906 1097 disparent,
2941 1038 2994 1083 et
3034 1027 3220 1083 aranei
3259 1027 3362 1082 tela
3390 1042 3513 1098 quae

231 1136 446 1202 ἀλωνος,
489 1137 588 1191 καὶ
636 1136 715 1200 ὡς
755 1135 923 1207 ἀτμὶς
957 1133 1070 1188 ἀπὸ
1115 1132 1373 1206 ἀκρίδων.
1408 1151 1427 1185 ι
1462 1130 1676 1200 Ὠσπερ
1711 1127 1822 1201 γὰρ

1945 1123 2066 1178 'orte
2111 1123 2168 1178 in
2220 1134 2347 1177 area
2398 1123 2491 1186 sit,
2559 1123 2707 1178 venti
2768 1122 2873 1194 61
2943 1121 3163 1177 turbine
3219 1121 3508 1193 abripitur.

231 1230 421 1301 νεφέλη
478 1246 566 1292 τις
617 1228 652 1300 ἢ
681 1227 874 1300 δρόσος
930 1225 1127 1298 ἑωθινὴ
1179 1223 1488 1280 διαλυθεῖσα
1542 1220 1826 1284 παντελῶς

1947 1225 2167 1288 temque
2196 1216 2336 1273 levis
2359 1232 2533 1290 vapor
2562 1216 2714 1274 brevi
2750 1231 3021 1288 apparens
3053 1217 3152 1272 abs
3178 1218 3513 1273 locustarum

230 1321 568 1395 ἀφανίζεται,
598 1321 813 1394 ἀράχνη
840 1338 901 1375 τε
934 1320 992 1374 ἐν
1028 1318 1196 1374 ἂλωνι
1228 1316 1550 1373 καθεστῶσα
1581 1316 1687 1370 ὑπὸ
1729 1331 1824 1369 συ·

1925 1309 2111 1365 volatu
2159 1309 2287 1366 :sic
2344 1323 2444 1365 vos
2494 1317 2722 1380 repente
2773 1324 2964 1367 omnes
3010 1309 3082 1366 ab
3123 1310 3205 1365 ira
3252 1324 3373 1365 mea
3423 1310 3519 1365 dc-

231 1415 467 1486 στροφῆς
520 1413 748 1485 ἀνέμου.
782 1413 879 1467 καὶ
932 1413 1039 1484 μὴν
1085 1408 1179 1467 καὶ
1215 1411 1381 1483 ἀτμὶς
1429 1409 1656 1482 βραχεῖα
1690 1408 1827 1482 πρὸς

1945 1401 2238 1457 struemini.

227 1509 403 1578 ὀλίγον
441 1509 684 1577 φανεῖσα
722 1506 833 1560 ἀπὸ
862 1506 1116 1577 πτήσεως
1148 1504 1407 1575 ἀκρίδων,
1435 1501 1608 1566 οῦτως
1633 1500 1827 1573 ἁθρὸον

226 1599 667 1673 ἀφανισθήσεσθε
697 1598 901 1662 πάντες
937 1598 1042 1652 ὑπὸ
1069 1598 1169 1669 τῆς
1198 1597 1371 1669 ὀργῆς
1395 1596 1495 1666 τῆς
1523 1594 1684 1666 ἐμῆς.

291 1695 446 1765 Στίχ.
484 1693 644 1760 δ’-ς¹.
673 1721 749 1736 --
778 1711 797 1745 ι
839 1690 985 1760 Ἐγὼ
1009 1691 1068 1745 δὲ
1101 1689 1308 1760 Κύριος
1333 1690 1362 1742 ὁ
1397 1687 1532 1752 Θεός
1564 1704 1680 1751 σου,
1710 1703 1830 1739 στε-

227 1788 367 1862 ρεῶν
400 1785 640 1858 οὐρανὸν
672 1786 769 1840 καὶ
799 1783 1005 1850 κτίζων
1032 1783 1136 1854 γῆν
1155 1796 1171 1812 ·
1200 1777 1262 1836 οὗ
1300 1783 1356 1835 αἱ
1389 1782 1572 1851 χεῖρες
1609 1777 1832 1833 ἔκτισαν

224 1880 408 1943 πάσας
445 1878 552 1943 τάς
581 1876 849 1950 στρατιὰς
895 1874 991 1930 τοῦ
1014 1875 1245 1947 οὐρανοῦ
1271 1891 1285 1905 ·
1324 1873 1420 1928 καλ⁵
1449 1873 1511 1927 οὐ
1538 1869 1834 1944 παρέδειξα

226 1992 308 2029 σοι
336 1973 437 2027 τοῦ
468 1969 804 2044 πορεύεσθαί
831 1986 892 2022 σε
920 1967 1097 2022 ὀπίσω
1125 1965 1307 2021 αὐτῶν
1330 1982 1346 1997 σ
1375 1965 1472 2019 καὶ
1502 1962 1615 2034 ἐγὼ
1633 1963 1834 2035 ἀνήγα-

225 2067 319 2136 τόν
363 2082 427 2118 σε
480 2064 551 2117 ἐκ
596 2063 698 2134 τῆς
729 2059 1041 2131 Αἰγύπτου·
1073 2057 1170 2112 καὶ
1218 2055 1352 2112 Θεὸν
1388 2055 1529 2127 πλὴν
1586 2052 1721 2125 ἐμοῦ
1768 2053 1830 2107 οὐ

224 2155 413 2229 γνώσῃ
433 2172 446 2185 ’
495 2156 595 2209 καὶ
630 2153 821 2218 σώζων
850 2153 952 2207 οὐκ
982 2152 1096 2206 ἔστι
1127 2149 1305 2224 πάρεξ
1339 2147 1496 2222 ἐμοῦ.
1534 2167 1554 2202 ι
1582 2148 1833 2203 Μάλιστα

222 2250 279 2304 δέ
332 2266 419 2303 σοι
460 2248 565 2319 τὴν
616 2247 893 2321 τιμωρίαν
937 2244 1143 2299 ὲποίσω
1175 2243 1287 2314 (l3)
1313 2242 1415 2314 τὴν
1466 2240 1836 2313 προκειμένην

224 2341 476 2405 δικαίως,
513 2339 599 2393 ὅτι
638 2339 777 2411 πρὸς
801 2337 872 2392 τὰ
905 2335 1102 2391 εἴδωλα
1122 2333 1385 2398 νένευκας
1404 2330 1650 2394 ἀποστὰς
1674 2328 1835 2401 ἐμοῦ,

225 2436 281 2499 δς
315 2432 565 2504 ποιητὴς
612 2430 722 2485 τῶν
752 2429 1014 2485 ἀπάντων
1051 2427 1147 2491 ὢν,
1175 2426 1287 2481 τῶν
1334 2442 1394 2479 τε
1437 2423 1559 2478 κατ’
1609 2422 1838 2494 οὐρανὸν

228 2527 319 2581 καὶ
361 2525 479 2579 τῶν
511 2523 658 2579 κατά
701 2524 829 2595 γῆν,
865 2520 1102 2593 ὁπηνίκα
1133 2537 1193 2574 σε
1234 2517 1504 2591 ἐξήγαγον
1543 2515 1643 2587 τῆς
1673 2513 1841 2583 Αίγύ-

229 2634 391 2681 πτου,
419 2615 504 2688 τῷ
538 2615 737 2687 πλήθει
760 2614 956 2686 καὶτῷ
988 2613 1209 2686 μεγέθει
1240 2612 1348 2666 τῶν
1376 2608 1671 2682 θαυμάτων
1695 2606 1841 2661 ἐκεί-

227 2727 356 2774 νων,
398 2709 507 2780 τῆς
548 2725 608 2761 τε
645 2706 987 2779 κατεχούσης
1035 2706 1394 2761 ἀπαλλάττων
1426 2701 1693 2766 δουλείας,
1746 2699 1841 2753 καὶ

227 2803 325 2872 τὴν
353 2802 502 2873 ἐμὴν
550 2800 751 2854 εἰδέναι
794 2799 1066 2853 διδάσκων
1118 2796 1370 2869 δύναμιν,
1419 2791 1844 2865 παρενεγγύησα

230 2894 424 2964 σαφῶς
469 2895 652 2966 ἑτέρῳ
680 2893 782 2965 μὲν
821 2891 1010 2963 μηδενὶ
1061 2891 1137 2963 μὴ
1167 2888 1278 2944 τῶν
1315 2887 1457 2943 κατά
1493 2886 1620 2956 γῆν,
1645 2883 1721 2958 μὴ
1734 2882 1844 2939 τῶν

228 2987 349 3041 κατ’
382 2984 626 3058 οὐρανὸν
674 2984 978 3055 φωστήρων
1013 2982 1199 3054 νέμειν
1246 2981 1344 3053 τὴν
1386 2977 1523 3033 Θεοῦ
1567 2992 1845 3048 προσηγο-

227 3076 376 3149 ρίαν,
418 3075 531 3147 ἐμὲ
564 3073 625 3129 δὲ
656 3074 817 3146 μόνον
850 3072 1138 3145 ὁμολογεῖν
1166 3089 1226 3125 τε
1259 3071 1354 3125 καὶ
1381 3069 1580 3123 εἰδέναι
1607 3065 1760 3130 Θεὸν,
1786 3064 1845 3129 ὃς

230 3169 321 3221 καὶ
355 3166 584 3233 σώζειν,
610 3167 708 3221 καὶ
729 3164 1234 3237 ἀπαλλάττειντῶν
1264 3163 1631 3235 ἐπικειμένων
1658 3159 1845 3216 κακῶν

226 3258 473 3330 δύναμαι
516 3257 705 3329 μόνος,
739 3254 838 3311 an
872 3257 981 3311 τῶν
1012 3257 1268 3311 ἁπάντων
1316 3254 1516 3328 Κύριος
1546 3255 1841 3326 ὑπάρχων’

2005 1687 2172 1743 Vens.
2202 1685 2324 1743 4-6.
2357 1716 2428 1729 —
2461 1706 2479 1740 ι
2524 1686 2636 1761 Ego
2673 1697 2855 1744 autem
2905 1687 3168 1747 Dominus
3197 1687 3339 1748 Deus
3367 1676 3522 1750 tuus.

1933 1778 2026 1848 qui
2058 1777 2275 1855 ﬁrmavi
2299 1779 2522 1845 coelum,
2546 1788 2602 1836 et
2636 1790 2836 1837 terram
2864 1781 3108 1847 condidi,
3137 1783 3301 1853 cujus
3326 1799 3524 1838 manus

1935 1879 2265 1927 creaverunt
2323 1878 2544 1928 omnem
2606 1874 2856 1929 militiam
2906 1876 3066 1943 cmli;
3118 1877 3323 1948 quique
3382 1878 3527 1932 hanc.

1936 1964 2083 2041 haud
2117 1965 2214 2021 tibi
2249 1965 2465 2021 ostendi
2503 1973 2563 2020 ut
2614 1967 2928 2024 ambulares
2966 1978 3092 2039 post
3121 1984 3276 2034 eam;
3321 1985 3421 2041 ego
3452 1971 3528 2025 iu-
3618 2013 3633 2025 .

1936 2036 2101 2126 quam
2161 2055 2326 2112 eduxi
2388 2064 2441 2111 te
2501 2054 2770 2127 Egypto;
2812 2068 2867 2112 tu
2918 2036 3050 2113 vero
3095 2059 3304 2113 nullum
3356 2036 3524 2116 beum

1936 2156 2136 2219 praeter
2166 2161 2252 2202 me
2291 2146 2556 2215 habebis;
2604 2162 2781 2219 neque
2834 2150 2927 2220 qui
2979 2158 3032 2207 te
3060 2152 3255 2217 salvet,
3296 2163 3529 2225 excepto

1938 2256 2046 2297 me.
2082 2258 2103 2292 ι
2137 2239 2525 2310 Supradictam
2554 2241 2772 2312 quidem
2804 2243 3149 2314 potissimum
3181 2260 3398 2315 poenam
3433 2248 3528 2303 tibi

1939 2331 2138 2387 merito
2186 2328 2445 2398 inferam,
2487 2336 2617 2404 quia
2648 2333 2941 2390 declinasti
2990 2335 3056 2390 ad
3089 2335 3260 2402 idola,
3308 2336 3533 2394 deserto

1943 2439 2063 2491 me;
2095 2424 2188 2495 qui
2212 2439 2338 2480 cum
2368 2426 2472 2481 sim
2501 2433 2717 2481 creator
2737 2427 2983 2482 omnium
3014 2429 3255 2500 coelique
3272 2437 3327 2486 et
3349 2437 3531 2489 terrae.

1941 2530 2053 2586 quo
2085 2522 2336 2585 tempore
2365 2524 2417 2571 te
2453 2515 2691 2586 Egypto
2729 2517 2915 2581 eduxi,
2956 2525 3110 2574 tanta
3136 2534 3264 2573 cum
3301 2521 3535 2576 miracu-

1947 2609 2122 2663 lorum
2166 2594 2387 2663 illorum
2427 2608 2782 2664 multitudine
2823 2625 2887 2663 ac
2930 2611 3327 2681 magnitudine,
3361 2615 3537 2669 servi-

1945 2702 2079 2758 tutis
2105 2717 2365 2773 pressura
2401 2702 2719 2768 sublevans,
2752 2711 2806 2758 et
2836 2704 3093 2773 potentia:
3126 2721 3261 2762 meae
3283 2707 3534 2763 notitiam

1946 2804 1998 2850 te
2033 2793 2262 2860 docens,
2315 2804 2470 2859 tunc,
2503 2796 2750 2865 inquam,
2800 2797 2982 2866 palam
3022 2798 3278 2855 mandavi
3310 2800 3433 2866 tibi,
3477 2808 3538 2855 ut

1948 2885 2086 2941 nulli
2115 2885 2194 2943 rei
2238 2887 2489 2943 terrestri
2532 2888 2778 2959 nullique
2824 2888 3033 2944 caelesti
3068 2889 3328 2957 luminari
3360 2892 3541 2964 appel-

1946 2978 2208 3035 lationem
2253 2976 2348 3034 Dei
2396 2979 2690 3045 tribueres,
2746 2995 2943 3052 meque
2989 2982 3168 3039 solum
3196 2983 3540 3041 conﬁtereris

1948 3084 2013 3125 ac
2044 3069 2219 3126 scires
2259 3084 2384 3126 esse
2416 3068 2611 3135 Deum,
2659 3070 2751 3141 qui
2795 3080 2851 3126 et
2896 3073 3110 3129 salvare
3149 3081 3204 3129 et
3231 3075 3446 3146 eripere
3472 3091 3543 3130 ex

1952 3161 2291 3218 instantibus
2335 3161 2520 3226 malis,
2566 3171 2755 3233 utpote
2780 3164 3028 3218 omnium
3062 3163 3348 3230 Dominus,
3389 3168 3542 3223 solus

1951 3268 2115 3325 queo.
2147 3253 2517 3321 Quamobrem
2559 3270 2692 3311 cave
2739 3269 2809 3311 ne
2854 3257 3019 3312 veluti
3066 3272 3351 3315 sermones
3382 3276 3547 3331 quos.

225 3356 304 3425 (p.
323 3351 558 3435 94.)ίὼς
571 3350 641 3406 ἂν
659 3350 736 3422 μὴ
751 3349 946 3419 λόγους
962 3345 1101 3404 εἶναι
1117 3352 1213 3433 καὶ
1234 3351 1458 3423 ῥήματα
1478 3347 1706 3421 νομίζῃς
1720 3353 1839 3416 τοὺς

1952 3347 2080 3428 dam
2113 3360 2179 3402 ac
2216 3347 2379 3402 verba
2420 3346 2706 3405 existimes
2750 3365 2874 3405 esse
2924 3349 3071 3421 leges
3119 3366 3292 3414 meas,
3330 3354 3423 3409 sed
3455 3370 3547 3423 po-

222 3446 435 3516 νὸμους
461 3445 597 3508 τοὺς
622 3444 814 3515 ἐμοὺς,
845 3445 910 3497 ἐκ
937 3443 995 3496 δὲ
1018 3443 1121 3515 τῆς
1149 3442 1408 3516 ἀληθείας
1430 3443 1525 3498 καὶ
1549 3442 1656 3497 τῶν
1673 3461 1839 3517 πραγε

1957 3440 2067 3496 tius
2098 3455 2282 3496 rerum
2315 3441 2550 3497 veritate
2578 3448 2744 3498 recte
2776 3452 3086 3499 concretas.
3133 3462 3155 3497 ι
3195 3444 3308 3517 Ego
3338 3448 3461 3518 pavi
3492 3458 3548 3504 te

224 3538 426 3609 μάτων
454 3536 858 3608 συγκειμένους
879 3535 1125 3597 δικαίως.
1151 3553 1169 3586 ι
1207 3534 1357 3605 Ἐγὼ
1370 3535 1688 3608 ἐποίμαινόν
1714 3553 1775 3591 σε
1796 3538 1839 3591 ἐι

1957 3529 2013 3584 in
2040 3530 2284 3596 deserto,
2327 3530 2386 3586 in
2432 3539 2579 3588 terra
2620 3532 2988 3595 inhabitabili,
3021 3535 3179 3605 juxta
3215 3552 3420 3607 pascua
3447 3553 3547 3594 eo-

220 3633 289 3703 τῇ
313 3632 545 3703 ἐρήμῳ⁹
573 3629 635 3684 ἐν
684 3631 757 3701 γῇ
789 3612 1033 3701 ἀοικήτῳ
1060 3629 1203 3683 κατὰ
1236 3628 1335 3692 τὰς
1369 3629 1542 3700 νομὰς
1584 3629 1786 3684 αὐτῶν.
1829 3648 1839 3681 l

1957 3639 2102 3680 rum.
2146 3643 2165 3677 ι
2206 3622 2505 3695 Postquam
2564 3632 2618 3681 te
2662 3624 2903 3701 Egypto
2952 3627 3141 3695 eduxi,
3201 3628 3256 3685 in
3325 3632 3547 3688 deserto

234 3722 574 3794 Ἐξαγαγὼν
604 3723 666 3778 δέ
700 3740 762 3777 σε
787 3723 888 3795 τῆς
908 3722 1208 3792 Αἰγύπτου,
1236 3723 1332 3777 καὶ
1362 3722 1505 3777 κατά
1524 3722 1624 3793 τὴν
1647 3721 1839 3797 ἔρημο)

1956 3730 2179 3787 quoque
2208 3716 2556 3788 providentia
2589 3731 2711 3773 mea
2744 3725 2798 3773 te
2828 3734 2950 3773 sum
2980 3722 3299 3783 comitatus.
3318 3723 3372 3778 in
3398 3732 3548 3781 terra

220 3821 291 3889 τῇ
310 3815 571 3890 ἐμαυτοῦ
593 3814 896 3890 κηδεμονίᾳ
914 3815 1178 3885 διήγαγον
1195 3815 1254 3868 ἐν
1281 3814 1523 3886 ἀοικήτῳ
1539 3817 1609 3886 γῇ
1636 3832 1649 3845 '
1678 3816 1772 3870 καὶ
1796 3817 1839 3868 ἐκ

1958 3811 2364 3869 habitatoribus
2418 3824 2621 3879 cassa;
2673 3810 2764 3865 ubi
2813 3825 2940 3865 cum
2992 3812 3133 3868 nihil
3189 3813 3339 3869 aliud
3402 3826 3551 3874 esset

221 3902 260 3982 ᾖ
291 3908 358 3979 δὴ
404 3908 582 3979 νομαί¹
634 3906 845 3979 θηρίων
888 3923 951 3960 τε
995 3901 1139 3978 ἦσαν
1183 3906 1279 3961 καὶ
1317 3906 1588 3979 ἑρπετῶν,
1639 3907 1839 3972 οὐδενὸς

1956 3912 2156 3976 praeter
2201 3904 2445 3961 ferarum
2500 3911 2552 3959 et
2605 3904 2948 3974 serpentium
2994 3920 3219 3975 pascua,
3273 3907 3410 3963 nihil
3448 3909 3549 3964 tibi

220 4000 615 4074 ὑστερηθῆναι
666 3999 779 4054 τῶν
820 4000 1140 4070 ἀναγκαίων
1185 4001 1372 4065 ἐάσας.
1411 4019 1430 4052 ι
1476 4000 1589 4055 Καὶ
1621 4000 1839 4069 ἐνεπλή-

1956 3998 2335 4054 necessarium
2362 3997 2557 4053 deesse
2580 3996 2707 4054 sivi.
2739 4016 2758 4050 ι
2784 3993 2851 4051 Et
2881 3999 3112 4053 saturati
3148 4000 3368 4057 abund’e
3398 4013 3546 4068 sum,

222 4091 448 4162 σθησαν
481 4093 568 4156 εἰς
603 4089 948 4163 πλησμονὴν,
974 4090 1069 4145 καὶ
1093 4088 1391 4161 ὑψώθησαν
1423 4090 1483 4143 αἱ
1511 4090 1728 4162 καρδίαι
1757 4090 1839 4144 αὑ-

1955 4096 2011 4144 et
2062 4089 2273 4144 elevata
2315 4096 2446 4144 sunt
2501 4087 2668 4143 corda
2716 4103 2932 4154 eorum,
2983 4090 3215 4160 ideoque
3263 4092 3368 4148 mei
3421 4104 3553 4149 sunt

218 4186 365 4240 τῶν·
407 4185 611 4240 ἕνεκεν
653 4182 850 4237 τούτου
889 4182 1220 4238 ἑπελάθοντό
1250 4201 1372 4254 μου.
1409 4202 1428 4236 ι
1466 4177 1600 4238 Εἶτα
1644 4183 1839 4256 είσελη-

1956 4185 2138 4241 obliti.
2196 4203 2215 4237 ι
2271 4183 2405 4242 Post
2464 4184 2583 4240 haec
2641 4185 2973 4256 promissam
3030 4195 3230 4241 terram
3290 4188 3547 4261 ingressi,

213 4278 463 4341 λυθέτες
493 4279 580 4342 είς
633 4274 734 4348 τὴν
759 4275 865 4347 γῆν
914 4275 1011 4347 τῆς
1050 4275 1407 4345 ἐπαγγελίας,
1447 4277 1544 4331 καὶ
1583 4275 1839 4332 τοσούτωι

1955 4280 2236 4349 tantisque
2265 4287 2467 4351 praeter
2501 4279 2804 4350 quamlibet
2835 4278 3131 4334 humanam
3168 4296 3344 4352 spem,
3388 4282 3552 4339 bonis

214 4372 386 4443 παρά
421 4371 618 4425 πᾶσαν
644 4368 1005 4447 ἀνθρωπίνην
1032 4368 1226 4424 ἐλπίδα
1250 4368 1686 4435 ἀπολελαυκότες
1712 4371 1839 4441 ἀγα-

1958 4373 2228 4437 fruentes,
2284 4379 2340 4425 et
2391 4385 2652 4442 magnum
2701 4385 2814 4441 prae
2845 4370 3059 4426 caloris
3111 4372 3305 4427 mundi
3352 4373 3552 4430 incolis

216 4464 361 4537 θῶν,
400 4461 644 4535 μεγάλοι
668 4477 730 4514 τε
754 4459 909 4533 παρὰ
931 4460 1066 4515 πᾶσι
1092 4462 1206 4525 τοίς
1233 4458 1377 4515 κατὰ
1399 4459 1499 4532 τὴν
1527 4460 1839 4533 οίκουμένηη

1963 4481 2164 4523 nomen
2194 4465 2398 4536 adepti,
2427 4472 2655 4535 propter
2685 4478 2809 4519 mea
2856 4463 3003 4519 circa
3050 4465 3201 4534 ipsos
3244 4480 3432 4536 opera,
3463 4478 3552 4520 at-

215 4556 548 4628 δειχθέντες
590 4553 932 4624 ἀνθρώποις,
966 4553 1056 4609 διά
1082 4553 1192 4608 τῶν
1235 4552 1368 4625 περὶ
1390 4552 1593 4618 αὐτοὺς
1616 4552 1676 4620 ἐξ
1718 4552 1853 4624 ἐμοῦ

216 4648 573 4718 γεγονότων,
605 4646 793 4702 οὐκέτι
826 4649 1051 4720 μνήμην
1090 4641 1236 4718 εἶχον
1266 4643 1403 4717 ἐμοῦ
1434 4644 1528 4699 τοῦ
1561 4645 1839 4709 δεδωκότος

1958 4652 2228 4707 bonorum
2260 4648 2477 4721 copiam
2510 4648 2876 4705 contuleram.

214 4740 420 4806 αὐτοῖς
449 4740 565 4794 τῶν
594 4738 871 4794 τοσούτων
905 4737 1125 4809 ἀγαθῶν
1150 4737 1250 4810 τὴν
1279 4736 1567 4808 ἀφθονίαν.

2030 4742 2198 4800 Vens.
2242 4742 2362 4798 6-9.
2423 4770 2492 4781 -
2549 4740 2659 4813 62
2704 4757 2722 4791 ι
2764 4738 2983 4810 Eroque
3017 4740 3124 4799 illis
3161 4750 3220 4798 ut
3260 4744 3550 4814 panthera,

296 4834 461 4906 Στίχ.
489 4830 649 4899 ς’-θ’.
683 4861 754 4874 -
782 4850 802 4884 ι
840 4829 947 4887 Καὶ
974 4831 1170 4903 ἔσομαι
1195 4833 1378 4898 αὐτοῖς
1407 4832 1484 4897 ὡς
1513 4831 1733 4905 πάνθηρ
1760 4831 1839 4886 κα¹

1958 4848 2011 4893 et
2056 4838 2201 4894 sicut
2250 4832 2458 4906 pardus
2508 4834 2563 4888 in
2603 4834 2692 4887 via
2749 4833 3129 4904 Assyriorum.
3183 4854 3202 4888 ι
3257 4836 3553 4910 Propterea

214 4930 303 4994 ὡς
334 4928 623 5001 πάρδαλις
662 4926 811 4982 κατά
842 4926 940 5000 τὴν
972 4925 1092 4981 ὁδὸν
1136 4927 1459 5000 Ἀσσυρίων.
1494 4945 1514 4979 ι
1550 4924 1839 4998 Τοιγαροῦη

1958 4932 2239 5003 pantherae
2286 4943 2437 4984 more
2493 4928 2780 4999 pardique,
2824 4931 3088 4986 velociter
3132 4931 3426 4993 admodum
3457 4949 3554 4992 eos

220 5022 387 5096 δίκην
426 5020 720 5095 πάνθηρας
750 5020 952 5084 αὐτοὺς
974 5019 1070 5074 καὶ
1105 5019 1446 5094 παρδάλεωῦ
1480 5018 1619 5092 μετὰ
1649 5018 1839 5090 πολλῆς

1959 5032 2243 5107 conteram
2290 5021 2648 5094 perdamque,
2699 5030 2936 5077 cunctus
2966 5023 3222 5080 videlicet
3272 5026 3327 5082 in
3375 5028 3551 5099 Assy-

221 5114 328 5187 τῆς
371 5113 655 5187 ὀξύτητος
715 5110 1019 5186 συντρίϐων
1057 5128 1117 5165 τε
1159 5109 1263 5165 ρκαλ
1314 5110 1572 5175 ἀπολλὺς,
1611 5110 1716 5165 ὑπὸ
1752 5110 1839 5181 sip

1959 5118 2169 5173 riorum
2203 5115 2432 5170 trahens
2466 5113 2863 5184 captivitatem.
2896 5133 2914 5166 ι
2956 5113 3257 5171 Occurrant
3286 5119 3366 5173 eis
3395 5120 3556 5189 quasi

218 5207 337 5261 τῶν
369 5204 696 5273 Ἀσσυρίων
722 5200 1097 5277 αἰχμαλωσίαν
1125 5201 1307 5257 ἐλάσω
1329 5202 1557 5267 πάντας.
1590 5221 1609 5255 ι
1654 5201 1839 5256 Ἀπαν-

1962 5225 2090 5266 urSa
2121 5209 2385 5266 destituta
2417 5208 2639 5264 catulis.
2674 5226 2692 5260 ι
2738 5206 2891 5264 Ursae
2917 5224 3094 5275 more,
3122 5210 3210 5265 cui
3237 5209 3320 5265 sui
3353 5211 3557 5267 sublati

208 5304 476 5374 τήσομαι
505 5300 701 5362 αὐτοῖς
724 5296 801 5362 ὡς
822 5296 994 5370 ἄρκος
1019 5295 1398 5369 ἀπορουμένη.
1436 5295 1514 5367 (p.
1543 5294 1662 5364 95.)
1696 5314 1714 5349 ι
1743 5294 1839 5373 Ka‘

1964 5304 2078 5360 sint
2110 5300 2300 5367 catuli,
2347 5308 2403 5355 et
2440 5299 2511 5355 ob
2558 5315 2727 5371 grave
2772 5299 2993 5356 illorum
3033 5300 3368 5358 desiderium
3394 5311 3561 5373 quot-

208 5394 387 5467 δξην
434 5393 617 5466 ἄρκου
646 5390 760 5446 τῶν
802 5389 1162 5462 γεννημάτων
1212 5388 1576 5462 στερηθείσης
1616 5387 1724 5443 τῶν
1774 5391 1839 5442 οί-

1964 5404 2100 5467 quot
2121 5393 2470 5450 occurrerint
2495 5392 2883 5463 discerpentis,
2908 5408 3010 5463 ego
3048 5408 3267 5464 quoque
3301 5410 3556 5468 magnam

1965 5502 2157 5544 eorum
2206 5486 2542 5542 occisionem
2594 5482 2810 5540 faciam.
2862 5502 2881 5538 ι
2936 5483 3003 5538 Et
3048 5485 3390 5557 disrumpam
3427 5503 3560 5543 con-

1965 5578 2270 5634 clusionem
2314 5576 2501 5633 cordis
2543 5590 2759 5631 eorum.
2799 5594 2817 5627 ι
2854 5573 2921 5630 Et
2949 5589 3141 5631 eorum
3178 5591 3372 5634 omnes
3395 5579 3563 5651 cogi-

1967 5672 2248 5737 tationes,
2318 5686 2458 5743 quas
2526 5670 2672 5724 intra
2738 5684 2799 5726 se
2869 5669 3253 5741 continentes,
3312 5674 3562 5731 Studiose

1968 5761 2263 5818 admodum
2317 5761 2643 5833 peccabant,
2698 5775 3072 5832 supervacuas
3123 5777 3189 5819 ac
3243 5780 3409 5824 vanas
3466 5782 3564 5839 per

1970 5851 2233 5910 inﬂictam
2279 5868 2498 5925 pceuam
2551 5867 2870 5925 coarguam.
2916 5872 2934 5906 ι
2983 5853 3047 5911 Et
3086 5854 3429 5914 devorabunt
3466 5873 3564 5915 eos

1958 4568 2143 4615 tamen
2174 4557 2281 4613 mei
2325 4570 2598 4612 memores
2649 4552 2759 4611 no'n
2790 4554 3032 4623 fuerunt,
3072 4557 3166 4628 qui
3213 4565 3425 4613 tantam
3484 4560 3552 4615 iis

209 5485 420 5549 κείων,
455 5484 557 5537 καὶ
602 5482 700 5535 ἐπὶ
729 5480 931 5553 πολλῆς
961 5480 1062 5553 τῆς
1094 5478 1182 5533 ἐπ’
1214 5478 1445 5543 ἐκείνοις
1472 5477 1714 5549 ἀπορίας
1743 5480 1856 5543 τοῖς

208 5576 523 5631 ἀπαντῶσι
550 5576 987 5646 λυμαινομένης,
1016 5570 1285 5626 πλείστων
1310 5571 1452 5625 ὅσων
1481 5569 1665 5633 αὐτῶν
1694 5572 1857 5643 ἐργά-

214 5685 400 5740 σομαι
434 5668 532 5721 τὸν
561 5666 749 5738 φόνον.
782 5685 803 5718 ι
839 5664 951 5720 Καὶ
982 5663 1261 5737 διαρῤήξω
1297 5661 1669 5735 συγκλεισμὸν
1716 5680 1856 5737 καρ-

217 5759 350 5825 δίας
389 5759 602 5815 αὐτῶν.
643 5779 662 5812 ι
702 5759 816 5814 Καὶ
853 5758 1066 5823 πάντας
1099 5757 1155 5812 δὲ
1180 5757 1309 5822 τοὺς
1346 5756 1732 5829 διαλογισμοὺς
1760 5757 1858 5812 αὑ-

218 5851 347 5908 τῶν
382 5852 482 5919 οὓς
518 5854 655 5923 παρ’
686 5852 904 5915 ἑαυτοῖς
937 5850 1274 5921 συνέχοντες,
1311 5848 1451 5921 μετὰ
1501 5849 1704 5921 πολλῆς
1729 5848 1858 5920 ἠσέ-

301 6018 423 6092 (l5)
456 6016 606 6073 Cod.
636 6015 871 6073 ἐποίσει.

580 6134 862 6197 Panos.
909 6134 1031 6199 Gn.
1068 6136 1300 6198 LXVI.
3016 6125 3025 6134 ’
3201 6126 3238 6190 7
