4102 6528
537 578 643 636 203

1741 582 2091 641 THEODORI
2142 583 2625 643 MOPSUESTEM

3698 583 3885 645 20!.

547 703 621 760 ibi
648 701 814 758 catuli
868 701 1039 771 silvae,
1093 710 1149 758 et
1197 701 1389 759 bestia:
1433 703 1548 775 agri
1596 702 1912 775 discerpent
1941 719 2055 760 eos.
2096 722 2115 758 ι

2225 704 2352 758 ϐουν
2383 705 2482 777 τῆς
2508 702 2845 775 ἐπιμελείας,
2885 701 3179 775 περιττοὺς
3210 703 3368 768 ὄντας
3407 706 3503 760 καὶ
3538 708 3798 778 ματαίους,

545 792 637 849 Sic
665 808 761 851 eos
797 794 967 851 variis
1022 794 1265 852 caedibus
1316 802 1646 851 consument
1694 794 1920 863 hostes;
1952 796 2121 851 veluti

543 886 731 945 leones
760 887 829 944 de
867 888 1031 951 saltu.
1081 896 1176 943 aut
1231 888 1352 943 alia:
1403 886 1892 957 hujusmodiferae,
1943 886 2127 944 subito

543 979 818 1037 irruentes
852 980 1112 1040 dentibus
1147 997 1341 1037 omnes
1371 981 1691 1037 lacerarent.
1725 1000 1742 1033 ι
1773 979 2125 1051 Corruptioni

542 1079 669 1137 tua},
726 1071 915 1137 Israel,
969 1074 1093 1144 quis
1158 1072 1546 1128 auxiliabitur?
1602 1090 1618 1126 ι
1673 1069 1865 1127 Tantis
1917 1070 2127 1129 fractus

2232 793 2323 848 διὰ
2355 794 2455 865 τῆς
2484 794 2832 865 ὲπαγομένης
2873 793 3055 857 αὐτοῖς
3085 792 3289 863 ἐλέγξω
3328 796 3616 869 τιμωρίας.
3648 818 3665 850 ι
3703 800 3801 854 Καὶ

2234 886 2499 957 φάγονται
2548 887 2745 950 αὐτοὺς
2793 886 2909 940 ὲκεῖ
2951 885 3180 957 σκύμνοι
3231 886 3463 960 δρυμοῦ,
3519 890 3612 944 καὶ
3653 889 3803 963 θηρία

2233 978 2407 1052 ἀγροῦ
2445 976 2733 1033 διασπάσει
2763 976 2980 1041 αὐτούς.
3021 995 3039 1028 ι
3075 976 3231 1031 Ούτω
3262 977 3370 1050 γὰρ
3399 978 3595 1044 αὐτοὺς
3626 983 3688 1052 τῇ
3713 981 3802 1051 τῆς

2235 1071 2452 1142 σφαγῆς
2473 1070 2720 1142 ποικιλίᾳ
2747 1061 3222 1125 καταναλώσουσιν
3243 1070 3292 1123 oi
3325 1070 3592 1143 πολέμιοι,
3617 1072 3804 1127 ὡσανεὶ

541 1166 899 1238 perditusque
926 1165 1103 1229 malis,
1129 1164 1406 1238 quodnam
1440 1162 1706 1220 auxilium
1732 1163 1978 1220 invenies
1996 1164 2022 1218 ?

2234 1161 2446 1226 λέοντές
2488 1178 2631 1225 τινες
2663 1162 2727 1215 ὲκ
2775 1158 3006 1231 δρυμοῦ,
3038 1160 3073 1231 ἦ
3110 1176 3232 1213 τινα
3274 1158 3438 1231 ἕτερα
3468 1160 3804 1233 παραπλήσια

538 1256 750 1323 τούτοις
777 1257 960 1331 θηρία,
989 1258 1161 1330 ἀθρόα
1193 1259 1304 1322 τοῖς
1331 1254 1540 1311 ὀδοῦσιν
1568 1255 1897 1311 ἐπιπεσόντα
1917 1253 2265 1309 διασπάσειεν
2291 1252 2558 1319 ἅπαντας.
2596 1272 2615 1305 ι
2642 1253 2722 1324 Τῇ
2749 1251 3018 1323 διαφθορᾷ
3042 1268 3159 1315 σου,
3176 1251 3412 1324 Ἰσραὴλ,
3443 1253 3525 1316 τίς
3561 1253 3807 1327 βοηθήσει

541 1364 652 1418 σοι;
686 1368 706 1402 ι
738 1347 900 1404 Ἀλλά
930 1348 1040 1421 γὰρ
1078 1348 1184 1403 ὑπὸ
1212 1347 1481 1403 τοσούτων
1513 1344 1956 1419 διαφθειρόμενᾱ
1989 1364 2049 1401 τε
2079 1347 2183 1430 καὶ.
2206 1338 2575 1417 ἀπολλύμενος
2605 1343 2815 1411 κακῶν,
2845 1344 2966 1399 τίνα
2999 1341 3066 1398 ἂν
3095 1342 3274 1415 εῦροις
3301 1342 3554 1416 βοήθειαν
3578 1364 3596 1417 ;

608 1487 778 1544 Vens.
814 1485 1009 1543 10-“.
1039 1517 1108 1526 -—
1143 1503 1160 1539 t
1198 1486 1301 1543 Ubi
1329 1485 1417 1541 hic
1443 1501 1536 1543 rex
1569 1487 1739 1544 tuus?
1763 1485 1921 1542 Nunc
1949 1486 2115 1542 salve!

2300 1483 2450 1554 Στίχ.
2502 1490 2556 1550 ι’,
2584 1490 2672 1539 ια’.
2700 1512 2771 1525 —-
2806 1502 2826 1536 ι
2865 1483 2974 1538 Ποῦ
3005 1485 3034 1538 δ
3064 1483 3317 1556 βασιλεύς
3366 1500 3459 1538 σου
3505 1476 3685 1554 οὗτοςς
3719 1487 3807 1542 καὶ

537 1595 591 1640 te
633 1584 688 1638 in
743 1580 1001 1638 omnibus
1056 1578 1285 1634 urbibus
1330 1578 1459 1634 tuis.
1503 1577 1677 1634 Judex
1723 1587 1844 1636 esto
1876 1587 2025 1641 tuus,
2056 1577 2115 1634 de

2226 1576 2548 1631 διασωσάτω
2578 1592 2635 1630 σε
2678 1577 2739 1630 ὲν
2767 1576 2971 1642 πάσαις
3011 1579 3133 1642 ταῖς
3165 1576 3353 1631 πόλεσί
3401 1593 3497 1632 σου
3517 1595 3531 1609 ·
3560 1579 3657 1632 καὶ
3696 1597 3807 1651 κρι-

540 1690 648 1745 quo
677 1672 865 1730 dixisti
902 1692 915 1728 :
951 1670 1029 1726 Da
1060 1671 1193 1726 mihi
1217 1686 1398 1742 regem
1430 1682 1483 1726 et
1505 1672 1810 1743 principem
1845 1690 1858 1724 :
1885 1671 2115 1743 dedique

2226 1668 2370 1722 νάτω
2402 1685 2485 1734 σε,
2515 1668 2574 1723 ὃν
2604 1663 2786 1735 εἶπας,
2817 1669 2917 1732 Δός
2948 1685 3036 1740 μοι
3064 1667 3285 1739 βασιλέα
3315 1670 3411 1723 καὶ
3435 1670 3692 1742 ἄρχοντα,
3720 1672 3809 1726 καὶ

537 1767 637 1822 tibi
666 1781 849 1837 regem
890 1764 945 1820 in
987 1764 1070 1818 ira
1102 1778 1245 1819 mea.
1290 1782 1309 1817 ι
1346 1762 1533 1835 Neque
1573 1764 1720 1820 enim
1751 1779 1817 1820 ex
1844 1764 1997 1835 regio
2028 1770 2115 1819 aut

2226 1759 2403 1815 ἔδωκά
2427 1778 2509 1816 σοι
2534 1760 2759 1832 βασιλέα
2784 1763 2843 1815 ὲν
2873 1762 3010 1833 ὀργῇ
3042 1777 3164 1831 μου.
3197 1778 3216 1812 ι
3253 1760 3391 1814 Οὐδὲ
3427 1761 3537 1832 γὰρ
3559 1762 3628 1815 ὲκ
3666 1762 3808 1832 βασι-

536 1857 762 1913 militari
784 1855 1048 1927 regimine
1072 1855 1367 1924 quidquam
1391 1854 1696 1911 lucraberis
1725 1872 1738 1909 :
1778 1855 1885 1911 erit
1916 1857 2115 1926 quippe

2224 1853 2382 1926 λικῆς
2432 1854 2747 1926 ἐπιμελείας
2788 1855 2821 1925 ἢ
2856 1855 3190 1927 στρατηγίας
3234 1856 3450 1909 ἀποίσει
3482 1874 3538 1909 τι
3584 1858 3806 1929 κέρδος’

535 1958 591 2003 et
623 1950 726 2004 hoc
756 1948 1054 2003 invalidum
1092 1946 1160 2001 ad
1188 1945 1587 2013 defensionem,
1638 1953 1977 2018 repugnante
2008 1960 2115 2001 me.

2224 1945 2375 2000 ἐσται
2405 1946 2515 2016 γὰρ
2554 1946 2654 2000 καὶ
2685 1940 2839 2009 οὗτος
2870 1945 3057 2010 ἀτονος
3099 1947 3180 2009 εἰς
3212 1945 3485 2018 βοήθειαν,
3518 1948 3810 2020 ἀντιπράτ-

535 2039 670 2095 Nam
722 2055 847 2095 cum
900 2038 1034 2094 mihi
1086 2038 1385 2110 placuisset
1443 2037 1576 2093 dare
1622 2039 1782 2093 vobis
1833 2036 2115 2107 pmsidem

2224 2054 2412 2101 τοντος
2445 2036 2579 2109 ἐμοῦ
2604 2051 2620 2068 ⁶
2668 2036 2848 2091 καίτοι
2886 2055 2949 2107 γε
2982 2036 3150 2109 [κατά
3181 2038 3242 2091 τὸ
3286 2037 3418 2111 γὰρ]
3452 2040 3577 2109 ἐμοὶ
3624 2040 3815 2093 δοκοῦν

537 2132 869 2200 Samuclem,
923 2131 1101 2187 virum
1134 2130 1346 2201 justum
1390 2137 1445 2185 et
1480 2130 1629 2185 omni
1672 2130 1876 2184 virtute
1920 2129 2115 2202 ιιι-κάξ

2224 2128 2525 2200 ἡγούμενόν
2559 2144 2652 2182 σου
2682 2127 2773 2181 τὸν
2807 2128 3061 2200 Σαμουὴλ
3092 2128 3260 2200 ἄνδρα
3287 2128 3514 2195 δίκαιον,
3544 2132 3643 2185 καί
3677 2132 3814 2201 μετά

534 2228 673 2291 tum,
705 2224 799 2296 qui
822 2222 1198 2280 sacerdotium
1246 2221 1411 2277 simul
1436 2228 1493 2278 et
1532 2221 1901 2293 principatum
1936 2219 2115 2291 populi

2222 2220 2405 2291 πάσης
2435 2221 2637 2295 ἀρετῆς
2661 2224 2762 2293 τήν
2800 2240 2860 2277 τε
2903 2224 3204 2295 ἱερωσύνην
3237 2226 3331 2279 καὶ
3356 2226 3454 2297 τὴν
3484 2224 3815 2298 ἡγεμονείαν

536 2315 972 2381 administraret,
995 2328 1095 2369 vos
1124 2327 1251 2368 eum
1292 2311 1522 2367 omnino
1567 2312 1935 2382 deposuistis;
1967 2325 2121 2382 tuque

535 2421 601 2462 ac
629 2405 872 2476 reliquas
911 2411 1123 2476 gentes,
1159 2412 1412 2474 oportere
1456 2417 1554 2459 vos
1585 2403 1787 2459 habere
1820 2418 1999 2475 regem
2037 2402 2121 2457 di-

534 2496 862 2578 centes,qui
894 2496 1054 2552 vobis
1084 2497 1206 2572 usui
1244 2502 1391 2552 esset
1418 2495 1487 2550 ad
1520 2496 1661 2551 bella
1699 2503 1893 2551 contra
1927 2494 2120 2550 alieni-

533 2604 724 2661 genas.
750 2588 914 2660 Atqui
961 2594 1181 2658 tempus
1224 2588 1403 2650 adest,
1435 2601 1545 2658 quo
1597 2585 2117 2642 inconsiderantiam

532 2687 771 2735 vestram
818 2678 1132 2750 agnoscetis
1188 2697 1201 2733 :
1254 2678 1393 2734 nihil
1440 2679 1588 2734 enim
1628 2678 1786 2734 vobis
1817 2678 2119 2747 proderunt

532 2771 588 2827 bi
631 2771 728 2843 qui
776 2783 1009 2843 regnare
1055 2769 1203 2842 apud
1252 2785 1350 2827 vos
1398 2769 1674 2835 videntur,
1723 2767 1995 2839 siquidem
2027 2782 2120 2825 ve-

532 2873 659 2918 strm
700 2874 895 2917 omnes
942 2861 1110 2917 urbes
1143 2874 1265 2921 una,
1297 2860 1600 2932 eademque
1629 2859 1787 2914 ruina
1834 2865 2115 2914 corruerit.

460 2995 463 2998 μ
531 2952 704 3011 Nemo
769 2954 938 3025 igitur
1000 2953 1098 3009 tibi
1154 2951 1323 3021 judex
1383 2953 1509 3016 erit,
1578 2952 1738 3023 quasi
1786 2951 2116 3008 immeritam

529 3031 655 3119 δέ
722 3044 792 3101 ab
858 3043 1100 3100 inimicis
1155 3043 1561 3115 aggressionem
1625 3043 1888 3114 patiaris;
1941 3057 2118 3114 neque

532 3135 706 3189 ullum
792 3132 850 3189 in
938 3132 1042 3188 hoc
1136 3147 1320 3189 rerum
1398 3140 1543 3188 statu
1636 3133 1901 3195 auxilium
1972 3148 2117 3204 prae-

2220 2312 2473 2369 διέποντα
2500 2314 2595 2367 τοῦ
2620 2314 2774 2379 λαοῦ,
2806 2316 3236 2389 παρεγράψασθε
3258 2319 3556 2386 παντελῶς,
3589 2322 3670 2391 (p.
3700 2322 3768 2377 96
3801 2331 3814 2375 ἰ

2220 2404 2619 2479 παραπλησίως
2644 2410 2757 2472 τοῖς
2792 2408 3000 2473 λοιποῖς
3032 2409 3211 2465 ἔθνεσι
3239 2410 3510 2485 φήσαντες
3529 2414 3646 2469 δεῖν
3673 2415 3819 2487 ἔχειν

2222 2491 2464 2561 βασιλέα,
2502 2494 2561 2558 ὃς
2592 2495 2815 2566 ἀρκέσει
2852 2497 2995 2570 πρὸς
3014 2499 3142 2564 τοὺς
3174 2500 3313 2576 ὑπὲρ
3349 2502 3505 2572 ὑμῶν
3536 2504 3817 2575 πολέμους

2218 2586 2331 2647 τοῖς
2374 2585 2675 2658 ἀλλοτρίοις
2697 2603 2711 2619 ο
2762 2588 2899 2642 ἀλλά
2934 2590 3062 2663 ’γὰρ
3095 2592 3221 2663 ἥκει
3276 2593 3487 2665 καιρὸς,
3523 2597 3587 2649 ὲν
3640 2589 3690 2665 ᾧ
3716 2596 3820 2665 τῆς

2219 2676 2473 2743 ἀϐουλίας
2516 2680 2841 2754 αἰσθήσεσθε
2880 2682 3208 2754 τῆς-οἰκείας
3234 2700 3248 2716 ·
3276 2685 3337 2737 οὐ
3377 2686 3488 2757 γάρ
3515 2702 3570 2739 τι
3619 2687 3820 2759 δφελος

2219 2768 2547 2840 παρέξουσιν
2579 2771 2707 2842 ὑμῖν
2735 2773 2786 2825 οἰ
2813 2771 3121 2842 βασιλεύειν
3146 2777 3204 2830 ὲν
3225 2776 3354 2848 ύμῖν
3377 2777 3693 2845 δοκοῦντες,
3725 2780 3825 2835 ἅτε

2219 2861 2404 2915 πασῶν
2437 2861 2546 2914 τῶν
2579 2863 2638 2915 ὲν
2672 2863 2802 2934 ὑμῖν
2844 2865 3051 2920 πόλεων
3079 2865 3186 2920 ὑπὸ
3229 2868 3359 2938 μίαν
3388 2868 3676 2925 ἀπώλειαν
3723 2889 3825 2925 πε-

2219 2951 2498 3021 σουμένων
2520 2966 2534 2981 ’
2560 2953 2622 3007 οὐ
2653 2954 2830 3009 τοίνυν
2876 2956 2996 3011 οὐδέ
3041 2973 3126 3022 τις
3150 2958 3330 3013 αὐτῶν
3357 2964 3536 3032 κρινεῖ
3582 2978 3697 3031 σοι,
3740 2964 3827 3028 ὼς

2219 3044 2452 3113 ματαίαν
2508 3043 2665 3117 παρά
2690 3044 2802 3102 τῶν
2842 3047 3120 3120 πολεμίων
3169 3051 3540 3108 ἐπανάστασιν
3600 3056 3828 3128 ὑπομέ-

2215 3151 2382 3200 νοντι,
2410 3136 2503 3190 καί
2534 3154 2655 3192 τινα
2678 3138 2902 3210 παρέξει
2930 3139 3183 3212 βοήθειαν
3214 3144 3308 3197 ἐπὶ
3338 3145 3598 3209 τούτους·
3626 3149 3831 3220 ἐπειδὴ

530 3226 683 3283 behit
711 3266 728 3293 ,
779 3239 1097 3298 quanquam
1186 3225 1292 3280 hoc
1376 3225 1659 3296 potissime
1727 3240 1913 3298 regum
1986 3242 2114 3299 erga

2220 3224 2371 3279 τοῦτο
2398 3227 2532 3297 πρὸς
2561 3228 2687 3292 τοὺς
2710 3229 2942 3294 οἰκείους
2977 3231 3092 3296 τοῖς
3125 3230 3435 3302 βασιλεῦσιν
3467 3234 3594 3301 ἔθος
3645 3242 3833 3294 ποιεῖν

532 3333 672 3376 suos
720 3316 956 3374 cilicium
1021 3324 1139 3383 est,
1200 3324 1261 3372 ut
1318 3317 1550 3388 injurias
1595 3331 1784 3374 eorum
1842 3319 2115 3375 ulciscan-

2215 3320 2295 3383 εἰς
2328 3318 2423 3390 τὴν
2457 3319 2566 3373 τῶν
2616 3321 2987 3394 ἀδικουμένων
3040 3323 3327 3394 βοήθειαν’
3367 3326 3628 3399 πολέμιοι
3663 3330 3726 3384 δὲ
3779 3335 3835 3385 οἱ

531 3419 625 3466 tur
665 3429 680 3467 :
728 3422 875 3465 nunc
932 3423 1060 3465 vero
1114 3408 1300 3464 hostes
1349 3407 1547 3463 mirum
1582 3415 1851 3479 quantum
1890 3410 2109 3480 regibus

2220 3409 2313 3463 νῦν
2346 3410 2595 3465 πλεῖστον
2624 3413 2747 3467 ὅσον
2788 3414 2895 3468 τῶν
2940 3414 3329 3486 βασιλευόντων
3375 3420 3436 3473 ὲν
3483 3421 3623 3491 ὑμῖν
3668 3423 3836 3487 ὄντες

531 3502 730 3559 vestris
768 3499 1109 3573 potentiores
1157 3506 1305 3556 sunt.
1361 3498 1469 3555 Sed
1509 3509 1689 3555 tamen
1713 3515 1837 3556 cum
1878 3501 2114 3571 petistis,

533 3600 797 3666 tanquam
831 3592 1038 3663 aliquid
1069 3590 1200 3648 boni
1256 3590 1555 3662 accepturi,
1585 3591 1734 3662 regis
1763 3591 2108 3662 dignitatem,

532 3685 828 3757 indignans
874 3698 977 3755 ego
1021 3682 1150 3739 licet
1184 3689 1378 3738 vestrae
1415 3682 1716 3737 voluntatis
1745 3680 2109 3753 improbitati,

2216 3501 2577 3575 δυνατώτεροι
2598 3521 2612 3535 ·
2644 3506 2879 3578 ὁπηνίκα
2907 3507 2963 3561 δὲ
2990 3509 3169 3580 ᾑτεῖτε
3200 3509 3276 3573 ὡς
3305 3511 3391 3564 ἐπ’
3415 3511 3616 3583 ἀγαθῷ
3652 3513 3839 3584 ληψό-

2219 3608 2369 3663 μενοι
2405 3594 2500 3648 τοῦ
2537 3595 2801 3667 βασιλέως
2847 3598 2946 3671 τὴν
2973 3601 3171 3673 ἀρχὴν,
3213 3602 3557 3674 θυμούμενος
3617 3608 3725 3661 ἐπὶ
3766 3611 3839 3679 τῇ

2217 3684 2487 3758 μοχθηρίᾳ
2514 3687 2613 3758 τῆς
2639 3687 2866 3761 γνώμης
2899 3691 2997 3762 τῆς
3031 3693 3322 3772 ﬁrmis“:
3348 3695 3499 3766 ὅμως
3526 3698 3842 3772 ἐπέτρεψα

532 3777 894 3835 nihilominus
944 3781 1002 3831 ut
1031 3788 1216 3845 regem
1266 3773 1544 3830 haberetis
1589 3771 1817 3838 indulsi,
1870 3788 1941 3829 ne
1973 3772 2114 3830 forte

2220 3774 2398 3830 λαϐεῖν
2423 3776 2514 3831 τὸν
2549 3776 2792 3848 βασιλέα,
2825 3780 2903 3844 ὡς
2934 3780 3001 3835 ἂν
3036 3782 3110 3853 μὴ
3148 3771 3531 3854 ἀντιπράττειν
3576 3771 3740 3860 ὑμίν
3768 3793 3846 3846 τὰ

531 3868 747 3926 viderer
776 3874 977 3925 vestra
1000 3865 1216 3938 optime
1241 3863 1628 3921 deliberationi
1682 3863 2063 3920 contradicere
2092 3882 2108 3918 :

530 3961 780 4025 toleravi,
828 3958 1077 4030 inquam,
1103 3957 1157 4012 in
1185 3957 1265 4012 ira
1294 3970 1439 4013 mea.
1474 3955 1542 4015 Et
1575 3966 1723 4012 nunc
1752 3956 1958 4028 pariter
1992 3955 2109 4010 ira-

532 4064 622 4110 tus
647 4059 765 4107 tum
787 4049 865 4107 iili
905 4048 1075 4106 veteri
1108 4056 1222 4103 tum
1253 4049 1651 4120 posterioribus
1679 4048 1879 4105 vestris
1904 4047 2113 4118 iniqui-

2212 3866 2472 3924 κάλλιστα
2495 3869 2638 3943 ὑπὲρ
2658 3871 2867 3926 ἑαυτῶν
2883 3872 3368 3945 διαπραττομένοις
3384 3878 3637 3951 δοκοίην.
3674 3903 3696 3933 ι
3719 3885 3849 3940 Καὶ

2208 3956 2434 4028 ἀνέσχον
2466 3959 2524 4013 ὲν
2553 3959 2628 4032 τῷ
2670 3959 2828 4033 θυμῷ
2863 3979 2986 4033 μου.
3029 3983 3047 4017 ι
3078 3966 3429 4037 Θυμούμενος,
3475 3968 3533 4021 δὲ
3585 3974 3701 4026 καὶ
3736 3974 3849 4029 νῦν

2210 4048 2303 4102 ὲπί
2333 4066 2393 4102 τε
2432 4049 2619 4125 ἐκείνῃ
2662 4052 2756 4105 καὶ
2792 4054 2910 4117 ταῖς
2947 4052 3193 4126 καθεξῆς
3223 4056 3603 4128 παρανομίαις
3628 4062 3847 4133 ὑμῶν,

532 4143 760 4206 tatibus,
784 4155 966 4197 meum
994 4140 1153 4197 vobis
1180 4140 1448 4207 auxilium
1485 4140 1745 4206 subduxi,
1775 4140 1991 4210 sivique
2016 4152 2115 4195 vos

2220 4140 2432 4212 ἀφεῖλον
2484 4144 2584 4214 μὲν
2635 4143 2790 4216 ὑμῶν
2835 4144 2933 4216 τὴν
2983 4146 3122 4218 ἐμὴν
3157 4148 3727 4220 ωμμαχίανέἷασα
3788 4156 3857 4210 δὲ

528 4251 598 4291 ex
651 4233 785 4306 ipsis
822 4232 1037 4288 discere
1098 4232 1288 4298 rebus,
1335 4238 1546 4303 quanto
1589 4232 1785 4288 melius
1817 4230 1996 4287 fuerat
2047 4230 2119 4287 ab

531 4325 663 4393 illis,
701 4339 841 4395 quos
887 4338 987 4395 ego
1028 4337 1128 4395 pro
1150 4332 1329 4380 vestra
1359 4322 1538 4380 salute
1572 4322 1864 4395 elegeram,
1894 4336 2111 4394 semper

530 4416 857 4490 gubernari,
921 4431 1083 4487 quam
1145 4416 1308 4489 regiae
1376 4430 1478 4471 vos
1546 4414 1891 4472 committere
1958 4422 2109 4486 potco

531 4511 682 4568 stati.

601 4642 768 4700 Vens.
805 4643 993 4699 12-14.
1027 4674 1098 4684 -
1126 4661 1143 4694 ι
1181 4642 1382 4698 Vortex
1424 4641 1731 4713 iniquitatis
1754 4638 2111 4713 Ephraimus,

2215 4232 2360 4303 ὑμᾶς
2413 4231 2474 4298 ἐξ
2510 4233 2689 4288 αὐτῶν
2739 4235 2934 4306 μαθεῖν
2983 4235 3092 4289 τῶν
3130 4238 3493 4309 πραγμάτων,
3542 4242 3732 4315 πόσῳ
3788 4245 3857 4300 δὲ

2171 4392 2191 4415 δ
2216 4326 2438 4398 ἄμεινον
2467 4327 2596 4399 ὑμῖν
2622 4322 2690 4400 ἦν
2710 4328 2816 4382 ὑπὸ
2843 4330 2954 4392 τοῖς
2975 4330 3103 4401 παρ’
3137 4328 3270 4400 ἐμοῦ
3303 4330 3870 4405 προχειριζομένοις

2218 4418 2359 4489 ὑπὲρ
2407 4418 2511 4490 τῆς
2560 4418 2835 4491 ὑμετέρας
2888 4420 3162 4491 σωτηρίας
3205 4420 3434 4490 ἄγεσθαι
3476 4424 3780 4495 πάντοτε,
3818 4426 3858 4493 ἦ

2219 4510 2473 4583 βασιλικῇ
2500 4510 2777 4567 πιστεύειν
2800 4512 2999 4574 αὐτοὺς
3031 4511 3337 4584 δυναστείᾳ.

2291 4645 2438 4717 Στίχ.
2467 4643 2648 4715 ιβ’-ιδ’.
2674 4676 2745 4689 -
2777 4664 2795 4701 t
2820 4647 3104 4721 Συστροφὴ
3135 4649 3348 4715 ἀδικίας
3364 4652 3629 4727 Ἐφραὶμ
3661 4658 3737 4715 ὲν
3763 4676 3876 4715 χι.

533 4749 657 4791 cum
673 4737 890 4792 occulto
906 4744 1129 4808 peccato
1151 4749 1284 4801 suo;
1316 4734 1532 4791 dolores
1560 4735 1719 4806 quasi
1756 4734 2113 4805 parturientis

2220 4737 2515 4827 κρυμμένῃ
2544 4737 2792 4827 ἁμαρτίᾳ
2806 4741 2970 4794 αὑτοῦ
2990 4758 3005 4771 °
3041 4742 3115 4814 (p.
3141 4741 3231 4813 97)
3260 4743 3448 4809 ὠδῖνες
3479 4746 3561 4811 ὡς
3601 4753 3875 4809 custod-

532 4829 754 4884 venient
803 4828 875 4884 ei.
913 4848 933 4882 ι
994 4825 1061 4881 Ει
1108 4825 1238 4895 quia
1293 4825 1349 4881 in
1412 4827 1669 4881 omnibus
1724 4825 2115 4881 demonstratis

2221 4839 2319 4893 σης
2345 4823 2751 4915 ἥξουσιναύτῷ.
2777 4844 2796 4879 ι
2824 4827 2935 4882 Καὶ
2961 4829 3147 4903 ἐπειδὴ
3172 4831 3260 4886 διά
3280 4834 3498 4888 πάντων
3525 4836 3881 4915 ἐδείχθητε

534 4922 794 4994 (namque
815 4919 1099 4992 Ephraimi
1138 4917 1381 4981 nomine,
1414 4930 1566 4972 more
1597 4931 1722 4981 suo,
1752 4925 2011 4989 tanquam
2053 4933 2120 4975 ex

532 5022 688 5087 parte
716 5022 892 5070 totum
927 5010 1082 5081 dicit)
1112 5008 1487 5064 vehementem
1517 5008 1811 5079 quemdam
1852 5010 2117 5081 impetum

533 5120 599 5161 ac
632 5104 979 5162 sedulitatem
1014 5097 1368 5156 multifariam
1399 5099 1567 5171 impie
1595 5100 1789 5170 agendi
1827 5090 2119 5172 peccandi-

486 5212 639 5268 ..que
673 5194 940 5251 adversus
978 5207 1083 5254 me,
1132 5190 1439 5261 mentisque
1491 5199 1690 5248 vestrae
1744 5192 2001 5262 cogitatio
2052 5192 2110 5248 in

531 5288 736 5344 delicto
790 5292 905 5340 tota
956 5282 1209 5354 deﬁgitur
1270 5283 1397 5353 (hoc
1451 5283 1594 5339 enim
1651 5284 1786 5338 dicit
1831 5283 2108 5340 occultum

532 5387 842 5453 peccatum,
872 5390 1069 5448 nempe
1087 5375 1215 5447 quia
1240 5376 1408 5430 animi
1447 5375 1876 5432 deliberationes
1910 5376 2110 5448 ignotae

531 5470 776 5527 externis
807 5469 982 5538 sunt),
1014 5478 1328 5539 propterea,
1356 5468 1557 5539 inquit,
1591 5468 1644 5523 in
1691 5476 1770 5523 tot
1820 5476 2109 5539 tantasque

537 5559 793 5616 in‘cidetis
823 5572 1039 5631 ptenas,
1087 5567 1147 5615 ut
1178 5560 1337 5632 quasi
1366 5561 1566 5616 mulier
1594 5558 1651 5614 in
1684 5566 1846 5629 partu
1895 5557 2109 5623 dolens,

534 5651 706 5707 futuri
735 5651 858 5707 sitis
875 5661 1093 5722 propter
1110 5651 1483 5724 ingruentium
1510 5649 1779 5703 malorum
1810 5648 2111 5704 cruciatus.

540 5764 560 5797 ι
596 5741 824 5801 Hiccine
851 5743 996 5801 ﬁlius
1032 5752 1161 5800 tuus
1185 5741 1467 5815 prudens?
1500 5760 1519 5795 ι
1555 5738 1806 5798 Haecine
1832 5740 2114 5812 sapientia:

535 5847 731 5894 vestrm
760 5852 948 5910 opera,
989 5837 1083 5909 qui
1105 5836 1417 5892 discernere
1457 5834 1793 5899 nescivistis,
1849 5843 2115 5903 quantum

536 5927 753 5986 intersit
802 5929 946 5985 inter
1003 5927 1234 5999 gratiam
1254 5940 1430 5982 meam
1462 5940 1526 5980 ac
1552 5924 1802 5987 tutelam,
1834 5931 1889 5978 et
1943 5921 2113 5979 decli-

536 6020 811 6078 nationem
842 6020 910 6077 ad
949 6020 1094 6077 idola
1149 6027 1311 6089 atque
1345 6018 1411 6072 ad
1451 6032 1618 6087 opera
1659 6015 1928 6071 voluntati
1980 6029 2115 6071 mea:

2219 4915 2350 4985 (ἀπὸ
2379 4915 2489 4985 γὰρ
2517 4914 2629 4969 τῶν
2664 4918 2904 4992 Ἐφραὶμ
2936 4921 3202 4986 εἰωθότως
3236 4924 3311 4989 ὡς
3346 4925 3455 4979 ἀπὸ
3488 4928 3741 5000 μέρους
3770 4934 3886 4988 λέ-

2217 5024 2307 5076 γει
2328 5007 2389 5061 τὸ
2417 5007 2546 5081 πᾶν)
2579 5009 2781 5082 πολλὴν
2813 5029 2934 5065 τινα
2955 5014 3055 5084 τὴν
3085 5019 3395 5089 συστροφὴν
3429 5020 3523 5072 καὶ
3554 5019 3692 5094 τὴν
3730 5028 3887 5081 ἐπι-

2220 5099 2439 5170 μέλειαν
2466 5100 2682 5170 ἔχοντες
2718 5103 2827 5157 τῶν
2857 5104 3117 5167 ποικίλως
3147 5106 3366 5162 ἀσεϐεῖν
3395 5126 3453 5163 τε
3487 5110 3604 5165 καὶ
3652 5117 3895 5190 ἀμαρ-

2215 5190 2395 5244 τάνειν
2434 5193 2513 5255 εἰς
2562 5193 2681 5263 ἐμὲ,
2709 5195 2767 5247 ὲν
2807 5195 3004 5268 μελέτῃ
3036 5213 3093 5248 τε
3116 5199 3181 5267 τῇ
3206 5196 3348 5252 κατὰ
3378 5196 3653 5256 διάνοιαν
3703 5208 3896 5265 ἐστὶν

2219 5282 2347 5353 ὑμῖν
2362 5282 2423 5372 τὸ
2448 5284 2785 5356 ἁμαρτάνειν
2803 5285 2983 5356 (τοῦτο
3011 5289 3118 5361 γὰρ
3144 5290 3634 5364 ὲγκεκρυμμένην
3663 5300 3905 5372 ἁμαρ-

2217 5373 2340 5426 τίαν
2372 5371 2544 5443 λέγει,
2576 5376 2636 5429 τὸ
2660 5376 2728 5430 τὰ
2760 5377 2859 5449 τῆς
2886 5378 3065 5451 ψυχῆς
3095 5379 3438 5452 βουλεύματα
3471 5381 3694 5457 ἄδηλα.
3756 5371 3903 5460 τοῖς

2216 5464 2371 5529 ἐκτὸς
2398 5465 2715 5539 ὑπάρχειν),
2746 5468 2888 5543 ὑπὲρ
2909 5467 2972 5541 δὴ
3019 5471 3224 5528 τούτων
3244 5515 3258 5537 ,
3313 5476 3446 5546 φησί
3467 5515 3482 5540 ,
3520 5483 3915 5552 τοιαύταις

2217 5558 2603 5630 περιπεσεῖσθε
2652 5561 2963 5632 τιμωρίαις,
3003 5562 3145 5618 ὥστε
3188 5566 3344 5638 δίκην
3385 5571 3696 5639 γυναικὸς
3743 5578 3912 5632 ὠδι-

2218 5647 2416 5719 νούσης
2450 5651 2507 5702 έν
2530 5648 2609 5720 τῷ
2638 5651 2841 5706 τίκτειν
2883 5654 3201 5727 συνέχεσθαι
3237 5662 3357 5723 ταῖς
3397 5659 3502 5712 τῶν
3538 5662 3921 5741 ὲπεληλυ..

2224 5737 2393 5795 θότων
2425 5739 2554 5829 ὑμῖν
2580 5739 2765 5829 κακῶν
2791 5741 3019 5808 ὀδύναις,
3064 5765 3082 5796 ι
3106 5739 3276 5811 Οὗτος
3301 5749 3330 5801 ὁ
3352 5749 3467 5812 υἱός
3498 5761 3629 5803 σου
3664 5755 3706 5807 ὁ
3737 5737 3924 5829 ᾠρό-

2223 5845 2412 5900 νιμος;
2443 5847 2462 5880 ι
2514 5828 2699 5883 Ταῦτα
2724 5830 2825 5901 τῆς
2863 5832 3130 5897 συνέσεως
3159 5834 3314 5905 ὑμῶν
3340 5834 3409 5888 τὰ
3439 5834 3641 5904 ἔργα,
3675 5842 3746 5896 οἳ
3794 5828 3934 5901 ὸῦκ

2223 5919 2531 5991 ἠδυνήθητε
2566 5919 2840 5993 διακρῖναι
2880 5923 3048 5979 πόσον
3078 5925 3194 5978 ἐστὶ
3222 5926 3281 5979 τὸ
3309 5925 3587 5995 διάφορον
3626 5929 3807 6001 ὲμοξ
3848 5951 3932 5989 τε.

2224 6010 2500 6083 ἀρέσκειν,
2526 6011 2618 6066 καὶ
2647 6012 2753 6067 ὑπὸ
2785 6014 2883 6088 τὴν
2922 6016 3238 6087 ἐπιμέλειαν
3280 6013 3553 6084 εἶναιτὴν
3603 6020 3641 6072 ὲ
3654 6024 3847 6096 μὴν,
3888 6028 3940 6098 ἢ
