2051 3238
158 253 220 283 205

662 251 939 282 COMMENTARIUS
952 252 985 281 IN
1006 252 1108 281 OSEIE
1126 252 1201 281 CAP.
1218 253 1287 282 Xlll.

1756 253 1810 282 206

157 315 233 350 πρὸς
247 315 284 342 τὰ
305 314 404 342 εἴδωλα
424 314 525 349 νεύειν,
551 314 600 342 καλ⁹
621 315 753 342 τάναντία
773 315 830 347 τοῖς
847 315 909 351 ἐμοὶ
922 314 966 341 δο-

1024 314 1178 342 contraria?
1195 324 1205 341 ι
1234 314 1419 348 Quamobrem
1449 322 1522 343 nunc
1550 322 1606 344 non
1628 316 1763 345 subsistet
1783 318 1811 345 lu

158 360 261 396 zot'm;
286 370 296 386 ι
312 360 385 388 Διότι
403 360 452 388 νῦν
466 361 497 388 οὐ
513 360 550 396 μὴ
562 361 666 397 ύποστῇ
677 362 706 388 ἐν
720 361 849 398 συντριϐῇ
863 361 966 388 τέκνων

157 406 257 433 αὐτοῦ.
275 415 284 433 ι
304 405 457 442 Τοιγαροῦν
471 406 585 434 τοιαῦτα
603 406 829 442 βουλευσάμενοι,
846 407 967 441 ἐνεγκεῖν

158 452 192 479 οὐ
207 452 359 488 δυνήσεσθε
372 453 423 487 τὴν
436 452 575 480 ἀπώλειαν
589 453 637 489 τὴν
652 453 765 480 οἰκείαν.
779 451 845 480 Εἶτα
855 453 909 479 τῶν
920 461 968 480 κα-

159 498 221 525 κῶν
231 498 460 534 ὑπισχνούμενος,
480 499 570 531 καθὼς
587 499 676 531 εἴωθε,
689 499 739 535 τὴν
751 498 839 533 λύσιν,
853 500 965 533 ἐπάγει·

163 554 174 570 ι
185 544 237 571 Ἐκ
251 545 343 581 χειρὸς
356 545 421 581 ᾅδου
435 545 553 581 ῥύσομαι
565 546 674 578 αὐτοὺς,
683 546 731 573 καὶ
743 547 776 572 ἐκ
789 545 906 573 θανάτου
920 545 967 571 λυ-

158 591 310 628 Ιτρώσομαι
325 592 435 624 αὐτούς.
450 602 459 618 ι
474 592 556 620 Ἀλλὰ
570 593 625 629 γὰρ
640 594 686 621 καὶ
699 593 769 629 μετὰ
783 594 871 621 πάντα
884 594 968 621 ταῦτα

159 637 317 669 παιδεύσας
335 637 436 669 αὐτοὺς
451 639 484 673 τῇ
505 639 637 673 τιμωρία,
659 640 698 674 (p.
718 638 762 674 98)
781 639 810 672 ἐξ
826 638 908 665 αὑτοῦ
924 648 968 673 μι-

159 682 233 718 κροῦ
249 683 296 709 τοῦ
309 683 425 710 θανάτου
439 684 543 715 πάντας
555 685 628 719 ὑμᾶς
640 684 776 719 ἐξέλωμαι
791 685 866 719 παρὰ
878 685 967 711 πᾶσαν

159 728 343 764 ἀνθρωπίνην
359 729 465 758 ἐλπίδα.
490 740 498 756 ι
512 730 567 757 Ποῦ
582 732 598 766 ἡ
614 731 676 767 δίκη
694 740 751 763 σου,
776 732 892 765 θάνατε;
916 732 967 758 ποῦ

160 774 195 800 τὸ
209 774 324 810 κέντρον
338 783 397 807 σου,
410 775 460 811 ᾷδη
474 784 481 808 ;
495 786 505 801 ι
525 776 609 802 Ὥστε
625 785 665 803 σοι
680 778 739 803 τότε
760 778 849 812 λέγειν
868 778 968 811 ἐξεῖναι

161 821 247 847 muti.
259 820 295 847 τὰ
311 821 432 857 ῥήματα,
454 822 553 857 ὁρῶντι
573 823 627 849 τῶν
652 824 697 851 τὸν
722 824 842 851 ποικίλον
865 825 968 851 ἐκεῖνον

162 864 282 892 θάνατον
298 866 496 901 ἐπαγαγόντων
510 876 551 893 σοι
564 868 613 903 τὴν
627 869 772 903 τιμωρίαν,
787 869 859 903 λέγει
873 870 901 895 δὲ
914 869 967 896 τῶν

169 911 343 947 ’Δσσυρίων.“
368 921 376 937 ι
387 913 565 949 Παράκλησις
579 913 733 950 κέκρυπται
747 915 801 942 ἀπὸ
820 915 967 951 ὀςρθαλμῶν

162 966 224 986 σου.
240 968 250 983 ι
271 957 360 995 Τεύξῃ
379 958 434 995 γὰρ
457 960 658 995 παρακλήσεως
681 961 727 987 ἐπὶ
750 963 807 993 τοῖς
830 962 968 995 τοσούτοις

160 1003 302 1039 κακοῖς,ῆ
323 1004 370 1031 νῦν
387 1005 437 1041 μὲν
456 1005 554 1040 ἄδηλός
569 1006 628 1033 ἐστί
648 1015 688 1033 σοι
704 1007 782 1040 τέως,
800 1008 860 1043 ὄψει
878 1008 906 1034 δὲ
920 1010 968 1035 αὑ-

162 1049 217 1086 τὴν
232 1050 264 1083 ἐξ
284 1050 375 1078 αὐτῶν
390 1051 451 1078 τότε
465 1051 519 1079 τῶν
531 1054 714 1088 πραγμάτων.

199 1106 278 1142 Στίχ.
291 1110 330 1134 ιε’.
351 1122 377 1127 -
388 1117 397 1133 ι
409 1105 566 1140 Διότιοῦτος
578 1108 629 1135 ἀνὰ
643 1110 724 1144 μέσον
734 1110 856 1145 ἀδελφῶν
864 1112 970 1139 διαστε-

161 1149 218 1177 λεῖ.
232 1159 242 1176 I
267 1151 347 1183 Τινὲς
361 1151 449 1183 οὕτως
465 1153 578 1189 ἐνόησαν
596 1154 637 1180 ὅτι
651 1154 705 1181 τῶν
720 1156 894 1191 Ἰσραηλιτῶν
906 1167 970 1185 κατ-

162 1196 255 1232 ήγαγε
272 1197 323 1232 μὲν
339 1198 379 1229 εἰς
402 1199 592 1233 αἰχμαλωσίαν
603 1200 652 1232 τὰς
669 1201 735 1227 δέκα
754 1202 849 1236 φυλὰς,
867 1204 930 1235 τοὺς
941 1204 969 1230 δὲ

162 1243 217 1278 τῆς
235 1243 368 1276 Ἰουδαίας
384 1245 476 1280 ἀφῆκε
487 1254 493 1260 ·
519 1246 600 1273 τοῦτο
614 1247 641 1273 δὲ
658 1248 688 1274 οὐ
703 1249 772 1275 κατὰ
793 1249 906 1286 γνώμην
923 1251 970 1284 γέ-

163 1296 230 1323 γονε
245 1288 286 1324 τῷ
302 1289 451 1326 Ἀσσυρίῳ,
466 1291 496 1323 ὃς
509 1300 540 1326 γε
558 1292 695 1328 ἠϐουλήθη
716 1294 767 1328 τήν
783 1302 812 1319 τε
833 1294 969 1330 Ὶεῳυεα-

163 1335 224 1371 λὴμ.
257 1336 307 1362 καὶ
333 1336 397 1368 τοὺς
420 1337 470 1372 τῆς
497 1337 629 1370 Ἰουδαίας
652 1339 685 1365 τὰ
712 1340 792 1374 ὃμοια
817 1340 967 1368 διαθεῖναι-

162 1381 293 1418 ἐκωλύθη
312 1382 340 1409 δὲ
362 1384 395 1418 τῇ
420 1382 535 1419 δυνάμει
552 1386 585 1421 τῇ
603 1385 662 1420 Θείᾳ
680 1386 727 1412 καὶ
742 1387 774 1421 τῇ
792 1386 838 1412 τοῦ
852 1387 968 1420 ἀγγέλου

164 1429 276 1465 πληγῇπ
297 1429 369 1457 ὥστε
383 1430 435 1457 οὐκ
446 1431 528 1463 αὐτὸς
543 1432 699 1465 διέστειλεν,
715 1433 771 1460 ἀλλ’
786 1434 923 1470 ἠϐουλήθη
939 1435 970 1461 τὸ

165 1475 287 1511 μέγεθος
302 1476 358 1502 τῶν
375 1477 470 1503 κακῶν
486 1478 572 1504 εἰπεῖν
585 1479 599 1504 ὀ
615 1480 768 1515 προφήτης,
784 1481 813 1506 ἐν
826 1478 866 1512 οἷς
881 1480 971 1512 ἐξετα-

165 1519 315 1561 σθήσοντανι
330 1521 383 1548 ὑπὸ
399 1521 446 1549 τοῦ
467 1523 610 1560 Ἀσσυρίου
626 1525 783 1561 ληφθέντες,
803 1527 843 1558 εἰς
859 1527 969 1553 ἀπόδει-

165 1568 209 1601 ξιν
222 1564 262 1596 ὧν
278 1560 372 1601 αὖτοῖς
388 1570 402 1596 ὁ
417 1570 484 1602 Θεὸς
505 1571 630 1607 παρέξει,
659 1573 838 1608 τιμωρεῖσθαι
865 1573 970 1609 μέλλων

164 1615 284 1652 ὕστερον
305 1616 430 1649 ἐκείνους
442 1625 451 1633 ⁸
480 1618 574 1653 ἐπειδὴ
591 1619 697 1646 τοίνυν
715 1618 905 1655 αἰχμαλώτους
922 1621 969 1647 αύ-

1018 360 1183 389 contritione
1196 360 1314 389 ﬁliorum
1330 369 1454 389 suorum.
1475 370 1485 387 ι
1504 361 1651 397 Propterea
1669 370 1731 390 cum
1746 364 1811 391 talia

1017 406 1246 440 dellberaveritis,
1268 407 1385 436 tolerare
1405 407 1584 443 perditionem
1611 412 1730 436 vestram
1756 417 1811 437 non

1019 454 1153 489 poteritis.
1175 453 1246 482 Exin
1261 462 1345 489 porro
1369 454 1515 487 malorum,
1535 454 1591 490 64
1606 457 1635 481 ιιι
1652 455 1732 488 solet,
1748 463 1813 491 pro-

1019 501 1132 528 mittens
1150 500 1327 534 solutionem,
1344 500 1435 536 pergit.
1449 500 1540 528 dicere
1559 510 1567 528 :
1586 509 1596 526 ι
1613 499 1651 528 De
1666 508 1746 528 manu
1767 502 1811 528 in-

1019 544 1090 573 ferul
1116 545 1239 573 liberabo
1258 553 1318 578 eos,
1340 546 1375 573 de
1392 549 1480 573 morte
1494 545 1625 573 redimam
1651 553 1709 573 eos.
1723 556 1733 572 ι
1750 545 1809 573 Jam

1018 600 1084 620 vero
1096 596 1159 628 post
1175 592 1232 620 haec
1248 593 1352 626 omnia,
1371 599 1453 628 poena
1471 593 1528 627 jam
1542 592 1676 625 eruditos,
1702 601 1734 621 ex
1753 593 1811 628 ipsa

1020 638 1215 674 propemodum
1226 643 1313 666 morte
1324 646 1372 666 VOS
1380 646 1475 666 omnes
1482 646 1586 671 eruam,
1597 643 1695 674 praeter
1703 647 1811 667 omnem

1020 683 1168 710 humanam
1183 691 1269 717 spem.
1288 693 1298 709 ι
1324 683 1375 710 Ubi
1389 684 1454 711 ultio
1472 688 1529 714 tua.
1549 685 1641 711 mors?
1653 685 1697 711 ubi
1715 687 1814 713 stimus

1020 729 1063 756 lus
1080 733 1153 761 tuus,
1169 729 1294 756 inferne?
1312 739 1321 755 ›
1340 729 1417 756 Tunc
1432 737 1447 756 ιι
1462 734 1488 757 te
1501 730 1554 756 dici
1567 730 1624 757 lmc
1636 731 1716 758 verba
1745 732 1814 759 lice—

1020 775 1069 806 bit,
1087 783 1149 801 cum
1175 775 1371 807 multiformem
1387 776 1462 802 illum
1487 775 1628 803 interitum
1645 785 1742 804 cernes
1766 778 1815 804 ho-

1020 821 1134 853 minum,
1156 821 1202 856 qui
1233 821 1281 847 tibi
1298 829 1407 856 poenam
1424 822 1586 854 intulerunt,
1602 830 1701 858 nempe
1728 824 1815 859 Assy-

1020 868 1134 894 riorum.
1166 876 1175 892 ι
1201 867 1359 895 Consolatio
1385 869 1544 896 abscmidita
1570 873 1612 896 est
1649 870 1683 897 ab
1727 871 1815 897 oculis

1020 913 1087 940 suis.
1103 922 1112 937 ι
1129 913 1247 941 llabebis
1264 919 1338 941 certe
1363 914 1498 944 malorum
1514 919 1654 942 tantorum
1678 916 1814 947 solamen,

1021 960 1093 994 quod
1111 967 1183 986 nunc
1201 959 1249 986 tibi
1276 960 1365 987 adhuc
1392 960 1515 995 ignotum
1542 965 1600 995 est,
1623 962 1670 989 sed
1692 970 1726 990 ex
1749 963 1816 998 ipsis

988 998 1007 1025 Β
1022 1006 1130 1033 demunt
1144 1007 1225 1033 rebus
1236 1006 1320 1041 gestis
1334 1007 1496 1035 innotescet.

1058 1105 1142 1134 Vens.
1157 1107 1201 1134 15.
1222 1123 1256 1127 -
1277 1117 1285 1132 ι
1305 1107 1375 1140 Quia
1393 1107 1437 1134 hic
1456 1108 1526 1135 inter
1545 1108 1643 1136 fratres
1665 1109 1780 1138 dividet.
1805 1121 1813 1136 ι

1022 1153 1151 1180 Nonnulli
1176 1154 1370 1180 existimarunt
1393 1154 1536 1189 Assyrium
1554 1155 1701 1183 abduxisse
1723 1156 1749 1183 in
1770 1164 1817 1183 ca-

1022 1199 1273 1234 ptivitatemdecem
1283 1200 1382 1232 tribus,
1394 1201 1441 1228 sed
1450 1200 1660 1229 .ludzcazincolas
1668 1202 1818 1231 dimisisse.

1022 1245 1102 1280 Atqui
1117 1245 1150 1272 de
1164 1246 1216 1272 hoc
1241 1253 1295 1272 non
1319 1246 1450 1279 cogitavit
1471 1246 1612 1281 Assyrius,
1634 1248 1680 1282 qui
1704 1248 1759 1275 imo
1773 1256 1819 1276 vo-

1023 1292 1072 1317 luit
1087 1290 1287 1327 Hierosolymis
1303 1296 1329 1318 et
1343 1292 1421 1318 Judm
1443 1292 1540 1320 incolis
1556 1294 1633 1327 paria
1649 1293 1749 1327 facere,
1770 1296 1819 1322 sed

1022 1338 1114 1364 divina
1131 1338 1253 1372 potentia
1276 1338 1425 1372 impeditus
1438 1337 1489 1364 fuit
1502 1342 1528 1365 ct
1548 1339 1643 1373 angeli.
1655 1340 1743 1367 clade.
1759 1340 1819 1368 Non

1022 1392 1087 1418 ergo
1101 1384 1145 1411 ille
1158 1384 1259 1415 divisit,
1276 1384 1323 1411 sed
1337 1384 1469 1418 propheta
1485 1384 1552 1410 nillil
1564 1385 1636 1412 aliud
1652 1386 1743 1413 dicere
1763 1387 1820 1414 vult

1022 1438 1104 1466 quam
1125 1430 1259 1457 malorum
1283 1431 1454 1464 gravitatem,
1494 1431 1594 1465 quibus
1619 1433 1820 1460 cxerccbuntur

1022 1478 1094 1512 rapti
1113 1477 1147 1504 ab
1161 1476 1294 1512 Assyrio;
1323 1477 1434 1511 vultque
1461 1477 1650 1505 demonstrare
1665 1479 1817 1513 cujusmodi

1022 1524 1094 1552 Deus
1107 1524 1183 1551 dabit
1198 1523 1345 1558 supplicia,
1366 1531 1429 1550 cum
1451 1531 1502 1550 suo
1519 1527 1642 1558 tempore
1657 1524 1736 1551 faciet
1761 1525 1822 1552 illo-

1023 1580 1082 1599 rum
1092 1572 1311 1605 castigationem.
1321 1570 1426 1597 Etenim
1438 1578 1534 1605 reap‘e
1545 1571 1673 1606 Assyrius
1694 1572 1818 1606 captivos

1023 1618 1160 1645 lsraelitas
1178 1618 1228 1644 liae
1249 1617 1312 1643 illac
1325 1616 1458 1651 dispersit
1473 1616 1591 1643 diversis
1616 1617 1695 1648 locis.
1711 1618 1820 1651 quomi-

164 1661 232 1694 τοὺς
245 1661 337 1688 λαϐὼν
354 1663 368 1689 ὁ
383 1662 527 1699 Ἀσσύριος
549 1663 703 1701 διέσπειρεν
721 1666 821 1697 αὐτοὺς
842 1666 905 1702 τῇδε
921 1668 971 1693 κὰ-

1024 1672 1077 1692 nus
1098 1664 1187 1690 ullum
1215 1666 1378 1698 praestarent
1408 1666 1533 1689 mutuum
1560 1662 1703 1694 auxilium,
1732 1671 1820 1698 neque

165 1708 244 1735 κεῖσε
260 1709 399 1741 ἐνοικίσας
415 1710 555 1745 διαφόροις
575 1711 669 1743 τόποις
679 1731 686 1743 ,
712 1712 751 1744 ὡς
765 1712 797 1739 ἂν
811 1713 877 1749 μηδὲ
890 1713 972 1749 ἀλλή-

165 1754 226 1785 λοις
240 1755 374 1791 παρέχειν
389 1756 452 1782 τινὰ
466 1756 590 1783 δύναιντο
605 1758 774 1793 συμμαχίαν,
797 1761 833 1794 (p.
848 1759 892 1794 99)
905 1760 972 1795 μηδὲ

163 1802 200 1828 ἐκ
209 1800 374 1836 συμφωνίας
386 1802 451 1837 περὶ
461 1802 510 1838 τῆς
519 1803 624 1831 ἐκεῖθεν
635 1804 797 1840 ἀπαλλαγῆς
804 1805 973 1840 βουλεύοιντο

164 1846 209 1874 In
222 1855 231 1863 '
246 1847 321 1875 οὕτω
332 1847 360 1874 δὲ
374 1847 451 1882 λέγει
473 1849 521 1875 καὶ
532 1850 546 1876 ὁ
558 1851 692 1886 μακάριος
707 1852 805 1878 Δαυῖδ·
822 1862 830 1878 ι
846 1853 901 1885 Τὰς
913 1854 972 1880 δια-

167 1893 278 1930 σπορὰς
313 1893 362 1921 τοῦ
390 1895 500 1931 Ἰσραὴλ
534 1896 709 1929 ἐπισυνάξει·
729 1907 738 1922 ι
763 1898 806 1924 ἵνα
837 1899 902 1934 εἴπῃ
932 1899 972 1925 ὅτι

165 1941 394 1977 Διεσπαρμένους
411 1942 512 1974 αὐτοὺς
531 1943 596 1979 τῇδε
613 1944 725 1970 κάκεῖσε
750 1945 880 1977 ὲπανάξει
898 1946 973 1981 παρὰ

165 1988 262 2016 πᾶσαν
281 1987 378 2015 ἐλπίδα
390 1997 396 2004 ·
418 1988 466 2015 καὶ
482 1989 596 2024 ἑτέρωθι
625 1989 669 2016 δέ·
691 2000 700 2016 ι
717 1991 880 2018 Είπάτωσαν
895 1992 927 2027 δὴ
949 1993 973 2018 οἱ

165 2033 372 2071 λιλυτρωμὲνοι
387 2035 441 2062 ὑπὸ
457 2030 571 2070 Κυρίου,
588 2036 635 2068 οὓς
650 2037 823 2073 ἐλυτρώσατο
838 2039 870 2064 ἐκ
883 2038 974 2074 χειρὸς

166 2080 283 2118 ἐχθροῦ,
299 2082 347 2108 καὶ
372 2083 405 2109 ἐκ
426 2082 480 2108 τῶν
503 2082 600 2118 χωρῶν
626 2084 779 2118 συνήγαγεν
797 2084 897 2116 αὐτοὺς
921 2084 974 2111 ἀπὸ

167 2127 313 2155 ἀνατολῶν
337 2128 385 2155 καὶ
405 2128 518 2163 δυσμῶν
544 2129 591 2156 καὶ
617 2129 703 2165 βορρᾶ
725 2130 772 2156 καὶ
791 2129 945 2166 Θαλάσσης·
962 2140 971 2156 ι

165 2170 259 2207 δηλῶν
273 2170 350 2203 ὅπως
370 2169 441 2208 ἦσαν
461 2172 596 2208 πολλαχοῦ
612 2173 824 2210 διεσπαρμένοι·
842 2175 922 2202 τοῦτο
942 2175 974 2211 δὴ

167 2217 246 2252 λέγει
258 2217 401 2245 κάνταῦθα
414 2215 568 2252 summa
582 2219 672 2247 λαϐὼν
684 2221 757 2256 ὑμᾶς
773 2221 973 2256 αἰχμαλώτους,

167 2264 219 2291 καὶ
233 2264 274 2296 εις
286 2263 432 2300 ἀλλοτρίαν
446 2263 538 2299 χώραν
551 2264 713 2299 ἀπαγαγὼν,
732 2266 771 2297 είς
788 2265 902 2296 πολλοὺς
918 2274 976 2292 ποι-

167 2309 264 2341 κίλους
278 2309 417 2345 διέσπειρε
432 2309 546 2341 τόπους·
558 2309 595 2342 ὡς
609 2310 642 2337 ἂν
659 2310 696 2346 μὴ
712 2311 759 2337 ἐπὶ
770 2312 867 2338 ταυτὸν
880 2311 974 2346 ἡθροι-

1025 1710 1132 1737 collatis
1159 1709 1284 1736 consiliis
1315 1708 1349 1734 de
1370 1708 1459 1734 reditu
1485 1708 1561 1734 illinc
1590 1708 1751 1742 cogitarent.
1775 1708 1821 1735 Sic

1024 1757 1105 1783 etiam
1122 1756 1219 1783 beatus
1229 1754 1313 1782 David
1328 1755 1386 1782 ait:
1402 1765 1411 1780 ι
1423 1754 1612 1789 Dispersiones
1630 1755 1737 1782 lsraelis
1753 1763 1820 1782 con-

1024 1802 1147 1838 gregabit
1163 1802 1195 1834 '7;
1210 1811 1219 1827 ›
1236 1808 1335 1836 nempe
1350 1804 1379 1827 ut
1393 1801 1467 1827 dicat
1481 1810 1487 1827 :
1504 1800 1647 1836 Dispersos
1663 1809 1711 1829 eos
1726 1802 1776 1829 hac
1793 1807 1820 1829 et

1025 1850 1207 1883 illac,-praeter
1224 1854 1332 1874 omnem
1344 1854 1420 1882 spem
1437 1846 1578 1874 adunabit.
1595 1847 1627 1874 Et
1642 1847 1707 1874 alibi
1724 1857 1730 1874 :
1748 1857 1757 1873 ‹
1770 1846 1819 1874 Di-

1024 1899 1089 1922 cant
1109 1895 1154 1929 qui
1175 1893 1308 1928 redempti
1323 1896 1387 1919 sunt
1406 1900 1419 1918 a
1436 1892 1561 1925 Domino,
1575 1900 1644 1928 quos
1660 1893 1819 1921 redemitde

1025 1948 1107 1968 manu
1130 1939 1247 1971 inimici,
1264 1943 1290 1966 et
1306 1938 1339 1965 de
1357 1938 1515 1973 regionibus
1530 1939 1705 1974 congregavit
1720 1947 1777 1973 eos,
1805 1949 1819 1967 a

1024 1987 1090 2014 solis
1105 1990 1167 2013 ortu
1195 1989 1222 2013 et
1239 1992 1350 2016 occasu,
1381 1985 1415 2011 ab
1440 1984 1569 2019 aquilone
1586 1989 1613 2012 et
1633 1986 1702 2012 mari
1716 1986 1750 2018 ";
1764 1986 1819 2014 lita

1026 2033 1185 2069 signiﬁcans
1221 2032 1306 2059 fuisse
1342 2031 1404 2058 illos
1434 2032 1528 2058 multis
1569 2032 1638 2059 locis
1669 2033 1821 2067 dispersos.

1026 2080 1097 2116 Ergo
1117 2080 1162 2107 hic
1176 2087 1286 2115 quoque
1310 2079 1378 2106 dicit
1393 2088 1400 2105 :
1418 2077 1468 2105 Hic
1488 2078 1536 2113 qui
1553 2086 1601 2106 vos
1616 2080 1775 2114 captivavit,
1795 2084 1823 2107 et

1026 2126 1054 2153 in
1072 2126 1189 2153 alienam
1215 2124 1354 2159 regionem
1369 2122 1538 2157 deportavit,
1565 2123 1661 2151 multis
1683 2124 1821 2158 variisque

1026 2180 1075 2201 vos
1091 2172 1192 2206 sparsit
1205 2171 1273 2198 locis
1285 2190 1292 2202 ,
1314 2177 1348 2197 ne
1358 2169 1413 2205 65
1424 2169 1451 2196 in
1469 2169 1564 2196 eadem
1574 2170 1692 2196 statione
1710 2170 1823 2198 adunati

1027 2219 1148 2246 solamen
1179 2215 1289 2251 aliquod
1320 2216 1422 2242 habere
1449 2215 1622 2245 videremini,
1652 2215 1699 2242 sed
1723 2217 1819 2251 augeri

1028 2264 1104 2290 vobis
1118 2263 1209 2297 potius
1221 2268 1370 2289 aerumnam
1381 2260 1467 2287 voluit
1479 2261 1505 2287 in
1520 2260 1680 2288 diversitate
1700 2261 1823 2288 locorum

1028 2308 1197 2337 constitutis.

168 2357 267 2393 σμένοι
292 2356 466 2393 παράκλησιν
483 2355 554 2391 ἔχειν
579 2355 638 2382 τινὰ
655 2356 795 2393 δοκοίητεο
816 2357 977 2384 ἐπιτείνοιτο
992 2357 1020 2384 δὲ
1038 2354 1138 2391 μᾶλλον
1160 2352 1223 2388 ὑμῖν
1244 2351 1276 2378 τὰ
1296 2351 1369 2378 κακὰ
1389 2350 1460 2377 κατὰ
1479 2350 1625 2386 διαφόρους
1648 2351 1824 2387 διῃρημένοις

168 2406 283 2438 τόπους.

205 2451 304 2479 Ταῦτα
319 2449 440 2488 εἰρηκὼς
448 2450 489 2483 εἰς
504 2450 640 2483 ἀπόδειξιν
653 2450 702 2486 τῆς
720 2459 750 2477 τε
767 2450 909 2486 δυνάμεως
925 2450 971 2477 καὶ

1061 2445 1121 2474 Jam
1139 2451 1203 2472 vero
1217 2444 1259 2471 his
1274 2442 1356 2470 dictis
1370 2442 1405 2469 ob
1417 2442 1469 2469 vim
1480 2442 1668 2477 smvitiainque
1680 2443 1826 2470 ostenden-

168 2498 223 2534 τῆς
233 2497 378 2534 ὠμότητος
389 2494 462 2535 ᾗπερ
476 2497 611 2533 ἐχρήσατο
622 2497 683 2524 κατ’
695 2496 786 2524 αὐτῶν
798 2496 973 2532 ὁἈσσύριος,

170 2542 276 2578 ἐπάγει
288 2549 295 2556 ·
324 2549 335 2567 ι
349 2539 463 2573 Ἐπάξει
478 2541 584 2576 Κύριος
605 2541 706 2577 ἀνέμου
734 2541 863 2568 καύσωνα
879 2542 911 2567 ἐκ
924 2540 975 2576 τῆς

169 2587 280 2624 ἐρήμου
294 2586 338 2613 ἐπ’
353 2585 446 2620 αὐτὸν,
459 2586 508 2614 καὶ
519 2586 686 2622 ἀναξηρανεῖ
699 2586 749 2618 τὰς
762 2586 864 2621 φλέϐας
881 2585 974 2618 αὑτοῦ,

170 2634 222 2662 καὶ
232 2631 407 2670 ἐξερημώσει
421 2633 471 2665 τὰς
485 2632 578 2669 πηγὰς
598 2632 693 2662 αὑτοῦ.
716 2632 764 2659 καὶ
781 2631 871 2660 πάντα
893 2631 976 2659 αὑτοῦ

169 2681 207 2708 τὰ
219 2680 309 2716 σκεύη
323 2679 358 2707 τὰ
380 2678 551 2716 ἐπιθυμητὰ.
569 2689 578 2706 ι
606 2679 718 2712 Ἐπάξει
735 2679 790 2716 γὰρ
809 2679 884 2714 αὐτῷ
897 2679 977 2706 πολέ-

172 2736 238 2764 μιον
249 2735 258 2744 ·
278 2726 354 2763 λέγει
365 2726 448 2755 δὲτδν
459 2726 514 2754 τῶν
524 2725 706 2753 Βαϐυλωνίων
721 2725 831 2761 βασιλέα
844 2726 873 2757 ὂς
882 2725 977 2761 ὥσπερ

171 2775 207 2802 ἐκ
223 2779 299 2806 τινος
322 2772 467 2811 πόρρωθεν
490 2773 621 2808 κειμένης
652 2772 755 2808 χώρας,
780 2772 859 2807 δίκην
876 2772 977 2807 ἀνέμου

171 2819 318 2853 καύσωνος
333 2820 433 2856 ἁθρόον
447 2818 580 2851 ἐπελθὼν,
589 2819 649 2846 ὅλον
659 2818 741 2846 αὑτὸν
755 2819 864 2852 ἀφανιεῖ
874 2817 960 2844 διόλου
969 2826 976 2833 ⁸

171 2868 227 2904 τήν
237 2872 268 2894 τε
279 2867 435 2904 εὐπραγίαν
444 2865 541 2898 αὐτοῦ,
549 2866 596 2892 καὶ
610 2865 659 2899 τὴν
671 2865 726 2892 τῶν
740 2865 895 2900 προσόντων
910 2864 978 2899 ἀγα.

173 2912 234 2942 θῶν
249 2911 394 2949 ἀφθονίαν,
412 2914 452 2945 είς
471 2912 591 2948 ἐρημίαν
609 2911 783 2946 μεταστήσας
795 2919 801 2926 ·
823 2911 869 2937 καὶ
890 2911 978 2938 πάντα

207 2999 233 3018 ³¹
249 3002 425 3036 Palmum,
442 3003 470 3030 3.
510 3001 533 3019 "
547 3001 619 3029 Psal.
638 3008 692 3031 ori.
706 3001 732 3029 Ξ.

1028 2494 1101 2526 dam,
1122 2499 1175 2530 qua
1189 2493 1231 2518 usi
1258 2490 1369 2517 fuerunt
1385 2489 1517 2516 adversus
1531 2497 1579 2516 eos
1596 2489 1714 2525 Assyrii,
1731 2496 1825 2524 prose-

1029 2540 1141 2577 quitur:
1156 2546 1165 2562 t
1178 2537 1301 2565 Adducet
1317 2536 1450 2563 Dominus
1464 2540 1588 2563 urentem
1605 2540 1716 2563 ventum
1729 2542 1761 2563 ex
1777 2537 1824 2563 «le--

1030 2590 1105 2615 serto
1123 2593 1205 2620 super
1216 2585 1317 2619 ipsum,
1341 2588 1368 2611 et
1380 2582 1496 2610 siccabit
1510 2589 1594 2610 venas
1606 2580 1677 2615 ejus,
1691 2586 1718 2608 et
1734 2581 1825 2610 fontes

1031 2634 1091 2669 ejus
1101 2631 1246 2664 desolabil,
1256 2635 1338 2665 atque
1349 2629 1442 2656 omnia
1455 2636 1518 2655 vasa
1527 2629 1586 2662 ejus
1597 2626 1797 2654 desiderabilia.
1813 2638 1821 2652 ι

1031 2678 1183 2707 Adducetei
1196 2678 1301 2705 hostem
1315 2685 1321 2703 :
1334 2675 1399 2702 dicit
1407 2678 1497 2701 autem
1506 2672 1714 2708 Babyloniorum
1723 2680 1824 2707 regem,

1031 2727 1078 2762 qui
1095 2730 1226 2761 tanquam
1245 2730 1277 2751 ex
1291 2722 1381 2757 aliqua
1400 2721 1549 2756 longinqua
1566 2718 1694 2754 regione,
1711 2719 1738 2746 in
1753 2721 1826 2747 venti

1033 2773 1137 2801 urentis
1163 2769 1367 2799 similitudinem
1391 2772 1502 2802 repente
1530 2766 1739 2801 superveniens,
1765 2767 1826 2794 uni-

1032 2826 1141 2847 versum
1155 2817 1284 2846 Israelem
1301 2814 1414 2841 omnino
1431 2812 1546 2847 delebit;
1561 2812 1675 2847 ejusque
1689 2812 1828 2848 prosperi-

1034 2869 1128 2896 tatem,
1147 2864 1337 2896 bonorumque
1350 2858 1528 2891 affluentiam,
1545 2858 1572 2885 in
1589 2857 1746 2885 vastitatem
1761 2864 1829 2885 con-

1034 2915 1137 2943 vertet;
1156 2909 1337 2944 ejusdemque
1354 2914 1450 2935 omnes
1478 2905 1635 2937 facultates,
1649 2908 1677 2932 et
1695 2903 1826 2939 quidquid
