4102 6462
429 507 537 564 907

1618 505 1962 566 TIIEODORI
2005 504 2484 565 MOPSCESTENI

3572 507 3683 566 208

428 620 621 690 majori
675 625 846 693 pretio
905 625 1201 684 habebatur
1248 627 1489 685 funditus
1547 627 1810 684 destruet.
1864 624 1999 679 Nam

2107 624 2171 694 δὴ
2226 625 2292 678 τὰ
2349 624 2619 698 προσόντα
2664 625 2834 695 αὐτῷ,
2870 626 2962 680 καὶ
3006 625 3204 697 πολλῆς
3256 624 3533 697 ἠξιωμένα
3579 624 3682 696 τῆς

430 712 629 780 verbis,
650 731 669 764 ι
696 712 797 769 Ubi
831 717 963 773 ultio
993 727 1105 783 tua,
1142 720 1329 776 mors?
1356 720 1445 775 ubi
1470 718 1727 774 stimulus
1756 717 2003 783 tuus,in-

428 797 615 856 fet-ne?
638 820 657 853 ι
678 803 1059 875 subjungitur:
1078 805 1404 881 «Propterea
1423 807 1513 864 hic
1528 808 1670 865 inter
1686 808 1884 865 fratres
1915 807 2001 861 di-

427 887 592 953 videt,
618 908 638 943 ι
669 899 724 946 et
745 892 971 962 reliqua;
989 894 1060 947 ita
1085 905 1264 949 tamen
1293 904 1351 950 ut
1378 896 1698 951 intermedia
1716 898 1823 952 sint
1841 896 2003 951 verba

427 978 514 1033 illa
546 1001 557 1035 :
582 997 600 1031 ι
620 980 938 1038 Consolatio
953 984 1270 1040 abscondita
1293 995 1379 1042 est
1400 988 1469 1042 ab
1498 990 1673 1043 oculis
1706 989 1847 1055 tuis;
1875 1006 1895 1040 ι
1927 988 2004 1044 si-

426 1069 718 1139 gnificante
747 1074 1032 1144 propheta,
1067 1085 1387 1132 eventurum
1418 1078 1547 1134 illud
1591 1078 1736 1148 quod
1775 1087 2004 1133 eatenus

429 1160 647 1217 latebat.
690 1163 796 1219 Sed
845 1167 991 1222 enim
1035 1177 1324 1240 postquam
1359 1170 1601 1240 ipsorum
1641 1173 1696 1225 in
1725 1172 2001 1225 meliorem

428 1262 629 1309 statum
662 1257 1251 1327 dixitconversionem,
1277 1262 1519 1333 loquitur
1548 1279 1743 1319 rursus
1777 1264 1845 1319 de
1876 1278 2003 1319 mox

429 1356 748 1418 correptuta
778 1350 995 1406 eosdem
1023 1352 1222 1423 ptenali
1254 1354 1585 1408 calamitate.

1051 1442 1205 1499 CAP.
1246 1442 1387 1500 XIV.

500 1531 666 1587 Vens.
706 1534 818 1589 1-3.
855 1564 926 1577 -
970 1552 990 1587 ι
1043 1534 1365 1592 Destruetur
1426 1536 1695 1601 Samaria,
1744 1536 2001 1606 quoniam

430 1621 483 1676 in
511 1620 676 1677 Deum
709 1638 869 1679 suum
895 1623 1195 1679 rebellavit.
1222 1623 1415 1679 Gladio
1440 1625 1669 1692 cadent;
1709 1634 1825 1678 tum
1881 1624 2004 1678 illo-

426 1732 546 1771 rum
567 1718 827 1773 lactentes
858 1719 975 1773 solo
1002 1717 1328 1796 allidentur;z
1353 1728 1406 1775 et
1435 1717 1557 1774 fetae
1589 1718 1831 1789 ipsorum
1860 1718 2006 1774 scin-

425 1811 641 1866 dentur.
691 1830 709 1863 ι
764 1810 919 1866 Tunc
959 1825 1109 1882 ergo,
1170 1811 1368 1880 inquit,
1419 1810 1677 1882 prtedicta
1741 1810 2001 1865 beneficia

424 1901 701 1970 insperato
729 1901 971 1956 conferet
987 1898 1248 1955 Dominus
1271 1900 1518 1970 captivis.
1544 1896 1653 1954 Sed
1705 1907 1831 1954 ante
1867 1896 2001 1952 illud

2108 715 2348 786 σπουδῆς
2382 718 2604 785 ἀφανιεῖ
2629 716 2880 784 καθάπαξ
2898 733 2909 746 ⁸
2935 718 3070 789 πρὸς
3090 718 3198 789 γὰρ
3224 716 3305 781 τὸ,
3325 736 3344 768 ι
3368 717 3479 769 Ποῦ
3502 719 3535 788 ή
3557 716 3680 788 δίκη

2106 821 2221 870 σου,
2266 806 2485 872 θάνατε;
2514 807 2618 861 ποῦ
2659 808 2721 861 τὸ
2771 808 2993 879 κέντρον
3030 825 3147 872 σου,
3176 807 3349 879 ᾅδης)
3400 808 3632 878 ἐπῆκται
3661 821 3680 838 ’

2110 915 2127 947 ι
2158 898 2301 951 Διότι
2346 891 2501 963 οὗτος
2550 900 2654 953 ἀνά
2699 899 2862 971 μέσον
2901 899 3146 969 ἀδελφῶν
3189 899 3485 962 διαστελεῖ,
3525 916 3544 950 ι
3587 898 3683 951 καὶ

2103 987 2173 1042 τά
2201 988 2326 1057 ἑξῆς
2349 1008 2361 1018 ·
2398 989 2539 1043 ὥστε
2568 986 2708 1044 εἶναι
2740 990 2829 1043 διὰ
2857 991 3045 1061 μέσου,
3076 990 3137 1043 τὸ
3176 1009 3194 1041 ι
3224 990 3573 1062 Παράκλησις
3600 988 3685 1041 κέ-

2104 1095 2344 1150 κρυπται
2392 1080 2501 1132 ἀπὸ
2542 1080 2833 1150 ὀφθαλμῶν
2882 1071 2995 1143 σου,
3028 1099 3045 1131 ι
3081 1079 3385 1151 δηλοῦντος,
3412 1079 3493 1131 ὃτι
3523 1078 3684 1147 γενή-

2106 1187 2255 1223 σεται
2279 1170 2435 1237 tofi-:0
2462 1171 2489 1224 ό
2516 1171 2611 1224 νῦν
2656 1173 2841 1235 αὐτοῖς
2867 1172 3059 1243 ἄδηλόν
3084 1175 3199 1225 ἐστι
3228 1172 3384 1235 τέως.
3424 1165 3556 1223 Εἶτα
3582 1170 3683 1240 τὴν
3734 1162 3743 1167 ’

2104 1263 2195 1316 ἐπὶ
2216 1262 2277 1315 τὸ
2303 1264 2548 1333 κρεῖττον
2569 1263 2746 1316 αὐτῶν
2777 1264 3081 1336 μεταϐολὴν
3106 1263 3365 1334 εἰρηκὼς,
3404 1262 3551 1331 λέγει
3572 1260 3681 1315 πά·

2103 1353 2185 1406 λιν
2213 1353 2309 1425 τὴν
2335 1352 2430 1407 νῦν
2463 1353 2794 1419 καθέξουσαν
2823 1356 3021 1421 agitati;
3046 1356 3337 1427 τιμωρίαν.

2744 1445 2901 1498 ΚΕΦ.
2947 1444 3045 1500 ΙΔ⁹.

2174 1536 2319 1606 Στίχ.
2348 1535 2501 1604 ari-7'.
2525 1566 2590 1575 —
2609 1553 2627 1586 ι
2654 1534 3109 1604 Ἀφανισθήσεται
3129 1532 3433 1604 Σαμάρεια,
3449 1534 3533 1587 ὅτι
3558 1534 3686 1588 ἀντ-

2106 1627 2236 1696 έστη
2281 1627 2416 1698 πρὸς
2461 1626 2551 1679 τὸν
2577 1626 2711 1679 Θεὸν
2752 1626 2952 1696 αὐτῆς
2994 1626 3052 1678 ἐν
3097 1625 3343 1696 ῥομφαίᾳ
3370 1624 3679 1688 πεσοῦνται,

2105 1719 2199 1771 καὶ
2234 1718 2302 1772 τὰ
2349 1719 2633 1772 ὑποτίτθια
2676 1719 2856 1772 αὐτῶν
2893 1717 3363 1789 ἐδαφισθήσονται,
3413 1717 3508 1771 καὶ
3536 1720 3591 1772 al
3622 1719 3683 1771 ἐν

2102 1813 2301 1882 γαστρὶ
2332 1810 2508 1864 αὐτῶν
2556 1810 2774 1881 ἔχουσαι
2821 1811 3295 1883 διαρῤαγήσονται.
3327 1829 3347 1862 ι
3400 1810 3533 1863 Τότε
3582 1809 3682 1880 μέν

2104 1884 2431 1972 οὗν,“φησὶν,
2474 1903 2657 1955 ἐκεῖνα
2698 1902 2925 1973 παρέξει
2959 1902 3109 1972 παρά
3143 1904 3324 1955 πᾶσαν
3349 1901 3542 1956 ἐλπίδα
3568 1906 3685 1966 τοῖς

424 2000 641 2063 tempus
656 1992 911 2062 corripiet
931 2006 1026 2047 eos
1043 1990 1271 2047 exitium
1285 1991 1691 2062 gravissimum,
1714 1999 1999 2059 propterea

2106 1994 2380 2063 γεγονόσιν
2409 1994 2775 2065 αἰχμαλώτοις
2795 2010 2808 2026 ο
2858 1995 2964 2064 πρὸ
2985 1995 3040 2048 δέ
3077 2012 3140 2063 γε
3189 1995 3413 2049 ἐκείνων
3445 1995 3653 2067 καταλη
3673 2025 3686 2036 -

422 2084 567 2154 quod
591 2086 867 2139 contraria
897 2082 1006 2139 Deo
1030 2082 1258 2138 fecerint
1287 2100 1300 2138 :
1334 2097 1568 2152 namque
1583 2081 1998 2136 acerbissimum

420 2176 773 2247 experientur
827 2176 1050 2241 bellum,
1107 2176 1162 2230 in
1208 2183 1422 2229 tantum
1456 2182 1517 2228 ut
1563 2190 1633 2229 ne
1681 2173 1998 2229 lactentium

426 2267 644 2338 quidem
675 2269 1024 2339 parvulorum
1071 2267 1182 2339 66
1208 2266 1483 2321 miserturi
1523 2265 1635 2321 sint
1671 2266 1874 2330 hostes,
1906 2280 2001 2319 ne-

425 2376 535 2431 que
563 2361 848 2415 mulierum
871 2359 1244 2431 gravidarum.
1283 2356 1396 2427 Age
1435 2372 1563 2412 vero
1592 2364 1881 2427 postquam
1905 2373 2002 2413 eos

424 2457 812 2505 eventurorum
891 2448 1159 2502 malorum
1189 2446 1710 2501 commemoratione
1759 2446 1892 2502 satis
1932 2448 1996 2501 ad

422 2541 747 2597 modestiam
798 2542 1130 2610 composuit,
1169 2554 1316 2595 nunc
1352 2537 1702 2608 promissioni
1736 2538 1999 2595 insistens

418 2646 583 2704 quam
620 2632 676 2687 in
710 2632 1085 2702 superioribus
1119 2630 1267 2697 fecit,
1305 2629 1654 2699 futuramque
1679 2628 1788 2684 illis
1830 2630 1997 2686 mole-

424 2722 655 2778 stiarum
710 2721 1036 2777 solutionem
1069 2720 1420 2791 portendens,
1443 2719 1521 2776 ait
1552 2737 1566 2774 :
1592 2736 1611 2770 t
1647 2717 1996 2782 Convertere.

430 2811 615 2879 Israel,
646 2812 713 2867 ad
749 2810 1035 2866 Dominum
1062 2810 1230 2865 Deum
1269 2819 1443 2875 tuum,
1473 2808 1734 2879 quoniam
1768 2809 2002 2864 infirma-

427 2910 524 2957 tus
564 2917 625 2958 es
665 2903 720 2956 in
775 2901 1158 2972 iniquitatibus
1221 2900 1352 2954 tuis.
1392 2916 1411 2950 ι
1466 2899 1574 2969 Age
1617 2897 1750 2969 iam,
1788 2900 2002 2969 respice

426 2992 589 3047 modo
636 2992 702 3046 ad
740 2991 947 3059 Deum;
992 3001 1045 3048 et
1104 2992 1432 3046 voluntatem
1463 2989 1582 3059 ejus
1627 2992 1996 3057 considerans,

426 3084 483 3138 in
534 3091 790 3153 quantam
843 3082 1057 3139 veneris
1111 3082 1182 3137 ob
1220 3082 1416 3137 delicta
1480 3090 1571 3137 tua
1629 3083 1999 3138 infirmitatem

424 3189 696 3245 cognosce
733 3192 746 3228 :
801 3182 855 3229 et
886 3189 1009 3230 cum
1041 3174 1316 3245 insperato
1345 3174 1776 3229 incumbentium
1822 3173 1999 3227 malo-

2099 2085 2259 2155 ψεται
2276 2084 2369 2139 νῦν
2396 2085 2591 2149 αὐτοὺς
2614 2084 2857 2139 ἀπώλεια
2883 2085 3180 2158 βαρυτάτη,
3206 2085 3345 2157 ὑπὲρ
3372 2080 3447 2139 ὧν
3467 2088 3684 2140 ἐναντία

2078 2179 2303 2232 ἐἴλοντο
2352 2177 2429 2249 τῷ
2465 2177 2612 2249 Θεῷ’
2676 2178 2914 2248 πολέμου
2962 2178 3070 2247 γάρ
3115 2180 3173 2231 ἐν
3209 2177 3376 2249 πείρᾳ
3412 2180 3686 2248 καταστή-

2102 2287 2282 2323 σονται
2311 2270 2660 2338 πικροτάτου,
2685 2268 2760 2332 ὡς
2793 2269 2931 2339 μήτε
2963 2269 3072 2321 τῶν
3101 2267 3183 2321 ἔτι
3212 2268 3684 2340 γαλακτοτρόφου-

2103 2361 2279 2433 μένων
2306 2361 2533 2414 παιδίων
2563 2361 2709 2414 ἔλεον
2748 2356 2889 2415 εἶναι
2920 2360 3219 2430 πολεμίοις,
3265 2361 3402 2431 μήτε
3443 2361 3551 2430 μὴν
3576 2359 3682 2413 τῶν

2104 2452 2378 2524 γυναικῶν
2394 2453 2501 2507 τῶν
2521 2455 2734 2522 ἐγκύων
2749 2470 2762 2482 ·
2782 2454 2874 2507 καὶ
2894 2453 3189 2523 ἐπειδήπερ
3205 2453 3399 2515 αὐτοὺς
3411 2455 3475 2522 τῇ
3497 2452 3686 2524 μνήμῃ

2110 2545 2221 2600 τῶν
2255 2545 2715 2616 καταληψομένων
2753 2545 2949 2608 αὐτοὺς
2980 2545 3166 2599 κακῶν
3195 2544 3554 2616 ἐσωφρόνισεν
3583 2544 3682 2597 αύ-

2100 2637 2338 2707 τάρκως,
2369 2635 2677 2688 ἀκολουθῶν
2704 2638 2771 2705 τῇ
2804 2635 3108 2705 ἐπαγγελίᾳ
3139 2636 3207 2707 ἢν
3244 2636 3303 2688 ἐν
3333 2638 3446 2697 τοῖς
3482 2634 3686 2688 ἀνωτὲο

2105 2743 2218 2796 ροις
2254 2727 2571 2796 ἐποιήσατο,
2616 2726 2692 2797 (ρ.
2727 2727 2851 2797 100)
2896 2728 2996 2798 τὴν
3027 2726 3292 2797 ἐσομένην
3321 2725 3503 2787 αὐτοῖς
3530 2725 3684 2779 λύσιν

2102 2816 2210 2870 τῶν
2221 2817 2478 2891 λυπηρῶν
2495 2816 2957 2887 μηνύων,ἐπάγει·
2972 2833 2989 2866 t
3014 2813 3429 2886 Ἐπιστράφηθι,
3447 2811 3682 2885 Ἰσραὴλ,

2103 2907 2239 2978 πρὸς
2278 2907 2481 2979 Κύριον
2508 2908 2597 2961 τὸν
2636 2907 2771 2961 Θεόν
2818 2924 2935 2972 σου,
2968 2906 3101 2960 διότι
3134 2908 3439 2976 ἡσθένησας
3477 2908 3535 2958 ἐν
3564 2908 3683 2968 ταῖς

2100 2996 2335 3057 ἀδικίαις
2364 3011 2481 3049 σου.
2521 3013 2539 3046 ι
2600 2993 2760 3047 Ἀλλά
2805 2995 2915 3065 γὰρ
2961 2993 3056 3048 νῦν
3097 2993 3163 3062 δὴ
3197 2992 3385 3046 νεῦσον
3414 2990 3548 3062 πρὸς
3593 2991 3684 3044 τὸν

2101 3087 2256 3154 Θεὸν,
2310 3088 2404 3140 καὶ
2434 3085 2504 3140 τά
2553 3085 2699 3157 αὐτῷ
2730 3084 2991 3139 δοκοῦντα
3020 3084 3501 3154 ἀναλογισάμενος,
3543 3081 3686 3153 ὑπὲρ

2103 3172 2178 3235 ὧν
2206 3179 2450 3251 ὴσέϐεις,
2471 3181 2549 3244 είς
2581 3179 2713 3249 ὅσην
2741 3177 3081 3249 κατηνέχθης
3105 3177 3391 3230 ἀσθένειαν
3417 3194 3431 3207 ·
3469 3175 3564 3230 καὶ
3591 3176 3687 3226 λα-

426 3281 546 3319 rum
595 3266 919 3321 solutionem
962 3266 1040 3321 sis
1084 3275 1298 3331 nactus,
1336 3266 1405 3321 da
1428 3282 1647 3337 operam
1709 3277 1772 3321 ut
1802 3266 1999 3322 debitis

2106 3272 2213 3326 ϐὼν
2249 3275 2375 3344 παρ’
2405 3271 2595 3325 ἐλπίδα
2646 3270 2755 3324 τῶν
2808 3270 3321 3341 προσπεπτωκότων
3368 3268 3551 3323 κακῶν
3586 3265 3685 3337 τὴν

426 3359 615 3415 ciliciis
654 3360 710 3414 in
766 3367 1043 3431 posterum
1081 3358 1419 3431 defungaris.
1453 3378 1471 3412 t
1500 3358 1697 3414 Tollite
1717 3359 1998 3414 vobiscum

396 3453 615 3529 ‘verba,
645 3459 699 3505 et
727 3450 1104 3506 convertimini
1124 3450 1192 3505 ad
1224 3450 1514 3505 Dominum
1535 3450 1706 3505 Deum
1733 3457 1996 3506 vestrum.

428 3542 598 3598 Dicite
625 3543 674 3598 ei
714 3561 727 3597 :
770 3541 932 3598 Potes
983 3557 1145 3597 omne
1200 3541 1419 3597 auferre
1467 3549 1792 3611 peccatum;
1825 3552 1882 3596 ut
1926 3541 2001 3596 ita

428 3647 537 3689 non
576 3634 872 3690 assumatis
918 3633 1283 3705 iniquitatem,
1332 3632 1428 3689 sed
1477 3633 1710 3705 capiatis
1770 3634 1928 3688 bona.
1976 3652 1995 3687 ι

428 3727 540 3782 llos
559 3725 960 3797 quodammodo
987 3738 1270 3780 sermones
1300 3724 1441 3779 inter
1476 3739 1572 3779 vos
1602 3732 1792 3779 mutuo
1814 3726 2000 3790 serite,

425 3817 625 3888 quibus
659 3831 851 3872 omnes
886 3830 983 3887 per
1008 3815 1190 3869 omnia
1220 3814 1290 3868 ad
1331 3812 1498 3868 Deum
1521 3812 1787 3880 tendatis;
1820 3822 2003 3869 certa-

426 3924 534 3979 que
561 3909 663 3964 tlde
683 3908 924 3964 credatis
954 3922 1116 3978 posse
1142 3906 1309 3964 Deum
1343 3915 1526 3964 vestra
1561 3906 1746 3962 omnia
1774 3914 2002 3977 peccata

427 4002 627 4068 delere,
684 4001 730 4057 si
779 4008 929 4056 certe
968 4015 1066 4056 vos
1106 3999 1436 4070 poenitentes
1465 3999 1520 4053 in
1554 3999 2004 4069 contingentibus

427 4096 625 4152 viderit
680 4093 1129 4151 calamitatibus:
1170 4101 1336 4165 atque
1381 4094 1495 4165 jam
1533 4094 1682 4148 omni
1729 4093 2007 4163 impietate

425 4185 666 4251 omissa,
700 4183 918 4239 uberem
948 4182 1311 4254 impetrabitis
1340 4184 1607 4241 bonorum
1642 4199 1674 4238 a
1699 4181 1811 4239 Deo
1843 4182 2006 4254 largi-

427 4279 653 4333 tionem.
704 4275 986 4348 Simulque
1011 4277 1243 4333 invicem
1279 4276 1667 4341 exhortemini,
1701 4276 1769 4332 ad
1811 4290 2007 4347 perpe-

427 4383 553 4425 tuos
584 4370 661 4424 illi
706 4369 935 4441 hymnos
976 4379 1032 4427 et
1055 4370 1355 4445 gratiarum
1402 4373 1647 4428 actiones
1683 4370 1753 4426 ob
1784 4385 1846 4426 ea
1884 4382 2006 4440 qua:

428 4463 720 4534 possidetis
747 4464 910 4530 bona,
940 4462 1298 4520 attollendus.

498 4711 665 4775 Vens.
697 4704 813 4769 {-8.
840 4743 906 4757 --
939 4731 958 4765 ι
1015 4717 1189 4769 Assur
1227 4727 1335 4768 non
1376 4712 1608 4769 salvablt
1658 4727 1796 4782 nos;
1839 4728 2005 4784 super

428 4819 601 4876 equos
619 4819 726 4860 non
744 4804 1134 4872 ascendemus;
1168 4804 1312 4859 haud
1332 4804 1475 4859 ultra
1490 4805 1739 4861 dicemus
1770 4804 2005 4876 opificiis

438 4897 683 4955 nostris:
719 4895 802 4950 Dii
830 4896 1005 4952 nostri
1038 4896 1192 4952 estis.
1240 4913 1259 4949 ι
1286 4893 1405 4949 Νοιι
1437 4896 1583 4951 enim
1606 4896 1817 4967 Assyrii
1848 4896 2004 4952 dein-

430 5006 563 5062 ceps
621 4988 985 5060 indigebimus
1020 4988 1246 5053 auxilio,
1306 4985 1435 5042 facti
1459 4986 1574 5057 jam
1606 4988 1657 5043 ei
1689 4972 2000 5056 superiores

427 5085 500 5140 ob
545 5083 791 5139 divinum
847 5078 1231 5151 patrocinium.
1263 5077 1449 5149 Neque
1470 5079 1627 5150 equis
1669 5088 1882 5137 utentes
1936 5080 2006 5137 ad

430 5176 612 5247 fugam
659 5173 1063 5246 spectabimus;
1096 5172 1250 5228 adest
1301 5172 1447 5229 enim
1488 5173 1784 5228 auxiliator
1841 5172 2008 5230 Deus.

430 5267 567 5322 Tum
602 5269 749 5324 etab
781 5267 876 5322 illo
923 5279 1111 5321 errore
1160 5265 1351 5336 procul
1390 5272 1576 5335 postea
1626 5267 1854 5331 erimus,
1915 5282 2012 5323 eos

431 5376 568 5429 quos
619 5340 721 5429 ipsi
778 5359 1030 5424 fecimus,
1072 5356 1206 5413 deos
1248 5355 1573 5427 appellandi.
1629 5377 1650 5411 ι
1689 5356 1827 5425 Quia
1869 5359 1924 5415 in
1957 5364 2037 5415 ιον

434 5452 783 5507 ιιιίειιτοῢὶιυι·
810 5452 1020 5522 pupilli.
1057 5469 1076 5502 ι
1112 5449 1244 5505 Date
1272 5463 1490 5519 operam
1524 5458 1583 5505 ut
1615 5467 1722 5506 una
1763 5466 1885 5506 cum
1916 5453 2012 5509 be-

434 5546 614 5599 nivolo
634 5545 960 5612 sinceroque
986 5557 1113 5614 erga
1136 5542 1299 5596 Deum
1316 5539 1533 5609 aﬂectu,
1556 5545 1829 5612 egentium
1869 5560 2009 5615 quo-

433 5653 542 5708 que
574 5635 962 5693 misereamini.
1019 5653 1038 5685 ι
1077 5634 1294 5689 Sanabo
1349 5634 1715 5691 habitationes
1773 5651 2003 5704 eorum;

431 5729 655 5800 diligam
702 5743 798 5784 eos
825 5726 1133 5789 manifeste,
1167 5727 1294 5797 quia
1346 5742 1571 5783 aversus
1603 5728 1712 5800 67
1736 5738 1817 5785 est
1853 5728 2007 5784 furor

433 5834 589 5876 meus
616 5820 686 5875 ab
736 5821 837 5876 eis.
878 5839 897 5872 ι
928 5820 983 5874 Si
1035 5821 1130 5884 ita,
1188 5820 1384 5891 inquit.
1424 5828 1474 5875 te
1511 5820 1772 5891 gesseris,
1815 5821 2006 5878 audies

432 5910 603 5971 Deum
635 5913 1165 5986 hecpromittentem
1202 5924 1365 5986 atque
1393 5913 1706 5981 facientem,
1734 5922 1895 5987 teque
1950 5915 2006 5972 in

2103 3365 2279 3430 λύσιν,
2323 3361 2703 3433 ἐπιμελεῖσθαι
2732 3360 2918 3414 λοιπὸν
2954 3359 3220 3424 σπούδαζε
3247 3357 3340 3411 τοῦ
3380 3358 3685 3429 προσήκον-

2104 3474 2214 3521 τος.
2247 3473 2263 3505 ι
2288 3453 2607 3507 Ἀναλάϐετε
2648 3452 2766 3522 μεθ’
2805 3449 3016 3502 ἑαυτῶν
3046 3450 3256 3517 λόγους,
3292 3449 3388 3502 καὶ
3419 3445 3684 3516 ἐπιστρέμ

2106 3563 2244 3617 φητε
2294 3544 2429 3614 πρὸς
2467 3543 2670 3613 Κύριον
2721 3541 2813 3595 τὸν
2844 3540 2978 3594 Θεὸν
3023 3540 3176 3611 ὑμῶν
3204 3557 3217 3570 ·
3272 3539 3461 3593 εἴπατε
3510 3536 3684 3607 αὐτῷ,

2104 3639 2337 3691 Δύνασαι
2371 3639 2551 3689 πᾶσαν
2578 3636 2830 3705 ἀφαιρεῖν
2863 3634 3134 3703 ἁμαρτίαν
3157 3649 3169 3663 ·
3197 3633 3344 3695 ὅπως
3376 3630 3453 3701 μὴ
3480 3628 3681 3701 λάϐητε

2108 3727 2341 3790 ἀδικίαν,
2377 3726 2472 3779 καὶ
2507 3725 2594 3778 ἵνα
2636 3723 2838 3794 λάϐητε
2869 3724 3066 3793 ἀγαθά.
3101 3742 3119 3775 ι
3169 3722 3441 3785 Τοιούτοις
3479 3721 3541 3791 δή
3572 3736 3681 3773 τισι

2109 3818 2245 3891 πρὸς
2275 3816 2539 3886 ἀλλήλους
2567 3815 2842 3887 χρήσασθε
2875 3816 2988 3878 τοῖς
3020 3814 3218 3882 λόγοις,
3252 3812 3318 3865 δι’
3362 3804 3436 3865 ὧν
3464 3811 3681 3865 νεύσετε

2109 3909 2210 3980 μὲν
2246 3908 2358 3961 ὅλοι
2389 3906 2453 3959 δι’
2489 3906 2626 3960 ὅλων
2661 3905 2795 3976 πρὸς
2832 3903 2964 3957 Θεόν
2989 3921 3004 3935 ·
3057 3901 3423 3974 ἀναμφίϐολον
3451 3901 3505 3954 δὲ
3532 3900 3681 3965 ἕξετε

2107 3998 2205 4067 τὴν
2248 3996 2453 4061 πίστιν,
2488 3993 2580 4048 τοῦ
2614 3993 2793 4058 πάσας
2817 3996 3070 4067 ἀφαιρεῖν
3105 3992 3257 4063 ὑμῶν
3285 3991 3383 4054 τὰς
3412 3991 3688 4061 ἁμαρτίας

2107 4088 2398 4159 αὐτάρκως
2419 4086 2562 4158 ἔχειν
2596 4086 2687 4139 τὸν
2715 4086 2868 4152 Θεὸν,
2895 4085 3054 4155 εῐπερ
3078 4080 3171 4138 οὖν
3208 4084 3351 4155 ὑμᾶς
3388 4100 3520 4153 μετα
3530 4081 3688 4152 μελο-

2111 4180 2308 4253 μένους
2360 4178 2453 4232 ἐπὶ
2485 4179 2597 4243 τοῖς
2633 4177 3022 4248 συμϐαίνουσιν
3072 4175 3168 4229 ίδοι
3220 4178 3440 4239 κακοῖς’
3514 4174 3589 4237 ὡς
3620 4172 3689 4227 ἂν

2113 4270 2309 4344 μηκέτι
2340 4268 2477 4342 πρὸς
2520 4268 2771 4322 ἀσέϐειαν
2813 4264 3081 4329 νεύοντες,
3112 4263 3342 4333 ἄφθονον
3375 4262 3548 4333 ἔχοιτε
3579 4261 3688 4315 τῶν

2109 4363 2331 4435 ἀγαθῶν
2365 4360 2517 4434 παρὰ
2550 4360 2684 4415 Θεοῦ
2718 4358 2815 4430 τὴν
2844 4356 3139 4430 χορηγίαν
3175 4356 3269 4410 καὶ
3311 4352 3689 4425 προτρέψασθε

2110 4459 2313 4520 πάντες
2342 4453 2601 4527 ἀλλήλους
2629 4451 2893 4523 διηνεκεῖς
2922 4447 3071 4519 αὐτῷ
3095 4448 3219 4510 τοὺς
3251 4446 3452 4517 ὖμνους
3473 4443 3688 4507 καὶτὰς

2110 4545 2458 4620 εὐχαριστίας
2494 4542 2633 4614 ὑπὲρ
2674 4540 2785 4595 τῶν
2821 4538 3180 4611 ὑπαρξάντων
3229 4538 3357 4607 ὑμῖν
3396 4532 3687 4589 ἀποδοῦναι

2039 4618 2084 4674 θ
2110 4618 2311 4695 καλῶν.

2184 4730 2336 4801 Στίχ.
2366 4728 2515 4798 δ’-η’.
2547 4754 2618 4767 -—
2663 4743 2683 4777 σ
2710 4723 2943 4796 Ἀσσοῦρ
2978 4722 3041 4777 οὐ
3085 4722 3161 4795 μὴ
3209 4720 3357 4794 σώσῃ
3392 4720 3561 4791 ἡμᾶς,
3604 4716 3690 4786 ἐφ’

2111 4822 2296 4876 ῖππων
2325 4820 2425 4874 οὐκ
2450 4812 2856 4888 ἀναϐησόμεθα,
2884 4813 3067 4868 οὐκέτι
3097 4815 3159 4868 ού
3188 4815 3264 4885 μὴ
3298 4813 3547 4885 εἴπομεν,
3564 4809 3691 4864 Θεοί

2114 4913 2295 4985 ἡμῶν,
2316 4911 2425 4977 τοῖς
2444 4911 2625 4984 ἔργοις
2647 4907 2755 4961 τῶν
2792 4907 2991 4979 χειρῶν
3029 4906 3204 4979 ἡμῶν.
3231 4924 3251 4958 ι
3296 4904 3433 4961 Οὔτε
3461 4903 3569 4974 γὰρ
3589 4903 3691 4993 της

2110 5004 2207 5059 τοῦ
2242 5002 2530 5073 Ἀσσυρίου
2563 5000 2745 5055 λοιπὸν
2790 5000 3095 5073 δεησόμεθα
3127 4998 3399 5071 βοηθείας,
3429 4996 3691 5068 ἀνώτεροι

2109 5095 2451 5159 καθεστῶτες
2492 5092 2657 5149 αὑτοῦ
2703 5094 2794 5148 διὰ
2839 5093 2936 5165 τὴν
2982 5091 3135 5147 θείαν
3167 5089 3524 5163 κηδεμονίαν·
3565 5085 3691 5142 οὔτε

2110 5187 2299 5251 ἵπποις
2340 5185 2677 5259 χρησάμενοι
2707 5185 2971 5255 νεύσομεν
3029 5182 3160 5253 πρὸς
3204 5185 3419 5253 φυγήν
3456 5180 3690 5252 πάρεστι

2109 5281 2218 5353 γὰρ
2263 5282 2291 5333 ό
2322 5278 2529 5351 βοηθῶν
2558 5277 2690 5341 Θεός
2709 5291 2722 5306 ⁸
2772 5275 3056 5350 πόρρωθεν
3104 5274 3163 5328 δὲ
3193 5272 3429 5342 ἐσόμεθα
3475 5272 3693 5342 καὶτῆς

2110 5374 2318 5443 πλάνης
2369 5372 2583 5442 ἐκείνης
2624 5370 2832 5433 λοιπὸν,
2888 5368 3031 5422 ὥστε
3067 5366 3137 5421 τὰ
3176 5366 3307 5439 παρ’
3350 5364 3509 5435 ἡμῶν
3543 5364 3689 5431 γινό-

2116 5482 2252 5537 μενα
2285 5464 2439 5527 θεοὺς
2480 5462 2786 5534 ὀνομάζειν.
2847 5480 2864 5513 ι
2898 5461 3022 5515 Ὅτι
3061 5462 3118 5513 ἐν
3149 5460 3231 5513 σοὶ
3277 5457 3489 5529 ἐλεήσει
3521 5456 3692 5528 ὀρφα-

2111 5557 2223 5611 νόν.
2252 5576 2271 5610 ι
2325 5555 2699 5627 Ἐπιμελεῖσθε
2745 5553 2803 5608 δὲ
2834 5553 2972 5625 μετά
3001 5555 3099 5625 τῆς
3136 5553 3216 5615 εἰς
3244 5549 3375 5604 Θεὸν
3414 5549 3689 5617 εὐγνωμο-

2114 5649 2310 5720 σύνης,
2367 5649 2462 5702 καὶ
2516 5648 2614 5712 τῆς
2671 5650 2751 5711 είς
2810 5647 2935 5710 τοὺς
2984 5645 3270 5717 δεομένους
3325 5640 3689 5713 συμπαθείας.

2117 5756 2135 5789 t
2178 5737 2421 5806 ’ἰάσομαι
2479 5735 2579 5800 τὰς
2623 5734 2901 5795 κατοικίας
2945 5735 3148 5799 αὐτῶν,
3195 5735 3469 5806 ἀγαπήσω
3497 5731 3693 5792 αὐτοὺς

2109 5828 2408 5897 ὁμολόγως.
2448 5829 2530 5881 ὅτι
2577 5828 2920 5899 ἀπέστρεψεν
2948 5828 2981 5899 ἡ
3010 5828 3146 5899 ὀργή
3177 5844 3277 5898 μου
3313 5824 3411 5879 ἀπ’
3442 5821 3637 5877 αὐτῶν.
3666 5839 3687 5872 ι

2116 5921 2178 5975 Εἰ
2206 5920 2317 5991 γὰρ
2365 5920 2429 5992 δὴ
2472 5919 2717 5984 τοιαῦτα,
2747 5919 2899 5991 φησι,
2933 5922 3127 5987 ποιεῖς,
3174 5918 3383 5991 ἀκούσῃ
3429 5915 3522 5973 τοῦ
3554 5912 3692 5969 Θεοῦ
