4102 6494
361 285 484 347 209

1387 270 1943 332 COMMENTARIUS
1983 268 2051 324 1N
2091 267 2295 326 OSEE
2329 268 2483 326 CAP.
2509 265 2645 324 XIV.

3565 266 3674 322 210

361 401 556 463 ταῦτα
606 396 1086 472 ἐπαγγελλομένου
1133 412 1194 450 τε
1231 397 1360 468 περὶ
1402 394 1499 450 σοῦ
1533 397 1626 451 καὶ
1665 391 1945 456 ποιοῦντος
1967 409 1978 422 ·

2086 412 2373 481 antiquum
2415 408 2786 466 habitaculum
2813 407 3188 463 restituentem
3224 422 3351 464 cum
3397 416 3671 480 potestate

366 498 474 555 καὶ
499 498 584 553 ὅτι
631 493 907 551 ἀποδώσει
956 492 1054 563 μέν
1103 508 1184 544 σοι
1215 488 1313 561 τὴν
1360 487 1603 543 παλαιὰν
1631 489 1845 557 οἴκησιν
1884 483 1979 539 ἐπὶ

272 626 277 634 -
363 592 477 663 τῆς
498 590 674 660 αὐτῆς
699 586 949 654 ἐξουσίας
975 603 989 617 ·
1033 584 1154 657 ίσην
1187 582 1243 637 δὲ
1275 583 1371 637 καὶ
1396 581 1588 653 ὁμοίαν
1611 579 1739 653 περὶ
1768 578 1978 640 πάντας

366 682 712 747 ἐπιδείξεται
746 680 847 751 τὴν
891 678 1144 748 ἀγάπην,
1196 673 1293 729 ἀτε
1326 676 1508 727 πᾶσαν
1541 672 1711 744 ὀργὴν
1760 670 1978 741 ἀφελὼν

367 777 474 846 ἀφ’
507 774 685 845 ὑμῶν.
726 792 745 824 ι
774 772 1013 841 Ἐσομαι
1042 769 1119 833 ὡς
1146 768 1334 840 δρόσος
1363 765 1439 837 τῷ
1469 764 1707 836 Ἰσραήλ.
1739 781 1759 814 ι
1790 760 1978 825 Οὕτως

366 866 545 921 αὑτὸν
587 863 872 936 ὲκτρέφων
900 863 968 933 τῇ
1016 859 1145 932 παρ’
1184 857 1320 929 ἐμοῦ
1358 856 1674 929 κηδεμονίᾳ,
1727 853 1912 925 ῶσπερ
1941 854 1974 922 ἡ

368 958 577 1030 δρόσος
599 955 894 1027 ἐκτρέφειν
923 952 1082 1008 εἴωθε
1101 952 1229 1015 τοὺς
1264 936 1531 1022 καρπούς.
1579 968 1598 1001 ι
1622 946 1875 1018 Ἀνθήσει
1901 946 1978 1010 ὡς

368 1048 590 1118 κρῖνον.
618 1064 639 1098 ι
696 1043 973 1108 Ἐπίδοξος
1020 1042 1175 1095 ἔσται
1216 1041 1368 1112 παρὰ
1416 1041 1572 1094 πᾶσι.
1635 1058 1654 1092 ι
1685 1038 1796 1091 Καὶ
1824 1037 1979 1109 βαλεῖ

365 1138 476 1202 τὰς
524 1137 683 1209 ρίζας
731 1133 900 1190 αὑτοῦ
937 1134 1014 1198 ὡς
1045 1136 1074 1188 6
1104 1133 1356 1198 Λίϐανος.
1385 1153 1404 1185 ι
1469 1134 1565 1198 Είς
1608 1134 1978 1206 πολυπληθίαν

369 1228 661 1294 ἐπιδώσει,
689 1228 845 1299 δίκην
879 1228 1091 1281 ἐκείνου
1129 1230 1253 1291 ταῖς
1285 1227 1497 1299 κέδροις
1543 1227 1978 1299 στενοχωρουμέ-

365 1338 495 1377 νου.
526 1340 547 1373 ι
568 1319 935 1391 Πορεύσονται
965 1321 1015 1372 οἱ
1048 1319 1231 1373 κλάδοι
1267 1319 1453 1374 αὐτοῦ.
1479 1338 1497 1371 ι
1517 1322 1593 1389 (p.
1631 1320 1753 1390 illi)
1789 1320 1979 1373 Ἐκτα-

369 1411 640 1484 Θήσονται
666 1412 759 1465 ἐπὶ
790 1411 1043 1485 πλεῖστον
1072 1410 1381 1483 εὐπραγίας
1409 1395 1468 1465 οἱ.
1494 1411 1554 1476 ἐξ
1581 1411 1770 1467 αὐτοῦ.
1825 1431 1843 1465 ι
1870 1414 1980 1466 Καὶ

370 1502 534 1557 ἔσται
566 1503 642 1567 ὼς
689 1503 845 1557 ἐλαία
872 1504 1250 1572 κατάκαρπος,
1292 1503 1389 1556 καὶ
1432 1504 1469 1576 ἡ
1498 1505 1770 1575 όσφρασία
1812 1504 1977 1559 αὑτοῦ

366 1596 453 1661 ὡς
496 1596 745 1652 λιϐάνου.
775 1615 794 1649 ι
847 1598 1021 1662 Αὐτός
1049 1615 1107 1651 τε
1135 1598 1224 1653 διὰ
1250 1601 1353 1669 τῆς
1381 1598 1522 1670 ἐμῆς
1545 1594 1872 1670 κηδεμονίας
1892 1600 1980 1653 ἀεὶ

2081 504 2310 571 eadem;
2350 502 2615 573 aequalem
2670 501 2908 572 denique
2941 500 3289 572 similemque
3336 501 3508 572 priori
3541 517 3670 575 erga

2081 605 2273 647 omnes
2315 589 2566 645 ostendet
2626 603 2891 651 amorem,
2950 588 3207 658 quoniam
3256 604 3473 645 omnem
3524 589 3662 646 iram

2060 695 2234 753 ,suam
2262 680 2466 735 avobis
2501 678 2717 734 avertit.
2760 696 2779 729 ι
2814 677 2918 733 Ero
2950 679 3109 749 quasi
3155 694 3246 736 ros
3268 679 3476 736 lsraeli.
3525 700 3545 734 ι
3580 681 3674 738 Sic

2080 774 2235 829 illum
2263 788 2382 828 mea
2403 787 2534 828 cura
2572 772 2833 837 nutriatn,
2860 782 2960 827 ceu
2990 786 3081 827 ros
3112 770 3296 843 fruges
3323 773 3467 830 alere
3496 774 3656 831 solet.

2086 882 2104 915 ι
2134 862 2414 919 Florescet
2441 864 2584 921 sicut
2624 861 2822 916 lilium.
2865 880 2884 914 ι
2935 860 2995 916 ln
3032 861 3241 918 honore
3290 864 3433 934 apud
3479 880 3672 923 omnes

2080 957 2204 1013 erit.
2240 974 2259 1008 ι
2292 955 2468 1011 Mittet
2508 954 2723 1009 radices
2764 968 2896 1010 suas
2927 954 3087 1023 quasi
3117 952 3380 1012 Libanus.
3418 972 3440 1008 ι
3473 955 3675 1012 Exore-

2082 1058 2198 1104 scet
2227 1049 2284 1103 in
2323 1046 2750 1110 multitudinem,
2791 1045 2936 1100 haud
2964 1059 3126 1101 secus
3160 1060 3323 1115 quam
3356 1047 3445 1102 ille
3490 1046 3673 1103 cedris

2082 1143 2366 1198 densatur.
2430 1157 2449 1192 ι
2492 1139 2655 1194 Ibunt
2703 1137 2841 1192 rami
2893 1137 3036 1207 ejus.
3098 1157 3117 1191 ι
3168 1135 3498 1192 Dilatabitur
3548 1153 3671 1209 pro:

2081 1233 2320 1302 speritas
2356 1236 2614 1300 nepotum
2644 1227 2786 1298 ejus.
2830 1247 2848 1280 ι
2881 1224 2948 1280 Ει
2976 1228 3082 1281 erit
3122 1225 3280 1298 quasi
3323 1226 3445 1282 olea
3479 1226 3675 1283 fructi-

2080 1324 2219 1389 fera,
2236 1334 2291 1379 et
2309 1322 2446 1378 odor
2465 1322 2586 1390 ejus
2606 1323 2764 1393 quasi
2790 1320 2991 1377 thuris.
3006 1320 3156 1392 ilpse
3180 1321 3251 1376 ob
3271 1336 3466 1376 curam
3494 1336 3672 1377 meam

2082 1429 2298 1484 semper
2329 1413 2600 1486 fructibus
2635 1410 2945 1482 pullhlahit,
2974 1418 3030 1467 et
3063 1410 3249 1467 thuris
3288 1399 3465 1466 instar
3487 1412 3675 1468 suavis

2081 1506 2187 1561 erit
2218 1501 2567 1560 audientibus
2626 1503 3022 1574 prosperitates
3066 1501 3207 1572 ejus.
3247 1520 3266 1554 ι
3301 1503 3665 1557 Revertentur

2082 1606 2247 1669 atque
2276 1597 2549 1653 sedebunt
2600 1596 2703 1652 sub
2730 1595 2926 1650 umbra
2951 1594 3070 1666 ejus
3099 1611 3116 1663 ;
3148 1594 3336 1651 vivent
3361 1603 3416 1649 et
3448 1594 3677 1649 robora-

371 1688 593 1743 θάλλων
617 1687 773 1742 ἔσται
796 1691 910 1753 τοῖς
936 1691 1192 1761 καρποῖς,
1221 1691 1317 1744 κοιλ⁸
1341 1690 1638 1744 λιϐανωτοῦ
1664 1690 1820 1763 δίκην
1849 1692 1978 1762 ἡδὺς

2083 1691 2290 1746 buntur
2308 1691 2512 1745 tritico.
2555 1706 2575 1740 ›
2611 1687 2741 1743 Post
2774 1687 3012 1742 reditum
3044 1685 3299 1743 fruentur
3346 1686 3512 1741 rebus
3535 1686 3677 1751 suis,

368 1781 492 1843 τοῖς
522 1778 788 1833 ἀκούουσι
814 1752 1041 1851 τὰπερλ.
1068 1752 1235 1833 αὐτοῦ
1264 1779 1467 1850 ἀγαθά.
1515 1801 1533 1833 ι
1558 1752 1978 1854 Ἐπιστρέψουσι

2088 1799 2152 1839 ac
2174 1782 2609 1855 perseverabunt
2625 1781 2848 1837 uberem
2890 1780 3155 1836 habentes
3192 1795 3223 1834 a
3244 1794 3364 1835 mea
3390 1778 3682 1851 providen-

369 1872 475 1926 καὶ
495 1872 815 1927 καθιοῦνται
850 1872 957 1926 ὑπὸ
991 1872 1088 1944 τὴν
1117 1874 1328 1945 σκέπην
1360 1873 1549 1941 αὐτοῦ,
1587 1875 1682 1929 καὶ
1698 1876 1978 1948 ζήσονται,

2089 1877 2163 1932 tia
2196 1874 2415 1945 frugum
2446 1872 2812 1943 largitionem.
2840 1889 2860 1923 ι
2909 1869 2975 1924 Et
3004 1870 3309 1927 efflurescet
3350 1871 3509 1941 quasi
3547 1870 3675 1924 vitis

367 1966 472 2020 καὶ
508 1965 973 2037 στηριχθήσονται
1026 1966 1178 2038 σίτῳ.
1215 1986 1234 2020 ι
1294 1968 1712 2035 Ἐπανελθόντες
1743 1970 1978 2026 ἀπολαύ-

2085 1966 2407 2024 memoriale
2427 1965 2570 2035 ejus,
2600 1972 2655 2020 et
2676 1964 3053 2036 quasiuvinum
3079 1962 3293 2019 Libani.
3337 1983 3355 2016 ι
3391 1962 3469 2017 Ita
3496 1964 3682 2019 suavis

369 2067 539 2105 σουσι
565 2052 675 2107 τῶν
698 2052 941 2119 οἰκείων,
974 2055 1069 2108 καὶ
1096 2055 1414 2127 διαμενοῦσι
1447 2058 1676 2129 ἄφθονον
1707 2061 1829 2117 τῶν
1847 2080 1978 2135 καρ-

2084 2060 2192 2116 erit
2220 2066 2274 2114 et
2292 2055 2572 2129 iucundus
2594 2055 2981 2127 spectantibus.
2995 2069 3096 2111 ceu
3126 2056 3253 2111 vitis
3286 2053 3511 2122 ﬂorens,
3537 2062 3592 2112 et
3623 2061 3682 2109 ut

367 2141 499 2197 πῶν
535 2142 756 2215 ἔχοντες
781 2149 848 2218 τῇ
891 2148 998 2219 ἐμῇ
1031 2147 1326 2227 κηδεμονίᾳ
1361 2150 1461 2223 τὴν
1496 2154 1781 2225 χορηγίαν.
1817 2173 1835 2206 ι
1870 2156 1978 2210 Καὶ

2085 2154 2272 2210 vinum
2294 2149 2442 2221 quod
2470 2148 2528 2204 in
2558 2148 2767 2204 Libano
2789 2155 2978 2205 monte
3018 2149 3167 2219 gigni
3200 2149 3361 2204 solet.

368 2236 667 2310 ἐξανθήσει
693 2239 769 2303 ὡς
788 2240 1033 2313 ἄμπελος
1066 2242 1126 2297 τὸ
1153 2249 1495 2315 μνημόσυνον
1515 2247 1699 2301 αὐτοῦ’
1732 2247 1807 2313 ὡς
1832 2247 1974 2315 οἶνος
2004 2247 2263 2305 Λιϐάνου.
2298 2263 2317 2297 ι
2343 2242 2531 2307 Οὕτως
2557 2243 2693 2315 ἡδὺς
2720 2240 2796 2294 ὢν
2817 2240 2912 2295 καὶ
2934 2239 3212 2314 προσηνὴς
3239 2241 3350 2304 τοῖς
3370 2236 3590 2310 ὁρῶσιν,
3607 2239 3682 2296 ὡς

367 2331 627 2404 ἄμπελός
646 2352 709 2388 τε
738 2334 1000 2401 ἀνθοῦσα,
1028 2337 1123 2392 καὶ
1146 2334 1286 2402 οἶνος
1312 2341 1340 2393 6
1363 2340 1504 2394 κατὰ
1532 2342 1593 2395 τὸ
1626 2342 1753 2414 ὅρος
1779 2343 1875 2398 τοῦ
1905 2345 2144 2399 Λιϐάνου
2177 2339 2464 2411 γίγνεσθαι
2496 2336 2726 2401 εἰωθώς-

425 2426 585 2499 Στίχ,
613 2425 743 2480 θ’-ι’.
770 2456 844 2468 -—
885 2445 905 2479 ι
948 2428 1039 2500 Τῷ
1086 2429 1328 2502 Ἐφραὶμ
1347 2471 1363 2497 ,
1390 2432 1442 2485 τί
1484 2433 1634 2505 αὐτῷ
1663 2434 1743 2489 ἔτι
1776 2437 1870 2490 καὶ
1899 2439 1976 2490 εί-

368 2520 606 2589 δὼλοιςς
646 2521 789 2591 Ἐγὼ
820 2525 1168 2580 ὲταπείνωσα
1193 2527 1377 2592 αὐτὸν,
1406 2529 1503 2583 καὶ
1529 2528 1643 2599 ἐγὼ
1663 2531 1978 2602 κατισχύσω

2083 2525 2295 2582 idolis?
2323 2523 2435 2595 Ego
2473 2521 2756 2577 humiliavi
2794 2537 2946 2587 eum,
2975 2529 3030 2576 et
3055 2536 3157 2593 ego
3186 2520 3461 2578 roborabo
3485 2535 3634 2576 eum.
3661 2538 3679 2570 ι

369 2609 566 2665 αὐτόν.
605 2630 624 2663 ι
659 2611 859 2666 Οὐκέτι
887 2613 952 2683 δή
992 2631 1072 2669 σοι
1105 2617 1391 2671 κοινωνίαν
1423 2618 1676 2691 οὐδεμίαν
1706 2623 1978 2695 προσῆκεν

2083 2616 2301 2673 Nullam
2329 2616 2445 2685 jam
2474 2615 2570 2669 tibi
2604 2629 2729 2670 esse
2753 2612 3203 2669 communionem
3236 2629 3361 2669 cum
3391 2613 3557 2669 idolis
3591 2613 3685 2668 de-

370 2696 520 2757 εῐναι
556 2694 699 2774 πρὸς
730 2704 799 2759 τὰ
828 2704 1026 2761 εἴδωλα
1048 2747 1063 2772 ,
1098 2710 1288 2783 ἐπειδὴ
1321 2711 1457 2782 μηδὲ
1483 2712 1725 2786 δεηθήσῃ
1754 2694 1808 2769 τι
1839 2715 1978 2770 ὲκεί-

2083 2716 2194 2773 cet,
2230 2707 2361 2778 quia
2391 2720 2496 2762 nec
2529 2705 2642 2759 illis
2668 2719 2903 2775 prorsus
2937 2702 3228 2773 indigebis.
3262 2701 3378 2773 Ego
3407 2716 3560 2765 vero,
3591 2700 3681 2771 qui

371 2810 524 2849 νων.’
569 2794 683 2865 ἐγὼ
726 2797 839 2869 γὰρ
891 2798 1035 2871 ὑπὲρ
1080 2801 1182 2871 τῆς
1231 2803 1363 2874 περὶ
1402 2804 1588 2857 ἐκεῖνα
1639 2806 1879 2878 σπουδῆς
1915 2825 1976 2861 σε

2083 2800 2152 2856 ob
2180 2799 2401 2853 illorum
2434 2796 2682 2854 studium
2721 2803 2777 2850 te
2808 2796 3248 2855 humiliaveram,
3284 2802 3469 2864 postea
3502 2793 3683 2864 poeni-

370 2885 716 2942 ταπεινώσει
758 2889 1091 2960 περιϐαλὼν,
1137 2893 1593 2966 μεταμεληθέντα
1620 2897 1715 2951 ἐπὶ
1741 2899 1841 2970 τῆς
1878 2915 1978 2952 πα-

2083 2899 2288 2947 tcntem
2311 2890 2486 2947 veteri
2509 2889 2862 2960 prosperitati
2898 2888 3141 2944 restitui.
3167 2906 3187 2940 ι
3213 2887 3682 2957 Sicutjuniperus

371 2978 545 3045 λαιᾶς
567 2979 818 3046 ἀνέδειξα
839 2982 1167 3054 εὐπραγίας.
1206 3003 1226 3036 ι
1250 2984 1338 3049 Ὠς
1362 2984 1633 3057 ἄρκευθος
1660 2989 1978 3054 πυκάζουσα

2083 2983 2378 3046 condensa,
2406 2983 2481 3036 ita
2508 2980 2722 3053 fructus
2747 2989 2877 3037 tuus
2907 2997 2976 3037 ex
3006 2996 3093 3037 me
3119 2980 3451 3036 invenietur.
3476 2997 3493 3031 ι
3526 2978 3669 3046 Quia

372 3066 440 3133 ἐξ
466 3068 603 3139 ἐμοῦ
634 3070 665 3123 6
694 3072 909 3144 καρπός
934 3090 1030 3126 σου
1051 3075 1368 3148 εὑρήσεται.
1403 3096 1422 3130 ι
1472 3078 1693 3151 Ἐπειδὴ
1727 3081 1978 3148 ἀειθαλὲς

2083 3074 2203 3131 haec
2237 3075 2406 3130 arbor
2444 3089 2663 3145 semper
2692 3058 2941 3139 virescit,
2982 3073 3089 3128 ait:
3134 3070 3292 3127 Sicut
3338 3072 3435 3127 illa
3464 3086 3680 3141 semper

372 3160 499 3214 ἔστι
525 3161 588 3216 τδ
605 3161 825 3236 δένδρον
848 3163 1042 3219 τοῦτο’
1071 3166 1220 3237 λέγει
1243 3169 1325 3222 ὅτι
1353 3168 1429 3234 ὡς
1450 3171 1630 3225 ἐκεῖνο
1657 3171 1748 3228 διὰ
1779 3171 1978 3240 παντὸς

2088 3166 2348 3224 foliorum
2388 3182 2544 3224 coma
2579 3166 2915 3233 frondescit,
2938 3165 3021 3222 sic
3047 3172 3107 3221 et
3137 3165 3276 3222 istos
3310 3164 3427 3220 fore
3467 3164 3523 3218 in
3556 3178 3681 3234 per-

370 3250 480 3335 τὴν
528 3255 596 3307 ὲκ
628 3254 737 3308 τῶν
771 3255 991 3326 φύλλων
1031 3257 1144 3330 ἔχει
1183 3260 1384 3333 κόμην,
1433 3260 1609 3327 οὕτως
1639 3263 1854 3320 ἔσονται
1886 3267 1978 3321 καὶ

2085 3269 2249 3335 petua
2295 3261 2569 3316 bonorum
2611 3260 2899 3325 ubertate,
2929 3256 3170 3330 quoru'm
3204 3274 3341 3315 usus
3388 3258 3471 3315 eis
3503 3273 3534 3313 a
3561 3272 3682 3312 mea

373 3334 530 3397 οὗτοι
590 3344 815 3417 διηνεκῆ
864 3347 975 3401 τῶν
1028 3348 1251 3418 ἀγαθῶν
1303 3349 1517 3422 ἔχοντες
1555 3352 1656 3425 τὴν
1698 3355 1978 3425 ἀφθονίαν,

2085 3334 2434 3425 providentia
2466 3351 2769 3423 continget.
2802 3351 3186 3407 Consentanee
3217 3365 3346 3406 vero
3380 3350 3469 3406 his
3504 3351 3683 3405 omni-

373 3426 462 3489 ὧν
490 3434 683 3501 αὐτοῖς
710 3436 795 3491 διὰ
824 3438 928 3510 τῆς
952 3440 1093 3513 ὲμῆς
1122 3428 1450 3514 κηδε’μονίας
1483 3444 1791 3517 ἀπόλαυσις,
1813 3466 1978 3521 προσ-

2083 3443 2219 3512 hus,
2258 3445 2411 3500 addit
2442 3445 2710 3515 propheta
2739 3459 2755 3497 :
2806 3463 2825 3496 ι
2852 3442 2988 3510 Quis
3034 3443 3286 3515 sapiens,
3315 3452 3375 3499 et
3415 3442 3683 3513 intelliget

2147 2431 2317 2489 Vens.
2371 2431 2624 2489 νοω.-
2666 2429 3033 2501 «Ephraimo,
3069 2429 3201 2501 quid
3244 2429 3296 2486 ei
3347 2430 3580 2488 ulterius
3629 2440 3688 2485 et
3762 2442 3769 2449 ‘

371 3524 564 3581 ἐσται.
612 3532 704 3597 (p.
739 3529 845 3585 102
885 3531 906 3604 )
963 3532 1301 3600 Ἀκολούθως
1347 3535 1405 3589 δὲ
1444 3539 1578 3591 πᾶσι
1622 3538 1835 3605 τούτοις
1878 3543 1979 3595 έπ-

372 3615 597 3686 ήγαγεν
616 3618 645 3670 6
677 3623 987 3693 προφήτης·
1026 3642 1046 3676 ι
1074 3624 1169 3688 Τίς
1203 3626 1389 3695 σοφὸς,
1412 3630 1507 3682 καὶ
1527 3631 1749 3701 συνήσει
1769 3630 1979 3699 ταύτας

372 3710 409 3777 ἢ
453 3709 679 3775 συνετὸς
704 3749 721 3776 ,
764 3713 860 3766 καὶ
903 3712 1174 3783 γνώσεται
1217 3720 1393 3788 αὐτάς
1427 3720 1508 3775 ὅτι
1547 3722 1754 3777 εὐθεῖαι
1787 3725 1844 3778 αἱ
1872 3726 1982 3780 ὁδοὶ

373 3798 480 3853 τοῦ
531 3802 773 3875 Κυρίου,
820 3807 916 3861 καὶ
956 3807 1156 3864 δίκαιοι
1204 3811 1566 3884 πορεύσονται
1599 3815 1659 3869 ἐν
1698 3817 1914 3881 αὐταῖς.
1954 3836 1975 3870 ι

388 3891 565 3947 Ἀλλὰ
594 3895 705 3968 γάρ
731 3897 902 3964 ὅντως
931 3900 997 3955 ἀν
1023 3918 1109 3967 τις
1134 3903 1490 3974 ἀποφαίνοιτο
1515 3907 1677 3977 σοφὸν
1717 3909 1814 3964 καὶ
1856 3927 1981 3963 συν-

370 3983 510 4039 ετδν
555 3982 696 4042 εἶναι
729 3989 822 4043 τὸν
866 3990 977 4045 τῶν
1010 3994 1318 4065 είρημένων
1364 3995 1559 4068 ἔχοντα
1607 3999 1710 4071 τὴν
1752 3999 1977 4069 γνῶσιν,

375 4077 483 4132 καὶ
522 4079 657 4153 περὶ
678 4081 853 4137 ταῦτα
893 4085 1293 4153 ἐσπουδακότα,
1330 4089 1425 4159 ἀφ’
1450 4082 1526 4145 ὧν
1559 4090 1775 4156 ἐξέσται
1805 4111 1981 4165 κεχω·⁵

376 4169 685 4242 ρισμένους
699 4189 762 4225 τε
781 4175 980 4239 αὐτοὺς
1008 4175 1104 4229 τοῦ
1134 4177 1307 4231 κακοῦ
1330 4178 1425 4233 καὶ
1452 4180 1658 4252 σπουδῇ
1697 4183 1982 4252 μετιόντας

2083 3537 2227 3593 ista?
2251 3536 2377 3607 quis
2405 3537 2737 3609 intelligens,
2762 3548 2819 3590 et
2840 3544 3138 3606 cognoscet
3162 3533 3311 3590 haec?
3359 3534 3489 3606 quia
3518 3541 3684 3591 recta

2082 3632 2186 3686 vim
2206 3629 2638 3701 Domini,68et
2664 3629 2793 3699 iusti
2818 3628 3182 3684 ambulabunt
3210 3629 3265 3684 in
3293 3628 3431 3685 eis.»
3469 3625 3684 3698 Reapse

2082 3726 2428 3796 exploratum
2448 3730 2555 3790 est,
2586 3722 2712 3778 illos
2737 3736 2863 3778 esse
2883 3720 3161 3793 sapientes
3190 3730 3352 3792 atque
3371 3721 3682 3792 intelligen—

2082 3825 2188 3885 tes,
2220 3816 2315 3887 qui
2357 3815 2747 3886 praedictarum
2790 3827 2979 3868 rerum
3030 3813 3320 3869 scientiam
3364 3813 3590 3876 habent,
3628 3821 3685 3868 et

2081 3906 2398 3964 earumdem
2423 3904 2606 3960 studio
2633 3909 2921 3970 tenentur;
2951 3918 3183 3974 quarum
3211 3901 3469 3974 praesidio
3494 3900 3683 3970 sejun-

2082 4001 2154 4056 cti
2174 4015 2205 4054 a
2223 3998 2377 4064 vitio,
2397 4006 2452 4053 et
2468 3996 2688 4051 virtutis
2712 3996 3033 4067 participes,
3050 3996 3325 4051 deteriora
3341 3993 3613 4057 vitabunt,
3632 4000 3686 4048 et

2083 4088 2337 4146 fruentur
2360 4088 2699 4144 melioribus.
2724 4085 2860 4141 Nam
2879 4089 3063 4144 cuncti
3088 4086 3182 4142 Dci
3209 4095 3366 4142 actus
3404 4083 3685 4141 rectitudi-

2085 4199 2156 4240 nc
2185 4181 2355 4237 multa
2383 4180 2715 4247 redundant,
2739 4194 2848 4250 qua
2870 4178 3141 4252 dirigente
3168 4177 3517 4250 pecatoribus
3542 4192 3677 4248 quo-

373 4262 447 4316 τὸ
484 4261 674 4328 καλὸν,
724 4266 782 4320 ὲν
810 4266 1121 4349 ἀπαλλαγῇ⁸
1141 4270 1243 4341 μὲν
1270 4270 1380 4325 τῶν
1411 4272 1695 4344 χειρόνων,
1738 4276 1797 4329 ἐν
1845 4276 1978 4330 ἀπο-

2084 4292 2193 4348 que
2209 4270 2613 4347 panam'infert
2631 4289 2651 4341 ;
2671 4281 2725 4328 et
2747 4273 3300 4344 postea-pmnitentes,
3324 4272 3538 4327 salvare
3554 4269 3680 4325 scit.

303 4418 307 4423 ι
376 4354 581 4411 λαύσει
631 4357 691 4411 δὲ
740 4359 1068 4416 καθιστάναι
1114 4363 1225 4417 τῶν
1274 4366 1639 4436 κρειττόνων·
1681 4367 1978 4442 ἐπειδήπερ

2086 4367 2206 4425 Jum
2246 4381 2379 4422 vero
2406 4366 2590 4437 justos
2627 4366 2754 4421 illos
2781 4382 2905 4423 esse
2933 4376 3270 4436 compertum
3300 4371 3406 4428 est,
3439 4362 3532 4434 qui
3577 4361 3682 4415 hoc

376 4446 610 4502 ἅπαντα
649 4449 718 4505 τὰ
756 4451 910 4525 παρά
946 4454 1044 4508 τοῦ
1079 4454 1218 4509 Θεοῦ
1253 4457 1630 4529 πραττόμενα,
1684 4457 1978 4531 ὀρθότητος

2089 4459 2216 4515 vitae
2254 4471 2454 4529 genere
2501 4464 2663 4521 sunt,
2702 4466 2757 4513 et
2799 4456 3058 4527 utrinque
3095 4455 3280 4524 juvari
3306 4455 3490 4510 sciunt
3521 4473 3535 4509 :
3586 4453 3680 4522 qui

374 4538 551 4613 γέμει
588 4541 792 4614 πολλῆς
815 4585 830 4611 ,
864 4544 985 4617 μεθ’
1031 4541 1101 4620 ἦς
1131 4547 1228 4601 καὶ
1266 4547 1553 4603 πταίουσιν
1586 4528 1786 4618 ἐπάγει
1815 4528 1978 4619 τὶμω-

2089 4528 2456 4605 modestiores
2485 4562 2518 4602 a
2561 4548 3018 4620 castigationibus
3064 4545 3682 4613 factiyhortamentum

380 4634 514 4707 ρίαν
534 4651 550 4666 ·
596 4636 694 4691 καὶ
725 4639 1206 4712 μεταμελομένους
1234 4683 1247 4705 ,
1279 4640 1609 4713 περισώζειν
1650 4642 1941 4697 ἐπίσταται
1966 4660 1978 4673 ·

2085 4640 2191 4697 sibi
2224 4639 2296 4694 ad
2322 4640 2578 4695 virtutem
2606 4639 2880 4710 iudicant,
2913 4637 3184 4695 bonorum
3231 4647 3355 4708 post
3403 4635 3682 4707 poeniten-

374 4728 635 4795 δικαίους
663 4749 723 4785 τε
771 4733 1133 4803 ἀποφαίνοιτο
1165 4733 1231 4789 ἀν
1270 4752 1356 4798 τις
1384 4737 1514 4799 τοὺς
1548 4737 1606 4789 ὲν
1634 4735 1849 4800 τούτοις
1894 4735 1978 4791 δν‹

2083 4736 2216 4791 tiam
2248 4734 2670 4805 impetratorum
2699 4730 3307 4803 usufructum.'lmpios
3338 4740 3520 4787 autem
3556 4744 3682 4786 esse

375 4840 508 4890 τας,
543 4827 640 4878 καὶ
668 4824 729 4890 ἐξ
772 4827 1042 4899 ἑκατέρου
1071 4829 1280 4882 τούτων
1321 4827 1651 4898 ὠφελεῖσθαι
1684 4828 1978 4900 ἐπισταμέ-

2083 4834 2299 4885 constat
2330 4826 2578 4892 omnino,
2607 4833 2661 4882 et
2701 4825 3039 4898 quibuslibet
3074 4826 3236 4881 malis
3280 4820 3478 4895 dignos
3524 4823 3671 4889 illos,

376 4934 553 4980 νους·
610 4918 704 4971 καὶ
746 4920 1226 4993 σωφρονεστέρους
1265 4920 1365 4992 μὲν
1408 4922 1469 4975 ἐν
1513 4924 1634 4985 ταῖς
1688 4919 1978 4993 τιμωρίαις

2083 4924 2178 4997 qui
2233 4921 2371 4978 nihil
2419 4921 2625 4977 horum
2663 4932 3000 4990 cognoscere
3041 4917 3245 4981 valent,
3296 4914 3368 4970 ob
3408 4921 3673 4971 constan-

376 5007 708 5080 γινομένους
732 5051 747 5075 ,
779 5013 860 5077 εἰς
899 5012 1217 5084 προτροπὴν
1249 5012 1307 5067 δὲ
1354 5015 1560 5085 ἀρετῆς
1604 5012 1978 5084 λαμϐάνοντας

2092 5026 2203 5072 tem
2266 5029 2423 5071 suam
2474 5012 2547 5073 ad
2589 5011 2784 5067 vitium
2834 5008 3280 5072 inclinationem;
3311 5014 3366 5061 et
3394 5015 3679 5077 propterea

372 5102 494 5156 τῶν
527 5104 593 5156 ἐκ
618 5102 718 5174 τῆς
750 5106 1117 5177 μεταμελείας
1151 5106 1601 5179 προσγινομένων
1625 5104 1849 5176 ἀγαθῶν
1880 5104 1978 5177 τὴν

2090 5108 2391 5180 quidquam
2434 5106 2724 5163 honestum
2755 5117 2820 5158 ac
2850 5101 3094 5159 debitum
3142 5098 3479 5169 intelligendi
3532 5096 3679 5151 haud

374 5195 725 5250 ἀπόλαυσιν·
771 5198 990 5263 ἀσεϐεῖς
1033 5199 1078 5253 δ’
1107 5197 1175 5253 ἂν
1221 5200 1557 5270 ἀποφήνοιτο
1603 5196 1747 5253 κατὰ
1800 5199 1978 5253 πάντα

2090 5208 2394 5272 compotes.
2423 5195 2863 5256 Commentarius
2887 5190 3169 5249 inOseam
3199 5191 3522 5262 prophetam
3559 5190 3679 5255 (ex-
3732 5240 3738 5251 ι

375 5289 478 5343 καὶ
507 5290 776 5345 παντοίων
798 5292 1007 5364 (ἀξίους
1026 5291 1235 5362 κακῶν)
1253 5290 1571 5355 ἐκείνουςρῖ
1590 5289 1755 5363 μηδὲν
1775 5288 1981 5362 ίσχύου·
2089 5290 2286 5363 plicit.)
3572 5348 3581 5355 ,

373 5406 463 5444 σιν
496 5385 728 5455 τούτων,
762 5391 827 5461 τῇ
854 5389 991 5462 πρὸς
1034 5388 1097 5444 τὸ
1124 5391 1306 5462 χεῖρον
1337 5386 1767 5460 προστετηκότες
1812 5386 1974 5461 ῥοπῇ,
2001 5388 2093 5440 καὶ
2126 5387 2366 5442 συνιέναι
2400 5385 2488 5440 διὰ
2520 5379 2809 5455 τοῦτοτῶν
2829 5379 3061 5435 δεόντων
3092 5373 3245 5431 οὐδὲν
3279 5365 3385 5429 οἷοί
3414 5387 3476 5427 τε
3503 5368 3671 5427 avus.

377 5513 449 5526 -—-
485 5480 792 5556 Ἑρμηνεία
826 5479 987 5551 Ὠσηὲ
1024 5479 1120 5534 τοῦ
1151 5478 1455 5553 προφήτου.
