4102 6470
401 241 462 297 li
480 244 499 297 Ι
1600 250 1952 309 THEODORI
1990 253 2450 314 MOPSUESTEN
2457 261 2500 315 1³
3558 271 3665 327 ili

2025 417 2382 428 ——-————————
2623 423 3348 438 -

2919 430 2972 434 η
2999 431 3028 434 __
3053 432 3132 436 -___
3225 433 3254 437 η
3291 433 3296 435 .
3349 432 3408 437 ,η
3513 434 3560 439 ,__
3593 435 3604 437 _

1053 560 1617 647 EPMHNEIA
1680 561 1958 649 ΙΩΗΛ
2026 566 2254 654 ΤΟΥ
2326 568 2673 657 ΠΡΟΦΙ

1348 560 1617 647 ῙΝΕΙΑ
1680 561 1958 649 ΙΩΗΛ
2026 566 2254 654 ΤΟΥ
2326 568 2968 663 ΠΡΟΦΗΤΟΥ.

520 866 1662 1068 COMMENTARIUS
1741 954 1892 1070 IN
1984 954 2526 1070 JOELEM
2612 942 3523 1074 PROPHETAM.

463 1395 805 1468 Propositum
846 1401 1005 1459 nobis
1037 1411 1122 1461 est
1150 1404 1293 1462 beati
1326 1405 1496 1466 Joelis
1523 1411 1961 1482 explanationem
1995 1405 2038 1464 Α

2020 1408 2038 1464 L
2138 1420 2213 1489 (p.
2240 1421 2342 1476 105
2387 1422 2404 1488 )
2434 1421 2725 1492 Πρόκειται
2757 1426 2856 1491 μὲν
2879 1421 3014 1491 ἡμῖν
3039 1418 3132 1474 τοῦ
3168 1420 3439 1492 μακαρίου
3484 1420 3640 1491 ἰωὴλ

390 1502 536 1543 nunc
551 1489 806 1547 exordiri.
824 1493 918 1550 Est
935 1510 1064 1551 vero
1080 1511 1392 1561 sermonum
1413 1502 1533 1569 ejus
1560 1515 1963 1574 argumentum,

2068 1511 2161 1566 τοῦ
2197 1489 2497 1584 προφήτου⁷
2521 1514 2617 1583 τῆς
2645 1489 2944 1583 σαφηνείας
2974 1489 3334 1583 ἀπάρξασθαι-
3368 1511 3461 1566 νῦν
3481 1530 3494 1542 ·
3529 1489 3645 1567 ἐστι

390 1592 448 1634 ιιι
470 1583 795 1652 generaliter
818 1584 1019 1654 dicam,
1052 1588 1193 1644 idem
1223 1592 1369 1661 quod
1405 1594 1649 1649 omnium
1682 1598 1967 1669 propheta-

2118 1622 2124 1654 :
2152 1603 2408 1668 ὑπόθεσις
2447 1603 2613 1657 αὐτοῦ
2658 1602 2765 1656 τῶν
2793 1602 2990 1672 λόγων,
3019 1603 3214 1667 κοινῶς
3247 1605 3442 1669 εἰπεῖν,
3475 1605 3508 1674 ἠ
3551 1605 3644 1657 καὶ
3728 1648 3738 1659 ,

388 1685 534 1736 rum,
577 1681 838 1729 eventura
871 1678 1070 1748 populo
1104 1681 1399 1751 praedicere
1437 1688 1818 1757 satagentium,
1865 1706 1966 1762 pro

2066 1694 2284 1749 πάντων
2330 1693 2439 1747 τῶν
2474 1696 2792 1766 προφητῶν,
2825 1695 2895 1748 τὰ
2938 1695 3064 1765 περὶ
3106 1693 3198 1747 τὸν
3230 1692 3359 1747 λαὸν
3405 1693 3641 1764 ἐσόμενα

386 1764 585 1818 collata
620 1764 755 1836 ipsis
790 1768 893 1824 hac
926 1770 981 1824 in
1016 1785 1075 1826 re
1106 1773 1283 1828 sancti
1316 1774 1555 1845 Spiritus
1589 1780 1797 1849 gratia:
1835 1798 1969 1853 quo-

2069 1784 2293 1856 μηνύειν
2315 1764 2749 1850 ἐσπουδακότων,
2774 1785 2915 1838 κατά
2936 1764 3034 1855 τὴν
3065 1784 3431 1854 ἐγγενομένην
3459 1782 3643 1848 αὐτοῖς

388 1868 508 1908 rum
541 1856 924 1927 prophetarum
960 1860 1192 1930 primus,
1209 1864 1665 1934 quemadmodum
1686 1880 1832 1927 retro
1850 1874 1963 1929 aie-

2064 1870 2194 1946 περὶ
2220 1875 2379 1929 τοῦτο
2397 1874 2490 1928 τοῦ
2512 1875 2667 1943 ἁγίου
2695 1874 2833 1928 Πνεύ
2842 1890 3009 1946 ματος
3034 1875 3195 1945 χάριν
3222 1891 3237 1905 ο
3271 1867 3347 1929 ὧν
3368 1875 3509 1947 ἀρχὴ
3539 1874 3643 1947 μὲν

387 1942 531 2007 bam,
577 1947 770 2005 beatus
814 1948 981 2006 David
1020 1953 1169 2020 olim,
1205 1954 1315 2010 imo
1344 1956 1503 2013 valde
1531 1960 1856 2030 antiquitus,
1909 1972 1963 2019 et

2061 1942 2273 2036 γέγονε,
2306 1966 2449 2020 καθὰ
2488 1942 2583 2020 καί
2610 1942 2875 2038 πρότερον
3169 1942 3641 2039 μακάριοςἾ-Ᾰαυῖδ

386 2039 558 2093 multo
602 2049 727 2096 ante
755 2057 937 2098 rerum
982 2044 1211 2110 exitum,
1254 2056 1449 2103 cuneta
1494 2052 1698 2121 populo
1728 2053 1964 2111 diversis

2061 2059 2229 2112 πάλαι
2273 2059 2368 2113 καὶ
2397 2058 2672 2129 πρόπαλαι
2701 2060 2794 2112 καὶ
2827 2059 2960 2112 πολὺ
3010 2040 3168 2131 πρὸς⁸
3195 2061 3294 2129 τῆς
3343 2057 3451 2112 τῶν
3490 2077 3636 2131 πρα-

386 2132 724 2201 temporibus
770 2143 1031 2191 eventura
1060 2137 1267 2194 edixit:
1305 2141 1452 2211 quod
1495 2142 1637 2198 idem
1672 2160 1702 2200 a
1737 2147 1963 2218 reliquis

2061 2151 2285 2220 γμάτων
2317 2148 2598 2212 ἐκϐάσεως
2640 2149 2855 2204 ἅπαντα
2883 2149 2954 2203 τὰ
2983 2151 3111 2221 περὶ
3133 2150 3224 2204 τὸν
3253 2149 3376 2204 λαὸν
3405 2150 3639 2222 ἐσόμενα

380 2222 543 2277 etiam
565 2226 847 2295 prophetis
866 2226 1068 2284 factum
1088 2238 1193 2295 est,
1217 2233 1310 2302 qui
1338 2232 1649 2303 antiquiore
1669 2236 1960 2294 admodum

2060 2242 2201 2295 κατὰ
2227 2240 2521 2312 διαφόρους
2549 2242 2776 2312 καιροὺς
2798 2241 3062 2315 είρηκὼς’
3093 2241 3157 2294 τὸ
3196 2242 3328 2296 αὐτὸ
3367 2243 3460 2297 καὶ
3486 2242 3638 2312 παρὰ

382 2320 627 2385 tempore
656 2318 726 2371 ab
758 2318 852 2372 illo
889 2320 1057 2387 dicta,
1097 2325 1369 2392 posterius
1409 2325 1767 2393 aﬂirmarunt,
1798 2331 1961 2399 paulo

2057 2330 2167 2384 τῶν
2191 2330 2393 2385 λοιπῶν
2441 2331 2655 2400 ἐγίνετο
2696 2331 2993 2402 προφητῶν
3029 2331 3101 2385 τὰ
3130 2334 3260 2404 παρ’
3295 2334 3503 2387 ἐκείνου
3532 2334 3639 2403 πρὸ

382 2404 641 2459 nimirum
671 2415 797 2463 ante
830 2409 1070 2478 ipsarum
1099 2426 1283 2466 rerum
1312 2423 1589 2480 eventum,
1629 2425 1689 2470 ut
1717 2417 1879 2472 simul
1904 2426 1973 2503 et‘

2061 2423 2270 2477 πολλῶν
2307 2423 2540 2494 ρηθέντα
2571 2423 2680 2476 τῶν
2708 2424 2917 2494 χρόνων
2953 2423 3179 2495 ὕστερον
3224 2423 3513 2492 λεγόντων,
3544 2425 3639 2478 καὶ

382 2495 450 2551 de
477 2497 754 2567 praedictis
779 2500 1259 2558 admonefacerent
1284 2518 1495 2569 omnes,
1522 2514 1577 2561 et
1612 2507 1724 2578 69
1759 2523 1821 2563 ea
1844 2495 1973 2578 jam.

2058 2515 2194 2586 πρὸς
2222 2515 2360 2585 αὐτῇ
2408 2530 2474 2583 γε
2505 2516 2572 2586 τῇ
2605 2514 2713 2567 τῶν
2742 2515 3088 2586 πραγμάτων
3125 2513 3348 2568 ἐκϐάσει
3401 2515 3597 2585 μικροῦ
3617 2529 3632 2544 °

381 2590 434 2642 in
462 2590 709 2658 proximo
756 2607 877 2647 esse
929 2604 1264 2661 asserentes,
1313 2597 1691 2654 vaticiniorum
1732 2600 1958 2656 demon-

2057 2605 2133 2669 ὡς
2168 2609 2233 2661 ἂν
2270 2606 2407 2676 ὁμοῦ
2452 2624 2512 2659 τε
2550 2607 2659 2659 τῶν
2707 2606 3123 2679 προειρημένων
3170 2608 3635 2679 ὑπομιμνήσκοιεν

378 2686 616 2734 strarent
658 2682 957 2737 veritatem.
994 2684 1238 2755 Cumque
1270 2687 1417 2741 varia
1445 2697 1653 2755 essent,
1685 2691 1958 2762 variisque
1994 2753 1998 2769 η

2014 2753 2033 2769 ι
2061 2698 2330 2762 ἅπαντας,
2382 2697 2476 2752 καὶ
2522 2697 2586 2768 δὴ
2637 2697 2865 2767 πλησίον
2922 2699 3155 2769 ἐσόμενα
3184 2698 3472 2767 λέγοντες,
3524 2698 3634 2752 τῶν

378 2772 742 2843 contingenlia
773 2777 1131 2845 temporibus,
1150 2753 1284 2847 quae
1315 2793 1344 2832 a
1373 2779 1533 2836 beato
1557 2753 1797 2838 diximus
1824 2753 1960 2853 νεω-
1994 2753 1998 2806 1

2014 2753 2036 2806 3
2064 2753 2480 2861 προειρημένων
2520 2753 2774 2859 μηνύοιεν
2805 2789 2904 2861 τὴν
2951 2753 3211 2861 ἀλῆθειαν
3234 2753 3548 2862 ’.διαφόρων
3577 2790 3634 2844 δὲ

377 2859 518 2914 dicta
550 2860 768 2928 Davide,
810 2867 1123 2939 necessario
1154 2882 1596 2940 unumquemque
1638 2872 1958 2943 prophetam

2060 2859 2251 2941 ὄντων,
2277 2880 2374 2933 καὶ
2400 2879 2542 2931 κατὰ
2566 2859 2870 2949 διαφόρους⁷
2888 2859 3211 2949 συμϐάντων
3233 2859 3462 2949 καιροὺς
3494 2877 3633 2932 ἐκεί-

376 2953 694 3023 pierumque
717 2970 779 3009 ea
815 2955 996 3011 dicere
1036 2966 1280 3028 apparet,
1322 2974 1555 3030 quorum
1603 2963 1707 3019 sibi
1745 2964 1962 3034 propin-

2059 2989 2186 3035 νων,
2209 2972 2244 3026 ἃ
2269 2971 2343 3042 τῷ
2378 2970 2634 3042 μακαρίῳ
2663 2968 2900 3042 πρόσθεν
2932 2969 3141 3040 ἔφαμεν
3168 2969 3419 3041 εἰρῆσθαι
3448 2970 3632 3031 Δαυῒδ,

376 3046 537 3116 quior
563 3047 1038 3103 demonstrabatur
1065 3050 1260 3105 exitus.
1293 3048 1703 3109 Connectebant
1750 3065 1956 3121 autem,

2058 3062 2375 3130 ἀναγκαίως
2432 3060 2542 3115 τῶν
2601 3060 2899 3134 προφητῶν
2948 3061 3179 3127 ἕκαστος
3234 3062 3377 3114 κατὰ
3423 3060 3522 3130 μὲν
3573 3062 3634 3114 τὸ

376 3150 743 3194 consentanea
786 3140 1021 3210 quadam
1068 3142 1147 3196 rei
1190 3143 1332 3199 serie
1357 3145 1425 3198 ad
1462 3144 1513 3199 id
1542 3145 1782 3210 deducti,
1821 3162 1958 3202 non-

2071 3155 2307 3209 πλεῖστον
2352 3155 2534 3207 ἐκεῖνα
2586 3154 2833 3223 φαίνεται
2886 3152 3080 3221 λέγων,
3131 3145 3207 3206 ὧν
3261 3152 3491 3222 ἐγγύθεν
3545 3150 3632 3204 ἐπ’
3672 3144 3691 3157 ’

376 3229 533 3283 nulla-
552 3230 713 3284 etiam
747 3231 1000 3300 posthinc
1030 3230 1233 3300 futura,
1262 3234 1356 3289 sed
1388 3235 1502 3290 haec
1544 3236 1662 3306 ipsa
1720 3251 1751 3291 a
1796 3238 1958 3293 beato

2056 3244 2232 3308 αὐτῶν
2280 3246 2313 3316 ή
2352 3244 2583 3307 έκὸασις
2632 3243 2885 3316 ἐδηλοῦτο
2940 3232 3292 3314 πραγμάτων
3345 3243 3437 3313 (p.
3487 3241 3631 3311 i04)‘

376 3320 580 3377 Davide
622 3320 786 3377 dicta.
819 3320 1017 3378 Beatus
1047 3324 1230 3395 itaque
1260 3325 1429 3383 Oseas
1461 3343 1582 3397 quae
1612 3329 1680 3383 ab
1716 3330 1958 3400 Assyriis

2059 3334 2328 3404 συνῆπτον
2369 3333 2426 3387 δὲ
2455 3333 2520 3387 ἐκ
2552 3351 2695 3395 τινος
2721 3331 3045 3405 ἀκολουθίας
3082 3331 3175 3385 ἐπὶ
3209 3331 3366 3384 τοῦτο
3398 3331 3634 3401 προαγό-

375 3428 440 3468 ae
466 3413 779 3485 Babyloniis
794 3421 1052 3470 eventura
1082 3418 1353 3486 posterius
1377 3420 1575 3489 populo
1591 3430 1767 3485 erant,
1792 3422 1954 3488 dicit;

2060 3443 2229 3496 μενοι,
2267 3424 2360 3478 καί
2389 3441 2511 3479 τινα
2548 3424 2654 3477 τῶν
2688 3425 2826 3494 μετὰ
2856 3422 3013 3475 τοῦτο
3040 3422 3342 3492 ἐσομένων,
3367 3420 3631 3492 εἰρημένα

375 3506 669 3562 emendare
716 3507 862 3562 hunc
882 3508 1187 3591 connitens’
1206 3523 1386 3564 rerum
1414 3510 1629 3564 illarum
1653 3513 1947 3566 mentione.

2054 3515 2295 3585 δηλονότι
2327 3515 2421 3568 καὶ
2459 3514 2530 3567 τὰ
2563 3513 2703 3567 αὐτὰ
2749 3512 2826 3583 τῷ
2859 3511 3114 3583 μακαρίῳ
3141 3511 3303 3564 Δαυῖδ
3328 3527 3344 3544 ’
3371 3513 3400 3563 ό
3433 3513 3484 3580 γ’
3522 3506 3616 3564 οῦν

372 3600 488 3657 Joel
534 3617 664 3656 vero
711 3600 930 3657 easdem
962 3601 1078 3671 ipse
1121 3616 1338 3672 quoque
1387 3618 1477 3659 res
1530 3612 1952 3672 commemorat;

2059 3606 2327 3676 μακάριος
2367 3605 2523 3675 Ὠσηέ
2552 3602 2621 3656 τὰ
2648 3604 2800 3673 παρά
2832 3619 2893 3655 τε
2927 3602 3034 3655 τῶν
3070 3602 3367 3671 ’Δσσυρίων
3401 3603 3496 3655 καὶ¹
3529 3601 3634 3654 Βα-

372 3696 572 3764 quippe
595 3708 691 3765 per
720 3694 862 3749 idem
891 3704 1105 3764 tempus
1132 3695 1320 3751 vivens
1344 3709 1453 3765 quo
1481 3693 1673 3760 Oseas,
1700 3702 1867 3765 atque
1899 3697 1953 3752 in

2055 3695 2330 3749 συλωνίων
2356 3695 2581 3766 ὕστερον
2616 3712 2682 3747 πε
2693 3697 2744 3765 pi.
2771 3694 2865 3747 τὸν
2890 3693 3018 3748 λαὸν
3042 3694 3275 3764 ἐσόμενα
3313 3693 3482 3762 λέγει,
3527 3710 3632 3747 σω-

373 3786 560 3841 eodem
595 3798 917 3858 argumento
948 3789 1153 3843 versari
1196 3789 1428 3859 spiritali
1463 3788 1794 3844 revelatione
1830 3804 1956 3859 per-

2056 3786 2330 3859 φρονίζειν
2360 3787 2557 3850 αὐτοὺς
2604 3789 2670 3857 τῇ
2708 3787 2901 3858 μνήμῃ
2949 3784 3292 3857 πειρώμενος
3319 3787 3540 3839 ἐκείνων
3559 3802 3571 3816 ·
3601 3784 3631 3836 ό

373 3884 576 3933 motus.
605 3877 765 3932 Addit
793 3880 955 3934 etiam
983 3893 1104 3948 qua:
1129 3887 1252 3950 post
1278 3880 1512 3934 reditum
1539 3877 1814 3951 Babylone
1843 3891 1956 3935 sta-

2051 3877 2108 3931 δέ
2142 3876 2295 3949 Ἰωὴλ
2331 3878 2604 3947 μέμνηται
2642 3877 2738 3946 μὲν
2787 3877 2884 3930 καὶ⁹
2926 3876 3090 3939 αὐτὸς
3131 3875 3239 3929 τῶν
3281 3875 3460 3930 αὐτῶν
3485 3915 3502 3942 ,
3532 3877 3627 3930 hs

375 3970 470 4022 tim
488 3965 688 4024 Judzeis
703 3969 1074 4039 contigerunt,
1095 3985 1216 4024 cum
1236 3984 1370 4040 gens
1387 3968 1641 4042 Scythica
1665 3971 1747 4025 eis
1769 3986 1957 4040 super-

2054 3969 2147 4024 καὶ
2175 3969 2316 4023 κατὰ
2350 3969 2443 4023 τὸν
2478 3967 2640 4021 αὑτὸν
2677 3968 2868 4039 καιρὸν
2912 3966 2989 4039 τῷ
3031 3967 3187 4038 Ὠσηέ
3231 3966 3502 4035 γεγονὼς,
3524 3968 3631 4027 ,καὶ

372 4058 539 4122 venit,
569 4057 727 4127 cujus
756 4056 865 4113 dux
908 4056 1022 4137 (ξος
1067 4066 1206 4124 erat,
1250 4074 1551 4129 omnesque
1587 4059 1833 4116 funditus
1858 4076 1953 4116 ex-
1980 4106 1992 4157 ‘

2008 4104 2019 4123 ,
2056 4061 2185 4133 περὶ
2226 4060 2337 4114 τῶν
2381 4059 2562 4112 αὐτῶν
2607 4059 2782 4112 εἰπεῖν
2831 4059 2974 4113 κατὰ
3014 4059 3112 4130 τὴν
3159 4058 3499 4128 ἀποκάλυψιν
3529 4058 3628 4129 τὴν

2008 4136 2021 4159 Ι
2374 4151 2386 4160 .
2471 4153 2484 4160 -
2832 4151 2844 4160 .
3192 4150 3232 4160 ι-
3362 4151 3402 4160 Α.
3516 4149 3531 4160 ι
3605 4150 3617 4160 ι

373 4151 650 4221 stinguere
681 4148 913 4207 volebat.
932 4151 1275 4222 Caeteroquin
1304 4149 1500 4217 Judaei,
1524 4150 1636 4207 Deo
1664 4153 1947 4223 suppetias
1983 4148 1993 4158 ’

2010 4148 2021 4159 ’
2055 4151 2434 4224 πνευματικὴν
2468 4151 2938 4222 ἐπιτετραμμένος
2960 4168 2974 4181 ·
3005 4150 3333 4226 προστίθησι
3358 4151 3415 4203 δέ
3443 4149 3630 4203 καὶτὰ

372 4239 604 4309 ferente,
653 4243 888 4299 victores
911 4245 1269 4299 exstiterunt:
1298 4259 1405 4315 qua
1433 4243 1500 4300 de
1521 4259 1582 4301 re
1604 4245 1798 4301 beatus
1820 4260 1951 4317 quo-

2059 4242 2198 4314 μετὰ
2221 4242 2318 4315 τὴν
2348 4242 2457 4296 ἀπὸ
2485 4240 2805 4304 Βαϐυλῶνος
2840 4240 3098 4294 ἐπάνοδον
3125 4240 3288 4304 εὐθὺς
3326 4240 3511 4303 αὐτοῖς
3535 4255 3630 4308 γε·-

371 4347 480 4404 que
509 4333 678 4391 David
709 4335 764 4390 in
797 4334 1029 4393 Psalmis
1058 4337 1225 4392 verba
1251 4334 1396 4391 fecit.

2057 4335 2286 4405 γονότα·
2330 4334 2568 4405 ὁπηνίκα
2599 4332 2863 4387 Σκυθικὸν
2894 4331 2993 4403 μὲν
3034 4331 3187 4396 ἔθνος
3216 4332 3401 4395 αὐτοῖς
3428 4330 3628 4403 ἐπελήι

371 4426 545 4492 λυθεν,
573 4421 742 4500 οὗπερ
768 4424 860 4483 οῦν
891 4427 943 4482 oi
976 4431 1103 4501 περὶ
1132 4428 1222 4483 τὸν
1252 4428 1375 4498 Γὼγ
1397 4426 1645 4501 ἐξῆρχον,
1676 4428 1847 4501 ἄρδην
1874 4429 2119 4493 ἅπαντας
2151 4429 2413 4483 ἀπολέσαι
2444 4427 2792 4498 βουλόμενον·
2827 4424 3088 4497 ὤφθησαν
3114 4412 3258 4479 δὲόί
3290 4425 3530 4479 Ἰουδαῖοι
3561 4428 3628 4498 τῇ

371 4522 491 4595 θείᾳ
522 4521 803 4596 συμμαχίᾳ
831 4523 1113 4595 κρείττους
1134 4523 1356 4579 ἐκείνων
1379 4541 1394 4555 ⁸
1422 4525 1634 4596 εἴρηται
1658 4523 1714 4576 δὲ
1747 4524 1842 4576 καὶ
1874 4524 2004 4596 περὶ
2033 4523 2238 4579 τούτων
2271 4523 2349 4595 τῷ
2385 4522 2637 4595 μακαρίῳ
2658 4520 2819 4575 Δαυῒδ
2855 4523 2913 4575 ἐν
2940 4519 3209 4590 Ψαλμοῖς.

1044 4641 1196 4697 CAP.
1235 4640 1278 4697 l.

2696 4638 2852 4692 ΚΕΦ.
2894 4638 2971 4689 Α’.

445 4750 612 4807 Vsus.
650 4750 770 4806 ἰοῦ.
797 4782 868 4792 —
896 4769 915 4802 ‹
945 4750 1180 4806 Verbum
1208 4749 1443 4815 Domini,
1470 4751 1617 4823 quod
1642 4751 1843 4822 factum
1867 4757 1953 4809 est

2125 4752 2273 4825 Στίχ.
2318 4750 2463 4820 α’-γ’.
2491 4778 2562 4791 -—-
2593 4768 2611 4801 ι
2655 4749 2828 4816 Λόγος
2858 4749 3096 4820 Κυρίου,
3127 4747 3184 4812 ὃς
3227 4746 3462 4819 ἐγενήθη
3493 4747 3626 4817 πρὸς

372 4838 441 4894 ad
459 4836 665 4895 Joelem
699 4839 1185 4911 Bathuelistilium.
1213 4859 1232 4892 ι
1272 4838 1371 4895 Hic
1400 4842 1814 4911 paritcrtitulus
1830 4842 1954 4911 qui-

2064 4846 2220 4917 Ἵωὴλ
2259 4839 2350 4899 τὸν
2374 4844 2467 4897 τοῦ
2506 4840 2769 4914 Βαθουήλ.
2830 4860 2849 4894 ι
2906 4841 3205 4912 Προγραφή
3240 4839 3324 4901 τίς
3364 4842 3480 4893 ἐστι
3533 4839 3625 4892 καὶ

371 4930 498 4985 dam
531 4940 638 4998 est,
687 4948 842 5003 teque
875 4946 941 4986 ac
974 4933 1115 5002 apud
1149 4931 1367 4995 Oseam,
1402 4933 1791 4989 demonstrans
1827 4950 1952 5004 pro-

2054 4938 2193 5008 αὕτη
2228 4934 2623 5006 παραπλησίως
2651 4932 2728 5005 τῷ
2761 4933 2940 5005 Ὠσηὲ,
2971 4931 3205 5001 δηλοῦσα
3239 4932 3321 4985 ὅτι
3343 4929 3402 4994 ἐξ
3425 4931 3628 4984 ἀποκα-

372 5023 591 5095 pbetam
637 5040 702 5080 ex
749 5025 1081 5102 revelatione
1121 5023 1224 5094 ipsi
1264 5023 1448 5079 oblata
1481 5023 1747 5079 divinitus
1795 5040 1950 5080 com-
1983 5030 1992 5085 ]

2007 5031 2028 5084 )
2056 5026 2268 5097 λύψεὼς
2303 5041 2446 5088 τινος
2478 5022 2829 5092 ἐγγεγονυίας
2854 5021 3004 5092 αὑτῷ
3028 5062 3043 5087 ,
3076 5020 3281 5075 θειόθεν
3313 5020 3627 5091 κινούμενος

372 5124 603 5184 motum,
638 5131 759 5187 quas
788 5124 1092 5185 sequuntur
1118 5116 1301 5171 dicere
1333 5114 1401 5169 ad
1434 5115 1617 5185 populi
1658 5116 1949 5171 utilitatem

2059 5120 2208 5189 λέγει
2235 5118 2304 5172 τὰ
2347 5117 2472 5189 ἐξῆς
2496 5155 2510 5180 ,
2557 5116 2636 5180 είς
2669 5114 2933 5184 ὠφέλειαν
2967 5113 3308 5167 συντείνοντα
3349 5112 3442 5167 τοῦ
3471 5111 3621 5167 λαοῦ.

374 5205 601 5269 directa.
639 5225 658 5259 ι
683 5207 882 5262 Audite
910 5207 1035 5272 hoc,
1071 5221 1252 5269 senes,
1289 5214 1344 5261 et
1387 5206 1613 5262 auribus
1662 5207 1948 5278 percipite.

2061 5228 2079 5266 ι
2132 5209 2426 5264 Ἀκούσατε
2460 5207 2629 5261 ταῦτα
2669 5208 2718 5261 oi
2763 5198 3624 5278 πρεσϐύτεροι,καὶένωτίσασθε,

373 5280 562 5352 oni-nes
589 5296 925 5352 habitatores
953 5305 1131 5361 terrae,
1166 5297 1212 5352 si
1258 5295 1401 5351 facta
1437 5305 1566 5352 sunt
1590 5298 1719 5352 talia
1745 5298 1801 5353 in
1835 5299 1949 5354 dies

2057 5304 2255 5367 πάντες
2292 5304 2342 5357 οί
2376 5300 2757 5363 κατοικοῦντες
2801 5298 2899 5369 τὴν
2938 5296 3064 5366 γῆν,
3099 5298 3149 5349 εί
3179 5295 3371 5365 γέγονε
3403 5292 3626 5348 τοιαῦτα

373 5386 477 5443 bus
506 5388 726 5442 vestris.
766 5387 978 5452 :Quasi
1021 5387 1088 5442 ad
1127 5385 1275 5441 dicta
1329 5386 1598 5441 audienda
1643 5389 1945 5457 segniores,

2054 5396 2113 5450 ἐν
2136 5395 2253 5457 ταῖς
2282 5393 2520 5465 ἡμέραις
2539 5390 2713 5462 ὑμῶν.
2755 5409 2773 5442 ι
2820 5390 2907 5453 Ὠς
2927 5388 2993 5444 ἂν
3024 5387 3394 5460 ῥᾳθυμότερον
3427 5385 3628 5438 διακει-

374 5480 614 5534 excitare
661 5480 1032 5549 pmdictionis
1066 5488 1275 5535 terrore
1299 5486 1560 5546 conatur;
1578 5495 1747 5552 quare
1770 5488 1825 5536 et
1853 5481 1951 5536 ini-

2057 5484 2250 5556 μένους
2266 5483 2395 5552 περὶ
2417 5482 2485 5536 τὰ
2511 5481 2796 5551 λεγόμενα,
2816 5478 2892 5549 (p.
2930 5478 3050 5550 105)
3069 5476 3352 5548 διεγείρειν
3379 5474 3455 5545 τῷ
3478 5473 3628 5545 φόϐῳ

376 5573 515 5629 tium
548 5574 834 5629 verborum
875 5588 1100 5630 suorum
1138 5576 1286 5646 capit
1331 5589 1362 5627 a
1406 5575 1591 5631 minis.
1636 5573 1717 5629 Ad
1758 5586 1949 5628 omnes

2052 5575 2162 5630 τῶν
2195 5573 2545 5646 μηνυομένων
2565 5573 2843 5648 πειρᾶται,
2873 5570 3014 5624 ὥστε
3043 5571 3140 5625 καὶ
3165 5569 3451 5642 προοίμιον
3476 5565 3626 5636 αὐτῷ

377 5673 548 5730 certe,
582 5665 776 5734 inquit,
812 5672 971 5722 terrae
1020 5666 1226 5724 incolas
1286 5666 1694 5738 praedicationis
1741 5681 1949 5725 sermo-

2055 5667 2164 5722 τῶν
2210 5667 2384 5736 λόγων
2426 5661 2563 5720 εἶναι
2605 5665 2702 5737 τὴν
2743 5664 2970 5734 ἀπειλήν
2993 5681 3007 5697 ο
3055 5663 3191 5733 πρὸς
3226 5663 3471 5723 ἅπαντας
3516 5657 3583 5730 δὴ
3605 5695 3622 5727 ,
