4102 6470
398 191 520 250 213

1465 195 2024 258 COMMENTARIUS
2056 198 2124 257 IN
2160 199 2391 260 JOELIS
2426 201 2581 258 CAP.
2620 203 2657 257 Ι.

3615 198 3723 257 215

400 309 556 381 φησὶ
582 349 601 376 ,
655 311 783 374 τοὶὶς
841 311 942 382 τὴν
999 309 1107 382 γῆν
1172 311 1463 377 οἰκοῦντας
1519 315 1619 385 τῆς
1673 316 2016 385 ἑπαγγελίας

2122 334 2244 375 nem
2290 319 2544 386 instituo,
2581 318 2634 374 in
2652 316 2858 390 primis
2885 328 3019 372 vero
3058 315 3169 388 7o
3206 312 3270 371 ad
3318 314 3584 389 seniores,
3622 317 3720 389 qui

400 403 681 476 ποιοῦμαι
716 403 808 458 τὸν
859 404 1052 473 λόγον·
1104 406 1204 461 καὶ
1246 406 1356 479 πρό
1401 423 1466 476 γε
1500 406 1610 462 τῶν
1652 407 1831 464 ἄλλων
1878 409 2018 481 πρὸς

402 498 546 561 τοῖος
576 500 637 551 ὲν
663 496 794 569 ὑμῖν
827 497 1264 571 πρεσϐυτέρους,
1296 499 1390 553 καί
1421 517 1474 553 τι
1508 500 1604 555 καὶ
1632 500 1794 557 πλέον
1817 500 2018 557 εἰδέναι

399 587 500 649 διὰ
538 590 633 645 τὸν
671 590 885 663 μακρὸν
918 590 1240 661 ὀφείλοντας
1282 592 1497 663 χρόνον,
1533 593 1582 645 εί
1617 592 1675 646 δέ
1710 609 1765 646 τι
1810 592 2020 648 τοιοῦτο

401 682 667 752 γεγονὸς,
702 684 735 755 ἢ
766 683 913 737 κατά
933 683 1025 737 τὸν
1054 683 1320 755 ὑμέτερον
1346 683 1611 756 καιρὸν,ἥ
1636 684 1776 739 κατά
1798 684 1890 738 τὸν
1908 685 2020 740 τῶν

406 774 705 846 ὑμετέρων
747 774 1000 846 πατέρων
1040 774 1337 829 ἐπίστασθε
1364 816 1378 840 ,
1423 778 1582 830 ὁποῖα
1622 776 1688 848 δὴ
1730 775 1826 832 νῦν
1875 777 2007 848 ὑμῖν

406 865 634 919 ἐποίσει
663 865 818 932 Θεὸς,
851 867 947 921 ἐπὶ
989 865 1189 939 μακρῷ
1223 866 1325 937 μὲν
1353 867 1508 938 ὑμῶν
1547 868 1917 940 ἀνασχόμενος
1941 868 2021 938 τῷ

402 958 600 1028 χρόνῳ
627 998 643 1024 ,
686 958 1020 1029 ἀνεχόμενος
1052 959 1109 1013 δὲ
1153 959 1372 1032 μηκέτι,
1414 962 1539 1015 ἐπεὶ
1575 961 1745 1032 μηδὲν
1777 962 1922 1032 ὑμᾶς
1958 964 2022 1016 ἐκ

403 1050 518 1120 τῆς
545 1050 910 1117 ἀνεξικακίας
938 1051 1351 1123 ὠφελουμένους
1395 1054 1530 1126 ὁρᾷ,
1566 1052 1878 1107 τούναντίον
1919 1051 2021 1124 μὲν

404 1141 511 1200 οὖν
534 1147 636 1200 καὶ
661 1145 1074 1217 προκόπτοντας
1093 1147 1186 1201 ἐπὶ
1200 1146 1261 1200 τὸ
1282 1148 1481 1219 χεῖρον.
1507 1166 1524 1195 ι
1552 1146 1687 1218 Περὶ
1710 1147 1891 1201 αὐτῶν
1908 1148 2021 1209 τοῖς

404 1237 639 1301 τέκνοις
676 1237 834 1308 ὑμῶν
863 1236 1225 1309 διηγήσασθε,
1271 1239 1368 1291 καὶ
1409 1237 1479 1291 τὰ
1519 1237 1688 1292 τέκνα
1717 1237 1874 1308 ὑμῶν
1906 1238 2021 1300 τοῖς

403 1329 637 1394 τέκνοις
657 1329 862 1395 αὐτῶν,
878 1330 974 1384 καὶ
985 1328 1053 1383 τά
1074 1330 1240 1384 τέκνα
1251 1329 1431 1384 αὐτῶν
1453 1332 1534 1395 είς
1552 1330 1749 1399 γενεὰν
1768 1328 1982 1400 ἑτέραν.
1997 1347 2015 1380 ι

405 1420 646 1477 Τοιοῦτο
679 1421 791 1495 γὰρ
823 1420 889 1494 δὴ
920 1421 1032 1475 τῶν
1069 1419 1165 1475 νῦν
1193 1421 1642 1492 ὲπελευσομένων
1670 1421 1800 1492 ὑμῖν
1828 1421 1892 1475 τὸ
1922 1419 2019 1491 μέ-

406 1496 580 1582 γεθος
610 1515 826 1578 κακῶν,
861 1513 1006 1568 ὥστε
1032 1513 1144 1568 δεῖν
1171 1512 1318 1584 ὑμᾶς
1351 1513 1443 1568 διὰ
1474 1514 1584 1567 τῶν
1612 1513 1877 1585 διαδόχων
1908 1511 2018 1567 τῶν

2117 411 2275 483 plura
2313 411 2458 469 scire
2504 411 2576 468 ob
2619 425 2778 468 suam
2818 409 3223 482 longaevitatem
3269 407 3502 473 debent,
3547 423 3717 481 rogo,

2120 504 2367 574 inquam,
2398 518 2468 558 an
2497 516 2597 573 par
2627 501 2839 573 aliquid
2878 502 2963 557 vel
2988 507 3148 557 aetate
3175 508 3356 557 vestra
3386 499 3468 556 vel
3499 510 3720 572 patrum

2120 603 2429 651 vestrorum
2459 594 2758 665 contigisse
2783 593 2998 662 sciatis,
3027 593 3188 665 quale
3214 608 3364 648 nunc
3386 592 3547 649 vobis
3569 591 3716 649 Deus

2121 686 2372 743 facturus
2384 696 2490 750 est,
2512 687 2609 758 qui
2626 687 2791 758 longo
2812 686 3034 757 quidem
3056 676 3302 757 tempore
3318 700 3417 742 vos
3428 685 3717 750 sustinuit,

2120 779 2216 834 sed
2243 777 2359 849 jam
2388 779 2599 835 diutius
2630 793 2741 835 non
2774 778 3052 844 tolerabit,
3094 779 3225 850 quia
3250 778 3425 833 nihilo
3465 792 3566 833 vos
3599 792 3712 834 me-

2116 867 2285 926 liores
2306 870 2378 926 ob
2406 871 2730 942 patientiam
2757 885 2917 928 suam
2939 869 3165 927 ell‘ectos
3186 867 3353 936 videt,
3377 870 3489 925 imo
3518 876 3714 924 contra

2114 959 2172 1015 in
2193 959 2441 1019 deterius
2470 962 2638 1019 etiam
2671 971 2897 1020 ruentes
2924 1003 2940 1018 .
2981 982 3002 1015 ι
3028 961 3210 1034 Super
3235 960 3341 1017 hoc
3365 959 3496 1015 ﬁliis
3514 961 3721 1018 vestris

2116 1059 2365 1120 narrate,
2382 1060 2438 1107 et
2459 1053 2557 1109 lilii
2577 1055 2751 1111 vestri
2772 1054 2902 1111 (iliis
2927 1054 3064 1121 suis,
3082 1062 3139 1110 et
3154 1052 3251 1108 lilii
3271 1066 3465 1108 eorum
3492 1065 3722 1121 genera-

2117 1144 2251 1200 tioni
2290 1145 2474 1203 alteri.
2502 1166 2522 1201 ι
2570 1145 2750 1204 Tanta
2792 1149 2943 1205 enim
2997 1155 3085 1204 est
3127 1152 3521 1203 eventurorum
3570 1158 3722 1200 nunc

2119 1236 2280 1294 vobis
2313 1240 2585 1297 malorum
2614 1240 2962 1313 magnitudo,
2995 1247 3058 1294 ut
3076 1253 3177 1295 vos
3196 1244 3451 1309 oporteat
3473 1251 3571 1308 per
3593 1251 3721 1293 suc-

2120 1342 2376 1388 cessores
2402 1340 2619 1390 vestros
2651 1334 2719 1390 ad
2750 1342 3005 1405 posteros
3031 1331 3283 1387 notitiam
3316 1329 3711 1395 transmittere,

2124 1435 2235 1492 quo
2261 1436 2446 1480 rerum
2468 1435 2749 1496 gestarum
2775 1426 2997 1483 novitas
3027 1424 3154 1480 illos
3169 1437 3390 1493 quoque
3420 1419 3725 1477 modestio-

2124 1527 2215 1570 res
2243 1516 2423 1585 possit
2448 1517 2682 1575 allicere.

408 1609 639 1665 οἰκείων
673 1611 754 1674 είς
781 1610 910 1675 τοὺς
966 1609 1262 1680 μετέπειτα
1313 1609 1683 1685 παραπέμψαι
1722 1609 1819 1682 τὴν
1846 1608 2070 1680 γνῶσιν,
2110 1607 2234 1683 Νὴ
2263 1611 2375 1669 τῶν
2421 1615 2768 1687 πραγμάτων
2799 1613 3055 1685 καινότης
3090 1616 3159 1685 τῇ
3189 1612 3329 1684 ἀκοῇ
3367 1608 3724 1683 σωφρονίζειν

406 1701 638 1756 δύναιτο
668 1702 977 1766 κάκείνους.

484 1792 639 1865 Σείχ.
675 1793 817 1847 δ’·ε¹.
861 1823 921 1836 --
961 1812 978 1845 ι
1020 1793 1101 1847 Τά
1134 1792 1440 1847 κατάλοιπα
1481 1792 1583 1863 τῆς
1619 1792 1850 1863 κάμπης
1889 1807 2020 1845 κατ-

2199 1788 2368 1849 Vsns.
2409 1792 2532 1849 4-5.
2563 1822 2635 1835 --
2678 1810 2698 1845 ι
2719 1790 2961 1851 Residua
2989 1809 3173 1851 eruca
3199 1794 3440 1852 comedit
3476 1793 3721 1859 locusta,

407 1886 631 1956 έφαγεν
655 1887 690 1958 ή
730 1887 897 1959 ἀκρίς
916 1902 933 1919 ·
965 1886 1061 1941 καὶ
1086 1886 1155 1940 τά
1180 1885 1488 1940 κατάλοιπα
1510 1886 1609 1956 τῆς
1635 1885 1859 1955 ἀκρίδος
1890 1901 2023 1937 κατ-

408 1977 629 2050 έφαγεν
669 1980 700 2032 ὁ
732 1978 1000 2051 βροῦχοςο
1063 1980 1159 2037 καὶ⁴
1186 1978 1257 2034 τὰ
1302 1979 1611 2037 κατάλοιπα
1656 1977 1753 2034 τοῦ
1787 1977 2019 2049 βρούχου

407 2073 738 2141 κατέφαγεν
772 2073 807 2142 ὴ
841 2070 1096 2143 ὲρυσίὸη.
1131 2090 1149 2125 ι
1186 2070 1479 2144 Τροπικῶς
1509 2068 1762 2142 βούλεται
1795 2068 1864 2124 τὰ
1916 2070 2016 2123 s1:-

406 2162 721 2234 εληλυθότα
756 2164 942 2226 αὐτοῖς
976 2163 1151 2221 εἰπεῖν
1175 2162 1324 2219 κακά
1344 2178 1357 2192 ·
1383 2163 1479 2219 καὶ
1504 2161 1582 2225 ὡς
1617 2161 1705 2219 ἀεὶ
1735 2163 1852 2225 τοῖς
1883 2160 2022 2232 μετά

407 2254 596 2311 ταῦτα
638 2255 710 2309 τὰ
758 2255 1004 2326 πρότερα
1055 2253 1395 2309 ἐπετείνετοθ
1454 2250 1680 2325 ἐλήλυθε
1727 2252 1825 2326 μὲν
1875 2250 2017 2323 γὰρ,

410 2348 557 2419 φησι
584 2387 599 2411 ,
637 2345 1006 2417 Θεγλαιρασάρ
1045 2346 1074 2398 ό
1107 2345 1216 2399 τῶν
1272 2342 1577 2416 Ἀσσυρίων
1627 2342 1914 2414 βασιλεὺς,
1959 2342 2020 2406 ὃς

409 2441 580 2512 δίκην
646 2440 881 2511 κάμπης
936 2440 1037 2493 οὐκ
1082 2439 1239 2509 ὀλίγα
1290 2438 1434 2511 μέρη
1472 2436 1582 2492 τῶν
1630 2436 2018 2508 προσηκόντων

408 2533 550 2604 ὑμῖν
604 2532 884 2605 ἐδῄωσενο
923 2530 1001 2602 (p.
1047 2530 1185 2602 106)
1235 2530 1353 2603 μετ’
1403 2532 1612 2585 ἐκεῖνον
1652 2527 2019 2600 Μλμανασάρ

404 2625 614 2697 ὥσπερ
640 2625 806 2698 ἀκρίς
836 2641 921 2688 τις
947 2622 1110 2677 πλέον
1144 2625 1298 2677 ὲπινε
1309 2622 1503 2695 μηθεὶς
1535 2621 1603 2675 τὰ
1629 2619 1900 2693 ὑμέτερα·
1929 2620 2018 2674 ἐπ’

406 2713 654 2777 ἐκείνοις
678 2712 1061 2786 Σενναχηρεὶμ
1084 2712 1316 2785 βρούχου
1341 2712 1498 2784 δίκην
1522 2712 1700 2766 κοινὸν
1712 2710 2017 2782 ἀφανισμὸν

411 2805 647 2876 ἐπάγων
668 2809 792 2869 ταῖς
813 2804 948 2859 δέκα
968 2804 1163 2875 φυλαῖς
1192 2806 1414 2877 Ἰσραήλ
1432 2821 1447 2837 ·
1471 2801 1803 2875 ἐπελήλυθεν
1824 2802 2017 2871 ὥσπερ

410 2914 504 2960 τις
532 2895 762 2969 ὲρυσίϐη
801 2896 941 2968 πρὸς
968 2899 1081 2962 τοῖς
1126 2897 1336 2961 λοιποῖς
1377 2898 1405 2951 ὁ
1442 2895 1805 2962 Βαϐυλώνιος,
1834 2894 1894 2959 ὃς
1919 2895 2016 2950 καὶ

410 2988 548 3050 τοὺς
568 2987 670 3058 τῆς
701 2986 965 3053 Ἰουδαίας
994 2986 1197 3055 λαϐὼν,
1222 2987 1401 3043 κοινὸν
1416 2988 1672 3043 ἁπάντων
1688 2988 1786 3059 τῆς
1809 2989 2014 3061 αἰχμα-

404 3084 622 3149 λωσίας
696 3083 967 3155 πεποίηκε
1016 3083 1077 3137 τὸ
1121 3083 1324 3138 κακόν·
1372 3078 1492 3138 εἶτα
1515 3082 1567 3149 τί
1602 3082 1852 3154 βούλεται
1885 3081 2011 3136 τού-

406 3193 528 3232 των
562 3174 597 3246 ἡ
638 3175 911 3246 μήνυσιςς
946 3191 965 3225 ι
1012 3171 1340 3244 Ἐκνήψατε,
1362 3170 1412 3226 oi
1447 3168 1763 3242 μεθύοντες,
1788 3170 1848 3238 ἐξ
1872 3169 2017 3225 οῐνου

410 3266 626 3333 αὐτῶν,
660 3267 755 3322 καὶ
797 3263 1108 3331 κλαύσατε,
1156 3264 1359 3329 πάντες
1395 3264 1445 3317 oi
1483 3263 1736 3329 πίνοντες
1772 3258 1914 3319 οἶνον
1940 3266 2023 3329 είς

414 3358 637 3432 priqu
686 3357 769 3412 ὅτι
805 3357 1031 3428 ἐξῆρται
1075 3356 1140 3409 ὲκ
1187 3354 1461 3424 στόματος
1502 3354 1657 3427 ὑμῶν
1707 3354 2019 3427 εὐφροσύνη

408 3451 514 3505 καὶ
546 3448 714 3521 χαρά,
759 3467 779 3500 ι
825 3445 1124 3501 Ἀπόθεσθε
1158 3446 1224 3518 δὴ
1269 3445 1368 3519 τὴν
1401 3446 1594 3518 μέθην,
1628 3447 1718 3519 ὑφ’
1770 3443 1839 3520 ἦς
1883 3465 2020 3503 κατ-

411 3541 672 3614 εχόμενοι
701 3539 798 3593 νῦν
820 3538 910 3593 διὰ
932 3537 1029 3610 τὴν
1062 3538 1201 3610 πρὸς
1229 3539 1290 3591 τὸ
1322 3541 1504 3609 χεῖρον
1531 3538 1727 3612 ῥοπὴν,
1752 3539 1876 3593 οὐδὲ
1900 3557 2022 3594 συν-

410 3637 556 3707 ορᾷν
585 3633 801 3688 ἐθέλετε
840 3631 901 3686 τὸ
937 3632 1055 3687 δέον
1074 3650 1087 3664 ο
1118 3631 1215 3685 καὶ
1244 3632 1550 3703 μετάστητε
1576 3634 1657 3697 είς
1680 3632 1894 3705 δάκρυα
1924 3632 2021 3689 καὶ

414 3727 677 3798 θρήνους,
700 3726 755 3779 sl
770 3711 888 3788 πως
912 3727 981 3796 τῇ
1012 3722 1349 3796 μεταμελείᾳ
1374 3724 1475 3795 τὴν
1502 3723 1738 3778 παλαιὰν
1762 3725 2021 3797 ἀποσμή-

414 3815 545 3883 ξετε
604 3814 810 3885 μέθην·
856 3812 1047 3884 ἐπειδὴ
1094 3810 1205 3883 γὰρ
1239 3811 1423 3877 οὐκέτι
1470 3809 1683 3884 χαίρειν
1730 3812 1875 3883 ὑμᾶς
1926 3812 2022 3866 καὶ

415 3903 818 3977 εὐφραίνεσθαι
848 3902 919 3957 τὰ
950 3902 1343 3975 συμϐησόμενα
1373 3903 1465 3973 ἐᾷ,
1498 3902 1721 3974 ἄμεινον
1750 3905 1829 3967 είς
1862 3921 2023 3976 μετα-

422 3998 649 4069 μέλειαν
680 3995 761 4067 τῷ
788 4014 847 4049 τε
884 3994 1068 4067 θρήνῳ
1099 3995 1409 4069 χρήσασθαι
1442 3995 1537 4049 καὶ
1577 3998 1690 4060 τοῖς
1730 3996 2016 4071 δάκρυσιν,

417 4092 500 4156 ὡς
553 4090 620 4144 ἂν
674 4088 929 4143 ἐντεῦθεν
979 4087 1283 4158 κουφισμὸς
1333 4104 1416 4151 τις
1468 4088 1598 4158 ὑμῖν
1657 4090 1867 4158 γένοιτο
1914 4091 2023 4144 τῶν

421 4181 647 4238 κακῶνο
682 4176 806 4236 εἶτα
832 4180 1058 4253 μηνύων
1095 4181 1238 4252 ὑπὲρ
1267 4181 1393 4234 ὅτου
1433 4180 1629 4244 ταῦτα,
1661 4181 1854 4253 φησίν⁶

490 4297 649 4369 Στίχ,
699 4293 849 4362 «ς’-θ’.
884 4326 955 4339 --—
1006 4314 1026 4349 ι
1065 4284 1374 4357 ’Ὀτιῗὲθνος
1420 4292 1592 4364 ἀνέϐη
1630 4293 1724 4348 ἐπὶ
1771 4294 1872 4365 τὴν
1917 4295 2024 4366 γῆν

424 4407 532 4462 μου
557 4388 776 4459 ἰσχυρὸν
800 4388 897 4442 καὶ
924 4386 1317 4458 ἀναρίθμητον⁹
1344 4385 1392 4438 oi
1416 4384 1631 4449 ὀδόντες
1653 4383 1843 4452 αὑτοῦ,
1874 4386 2026 4441 λέον-

2123 1890 2178 1939 et
2226 1873 2446 1939 residua
2499 1884 2727 1941 locusta:
2774 1886 3014 1942 comedit
3061 1885 3343 1955 bruchus,
3398 1893 3455 1944 et
3502 1885 3723 1943 residua

2123 1974 2321 2031 bruchi
2375 1974 2615 2032 comedit
2674 1976 2895 2048 rubigo.
2918 1996 2937 2029 »
2970 1975 3233 2049 Figurate
3263 1978 3382 2039 vult
3417 1992 3723 2050 superven-

2122 2074 2246 2124 tura
2275 2067 2414 2138 ipsis
2440 2066 2625 2125 dicere
2651 2068 2817 2134 mala,
2847 2076 2902 2129 et
2932 2068 3089 2140 quod
3112 2085 3332 2141 semper
3372 2069 3561 2142 priora
3594 2084 3726 2140 pos-

2121 2161 2425 2223 terioribus
2453 2161 2822 2232 augebuntur.
2851 2160 3018 2218 Venit
3045 2162 3217 2226 enim.
3253 2162 3456 2233 inquit,
3488 2160 3726 2234 Thegla-

2122 2250 2327 2323 phasar
2357 2251 2717 2324 Assyriorum
2745 2267 2863 2316 rex,
2895 2252 2991 2323 qui
3022 2266 3205 2308 erucae
3234 2252 3411 2308 instar
3441 2266 3554 2306 non
3584 2265 3724 2323 pau-

2121 2358 2215 2399 cas
2231 2358 2418 2403 rerum
2444 2352 2752 2401 vestrarum
2776 2350 2962 2414 partes
2992 2341 3393 2414 pessumdedit.
3414 2342 3545 2401 Post
3564 2343 3721 2399 illum

2123 2435 2497 2501 Salmanasar,
2526 2450 2627 2491 ceu
2654 2435 2907 2506 quaedam
2934 2435 3148 2495 locusta
3183 2434 3362 2508 magis
3404 2435 3589 2495 adhuc
3631 2450 3728 2493 ve-

2121 2535 2269 2583 stras
2312 2541 2444 2597 opes
2472 2527 2844 2598 depopulatus
2875 2534 2980 2589 est.
3010 2526 3219 2585 Deinde
3261 2526 3727 2587 Sennacherimus

2117 2620 2274 2693 quasi
2298 2620 2555 2678 bruchus
2571 2621 2825 2693 generale
2835 2620 3066 2676 exitium
3088 2619 3290 2678 decem
3304 2622 3563 2681 tribubus
3585 2622 3728 2678 intu-

2118 2714 2202 2771 lit.
2247 2712 2571 2771 Postremus
2599 2712 2846 2769 omnium
2877 2718 3143 2782 tanquam
3177 2712 3378 2784 rubigo
3405 2713 3729 2784 supervenit

2116 2803 2457 2877 Babylonius
2501 2802 3060 2876 (Nabuchodonosor)
3108 2803 3204 2876 qui
3244 2801 3450 2859 Iudicat
3498 2818 3727 2875 quoque

2113 2898 2316 2956 incolis
2353 2897 2553 2969 captis,
2594 2908 2947 2979 communem
2988 2896 3121 2952 fecit
3156 2896 3496 2969 captivitatis
3523 2911 3728 2952 abrum-

2114 3007 2266 3048 nam.
2298 2991 2473 3048 Porro
2497 2990 2631 3063 quid
2658 2991 2763 3047 sibi
2787 2991 2903 3049 vult
2927 2991 3120 3047 harum
3143 3005 3330 3046 rerum
3347 2990 3727 3047 denuntiatio?

2125 3102 2145 3138 ι
2165 3082 2650 3155 Expergiscimini,
2679 3081 2843 3151 ebrii,
2871 3096 2939 3139 ex
2961 3080 3090 3138 vino
3131 3088 3344 3150 vestro,
3388 3091 3445 3139 et
3474 3081 3723 3153 plorate,

2121 3191 2316 3234 omnes
2346 3176 2443 3247 qui
2473 3175 2662 3235 bibitis
2703 3176 2894 3230 vinum
2924 3173 2994 3229 ad
3017 3175 3369 3241 ebrietatem,
3401 3174 3533 3246 quia
3562 3174 3717 3230 abla-

2123 3275 2239 3324 tum
2271 3275 2356 3324 est
2384 3283 2451 3323 ex
2476 3281 2577 3323 ore
2601 3274 2790 3323 vestro
2832 3265 3097 3338 gaudium
3143 3273 3199 3323 et
3245 3266 3461 3323 latitia:
3487 3284 3506 3319 ι
3534 3264 3728 3321 Pellite

2122 3360 2470 3425 ebrietatem,
2498 3375 2608 3431 qua
2640 3373 2789 3416 nunc
2816 3359 3098 3430 occupati,
3140 3366 3365 3430 propter
3389 3366 3629 3417 vestram
3657 3356 3727 3413 ad

2121 3452 2255 3507 vitia
2279 3451 2706 3524 proclivitatem,
2735 3450 2884 3523 quod
2912 3451 3064 3507 factu
3094 3467 3236 3524 opus
3263 3461 3350 3509 est
3375 3452 3523 3507 haud
3552 3450 3723 3508 vultis

2121 3544 2472 3614 conspicere:
2516 3551 2571 3599 et
2598 3543 2666 3599 ad
2698 3543 2971 3615 lacrymas
3015 3543 3404 3615 ploratumque
3449 3542 3726 3599 converti-

2121 3635 2280 3702 mini,
2313 3636 2360 3691 si
2393 3635 2536 3691 forte
2562 3635 2887 3708 pauitantia
2916 3635 3200 3706 antiquam
3222 3635 3539 3707 absterge're
3568 3642 3724 3707 pote.

2121 3726 2247 3783 ritis
2269 3726 2617 3782 ebrietatem.
2648 3723 2784 3780 Nam
2813 3724 2946 3796 quia
2975 3724 3217 3797 gaudere
3242 3739 3340 3781 vos
3369 3725 3605 3781 ulterius
3642 3731 3727 3781 at-

2121 3834 2229 3889 que
2251 3818 2423 3876 laetari
2449 3833 2562 3874 non
2589 3818 2780 3875 sinunt
2808 3832 2997 3882 casus,
3039 3817 3238 3873 melius
3265 3826 3351 3875 est
3389 3817 3727 3890 posnitentes

2126 3917 2231 3991 71
2275 3914 2492 3991 ploratu
2533 3911 2905 3985 lacrymisque
2938 3911 3042 3976 uti,
3075 3917 3135 3966 ut
3168 3910 3299 3967 hinc
3329 3910 3488 3968 vobis
3523 3910 3731 3967 levatio

2124 3990 2307 4078 aliqua
2334 3990 2605 4062 malorum
2638 4003 2942 4076 contingat.
2968 4002 3176 4060 Deinde
3192 4003 3516 4079 significans
3531 4017 3727 4076 quam-

2123 4100 2312 4157 obrem
2347 4098 2487 4166 hac,
2521 4097 2696 4170 pergit
2723 4094 2911 4151 dicere
2939 4107 2959 4148 :

2196 4295 2367 4353 Vens.
2402 4293 2518 4353 6-9.
2548 4325 2616 4334 —
2647 4312 2665 4347 ι
2694 4293 2843 4351 Gens
2871 4293 3018 4352 enim
3046 4293 3297 4352 ascendit
3324 4310 3489 4369 super
3520 4301 3727 4351 terram

2129 4402 2305 4445 meam
2343 4384 2504 4441 fortis
2532 4392 2587 4440 et
2616 4384 3294 4451 innumeraltilis;dentes
3324 4383 3471 4456 ejus,
3504 4384 3718 4451 leonis,

416 4499 533 4546 τοςο
569 4481 666 4535 καὶ
692 4480 751 4534 αἱ
774 4478 940 4561 μύλαι
968 4477 1170 4543 αὐτοῦ,
1202 4478 1275 4542 ὠς
1317 4476 1560 4550 σκύμνου
1609 4475 1798 4532 αὑτοῦ.
1828 4497 1847 4528 ι
1891 4478 2020 4532 Ἐπ-

2129 4486 2184 4535 et
2208 4478 2449 4533 molares
2478 4476 2623 4546 ejus,
2671 4484 2731 4531 ut
2763 4475 2934 4531 catuli
2981 4475 3179 4532 leonis.
3222 4493 3243 4527 ι
3276 4474 3728 4546 Supervenerunt

418 4570 719 4643 εληλύθασι
749 4570 860 4643 γὰρ
892 4573 960 4642 τῇ
1003 4567 1161 4642 χώρᾳ
1203 4571 1271 4641 τῇ
1307 4570 1416 4640 ἐμῇ
1451 4568 1703 4640 πολέμιοι
1744 4568 1929 4623 πολλοί
1962 4586 2024 4625 τε

417 4662 520 4717 καὶ
583 4662 844 4721 δυνατοὶ,
890 4660 940 4713 οἳ
990 4659 1225 4714 λεόντων
1264 4660 1421 4713 οὐδὲν
1464 4660 1852 4732 ἀφεστήκασι,
1912 4663 2028 4726 τοῖς

418 4754 604 4810 ὀδοῦσι
664 4754 760 4808 καὶ
803 4755 924 4818 ταῖς
952 4751 1153 4825 μύλαις
1185 4753 1304 4816 ταῖς
1346 4750 1569 4813 οἰκείαις
1613 4753 2028 4823 κατασφαττόν-

416 4863 533 4901 των
560 4862 623 4899 τε
649 4846 745 4899 καὶ
790 4841 1293 4899 καταναλισκόντων
1348 4841 1457 4897 τῶν
1492 4842 1706 4915 κτηνῶν
1758 4843 1822 4899 τὰ
1866 4844 2031 4916 ἐμπί-

420 4960 660 5009 πτοντα,
721 4944 775 5013 (p
862 4939 983 5012 l07)
1039 4939 1212 5006 οὕτως
1251 4937 1606 5010 ἀφανίζοντές
1656 4954 1716 4992 τε
1771 4938 1864 4995 καὶ
1915 4953 2026 5011 χει-

423 5037 684 5110 ρούμενοι
735 5039 851 5100 τοῖς
895 5034 1103 5099 ὅπλοις.
1155 5052 1174 5085 ι
1212 5034 1409 5087 Ἔθετο
1452 5031 1550 5104 τὴν
1609 5030 1854 5103 ἄμπελόν
1919 5048 2022 5103 μου

417 5131 507 5193 είς
534 5127 865 5200 ἀφανισμὸν,
900 5127 995 5181 καὶ
1022 5126 1122 5190 τὰς
1143 5127 1317 5189 συκᾶς
1349 5142 1450 5196 μου
1480 5126 1560 5189 είς
1588 5123 1961 5198 συγκλασμόν.
1999 5143 2020 5178 ι

420 5220 613 5275 Πάντα
643 5220 736 5276 τὸν
783 5219 1021 5293 Ἰσραὴλ,
1050 5218 1110 5273 ὃν
1132 5218 1381 5291 ἀμπέλου
1404 5217 1559 5290 δίκην
1591 5221 1891 5292 περιεῖπον,
1929 5220 2025 5276 καὶ

415 5310 513 5366 διὰ
544 5311 646 5381 τῆς
678 5312 1005 5382 ἐπιμελείας
1042 5310 1474 5381 ὲγκαλλωπίζων
1518 5311 1619 5383 τῆς
1666 5311 1832 5383 ἐμῆς,
1884 5311 2031 5381 ἠφάο

418 5403 542 5458 νισέ
591 5420 651 5457 τε
699 5403 797 5458 καὶ
840 5404 1093 5459 ἀπώλεσε
1147 5402 1433 5467 παντελῶς
1479 5402 1577 5457 σὺν
1610 5404 1733 5467 ταῖς
1775 5405 1835 5457 ὲν
1879 5406 2029 5474 μέσῳ

418 5495 644 5561 συκαῖς,
684 5494 751 5559 ἃς
785 5495 1105 5566 συνέτριψεν
1151 5495 1401 5557 ἀπάσαςσ
1436 5493 1775 5548 αἰνίττεσθαι
1810 5494 1869 5548 δὲ
1905 5493 2031 5566 βού-

431 5596 588 5647 λεται
615 5587 743 5652 τοὺς
768 5588 825 5641 ὲν
856 5587 1041 5653 αὐτοῖς
1064 5587 1437 5658 ὑπερέχοντας
1467 5585 1686 5658 πλούτῳ
1710 5604 1770 5641 τε
1798 5587 1897 5642 καὶ
1929 5588 2025 5643 δυ-

416 5676 609 5749 νάμει,
639 5677 704 5734 ὲκ
725 5677 819 5734 τοῦ
856 5681 925 5733 τὰ
950 5678 1175 5734 τοιαῦτα
1204 5677 1399 5750 δένδρα
1429 5677 1762 5751 ὑπερφέρειν
1786 5678 1892 5734 τῶν
1928 5698 2029 5751 cpu-

2124 4571 2340 4642 regionl
2381 4582 2518 4624 mea:
2569 4566 2765 4624 hostes
2816 4567 2977 4623 multi
3028 4581 3095 4623 ac
3151 4566 3342 4636 validi,
3391 4581 3424 4622 a
3468 4565 3733 4623 leonibus

2126 4661 2269 4721 nihil
2313 4657 2653 4726 ditl‘erentes,
2696 4658 2792 4730 qui
2839 4657 3101 4715 dentibus
3148 4657 3266 4715 suis
3311 4658 3728 4730 molaribusque

2127 4762 2423 4813 conterunt
2473 4759 2640 4826 atque
2707 4759 3050 4810 consumunt
3102 4766 3449 4824 quacunque
3504 4751 3732 4808 obviam

2131 4847 2270 4903 ﬁunt
2301 4846 2581 4903 animalia.
2616 4843 2710 4901 Sic
2746 4844 3012 4901 nimirum
3056 4843 3250 4902 hostes
3279 4843 3448 4902 armis
3482 4844 3602 4904 suis
3638 4844 3726 4901 in-

2129 4941 2339 4998 vadunt
2369 4947 2536 5011 atque
2574 4939 2884 4997 devastant.
2924 4957 2943 4991 ι
2988 4937 3180 4996 Posuit
3214 4939 3432 4996 vineam
3463 4953 3643 4995 meam
3670 4938 3729 4994 in

2131 5033 2594 5106 dissipationem,
2649 5039 2705 5088 et
2752 5031 3023 5088 ticulneas
3074 5030 3131 5087 in
3188 5031 3647 5093 eonfractionem.
3696 5048 3723 5101 ρ

2134 5128 2467 5184 Universum
2510 5124 2793 5193 lsraelem,
2839 5139 3004 5197 quem
3048 5126 3209 5197 quasi
3247 5125 3414 5181 vitem
3454 5122 3725 5189 solebam,

2133 5235 2364 5291 meaque
2405 5234 2539 5274 cura
2567 5218 2860 5284 ornabant,
2905 5215 3182 5273 destruxit
3212 5215 3572 5287 funditusque
3601 5230 3730 5288 per-

2128 5312 2288 5378 didit,
2324 5326 2451 5366 cum
2500 5311 2844 5383 interpositis
2893 5311 3164 5376 ﬁculneis,
3198 5323 3340 5381 quas
3371 5323 3569 5365 omnes
3594 5324 3729 5366 con-

2128 5403 2312 5475 fregit.
2340 5400 2471 5457 Vult
2501 5412 2687 5459 autem
2710 5404 2944 5460 innuere
2964 5398 3360 5459 eminentiores
3382 5398 3529 5456 inter
3552 5395 3730 5456 Israe-

2126 5497 2255 5553 litas
2284 5496 2491 5552 divitiis
2519 5503 2687 5567 atque
2720 5496 2990 5570 potentia,
3026 5493 3285 5564 quoniam
3341 5492 3425 5549 bzr
3498 5490 3727 5551 arbores

2128 5591 2316 5649 extolli
2359 5605 2527 5661 supra
2560 5591 2690 5647 vitis
2738 5592 2959 5664 plantas
3012 5588 3289 5648 videntur.
3343 5607 3362 5642 ι
3413 5586 3731 5649 Scrutando

2140 5690 2420 5742 scrutatus
2442 5690 2526 5741 est
2555 5683 2724 5754 illam,
2755 5685 2910 5742 albos
2942 5684 3070 5742 fecit
3097 5682 3353 5757 palmites
3384 5681 3525 5754 ejus.
3567 5698 3588 5734 ι
3620 5676 3727 5736 To-
