4102 6606
278 334 297 349 κ
394 266 500 320 ειδ

1601 265 1953 323 TllEODORI
1993 266 2477 327 MOPSUESTENI

3543 278 3655 334 116

391 392 503 440 tam
529 385 677 438 illam
709 382 974 439 invadens
1009 381 1089 438 sic
1116 381 1317 438 evulsit
1350 388 1406 438 et
1430 381 1488 437 in
1518 384 1841 439 servitutem
1874 386 1970 441 ab-

2090 385 2178 440 :th
2216 386 2316 456 τῆς
2363 385 2611 456 ἀμπέλου
2653 386 2847 440 δοκεῖν.
2902 404 2922 439 ι
2989 387 3253 459 Ἐρευνῶν
3286 380 3656 464 ἐξηρεύνησεν

392 479 570 541 duxit.
621 486 681 532 ut
719 476 919 546 captivi
951 475 1596 545 hominesgnequaquam
1627 474 1908 532 diﬂ'errent
1938 492 1969 531 a

393 567 710 640 palmitibus
739 563 1145 621 albescentibus
1195 565 1465 635 planeque
1500 565 1795 621 exsiccatis
1814 574 1968 639 post-

391 674 556 731 quam
603 659 731 713 vitis
785 658 1051 714 subversa
1099 655 1221 711 fuit.
1278 673 1297 707 ι
1339 655 1561 727 Planget
1599 656 1665 712 ad
1714 672 1801 713 me
1848 659 1971 728 plus

394 767 557 821 quam
589 765 791 820 sponsa
826 764 990 805 sacco
1020 749 1270 803 accincta
1321 763 1487 819 super
1516 748 1690 803 virum
1731 750 1969 819 virgina-

396 844 499 899 lem
539 858 720 898 suum.
780 862 800 894 ›
839 842 995 897 Tunc
1036 841 1346 911 iniquitatis
1380 852 1495 895 Suae
1537 856 1759 896 sensum
1797 841 1971 910 perci-

393 936 565 1004 pient,
596 942 650 989 et
681 949 804 988 cum
842 933 1056 1002 magnis
1095 933 1160 986 ad
1206 948 1294 987 me
1326 931 1622 1002 respicient
1652 933 1967 1003 gemitibus,

393 1043 518 1096 quae
549 1027 686 1096 ipsis
717 1033 1015 1080 evenerunt
1047 1025 1190 1078 mala
1221 1024 1604 1094 deplorantes;
1640 1024 1784 1078 haud
1812 1040 1973 1081 secus

394 1133 559 1189 quam
591 1117 789 1171 mulier
817 1132 994 1186 nuper
1020 1116 1228 1186 nuptiis
1270 1117 1543 1186 copulata,
1594 1130 1718 1169 mox
1752 1127 1974 1184 repente

393 1210 605 1278 privata
636 1210 775 1272 viro,
811 1209 900 1262 cui
935 1207 1242 1278 graviorem
1276 1206 1408 1261 facit
1436 1207 1679 1261 dolorem
1722 1206 1973 1276 privatio-

395 1300 483 1356 nis
513 1301 788 1357 celeritas.
822 1317 845 1353 ι
870 1300 1128 1355 Ablatum
1155 1306 1240 1355 est
1263 1297 1599 1355 sacriﬁcium
1621 1306 1675 1352 et
1697 1298 1885 1353 libatio
1906 1297 1974 1353 de

398 1394 561 1449 domo
587 1393 819 1447 Domini.
863 1376 1022 1447 {llic
1049 1389 1340 1446 manifeste
1381 1400 1640 1446 eventura
1680 1405 1712 1443 a
1743 1388 1976 1461 Babylo-

398 1485 508 1541 niis
550 1486 694 1539 mala
732 1485 1052 1555 siguillcat:
1108 1491 1239 1538 tunc
1269 1483 1414 1538 enim
1457 1480 1621 1537 desiit
1652 1481 1813 1537 solita
1858 1478 1975 1535 fieri

397 1578 452 1631 in
479 1576 570 1633 Dei
607 1578 811 1647 templo
849 1577 1088 1647 liturgia,
1119 1591 1244 1631 cum
1271 1584 1325 1631 et
1353 1574 1642 1630 aedilicium
1669 1573 1976 1630 combussit

399 1669 755 1741 Babylonius,
779 1676 835 1724 et
869 1669 1015 1725 cives
1042 1683 1235 1723 omnes
1268 1666 1585 1737 captivavit.

2071 477 2260 549 αὐτὴν,
2291 479 2385 532 καὶ
2415 477 2639 550 ἔρριψεν
2665 494 2679 509 ⁸
2717 478 2977 533 ὲλεύκασε
3027 480 3095 533 τὰ
3125 472 3381 551 κλήματα
3406 483 3594 554 αὐτῆς.
3629 503 3652 537 ι

2071 570 2257 624 ιίᾶσαν
2298 568 2469 640 αὐτὴν
2515 568 2889 639 ἐκπεριελθὼν
2911 570 3084 635 οὕτως
3117 570 3425 626 ἀνέσπασέν
3451 590 3509 627 τε
3561 578 3657 630 καὶ

2070 666 2151 729 εἰς
2170 665 2542 737 αἰχμαλωσίαν
2561 667 2865 737 ἀπήγαγεν,
2893 667 2969 730 ὠς
2993 668 3158 739 μηδὲν
3183 668 3493 725 ἁπεοικέναι
3518 670 3656 724 πάν-

2071 772 2180 820 τας·
2218 757 2511 827 κλημάτων
2565 757 2969 812 λευκανθέντων
3019 775 3080 811 τε
3130 760 3226 813 καὶ
3279 759 3657 831 ξηρανθέντων

2072 848 2350 912 παντελῶς
2367 848 2578 918 μετὰ⁹τδ
2597 848 2696 921 τὴν
2716 849 2957 920 ἄμπελον
2979 850 3372 921 έκσπασθῆναι.
3398 870 3417 903 ι
3446 851 3657 921 Θρηνήο

2075 957 2155 992 σει
2203 940 2341 1011 πρὸς
2395 958 2463 1011 με
2518 942 2659 1013 ὑπὲρ
2702 943 2921 1015 νύμφην
2967 928 3413 1015 περιεζωσμένην
3458 942 3657 996 σάκκον

2074 1030 2167 1083 ἐπὶ
2197 1031 2287 1085 τὸν
2318 1031 2489 1103 ἄνδρα
2514 1034 2683 1104 αύτῆς
2710 1035 2801 1088 τὸν
2832 1034 3179 1105 παρθενικόν.
3214 1054 3233 1086 ι
3274 1036 3405 1089 Τότε
3426 1036 3524 1106 τῆς
3555 1052 3660 1087 πα-

2078 1121 2341 1194 ρανομίας
2374 1124 2726 1197 αἰσθήσονται
2775 1126 2876 1196 τῆς
2907 1126 3133 1191 οἰκείας,
3172 1126 3266 1180 καὶ
3315 1126 3451 1196 μετὰ
3493 1126 3662 1197 μεγά-

2073 1214 2181 1267 λων
2217 1213 2469 1269 νεύσουσι
2512 1217 2650 1288 πρός
2684 1235 2749 1288 με
2781 1218 2892 1271 τῶν
2924 1217 3134 1290 θρήνων
3164 1217 3661 1289 άνακεκλαυσμένοι

2076 1303 2145 1357 τά
2198 1306 2590 1378 συμϐεϐηκότα
2645 1309 2830 1375 αὐτοῖς
2878 1311 3044 1365 κακά·
3097 1311 3197 1381 ούχ
3243 1305 3408 1381 ἦττον
3455 1314 3489 1382 ἡ
3525 1311 3661 1381 γυνὴ

2075 1395 2272 1448 νεωστὶ
2308 1397 2645 1467 συναφθεῖσα
2680 1399 2817 1471 πρὸς
2844 1399 3023 1471 γάμον
3044 1441 3060 1468 ,
3089 1396 3209 1477 εἶτα
3235 1400 3428 1473 ἀθρόον
3457 1399 3663 1454 ἀποϐα-

2074 1483 2242 1538 λοῦσα
2270 1485 2362 1539 τὸν
2393 1486 2583 1559 ἄνδρα,
2693 1490 2992 1562 βαρύτερον
3039 1491 3100 1544 τὸ
3151 1491 3321 1555 πάθος
3355 1491 3454 1560 τῆς
3500 1493 3665 1560 ἀφαι-

2078 1576 2282 1648 ρέσεως
2328 1579 2621 1649 ἐργάζεται
2673 1584 2706 1651 ἡ
2760 1580 2975 1651 ὀξύτης.
3030 1584 3107 1654 (p.
3162 1583 3284 1652 108)
3326 1602 3344 1634 ι
3414 1583 3665 1655 Ἐξῆρται

2079 1667 2240 1723 θυσία
2261 1670 2355 1725 καὶ
2391 1671 2591 1745 σπονδὴ
2622 1673 2681 1739 ἐξ
2707 1674 2857 1728 οἴκου
2889 1674 3115 1746 Κυρίου.
3161 1694 3180 1727 ι
3228 1675 3491 1730 Ἐνταῦθα
3531 1692 3664 1748 προσ

397 1765 571 1837 δήλως
605 1765 673 1819 τὰ
701 1765 805 1819 ὑπὸ
845 1764 950 1818 τῶν
984 1762 1341 1817 Βαϐυλωνίων
1390 1761 1733 1833 προεσόμενα
1762 1757 1942 1822 αὐτοῖς
1974 1759 2167 1831 μηνύει
2206 1764 2387 1831 κακάζ·
2424 1766 2544 1820 τότε
2572 1768 2679 1841 γὰρ
2712 1769 2986 1823 επαύσατο
3014 1771 3046 1842 ἡ
3079 1772 3137 1825 ἐν
3170 1769 3247 1841 τῷ
3274 1770 3389 1842 ναῷ
3413 1771 3505 1825 τοῦ
3532 1771 3666 1825 Θεοῦ

400 1857 764 1929 ἑκτελουμένη
794 1853 1125 1927 λειτουργία,
1150 1852 1388 1925 ὁπηνίκα
1423 1851 1514 1905 τόν
1546 1867 1605 1904 τε
1632 1845 1778 1904 οἰκον
1802 1849 2104 1922 ἐνέπρησεν
2133 1854 2162 1907 ὁ
2191 1852 2559 1925 Βαϐυλώνιος,
2587 1859 2681 1913 καὶ
2714 1862 2842 1925 τοὺς
2879 1864 2971 1917 ἐπὶ
3012 1863 3111 1933 τῆς
3148 1863 3355 1927 πόλεως
3392 1863 3668 1935 αἰχμαλώ-

399 1972 526 2019 τους
563 1953 753 2008 ἐλαϐεν
785 1954 1049 2017 ἅπαντας.

471 2049 576 2119 72
606 2047 771 2105 Vens.
831 2049 1024 2104 10-15.
1061 2077 1132 2088 ——
1176 2066 1194 2098 ι
1254 2044 1479 2134 Lugete,
1532 2043 1846 2100 sacerdotes
1883 2042 1975 2114 qui

2148 2045 2299 2118 Στίχ.
2337 2052 2494 2118 ι’-ιγ’.
2522 2079 2595 2089 -
2626 2068 2645 2103 ι
2667 2050 2942 2122 Πενθείτε,
2960 2052 3009 2105 οἱ
3033 2050 3197 2121 ἱερεῖς
3221 2052 3268 2104 οἱ
3294 2048 3670 2121 λειτουργοῦν-

397 2140 558 2193 altari
592 2139 942 2200 ministratis,
990 2136 1250 2208 quoniam
1283 2138 1547 2191 miserum
1597 2142 1681 2191 est
1711 2135 1977 2200 triticum,

398 2230 735 2310 exsiccatum
789 2228 1016 2292 vinum,
1081 2228 1432 2283 imminutum
1497 2227 1709 2291 oleum,
1765 2224 1979 2281 confusi

398 2323 669 2393 agricolae.
708 2321 934 2393 Lugete,
969 2319 1198 2392 praedia,
1234 2326 1456 2389 propter
1499 2318 1741 2372 triticum
1773 2324 1828 2373 et
1859 2317 1983 2371 hor-

399 2412 585 2479 deum,
613 2414 743 2483 quia
772 2406 947 2483 periit
976 2411 1177 2466 messis
1217 2410 1356 2480 agri,
1392 2408 1521 2466 vitis
1567 2409 1805 2474 exaruit,
1838 2407 1983 2463 ficul-

402 2520 520 2560 neae
561 2512 691 2560 sunt
725 2505 1050 2567 imminuta,
1099 2502 1267 2557 arbor
1297 2501 1672 2572 malogranata
1718 2509 1772 2556 et
1803 2501 1980 2571 palma

399 2603 454 2650 et
488 2596 666 2652 malus
708 2603 761 2651 et
795 2595 979 2651 omnia
1027 2594 1173 2664 ligna
1220 2593 1335 2664 agri
1390 2601 1746 2648 exaruerunt.
1788 2611 1808 2645 ι
1846 2592 1983 2647 Con-

401 2706 574 2762 gruus
602 2689 983 2746 sacerdotibus
1010 2697 1065 2746 et
1099 2690 1289 2745 altaris
1316 2687 1589 2744 ministris
1614 2687 1817 2751 luctus,
1851 2684 1981 2756 quia

400 2783 669 2854 generalis
694 2782 956 2836 sterilitas
988 2796 1216 2851 campos
1244 2789 1415 2845 tenet,
1448 2778 1593 2833 unde
1618 2777 1887 2847 primitias
1918 2790 1983 2831 ac

399 2875 647 2932 decimas
686 2875 1073 2945 percipientes,
1111 2872 1189 2927 rei
1224 2870 1552 2927 necessariae
1576 2870 1790 2940 copiam
1827 2868 1985 2924 habe-

403 2971 556 3024 bant.
600 2966 892 3037 Congruus
927 2964 1073 3020 haud
1118 2964 1303 3019 minus
1335 2963 1515 3017 luctus
1558 2968 1716 3016 terrm
1764 2975 1983 3031 quoque

404 3060 655 3131 frugibus
689 3057 924 3121 carenti,
962 3055 1108 3111 unde
1146 3055 1406 3126 agricolis
1452 3061 1673 3110 creatur
1706 3053 1981 3118 confusio,

405 3154 531 3224 quia
568 3151 773 3207 frustra
814 3150 1204 3205 laboraverunt
1234 3167 1247 3203 :
1293 3146 1603 3218 pariterque
1639 3145 1852 3201 cunctis
1884 3154 1987 3201 ter-

406 3260 479 3299 ra:
507 3242 748 3314 praediis,
790 3244 919 3311 quia
953 3240 1165 3295 nullum
1202 3246 1365 3294 terra:
1390 3245 1737 3309 proventum,
1772 3238 1984 3293 nullum

408 3337 664 3393 arborum
696 3343 913 3407 partum
948 3350 1101 3390 more
1140 3333 1303 3389 solito
1339 3334 1629 3389 collectum
1661 3333 1846 3388 videre
1877 3339 1982 3388 est.

416 3444 438 3480 ι
473 3426 742 3496 Quoniam
777 3426 1039 3498 gaudium
1079 3425 1449 3482 confuderunt
1487 3426 1578 3481 lilii
1616 3426 1921 3480 hominum.
1963 3445 1982 3478 ι

408 3520 517 3576 Pro
549 3536 614 3577 eo
639 3529 697 3575 ut
730 3520 919 3576 dicat:
956 3518 1170 3574 Nemini
1197 3518 1353 3575 adest
1382 3518 1597 3577 laetandi
1622 3519 1864 3581 occasio,
1897 3535 1990 3589 pu‘

409 3613 560 3668 denti
592 3613 803 3668 scilicet
830 3611 938 3667 nisi
961 3611 1017 3666 in
1048 3612 1252 3666 talibus
1282 3613 1561 3682 tantisque
1590 3612 1750 3666 malis
1784 3612 1989 3666 luctum

411 3712 557 3776 agat.
623 3704 728 3762 Per
782 3706 897 3760 haec
964 3705 1149 3760 omnia
1214 3704 1557 3761 demonstrat
1611 3705 1990 3775 gravissimam

415 3798 763 3855 sterilitatem
805 3796 1178 3853 lsraelitarum
1209 3796 1419 3867 regioni
1459 3797 1780 3865 contigisse,
1820 3796 1994 3865 dupli-

417 3905 646 3961 cemque
687 3904 987 3945 aerumnam
1054 3887 1243 3952 fuisse,
1294 3888 1545 3943 hostibus
1607 3887 1825 3941 scilicet
1872 3903 1991 3941 eam

414 3982 650 4051 pessime
678 3980 1116 4044 devastantibus,
1148 3988 1201 4035 et
1228 3980 1347 4050 ipsa
1378 3986 1523 4036 terra
1561 3977 1778 4049 frugum
1809 3976 1995 4032 fertili-

412 4083 581 4130 tatem
615 4081 866 4145 negante.
896 4071 1038 4139 Quid
1078 4087 1210 4143 ergo
1246 4081 1369 4142 post
1398 4071 1556 4126 haec?

2081 2154 2172 2201 τες
2200 2137 2588 2214 θυσιαστηρίῳ,
2616 2143 2699 2197 ὅτι
2725 2140 3179 2215 τεταλαιπὼρηκε
3206 2144 3373 2205 σῖτος,
3399 2140 3669 2211 ἐξηράνθη

2081 2226 2258 2297 οἶνος,
2318 2233 2569 2307 ὼλιγώθη
2635 2235 2835 2303 ἔλαιον,
2905 2233 3361 2308 κατῃσχύνθησαν
3408 2233 3666 2304 γεωργοί·

2084 2321 2351 2394 θρηνεῖτε,
2384 2327 2639 2398 κτήματα
2671 2327 2813 2400 ὑπὲρ
2845 2327 3019 2400 πυροῦ
3045 2327 3138 2381 καὶ
3163 2327 3376 2398 κριθῆς,
3431 2325 3512 2379 ὅτι
3562 2326 3669 2378 ὰπ-

2081 2415 2246 2470 όλωλε
2270 2420 2541 2491 τρυγητὺς
2570 2420 2629 2485 ἐξ
2657 2420 2845 2491 άγροῦ’
2880 2422 2913 2492 ἡ
2948 2419 3187 2490 ἄμπελος
3230 2417 3524 2491 ἐξηράνθη,
3576 2418 3672 2471 καὶ

2084 2512 2248 2563 συκαῖ
2304 2509 2663 2582 ὀλιγώθησαν·
2701 2511 2821 2583 ῥοιὰ
2871 2512 2959 2568 καὶ
3005 2510 3181 2581 φοίνιξ
3227 2511 3320 2564 καὶ
3377 2510 3541 2581 μῆλον
3577 2510 3671 2564 καὶ

2084 2602 2263 2655 πάντα
2289 2601 2358 2655 τὰ
2379 2602 2511 2667 ξύλα
2536 2602 2629 2656 τοῦ
2660 2602 2830 2675 ἀγροῦ
2860 2602 3254 2675 ὲξηράνθησαν.
3299 2622 3318 2655 ι
3359 2602 3672 2673 Ἀρμὸττων

2087 2692 2186 2764 μὲν
2218 2688 2310 2748 οῦν
2342 2696 2455 2758 τοῖς
2504 2693 2831 2765 ἰερατεύουσι
2876 2693 2955 2764 τῷ
2991 2693 3360 2765 θυσιαστηρίῳ
3389 2694 3417 2746 ὀ
3447 2691 3665 2762 θρῆνος,

2083 2787 2166 2840 ὅτι
2226 2786 2496 2858 παντελὴς
2533 2786 2736 2858 ἀφορία
2765 2786 2984 2856 κατέχει
3016 2786 3116 2850 τὰς
3161 2786 3433 2849 πεδιάδας,
3469 2786 3563 2854 ἀφ’
3596 2780 3671 2839 ὧν

2084 2880 2182 2943 τάς
2209 2896 2267 2932 τε
2308 2877 2563 2950 ἀπαρχὰς
2593 2879 2689 2931 καὶ
2727 2878 2826 2941 τάς
2859 2876 3115 2942 δεκατιὰς
3145 2875 3517 2949 κομιζόμενοι,
3562 2877 3672 2932 τῶν

2086 2968 2399 3038 ἀναγκαίων
2432 2965 2576 3040 εἶχον
2604 2969 2702 3041 τὴν
2735 2968 3013 3038 ἀφθονίανο
3048 2970 3334 3041 ἁρμόττων
3361 2968 3415 3022 δὲ
3450 2967 3547 3038 οὐχ
3577 2964 3675 3041 ἦτ-

2085 3079 2176 3116 τον
2204 3060 2401 3132 θρῆνος
2442 3062 2536 3115 καὶ
2580 3063 2645 3133 τῇ
2675 3063 2745 3134 γῇ
2775 3061 2992 3115 πάντων
3032 3061 3361 3133 ἀφῃρημένη
3400 3059 3507 3113 τῶν
3542 3076 3676 3131 καρ-

2089 3154 2226 3208 πῶν⁹
2256 3153 2330 3217 ὡς
2365 3153 2461 3207 καὶ
2489 3156 2599 3217 τοῖς
2627 3153 2935 3226 γεωργοῦσι
2975 3154 3073 3226 τὴν
3127 3153 3251 3224 γῆν,
3286 3152 3550 3224 αἰσχύνην
3572 3134 3678 3206 [tv-

2088 3245 2279 3299 τεῦθεν
2314 3245 2749 3319 περιγίγνεσθαι,
2781 3248 2863 3300 ὅτι
2891 3245 2954 3317 δὴ
2976 3246 3319 3316 πεπονήκασι
3350 3244 3547 3315 μάτηψ
3581 3244 3678 3297 καὶ

2090 3339 2223 3391 πᾶσι
2246 3337 2301 3391 δὲ
2330 3340 2441 3402 τοῖς
2470 3339 2560 3391 ἐπὶ
2584 3339 2682 3409 τῆς
2710 3336 2892 3410 χώρας
2914 3339 3185 3408 κτήμασιν
3210 3337 3427 3408 ὁμοίως,
3463 3336 3544 3390 ὅτι
3574 3337 3680 3408 μή·

2091 3444 2150 3483 τε.
2182 3428 2290 3482 τῶν
2318 3430 2427 3484 ἀπὸ
2466 3429 2571 3501 γῆς
2613 3428 2973 3499 γιγνομένων,
3011 3430 3149 3499 μήτε
3197 3428 3275 3498 (p.
3326 3426 3445 3497 109)
3478 3426 3587 3480 τῶν
3618 3427 3677 3478 ἐν

2093 3521 2333 3594 δένδρεσι
2361 3520 2692 3590 τικτομένων
2722 3518 3173 3589 εἰσκομιζὸμενόν
3208 3535 3260 3571 τι
3294 3518 3436 3572 κατὰ
3463 3516 3525 3571 τὸ
3554 3518 3680 3572 εἰω-

2097 3614 2187 3678 θὸς
2219 3612 2442 3668 δυνατὸν
2487 3612 2633 3667 ἰδεῖν.
2678 3630 2698 3663 ι
2737 3612 2860 3665 Ὅτι
2895 3612 3238 3683 κατῄσχυναν
3274 3611 3447 3683 χαρὰν
3493 3613 3542 3665 οἰ
3575 3612 3683 3664 υἰοὶ

2096 3701 2203 3756 τῶν
2256 3701 2577 3774 ἀνθρώπων.
2617 3721 2635 3754 ι
2695 3700 2809 3755 Ἰνα
2862 3700 2993 3774 εἴπῃ
3037 3703 3119 3755 ὃτι
3168 3702 3356 3773 μηδενὶ
3394 3702 3683 3773 πρόσεστιν

2099 3795 2323 3867 ἀφορμὴ
2355 3794 2447 3848 τοῦ
2472 3795 2706 3866 χαίρειν,
2732 3795 3140 3865 αἰσχυνομένοις
3164 3796 3210 3847 εἰ
3332 3794 3575 3847 πενθοῖεν
3593 3795 3684 3847 ἐπὶ

2100 3888 2373 3950 τοσούτοις
2399 3887 2491 3941 καὶ
2521 3887 2859 3958 τηλικούτοις
2888 3888 3097 3949 κακοῖςο
3123 3884 3211 3939 διὰ
3239 3886 3454 3941 πάντων
3483 3885 3547 3957 δὴ
3564 3887 3685 3939 τού-

2100 3999 2209 4036 των
2242 3980 2494 4052 ἀκαρπίξι
2544 3978 2823 4051 βαρυτάτῃ
2876 3977 3237 4048 κατειλῆφθαι
3285 3977 3528 4031 δείκνυσι
3574 3976 3684 4029 τῶν

2126 4070 2473 4145 Ἰσραηλιτῶν
2505 4071 2604 4141 τὴν
2635 4069 2839 4141 χώραν,
2876 4069 2951 4131 ὡς
2976 4064 3113 4123 εἶναι
3142 4069 3362 4123 διπλοῦν
3395 4068 3457 4123 τδ
3493 4069 3683 4123 κακόν·

416 4171 687 4242 πολεμίων
707 4187 766 4222 τε
795 4169 989 4232 αὐτοὺς
1017 4167 1361 4222 διατιθέντων
1383 4167 1451 4222 τὰ
1469 4169 1735 4239 χείριστα,
1771 4171 1863 4223 καὶ
1892 4170 1987 4241 τῆς
2009 4171 2111 4241 γῆς
2144 4171 2323 4223 πᾶσαν
2354 4166 2737 4239 ἀρνησαμένης
2768 4164 2877 4217 τῶν
2903 4162 3133 4235 καρπῶν
3163 4162 3260 4234 τὴν
3293 4163 3480 4234 φοράν.
3500 4163 3565 4216 Τί
3594 4160 3687 4217 οὖν

417 4266 510 4319 sui.
538 4262 747 4327 τούτοις
770 4278 785 4327 ;

489 4359 656 4416 Vsus.
691 4357 868 4414 15-16.
894 4388 963 4400 --
996 4377 1015 4411 ι
1066 4357 1350 4429 Accingitc
1383 4373 1480 4413 vos
1524 4365 1579 4413 et
1613 4352 1873 4429 plangite.
1908 4373 2002 4414 sa-

420 4454 694 4515 cerdotes,
740 4451 1140 4518 lamentamini,
1191 4452 1286 4523 qui
1334 4432 1663 4506 ministratis
1701 4450 1881 4518 altari,
1928 4451 2005 4504 iu-

419 4543 735 4616 gredimini,
775 4542 1013 4597 dormite
1048 4543 1101 4597 in
1145 4542 1323 4597 saccis
1383 4542 1513 4597 dum
1548 4542 1602 4597 in
1640 4540 1734 4597 Dei
1766 4543 2007 4597 ministe-

420 4635 504 4691 rio
532 4633 855 4697 versamini,
889 4634 1019 4704 quia
1050 4634 1286 4690 recessit
1321 4648 1351 4687 a
1382 4633 1546 4689 domo
1579 4633 1674 4689 Dei
1714 4635 1882 4691 vestri
1924 4646 2005 4689 sa-

2174 4353 2320 4423 Στίχ.
2357 4355 2556 4419 ιγ’-ις’.
2588 4378 2657 4390 σ-
2702 4367 2720 4398 ι
2756 4345 3139 4419 Περιζὼσασθε
3174 4347 3266 4400 καὶ
3306 4345 3592 4406 κύπτεσθε,
3636 4348 3688 4400 οἰ

2106 4449 2292 4518 ἱερεῖς,
2318 4444 2563 4516 θρηνεῖτε
2579 4442 2628 4493 οἱ
2648 4439 3087 4511 λειτουργοῦντες
3105 4438 3498 4511 θυσιαστηρίῳ,
3517 4438 3690 4491 εἰσέλ-

2105 4539 2224 4592 θετε
2242 4577 2256 4601 ,
2281 4533 2565 4590 ὑπνώσατε
2605 4535 2663 4586 ὲν
2708 4532 2930 4595 σάκκοις
2961 4529 3400 4603 λειτουργοῦντες
3426 4529 3578 4600 Θεῷ·
3608 4531 3689 4584 ὅτι

2104 4630 2413 4700 ἀπέσχηκεν
2430 4626 2489 4690 ἐξ
2506 4625 2654 4680 οἴκου
2670 4622 2805 4678 Θεοῦ
2823 4624 2853 4678 ύ
2860 4623 2975 4695 μῶν
2991 4623 3151 4678 θυσία
3170 4623 3265 4678 καί
3276 4624 3496 4694 σπονδή.
3522 4645 3539 4676 ι
3575 4623 3690 4692 Ἐφ’

420 4727 691 4782 crilleium
723 4738 775 4782 et
798 4725 1010 4781 libatio.
1055 4745 1072 4778 ι
1105 4725 1223 4780 Ρι-αι
1249 4727 1506 4783 omnibus
1536 4727 1693 4782 decet
1717 4742 1814 4782 vos
1835 4727 1987 4797 potis

2106 4721 2278 4775 ἅπασι
2299 4720 2355 4774 δὲ
2376 4719 2610 4791 μάλιστα
2644 4716 2851 4791 πρέπον
2878 4717 3007 4787 ύμῖν
3033 4719 3146 4782 τοῖς
3168 4718 3248 4781 εἰς
3277 4716 3374 4788 τὴν
3394 4716 3691 4789 ἱερωσύνην

420 4820 642 4879 εἰηιιιηι.
670 4817 981 4874 sacerdotio
1005 4818 1155 4888 fungi
1189 4818 1440 4885 sortitos,
1476 4831 1639 4873 sacco
1667 4817 1883 4880 vestiri,
1912 4832 2004 4871 ne-

420 4927 531 4984 que
561 4912 612 4967 id
643 4926 886 4980 unquam
923 4911 1223 4982 deponere,
1254 4911 1368 4965 sive
1412 4910 1645 4972 cubetis,
1683 4910 1800 4964 sive
1836 4910 2003 4964 etiam

420 5018 537 5059 rem
566 5017 778 5057 sacram
810 5001 1117 5073 peragatis;
1160 5000 1257 5055 sed
1288 4999 1583 5069 gemitibus
1617 5000 1896 5069 luctuique
1927 4998 2008 5053 in-

421 5095 686 5167 dulgere;
731 5104 1023 5168 propterea
1050 5093 1195 5164 quod
1227 5092 1319 5163 qui
1350 5092 1456 5146 rite
1494 5090 1603 5146 Deo
1646 5090 2008 5145 exhibebatur

423 5189 609 5244 cultus
639 5187 865 5243 omnino
899 5185 1177 5240 desiverit.
1217 5203 1236 5235 ‹
1278 5180 1943 5250 Sanctiﬁcalejejunium.
1983 5201 2000 5233 ι

425 5279 699 5345 Quoniam
747 5286 997 5334 sanctum
1044 5275 1268 5338 dicitur,
1301 5271 1568 5343 quidquid
1614 5270 1699 5327 e'st
1743 5273 2004 5329 selectum

424 5379 482 5428 et
506 5389 535 5425 a
564 5370 914 5443 multitudine
947 5376 1281 5439 separatum,
1308 5358 1431 5420 ideo
1474 5382 1492 5416 ι
1520 5362 1868 5419 Sanctiﬁcate
1904 5365 2009 5435 73

423 5463 695 5535 jejunium
725 5481 745 5515 ι
771 5461 926 5527 dicit,
954 5446 1013 5515 id
1043 5459 1215 5515 estad
1235 5456 1343 5510 hoc
1371 5470 1468 5510 vos
1497 5464 1829 5524 comparate,
1851 5456 2012 5511 omis-

430 5556 618 5624 sisque
640 5553 898 5607 omnibus
936 5560 988 5606 et
1015 5564 1243 5621 prorsus
1283 5546 1540 5615 sejuncti.
1580 5545 1763 5601 dedite
1803 5562 1897 5602 vos
1948 5562 2011 5600 ac

429 5646 706 5715 disponite
765 5643 833 5699 ad
889 5643 1085 5712 jejuuii
1150 5640 1574 5696 observantiam.
1634 5658 1652 5692 ι
1706 5637 2008 5695 Praedicate

434 5741 616 5795 cultus
669 5738 925 5795 oilleium.
983 5757 1000 5788 ι
1059 5734 1286 5791 lndicite
1324 5734 1597 5804 omnibus,
1648 5743 1705 5790 ut
1755 5735 2009 5789 humanis

2106 4811 2571 4884 προϐεϐλημένοις
2591 4809 2903 4883 περιθέσθαι
2925 4809 3022 4880 μὲν
3042 4810 3264 4871 σάκκον.
3279 4811 3378 4864 οὐκ
3395 4810 3691 4881 ἀφαιροῦν-

2105 4922 2203 4968 τας
2232 4904 2416 4968 αύτὸν,
2452 4900 2571 4956 οὔτε
2609 4904 2658 4955 εἰ
2688 4900 3030 4966 καθεύδοιτε,
3061 4900 3186 4955 οὔτε
3221 4901 3328 4973 μὴν
3359 4904 3407 4954 εἰ
3441 4902 3540 4972 τὴν
3582 4902 3689 4955 λει-

2107 4994 2370 5066 τουργίαν
2393 4993 2706 5065 ὲκτελοίητε
2726 4991 2824 5064 τὴν
2848 4991 3019 5046 θείαν·
3046 4992 3231 5065 θρήνῳ
3255 4993 3310 5046 δὲ
3335 4992 3691 5063 προσανέχειν

2111 5087 2208 5141 καὶ
2234 5084 2472 5155 κοπετῷ,
2497 5083 2640 5154 ὑπὲρ
2666 5076 2741 5137 ὧν
2767 5083 2952 5138 ἅπασα
2979 5082 3247 5138 πέπαυται
3281 5086 3315 5155 ἡ
3346 5084 3693 5155 καθηκόντως

2110 5176 2492 5248 ἀπονεμομρνη
2534 5174 2614 5245 τῷ
2654 5172 2775 5246 Θεῷ
2824 5173 3109 5247 θεραπεία.
3173 5195 3193 5227 ι
3263 5175 3553 5243 ’Λγιάσατε
3593 5191 3690 5243 νη·-

2112 5272 2311 5327 στείαν.
2360 5290 2380 5323 ι
2431 5269 2668 5342 Ἐπειδὴ
2720 5269 2874 5338 ἅγιον
2910 5268 3131 5339 λέγεται
3169 5269 3231 5324 τὺ
3273 5255 3549 5344 ἐξαίρετον
3598 5267 3691 5323 καὶ

2110 5363 2220 5417 τῶν
2254 5363 2463 5417 πολλῶν
2505 5363 2934 5437 κεχωρισμένον,
2974 5383 2994 5415 ι
3040 5362 3330 5430 Ἀγιάσατε
3378 5358 3629 5431 νηστείαν
3669 5377 3689 5412 ι

2111 5456 2282 5524 λέγει,
2313 5456 2434 5508 em
2454 5456 2570 5522 τοῦ,
2606 5453 2751 5527 Πρὸς
2779 5454 2982 5527 ταύτην
3009 5453 3026 5507 ί
3034 5469 3085 5524 p.
3123 5450 3246 5523 HO)
3282 5452 3505 5513 ἑαυτοὺς
3532 5448 3693 5503 ἐκτά-

2115 5549 2263 5616 ξατε.
2293 5548 2386 5602 καὶ
2420 5547 2635 5601 πάντων
2662 5546 2922 5616 άφέμενοί
2953 5562 3012 5598 τε
3041 5544 3134 5598 καὶ
3169 5542 3532 5614 χωρισθέντες
3556 5557 3693 5594 παν-

2115 5641 2305 5704 τελῶς,
2347 5638 2645 5711 άφορίσατε
2677 5638 2771 5691 καὶ
2802 5636 3000 5703 τάξατε
3052 5636 3189 5707 πρὸς
3224 5635 3322 5707 τὴν
3356 5632 3560 5704 ταύτης
3602 5632 3695 5685 ὲκ-

2064 5724 2079 5731 ”
2122 5732 2401 5803 πλήρωσιν
2450 5727 2692 5793 sacrati;
2733 5747 2749 5780 ι
2800 5725 3088 5800 Κηρύξοιτε
3137 5723 3453 5800 θεραπείαν.
3515 5716 3533 5775 ὁ
3588 5719 3698 5777 Καὶ
