4102 6458
289 255 403 311 2n

1370 261 1925 321 COMMENTARIUS
1960 263 2028 320 IN
2057 264 2289 323 JOELIS
2326 266 2476 324 CAP.
2512 268 2548 322 Ι.

2885 168 2911 199 0

3490 265 3599 321 218

287 373 587 445 μηνύσατε
620 376 811 441 πᾶσιν,
842 376 991 441 ὅπως
1016 377 1082 432 ἂν
1109 379 1216 434 τῶν
1244 380 1605 455 ἀνθρωπείων
1635 382 1899 454 ἀφέμενοι

2008 386 2241 455 negotiis
2284 387 2531 451 omissis,
2565 385 2658 440 Dei
2710 386 2882 441 cuttui
2927 386 3261 443 celebrando
3314 387 3592 446 intersint.

279 468 662 540 πραγμάτων,
723 473 792 542 τῇ
849 470 943 524 τοῦ
981 468 1141 526 Θείου
1170 475 1563 547 προσανέχοιεν
1609 475 1897 548 θεραπείᾳ.

290 581 311 613 ι
337 562 695 632 Συναγάγετε
712 562 1136 637 πρεσϐυτέρους,
1156 567 1366 631 πάντας
1377 569 1502 633 τοὺς
1519 567 1903 632 κατοικοῦντας

278 653 390 725 τὴν
423 656 533 726 γῆν
584 656 665 718 είς
696 650 846 709 οἶκον
894 655 1032 710 Θεοῦ
1072 658 1247 729 ὑμῶν,
1290 658 1385 713 καὶ
1427 659 1731 731 κεκράξατε
1763 659 1901 730 πρὸς

280 744 501 818 Κύριον
531 747 804 813 ἐκτενῶς,
837 747 1017 819 Οἵμοι,
1048 748 1226 821 οίμοι,
1255 751 1399 822 οἶμοι
1427 754 1506 815 είς
1537 752 1771 823 ἡμέραν,
1818 754 1900 806 ὅτι

278 840 464 909 ἐγγὺς
490 838 680 912 ήμὲρα
711 841 944 912 Κυρίου.
980 862 999 894 ι
1031 843 1141 896 Καὶ
1167 843 1377 907 πάντας
1409 843 1474 914 δὴ
1500 844 1593 897 ἐπὶ
1626 846 1725 915 τῆς
1763 844 1901 915 ὑμε-

278 929 459 998 τέρας
509 928 697 1003 χὼρας
733 929 987 1000 ἡγεῖσθαι
1025 930 1134 986 τῶν
1170 931 1373 985 λοιπῶν
1422 932 1499 996 ὡς
1532 932 1700 998 εἰκὸς,
1740 934 1897 1004 κοινῇ

281 1020 393 1091 μὲν
437 1021 708 1075 εἰσελθεῖν
745 1024 828 1085 είς
873 1023 966 1077 τὸν
993 1020 1143 1078 οἷκον
1175 1023 1466 1096 ἐπείχθητε
1504 1024 1600 1077 τοῦ
1646 1024 1803 1089 Θεοῦ,
1840 1027 1899 1077 ἐν

277 1114 399 1183 ὅσῳ
433 1129 547 1183 περ
580 1113 711 1184 ὑμῖν
735 1117 890 1170 ἐστιν
919 1114 1074 1168 ἀδεια
1103 1115 1197 1169 τοῦ
1229 1115 1480 1169 είσιέναι·
1521 1115 1660 1187 μετά
1684 1114 1896 1169 πολλῶν

276 1203 339 1258 δὲ
395 1204 751 1275 ἀναϐοήσατε
804 1205 916 1259 τῶν
968 1206 1309 1278 στεναγμῶν·
1365 1206 1524 1260 τοῦτο
1576 1205 1680 1278 γὰρ
1724 1205 1894 1273 λέγει,

284 1316 303 1348 ι
341 1299 539 1368 Οῖμοι,
573 1297 744 1369 οἴμοι,
804 1300 982 1370 οἶμοι·
1033 1318 1052 1352 ι
1107 1300 1395 1371 εὐχόμενοι
1446 1303 1522 1371 μὴ
1570 1302 1652 1363 εἰς
1696 1301 1896 1371 πεῖραν

279 1390 466 1443 ἐλθεῖν
499 1392 603 1462 τῆς
630 1390 851 1463 ἡμέρας
874 1391 1113 1463 ἐκείνης,
1141 1393 1210 1463 ἢν
1236 1394 1297 1445 οὐ
1326 1391 1516 1464 πόρρω
1547 1391 1898 1464 συμϐέϐηκεν

280 1479 427 1536 εἶναι
464 1483 612 1536 κατὰ
641 1484 743 1554 τήν
777 1483 1009 1555 ἀπειλὴν
1041 1483 1140 1555 τὴν
1176 1484 1350 1538 θείαν.
1394 1503 1413 1535 ι
1456 1485 1567 1538 Καὶ
1596 1484 1672 1549 ὡς
1704 1484 1895 1538 ταλαι-

282 1574 475 1648 πωρὶα
507 1576 574 1629 ἐκ
600 1576 982 1648 ταλαιπωρίας
1007 1577 1150 1648 ἥξει.
1186 1596 1201 1630 ι
1245 1579 1334 1642 Ὠς
1359 1576 1425 1631 ἂν
1452 1578 1529 1650 μὴ
1570 1575 1895 1647 ἐπαλλήλοις

286 1668 420 1738 ὑμῖν
452 1670 780 1740 περιπεσεῖν
816 1668 1104 1741 ἐγγένηται
1129 1672 1242 1734 τοῖς
1275 1672 1487 1733 κακοῖς.
1533 1687 1553 1721 ι
1598 1669 1720 1722 Ὀτι
1759 1684 1891 1721 κατ-

285 1737 479 1815 έναντι
527 1737 642 1816 τῶν
690 1737 1189 1833 ὀφθαλμῶν-ὑμῶν
1257 1761 1527 1835 βρώματα
1581 1759 1888 1834 ἐξηράνθη,
1926 1737 1966 1792 Β

282 1853 383 1909 καὶ
405 1852 470 1920 ἐξ
497 1852 655 1908 οἴκου
685 1852 824 1907 Θεοῦ
856 1853 1011 1924 ὑμῶν
1043 1853 1353 1927 εὐφροσύνη
1387 1855 1482 1909 καὶ
1511 1856 1673 1927 χαρά.
1714 1872 1734 1906 ι
1775 1854 1893 1907 Ἵνα

288 1945 365 2017 μὴ
389 1945 668 2001 αὐτόπται
698 1945 933 2016 γένησθε
964 1945 1071 2001 τῶν
1104 1946 1293 2001 κακῶν
1329 1946 1576 2011 ἐκείνων,
1612 1947 1693 1999 ὅτι
1720 1944 1892 2017 πολλὴ

287 2039 390 2110 μέν
421 2055 514 2103 τις
553 2038 706 2093 ἔσται
753 2040 849 2094 καὶ
896 2039 1127 2111 μεγίστη
1170 2039 1280 2093 τῶν
1320 2039 1613 2112 καρπῶνή
1658 2037 1887 2113 ἀφορία·

284 2130 731 2203 προστεθήσεται
758 2131 816 2205 δέ
840 2133 902 2186 τὸ
928 2134 1203 2205 χείριστον
1249 2132 1507 2186 ἁπάντων
1570 2131 1667 2201 τήν
1711 2132 1893 2185 πᾶσαν

283 2224 613 2299 ἀφῃρῆσθαι
661 2224 758 2280 τοῦ
790 2226 945 2279 οἴκου
989 2226 1084 2281 τοῦ
1130 2224 1267 2279 Θεοῦ
1313 2224 1413 2297 τὴν
1449 2223 1798 2297 καθήκουσάν
1832 2240 1893 2277 τε

285 2317 383 2369 καὶ⁵
415 2315 784 2388 ὀφειλομένην
807 2316 884 2388 τῷ
914 2316 1033 2388 Θεῷ
1064 2318 1142 2388 (p.
1179 2316 1712 2388 1Η)θεραπείαν,οή
1745 2315 1895 2370 πλείο

285 2423 425 2479 στης
451 2408 589 2479 ὅσης
610 2408 953 2481 εὐφροσύνης
985 2426 1043 2463 τε
1073 2410 1167 2463 καὶ
1194 2410 1370 2482 χαρᾶς
1396 2407 1641 2481 πληροῦν
1663 2407 1897 2479 ἠδύνατο

282 2500 417 2563 τοὺς
446 2498 587 2570 πρὸς
616 2499 676 2553 τδ
698 2499 819 2554 δέον
848 2500 1111 2572 ὁρῶντας.

355 2590 512 2662 Στίχ.
547 2587 722 2656 ιζ’-κ’.
747 2622 821 2635 ——
863 2614 883 2647 ‹
931 2594 1294 2667 Ἐσκίρτησαν
1323 2595 1590 2666 δαμάλεις
1634 2596 1728 2649 ἐπὶ
1768 2595 1897 2659 ταῖς

282 2684 521 2753 φάτναις
547 2682 753 2739 αὐτῶν.
788 2703 808 2738 ι
836 2679 1006 2741 Αῦται
1044 2686 1143 2758 μέν
1171 2688 1277 2760 γάρ
1301 2688 1409 2741 ὑπὸ
1430 2688 1531 2758 τῆς
1561 2686 1899 2758 κατεχούσης

278 2776 502 2841 ἐνδείας
532 2776 1000 2850 συνελαυνόμεναι
1032 2780 1169 2852 πρὸς
1203 2780 1264 2834 τδ
1295 2782 1525 2853 σκιρτᾷν
1553 2797 1616 2834 τε
1643 2780 1897 2834 νεύσουσι

279 2868 383 2924 καὶ
416 2868 827 2941 ταράττεσθαι,
859 2869 967 2924 ὑπὸ
1018 2871 1117 2943 μὲν
1162 2871 1265 2942 τῆς
1300 2870 1519 2940 φύσεως
1550 2869 1651 2943 τὴν
1689 2870 1899 2945 τροφὴν

279 2959 676 3033 ἐπιζητοῦσαι.
707 2962 814 3015 ὑπὸ
842 2961 899 3015 δὲ
920 2962 1015 3017 τοῦ
1044 2962 1119 3035 μὴ
1142 2958 1397 3035 παρεῖναι
1426 2963 1488 3017 τὸ
1509 2962 1731 3035 τρέφον,
1764 2961 1901 3034 πρὸς

2011 495 2031 529 ι
2081 477 2420 549 Congregatc
2461 492 2664 540 senes.
2709 493 3012 549 omnesque
3050 486 3212 533 terra:
3262 479 3472 533 incolas
3526 480 3596 535 ad

2004 570 2229 626 domum
2286 569 2381 625 Dei
2422 570 2612 635 vestri,
2649 576 2705 624 et
2743 569 2979 625 clamate
3011 570 3079 625 ad
3113 571 3400 626 Dominum
3440 571 3599 627 vehe-

2005 672 2254 718 menter:
2310 661 2425 717 Heu
2476 660 2641 715 mihi!
2677 660 2782 715 heu
2833 660 3005 715 mihi!
3045 664 3147 716 heu
3178 661 3310 716 mihi
3360 663 3412 715 in
3465 660 3589 715 die!

2003 757 2132 824 quia
2163 769 2331 826 prope
2358 754 2478 809 dies
2508 752 2746 809 Domini.
2782 772 2800 805 ι
2835 752 2902 805 Et
2925 768 3140 818 omnes,
3172 755 3267 823 qui
3292 755 3344 808 in
3372 753 3597 824 regione

2002 853 2186 902 vestra
2228 848 2536 916 praecedere
2569 846 2696 900 aliis
2747 845 2817 899 ob
2863 852 3081 899 aetatem
3131 845 3350 910 debent,
3396 846 3597 900 coadu-

2003 947 2223 1002 nantes.
2273 955 2412 1008 quos
2448 945 2502 993 et
2548 939 2789 1007 reliquos
2836 939 2992 1009 sequi
3035 954 3133 1008 par
3175 947 3281 1005 est,
3325 939 3590 1009 gregatim

2001 1028 2099 1083 Dei
2128 1028 2352 1083 domum
2389 1028 2598 1099 ingredi
2629 1029 2917 1100 impellite,
2958 1028 3204 1099 quandiu
3231 1031 3385 1084 vobis
3412 1030 3591 1083 adhuc

2001 1122 2346 1193 ingrediendi
2389 1122 2549 1191 cnpia
2588 1130 2691 1177 est.
2728 1122 2865 1176 Cum
2902 1122 3091 1176 multis
3129 1131 3308 1176 autem
3358 1121 3593 1178 clamate

1999 1215 2332 1285 gemitibus;
2372 1214 2425 1269 id
2453 1214 2599 1269 enim
2632 1215 2889 1285 praedicta
2924 1214 3127 1269 locutio
3159 1215 3261 1268 heu
3302 1214 3456 1277 mihi,
3486 1213 3589 1267 heu

1999 1307 2154 1379 mihi,
2188 1306 2293 1361 heu
2327 1306 2484 1369 mihi,
2518 1306 2833 1377 significat;
2875 1313 3099 1360 orantes
3148 1322 3218 1360 ne
3257 1305 3403 1360 diem
3440 1305 3590 1358 illam

1998 1398 2236 1468 experiri
2288 1397 2583 1469 cogamini,
2630 1413 2754 1469 quae
2798 1396 2942 1452 haud
2981 1397 3171 1466 procul
3215 1397 3391 1461 abest,
3436 1396 3592 1465 juxta

1998 1492 2238 1547 divinam
2283 1491 2792 1547 comtninationem.
2857 1509 2876 1543 ι
2932 1489 3001 1543 Ει
3046 1490 3201 1561 quasi
3256 1488 3477 1543 miseria
3524 1487 3592 1542 de

1999 1566 2488 1638 miseria‘veniet.
2540 1599 2558 1633 ι
2625 1579 2704 1636 Ne
2762 1581 2883 1636 sine
2947 1579 3360 1650 intercapedine
3418 1577 3593 1632 'malis

1999 1674 2399 1746 corripiamini.
2445 1693 2464 1726 ι
2498 1672 2640 1740 Quia
2670 1682 2798 1728 ante
2844 1673 3037 1727 oculos
3082 1680 3300 1727 vestros
3330 1669 3591 1724 alimenta

1995 1774 2348 1828 exaruerunt,
2376 1766 2502 1821 item
2525 1766 2593 1821 de
2615 1766 2779 1821 domo
2816 1764 2913 1819 Dei
2953 1764 3116 1819 vestri
3142 1763 3402 1834 gaudium
3427 1770 3593 1830 atque

1993 1857 2202 1914 laetitia.
2246 1875 2265 1909 ι
2319 1856 2401 1911 Ne
2458 1864 2806 1926 spectatores
2851 1855 3121 1909 malorum
3174 1853 3391 1908 illorum
3445 1851 3589 1914 sitis,

1994 1952 2124 2021 quia
2191 1950 2363 2004 multa
2414 1950 2522 2021 erit
2574 1948 2686 2002 imo
2741 1946 2980 2002 maxima
3034 1944 3251 2016 frugum
3302 1944 3589 1999 sterilitas.

1993 2043 2280 2100 Pessimus
2318 2018 2568 2096 omnium
2600 2039 2826 2095 accedet
2852 2039 3129 2105 cumulus,
3155 2036 3392 2093 cessatio
3418 2026 3609 2090 omni-5

1996 2136 2156 2191 moda
2199 2136 2256 2190 in
2285 2134 2380 2190 Dei
2414 2135 2619 2204 templo
2647 2132 2878 2204 congrui
2904 2131 3204 2209 debitique
3243 2129 3354 2185 Deo
3383 2129 3589 2190 cultus.

1995 2228 2090 2298 qui
2138 2228 2342 2300 gaudio
2390 2228 2632 2298 plurimo
2668 2234 2833 2298 atque
2885 2224 3075 2280 laetitia
3128 2224 3342 2294 replere
3380 2228 3594 2293 poterat

1997 2320 2216 2377 honesti
2241 2318 2551 2376 studiusos.

2072 2592 2242 2649 Vens.
2291 2590 2513 2647 {7-20.
2544 2621 2615 2636 -
2658 2608 2677 2642 ι
2716 2588 3185 2645 Subsultaverunt
3233 2586 3487 2656 iuvencae
3536 2585 3596 2639 in

1999 2686 2338 2759 praesepibus
2419 2684 2562 2740 suis.
2604 2701 2624 2735 ι
2684 2679 2780 2737 Hm
2851 2680 3056 2752 quippe
3106 2685 3393 2750 premente
3452 2675 3597 2731 fame

2001 2791 2229 2845 coactae,
2265 2778 2584 2835 subsultare
2616 2791 2683 2830 ac
2729 2773 3048 2847 perturbari
3092 2770 3387 2841 incipient,
3432 2776 3595 2823 natu-

2001 2873 2192 2928 raliter
2236 2870 2554 2926 alimoniam
2591 2875 2939 2939 qnaerentes;
2983 2880 3091 2937 qua
3127 2872 3347 2936 negata,
3394 2863 3460 2916 ad
3511 2864 3597 2916 in-

2003 2962 2257 3018 conditas
2306 2960 2745 3017 subsultationes
2790 2963 3101 3012 moventur.
3160 2974 3180 3007 ι
3225 2953 3596 3023 Computrue-

281 3055 531 3109 ἄτακτον
548 3052 870 3125 κινούμεναι
885 3054 1193 3128 σκίρτησιν.
1219 3073 1238 3107 ι
1260 3056 1335 3109 Εὐ
1345 3055 1577 3125 ρωτίασε
1602 3054 1901 3127 σιτοδοχεῖα

2008 3064 2136 3111 runt
2166 3055 2365 3110 horrea
2397 3053 2466 3108 ab
2501 3050 2859 3107 unctionibus
2905 3049 3044 3105 suis.
3086 3066 3106 3101 ι
3142 3044 3283 3113 Quia
3327 3059 3451 3100 mos
3477 3053 3598 3100 erat

280 3149 397 3203 ἀπὸ
411 3148 527 3202 τῶν
547 3148 871 3222 χρισμάτων
886 3148 1087 3203 αὐτῶν.
1101 3167 1119 3200 ι
1140 3147 1359 3221 Ἐπειδὴ
1383 3148 1503 3213 ἔθος
1522 3147 1901 3220 περιχρίεσθαι

280 3241 381 3295 τοῦ
401 3241 560 3295 σίτου
574 3240 676 3304 τὰς
690 3239 977 3311 ἀποθήκας
994 3239 1295 3309 ἀσφαλείας
1307 3240 1394 3293 ἐνε
1402 3258 1515 3304 κεν,
1531 3241 1631 3294 οὐκ
1647 3241 1898 3307 ἐνόντων,

285 3335 451 3404 φησὶ,
475 3333 591 3387 τῶν
617 3332 1066 3405 ἐμϐαλλομένων,
1092 3332 1310 3404 εὐρῶτα
1328 3334 1357 3386 ὁ
1378 3332 1762 3404 ἐπιχριόμενος
1788 3331 1901 3399 ἐξει

286 3426 489 3499 πηλὸς,
518 3425 586 3479 ἐκ
604 3423 701 3478 τοῦ
722 3425 889 3496 μηδὲν
921 3424 1275 3480 ἀποτίθεσθαι
1302 3422 1581 3488 καθάπαξ.
1614 3443 1632 3475 ι
1680 3422 1904 3493 Ἠφανί-

296 3520 512 3592 σθησαν
549 3518 839 3591 θησαυροί.
886 3536 904 3570 ι
940 3519 1056 3582 Πᾶς
1086 3517 1253 3582 τόπος
1290 3518 1476 3571 ὅντινα
1501 3516 1701 3589 δήποτε
1733 3515 1903 3570 £16595-

291 3612 492 3685 χεσθαι
539 3611 758 3684 καρπὸν
796 3609 1033 3677 εἰωθὼς,
1066 3611 1322 3683 περιττὸς
1351 3610 1537 3676 ἔσται,
1585 3611 1688 3664 οὐκ
1729 3609 1903 3664 ὖντων

291 3705 404 3761 τῶν
433 3702 810 3775 ἐμϐάλλεσθαι
850 3703 1200 3774 ὀφειλόντων.
1257 3721 1275 3755 ι
1324 3704 1769 3775 Κατεσκάφησαν
1809 3702 1905 3775 λη-

291 3796 396 3852 vat.
440 3815 460 3848 ι
498 3794 766 3867 Περιτταὶ
799 3794 896 3849 καὶ
924 3786 1087 3847 αὗται
1117 3792 1433 3862 φανοῦνται,
1470 3793 1684 3858 οὐδενὸς
1721 3793 1903 3847 εἰσκο-

299 3885 623 3959 μιζομένου.
683 3904 703 3937 r
752 3885 878 3938 Ὀτι
922 3884 1197 3957 ἐξηράνθη
1245 3887 1413 3949 σῖτος,
1458 3884 1512 3937 τί
1555 3884 1904 3956 άποθήσομεν

296 3982 521 4043 ἑαυτοῖς
558 3996 572 4045 ;
604 3998 623 4031 ›
662 3978 797 4031 Ἀπὸ
830 3976 1030 4051 μέρους
1054 3977 1150 4031 τοῦ
1176 3977 1324 4031 σίτου
1354 3977 1481 4041 τοὺς
1497 3977 1707 4042 πάντας
1730 3979 1905 4031 εἰπεῖν

295 4070 582 4142 ῂϐουλήθη
608 4069 890 4142 καρπούς’
931 4073 1012 4134 είς
1040 4070 1148 4143 γάρ
1184 4068 1474 4140 βεϐαίωσιν
1504 4068 1612 4124 τῶν
1642 4086 1905 4141 προειρη·

303 4165 490 4235 μένων
523 4162 688 4217 τοῦτο
726 4162 983 4234 βούλεται
1007 4163 1211 4231 λέγειν,
1246 4162 1328 4216 ὅτι
1360 4161 1469 4215 τῶν
1499 4162 1730 4234 καρπῶν
1764 4180 1904 4215 παν-

299 4257 474 4321 τελῶς
503 4256 908 4330 ἀφῃρημένων,
942 4256 1198 4329 περιττὸς
1223 4256 1330 4319 πᾶς
1364 4254 1520 4309 ἔσται
1557 4256 1723 4319 τόπος
1751 4255 1906 4327 δέχε-

304 4349 432 4404 σθαι
461 4349 594 4413 τοὺς
628 4349 881 4418 καρποὺς
924 4346 1154 4414 εἰωθὼς,
1199 4347 1274 4419 (p.
1310 4347 1435 4417 “2)
1469 4347 1571 4400 οὐκ
1604 4346 1773 4400 όντων
1798 4346 1907 4400 τῶν

2011 3147 2253 3218 ungendi
2284 3145 2580 3217 apothecas
2619 3144 2809 3207 tritici,
2858 3155 3028 3197 causa
3058 3137 3521 3202 conservationis,
3548 3136 3596 3191 si

2010 3241 2230 3298 deficiet
2270 3238 2537 3310 quidquid
2582 3238 2713 3291 illuc
2756 3233 3117 3307 ingerendum
3148 3238 3288 3295 erat,
3326 3238 3603 3301 putrescet

2010 3335 2212 3390 illitum
2242 3333 2440 3396 lutum,
2470 3345 2597 3385 cum
2638 3328 2777 3384 nihil
2818 3326 3047 3382 omnino
3090 3323 3164 3381 sit
3214 3325 3364 3378 intus
3392 3322 3603 3391 reposi-

2011 3433 2151 3480 tum.
2186 3442 2205 3476 ι
2251 3422 2528 3479 Destructi
2579 3431 2710 3478 sunt
2767 3417 3035 3475 thesauri.
3090 3436 3110 3469 ι
3158 3413 3398 3482 Quilibet
3448 3413 3604 3466 locus

2011 3517 2260 3588 recipere
2310 3515 2497 3585 fruges
2549 3513 2768 3578 solitus,
2819 3523 3268 3581 supervacaneus
3317 3506 3446 3565 erit,
3476 3517 3601 3557 cum

2011 3624 2120 3664 non
2164 3610 2275 3663 sint
2306 3620 2427 3677 quae
2456 3603 2645 3676 reponi
2682 3603 2938 3658 debeant.
2976 3619 2996 3652 ι
3037 3598 3285 3654 Suﬂossa
3330 3604 3461 3652 sunt
3490 3603 3606 3648 teor-

2014 3700 2245 3757 cularia.
2284 3719 2303 3752 ›
2336 3696 2447 3771 74
2493 3695 2619 3751 Hmc
2668 3710 2888 3765 quoque
2930 3693 3265 3747 videbuntur
3303 3684 3601 3758 superﬂua,

2013 3807 2138 3848 cum
2172 3804 2332 3846 nemo
2360 3788 2660 3859 quidquam
2692 3784 2904 3840 aﬂ‘erat.
2942 3801 2960 3833 ι
2998 3783 3135 3837 Cum
3187 3780 3494 3836 arefactum
3533 3777 3605 3831 sit

2015 3881 2285 3945 triticum,
2319 3878 2453 3949 quid
2486 3875 2645 3932 nobis
2681 3873 3052 3946 reponemus?
3088 3891 3108 3925 ›
3148 3871 3191 3925 Α
3225 3878 3400 3942 parte,
3436 3868 3490 3923 id
3521 3874 3606 3922 est

2015 3992 2046 4032 a
2084 3976 2288 4038 tritico,
2316 3979 2547 4028 cunctos
2596 3969 2715 4025 vult
2764 3967 3030 4023 denotare
3082 3964 3322 4020 fructus.
3360 3961 3607 4028 Namque

2015 4071 2084 4125 ad
2113 4078 2274 4124 antea
2297 4066 2574 4121 dictorum
2608 4061 3088 4119 confirmationem
3126 4059 3229 4113 hoc
3252 4056 3437 4111 dicere
3467 4053 3603 4120 vult,

2014 4179 2211 4233 nempe
2244 4159 2391 4231 quod
2426 4158 2677 4228 frugibus
2710 4155 2929 4211 cunctis
2968 4152 3190 4215 ablatis,
3226 4160 3606 4220 supervacuus

2014 4259 2120 4314 erit
2154 4258 2333 4312 omnis
2362 4257 2519 4311 locus
2547 4254 2614 4308 iis
2655 4247 2998 4321 excipiendis
3031 4254 3301 4301 consueto
3330 4256 3483 4295 more
3508 4253 3609 4310 pa-

2016 4356 2192 4412 ratus,
2216 4361 2339 4401 cum
2385 4344 2531 4416 quod
2578 4348 2882 4412 reponatur
2925 4337 3088 4393 desit.
3132 4354 3151 4387 ι
3188 4333 3482 4388 Fleverunt
3512 4346 3606 4384 ar-

301 4440 665 4495 ἀποτίθεσθαι
711 4440 1039 4511 μελλόντων.
1083 4459 1100 4491 ι
1144 4439 1419 4493 Ἔκλαυσε
1457 4438 1711 4509 βουκόλια
1744 4438 1904 4509 βοῶν,

2018 4450 2200 4494 menta
2231 4437 2419 4504 boum,
2444 4435 2573 4507 quia
2605 4449 2717 4489 non
2744 4437 2902 4486 erant
2932 4430 3013 4485 eis
3044 4442 3248 4498 pascua
3282 4443 3295 4479 :
3325 4432 3379 4479 et
3408 4437 3605 4494 greges

301 4537 387 4589 ὅτι
420 4535 523 4606 οὐχ
564 4534 777 4607 ὑπῆρχε
824 4534 965 4605 νομὴ
1016 4531 1215 4588 αὐτῶν·
1278 4532 1375 4587 καὶ
1422 4532 1491 4586 τά
1529 4531 1757 4604 ποίμνια
1804 4529 1913 4584 τῶν

305 4628 602 4701 προϐάτων
639 4624 1043 4697 ἠφανίσθησαν.
1102 4643 1121 4677 ι
1187 4624 1494 4698 Ἀφῄρηται
1541 4624 1651 4679 τῶν
1696 4623 1912 4696 κτηνῶν

301 4721 338 4790 ή
368 4716 616 4789 συνήθης
667 4715 811 4771 κατά
856 4714 1043 4787 χώραν
1085 4715 1287 4787 τροφή.
1334 4733 1353 4766 ι
1390 4714 1536 4786 Πρὸς
1569 4715 1651 4781 σὲ,
1699 4713 1913 4786 Κύριε,

308 4809 613 4882 βοήσομαι,
631 4804 717 4859 ὅτι
744 4804 861 4880 πῦρ
882 4807 1133 4881 ἀνήλωσε
1178 4807 1250 4860 τά
1297 4806 1478 4878 ὡραῖα
1505 4806 1607 4877 τῆς
1658 4806 1867 4878 ἐρήμου
1895 4847 1912 4866 ,

307 4903 404 4958 ml.
435 4901 572 4972 φλὸξ
610 4899 785 4972 ἀνῆψε
837 4902 1019 4955 πάντα
1055 4900 1124 4954 τὰ
1159 4897 1294 4963 ξύλα
1325 4896 1420 4965 τοῦ
1453 4895 1649 4969 ἀγροῦ.
1688 4916 1706 4949 ι
1744 4898 1913 4968 Κοινῇ

306 4994 365 5050 δὲ
395 4994 609 5057 πάντες
637 4995 730 5049 ἐπὶ
773 4995 889 5055 τοῖς
924 4991 1219 5062 κατέχουσι
1270 4992 1460 5053 κακοῖς
1493 4989 1646 5060 παρά
1681 4987 1775 5041 σοῦ
1809 4987 1918 5042 τῶν

305 5087 649 5159 τηλικούτων
695 5084 885 5141 κακῶν
935 5085 1239 5154 αἰτήσομεν
1289 5082 1390 5155 τὴν
1420 5080 1597 5148 λύσιν,
1645 5082 1728 5135 ὅτι
1760 5080 1918 5153 δίκην

308 5178 488 5249 πυρὸς
522 5176 720 5233 ἅπασα
752 5178 785 5247 ή
818 5176 974 5248 χώρα
1002 5177 1100 5229 σὺν
1138 5177 1253 5238 τοῖς
1292 5172 1474 5228 ἐνοῦσι
1505 5171 1744 5243 δένδροις
1776 5171 1920 5242 ήφά-

307 5286 513 5327 νισταιο
550 5288 567 5321 ι
600 5269 783 5340 ὡραῖα
821 5286 842 5319 ι
874 5266 984 5339 γὰρ
1028 5285 1046 5319 ι
1084 5265 1186 5337 τῆς
1215 5268 1425 5338 ἐρήμου
1462 5282 1482 5317 ι
1517 5263 1666 5333 λέγει
1703 5264 1829 5327 τοὺς
1861 5263 1920 5317 ἐν

306 5365 425 5427 τοῖς
452 5361 609 5435 ὄρεσι
632 5362 834 5425 τόπους
860 5360 997 5431 πρὸς
1021 5359 1357 5431 σπερμάτων
1387 5353 1697 5425 καταϐολὴν
1728 5357 1921 5426 ἐπιτη-

307 5455 491 5520 δείους
543 5454 733 5520 δντας,
767 5452 862 5518 οὓς
898 5451 1125 5507 εἰώθασι
1159 5449 1326 5521 κοινῷ
1353 5448 1498 5519 λόγῳ
1547 5466 1565 5499 ι
1608 5444 1861 5518 ὀροίτὲδια
1896 5463 1915 5497 ι

309 5548 505 5602 καλεῖν
530 5563 544 5578 ·
584 5546 676 5602 ἵνα
708 5542 805 5599 οὖν
836 5541 988 5615 εῖπξγ
1039 5543 1122 5596 ὅτι
1154 5542 1264 5605 πᾶς
1293 5540 1459 5602 τόπος
1499 5536 1594 5591 καὶ
1628 5536 1737 5591 πᾶν
1765 5535 1921 5602 ξύλον

306 5648 638 5722 ἠφάνισται,
689 5646 770 5710 ὡς
813 5646 921 5700 ὑπὸ
970 5645 1143 5716 πυρός
1193 5660 1340 5707 τινος
1398 5637 1919 5709 καταπεφλεγμένα.

317 5760 338 5795 ι
380 5741 494 5794 Καὶ
537 5741 603 5796 τὰ
645 5740 826 5811 κτήνη
870 5738 967 5794 τοῦ
1020 5738 1202 5793 πεδίου
1244 5734 1507 5803 ἀνέϐλεψε
1545 5732 1681 5802 πρὸς
1729 5732 1805 5798 σὲ,
1839 5732 1921 5784 ὅτι

2017 4533 2203 4587 ovium
2248 4530 2636 4600 disperierunt.
2686 4544 2705 4576 ι
2753 4522 3139 4578 Jumentorum
3194 4523 3461 4574 consueta
3510 4530 3608 4587 per

2018 4640 2181 4697 agros
2208 4624 2467 4678 alimenta
2497 4617 2846 4674 defecerunt.
2889 4632 2909 4667 ι
2947 4612 3029 4668 Ad
3083 4620 3155 4678 te,
3199 4609 3450 4672 Domine,
3486 4609 3605 4663 cla-

2018 4719 2202 4783 mabo,
2233 4716 2363 4789 quia
2410 4714 2556 4787 ignis
2599 4710 2948 4780 consumpsit
2993 4706 3241 4779 speciosa
3291 4702 3517 4767 deserti,
3554 4707 3610 4756 et

2018 4810 2236 4866 ﬂamma
2267 4816 2465 4863 cuncta
2497 4806 2641 4875 ligna
2673 4802 2789 4875 agri
2818 4797 3124 4857 succendit.
3158 4816 3177 4848 ι
3212 4793 3407 4851 Cuncti
3445 4792 3610 4849 simul

2020 4901 2074 4956 in
2114 4899 2286 4956 tantis
2318 4897 2604 4955 constituti
2648 4893 2831 4958 malis,
2877 4881 2923 4946 a‘
2956 4898 3009 4947 te
3057 4887 3342 4966 poscimus
3386 4885 3607 4939 illorum

2020 4993 2373 5059 solutionem,
2427 4990 2555 5061 quia
2612 4988 2761 5043 velut
2814 4985 2939 5055 igne
2978 4983 3236 5038 universa
3286 4978 3437 5049 regio
3484 4991 3610 5031 cum

2020 5087 2138 5144 suis
2166 5083 2459 5139 arboribus
2490 5089 2702 5137 vastata
2724 5075 2980 5134 est.Nam
3015 5093 3033 5125 ι
3063 5071 3268 5127 deserti
3300 5068 3549 5139 speciosa
3585 5083 3603 5115 ι

2020 5178 2156 5234 dicit
2194 5176 2348 5231 locos
2402 5176 2457 5228 in
2497 5170 2781 5228 montibus
2829 5165 3184 5224 seminationi
3233 5161 3482 5221 idoneos,
3516 5157 3611 5226 qui

2020 5270 2234 5337 vulgari
2268 5266 2486 5338 loquela
2518 5265 2628 5321 dici
2670 5263 2850 5319 solent
2899 5277 2919 5311 ι
2963 5256 3203 5330 planitia:
3244 5259 3540 5307 montanisa.
3587 5266 3607 5300 ι

2022 5360 2152 5418 Vult
2200 5374 2331 5431 ergo
2385 5358 2593 5422 dicere,
2649 5367 2869 5411 omnem
2920 5351 3103 5406 locum
3161 5356 3433 5412 omneque
3477 5338 3609 5409 ligni

2023 5469 2199 5526 genus
2224 5430 2488 5521 tanquam
2530 5448 2655 5519 igne
2687 5445 2861 5501 fuisse
2903 5440 3322 5497 inﬂammatum.
3362 5453 3379 5485 ι
3423 5430 3527 5526 sed
3559 5437 3614 5484 et

2024 5524 2215 5601 bestia:
2249 5542 2365 5614 agri
2418 5540 2485 5596 ad
2538 5547 2593 5594 te
2641 5542 3032 5608 suspexerunt,
3064 5532 3323 5603 quoniam
3360 5524 3617 5582 arefacta:

2025 5644 2159 5693 sunt
2192 5647 2460 5705 aquarum
2498 5629 2887 5699 scaturigines.
2931 5645 2949 5679 ι
2992 5624 3249 5686 Pereunt,
3283 5618 3485 5688 inquit,
3522 5614 3616 5669 siti

2028 5732 2293 5797 iumenta,
2328 5723 2573 5781 fontibus
2600 5721 2736 5791 jam,
2764 5720 2835 5775 ob
2867 5717 3068 5788 pluvia:
3097 5714 3393 5776 defectum,
3415 5719 3616 5779 aquam
