  <div class='ocr_page' id='page_1' title='image "/cluster/home/n/w/nwhite01/storage/ocr_20150623/66/coo.31924054869676/117.png"; bbox 0 0 4102 6460; ppageno 0'>
   <div class='ocr_carea' id='block_1_1' title="bbox 496 227 603 282">
    <p class='ocr_par' dir='ltr' id='par_1_1' title="bbox 496 227 603 282">
     <span class='ocr_line' id='line_1_1' title="bbox 496 227 603 282; baseline -0.009 0"><span class='ocrx_word' id='word_1_1' title='bbox 496 227 603 282; x_wconf 74' lang='grc'><strong>219</strong></span> 
     </span>
    </p>
   </div>
   <div class='ocr_carea' id='block_1_2' title="bbox 1698 222 2573 285">
    <p class='ocr_par' dir='ltr' id='par_1_2' title="bbox 1698 222 2573 285">
     <span class='ocr_line' id='line_1_2' title="bbox 1698 222 2573 285; baseline -0.005 -1"><span class='ocrx_word' id='word_1_2' title='bbox 1698 224 2050 285; x_wconf 82' lang='lat' dir='ltr'><strong>THEODORI</strong></span> <span class='ocrx_word' id='word_1_3' title='bbox 2086 222 2573 283; x_wconf 78' lang='lat' dir='ltr'><strong>MOPSUESTENI</strong></span> 
     </span>
    </p>
   </div>
   <div class='ocr_carea' id='block_1_3' title="bbox 3652 230 3760 289">
    <p class='ocr_par' dir='ltr' id='par_1_3' title="bbox 3652 230 3760 289">
     <span class='ocr_line' id='line_1_3' title="bbox 3652 230 3760 289; baseline 0.037 -4"><span class='ocrx_word' id='word_1_4' title='bbox 3652 230 3760 289; x_wconf 69' lang='grc' dir='ltr'><strong>εεο</strong></span> 
     </span>
    </p>
   </div>
   <div class='ocr_carea' id='block_1_4' title="bbox 499 328 2073 418">
    <p class='ocr_par' dir='ltr' id='par_1_4' title="bbox 499 328 2073 412">
     <span class='ocr_line' id='line_1_4' title="bbox 499 328 2073 412; baseline 0.001 -19"><span class='ocrx_word' id='word_1_5' title='bbox 499 336 751 396; x_wconf 79' lang='lat' dir='ltr'><strong>emittere</strong></span> <span class='ocrx_word' id='word_1_6' title='bbox 783 354 891 394; x_wconf 90' lang='lat' dir='ltr'><strong>non</strong></span> <span class='ocrx_word' id='word_1_7' title='bbox 937 338 1265 396; x_wconf 81' lang='lat' dir='ltr'><strong>valentibus.</strong></span> <span class='ocrx_word' id='word_1_8' title='bbox 1294 336 1592 411; x_wconf 80' lang='lat' dir='ltr'><strong>Postquam</strong></span> <span class='ocrx_word' id='word_1_9' title='bbox 1625 328 1789 412; x_wconf 87' lang='lat' dir='ltr'><strong>igitur</strong></span> <span class='ocrx_word' id='word_1_10' title='bbox 1821 342 1929 396; x_wconf 88' lang='lat' dir='ltr'><strong>lato</strong></span> <span class='ocrx_word' id='word_1_11' title='bbox 1958 357 2073 396; x_wconf 86' lang='lat' dir='ltr'><strong>ser-</strong></span> 
     </span>
    </p>
   </div>
   <div class='ocr_carea' id='block_1_5' title="bbox 2174 328 3766 418">
    <p class='ocr_par' dir='ltr' id='par_1_5' title="bbox 2176 336 3766 418">
     <span class='ocr_line' id='line_1_5' title="bbox 2176 336 3766 418; baseline 0.004 -26"><span class='ocrx_word' id='word_1_12' title='bbox 2176 338 2551 411; x_wconf 79' lang='grc' dir='ltr'>έξηράνθησαν</span> <span class='ocrx_word' id='word_1_13' title='bbox 2577 337 2796 407; x_wconf 71' lang='grc' dir='ltr'>ἀφέσεις</span> <span class='ocrx_word' id='word_1_14' title='bbox 2817 336 3044 395; x_wconf 77' lang='grc' dir='ltr'><strong>ὑδάτων.</strong></span> <span class='ocrx_word' id='word_1_15' title='bbox 3080 360 3099 394; x_wconf 77' lang='grc' dir='ltr'><strong>ι</strong></span> <span class='ocrx_word' id='word_1_16' title='bbox 3143 341 3479 411; x_wconf 73' lang='grc' dir='ltr'>’Δπολιῐται,</span> <span class='ocrx_word' id='word_1_17' title='bbox 3506 345 3662 415; x_wconf 71' lang='grc' dir='ltr'>φησὶ,</span> <span class='ocrx_word' id='word_1_18' title='bbox 3683 344 3766 418; x_wconf 80' lang='grc' dir='ltr'>τῷ</span> 
     </span>
    </p>
   </div>
   <div class='ocr_carea' id='block_1_6' title="bbox 499 429 2076 502">
    <p class='ocr_par' dir='ltr' id='par_1_6' title="bbox 499 429 2076 502">
     <span class='ocr_line' id='line_1_6' title="bbox 499 429 2076 502; baseline 0.002 -18"><span class='ocrx_word' id='word_1_19' title='bbox 499 445 664 487; x_wconf 88' lang='lat' dir='ltr'><strong>mone</strong></span> <span class='ocrx_word' id='word_1_20' title='bbox 725 429 979 502; x_wconf 74' lang='lat' dir='ltr'><strong>exposuit</strong></span> <span class='ocrx_word' id='word_1_21' title='bbox 1038 432 1309 489; x_wconf 89' lang='lat' dir='ltr'><strong>malorum</strong></span> <span class='ocrx_word' id='word_1_22' title='bbox 1373 432 1807 500; x_wconf 74' lang='lat' dir='ltr'><strong>multitudinem,</strong></span> <span class='ocrx_word' id='word_1_23' title='bbox 1875 434 2076 489; x_wconf 84' lang='lat' dir='ltr'><strong>similia</strong></span> 
     </span>
    </p>
   </div>
   <div class='ocr_carea' id='block_1_7' title="bbox 501 523 1080 594">
    <p class='ocr_par' dir='ltr' id='par_1_7' title="bbox 501 523 1080 594">
     <span class='ocr_line' id='line_1_7' title="bbox 501 523 1080 594; baseline 0.005 -18"><span class='ocrx_word' id='word_1_24' title='bbox 501 523 779 594; x_wconf 73' lang='lat' dir='ltr'><strong>praedictis</strong></span> <span class='ocrx_word' id='word_1_25' title='bbox 819 524 1080 580; x_wconf 78' lang='lat' dir='ltr'><strong>subtexit.</strong></span> 
     </span>
    </p>
   </div>
   <div class='ocr_carea' id='block_1_8' title="bbox 1161 794 1416 851">
    <p class='ocr_par' dir='ltr' id='par_1_8' title="bbox 1161 794 1416 851">
     <span class='ocr_line' id='line_1_8' title="bbox 1161 794 1416 851; baseline -0.004 0"><span class='ocrx_word' id='word_1_26' title='bbox 1161 794 1313 851; x_wconf 83' lang='lat' dir='ltr'><strong>CAP.</strong></span> <span class='ocrx_word' id='word_1_27' title='bbox 1353 795 1416 850; x_wconf 89' lang='lat' dir='ltr'><strong>ll.</strong></span> 
     </span>
    </p>
   </div>
   <div class='ocr_carea' id='block_1_9' title="bbox 566 885 2079 957">
    <p class='ocr_par' dir='ltr' id='par_1_9' title="bbox 566 885 2079 957">
     <span class='ocr_line' id='line_1_9' title="bbox 566 885 2079 957; baseline -0.001 -15"><span class='ocrx_word' id='word_1_28' title='bbox 566 886 736 943; x_wconf 64' lang='lat' dir='ltr'><strong>Vitas.</strong></span> <span class='ocrx_word' id='word_1_29' title='bbox 776 889 887 943; x_wconf 77' lang='grc'><strong>1-5.</strong></span> <span class='ocrx_word' id='word_1_30' title='bbox 926 918 997 929; x_wconf 91' lang='grc'><strong><em>-</em></strong></span> <span class='ocrx_word' id='word_1_31' title='bbox 1036 906 1055 939; x_wconf 97' lang='lat'><strong>«</strong></span> <span class='ocrx_word' id='word_1_32' title='bbox 1090 888 1339 957; x_wconf 71' lang='lat' dir='ltr'><strong>tilangite</strong></span> <span class='ocrx_word' id='word_1_33' title='bbox 1383 886 1515 941; x_wconf 85' lang='lat' dir='ltr'><strong>tuba</strong></span> <span class='ocrx_word' id='word_1_34' title='bbox 1560 885 1614 940; x_wconf 88' lang='lat' dir='ltr'><strong>in</strong></span> <span class='ocrx_word' id='word_1_35' title='bbox 1664 885 1853 952; x_wconf 88' lang='lat' dir='ltr'><strong>Sione,</strong></span> <span class='ocrx_word' id='word_1_36' title='bbox 1884 886 2079 957; x_wconf 66' lang='lat' dir='ltr'><strong>praedi—</strong></span> 
     </span>
    </p>
   </div>
   <div class='ocr_carea' id='block_1_10' title="bbox 497 982 2078 1050">
    <p class='ocr_par' dir='ltr' id='par_1_10' title="bbox 497 982 2078 1050">
     <span class='ocr_line' id='line_1_10' title="bbox 497 982 2078 1050; baseline -0.001 -14"><span class='ocrx_word' id='word_1_37' title='bbox 497 991 620 1037; x_wconf 89' lang='lat' dir='ltr'><strong>cate</strong></span> <span class='ocrx_word' id='word_1_38' title='bbox 677 982 732 1036; x_wconf 89' lang='lat' dir='ltr'><strong>in</strong></span> <span class='ocrx_word' id='word_1_39' title='bbox 790 989 975 1037; x_wconf 88' lang='lat' dir='ltr'><strong>monte</strong></span> <span class='ocrx_word' id='word_1_40' title='bbox 1022 991 1214 1036; x_wconf 91' lang='lat' dir='ltr'><strong>sancto</strong></span> <span class='ocrx_word' id='word_1_41' title='bbox 1245 994 1386 1045; x_wconf 88' lang='lat' dir='ltr'><strong>meo,</strong></span> <span class='ocrx_word' id='word_1_42' title='bbox 1422 987 1833 1050; x_wconf 87' lang='lat' dir='ltr'><strong>congregentur</strong></span> <span class='ocrx_word' id='word_1_43' title='bbox 1885 994 2078 1035; x_wconf 86' lang='lat' dir='ltr'><strong>omnes</strong></span> 
     </span>
    </p>
   </div>
   <div class='ocr_carea' id='block_1_11' title="bbox 497 1069 2077 1143">
    <p class='ocr_par' dir='ltr' id='par_1_11' title="bbox 497 1069 2077 1143">
     <span class='ocr_line' id='line_1_11' title="bbox 497 1069 2077 1143; baseline -0.003 -15"><span class='ocrx_word' id='word_1_44' title='bbox 497 1074 843 1128; x_wconf 80' lang='lat' dir='ltr'><strong>habitatores</strong></span> <span class='ocrx_word' id='word_1_45' title='bbox 895 1085 1075 1137; x_wconf 65' lang='lat' dir='ltr'><strong>terrae,</strong></span> <span class='ocrx_word' id='word_1_46' title='bbox 1127 1072 1256 1143; x_wconf 92' lang='lat' dir='ltr'><strong>quia</strong></span> <span class='ocrx_word' id='word_1_47' title='bbox 1310 1072 1467 1126; x_wconf 82' lang='lat' dir='ltr'><strong>adest</strong></span> <span class='ocrx_word' id='word_1_48' title='bbox 1511 1071 1629 1126; x_wconf 88' lang='lat' dir='ltr'><strong>dies</strong></span> <span class='ocrx_word' id='word_1_49' title='bbox 1674 1069 1914 1133; x_wconf 85' lang='lat' dir='ltr'><strong>Domini,</strong></span> <span class='ocrx_word' id='word_1_50' title='bbox 1949 1071 2077 1141; x_wconf 87' lang='lat' dir='ltr'><strong>quia</strong></span> 
     </span>
    </p>
   </div>
   <div class='ocr_carea' id='block_1_12' title="bbox 498 1161 2079 1235">
    <p class='ocr_par' dir='ltr' id='par_1_12' title="bbox 498 1161 2079 1235">
     <span class='ocr_line' id='line_1_12' title="bbox 498 1161 2079 1235; baseline -0.001 -16"><span class='ocrx_word' id='word_1_51' title='bbox 498 1181 670 1235; x_wconf 87' lang='lat' dir='ltr'><strong>prope</strong></span> <span class='ocrx_word' id='word_1_52' title='bbox 699 1172 784 1220; x_wconf 91' lang='lat' dir='ltr'><strong>est</strong></span> <span class='ocrx_word' id='word_1_53' title='bbox 811 1163 928 1219; x_wconf 87' lang='lat' dir='ltr'><strong>dies</strong></span> <span class='ocrx_word' id='word_1_54' title='bbox 957 1164 1308 1219; x_wconf 85' lang='lat' dir='ltr'><strong>tenebrarum</strong></span> <span class='ocrx_word' id='word_1_55' title='bbox 1338 1171 1391 1217; x_wconf 91' lang='lat' dir='ltr'><strong>et</strong></span> <span class='ocrx_word' id='word_1_56' title='bbox 1420 1161 1693 1233; x_wconf 77' lang='lat' dir='ltr'><strong>caliginis,</strong></span> <span class='ocrx_word' id='word_1_57' title='bbox 1724 1162 1842 1218; x_wconf 90' lang='lat' dir='ltr'><strong>dies</strong></span> <span class='ocrx_word' id='word_1_58' title='bbox 1866 1162 2079 1218; x_wconf 65' lang='lat' dir='ltr'><strong>nebula:</strong></span> 
     </span>
    </p>
   </div>
   <div class='ocr_carea' id='block_1_13' title="bbox 497 1253 2076 1325">
    <p class='ocr_par' dir='ltr' id='par_1_13' title="bbox 497 1253 2076 1325">
     <span class='ocr_line' id='line_1_13' title="bbox 497 1253 2076 1325; baseline -0.003 -13"><span class='ocrx_word' id='word_1_59' title='bbox 497 1266 553 1312; x_wconf 86' lang='lat' dir='ltr'><strong>et</strong></span> <span class='ocrx_word' id='word_1_60' title='bbox 577 1255 836 1311; x_wconf 86' lang='lat' dir='ltr'><strong>turbinis.</strong></span> <span class='ocrx_word' id='word_1_61' title='bbox 876 1274 894 1306; x_wconf 72' lang='grc' dir='ltr'><strong>ι</strong></span> <span class='ocrx_word' id='word_1_62' title='bbox 928 1253 1096 1309; x_wconf 66' lang='lat' dir='ltr'><strong>Tuba:</strong></span> <span class='ocrx_word' id='word_1_63' title='bbox 1129 1254 1313 1325; x_wconf 87' lang='lat' dir='ltr'><strong>itaque</strong></span> <span class='ocrx_word' id='word_1_64' title='bbox 1341 1255 1498 1324; x_wconf 82' lang='lat' dir='ltr'><strong>signo</strong></span> <span class='ocrx_word' id='word_1_65' title='bbox 1538 1255 1685 1322; x_wconf 90' lang='lat' dir='ltr'><strong>dato,</strong></span> <span class='ocrx_word' id='word_1_66' title='bbox 1723 1253 1882 1324; x_wconf 77' lang='lat' dir='ltr'><strong>juxta</strong></span> <span class='ocrx_word' id='word_1_67' title='bbox 1910 1254 2076 1308; x_wconf 89' lang='lat' dir='ltr'><strong>ritum</strong></span> 
     </span>
    </p>
   </div>
   <div class='ocr_carea' id='block_1_14' title="bbox 493 1344 2078 1418">
    <p class='ocr_par' dir='ltr' id='par_1_14' title="bbox 493 1344 2078 1418">
     <span class='ocr_line' id='line_1_14' title="bbox 493 1344 2078 1418; baseline -0.003 -17"><span class='ocrx_word' id='word_1_68' title='bbox 493 1347 823 1417; x_wconf 78' lang='lat' dir='ltr'><strong>legitimum,</strong></span> <span class='ocrx_word' id='word_1_69' title='bbox 859 1346 964 1418; x_wconf 83' lang='lat'><strong>75</strong></span> <span class='ocrx_word' id='word_1_70' title='bbox 995 1355 1223 1402; x_wconf 83' lang='lat' dir='ltr'><strong>cunctos</strong></span> <span class='ocrx_word' id='word_1_71' title='bbox 1262 1346 1328 1401; x_wconf 87' lang='lat' dir='ltr'><strong>ad</strong></span> <span class='ocrx_word' id='word_1_72' title='bbox 1386 1344 1607 1400; x_wconf 89' lang='lat' dir='ltr'><strong>Sionem</strong></span> <span class='ocrx_word' id='word_1_73' title='bbox 1657 1353 1898 1401; x_wconf 90' lang='lat' dir='ltr'><strong>montem</strong></span> <span class='ocrx_word' id='word_1_74' title='bbox 1943 1359 2078 1399; x_wconf 89' lang='lat' dir='ltr'><strong>eon-</strong></span> 
     </span>
    </p>
   </div>
   <div class='ocr_carea' id='block_1_15' title="bbox 499 1435 2077 1509">
    <p class='ocr_par' dir='ltr' id='par_1_15' title="bbox 499 1435 2077 1509">
     <span class='ocr_line' id='line_1_15' title="bbox 499 1435 2077 1509; baseline 0 -19"><span class='ocrx_word' id='word_1_75' title='bbox 499 1446 738 1509; x_wconf 84' lang='lat' dir='ltr'><strong>gregate,</strong></span> <span class='ocrx_word' id='word_1_76' title='bbox 795 1438 886 1493; x_wconf 91' lang='lat' dir='ltr'><strong>ubi</strong></span> <span class='ocrx_word' id='word_1_77' title='bbox 918 1438 1051 1492; x_wconf 89' lang='lat' dir='ltr'><strong>mihi</strong></span> <span class='ocrx_word' id='word_1_78' title='bbox 1084 1440 1291 1493; x_wconf 91' lang='lat' dir='ltr'><strong>cultum</strong></span> <span class='ocrx_word' id='word_1_79' title='bbox 1325 1436 1570 1493; x_wconf 79' lang='lat' dir='ltr'><strong>exhiberi</strong></span> <span class='ocrx_word' id='word_1_80' title='bbox 1629 1451 1747 1492; x_wconf 91' lang='lat' dir='ltr'><strong>mos</strong></span> <span class='ocrx_word' id='word_1_81' title='bbox 1796 1444 1913 1502; x_wconf 91' lang='lat' dir='ltr'><strong>est;</strong></span> <span class='ocrx_word' id='word_1_82' title='bbox 1963 1435 2077 1490; x_wconf 89' lang='lat' dir='ltr'><strong>illic</strong></span> 
     </span>
    </p>
   </div>
   <div class='ocr_carea' id='block_1_16' title="bbox 499 1524 2073 1599">
    <p class='ocr_par' dir='ltr' id='par_1_16' title="bbox 499 1524 2073 1599">
     <span class='ocr_line' id='line_1_16' title="bbox 499 1524 2073 1599; baseline -0.003 -18"><span class='ocrx_word' id='word_1_83' title='bbox 499 1544 677 1583; x_wconf 89' lang='lat' dir='ltr'><strong>meam</strong></span> <span class='ocrx_word' id='word_1_84' title='bbox 704 1529 1061 1599; x_wconf 84' lang='lat' dir='ltr'><strong>implorantes</strong></span> <span class='ocrx_word' id='word_1_85' title='bbox 1082 1528 1537 1591; x_wconf 88' lang='lat' dir='ltr'><strong>misericordiam,</strong></span> <span class='ocrx_word' id='word_1_86' title='bbox 1561 1527 1690 1597; x_wconf 85' lang='lat' dir='ltr'><strong>quia</strong></span> <span class='ocrx_word' id='word_1_87' title='bbox 1710 1525 1853 1581; x_wconf 86' lang='lat' dir='ltr'><strong>haud</strong></span> <span class='ocrx_word' id='word_1_88' title='bbox 1885 1524 2073 1595; x_wconf 86' lang='lat' dir='ltr'><strong>procul</strong></span> 
     </span>
    </p>
   </div>
   <div class='ocr_carea' id='block_1_17' title="bbox 498 1617 2076 1688">
    <p class='ocr_par' dir='ltr' id='par_1_17' title="bbox 498 1617 2076 1688">
     <span class='ocr_line' id='line_1_17' title="bbox 498 1617 2076 1688; baseline -0.002 -13"><span class='ocrx_word' id='word_1_89' title='bbox 498 1628 584 1675; x_wconf 90' lang='lat' dir='ltr'><strong>est</strong></span> <span class='ocrx_word' id='word_1_90' title='bbox 613 1634 777 1688; x_wconf 87' lang='lat' dir='ltr'><strong>quam</strong></span> <span class='ocrx_word' id='word_1_91' title='bbox 826 1617 969 1673; x_wconf 88' lang='lat' dir='ltr'><strong>Deus</strong></span> <span class='ocrx_word' id='word_1_92' title='bbox 1004 1619 1372 1673; x_wconf 68' lang='lat' dir='ltr'><strong>comminatus</strong></span> <span class='ocrx_word' id='word_1_93' title='bbox 1401 1626 1486 1673; x_wconf 91' lang='lat' dir='ltr'><strong>est</strong></span> <span class='ocrx_word' id='word_1_94' title='bbox 1516 1617 1656 1683; x_wconf 89' lang='lat' dir='ltr'><strong>dies,</strong></span> <span class='ocrx_word' id='word_1_95' title='bbox 1693 1631 1814 1687; x_wconf 65' lang='lat' dir='ltr'><strong>quae</strong></span> <span class='ocrx_word' id='word_1_96' title='bbox 1846 1626 2076 1672; x_wconf 91' lang='lat' dir='ltr'><strong>cunctos</strong></span> 
     </span>
    </p>
   </div>
   <div class='ocr_carea' id='block_1_18' title="bbox 499 1707 2075 1781">
    <p class='ocr_par' dir='ltr' id='par_1_18' title="bbox 499 1707 2075 1781">
     <span class='ocr_line' id='line_1_18' title="bbox 499 1707 2075 1781; baseline -0.002 -18"><span class='ocrx_word' id='word_1_97' title='bbox 499 1708 745 1766; x_wconf 84' lang='lat' dir='ltr'><strong>tenebris</strong></span> <span class='ocrx_word' id='word_1_98' title='bbox 780 1717 942 1779; x_wconf 89' lang='lat' dir='ltr'><strong>atque</strong></span> <span class='ocrx_word' id='word_1_99' title='bbox 989 1707 1223 1778; x_wconf 79' lang='lat' dir='ltr'><strong>caligine</strong></span> <span class='ocrx_word' id='word_1_100' title='bbox 1260 1708 1482 1781; x_wconf 85' lang='lat' dir='ltr'><strong>Opplere</strong></span> <span class='ocrx_word' id='word_1_101' title='bbox 1514 1707 1659 1777; x_wconf 88' lang='lat' dir='ltr'><strong>potis</strong></span> <span class='ocrx_word' id='word_1_102' title='bbox 1687 1715 1805 1773; x_wconf 89' lang='lat' dir='ltr'><strong>est;</strong></span> <span class='ocrx_word' id='word_1_103' title='bbox 1847 1707 1982 1761; x_wconf 86' lang='lat' dir='ltr'><strong>adeo</strong></span> <span class='ocrx_word' id='word_1_104' title='bbox 2016 1714 2075 1760; x_wconf 93' lang='lat' dir='ltr'><strong>ut</strong></span> 
     </span>
    </p>
   </div>
   <div class='ocr_carea' id='block_1_19' title="bbox 498 1799 2077 1869">
    <p class='ocr_par' dir='ltr' id='par_1_19' title="bbox 498 1799 2077 1869">
     <span class='ocr_line' id='line_1_19' title="bbox 498 1799 2077 1869; baseline -0.002 -14"><span class='ocrx_word' id='word_1_105' title='bbox 498 1801 683 1857; x_wconf 74' lang='lat' dir='ltr'><strong>videre</strong></span> <span class='ocrx_word' id='word_1_106' title='bbox 711 1800 847 1855; x_wconf 90' lang='lat' dir='ltr'><strong>nihil</strong></span> <span class='ocrx_word' id='word_1_107' title='bbox 901 1799 1137 1869; x_wconf 87' lang='lat' dir='ltr'><strong>possint,</strong></span> <span class='ocrx_word' id='word_1_108' title='bbox 1174 1808 1361 1869; x_wconf 87' lang='lat' dir='ltr'><strong>utpote</strong></span> <span class='ocrx_word' id='word_1_109' title='bbox 1393 1799 1555 1855; x_wconf 88' lang='lat' dir='ltr'><strong>rebus</strong></span> <span class='ocrx_word' id='word_1_110' title='bbox 1591 1799 1847 1856; x_wconf 91' lang='lat' dir='ltr'><strong>omnibus</strong></span> <span class='ocrx_word' id='word_1_111' title='bbox 1877 1800 2077 1855; x_wconf 87' lang='lat' dir='ltr'><strong>nebula</strong></span> 
     </span>
    </p>
   </div>
   <div class='ocr_carea' id='block_1_20' title="bbox 498 1889 2079 1948">
    <p class='ocr_par' dir='ltr' id='par_1_20' title="bbox 498 1889 2079 1948">
     <span class='ocr_line' id='line_1_20' title="bbox 498 1889 2079 1948; baseline 0 -2"><span class='ocrx_word' id='word_1_112' title='bbox 498 1908 563 1948; x_wconf 86' lang='lat' dir='ltr'><strong>ac</strong></span> <span class='ocrx_word' id='word_1_113' title='bbox 587 1892 807 1947; x_wconf 90' lang='lat' dir='ltr'><strong>turbine</strong></span> <span class='ocrx_word' id='word_1_114' title='bbox 838 1891 1135 1946; x_wconf 80' lang='lat' dir='ltr'><strong>obvolutis.</strong></span> <span class='ocrx_word' id='word_1_115' title='bbox 1182 1889 1348 1945; x_wconf 77' lang='lat' dir='ltr'><strong>Recte</strong></span> <span class='ocrx_word' id='word_1_116' title='bbox 1369 1901 1547 1945; x_wconf 89' lang='lat' dir='ltr'><strong>autem</strong></span> <span class='ocrx_word' id='word_1_117' title='bbox 1578 1891 1644 1945; x_wconf 90' lang='lat' dir='ltr'><strong>ad</strong></span> <span class='ocrx_word' id='word_1_118' title='bbox 1671 1889 1891 1946; x_wconf 91' lang='lat' dir='ltr'><strong>Sionem</strong></span> <span class='ocrx_word' id='word_1_119' title='bbox 1922 1907 2079 1946; x_wconf 88' lang='lat' dir='ltr'><strong>mon-</strong></span> 
     </span>
    </p>
   </div>
   <div class='ocr_carea' id='block_1_21' title="bbox 498 1982 2075 2054">
    <p class='ocr_par' dir='ltr' id='par_1_21' title="bbox 498 1982 2075 2054">
     <span class='ocr_line' id='line_1_21' title="bbox 498 1982 2075 2054; baseline -0.001 -13"><span class='ocrx_word' id='word_1_120' title='bbox 498 1994 605 2041; x_wconf 90' lang='lat' dir='ltr'><strong>tem</strong></span> <span class='ocrx_word' id='word_1_121' title='bbox 638 1999 828 2039; x_wconf 88' lang='lat' dir='ltr'><strong>omnes</strong></span> <span class='ocrx_word' id='word_1_122' title='bbox 863 1984 1112 2047; x_wconf 86' lang='lat' dir='ltr'><strong>advocat,</strong></span> <span class='ocrx_word' id='word_1_123' title='bbox 1158 1984 1211 2037; x_wconf 89' lang='lat' dir='ltr'><strong>in</strong></span> <span class='ocrx_word' id='word_1_124' title='bbox 1242 1999 1352 2054; x_wconf 92' lang='lat' dir='ltr'><strong>quo</strong></span> <span class='ocrx_word' id='word_1_125' title='bbox 1382 1984 1464 2039; x_wconf 84' lang='lat' dir='ltr'><strong>lex</strong></span> <span class='ocrx_word' id='word_1_126' title='bbox 1503 1982 1871 2038; x_wconf 78' lang='lat' dir='ltr'><strong>Mosaicacoli</strong></span> <span class='ocrx_word' id='word_1_127' title='bbox 1904 1982 2075 2040; x_wconf 76' lang='lat' dir='ltr'><strong>Deum</strong></span> 
     </span>
    </p>
   </div>
   <div class='ocr_carea' id='block_1_22' title="bbox 499 2073 2077 2140">
    <p class='ocr_par' dir='ltr' id='par_1_22' title="bbox 499 2073 2077 2140">
     <span class='ocr_line' id='line_1_22' title="bbox 499 2073 2077 2140; baseline 0.001 -13"><span class='ocrx_word' id='word_1_128' title='bbox 499 2074 701 2129; x_wconf 84' lang='lat' dir='ltr'><strong>debere</strong></span> <span class='ocrx_word' id='word_1_129' title='bbox 732 2075 1037 2129; x_wconf 87' lang='lat' dir='ltr'><strong>constituit.</strong></span> <span class='ocrx_word' id='word_1_130' title='bbox 1090 2073 1269 2140; x_wconf 83' lang='lat' dir='ltr'><strong>Quare</strong></span> <span class='ocrx_word' id='word_1_131' title='bbox 1298 2083 1351 2128; x_wconf 89' lang='lat' dir='ltr'><strong>et</strong></span> <span class='ocrx_word' id='word_1_132' title='bbox 1381 2073 1568 2128; x_wconf 88' lang='lat' dir='ltr'><strong>decem</strong></span> <span class='ocrx_word' id='word_1_133' title='bbox 1607 2074 1783 2127; x_wconf 86' lang='lat' dir='ltr'><strong>tribus</strong></span> <span class='ocrx_word' id='word_1_134' title='bbox 1815 2074 2077 2129; x_wconf 86' lang='lat' dir='ltr'><strong>derelicto</strong></span> 
     </span>
    </p>
   </div>
   <div class='ocr_carea' id='block_1_23' title="bbox 497 2162 2079 2234">
    <p class='ocr_par' dir='ltr' id='par_1_23' title="bbox 497 2162 2079 2234">
     <span class='ocr_line' id='line_1_23' title="bbox 497 2162 2079 2234; baseline -0.001 -14"><span class='ocrx_word' id='word_1_135' title='bbox 497 2166 601 2220; x_wconf 90' lang='lat' dir='ltr'><strong>loci</strong></span> <span class='ocrx_word' id='word_1_136' title='bbox 640 2165 761 2234; x_wconf 88' lang='lat' dir='ltr'><strong>ejus</strong></span> <span class='ocrx_word' id='word_1_137' title='bbox 799 2164 989 2219; x_wconf 75' lang='lat' dir='ltr'><strong>divino</strong></span> <span class='ocrx_word' id='word_1_138' title='bbox 1036 2165 1209 2228; x_wconf 92' lang='lat' dir='ltr'><strong>cultu,</strong></span> <span class='ocrx_word' id='word_1_139' title='bbox 1264 2164 1521 2234; x_wconf 90' lang='lat' dir='ltr'><strong>juvencis</strong></span> <span class='ocrx_word' id='word_1_140' title='bbox 1569 2163 1868 2219; x_wconf 88' lang='lat' dir='ltr'><strong>secundum</strong></span> <span class='ocrx_word' id='word_1_141' title='bbox 1923 2162 2079 2219; x_wconf 83' lang='lat' dir='ltr'><strong>Jero-</strong></span> 
     </span>
    </p>
   </div>
   <div class='ocr_carea' id='block_1_24' title="bbox 497 2253 2078 2325">
    <p class='ocr_par' dir='ltr' id='par_1_24' title="bbox 497 2253 2078 2325">
     <span class='ocr_line' id='line_1_24' title="bbox 497 2253 2078 2325; baseline 0.001 -16"><span class='ocrx_word' id='word_1_142' title='bbox 497 2255 681 2309; x_wconf 86' lang='lat' dir='ltr'><strong>boami</strong></span> <span class='ocrx_word' id='word_1_143' title='bbox 712 2255 1027 2318; x_wconf 89' lang='lat' dir='ltr'><strong>consilium,</strong></span> <span class='ocrx_word' id='word_1_144' title='bbox 1058 2254 1309 2309; x_wconf 88' lang='lat' dir='ltr'><strong>eumdem</strong></span> <span class='ocrx_word' id='word_1_145' title='bbox 1336 2254 1670 2308; x_wconf 85' lang='lat' dir='ltr'><strong>detulerunt.</strong></span> <span class='ocrx_word' id='word_1_146' title='bbox 1705 2253 1861 2309; x_wconf 90' lang='lat' dir='ltr'><strong>Nune</strong></span> <span class='ocrx_word' id='word_1_147' title='bbox 1892 2255 2078 2325; x_wconf 84' lang='lat' dir='ltr'><strong>itaque</strong></span> 
     </span>
    </p>
   </div>
   <div class='ocr_carea' id='block_1_25' title="bbox 498 2344 2075 2409">
    <p class='ocr_par' dir='ltr' id='par_1_25' title="bbox 498 2344 2075 2409">
     <span class='ocr_line' id='line_1_25' title="bbox 498 2344 2075 2409; baseline 0.001 -10"><span class='ocrx_word' id='word_1_148' title='bbox 498 2345 770 2409; x_wconf 88' lang='lat' dir='ltr'><strong>hortatur,</strong></span> <span class='ocrx_word' id='word_1_149' title='bbox 806 2353 864 2399; x_wconf 92' lang='lat' dir='ltr'><strong>ut</strong></span> <span class='ocrx_word' id='word_1_150' title='bbox 910 2344 979 2400; x_wconf 86' lang='lat' dir='ltr'><strong>ab</strong></span> <span class='ocrx_word' id='word_1_151' title='bbox 1007 2345 1218 2400; x_wconf 90' lang='lat' dir='ltr'><strong>insania</strong></span> <span class='ocrx_word' id='word_1_152' title='bbox 1249 2345 1337 2398; x_wconf 84' lang='lat' dir='ltr'><strong>illa</strong></span> <span class='ocrx_word' id='word_1_153' title='bbox 1368 2345 1705 2408; x_wconf 90' lang='lat' dir='ltr'><strong>recedentes,</strong></span> <span class='ocrx_word' id='word_1_154' title='bbox 1739 2346 1806 2399; x_wconf 88' lang='lat' dir='ltr'><strong>ad</strong></span> <span class='ocrx_word' id='word_1_155' title='bbox 1854 2345 2075 2401; x_wconf 88' lang='lat' dir='ltr'><strong>Sionem</strong></span> 
     </span>
    </p>
   </div>
   <div class='ocr_carea' id='block_1_26' title="bbox 497 2435 2076 2507">
    <p class='ocr_par' dir='ltr' id='par_1_26' title="bbox 497 2435 2076 2507">
     <span class='ocr_line' id='line_1_26' title="bbox 497 2435 2076 2507; baseline 0.001 -17"><span class='ocrx_word' id='word_1_156' title='bbox 497 2443 737 2490; x_wconf 89' lang='lat' dir='ltr'><strong>montem</strong></span> <span class='ocrx_word' id='word_1_157' title='bbox 778 2436 1097 2507; x_wconf 89' lang='lat' dir='ltr'><strong>respiciant,</strong></span> <span class='ocrx_word' id='word_1_158' title='bbox 1157 2444 1211 2491; x_wconf 90' lang='lat' dir='ltr'><strong>et</strong></span> <span class='ocrx_word' id='word_1_159' title='bbox 1255 2435 1321 2489; x_wconf 90' lang='lat' dir='ltr'><strong>ad</strong></span> <span class='ocrx_word' id='word_1_160' title='bbox 1371 2436 1735 2492; x_wconf 85' lang='lat' dir='ltr'><strong>universalem</strong></span> <span class='ocrx_word' id='word_1_161' title='bbox 1786 2435 2076 2491; x_wconf 91' lang='lat' dir='ltr'><strong>Dominum</strong></span> 
     </span>
    </p>
   </div>
   <div class='ocr_carea' id='block_1_27' title="bbox 496 2526 2077 2596">
    <p class='ocr_par' dir='ltr' id='par_1_27' title="bbox 496 2526 2077 2596">
     <span class='ocr_line' id='line_1_27' title="bbox 496 2526 2077 2596; baseline 0.002 -15"><span class='ocrx_word' id='word_1_162' title='bbox 496 2526 571 2581; x_wconf 86' lang='lat' dir='ltr'><strong>ibi</strong></span> <span class='ocrx_word' id='word_1_163' title='bbox 599 2528 701 2580; x_wconf 92' lang='lat' dir='ltr'><strong>coli</strong></span> <span class='ocrx_word' id='word_1_164' title='bbox 737 2526 974 2596; x_wconf 89' lang='lat' dir='ltr'><strong>jussum,</strong></span> <span class='ocrx_word' id='word_1_165' title='bbox 1014 2539 1070 2582; x_wconf 93' lang='lat' dir='ltr'><strong>ut</strong></span> <span class='ocrx_word' id='word_1_166' title='bbox 1104 2529 1183 2582; x_wconf 90' lang='lat' dir='ltr'><strong>sic</strong></span> <span class='ocrx_word' id='word_1_167' title='bbox 1214 2528 1281 2582; x_wconf 85' lang='lat' dir='ltr'><strong>ab</strong></span> <span class='ocrx_word' id='word_1_168' title='bbox 1320 2528 1736 2583; x_wconf 90' lang='lat' dir='ltr'><strong>imminentibus</strong></span> <span class='ocrx_word' id='word_1_169' title='bbox 1782 2528 1887 2584; x_wconf 87' lang='lat' dir='ltr'><strong>sibi</strong></span> <span class='ocrx_word' id='word_1_170' title='bbox 1918 2530 2077 2584; x_wconf 88' lang='lat' dir='ltr'><strong>malis</strong></span> 
     </span>
    </p>
   </div>
   <div class='ocr_carea' id='block_1_28' title="bbox 494 2617 2079 2691">
    <p class='ocr_par' dir='ltr' id='par_1_28' title="bbox 494 2617 2079 2691">
     <span class='ocr_line' id='line_1_28' title="bbox 494 2617 2079 2691; baseline 0.003 -20"><span class='ocrx_word' id='word_1_171' title='bbox 494 2618 713 2671; x_wconf 81' lang='lat' dir='ltr'><strong>liberari</strong></span> <span class='ocrx_word' id='word_1_172' title='bbox 751 2619 1063 2688; x_wconf 86' lang='lat' dir='ltr'><strong>impetrent.</strong></span> <span class='ocrx_word' id='word_1_173' title='bbox 1098 2617 1303 2675; x_wconf 76' lang='lat' dir='ltr'><strong>Revera</strong></span> <span class='ocrx_word' id='word_1_174' title='bbox 1335 2618 1441 2673; x_wconf 88' lang='lat' dir='ltr'><strong>hoc</strong></span> <span class='ocrx_word' id='word_1_175' title='bbox 1485 2621 1785 2691; x_wconf 80' lang='lat' dir='ltr'><strong>contigisse</strong></span> <span class='ocrx_word' id='word_1_176' title='bbox 1811 2622 1912 2676; x_wconf 86' lang='lat' dir='ltr'><strong>sub</strong></span> <span class='ocrx_word' id='word_1_177' title='bbox 1942 2618 2079 2676; x_wconf 87' lang='lat' dir='ltr'><strong>Sen-</strong></span> 
     </span>
    </p>
   </div>
   <div class='ocr_carea' id='block_1_29' title="bbox 493 2707 2075 2781">
    <p class='ocr_par' dir='ltr' id='par_1_29' title="bbox 493 2707 2075 2781">
     <span class='ocr_line' id='line_1_29' title="bbox 493 2707 2075 2781; baseline 0.003 -19"><span class='ocrx_word' id='word_1_178' title='bbox 493 2708 829 2773; x_wconf 68' lang='lat' dir='ltr'><strong>naclierimo,</strong></span> <span class='ocrx_word' id='word_1_179' title='bbox 886 2707 1120 2765; x_wconf 85' lang='lat' dir='ltr'><strong>Ezechia</strong></span> <span class='ocrx_word' id='word_1_180' title='bbox 1154 2721 1414 2781; x_wconf 79' lang='lat' dir='ltr'><strong>regnante</strong></span> <span class='ocrx_word' id='word_1_181' title='bbox 1444 2711 1496 2764; x_wconf 90' lang='lat' dir='ltr'><strong>in</strong></span> <span class='ocrx_word' id='word_1_182' title='bbox 1528 2709 1733 2777; x_wconf 65' lang='lat' dir='ltr'><strong>Iudaea,</strong></span> <span class='ocrx_word' id='word_1_183' title='bbox 1769 2712 1912 2769; x_wconf 91' lang='lat' dir='ltr'><strong>illius</strong></span> <span class='ocrx_word' id='word_1_184' title='bbox 1970 2713 2075 2768; x_wconf 92' lang='lat' dir='ltr'><strong>loci</strong></span> 
     </span>
    </p>
   </div>
   <div class='ocr_carea' id='block_1_30' title="bbox 492 2800 2077 2874">
    <p class='ocr_par' dir='ltr' id='par_1_30' title="bbox 492 2800 2077 2874">
     <span class='ocr_line' id='line_1_30' title="bbox 492 2800 2077 2874; baseline 0.003 -20"><span class='ocrx_word' id='word_1_185' title='bbox 492 2800 693 2856; x_wconf 88' lang='lat' dir='ltr'><strong>incolis</strong></span> <span class='ocrx_word' id='word_1_186' title='bbox 742 2800 1052 2871; x_wconf 80' lang='lat' dir='ltr'><strong>comperire</strong></span> <span class='ocrx_word' id='word_1_187' title='bbox 1106 2811 1208 2855; x_wconf 91' lang='lat' dir='ltr'><strong>est.</strong></span> <span class='ocrx_word' id='word_1_188' title='bbox 1272 2800 1484 2867; x_wconf 82' lang='lat' dir='ltr'><strong>«Quasi</strong></span> <span class='ocrx_word' id='word_1_189' title='bbox 1534 2817 1694 2859; x_wconf 90' lang='lat' dir='ltr'><strong>mane</strong></span> <span class='ocrx_word' id='word_1_190' title='bbox 1736 2804 2077 2874; x_wconf 77' lang='lat' dir='ltr'><strong>expandelur</strong></span> 
     </span>
    </p>
   </div>
   <div class='ocr_carea' id='block_1_31' title="bbox 494 2891 2076 2960">
    <p class='ocr_par' dir='ltr' id='par_1_31' title="bbox 494 2891 2076 2960">
     <span class='ocr_line' id='line_1_31' title="bbox 494 2891 2076 2960; baseline 0.004 -17"><span class='ocrx_word' id='word_1_191' title='bbox 494 2905 660 2960; x_wconf 86' lang='lat' dir='ltr'><strong>super</strong></span> <span class='ocrx_word' id='word_1_192' title='bbox 695 2898 908 2945; x_wconf 83' lang='lat' dir='ltr'><strong>montes</strong></span> <span class='ocrx_word' id='word_1_193' title='bbox 937 2891 1171 2960; x_wconf 82' lang='lat' dir='ltr'><strong>pepulus</strong></span> <span class='ocrx_word' id='word_1_194' title='bbox 1202 2893 1405 2948; x_wconf 90' lang='lat' dir='ltr'><strong>multus</strong></span> <span class='ocrx_word' id='word_1_195' title='bbox 1450 2899 1505 2948; x_wconf 90' lang='lat' dir='ltr'><strong>et</strong></span> <span class='ocrx_word' id='word_1_196' title='bbox 1553 2892 1744 2949; x_wconf 84' lang='lat' dir='ltr'><strong>fortis:</strong></span> <span class='ocrx_word' id='word_1_197' title='bbox 1798 2895 1995 2952; x_wconf 89' lang='lat' dir='ltr'><strong>similis</strong></span> <span class='ocrx_word' id='word_1_198' title='bbox 2025 2896 2076 2951; x_wconf 91' lang='lat' dir='ltr'><strong>ei</strong></span> 
     </span>
    </p>
   </div>
   <div class='ocr_carea' id='block_1_32' title="bbox 2177 428 3766 509">
    <p class='ocr_par' dir='ltr' id='par_1_32' title="bbox 2177 428 3766 509">
     <span class='ocr_line' id='line_1_32' title="bbox 2177 428 3766 509; baseline 0.006 -26"><span class='ocrx_word' id='word_1_199' title='bbox 2177 429 2317 499; x_wconf 69' lang='grc' dir='ltr'>δίψει</span> <span class='ocrx_word' id='word_1_200' title='bbox 2342 428 2413 482; x_wconf 76' lang='grc' dir='ltr'><strong>τὰ</strong></span> <span class='ocrx_word' id='word_1_201' title='bbox 2446 428 2619 499; x_wconf 83' lang='grc' dir='ltr'><strong>κτήνη</strong></span> <span class='ocrx_word' id='word_1_202' title='bbox 2640 468 2655 493; x_wconf 93' lang='grc'><strong>,</strong></span> <span class='ocrx_word' id='word_1_203' title='bbox 2692 428 2799 481; x_wconf 81' lang='grc' dir='ltr'>τῶν</span> <span class='ocrx_word' id='word_1_204' title='bbox 2834 430 3028 501; x_wconf 81' lang='grc' dir='ltr'>πηγῶν</span> <span class='ocrx_word' id='word_1_205' title='bbox 3060 433 3125 487; x_wconf 79' lang='grc' dir='ltr'>ἐκ</span> <span class='ocrx_word' id='word_1_206' title='bbox 3160 433 3262 504; x_wconf 78' lang='grc' dir='ltr'>τῆς</span> <span class='ocrx_word' id='word_1_207' title='bbox 3291 434 3431 505; x_wconf 72' lang='grc' dir='ltr'>ἄγαν</span> <span class='ocrx_word' id='word_1_208' title='bbox 3462 435 3766 509; x_wconf 80' lang='grc' dir='ltr'>ἀνομϐρίας</span> 
     </span>
    </p>
   </div>
   <div class='ocr_carea' id='block_1_33' title="bbox 2178 519 3763 599">
    <p class='ocr_par' dir='ltr' id='par_1_33' title="bbox 2178 519 3763 599">
     <span class='ocr_line' id='line_1_33' title="bbox 2178 519 3763 599; baseline 0.004 -25"><span class='ocrx_word' id='word_1_209' title='bbox 2178 521 2319 593; x_wconf 78' lang='grc' dir='ltr'>ὕδωρ</span> <span class='ocrx_word' id='word_1_210' title='bbox 2372 519 2433 574; x_wconf 92' lang='grc' dir='ltr'><strong>οὐ</strong></span> <span class='ocrx_word' id='word_1_211' title='bbox 2469 520 2787 591; x_wconf 84' lang='grc' dir='ltr'>δυναμένων</span> <span class='ocrx_word' id='word_1_212' title='bbox 2827 523 3159 594; x_wconf 71' lang='grc' dir='ltr'>ἐκπέμπεινο</span> <span class='ocrx_word' id='word_1_213' title='bbox 3196 522 3318 581; x_wconf 77' lang='grc' dir='ltr'>εἶτα</span> <span class='ocrx_word' id='word_1_214' title='bbox 3357 530 3425 599; x_wconf 73' lang='grc' dir='ltr'>τῇ</span> <span class='ocrx_word' id='word_1_215' title='bbox 3466 526 3763 599; x_wconf 85' lang='grc' dir='ltr'>πλατύτητι</span> 
     </span>
    </p>
   </div>
   <div class='ocr_carea' id='block_1_34' title="bbox 2176 610 3764 690">
    <p class='ocr_par' dir='ltr' id='par_1_34' title="bbox 2176 610 3764 690">
     <span class='ocr_line' id='line_1_34' title="bbox 2176 610 3764 690; baseline 0.006 -25"><span class='ocrx_word' id='word_1_216' title='bbox 2176 611 2424 682; x_wconf 76' lang='grc' dir='ltr'><strong>δηλώσας</strong></span> <span class='ocrx_word' id='word_1_217' title='bbox 2450 611 2560 665; x_wconf 84' lang='grc' dir='ltr'><strong>τῶν</strong></span> <span class='ocrx_word' id='word_1_218' title='bbox 2589 610 2775 666; x_wconf 81' lang='grc' dir='ltr'>κακῶν</span> <span class='ocrx_word' id='word_1_219' title='bbox 2800 612 2863 666; x_wconf 83' lang='grc' dir='ltr'>τὸ</span> <span class='ocrx_word' id='word_1_220' title='bbox 2890 612 3114 685; x_wconf 84' lang='grc' dir='ltr'>πλῆθος,</span> <span class='ocrx_word' id='word_1_221' title='bbox 3137 615 3334 686; x_wconf 77' lang='grc' dir='ltr'>ἐπάγει</span> <span class='ocrx_word' id='word_1_222' title='bbox 3364 618 3432 671; x_wconf 80' lang='grc' dir='ltr'>τὰ</span> <span class='ocrx_word' id='word_1_223' title='bbox 3454 618 3620 690; x_wconf 85' lang='grc' dir='ltr'>ὃμοια</span> <span class='ocrx_word' id='word_1_224' title='bbox 3650 621 3764 682; x_wconf 76' lang='grc' dir='ltr'>τοῖς</span> 
     </span>
    </p>
   </div>
   <div class='ocr_carea' id='block_1_35' title="bbox 2179 704 2581 776">
    <p class='ocr_par' dir='ltr' id='par_1_35' title="bbox 2179 704 2581 776">
     <span class='ocr_line' id='line_1_35' title="bbox 2179 704 2581 776; baseline 0.002 -20"><span class='ocrx_word' id='word_1_225' title='bbox 2179 704 2581 776; x_wconf 80' lang='grc' dir='ltr'><strong>προκειμένοις.</strong></span> 
     </span>
    </p>
   </div>
   <div class='ocr_carea' id='block_1_36' title="bbox 2832 798 3107 853">
    <p class='ocr_par' dir='ltr' id='par_1_36' title="bbox 2832 798 3107 853">
     <span class='ocr_line' id='line_1_36' title="bbox 2832 798 3107 853; baseline 0.004 -3"><span class='ocrx_word' id='word_1_226' title='bbox 2832 798 2990 853; x_wconf 81' lang='grc' dir='ltr'><strong>ΚΕΦ.</strong></span> <span class='ocrx_word' id='word_1_227' title='bbox 3032 799 3107 851; x_wconf 85' lang='lat' dir='ltr'><strong>B&#39;.</strong></span> 
     </span>
    </p>
   </div>
   <div class='ocr_carea' id='block_1_37' title="bbox 2249 885 3763 965">
    <p class='ocr_par' dir='ltr' id='par_1_37' title="bbox 2249 885 3763 965">
     <span class='ocr_line' id='line_1_37' title="bbox 2249 885 3763 965; baseline 0.005 -26"><span class='ocrx_word' id='word_1_228' title='bbox 2249 886 2396 957; x_wconf 86' lang='grc' dir='ltr'>Στίχ.</span> <span class='ocrx_word' id='word_1_229' title='bbox 2432 885 2576 955; x_wconf 88' lang='grc' dir='ltr'>α’-γ’.</span> <span class='ocrx_word' id='word_1_230' title='bbox 2604 918 2675 928; x_wconf 93' lang='lat'><strong><em>—</em></strong></span> <span class='ocrx_word' id='word_1_231' title='bbox 2705 905 2725 941; x_wconf 93' lang='lat'><strong>«</strong></span> <span class='ocrx_word' id='word_1_232' title='bbox 2752 888 3056 942; x_wconf 87' lang='grc' dir='ltr'>Σαλπίσατε</span> <span class='ocrx_word' id='word_1_233' title='bbox 3088 888 3347 959; x_wconf 72' lang='grc' dir='ltr'><strong>σάλπιγγι</strong></span> <span class='ocrx_word' id='word_1_234' title='bbox 3377 892 3435 946; x_wconf 80' lang='grc' dir='ltr'>ὲν</span> <span class='ocrx_word' id='word_1_235' title='bbox 3469 890 3628 958; x_wconf 83' lang='grc' dir='ltr'>Σιὼν,</span> <span class='ocrx_word' id='word_1_236' title='bbox 3658 910 3763 965; x_wconf 84' lang='grc' dir='ltr'>κη-</span> 
     </span>
    </p>
   </div>
   <div class='ocr_carea' id='block_1_38' title="bbox 2182 978 3763 1055">
    <p class='ocr_par' dir='ltr' id='par_1_38' title="bbox 2182 978 3763 1055">
     <span class='ocr_line' id='line_1_38' title="bbox 2182 978 3763 1055; baseline 0.004 -23"><span class='ocrx_word' id='word_1_237' title='bbox 2182 978 2376 1050; x_wconf 79' lang='grc' dir='ltr'>ρύξατε</span> <span class='ocrx_word' id='word_1_238' title='bbox 2422 981 2481 1033; x_wconf 79' lang='grc' dir='ltr'>ὲν</span> <span class='ocrx_word' id='word_1_239' title='bbox 2517 978 2633 1049; x_wconf 90' lang='grc' dir='ltr'>ὄρει</span> <span class='ocrx_word' id='word_1_240' title='bbox 2696 980 2838 1051; x_wconf 84' lang='grc' dir='ltr'>ἁγίῳ</span> <span class='ocrx_word' id='word_1_241' title='bbox 2878 997 3002 1051; x_wconf 88' lang='grc' dir='ltr'>μου,</span> <span class='ocrx_word' id='word_1_242' title='bbox 3049 981 3143 1034; x_wconf 74' lang='grc' dir='ltr'>καὶ</span> <span class='ocrx_word' id='word_1_243' title='bbox 3183 982 3605 1055; x_wconf 84' lang='grc' dir='ltr'>συναχθήτωσαν</span> <span class='ocrx_word' id='word_1_244' title='bbox 3649 984 3763 1055; x_wconf 73' lang='grc' dir='ltr'><strong>(Η)</strong></span> 
     </span>
    </p>
   </div>
   <div class='ocr_carea' id='block_1_39' title="bbox 2177 1067 3765 1147">
    <p class='ocr_par' dir='ltr' id='par_1_39' title="bbox 2177 1067 3765 1147">
     <span class='ocr_line' id='line_1_39' title="bbox 2177 1067 3765 1147; baseline 0.006 -26"><span class='ocrx_word' id='word_1_245' title='bbox 2177 1068 2377 1132; x_wconf 84' lang='grc' dir='ltr'>πάντες</span> <span class='ocrx_word' id='word_1_246' title='bbox 2408 1071 2456 1122; x_wconf 87' lang='grc' dir='ltr'><strong>οί</strong></span> <span class='ocrx_word' id='word_1_247' title='bbox 2482 1067 2861 1133; x_wconf 88' lang='grc' dir='ltr'>κατοικοῦντες</span> <span class='ocrx_word' id='word_1_248' title='bbox 2887 1069 2984 1140; x_wconf 84' lang='grc' dir='ltr'>τὴν</span> <span class='ocrx_word' id='word_1_249' title='bbox 3020 1070 3124 1142; x_wconf 83' lang='grc' dir='ltr'>γῆν</span> <span class='ocrx_word' id='word_1_250' title='bbox 3143 1086 3156 1100; x_wconf 75' lang='grc' dir='ltr'><strong>ο</strong></span> <span class='ocrx_word' id='word_1_251' title='bbox 3188 1073 3264 1141; x_wconf 88' lang='lat' dir='ltr'><strong>(p.</strong></span> <span class='ocrx_word' id='word_1_252' title='bbox 3300 1072 3425 1134; x_wconf 65' lang='grc' dir='ltr'><strong>ΜΞ)</strong></span> <span class='ocrx_word' id='word_1_253' title='bbox 3455 1074 3589 1128; x_wconf 87' lang='grc' dir='ltr'>διότι</span> <span class='ocrx_word' id='word_1_254' title='bbox 3622 1076 3765 1147; x_wconf 86' lang='grc' dir='ltr'>πάρ-</span> 
     </span>
    </p>
   </div>
   <div class='ocr_carea' id='block_1_40' title="bbox 2178 1161 3767 1236">
    <p class='ocr_par' dir='ltr' id='par_1_40' title="bbox 2178 1161 3767 1236">
     <span class='ocr_line' id='line_1_40' title="bbox 2178 1161 3767 1236; baseline 0.004 -23"><span class='ocrx_word' id='word_1_255' title='bbox 2178 1177 2326 1214; x_wconf 85' lang='grc' dir='ltr'>εστιν</span> <span class='ocrx_word' id='word_1_256' title='bbox 2350 1164 2384 1232; x_wconf 77' lang='grc' dir='ltr'>ἡ</span> <span class='ocrx_word' id='word_1_257' title='bbox 2411 1161 2597 1233; x_wconf 76' lang='grc' dir='ltr'>ἡμέρα</span> <span class='ocrx_word' id='word_1_258' title='bbox 2618 1161 2846 1233; x_wconf 82' lang='grc' dir='ltr'><strong>Κυρίου·</strong></span> <span class='ocrx_word' id='word_1_259' title='bbox 2874 1162 2958 1215; x_wconf 84' lang='grc' dir='ltr'>ὃτι</span> <span class='ocrx_word' id='word_1_260' title='bbox 2980 1162 3203 1234; x_wconf 83' lang='grc' dir='ltr'>ὲγγύςή</span> <span class='ocrx_word' id='word_1_261' title='bbox 3228 1164 3410 1236; x_wconf 77' lang='grc' dir='ltr'>ἡμέρα</span> <span class='ocrx_word' id='word_1_262' title='bbox 3431 1165 3653 1229; x_wconf 81' lang='grc' dir='ltr'>σκότους</span> <span class='ocrx_word' id='word_1_263' title='bbox 3671 1168 3767 1222; x_wconf 76' lang='grc' dir='ltr'>καὶ</span> 
     </span>
    </p>
   </div>
   <div class='ocr_carea' id='block_1_41' title="bbox 2176 1250 3765 1327">
    <p class='ocr_par' dir='ltr' id='par_1_41' title="bbox 2176 1250 3765 1327">
     <span class='ocr_line' id='line_1_41' title="bbox 2176 1250 3765 1327; baseline 0.005 -25"><span class='ocrx_word' id='word_1_264' title='bbox 2176 1250 2396 1319; x_wconf 77' lang='grc' dir='ltr'>γνόφου,</span> <span class='ocrx_word' id='word_1_265' title='bbox 2442 1251 2625 1321; x_wconf 81' lang='grc' dir='ltr'>ἡμέρα</span> <span class='ocrx_word' id='word_1_266' title='bbox 2655 1250 2883 1321; x_wconf 78' lang='grc' dir='ltr'><strong>νεφέλης</strong></span> <span class='ocrx_word' id='word_1_267' title='bbox 2935 1251 3030 1305; x_wconf 72' lang='grc' dir='ltr'>καὶ</span> <span class='ocrx_word' id='word_1_268' title='bbox 3073 1251 3324 1324; x_wconf 79' lang='grc' dir='ltr'>ὁμίχλης.</span> <span class='ocrx_word' id='word_1_269' title='bbox 3383 1274 3403 1307; x_wconf 74' lang='grc' dir='ltr'><strong>ι</strong></span> <span class='ocrx_word' id='word_1_270' title='bbox 3453 1255 3533 1327; x_wconf 77' lang='grc' dir='ltr'><strong>Τῇ</strong></span> <span class='ocrx_word' id='word_1_271' title='bbox 3582 1255 3765 1310; x_wconf 83' lang='grc' dir='ltr'>τοίνυν</span> 
     </span>
    </p>
   </div>
   <div class='ocr_carea' id='block_1_42' title="bbox 2179 1339 3887 1417">
    <p class='ocr_par' dir='ltr' id='par_1_42' title="bbox 2179 1339 3887 1417">
     <span class='ocr_line' id='line_1_42' title="bbox 2179 1339 3887 1417; baseline 0.003 -23"><span class='ocrx_word' id='word_1_272' title='bbox 2179 1339 2423 1412; x_wconf 64' lang='grc' dir='ltr'>σημασίᾳ</span> <span class='ocrx_word' id='word_1_273' title='bbox 2448 1340 2548 1409; x_wconf 86' lang='grc' dir='ltr'>τῆς</span> <span class='ocrx_word' id='word_1_274' title='bbox 2578 1339 2875 1409; x_wconf 75' lang='grc' dir='ltr'>σάλπιγγος</span> <span class='ocrx_word' id='word_1_275' title='bbox 2924 1339 3063 1394; x_wconf 75' lang='grc' dir='ltr'>κατὰ</span> <span class='ocrx_word' id='word_1_276' title='bbox 3106 1342 3167 1395; x_wconf 88' lang='grc' dir='ltr'>τὸ</span> <span class='ocrx_word' id='word_1_277' title='bbox 3198 1343 3430 1413; x_wconf 90' lang='grc' dir='ltr'>νόμιμον</span> <span class='ocrx_word' id='word_1_278' title='bbox 3461 1343 3580 1409; x_wconf 76' lang='grc' dir='ltr'>έθος</span> <span class='ocrx_word' id='word_1_279' title='bbox 3610 1363 3765 1417; x_wconf 86' lang='grc' dir='ltr'>χρη-</span> <span class='ocrx_word' id='word_1_280' title='bbox 3868 1407 3887 1412; x_wconf 89' lang='lat'><em>_</em></span> 
     </span>
    </p>
   </div>
   <div class='ocr_carea' id='block_1_43' title="bbox 2180 1429 3766 1506">
    <p class='ocr_par' dir='ltr' id='par_1_43' title="bbox 2180 1429 3766 1506">
     <span class='ocr_line' id='line_1_43' title="bbox 2180 1429 3766 1506; baseline 0.004 -25"><span class='ocrx_word' id='word_1_281' title='bbox 2180 1430 2422 1500; x_wconf 86' lang='grc' dir='ltr'>σάμενοι,</span> <span class='ocrx_word' id='word_1_282' title='bbox 2458 1429 2665 1494; x_wconf 85' lang='grc' dir='ltr'>πάντας</span> <span class='ocrx_word' id='word_1_283' title='bbox 2689 1430 2782 1483; x_wconf 76' lang='grc' dir='ltr'><strong>ἐπὶ</strong></span> <span class='ocrx_word' id='word_1_284' title='bbox 2813 1429 2873 1483; x_wconf 83' lang='grc' dir='ltr'>τὸ</span> <span class='ocrx_word' id='word_1_285' title='bbox 2903 1430 3042 1485; x_wconf 86' lang='grc' dir='ltr'>Σιὼν</span> <span class='ocrx_word' id='word_1_286' title='bbox 3091 1432 3430 1500; x_wconf 84' lang='grc' dir='ltr'>συναγάγετε</span> <span class='ocrx_word' id='word_1_287' title='bbox 3463 1433 3608 1506; x_wconf 86' lang='grc' dir='ltr'>ὄρος,</span> <span class='ocrx_word' id='word_1_288' title='bbox 3636 1434 3766 1488; x_wconf 77' lang='grc' dir='ltr'>ἔνθα</span> 
     </span>
    </p>
   </div>
   <div class='ocr_carea' id='block_1_44' title="bbox 2181 1516 3766 1590">
    <p class='ocr_par' dir='ltr' id='par_1_44' title="bbox 2181 1516 3766 1590">
     <span class='ocr_line' id='line_1_44' title="bbox 2181 1516 3766 1590; baseline 0.004 -18"><span class='ocrx_word' id='word_1_289' title='bbox 2181 1536 2270 1590; x_wconf 90' lang='grc' dir='ltr'><strong>μοι</strong></span> <span class='ocrx_word' id='word_1_290' title='bbox 2293 1518 2390 1589; x_wconf 80' lang='grc' dir='ltr'>τὴν</span> <span class='ocrx_word' id='word_1_291' title='bbox 2413 1516 2711 1589; x_wconf 87' lang='grc' dir='ltr'>θρησκείαν</span> <span class='ocrx_word' id='word_1_292' title='bbox 2734 1520 3081 1576; x_wconf 82' lang='grc' dir='ltr'>ἀποδίδοσθαι</span> <span class='ocrx_word' id='word_1_293' title='bbox 3116 1521 3257 1585; x_wconf 75' lang='grc' dir='ltr'>ἔθος·</span> <span class='ocrx_word' id='word_1_294' title='bbox 3280 1522 3467 1578; x_wconf 83' lang='grc' dir='ltr'>αὐτόθι</span> <span class='ocrx_word' id='word_1_295' title='bbox 3499 1523 3592 1578; x_wconf 84' lang='grc' dir='ltr'>τὸν</span> <span class='ocrx_word' id='word_1_296' title='bbox 3606 1523 3766 1579; x_wconf 65' lang='grc' dir='ltr'>ἔλεον</span> 
     </span>
    </p>
   </div>
   <div class='ocr_carea' id='block_1_45' title="bbox 2178 1609 3765 1687">
    <p class='ocr_par' dir='ltr' id='par_1_45' title="bbox 2178 1609 3765 1687">
     <span class='ocr_line' id='line_1_45' title="bbox 2178 1609 3765 1687; baseline 0.005 -23"><span class='ocrx_word' id='word_1_297' title='bbox 2178 1609 2454 1674; x_wconf 83' lang='grc' dir='ltr'>αἰτοῦντες</span> <span class='ocrx_word' id='word_1_298' title='bbox 2467 1610 2558 1664; x_wconf 81' lang='grc' dir='ltr'><strong>τὸν</strong></span> <span class='ocrx_word' id='word_1_299' title='bbox 2575 1614 2735 1672; x_wconf 86' lang='grc' dir='ltr'>θεῖον,</span> <span class='ocrx_word' id='word_1_300' title='bbox 2752 1611 2941 1684; x_wconf 79' lang='grc' dir='ltr'>ἐπειδὴ</span> <span class='ocrx_word' id='word_1_301' title='bbox 2962 1614 3024 1668; x_wconf 93' lang='grc' dir='ltr'><strong>οὐ</strong></span> <span class='ocrx_word' id='word_1_302' title='bbox 3045 1613 3233 1685; x_wconf 67' lang='grc' dir='ltr'>πόρρω</span> <span class='ocrx_word' id='word_1_303' title='bbox 3253 1614 3599 1687; x_wconf 84' lang='grc' dir='ltr'>συμϐέϐηκεν</span> <span class='ocrx_word' id='word_1_304' title='bbox 3621 1611 3765 1672; x_wconf 76' lang='grc' dir='ltr'>εἶναι</span> 
     </span>
    </p>
   </div>
   <div class='ocr_carea' id='block_1_46' title="bbox 2177 1702 3764 1780">
    <p class='ocr_par' dir='ltr' id='par_1_46' title="bbox 2177 1702 3764 1780">
     <span class='ocr_line' id='line_1_46' title="bbox 2177 1702 3764 1780; baseline 0.004 -25"><span class='ocrx_word' id='word_1_305' title='bbox 2177 1702 2273 1773; x_wconf 81' lang='grc' dir='ltr'>τὴν</span> <span class='ocrx_word' id='word_1_306' title='bbox 2294 1702 2667 1775; x_wconf 78' lang='grc' dir='ltr'>ὴπειλημένην</span> <span class='ocrx_word' id='word_1_307' title='bbox 2696 1703 2825 1775; x_wconf 84' lang='grc' dir='ltr'><strong>ὐμῖν</strong></span> <span class='ocrx_word' id='word_1_308' title='bbox 2849 1704 3060 1777; x_wconf 73' lang='grc' dir='ltr'>ἡμέραν</span> <span class='ocrx_word' id='word_1_309' title='bbox 3078 1704 3231 1775; x_wconf 81' lang='grc' dir='ltr'>παρὰ</span> <span class='ocrx_word' id='word_1_310' title='bbox 3256 1705 3351 1759; x_wconf 88' lang='grc' dir='ltr'><strong>τοῦ</strong></span> <span class='ocrx_word' id='word_1_311' title='bbox 3384 1706 3539 1768; x_wconf 87' lang='grc' dir='ltr'>Θεοῦ.</span> <span class='ocrx_word' id='word_1_312' title='bbox 3571 1708 3604 1780; x_wconf 70' lang='grc' dir='ltr'>ἡ</span> <span class='ocrx_word' id='word_1_313' title='bbox 3634 1708 3764 1763; x_wconf 81' lang='grc' dir='ltr'>σκόο</span> 
     </span>
    </p>
   </div>
   <div class='ocr_carea' id='block_1_47' title="bbox 2179 1793 3766 1868">
    <p class='ocr_par' dir='ltr' id='par_1_47' title="bbox 2179 1793 3766 1868">
     <span class='ocr_line' id='line_1_47' title="bbox 2179 1793 3766 1868; baseline 0.004 -20"><span class='ocrx_word' id='word_1_314' title='bbox 2179 1812 2303 1859; x_wconf 87' lang='grc' dir='ltr'>τους</span> <span class='ocrx_word' id='word_1_315' title='bbox 2318 1793 2597 1866; x_wconf 79' lang='grc' dir='ltr'><strong>αὐτάρκης</strong></span> <span class='ocrx_word' id='word_1_316' title='bbox 2624 1797 2717 1849; x_wconf 77' lang='grc' dir='ltr'>καὶ</span> <span class='ocrx_word' id='word_1_317' title='bbox 2737 1796 2936 1865; x_wconf 84' lang='grc' dir='ltr'>γνόφου</span> <span class='ocrx_word' id='word_1_318' title='bbox 2964 1796 3171 1860; x_wconf 81' lang='grc' dir='ltr'>πάντας</span> <span class='ocrx_word' id='word_1_319' title='bbox 3195 1796 3458 1868; x_wconf 76' lang='grc' dir='ltr'>πληροῦν,</span> <span class='ocrx_word' id='word_1_320' title='bbox 3486 1798 3562 1862; x_wconf 80' lang='grc' dir='ltr'>ὡς</span> <span class='ocrx_word' id='word_1_321' title='bbox 3592 1802 3650 1854; x_wconf 77' lang='grc' dir='ltr'>ὲν</span> <span class='ocrx_word' id='word_1_322' title='bbox 3678 1816 3766 1855; x_wconf 81' lang='grc' dir='ltr'>νε-</span> 
     </span>
    </p>
   </div>
   <div class='ocr_carea' id='block_1_48' title="bbox 2180 1886 3758 1963">
    <p class='ocr_par' dir='ltr' id='par_1_48' title="bbox 2180 1886 3758 1963">
     <span class='ocr_line' id='line_1_48' title="bbox 2180 1886 3758 1963; baseline 0.005 -25"><span class='ocrx_word' id='word_1_323' title='bbox 2180 1886 2316 1960; x_wconf 83' lang='grc' dir='ltr'>φέλῃ</span> <span class='ocrx_word' id='word_1_324' title='bbox 2340 1887 2445 1940; x_wconf 71' lang='grc' dir='ltr'>τινὶ</span> <span class='ocrx_word' id='word_1_325' title='bbox 2476 1887 2569 1939; x_wconf 71' lang='grc' dir='ltr'>καὶ</span> <span class='ocrx_word' id='word_1_326' title='bbox 2584 1886 2782 1959; x_wconf 82' lang='grc' dir='ltr'>ὁμίχλῃ</span> <span class='ocrx_word' id='word_1_327' title='bbox 2800 1888 2977 1943; x_wconf 89' lang='grc' dir='ltr'>πάντα</span> <span class='ocrx_word' id='word_1_328' title='bbox 3006 1888 3326 1942; x_wconf 82' lang='grc' dir='ltr'>καθεστῶτα</span> <span class='ocrx_word' id='word_1_329' title='bbox 3339 1891 3470 1963; x_wconf 77' lang='grc' dir='ltr'><strong>όρᾷν</strong></span> <span class='ocrx_word' id='word_1_330' title='bbox 3489 1891 3588 1962; x_wconf 83' lang='grc' dir='ltr'><strong>οὐχ</strong></span> <span class='ocrx_word' id='word_1_331' title='bbox 3609 1891 3758 1955; x_wconf 83' lang='grc' dir='ltr'>οἴους</span> 
     </span>
    </p>
   </div>
   <div class='ocr_carea' id='block_1_49' title="bbox 2178 1978 3763 2052">
    <p class='ocr_par' dir='ltr' id='par_1_49' title="bbox 2178 1978 3763 2052">
     <span class='ocr_line' id='line_1_49' title="bbox 2178 1978 3763 2052; baseline 0.004 -19"><span class='ocrx_word' id='word_1_332' title='bbox 2178 1996 2238 2033; x_wconf 89' lang='grc' dir='ltr'><strong>τε</strong></span> <span class='ocrx_word' id='word_1_333' title='bbox 2267 1979 2443 2041; x_wconf 63' lang='grc' dir='ltr'>ὄντας</span> <span class='ocrx_word' id='word_1_334' title='bbox 2480 1978 2659 2045; x_wconf 84' lang='grc' dir='ltr'>καλῶς</span> <span class='ocrx_word' id='word_1_335' title='bbox 2693 1979 2749 2033; x_wconf 85' lang='grc' dir='ltr'>δὲ</span> <span class='ocrx_word' id='word_1_336' title='bbox 2780 1980 2873 2034; x_wconf 77' lang='grc' dir='ltr'><strong>ἐπὶ</strong></span> <span class='ocrx_word' id='word_1_337' title='bbox 2902 1978 3039 2034; x_wconf 88' lang='grc' dir='ltr'>Σιὼν</span> <span class='ocrx_word' id='word_1_338' title='bbox 3072 1980 3198 2052; x_wconf 85' lang='grc' dir='ltr'>ὄρος</span> <span class='ocrx_word' id='word_1_339' title='bbox 3221 1980 3470 2046; x_wconf 75' lang='grc' dir='ltr'>ἅπαντας</span> <span class='ocrx_word' id='word_1_340' title='bbox 3497 1983 3672 2050; x_wconf 78' lang='grc' dir='ltr'>καλεῖ,</span> <span class='ocrx_word' id='word_1_341' title='bbox 3702 1986 3763 2039; x_wconf 81' lang='grc' dir='ltr'>ὲν</span> 
     </span>
    </p>
   </div>
   <div class='ocr_carea' id='block_1_50' title="bbox 2179 2065 3766 2144">
    <p class='ocr_par' dir='ltr' id='par_1_50' title="bbox 2179 2065 3766 2144">
     <span class='ocr_line' id='line_1_50' title="bbox 2179 2065 3766 2144; baseline 0.004 -19"><span class='ocrx_word' id='word_1_342' title='bbox 2179 2065 2331 2143; x_wconf 80' lang='grc' dir='ltr'>ᾧπερ</span> <span class='ocrx_word' id='word_1_343' title='bbox 2364 2072 2503 2125; x_wconf 79' lang='grc' dir='ltr'>κατὰ</span> <span class='ocrx_word' id='word_1_344' title='bbox 2533 2071 2593 2125; x_wconf 81' lang='grc' dir='ltr'>τὸ</span> <span class='ocrx_word' id='word_1_345' title='bbox 2626 2072 2919 2127; x_wconf 84' lang='grc' dir='ltr'>Μωσαῖκὸν</span> <span class='ocrx_word' id='word_1_346' title='bbox 2960 2071 3082 2138; x_wconf 77' lang='grc' dir='ltr'>ἔθος</span> <span class='ocrx_word' id='word_1_347' title='bbox 3110 2072 3509 2144; x_wconf 85' lang='grc' dir='ltr'>θεραπεύεσθαι</span> <span class='ocrx_word' id='word_1_348' title='bbox 3536 2076 3766 2132; x_wconf 78' lang='grc' dir='ltr'>τέτακτο</span> 
     </span>
    </p>
   </div>
   <div class='ocr_carea' id='block_1_51' title="bbox 2178 2164 3765 2243">
    <p class='ocr_par' dir='ltr' id='par_1_51' title="bbox 2178 2164 3765 2243">
     <span class='ocr_line' id='line_1_51' title="bbox 2178 2164 3765 2243; baseline 0.003 -25"><span class='ocrx_word' id='word_1_349' title='bbox 2178 2165 2241 2218; x_wconf 71' lang='grc' dir='ltr'>τὸ</span> <span class='ocrx_word' id='word_1_350' title='bbox 2264 2164 2436 2218; x_wconf 84' lang='grc' dir='ltr'>Θεῖον·</span> <span class='ocrx_word' id='word_1_351' title='bbox 2466 2165 2541 2229; x_wconf 82' lang='grc' dir='ltr'>ὡς</span> <span class='ocrx_word' id='word_1_352' title='bbox 2584 2166 2649 2219; x_wconf 84' lang='grc' dir='ltr'>ἂν</span> <span class='ocrx_word' id='word_1_353' title='bbox 2682 2166 2777 2219; x_wconf 71' lang='grc' dir='ltr'>καὶ</span> <span class='ocrx_word' id='word_1_354' title='bbox 2802 2166 2930 2230; x_wconf 78' lang='grc' dir='ltr'>τοὺς</span> <span class='ocrx_word' id='word_1_355' title='bbox 2958 2165 3067 2218; x_wconf 84' lang='grc' dir='ltr'><strong>τῶν</strong></span> <span class='ocrx_word' id='word_1_356' title='bbox 3110 2164 3245 2220; x_wconf 86' lang='grc' dir='ltr'>δέκα</span> <span class='ocrx_word' id='word_1_357' title='bbox 3274 2165 3458 2235; x_wconf 85' lang='grc' dir='ltr'>φυλῶν</span> <span class='ocrx_word' id='word_1_358' title='bbox 3486 2167 3765 2243; x_wconf 73' lang='grc' dir='ltr'>ἀπολελοι-</span> 
     </span>
    </p>
   </div>
   <div class='ocr_carea' id='block_1_52' title="bbox 2181 2255 3763 2328">
    <p class='ocr_par' dir='ltr' id='par_1_52' title="bbox 2181 2255 3763 2328">
     <span class='ocr_line' id='line_1_52' title="bbox 2181 2255 3763 2328; baseline 0.003 -19"><span class='ocrx_word' id='word_1_359' title='bbox 2181 2257 2348 2321; x_wconf 81' lang='grc' dir='ltr'>πότας</span> <span class='ocrx_word' id='word_1_360' title='bbox 2378 2255 2476 2327; x_wconf 80' lang='grc' dir='ltr'>μὲν</span> <span class='ocrx_word' id='word_1_361' title='bbox 2501 2256 2599 2328; x_wconf 86' lang='grc' dir='ltr'>τὴν</span> <span class='ocrx_word' id='word_1_362' title='bbox 2625 2256 2815 2311; x_wconf 78' lang='grc' dir='ltr'>αὐτόθι</span> <span class='ocrx_word' id='word_1_363' title='bbox 2853 2256 2946 2310; x_wconf 85' lang='grc' dir='ltr'><strong>τοῦ</strong></span> <span class='ocrx_word' id='word_1_364' title='bbox 2986 2255 3143 2310; x_wconf 84' lang='grc' dir='ltr'>Θείου</span> <span class='ocrx_word' id='word_1_365' title='bbox 3175 2256 3493 2327; x_wconf 82' lang='grc' dir='ltr'>θεραπείαν,</span> <span class='ocrx_word' id='word_1_366' title='bbox 3522 2262 3639 2322; x_wconf 84' lang='grc' dir='ltr'>ταῖς</span> <span class='ocrx_word' id='word_1_367' title='bbox 3668 2259 3763 2313; x_wconf 91' lang='grc' dir='ltr'>δα-</span> 
     </span>
    </p>
   </div>
   <div class='ocr_carea' id='block_1_53' title="bbox 2182 2346 3763 2421">
    <p class='ocr_par' dir='ltr' id='par_1_53' title="bbox 2182 2346 3763 2421">
     <span class='ocr_line' id='line_1_53' title="bbox 2182 2346 3763 2421; baseline 0.004 -21"><span class='ocrx_word' id='word_1_368' title='bbox 2182 2347 2374 2418; x_wconf 86' lang='grc' dir='ltr'>μάλεσι</span> <span class='ocrx_word' id='word_1_369' title='bbox 2423 2347 2480 2400; x_wconf 76' lang='grc' dir='ltr'>δὲ</span> <span class='ocrx_word' id='word_1_370' title='bbox 2528 2348 2669 2403; x_wconf 78' lang='grc' dir='ltr'>κατὰ</span> <span class='ocrx_word' id='word_1_371' title='bbox 2711 2348 2806 2419; x_wconf 84' lang='grc' dir='ltr'>τὴν</span> <span class='ocrx_word' id='word_1_372' title='bbox 2845 2346 2940 2401; x_wconf 89' lang='grc' dir='ltr'><strong>τοῦ</strong></span> <span class='ocrx_word' id='word_1_373' title='bbox 2994 2347 3280 2419; x_wconf 78' lang='grc' dir='ltr'>Ἰεροϐοὰμ</span> <span class='ocrx_word' id='word_1_374' title='bbox 3325 2350 3763 2421; x_wconf 81' lang='grc' dir='ltr'>προσανέχοντας</span> 
     </span>
    </p>
   </div>
   <div class='ocr_carea' id='block_1_54' title="bbox 2180 2438 3765 2511">
    <p class='ocr_par' dir='ltr' id='par_1_54' title="bbox 2180 2438 3765 2511">
     <span class='ocr_line' id='line_1_54' title="bbox 2180 2438 3765 2511; baseline 0.004 -20"><span class='ocrx_word' id='word_1_375' title='bbox 2180 2456 2243 2491; x_wconf 89' lang='grc' dir='ltr'><strong>συ</strong></span> <span class='ocrx_word' id='word_1_376' title='bbox 2253 2438 2511 2511; x_wconf 81' lang='grc' dir='ltr'>μϐουλὴν,</span> <span class='ocrx_word' id='word_1_377' title='bbox 2530 2440 2785 2511; x_wconf 53' lang='grc' dir='ltr'>ὲντρέῲψ</span> <span class='ocrx_word' id='word_1_378' title='bbox 2810 2439 2905 2494; x_wconf 88' lang='grc' dir='ltr'><strong>νῦν</strong></span> <span class='ocrx_word' id='word_1_379' title='bbox 2928 2438 3057 2509; x_wconf 88' lang='grc' dir='ltr'>γοῦν</span> <span class='ocrx_word' id='word_1_380' title='bbox 3080 2441 3179 2509; x_wconf 84' lang='grc' dir='ltr'>τῆς</span> <span class='ocrx_word' id='word_1_381' title='bbox 3203 2440 3405 2510; x_wconf 88' lang='grc' dir='ltr'>μανίας</span> <span class='ocrx_word' id='word_1_382' title='bbox 3421 2442 3765 2507; x_wconf 82' lang='grc' dir='ltr'>ἀποστάντας</span> 
     </span>
    </p>
   </div>
   <div class='ocr_carea' id='block_1_55' title="bbox 2178 2529 3761 2603">
    <p class='ocr_par' dir='ltr' id='par_1_55' title="bbox 2178 2529 3761 2603">
     <span class='ocr_line' id='line_1_55' title="bbox 2178 2529 3761 2603; baseline 0.004 -21"><span class='ocrx_word' id='word_1_383' title='bbox 2178 2529 2413 2599; x_wconf 69' lang='grc' dir='ltr'>ἐκείνης,</span> <span class='ocrx_word' id='word_1_384' title='bbox 2446 2530 2580 2602; x_wconf 77' lang='grc' dir='ltr'>πρὸς</span> <span class='ocrx_word' id='word_1_385' title='bbox 2603 2531 2663 2585; x_wconf 84' lang='grc' dir='ltr'>τὸ</span> <span class='ocrx_word' id='word_1_386' title='bbox 2687 2530 2828 2585; x_wconf 87' lang='grc' dir='ltr'>Σιὼν</span> <span class='ocrx_word' id='word_1_387' title='bbox 2859 2532 2984 2603; x_wconf 88' lang='grc' dir='ltr'>ὄρος</span> <span class='ocrx_word' id='word_1_388' title='bbox 3012 2532 3160 2597; x_wconf 82' lang='grc' dir='ltr'>ἰδεῖν,</span> <span class='ocrx_word' id='word_1_389' title='bbox 3190 2532 3284 2585; x_wconf 78' lang='grc' dir='ltr'>καὶ</span> <span class='ocrx_word' id='word_1_390' title='bbox 3309 2531 3401 2584; x_wconf 77' lang='grc' dir='ltr'>τὸν</span> <span class='ocrx_word' id='word_1_391' title='bbox 3440 2532 3532 2587; x_wconf 92' lang='grc' dir='ltr'><strong>τοῦ</strong></span> <span class='ocrx_word' id='word_1_392' title='bbox 3561 2535 3761 2599; x_wconf 81' lang='grc' dir='ltr'>παντὸς</span> 
     </span>
    </p>
   </div>
   <div class='ocr_carea' id='block_1_56' title="bbox 2186 2620 3764 2693">
    <p class='ocr_par' dir='ltr' id='par_1_56' title="bbox 2186 2620 3764 2693">
     <span class='ocr_line' id='line_1_56' title="bbox 2186 2620 3764 2693; baseline 0.003 -19"><span class='ocrx_word' id='word_1_393' title='bbox 2186 2622 2391 2692; x_wconf 84' lang='grc' dir='ltr'>Κύριον</span> <span class='ocrx_word' id='word_1_394' title='bbox 2439 2621 2625 2674; x_wconf 80' lang='grc' dir='ltr'>αὐτόθι</span> <span class='ocrx_word' id='word_1_395' title='bbox 2682 2620 3085 2693; x_wconf 78' lang='grc' dir='ltr'>θεραπεύεσθαι</span> <span class='ocrx_word' id='word_1_396' title='bbox 3140 2622 3489 2693; x_wconf 80' lang='grc' dir='ltr'>τεταγμένον,</span> <span class='ocrx_word' id='word_1_397' title='bbox 3526 2624 3590 2677; x_wconf 78' lang='grc' dir='ltr'><strong>ἵν’</strong></span> <span class='ocrx_word' id='word_1_398' title='bbox 3622 2623 3764 2679; x_wconf 74' lang='grc' dir='ltr'>οὕτω</span> 
     </span>
    </p>
   </div>
   <div class='ocr_carea' id='block_1_57' title="bbox 2176 2708 3761 2783">
    <p class='ocr_par' dir='ltr' id='par_1_57' title="bbox 2176 2708 3761 2783">
     <span class='ocr_line' id='line_1_57' title="bbox 2176 2708 3761 2783; baseline 0.004 -22"><span class='ocrx_word' id='word_1_399' title='bbox 2176 2708 2284 2762; x_wconf 80' lang='grc' dir='ltr'>τῶν</span> <span class='ocrx_word' id='word_1_400' title='bbox 2313 2708 2777 2780; x_wconf 79' lang='grc' dir='ltr'>προσδοκωμένων</span> <span class='ocrx_word' id='word_1_401' title='bbox 2798 2710 2983 2772; x_wconf 88' lang='grc' dir='ltr'>αὐτοῖς</span> <span class='ocrx_word' id='word_1_402' title='bbox 3001 2709 3188 2764; x_wconf 81' lang='grc' dir='ltr'>κακῶν</span> <span class='ocrx_word' id='word_1_403' title='bbox 3211 2710 3428 2765; x_wconf 85' lang='grc' dir='ltr'>λάϐοιεν</span> <span class='ocrx_word' id='word_1_404' title='bbox 3459 2710 3560 2783; x_wconf 79' lang='grc' dir='ltr'>τὴν</span> <span class='ocrx_word' id='word_1_405' title='bbox 3587 2711 3761 2767; x_wconf 62' lang='grc' dir='ltr'>λύσιν</span> 
     </span>
    </p>
   </div>
   <div class='ocr_carea' id='block_1_58' title="bbox 2175 2798 3765 2875">
    <p class='ocr_par' dir='ltr' id='par_1_58' title="bbox 2175 2798 3765 2875">
     <span class='ocr_line' id='line_1_58' title="bbox 2175 2798 3765 2875; baseline 0.003 -23"><span class='ocrx_word' id='word_1_406' title='bbox 2175 2798 2333 2852; x_wconf 83' lang='grc' dir='ltr'>τοῦτο</span> <span class='ocrx_word' id='word_1_407' title='bbox 2360 2799 2469 2870; x_wconf 75' lang='grc' dir='ltr'><strong>γὰρ</strong></span> <span class='ocrx_word' id='word_1_408' title='bbox 2499 2799 2564 2870; x_wconf 78' lang='grc' dir='ltr'>δὴ</span> <span class='ocrx_word' id='word_1_409' title='bbox 2591 2800 2684 2853; x_wconf 71' lang='grc' dir='ltr'><strong>καὶ</strong></span> <span class='ocrx_word' id='word_1_410' title='bbox 2717 2801 3083 2872; x_wconf 83' lang='grc' dir='ltr'>προσγεγονὸς</span> <span class='ocrx_word' id='word_1_411' title='bbox 3130 2801 3223 2856; x_wconf 76' lang='grc' dir='ltr'><strong>ἐπὶ</strong></span> <span class='ocrx_word' id='word_1_412' title='bbox 3260 2803 3352 2857; x_wconf 91' lang='grc' dir='ltr'><strong>τοῦ</strong></span> <span class='ocrx_word' id='word_1_413' title='bbox 3393 2802 3765 2875; x_wconf 75' lang='grc' dir='ltr'>Σενναχηρεὶμ</span> 
     </span>
    </p>
   </div>
   <div class='ocr_carea' id='block_1_59' title="bbox 2189 2888 3763 2963">
    <p class='ocr_par' dir='ltr' id='par_1_59' title="bbox 2189 2888 3763 2963">
     <span class='ocr_line' id='line_1_59' title="bbox 2189 2888 3763 2963; baseline 0.004 -20"><span class='ocrx_word' id='word_1_414' title='bbox 2189 2888 2431 2954; x_wconf 77' lang='grc' dir='ltr'>Ἐζεκίου</span> <span class='ocrx_word' id='word_1_415' title='bbox 2476 2888 2850 2960; x_wconf 77' lang='grc' dir='ltr'>βασιλεύοντος</span> <span class='ocrx_word' id='word_1_416' title='bbox 2895 2892 2994 2962; x_wconf 79' lang='grc' dir='ltr'>τῆς</span> <span class='ocrx_word' id='word_1_417' title='bbox 3055 2891 3314 2956; x_wconf 74' lang='grc' dir='ltr'>Ἰουδαίας</span> <span class='ocrx_word' id='word_1_418' title='bbox 3347 2895 3459 2957; x_wconf 79' lang='grc' dir='ltr'>τοῖς</span> <span class='ocrx_word' id='word_1_419' title='bbox 3500 2892 3629 2963; x_wconf 80' lang='grc' dir='ltr'>περὶ</span> <span class='ocrx_word' id='word_1_420' title='bbox 3672 2894 3763 2950; x_wconf 71' lang='grc' dir='ltr'><strong>τὸν</strong></span> 
     </span>
    </p>
   </div>
   <div class='ocr_carea' id='block_1_60' title="bbox 493 2980 2073 3077">
    <p class='ocr_par' dir='ltr' id='par_1_60' title="bbox 493 2981 2073 3059">
     <span class='ocr_line' id='line_1_60' title="bbox 493 2981 2073 3059; baseline 0.007 -25"><span class='ocrx_word' id='word_1_421' title='bbox 493 2996 604 3035; x_wconf 92' lang='lat' dir='ltr'><strong>non</strong></span> <span class='ocrx_word' id='word_1_422' title='bbox 630 2981 729 3035; x_wconf 80' lang='lat' dir='ltr'><strong>fuit</strong></span> <span class='ocrx_word' id='word_1_423' title='bbox 761 2998 789 3035; x_wconf 89' lang='lat' dir='ltr'><strong>a</strong></span> <span class='ocrx_word' id='word_1_424' title='bbox 818 2982 1038 3047; x_wconf 69' lang='lat' dir='ltr'><strong>saeculo,</strong></span> <span class='ocrx_word' id='word_1_425' title='bbox 1068 2992 1121 3037; x_wconf 90' lang='lat' dir='ltr'><strong>et</strong></span> <span class='ocrx_word' id='word_1_426' title='bbox 1143 2993 1265 3054; x_wconf 90' lang='lat' dir='ltr'><strong>post</strong></span> <span class='ocrx_word' id='word_1_427' title='bbox 1298 3000 1421 3039; x_wconf 89' lang='lat' dir='ltr'><strong>eum</strong></span> <span class='ocrx_word' id='word_1_428' title='bbox 1448 3002 1555 3040; x_wconf 92' lang='lat' dir='ltr'><strong>non</strong></span> <span class='ocrx_word' id='word_1_429' title='bbox 1591 2985 1883 3056; x_wconf 87' lang='lat' dir='ltr'><strong>adjicietur</strong></span> <span class='ocrx_word' id='word_1_430' title='bbox 1903 3004 2073 3059; x_wconf 87' lang='lat' dir='ltr'><strong>usque</strong></span> 
     </span>
    </p>
   </div>
   <div class='ocr_carea' id='block_1_61' title="bbox 2174 2980 3764 3077">
    <p class='ocr_par' dir='ltr' id='par_1_61' title="bbox 2178 2980 3764 3057">
     <span class='ocr_line' id='line_1_61' title="bbox 2178 2980 3764 3057; baseline 0.004 -24"><span class='ocrx_word' id='word_1_431' title='bbox 2178 2982 2341 3034; x_wconf 84' lang='grc' dir='ltr'>τόπον</span> <span class='ocrx_word' id='word_1_432' title='bbox 2371 2984 2574 3035; x_wconf 78' lang='grc' dir='ltr'>ἐκεῖνον</span> <span class='ocrx_word' id='word_1_433' title='bbox 2602 2980 2864 3044; x_wconf 78' lang='grc' dir='ltr'>οἰκοῦσιν,</span> <span class='ocrx_word' id='word_1_434' title='bbox 2890 2982 3040 3055; x_wconf 78' lang='grc' dir='ltr'>εὖροι</span> <span class='ocrx_word' id='word_1_435' title='bbox 3070 3001 3154 3048; x_wconf 85' lang='grc' dir='ltr'><strong>τις</strong></span> <span class='ocrx_word' id='word_1_436' title='bbox 3181 2983 3247 3039; x_wconf 85' lang='grc' dir='ltr'>ἂν</span> <span class='ocrx_word' id='word_1_437' title='bbox 3277 2983 3576 3057; x_wconf 83' lang='grc' dir='ltr'>προδήλως.</span> <span class='ocrx_word' id='word_1_438' title='bbox 3614 3005 3633 3039; x_wconf 94' lang='lat'><strong>«</strong></span> <span class='ocrx_word' id='word_1_439' title='bbox 3675 2986 3764 3050; x_wconf 81' lang='grc' dir='ltr'>Ὠς</span> 
     </span>
    </p>
   </div>
   <div class='ocr_carea' id='block_1_62' title="bbox 493 3072 2066 3145">
    <p class='ocr_par' dir='ltr' id='par_1_62' title="bbox 493 3072 2066 3145">
     <span class='ocr_line' id='line_1_62' title="bbox 493 3072 2066 3145; baseline 0.004 -19"><span class='ocrx_word' id='word_1_440' title='bbox 493 3072 561 3126; x_wconf 87' lang='lat' dir='ltr'><strong>ad</strong></span> <span class='ocrx_word' id='word_1_441' title='bbox 581 3087 752 3127; x_wconf 85' lang='lat' dir='ltr'><strong>annos</strong></span> <span class='ocrx_word' id='word_1_442' title='bbox 778 3072 830 3127; x_wconf 91' lang='lat' dir='ltr'><strong>in</strong></span> <span class='ocrx_word' id='word_1_443' title='bbox 850 3073 1226 3144; x_wconf 76' lang='lat' dir='ltr'><strong>generationes</strong></span> <span class='ocrx_word' id='word_1_444' title='bbox 1250 3073 1681 3145; x_wconf 85' lang='lat' dir='ltr'><strong>generationum.</strong></span> <span class='ocrx_word' id='word_1_445' title='bbox 1697 3095 1715 3127; x_wconf 76' lang='grc' dir='ltr'><strong>ι</strong></span> <span class='ocrx_word' id='word_1_446' title='bbox 1751 3076 1860 3132; x_wconf 91' lang='lat' dir='ltr'><strong>Ceu</strong></span> <span class='ocrx_word' id='word_1_447' title='bbox 1885 3094 2066 3145; x_wconf 89' lang='lat' dir='ltr'><strong>mane,</strong></span> 
     </span>
    </p>
   </div>
   <div class='ocr_carea' id='block_1_63' title="bbox 493 3163 2071 3237">
    <p class='ocr_par' dir='ltr' id='par_1_63' title="bbox 493 3163 2071 3237">
     <span class='ocr_line' id='line_1_63' title="bbox 493 3163 2071 3237; baseline 0.006 -21"><span class='ocrx_word' id='word_1_448' title='bbox 493 3163 638 3234; x_wconf 89' lang='lat' dir='ltr'><strong>quod</strong></span> <span class='ocrx_word' id='word_1_449' title='bbox 673 3179 773 3219; x_wconf 88' lang='lat' dir='ltr'><strong>suo</strong></span> <span class='ocrx_word' id='word_1_450' title='bbox 822 3172 1069 3233; x_wconf 89' lang='lat' dir='ltr'><strong>tempore</strong></span> <span class='ocrx_word' id='word_1_451' title='bbox 1120 3165 1428 3221; x_wconf 81' lang='lat' dir='ltr'><strong>universam</strong></span> <span class='ocrx_word' id='word_1_452' title='bbox 1461 3175 1691 3237; x_wconf 84' lang='lat' dir='ltr'><strong>occupat</strong></span> <span class='ocrx_word' id='word_1_453' title='bbox 1723 3176 1946 3237; x_wconf 86' lang='lat' dir='ltr'><strong>terram,</strong></span> <span class='ocrx_word' id='word_1_454' title='bbox 1986 3170 2071 3226; x_wconf 80' lang='lat' dir='ltr'><strong>in-</strong></span> 
     </span>
    </p>
   </div>
   <div class='ocr_carea' id='block_1_64' title="bbox 492 3255 2067 3329">
    <p class='ocr_par' dir='ltr' id='par_1_64' title="bbox 492 3255 2067 3329">
     <span class='ocr_line' id='line_1_64' title="bbox 492 3255 2067 3329; baseline 0.003 -20"><span class='ocrx_word' id='word_1_455' title='bbox 492 3255 854 3311; x_wconf 85' lang='lat' dir='ltr'><strong>numerabilis</strong></span> <span class='ocrx_word' id='word_1_456' title='bbox 885 3255 1105 3325; x_wconf 88' lang='lat' dir='ltr'><strong>quidam</strong></span> <span class='ocrx_word' id='word_1_457' title='bbox 1152 3257 1390 3313; x_wconf 89' lang='lat' dir='ltr'><strong>hostium</strong></span> <span class='ocrx_word' id='word_1_458' title='bbox 1434 3259 1666 3329; x_wconf 89' lang='lat' dir='ltr'><strong>populus</strong></span> <span class='ocrx_word' id='word_1_459' title='bbox 1700 3261 2067 3328; x_wconf 80' lang='lat' dir='ltr'><strong>superveniet,</strong></span> 
     </span>
    </p>
   </div>
   <div class='ocr_carea' id='block_1_65' title="bbox 494 3350 2111 3421">
    <p class='ocr_par' dir='ltr' id='par_1_65' title="bbox 494 3350 2111 3421">
     <span class='ocr_line' id='line_1_65' title="bbox 494 3350 2111 3421; baseline 0.005 -21"><span class='ocrx_word' id='word_1_460' title='bbox 494 3361 697 3409; x_wconf 61' lang='lat' dir='ltr'><strong>omne:</strong></span> <span class='ocrx_word' id='word_1_461' title='bbox 730 3362 1005 3417; x_wconf 85' lang='lat' dir='ltr'><strong>occupans</strong></span> <span class='ocrx_word' id='word_1_462' title='bbox 1057 3357 1293 3413; x_wconf 88' lang='lat' dir='ltr'><strong>montes,</strong></span> <span class='ocrx_word' id='word_1_463' title='bbox 1346 3350 1431 3404; x_wconf 91' lang='lat' dir='ltr'><strong>cui</strong></span> <span class='ocrx_word' id='word_1_464' title='bbox 1486 3366 1670 3421; x_wconf 43' lang='lat' dir='ltr'><strong>ineque</strong></span> <span class='ocrx_word' id='word_1_465' title='bbox 1720 3351 1917 3408; x_wconf 88' lang='lat' dir='ltr'><strong>similis</strong></span> <span class='ocrx_word' id='word_1_466' title='bbox 1969 3352 2111 3408; x_wconf 53' lang='lat' dir='ltr'><strong>fuit&#39;</strong></span> 
     </span>
    </p>
   </div>
   <div class='ocr_carea' id='block_1_66' title="bbox 491 3436 2071 3509">
    <p class='ocr_par' dir='ltr' id='par_1_66' title="bbox 491 3436 2071 3509">
     <span class='ocr_line' id='line_1_66' title="bbox 491 3436 2071 3509; baseline 0.003 -19"><span class='ocrx_word' id='word_1_467' title='bbox 491 3442 677 3499; x_wconf 82' lang='lat' dir='ltr'><strong>antea,</strong></span> <span class='ocrx_word' id='word_1_468' title='bbox 723 3451 898 3506; x_wconf 88' lang='lat' dir='ltr'><strong>neque</strong></span> <span class='ocrx_word' id='word_1_469' title='bbox 924 3436 1078 3491; x_wconf 84' lang='lat' dir='ltr'><strong>facile</strong></span> <span class='ocrx_word' id='word_1_470' title='bbox 1106 3437 1212 3492; x_wconf 91' lang='lat' dir='ltr'><strong>erit</strong></span> <span class='ocrx_word' id='word_1_471' title='bbox 1243 3446 1455 3509; x_wconf 89' lang='lat' dir='ltr'><strong>postea.</strong></span> <span class='ocrx_word' id='word_1_472' title='bbox 1494 3457 1512 3490; x_wconf 95' lang='lat'><strong>«</strong></span> <span class='ocrx_word' id='word_1_473' title='bbox 1538 3439 1678 3495; x_wconf 87' lang='lat' dir='ltr'><strong>Ante</strong></span> <span class='ocrx_word' id='word_1_474' title='bbox 1718 3439 1911 3494; x_wconf 81' lang='lat' dir='ltr'><strong>faciem</strong></span> <span class='ocrx_word' id='word_1_475' title='bbox 1951 3440 2071 3509; x_wconf 84' lang='lat' dir='ltr'><strong>ejus</strong></span> 
     </span>
    </p>
   </div>
   <div class='ocr_carea' id='block_1_67' title="bbox 493 3524 2071 3601">
    <p class='ocr_par' dir='ltr' id='par_1_67' title="bbox 493 3524 2071 3601">
     <span class='ocr_line' id='line_1_67' title="bbox 493 3524 2071 3601; baseline 0.003 -21"><span class='ocrx_word' id='word_1_476' title='bbox 493 3528 636 3601; x_wconf 86' lang='lat' dir='ltr'><strong>ignis</strong></span> <span class='ocrx_word' id='word_1_477' title='bbox 664 3543 885 3593; x_wconf 85' lang='lat' dir='ltr'><strong>vorans,</strong></span> <span class='ocrx_word' id='word_1_478' title='bbox 919 3540 972 3584; x_wconf 88' lang='lat' dir='ltr'><strong>et</strong></span> <span class='ocrx_word' id='word_1_479' title='bbox 1001 3538 1124 3599; x_wconf 91' lang='lat' dir='ltr'><strong>post</strong></span> <span class='ocrx_word' id='word_1_480' title='bbox 1144 3524 1268 3585; x_wconf 78' lang='lat' dir='ltr'><strong>eum</strong></span> <span class='ocrx_word' id='word_1_481' title='bbox 1292 3546 1528 3588; x_wconf 85' lang='lat' dir='ltr'><strong>exurens</strong></span> <span class='ocrx_word' id='word_1_482' title='bbox 1554 3531 1791 3588; x_wconf 83' lang='lat' dir='ltr'><strong>ﬂamma.</strong></span> <span class='ocrx_word' id='word_1_483' title='bbox 1814 3552 1832 3584; x_wconf 73' lang='grc' dir='ltr'><strong>ι</strong></span> <span class='ocrx_word' id='word_1_484' title='bbox 1860 3533 2071 3587; x_wconf 87' lang='lat' dir='ltr'><strong>Cuncta</strong></span> 
     </span>
    </p>
   </div>
   <div class='ocr_carea' id='block_1_68' title="bbox 492 3619 2071 3697">
    <p class='ocr_par' dir='ltr' id='par_1_68' title="bbox 492 3619 2071 3697">
     <span class='ocr_line' id='line_1_68' title="bbox 492 3619 2071 3697; baseline 0.004 -25"><span class='ocrx_word' id='word_1_485' title='bbox 492 3619 549 3672; x_wconf 91' lang='lat' dir='ltr'><strong>in</strong></span> <span class='ocrx_word' id='word_1_486' title='bbox 587 3620 819 3674; x_wconf 87' lang='lat' dir='ltr'><strong>circuitu</strong></span> <span class='ocrx_word' id='word_1_487' title='bbox 844 3636 1072 3678; x_wconf 90' lang='lat' dir='ltr'><strong>ascensu</strong></span> <span class='ocrx_word' id='word_1_488' title='bbox 1094 3638 1194 3677; x_wconf 92' lang='lat' dir='ltr'><strong>suo</strong></span> <span class='ocrx_word' id='word_1_489' title='bbox 1210 3621 1475 3691; x_wconf 87' lang='lat' dir='ltr'><strong>destruet,</strong></span> <span class='ocrx_word' id='word_1_490' title='bbox 1508 3625 1653 3680; x_wconf 87' lang='lat' dir='ltr'><strong>velut</strong></span> <span class='ocrx_word' id='word_1_491' title='bbox 1683 3626 1842 3697; x_wconf 88' lang='lat' dir='ltr'><strong>ignis.</strong></span> <span class='ocrx_word' id='word_1_492' title='bbox 1873 3624 2071 3692; x_wconf 87' lang='lat' dir='ltr'><strong>«Quasi</strong></span> 
     </span>
    </p>
   </div>
   <div class='ocr_carea' id='block_1_69' title="bbox 495 3709 2074 3785">
    <p class='ocr_par' dir='ltr' id='par_1_69' title="bbox 495 3709 2074 3785">
     <span class='ocr_line' id='line_1_69' title="bbox 495 3709 2074 3785; baseline 0.004 -23"><span class='ocrx_word' id='word_1_493' title='bbox 495 3709 690 3766; x_wconf 81' lang='lat' dir='ltr'><strong>hortus</strong></span> <span class='ocrx_word' id='word_1_494' title='bbox 724 3711 1021 3780; x_wconf 88' lang='lat' dir='ltr'><strong>voluptatis</strong></span> <span class='ocrx_word' id='word_1_495' title='bbox 1054 3719 1201 3767; x_wconf 90' lang='lat' dir='ltr'><strong>terra</strong></span> <span class='ocrx_word' id='word_1_496' title='bbox 1224 3727 1410 3767; x_wconf 89' lang='lat' dir='ltr'><strong>coram</strong></span> <span class='ocrx_word' id='word_1_497' title='bbox 1438 3729 1527 3778; x_wconf 90' lang='lat' dir='ltr'><strong>eo,</strong></span> <span class='ocrx_word' id='word_1_498' title='bbox 1558 3722 1612 3769; x_wconf 93' lang='lat' dir='ltr'><strong>et</strong></span> <span class='ocrx_word' id='word_1_499' title='bbox 1634 3723 1756 3785; x_wconf 91' lang='lat' dir='ltr'><strong>post</strong></span> <span class='ocrx_word' id='word_1_500' title='bbox 1778 3730 1903 3770; x_wconf 91' lang='lat' dir='ltr'><strong>eum</strong></span> <span class='ocrx_word' id='word_1_501' title='bbox 1925 3730 2074 3770; x_wconf 88' lang='lat' dir='ltr'><strong>cam-</strong></span> 
     </span>
    </p>
   </div>
   <div class='ocr_carea' id='block_1_70' title="bbox 493 3801 2072 3872">
    <p class='ocr_par' dir='ltr' id='par_1_70' title="bbox 493 3801 2072 3872">
     <span class='ocr_line' id='line_1_70' title="bbox 493 3801 2072 3872; baseline 0.004 -17"><span class='ocrx_word' id='word_1_502' title='bbox 493 3817 598 3872; x_wconf 89' lang='lat' dir='ltr'><strong>pus</strong></span> <span class='ocrx_word' id='word_1_503' title='bbox 646 3801 992 3859; x_wconf 65' lang='lat' dir='ltr'><strong>desolatus.»</strong></span> <span class='ocrx_word' id='word_1_504' title='bbox 1058 3802 1208 3871; x_wconf 86' lang='lat' dir='ltr'><strong>Quos</strong></span> <span class='ocrx_word' id='word_1_505' title='bbox 1263 3806 1414 3861; x_wconf 91' lang='lat' dir='ltr'><strong>locos</strong></span> <span class='ocrx_word' id='word_1_506' title='bbox 1468 3806 1709 3861; x_wconf 87' lang='lat' dir='ltr'><strong>nondum</strong></span> <span class='ocrx_word' id='word_1_507' title='bbox 1755 3807 1977 3871; x_wconf 88' lang='lat' dir='ltr'><strong>invasit,</strong></span> <span class='ocrx_word' id='word_1_508' title='bbox 2034 3807 2072 3862; x_wconf 90' lang='lat' dir='ltr'><strong>ii</strong></span> 
     </span>
    </p>
   </div>
   <div class='ocr_carea' id='block_1_71' title="bbox 491 3892 2071 3961">
    <p class='ocr_par' dir='ltr' id='par_1_71' title="bbox 491 3892 2071 3961">
     <span class='ocr_line' id='line_1_71' title="bbox 491 3892 2071 3961; baseline 0.004 -16"><span class='ocrx_word' id='word_1_509' title='bbox 491 3892 745 3948; x_wconf 87' lang='lat' dir='ltr'><strong>videntur</strong></span> <span class='ocrx_word' id='word_1_510' title='bbox 794 3893 938 3949; x_wconf 87' lang='lat' dir='ltr'><strong>haud</strong></span> <span class='ocrx_word' id='word_1_511' title='bbox 995 3894 1157 3949; x_wconf 90' lang='lat' dir='ltr'><strong>horto</strong></span> <span class='ocrx_word' id='word_1_512' title='bbox 1211 3894 1545 3961; x_wconf 89' lang='lat' dir='ltr'><strong>dissimiles,</strong></span> <span class='ocrx_word' id='word_1_513' title='bbox 1602 3904 1717 3951; x_wconf 93' lang='lat' dir='ltr'><strong>tum</strong></span> <span class='ocrx_word' id='word_1_514' title='bbox 1766 3897 2071 3953; x_wconf 85' lang='lat' dir='ltr'><strong>incolarum</strong></span> 
     </span>
    </p>
   </div>
   <div class='ocr_carea' id='block_1_72' title="bbox 491 3984 2072 4056">
    <p class='ocr_par' dir='ltr' id='par_1_72' title="bbox 491 3984 2072 4056">
     <span class='ocr_line' id='line_1_72' title="bbox 491 3984 2072 4056; baseline 0.006 -20"><span class='ocrx_word' id='word_1_515' title='bbox 491 3984 865 4053; x_wconf 74' lang='lat' dir='ltr'><strong>multitudine,</strong></span> <span class='ocrx_word' id='word_1_516' title='bbox 907 3993 1021 4040; x_wconf 88' lang='lat' dir='ltr'><strong>tum</strong></span> <span class='ocrx_word' id='word_1_517' title='bbox 1064 3987 1335 4056; x_wconf 87' lang='lat' dir='ltr'><strong>elegantia</strong></span> <span class='ocrx_word' id='word_1_518' title='bbox 1371 3989 1756 4045; x_wconf 65' lang='lat' dir='ltr'><strong>mdiﬁciorum:</strong></span> <span class='ocrx_word' id='word_1_519' title='bbox 1801 3999 2072 4045; x_wconf 87' lang='lat' dir='ltr'><strong>verumta-</strong></span> 
     </span>
    </p>
   </div>
   <div class='ocr_carea' id='block_1_73' title="bbox 489 4079 2075 4148">
    <p class='ocr_par' dir='ltr' id='par_1_73' title="bbox 489 4079 2075 4148">
     <span class='ocr_line' id='line_1_73' title="bbox 489 4079 2075 4148; baseline 0.006 -18"><span class='ocrx_word' id='word_1_520' title='bbox 489 4091 613 4132; x_wconf 91' lang='lat' dir='ltr'><strong>men</strong></span> <span class='ocrx_word' id='word_1_521' title='bbox 647 4089 769 4148; x_wconf 90' lang='lat' dir='ltr'><strong>post</strong></span> <span class='ocrx_word' id='word_1_522' title='bbox 798 4079 942 4135; x_wconf 85' lang='lat' dir='ltr'><strong>illius</strong></span> <span class='ocrx_word' id='word_1_523' title='bbox 969 4081 1285 4144; x_wconf 82' lang='lat' dir='ltr'><strong>adventum,</strong></span> <span class='ocrx_word' id='word_1_524' title='bbox 1323 4090 1495 4136; x_wconf 80' lang='lat' dir='ltr'><strong>totam</strong></span> <span class='ocrx_word' id='word_1_525' title='bbox 1518 4081 1665 4136; x_wconf 87' lang='lat' dir='ltr'><strong>illam</strong></span> <span class='ocrx_word' id='word_1_526' title='bbox 1697 4084 1879 4139; x_wconf 88' lang='lat' dir='ltr'><strong>statim</strong></span> <span class='ocrx_word' id='word_1_527' title='bbox 1909 4098 2075 4139; x_wconf 70' lang='lat' dir='ltr'><strong>amoe-</strong></span> 
     </span>
    </p>
   </div>
   <div class='ocr_carea' id='block_1_74' title="bbox 488 4167 2071 4245">
    <p class='ocr_par' dir='ltr' id='par_1_74' title="bbox 488 4167 2071 4245">
     <span class='ocr_line' id='line_1_74' title="bbox 488 4167 2071 4245; baseline 0.004 -23"><span class='ocrx_word' id='word_1_528' title='bbox 488 4167 717 4224; x_wconf 87' lang='lat' dir='ltr'><strong>nitatem</strong></span> <span class='ocrx_word' id='word_1_529' title='bbox 745 4169 982 4226; x_wconf 90' lang='lat' dir='ltr'><strong>deletam</strong></span> <span class='ocrx_word' id='word_1_530' title='bbox 1016 4169 1203 4225; x_wconf 86' lang='lat' dir='ltr'><strong>videre</strong></span> <span class='ocrx_word' id='word_1_531' title='bbox 1231 4180 1337 4227; x_wconf 87' lang='lat' dir='ltr'><strong>est.</strong></span> <span class='ocrx_word' id='word_1_532' title='bbox 1380 4170 1605 4243; x_wconf 85' lang='lat' dir='ltr'><strong>«Neque</strong></span> <span class='ocrx_word' id='word_1_533' title='bbox 1643 4182 1729 4231; x_wconf 85' lang='lat' dir='ltr'><strong>est</strong></span> <span class='ocrx_word' id='word_1_534' title='bbox 1757 4176 1850 4245; x_wconf 92' lang='lat' dir='ltr'><strong>qui</strong></span> <span class='ocrx_word' id='word_1_535' title='bbox 1877 4174 1949 4230; x_wconf 91' lang='lat' dir='ltr'><strong>sit</strong></span> <span class='ocrx_word' id='word_1_536' title='bbox 1987 4177 2071 4229; x_wconf 87' lang='lat' dir='ltr'><strong>in-</strong></span> 
     </span>
    </p>
   </div>
   <div class='ocr_carea' id='block_1_75' title="bbox 489 4259 2071 4337">
    <p class='ocr_par' dir='ltr' id='par_1_75' title="bbox 489 4259 2071 4337">
     <span class='ocr_line' id='line_1_75' title="bbox 489 4259 2071 4337; baseline 0.006 -25"><span class='ocrx_word' id='word_1_537' title='bbox 489 4259 720 4315; x_wconf 87' lang='lat' dir='ltr'><strong>columis</strong></span> <span class='ocrx_word' id='word_1_538' title='bbox 760 4261 829 4315; x_wconf 86' lang='lat' dir='ltr'><strong>ab</strong></span> <span class='ocrx_word' id='word_1_539' title='bbox 865 4276 993 4319; x_wconf 66' lang='lat' dir='ltr'><strong>eo.»</strong></span> <span class='ocrx_word' id='word_1_540' title='bbox 1043 4260 1263 4319; x_wconf 82' lang='lat' dir='ltr'><strong>Dillicile</strong></span> <span class='ocrx_word' id='word_1_541' title='bbox 1286 4278 1416 4336; x_wconf 86' lang='lat' dir='ltr'><strong>ergo</strong></span> <span class='ocrx_word' id='word_1_542' title='bbox 1450 4274 1535 4322; x_wconf 85' lang='lat' dir='ltr'><strong>est</strong></span> <span class='ocrx_word' id='word_1_543' title='bbox 1564 4280 1891 4337; x_wconf 88' lang='lat' dir='ltr'><strong>quemquam</strong></span> <span class='ocrx_word' id='word_1_544' title='bbox 1923 4265 2071 4321; x_wconf 89' lang='lat' dir='ltr'><strong>illius</strong></span> 
     </span>
    </p>
   </div>
   <div class='ocr_carea' id='block_1_76' title="bbox 488 4346 1032 4421">
    <p class='ocr_par' dir='ltr' id='par_1_76' title="bbox 488 4346 1032 4421">
     <span class='ocr_line' id='line_1_76' title="bbox 488 4346 1032 4421; baseline 0.017 -22"><span class='ocrx_word' id='word_1_545' title='bbox 488 4346 749 4418; x_wconf 89' lang='lat' dir='ltr'><strong>impetum</strong></span> <span class='ocrx_word' id='word_1_546' title='bbox 772 4350 1032 4421; x_wconf 83' lang='lat' dir='ltr'><strong>ell‘ugere.</strong></span> 
     </span>
    </p>
   </div>
   <div class='ocr_carea' id='block_1_77' title="bbox 2178 3070 3758 3146">
    <p class='ocr_par' dir='ltr' id='par_1_77' title="bbox 2178 3070 3758 3146">
     <span class='ocr_line' id='line_1_77' title="bbox 2178 3070 3758 3146; baseline 0.004 -23"><span class='ocrx_word' id='word_1_547' title='bbox 2178 3070 2373 3141; x_wconf 81' lang='grc' dir='ltr'>ὄρθρος</span> <span class='ocrx_word' id='word_1_548' title='bbox 2404 3071 2696 3143; x_wconf 84' lang='grc' dir='ltr'>χυθήσεται</span> <span class='ocrx_word' id='word_1_549' title='bbox 2720 3072 2811 3124; x_wconf 78' lang='grc' dir='ltr'><strong>ἐπὶ</strong></span> <span class='ocrx_word' id='word_1_550' title='bbox 2837 3072 2906 3125; x_wconf 81' lang='grc' dir='ltr'>τὰ</span> <span class='ocrx_word' id='word_1_551' title='bbox 2930 3072 3030 3143; x_wconf 87' lang='grc' dir='ltr'><strong>ὄρη</strong></span> <span class='ocrx_word' id='word_1_552' title='bbox 3057 3072 3185 3136; x_wconf 77' lang='grc' dir='ltr'>λαὸς</span> <span class='ocrx_word' id='word_1_553' title='bbox 3211 3073 3377 3138; x_wconf 83' lang='grc' dir='ltr'>πολὺς</span> <span class='ocrx_word' id='word_1_554' title='bbox 3407 3074 3499 3127; x_wconf 74' lang='grc' dir='ltr'>καὶ</span> <span class='ocrx_word' id='word_1_555' title='bbox 3523 3074 3758 3146; x_wconf 59' lang='grc' dir='ltr'>ἰσχυρός</span> 
     </span>
    </p>
   </div>
   <div class='ocr_carea' id='block_1_78' title="bbox 2172 3162 3851 3236">
    <p class='ocr_par' dir='ltr' id='par_1_78' title="bbox 2172 3162 3851 3236">
     <span class='ocr_line' id='line_1_78' title="bbox 2172 3162 3851 3236; baseline 0.002 -19"><span class='ocrx_word' id='word_1_556' title='bbox 2172 3164 2353 3234; x_wconf 82' lang='grc' dir='ltr'>ὅμοιος</span> <span class='ocrx_word' id='word_1_557' title='bbox 2386 3162 2535 3235; x_wconf 84' lang='grc' dir='ltr'>αὐτῷ</span> <span class='ocrx_word' id='word_1_558' title='bbox 2582 3165 2643 3216; x_wconf 86' lang='grc' dir='ltr'><strong>οὐ</strong></span> <span class='ocrx_word' id='word_1_559' title='bbox 2693 3165 2917 3234; x_wconf 84' lang='grc' dir='ltr'>γέγονεν</span> <span class='ocrx_word' id='word_1_560' title='bbox 2957 3164 3064 3219; x_wconf 82' lang='grc' dir='ltr'><strong>ἀπὸ</strong></span> <span class='ocrx_word' id='word_1_561' title='bbox 3092 3164 3185 3218; x_wconf 85' lang='grc' dir='ltr'><strong>τοῦ</strong></span> <span class='ocrx_word' id='word_1_562' title='bbox 3235 3164 3450 3230; x_wconf 85' lang='grc' dir='ltr'>αίῶνος·</span> <span class='ocrx_word' id='word_1_563' title='bbox 3488 3167 3583 3221; x_wconf 74' lang='grc' dir='ltr'>καὶ</span> <span class='ocrx_word' id='word_1_564' title='bbox 3636 3167 3756 3236; x_wconf 85' lang='grc' dir='ltr'>μετ’</span> <span class='ocrx_word' id='word_1_565' title='bbox 3834 3210 3851 3215; x_wconf 54' lang='grc' dir='ltr'><em>ι</em></span> 
     </span>
    </p>
   </div>
   <div class='ocr_carea' id='block_1_79' title="bbox 2172 3254 3756 3327">
    <p class='ocr_par' dir='ltr' id='par_1_79' title="bbox 2172 3254 3756 3327">
     <span class='ocr_line' id='line_1_79' title="bbox 2172 3254 3756 3327; baseline 0.002 -20"><span class='ocrx_word' id='word_1_566' title='bbox 2172 3255 2329 3309; x_wconf 79' lang='grc' dir='ltr'>αὐτὸν</span> <span class='ocrx_word' id='word_1_567' title='bbox 2356 3255 2415 3308; x_wconf 92' lang='grc' dir='ltr'><strong>οὐ</strong></span> <span class='ocrx_word' id='word_1_568' title='bbox 2441 3254 2890 3327; x_wconf 78' lang='grc' dir='ltr'>προστεθήσεται,</span> <span class='ocrx_word' id='word_1_569' title='bbox 2904 3254 3008 3320; x_wconf 71' lang='grc' dir='ltr'>ἕως</span> <span class='ocrx_word' id='word_1_570' title='bbox 3028 3255 3162 3310; x_wconf 78' lang='grc' dir='ltr'>ἐτῶν</span> <span class='ocrx_word' id='word_1_571' title='bbox 3180 3258 3259 3320; x_wconf 82' lang='grc' dir='ltr'><strong>εἰς</strong></span> <span class='ocrx_word' id='word_1_572' title='bbox 3279 3256 3473 3326; x_wconf 81' lang='grc' dir='ltr'>γενεὰς</span> <span class='ocrx_word' id='word_1_573' title='bbox 3492 3258 3721 3327; x_wconf 85' lang='grc' dir='ltr'>γενεῶν.</span> <span class='ocrx_word' id='word_1_574' title='bbox 3736 3275 3756 3310; x_wconf 73' lang='grc' dir='ltr'><strong>ι</strong></span> 
     </span>
    </p>
   </div>
   <div class='ocr_carea' id='block_1_80' title="bbox 2175 3346 3757 3419">
    <p class='ocr_par' dir='ltr' id='par_1_80' title="bbox 2175 3346 3757 3419">
     <span class='ocr_line' id='line_1_80' title="bbox 2175 3346 3757 3419; baseline 0.002 -19"><span class='ocrx_word' id='word_1_575' title='bbox 2175 3351 2191 3416; x_wconf 94' lang='grc'><strong>(</strong></span> <span class='ocrx_word' id='word_1_576' title='bbox 2211 3363 2263 3418; x_wconf 90' lang='lat' dir='ltr'><strong>p.</strong></span> <span class='ocrx_word' id='word_1_577' title='bbox 2298 3347 2413 3417; x_wconf 56' lang='lat' dir='ltr'><strong>lli)</strong></span> <span class='ocrx_word' id='word_1_578' title='bbox 2445 3348 2608 3418; x_wconf 83' lang='grc' dir='ltr'>Δίκην</span> <span class='ocrx_word' id='word_1_579' title='bbox 2641 3347 2749 3418; x_wconf 71' lang='grc' dir='ltr'><strong>γὰρ</strong></span> <span class='ocrx_word' id='word_1_580' title='bbox 2782 3346 2977 3419; x_wconf 78' lang='grc' dir='ltr'>ὄρθρου</span> <span class='ocrx_word' id='word_1_581' title='bbox 3006 3348 3147 3402; x_wconf 73' lang='grc' dir='ltr'>κατὰ</span> <span class='ocrx_word' id='word_1_582' title='bbox 3192 3347 3281 3401; x_wconf 79' lang='grc' dir='ltr'>τὸν</span> <span class='ocrx_word' id='word_1_583' title='bbox 3323 3350 3522 3403; x_wconf 85' lang='grc' dir='ltr'>οίκείον</span> <span class='ocrx_word' id='word_1_584' title='bbox 3564 3349 3757 3419; x_wconf 70' lang='grc' dir='ltr'>καιρὸν</span> 
     </span>
    </p>
   </div>
   <div class='ocr_carea' id='block_1_81' title="bbox 2173 3437 3765 3512">
    <p class='ocr_par' dir='ltr' id='par_1_81' title="bbox 2173 3437 3765 3512">
     <span class='ocr_line' id='line_1_81' title="bbox 2173 3437 3765 3512; baseline 0 -19"><span class='ocrx_word' id='word_1_585' title='bbox 2173 3439 2387 3493; x_wconf 75' lang='grc' dir='ltr'>ἃπασαν</span> <span class='ocrx_word' id='word_1_586' title='bbox 2420 3439 2805 3511; x_wconf 82' lang='grc' dir='ltr'>πληρώσαντος</span> <span class='ocrx_word' id='word_1_587' title='bbox 2837 3439 2934 3510; x_wconf 75' lang='grc' dir='ltr'>τὴν</span> <span class='ocrx_word' id='word_1_588' title='bbox 2964 3440 3103 3510; x_wconf 78' lang='grc' dir='ltr'>γῆν,</span> <span class='ocrx_word' id='word_1_589' title='bbox 3143 3437 3513 3512; x_wconf 84' lang='grc' dir='ltr'>ἀναρίθμητός</span> <span class='ocrx_word' id='word_1_590' title='bbox 3546 3457 3629 3505; x_wconf 89' lang='grc' dir='ltr'><strong>τις</strong></span> <span class='ocrx_word' id='word_1_591' title='bbox 3672 3440 3765 3494; x_wconf 72' lang='grc' dir='ltr'><strong>ὲπο</strong></span> 
     </span>
    </p>
   </div>
   <div class='ocr_carea' id='block_1_82' title="bbox 2173 3529 3760 3605">
    <p class='ocr_par' dir='ltr' id='par_1_82' title="bbox 2173 3529 3760 3605">
     <span class='ocr_line' id='line_1_82' title="bbox 2173 3529 3760 3605; baseline 0.002 -22"><span class='ocrx_word' id='word_1_592' title='bbox 2173 3531 2449 3585; x_wconf 81' lang='grc' dir='ltr'>ελεύσεται</span> <span class='ocrx_word' id='word_1_593' title='bbox 2471 3529 2597 3594; x_wconf 70' lang='grc' dir='ltr'>λαὸς</span> <span class='ocrx_word' id='word_1_594' title='bbox 2619 3529 2728 3582; x_wconf 77' lang='grc' dir='ltr'>τῶν</span> <span class='ocrx_word' id='word_1_595' title='bbox 2756 3529 3028 3600; x_wconf 81' lang='grc' dir='ltr'>πολεμίων</span> <span class='ocrx_word' id='word_1_596' title='bbox 3058 3531 3273 3585; x_wconf 76' lang='grc' dir='ltr'>ἅπαντα</span> <span class='ocrx_word' id='word_1_597' title='bbox 3293 3530 3515 3603; x_wconf 82' lang='grc' dir='ltr'>πληρῶν</span> <span class='ocrx_word' id='word_1_598' title='bbox 3539 3531 3607 3586; x_wconf 78' lang='grc' dir='ltr'><strong>τὰ</strong></span> <span class='ocrx_word' id='word_1_599' title='bbox 3636 3531 3760 3605; x_wconf 83' lang='grc' dir='ltr'>ὄρη,</span> 
     </span>
    </p>
   </div>
   <div class='ocr_carea' id='block_1_83' title="bbox 2172 3615 3763 3695">
    <p class='ocr_par' dir='ltr' id='par_1_83' title="bbox 2172 3615 3763 3695">
     <span class='ocr_line' id='line_1_83' title="bbox 2172 3615 3763 3695; baseline 0.003 -22"><span class='ocrx_word' id='word_1_600' title='bbox 2172 3615 2216 3690; x_wconf 80' lang='grc' dir='ltr'>ᾧ</span> <span class='ocrx_word' id='word_1_601' title='bbox 2263 3622 2397 3693; x_wconf 82' lang='grc' dir='ltr'>μήτε</span> <span class='ocrx_word' id='word_1_602' title='bbox 2443 3622 2630 3690; x_wconf 88' lang='grc' dir='ltr'>γέγονε</span> <span class='ocrx_word' id='word_1_603' title='bbox 2678 3620 3054 3693; x_wconf 75' lang='grc' dir='ltr'>παραπλήσιος</span> <span class='ocrx_word' id='word_1_604' title='bbox 3106 3622 3407 3695; x_wconf 85' lang='grc' dir='ltr'>πρότερον,</span> <span class='ocrx_word' id='word_1_605' title='bbox 3479 3622 3593 3677; x_wconf 84' lang='grc' dir='ltr'>ἀλλ’</span> <span class='ocrx_word' id='word_1_606' title='bbox 3640 3623 3763 3677; x_wconf 75' lang='grc' dir='ltr'>οὐδὲ</span> 
     </span>
    </p>
   </div>
   <div class='ocr_carea' id='block_1_84' title="bbox 2174 3712 3773 3787">
    <p class='ocr_par' dir='ltr' id='par_1_84' title="bbox 2174 3712 3773 3787">
     <span class='ocr_line' id='line_1_84' title="bbox 2174 3712 3773 3787; baseline 0 -19"><span class='ocrx_word' id='word_1_607' title='bbox 2174 3715 2326 3768; x_wconf 76' lang='grc' dir='ltr'>ἔσται</span> <span class='ocrx_word' id='word_1_608' title='bbox 2354 3712 2568 3786; x_wconf 75' lang='grc' dir='ltr'>ῥᾳδίως.</span> <span class='ocrx_word' id='word_1_609' title='bbox 2607 3733 2625 3765; x_wconf 92' lang='lat'><strong>«</strong></span> <span class='ocrx_word' id='word_1_610' title='bbox 2668 3712 2747 3765; x_wconf 85' lang='grc' dir='ltr'><strong>Τὰ</strong></span> <span class='ocrx_word' id='word_1_611' title='bbox 2775 3712 3081 3785; x_wconf 73' lang='grc' dir='ltr'>ἔμπροσθεν</span> <span class='ocrx_word' id='word_1_612' title='bbox 3107 3713 3271 3768; x_wconf 85' lang='grc' dir='ltr'>αὐτοῦ</span> <span class='ocrx_word' id='word_1_613' title='bbox 3296 3714 3417 3787; x_wconf 81' lang='grc' dir='ltr'>’πῦρ</span> <span class='ocrx_word' id='word_1_614' title='bbox 3447 3715 3773 3780; x_wconf 77' lang='grc' dir='ltr'>ὰναλίσκον,”</span> 
     </span>
    </p>
   </div>
   <div class='ocr_carea' id='block_1_85' title="bbox 2175 3802 3763 3877">
    <p class='ocr_par' dir='ltr' id='par_1_85' title="bbox 2175 3802 3763 3877">
     <span class='ocr_line' id='line_1_85' title="bbox 2175 3802 3763 3877; baseline 0.001 -17"><span class='ocrx_word' id='word_1_615' title='bbox 2175 3805 2369 3860; x_wconf 78' lang='grc' dir='ltr'>καὶτὰ</span> <span class='ocrx_word' id='word_1_616' title='bbox 2412 3805 2589 3858; x_wconf 81' lang='grc' dir='ltr'>ὀπίσω</span> <span class='ocrx_word' id='word_1_617' title='bbox 2623 3802 2791 3857; x_wconf 86' lang='grc' dir='ltr'>αὐτοῦ</span> <span class='ocrx_word' id='word_1_618' title='bbox 2836 3805 3184 3877; x_wconf 81' lang='grc' dir='ltr'>ἀναπτομένη</span> <span class='ocrx_word' id='word_1_619' title='bbox 3232 3805 3382 3876; x_wconf 80' lang='grc' dir='ltr'>φλόξ.</span> <span class='ocrx_word' id='word_1_620' title='bbox 3448 3825 3465 3857; x_wconf 78' lang='grc' dir='ltr'><strong>ι</strong></span> <span class='ocrx_word' id='word_1_621' title='bbox 3508 3807 3763 3861; x_wconf 74' lang='grc' dir='ltr'>’Ἅπαντα</span> 
     </span>
    </p>
   </div>
   <div class='ocr_carea' id='block_1_86' title="bbox 2175 3894 3760 3964">
    <p class='ocr_par' dir='ltr' id='par_1_86' title="bbox 2175 3894 3760 3964">
     <span class='ocr_line' id='line_1_86' title="bbox 2175 3894 3760 3964; baseline -0.001 -15"><span class='ocrx_word' id='word_1_622' title='bbox 2175 3895 2435 3950; x_wconf 86' lang='grc' dir='ltr'>κυκλόθεν</span> <span class='ocrx_word' id='word_1_623' title='bbox 2465 3895 2552 3947; x_wconf 76' lang='grc' dir='ltr'><strong>διὰ</strong></span> <span class='ocrx_word' id='word_1_624' title='bbox 2589 3895 2689 3964; x_wconf 74' lang='grc' dir='ltr'>τῆς</span> <span class='ocrx_word' id='word_1_625' title='bbox 2732 3894 2941 3957; x_wconf 73' lang='grc' dir='ltr'>οἰκείας</span> <span class='ocrx_word' id='word_1_626' title='bbox 2973 3894 3281 3958; x_wconf 80' lang='grc' dir='ltr'>ὲπιϐάσεως</span> <span class='ocrx_word' id='word_1_627' title='bbox 3313 3895 3565 3964; x_wconf 84' lang='grc' dir='ltr'>ἀφανιεί,</span> <span class='ocrx_word' id='word_1_628' title='bbox 3597 3894 3760 3963; x_wconf 85' lang='grc' dir='ltr'>δίκην</span> 
     </span>
    </p>
   </div>
   <div class='ocr_carea' id='block_1_87' title="bbox 2176 3981 3763 4060">
    <p class='ocr_par' dir='ltr' id='par_1_87' title="bbox 2176 3981 3763 4060">
     <span class='ocr_line' id='line_1_87' title="bbox 2176 3981 3763 4060; baseline -0.003 -20"><span class='ocrx_word' id='word_1_629' title='bbox 2176 3986 2365 4060; x_wconf 85' lang='grc' dir='ltr'>πυρός.</span> <span class='ocrx_word' id='word_1_630' title='bbox 2404 4005 2423 4038; x_wconf 93' lang='lat'><strong>«</strong></span> <span class='ocrx_word' id='word_1_631' title='bbox 2475 3984 2565 4048; x_wconf 81' lang='grc' dir='ltr'>Ὦς</span> <span class='ocrx_word' id='word_1_632' title='bbox 2610 3985 2935 4056; x_wconf 79' lang='grc' dir='ltr'>παράδεισος</span> <span class='ocrx_word' id='word_1_633' title='bbox 2984 3983 3196 4055; x_wconf 81' lang='grc' dir='ltr'>τρυφῆς</span> <span class='ocrx_word' id='word_1_634' title='bbox 3242 3985 3277 4054; x_wconf 81' lang='grc' dir='ltr'><strong>ἡ</strong></span> <span class='ocrx_word' id='word_1_635' title='bbox 3329 3983 3401 4053; x_wconf 81' lang='grc' dir='ltr'>γῆ</span> <span class='ocrx_word' id='word_1_636' title='bbox 3450 3981 3763 4054; x_wconf 73' lang='grc' dir='ltr'>ἔμπροσθεν</span> 
     </span>
    </p>
   </div>
   <div class='ocr_carea' id='block_1_88' title="bbox 2175 4073 3758 4145">
    <p class='ocr_par' dir='ltr' id='par_1_88' title="bbox 2175 4073 3758 4145">
     <span class='ocr_line' id='line_1_88' title="bbox 2175 4073 3758 4145; baseline -0.004 -11"><span class='ocrx_word' id='word_1_637' title='bbox 2175 4077 2361 4143; x_wconf 83' lang='grc' dir='ltr'>αὐτοῦ,</span> <span class='ocrx_word' id='word_1_638' title='bbox 2392 4079 2486 4132; x_wconf 70' lang='grc' dir='ltr'>καὶ</span> <span class='ocrx_word' id='word_1_639' title='bbox 2511 4077 2579 4131; x_wconf 80' lang='grc' dir='ltr'>τὰ</span> <span class='ocrx_word' id='word_1_640' title='bbox 2603 4076 2778 4131; x_wconf 83' lang='grc' dir='ltr'>ὀπίσω</span> <span class='ocrx_word' id='word_1_641' title='bbox 2810 4074 2975 4129; x_wconf 84' lang='grc' dir='ltr'>αὐτοῦ</span> <span class='ocrx_word' id='word_1_642' title='bbox 3008 4075 3189 4129; x_wconf 88' lang='grc' dir='ltr'>πεδίον</span> <span class='ocrx_word' id='word_1_643' title='bbox 3217 4073 3550 4145; x_wconf 78' lang='grc' dir='ltr'>ἀφανισμοῦ.</span> <span class='ocrx_word' id='word_1_644' title='bbox 3583 4093 3600 4125; x_wconf 75' lang='grc' dir='ltr'><strong>ι</strong></span> <span class='ocrx_word' id='word_1_645' title='bbox 3645 4074 3758 4138; x_wconf 74' lang='grc' dir='ltr'><strong>Οὓς</strong></span> 
     </span>
    </p>
   </div>
   <div class='ocr_carea' id='block_1_89' title="bbox 2180 4165 3766 4242">
    <p class='ocr_par' dir='ltr' id='par_1_89' title="bbox 2180 4165 3766 4242">
     <span class='ocr_line' id='line_1_89' title="bbox 2180 4165 3766 4242; baseline -0.002 -18"><span class='ocrx_word' id='word_1_646' title='bbox 2180 4171 2275 4242; x_wconf 78' lang='grc' dir='ltr'>μὲν</span> <span class='ocrx_word' id='word_1_647' title='bbox 2303 4169 2411 4241; x_wconf 75' lang='grc' dir='ltr'><strong>γὰρ</strong></span> <span class='ocrx_word' id='word_1_648' title='bbox 2438 4167 2590 4222; x_wconf 80' lang='grc' dir='ltr'><strong>οόπω</strong></span> <span class='ocrx_word' id='word_1_649' title='bbox 2623 4169 2820 4233; x_wconf 87' lang='grc' dir='ltr'>τόπους</span> <span class='ocrx_word' id='word_1_650' title='bbox 2850 4166 3203 4239; x_wconf 79' lang='grc' dir='ltr'>ἐπελήλυθεν,</span> <span class='ocrx_word' id='word_1_651' title='bbox 3239 4167 3337 4221; x_wconf 77' lang='grc' dir='ltr'>ἴδοι</span> <span class='ocrx_word' id='word_1_652' title='bbox 3362 4184 3445 4231; x_wconf 89' lang='grc' dir='ltr'><strong>τις</strong></span> <span class='ocrx_word' id='word_1_653' title='bbox 3477 4165 3543 4220; x_wconf 77' lang='grc' dir='ltr'>ἂν</span> <span class='ocrx_word' id='word_1_654' title='bbox 3572 4183 3766 4239; x_wconf 84' lang='grc' dir='ltr'>παρα-</span> 
     </span>
    </p>
   </div>
   <div class='ocr_carea' id='block_1_90' title="bbox 2173 4257 3756 4334">
    <p class='ocr_par' dir='ltr' id='par_1_90' title="bbox 2173 4257 3756 4334">
     <span class='ocr_line' id='line_1_90' title="bbox 2173 4257 3756 4334; baseline -0.003 -15"><span class='ocrx_word' id='word_1_655' title='bbox 2173 4265 2349 4319; x_wconf 78' lang='grc' dir='ltr'>δείσου</span> <span class='ocrx_word' id='word_1_656' title='bbox 2392 4262 2557 4334; x_wconf 81' lang='grc' dir='ltr'>μηδὲν</span> <span class='ocrx_word' id='word_1_657' title='bbox 2598 4261 2943 4326; x_wconf 85' lang='grc' dir='ltr'>ἀπεοικότας,</span> <span class='ocrx_word' id='word_1_658' title='bbox 2980 4259 3057 4329; x_wconf 80' lang='grc' dir='ltr'>τῷ</span> <span class='ocrx_word' id='word_1_659' title='bbox 3083 4276 3144 4313; x_wconf 90' lang='grc' dir='ltr'><strong>τε</strong></span> <span class='ocrx_word' id='word_1_660' title='bbox 3181 4257 3375 4330; x_wconf 77' lang='grc' dir='ltr'>πλήθει</span> <span class='ocrx_word' id='word_1_661' title='bbox 3404 4257 3512 4313; x_wconf 85' lang='grc' dir='ltr'><strong>τῶν</strong></span> <span class='ocrx_word' id='word_1_662' title='bbox 3540 4258 3756 4314; x_wconf 82' lang='grc' dir='ltr'>οίκούν-</span> 
     </span>
    </p>
   </div>
   <div class='ocr_carea' id='block_1_91' title="bbox 2103 4352 3749 4428">
    <p class='ocr_par' dir='ltr' id='par_1_91' title="bbox 2103 4352 3749 4428">
     <span class='ocr_line' id='line_1_91' title="bbox 2103 4352 3749 4428; baseline -0.002 -19"><span class='ocrx_word' id='word_1_663' title='bbox 2103 4354 2146 4409; x_wconf 85' lang='lat' dir='ltr'><strong>D</strong></span> <span class='ocrx_word' id='word_1_664' title='bbox 2173 4374 2300 4423; x_wconf 92' lang='grc' dir='ltr'>των,</span> <span class='ocrx_word' id='word_1_665' title='bbox 2328 4358 2424 4412; x_wconf 77' lang='grc' dir='ltr'>καὶ</span> <span class='ocrx_word' id='word_1_666' title='bbox 2445 4355 2524 4428; x_wconf 82' lang='grc' dir='ltr'><strong>τῷ</strong></span> <span class='ocrx_word' id='word_1_667' title='bbox 2555 4354 2663 4409; x_wconf 84' lang='grc' dir='ltr'><strong>τῶν</strong></span> <span class='ocrx_word' id='word_1_668' title='bbox 2701 4353 3150 4425; x_wconf 76' lang='grc' dir='ltr'>οἰκοδομημάτων</span> <span class='ocrx_word' id='word_1_669' title='bbox 3189 4352 3395 4407; x_wconf 88' lang='grc' dir='ltr'>κάλλει·</span> <span class='ocrx_word' id='word_1_670' title='bbox 3428 4368 3749 4424; x_wconf 76' lang='grc' dir='ltr'>παραγεγο-</span> 
     </span>
    </p>
   </div>
   <div class='ocr_carea' id='block_1_92' title="bbox 485 4436 3758 4523">
    <p class='ocr_par' dir='ltr' id='par_1_92' title="bbox 485 4436 3758 4523">
     <span class='ocr_line' id='line_1_92' title="bbox 485 4436 3758 4523; baseline -0.001 -21"><span class='ocrx_word' id='word_1_671' title='bbox 485 4436 636 4502; x_wconf 80' lang='grc' dir='ltr'>νότος</span> <span class='ocrx_word' id='word_1_672' title='bbox 663 4439 739 4498; x_wconf 79' lang='grc' dir='ltr'>δὲ.</span> <span class='ocrx_word' id='word_1_673' title='bbox 768 4442 960 4514; x_wconf 83' lang='grc' dir='ltr'>ἀθρόον</span> <span class='ocrx_word' id='word_1_674' title='bbox 990 4442 1206 4501; x_wconf 74' lang='grc' dir='ltr'>ἃπασαν</span> <span class='ocrx_word' id='word_1_675' title='bbox 1246 4447 1461 4521; x_wconf 76' lang='grc' dir='ltr'>ἐκείνην</span> <span class='ocrx_word' id='word_1_676' title='bbox 1489 4449 1890 4523; x_wconf 81' lang='grc' dir='ltr'>ἀφανιζομένην</span> <span class='ocrx_word' id='word_1_677' title='bbox 1915 4451 2061 4506; x_wconf 78' lang='grc' dir='ltr'>ἐστιν</span> <span class='ocrx_word' id='word_1_678' title='bbox 2089 4452 2216 4505; x_wconf 83' lang='grc' dir='ltr'>ἰδεῖν</span> <span class='ocrx_word' id='word_1_679' title='bbox 2236 4437 2720 4523; x_wconf 76' lang='grc' dir='ltr'>τὴνέὐπρέπειαν.</span> <span class='ocrx_word' id='word_1_680' title='bbox 2781 4466 2800 4501; x_wconf 96' lang='lat'><strong>«</strong></span> <span class='ocrx_word' id='word_1_681' title='bbox 2841 4447 2951 4503; x_wconf 74' lang='grc' dir='ltr'><strong>Καὶ</strong></span> <span class='ocrx_word' id='word_1_682' title='bbox 2995 4446 3406 4518; x_wconf 78' lang='grc' dir='ltr'>ἁνασωζόμενος</span> <span class='ocrx_word' id='word_1_683' title='bbox 3452 4447 3555 4500; x_wconf 89' lang='grc' dir='ltr'><strong>οὐκ</strong></span> <span class='ocrx_word' id='word_1_684' title='bbox 3606 4445 3758 4499; x_wconf 77' lang='grc' dir='ltr'>ἐστιν</span> 
     </span>
    </p>
   </div>
   <div class='ocr_carea' id='block_1_93' title="bbox 485 4531 3417 4616">
    <p class='ocr_par' dir='ltr' id='par_1_93' title="bbox 485 4531 3417 4616">
     <span class='ocr_line' id='line_1_93' title="bbox 485 4531 3417 4616; baseline 0.005 -32"><span class='ocrx_word' id='word_1_685' title='bbox 485 4532 573 4585; x_wconf 77' lang='grc' dir='ltr'><strong>ἐπ’</strong></span> <span class='ocrx_word' id='word_1_686' title='bbox 595 4531 779 4586; x_wconf 88' lang='grc' dir='ltr'>αὐτοῦ.</span> <span class='ocrx_word' id='word_1_687' title='bbox 804 4554 822 4583; x_wconf 71' lang='grc' dir='ltr'><strong>ι</strong></span> <span class='ocrx_word' id='word_1_688' title='bbox 855 4535 1101 4592; x_wconf 85' lang='grc' dir='ltr'>Χαλεπόν</span> <span class='ocrx_word' id='word_1_689' title='bbox 1126 4537 1177 4607; x_wconf 82' lang='grc' dir='ltr'>γ’</span> <span class='ocrx_word' id='word_1_690' title='bbox 1205 4534 1298 4593; x_wconf 78' lang='grc' dir='ltr'>οὖν</span> <span class='ocrx_word' id='word_1_691' title='bbox 1337 4559 1438 4596; x_wconf 88' lang='grc' dir='ltr'>τινι</span> <span class='ocrx_word' id='word_1_692' title='bbox 1465 4540 1746 4613; x_wconf 82' lang='grc' dir='ltr'>διαφυγεῖν</span> <span class='ocrx_word' id='word_1_693' title='bbox 1771 4544 1869 4616; x_wconf 86' lang='grc' dir='ltr'>τὴν</span> <span class='ocrx_word' id='word_1_694' title='bbox 1891 4543 2069 4615; x_wconf 80' lang='grc' dir='ltr'>ὁρμὴν</span> <span class='ocrx_word' id='word_1_695' title='bbox 2089 4540 2186 4613; x_wconf 81' lang='grc' dir='ltr'>τὴν</span> <span class='ocrx_word' id='word_1_696' title='bbox 2223 4541 2456 4609; x_wconf 74' lang='grc' dir='ltr'>ἐκείνου.</span> <span class='ocrx_word' id='word_1_697' title='bbox 3401 4545 3417 4560; x_wconf 86' lang='grc'><strong>“</strong></span> 
     </span>
    </p>
   </div>
   <div class='ocr_carea' id='block_1_94' title="bbox 557 4621 2068 4707">
    <p class='ocr_par' dir='ltr' id='par_1_94' title="bbox 557 4621 2068 4707">
     <span class='ocr_line' id='line_1_94' title="bbox 557 4621 2068 4707; baseline 0.009 -30"><span class='ocrx_word' id='word_1_698' title='bbox 557 4621 668 4693; x_wconf 77' lang='lat'><strong>76</strong></span> <span class='ocrx_word' id='word_1_699' title='bbox 707 4622 875 4680; x_wconf 70' lang='lat' dir='ltr'><strong>Vens.</strong></span> <span class='ocrx_word' id='word_1_700' title='bbox 914 4626 1032 4683; x_wconf 72' lang='grc'><strong>4-8.</strong></span> <span class='ocrx_word' id='word_1_701' title='bbox 1074 4657 1141 4669; x_wconf 74' lang='grc' dir='ltr'><strong>-ο</strong></span> <span class='ocrx_word' id='word_1_702' title='bbox 1183 4650 1201 4681; x_wconf 98' lang='lat'><strong>«</strong></span> <span class='ocrx_word' id='word_1_703' title='bbox 1226 4629 1394 4697; x_wconf 85' lang='lat' dir='ltr'><strong>Quasi</strong></span> <span class='ocrx_word' id='word_1_704' title='bbox 1459 4647 1717 4706; x_wconf 87' lang='lat' dir='ltr'><strong>aspectus</strong></span> <span class='ocrx_word' id='word_1_705' title='bbox 1776 4650 2068 4707; x_wconf 90' lang='lat' dir='ltr'><strong>equorum,</strong></span> 
     </span>
    </p>
   </div>
   <div class='ocr_carea' id='block_1_95' title="bbox 487 4720 2072 4795">
    <p class='ocr_par' dir='ltr' id='par_1_95' title="bbox 487 4720 2072 4795">
     <span class='ocr_line' id='line_1_95' title="bbox 487 4720 2072 4795; baseline 0.011 -34"><span class='ocrx_word' id='word_1_706' title='bbox 487 4720 748 4778; x_wconf 87' lang='lat' dir='ltr'><strong>aspectus</strong></span> <span class='ocrx_word' id='word_1_707' title='bbox 775 4729 966 4768; x_wconf 89' lang='lat' dir='ltr'><strong>eorum</strong></span> <span class='ocrx_word' id='word_1_708' title='bbox 993 4732 1006 4768; x_wconf 87' lang='lat'><strong>:</strong></span> <span class='ocrx_word' id='word_1_709' title='bbox 1036 4723 1089 4771; x_wconf 90' lang='lat' dir='ltr'><strong>et</strong></span> <span class='ocrx_word' id='word_1_710' title='bbox 1116 4720 1273 4789; x_wconf 89' lang='lat' dir='ltr'><strong>quasi</strong></span> <span class='ocrx_word' id='word_1_711' title='bbox 1303 4723 1601 4791; x_wconf 88' lang='lat' dir='ltr'><strong>equitatus,</strong></span> <span class='ocrx_word' id='word_1_712' title='bbox 1630 4725 1711 4779; x_wconf 89' lang='lat' dir='ltr'><strong>sic</strong></span> <span class='ocrx_word' id='word_1_713' title='bbox 1737 4740 2072 4795; x_wconf 80' lang='lat' dir='ltr'><strong>persequen-</strong></span> 
     </span>
    </p>
   </div>
   <div class='ocr_carea' id='block_1_96' title="bbox 489 4800 2067 4883">
    <p class='ocr_par' dir='ltr' id='par_1_96' title="bbox 489 4800 2067 4883">
     <span class='ocr_line' id='line_1_96' title="bbox 489 4800 2067 4883; baseline 0.011 -32"><span class='ocrx_word' id='word_1_714' title='bbox 489 4810 600 4853; x_wconf 87' lang='lat' dir='ltr'><strong>tur.</strong></span> <span class='ocrx_word' id='word_1_715' title='bbox 631 4800 785 4856; x_wconf 89' lang='lat' dir='ltr'><strong>Sicut</strong></span> <span class='ocrx_word' id='word_1_716' title='bbox 818 4807 1031 4863; x_wconf 91' lang='lat' dir='ltr'><strong>sonitus</strong></span> <span class='ocrx_word' id='word_1_717' title='bbox 1058 4823 1322 4865; x_wconf 91' lang='lat' dir='ltr'><strong>curruum</strong></span> <span class='ocrx_word' id='word_1_718' title='bbox 1356 4829 1520 4883; x_wconf 90' lang='lat' dir='ltr'><strong>super</strong></span> <span class='ocrx_word' id='word_1_719' title='bbox 1544 4815 1778 4881; x_wconf 82' lang='lat' dir='ltr'><strong>vertices</strong></span> <span class='ocrx_word' id='word_1_720' title='bbox 1802 4815 2067 4869; x_wconf 90' lang='lat' dir='ltr'><strong>montium</strong></span> 
     </span>
    </p>
   </div>
   <div class='ocr_carea' id='block_1_97' title="bbox 488 4892 2069 4976">
    <p class='ocr_par' dir='ltr' id='par_1_97' title="bbox 488 4892 2069 4976">
     <span class='ocr_line' id='line_1_97' title="bbox 488 4892 2069 4976; baseline 0.009 -29"><span class='ocrx_word' id='word_1_721' title='bbox 488 4892 762 4959; x_wconf 80' lang='lat' dir='ltr'><strong>exsilient,</strong></span> <span class='ocrx_word' id='word_1_722' title='bbox 795 4906 848 4950; x_wconf 87' lang='lat' dir='ltr'><strong>et</strong></span> <span class='ocrx_word' id='word_1_723' title='bbox 884 4898 1029 4954; x_wconf 90' lang='lat' dir='ltr'><strong>sicut</strong></span> <span class='ocrx_word' id='word_1_724' title='bbox 1062 4904 1276 4959; x_wconf 88' lang='lat' dir='ltr'><strong>sonitus</strong></span> <span class='ocrx_word' id='word_1_725' title='bbox 1299 4902 1532 4961; x_wconf 74' lang='lat' dir='ltr'><strong>ﬂamma:</strong></span> <span class='ocrx_word' id='word_1_726' title='bbox 1561 4906 1702 4976; x_wconf 88' lang='lat' dir='ltr'><strong>ignis</strong></span> <span class='ocrx_word' id='word_1_727' title='bbox 1749 4906 2069 4962; x_wconf 87' lang='lat' dir='ltr'><strong>devorantis</strong></span> 
     </span>
    </p>
   </div>
   <div class='ocr_carea' id='block_1_98' title="bbox 489 4981 2070 5061">
    <p class='ocr_par' dir='ltr' id='par_1_98' title="bbox 489 4981 2070 5061">
     <span class='ocr_line' id='line_1_98' title="bbox 489 4981 2070 5061; baseline 0.01 -25"><span class='ocrx_word' id='word_1_728' title='bbox 489 4981 769 5052; x_wconf 86' lang='lat' dir='ltr'><strong>stipulam,</strong></span> <span class='ocrx_word' id='word_1_729' title='bbox 799 4995 853 5040; x_wconf 90' lang='lat' dir='ltr'><strong>et</strong></span> <span class='ocrx_word' id='word_1_730' title='bbox 885 4987 1031 5041; x_wconf 86' lang='lat' dir='ltr'><strong>velut</strong></span> <span class='ocrx_word' id='word_1_731' title='bbox 1059 4991 1292 5061; x_wconf 82' lang='lat' dir='ltr'><strong>papulus</strong></span> <span class='ocrx_word' id='word_1_732' title='bbox 1335 4993 1541 5049; x_wconf 92' lang='lat' dir='ltr'><strong>multus</strong></span> <span class='ocrx_word' id='word_1_733' title='bbox 1574 5008 1637 5048; x_wconf 90' lang='lat' dir='ltr'><strong>ac</strong></span> <span class='ocrx_word' id='word_1_734' title='bbox 1670 4993 1829 5050; x_wconf 83' lang='lat' dir='ltr'><strong>fortis</strong></span> <span class='ocrx_word' id='word_1_735' title='bbox 1861 4995 1915 5050; x_wconf 92' lang='lat' dir='ltr'><strong>in</strong></span> <span class='ocrx_word' id='word_1_736' title='bbox 1951 4995 2070 5052; x_wconf 88' lang='lat' dir='ltr'><strong>acie</strong></span> 
     </span>
    </p>
   </div>
   <div class='ocr_carea' id='block_1_99' title="bbox 487 5074 2068 5148">
    <p class='ocr_par' dir='ltr' id='par_1_99' title="bbox 487 5074 2068 5148">
     <span class='ocr_line' id='line_1_99' title="bbox 487 5074 2068 5148; baseline 0.008 -18"><span class='ocrx_word' id='word_1_737' title='bbox 487 5074 820 5132; x_wconf 84' lang='lat' dir='ltr'><strong>instructus.</strong></span> <span class='ocrx_word' id='word_1_738' title='bbox 845 5096 863 5130; x_wconf 74' lang='grc' dir='ltr'><strong>ι</strong></span> <span class='ocrx_word' id='word_1_739' title='bbox 930 5078 1227 5147; x_wconf 88' lang='lat' dir='ltr'><strong>Particula,</strong></span> <span class='ocrx_word' id='word_1_740' title='bbox 1264 5101 1281 5134; x_wconf 93' lang='lat'><strong>«</strong></span> <span class='ocrx_word' id='word_1_741' title='bbox 1310 5081 1475 5148; x_wconf 83' lang='lat' dir='ltr'><strong>sicut,</strong></span> <span class='ocrx_word' id='word_1_742' title='bbox 1505 5099 1524 5133; x_wconf 75' lang='grc' dir='ltr'><strong>ι</strong></span> <span class='ocrx_word' id='word_1_743' title='bbox 1551 5098 1661 5139; x_wconf 88' lang='lat' dir='ltr'><strong>non</strong></span> <span class='ocrx_word' id='word_1_744' title='bbox 1691 5085 2068 5143; x_wconf 86' lang='lat' dir='ltr'><strong>similitudinis</strong></span> 
     </span>
    </p>
   </div>
   <div class='ocr_carea' id='block_1_100' title="bbox 487 5168 2069 5238">
    <p class='ocr_par' dir='ltr' id='par_1_100' title="bbox 487 5168 2069 5238">
     <span class='ocr_line' id='line_1_100' title="bbox 487 5168 2069 5238; baseline 0.008 -18"><span class='ocrx_word' id='word_1_745' title='bbox 487 5180 654 5220; x_wconf 89' lang='lat' dir='ltr'><strong>causa</strong></span> <span class='ocrx_word' id='word_1_746' title='bbox 677 5168 918 5238; x_wconf 90' lang='lat' dir='ltr'><strong>ponitur,</strong></span> <span class='ocrx_word' id='word_1_747' title='bbox 944 5170 1038 5226; x_wconf 88' lang='lat' dir='ltr'><strong>sed</strong></span> <span class='ocrx_word' id='word_1_748' title='bbox 1068 5175 1361 5229; x_wconf 88' lang='lat' dir='ltr'><strong>narrative.</strong></span> <span class='ocrx_word' id='word_1_749' title='bbox 1387 5169 1654 5237; x_wconf 87' lang='lat' dir='ltr'><strong>Qualeest</strong></span> <span class='ocrx_word' id='word_1_750' title='bbox 1675 5177 1808 5234; x_wconf 88' lang='lat' dir='ltr'><strong>illud</strong></span> <span class='ocrx_word' id='word_1_751' title='bbox 1831 5193 1846 5231; x_wconf 90' lang='lat'><strong>:</strong></span> <span class='ocrx_word' id='word_1_752' title='bbox 1868 5199 1886 5231; x_wconf 93' lang='lat'><strong>«</strong></span> <span class='ocrx_word' id='word_1_753' title='bbox 1913 5178 2069 5233; x_wconf 90' lang='lat' dir='ltr'><strong>Sicut</strong></span> 
     </span>
    </p>
   </div>
   <div class='ocr_carea' id='block_1_101' title="bbox 488 5257 2063 5342">
    <p class='ocr_par' dir='ltr' id='par_1_101' title="bbox 488 5257 2063 5342">
     <span class='ocr_line' id='line_1_101' title="bbox 488 5257 2063 5342; baseline 0.008 -31"><span class='ocrx_word' id='word_1_754' title='bbox 488 5257 727 5334; x_wconf 88' lang='lat' dir='ltr'><strong>(quam)</strong></span> <span class='ocrx_word' id='word_1_755' title='bbox 820 5262 998 5318; x_wconf 90' lang='lat' dir='ltr'><strong>bonus</strong></span> <span class='ocrx_word' id='word_1_756' title='bbox 1048 5263 1233 5320; x_wconf 86' lang='lat' dir='ltr'><strong>lsraeli</strong></span> <span class='ocrx_word' id='word_1_757' title='bbox 1274 5264 1551 5333; x_wconf 77' lang='grc' dir='ltr'>Βουε³⁹,ι</span> <span class='ocrx_word' id='word_1_758' title='bbox 1614 5284 1731 5342; x_wconf 87' lang='lat' dir='ltr'><strong>pro,</strong></span> <span class='ocrx_word' id='word_1_759' title='bbox 1776 5270 2016 5326; x_wconf 84' lang='lat' dir='ltr'><strong>«bonus.</strong></span> <span class='ocrx_word' id='word_1_760' title='bbox 2043 5290 2063 5323; x_wconf 70' lang='grc' dir='ltr'><strong>ι</strong></span> 
     </span>
    </p>
   </div>
   <div class='ocr_carea' id='block_1_102' title="bbox 595 5394 1091 5466">
    <p class='ocr_par' dir='ltr' id='par_1_102' title="bbox 595 5394 1091 5466">
     <span class='ocr_line' id='line_1_102' title="bbox 595 5394 1091 5466; baseline 0.006 -17"><span class='ocrx_word' id='word_1_761' title='bbox 595 5394 639 5428; x_wconf 83' lang='grc'><strong>³⁸</strong></span> <span class='ocrx_word' id='word_1_762' title='bbox 670 5398 815 5453; x_wconf 79' lang='lat' dir='ltr'><strong>Psal.</strong></span> <span class='ocrx_word' id='word_1_763' title='bbox 837 5414 1010 5466; x_wconf 71' lang='lat' dir='ltr'><strong>Lxxtt,</strong></span> <span class='ocrx_word' id='word_1_764' title='bbox 1038 5399 1091 5452; x_wconf 74' lang='lat' dir='ltr'><strong>l.</strong></span> 
     </span>
    </p>
   </div>
   <div class='ocr_carea' id='block_1_103' title="bbox 566 5507 2062 5587">
    <p class='ocr_par' dir='ltr' id='par_1_103' title="bbox 566 5507 2062 5587">
     <span class='ocr_line' id='line_1_103' title="bbox 566 5507 2062 5587; baseline 0.005 -25"><span class='ocrx_word' id='word_1_765' title='bbox 566 5508 683 5587; x_wconf 59' lang='lat'><strong>([4)</strong></span> <span class='ocrx_word' id='word_1_766' title='bbox 723 5507 988 5567; x_wconf 74' lang='lat' dir='ltr'><strong>Videmus</strong></span> <span class='ocrx_word' id='word_1_767' title='bbox 1010 5510 1299 5587; x_wconf 77' lang='lat' dir='ltr'><strong>pulchram</strong></span> <span class='ocrx_word' id='word_1_768' title='bbox 1326 5512 1610 5581; x_wconf 78' lang='lat' dir='ltr'><strong>lectionem</strong></span> <span class='ocrx_word' id='word_1_769' title='bbox 1641 5516 2062 5587; x_wconf 80' lang='grc' dir='ltr'>συναχθήτωσαν</span> 
     </span>
    </p>
   </div>
   <div class='ocr_carea' id='block_1_104' title="bbox 492 5577 2056 5651">
    <p class='ocr_par' dir='ltr' id='par_1_104' title="bbox 492 5577 2056 5651">
     <span class='ocr_line' id='line_1_104' title="bbox 492 5577 2056 5651; baseline 0.006 -21"><span class='ocrx_word' id='word_1_770' title='bbox 492 5577 871 5651; x_wconf 73' lang='lat' dir='ltr'><strong>conﬁrmatam</strong></span> <span class='ocrx_word' id='word_1_771' title='bbox 906 5595 957 5651; x_wconf 22' lang='lat' dir='ltr'><strong>ai</strong></span> <span class='ocrx_word' id='word_1_772' title='bbox 977 5577 1343 5651; x_wconf 80' lang='lat' dir='ltr'><strong>subsequente</strong></span> <span class='ocrx_word' id='word_1_773' title='bbox 1374 5577 1921 5650; x_wconf 46' lang='lat' dir='ltr'><strong>commentariofnec</strong></span> <span class='ocrx_word' id='word_1_774' title='bbox 1951 5602 2056 5642; x_wconf 90' lang='lat' dir='ltr'><strong>non</strong></span> 
     </span>
    </p>
   </div>
   <div class='ocr_carea' id='block_1_105' title="bbox 499 5647 2062 5728">
    <p class='ocr_par' dir='ltr' id='par_1_105' title="bbox 499 5647 2062 5728">
     <span class='ocr_line' id='line_1_105' title="bbox 499 5647 2062 5728; baseline 0.004 -21"><span class='ocrx_word' id='word_1_775' title='bbox 499 5648 553 5707; x_wconf 81' lang='lat' dir='ltr'><strong>in</strong></span> <span class='ocrx_word' id='word_1_776' title='bbox 597 5647 719 5704; x_wconf 89' lang='lat' dir='ltr'><strong>lect.</strong></span> <span class='ocrx_word' id='word_1_777' title='bbox 766 5656 882 5705; x_wconf 80' lang='lat' dir='ltr'><strong>var.</strong></span> <span class='ocrx_word' id='word_1_778' title='bbox 920 5650 1093 5707; x_wconf 64' lang='lat' dir='ltr'><strong>Graec.</strong></span> <span class='ocrx_word' id='word_1_779' title='bbox 1127 5647 1267 5725; x_wconf 73' lang='lat' dir='ltr'><strong>apud</strong></span> <span class='ocrx_word' id='word_1_780' title='bbox 1316 5654 1616 5727; x_wconf 81' lang='lat' dir='ltr'><strong>polyglott.,</strong></span> <span class='ocrx_word' id='word_1_781' title='bbox 1646 5672 1745 5728; x_wconf 87' lang='lat' dir='ltr'><strong>pro</strong></span> <span class='ocrx_word' id='word_1_782' title='bbox 1779 5647 2062 5715; x_wconf 77' lang='lat' dir='ltr'><strong>communi</strong></span> 
     </span>
    </p>
   </div>
   <div class='ocr_carea' id='block_1_106' title="bbox 2237 4630 3761 4706">
    <p class='ocr_par' dir='ltr' id='par_1_106' title="bbox 2237 4630 3761 4706">
     <span class='ocr_line' id='line_1_106' title="bbox 2237 4630 3761 4706; baseline -0.003 -16"><span class='ocrx_word' id='word_1_783' title='bbox 2237 4633 2385 4705; x_wconf 84' lang='grc' dir='ltr'>Στίχ.</span> <span class='ocrx_word' id='word_1_784' title='bbox 2417 4631 2551 4703; x_wconf 84' lang='grc' dir='ltr'>δ’-η’.</span> <span class='ocrx_word' id='word_1_785' title='bbox 2586 4662 2657 4674; x_wconf 88' lang='lat'><strong>-—</strong></span> <span class='ocrx_word' id='word_1_786' title='bbox 2698 4648 2718 4683; x_wconf 95' lang='lat'><strong>«</strong></span> <span class='ocrx_word' id='word_1_787' title='bbox 2770 4631 2857 4695; x_wconf 85' lang='grc' dir='ltr'>Ὠς</span> <span class='ocrx_word' id='word_1_788' title='bbox 2884 4630 3073 4704; x_wconf 83' lang='grc' dir='ltr'>ὅρασις</span> <span class='ocrx_word' id='word_1_789' title='bbox 3123 4631 3327 4699; x_wconf 75' lang='grc' dir='ltr'>ἵππων,</span> <span class='ocrx_word' id='word_1_790' title='bbox 3358 4634 3392 4706; x_wconf 75' lang='grc' dir='ltr'>ἡ</span> <span class='ocrx_word' id='word_1_791' title='bbox 3434 4633 3625 4703; x_wconf 79' lang='grc' dir='ltr'>ὅρασις</span> <span class='ocrx_word' id='word_1_792' title='bbox 3653 4632 3761 4686; x_wconf 85' lang='grc' dir='ltr'>αὐ-</span> 
     </span>
    </p>
   </div>
   <div class='ocr_carea' id='block_1_107' title="bbox 2166 4719 3760 4794">
    <p class='ocr_par' dir='ltr' id='par_1_107' title="bbox 2166 4719 3760 4794">
     <span class='ocr_line' id='line_1_107' title="bbox 2166 4719 3760 4794; baseline -0.002 -17"><span class='ocrx_word' id='word_1_793' title='bbox 2166 4724 2294 4778; x_wconf 76' lang='grc' dir='ltr'><strong>τῶψ</strong></span> <span class='ocrx_word' id='word_1_794' title='bbox 2330 4724 2423 4777; x_wconf 79' lang='grc' dir='ltr'>καὶ</span> <span class='ocrx_word' id='word_1_795' title='bbox 2466 4722 2542 4786; x_wconf 88' lang='grc' dir='ltr'>ὡς</span> <span class='ocrx_word' id='word_1_796' title='bbox 2592 4723 2778 4784; x_wconf 80' lang='grc' dir='ltr'>ἵππος,</span> <span class='ocrx_word' id='word_1_797' title='bbox 2807 4719 2952 4774; x_wconf 73' lang='grc' dir='ltr'>οὕτω</span> <span class='ocrx_word' id='word_1_798' title='bbox 2987 4719 3433 4788; x_wconf 82' lang='grc' dir='ltr'>καταδιὼξονται·</span> <span class='ocrx_word' id='word_1_799' title='bbox 3481 4720 3556 4786; x_wconf 85' lang='grc' dir='ltr'><strong>ὡς</strong></span> <span class='ocrx_word' id='word_1_800' title='bbox 3602 4720 3760 4794; x_wconf 83' lang='grc' dir='ltr'>φωνὴ</span> 
     </span>
    </p>
   </div>
   <div class='ocr_carea' id='block_1_108' title="bbox 2168 4809 3761 4888">
    <p class='ocr_par' dir='ltr' id='par_1_108' title="bbox 2168 4809 3761 4888">
     <span class='ocr_line' id='line_1_108' title="bbox 2168 4809 3761 4888; baseline -0.004 -17"><span class='ocrx_word' id='word_1_801' title='bbox 2168 4814 2429 4888; x_wconf 82' lang='grc' dir='ltr'>ἁρμάτων</span> <span class='ocrx_word' id='word_1_802' title='bbox 2459 4812 2551 4866; x_wconf 74' lang='grc' dir='ltr'><strong>ἐπὶ</strong></span> <span class='ocrx_word' id='word_1_803' title='bbox 2577 4811 2673 4875; x_wconf 86' lang='grc' dir='ltr'>τὰς</span> <span class='ocrx_word' id='word_1_804' title='bbox 2696 4809 2940 4882; x_wconf 79' lang='grc' dir='ltr'>κορυφὰς</span> <span class='ocrx_word' id='word_1_805' title='bbox 2956 4811 3063 4865; x_wconf 85' lang='grc' dir='ltr'><strong>τῶν</strong></span> <span class='ocrx_word' id='word_1_806' title='bbox 3082 4811 3251 4885; x_wconf 79' lang='grc' dir='ltr'>ὁρέων</span> <span class='ocrx_word' id='word_1_807' title='bbox 3276 4810 3590 4879; x_wconf 76' lang='grc' dir='ltr'>ὲξαλοῦνται</span> <span class='ocrx_word' id='word_1_808' title='bbox 3617 4827 3632 4841; x_wconf 75' lang='grc' dir='ltr'><strong>ο</strong></span> <span class='ocrx_word' id='word_1_809' title='bbox 3658 4809 3761 4866; x_wconf 75' lang='grc' dir='ltr'>καὶ</span> 
     </span>
    </p>
   </div>
   <div class='ocr_carea' id='block_1_109' title="bbox 2167 4888 3760 4977">
    <p class='ocr_par' dir='ltr' id='par_1_109' title="bbox 2167 4888 3760 4977">
     <span class='ocr_line' id='line_1_109' title="bbox 2167 4888 3760 4977; baseline -0.003 -14"><span class='ocrx_word' id='word_1_810' title='bbox 2167 4909 2244 4972; x_wconf 85' lang='grc' dir='ltr'>ὡς</span> <span class='ocrx_word' id='word_1_811' title='bbox 2283 4904 2436 4977; x_wconf 85' lang='grc' dir='ltr'>φωνὴ</span> <span class='ocrx_word' id='word_1_812' title='bbox 2486 4888 2681 4973; x_wconf 56' lang='lat' dir='ltr'><strong>eam;</strong></span> <span class='ocrx_word' id='word_1_813' title='bbox 2716 4903 2888 4975; x_wconf 72' lang='grc' dir='ltr'>πυρὸς</span> <span class='ocrx_word' id='word_1_814' title='bbox 2930 4903 3324 4973; x_wconf 82' lang='grc' dir='ltr'>κατεσθιούσης</span> <span class='ocrx_word' id='word_1_815' title='bbox 3349 4901 3622 4974; x_wconf 81' lang='grc' dir='ltr'>καλάμην·</span> <span class='ocrx_word' id='word_1_816' title='bbox 3658 4900 3760 4958; x_wconf 73' lang='grc' dir='ltr'>καὶ</span> 
     </span>
    </p>
   </div>
   <div class='ocr_carea' id='block_1_110' title="bbox 2170 4989 3760 5067">
    <p class='ocr_par' dir='ltr' id='par_1_110' title="bbox 2170 4989 3760 5067">
     <span class='ocr_line' id='line_1_110' title="bbox 2170 4989 3760 5067; baseline -0.006 -14"><span class='ocrx_word' id='word_1_817' title='bbox 2170 4999 2245 5064; x_wconf 85' lang='grc' dir='ltr'>ὼς</span> <span class='ocrx_word' id='word_1_818' title='bbox 2272 4997 2398 5061; x_wconf 73' lang='grc' dir='ltr'>λαὸς</span> <span class='ocrx_word' id='word_1_819' title='bbox 2434 4995 2601 5058; x_wconf 80' lang='grc' dir='ltr'>πολὺς</span> <span class='ocrx_word' id='word_1_820' title='bbox 2634 4993 2727 5050; x_wconf 78' lang='grc' dir='ltr'><strong>καὶ</strong></span> <span class='ocrx_word' id='word_1_821' title='bbox 2775 4994 2991 5067; x_wconf 80' lang='grc' dir='ltr'>ἰσχυρὸς</span> <span class='ocrx_word' id='word_1_822' title='bbox 3038 4992 3526 5065; x_wconf 90' lang='grc' dir='ltr'>παρατασσόμενος</span> <span class='ocrx_word' id='word_1_823' title='bbox 3555 4992 3636 5055; x_wconf 85' lang='grc' dir='ltr'><strong>είς</strong></span> <span class='ocrx_word' id='word_1_824' title='bbox 3665 4989 3760 5044; x_wconf 83' lang='grc' dir='ltr'>πό-</span> 
     </span>
    </p>
   </div>
   <div class='ocr_carea' id='block_1_111' title="bbox 2169 5080 3756 5161">
    <p class='ocr_par' dir='ltr' id='par_1_111' title="bbox 2169 5080 3756 5161">
     <span class='ocr_line' id='line_1_111' title="bbox 2169 5080 3756 5161; baseline -0.004 -16"><span class='ocrx_word' id='word_1_825' title='bbox 2169 5091 2353 5161; x_wconf 87' lang='grc' dir='ltr'>λεμον.</span> <span class='ocrx_word' id='word_1_826' title='bbox 2388 5107 2406 5141; x_wconf 73' lang='grc' dir='ltr'><strong>ι</strong></span> <span class='ocrx_word' id='word_1_827' title='bbox 2456 5086 2550 5150; x_wconf 88' lang='grc' dir='ltr'><strong>Τὸ,</strong></span> <span class='ocrx_word' id='word_1_828' title='bbox 2591 5104 2610 5138; x_wconf 96' lang='lat'><strong>«</strong></span> <span class='ocrx_word' id='word_1_829' title='bbox 2641 5085 2735 5151; x_wconf 83' lang='grc' dir='ltr'><strong>ὡς,</strong></span> <span class='ocrx_word' id='word_1_830' title='bbox 2768 5103 2787 5136; x_wconf 73' lang='grc' dir='ltr'><strong>ι</strong></span> <span class='ocrx_word' id='word_1_831' title='bbox 2834 5086 2895 5139; x_wconf 88' lang='grc' dir='ltr'><strong>οὐ</strong></span> <span class='ocrx_word' id='word_1_832' title='bbox 2929 5084 3070 5141; x_wconf 80' lang='grc' dir='ltr'>κατὰ</span> <span class='ocrx_word' id='word_1_833' title='bbox 3103 5085 3366 5156; x_wconf 84' lang='grc' dir='ltr'>ὁμοίωσιν</span> <span class='ocrx_word' id='word_1_834' title='bbox 3397 5084 3568 5153; x_wconf 82' lang='grc' dir='ltr'>λέγει,</span> <span class='ocrx_word' id='word_1_835' title='bbox 3616 5080 3756 5138; x_wconf 73' lang='grc' dir='ltr'>ἀλλὰ</span> 
     </span>
    </p>
   </div>
   <div class='ocr_carea' id='block_1_112' title="bbox 2171 5170 3754 5249">
    <p class='ocr_par' dir='ltr' id='par_1_112' title="bbox 2171 5170 3754 5249">
     <span class='ocr_line' id='line_1_112' title="bbox 2171 5170 3754 5249; baseline -0.005 -14"><span class='ocrx_word' id='word_1_836' title='bbox 2171 5179 2313 5235; x_wconf 84' lang='grc' dir='ltr'>κατὰ</span> <span class='ocrx_word' id='word_1_837' title='bbox 2358 5178 2654 5249; x_wconf 78' lang='grc' dir='ltr'>ἀφήγησιψ</span> <span class='ocrx_word' id='word_1_838' title='bbox 2695 5170 2806 5230; x_wconf 74' lang='grc' dir='ltr'>οἷόν</span> <span class='ocrx_word' id='word_1_839' title='bbox 2838 5176 2953 5229; x_wconf 74' lang='grc' dir='ltr'>ἐστι</span> <span class='ocrx_word' id='word_1_840' title='bbox 2998 5175 3078 5242; x_wconf 83' lang='grc' dir='ltr'>τὸ,</span> <span class='ocrx_word' id='word_1_841' title='bbox 3119 5177 3246 5242; x_wconf 75' lang='grc' dir='ltr'><strong>«Ὧς</strong></span> <span class='ocrx_word' id='word_1_842' title='bbox 3277 5175 3390 5247; x_wconf 72' lang='grc'><strong>(15)</strong></span> <span class='ocrx_word' id='word_1_843' title='bbox 3430 5173 3632 5244; x_wconf 79' lang='grc' dir='ltr'>ἀγαθὸς</span> <span class='ocrx_word' id='word_1_844' title='bbox 3670 5172 3754 5245; x_wconf 75' lang='grc' dir='ltr'>τῷ</span> 
     </span>
    </p>
   </div>
   <div class='ocr_carea' id='block_1_113' title="bbox 2182 5257 3762 5351">
    <p class='ocr_par' dir='ltr' id='par_1_113' title="bbox 2182 5257 3762 5351">
     <span class='ocr_line' id='line_1_113' title="bbox 2182 5257 3762 5351; baseline -0.006 -24"><span class='ocrx_word' id='word_1_845' title='bbox 2182 5269 2400 5342; x_wconf 78' lang='grc' dir='ltr'>Ἰσραὴλ</span> <span class='ocrx_word' id='word_1_846' title='bbox 2432 5268 2634 5335; x_wconf 83' lang='grc' dir='ltr'>ὁΘεὸς,</span> <span class='ocrx_word' id='word_1_847' title='bbox 2674 5286 2694 5320; x_wconf 72' lang='grc' dir='ltr'><strong>ι</strong></span> <span class='ocrx_word' id='word_1_848' title='bbox 2734 5257 2857 5322; x_wconf 72' lang='grc' dir='ltr'>ἀντὶ</span> <span class='ocrx_word' id='word_1_849' title='bbox 2886 5264 3002 5333; x_wconf 86' lang='grc' dir='ltr'>τοῦ,</span> <span class='ocrx_word' id='word_1_850' title='bbox 3043 5287 3061 5319; x_wconf 93' lang='lat'><strong>«</strong></span> <span class='ocrx_word' id='word_1_851' title='bbox 3086 5266 3360 5351; x_wconf 34' lang='grc' dir='ltr'>,Ἀγαθόςσ</span> <span class='ocrx_word' id='word_1_852' title='bbox 3402 5286 3420 5319; x_wconf 75' lang='grc' dir='ltr'><strong>ι</strong></span> <span class='ocrx_word' id='word_1_853' title='bbox 3460 5264 3618 5322; x_wconf 71' lang='grc' dir='ltr'>τοῦτο</span> <span class='ocrx_word' id='word_1_854' title='bbox 3648 5264 3762 5338; x_wconf 79' lang='grc' dir='ltr'><strong>γὰρ</strong></span> 
     </span>
    </p>
   </div>
   <div class='ocr_carea' id='block_1_114' title="bbox 2169 5517 3761 5658">
    <p class='ocr_par' dir='ltr' id='par_1_114' title="bbox 2169 5517 3761 5658">
     <span class='ocr_line' id='line_1_114' title="bbox 2169 5517 2617 5583; baseline 0.004 -14"><span class='ocrx_word' id='word_1_855' title='bbox 2169 5534 2233 5570; x_wconf 91' lang='grc' dir='ltr'><strong>συ</strong></span> <span class='ocrx_word' id='word_1_856' title='bbox 2312 5517 2397 5583; x_wconf 91' lang='grc' dir='ltr'><strong>υθ¹</strong></span> <span class='ocrx_word' id='word_1_857' title='bbox 2419 5535 2617 5571; x_wconf 86' lang='grc' dir='ltr'>τωσαν.</span> 
     </span>
     <span class='ocr_line' id='line_1_115' title="bbox 2240 5519 3761 5658; baseline 0.002 -17"><span class='ocrx_word' id='word_1_858' title='bbox 2240 5535 2353 5658; x_wconf 44' lang='grc' dir='ltr'><strong>ὦ)</strong></span> <span class='ocrx_word' id='word_1_859' title='bbox 2382 5519 2524 5643; x_wconf 47' lang='grc' dir='ltr'><strong>ἓὲοθ</strong></span> <span class='ocrx_word' id='word_1_860' title='bbox 2551 5600 2664 5653; x_wconf 86' lang='lat' dir='ltr'><strong>tua,</strong></span> <span class='ocrx_word' id='word_1_861' title='bbox 2693 5586 3002 5656; x_wconf 84' lang='lat' dir='ltr'><strong>Theodore,</strong></span> <span class='ocrx_word' id='word_1_862' title='bbox 3028 5592 3115 5647; x_wconf 85' lang='lat' dir='ltr'><strong>alo</strong></span> <span class='ocrx_word' id='word_1_863' title='bbox 3143 5590 3472 5650; x_wconf 81' lang='lat' dir='ltr'><strong>viderimihi</strong></span> <span class='ocrx_word' id='word_1_864' title='bbox 3499 5590 3601 5649; x_wconf 83' lang='lat' dir='ltr'><strong>hoc</strong></span> <span class='ocrx_word' id='word_1_865' title='bbox 3634 5589 3761 5647; x_wconf 89' lang='lat' dir='ltr'><strong>loco</strong></span> 
     </span>
    </p>
   </div>
   <div class='ocr_carea' id='block_1_115' title="bbox 2170 5658 2967 5728">
    <p class='ocr_par' dir='ltr' id='par_1_115' title="bbox 2170 5658 2967 5728">
     <span class='ocr_line' id='line_1_116' title="bbox 2170 5658 2967 5728; baseline 0.005 -13"><span class='ocrx_word' id='word_1_866' title='bbox 2170 5658 2246 5723; x_wconf 77' lang='grc' dir='ltr'>ὡς</span> <span class='ocrx_word' id='word_1_867' title='bbox 2276 5659 2601 5728; x_wconf 73' lang='lat' dir='ltr'><strong>particulam</strong></span> <span class='ocrx_word' id='word_1_868' title='bbox 2633 5659 2967 5719; x_wconf 82' lang='lat' dir='ltr'><strong>admirandi.</strong></span> 
     </span>
    </p>
   </div>
  </div>
