4102 6458
220 283 328 339 εει

1298 281 1857 340 COMMENTARIUS
1888 280 1956 338 ΙΝ
1992 279 2227 339 JOELIS
2262 277 2420 334 CAP.
2452 274 2514 333 ll.

3435 267 3545 325 2ἳῖ

227 397 296 473 δὴ
326 398 620 454 κάνταῦθα
649 397 799 467 λέγει
819 415 833 428 ·
863 397 949 451 ὅτι
981 395 1184 466 πολλὴν
1222 397 1322 468 μὲν
1353 396 1502 453 ἐστιν
1538 398 1666 452 ἰδεῖν
1691 396 1842 469 αὐτῷ
1870 452 1872 456 λ

1976 396 2006 452 d
2036 396 2185 452 enim
2212 395 2381 452 etiam
2434 394 2538 448 hoc
2567 392 2691 446 loco
2717 388 2874 455 dicit,
2905 388 3137 443 multum
3172 401 3370 458 nempe
3406 400 3542 442 con~

222 491 559 565 προσοῦσαν
594 491 695 562 τὴν
732 490 927 543 ἵππον·
965 488 1043 560 (p.
1082 488 1209 559 115)
1250 488 1476 562 φοϐεροὶ
1515 489 1574 544 δέ
1612 507 1757 554 τινες
1788 491 1838 545 οἰ

223 586 325 639 ἐπὶ
360 583 477 637 τῶν
517 582 704 665 ἵππων
740 582 1061 645 ἐλαύνοντες
1087 582 1230 636 κατὰ
1266 581 1375 636 τῶν
1416 583 1700 638 ἐναντίων·
1743 582 1843 653 ἆρ-

227 676 387 746 ματά
430 690 495 728 τε
532 673 690 743 αὑτῷ
729 671 960 727 πλεῖστα
996 672 1126 743 ἄχρι
1156 670 1266 726 τῶν
1316 673 1668 743 ὑψηλοτάτων
1698 671 1843 745 χρώ-

228 783 377 838 μενα
396 768 528 829 ταῖς
556 764 807 833 ἐφόδοις·
846 762 1140 817 άπεοίκασί
1177 780 1235 816 τε
1270 763 1423 829 οὐδὲν
1455 765 1626 836 πυρὸς
1663 766 1842 821 ἐπινε-

228 859 485 930 μομένου
510 856 789 928 καλάμην,
816 854 991 919 οὕτως
1024 854 1269 920 ἅπαντας
1308 855 1556 931 ἐπιόντες
1584 856 1680 921 οὒς
1717 856 1844 927 βού-

224 947 422 1002 λονται
438 946 663 1010 τόπους·
684 946 795 999 εἰσί
813 946 923 1017 γάρ
939 945 1123 1000 πολλοί
1138 962 1282 1009 τινες
1301 944 1397 999 καὶ
1416 945 1557 1014 άγαν
1583 944 1842 1015 ἀνδρεῖοι,

227 1042 442 1106 παντὸς
473 1040 683 1114 μᾶλλον
706 1042 788 1105 εἰς
814 1040 1052 1111 πόλεμον
1078 1040 1610 1112 παρεσκευασμένοι.
1646 1058 1664 1090 ι
1713 1038 1846 1091 Ἀπὸ
1912 1045 1921 1053 ’

234 1140 546 1213 προσώπου
569 1138 740 1193 αὑτοῦ
775 1137 1226 1209 συντριϐήσονται
1246 1134 1389 1189 λαοί·
1422 1136 1530 1188 πᾶν
1555 1134 1846 1206 πρόσωπον

230 1236 305 1300 Co;
340 1233 695 1305 πρόσκαυμα
721 1230 951 1303 χύτρας.
990 1249 1008 1281 ι
1044 1228 1341 1292 Πλείστους
1373 1229 1424 1297 γ’
1457 1224 1549 1282 οῦν
1586 1227 1664 1292 ὡς
1698 1228 1848 1292 εἰκὸς

228 1327 321 1381 διὰ
353 1326 463 1396 τῆς
488 1323 698 1389 οἰκείας
724 1323 908 1394 ὁρμῆς
937 1321 1278 1391 ἀφανιοῦσιν·
1304 1320 1446 1376 ὥστε
1472 1319 1649 1376 δοκεῖν
1675 1320 1848 1375 ᾶπαν-

230 1437 333 1482 τας
360 1418 499 1482 τοὺς
536 1412 1012 1478 ὑποπεπτωκότας
1058 1413 1210 1485 αὑτῷ
1238 1412 1476 1468 ἑοικέναι
1525 1412 1701 1486 χύτρᾳ
1743 1412 1850 1467 ὑπὸ

234 1511 415 1585 πυρὸς
446 1507 952 1580 κατακεκαυμὲνῃ·
990 1507 1086 1560 καὶ
1116 1505 1396 1576 ἐπιμένων
1421 1504 1502 1569 τῷ
1539 1503 1849 1575 διηγεῖσθαι

232 1606 305 1658 τὰ
340 1603 469 1657 κατ’
499 1602 689 1666 αὐτὸν,
732 1600 811 1664 ὡς
842 1599 909 1654 ἂν
952 1598 1176 1670 μείζονα
1204 1600 1318 1662 τοῖς
1347 1598 1638 1653 ἀκούουσιν
1666 1598 1847 1669 ἐνθείη

235 1698 329 1751 τδν
354 1695 554 1771 φόϐον·
588 1712 606 1745 ι
652 1694 742 1758 Ὠς
779 1693 1022 1765 μαχηταὶ
1042 1691 1399 1763 δραμοῦνται,
1438 1692 1531 1747 καὶ
1555 1692 1631 1755 ὡς
1657 1691 1851 1763 ἄνδρες

1950 489 2089 561 spici
2115 487 2470 543 comitantem
2508 484 2557 539 ei
2579 482 2907 554 equitatum.
2958 479 3099 537 Sunt
3134 486 3318 564 autem
3348 478 3386 534 ii
3430 487 3543 535 ter-

1949 582 2140 638 ribiles
2202 580 2297 651 qui
2357 578 2516 649 equis
2583 576 2889 633 insidentes
2941 576 3162 631 irruunt
3221 574 3279 630 in
3328 574 3538 631 hostes.

1950 673 2160 729 Currus
2199 673 2330 727 item
2365 672 2416 729 ei
2459 668 2705 741 plurimi,
2740 683 2915 738 usque
2943 666 3010 722 ad
3052 666 3309 724 sublimia
3344 666 3545 722 decur-

1949 775 2152 821 rentes.
2181 763 2329 818 Nihil
2376 776 2542 833 porro
2587 759 2846 816 differunt
2888 759 2958 813 ab
2986 759 3109 828 igne
3149 759 3407 829 stipulam
3446 757 3544 813 de—
3655 753 3661 763 ’

1951 867 2247 926 pascente:
2309 854 2448 910 adeo
2500 859 2735 915 cunctos
2788 866 2932 921 quos
2989 851 3184 904 volunt
3240 848 3545 920 pervadunt

1952 949 2129 1004 locos.
2180 946 2407 1002 Plurimi
2450 955 2581 1002 sunt
2623 954 2678 1001 et
2709 943 2946 1007 strenui,
2975 952 3140 1012 atque
3187 942 3435 1011 apprime
3476 940 3543 995 ad

1953 1042 2156 1097 bellum
2183 1041 2463 1096 instructi.
2495 1058 2513 1092 ι
2534 1039 2579 1094 Α
2600 1038 2739 1094 faeie
2760 1038 2934 1108 ipsius
2956 1041 3313 1090 conterentur
3332 1032 3540 1103 populi:

1953 1135 2136 1192 omnis
2163 1134 2351 1190 vultus
2372 1132 2535 1203 quasi
2558 1131 2780 1186 adustio
2802 1130 2944 1183 ollae.
2972 1148 2991 1181 ι
3035 1126 3313 1182 Plurimos
3335 1126 3542 1195 itaque,

1956 1232 2015 1279 ut
2052 1239 2153 1295 par
2185 1231 2291 1287 est,
2339 1222 2550 1292 impetu
2583 1234 2686 1275 suo
2732 1218 3060 1283 destruent;
3116 1215 3254 1270 adeo
3279 1224 3335 1270 ut
3362 1213 3548 1269 cuncti

1955 1306 2063 1373 sub
2095 1331 2163 1372 eo
2211 1314 2475 1370 cadentes
2502 1312 2677 1368 visuri
2713 1311 2825 1368 sint
2857 1310 2979 1364 ollae
3008 1307 3078 1363 ab
3125 1308 3251 1379 igne
3282 1313 3440 1361 tostae
3471 1304 3550 1359 si-
3632 1338 3639 1343 -

1955 1407 2133 1463 miles.
2176 1404 2315 1460 Tum
2343 1419 2576 1476 pergens
2598 1402 2779 1457 adhuc
2807 1400 2877 1457 de
2897 1414 2964 1455 eo
2996 1399 3169 1468 loqui,
3203 1407 3262 1453 ut
3284 1397 3548 1466 majorem

1956 1498 2308 1557 audientibus
2342 1495 2802 1552 incutiatmetum
2828 1512 2843 1551 :
2866 1513 2885 1546 ι
2918 1490 2987 1548 Ut
3007 1488 3547 1557 bellatores,inqult,

1957 1598 2184 1649 current
2211 1608 2226 1657 ;
2261 1588 2425 1660 quasi
2450 1586 2554 1641 viri
2579 1598 2857 1657 pugnaces
2877 1581 3079 1638 muenia
3102 1578 3498 1636 conscendent.
3524 1593 3546 1627 ι

1960 1686 2130 1742 Multa
2163 1698 2291 1739 cum
2320 1680 2602 1737 celeritate
2630 1678 2685 1732 in
2718 1675 2909 1748 praelia
2936 1681 3141 1741 ruent;
3195 1671 3364 1725 multa
3419 1671 3551 1724 item

240 1759 578 1859 πολεμισταὶ
608 1759 981 1856 ἀναϐήσονται
1007 1759 1100 1838 arci.
1120 1759 1190 1837 τά
1204 1784 1385 1857 τείχη.
1418 1803 1437 1836 ι
1470 1784 1625 1838 Μετὰ
1648 1759 1851 1854 πολλῆς

1976 1794 2081 1836 :um
2113 1774 2346 1832 audacia
2374 1772 2597 1827 urbium
2626 1769 2802 1825 muris
2848 1766 3115 1830 insilient,
3168 1770 3356 1833 spreto
3400 1759 3554 1815 illinc

243 1973 337 2028 τοῦ
370 1973 621 2046 θράσους
649 1970 745 2024 καὶ⁹
768 1972 886 2033 τοῖς
920 1969 1158 2039 τείχεσιν
1198 1968 1584 2024 ἐπελεύσονται
1609 1970 1720 2024 τῶν
1753 1970 1854 2024 πόσ-

244 2067 404 2130 λεων,
441 2063 573 2119 οὐδὲ
613 2063 713 2133 τὴν
738 2061 954 2116 ἐκεῖθεν
981 2060 1326 2134 ὑφορώμενοι
1358 2060 1584 2133 βλάϐην.
1621 2079 1638 2115 ι
1680 2063 1854 2115 Ἕκα-

247 2177 376 2222 στος
405 2158 467 2211 ὲν
491 2159 562 2229 τῇ
587 2152 756 2211 αὑτοῦ
783 2153 890 2225 όδῷ
911 2154 1224 2226 πορεύεται,
1250 2154 1348 2209 καὶ
1370 2154 1433 2208 οὐ
1468 2155 1543 2226 μὴ
1567 2153 1858 2211 ὲκκλίνωσι

247 2252 348 2315 τὰς
370 2250 603 2322 τρίϐους
627 2245 818 2313 αὑτοῦ,
836 2249 929 2301 καὶ
949 2247 1179 2312 ἕκαστος
1195 2247 1305 2301 ἀπὸ
1324 2247 1418 2301 τοῦ
1445 2246 1677 2317 ἀδελφοῦ
1693 2247 1857 2302 αὐτοῦ

248 2345 350 2399 οὐκ
374 2341 666 2413 ἀφέξεται.
702 2360 722 2392 ι
745 2340 1178 2411 Συντεταγμένοι
1198 2339 1494 2412 κέχρηνται
1516 2340 1594 2411 τῷ
1616 2341 1858 2413 πολέμῳ,

249 2434 469 2499 οὐδενὸς
515 2432 672 2499 δεξιά
727 2431 852 2487 οὐδὲ
908 2431 1176 2503 ἀριστερὰ
1223 2431 1564 2496 ἐκκλίνοντος
1615 2431 1859 2486 πώποτε·

250 2528 368 2581 ἀλλ’
394 2526 638 2581 ἑκάστου
685 2524 785 2596 μὲν
813 2524 914 2596 τὴν
942 2523 1257 2596 ὡρισμένην
1282 2541 1345 2577 τε
1395 2526 1491 2579 καὶ
1523 2525 1863 2596 τεταγμένην

251 2622 517 2685 ἀνύοντος
554 2619 696 2674 ὁδόν·
730 2618 953 2671 πάντων
977 2617 1041 2687 δὴ
1079 2615 1217 2688 μετὰ
1255 2615 1460 2688 πολλῆς
1492 2616 1594 2688 τῆς
1633 2635 1864 2689 συμφω..

144 2780 159 2791 _
253 2715 376 2778 νίας
405 2713 505 2766 ἐπὶ
530 2711 624 2765 τὸν
652 2709 894 2781 πόλεμον
918 2709 1019 2782 τὴν
1044 2709 1224 2780 ὁρμὴν
1248 2709 1607 2779 ποιουμένων.
1633 2710 1707 2780 (p.
1740 2709 1863 2779 116)

258 2826 279 2857 ι
323 2800 858 2872 Καταὸαρυνόμενοι
897 2801 957 2854 ἐν
985 2801 1096 2862 τοῖς
1123 2798 1312 2862 ὅπλοις
1352 2798 1534 2854 αὐτῶν
1567 2799 1866 2872 πορεύσον-

251 2918 368 2965 ται,
397 2899 499 2951 καὶ
531 2898 589 2950 ἐν
616 2898 731 2960 τοῖς
762 2894 978 2965 βέλεσιν
1008 2893 1191 2948 αὑτῶν
1220 2892 1536 2960 πεσοῦνται,
1567 2893 1665 2949 καὶ
1693 2894 1754 2947 οὐ
1791 2895 1867 2968 μὴ

256 2985 717 3044 συντελεσθῶσιν.
754 3005 775 3038 ι
805 2987 1080 3052 Μέγιστον
1106 2984 1202 3037 καί⁹
1223 2982 1415 3059 τοῦτον
1437 2984 1575 3057 πρὸς
1596 2985 1870 3052 ἀπόδειξιν

251 3082 352 3136 τοῦ
385 3081 531 3153 πρὸς
562 3079 801 3151 πόλεμον
829 3075 1318 3149 παρεσκευάσθαι,
1358 3076 1422 3131 τὸ
1471 3076 1610 3149 μηδὲ
1648 3076 1871 3132 πώποτε

253 3175 371 3228 τῶν
407 3173 596 3227 ὅπλων
622 3171 731 3239 ἔξω
767 3168 1020 3247 γίνεσθαι
1056 3168 1165 3223 τῶν
1203 3168 1443 3223 οἰκείων·
1477 3168 1637 3223 τοῦτο
1654 3170 1766 3242 γὰρ
1795 3170 1875 3224 λέ-

256 3286 350 3338 γει
395 3267 496 3331 τὺ,
529 3264 672 3321 Οῦτε
711 3261 1128 3336 ὁδοιποροῦντες
1173 3262 1528 3317 ἀποτίθενται
1579 3263 1653 3317 τὰ
1695 3263 1874 3329 ὅπλα,

262 3362 422 3433 ἥδιον
447 3358 632 3414 αὑτῶν
660 3357 983 3429 ἀνεχόμενοι
1008 3353 1103 3410 τοῦ
1134 3353 1359 3427 βάρους,
1386 3356 1422 3426 ἢ
1454 3355 1646 3411 ἄοπλοι
1671 3355 1883 3411 δεικνύ-

266 3470 426 3525 μενοι
450 3453 569 3514 τοῖς
611 3449 836 3520 ὁρῶσιν·
884 3446 1010 3501 οὕτε
1048 3448 1098 3500 εί
1128 3446 1267 3516 πρὸς
1314 3446 1624 3500 ἀνάπαυσιν
1670 3446 1877 3501 νεύοιεν

265 3561 427 3609 ποτε,
463 3542 574 3608 ἔξω
593 3540 704 3607 τῶν
735 3538 920 3594 ὅπλων
957 3537 1239 3607 γίγνονται
1270 3537 1381 3591 τῶν
1409 3536 1647 3590 οἰκείων·
1676 3538 1739 3591 τὸ
1766 3539 1878 3609 γὰρ

146 1894 149 1895 ⁷
245 1882 346 1953 μὲν
378 1853 653 1951 όξὺτητος
683 1853 786 1931 ἐπὶ.
803 1877 904 1942 τάς
932 1877 1111 1948 μάχας
1132 1853 1370 1949 ὁρμῶσιν·
1407 1875 1550 1947 μετὰ
1570 1876 1770 1931 πολλοῦ

1976 1867 2142 1927 lamni
2166 1864 2433 1938 periculo.
2467 1880 2485 1915 ι
2511 1860 2571 1917 In
2594 1874 2695 1916 sua
2711 1858 2947 1929 quisque
2961 1856 3048 1911 via
3072 1853 3345 1925 graditur,
3369 1864 3555 1920 neque

1958 1980 1988 2019 a
2024 1962 2249 2035 propria
2278 1957 2515 2015 deflectit
2545 1955 2764 2017 semita,
2807 1965 2911 2006 nec
2952 1964 2984 2003 a
3009 1947 3180 2004 fratre
3216 1961 3319 2002 suo
3370 1940 3554 1999 disce—

1958 2056 2058 2112 dit.
2088 2073 2108 2107 ›
2145 2051 2413 2109 Ordinata
2448 2054 2681 2104 utuntur
2701 2044 2839 2110 acie,
2882 2056 3046 2096 nemo
3071 2040 3421 2095 dextrorsum
3460 2041 3558 2091 aut

1961 2147 2352 2205 sinistrorsum
2376 2153 2614 2211 usquam
2640 2136 2881 2195 declinat
2902 2151 2917 2188 :
2939 2131 3035 2189 sed
3056 2131 3258 2202 singuli
3276 2128 3558 2184 deﬁnitam

1960 2240 2392 2311 imperatamque
2437 2237 2625 2287 terunt
2668 2229 2855 2282 viam:
2916 2237 3112 2280 omnes
3158 2236 3293 2277 vero
3338 2232 3559 2275 summa

1962 2308 2256 2388 concordia
2277 2325 2345 2381 ad
2378 2323 2636 2396 prcelium
2671 2325 2862 2374 ruunt.
2914 2314 3138 2371 (Armis
3182 2312 3302 2369 suis
3348 2308 3563 2383 gravati

1962 2422 2238 2487 incedent,
2283 2426 2335 2475 et
2371 2418 2429 2473 in
2466 2414 2672 2486 jaculis
2703 2411 2821 2467 suis
2866 2408 3085 2471 cadent,
3134 2414 3191 2462 et
3230 2419 3338 2460 non
3364 2402 3566 2459 ﬁnien-

1965 2525 2075 2572 tur.
2103 2533 2122 2566 ι
2158 2512 2276 2569 Hoc
2323 2524 2548 2580 quoque
2603 2506 2902 2577 plurimum
2954 2503 3187 2557 interest
3222 2499 3297 2555 ob
3329 2497 3564 2561 demon-

1967 2604 2249 2663 strandam
2284 2601 2355 2657 ad
2381 2600 2587 2656 bellum
2626 2592 3143 2669 promptitudinem,
3188 2589 3382 2661 siquis
3419 2603 3568 2643 nun-

1967 2712 2133 2772 quam
2176 2706 2331 2752 extra
2367 2695 2590 2765 propria
2631 2702 2784 2745 arma
2829 2687 2917 2743 sit.
2959 2684 3103 2741 Dicit
3140 2682 3325 2739 enim:
3388 2677 3470 2735 Ne
3507 2678 3567 2734 in

1970 2770 2168 2848 itinere
2247 2788 2472 2860 quidem
2547 2797 2704 2838 arma
2767 2779 3072 2850 deponunt,
3139 2774 3401 2831 libentius
3456 2770 3564 2843 7⁵1

1967 2900 2161 2942 eorum
2185 2881 2400 2954 pondus
2433 2884 2711 2950 gerentes,
2736 2888 2902 2947 quam
2931 2888 2993 2928 se
3020 2863 3262 2927 inermes
3306 2873 3568 2938 Spectan-

1972 2979 2125 3035 tibus
2156 2976 2521 3033 exhibentes:
2564 2987 2694 3026 nam
2738 2980 2917 3037 neque
2943 2965 2990 3021 si
3022 2962 3162 3019 forte
3209 2973 3438 3032 pausam
3469 2956 3572 3012 ali-

1974 3086 2142 3143 quam
2187 3067 2433 3139 capiant,
2475 3063 2596 3119 sine
2619 3059 2792 3116 armis
2840 3056 2961 3114 suis
3013 3060 3164 3111 sunt.
3209 3051 3447 3114 Etenim,
3477 3063 3572 3103 ca-

1977 3141 2129 3230 dent,
2163 3162 2350 3235 posuit
2386 3172 2510 3230 pro,
2564 3153 2852 3226 procidant
2880 3158 2977 3205 aut
2999 3145 3355 3204 recunibcnt:
3386 3141 3574 3197 dicere

1977 3260 2192 3322 volens,
2229 3254 2378 3327 quod
2430 3251 2629 3307 armati
2680 3258 2734 3305 et
2787 3246 3055 3303 incedunt
3098 3251 3154 3298 et
3205 3238 3566 3296 recumbunt:

1979 3353 2215 3422 ideoque
2257 3348 2487 3420 pulchre
2532 3344 2764 3408 addidit,
2825 3350 2880 3397 et
2920 3355 3034 3395 non
3072 3336 3353 3401 finientur,
3395 3332 3451 3386 id
3486 3336 3575 3385 est

1980 3447 2192 3504 nullum
2224 3443 2385 3498 tinem
2413 3438 2656 3495 bellandi
2695 3441 3024 3510 agnoscunt,
3068 3430 3125 3486 in
3152 3427 3324 3484 armis
3358 3437 3576 3495 semper

1982 3536 2306 3610 praeliisque
2345 3539 2661 3587 versantur.

269 3608 605 3701 πεσοῦνται,
626 3615 751 3687 ἀντὶ
778 3631 874 3687 τοῦ
900 3628 1302 3687 ἀναπεσοῦνται
1325 3629 1420 3682 καὶ
1445 3608 1900 3702 ἀνακλιθήσονται
1925 3608 2109 3701 λέγει·
2148 3627 2468 3700 βουλόμενος
2512 3625 2687 3685 εἰπεῖν
2708 3622 2790 3675 ὅτι
2825 3616 2965 3690 μετὰ
3008 3613 3116 3669 τῶν
3162 3611 3343 3666 ὅπλων
3365 3608 3461 3663 καὶ
3482 3623 3581 3660 πο-

269 3731 534 3804 ρεύονται
576 3698 675 3781 δαὶ
721 3726 1123 3780 ἀνακλίνανται’
1173 3723 1256 3777 διὸ
1282 3721 1465 3786 καλῶς
1508 3698 1780 3795 ἐπήγαγε,
1808 3726 1903 3781 καὶ
1926 3698 2097 3799 οὑ-μὴ
2133 3698 2579 3777 συντελεσθῶσιν·
2613 3716 2736 3771 ἀντὶ
2762 3712 2892 3779 τοῦ,
2928 3709 3104 3781 πέρας
3134 3705 3237 3760 οὐκ
3271 3702 3451 3758 ῑσασιν
3481 3698 3578 3781 τοῦ

279 3822 554 3894 πολέμου,
587 3821 823 3875 πάντοτε
849 3817 916 3889 δὴ
940 3819 998 3872 ἐν
1026 3815 1215 3880 ὅπλοις
1239 3815 1430 3897 τέέίσι
1462 3816 1557 3871 καὶ
1586 3817 1867 3889 πολέμοις.

340 3936 499 4007 Στίχ.
524 3935 695 3988 θ’-ια¹.
722 3965 794 3975 -
823 3950 842 3984 ι
883 3931 995 4002 Τῆς
1020 3930 1230 3994 πόλεως
1259 3929 1639 4001 ἐπιλήψονται,
1670 3933 1764 3985 καὶ
1791 3932 1885 3986 ἐπὶ

264 4033 381 4087 τῶν
407 4027 643 4100 τειχέων
674 4025 857 4081 αὐτῶν
879 4023 1236 4097 δραμοῦνται,
1266 4024 1362 4077 ἐπὶ
1392 4023 1494 4090 τὰς
1514 4024 1721 4090 οἰκείας
1752 4027 1885 4080 ἀνα-

268 4124 565 4196 ϐήσονται,
610 4120 709 4174 καὶ⁵
748 4118 838 4173 διά
883 4116 1118 4189 θυρίδων
1170 4115 1570 4173 εἰσελεύσονται
1624 4119 1701 4183 ὡς
1755 4118 1883 4172 κλέ-

273 4233 435 4271 πται.
475 4233 498 4268 ι
536 4212 697 4268 Μετὰ
732 4210 939 4282 πολλῆς
980 4209 1081 4281 μὲν
1110 4211 1210 4282 τῆς
1251 4210 1536 4283 δυνάμεως
1573 4212 1885 4284 χειροῦνται

273 4309 380 4373 τὰς
438 4306 664 4373 πόλεις,
719 4303 839 4358 οὐδὲ
884 4302 1210 4375 ἀνατρέχειν
1260 4302 1549 4368 ὀκνοῦντες
1600 4302 1739 4374 μετὰ
1777 4302 1887 4356 τῶν

276 4402 469 4456 ὅπλων
500 4399 599 4453 ἐπὶ
636 4395 708 4451 τά
731 4394 889 4468 τείχη
914 4410 928 4425 ⁸
961 4393 1372 4465 εἰσεληλυθότες
1408 4394 1465 4448 δὲ
1501 4393 1722 4449 ἃπασαν
1760 4395 1887 4447 ἐπι-

2063 3929 2234 3985 Vens.
2262 3926 2420 3983 9-H.
2449 3954 2521 3965 —
2553 3940 2570 3974 ‹
2603 3919 2803 3977 Urbem
2850 3915 3071 3987 capient
3098 3952 3114 3977 ,
3154 3918 3210 3967 et
3245 3923 3417 3980 super
3450 3920 3586 3962 mm-

1991 4022 2086 4077 nia
2136 4020 2256 4090 ejus
2303 4017 2653 4077 discurrent;
2706 4009 2902 4064 domos
2948 4000 3346 4067 conscendent,
3390 4003 3444 4053 et
3489 4010 3586 4066 per

1994 4087 2268 4168 fenestras
2317 4105 2609 4163 intrabunt
2634 4098 2796 4173 quasi
2836 4096 3013 4152 fures.
3061 4112 3081 4147 ι
3131 4090 3341 4162 Magnis
3373 4087 3588 4143 viribus

1994 4203 2162 4258 urbes
2217 4199 2477 4261 domant,
2542 4206 2726 4264 neque
2780 4203 2892 4244 non
2960 4182 3168 4240 audent
3225 4193 3455 4236 currere
3517 4174 3588 4229 ad

1994 4294 2200 4350 muenia
2255 4305 2381 4347 cum
2441 4286 2632 4350 armis,
2686 4291 2742 4340 et
2801 4296 2899 4352 per
2946 4278 3148 4350 januas
3206 4272 3591 4341 fenestrasque

1994 4379 2237 4452 ingredi,
2263 4387 2324 4433 ut
2353 4373 2623 4447 quidquid
2665 4380 2751 4427 est
2790 4371 2944 4425 intus
2977 4364 3237 4422 auferant
3266 4382 3281 4418 :
3312 4364 3418 4418 hoe
3442 4358 3589 4415 enim

278 4490 546 4561 vépohat
575 4488 676 4562 τὴν
702 4441 889 4553 M13:
907 4486 1051 4541 ὥστε
1483 4441 1786 4541 οἰκᾱινῂκαί

1994 4441 2265 4544 significat
2310 4441 2539 4531 locutio,
2569 4483 2588 4516 ι
2625 4462 2783 4533 quasi
2835 4459 3021 4523 fures,
3055 4475 3074 4508 ι
3117 4470 3249 4527 pro,
3276 4453 3369 4508 'Ad
3401 4450 3591 4507 omnia

282 4583 470 4657 θυρῶν
502 4583 602 4637 καὶ
631 4580 723 4636 διὰ
746 4579 983 4652 θυρίδων
1007 4578 1271 4642 εἰσιέναι,
1304 4578 1399 4632 ἐπὶ
1439 4576 1519 4651 τῷ
1548 4577 1728 4632 πάντα
1756 4576 1895 4645 ἀφε-

281 4676 400 4729 λεῖν
425 4674 499 4729 τὰ
519 4673 711 4728 ἐνόντα
729 4687 744 4703 ·
774 4670 838 4725 τὸ
861 4669 996 4742 γὰρ,
1030 4689 1050 4722 ε
1093 4669 1170 4735 ὡς
1202 4668 1454 4735 κλέπται,
1488 4688 1508 4722 ι
1541 4667 1702 4723 τοῦτο
1723 4666 1892 4737 λέγει,

282 4770 411 4827 ἀντὶ
434 4767 556 4836 τοῦ,
592 4766 687 4819 ἐπὶ
722 4763 802 4835 τῷ
848 4764 1030 4819 πάντα
1075 4762 1297 4832 ἀφελεῖν
1327 4763 1424 4818 καί⁷
1452 4761 1671 4833 κλέψαι.
1723 4780 1740 4813 ι
1782 4759 1897 4833 Πρὸ

286 4861 591 4936 προσώπου
620 4855 789 4913 αὑτοῦ
821 4855 1232 4927 συγχυθήσεται
1269 4857 1303 4927 ἡ
1337 4858 1408 4929 γῆ
1436 4895 1452 4921 ,
1480 4858 1576 4909 καὶ
1606 4854 1895 4926 σεισθὴσε-

284 4974 375 5010 ται
405 4957 438 5009 ὁ
470 4950 737 5025 οὐρανὸς,
775 4953 804 5004 ό
833 4950 988 5021 ἥλιος
1024 4949 1119 5004 καὶ
1154 4951 1191 5020 ἡ
1225 4950 1427 5021 σελήνη
1470 4938 1893 5015 συσκοτάσουσι,

285 5049 366 5118 (p.
404 5045 538 5114 117)
569 5044 666 5098 καὶ
697 5044 770 5098 τὰ
803 5041 984 5114 ἄστρα
1023 5040 1247 5094 δύσουσι
1279 5040 1342 5094 τὸ
1383 5041 1587 5111 φέγγος
1616 5037 1819 5094 αὐτῶν.
1872 5056 1893 5090 ι

288 5143 483 5196 Ἕοικε
520 5139 620 5210 μὲν
662 5140 691 5191 ὁ
720 5136 1010 5209 προφήτης
1057 5133 1441 5206 ὑπερϐολικῶς
1471 5134 1542 5188 τὰ
1592 5132 1766 5187 πολλὰ
1806 5130 1899 5186 λέ-

286 5247 433 5299 γειν,
469 5229 554 5292 εἰς
596 5226 823 5299 μείζονα
869 5223 1135 5295 ἔκπληξιν
1178 5223 1290 5278 τῶν
1335 5223 1673 5278 ἀκουόντων·
1709 5221 1898 5295 ἐπειδὴ

286 5322 455 5378 ὁποῖά
484 5321 609 5375 ποτ’
661 5319 731 5373 ἂν
837 5317 909 5371 τά
936 5316 1229 5388 λεγόμενα,
1263 5316 1513 5369 λείπεται
1550 5315 1659 5368 τῶν
1686 5313 1894 5387 ἔργων·

286 5415 454 5487 δῆλος
480 5412 541 5466 δέ
571 5413 690 5467 ἐστι
718 5408 1025 5475 κάνταῦθα,
1063 5409 1124 5463 οὐ
1156 5407 1226 5462 τὰ
1273 5408 1517 5478 στοιχεῖα
1554 5404 1731 5475 λέγων
1765 5419 1898 5472 συγ-

287 5507 511 5581 χεῖσθαι
538 5506 636 5559 καὶ
663 5500 1076 5576 μετατίθεσθαι,
1106 5500 1223 5555 ἀλλ’
1254 5498 1444 5570 ἐπειδὴ
1470 5499 1584 5561 τοῖς
1623 5497 1682 5551 ἐν
1710 5496 1899 5559 κακοῖς

194 5660 207 5665 _
288 5594 713 5667 ἐξεταζομένοις
767 5591 903 5647 ἴδιόν
953 5592 1072 5645 ἐστι
1123 5589 1225 5655 τάς
1268 5587 1569 5660 ὑπολήψεις
1621 5586 1760 5658 πρὸς
1801 5584 1901 5655 τὴν

290 5691 642 5761 κατέχουσαν
691 5685 1053 5758 μεθίστασθαι
1105 5682 1368 5746 πολλάκις
1414 5680 1695 5750 ἀνάγκην·
1746 5675 1903 5730 τοῦτο

286 5780 390 5844 οὖν
423 5783 608 5856 λέγει,
649 5782 735 5837 ὅτι
770 5780 1090 5852 συγχύσεως
1120 5779 1219 5850 μὲν
1253 5773 1622 5846 πληροῦνται,
1654 5768 1902 5833 ἐπιόντος

1996 4542 2359 4623 auferendum
2395 4568 2451 4617 et
2481 4555 2800 4614 furandum.
2843 4571 2863 4606 ι
2909 4551 2956 4607 Δ
2991 4548 3135 4605 facie
3180 4546 3304 4618 ejus
3347 4542 3589 4601 confun-

1996 4659 2161 4715 detur
2208 4664 2398 4722 terra,
2442 4647 2888 4707 commovebitur
2937 4642 3175 4709 caelum,
3229 4640 3312 4696 sol
3362 4646 3418 4694 et
3463 4636 3593 4691 luna

1997 4746 2528 4810 obtenebrabuntur,
2570 4750 2625 4798 et
2668 4738 2843 4796 stellae
2887 4734 3193 4794 recondent
3238 4731 3593 4805 splendorem

1999 4855 2185 4900 suum.
2244 4858 2262 4893 ι
2339 4836 2572 4892 Videtur
2655 4832 2926 4906 propheta
2993 4826 3350 4900 hyperbolice
3417 4823 3595 4878 multa

2000 4935 2208 4996 dicere,
2254 4941 2318 4987 ut
2361 4928 2571 5000 majore
2610 4923 2901 4981 audientes
2946 4922 3131 4994 pulset
3175 4926 3409 4975 terrore.
3456 4910 3596 4969 Nam

2002 5022 2342 5082 cuicuimodi
2388 5020 2503 5077 sint
2558 5019 2680 5074 haec
2727 5016 2918 5081 verba,
2967 5014 3184 5069 minora
3236 5010 3402 5066 rebus
3444 5012 3597 5064 sunt.

2000 5118 2247 5191 Apparet
2280 5121 2469 5171 autem
2504 5113 2610 5169 hoc
2643 5110 2811 5166 etiam
2841 5098 2963 5163 loco
2994 5105 3322 5178 prophetam
3351 5099 3497 5155 haud
3524 5098 3600 5152 ita

2003 5212 2153 5283 loqui
2173 5210 2331 5283 quasi
2354 5209 2626 5265 elementa
2649 5203 3064 5261 confundantur
3089 5208 3150 5257 et‘
3167 5194 3598 5260 transferantur,

2003 5306 2097 5364 sed
2156 5304 2288 5375 quia
2337 5316 2460 5357 mos
2510 5306 2597 5356 est
2643 5312 2836 5354 eorum
2892 5294 2987 5366 qui
3040 5290 3202 5347 malis
3245 5291 3601 5352 exercentur,

2002 5370 2205 5452 mentis
2256 5392 2412 5448 ideas
2458 5389 2528 5445 ad
2574 5402 2705 5443 suas
2758 5378 3065 5457 prazsentes'
3109 5390 3257 5444 saepe
3309 5370 3602 5443 angustias

2005 5487 2330 5545 transferre.
2364 5484 2511 5539 Dicit
2541 5482 2712 5554 igitur
2747 5478 2870 5535 fore
2904 5484 2966 5532 ut
2990 5471 3247 5529 homines
3275 5464 3600 5524 confusione

2006 5582 2347 5653 repleantur,
2365 5575 2706 5648 ‘Domino'in
2733 5582 2937 5628 terram
2975 5567 3335 5624 adventante.
3367 5557 3603 5615 Videtur

2005 5687 2136 5744 ergo
2176 5670 2308 5735 illis,
2356 5668 2450 5739 qui
2491 5665 2623 5721 talia
2674 5679 2704 5717 a
2750 5662 2860 5718 Deo
2908 5660 2965 5715 in
3009 5667 3155 5714 terra
3203 5655 3513 5728 patiuntur,
3546 5653 3603 5706 et

2009 5766 2208 5824 coelum
2265 5760 2509 5829 concuti,
2545 5766 2599 5816 et
2641 5756 2725 5814 sol
2768 5752 2985 5813 acfuna
3030 5760 3084 5810 ct
3126 5748 3308 5809 sidera
3345 5747 3457 5820 jam
3488 5756 3602 5800 non
