4102 6520
490 308 600 365 Ξὶὸ
1676 313 2026 372 THEODORI
2062 313 2083 370 1

2186 315 2296 374 .’SU
2306 315 2550 372 ESTENI
3106 344 3121 365 κ
3635 306 3743 364 225

491 426 756 489 relucere,
808 425 1077 480 malorum
1128 424 1342 482 scilicet
1396 426 1669 495 gravitate
1725 427 2059 497 patientibus

2186 429 2325 484 ιύτοῦ
2352 431 2421 484 τὰ
2461 428 2603 483 κατὰ
2627 428 2760 499 γῆνο
2796 428 2943 483 δοκεῖ
2971 428 3027 481 δὲ
3064 432 3174 492 τοῖς
3216 429 3273 481 ἐν
3300 430 3364 499 τῇ
3391 429 3466 498 γῇ
3490 408 3742 485 ’τοιαῦτα
3808 420 3825 431 ”

490 518 760 587 eripiente
792 517 934 572 lucis
960 532 1200 573 sensum.
1247 536 1267 570 ι
1307 516 1373 571 Ει
1401 516 1664 574 Dominus
1690 519 1842 573 dabit
1876 522 2064 574 vocem

2186 521 2437 590 πάσχουσι
2465 519 2594 589 παρ’
2621 518 2808 586 αὐτοῦ,
2837 521 2932 574 καὶ
2959 522 2987 573 ό
3013 520 3241 589 οὐρανὸς
3276 520 3621 589 σαλεύεσθαι,
3643 522 3741 576 καὶ

496 622 653 663 suam
694 612 821 661 ante
846 606 1040 661 faciem
1076 608 1351 664 exercitus
1387 608 1473 664 sui
1518 627 1530 664 :
1568 610 1699 680 quia
1736 611 2066 665 multasunt

2186 613 2197 663 ἰ
2220 611 2390 682 ἥλιος,
2420 612 2514 666 καὶ
2539 612 2572 682 ἡ
2604 610 2823 682 σελήνη,
2851 612 2945 665 καί⁵
2968 610 3039 663 τὰ
3065 612 3245 682 άστρα
3275 612 3471 681 μηκέτι
3505 615 3738 682 φαίνειν,

495 699 658 753 nimis
676 706 855 753 castra
879 699 1021 767 ejus,
1047 699 1176 768 quia
1206 699 1368 753 fortia
1390 715 1554 771 opera
1588 701 1875 755 verborum
1897 701 2018 771 ejus
2042 719 2062 771 7:

2166 698 2277 776 τῆξ
2288 705 2395 759 τῶν
2418 704 2603 758 κακῶν
2625 704 2922 776 βαρύτητος
2943 704 3350 777 ἀφαιρουμένης
3373 705 3480 759 τῶν
3510 707 3745 776 πασχόν-

495 806 727 861 magnus
781 792 929 845 enim
988 794 1107 848 dies
1158 792 1416 856 Domini,
1481 810 1675 864 magna
1727 801 1782 850 et
1835 770 2067 854 illustri‘s

2186 770 2276 850 των
2305 797 2398 851 τοῦ
2442 770 2636 867 φωτὸς-
2660 770 2757 867 την
2799 770 3094 867 αἴσθησιν..
3122 813 3142 847 ι
3185 770 3315 848 -Καί-
3341 796 3543 867 Κύριος
3579 770 3743 850 δῶσει

496 882 675 948 valde,
723 890 776 937 et
806 884 932 953 quis
972 884 1268 938 sustinebit
1301 886 1467 939 eam?
1508 904 1525 935 ι
1559 885 1840 955 Loquetur
1872 896 2070 956 praeter

495 971 642 1027 facta
691 974 805 1027 haec
856 974 973 1043 ipse
1031 975 1312 1038 Dominus,
1372 976 1533 1044 cujus
1596 979 1900 1042 voluntate,
1955 980 2069 1033 haec

497 1077 719 1133 propter
757 1076 993 1120 vestram
1034 1069 1331 1136 nequitiam
1374 1070 1653 1138 patiemini
1693 1087 1704 1121 :
1740 1071 1851 1140 78
1877 1085 2071 1141 qnam-

497 1159 685 1213 obrem
725 1170 855 1215 tunc
889 1176 987 1216 vos
1036 1163 1300 1218 noveritis
1351 1173 1520 1217 totam
1575 1167 1713 1217 hanc
1767 1166 1887 1235 ejus
1950 1182 2075 1222 esse

498 1250 694 1314 aciem,
753 1250 911 1318 cujus
972 1253 1254 1306 voluntate
1309 1263 1579 1309 movetur.
1653 1256 1852 1312 Scietis
1907 1260 2071 1311 etiam

2172 891 2356 959 φωνὴν
2403 888 2566 942 αὐτοῦ
2616 889 2724 958 πρὸ
2766 887 3059 960 προσώπου
3104 886 3385 956 δυνάμεως
3432 889 3619 942 αὐτοῦ·
3659 891 3745 943 ὅτι

2174 981 2341 1050 πολλή
2372 982 2487 1032 ἐστι
2524 979 2727 1050 σφόδρα
2757 980 2790 1048 ἠ
2833 977 3152 1049 παρεμϐολὴ
3188 977 3351 1031 αὐτοῦ
3376 995 3389 1007 ⁸
3427 979 3509 1031 ὅτι
3547 978 3748 1051 ἰσχυρὰ

2174 1072 2308 1143 ἔργα
2344 1072 2518 1139 λόγων
2557 1068 2748 1131 αὐτοῦ·
2786 1069 2918 1121 διότι
2962 1068 3167 1139 μεγάλη
3205 1071 3237 1138 ἠ
3276 1068 3457 1138 ἡμέρα
3492 1068 3586 1121 τοῦ
3630 1071 3740 1123 Κυ-

2174 1163 2311 1235 ρίου,
2352 1160 2563 1231 μεγάλη
2602 1160 2696 1213 καὶ
2732 1159 2999 1228 ἐπιφανὴς
3036 1158 3281 1228 σφόδρα⁹
3331 1158 3426 1211 καὶ
3467 1157 3549 1222 τίς
3597 1160 3748 1212 ἐστιν

2176 1252 2361 1315 ίκανὺς
2392 1253 2564 1322 αὐτῇ;
2602 1268 2621 1301 ι
2666 1250 3082 1319 Ἐπιφθέγξεται
3112 1251 3169 1303 δὲ
3189 1253 3301 1314 τοῖς
3320 1250 3624 1320 γινομένοις
3649 1251 3749 1304 καὶ

500 1348 700 1405 quanta
737 1338 809 1392 sit
850 1340 1136 1395 verborum
1161 1343 1281 1411 ejus
1310 1343 1415 1407 vis,
1452 1346 1580 1398 olim
1627 1346 1921 1415 loquentis,
1948 1363 2071 1402 cum

2186 1344 2201 1396 5
2244 1341 2396 1403 Θεὸς,
2444 1335 2616 1411 οὐπερ
2663 1334 2757 1393 οὖν
2810 1338 3004 1410 γνώμῃ
3047 1332 3224 1392 ταῦτα’
3257 1339 3345 1391 διὰ
3390 1338 3489 1407 τὴν
3538 1340 3750 1393 οἰκείαν

496 1442 597 1481 vos
632 1429 809 1484 verbis
844 1445 950 1484 non
980 1432 1310 1500 credebatis,
1335 1451 1455 1504 quae
1480 1445 1666 1503 postea
1703 1438 1757 1490 in
1787 1454 1898 1492 rem
1939 1454 2075 1493 con-

499 1518 659 1584 tulit;
684 1520 1053 1588 ostenditque,
1086 1523 1384 1590 quemlibet
1410 1539 1716 1579 sermonem
1745 1527 1865 1595 ejus
1890 1528 2076 1595 perin-

500 1607 570 1663 de
600 1623 724 1664 esse
754 1626 817 1663 ac
848 1610 990 1667 forte
1023 1628 1162 1681 Opus
1190 1631 1203 1667 :
1245 1616 1688 1684 quandoquidem
1714 1617 1849 1672 adeo
1880 1631 2076 1687 magna

501 1708 555 1753 et
616 1700 850 1755 illustris
907 1711 993 1758 est
1048 1706 1549 1773 supervenientium
1600 1708 1759 1763 vobis
1804 1711 2075 1763 malorum

2177 1433 2430 1486 πείσεσθε
2459 1432 2656 1486 κακίαν
2675 1447 2690 1460 ’
2719 1431 2861 1483 ὥστε
2887 1431 3009 1484 τότε
3046 1431 3144 1501 μὲν
3171 1432 3315 1502 ὑμᾶς
3339 1430 3543 1497 γνῶναι
3566 1432 3751 1483 πᾶσαν

2177 1526 2341 1580 αὐτοῦ
2374 1525 2471 1595 τὴν
2501 1524 2805 1594 παράταξιν
2834 1523 3037 1592 ταύτην
3061 1518 3225 1576 οὖσαν
3246 1563 3260 1586 ,
3286 1517 3457 1593 οὗπερ
3477 1519 3568 1575 οὖν
3596 1521 3749 1574 κεκῙ·

2177 1633 2334 1686 νηται
2355 1614 2549 1686 γνώμῃ
2568 1631 2581 1644 ·
2616 1614 2819 1682 γνῶναι
2846 1614 2902 1665 δὲ
2932 1613 3027 1665 καὶ
3049 1613 3148 1681 ὅση
3177 1613 3294 1665 ἐστὶ
3325 1612 3433 1664 τῶν
3457 1611 3630 1680 λόγων
3651 1611 3755 1663 αὐ-

2177 1707 2270 1760 τοῦ
2307 1709 2341 1777 ἡ
2384 1709 2554 1776 ισχὺς,
2581 1706 2747 1758 πάλαι
2779 1705 2878 1774 μὲν
2907 1704 3188 1775 εἰρηκότος
3220 1704 3309 1756 ὅτε
3335 1720 3440 1773 περ
3469 1704 3753 1771 ὴπιστεῖτε

501 1789 640 1844 dies.
676 1790 832 1845 Tunc
863 1808 950 1847 res
979 1809 1077 1862 pro
1107 1795 1292 1849 divina
1323 1798 1600 1853 voluntate
1635 1797 1719 1853 ﬁet
1743 1837 1757 1861 ,
1794 1815 1895 1854 nec
1924 1800 2078 1869 quis-

2186 1799 2287 1860 τοῖς
2324 1796 2666 1866 λεγομένοις’
2703 1794 2928 1863 ὕστερον
2961 1794 3017 1847 δὲ
3056 1794 3196 1848 αὐτὰ
3239 1793 3518 1859 ὲξάξοντος
3548 1795 3627 1855 εἰς
3659 1792 3757 1862 ἐρα

503 1896 668 1950 quam
704 1882 972 1936 malorum
1009 1884 1225 1939 illorum
1265 1887 1407 1942 ferre
1456 1891 1657 1957 poterit
1691 1891 1909 1945 molem.
1939 1891 2076 1957 Qui-

503 1972 609 2027 bus
631 1974 813 2029 verbis
836 1984 1123 2045 postquam
1146 1976 1386 2032 hostium
1410 1994 1605 2048 graves
1628 1982 1774 2036 vires
1798 1984 2077 2052 exposuit,

504 2063 789 2134 subjungit
820 2085 834 2119 ζ

2174 1908 2293 1961 γον,
2319 1890 2394 1959 (p.
2425 1890 2547 1959 118)
2573 1889 2665 1942 καὶ
2686 1887 2956 1951 δείξαντος
2982 1890 3063 1941 ὅτι
3085 1889 3191 1949 πᾶς
3221 1887 3377 1955 λόγος
3400 1886 3564 1941 αὐτοῦ
3590 1887 3755 1957 ἔργον

2176 1983 2323 2035 ἐστὶν
2360 1980 2612 2049 ἰσχυρόν·
2655 1980 2737 2031 ὅτι
2768 1995 2827 2030 τε
2864 1978 3007 2031 οὓτω
3042 1978 3251 2049 μεγάλη
3288 1979 3382 2030 καὶ
3414 1977 3681 2049 ἐπιφανὴς
3716 1977 3755 2046 ἡ

2175 2072 2287 2126 τῶν
2325 2070 2586 2124 ἐπιόντων
2618 2071 2746 2139 ὑμῖν
2787 2069 2972 2122 κακῶν
3009 2070 3227 2141 ἡμέρα·
3259 2070 3384 2122 τότε
3430 2069 3581 2122 ἔσται
3611 2066 3761 2123 κατὰ

504 2157 604 2227 τὴν
635 2157 856 2228 γνώμην
889 2158 986 2227 τὴν
1019 2158 1186 2225 Θείαν,
1216 2162 1293 2223 ὠς
1327 2162 1459 2231 μηδὲ
1490 2157 1630 2216 εἷναί
1658 2181 1778 2217 τινα
1804 2165 2028 2220 δυνατὸν
2066 2165 2176 2220 τῶν
2217 2164 2339 2217 τότε
2376 2162 2675 2233 γινομένων
2711 2161 2896 2216 κακῶν
2930 2160 3222 2232 ὑποφέρειν
3261 2160 3321 2214 τὸ
3360 2159 3590 2231 μέγεθος
3616 2176 3629 2189 ·
3670 2159 3761 2212 δι-

505 2248 852 2320 ηγησάμενος
874 2250 929 2303 δὲ
957 2250 1065 2304 τῶν
1086 2251 1358 2321 πολεμίων
1387 2254 1484 2324 τὴν
1515 2252 1789 2325 βαρύτητα
1820 2259 1877 2309 ὲν
1900 2255 2126 2322 τούτοις,
2163 2254 2356 2322 ἐπάγει
2376 2266 2391 2281 ’

583 2339 749 2395 Vsus.
791 2341 982 2395 1214.
1030 2372 1103 2383 --
1135 2362 1153 2394 ι
1196 2342 1259 2397 Ει
1297 2360 1445 2398 nunc
1485 2345 1619 2400 dicit
1654 2346 1919 2402 Dominus
1944 2347 2086 2404 Deus

513 2442 694 2486 vester
726 2450 740 2486 :
767 2432 1166 2488 Convertimini
1205 2436 1269 2490 ad
1301 2452 1388 2490 me
1431 2443 1547 2491 toto
1576 2436 1744 2492 corde
1778 2448 1985 2500 vestro,
2031 2440 2087 2493 in

510 2523 724 2592 jejunio
749 2533 803 2580 et
834 2526 888 2579 in
917 2525 1043 2580 ﬁetu
1073 2534 1129 2581 et
1167 2526 1223 2581 in
1273 2528 1521 2596 planctu,
1562 2536 1616 2583 et
1650 2531 1886 2585 scindite
1920 2531 2086 2585 corda

511 2625 718 2679 vestra,
745 2625 799 2672 et
838 2634 946 2672 non
974 2620 1297 2675 vestimenta
1336 2632 1519 2676 vestra
1551 2640 1563 2677 :
1606 2634 1660 2676 et
1698 2621 2086 2678 convertimini

520 2707 588 2760 ad
616 2706 902 2763 Dominum
936 2708 1100 2764 Deum
1139 2719 1404 2776 vestrum,
1434 2714 1561 2783 quia
1593 2713 1864 2783 benignus
1899 2722 1954 2769 et
1985 2714 2083 2767 mi-

509 2799 746 2853 sericors
773 2809 860 2853 est
880 2839 893 2865 ,
926 2808 981 2855 et
1010 2801 1336 2871 longanimis
1361 2818 1427 2857 ac
1454 2802 1638 2857 multae
1666 2804 2080 2867 misericordiae,

508 2889 835 2947 etllexibilis
868 2906 1035 2961 super
1078 2892 1481 2963 iniquitatibus.
1525 2913 1543 2948 ι
1580 2892 1689 2951 Sed
1729 2895 1874 2950 enim
1903 2909 2077 2965 quan-

444 2974 453 2981 ”
510 2996 674 3049 quam
723 2998 811 3038 res
865 2984 939 3038 ita
997 2999 1058 3039 se
1109 2984 1370 3049 habeant,
1433 2989 1611 3056 agesis
1668 2989 1853 3043 cuncti
1902 2990 2083 3045 studia

511 3079 701 3125 nostra
748 3085 779 3125 a
828 3072 959 3127 vitio
1006 3072 1073 3126 ad
1119 3075 1376 3130 virtutem
1409 3087 1817 3144 convertamus,
1874 3081 2087 3141 cuncti,

2253 2346 2401 2417 Στίχ.
2442 2344 2627 2415 ιβ’-ιδ’.
2659 2376 2730 2386 -
2778 2363 2795 2395 ι
2846 2340 2955 2396 Καὶ
2993 2339 3088 2396 νῦν
3132 2344 3281 2412 λέγει
3319 2344 3523 2415 Κύριος
3558 2344 3588 2397 ό
3623 2342 3759 2406 Θεδς

2184 2436 2370 2508 ὑμῶν,
2430 2435 2831 2508 Ἐπιστράιρητε
2861 2437 2998 2507 πρός
3034 2453 3099 2503 με
3130 2435 3190 2500 ἐξ
3233 2436 3361 2505 ὅλης
3386 2436 3484 2506 τῆς
3528 2434 3759 2505 καρδίας

2183 2528 2358 2599 ὐμῶν,
2387 2530 2446 2581 ὲν
2483 2528 2709 2599 νηστείᾳ
2742 2528 2837 2580 καί⁵
2878 2529 2936 2581 ὲν
2975 2527 3238 2599 κλαυθμῷ
3269 2529 3369 2582 καὶ
3402 2529 3460 2581 ἐν
3504 2527 3759 2598 κοπετῷο

2181 2619 2276 2672 καί⁵
2301 2618 2629 2691 διαρῥήξατε
2659 2619 2760 2681 τὰς
2787 2619 3012 2689 καρδίας
3039 2620 3214 2689 ὑμῶν,
3244 2621 3338 2674 καὶ
3369 2619 3444 2691 μὴ
3472 2620 3542 2673 τὰ
3569 2620 3763 2691 ἱμάτια

2188 2708 2342 2780 ὐμῶν
2363 2726 2375 2738 ·
2408 2710 2498 2763 καὶ
2520 2708 2891 2779 ἐπιστράφητε
2922 2710 3059 2780 πρὸς
3086 2708 3290 2781 Κύριον
3310 2709 3401 2762 τὸν
3423 2709 3555 2783 Θερν
3580 2708 3757 2778 ὐμῶν·

2186 2800 2269 2854 ὅτι
2318 2800 2564 2869 ἐλεήμων
2603 2800 2709 2851 καΥ
2736 2798 3032 2871 οἰκτίρμων
3076 2800 3225 2863 ἐστὶ,
3278 2800 3627 2871 μακρόθυμος
3665 2798 3763 2854 καὶ.

2188 2892 2485 2955 mxumo;-
2510 2889 2608 2945 καὶ
2644 2890 2921 2961 μετανοῶν
2952 2890 3043 2944 ἐπὶ
3074 2892 3195 2954 ταῖς
3238 2891 3479 2954 κακίαις.
3532 2909 3552 2941 ι
3600 2888 3761 2942 Ἀλλὰ

2187 2986 2295 3058 γὰρ
2322 2986 2415 3039 καὶ
2438 2982 2639 3038 τούτων
2664 2982 2838 3045 οὕτως
2860 2981 3116 3052 ἐχόντων,
3136 2981 3267 3052 φέρε
3292 2981 3356 3052 δὴ
3379 2982 3579 3045 πάντες
3603 2997 3766 3052 μετα-

2188 3075 2480 3148 ϐαλώμεθα
2506 3076 2598 3129 τὸν
2623 3074 2884 3145 λογισμὸν
2908 3076 2972 3127 ὲκ
2996 3073 3089 3127 τοῦ
3113 3074 3354 3144 χείρονος
3384 3072 3477 3126 ἐπὶ
3498 3073 3559 3125 τὸ
3587 3074 3764 3143 κρεῖτ-

511 3161 753 3231 inquam,
785 3172 901 3218 tota
936 3174 1115 3221 mente
1150 3167 1216 3221 ad
1256 3167 1421 3222 Deum
1453 3168 1797 3235 inclinentur,
1839 3171 2083 3242 jejuniis,

2186 3185 2300 3233 τον,
2322 3167 2417 3220 καὶ
2439 3166 2717 3236 νεύσωμεν
2740 3165 2980 3228 ἅπαντες
3007 3164 3286 3234 ὁλοκλήρῳ
3307 3166 3373 3233 τῇ
3396 3162 3604 3233 διανοίᾳ
3627 3161 3763 3233 πρὸς

511 3254 641 3308 ﬂetu
693 3262 747 3309 et
800 3257 1022 3326 planctu
1062 3259 1351 3329 occupati;
1403 3276 1579 3330 neque
1628 3271 1809 3319 vestes
1867 3272 2087 3318 nostras

511 3345 850 3410 scindamus,
902 3350 996 3418 qui
1048 3364 1169 3405 mos
1220 3363 1403 3407 vester
1446 3367 1588 3420 saepe
1621 3360 1706 3407 est
1753 3353 1877 3410 sine
1919 3354 2089 3410 animi

511 3436 755 3504 aﬁ‘ectu;
813 3439 905 3495 sed
959 3443 1125 3497 corda
1171 3452 1354 3499 vestra
1396 3445 1639 3515 pandite,
1675 3445 1898 3517 Deoque
1942 3448 2089 3504 nuda

511 3531 768 3586 exhibete
791 3573 806 3598 ,
833 3543 890 3589 ut
913 3542 1098 3592 vetere
1128 3538 1337 3592 malitia
1359 3538 1607 3609 deposita
1629 3579 1644 3604 ,
1673 3549 1912 3595 vestram
1942 3544 2089 3597 circa

515 3621 684 3677 Deum
708 3634 943 3682 mentem
971 3628 1381 3686 demonstretis.
1421 3630 1607 3701 Neque
1631 3635 1777 3687 enim
1800 3642 1883 3689 est
1913 3624 2092 3689 incre-

512 3714 682 3769 dibile
703 3753 717 3777 ,
751 3730 877 3770 cum
906 3718 978 3773 sit
1001 3719 1159 3775 valde
1188 3720 1483 3791 benignus,
1517 3731 1572 3776 et
1603 3724 1773 3777 multa
1807 3739 1933 3794 erga
1965 3738 2093 3794 pec-

514 3813 702 3860 cantes
732 3807 991 3877 patientia
1036 3812 1111 3864 uti
1144 3813 1361 3875 solitus.
1398 3811 1518 3868 fore
1552 3822 1612 3867 ut
1662 3816 1804 3867 mala
1840 3815 2092 3869 retrahat

511 3912 637 3967 quae
680 3900 831 3956 vobis
857 3884 1138 3970 imponere
1165 3905 1463 3975 cogitabat.
1511 3922 1529 3957 ι
1572 3905 1711 3972 Quis
1751 3907 1923 3971 novit,
1958 3921 2090 3961 num

515 4000 889 4057 convertatur,
953 4001 1007 4048 et
1062 3997 1365 4066 pcenitcat,
1414 4005 1469 4053 et
1515 4000 1791 4069 relinquat
1844 4009 1968 4069 post
2033 4014 2093 4055 se

516 4080 970 4147 benedictionem,
1001 4086 1365 4153 sacrificium,
1402 4097 1456 4143 et
1489 4090 1821 4144 oblationem
1855 4090 2087 4144 Domino

516 4173 628 4227 Deo
662 4174 894 4227 vestro?
935 4194 954 4225 ›
1005 4175 1327 4247 Quanquam
1367 4179 1514 4234 haud
1551 4180 1706 4234 vobis
1755 4182 2011 4236 omnibus
2038 4181 2092 4237 id

514 4265 858 4328 exploratum
905 4279 1026 4320 esse
1068 4268 1359 4337 contingit,
1400 4268 1494 4337 qui
1537 4268 1878 4323 conscientia
1910 4276 2091 4323 vestra

517 4352 904 4420 vnlneramini,
928 4364 1165 4413 attamen
1193 4359 1439 4430 apprime
1460 4359 1618 4415 nobis
1640 4367 1899 4415 constare
1927 4373 2092 4429 opor-

515 4449 674 4505 teret,
708 4446 853 4515 quod
885 4448 930 4502 si
959 4434 1343 4505 convertamur
1365 4460 1529 4520 atque
1558 4450 1624 4506 ad
1660 4465 1784 4506 eum
1814 4450 2091 4506 declinare

515 4535 875 4603 voluerimus,
939 4539 1116 4610 ipsum
1184 4557 1405 4611 quoque
1465 4541 1754 4612 pmnitebit
1818 4541 2091 4595 malorum

517 4627 627 4697 79
658 4644 778 4699 quae
820 4630 978 4687 nobis
1008 4647 1067 4687 se
1109 4633 1388 4687 illaturum
1422 4632 1778 4699 ostenderat;
1823 4631 2092 4701 nobisque

520 4719 702 4788 potius
743 4720 926 4776 futuro
964 4730 1208 4792 tempore
1238 4725 1499 4780 beneﬁcia
1534 4726 1858 4794 largiturum
1892 4741 1904 4776 :
1950 4723 2091 4779 hanc

517 4806 665 4861 enim
709 4809 841 4864 dicit
886 4812 1317 4869 benedictionem
1356 4832 1370 4869 :
1421 4830 1655 4883 quorum
1699 4813 2087 4868 beneﬁciorum

519 4895 756 4967 primum
784 4902 888 4953 erit
912 4904 1129 4967 notitia,
1165 4904 1311 4974 quod
1338 4905 1495 4975 copia
1531 4905 1690 4959 nobis
1716 4906 1788 4959 sit
1819 4904 2090 4959 sacriﬁcia

521 5002 586 5043 ac
636 4989 925 5047 libationes
955 4994 1006 5047 ei
1044 4995 1151 5048 ritu
1194 4995 1359 5050 solito
1404 4995 1689 5050 oﬁerendi.
1736 4994 2092 5064 Perspicuum

382 5111 405 5129 ι
519 5089 602 5137 est
648 5083 792 5137 enim
845 5083 1014 5139 Deum
1039 5085 1145 5141 dici
1195 5085 1540 5153 benedicere,
1585 5101 1710 5140 cum
1758 5087 1873 5142 suis
1929 5086 2090 5141 donis

519 5175 656 5231 liene
688 5177 847 5233 alicui
880 5176 1028 5235 facit.
1062 5179 1265 5236 Deinde
1290 5180 1439 5235 addit
1473 5192 1487 5229 :

2189 3259 2342 3324 Θεὸν,
2376 3257 2653 3329 νηστείαις
2679 3274 2739 3309 τε
2768 3255 2864 3309 καὶ
2896 3254 3159 3325 κλαυθμῷ
3190 3255 3287 3308 καὶ
3314 3253 3529 3324 κοπετῷ
3558 3270 3762 3324 κεχρη-

2193 3351 2375 3422 μένοι·
2405 3350 2499 3405 καὶ
2542 3349 2615 3420 μὴ
2653 3348 2723 3402 τὰ
2764 3347 2956 3418 ἱμάτια
2981 3348 3050 3401 τὰ
3074 3346 3282 3401 ἑαυτῶν
3307 3345 3761 3427 διαρῤηγνύντες,

2188 3442 2377 3513 διόπερ
2402 3442 2521 3505 ἔθος
2559 3442 2686 3511 ὑμῖν
2726 3440 2826 3493 οὐκ
2855 3441 2920 3492 ὲκ
2950 3438 3246 3502 διαθέσεως
3276 3438 3536 3502 πολλάκις
3566 3439 3761 3491 ποιεῖν·

2189 3535 2287 3599 τὰς
2325 3534 2554 3606 καρδίας
2596 3532 2654 3585 δὲ
2698 3530 2908 3584 ἑαυτῶν
2935 3531 3292 3599 διανοίγοντές
3328 3548 3384 3584 τε
3424 3532 3518 3584 καὶ
3548 3530 3767 3600 γυμνὰς

2190 3626 2559 3695 προσάγοντες
2593 3622 2671 3692 τῷ
2701 3620 2821 3691 Θεῷ
2840 3635 2854 3650 ⁶
2889 3622 2966 3683 ὡς
2995 3620 3061 3673 ἂν
3089 3620 3187 3692 τὴν
3223 3621 3458 3675 παλαιὰν
3489 3622 3764 3693 ἀποθέμε-

2191 3732 2271 3771 νοι
2309 3714 2528 3778 κακίαν,
2549 3712 2694 3783 δῆλοι
2727 3710 2957 3781 γένησθε
2985 3714 3084 3782 τῆς
3117 3713 3244 3783 περί
3275 3713 3436 3767 αὐτὸν
3472 3713 3768 3784 ἀντεχόμε-

2191 3821 2271 3860 νοι
2308 3802 2534 3874 γνώμης
2553 3817 2569 3833 ·
2599 3802 2659 3855 οὐ
2690 3801 2801 3872 γὰρ
2839 3802 3064 3865 ἀπεικὸς
3083 3843 3098 3866 ,
3131 3802 3270 3872 ἄγαν
3297 3803 3426 3858 ὄντα
3457 3804 3766 3876 φιλάνθρω-

2192 3911 2293 3949 πον
2336 3894 2431 3948 καὶ
2482 3891 2650 3963 πολλῇ
2700 3895 2767 3963 τῇ
2826 3893 3148 3964 ἀνεξικακίᾳ
3191 3894 3266 3964 (p.
3306 3894 3427 3963 119)
3468 3898 3595 3968 περί⁸
3639 3899 3768 3961 τούς

2193 3989 2605 4062 ἁμαρτάνοντας
2628 3987 2988 4059 κεχρημένον,
3026 3984 3367 4057 μεταγνῶναι
3397 3987 3489 4041 ὲπί
3515 3990 3628 4051 τοῖς
3668 4005 3768 4041 κα-

2194 4085 2329 4144 κοῖς,
2359 4075 2440 4144 οἷς
2464 4081 2762 4148 ἐπαγαγεῖν
2788 4080 2915 4149 ὑμῖν
2944 4077 3322 4131 ἐϐουλεύσατο.
3366 4097 3384 4130 ι
3420 4078 3514 4142 Τίς
3543 4075 3684 4132 οἶδεν
3715 4081 3767 4132 εί

2195 4171 2511 4241 ἐπιστρέψει
2558 4170 2652 4222 καὶ
2706 4170 3027 4240 μετανοήσει
3088 4168 3183 4221 καὶ
3245 4167 3594 4237 ὐπολείψεται
3652 4167 3765 4238 (16)

2193 4263 2366 4319 ὀπίσω
2396 4261 2561 4316 αὐτοῦ
2590 4262 2840 4330 εὐλογίαν
2879 4261 3069 4314 θυσίαν
3097 4260 3191 4313 καὶ
3220 4258 3448 4330 σπονδὴν
3473 4258 3662 4330 Κυρίῳ
3688 4258 3768 4329 τῷ

2194 4354 2312 4424 Θεῷ
2342 4353 2493 4423 ὐμῶν
2519 4370 2535 4419 ;
2568 4372 2587 4405 ι
2619 4354 2682 4406 Et
2713 4354 2822 4425 γὰρ
2855 4353 2950 4406 καὶ
2981 4351 3055 4422 μὴ
3084 4353 3250 4405 πᾶσιν
3280 4351 3407 4421 ὑμῖν
3439 4350 3594 4420 δῆλον
3625 4346 3767 4403 εῖναι

2193 4446 2351 4500 τοῦτο
2380 4463 2442 4498 συ
2450 4444 2725 4516 μϐἐϐηκεν
2748 4444 2852 4496 ὑπὸ
2874 4444 2973 4513 τῆς
3004 4442 3359 4513 συνειδήσεως
3379 4441 3769 4513 πληττομένοις

2197 4538 2296 4605 τῆς
2321 4535 2546 4601 οἰκείας,
2571 4534 2707 4588 ἀλλὰ
2734 4533 2938 4605 σφόδρα
2974 4549 3039 4597 γε
3073 4531 3269 4585 εἰδέναι
3299 4532 3571 4604 προσῆκεν
3599 4533 3766 4602 ἡμᾶς,

2199 4628 2275 4691 ὡς
2321 4629 2370 4680 εί
2420 4624 2859 4698 μεταϐαλοίμεθά
2906 4641 2965 4678 τε
3013 4625 3108 4678 καὶ
3146 4622 3334 4679 νεῦσαι
3377 4622 3770 4694 βουληθείημεν

2200 4719 2336 4788 πρὸς
2365 4718 2544 4782 αὐτὸν,
2580 4716 3085 4788 μεταμεληθήσεται
3120 4715 3217 4787 μὲν
3246 4715 3341 4768 καὶ⁵
3371 4715 3533 4778 αὐτὸς
3563 4715 3647 4785 ἐφ’
3686 4710 3769 4779 οἷς

2199 4810 2317 4863 καθ’
2344 4808 2499 4879 ἡμῶν
2522 4808 2836 4879 ἀπεφήνατο
2859 4824 2873 4838 ⁸
2901 4809 3169 4880 χαριεῖται
3193 4806 3249 4860 δὲ
3278 4807 3409 4877 ἡμῖν
3437 4808 3497 4859 ὲν
3521 4805 3600 4876 τῷ
3631 4807 3771 4876 μετὰ

2197 4900 2371 4955 ταῦτα
2426 4901 2603 4971 χρόνῳ
2640 4898 2748 4952 τῶν
2793 4898 3007 4953 οἰκείων
3061 4898 3281 4967 ἀγαθῶν
3327 4897 3424 4970 τὴν
3469 4897 3767 4969 χορηγίαν’

2197 4992 2357 5046 τοῦτο
2403 4991 2512 5064 γὰρ
2548 4991 2794 5059 εὐλογίαν
2843 4990 3041 5061 φησίν*
3080 4983 3155 5044 ὧν
3194 4989 3409 5061 πρῶτον
3452 4992 3583 5060 ἡμῖν
3616 4988 3769 5043 ἔσται

2199 5083 2489 5155 γνώρισμα
2524 5083 2584 5136 τὸ
2616 5082 2934 5154 μεταλαϐεῖν
2967 5083 3067 5152 τῆς
3105 5080 3353 5148 ἐξουσίας
3384 5080 3477 5135 τοῦ
3499 5081 3686 5145 θυσίας
3709 5099 3768 5155 τε

2202 5177 2295 5230 καὶ
2326 5176 2554 5240 σπονδὰς
2585 5175 2735 5246 αὐτῷ
2762 5176 2903 5229 κατὰ
2937 5174 2997 5227 τὸ
3032 5175 3220 5239 εἰωθὸς
3248 5174 3543 5246 προσάγειν
3565 5192 3581 5208 ο
3614 5174 3769 5247 εὔδη-

515 5269 609 5322 λον
636 5271 744 5343 γὰρ
772 5272 852 5326 ὅτι
879 5272 1117 5340 εὐλογεῖν
1143 5240 1359 5341 λέγεται
1377 5276 1405 5327 ὁ
1429 5273 1579 5337 Θεὸς,
1612 5271 1689 5343 τῷ
1716 5275 1835 5337 ταῖς
1858 5274 2084 5337 οἰκείαις
2103 5272 2416 5343 εὐεργετεῖν
2440 5270 2672 5339 δωρεαῖς
2690 5240 2854 5323 ’.ὅθεν
2885 5267 2980 5323 καὶ
3002 5268 3252 5337 εὐλογίαν
3274 5240 3373 5339 τὴν
3400 5240 3656 5341 τοιαύτην
3679 5240 3770 5341 κέτ

520 5365 689 5436 κληκε
722 5368 948 5440 δωρεάν.
985 5365 1119 5423 Εἶτα
1148 5369 1346 5436 ὲπάγει
1371 5380 1384 5393 ⁸

594 5454 760 5513 Vsus.
793 5460 980 5515 15-18.
1011 5491 1081 5503 —
1124 5479 1142 5511 ο
1167 5460 1414 5530 Clangitc
1456 5462 1584 5516 tuba
1637 5463 1691 5516 in
1727 5463 1913 5530 Sione,
1961 5478 2091 5519 san—

521 5546 757 5602 rtilicate
803 5547 1095 5618 jejunium,
1144 5548 1435 5618 praedicatc
1485 5551 1712 5617 cultum,
1764 5561 2091 5623 congregate

2270 5460 2419 5528 Στίχ.
2457 5464 2646 5525 ιε’-ιη’.
2678 5484 2748 5498 -ι
2795 5474 2814 5506 ι
2866 5454 3167 5510 Σαλπίσατε
3210 5455 3470 5525 σάλπιγγι
3503 5456 3561 5509 ἐν
3598 5455 3764 5519 Σιὼν,

2198 5550 2461 5618 ἁγιάσατε
2483 5547 2753 5619 νηστείαν,
2782 5546 3055 5618 κηρύξατε
3085 5546 3406 5617 θεραπείαν,
3432 5546 3767 5617 συναγάγετε

596 5723 708 5797 (ιθ)
742 5726 873 5783 Cod.
912 5727 962 5795 1,
1002 5745 1163 5786 manu
1194 5730 1554 5802 ὑπολήψεται,
1587 5743 1639 5787 at
1674 5734 1727 5799 2,
1766 5733 2083 5802 ὐπολείψετα

2186 5746 2269 5786 uzc
2301 5740 2385 5787 est
2420 5725 2722 5785 communis
2748 5726 2927 5782 lectio.
