4102 6496
454 495 566 550 927

1615 483 1969 540 THEUDORI
2009 477 2489 538 MOPSUESTE‘NI

3624 459 3730 516 228

459 606 638 660 addit:
675 603 964 659 «Visitasti
1006 609 1234 664 terram,
1275 605 1330 654 et
1368 597 1653 653 inebriasti
1699 612 1844 661 eam,
1895 597 2038 653 mul-

2155 594 2208 648 ιὰ
2238 594 2434 656 οἰκεῖα,
2471 592 2566 646 καὶ
2596 591 2677 644 ὅτι
2707 591 2805 662 τὴν
2839 589 3044 662 συνήθη
3076 588 3373 661 θεραπείαν
3403 587 3463 643 ὲν
3501 587 3581 660 τῷ
3615 589 3731 663 ναῷ

457 693 717 765 ἰίρὶὶοθειί
750 693 1090 763 locupletare
1119 707 1238 747 eam
1257 731 1272 755 ,
1299 710 1316 742 ι
1361 700 1414 746 et
1443 691 1652 760 reliqua
1677 708 1692 758 ;
1741 689 2041 744 ubertatem

458 786 646 840 dicens
684 800 806 856 quae
839 791 971 838 tunc
1016 784 1124 838 illis
1180 782 1452 837 obveniet.
1488 781 1692 836 Eodem
1740 781 1905 835 modo
1952 780 2042 832 hic

454 876 643 939 etiam,
675 884 965 946 postquam
1006 889 1240 929 annonae
1269 876 1485 943 copiam
1509 874 1766 927 daturum
1798 887 1857 926 se
1881 871 2038 934 dixit,

461 967 574 1021 ait:
659 966 777 1022 Non
826 968 1004 1022 sinam
1052 982 1151 1022 vos
1191 967 1446 1037 gentibus
1517 965 1725 1020 diutius
1795 964 2043 1022 subesse.

458 1056 596 1112 Nam
638 1058 827 1124 verba,
875 1061 1028 1118 (Non
1070 1059 1212 1113 dabo
1241 1075 1338 1114 vos
1365 1057 1678 1112 nationibus
1721 1056 1949 1110 ulterius
1976 1053 2045 1108 ad

458 1150 848 1219 cpprobrium,
878 1169 897 1202 ›
941 1150 1045 1203 hoc
1075 1150 1405 1220 significant.
1441 1150 1548 1220 ει
1588 1149 1700 1202 lmo
1725 1149 1887 1202 etiam
1930 1159 2044 1216 poe-

461 1253 560 1292 nas
578 1238 645 1292 de
663 1240 1079 1308 aggressuribus
1097 1239 1295 1294 vestris
1320 1253 1555 1300 sumam,
1580 1253 1784 1308 eosque
1804 1234 2044 1291 vastitati

461 1344 824 1399 supremoque
851 1317 1019 1386 exitio
1051 1330 1285 1384 tradam.
1333 1328 1467 1382 Nam
1503 1329 1682 1399 primo
1734 1344 1831 1398 per
1878 1327 2049 1397 Baby-

459 1422 638 1476 lonios
655 1423 876 1492 puniam
896 1423 1150 1494 Assyrios
1172 1439 1186 1477 :
1209 1430 1394 1493 postea
1412 1421 1738 1493 Babylonios
1755 1419 2045 1476 Persarum

461 1524 626 1564 manu
666 1526 894 1581 prorsus
924 1514 1268 1582 exstinguam
1295 1531 1306 1564 :
1347 1519 1672 1581 tantumque
1703 1511 1922 1566 illorum
1951 1525 2048 1563 ex-

460 1599 663 1654 cidium
719 1599 938 1667 faciam,
996 1608 1056 1655 ut
1112 1603 1219 1655 ritu
1255 1601 1605 1657 morientium
1661 1609 1717 1656 et
1767 1601 2048 1656 occisione

460 1692 792 1758 occisorum,
837 1694 1024 1749 sanies
1062 1709 1253 1748 eorum
1284 1709 1347 1749 ac
1375 1694 1517 1749 fetor
1549 1695 1821 1750 neminem
1859 1694 2044 1747 lateat:

461 1795 584 1835 nam
631 1781 862 1850 putredo
905 1790 958 1838 et
988 1783 1128 1838 fetor
1162 1783 1266 1838 hoc
1319 1783 1529 1848 dicunt,
1578 1794 1834 1855 tanquam
1877 1797 2050 1852 nuper

463 1880 810 1926 mortuorum
865 1880 921 1928 et
966 1875 1294 1928 cadaverum
1353 1876 1745 1946 projectorum.
1805 1875 1942 1928 Tum
1995 1880 2050 1926 et

2150 686 2310 740 πάλιν
2343 685 2682 738 ἀποδώσουσι
2723 683 2800 753 τῷ
2833 682 2982 752 Θεῷ·
3020 682 3158 752 μετά
3199 679 3257 735 δὲ
3288 681 3446 734 τοῦτο
3488 681 3729 750 ἐπάγει·

2155 796 2173 830 ι
2223 776 2540 846 Ἐπεσκέψω
2571 776 2668 845 τὴν
2694 774 2817 843 γῆν,
2845 775 2938 826 καὶ
2967 772 3240 844 έμέθυσας
3267 772 3457 842 αὐτὴν,
3495 772 3735 842 ἐπλήθυ-

2151 886 2244 932 νας
2271 869 2362 921 τοῦ
2391 867 2690 936 πλουτῆσαι
2717 865 2888 936 αὐτὴν
2908 905 2923 929 ,
2965 886 2982 915 ι
3024 866 3119 918 καὶ
3143 865 3214 917 τὰ
3248 863 3374 933 ἑξῆς
3396 882 3408 895 ·
3439 864 3537 934 τὴ)
3566 864 3735 932 ἀφθο-

2151 959 2270 1012 νίαν
2303 959 2477 1028 λέγων
2498 959 2594 1028 τῆν
2622 960 2743 1012 τότε
2771 957 3176 1029 προσεσομένην
3202 957 3384 1018 αὐτοῖς
3405 973 3416 984 ·
3448 957 3540 1009 τὸν
3569 956 3735 1010 αὐτὸν

2151 1053 2214 1124 δὴ
2251 1052 2452 1121 τρόπον
2490 1051 2766 1104 κάνταῦθα
2797 1049 2968 1103 εἰπὼν
3003 1049 3099 1118 τῆς
3129 1047 3383 1114 εὐθηνίας
3409 1047 3508 1116 τὴν
3535 1047 3735 1101 ἀπόδο-

2155 1160 2261 1205 σιν,
2292 1142 2441 1210 λέγει
2467 1144 2546 1196 ὃτι
2589 1143 2702 1195 Οὐκ
2731 1143 2877 1195 ἐάσω
2909 1141 3054 1210 ὑμᾶς
3086 1138 3191 1192 ὑπὸ
3217 1140 3327 1199 τοῖς
3357 1137 3567 1189 ἔθνεσιν
3595 1133 3738 1190 εἶναι

2152 1236 2334 1289 οὐκέτι
2360 1251 2371 1262 ·
2400 1235 2460 1286 τὸ
2493 1234 2602 1304 γὰρ
2643 1251 2662 1285 ι
2706 1233 2783 1286 Οὐ
2803 1233 2959 1285 δώσω
2987 1231 3131 1301 ὑμᾶς
3164 1231 3220 1282 ὲν
3251 1233 3363 1291 τοῖς
3392 1227 3601 1281 ἔθνεσιν
3638 1228 3738 1282 οὐ-

2153 1328 2272 1380 κέτι
2297 1329 2375 1388 είς
2400 1325 2726 1395 ὀνειδισμὸν,
2759 1342 2778 1374 ι
2806 1324 2966 1377 τοῦτο
3006 1322 3174 1390 λέγει.
3216 1320 3376 1374 Ἀλλά
3399 1319 3507 1390 γὰρ
3537 1319 3630 1374 καλ¹
3657 1317 3740 1374 δί-

2154 1436 2255 1481 κας
2297 1418 2562 1490 λήψομαι,
2602 1417 2758 1487 φησὶ,
2804 1415 2960 1485 παρά
3000 1415 3107 1469 τῶν
3139 1413 3546 1485 ἐπεληλυθότων
3584 1413 3738 1483 ὑμῖν,

2154 1508 2363 1579 ἐρημίᾳ
2395 1525 2455 1560 τε
2498 1509 2696 1570 αὐτοὺς
2744 1507 2838 1560 καὶ
2885 1505 3181 1577 ἀφανισμῷ
3220 1505 3475 1559 παντελεῖ
3506 1505 3743 1576 παραδι-

2153 1600 2276 1662 δούς
2299 1617 2312 1630 ·
2345 1599 2560 1670 πρῶτον
2596 1600 2692 1669 μὲν
2719 1599 2827 1670 γὰρ
2853 1598 2941 1652 διὰ
2968 1598 3324 1652 Βαϐυλωνίων
3351 1599 3741 1670 τιμωρήσομαι

2169 1693 2504 1763 Ἀσσυρίους·
2542 1692 2660 1762 μετ’
2689 1691 2866 1744 έκεῖνο
2893 1691 2949 1742 δὲ
2986 1690 3360 1753 Βαϐυλωνίους
3391 1690 3478 1742 διὰ
3513 1688 3740 1760 Περσῶν

2156 1784 2436 1847 παντελῶς
2485 1783 2769 1837 ἀπολέσω·
2804 1783 3076 1854 τοσαύτην
3118 1783 3174 1835 δὲ
3222 1783 3401 1836 αὐτῶν
3435 1784 3744 1854 ἐργάσομαι

2155 1881 2254 1950 τὴν
2289 1878 2584 1940 ἀπώλειαν,
2621 1876 2763 1928 ὥστε
2807 1876 2964 1945 δίκην
3015 1874 3125 1927 τῶν
3178 1873 3628 1944 ἀποθνησκόντων
3677 1891 3742 1926 τε

461 1963 706 2027 verbum,
752 1966 1112 2031 «ascendet,»
1151 1981 1269 2037 pro,
1315 1968 1608 2033 Audietur,
1659 1969 1812 2022 dicit.
1846 1967 2050 2019 llorum

2156 1971 2250 2023 καὶ
2273 1969 2553 2032 παντελῶς
2579 1968 2989 2038 νεκρουμένων,
3023 1969 3122 2036 τήν
3153 1984 3210 2019 τε
3240 1966 3401 2035 σῆψιν
3435 1965 3612 2019 αὐτῶν
3649 1964 3744 2018 καὶ

462 2069 588 2109 vero
610 2056 852 2109 omnium
878 2071 1134 2127 quaenam
1155 2074 1322 2114 causa
1341 2060 1462 2114 est?
1500 2078 1518 2110 ι
1543 2059 1680 2124 Quia
1704 2061 2051 2129 magnificam

2155 2060 2247 2130 τὴν
2275 2060 2540 2113 δυσωδίαν
2566 2059 2772 2130 μηδένα
2795 2058 3096 2111 διαλαθεῖν·
3125 2057 3222 2127 τὴν
3248 2058 3356 2127 γὰρ
3385 2057 3622 2127 σαπρίαν
3643 2058 3743 2109 καὶ

460 2153 586 2199 sunt
635 2161 801 2216 opera
853 2155 1014 2203 tua.»
1066 2147 1480 2205 Demonstrabit
1528 2153 1733 2220 quippe
1783 2151 2051 2206 Dominus

2155 2149 2239 2201 τὸν
2274 2147 2502 2220 βρόμον,
2532 2149 2690 2202 τοῦτο
2729 2149 2901 2217 λέγει,
2931 2149 3006 2212 ὼς
3045 2148 3481 2218 ἐπιτεθνηκότων
3514 2148 3612 2218 ἥδη
3645 2149 3743 2200 καὶ

461 2249 686 2305 operum
721 2253 948 2292 suorum
989 2240 1423 2308 magnitudinem
1466 2240 1708 2295 hostium
1741 2241 2048 2311 punitione.

462 2324 665 2382 Dehinc
689 2336 1061 2384 consentanee
1085 2330 1196 2384 ait:

2149 2238 2359 2311 νεκρῶν
2395 2240 2662 2310 κειμένων
2685 2258 2697 2270 ·
2740 2240 2799 2293 τὸ
2830 2239 2886 2293 δὲ
2940 2258 2956 2290 ι
2995 2240 3352 2310 ἀναϐήσεται,
3395 2259 3412 2290 ι
3445 2240 3525 2292 ὅτι
3565 2239 3742 2292 Πᾶσιν

2152 2331 2479 2395 ἐξάκουστος
2518 2332 2692 2398 ἔσται,
2740 2333 2905 2402 φησί·
2958 2332 3164 2384 τούτων
3204 2333 3262 2385 δέ
3302 2332 3517 2385 πάντων
3570 2333 3743 2384 αἴτιον

469 2423 542 2488 cf;
581 2443 599 2474 ι
625 2424 748 2477 Ὅτι
775 2425 1114 2497 ἐμεγαλύνθη
1161 2425 1230 2480 τὰ
1274 2427 1411 2497 ἔργα
1455 2427 1641 2482 αὐτοῦ.
1675 2447 1693 2480 ›
1753 2430 1774 2498 (
1790 2444 1842 2497 p.
1893 2428 2034 2493 125)
2081 2428 2254 2493 Δείξει
2291 2429 2400 2500 γὰρ
2432 2428 2542 2482 τῶν
2575 2428 2788 2481 οἰκείων
2822 2427 2998 2498 ἔργων
3023 2429 3083 2481 τὸ
3127 2428 3350 2498 μέγεθος
3377 2430 3401 2481 ὁ
3430 2428 3561 2492 Θεὸς
3585 2429 3641 2480 ἐν
3669 2429 3740 2497 τῇ

470 2516 589 2585 περὶ
620 2515 817 2578 αὐτοὺς
843 2517 1106 2588 τιμωρίᾳ.
1149 2512 1281 2570 Εἶτα
1308 2517 1617 2580 ἀκολούθως
1639 2518 1835 2586 ἐπάγει
1856 2536 1870 2548 ·
1952 2581 1957 2587 η

531 2605 696 2660 Vens.
719 2607 906 2662 21-27.
928 2636 998 2647 --
1027 2626 1046 2658 ι
1071 2607 1316 2674 Confide,
1341 2619 1529 2677 terra;
1564 2611 1740 2680 gaude
1762 2619 1816 2664 et
1841 2611 2046 2676 laetare,

462 2699 722 2769 quoniam
773 2698 1142 2768 magniticavit
1170 2698 1337 2765 Deus,
1386 2707 1446 2754 ut
1494 2699 1717 2754 faceret.
1749 2700 2046 2765 Contidite,

462 2793 707 2861 iumenta
753 2791 956 2860 campi,
1011 2791 1138 2860 quia
1187 2792 1565 2862 germinarunt
1611 2800 1768 2861 prata
1805 2791 2047 2846 deserti:

2219 2607 2368 2676 Στίχ.
2419 2606 2642 2668 καί-κζ’.
2688 2633 2758 2645 --
2795 2621 2813 2656 ι
2865 2603 3108 2674 Θάρσει,
3145 2603 3238 2672 γῆ,
3285 2603 3476 2674 χαίροι)
3514 2602 3608 2656 κα)⁸
3652 2603 3744 2656 εὐ-

2148 2699 2386 2769 φραίνου
2413 2714 2427 2729 ο
2472 2698 2554 2749 ὅτι
2584 2695 2890 2767 ἐμεγάλυνε
2934 2696 3140 2766 Κύριος
3184 2694 3278 2748 τοῦ
3316 2695 3574 2765 ποιῆσαι·
3609 2694 3743 2764 θαρ-

2151 2794 2316 2853 σεῖτε,
2368 2789 2542 2860 κτήνη
2592 2787 2686 2841 τοῦ
2724 2787 2905 2840 πεδίου
2927 2828 2940 2851 ,
2975 2787 3058 2839 δτι
3094 2785 3432 2856 βεϐλάστηκε
3463 2787 3534 2840 τὰ
3579 2785 3743 2840 πεδία

462 2884 588 2951 quia
629 2881 836 2950 lignum
867 2880 1040 2934 edidit
1069 2879 1312 2934 fructum
1346 2896 1530 2944 suum,
1567 2881 1696 2935 vitis
1735 2887 1788 2934 et
1819 2879 2051 2934 ficulnea

2155 2881 2246 2951 τῆς
2298 2882 2542 2951 ἐρήμου·
2589 2881 2671 2933 ὅτι
2705 2877 2861 2945 ξύλον
2916 2878 3116 2949 ἤνεγκε
3159 2877 3252 2931 τὸν
3285 2877 3497 2948 καρπὸν
3536 2877 3701 2932 αὐτοῦ
3725 2893 3738 2908 ·

464 2971 818 3039 protulerunt
870 2969 1114 3039 vigorem
1151 2984 1337 3024 suum.
1363 2989 1381 3022 ι
1421 2968 1634 3025 Gaudio
1666 2969 1862 3040 gestiet
1907 2979 2052 3024 terra

464 3061 534 3114 ob
558 3058 651 3113 Dei
693 3074 924 3130 Operum
957 3060 1415 3129 magnitudinem,
1465 3069 1692 3132 accepta
1739 3062 1808 3116 ab
1833 3078 1900 3117 eo
1939 3061 2054 3115 fru-

464 3165 590 3219 gum
629 3149 997 3205 fecunditate:
1031 3165 1211 3220 neque
1246 3152 1428 3208 secius
1459 3151 1710 3222 jumenta
1757 3154 1936 3223 campi
1963 3169 2057 3208 co—

466 3239 678 3308 piosam
704 3241 898 3309 pascui
932 3241 1189 3296 habentia
1220 3241 1568 3310 fruitionem;
1607 3253 1916 3316 praeterque
1942 3245 2056 3300 haec

463 3333 672 3399 omnia,
716 3333 846 3402 ligni
896 3349 1118 3404 quoque
1164 3333 1379 3390 fructus
1421 3336 1683 3405 copiosus
1727 3337 2060 3407 praebebitur

2150 2971 2395 3040 ἄμπελος
2441 2970 2539 3022 καὶ
2570 2969 2710 3038 συκῆ
2756 2968 2961 3021 ἔδωκαν
3004 2968 3104 3037 τὴν
3149 2967 3302 3037 ἰσχὺν
3347 2967 3543 3021 αὐτῶν.
3584 2985 3604 3019 ι
3653 2967 3744 3021 Ἐν
3821 2978 3836 2996 ⁸

2151 3061 2512 3132 εὐφροσύναις
2541 3062 2640 3130 μὲν
2671 3058 2763 3114 οὖν
2796 3060 2948 3113 ἔσται
2975 3062 3007 3131 ἡ
3046 3059 3119 3129 γῆ
3150 3060 3242 3112 ἐπὶ
3268 3058 3344 3129 τῷ
3381 3058 3601 3129 μεγέθει
3630 3060 3742 3113 τῶν

2153 3153 2306 3222 παρὰ
2332 3153 2426 3206 τοῦ
2453 3153 2590 3208 Θεοῦ
2620 3155 2979 3224 γιγνομένων,
3009 3151 3344 3222 ἀπειληφυῖα
3371 3151 3477 3205 τῶν
3512 3151 3743 3223 καρπῶν

2153 3245 2261 3300 τῶν
2285 3246 2501 3299 οἰκείων
2528 3243 2626 3316 τὴν
2661 3245 2864 3315 φοράν·
2897 3243 3050 3297 οὐδὲν
3088 3239 3248 3312 ἦττον
3287 3244 3380 3295 καὶ
3417 3242 3487 3296 τὰ
3519 3242 3613 3296 τοῦ
3648 3261 3743 3296 πε-

2155 3338 2267 3391 δίου
2296 3340 2468 3410 κτήνη
2494 3338 2690 3408 δαψιλῆ
2721 3338 2819 3408 τῆς
2851 3337 3022 3407 νομῆς
3051 3335 3245 3406 ἔχοντα
3277 3336 3373 3407 τὴν
3401 3336 3701 3390 ἀπόλαυσιν
3727 3352 3739 3364 ·

466 3423 842 3492 indigentibus
872 3438 958 3479 eo.
997 3443 1015 3476 ι
1040 3424 1103 3477 Et
1137 3424 1230 3479 filii
1267 3424 1474 3489 Sionis.
1505 3428 1738 3497 gaudete
1773 3439 1934 3500 atque
1966 3427 2051 3482 lae-

2159 3431 2254 3483 καὶ
2290 3431 2425 3501 πρὸς
2467 3429 2638 3483 ἅπασί
2671 3445 2733 3498 γε
2771 3431 2853 3483 ὅτι
2884 3427 2978 3482 καὶ
3017 3430 3045 3480 δ
3087 3429 3151 3480 ἐκ
3191 3427 3298 3480 τῶν
3329 3427 3498 3492 ξύλων
3532 3429 3744 3499 καρπὸς·

466 3517 658 3570 tamini
685 3517 739 3570 in
761 3516 994 3573 Domino
1018 3518 1129 3573 Deo
1156 3529 1362 3587 vestro,
1388 3522 1518 3592 quia
1547 3523 1697 3578 dedit
1723 3523 1877 3579 vobis
1899 3538 2057 3578 escas

465 3607 534 3661 ad
565 3606 858 3677 justitiam,
882 3609 1142 3679 pluetque
1167 3611 1320 3666 vobis
1361 3613 1594 3667 imbrem
1627 3614 1958 3667 matutinum
1993 3628 2057 3668 ac

467 3700 794 3764 serotinum,
839 3701 984 3757 sicut
1032 3709 1216 3758 antea.
1255 3703 1321 3757 Et
1356 3704 1731 3776 implelzuntur
1775 3721 1916 3761 area:
1943 3704 2059 3779 fru-

471 3801 680 3861 mento,
719 3803 772 3847 et
823 3794 1214 3849 redundabunt
1267 3797 1568 3851 toreularia
1614 3799 1741 3852 vino
1775 3806 1830 3853 et
1868 3798 2007 3853 oleo.
2033 3817 2051 3848 ι

466 3882 601 3951 Quae
624 3895 780 3938 antea
800 3884 941 3938 dixit
962 3895 1210 3955 ereptum
1231 3887 1324 3952 iri,
1348 3903 1410 3942 ea
1435 3904 1583 3943 nunc
1603 3889 1785 3944 danda
1802 3890 2054 3943 afﬁrmat.

468 3974 670 4030 Cuncti
717 3975 865 4030 enim
891 3977 985 4046 qui
1036 3979 1184 4033 circa
1226 3977 1448 4034 Siunem
1476 3989 1718 4036 montem
1757 3989 1886 4036 sunt
1920 3997 2056 4035 con-

467 4068 701 4138 gregati.
727 4077 782 4123 et
809 4071 1228 4126 convenientem
1269 4072 1381 4127 lleo
1410 4073 1620 4128 cultum
1650 4075 1934 4139 exhibent,
1968 4075 2058 4128 lac-

471 4161 578 4214 tari
600 4169 902 4226 mercntur,
925 4162 1139 4234 frugum
1167 4163 1508 4220 abundantia
1527 4166 1706 4236 potiti,
1725 4181 1886 4235 quam
1909 4167 2059 4235 juste

471 4251 610 4321 ipsis
648 4261 1006 4322 peccatorum
1033 4271 1257 4311 suorum
1291 4256 1686 4327 paenitentibus
1720 4257 1864 4312 Deus
1897 4259 2061 4311 attri—'

469 4343 626 4410 buit;
658 4344 861 4413 quibus
890 4345 1054 4399 etiam
1089 4347 1348 4402 imbrium
1373 4349 1752 4418 tempestivam
1785 4349 2058 4404 suflicien-

470 4442 692 4504 temque
756 4450 980 4490 usuram
1027 4437 1343 4504 exhibebit;
1404 4438 1541 4493 adeo
1594 4446 1654 4493 ut
1691 4439 2055 4510 germinantia

470 4523 670 4579 tellure
697 4525 931 4589 semina,
964 4534 1018 4581 et
1053 4527 1322 4598 lignorum
1355 4527 1466 4598 82
1497 4529 1709 4586 fructus
1734 4531 1904 4585 multa
1930 4547 2054 4587 cum

471 4616 832 4672 exuberantia
865 4618 974 4673 illis
1004 4620 1317 4675 obveniant.
1366 4639 1384 4670 ι
1408 4622 1474 4674 Et
1515 4621 1737 4677 reddam
1769 4623 1926 4677 vobis
1959 4637 2056 4676 an-

473 4722 576 4762 nos
617 4723 756 4777 quos
801 4710 1038 4764 comedit
1068 4712 1304 4775 locusta,
1355 4709 1619 4776 bruchus,
1646 4719 1702 4766 et
1750 4711 1966 4781 rubigo,
2001 4719 2053 4766 et

470 4814 669 4854 eruca:
729 4799 1000 4855 fortitudo
1055 4816 1176 4855 mea
1225 4816 1420 4871 magna
1453 4818 1617 4871 quam
1665 4801 1790 4856 misi
1831 4802 1900 4855 ad
1933 4817 2050 4857 vos.

473 4889 540 4944 Et
569 4891 874 4948 comedetis
910 4900 1216 4959 vescentes,
1243 4899 1297 4948 et
1329 4893 1736 4957 saturabimini,
1774 4901 1828 4947 et
1867 4893 2057 4947 lauda-

470 4981 605 5038 bitis
626 4998 826 5038 nomen
851 4983 946 5039 Dei
970 4985 1159 5050 vestri,
1189 4985 1284 5054 qui
1309 4984 1438 5038 fecit
1460 4985 1728 5039 mirabilia
1746 4984 2054 5051 vobiscum;

470 5081 528 5129 et
563 5089 674 5129 non
703 5074 1076 5130 confundetur
1103 5077 1337 5146 populus
1363 5091 1520 5131 meus
1549 5077 1603 5130 in
1637 5079 2052 5146 sempiternum.

473 5165 542 5218 Et
570 5167 916 5236 cognoscetis
964 5166 1094 5235 quia
1128 5166 1183 5219 in
1213 5166 1391 5221 medio
1417 5165 1637 5223 lsraelis
1669 5181 1771 5238 ego
1793 5183 1946 5222 sum:
2001 5175 2054 5221 et

472 5271 575 5327 ego
601 5257 870 5312 Dominus
908 5257 1053 5312 Deus
1084 5266 1286 5322 vester,
1322 5265 1377 5313 et
1426 5273 1536 5313 non
1562 5271 1647 5314 est
1685 5260 1826 5314 alius
1860 5267 2057 5329 prmter

476 5362 583 5401 me.
644 5347 710 5400 Et
769 5364 880 5404 non
931 5347 1303 5403 confundetur
1350 5349 1489 5404 ultra
1518 5352 1751 5421 populus
1791 5368 1947 5409 mens
2002 5355 2057 5408 in

474 5439 896 5506 sempiternum.
921 5457 939 5488 ι
980 5437 1193 5503 Quanta
1218 5439 1386 5509 igitur
1406 5439 1474 5495 de
1497 5443 1830 5498 necessariis
1868 5459 2058 5512 super-

471 5528 758 5585 venientes
774 5529 960 5585 hostes
982 5531 1134 5584 varie
1157 5545 1220 5584 ac
1235 5531 1591 5588 multifariam
1610 5536 2058 5606 consumpserint

471 5617 644 5688 (patet
675 5620 818 5674 enim
859 5621 1084 5676 locustae
1109 5623 1446 5688 nominibus,
1482 5640 1546 5680 ac
1572 5626 1788 5692 bruchi,
1818 5638 1875 5682 et
1899 5628 2049 5682 rubi—

474 5712 639 5779 ginis,
683 5717 737 5765 et
768 5725 968 5778 erucae,
1009 5713 1196 5769 hostes
1239 5714 1514 5787 denotari)
1551 5719 1778 5774 totidem
1809 5735 1910 5790 ego
1959 5735 2048 5777 re-

475 5799 722 5866 stituam,
757 5809 815 5856 ut
846 5805 926 5859 sic
948 5821 1045 5861 vos
1067 5806 1273 5860 lautum
1300 5807 1561 5864 habentes
1587 5808 1836 5863 datarum
1866 5826 2047 5866 rerum

477 5903 656 5960 usum,
711 5893 924 5953 debitos
976 5899 1288 5956 retribuatis
1345 5899 1454 5955 Deo
1511 5901 1766 5973 hymnos,
1827 5911 2046 5972 propter

2155 3518 2386 3589 δαψιλὴς
2437 3521 2737 3590 παρέχεται
2773 3520 2885 3580 τοῖς
2924 3517 3217 3587 δεομένοις.
3255 3533 3274 3568 ι
3321 3517 3428 3570 Καὶ
3468 3517 3537 3571 τὰ
3578 3518 3765 3575 τέκνα.

2157 3609 2317 3673 Σιὼν,
2349 3610 2602 3681 χαίρετε,
2642 3610 2738 3662 καὶ
2764 3608 3120 3680 εὐφραίνεσθε
3164 3610 3256 3662 ἐπὶ
3281 3608 3360 3678 τῷ
3389 3609 3580 3681 Κυρίῳ
3619 3609 3744 3680 Θεῷ

2159 3700 2346 3772 ὑμῶν·
2393 3703 2475 3754 ὄτι
2503 3701 2701 3753 ἔδωκεν
2752 3700 2880 3770 ὑμῖν
2927 3698 3193 3771 βρώματα
3238 3702 3316 3763 εἰς
3363 3700 3740 3771 δικαιοσύνην·

2159 3792 2250 3844 καὶ
2290 3790 2472 3862 βρέξει
2515 3792 2642 3862 ὑμῖν
2690 3790 2846 3844 ὐετὸν
2881 3791 3130 3861 πρώῖμον
3179 3793 3274 3844 καὶ
3317 3790 3513 3861 δψιμον
3559 3790 3742 3854 καθὼς

2159 3881 2468 3952 ἔμπροσθεν
2489 3897 2501 3911 ·
2553 3882 2645 3934 καὶ
2682 3881 3085 3952 πλησθήσονται
3116 3883 3172 3935 αἱ
3203 3882 3408 3946 ἂλωνες
3448 3884 3616 3948 σίτου,
3650 3881 3747 3936 καὶ

2160 3972 2696 4046 ὐπερεκχυθήσονται
2740 3973 2800 4025 αἱ.
2847 3973 2999 4044 ληνοὶ
3041 3974 3185 4026 οἴνου
3240 3974 3332 4027 καὶ
3371 3973 3573 4027 ἐλαίου.
3612 3993 3630 4026 ι
3674 3975 3743 4026 Ἀ

2159 4065 2269 4136 γὰρ
2300 4067 2358 4117 ἐν
2390 4067 2502 4127 τοῖς
2536 4063 2829 4135 ἁνωτέροις
2862 4060 3016 4116 εἶπεν
3058 4065 3407 4136 ἀφῃρῆσθαι,
3439 4064 3613 4118 ταῦτα
3645 4053 3746 4117 νῦν

2159 4156 2510 4213 ἀποδίδοσθαι
2556 4157 2738 4224 λέγει·
2779 4155 2978 4220 πάντες
3010 4156 3139 4227 γὰρ,
3177 4159 3372 4227 φησὶν,
3412 4159 3463 4210 οἱ
3508 4157 3636 4226 περὶ
3681 4156 3743 4209 τὸ

2159 4248 2298 4304 Σιὼν
2340 4248 2466 4318 ὅρος
2498 4247 2879 4319 συλλεγόμενοί
2914 4264 2996 4312 τε,
3031 4249 3125 4302 καὶ
3153 4247 3251 4320 τὴν
3282 4247 3628 4318 καθήκουσαν
3661 4246 3742 4315 τῷ

2158 4340 2277 4410 Θεῷ
2304 4337 2636 4410 πληροῦντες
2677 4339 2977 4410 θεραπείαν
2997 4378 3012 4404 ,
3049 4340 3246 4393 δίκαιοι
3275 4335 3384 4392 εἷεν
3413 4339 3478 4392 ἂν
3510 4338 3741 4410 εὐφραίο

2157 4430 2343 4487 νεσθαι
2367 4471 2381 4496 ,
2417 4430 2515 4502 τὴν
2558 4431 2820 4501 ἀφθονίαν
2849 4449 2908 4485 τε
2943 4431 3051 4486 τῶν
3085 4433 3312 4504 καρπῶν
3355 4431 3741 4498 ἀπολαϐόντες,

2159 4522 2235 4592 (p.
2281 4522 2404 4592 124)
2436 4523 2502 4594 ἢν
2531 4515 2755 4586 δικαίως
2784 4523 2966 4587 αὐτοῖς
3005 4525 3461 4598 μεταμεληθείσιν
3493 4526 3637 4598 ὑπὲρ
3664 4519 3741 4580 ὧν

2157 4616 2402 4686 ἥμαρτον
2435 4613 2788 4684 παρέσχηκεν
2820 4616 2849 4668 ὁ
2881 4616 3034 4679 Θεὸς,
3071 4619 3166 4671 καὶ
3198 4619 3279 4672 ὃτι
3307 4619 3416 4673 τῶν
3443 4620 3617 4673 ὑετῶν
3641 4620 3744 4674 αὐ-

2158 4709 2271 4768 τοῖς
2307 4705 2563 4775 εὐκαιρον
2609 4707 2703 4758 καὶ
2745 4707 2991 4780 αὐτάρκη
3037 4710 3332 4780 παρέξεται
3373 4712 3474 4780 τὴν
3510 4711 3738 4783 χρείαν·

2161 4795 2301 4850 ὥστε
2333 4797 2429 4850 καὶ
2461 4795 2530 4848 τὰ
2574 4799 2639 4850 ἐκ
2668 4799 2771 4869 γῆς
2811 4802 3057 4872 φυόμενα
3090 4803 3199 4855 τῶν
3245 4804 3574 4875 σπερμάτων
3593 4847 3607 4868 ,
3645 4805 3742 4857 καὶ

2158 4891 2282 4952 τοὺς
2305 4890 2369 4941 ἐκ
2400 4887 2572 4953 ξύλων
2605 4893 2873 4964 καρποὺς,
2907 4896 3048 4964 μετά
3075 4896 3276 4966 πολλῆς
3306 4899 3491 4962 αὐτοῖς
3519 4901 3744 4969 προσγί-

2157 4980 2341 5034 νεσθαι
2378 4981 2480 5051 τῆς
2525 4985 2860 5054 περιουσίας.
2910 5005 2930 5036 ι
2989 4988 3099 5040 Καὶ
3141 4988 3422 5042 ἀνταποδῶ
3457 4976 3586 5060 ὑμῖν
3618 4992 3740 5044 ἀντὶ

2154 5071 2263 5124 τῶν
2298 5070 2437 5125 ἐτῶν
2464 5064 2538 5125 ὧν
2567 5075 2874 5144 κατέφαγεν
2907 5078 2938 5146 ή
2973 5077 3138 5154 ἀκρὶς
3169 5078 3264 5130 καὶ
3307 5080 3336 5130 ὁ
3371 5078 3600 5149 βροῦχος
3643 5080 3740 5133 καὶ

2154 5165 2188 5233 ή
2237 5164 2461 5234 ἐρυσίὸη
2501 5166 2596 5219 καὶ
2633 5169 2666 5236 ὴ
2713 5167 2907 5238 κάμπη
2929 5207 2944 5232 ,
2977 5170 3011 5238 ή
3055 5167 3279 5239 δύναμίς
3315 5187 3416 5241 μου
3454 5173 3488 5240 ή
3525 5171 3737 5241 μεγάλη

2155 5255 2220 5327 ἢν
2265 5253 2622 5321 ἐξαπέστειλα
2651 5261 2733 5322 είς
2780 5261 2957 5330 ὑμᾶς·
3010 5264 3104 5315 καὶ
3146 5262 3387 5332 φάγεσθε
3441 5264 3736 5327 ἐσθίοντες,

2155 5349 2249 5403 καὶ
2306 5351 2779 5423 ἐμπλησθήσεσθε,
2833 5355 2928 5407 καὶ
2984 5356 3225 5410 αἰνέσετε
3284 5356 3346 5410 τὸ
3395 5357 3569 5426 δνομα
3620 5358 3737 5410 Κυη

2155 5443 2270 5515 ρίου
2319 5444 2413 5498 τοῦ
2447 5445 2583 5498 Θεοῦ
2619 5447 2807 5516 ὑμῶν,
2850 5449 2910 5511 ὃς
2953 5449 3177 5520 ἐποίησε
3220 5451 3339 5522 μεθ’
3388 5451 3542 5520 ὑμῶν
3595 5451 3730 5504 Gau-

2158 5537 2355 5604 μάσια·
2399 5538 2496 5590 καὶ
2525 5538 2586 5590 οὐ
2634 5540 2707 5609 μὴ
2739 5543 3107 5613 καταισχυνθῇ
3143 5545 3172 5595 ὁ
3214 5543 3340 5606 λαός
3390 5557 3492 5612 μου
3533 5547 3613 5606 είς
3644 5545 3736 5597 τὸν

2156 5629 2360 5682 αἰῶναε
2426 5631 2520 5682 καὶ
2564 5631 2931 5699 ἐπιγνώσεσθε
2972 5636 3055 5688 ὅτι
3093 5637 3151 5689 έν
3193 5637 3342 5707 μέσῳ
3376 5638 3470 5690 τοῦ
3517 5637 3734 5709 Ἰσραήλ

2157 5719 2268 5788 ἐγώ
2311 5721 2427 5790 είμι
2453 5739 2464 5750 ·
2503 5723 2596 5774 καὶ
2625 5724 2736 5791 ἐγὼ
2781 5725 2983 5796 Κύριος
3029 5731 3057 5780 ὁ
3097 5729 3230 5793 Θεὸς
3268 5729 3444 5800 ὑμῶν,
3488 5731 3584 5784 καὶ
3633 5729 3735 5781 οὐκ

2157 5811 2305 5864 ἐστιν
2331 5813 2410 5865 ἐτι
2437 5813 2576 5884 πλὴν
2605 5816 2737 5884 ἐμοῦ
2762 5835 2775 5848 ·
2811 5819 2902 5871 καὶ
2936 5821 2996 5871 οὐ
3036 5821 3108 5892 μὴ
3137 5823 3504 5894 καταισχυνθῇ
3535 5825 3562 5876 ὁ
3606 5821 3736 5882 λαός

2163 5919 2264 5972 μου
2295 5903 2372 5956 ἔτι
2398 5907 2478 5968 εἰς
2503 5906 2592 5960 τὸν
2622 5903 2807 5962 αίῶνα.
2848 5931 2864 5961 ι
2903 5913 3105 5967 Ὀπόσα
3132 5915 3308 5969 τοίνυν
3347 5913 3736 5985 ἐπεληλυθότες
