4102 6528
329 488 454 547 2Ξ9

1356 501 1914 564 COMMENTARIUS
1951 508 2019 564 ΙΝ
2055 509 2290 571 IOELIS
2322 515 2477 572 CAP.
2503 515 2566 573 ll.

3567 519 3674 575 250

336 612 399 668 οἱ
434 610 691 682 πολέμιοι
718 610 829 665 τῶν
852 611 1247 684 προσηκόντων
1275 616 1671 671 κατανάλωσαν
1693 617 1950 690 διαφόρως

2069 624 2303 694 grandia
2358 641 2425 682 ac
2473 627 2751 685 mirabilia
2798 646 2923 703 quae
2964 634 3136 690 vestri
3186 651 3356 696 causa
3406 648 3667 714 patravit.

336 716 411 761 τε
442 706 545 760 καὶ
572 704 843 770 ποικίλως
864 722 879 735 θ
917 703 1146 777 εῦδηλον
1181 705 1293 778 γὰρ
1322 708 1405 762 ὅτι
1450 709 1651 781 ἀκρίδα
1676 711 1774 765 καὶ
1803 711 1965 782 βροῦ-

336 818 452 872 χον
490 798 590 854 καὶ
638 782 906 870 ἐρυσίϐην
945 799 1041 853 καὶ
1087 799 1319 872 κάμπην
1359 800 1534 855 ταῦτα
1573 802 1761 856 καλεῑο
1790 803 1964 858 ταῦτα

338 888 489 960 ὑμῖν
532 892 1002 962 ἁποκαταστήσω,
1050 890 1193 946 ὥστε
1230 893 1378 965 ὑμᾶς
1428 893 1695 950 πλουσίαν
1739 895 1965 967 ἔχοντας

336 980 465 1033 τῶν
490 981 797 1053 δεδομένων
831 983 934 1055 τὴν
972 985 1274 1039 ἀπόλαυσιν
1294 1025 1308 1051 ,
1339 987 1728 1059 ὀφειλομένους
1771 992 1963 1046 ἀποδι-

336 1073 504 1128 δόναι
535 1075 616 1146 τῷ
642 1074 765 1147 Θεῴ
794 1074 925 1140 τοὺς
953 1075 1182 1148 ὕμνους,
1222 1078 1363 1151 ὑπὲρ
1388 1073 1466 1133 ὧν
1495 1080 1560 1152 δὴ
1591 1082 1844 1153 μεγάλων
1871 1085 1965 1139 καὶ

2063 714 2298 789 Jamque
2331 733 2430 775 vos
2461 720 2673 779 diutius
2704 738 2816 779 non
2858 725 3224 793 erubescetis,
3262 735 3421 802 quasi
3461 737 3671 808 absque
3738 763 3745 769 ·

2066 809 2272 864 auxilio
2298 825 2326 864 a
2354 826 2441 867 me
2472 811 2746 881 destituti,
2777 817 2831 872 in
2869 817 3143 887 ejusmodi
3172 836 3448 882 aerumnas
3480 828 3670 884 incur-

2065 899 2251 956 reritis
2274 919 2287 954 :
2321 903 2651 976 plenamque
2674 911 2930 978 poteritis
2964 927 3028 966 ex
3056 913 3222 976 rebus
3249 916 3387 987 ipsis
3413 921 3662 976 notitiam

2065 1008 2284 1063 capere,
2332 1011 2419 1052 me
2458 997 2605 1053 inter
2631 1016 2732 1057 vos
2755 1006 2990 1073 versari,
3035 1008 3131 1077 qui
3162 1023 3358 1080 reapse
3391 1010 3665 1069 Dominus

2067 1095 2247 1141 vester
2275 1096 2329 1144 et
2353 1097 2504 1144 tutor
2535 1093 2689 1147 solus
2715 1110 2862 1153 sum.

343 1169 695 1268 θαυμαστῶν
719 1172 1026 1243 πεποίηκεν
1048 1174 1130 1268 εἰς
1160 1174 1334 1244 ὑμᾶς·
1362 1174 1455 1268 ὡςΔ
1473 1176 1671 1268 μηκέτι
1698 1177 1797 1249 μὲν
1819 1177 1964 1249 ὑμᾶς
2002 1178 2356 1250 αἰσχύνεσθαι
2394 1184 2479 1253 ἐφ’
2504 1179 2586 1246 οἷς
2614 1186 2909 1259 ἀϐοήθητοι
2955 1192 3086 1264 παρ’
3111 1193 3245 1264 ἐμοῦ
3289 1196 3667 1268 μεμενήκατε,

337 1263 640 1329 τοσούτοις
668 1265 1159 1336 περιπεπτωκότες
1186 1269 1410 1330 κακοῖς·
1437 1265 1527 1338 (p.
1556 1266 1698 1340 125)
1728 1270 1934 1342 ἀκριϐῆ
1964 1268 2023 1323 δὲ
2050 1270 2314 1326 δύνασθαι
2361 1275 2505 1346 ὑμᾶς
2532 1276 2593 1341 ἐξ
2620 1277 2801 1333 αὐτῶν
2829 1280 2936 1334 τῶν
2964 1263 3312 1354 πραγμάτων
3346 1263 3530 1342 λαϐείν
3560 1287 3666 1361 τὴν

340 1360 687 1429 ἐπίγνωσιν,
720 1359 803 1413 ὅτι
836 1358 898 1412 ἐν
938 1359 1070 1431 ὑμῖν
1104 1360 1223 1432 είμι
1243 1376 1257 1391 ·
1286 1358 1385 1415 ἆτε
1411 1362 1507 1415 καὶ
1532 1362 1803 1435 δεσπότης
1832 1363 1988 1432 ὑμῶν
2011 1366 2108 1419 καὶ
2139 1364 2394 1439 κηδεμὼν
2434 1369 2595 1440 μόνος
2625 1371 2909 1443 ὑπάρχων.

417 1454 579 1526 Στῑχ.
623 1451 843 1525 κη’-λβ’.
872 1482 947 1494 -ο
993 1466 1024 1506 t
1048 1453 1162 1508 Καὶ
1193 1453 1349 1511 ἐσται
1398 1454 1537 1527 μετὰ
1564 1456 1742 1513 ταῦτα
1780 1457 1962 1530 ἐκχεῶ

2135 1459 2301 1519 Vens.
2327 1463 2521 1520 28-52.
2544 1496 2616 1509 ---
2651 1487 2668 1519 ι
2692 1468 2759 1522 Ει
2781 1469 2888 1524 erit
2919 1481 3043 1541 post
3075 1472 3228 1527 haec:
3268 1471 3559 1531 Ed‘undam
3591 1476 3662 1535 de

336 1546 460 1601 ἀπὸ
486 1545 585 1600 τοῦ
614 1543 937 1618 Πνεύματός
972 1563 1074 1618 μου
1106 1545 1206 1600 ἐπὶ
1232 1548 1414 1602 πᾶσαν
1448 1549 1660 1621 σάρκα⁹
1695 1551 1792 1604 καὶ
1831 1568 1950 1623 προ-

2060 1553 2267 1625 Spiritu
2292 1573 2415 1613 meo
2438 1573 2606 1630 super
2626 1574 2844 1615 onmem
2870 1577 3093 1620 carnem
3118 1583 3132 1632 ;
3166 1574 3220 1620 et
3245 1570 3660 1637 prophetabunt

341 1637 728 1710 φητεύσουσιν
760 1638 813 1692 οἱ
843 1638 953 1691 υἱοὶ
982 1636 1076 1691 καὶ
1120 1639 1179 1691 αί
1204 1636 1509 1712 θυγατέρες
1561 1636 1715 1711 ὑμῶν
1734 1680 1749 1707 ,
1781 1642 1878 1696 καὶ⁸
1906 1643 1950 1696 ol

2056 1647 2153 1702 lilii
2210 1650 2380 1705 vestri
2430 1658 2485 1706 et
2535 1650 2660 1707 ﬁliae
2709 1663 2940 1711 vestrm:
3004 1671 3166 1713 senes
3222 1636 3387 1715 vestri
3438 1665 3658 1718 somnia

341 1729 722 1804 πρεσϐύτεροι
754 1728 912 1800 ὑμῶν
958 1730 1235 1793 ἐνυπνίοις
1271 1730 1825 1804 ἐνυπνιασθήσονται·
1864 1733 1950 1789 καὶ

2063 1730 2446 1799 somniabunt,
2469 1742 2523 1790 et
2537 1735 2768 1805 juvenes
2787 1742 2957 1796 vestri
2978 1742 3224 1800 visiones
3240 1745 3525 1803 videbunt.
3545 1746 3654 1806 Sed

339 1827 394 1879 οί
431 1823 714 1879 νεανίσκοι
751 1821 907 1893 ὑμῶν
937 1822 1159 1893 ὁράσεις
1196 1822 1453 1893 ῦψονταιο
1482 1826 1577 1879 καί
1614 1843 1677 1895 γε
1715 1828 1808 1881 ἐπὶ
1831 1827 1950 1892 τοὺς

2060 1829 2115 1876 et
2137 1837 2306 1893 super
2336 1839 2532 1883 servos
2553 1842 2707 1885 meos
2727 1839 2782 1885 et
2807 1833 3043 1890 ancillas
3067 1851 3220 1893 meas
3246 1839 3299 1892 in
3320 1839 3516 1896 diebus
3542 1844 3653 1901 illis

338 1918 575 1982 δούλους
606 1934 712 1988 μου
739 1916 837 1968 καὶ
862 1914 957 1969 ἐπὶ
984 1914 1084 1980 τὰς
1113 1913 1309 1982 δούλας
1342 1935 1443 1989 μου
1472 1920 1529 1972 ἐν
1567 1922 1689 1984 ταῖς
1719 1920 1950 1992 ἡμέραις

2059 1912 2335 2019 effundam
2364 1917 2439 2023 de
2474 1917 2679 1990 Spiritu
2728 1940 2870 1993 meo,
2898 1934 2951 1980 et
2972 1930 3484 2000 prophetabunt.Et
3510 1937 3653 1994 dabo

342 2012 598 2075 ἐκείναις
624 2007 804 2081 ἐκχεῶ
833 2009 941 2062 ἀπὸ
965 2008 1061 2062 τοῦ
1094 2006 1413 2081 Ηνεύματός
1444 2029 1567 2083 μου,
1616 2014 1711 2067 καὶ
1740 2031 1953 2085 προφη-

339 2104 637 2158 τεύσουσιο
670 2103 766 2156 καὶ
798 2098 957 2155 δὼσω
1001 2100 1206 2173 τέρατα
1249 2103 1308 2156 ὲν
1357 2102 1436 2175 τῷ
1465 2103 1681 2177 οὐρανῷ
1729 2107 1822 2160 καὶ
1859 2104 1952 2159 ἐπὶ

337 2194 618 2269 ﬁer-71;.
654 2189 798 2264 αἷμα
822 2193 921 2247 καὶ
951 2192 1065 2266 πῦρ
1098 2194 1193 2249 καὶ
1228 2195 1432 2266 ἀτμίδα
1464 2196 1675 2251 καπνοῦ
1695 2214 1712 2231 .
1739 2199 1769 2251 ὁ
1800 2198 1950 2270 ἥλιος

230 2298 253 2311 ⁶
344 2288 871 2362 μεταστραφήσεται
901 2287 982 2351 είς
1011 2287 1220 2352 σκότος,
1256 2289 1349 2343 καὶ
1379 2289 1647 2362 ή“σελήνη
1677 2292 1757 2355 είς
1787 2288 1947 2362 αἷμα,

339 2381 480 2453 πρὶν
527 2380 708 2434 ἐλθεῖν
742 2378 841 2450 τὴν
887 2378 1105 2450 ἡμέραν
1156 2378 1367 2453 Κυρίου
1414 2382 1514 2453 τὴν
1561 2382 1803 2454 μεγάλην
1854 2384 1951 2438 καὶ

340 2471 592 2545 ἐπιφανῆ
615 2489 630 2503 °
660 2472 757 2528 καὶ
777 2470 930 2525 ἔσται
954 2472 1065 2536 πᾶς
1086 2471 1145 2537 δς
1171 2472 1236 2526 ἂν
1269 2473 1666 2545 ἐπικαλέσηται
1695 2476 1757 2530 τὸ
1780 2477 1951 2548 ὄνομα

339 2566 582 2640 Κυρίου,
617 2563 929 2637 σωθήσεται
956 2581 970 2595 ·
1005 2565 1085 2619 ὅτι
1125 2566 1183 2619 ἐν
1214 2564 1293 2637 τῷ
1331 2566 1448 2638 ὄρει
1481 2566 1620 2622 Σιὼν
1645 2570 1739 2623 καὶ
1760 2571 1818 2623 ἐν
1853 2570 1950 2623 Ἱε-

345 2657 643 2732 ρουσαλημ
669 2657 824 2711 ἔσται
855 2656 1298 2729 ἀνασωζόμενος,
1329 2659 1521 2713 καθότι
1551 2655 1673 2715 εἶπε
1706 2660 1945 2733 Κύριοςο

342 2752 443 2806 καὶ
480 2746 969 2819 εὐαγγελιζόμενοι
1023 2748 1118 2815 οὒς
1170 2750 1378 2822 Κύριος
1436 2752 1873 2825 προσκέκληται.
1924 2771 1943 2807 ι

340 2843 582 2915 Παρέξω
614 2842 682 2914 δὴ
723 2843 897 2908 πᾶσι,
950 2843 1105 2912 φησὶ,
1153 2844 1418 2898 πλουσίαν
1471 2844 1567 2917 τὴν
1615 2845 1947 2917 κηδεμονίαν

340 2936 445 3009 τὴν
476 2937 622 3008 ἐμήν
640 2951 654 2965 ·
682 2932 843 2989 τοῦτο
870 2934 983 3007 γὰρ
1010 2935 1159 3006 λέγει
1180 2935 1242 2989 τὸ
1271 2956 1290 2989 ι
1318 2937 1493 3009 ἐκχεῶ
1517 2936 1627 2992 ἀπὸ
1653 2937 1747 2993 τοῦ
1774 2937 1949 2993 Πνεύ-

344 3029 522 3099 ματός
561 3044 665 3097 μου
684 3044 698 3060 υ
740 3046 760 3081 ι
803 3026 917 3080 τῶν
932 3027 1026 3082 ἐπὶ
1045 3027 1144 3100 τῆς
1162 3025 1407 3094 Παλαιᾶς
1425 3029 1699 3101 Διαθήκης
1719 3029 1949 3101 Πνεῦμα

343 3121 449 3193 μὲν
479 3118 638 3189 ἅγιον
664 3117 954 3190 μοναδικδν
981 3119 1040 3173 ἐν
1066 3118 1365 3172 ὑποστάσει
1390 3121 1818 3193 κεχωρισμένως
1837 3121 1948 3175 τῶν

337 3212 577 3276 λοιπῶν,
593 3208 734 3266 Θεοῦ
758 3228 817 3264 τε
840 3209 902 3264 ὂν
923 3210 1019 3264 καὶ
1040 3210 1107 3264 ὲκ
1126 3209 1262 3264 Θεοῦ
1292 3211 1391 3264 οὐκ
1413 3212 1790 3283 ἐπισταμένων
1809 3212 1944 3284 (17)’

2059 2009 2311 2078 prodigia
2363 2009 2419 2065 in
2452 2015 2595 2067 ctelo
2644 2023 2700 2070 et
2738 2033 2905 2087 super
2955 2028 3178 2089 terram,
3223 2027 3551 2097 sanguinem
3595 2039 3652 2085 et

2057 2098 2240 2170 ignem
2265 2110 2320 2157 et
2349 2119 2607 2174 vaporem
2639 2106 2800 2164 fumi.
2820 2107 2913 2164 Sol
2939 2123 3293 2195 converte-tur
3312 2118 3368 2171 in
3393 2120 3650 2176 tenebras

2055 2202 2111 2250 ct
2131 2195 2262 2251 luna
2282 2198 2336 2251 in
2375 2200 3037 2273 sanguinem,antequam
3081 2206 3262 2262 veniat
3290 2210 3408 2265 dies
3429 2209 3647 2268 Domini

2054 2302 2291 2358 magnus
2319 2297 2375 2344 ct
2403 2290 2661 2346 illustris.
2693 2290 2760 2346 Et
2782 2295 2888 2349 erit
2920 2314 2932 2350 :
2961 2299 3143 2354 omnis
3176 2302 3270 2370 qui
3305 2301 3648 2360 invocaverit

2052 2393 2252 2434 nomen
2287 2378 2525 2450 Domini,
2559 2384 2895 2454 salvabitur;
2924 2390 3053 2458 quia
3090 2390 3145 2444 in
3187 2400 3374 2449 monte
3397 2394 3562 2452 Sione
3590 2404 3647 2452 et

2051 2469 2108 2525 in
2144 2470 2486 2529 Hierusalem
2523 2477 2709 2531 salvus
2744 2479 2870 2546 erit,
2907 2481 3051 2536 sicut
3084 2481 3552 2544 dixitDominus:
3589 2498 3646 2545 et

2050 2563 2411 2634 evangelizati
2452 2581 2594 2636 quos
2637 2565 2905 2624 Dominus
2942 2576 3246 2629 vocaverit.
3301 2595 3321 2627 ›
3360 2575 3643 2635 Ρνωειοὺο

2049 2655 2288 2721 cunctis,
2324 2655 2522 2727 inquit,
2551 2658 2785 2728 amplam
2818 2666 3044 2718 tutelam
3068 2679 3280 2722 meam:
3311 2666 3365 2723 id
3381 2672 3527 2725 enim
3555 2671 3646 2729 de-

2048 2755 2243 2801 notant
2263 2750 2450 2813 verba,
2486 2768 2504 2800 ι
2536 2750 2815 2807 edundam
2850 2754 2918 2809 de
2940 2752 3150 2825 Spiritu
3172 2773 3314 2816 meo.
3342 2778 3364 2814 ι
3400 2762 3643 2819 (ἰειιπιιιιιο⁴

2047 2840 2143 2910 qui
2174 2838 2284 2912 83
2314 2841 2418 2895 sub
2444 2839 2641 2899 Vetere
2668 2843 3024 2902 Testamento
3045 2850 3366 2907 nesciebant
3388 2852 3643 2912 homines

2053 2928 2327 3001 Spiritum
2380 2941 2635 2989 sanctum
2674 2934 2731 2989 in
2779 2951 3013 3006 persona
3062 2940 3284 3009 propria
3321 2941 3646 2997 distinctum

2054 3040 2084 3079 a
2112 3025 2351 3090 caeteris,
2397 3023 2491 3081 Dei
2525 3025 2820 3097 Spiritum,
2862 3035 2918 3084 et
2952 3043 3021 3084 ex
3056 3027 3202 3086 Deo:
3250 3035 3345 3088 sed
3378 3033 3646 3104 Spiritum

2050 3116 2168 3183 Dei,
2235 3126 2289 3173 et
2347 3116 2619 3187 Spiritum
2683 3126 2963 3185 sanctum,
3019 3129 3075 3176 et
3126 3124 3312 3178 aliam'
3345 3127 3648 3195 quamlibet

2049 3207 2369 3278 bujusmodi
2403 3208 2850 3279 appellationem,
2889 3226 2991 3281 pro
3021 3209 3118 3267 Dei
3153 3214 3332 3284 gratia
3376 3224 3427 3271 et
3460 3217 3647 3287 provi-

337 3302 577 3375 Πνεῦμα
606 3303 761 3373 ἅγιον
795 3301 892 3357 καὶ
917 3302 1026 3357 πᾶν
1058 3302 1087 3356 ὅ
1115 3320 1165 3356 τι
1201 3302 1264 3376 δή
1299 3320 1429 3357 ποτε
1459 3304 1690 3368 τοιοῦτο,
1720 3304 1820 3376 τὴν
1852 3306 1950 3376 χά-

2052 3301 2235 3357 dentia
2253 3308 2419 3372 atque
2442 3301 2642 3357 aﬂ‘ectu
2672 3302 3053 3373 accipiebant:
3085 3304 3235 3361 sicut
3257 3307 3496 3362 animam
3518 3324 3647 3365 cum

338 3413 435 3469 ριν
472 3394 641 3450 αὐτοῦ
671 3394 766 3449 καὶ
808 3393 909 3466 τὴν
938 3393 1266 3465 κηδεμονίαν
1307 3394 1403 3449 καὶ
1447 3394 1547 3466 τὴν
1576 3394 1814 3450 διάθεσιν
1843 3414 1945 3451 κα-

336 3488 606 3544 λούντων·
634 3489 711 3551 ὡς
735 3485 832 3541 καὶ
856 3485 1035 3556 ψυχὴν
1053 3486 1129 3540 ὅτ’
1152 3485 1220 3540 ἂν
1246 3483 1340 3539 ἐπὶ
1364 3485 1501 3540 θεοῦ
1530 3486 1686 3560 λέγῃ,
1714 3487 1790 3560 (ρ.
1817 3487 1943 3559 126)

342 3601 363 3633 ι
411 3579 528 3645 Τὰς
566 3579 861 3652 νεομηνίας
891 3577 1046 3649 ὑμῶν
1083 3576 1280 3632 καὶτὰ
1320 3577 1568 3645 σάϐβατα
1593 3579 1747 3651 ὑμῶν
1800 3582 1947 3651 μισεῖ

334 3673 374 3743 ἠ
403 3671 557 3744 ψυχή
589 3688 692 3743 μου
715 3686 730 3702 ο
764 3688 784 3721 ι
811 3667 911 3741 τὴν
940 3667 1182 3722 διάθεσιν
1216 3669 1325 3741 γὰρ
1354 3668 1504 3738 λέγει
1527 3668 1650 3723 καθ’
1676 3669 1742 3742 ἣν
1766 3670 1945 3741 ἐμίσει

334 3767 443 3832 τὰς
470 3765 670 3839 ἑορτάς
686 3782 701 3797 ’
727 3763 973 3819 τοιοῦτόν
1007 3764 1157 3829 ἐστι,
1192 3782 1211 3815 ι
1251 3762 1326 3816 Τὸ
1351 3761 1579 3834 Πνεῦμα
1605 3780 1698 3817 σου
1720 3764 1783 3817 τὸ
1804 3766 1945 3834 ἀγα-

337 3859 438 3913 θὺν
467 3856 731 3929 ὁδηγήσει
761 3872 829 3926 με
855 3855 915 3909 ἐν
940 3857 1010 3929 γῇ
1039 3853 1261 3925 εὐθείαο
1306 3874 1325 3907 ι
1359 3853 1658 3926 κηδόμενος
1681 3854 1790 3926 γόιρ
1818 3870 1943 3925 μου,

337 3948 500 4021 φησὶ,
533 3944 623 4000 διὰ
648 3944 853 4016 πολλὴν
879 3943 1194 4014 ἀγαθότητα
1227 3941 1488 4015 παρέξεις
1520 3941 1732 3997 ταῦτα·
1769 3943 1946 3997 τοιοῦ-

335 4042 434 4096 τόν
464 4040 590 4093 ἐστι
635 4037 722 4103 τὸ,
765 4054 786 4089 ι
831 4035 1065 4107 Πνεῦμά
1108 4050 1205 4090 σου
1237 4034 1300 4089 τὸ
1328 4035 1486 4104 ἆγιον
1534 4035 1610 4106 μὴ
1647 4034 1947 4108 ἀντανέλῃς

337 4134 439 4187 ἀπ’
478 4128 653 4203 ἐμοῦ’
690 4147 711 4183 ι
745 4128 833 4183 ἵνα
873 4128 1023 4203 εἴπῃ,
1058 4128 1171 4200 Τὴν
1201 4126 1334 4198 περὶ
1374 4125 1477 4197 ἐμὲ
1510 4126 1839 4199 κηδεμονίαν
1871 4129 1945 4201 μὴ

337 4222 590 4294 ἀφέλῃς·
618 4220 718 4274 καὶ
743 4219 847 4273 ὅσα
878 4216 1127 4286 τοιαῦτα,
1155 4217 1244 4270 ἵνα
1277 4216 1351 4288 μὴ
1382 4217 1718 4289 μηκύνωμεν
1749 4219 1830 4282 εἰς
1856 4218 1948 4272 οὐ·

342 4314 436 4369 δέν
469 4314 591 4369 δέον
616 4312 719 4385 τὴν
744 4312 972 4384 Γραφήν
997 4328 1012 4342 ·
1043 4307 1257 4365 τοιοῦτο
1280 4309 1344 4382 δή
1371 4326 1424 4362 τι
1448 4307 1733 4364 κάνταῦθά
1758 4326 1944 4381 φησιν,

343 4406 432 4461 ὅτι
452 4408 618 4463 Οὕτω
638 4404 905 4460 πλουσίαν
927 4403 1052 4458 τότε
1081 4403 1181 4474 τὴν
1204 4401 1531 4475 κηδεμονίαν
1564 4402 1694 4473 ὑμῖν
1723 4404 1948 4475 παρέξω

341 4500 446 4571 τὴν
479 4499 625 4571 ἐμὴν
644 4537 660 4563 ,
687 4496 832 4552 ὥστε
873 4494 1124 4561 ἅπαντας
1154 4493 1517 4567 ἀξιουμένους
1550 4493 1831 4549 όπτασιῶν
1858 4494 1948 4549 δύο
1986 4560 1991 4567 λ

340 4590 547 4646 νασθαί
574 4605 628 4644 τι
650 4588 747 4643 καὶ
774 4587 907 4657 περὶ
932 4585 1041 4641 τῶν
1070 4586 1346 4657 ἐσομένων
1375 4585 1632 4658 μηνύειν·
1657 4585 1746 4657 ἐφ’
1774 4586 1947 4642 ἅπασι

2051 3408 2117 3449 ea
2156 3393 2223 3448 de
2255 3390 2366 3448 Deo
2398 3391 2645 3459 dicitur;
2694 3393 2888 3459 veluti,
2932 3392 3302 3450 (Neomenias
3346 3405 3561 3455 vestras
3591 3406 3648 3455 et

2054 3484 2282 3540 sabbata
2310 3491 2495 3539 vestra
2535 3483 2651 3539 odit
2689 3486 2871 3539 anima
2915 3485 3127 3551 mea";
3162 3504 3182 3537 ι
3220 3487 3472 3543 videlicet
3505 3488 3648 3560 (ani-

2052 3573 2222 3647 mam)
2271 3589 2373 3644 pro
2419 3562 2617 3629 aﬂ‘ect'u
2669 3574 2825 3638 dicit,
2868 3590 2977 3645 quo
3021 3575 3402 3633 solemnitates
3432 3579 3643 3638 oderat.

2053 3665 2184 3721 Tale
2211 3674 2370 3722 estet
2403 3665 2569 3720 illud:
2611 3684 2629 3717 ι
2655 3665 2898 3737 Spiritus
2928 3672 3059 3722 tuus
3087 3668 3265 3723 bonus
3297 3668 3531 3726 deducet
3557 3684 3648 3727 me

2053 3758 2109 3812 in
2150 3765 2352 3813 terram
2396 3767 2606 3814 rectam
2623 3760 2749 3828 “;»
2788 3773 2977 3814 curam
3019 3759 3222 3830 quippe
3270 3758 3377 3817 mei
3425 3776 3645 3831 gerens,

2052 3850 2252 3921 inquit,
2305 3864 2433 3905 cum
2482 3850 2729 3906 bonitate
2776 3851 2946 3906 multa
3002 3849 3137 3906 mihi
3189 3851 3304 3908 haec
3350 3853 3642 3924 praebebis.

2053 3942 2185 3998 Item
2232 3939 2399 3997 illud:
2461 3939 2769 4017 «Spiritum
2818 3949 3071 4000 sanctum
3115 3951 3267 3998 tuum
3313 3959 3383 4000 ne
3425 3944 3678 4006 auferas.

2054 4049 2085 4088 a
2121 4033 2294 4090 me”:
2320 4053 2340 4088 ι
2384 4033 2439 4089 id
2466 4042 2571 4099 est,
2603 4049 2676 4090 ne
2716 4040 2866 4089 tuam
2902 4048 2932 4088 a
2964 4048 3053 4090 me
3076 4034 3477 4105 providentiam
3512 4037 3647 4105 sub-

2053 4143 2314 4185 moveas:
2375 4136 2429 4184 et
2462 4135 2735 4199 quotquot
2776 4137 2907 4181 sunt
2949 4126 3257 4183 locutiones
3285 4126 3643 4199 hujusmodi,

2055 4234 2124 4274 ne
2146 4218 2414 4290 scriptum
2450 4226 2702 4272 nostrum
2729 4214 2936 4286 absque
2964 4216 3072 4273 ulla
3097 4217 3333 4272 utilitate
3365 4215 3644 4288 produca-

2053 4325 2198 4367 mus.
2234 4310 2326 4367 Sic
2355 4312 2520 4368 etiam
2563 4310 2671 4366 hoc
2714 4312 2837 4366 loco
2883 4308 2993 4365 ait:
3046 4306 3182 4364 Tam
3212 4309 3449 4380 amplam
3486 4310 3646 4368 vobis

2054 4403 2326 4459 exhibebo
2368 4404 2593 4459 tutelam
2629 4418 2828 4479 meam,
2878 4409 2939 4456 ut
2967 4416 3160 4457 omnes
3194 4401 3470 4457 visionum
3511 4401 3644 4459 facti

2054 4501 2360 4565 compotes,
2380 4486 2690 4565 signiﬁcare
2708 4484 2918 4564 aliquid
2934 4492 3001 4548 de
3014 4494 3181 4550 rebus
3196 4492 3402 4551 futuris
3415 4504 3642 4565 queant.

2054 4586 2262 4643 Praeter
2290 4586 2408 4642 haec
2437 4587 2625 4643 omnia
2664 4601 2819 4651 vero,
2872 4586 2929 4641 in
2973 4586 3117 4640 coelo
3159 4595 3214 4641 et
3246 4600 3414 4656 super
3441 4595 3641 4643 terram

339 4684 402 4739 δέ
435 4685 499 4737 ἐν
536 4679 756 4754 οὐρανῷ
799 4697 861 4734 τε
892 4680 990 4734 καὶ
1028 4679 1122 4733 ἐπὶ
1156 4678 1259 4751 γῆς
1284 4677 1593 4752 ἐργάσομαι
1630 4677 1945 4750 θαυμαστὰ,

2053 4678 2328 4736 mirabilia
2381 4678 2605 4742 faciam,
2640 4678 2868 4733 multam
2900 4677 3140 4733 hostium
3192 4677 3527 4735 occisionem
3578 4693 3644 4734 ac

342 4777 514 4847 φόνον
551 4775 725 4830 πολὺν
749 4772 863 4828 τῶν
892 4772 1174 4839 ἐναντίων,
1204 4772 1306 4843 τήν
1328 4788 1391 4825 τε
1416 4770 1537 4825 κατ’
1571 4771 1750 4825 αὐτῶν
1781 4788 1954 4845 τιμω-

344 4869 497 4941 ρίαν,
525 4869 622 4923 καὶ
658 4866 723 4941 δὴ
748 4867 845 4922 καὶ
883 4862 1089 4937 ἀτμίδα
1120 4864 1332 4919 καπνοῦ
1363 4863 1463 4937 τὴν
1491 4863 1642 4920 θείαν
1670 4865 1953 4937 ὑπεμφαί-

341 4978 551 5018 νουσαν
602 4961 811 5032 όργήνβ
868 4956 1378 5031 μεταϐληθήσονται
1434 4956 1493 5011 δὲ
1532 4957 1626 5012 καὶ
1667 4956 1822 5028 ἥλιος
1871 4958 1952 5022 εἰς

344 5055 545 5118 σκότος
581 5053 676 5107 καὶ
713 5044 760 5125 η’
786 5051 989 5123 σελήνη
1017 5052 1101 5115 είς
1137 5043 1278 5120 αἷμα
1316 5050 1460 5105 κατὰ
1499 5050 1598 5121 τὴν
1626 5049 1736 5104 τῶν
1774 5048 1950 5121 ὁρώνα-

338 5164 454 5203 των
481 5144 770 5199 ὑπόνοιαν·
801 5144 873 5216 ἣν
913 5141 1004 5196 διὰ
1039 5142 1102 5196 τὸ
1135 5141 1371 5214 μέγεθος
1406 5140 1516 5196 τῶν
1548 5140 1947 5213 ἐπιγινομένων

341 5241 535 5303 αὐτοῖς
576 5237 912 5308 ὑπομένουσι
952 5233 1174 5290 κακῶν·
1210 5234 1307 5289 καὶ
1338 5233 1510 5288 ταῦτα
1548 5232 1612 5306 δὴ
1652 5228 1946 5305 γενησεται

341 5332 454 5404 πρὸ
481 5330 585 5400 τῆς
613 5329 833 5402 ἡμέρας
872 5327 1127 5399 ἐκείνης,
1166 5326 1236 5399 ἢν
1277 5326 1519 5399 ἐπιφανῆ
1558 5326 1647 5381 διὰ
1688 5326 1790 5397 τῆς
1833 5326 1945 5381 τῶν

415 5471 461 5499 ⁸³
497 5466 606 5524 lsa.
638 5483 679 5533 ι,
713 5466 806 5521 14.
882 5464 928 5498 ⁸³
958 5463 1106 5521 Psal.
1134 5479 1302 5528 exui,
1345 5464 1433 5520 10.
1507 5465 1553 5497 ⁸³
1588 5462 1734 5520 Psal.
1774 5478 1830 5527 ι,
1867 5463 1954 5521 15.

414 5626 536 5699 (17)
577 5625 862 5683 Audacius
907 5624 1092 5699 dicere
1124 5623 1247 5699 boc
1280 5622 1499 5679 videtur
1527 5622 1949 5699 Mopsuestenus

338 5695 653 5771 de'Spiritu
672 5706 903 5771 ASancto,
932 5695 1096 5771 quasi
1120 5697 1312 5765 ignoto
1342 5706 1568 5765 prorsus
1593 5696 1812 5771 cunctis
1843 5697 1949 5751 sub

342 5766 715 5841 lege'loysis
753 5766 1109 5841 hominibus;
1141 5780 1469 5841 quanquam.
1500 5780 1560 5821 se
1592 5766 1948 5841 aliquatenus

343 5835 477 5897 mox
505 5835 757 5911 corrigit,
802 5838 973 5895 citata
1004 5835 1175 5911 Petri
1195 5835 1435 5911 apostoli
1479 5835 1769 5911 concione.
1807 5836 1948 5892 Con-

342 5907 683 5968 troversiam
706 5910 849 5965 hanc
874 5907 1242 5980 theologicam
1283 5907 1425 5980 mira
1439 5907 1768 5980 eruditione
1791 5922 1945 5980 more

342 5997 451 6039 suo
490 5987 788 6052 pertractat
821 5975 1088 6037 summus
1122 5975 1381 6035 Petavius
1423 5975 1503 6033 De
1544 5976 1808 6035 Trinitate
1845 5978 1939 6036 lib.

2052 4773 2434 4847 punitionem:
2490 4773 2602 4829 imo
2648 4778 2704 4849 et
2753 4772 2889 4827 fumi
2919 4787 3202 4844 vaporem,
3253 4775 3347 4845 qui
3399 4773 3644 4831 divinam

2050 4866 2365 4938 praefigunt
2409 4866 2568 4920 iram.
2604 4863 2907 4923 Vertentur
2939 4877 3121 4925 autem
3157 4869 3240 4925 sol
3273 4867 3329 4923 in
3359 4869 3643 4935 tenebras,

2049 4966 2103 5014 et
2131 4960 2259 5013 luna
2294 4959 2350 5014 in
2397 4959 2745 5030 sanguinem,
2778 4958 2937 5030 juxta
2987 4960 3355 5031 spectantium
3408 4960 3644 5033 phanta—

2050 5051 2212 5117 siam,
2264 5065 2428 5122 quam
2468 5053 2541 5108 ob
2586 5052 2856 5108 malorum
2906 5054 3228 5125 gravitatem
3262 5046 3641 5125 experientur.

2047 5145 2228 5215 Atque
2256 5144 2373 5200 lucc
2406 5144 2662 5207 evenient
2683 5157 2810 5203 ante
2835 5147 2980 5203 diem
3004 5147 3182 5212 illum,
3210 5163 3372 5217 quem
3397 5148 3642 5204 hostium

2047 5241 2336 5310 punitione
2369 5240 2561 5299 reddet
2590 5241 2886 5298 illustrem.
2926 5242 3073 5297 Inter
3097 5255 3221 5312 qua:
3250 5240 3455 5304 omnia,
3507 5256 3644 5296 con-

2056 5340 2354 5404 sequentur
2404 5341 2589 5388 tamen
2638 5334 2872 5390 salutem
2919 5333 2977 5388 bi
3021 5332 3114 5404 qui
3144 5331 3391 5388 divinum
3438 5346 3641 5389 nomen

2051 5641 2117 5691 ll,
2151 5625 2203 5679 7.
2233 5624 2470 5680 Prolatis
2498 5623 2554 5677 in
2582 5621 2821 5677 medium
2848 5618 3075 5675 Patrum
3106 5621 3362 5692 plurimjs
3403 5619 3648 5692 testimo-

2048 5689 2178 5757 niis.
2219 5696 2421 5765 quibus
2469 5692 2754 5765 addendus
2803 5691 3020 5765 videtur
3068 5689 3554 5765 etiamulosephns
3587 5689 3646 5765 in

2050 5760 2467 5840 Hypaniuestico
2660 5779 2722 5840 ιι,
2757 5777 2883 5832 cap.
2916 5760 2989 5816 66
3024 5760 3208 5840 εει-67.
3251 5760 3368 5819 Nos
3410 5760 3541 5840 vero
3574 5761 3648 5840 ἀρ

2045 5829 2150 5893 δεῖ
2178 5852 2237 5892 re
2284 5837 2484 5892 iterum
2526 5834 2727 5890 dicturi
2758 5829 2951 5888 suinns
2982 5831 3050 5885 ad
3086 5831 3345 5903 Aggaeum
3372 5839 3535 5903 atque
3575 5829 3645 5884 ad

2046 5906 2365 5963 Zachariam
2391 5947 2405 5971 ,
2439 5905 2531 5961 ubi
2572 5903 2892 5960 liberiorem
2926 5903 3070 5961 hanc
3102 5902 3457 5963 sententiam
3478 5914 3642 5961 suam

2045 5978 2466 6051 Mopsuesteuus
2496 5982 2725 6047 repetet.
3014 5977 3023 5987 ‘
