4102 6536
387 509 486 566 Ξῦι

1539 496 1888 557 THEODORI
1928 495 2411 556 MOPSUESTENI

3532 490 3641 553 252

383 616 790 683 invocaverint,
826 616 919 688 qui
944 623 999 671 et
1055 614 1111 670 in
1147 616 1385 669 montem
1416 610 1639 668 Sionem
1685 626 1749 665 ac
1803 609 1964 665 Jeru~

2072 607 2326 663 ἐναντίων
2362 606 2653 677 ἐργάσεται
2675 606 2940 677 τιμωρίας
2953 621 2967 639 ·
2992 602 3151 670 ἐνόἷς
3171 607 3343 662 άπασι
3363 602 3641 673 τεύξονται

385 711 552 767 salem
604 709 901 765 ascendent
952 708 1290 763 incolumes:
1350 704 1789 775 quandoquidem
1836 702 1952 756 luce

385 801 529 857 Deus
560 800 835 870 promisit,
866 806 920 854 et
941 797 1184 852 nuntiari
1215 797 1490 851 concessit
1521 796 1650 859 illis,
1686 801 1954 864 quotquot

386 894 452 947 ad
504 892 657 945 hunc
696 891 928 945 reditum
984 889 1219 943 vocavit.
1274 887 1453 957 Atque
1502 886 1591 942 hic
1629 895 1714 941 est
1760 884 1954 940 obvius

386 981 679 1036 locutionis
709 968 1115 1050 hujus'scnsus.

458 1247 653 1320 “At
685 1247 830 1302 enim
856 1247 1048 1302 beatus
1071 1245 1268 1301 Petrus
1297 1260 1415 1301 eam
1451 1244 1702 1299 adhibuit
1726 1241 1944 1300 Judaeos

390 1340 751 1411 alloquens“,
783 1338 851 1394 de
882 1340 1058 1394 sancti
1099 1339 1338 1409 Spiritus
1390 1338 1683 1402 descensu,
1712 1336 1838 1405 jure
1862 1335 1959 1390 ad-

387 1433 646 1498 modum;
690 1445 925 1500 namque
947 1430 1137 1483 umbra
1161 1428 1471 1481 futurarum
1503 1426 1749 1480 omnium
1774 1440 1956 1479 rerum

389 1523 475 1577 lex
512 1522 611 1575 fuit
643 1529 794 1575 :tum
836 1528 889 1574 et
943 1520 1175 1589 populus
1225 1517 1317 1572 Dei
1369 1516 1711 1588 providentia
1760 1516 1959 1587 dignus

391 1612 712 1673 habebatur,
765 1617 988 1680 propter
1029 1615 1326 1663 eventuum
1376 1606 1844 1676 exspectationem
1903 1606 1960 1659 in

389 1702 591 1757 Christi
622 1701 833 1755 Domini
860 1700 1121 1755 adventu.
1152 1699 1435 1769 Erantque
1464 1715 1553 1753 res
1586 1699 1803 1769 quidem
1834 1698 1961 1752 illo-

390 1811 512 1849 rum
541 1809 733 1850 omnes
768 1795 998 1864 exiguae,
1047 1800 1102 1847 et
1129 1798 1388 1861 tanquam
1423 1790 1476 1844 in
1531 1790 1722 1844 umbra
1749 1789 1965 1843 contin-

390 1893 601 1956 gentes,
640 1885 777 1940 adeo
807 1891 864 1938 ut
891 1883 1038 1953 quod
1077 1884 1144 1937 ad
1180 1883 1304 1937 illos
1338 1883 1556 1945 attinet,
1611 1879 1985 1959 hyperbolice.

390 1981 576 2050 potius
626 1978 770 2033 dicta
828 1978 1051 2043 fuerint,
1106 1990 1271 2045 quam
1322 1989 1381 2029 re
1414 1975 1533 2045 ipsa
1567 1989 1626 2029 se
1677 1974 1960 2029 haberent.

392 2069 500 2125 Sed
549 2068 823 2122 dictorum
885 2060 1172 2121 veritatem
1229 2066 1436 2120 exitum
1482 2080 1642 2122 suum
1703 2065 1965 2121 habuisse

392 2172 732 2233 compertum
767 2168 853 2216 est
891 2160 945 2214 in
988 2159 1236 2225 Christo,
1294 2172 1404 2227 quo
1449 2166 1693 2228 tempore
1737 2159 1964 2229 grandia

390 2244 684 2315 omnia,'et
710 2261 921 2306 terrore
947 2252 1129 2321 plena,
1176 2264 1415 2319 vereque
1453 2264 1594 2304 nova
1622 2257 1676 2305 et
1710 2250 1967 2321 inexspe-

392 2355 538 2400 ctata
568 2344 740 2409 fuere,
770 2351 825 2398 et
859 2343 1057 2395 mirum
1083 2349 1350 2410 quantum
1394 2342 1678 2409 superiora
1710 2341 1775 2397 iis
1843 2357 1964 2411 qua:

393 2436 447 2489 in
475 2436 590 2504 lege
618 2433 758 2487 facta
803 2439 931 2486 sunt
962 2448 975 2484 :
1013 2430 1147 2483 adeo
1171 2439 1227 2482 ut
1259 2444 1346 2484 res
1389 2425 1600 2485 Veteris
1629 2428 1964 2486 Testamenti

392 2526 698 2596 :enigmatis
728 2524 907 2578 locum
955 2530 1211 2588 teneant;
1239 2522 1489 2576 veritatis
1521 2529 1725 2588 autem,
1779 2538 1961 2578 rerum

395 2617 499 2674 sub
521 2615 742 2671 Christo
772 2621 1016 2685 actarum
1051 2612 1389 2682 magnitudo.
1434 2611 1525 2667 Sic
1552 2612 1744 2669 beatus
1790 2613 1963 2670 David

393 2710 460 2764 de
489 2707 691 2778 populo
723 2706 878 2771 dicit,
913 2702 1058 2775 quod
1103 2704 1364 2759 derelicta
1421 2720 1530 2758 non
1577 2704 1743 2760 fuerit
1779 2707 1964 2761 anima

393 2799 511 2869 ejus
535 2799 586 2851 in
624 2796 860 2859 inferno,
892 2809 1068 2863 neque
1100 2808 1230 2848 caro
1264 2792 1510 2861 ejusdem
1544 2794 1737 2849 viderit
1772 2809 1966 2850 corru-

394 2892 636 2961 ptionem
659 2889 704 2921 "
741 2908 753 2942 :
786 2886 933 2958 quod
996 2886 1052 2939 in
1112 2901 1295 2939 rerum
1343 2893 1539 2939 natura
1579 2886 1807 2956 cogitari
1854 2903 1965 2942 non

396 2990 619 3051 potest;
681 2979 779 3034 sed
839 2975 1216 3047 metaphorice
1262 2975 1378 3032 sive
1430 2976 1781 3047 hyperbolice
1833 2978 1966 3034 dicit

395 3081 646 3141 ereptum
717 3069 890 3123 fuisse
943 3066 1189 3136 periculo
1246 3067 1638 3135 corruptionis.
1713 3069 1963 3124 Attamen

397 3162 669 3216 dictarnm
722 3174 904 3214 rerum
944 3156 1146 3210 veritas
1192 3156 1246 3209 in
1291 3156 1512 3210 Christo
1549 3154 1775 3212 Domino
1802 3174 1967 3229 appa-

398 3254 528 3317 ruit,
551 3249 710 3319 cujus
741 3262 918 3318 neque
945 3247 1140 3300 anima:
1166 3246 1476 3316 derelinqui
1520 3248 1748 3318 contigit
1778 3249 1833 3303 in
1877 3250 1963 3304 in-
1996 3295 2039 3355 α

400 3344 576 3405 fcrno,
612 3351 880 3395 revocata:
912 3339 1170 3392 nimirum
1207 3338 1264 3391 in
1306 3352 1506 3407 corpus
1530 3346 1752 3408 propter
1786 3355 1970 3395 resur-

400 3432 699 3488 rectionem
739 3447 752 3483 :
790 3443 964 3498 neque
993 3442 1194 3497 corpus
1223 3427 1633 3496 corruptionem
1677 3429 1839 3483 ullam
1873 3446 1971 3485 ex-

318 3508 325 3523 !
400 3532 615 3591 pertum
641 3529 726 3577 est
759 3539 772 3576 :
809 3521 888 3575 ita
922 3530 980 3575 ut
1004 3535 1114 3574 non
1147 3520 1325 3573 solum
1370 3521 1647 3589 propriam
1683 3523 1974 3578 retinuerit

404 3616 657 3683 figuram,
685 3611 741 3665 in
767 3626 873 3681 qua
909 3619 1182 3664 mortuum
1208 3608 1407 3674 fuerat,
1438 3608 1536 3663 sed
1568 3610 1731 3664 etiam
1771 3611 1825 3665 in
1867 3613 1973 3665 im-

362 3701 690 3754 ‘mortalem
752 3697 1332 3769 incorruptibilemque
1372 3709 1621 3753 naturam
1649 3702 1973 3757 translatum

403 3793 475 3847 sit
512 3812 524 3847 :
555 3793 629 3846 ita
686 3797 746 3845 ut
795 3799 979 3845 vetera
1020 3789 1111 3842 illa
1148 3789 1258 3843 sint
1291 3789 1546 3860 aenigma,
1592 3792 1845 3848 Christus
1884 3809 1977 3847 au-

403 3893 509 3939 tem
558 3884 784 3938 veritas.
834 3880 1202 3948 Quamobrem
1256 3896 1319 3936 ea
1380 3882 1654 3939 locutione
1698 3899 1833 3940 usus
1890 3894 1977 3940 est

403 3978 565 4030 etiam
599 3976 790 4029 beatus
818 3972 1035 4035 Petrus,
1067 3971 1225 4042 quasi
1271 3972 1400 4026 olim
1433 3975 1973 4045 quidemquamdam

404 4068 474 4121 ob
503 4081 726 4119 causam
774 4063 1147 4134 metaphorice
1181 4064 1327 4118 dicta
1380 4064 1566 4131 fuerit,
1617 4081 1764 4121 nunc
1794 4077 1975 4122 autem

403 4174 594 4214 verum
625 4157 831 4211 exitum
867 4159 918 4210 in
968 4156 1103 4225 ipsis
1146 4158 1314 4211 rebus
1358 4165 1517 4210 nacta
1563 4158 1655 4225 sit,
1689 4168 1749 4213 ut
1805 4162 1977 4215 multo

406 4252 580 4320 magis
605 4255 849 4319 oporteat
890 4248 1252 4318 praesentibus
1281 4248 1529 4317 credere,
1563 4265 1724 4320 quam
1756 4252 1884 4308 olim
1913 4270 1978 4311 ea

406 4358 505 4431 res!
525 4339 875 4394 admirationi
909 4346 1047 4397 erat.

475 4424 613 4500 Cum
640 4459 765 4499 vero
801 4445 968 4499 multa
1017 4424 1333 4515 huiusmodi
1378 4446 1431 4501 in
1467 4446 1649 4503 divina
1689 4450 1975 4525 Scriptura

405 4538 685 4605 ferantur,
740 4539 1030 4596 consimile
1085 4541 1190 4597 hoc
1250 4558 1470 4614 quoque
1518 4547 1812 4606 manifeste
1868 4562 1974 4609 est.

403 4630 539 4686 Nam
576 4632 844 4689 Dominus
875 4632 1016 4689 Deus
1044 4634 1346 4690 secundum
1406 4645 1646 4694 veterem
1682 4652 1980 4700 consuetu-

406 4724 593 4779 dinem
626 4722 845 4781 Judaeos
876 4727 1159 4797 propheta:
1192 4727 1302 4798 85
1342 4744 1439 4785 ore
1469 4732 1774 4803 alloquens,
1823 4751 1980 4791 suam

408 4813 625 4868 abunde
675 4816 1045 4885 praestiturum
1099 4829 1287 4869 curam
1336 4816 1659 4884 affirmabat,
1678 4832 1733 4875 et
1770 4822 1979 4892 reliqua

408 4904 682 4976 quomodo
741 4914 898 4961 antea
936 4905 1354 4977 explanavimus
1403 4926 1416 4961 :
1464 4920 1765 4965 evenerunt
1799 4922 1979 4967 autem

408 5012 536 5051 vere
564 4997 746 5051 omnia
782 4998 837 5051 in
866 4997 1089 5053 Christo
1118 4995 1369 5065 Domino,
1399 4999 1528 5069 quia
1562 5009 1617 5055 et
1646 5002 1727 5057 sol
1758 5002 1985 5059 obtene-

410 5084 599 5139 bralus
627 5084 748 5150 fuit,
785 5093 839 5140 et
871 5086 998 5139 luna
1043 5100 1169 5140 cum
1197 5085 1290 5140 illo
1321 5103 1336 5139 :
1366 5095 1421 5142 et
1457 5090 1679 5157 grandia
1730 5092 1784 5146 in
1821 5094 1984 5161 crnlo,

411 5177 691 5245 multaque
725 5178 888 5231 etiam
926 5177 980 5231 in
1012 5187 1154 5232 terra
1205 5178 1544 5233 exstiterunt
1588 5182 1836 5254 prodigia
1882 5201 1896 5239 :
1932 5194 1988 5240 et

412 5268 673 5325 salutaris
697 5269 922 5339 sanguis
953 5267 1161 5322 Christi
1193 5265 1584 5337 Dominivisus
1613 5280 1700 5326 est
1729 5291 1742 5327 :
1772 5274 1985 5345 etignis

414 5358 605 5441 figura,
626 5359 972 5414 advenientis
991 5357 1226 5427 Spiritus
1249 5359 1622 5427 operationem
1642 5362 1978 5433 significans,

413 5452 499 5505 cui
532 5446 693 5506 etiam
727 5450 1009 5521 praecessit
1053 5448 1184 5503 fumi
1214 5464 1405 5519 vapor,
1456 5452 1527 5505 ob
1573 5453 1720 5508 illam
1760 5465 1983 5526 porten-

413 5540 644 5595 dendam
690 5554 906 5610 poenam
952 5554 1075 5608 qua:
1113 5538 1348 5595 audaces
1395 5542 1753 5600 crucifixores
1796 5561 1984 5603 corre-

412 5641 572 5700 ptura
595 5640 734 5686 erat.
767 5628 924 5683 Tunc
948 5644 1081 5684 sane
1098 5631 1569 5701 participaverunt
1588 5651 1780 5693 omnes
1801 5641 1984 5697 sancti

415 5708 654 5792 Spiritus
697 5719 947 5793 gratiam,
998 5720 1169 5777 variis
1211 5736 1275 5779 ac
1328 5724 1517 5782 multis
1555 5727 1982 5789 charismatibus

481 5896 529 5930 “
556 5895 675 5952 Act.
704 5911 768 5966 ιι,
796 5897 882 5953 l6.
957 5900 1001 5933 ⁸⁵
1023 5900 1164 5959 Psal.
1198 5919 1288 5973 xv,
1328 5903 1415 5963 10.

2052 704 2152 771 τῆς
2196 698 2471 769 σωτηρίας
2505 699 2556 750 οί
2594 696 2693 770 τὴν
2734 698 3032 769 ὀνομασίαν
3075 697 3498 768 ἐπικαλούμενοι
3542 697 3642 768 τὴν

2054 792 2205 845 θείαν
2226 808 2239 822 ·
2274 791 2323 845 οἳ
2354 791 2448 845 καὶ
2482 790 2576 843 ἐπὶ
2612 789 2674 843 τὸ
2702 789 2827 861 ὅρος
2870 788 3009 843 Σιὼν
3050 789 3147 844 καὶ
3180 790 3276 843 ἐπὶ
3304 789 3401 860 τὴν
3441 788 3642 860 Ἰερου-

2055 884 2237 955 σαλὴμ
2265 882 2626 955 ἀναϐήσονται
2658 881 2994 952 σεσωσμένοι
3013 899 3027 913 ·
3052 881 3243 952 ἐπειδὴ
3269 881 3444 935 ταῦτα
3472 883 3645 951 ἐπηγ-

2052 973 2272 1044 γείλατό
2301 991 2361 1027 τε
2399 974 2554 1037 Θεὸς,
2600 973 2695 1027 καὶ
2740 972 3197 1042 εὐαγγελίσασθαι
3230 972 3461 1026 δέδωκεν
3498 970 3645 1025 ἐκεί-

2055 1079 2183 1126 νοις,
2216 1063 2291 1132 (p.
2323 1062 2448 1132 127)
2471 1061 2700 1124 ὁπόσους
2724 1063 2805 1125 εἰς
2840 1061 2941 1132 τὴν
2962 1060 3221 1115 ἐπάνοδον
3259 1059 3642 1131 προσκέκληκε

2054 1155 2281 1226 ταύτην.
2308 1154 2375 1207 Ἠ
2399 1154 2496 1224 μὲν
2522 1152 2586 1223 δὴ
2612 1138 2902 1224 πρόχειρος
2926 1154 3026 1224 τῆς
3048 1152 3250 1220 λέξεως
3284 1152 3463 1207 ἔννοια
3481 1151 3645 1224 αῦτη.

2155 1246 2215 1299 '0
2244 1245 2300 1298 δέ
2332 1261 2397 1314 γε
2439 1243 2706 1315 μακάριος
2754 1243 2892 1313 αὑτῇ
2940 1244 3146 1314 Πέτρος
3196 1244 3466 1315 ἐχρήσατο
3510 1241 3646 1315 πρὸς

2069 1337 2357 1400 Ἰουδαίους
2385 1335 2767 1406 διαλεγόμενος
2793 1336 2884 1388 ἐπὶ
2909 1339 2977 1406 τῇ
3017 1333 3111 1389 τοῦ
3141 1336 3303 1404 ἁγίου
3331 1335 3647 1404 Πνεύματος

2076 1424 2315 1501 καθόδῳ,
2350 1429 2497 1500 μάλα
2526 1428 2782 1492 εἰκότως·
2819 1428 3005 1500 ἐπειδὴ
3049 1427 3205 1482 σκιὰν
3250 1428 3350 1498 μὲν
3394 1428 3646 1482 ἁπάντων

2073 1522 2182 1575 τῶν
2213 1521 2513 1591 μελλόντων
2552 1517 2695 1591 εἶχεν
2728 1521 2757 1572 ό
2785 1519 2947 1591 νόμος
2968 1534 2981 1547 ⁸
3025 1519 3351 1590 κηδεμονίας
3378 1519 3434 1572 δέ
3463 1520 3493 1571 ὁ
3520 1517 3648 1581 λαὸς

2060 1612 2275 1682 ἠξιοῦτο
2289 1611 2374 1665 διὰ
2389 1612 2486 1683 τὴν
2509 1611 2616 1665 τῶν
2641 1610 3030 1682 φανησομένων
3047 1611 3372 1682 προσδοκίαν
3391 1610 3448 1663 ἐν
3466 1612 3533 1681 τῇ
3550 1608 3645 1663 τοῦ

2061 1705 2329 1758 Δεσπότου
2346 1702 2580 1776 Χριστοῦ
2600 1702 2889 1775 παρουσίᾳ·
2914 1703 3007 1754 καὶ
3022 1697 3090 1772 ἦν
3108 1701 3175 1755 τά
3195 1701 3291 1771 μὲν
3313 1702 3398 1754 ἐπ’
3420 1701 3646 1755 ἐκείνων

2068 1796 2240 1868 μικρὰ
2285 1797 2460 1850 πάντα
2487 1796 2581 1849 καὶ
2616 1795 2692 1858 ὡς
2725 1797 2782 1847 ἐν
2830 1794 2958 1863 σκιᾷ
3002 1792 3262 1864 γινόμενα
3287 1810 3302 1824 ·
3364 1791 3504 1845 ὥστε
3553 1793 3650 1845 καὶ

2071 1892 2450 1964 ὑπερϐολικῶς
2482 1890 2733 1963 εἰρῆσθαι
2767 1889 2966 1959 μᾶλλον
2990 1889 3023 1957 ἢ
3055 1888 3125 1941 τὰ
3152 1885 3453 1958 πράγματα
3482 1880 3646 1955 εἶχεν·

2068 1986 2103 2056 ἡ
2147 1985 2203 2037 δὲ
2244 1984 2353 2037 τῶν
2398 1983 2703 2053 εἰρημένων
2744 1981 2972 2051 ἀλήθεια
3005 1979 3103 2051 τὴν
3143 1978 3367 2032 ἑκϐασιν
3398 1977 3650 2046 ἐφαίνετο

2069 2076 2161 2128 ἐπὶ
2214 2074 2305 2128 τοῦ
2357 2074 2624 2127 Δεσπότου
2670 2070 3024 2142 λαμϐάνουσα
3072 2069 3311 2141 Χριστοῦ
3342 2109 3356 2132 ,
3412 2067 3647 2137 ὁπηνίκα

2070 2166 2247 2220 πάντα
2275 2162 2344 2237 ἦν
2379 2166 2589 2237 μεγάλα
2617 2165 2713 2217 καί.
2751 2163 2915 2232 φόϐου
2971 2161 3165 2233 μεστὰ,
3210 2160 3374 2214 καινά
3396 2176 3456 2213 τε
3481 2160 3648 2222 ὅντως

2070 2256 2368 2330 παράδοξα,
2418 2237 2513 2311 καὶ
2562 2257 2811 2310 πλεῖστον
2862 2255 2987 2307 ὅσον
3041 2251 3434 2325 ὑπερϐαίνοντα
3480 2250 3550 2305 τά
3590 2253 3647 2304 ἐν

2070 2350 2220 2420 νόμῳ
2242 2350 2557 2420 γιγνόμενα·
2589 2348 2665 2410 ὡς
2698 2347 3019 2417 αἰνίγματος
3052 2344 3153 2414 μὲν
3185 2343 3255 2397 τὰ
3292 2344 3385 2397 ἐπὶ
3405 2338 3507 2410 τῆς
3529 2343 3646 2397 Πα-
3676 2348 3681 2363 ¹

2070 2438 2229 2504 λαιᾶς
2252 2438 2526 2511 Διαθήκης
2543 2438 2695 2509 τάξιν
2725 2437 2961 2508 ἐπέχειν,
2995 2433 3255 2504 ἀληθείας
3289 2433 3347 2486 δὲ
3375 2428 3513 2486 εἷναι
3540 2430 3648 2485 τῶν

2070 2534 2162 2587 ἐπὶ
2212 2532 2306 2586 τοῦ
2352 2532 2622 2585 Δεσπότου
2657 2530 2895 2604 Χριστοῦ
2945 2529 3246 2599 γινομένων
3280 2528 3340 2581 τὸ
3381 2525 3643 2599 μέγεθος·

2069 2626 2242 2690 οὑτως
2283 2628 2312 2680 ό
2358 2626 2626 2697 μακάριος
2672 2625 2817 2693 λέγει
2866 2622 3026 2679 Δαυῖδ
3056 2623 3184 2695 περὶ
3210 2620 3304 2676 τοῦ
3355 2617 3520 2680 λαοῦ,
3566 2618 3650 2670 ὅτι

2067 2719 2189 2773 Οὐκ
2209 2717 2640 2785 ἐγκατελείφθη
2677 2716 2711 2783 ἡ
2738 2714 2907 2784 ψυχὴ
2931 2714 3118 2768 αὑτοῦ
3138 2716 3225 2780 εἰς
3253 2712 3425 2779 ᾅδην,
3450 2708 3589 2764 οὐδὲ
3609 2709 3646 2776 ἡ

2070 2809 2226 2878 σὰρξ
2261 2808 2449 2862 αὑτοῦ
2493 2804 2615 2862 εἶδε
2661 2806 3025 2877 διαφθοράν·
3076 2807 3211 2876 ὅπερ
3259 2804 3359 2857 οὑκ
3410 2801 3502 2855 ἐπὶ
3540 2799 3650 2852 τῶν

2071 2899 2411 2971 πραγμάτων
2438 2898 2675 2954 νοεῖσθαι
2707 2896 2959 2958 δυνατὸν,
3005 2892 3389 2966 μεταφορικῶς
3433 2892 3491 2945 δὲ
3529 2891 3648 2961 ἦτοι

2072 2988 2445 3059 ὑπερϐολικῶς
2471 2988 2639 3058 λέγει,
2668 2988 2750 3043 ὅτι
2781 2986 2980 3058 ἐξήρθη
2996 2985 3235 3040 κινδύνου
3263 2981 3605 3054 ῆδιαφθορᾶς
3632 2996 3645 3010 ·

2072 3083 2106 3153 ἡ
2137 3082 2193 3135 δὲ
2224 3081 2319 3134 τοῦ
2348 3082 2672 3153 πράγματος
2702 3080 2929 3151 ἀλήθεια
2954 3080 3061 3134 τῶν
3094 3078 3396 3151 εἰρημένων
3434 3077 3537 3131 ὑπὸ
3557 3076 3648 3130 τοῦ

2072 3174 2340 3227 Δεσπότου
2379 3174 2456 3242 (p.
2491 3172 2613 3244 128)
2645 3173 2919 3227 δείκνυται
2953 3170 3225 3243 Χριστοῦ,
3273 3171 3361 3223 ὅτε
3394 3168 3517 3223 οὑτε
3551 3169 3650 3240 τὴν

2070 3263 2247 3334 ψυχὴν
2276 3262 2440 3316 αὑτοῦ
2473 3263 2900 3333 καταλειφθῆναι
2936 3263 3125 3331 γέγονε
3163 3263 3243 3325 είς
3274 3261 3407 3333 ᾇδην
3441 3260 3651 3314 ἀποκα-

2070 3356 2345 3409 ταστᾶσαν
2375 3354 2454 3425 τῷ
2484 3354 2697 3426 σώματι
2737 3355 2824 3409 διὰ
2852 3356 2950 3425 τῆς
2989 3353 3333 3416 ἀναστάσεως
3364 3369 3377 3382 ·
3429 3350 3552 3405 οὔτε
3592 3351 3653 3404 τὺ

2072 3448 2233 3519 σῶμα
2269 3438 2566 3518 διαφθοράν
2609 3464 2729 3501 τινα
2764 3446 3185 3517 ὑπομεμένηκεν
3214 3461 3228 3476 ·
3277 3444 3353 3507 ὡς
3391 3443 3465 3514 μὴ
3496 3443 3653 3514 μόνον

2072 3540 2166 3593 ἐπὶ
2199 3540 2292 3592 τοῦ
2322 3539 2522 3593 οἰκείου
2557 3542 2735 3610 μεῖναι
2766 3539 3061 3609 σχήματος,
3089 3538 3145 3591 ἐν
3174 3529 3218 3605 ᾧ
3246 3536 3309 3607 δὴ
3336 3534 3653 3605 τετελεύτημ

2071 3647 2188 3691 κεν,
2222 3629 2358 3683 ἀλλὰ
2385 3630 2494 3699 γὰρ
2530 3630 2625 3683 καὶ
2652 3630 2732 3692 εἰς
2758 3627 3023 3683 ἀθάνατον
3057 3628 3151 3681 καὶ
3175 3626 3453 3697 ἄφθαρτον
3483 3641 3650 3697 μετα-

2075 3722 2267 3791 στῆναι
2298 3720 2459 3790 φύσιν
2482 3735 2495 3750 ·
2546 3720 2621 3783 ὼς
2645 3716 2785 3773 εἶναι
2820 3721 2995 3773 ἐκεῖνο
3023 3720 3120 3790 μὲν
3152 3718 3397 3788 αἴνιγμα,
3427 3717 3573 3770 τουτὶ
3599 3715 3655 3769 δὲ

2077 3815 2337 3886 ἀλήθειαν
2357 3831 2370 3845 ·
2416 3814 2604 3883 διόπερ
2629 3814 2901 3885 ἐχρήσατο
2928 3816 2994 3883 τῇ
3030 3813 3181 3882 φωνῇ
3212 3811 3307 3863 καί.
3334 3810 3361 3862 ὀ
3389 3809 3657 3879 μακάριος

2074 3906 2278 3978 Πέτρος
2299 3948 2312 3970 ,
2344 3906 2419 3969 ὡς
2443 3905 2509 3960 ἂν
2536 3904 2660 3958 τότε
2691 3904 2787 3974 μὲν
2818 3903 2960 3957 κατά
2990 3920 3112 3956 τινα
3145 3902 3327 3956 αἰτίαν
3362 3916 3657 3972 μεταφορι-

2075 3997 2186 4059 κῶς
2214 3996 2501 4067 είρημένῃ,
2532 3995 2629 4051 νῦν
2664 3995 2720 4048 δὲ
2759 3994 2933 4065 ἀληθῆ
2978 3995 3078 4064 τὴν
3107 3993 3331 4047 ἔκϐασιν
3358 3992 3447 4045 ἐπ’
3476 3990 3657 4045 αὑτῶν

2083 4085 2325 4139 λαϐοῦσα
2370 4084 2478 4140 τῶν
2513 4084 2856 4156 πραγμάτων
2879 4101 2892 4115 ·
2945 4082 3083 4136 ὥστε
3135 4082 3229 4136 καὶ
3275 4080 3453 4153 πολλῷ
3498 4081 3657 4136 πλέον

2084 4176 2193 4232 δεῖν
2224 4179 2333 4241 τοῖς
2362 4176 2457 4231 νῦν
2487 4176 2783 4241 πιστεύειν,
2811 4174 2844 4246 ἢ
2872 4176 2993 4229 τότε
3023 4173 3328 4245 ἐθαύμαζον
3359 4175 3554 4227 ἐκεῖνο.

2153 4461 2369 4518 Πολλῶν
2404 4461 2463 4516 δὲ
2491 4461 2747 4516 τοιούτων
2775 4461 2946 4516 ὄντων
2984 4462 3076 4516 ἐπὶ
3104 4461 3204 4531 τῆς
3242 4459 3391 4523 θείας
3416 4459 3657 4530 Γραφῆς.

2080 4555 2381 4627 παρόμοιον
2416 4554 2700 4625 προδήλως
2737 4554 2855 4607 ἐστί
2882 4553 3066 4608 καὶτὸ
3093 4552 3268 4624 παρόν
3294 4568 3309 4584 ·
3355 4552 3384 4605 ό
3419 4550 3518 4622 μὲν
3552 4550 3659 4624 γὰρ

2080 4645 2357 4717 Δεσπότης
2404 4632 2538 4708 Θεὸς
2568 4644 2711 4698 κατὰ
2758 4642 2855 4714 τὴν
2898 4644 3018 4696 τότε
3059 4643 3347 4715 συνήθειαν
3390 4641 3660 4704 Ἰουδαίοις

2079 4736 2461 4806 διαλεγόμενος
2502 4734 2593 4788 διὰ
2635 4733 2731 4787 τοῦ
2771 4737 3089 4806 προφήτου,Δ
3122 4735 3220 4806 τὴν
3245 4732 3450 4788 οἰκείαν
3478 4733 3662 4795 αὐτοῖς

2083 4825 2420 4897 παρέχεσθαι
2455 4823 2696 4894 δαψιλῶς
2748 4824 2900 4895 ἔλεγε
2933 4825 3275 4898 κηδεμονίαν,
3309 4825 3403 4879 καί
3428 4824 3497 4878 τὰ
3533 4822 3661 4892 ἑξῆς

2081 4915 2137 4969 δὲ
2190 4915 2311 4969 καθ’
2376 4915 2434 4968 δν
2484 4914 2916 4987 ἡρμηνεύκαμεν
2978 4917 3179 4987 τρόπον
3206 4932 3220 4945 ·
3287 4914 3556 4985 ἐκϐέϐηκε
3603 4913 3662 4966 δέ

2083 5008 2299 5062 ἅπαντα
2337 5005 2476 5077 μετὰ
2523 5007 2621 5078 τῆς
2646 5006 2904 5077 ἀληθείας
2942 5010 3035 5062 ἐπὶ
3082 5025 3176 5061 του
3224 5009 3498 5061 Δεσπότου
3530 5007 3666 5077 Χρι-

2084 5098 2211 5151 στοῦ
2229 5114 2242 5128 ·
2276 5098 2357 5151 ὅτι
2387 5099 2479 5151 καὶ
2515 5099 2664 5169 ἥλιος
2692 5101 2861 5165 ὅντως
2889 5100 3176 5172 ἐσκοτίσθη
3197 5137 3212 5163 ,
3247 5100 3342 5153 καὶ
3382 5099 3576 5169 σελήνη
3604 5097 3663 5151 δὲ

2087 5191 2183 5242 σὺν
2208 5188 2403 5259 ἐκείνῳ
2422 5205 2436 5219 ·
2471 5192 2565 5245 καί
2598 5192 2809 5263 μεγάλα
2838 5191 2937 5262 μὲν
2969 5193 3027 5244 ἐν
3057 5190 3291 5263 οὐρανῷ,
3324 5192 3496 5244 πολλὰ
3519 5190 3577 5243 δέ
3603 5191 3662 5241 ἐν

2085 5282 2151 5350 τῇ
2182 5282 2252 5350 γῇ
2282 5279 2471 5348 γέγονε
2501 5282 2705 5353 τέρατα
2730 5300 2742 5313 ·
2777 5278 2920 5353 αἷμά
2947 5300 3007 5335 τε
3049 5283 3290 5354 ἀνεφάνη
3323 5299 3417 5336 του
3450 5281 3659 5335 Δεσπό-

2089 5385 2183 5421 του
2224 5368 2458 5439 Χριστοῦ
2500 5371 2562 5423 τὺ
2612 5374 2876 5442 σωτήριον
2896 5389 2910 5404 ·
2963 5371 3057 5424 καὶ
3087 5371 3195 5442 πῦρ
3225 5371 3366 5424 κατὰ
3391 5371 3490 5442 τὴν
3522 5368 3662 5424 ἰδέαν

2089 5458 2184 5512 τοῦ
2212 5459 2561 5529 φοιτήσαντος
2607 5463 2919 5533 Πνεύματος
2964 5462 3061 5533 τὴν
3111 5463 3390 5534 ἐνέργειαν
3438 5461 3663 5532 μηνῦον,

2091 5548 2262 5626 οὗπερ
2290 5552 2381 5610 οὖν
2409 5556 2503 5610 καὶ
2532 5555 2696 5625 ἀτμὶς
2742 5557 3035 5626 προηγεῖτο
3064 5553 3295 5617 καπνοῦ,
3328 5554 3407 5616 είς
3447 5553 3663 5622 ἔλεγχον

2092 5645 2190 5716 τῆς
2220 5646 2670 5718 καταληψομένης
2699 5647 2825 5710 τοὺς
2870 5652 2959 5700 τὸν
3011 5647 3239 5719 σταυρὸν
3266 5645 3667 5716 τετολμηκότας

2089 5738 2377 5807 τιμωρίας·
2408 5737 2483 5809 (p.
2514 5738 2634 5808 129)
2663 5738 2783 5791 τότε
2810 5737 2874 5810 δὴ
2905 5738 2997 5792 καί
3024 5739 3284 5809 μετέσχον
3308 5736 3545 5803 ἅπαντες
3562 5735 3668 5809 τῆς
