4102 6454
264 392 381 449 233

1305 393 1861 466 (ἰΟΜΜΕδΤΑΒΠΞὸ
1897 393 1968 448 1N
2011 391 2245 449 JOELIS
2283 395 2434 452 CAP.
2471 397 2564 451 111.

3466 399 3571 454 εει
3613 355 3618 360 ’

267 509 368 562 τοῦ
400 508 563 578 ἁγίου
598 507 920 579 Πνεύματος
951 510 1192 580 χάριτος,
1233 511 1491 574 ποικίλων
1523 528 1579 562 τε
1623 513 1715 564 καὶ
1746 511 1875 563 πολ-

1997 507 2141 578 digni
2177 518 2307 564 sunt
2339 510 2509 564 habiti
2541 527 2553 562 :
2586 524 2818 579 quorum
2843 509 2932 562 alii
2959 510 3332 580 praedicebant
3363 511 3570 574 hilara,

267 598 386 652 λῶν
415 591 781 671 χαρισμάτων
805 601 1150 665 ἀξιωθέντες·
1181 595 1256 654 ὧν
1291 603 1340 654 οἱ
1379 602 1478 672 μὲν
1505 602 1874 674 προηγόρευον

265 691 333 744 τὸ
368 691 603 761 μέλλον,
636 693 685 744 οί
723 690 781 744 δέ
817 691 1045 746 πλεῖστα
1071 693 1173 746 ὅσα
1214 693 1637 764 κατειργάζοντο
1666 697 1750 757 εἰς
1787 693 1876 746 πί-

269 783 480 836 στωσίν
507 800 568 836 τε
591 782 686 836 τοῦ
717 783 984 855 μεγέθους
1013 784 1120 837 τῶν
1151 786 1471 855 γινομένων,
1507 787 1604 840 καὶ
1628 788 1706 849 είς
1727 785 1878 854 ἐλεγ-

265 892 366 945 χον
403 874 504 945 τῆς
533 873 696 945 δόξης
719 877 822 946 τῆς
858 878 988 948 περὶ
1019 879 1111 930 τὸν
1148 880 1426 950 Δεσπότην
1473 881 1711 952 Χριστόν
1734 899 1747 911 ·
1802 883 1878 944 ὼς

266 966 436 1020 τοῦτο
453 965 527 1036 δὴ
555 967 620 1019 τὸ
650 967 822 1021 πάλαι
852 969 940 1023 διὰ
985 969 1078 1023 τοῦ
1108 974 1388 1041 προφήτου
1437 973 1818 1044 μεταφορικῶς
1843 973 1876 1043 ἢ

268 1056 664 1127 ὑπερϐολικῶς
695 1059 1008 1129 εἰρημένον,
1039 1060 1382 1131 πραγμάτων
1407 1063 1506 1133 τὴν
1525 1062 1711 1126 δεῖξιν,
1743 1063 1880 1133 μετὰ.

267 1148 367 1200 τοῦ
401 1148 500 1201 καὶ
532 1148 892 1202 ἐλαττοῦσθαι
923 1150 1034 1203 τῶν
1082 1154 1424 1222 πραγμάτων
1470 1152 1560 1206 τὸν
1602 1153 1759 1220 λόγον
1791 1169 1803 1180 ·
1842 1155 1876 1222 ὴ

271 1238 377 1308 μὲν
403 1235 502 1292 οὖν
531 1238 704 1300 αίτία,
739 1239 851 1292 εἴτε
899 1239 1102 1309 ταύτης
1134 1241 1230 1310 τῆς
1261 1241 1467 1312 φωνῆς,
1501 1243 1610 1295 εἴτε
1648 1243 1742 1295 καὶ
1771 1242 1879 1295 τῶν

268 1330 510 1394 λοιπῶν,
538 1331 745 1394 ὁπόσας
766 1333 851 1400 ἐφ’
875 1333 1077 1402 ἐτέρων
1105 1333 1404 1404 εἰρημένας
1438 1334 1585 1406 παρὰ
1613 1337 1724 1398 τοῖς
1747 1351 1881 1404 προσ

271 1423 504 1492 φήταις,
537 1424 620 1486 εἰς
646 1421 746 1491 τὴν
775 1423 919 1476 κατὰ
952 1424 1043 1478 τὸν
1062 1427 1338 1496 Δεσπότην
1363 1427 1595 1497 Χριστὸν
1629 1427 1881 1491 ἐξέλαϐον

271 1510 602 1579 οἰκονομίαν
649 1513 698 1563 al
753 1513 1016 1583 μακάριοι
1060 1513 1372 1578 ἀπόστολοι,
1408 1517 1634 1587 τοιαύτη
1683 1536 1766 1580 τις
1815 1517 1880 1572 ἂν

273 1602 629 1674 ὑποληφθείη
665 1602 777 1675 (18)
806 1605 1052 1668 δικαίως⁹
1083 1606 1159 1668 ὼς
1181 1607 1246 1661 ἂν
1271 1609 1366 1662 καὶ
1391 1611 1422 1680 ἡ
1454 1609 1564 1664 τῶν
1595 1611 1720 1664 τότε
1748 1627 1883 1682 πρα-

274 1696 514 1765 γμάτων
549 1695 763 1766 ἱστορία
794 1696 1042 1765 φαίνοιτο
1081 1699 1157 1771 μὴ
1199 1701 1556 1774 πεπλασμένη
1583 1742 1597 1765 ,
1643 1704 1736 1756 καὶ
1773 1704 1882 1757 τῶν

276 1787 374 1842 νῦν
421 1789 488 1842 το
541 1789 776 1860 μέγεθος
819 1792 883 1842 ἐκ
936 1792 1294 1865 παραθέσεως
1341 1795 1564 1849 ἐκείνων
1609 1797 1884 1867 ἐλέγχοιτο

281 1879 509 1949 μᾶλλον·
547 1877 848 1932 δεικνύοιτό
875 1897 933 1933 τε
965 1881 1211 1952 ἀκριϐῶς
1238 1881 1328 1936 διὰ
1355 1884 1592 1949 πάντων,
1620 1887 1703 1937 ὅτι
1734 1885 1884 1938 ἔσται

284 1972 383 2040 μέν
417 1987 509 2034 τις
545 1970 772 2023 ἐκείνων
803 1971 1077 2041 οἰκειότης
1121 1972 1259 2045 πρὸς
1285 1973 1494 2028 ταῦτα·
1540 1975 1784 2030 λείπεται
1827 1977 1884 2030 δὲ

279 2065 435 2133 ὅμως
476 2062 740 2116 τοσοῦτον
767 2063 878 2116 τῶν
908 2064 1193 2133 παρόντων
1229 2066 1297 2120 τὰ
1340 2069 1726 2139 προειληφότα,
1760 2071 1885 2124 ὅσον

249 2183 254 2187 -
282 2154 448 2208 σκιὰν
477 2154 771 2208 λείπεσθαι
801 2154 1054 2226 σώματος
1097 2155 1336 2228 ἀνάγκη,
1370 2158 1474 2213 κᾶν
1508 2161 1556 2212 εί
1586 2163 1886 2233 προσήκειν

281 2246 437 2317 αὖτῷ
485 2265 542 2300 τι
591 2247 776 2318 δοκοίη
807 2247 938 2316 (19).
1014 2249 1090 2317 (ρ.
1128 2247 1252 2315 150)
1296 2249 1352 2302 '0
1397 2249 1453 2303 δέ
1498 2268 1561 2318 γε
1600 2254 1886 2324 προφήτης

281 2341 476 2411 ἐπειδὴ
531 2339 634 2408 τὴν
683 2339 791 2392 ἀπὸ
826 2339 1144 2403 Βαϐυλῶνος
1174 2339 1432 2393 ἐπάνοδον
1461 2341 1546 2395 διὰ
1575 2343 1682 2396 τῶν
1717 2349 1888 2417 προρ-

285 2431 571 2502 ρηθέντων
607 2431 903 2501 ἐμήνυσεν,
939 2431 1008 2484 τά
1041 2448 1101 2483 τε
1143 2432 1520 2502 προσεσόμενα
1551 2435 1734 2498 αὐτοῖς
1766 2439 1887 2489 κατ’

284 2525 500 2577 ἐκεῖνον
549 2523 643 2574 τὸν
690 2523 880 2594 καιρὸν
929 2523 1110 2591 ἀγαθὰ
1165 2525 1444 2591 ποικίλως,
1491 2526 1890 2582 ἀκολονθότατα

285 2618 416 2687 ἑξῆς
449 2616 678 2683 ἐπάγει.

970 2755 1124 2807 ΚΕΦ.
1163 2755 1236 2808 Γ.

360 2869 520 2938 Στίχ.
543 2867 768 2936 αὀγ’.-
785 2887 802 2919 ι
816 2868 938 2920 ’Ὁτι
953 2867 1061 2920 ἰδοὺ
1080 2867 1192 2936 ἐγὼ
1207 2871 1264 2922 ἐν
1278 2871 1393 2934 ταῖς
1410 2872 1644 2943 ἡμέραις
1655 2875 1889 2941 ἐκείναις

287 2960 386 3013 καὶ
403 2961 464 3011 ἐν
483 2957 562 3028 τῷ
579 2957 760 3029 καιρῴ
777 2956 991 3027 ἐκείνῳ,
1006 2957 1081 3022 ὡς
1100 2958 1166 3011 ἂν
1183 2959 1494 3030 ἐπιστρέψω
1507 2961 1603 3033 τὴν
1621 2964 1894 3034 αἰχμαλω-

290 3053 417 3106 σίαν
460 3049 638 3103 Ἰούδα
666 3051 763 3103 καὶ
803 3050 1179 3119 Ἰερουσαλὴμ,
1208 3052 1421 3116 συνάξω
1447 3053 1621 3107 πάντα
1644 3055 1712 3108 τὰ
1741 3056 1890 3127 ἔθνη,

287 3147 389 3200 καὶ
406 3143 634 3207 κατάξω
653 3141 792 3195 αὐτὰ
804 3145 882 3206 είς
899 3142 996 3213 τὴν
1017 3143 1238 3197 κοιλάδα
1266 3145 1549 3215 Ἰωσαφάτ·
1575 3150 1666 3201 καὶ
1680 3149 1892 3219 διακρι-

1985 601 2078 655 alii
2116 602 2353 672 plurima
2387 602 2681 670 patrabant
2712 600 2961 671 prodigia
2983 603 3054 658 ob
3076 619 3260 658 rerum
3288 612 3570 674 gestarum

1985 693 2420 748 conﬁrmandam
2467 693 2930 764 magnitudinem,
2993 701 3047 748 et
3092 695 3322 765 gloriam
3363 694 3570 751 Christi

1987 785 2205 840 Domini
2253 786 2662 842 ostentandam.
2707 785 2831 851 Quo
2870 784 2932 840 lit
2972 794 3029 838 ut
3074 786 3178 840 hoc
3211 787 3339 840 olim
3376 803 3406 840 a
3447 803 3574 858 pro-

1987 878 2151 948 pheta
2178 879 2556 948 metaphorice
2609 889 2704 932 aut
2749 879 3100 951 hyperbolice
3141 879 3374 942 dictum,
3422 896 3573 935 nunc

1987 964 2334 1020 manifestam
2377 967 2574 1020 habent
2613 981 2795 1020 rerum
2828 967 3228 1031 ostensionem,
3265 967 3339 1020 ita
3391 979 3570 1021 tamen

1989 1065 2050 1109 ut
2097 1057 2262 1112 verba
2323 1073 2353 1110 a
2405 1058 2572 1111 rebus
2615 1065 2968 1126 superentur.
3015 1057 3195 1113 Causa
3231 1059 3423 1128 igitur,
3472 1075 3575 1113 cur

1988 1149 2106 1204 sive
2134 1149 2277 1202 hanc
2328 1149 2686 1210 locutionem,
2724 1151 2841 1205 sive
2881 1151 3148 1221 reliquas,
3201 1160 3473 1222 quotquot
3507 1152 3574 1206 de

1987 1240 2111 1295 aliis
2134 1239 2398 1309 subjectis
2426 1241 2568 1310 apud
2596 1242 2894 1314 prophetas
2923 1241 3082 1294 dicta:
3104 1250 3252 1306 sunt,
3281 1243 3348 1298 de
3365 1242 3572 1298 Christi

1987 1329 2204 1385 Domini
2235 1331 2508 1386 incarnati
2539 1333 2800 1404 mysterio
2833 1333 2974 1388 beati
3007 1335 3242 1403 apostoli
3279 1335 3565 1390 intellexe-

1991 1425 2122 1487 rint,
2157 1440 2348 1489 causa,
2389 1427 2632 1495 inquam,
2674 1427 2788 1482 haec
2820 1428 3018 1482 merito
3038 1429 3343 1482 existimari
3373 1437 3571 1498 potest.

1989 1517 2166 1587 Atque
2197 1517 2274 1570 ita
2326 1533 2426 1572 nec
2465 1530 2709 1573 veterum
2771 1535 2956 1573 rerum
3015 1520 3306 1573 historiam
3355 1531 3574 1575 constat

1989 1624 2114 1664 esse
2137 1609 2458 1677 conﬁctam;
2507 1619 2561 1666 et
2591 1610 2939 1679 praesentiunt
2986 1611 3304 1680 magnitudo
3352 1626 3573 1681 compa-

1988 1701 2202 1755 ratione
2226 1701 2443 1754 illarum
2481 1704 2654 1772 magis
2687 1703 2937 1773 arguitur
2964 1722 2976 1756 :
3016 1711 3181 1772 atque
3202 1718 3265 1756 ex
3292 1703 3379 1756 his
3397 1703 3576 1756 omni-

1991 1792 2094 1846 bus
2119 1801 2373 1847 accurate
2409 1793 2844 1860 demonstratur,
2884 1795 3178 1864 quamdam
3234 1795 3575 1851 intercedere

1921 1873 1960 1926 Β
1990 1883 2205 1937 illarum
2256 1901 2380 1940 cum
2439 1886 2524 1940 his
2575 1887 3076 1955 necessitudinem;
3149 1887 3230 1942 sic
3277 1897 3458 1943 tamen
3515 1897 3575 1943 ut

1989 1977 2265 2043 praeterita
2299 1984 2513 2030 tantum
2552 1993 2582 2031 a
2617 1977 2988 2046 prasentihus
3027 1989 3575 2050 superentur,quan-

1987 2075 2106 2120 tum
2141 2069 2332 2123 umbra
2368 2084 2400 2123 a
2430 2085 2662 2140 corpore
2705 2071 2886 2130 debet,
2932 2087 3246 2141 quanquam
3299 2074 3391 2126 illa
3445 2073 3576 2129 huic

1991 2158 2334 2225 aliquantum
2362 2171 2646 2230 congruat.
2674 2161 2786 2230 Age
2811 2176 2961 2225 vero,
2988 2164 3252 2232 propheta
3281 2173 3571 2234 postquam

1991 2260 2021 2299 a
2065 2245 2350 2319 Babylone
2404 2249 2646 2303 reditum
2708 2251 2989 2319 prmdictis
3043 2253 3220 2307 verbis
3277 2255 3571 2323 portendit,
3639 2287 3648 2292 ο

1990 2350 2207 2392 necnon
2261 2339 2414 2393 varia
2443 2347 2708 2394 eventura
2753 2357 2849 2410 per
2884 2342 3020 2396 illud
3047 2350 3264 2414 tempus
3310 2344 3573 2402 lsraelitis

1993 2429 2157 2495 bona,
2191 2440 2562 2487 consentanea
2598 2433 2897 2490 admodum
2942 2439 3014 2490 ita
3047 2437 3227 2507 pergit
3261 2436 3465 2493 dicere.

2641 2755 2796 2810 CAP.
2841 2755 2929 2811 111.

2063 2863 2178 2935 86
2200 2862 2368 2919 Vens.
2413 2866 2534 2922 1-5.
2570 2887 2668 2918 -ι
2697 2869 2833 2936 Quia
2853 2885 2983 2925 ecce
3023 2887 3124 2942 ego
3163 2871 3216 2928 in
3249 2873 3440 2930 diebus
3470 2875 3578 2930 illis

1995 2962 2050 3009 et
2073 2962 2320 3026 tempore
2353 2956 2468 3024 illo,
2492 2974 2618 3013 cum
2645 2973 2970 3019 convertere
3002 2965 3380 3034 captivitatem
3421 2966 3578 3022 Iudae

1996 3056 2052 3103 et
2081 3047 2450 3117 Hierusalem,
2480 3054 2829 3122 congregabo
2854 3069 3046 3110 omnes
3080 3065 3288 3125 gentes,
3310 3066 3365 3112 et
3397 3058 3578 3114 dedu-

1998 3153 2120 3193 cam
2161 3155 2256 3194 eas
2285 3141 2340 3194 in
2376 3141 2571 3197 vallem
2610 3141 2873 3215 Josaphat
2922 3164 2936 3200 ι
2973 3154 3029 3202 et
3077 3148 3396 3219 disceptabo
3455 3166 3580 3206 cum

287 3237 538 3308 θήσομαι
555 3234 691 3306 πρὸς
704 3235 903 3297 αὐτοὺς
916 3236 1030 3287 ἐκεῖ
1041 3235 1179 3306 ὑπὲρ
1191 3234 1285 3288 τοῦ
1297 3235 1425 3289 λαοῦ
1443 3253 1544 3306 μου
1563 3239 1764 3309 καὶτῆς
1777 3240 1893 3312 κλη-

2000 3233 2080 3286 eis
2113 3233 2186 3286 ibi
2211 3249 2378 3303 super
2401 3235 2602 3304 populo
2619 3251 2765 3303 meo,
2797 3244 2850 3292 et
2881 3237 3196 3295 hatreditate
3215 3257 3332 3296 mea
3357 3240 3579 3306 lsraele,

292 3327 560 3399 ρονομίας
589 3341 690 3396 μου
738 3323 972 3396 Ἰσραὴλ,
1007 3325 1055 3378 οἳ
1082 3325 1454 3398 διεσπάρησαν
1479 3329 1536 3381 ἐν
1564 3332 1674 3392 τοῖς
1698 3329 1895 3394 ἔθνεσι,

289 3420 391 3474 καὶ
420 3420 524 3491 τὴν
559 3419 664 3488 γῆν
718 3436 818 3490 μου
872 3418 1308 3473 καταδιείλοντο·
1368 3423 1462 3474 καὶ
1505 3423 1598 3474 ἐπὶ
1630 3423 1723 3476 τὸν
1767 3423 1899 3478 λαόν

294 3531 401 3582 μου
428 3511 624 3565 ἔϐαλον
648 3511 903 3583 κλήρους·
933 3511 1028 3564 καὶ
1043 3511 1252 3565 ἔδωκαν
1273 3511 1341 3565 τὰ
1367 3512 1628 3584 παιδάρια
1653 3514 1898 3586 πόρναις,

292 3605 391 3658 καὶ
445 3603 516 3656 τὰ
562 3603 800 3673 κοράσια
850 3601 1094 3655 ἐπώλουν
1144 3602 1265 3656 ἀντὶ
1309 3601 1453 3656 οἴνου
1501 3604 1596 3656 καὶ
1634 3603 1838 3658 ἔπινον.
1875 3623 1893 3655 ι

294 3696 465 3763 Λέγει
498 3695 560 3747 δὲ
587 3694 658 3748 τὰ
693 3693 831 3764 μετὰ
865 3694 964 3764 τὴν
995 3694 1254 3748 ἐπάνοδον
1303 3694 1362 3746 ἐν
1411 3695 1620 3758 τούτοις
1655 3696 1897 3766 μηνύων,

275 3786 408 3840 ’τῶν
439 3803 499 3839 τε
525 3785 657 3858 περὶ
684 3786 777 3838 τὸν
811 3783 936 3853 Γὼγ
959 3785 1057 3856 τὴν
1086 3784 1292 3849 ἄνοδον,
1326 3786 1391 3857 ἢν
1420 3787 1736 3856 ποιήσονται
1764 3787 1901 3858 μετὰ

296 3876 502 3929 πολλοῦ
552 3875 793 3945 πλήθους
836 3874 1182 3945 ὁρμήσαντες
1211 3873 1352 3926 κατὰ
1382 3872 1481 3944 τὴς
1522 3875 1898 3946 Ἰερουσαλὴμ,

296 3970 394 4022 καὶ
450 3966 550 4038 τὴν
594 3965 877 4020 ἀπώλειαν
929 3968 994 4037 ἢν
1043 3967 1184 4036 ὑπὲρ
1229 3966 1322 4019 τοῦ
1371 3967 1722 4040 τολμήματος
1770 3969 1902 4021 ὑπο-

302 4058 532 4131 μενοῦσι
579 4058 793 4112 τούτου.
855 4057 1052 4111 Ἐπειδ’
1093 4057 1159 4110 ἂν
1196 4058 1324 4130 γὰρ,
1355 4059 1539 4129 φησὶν,
1569 4059 1902 4129 ἐπαναγάγω

300 4154 451 4222 ὑμᾶς
496 4153 591 4205 ἐπὶ
619 4153 720 4224 τὴν
767 4151 1143 4224 Ἰερουσαλὴμ,
1184 4150 1565 4205 συνελεύσεται
1599 4153 1696 4222 μὲν
1730 4150 1902 4204 πολλὰ

299 4245 644 4316 πολλαχόθεν
691 4245 820 4316 ἔθνη
868 4246 953 4313 ἐφ’
981 4246 1124 4315 ὑμᾶς
1148 4261 1163 4275 ο
1213 4244 1361 4313 λέγει
1403 4245 1484 4305 δὲ,
1521 4248 1602 4301 ὅτι
1629 4265 1647 4297 ι
1678 4243 1902 4310 Συνάξω

306 4338 495 4390 πάντα
527 4337 598 4390 τὰ
633 4336 820 4406 ἐθνη,ι
857 4337 956 4407 οὐχ
985 4337 1066 4388 ὅτι
1095 4336 1295 4399 αὐτοὺς
1339 4337 1514 4403 ἄγειν,
1551 4336 1665 4389 ἀλλ’
1714 4336 1900 4406 ἐπειδὴ

303 4431 460 4483 εἴασε
507 4429 708 4494 αὐτοὺς
741 4432 842 4499 τὴν
887 4427 1150 4499 πρόθεσιν
1187 4431 1266 4492 εἰς
1309 4428 1471 4500 ἔργον
1504 4429 1756 4481 ἐκϐαλεῖν
1803 4429 1901 4498 τὴν

303 4521 514 4574 οἰκείαν
540 4534 555 4548 ⁸
615 4518 998 4588 ἐτιμωρήσατο
1039 4515 1096 4569 δὲ
1130 4515 1619 4587 ἐπικεχειρηκότας
1654 4516 1721 4584 τῇ
1761 4513 1901 4566 κατὰ

2002 3324 2096 3393 qui
2154 3325 2392 3394 dispersi
2447 3335 2578 3381 sunt
2630 3328 2686 3382 in
2751 3329 3096 3392 nationibus,
3132 3347 3254 3401 quae
3303 3334 3581 3403 regionem

2003 3430 2180 3469 meam
2238 3416 2550 3472 diviserunt
2584 3437 2598 3473 :
2634 3427 2689 3475 et
2740 3435 2910 3491 super
2942 3423 3204 3492 populum
3261 3439 3438 3479 meum
3478 3426 3580 3478 mi-

2003 3515 2196 3558 serunt
2227 3514 2431 3570 sortes,
2469 3514 2524 3560 et
2555 3507 2905 3564 tradiderunt
2939 3524 3142 3580 pueros
3174 3512 3581 3573 meretricibus,

2001 3602 2057 3649 et
2088 3595 2295 3665 puellas
2314 3597 2620 3652 vendebant
2649 3614 2747 3667 pro
2791 3599 2920 3654 vino
2951 3608 3012 3653 ut
3041 3600 3313 3655 biberent.
3348 3620 3366 3651 ι
3401 3600 3584 3672 Signi-

2003 3686 2132 3740 ﬁcat
2166 3703 2288 3756 qua:
2327 3686 2591 3743 lsraelitis
2640 3700 2764 3760 post
2811 3690 3049 3744 reditum
3096 3699 3254 3745 erant
3297 3701 3582 3750 eventura.

2003 3775 2250 3846 Gogique
2279 3778 2675 3843 incursionem,
2715 3794 2878 3848 quam
2911 3794 3037 3833 cum
3083 3780 3290 3850 ingenti
3340 3782 3586 3836 multitu-

2004 3868 2131 3923 dine
2152 3868 2414 3924 adversus
2441 3868 2779 3926 Hierusalem
2799 3870 2983 3937 faciet,
3006 3883 3058 3927 et
3088 3872 3298 3927 cladem
3323 3888 3485 3942 quam
3516 3875 3587 3928 ob

2007 3958 2148 4013 hanc
2195 3961 2483 4015 audaciam
2536 3970 2657 4017 erat
2705 3971 3058 4033 experturus.
3095 3963 3228 4020 Nam
3264 3973 3578 4036 postquam,

2007 4049 2206 4120 inquit,
2296 4052 2567 4107 reduxero
2646 4067 2741 4109 vos
2819 4053 3184 4118 Hierusalem,
3247 4056 3432 4110 multae
3488 4072 3591 4110 ωι-

2003 4140 2170 4212 dique
2250 4145 2647 4215 conspirabunt
2741 4155 2933 4202 contra
3015 4161 3113 4203 vos
3186 4159 3396 4218 gentes.
3446 4146 3588 4201 Dicit

2005 4241 2187 4288 autem
2233 4253 2246 4287 :
2287 4235 2686 4306 «Congregabo
2733 4252 2924 4293 omnes
2973 4247 3188 4309 gentes,
3218 4258 3239 4292 ι
3293 4257 3400 4296 non
3441 4245 3586 4312 quod

2005 4325 2122 4394 ipse
2152 4329 2222 4380 sit
2242 4341 2337 4381 eas
2365 4326 2729 4395 adducturus,
2778 4330 2875 4384 sed
2903 4330 3051 4400 quod
3095 4332 3162 4387 iis
3206 4334 3590 4402 permissurus

2007 4419 2345 4486 propositum
2405 4419 2685 4489 proprium
2748 4421 2996 4490 exsequi.
3069 4421 3134 4476 Et
3189 4424 3409 4492 quidem
3465 4427 3590 4482 illos

2007 4509 2185 4576 puniit
2224 4510 2318 4579 qui
2367 4508 2748 4565 lsraelitarum
2813 4513 3011 4566 reditui
3070 4512 3252 4566 infesti
3309 4515 3585 4570 fuerunt:

303 4611 416 4666 τῶν
454 4608 807 4681 Ἰσραηλιτῶν
842 4605 1046 4679 ἀνόδῳο
1094 4609 1189 4661 καὶ
1220 4609 1552 4678 πεποιήκασι
1599 4606 1697 4674 μὲν
1751 4603 1893 4658 οὐδὲν

2010 4618 2184 4671 neque
2208 4611 2387 4656 tamen
2437 4603 2513 4656 illi
2551 4603 2817 4655 voluntati
2866 4618 2978 4658 suae
3025 4593 3253 4674 obsequi
3298 4607 3590 4661 valuerunt

304 4698 383 4758 ὧν
432 4703 722 4756 ἐϐούλοντο
768 4702 848 4763 εἰς
892 4702 1019 4763 τοὺς
1066 4698 1386 4763 Ἰουδαίους,
1429 4697 1668 4767 φοϐερὰν
1699 4696 1755 4748 δέ
1785 4713 1908 4748 τινα

307 4797 403 4848 καὶ
431 4793 736 4864 παράδοξον
764 4792 1219 4863 ύπομεμενήκασι
1269 4793 1344 4860 (p.
1375 4790 1500 4860 151)
1539 4791 1606 4859 τῇ
1637 4788 1732 4840 τοῦ
1774 4788 1908 4840 Θεοῦ

309 4889 454 4958 ῥοπῇ
510 4887 613 4958 τὴν
664 4886 973 4956 τιμωρίαν·
1023 4883 1110 4936 διὰ
1157 4881 1317 4935 τοῦτο
1363 4881 1526 4944 αὐτὸς
1584 4883 1910 4948 συναγαγεῖν

309 4980 491 5032 πάντα
525 4979 596 5030 τὰ
635 4977 762 5048 ἐθνη
808 4976 959 5044 λέγει
987 4991 999 5004 ·
1050 4973 1208 5028 τοῦτο
1240 4972 1563 5043 βουλόμενος
1603 4973 1800 5037 εἰπεῖν,
1830 4971 1911 5023 ὅτι

307 5072 488 5128 Εἵασα
541 5071 740 5133 αὐτοὺς
781 5072 847 5140 τῇ
892 5065 1140 5139 μοχθηρᾷ
1180 5063 1390 5118 ἑαυτῶν
1423 5063 1736 5134 χρήσασθαι
1763 5062 1906 5131 γνώ-

311 5181 420 5238 μῃ,
460 5164 558 5218 καὶ
590 5163 832 5234 ὁρμῆσαι
875 5161 1017 5214 κατὰ
1057 5161 1156 5229 τῆς
1192 5157 1569 5228 Ἰερουσαλὴμ,
1613 5156 1688 5219 ὡς
1719 5155 1784 5208 ἂν
1813 5157 1910 5208 αύ-

305 5259 427 5312 τόθι
477 5257 639 5319 δίκας
682 5255 878 5317 αὐτοὺς
916 5251 1374 5323 εἰσπραξάμενος,
1420 5249 1519 5318 τῆς
1551 5265 1612 5300 τε
1659 5248 1788 5320 περὶ
1819 5247 1910 5299 τὸν

306 5355 442 5409 λαὸν
496 5350 834 5422 κηδεμονίας
880 5347 976 5400 καὶ
1021 5347 1122 5416 τῆς
1170 5340 1410 5414 ἐμαυτοῦ
1468 5341 1581 5412 (20)
1627 5342 1911 5412 δυνάμεως

307 5440 590 5507 ἀπόδειξιν
621 5440 994 5512 παράσχωμαι
1023 5438 1210 5491 πᾶσιν.
1233 5432 1417 5488 Είπών
1446 5433 1498 5501 γ’
1523 5427 1670 5497 οὖν,‹
1692 5431 1911 5496 Συνάξω

309 5541 492 5592 πάντα
523 5549 594 5588 τα
622 5528 777 5602 ἔθνη.
810 5549 829 5582 ι
860 5527 1157 5596 ἐπέγαγεν,
1195 5551 1214 5585 ι
1240 5524 1352 5579 Καὶ
1384 5525 1605 5592 κατάξω
1637 5521 1777 5576 αὐτὰ
1833 5525 1912 5584 είς

379 5707 495 5777 (181
539 5708 677 5764 Cod.
710 5706 892 5776 λειφθ.

379 5773 496 5854 (19)
544 5781 686 5833 Dicit
717 5773 834 5833 haec
852 5775 1340 5854 cum_didascalica
1364 5773 1629 5854 dignitate
1648 5773 1900 5830 Theodo-

305 5846 441 5918 rus;
480 5846 605 5922 quae
636 5858 819 5904 tamen
861 5847 1061 5904 merito
1104 5846 1360 5902 omnibus
1411 5860 1517 5900 non
1555 5846 1897 5914 placuerunt,

645 5945 916 6004 ΡΑτιιοι.
966 5939 1084 6001 Gn.
1135 5939 1239 6000 LX
1252 5940 1351 6000 Vl.

2007 4702 2201 4749 contra
2251 4691 2492 4757 Iudaeos,
2546 4693 2640 4746 sed
2697 4695 2998 4748 terribilem
3055 4697 3236 4764 potius
3287 4705 3340 4750 et
3407 4699 3590 4768 inspe-

2007 4795 2182 4841 ratam
2215 4802 2244 4840 a
2274 4785 2368 4841 Dei
2404 4785 2614 4839 viribus
2655 4801 2874 4854 poenam
2917 4789 3248 4842 retulerunt.
3295 4788 3589 4859 Propterea

2007 4880 2146 4935 dicit
2189 4895 2248 4934 se
2281 4893 2654 4950 congregasse
2701 4893 2897 4935 omnes
2929 4888 3141 4950 gentes,
3185 4897 3381 4953 nempe
3407 4885 3592 4940 dicere

2012 4974 2225 5034 volens,
2259 4971 2456 5027 sivisse
2490 4981 2548 5025 ut
2580 4986 2679 5024 sua
2709 4987 2966 5040 perversa
2993 4981 3280 5029 uterentur
3297 4975 3590 5035 sententia,

2014 5076 2068 5120 et
2094 5072 2290 5119 contra
2319 5063 2666 5117 Hierusalem
2704 5063 2968 5132 impetum
3004 5063 3268 5128 facerent,
3287 5074 3344 5118 ut
3373 5076 3592 5134 sumpto

2012 5159 2125 5212 illic
2177 5157 2244 5211 de
2286 5156 2354 5211 iis
2377 5155 2669 5226 supplicio,
2719 5165 2773 5209 et
2826 5157 3008 5211 tutelae
3045 5173 3173 5226 erga
3209 5159 3492 5227 populum,
3539 5171 3594 5212 et

2011 5264 2125 5303 sua:
2158 5247 2414 5317 potentiae
2464 5248 2744 5316 specimen
2796 5247 3101 5301 exhiberet.
3137 5247 3257 5300 Jam
3301 5257 3590 5318 postquam

2011 5337 2172 5399 dixit,
2203 5356 2229 5386 1
2253 5336 2613 5407 Congregaho
2659 5353 2852 5390 omnes
2883 5349 3095 5407 gentes,
3125 5357 3143 5387 ›
3193 5337 3403 5392 addidit
3438 5356 3452 5392 :
3493 5359 3510 5389 ι
3531 5337 3598 5392 Et

2011 5430 2280 5484 deducam
2309 5443 2403 5483 eas
2433 5428 2487 5482 in
2521 5429 2718 5482 vallem
2751 5427 3044 5496 Josaphat,
3078 5448 3096 5479 ι
3131 5429 3183 5483 id
3207 5440 3310 5496 est,
3347 5431 3422 5485 Eo
3453 5431 3594 5497 loco,

2014 5520 2216 5592 inquit,
2253 5535 2410 5590 agam
2454 5533 2549 5574 eos
2578 5518 2846 5574 adversus
2886 5517 3251 5588 Hierusalem,
3287 5522 3600 5594 ibidemque

2015 5717 2213 5772 nempe
2241 5702 2383 5770 quod
2418 5702 2715 5772 prophetiae
2744 5702 2964 5759 nonnisi
2990 5703 3292 5760 secundum
3320 5703 3570 5761 effectum
3593 5741 3609 5768 ,

2017 5773 2138 5849 Kat:
2152 5773 2425 5849 ἔκϐασιν.-
2446 5772 2511 5825 ad
2546 5788 2634 5849 res
2667 5773 3016 5831 Christianas
3047 5777 3440 5849 spectaverint.

2088 5841 2201 5914 (Ξο)
2242 5844 2373 5898 Cod.
2409 5841 2622 5896 ἑαυτοῦ.
