4102 6456
523 394 630 450 235

1731 381 2079 440 THEODORI
2122 382 2345 439 MOPSU
2356 382 2597 441 ESTENI

3650 378 3761 438 936

526 507 787 564 ultionem
843 504 999 575 qttasi
1045 502 1383 558 concinnatis
1430 514 1525 569 pro
1561 500 1760 569 populo
1804 514 1949 564 meo,
1992 515 2091 567 pro

2194 499 2289 570 τὴν
2318 496 2539 551 κοιλάδα
2577 494 2840 563 Ἰωσαφάτ
2858 509 2901 544 ⁸)
2934 492 3227 560 τουτέστιν,
3258 492 3403 547 Ἐκεῖ
3430 491 3626 555 αὑτοὺς
3646 493 3764 559 ἄξω

523 597 782 669 dignitate
805 595 1045 666 puniam,
1067 593 1139 648 ob
1173 593 1416 660 ipsorutn
1447 589 1707 656 facinora,
1727 590 1871 661 quod
1894 606 2091 662 nempe

526 691 676 744 illum
715 700 1126 758 quaquaversus
1162 696 1419 751 spargere
1451 681 1749 742 voluerint,
1785 681 2092 751 regionem-

522 795 629 849 que
657 777 846 847 partiri
889 777 942 829 in
979 789 1085 844 qua
1126 771 1235 842 87
1276 784 1396 825 meo
1435 770 1546 838 juri
1588 768 1824 823 obnoxia
1875 768 2090 821 habita-

525 872 639 934 bat,
684 879 738 926 et
772 870 922 938 ipsos
960 866 1123 921 simul
1178 863 1388 918 incolas
1420 863 1619 917 sortita
1662 860 1905 914 dividere
1942 876 1957 914 :
1996 873 2094 928 per

526 976 800 1018 summum
836 958 1074 1028 denique
1122 956 1303 1010 scelus
1352 952 1569 1007 illorum
1631 965 1848 1021 quoque
1891 964 2093 1019 pueros

527 1064 690 1124 atque
725 1052 931 1121 puellas
963 1050 1016 1103 in
1051 1045 1367 1118 prastibulis
1399 1059 1619 1114 ponere,
1653 1052 1712 1097 ut
1733 1057 1889 1098 suam
1912 1042 2094 1112 exple-

530 1152 650 1200 rent
695 1141 993 1199 libidinem,
1034 1131 1372 1205 multamque
1415 1133 1681 1189 haberent
1722 1130 2093 1204 pergrazcandi

526 1236 762 1306 copiam.
816 1232 910 1288 llis
940 1232 1087 1285 circa
1123 1227 1331 1297 Gagum
1359 1225 1544 1287 dictis,
1578 1225 1755 1295 pergit
1785 1239 1984 1294 porro:

2192 591 2270 652 είς
2322 588 2416 659 τὴν
2460 584 2841 657 Ἰερουσαλὴμ,
2897 588 2988 638 καὶ
3032 582 3214 638 αὐτόθι
3243 583 3433 654 ὥσπερ
3457 582 3580 637 τινὰ
3605 583 3764 654 δίκην

2193 676 2329 748 πρὸς
2358 676 2552 738 αὐτοὺς
2601 674 2740 742 ὑπὲρ
2782 672 2876 726 τοῦ
2908 672 3039 726 λαοῦ
3069 671 3163 725 τού
3207 671 3342 741 ἐμοῦ
3386 673 3767 743 συγκροτήσας

2192 769 2573 838 τιμωρήσομαι
2599 765 2845 828 δικαίως,
2877 764 3019 835 ὑπὲρ
3057 757 3133 818 ὧν
3169 767 3286 818 κατ’
3322 763 3502 818 αὑτῶν
3538 762 3767 836 διεπράε⁵

2193 858 2372 925 ξαντο,
2401 856 2712 926 ἁπανταχοῦ
2738 872 2798 909 τε
2827 856 3021 918 αὐτοὺς
3053 854 3363 927 διασπεῖραι
3392 852 3762 924 βουληθέντες,

2190 948 2292 1019 xa‘l
2316 947 2580 1000 διελέσθαι
2630 948 2729 1017 μὲν
2765 947 2863 1018 τὴν
2912 946 3020 1017 γῆν
3062 948 3120 1000 ἐν
3169 942 3308 1019 ᾗπερ
3361 945 3502 999 κατά
3538 944 3768 1015 γνώμην

2188 1034 2365 1106 ᾤκουν
2403 1035 2500 1107 τὴν
2536 1036 2675 1106 ἐμὴν
2747 1036 2869 1106 ἐμοὶ
2931 1037 3311 1106 προσήκουσαν
3335 1050 3349 1065 ο
3404 1032 3672 1087 διελέσθαι
3707 1032 3768 1087 δὲ

2190 1128 2377 1198 κλήρῳ
2422 1129 2516 1181 καὶ
2562 1128 2757 1189 αὐτοὺς
2805 1127 3083 1191 ἐκείνους·
3130 1125 3498 1195 τετολμήκασι
3539 1124 3596 1177 δὲ
3627 1123 3765 1195 πρὸς

2191 1222 2363 1275 ἅπασι
2400 1221 2494 1273 καὶ
2531 1220 2656 1282 τοὺς
2685 1218 2743 1285 ἐξ
2774 1217 2952 1271 αὑτῶν
2981 1218 3091 1272 εἴτε
3121 1216 3312 1279 παῖδας
3342 1216 3452 1269 εἴτε
3478 1214 3572 1268 καὶ
3597 1214 3765 1285 κόρας

528 1304 897 1378 ἀποδίδοσθαι·
930 1318 1091 1383 ὼςᾶν
1117 1317 1182 1388 δὴ
1210 1315 1432 1371 ἐκείνων
1460 1316 1540 1378 είς
1584 1312 1787 1383 πόρνας
1818 1330 1881 1366 τε
1924 1313 2022 1382 τὴν
2077 1311 2283 1365 οἰκείαν
2323 1309 2618 1363 ἀκολασίαν
2664 1308 3027 1380 ἐκπληροῖειν,
3068 1309 3164 1361 καὶ
3204 1306 3404 1375 πολλὴν
3447 1306 3618 1377 ἔχοιεν
3664 1304 3767 1374 τῆς

535 1416 698 1486 μέθης
722 1415 819 1484 τὴν
844 1411 1118 1482 ἀφθονίαν·
1152 1408 1321 1462 ταῦτα
1349 1407 1454 1460 τῶν
1485 1406 1609 1475 περὶ
1639 1404 1728 1459 τὸν
1754 1404 1875 1472 Γὼγ
1902 1405 2087 1458 ἕνεκεν
2116 1399 2369 1485 εἰρηκὼς,
2400 1399 2625 1467 ἐπάγει·

573 1565 775 1623 Vens.4
797 1570 921 1625 8.—c
936 1568 1133 1625 Verum
1148 1571 1279 1641 quid
1294 1569 1489 1624 ntiliiet
1506 1566 1925 1638 vobis,Tyrusct
1941 1564 2093 1620 Sida!

2267 1564 2415 1634 Στίχ.
2446 1564 2579 1636 δ’-η’.
2614 1595 2684 1606 -—
2716 1565 2858 1618 «Kal.
2899 1564 2952 1617 τί
3001 1564 3126 1634 ἐμοὶ
3170 1566 3263 1618 καὶ
3294 1565 3627 1637 ὑμῖν,’ῐ’ύρος
3671 1566 3770 1620 καὶ

537 1669 593 1714 et
609 1668 718 1715 tota
738 1660 1167 1731 alienigenarum
1185 1660 1441 1716 Galilma?
1456 1659 1712 1728 Nunquid
1729 1658 1989 1715 ultionem
2014 1669 2093 1711 vo:

2199 1656 2365 1711 Σιδὼν
2412 1658 2505 1711 καὶ
2534 1659 2686 1711 πᾶσα
2713 1658 2970 1711 Γαλιλαία
3001 1659 3348 1730 ἁλλοφύλων;
3400 1660 3492 1730 Μὴ
3531 1658 3769 1713 ἀνταπό-

535 1751 846 1809 retribuetis
867 1748 1039 1803 mihi?
1067 1757 1161 1801 aut
1189 1746 1325 1801 iram
1360 1746 1412 1803 in
1438 1745 1604 1800 corde
1632 1745 1878 1800 retinetis
1903 1746 2093 1799 advero

2198 1747 2333 1818 δομα
2361 1749 2515 1819 ὑμεῖς
2542 1750 2916 1804 ἀνταποδίδοτέ
2962 1767 3050 1821 μοι
3070 1793 3085 1816 ,
3119 1751 3152 1821 ἢ
3191 1752 3576 1823 μνησικακείτε
3607 1751 3767 1820 ὑμεῖς

532 1857 626 1897 sus
662 1839 784 1895 me?
827 1838 950 1893 Cito
995 1836 1366 1906 veleciterquc
1395 1835 1615 1891 reddam
1659 1835 2095 1890 vicissitudinem

533 1931 685 1987 vobis
736 1945 901 2001 super
942 1929 1118 1999 capita
1155 1936 1372 1992 vestra;
1411 1941 1509 1997 pro
1532 1942 1596 1981 eo
1638 1926 1783 1996 quod
1812 1932 2094 1996 argentum

530 2038 708 2080 meum
766 2036 1067 2092 aurumque
1118 2019 1365 2089 cepistis,
1413 2025 1467 2073 et
1518 2018 1717 2072 sclecta
1760 2031 1990 2086 quaeque
2035 2030 2097 2070 ac

529 2114 755 2183 pulchra
796 2111 851 2166 in
876 2110 1102 2166 delubra
1139 2116 1320 2165 vestra
1350 2107 1636 2170 intulistis,
1675 2113 1729 2161 et
1768 2105 1922 2161 Iuda:
1957 2105 2097 2161 ﬁlios

530 2205 776 2273 ﬁliosque
830 2200 1169 2256 Hierusalem
1202 2196 1527 2252 vcndidistis
1579 2195 1705 2251 ﬁliis
1756 2187 2093 2258 Graecorum,

532 2304 588 2348 ut
607 2293 883 2362 ejiceretis
909 2306 1005 2347 eos
1037 2290 1105 2345 de
1134 2288 1335 2344 ﬁnibus
1359 2287 1498 2343 suis.
1522 2285 1664 2342 Ecce
1688 2302 1789 2357 ego
1818 2286 2096 2343 suscitabo

529 2399 623 2440 eos
657 2383 725 2438 de
759 2383 902 2445 loco,
946 2381 999 2435 in
1031 2396 1139 2450 quo
1174 2378 1494 2435 vendidistis
1522 2392 1653 2434 eos:
1691 2386 1745 2433 et
1782 2388 2093 2432 convertam

534 2471 945 2527 retributionem
979 2477 1214 2524 vestram
1247 2467 1302 2522 in
1323 2467 1503 2537 capita
1525 2478 1702 2521 vestra
1737 2484 1749 2520 :
1780 2474 1835 2522 et
1865 2465 2094 2521 vendam

529 2562 670 2618 ﬁlios
712 2571 928 2617 vestros
977 2575 1040 2614 ac
1090 2560 1226 2615 ﬁlias
1271 2565 1478 2615 vestras
1524 2557 1579 2612 in
1621 2573 1816 2613 manus
1860 2557 2095 2611 ﬁliorum

528 2651 722 2708 Judae:
766 2651 1105 2720 vendentque
1143 2665 1238 2705 eos
1281 2649 1337 2703 in
1376 2649 1751 2719 captivitatem
1794 2650 1939 2718 genti
1979 2649 2098 2703 lon-

530 2746 781 2818 ginquae;
806 2742 1065 2813 quoniam
1107 2740 1367 2796 Dominus
1398 2742 1614 2795 locutus
1641 2746 1746 2795 est.
1785 2757 1804 2790 ι
1838 2736 2097 2804 Quando-

528 2833 744 2906 quidem
772 2830 907 2903 Gogi
945 2831 1281 2887 exercituum
1316 2830 1578 2886 adversus
1611 2828 1945 2886 Hierusalem
1979 2830 2098 2886 visa

530 2924 864 2989 incursione,
918 2919 1068 2992 Tyrii
1132 2919 1456 2990 Sidoniique
1510 2927 1567 2975 et
1625 2934 1818 2975 omnes
1881 2919 2095 2973 ﬁnitimi

532 3015 866 3085 alienigenae,
914 3012 1169 3067 idoneum
1211 3019 1428 3081 tempus
1469 3010 1710 3065 oblatum
1758 3009 1863 3065 sibi
1906 3010 2098 3066 existi—

2198 1837 2283 1891 ἐπ’
2316 1838 2475 1909 ἐμοί;
2523 1839 2717 1906 Ὀξέως
2757 1840 2849 1893 καὶ
2894 1840 3103 1911 ταχέως
3142 1838 3503 1894 ἀνταποδώσω
3538 1840 3599 1893 τὸ
3628 1841 3767 1893 ἀντ·-

2197 1929 2442 2000 ατοόδομα
2463 1928 2614 2000 ὑμῶν
2635 1932 2713 1992 εἰς
2735 1930 2972 1998 κεφαλὰς
2988 1931 3161 2002 ὑμῶν’
3182 1929 3298 1986 ἀνθ’
3319 1923 3394 1986 ὧν
3419 1931 3480 1985 τὸ
3502 1929 3767 2003 ἀργύριον

2198 2016 2416 2070 ἐλάϐετε
2441 2054 2456 2081 ,
2503 2018 2597 2071 καὶ
2629 2018 2697 2071 τὰ
2723 2019 2980 2072 ἐπίλεκτα
3006 2020 3099 2073 καὶ
3126 2019 3199 2073 τά
3228 2020 3370 2074 καλά
3408 2020 3766 2095 εἰσηνέγκατε

2197 2107 2277 2169 είς
2302 2107 2426 2172 τοὺς
2455 2109 2611 2171 ναοὺς
2640 2108 2791 2179 ὑμῶν
2814 2123 2828 2136 ⁸
2876 2111 2970 2165 καὶ
2992 2111 3118 2173 τοὺς
3141 2112 3288 2174 υἱοὺς
3328 2109 3493 2164 ἰούδα
3518 2112 3612 2164 καὶ
3639 2112 3766 2173 τοὺς

2199 2200 2346 2263 υἱοὺς
2414 2199 2759 2271 Ἰερουσαλὴμ
2803 2200 3066 2255 ἀπέδοσθε
3123 2204 3236 2267 τοῖς
3271 2201 3541 2266 υἱοῖς-τῶν
3581 2200 3770 2270 Ἐλλήω

2198 2305 2324 2351 νων,
2358 2296 2432 2357 (p.
2460 2288 2581 2359 1'52)
2607 2290 2754 2353 ὅπως
2782 2289 3019 2362 ἐξώσητε
3045 2291 3237 2354 αὑτοὺς
3262 2291 3328 2344 ἐκ
3346 2290 3451 2344 τῶν
3474 2289 3637 2360 ὁρίων
3668 2288 3767 2340 ab-

2196 2376 2332 2431 τῶν·
2371 2379 2478 2430 ἰδοὺ
2503 2377 2610 2446 ἐγὼ
2637 2378 2869 2451 ἐξεγερῶ
2902 2379 3099 2443 αὑτοὺς
3136 2382 3201 2434 ἐκ
3226 2379 3317 2432 τοῦ
3349 2380 3539 2445 τόπου,
3567 2371 3627 2432 οὗ
3660 2379 3766 2432 ἀπ·

2199 2467 2379 2521 έδοσθε
2400 2468 2595 2531 αὑτοὺς
2616 2470 2753 2539 ἐκεῖ,
2769 2470 2861 2522 καὶ
2882 2468 3243 2523 ἀνταποδώσω
3263 2469 3325 2523 τδ
3344 2469 3587 2538 ἀπόδομα
3612 2466 3767 2538 ὑμῶν

2198 2561 2278 2624 είς
2325 2559 2422 2621 τὰς
2452 2558 2692 2628 κεφαλὰς
2719 2558 2872 2629 ὑμῶν
2895 2576 2910 2591 ·
2959 2560 3052 2616 καὶ
3084 2558 3429 2629 ἀποδώσομαι
3459 2560 3584 2622 τοὺς
3617 2558 3767 2621 υἱοὺς

2200 2650 2352 2721 ὑμῶν
2377 2649 2470 2703 καὶ
2494 2650 2593 2713 τάς
2620 2650 2921 2720 θυγατέρας
2953 2651 3105 2722 ὑμῶν
3132 2653 3210 2713 εἰς
3240 2653 3426 2722 χεῖρας
3451 2650 3582 2702 υίῶν
3631 2648 3763 2703 Ἰού-

2198 2743 2263 2797 δα
2291 2758 2306 2774 σ
2365 2743 2458 2796 καὶ
2503 2740 2872 2796 ἀποδώσονται
2902 2744 3098 2806 αὐτοὺς
3119 2745 3196 2805 εἰς
3226 2741 3639 2812 αἰχμαλωσίαν,
3685 2742 3764 2802 είς

2198 2833 2349 2897 ἔθνος
2380 2834 2594 2905 μακρὰν
2627 2835 2851 2905 ἀπέχον,
2872 2835 2954 2889 ὅτι
2989 2835 3192 2907 Κύριος
3218 2835 3498 2906 ἐλάλησεν.
3520 2854 3539 2887 ι
3589 2835 3768 2887 Ἐπει-

2198 2924 2262 2995 δὴ
2295 2924 2403 2997 γὰρ
2434 2927 2560 2988 τοὺς
2605 2925 2732 2996 περὶ
2768 2925 2859 2979 τὸν
2899 2924 3022 2994 Γὼγ
3055 2926 3304 2989 ἐπιόντας
3332 2926 3634 2998 ἑωρακότες
3665 2926 3764 2994 τὴν

2213 3014 2565 3087 Ἰερουσαλὴμ
2590 3054 2605 3081 ,
2643 3016 2831 3089 Τύριοί
2868 3034 2926 3070 τε
2969 3020 3064 3071 καὶ
3098 3018 3359 3082 Σιδώνιοι,
3386 3018 3583 3080 πάντες
3615 3034 3671 3070 τε
3713 3019 3763 3069 οἱ

532 3112 814 3160 maverant
838 3102 1097 3174 perdendi
1123 3101 1370 3157 funditus
1396 3101 1697 3166 lsraelitas,
1728 3101 1925 3172 quibus
1956 3102 2093 3158 clam

2198 3106 2466 3177 περίοικοι
2489 3107 2599 3160 τῶν
2628 3105 2960 3177 ἀλλοφύλων,
2987 3108 3177 3178 καιρὸν
3208 3107 3349 3179 ἔχειν
3384 3106 3643 3179 ᾠήθησαν
3669 3106 3766 3160 τοῦ

528 3195 935 3262 irascebantur,
959 3202 1183 3265 propter
1205 3192 1346 3249 bella
1375 3206 1560 3248 secum
1589 3201 1764 3265 gesta,
1792 3200 1847 3247 et
1876 3193 2093 3248 illorum

537 3289 644 3344 Deo
683 3284 975 3356 adiuvante
1014 3283 1302 3352 victorias;
1348 3282 1556 3338 idcirco
1598 3285 1675 3338 ait
1711 3302 1724 3338 :
1767 3279 1878 3340 Vos
1916 3292 2095 3340 autem

531 3393 631 3432 cur
676 3380 769 3432 ira:
807 3384 1056 3439 tenaces,
1097 3382 1152 3430 et
1196 3375 1540 3430 occasionem
1579 3376 1723 3430 nacti
1765 3376 2094 3431 voluntatem

533 3477 770 3525 vestram
800 3466 1075 3539 explendi,
1109 3481 1231 3530 cur,
1270 3467 1515 3535 inquam,
1560 3475 1751 3523 contra
1804 3469 1910 3523 mei
1955 3468 2097 3539 juris

532 3560 790 3631 populum
811 3559 1095 3613 audaciam
1127 3557 1383 3614 sumitis?
1425 3557 1584 3614 Certe
1613 3559 1771 3615 velim
1800 3560 1989 3616 sciatis
2012 3575 2098 3615 me

531 3652 641 3707 cito
677 3658 914 3706 vestrum
944 3649 1048 3704 hoc
1084 3648 1375 3704 consilium
1412 3648 1767 3718 puniturum;
1809 3658 2096 3721 propterea

529 3741 675 3811 quod
707 3740 922 3797 illorum
951 3754 1085 3811 opes
1117 3748 1345 3796 cunctas
1364 3740 1658 3810 capientes,
1691 3740 1748 3795 in
1777 3741 1974 3810 templa
2006 3754 2098 3795 ve-

530 3843 646 3887 stra
668 3830 980 3888 contulistis
1012 3848 1027 3886 :
1063 3830 1289 3901 insuper
1318 3837 1375 3887 et
1403 3830 1647 3901 ipsorum
1681 3831 1823 3887 ﬁlios
1849 3830 2095 3886 vendidi-

531 3924 655 3987 stis,
696 3938 806 3977 non
840 3922 958 3978 sine
989 3936 1087 3991 spe
1113 3921 1372 3991 populum
1401 3922 1716 3978 universum
1746 3921 1945 3978 ﬁnibus
1979 3922 2095 3978 suis

530 4013 876 4084 expellendi:
933 4012 1093 4083 cujus
1139 4013 1395 4069 facinoris
1439 4015 1573 4070 mihi
1623 4030 1814 4087 pinnas
1847 4016 2091 4071 dabitis:

531 4119 767 4174 namque
798 4103 923 4159 illos
957 4117 1025 4157 ex
1062 4104 1436 4174 angustiarum
1460 4119 1686 4161 suarum
1720 4119 1976 4175 pressura
1998 4120 2094 4161 exo

531 4193 764 4264 pediam,
820 4194 930 4248 imo
972 4200 1028 4248 et
1070 4192 1309 4249 hostium
1353 4208 1497 4249 nunc
1537 4195 1773 4250 victores
1806 4194 2039 4250 efﬁciam
2076 4214 2091 4249 :

527 4286 644 4356 88
677 4293 734 4339 ut
767 4284 849 4340 sic
886 4299 981 4341 vos
1010 4300 1326 4342 remunerer
1351 4300 1448 4354 pro
1481 4287 1677 4342 vestris
1701 4286 1963 4342 adversus
1999 4303 2095 4343 eos

530 4376 899 4443 facincribus;
953 4376 1158 4446 ﬁliique
1202 4376 1372 4433 vestri
1420 4391 1484 4432 ac
1523 4375 1645 4431 ﬁliae
1690 4379 1743 4430 in
1776 4378 2092 4433 servitutem

2198 3196 2474 3261 παντελῶς
2531 3197 2792 3254 ἀπολέσαι
2855 3200 2981 3263 τοὺς
3051 3200 3390 3271 Ἰσραηλίτας
3412 3240 3427 3265 ,
3498 3216 3765 3269 μνησικα-

2198 3288 2419 3353 κοῦντες
2444 3289 2627 3352 αὑτοῖς
2664 3291 2805 3362 ὑπὲρ
2837 3282 2913 3343 ὧν
2946 3291 3363 3362 πεπολεμήκασί
3389 3307 3450 3343 τε
3481 3290 3764 3357 πολλάκις,

2197 3379 2291 3433 καὶ
2316 3384 2717 3452 κεκρατήκασιν
2743 3380 2921 3435 αὐτῶν
2951 3381 3040 3435 διὰ
3067 3382 3164 3452 τῆς
3207 3381 3353 3445 θείας
3384 3381 3576 3453 ῥοπῆς,
3611 3380 3768 3434 τοῦτο

2196 3466 2381 3536 λέγει·
2431 3468 2617 3539 Ὑμεῖς
2645 3469 2704 3524 δὲ
2746 3469 2889 3534 τίνος
2923 3470 3107 3523 ἕνεκεν
3136 3470 3597 3540 μνησικακοῦντες
3617 3507 3632 3533 ,
3667 3466 3768 3522 κάὶ
3830 3512 3843 3533 ,

2197 3560 2385 3629 καιρὸν
2437 3562 2687 3631 εὑρόντες
2735 3561 2829 3616 τοῦ
2891 3561 2959 3615 τά
3020 3561 3279 3615 δοκοῦντα
3330 3559 3762 3633 διαπράξασθαι,

2195 3649 2416 3704 τοιαῦτα
2440 3650 2583 3705 κατὰ
2615 3651 2724 3705 τῶν
2765 3653 2890 3723 ἐμοὶ
2934 3653 3319 3725 προσηκόντων
3348 3652 3718 3725 τετολμήκατε
3749 3670 3764 3717 ;

2200 3740 2342 3795 Ἴστε
2383 3742 2492 3813 γὰρ
2518 3744 2600 3797 ὄτι
2642 3744 2809 3811 ὀξέως
2831 3746 2960 3816 ὑμῖν
2985 3745 3170 3810 ἐπάξω
3197 3746 3294 3816 τὴν
3326 3746 3466 3817 ὑπὲρ
3498 3746 3598 3816 τῆς
3625 3744 3766 3815 γνώο

2199 3848 2304 3902 μης
2334 3832 2536 3903 ταύτης
2558 3835 2847 3906 τιμωρίαν,
2895 3837 3011 3891 ἀνθ’
3039 3829 3114 3891 ὧν
3147 3836 3361 3891 ἅπαντα
3386 3837 3459 3891 τὰ
3497 3838 3767 3910 προσόντα

2196 3923 2403 3987 τούτοις
2447 3924 2722 4003 λαδόντες,
2770 3931 2850 3991 είς
2896 3932 3020 3992 τοὺς
3049 3931 3209 3993 ναοὺς
3251 3932 3601 4003 εἰσηνέγκατε
3637 3931 3767 3994 τοὺς

2196 4014 2492 4086 ὑμετέρους
2525 4033 2538 4046 ·
2592 4016 2672 4071 ἔτι
2720 4018 2776 4072 δὲ
2814 4020 3059 4085 καὶτοὺς
3110 4023 3258 4086 υἱοὺς
3285 4023 3464 4078 αὐτῶν
3494 4022 3766 4091 διαπωλή-

2197 4122 2409 4173 σαντες,
2445 4106 2618 4162 ἐλπίδι
2657 4108 2752 4162 τοῦ
2798 4112 3003 4176 πάντας
3048 4112 3244 4177 αὑτοὺς
3273 4113 3381 4167 τῶν
3409 4114 3572 4186 ὁρίων
3596 4113 3764 4167 ἐκσα-

2194 4195 2305 4251 λεῖν
2332 4197 2441 4251 τῶν
2477 4199 2692 4253 οἰκείων
2714 4216 2726 4229 '
2777 4194 2960 4274 ὧνπερ
2985 4198 3079 4256 οὖν
3103 4204 3244 4273 ὑμᾶς
3275 4204 3639 4275 είσπράξομαι
3681 4203 3763 4256 δί-

2194 4306 2315 4353 κας·
2352 4290 2427 4361 (ρ.
2453 4291 2572 4363 153)
2611 4293 2904 4359 ἀπαλλάξω
2929 4294 3039 4367 γὰρ
3064 4296 3282 4360 τούτους
3306 4296 3402 4367 τῆς
3432 4294 3766 4366 κατεχούσης

2193 4382 2389 4447 αὑτοὺς
2413 4384 2654 4455 ἀνάγκης
2675 4403 2687 4416 ·
2720 4386 2814 4440 νῦν
2838 4387 2895 4440 δὲ
2919 4388 3011 4440 καὶ
3037 4388 3314 4459 κρείττους
3336 4388 3636 4459 ἐργάσομαι
3654 4387 3768 4440 τεν

528 4466 832 4535 rapiantur,
876 4480 942 4519 ac
984 4466 1178 4536 procul
1205 4465 1587 4532 divendantur,
1622 4467 1767 4523 unde
1802 4481 1898 4523 eos
1931 4482 2090 4523 νεου-

2196 4438 2469 4542 πολεμίων
2487 4438 2502 4504 ἐ
2527 4438 2690 4527 ea.
2739 4438 2830 4528 ,ει
2848 4438 3008 4545 ιρι-Α
3040 4438 3389 4540 esseab:
3410 4438 3650 4530 gara.
3669 4438 3765 4541 ἐξ,

530 4571 721 4624 perare
761 4556 836 4611 sit
877 4556 1033 4613 vobis
1089 4555 1448 4626 impossibile.
1502 4554 1597 4612 llis
1627 4556 1793 4611 veluti
1838 4556 2098 4611 vaticinia

528 4658 630 4697 suo
663 4643 1003 4713 interpositis
1029 4644 1176 4697 circa
1210 4642 1404 4713 Tyrios
1428 4656 1492 4696 ac
1523 4643 1801 4707 Sidonios,
1834 4656 2096 4702 cunctos-

527 4750 633 4803 que
670 4734 951 4796 finitimos,
992 4736 1087 4805 qui
1131 4748 1225 4803 per
1264 4733 1396 4788 illud
1440 4742 1658 4804 tempus
1705 4733 1856 4804 Gogo
1885 4735 1952 4789 ad
1998 4733 2097 4790 Ju-

528 4826 766 4880 datarum
807 4828 1100 4896 perniciem
1144 4825 1409 4892 faverant,
1450 4826 1723 4880 sermonis
1765 4827 1851 4881 sui
1897 4827 2094 4881 seriem

527 4918 874 4988 prosequitur
912 4918 991 4973 sic
1019 4936 1033 4971 :

2191 4563 2385 4626 αὑτοὺς
2411 4565 2778 4636 τετολμήκατε
2797 4605 2812 4631 ,
2858 4564 3045 4644 λαϐεῖν
3074 4551 3285 4632 τούξτε
3312 4570 3460 4633 ulob;
3488 4569 3642 4640 ὑμῶν
3670 4571 3768 4623 καὶ⁵

2192 4653 2292 4716 τὰς
2321 4653 2624 4726 θυγατέρας
2656 4658 3032 4727 αἰχμαλώτους
3058 4676 3074 4691 ·
3122 4662 3214 4715 καὶ
3246 4661 3309 4733 δὴ
3346 4662 3439 4715 καὶ
3470 4661 3770 4716 ἀποδόσθαι

2194 4744 2390 4804 αὑτοὺς
2418 4745 2633 4815 μακράν
2666 4761 2768 4797 που
2788 4786 2803 4810 ,
2852 4747 2973 4801 ὅθεν
3009 4748 3130 4802 οὑδέ
3158 4749 3381 4804 δυνατὸν
3409 4749 3539 4819 ὑμῖν
3565 4750 3767 4814 αὐτοὺς

2194 4832 2575 4888 ἀνασώσασθαι
2624 4835 2702 4889 ἔτι
2726 4853 2742 4869 ο
2789 4839 2962 4892 ταῦτα
2987 4841 3122 4911 πρὸς
3150 4842 3276 4905 τοὺς
3302 4841 3532 4912 Τυρίους
3569 4857 3628 4894 τε
3668 4843 3768 4895 καὶ

2201 4923 2482 4988 Σιδωνίους
2516 4927 2609 4980 καὶ
2649 4929 2775 4992 τοὺς
2818 4931 3230 5002 περιοικοῦντας
3276 4934 3519 4997 ἅπαντας
3561 4949 3771 5004 παρενο

526 5010 657 5072 θεὶς,
692 5008 767 5071 ὡς
801 5008 865 5064 ἂν
894 5011 1011 5062 κατ’
1031 5011 1238 5061 ἐκεῖνον
1259 5008 1350 5061 τὸν
1380 5006 1569 5076 καιρὸν
1595 5005 2077 5077 ἐπικεχειρηκότας
2100 5013 2418 5085 συμπρᾶξαι
2438 5018 2550 5080 τοὶς
2574 5019 2716 5089 ἀμφὶ
2733 5021 2823 5075 τὸν
2854 5022 2975 5092 Γὼγ
2990 5024 3081 5076 ἐπὶ
3110 5027 3175 5095 τῇ
3200 5025 3341 5079 κατὰ
3361 5027 3468 5080 τῶν
3500 5029 3770 5084 Ἰουδαίων

524 5103 786 5172 ἀπωλείᾳ,
818 5102 998 5173 ἔχεται
1024 5102 1124 5172 τῆς
1152 5100 1355 5163 οἰκείας
1380 5099 1717 5167 ἀκολουθίας,
1759 5101 1854 5155 καί
1877 5118 2031 5172 φησιο

598 5277 760 5333 Vens.
790 5277 1044 5332 941—:
1065 5275 1365 5329 Praedicate
1400 5274 1513 5328 haec
1539 5274 1595 5328 in
1630 5273 1904 5344 gentibus,
1947 5291 2074 5331 san-

523 5368 757 5423 ctiﬁcata
804 5370 1025 5432 bellum,
1055 5366 1321 5421 suscitata
1358 5372 1709 5436 pugnatores,
1758 5366 1998 5423 accedite
2033 5376 2087 5423 et

522 5458 1029 5531 ascendite,omnes
1079 5455 1409 5510 bellatores:
1454 5454 1722 5511 concidite
1757 5464 1940 5511 aratra
1991 5473 2086 5513 vc-

525 5555 637 5599 stra
678 5546 729 5599 in
759 5545 988 5615 gladios,
1023 5553 1077 5600 et
1110 5542 1277 5597 falces
1300 5555 1506 5599 vestras
1538 5546 1593 5599 in
1634 5546 1853 5601 lanceas
1881 5566 1893 5600 :
1934 5547 2088 5601 inﬁr-

506 5649 646 5707 unus
671 5634 834 5700 dicat,
858 5632 1037 5690 Fortis
1066 5650 1165 5704 ego
1192 5649 1310 5689 sum
1340 5653 1354 5690 :
1383 5636 1781 5706 congregemini
1802 5646 1857 5692 et
1888 5640 2084 5701 venite,

524 5739 715 5780 orunes
743 5738 931 5796 gentes
963 5727 1029 5785 de
1070 5727 1324 5797 circuitu,
1370 5736 1426 5783 et
1473 5728 1599 5783 illuc
1639 5733 2084 5791 coacervemini:

2253 5282 2397 5354 Στίχ.
2427 5282 2593 5355 θ’-ιβ’.
2628 5317 2699 5327 -
2731 5290 3047 5361 «Κηρύξατε
3074 5294 3245 5349 ταῦτα
3268 5298 3326 5349 ἐν
3357 5302 3468 5362 τοῖς
3517 5298 3729 5354 ἔθνεσιν
3747 5318 3763 5334 ·

2184 5370 2443 5440 ἀγιάσατε
2484 5375 2748 5448 πόλεμον
2778 5380 3084 5453 ἑξεγείρατε
3129 5387 3254 5450 τοὺς
3283 5391 3557 5460 μαχητάς⁹
3592 5407 3768 5463 προσ-

2182 5465 2417 5532 αγάγετε
2455 5469 2547 5522 καὶ
2582 5469 2919 5538 ἀναϐαίνετε,
2954 5477 3153 5541 πάντες
3190 5479 3382 5551 ἄνδρες
3414 5482 3764 5555 πολεμισταί·

2186 5556 2489 5626 συγκόψατε
2535 5559 2605 5613 τὰ
2641 5561 2845 5634 ἄροτρα
2908 5565 3062 5637 ὑμῶν
3106 5572 3185 5633 είς
3230 5572 3526 5641 ῥομφαίας,
3569 5576 3767 5633 καὶτὰ

2183 5646 2424 5718 δρέπανα
2463 5650 2614 5721 ὑμῶν
2641 5655 2721 5717 είς
2755 5657 3130 5726 συρομάστας·
3164 5662 3194 5713 ὁ
3234 5662 3495 5728 ἀδύνατος
3532 5665 3763 5734 λεγέτω,

2183 5738 2264 5790 ὃτι
2304 5738 2490 5810 ἰσχύω
2535 5742 2644 5811 ἐγώ
2671 5761 2683 5774 ·
2743 5746 3152 5818 συναθροίζεσθε
3205 5753 3297 5807 καὶ
3351 5756 3765 5826 είσπορεύεσθε»
