4102 6462
262 402 378 459 εστ

1320 399 1873 457 (ΖΟΜΜΕΝΤΛΒΣΗΞ
1902 397 1972 452 IN
2011 396 2244 452 JOELIS
2272 397 2425 455 CAP.
2467 399 2559 454 ll'l.

3455 409 3561 475 938

277 518 472 572 πάντα
517 513 589 568 τὰ
635 513 788 585 ἔθνη,
834 514 1117 581 κυκλόθεν,
1163 516 1257 569 καὶ
1304 515 1606 585 συνάχθητε
1654 515 1801 566 ἐκεῖ·
1856 513 1884 564 6

2005 512 2080 580 lui
2137 521 2457 568 mansuetus
2503 521 2639 579 eral,
2696 513 2789 568 llat
2836 512 3085 573 bellator.
3140 537 3158 570 ι
3212 518 3364 576 Sicut
3402 532 3565 578 antea

279 607 471 678 πρᾶος
502 605 659 660 ἔσται
689 605 1046 690 πολεμιστής.
1073 624 1092 658 ι
1144 606 1230 669 Ὠς
1267 604 1376 677 γάρ
1410 602 1564 659 εἶπεν
1603 605 1881 676 ἀνωτέρω,

278 700 373 750 ὅτι
400 696 632 762 Συνάξω
657 698 856 760 αὐτοὺς
883 696 973 751 διὰ
998 697 1098 767 τὴν
1123 696 1531 768 προρρηθεῖσαν
1558 695 1760 759 αἰτίαν,
1793 693 1886 747 οῦ-

278 806 369 842 τω
414 787 703 842 κάνταῦθα
750 786 828 851 ὡς
880 786 949 842 ἂν
1002 787 1165 851 αὐτὸς
1213 788 1397 850 αὐτοῖς
1441 787 1882 858 ἐγκελευόμενος.

281 880 573 942 Ἅπαντες
609 878 696 949 δὴ,
733 880 921 949 φησὶν,
957 878 1142 932 ὁπόσοι
1173 877 1377 948 ταύτην
1402 877 1554 949 ἔχετε
1595 878 1695 948 τὴν
1743 877 1885 947 γνώ-
1918 912 1929 921 κ

278 990 403 1043 μην
431 972 581 1027 κατά
612 973 724 1026 τῶν
764 972 893 1043 ἐμοὶ
935 972 1341 1043 προσηκόντων,
1376 972 1514 1042 μετά
1549 972 1752 1042 πολλῆς
1788 972 1886 1042 μὲν

278 1065 604 1136 συνάχθητε
625 1065 727 1135 τῆς
760 1064 1001 1134 σπουδῆς
1030 1079 1045 1094 ·
1096 1065 1505 1135 συγκροτήσατε
1535 1064 1592 1118 δὲ
1621 1064 1757 1135 πρὸς
1789 1064 1888 1117 αύ-

276 1160 414 1221 τοὺς
450 1157 716 1228 πόλεμον·
749 1156 977 1227 (p.155)
1017 1157 1115 1209 καὶ
1143 1156 1208 1228 δὴ
1250 1157 1347 1210 καὶ
1378 1155 1449 1209 τὰ
1483 1157 1584 1226 τῆς
1613 1156 1886 1227 γεωργίας

276 1251 504 1321 ὄργανα
550 1252 633 1313 εἰς
659 1249 840 1302 ὅπλων
871 1248 1129 1321 μετάθετε
1162 1249 1379 1321 χρῆσιν,
1422 1248 1496 1312 ὡς
1525 1249 1591 1303 ἂν
1618 1249 1887 1319 ἀρκοῦντα

282 1342 391 1411 μὲν
424 1339 608 1412 ἔχοιτε
634 1339 705 1393 τά
744 1340 885 1393 ὅπλα
930 1339 1010 1411 τῷ
1057 1341 1249 1412 πλήθει
1296 1340 1406 1393 τῶν
1445 1340 1704 1394 ἐπιόντων
1739 1359 1752 1373 ·
1802 1340 1889 1394 διὰ

280 1432 560 1486 πλειόνων
584 1430 806 1486 εὔκολον
835 1434 965 1502 ὑμῖν
990 1432 1098 1503 εἴη,
1137 1430 1281 1485 καθά
1306 1432 1642 1504 προῄρησθε,
1673 1433 1888 1486 πάντων

281 1522 640 1597 ἐργάσασθαι
666 1524 776 1577 τῶν
809 1523 1161 1595 Ἰσραηλιτῶν
1185 1525 1283 1596 τὴν
1313 1523 1606 1580 ἀπώλειαν.
1644 1520 1775 1577 Εἶτα
1794 1522 1887 1577 τοῦ

276 1614 564 1685 διεγεῖραι
593 1614 731 1685 πρὸς
757 1614 849 1667 τὸν
873 1613 1112 1685 πόλεμον
1139 1615 1336 1678 αὐτοὺς
1364 1613 1461 1685 τὴν
1489 1612 1667 1668 αἰτίαν
1694 1612 1887 1681 λέγων’

288 1725 313 1757 ι
336 1704 618 1776 Ἑξεγειρέ
628 1706 738 1759 σθω
759 1706 854 1759 καὶ
885 1705 1222 1760 ἀναδαινέτω
1251 1706 1427 1759 πάντα
1454 1705 1523 1758 τὰ
1545 1704 1671 1774 ἔθνη
1695 1706 1774 1768 εἰς
1796 1704 1893 1776 τὴν

280 1795 527 1850 κοιλάδα
587 1796 900 1865 Ἰωσαφάτ.
959 1796 1040 1850 ὅτι
1092 1796 1213 1849 ἐκεῖ
1255 1794 1431 1849 καθιῶ
1476 1795 1568 1849 τοῦ
1615 1795 1890 1867 διακρῖναι

1986 603 2218 669 dixerat,
2247 619 2307 659 se
2337 605 2462 659 illos
2492 605 2564 661 ob
2594 606 2908 675 praedictam
2934 623 3156 664 causam
3178 612 3564 683 collecturum,

1987 696 2061 748 ita
2123 709 2271 749 nunc
2335 711 2489 751 more
2557 696 2880 765 imperantis
2940 698 3083 755 idem
3141 702 3348 758 eisdem
3407 702 3561 764 dicit.

1985 784 2205 847 Cuncti,
2241 786 2440 857 inquit,
2471 788 2562 856 qui
2594 788 2696 843 hac
2719 796 2899 844 mente
2924 791 3059 847 estis
3090 792 3358 849 adversus
3392 811 3567 861 meos,

1989 879 2161 932 multa
2201 894 2328 934 cum
2365 880 2720 937 festinatione
2749 884 3174 954 congregemini,
3202 886 3402 942 bellum
3430 904 3566 943 con-

1989 976 2072 1021 tra
2120 970 2223 1025 hos
2261 971 2517 1036 conﬂate,
2560 982 2614 1028 et
2660 974 2779 1045 ipsa
2817 976 3167 1045 agricultura:
3207 978 3570 1035 instrumenta

1988 1062 2056 1115 ad
2111 1078 2389 1118 armorum
2449 1080 2609 1120 usum
2647 1067 3075 1129 accommodate.
3122 1077 3179 1123 ut
3214 1069 3571 1125 suliieientem

1990 1151 2328 1206 multitudini
2359 1153 2595 1209 militum
2632 1171 2910 1213 armorum
2932 1160 3147 1229 copiam
3183 1159 3450 1214 habeatis.
3481 1159 3575 1214 Sic

2000 1249 2164 1296 aucto
2225 1259 2490 1310 numero,
2553 1246 2713 1302 facile
2766 1248 2917 1303 vobis
2972 1250 3101 1313 erit,
3170 1257 3330 1319 prout
3382 1249 3570 1313 vultis,

1998 1332 2368 1389 lsraelitarum
2418 1337 2660 1391 omnium
2699 1339 2969 1393 excidium
3004 1351 3335 1411 perpetrare.
3371 1340 3577 1395 Deinde

1992 1441 2215 1510 causam
2246 1443 2553 1498 exponens,
2585 1431 2654 1485 ob
2685 1448 2848 1500 quam
2892 1432 3016 1487 illus
3050 1433 3117 1486 ad
3165 1433 3365 1487 bellum
3395 1433 3570 1487 susci-

1990 1521 2209 1584 laverit,
2250 1538 2270 1571 ι
2305 1519 2679 1593 Consurgunt,
2722 1524 2920 1594 inquit,
2957 1532 3009 1581 et
3041 1526 3342 1581 ascendant
3381 1543 3576 1581 omnes

1994 1614 2251 1681 gentesin
2268 1614 2461 1668 vallem
2487 1613 2911 1687 Jusaphat,quia
2936 1618 3009 1671 ibi
3043 1620 3245 1674 sedebo
3266 1617 3432 1689 nljud
3457 1633 3574 1672 cum

1994 1718 2185 1760 omnes
2207 1714 2394 1775 gentes
2426 1707 2481 1761 in
2525 1709 2778 1764 circuitu.
2821 1727 2841 1761 ι
2885 1708 3088 1766 Omnes
3124 1726 3243 1777 vos,
3285 1711 3380 1780 qui
3411 1707 3578 1763 simul

1996 1796 2160 1851 vultis
2187 1796 2450 1853 adversus
2481 1797 2821 1854 Hierusalem
2858 1800 3069 1856 inco‘as
3101 1803 3354 1872 praeliari,
3395 1801 3449 1857 id
3477 1816 3579 1870 ego

285 1889 473 1942 πάντα
499 1888 571 1941 τά
597 1888 727 1958 ἔθνη
756 1887 1050 1941 κυκλόθεν.
1068 1907 1086 1937 ι
1128 1887 1270 1939 Πᾶσι
1297 1887 1407 1957 γάρ
1437 1887 1564 1958 ὑμῖν
1594 1887 1735 1939 κατά
1760 1903 1889 1938 ταν-

2005 1895 2056 1941 ut
2082 1889 2256 1957 agatis
2292 1891 2505 1957 sinam;
2534 1892 2661 1962 quia
2695 1892 2807 1946 illic
2840 1906 3030 1962 pinnas
3054 1892 3122 1947 de
3150 1884 3381 1947 audacia
3416 1901 3470 1947 et
3498 1891 3579 1945 fa-

284 1981 379 2033 τὸν
413 1980 692 2034 συνελθεῖν
723 1978 1068 2051 βουλομένοις
1097 1977 1238 2032 κατὰ
1266 1976 1375 2031 τῶν
1404 1977 1888 2049 τὴνο”1ερουσα).ὴμ

286 2072 616 2136 οἰκούντων,
650 2072 933 2143 ἐπιτρέπω
963 2070 1122 2125 τοῦτο
1150 2072 1325 2123 ποιεῖν
1348 2086 1364 2099 ·
1401 2069 1477 2133 ὡς
1503 2069 1568 2123 ἂν
1592 2067 1778 2124 αὐτόθι
1810 2069 1889 2121 δί-

1995 1982 2180 2035 einore
2226 1981 2334 2035 isto
2387 1997 2623 2045 sumam,
2682 1997 2876 2038 omnes
2932 1999 3345 2054 quoqueversus
3410 1983 3579 2036 variis

1996 2073 2268 2129 mortibus
2294 2074 2611 2130 absumens.
2648 2075 2788 2141 Quid
2817 2077 2979 2145 crgn?

287 2180 397 2226 κας
430 2163 580 2233 ὑμᾶς
606 2161 1011 2234 εἰσπραξαίμην
1039 2161 1134 2215 τοῦ
1176 2179 1233 2215 τε
1266 2162 1618 2235 τολμήματος
1672 2163 1766 2215 καὶ
1813 2162 1915 2231 τῆς
1960 2165 2352 2237 ἐπιχειρήσεως
2395 2167 2617 2238 ταύτης,
2658 2166 2901 2232 ἅπαντας
2941 2168 3272 2239 πανταχόθεν
3317 2166 3583 2221 ποικίλοις

292 2250 507 2307 ἀνελὼν
530 2251 803 2315 θανάτοις.
838 2251 902 2303 Τί
927 2246 1021 2305 οὖν
1043 2270 1058 2319 ;

364 2374 520 2445 Στίχ.
554 2380 644 2443 ιγ’.
670 2402 741 2411 -
774 2392 794 2425 ι
817 2372 1267 2437 Ἐξαποστείλατε
1314 2372 1590 2444 δρέπανα,
1632 2373 1714 2425 ὅτι
1749 2387 1891 2442 παρ-

284 2462 529 2531 έστηκεν
550 2462 579 2514 6
600 2461 896 2534 τρυγητός”
915 2460 1318 2533 είσπορεύεσθε,
1342 2464 1586 2528 πατεῖτε,
1606 2462 1741 2515 διότι
1764 2463 1892 2533 πλή-

291 2571 396 2624 ρης
421 2555 455 2624 ή
481 2552 665 2623 ληνὸς,
697 2553 1021 2623 ύπερχείται
1049 2551 1117 2604 τὰ
1145 2551 1435 2623 ῦπολήνια·
1467 2552 1548 2605 ὅτι
1578 2551 1890 2622 ἐπληθύνθη

287 2644 361 2713 τά
397 2644 551 2698 κακά
585 2642 786 2697 αὐτῶν.
819 2661 841 2694 ο
889 2642 1153 2707 Τοσοῦτος
1195 2643 1302 2715 γάρ
1342 2642 1494 2697 ἔσται
1528 2644 1686 2713 φόνος
1712 2642 1890 2696 αὐτῶν

292 2734 394 2786 καὶ
415 2733 659 2804 τοσαύτη
680 2733 890 2796 πτῶσις
909 2733 1126 2787 πάντων
1141 2733 1317 2787 αὐτῶν
1340 2734 1461 2790 κατ’
1481 2733 1723 2805 ἀλλήλων
1746 2733 1893 2787 ὁπλι-

290 2826 547 2896 ζομένων
566 2867 582 2891 ,
636 2824 777 2879 ὥστε
811 2827 927 2889 τοῖς
956 2824 1055 2897 τὴν
1093 2824 1352 2879 Ἰουδαίαν
1381 2823 1623 2893 οἰκοῦσιν
1658 2826 1788 2897 ὑμῖν
1816 2825 1892 2899 μὴ

295 2916 544 2987 πολέμου
571 2916 681 2969 δεῖν
698 2933 712 2947 ’
738 2916 875 2970 ἀλλά
899 2916 1009 2988 γάρ
1030 2916 1234 2970 οἴεσθαι
1261 2916 1530 2989 τρυγητόν
1554 2934 1676 2970 τινα
1702 2918 1895 2986 παρεί-

294 3025 410 3069 ναι,
442 3006 503 3059 ἐν
535 2999 689 3078 ᾧπερ
723 3006 1009 3078 δρεπάνων
1034 3007 1192 3078 χρεία
1220 3007 1277 3061 δὲ
1309 3007 1402 3061 καὶ
1432 3006 1540 3060 τῶν
1580 3007 1897 3061 πατούντων

2071 2367 2237 2424 Vsus.
2261 2369 2347 2422 15.
2371 2398 2440 2411 -
2462 2387 2480 2420 ι
2510 2367 2706 2424 Mittite
2726 2368 2915 2435 falces,
2932 2368 3187 2438 quoniam
3211 2368 3365 2425 adest
3388 2368 3580 2423 vinde-

1993 2463 2123 2517 mia:
2141 2462 2382 2527 introite,
2398 2464 2626 2529 calcate,
2639 2464 2765 2533 quia
2780 2464 2998 2534 plenum
3015 2472 3099 2518 est
3115 2464 3375 2526 torcular,
3391 2462 3584 2517 redun-

1995 2555 2129 2609 dant
2153 2555 2437 2624 supposita
2455 2555 2612 2610 solia.
2626 2573 2645 2606 ι
2668 2553 2840 2609 Tanta
2857 2555 2964 2611 erit
2988 2555 3204 2610 illorum
3223 2544 3450 2621 occisia,
3467 2562 3589 2607 lall-

1997 2655 2163 2716 taque
2192 2655 2402 2717 strages
2424 2645 2539 2717 89
2557 2646 2795 2702 hostium
2830 2647 2887 2701 in
2912 2655 3153 2700 mutuam
3176 2647 3378 2702 ctedem
3430 2661 3583 2701 arma

1994 2737 2347 2799 vertentium.
2390 2747 2449 2792 ut
2496 2738 2654 2794 vobis
2709 2737 2909 2793 Judaete
2951 2738 3147 2795 incolis
3189 2751 3432 2809 pugnare
3473 2751 3584 2791 non

1995 2830 2067 2886 sit
2088 2831 2462 2886 necessarium
2498 2849 2511 2885 :
2555 2829 2888 2885 vindemiam
2923 2829 3217 2901 quamdam
3250 2814 3454 2885 instare
3482 2844 3582 2898 pn‘

1996 2924 2144 2987 tetis,
2183 2924 2272 2977 cui
2314 2921 2622 2977 recidendze
2666 2922 2902 2979 falcibus
2936 2937 3075 2993 cpns
3112 2929 3195 2977 est
3225 2940 3239 2976 :
3282 2923 3412 2975 item
3443 2937 3582 2991 opus

1995 3015 2106 3071 erit
2168 3014 2516 3070 calcantibus
2587 3014 2883 3075 torculare,
2919 3021 2990 3067 .ut
3044 3029 3365 3082 expressum
3394 3014 3582 3067 vinum

298 3097 401 3168 τὴν
426 3095 612 3168 ληνόν,
642 3098 719 3161 ὡς
756 3099 822 3152 ἂν
855 3097 1240 3170 ἐκθλιϐόμενος
1265 3094 1407 3165 οἶνος
1440 3100 1608 3172 ἐκρέῃ
1632 3116 1645 3129 ο
1688 3099 1898 3153 τοιοῦτο

2005 3100 2183 3159 eﬂluat
2230 3122 2243 3157 :
2280 3118 2407 3158 nam
2454 3109 2508 3159 et
2551 3118 2699 3158 nunc
2739 3103 2919 3159 simile
2959 3103 3092 3173 quid
3133 3103 3249 3158 ﬁeri
3292 3104 3584 3174 contingit.

300 3189 418 3261 γάρ
442 3190 508 3261 δή
538 3207 591 3242 τι
620 3190 716 3243 καὶ
756 3189 851 3243 νῦν
880 3190 1127 3261 γίγνεται
1152 3210 1166 3223 ο
1213 3189 1289 3261 (p.
1324 3189 1447 3259 155)
1491 3190 1675 3263 ἐπειδὴ
1716 3191 1822 3264 γὰρ
1871 3193 1899 3245 6

2005 3193 2142 3260 Quia
2164 3196 2309 3250 enim
2341 3194 2542 3249 bellum
2585 3193 2829 3266 potentia
2867 3209 2985 3250 mea
3014 3194 3248 3251 feliciter
3269 3196 3498 3266 geritur,
3532 3204 3588 3251 et

303 3288 552 3357 πόλεμος
595 3290 663 3360 τῇ
693 3287 924 3359 δυνάμει
966 3285 1328 3359 κατορθοῦται
1361 3288 1502 3359 ὲμῇ,
1552 3287 1647 3340 καὶ
1697 3286 1900 3350 πάντες

299 3376 589 3432 ἐκκεινται
621 3380 743 3441 ταῖς
794 3380 1049 3447 σφαγαῖς,
1098 3378 1243 3449 ὑμᾶς
1290 3379 1395 3450 χρὴ
1446 3378 1719 3450 παρόντας
1765 3379 1901 3450 ὁρᾷν

302 3469 586 3544 τρυγητοῦ
639 3471 738 3543 μὲν
787 3470 947 3543 δίκην
991 3469 1181 3543 ὥσπερ
1227 3470 1379 3534 τινάς
1424 3470 1656 3543 βότρυας
1707 3488 1900 3540 τεμνο-

306 3562 512 3633 μένους
557 3577 618 3615 τε
641 3602 656 3623 ,
693 3560 787 3613 καὶ
834 3558 921 3614 ἐπ’
954 3558 1202 3631 ἀλλήλοις
1254 3558 1557 3623 πίπτοντας
1606 3563 1725 3624 ταῖς
1761 3577 1901 3628 σφα-

302 3657 433 3724 γαῖς
455 3670 469 3684 ·
520 3651 647 3707 καθ’
676 3650 971 3724 ὁμοιότητα
992 3650 1048 3705 δὲ
1073 3650 1235 3723 ληνοῦ
1270 3651 1614 3722 πατουμένης
1645 3652 1907 3723 ὑπερχεό-

309 3764 476 3820 μενον
505 3745 568 3799 τὺ
595 3745 705 3798 τῶν
735 3743 1148 3816 ἀναιρουμένων
1186 3740 1326 3815 αἷμα
1361 3760 1374 3774 ⁸
1420 3743 1593 3805 οὕτως
1624 3742 1803 3797 αὐτῶν
1836 3743 1907 3796 τὰ

303 3837 459 3893 κακὰ
506 3834 973 3909 πληθυνθήσεται,
1017 3834 1112 3889 καὶ
1159 3834 1415 3899 τοσοῦτος
1461 3834 1638 3887 αὐτῶν
1681 3836 1709 3887 ό
1750 3832 1908 3904 φόνος

305 3931 628 4002 γενήσεται,
667 3930 767 3999 οἰχ
800 3927 955 3999 ὑμῶν
983 3926 1387 3998 πολεμούντων,
1423 3926 1538 3980 ἀλλ’
1575 3924 1798 3979 ἐκείνων
1829 3926 1908 3989 εἰς

304 4022 582 4091 ἀλλήλους
614 4020 712 4083 τὰς
741 4018 951 4082 οἰκείας
980 4018 1290 4089 τρεπόντων
1322 4017 1524 4082 δεξιὰς.
1562 4015 1702 4070 κατά
1732 4015 1791 4068 τὸ
1820 4014 1906 4068 δο-

308 4111 446 4168 κοῦν
472 4111 619 4183 ἐμοί.
658 4106 794 4163 Εἶτα
821 4110 918 4163 καὶ
939 4108 1007 4162 τὰ
1034 4108 1162 4179 ἑξῆς
1190 4107 1501 4171 ἀκολούθως
1533 4106 1704 4177 λέγει.

381 4224 538 4293 Στίχ.
572 4219 751 4287 ιδ’-ιζ’.
792 4251 848 4262 -
900 4239 919 4272 ι
960 4215 1127 4291 Ἧχοι
1174 4216 1451 4290 ἐξήχησαν
1486 4218 1545 4269 ὲν
1586 4220 1653 4287 τῇ
1706 4215 1910 4269 κοιλάδι

311 4318 418 4388 τῆς
449 4315 633 4386 δίκης,
683 4315 766 4367 ὅτι
809 4313 978 4382 ὲγγὺς
1021 4310 1207 4382 ήμέρα
1240 4309 1447 4381 Κυρίου
1497 4310 1557 4361 ἐν
1604 4309 1671 4379 τῇ
1707 4305 1912 4360 κοιλάδι

312 4412 415 4480 τῆς
450 4406 631 4477 δίκης.
675 4423 695 4457 ι
733 4402 964 4475 Φοϐεροὶ
991 4404 1102 4473 γὰρ
1135 4397 1260 4473 ἦχοί
1286 4417 1430 4465 τινες
1460 4402 1524 4453 ὲκ
1545 4398 1640 4452 τοῦ
1676 4397 1913 4469 πλήθους

2002 3301 2194 3343 omnes
2244 3286 2486 3341 aedibus
2515 3286 2940 3351 contraduntur,
2977 3302 3075 3342 vos
3115 3287 3335 3357 quidem
3371 3297 3589 3358 specta-

2003 3381 2127 3435 culo
2157 3379 2351 3436 adesse
2380 3378 2557 3445 decet,
2590 3388 2901 3450 spectantes
2938 3387 3201 3450 tanquam
3232 3379 3285 3433 in
3315 3380 3588 3434 vindemia

2005 3485 2349 3525 raccmorum
2379 3471 2553 3525 instar
2584 3469 2748 3525 veluti
2778 3483 2972 3532 caesos,
3005 3477 3059 3524 et
3084 3469 3287 3524 mutuis
3311 3468 3589 3539 stragibus

2009 3559 2158 3613 bumi
2192 3567 2523 3632 prostratos.
2577 3566 2632 3614 et
2669 3560 2828 3628 quasi
2867 3559 2934 3614 de
2978 3558 3239 3613 torculari
3269 3559 3480 3614 calcato
3511 3559 3591 3615 ef-

2008 3651 2264 3706 ﬂuentem
2312 3650 2625 3706 occisorum
2667 3649 3012 3720 sanguinem.
3064 3646 3156 3703 Sic
3199 3663 3387 3703 eorum
3446 3648 3589 3701 mala

2006 3744 2462 3812 cumulabuntur;
2485 3725 2745 3813 iantaque
2770 3741 2860 3797 ﬁet
2889 3743 3134 3813 ipsorum
3171 3739 3587 3812 occisioLbaud

2008 3837 2382 3908 pugnantibus
2406 3836 2581 3900 vobis,
2607 3836 2703 3893 sed
2725 3835 2835 3890 illis
2857 3841 3047 3889 contra
3076 3848 3136 3888 se
3158 3839 3348 3886 mutuo
3369 3831 3593 3885 dextras

2013 3931 2377 3986 vertentibus.
2418 3929 2625 3988 Deinde
2664 3937 2718 3985 et
2742 3927 2955 4001 reliqua
2999 3933 3375 3983 consentanco
3403 3932 3592 3979 tenore

2011 4023 2380 4093 prosequitur.

2082 4200 2250 4257 Vsus.
2294 4200 2480 4255 14-17.
2512 4231 2582 4242 --
2615 4218 2634 4249 ι
2680 4197 2906 4254 Sonitus
2936 4196 3179 4253 exauditi
3219 4202 3350 4251 sunt
3381 4195 3434 4249 in
3458 4193 3596 4249 valle

2008 4292 2225 4362 iudicii,
2249 4293 2377 4361 quia
2397 4306 2564 4361 prope
2597 4298 2682 4346 est
2708 4290 2825 4345 dies
2845 4289 3061 4345 Demini
3092 4290 3148 4344 in
3176 4289 3315 4344 valle
3332 4287 3545 4359 judicii.
3570 4304 3590 4338 ι

2014 4383 2148 4437 Nam
2177 4384 2391 4438 sonitus
2420 4381 2641 4452 quidam
2679 4381 2951 4437 terribiles
2980 4395 3046 4435 ex
3068 4379 3374 4434 occisorum
3407 4380 3462 4433 in
3492 4378 3597 4432 hac

307 4500 423 4555 τῶν
445 4497 859 4569 ἀναιρουμένων
894 4493 990 4548 ἐπὶ
1017 4496 1117 4564 τῆς
1149 4493 1396 4556 κοιλάδος
1429 4493 1746 4562 γενήσονται
1776 4489 1903 4543 ταύ-

2016 4476 2157 4530 valle
2186 4472 2536 4527 multitudine
2567 4472 2717 4536 (ient,
2765 4472 2821 4524 in
2851 4485 2958 4539 qua
2990 4484 3182 4538 pcenas
3226 4470 3296 4522 ab
3329 4469 3411 4523 eis
3436 4483 3597 4537 repoo

310 4609 436 4663 της,
468 4592 530 4643 ὲν
632 4587 690 4640 δὲ
714 4586 815 4650 τὰς
840 4585 1000 4648 δίκας
1043 4585 1242 4647 αὐτοὺς
1269 4581 1636 4654 είσπράξομαι
1666 4579 1759 4633 τοῦ
1788 4578 1911 4633 καθ’

314 4681 474 4753 ὑμῶν
500 4680 856 4750 τολμήματος
878 4693 892 4706 ·
926 4674 1150 4729 κοιλάδα
1181 4672 1289 4745 γὰρ
1322 4672 1477 4742 δίκης
1505 4672 1603 4742 τὴν
1644 4668 1738 4723 τοῦ
1799 4664 1927 4722 ἰω-’

319 4774 504 4843 σαφατ
531 4771 813 4833 ἐκάλεσεν,
853 4768 965 4823 ἀπὸ
994 4766 1096 4837 τῆς
1134 4766 1406 4837 τιμωρίας
1430 4764 1529 4835 τῆς
1562 4762 1752 4818 αὐτόθι
1784 4761 1915 4831 μελ-

317 4865 522 4935 λούσης
548 4859 852 4930 ἐπάγεσθαι
881 4858 1110 4921 ὲκείνοις
1142 4856 1293 4928 παρά
1320 4854 1412 4910 τοῦ
1442 4853 1599 4908 Θεοῦ.
1627 4873 1647 4906 ι
1688 4853 1746 4907 '0
1767 4853 1917 4923 ἥλιος

319 4960 416 5012 καὶ
444 4960 479 5028 ή
515 4954 716 5027 σελήνη
750 4951 1166 5012 συσκοτάσουσι,
1201 4947 1298 5001 καὶ
1344 4946 1394 5000 οἰ
1427 4946 1657 5016 ἀστέρες
1696 4943 1916 4996 δύσουσι

318 5052 382 5105 τὸ
434 5049 646 5119 φέγγος
693 5044 897 5100 αὐτῶν.
968 5061 988 5095 ι
1056 5038 1391 5103 Ἀκολούθως
1451 5034 1625 5101 εἶπεν,
1678 5036 1919 5098 artaci;

321 5135 748 5211 ἀναιρουμένοις
776 5135 880 5189 οὐκ
908 5130 1062 5185 ἔσται
1097 5130 1211 5201 φῶς
1231 5147 1246 5162 ο
1274 5130 1423 5192 ὃπως
1460 5127 1524 5199 δὴ
1554 5126 1727 5181 ταῦτα
1758 5127 1920 5196 γενή-

325 5250 485 5286 σεται
535 5228 737 5300 δηλῶν.
766 5228 1003 5295 ὲπάγευ
1036 5243 1056 5277 ι
1108 5224 1166 5277 Ὀ
1199 5222 1258 5276 δὲ
1301 5221 1505 5293 Κύριος
1554 5217 1920 5291 ἀνακράξεται

322 5328 390 5379 ὲκ
436 5321 608 5377 Σιών
660 5319 1064 5390 ἀνακράξεται,
1113 5315 1210 5369 καὶ
1250 5314 1309 5380 ἐξ
1351 5310 1705 5383 Ἰερουσαλὴμ
1757 5306 1921 5362 δώσει

323 5416 514 5487 φωνὴν
548 5411 741 5475 αὑτοῦ,
777 5411 873 5465 καὶ
905 5408 1256 5479 σεισθήσεται
1290 5408 1318 5459 6
1358 5402 1586 5474 οὐρανὸς
1622 5400 1714 5454 καὶ
1750 5401 1784 5471 ή
1816 5398 1918 5468 γῆ·

323 5511 353 5562 6
378 5508 438 5561 δὲ
474 5504 683 5578 Κύριος
717 5503 966 5573 φείσεται
992 5500 1085 5554 τοῦ
1125 5497 1256 5552 λαοῦ
1291 5493 1454 5550 αὑτοῦ
1478 5510 1490 5522 ⁸
1526 5492 1622 5546 καὶ
1654 5490 1924 5561 ὲνισχύσει

324 5600 536 5670 Κύριος
571 5599 701 5661 τοὺς
746 5596 897 5659 υἱοὺς
939 5591 1188 5663 Ἰσραήλο
1224 5589 1318 5643 καὶ
1353 5584 1626 5656 γνώσεσθε
1678 5583 1760 5637 ὅτι
1813 5580 1924 5651 ἐγὼ

326 5691 541 5762 Κύριος
590 5690 621 5741 6
665 5684 799 5748 Θεὸς
847 5681 1027 5753 ὑμῶν,
1072 5675 1431 5747 κατασκηνῶν
1463 5677 1520 5728 ὲν
1548 5672 1686 5727 Σιὼν
1718 5674 1776 5725 ὲν
1810 5671 1925 5741 ὄρει

321 5785 474 5854 ἁγίῳ
514 5798 641 5853 μου.
688 5799 708 5833 ι
763 5778 840 5849 (p.
895 5776 1020 5845 156)
1066 5774 1237 5836 Δῦτδς
1276 5770 1409 5842 γὰρ,
1443 5768 1629 5841 φησὶν,
1667 5768 1696 5819 6
1733 5764 1865 5828 Θεὸς
1898 5766 1928 5817 6

324 5876 389 5931 ἐν
415 5872 563 5928 Σιὼν
593 5867 968 5942 προσάγεσθαι
1001 5864 1100 5937 τὴν
1132 5864 1365 5935 νόμιμον
1420 5857 1717 5957 θεραπείαν
1754 5855 1922 5920 τάξας

2016 4581 2166 4621 scam
2207 4566 2292 4619 sui
2346 4570 2537 4617 contra
2571 4576 2670 4616 vos
2698 4575 2889 4615 ausus.
2924 4558 3133 4613 Etenim
3158 4557 3351 4627 judicii
3397 4558 3589 4613 vallem

2015 4657 2147 4711 dicit
2189 4654 2474 4724 Josapbati
2533 4652 2750 4715 vallem,
2809 4665 2841 4705 a
2901 4664 3062 4720 paena
3107 4664 3229 4719 quae
3270 4649 3381 4702 illic
3423 4666 3449 4701 a
3490 4647 3598 4702 Deo

2017 4750 2271 4805 hostibus
2314 4744 2642 4816 imponenda
2674 4750 2811 4799 erat.
2850 4761 2870 4795 ι
2908 4742 2999 4796 Sol
3035 4749 3088 4796 et
3127 4742 3257 4795 luna
3303 4740 3469 4795 simul
3496 4740 3597 4795 ob-

2017 4839 2406 4899 scurabuntur,
2430 4844 2485 4890 et
2510 4835 2681 4889 stella:
2697 4833 2977 4888 retrahent
3003 4831 3343 4902 splendorem
3363 4847 3546 4888 suum.
3574 4852 3593 4884 ο

2017 4929 2138 4985 Non
2194 4931 2497 4999 incongrue
2561 4926 2719 4991 dicit,
2772 4924 2973 4979 occisis
3021 4924 3204 4997 lumen
3257 4922 3597 4979 defuturum.

2020 5019 2305 5087 Quomodo
2341 5026 2520 5073 autem
2547 5017 2659 5071 haec
2689 5016 2820 5070 lient
2849 5013 3158 5073 declarans.
3186 5013 3261 5065 ait
3301 5030 3315 5065 :
3360 5030 3381 5064 ι
3423 5010 3602 5065 Domi-

2022 5128 2126 5168 nus
2158 5119 2339 5166 autem
2364 5110 2432 5165 de
2460 5108 2626 5163 Sione
2654 5106 2945 5172 clamabit;
2972 5104 3254 5168 clamabit,
3280 5111 3335 5158 et
3367 5117 3433 5155 ex
3477 5101 3599 5154 Hie-

2023 5204 2263 5261 rusalem
2320 5201 2472 5257 dabit
2517 5214 2707 5254 vocem
2754 5213 2911 5253 suam
2947 5215 2961 5252 :
3012 5204 3068 5252 et
3115 5196 3313 5251 malum
3356 5206 3421 5246 ac
3455 5199 3601 5246 terra

2023 5297 2428 5355 concutientur.
2470 5293 2732 5348 Dominus
2752 5301 2933 5347 autem
2960 5293 3145 5360 parcet
3171 5285 3369 5355 populo
3394 5299 3520 5349 suo,
3549 5294 3604 5339 et

2024 5388 2307 5446 roborabit
2346 5387 2610 5442 Dominus
2661 5384 2803 5439 ﬁlios
2836 5379 3076 5437 lsraelis.
3122 5375 3188 5429 Et
3240 5374 3430 5429 scietis
3473 5374 3603 5444 quia

2025 5499 2127 5554 ego
2165 5464 2430 5536 Dominus
2480 5478 2624 5531 Deus
2682 5486 2883 5535 vester,
2936 5470 3189 5524 habitans
3235 5466 3293 5523 in
3333 5468 3501 5523 Sione
3549 5467 3605 5522 in

2030 5583 2214 5630 monte
2261 5582 2454 5629 sancto
2495 5584 2636 5623 meo.
2688 5585 2707 5619 ι
2748 5565 2890 5636 Ipse,
2932 5563 3132 5634 inquit,
3176 5562 3464 5625 Dominus,
3513 5563 3607 5631 qui

2028 5668 2133 5726 sibi
2162 5668 2217 5721 in
2254 5664 2418 5719 Sione
2449 5661 2750 5732 legitimum
2778 5658 2985 5711 cultum
3015 5656 3261 5712 exhiberi
3295 5654 3611 5720 constituit,

2030 5754 2603 5829 magnanradversus
2654 5750 2841 5805 hostes
2896 5762 3082 5803 vocem
3138 5747 3371 5811 emittet,
3425 5761 3456 5800 a
3500 5760 3611 5816 qua

2030 5849 2229 5905 cmlum
2255 5861 2319 5901 ac
2352 5853 2497 5900 terra
2528 5840 2783 5912 quassari
2820 5837 3214 5910 propemodum
3256 5837 3609 5903 videbuntur,
