4102 6454
397 457 401 461 ,
497 391 599 447 ρει)

1707 385 2052 441 THEODORI
2086 385 2564 444 MOPSUESTENI

3649 383 3755 442 2ἰο

500 469 571 560 ob
627 511 918 558 eventuum
971 499 1399 564 mirabilitatem,
1459 508 1771 570 tantamque
1828 509 2066 571 stragem

2180 503 2366 574 ἑαυτῷ,
2404 505 2642 574 μεγάλην
2677 502 2792 554 κατ’
2819 499 2996 554 αὐτῶν
3027 495 3224 569 ἀφήσει
3276 501 3373 570 τὴν
3408 501 3623 568 φωνήν
3657 501 3753 568 ἀφ’

501 602 608 647 tam
646 592 755 662 90
791 591 1066 660 inopinate
1101 591 1324 654 editam,
1361 590 1456 646 Dei
1478 605 1664 661 opera,
1700 590 1914 644 interim
1951 591 2067 645 suis

501 685 797 753 parcentis,
849 681 1128 750 fortesque
1178 682 1231 735 in
1279 691 1572 752 conspectu
1605 680 1844 736 hostium
1883 687 2069 734 osten-

500 773 723 828 dentis:
767 783 825 826 ut
865 773 1123 826 omnibus
1197 773 1543 827 manifestum
1592 771 1682 825 fiat
1729 772 1906 842 ipsum
1942 787 2068 827 vere

500 863 662 919 Deum
718 878 840 919 esse
896 863 1281 928 universalem,
1330 875 1420 925 et,
1455 863 1742 919 Dominum
1807 866 1958 918 illum
2012 866 2068 919 in

499 951 663 1008 Sione
695 961 880 1009 monte
906 952 1010 1008 coli
1041 953 1282 1009 solitum.

579 1283 740 1339 Vens.
797 1285 985 1340 18-21.
1021 1316 1090 1327 -
1126 1305 1145 1336 ι
1185 1287 1248 1341 Et
1279 1287 1382 1342 erit
1413 1286 1748 1343 Hierusalem
1785 1297 1992 1354 sancta,
2019 1297 2072 1344 et

500 1377 818 1447 alienigenae
873 1394 980 1432 non
1014 1379 1327 1434 transibunt
1391 1395 1486 1449 per
1535 1395 1653 1434 eam
1698 1381 1953 1449 amplius.
2007 1379 2072 1434 Et

500 1468 601 1522 erit
635 1469 724 1522 die
764 1468 876 1531 illa,
913 1469 1202 1524 stillabunt
1231 1480 1444 1525 montes
1472 1471 1840 1535 dulcedinem,
1873 1481 1926 1526 et
1957 1471 2073 1526 col-

500 1558 580 1612 les
611 1557 781 1612 fluent
821 1559 984 1623 lacte,
1026 1569 1080 1614 et
1114 1575 1308 1614 omnes
1354 1562 1680 1618 emissiones
1720 1561 1874 1617 Iudae
1905 1563 2074 1618 fluent

500 1649 656 1719 aquis
694 1667 706 1702 :
741 1657 793 1704 et
821 1649 940 1705 fons
967 1650 1033 1706 de
1063 1651 1225 1705 domo
1254 1651 1468 1706 Domini
1521 1653 1849 1723 egredietur,
1875 1665 1929 1708 et
1951 1654 2073 1708 irri-

500 1741 650 1814 gabit
685 1748 981 1796 torrentem
1018 1744 1411 1800 l'uniculorum.
1447 1765 1464 1798 ι
1506 1746 1761 1800 Sanctam
1792 1763 1914 1803 esse
1943 1746 2071 1802 llie-

2173 588 2241 663 ἦς
2269 594 2331 662 δὴ
2370 592 2566 664 μικροῦ
2608 593 2699 644 καὶ
2729 591 2956 662 οὐρανὸς
2981 591 3120 655 δόξει
3151 589 3516 650 συσσείεσθαι,
3557 590 3652 643 καὶ
3678 593 3750 660 γῆ

2176 685 2240 736 ὲκ
2265 682 2358 736 τοῦ
2389 682 2692 751 παραδόξου
2714 681 2823 734 τῶν
2845 679 3201 750 γιγνομὲνων,
3233 679 3327 733 καὶ
3359 679 3458 750 τῆς
3483 678 3752 750 τοσαύτης

2178 773 2393 842 σφαγῆς
2419 771 2560 824 οὕτω
2586 770 2904 841 παραδόξως
2931 768 3345 838 ὲκτελουμένης,
3374 767 3440 839 ἢν
3469 769 3753 838 ποιήσεται

2175 861 2327 924 Θεὸς,
2359 860 2468 914 τῶν
2515 861 2731 914 οἰκείων
2782 860 3115 930 φειδόμενος,
3147 860 3240 912 καὶ
3277 859 3525 928 ἰσχυροὺς
3558 858 3755 918 αὐτοὺς

2177 954 2318 1008 κατὰ
2341 954 2451 1006 τῶν
2481 954 2738 1008 ὲναντίων
2769 950 3088 1014 ἀποδεικνύς
3110 966 3123 980 ⁸
3150 950 3224 1013 ὡς
3255 950 3320 1002 ἂν
3352 950 3523 1002 ἆπασι
3545 951 3757 1016 γένοιτο

2175 1043 2356 1113 δῆλον,
2396 1045 2479 1097 ὅτι
2509 1044 2676 1106 ὅντως
2707 1035 2862 1106 οὗτος
2910 1042 2976 1110 δὴ
3025 1041 3158 1104 θεὸς
3191 1039 3298 1092 τῶν
3331 1039 3606 1100 ἁπάντων,
3655 1040 3754 1091 καὶ

2177 1136 2379 1205 Κύριος
2401 1138 2429 1190 ὁ
2461 1139 2515 1189 ὲν
2561 1134 2638 1204 τῷ
2663 1136 2778 1206 δρει
2807 1133 2886 1204 τῷ
2915 1132 3052 1186 Σιὼν
3081 1130 3481 1202 θεραπεύεσθαι
3519 1129 3746 1190 εἰωθώς.

2248 1291 2392 1362 Στίχ.
2431 1290 2636 1361 ιη’·κα’,
2667 1321 2733 1330 -
2769 1310 2786 1342 ι
2842 1291 2951 1343 Καὶ
2983 1289 3132 1342 ἔσται
3181 1288 3536 1358 Ἰερουσαλὴμ
3583 1286 3710 1354 ἁγία
3734 1305 3748 1318 ·

2179 1383 2275 1436 καὶ
2313 1384 2620 1451 ἀλλογενείς
2645 1383 2704 1436 οὐ
2736 1381 3095 1435 διελεύσονται
3121 1380 3186 1432 δι’
3214 1379 3380 1449 αὐτῆς
3411 1377 3623 1431 οὐκέτι·
3661 1381 3753 1431 καὶ

2179 1471 2329 1526 ἔσται
2362 1473 2420 1524 ὲν
2448 1473 2512 1542 τῇ
2545 1469 2727 1542 ἡμέρα
2753 1471 2935 1543 ἐκείνῃ
2986 1467 3344 1532 ἀποσταλάξει
3385 1468 3454 1520 τά
3479 1469 3577 1540 ὅρη
3621 1467 3751 1536 γλυ-

2181 1561 2414 1633 κασμὸν,
2462 1563 2556 1615 καὶ
2600 1563 2649 1614 οἰ
2681 1560 2858 1631 βουνοί
2891 1563 3178 1632 ῥυήσονται
3226 1560 3365 1628 γάλα
3391 1576 3405 1590 ’
3439 1560 3531 1612 καὶ
3584 1561 3752 1614 πᾶσαι

2178 1654 2234 1706 αἰ
2283 1653 2506 1721 ἀφέσεις
2570 1652 2742 1706 Ἰούδα
2795 1653 3082 1723 ρυήσονται
3119 1651 3317 1705 ὕδατα·
3358 1651 3452 1704 καὶ
3496 1651 3646 1721 πηγὴ
3694 1652 3753 1715 ἐξ

2178 1743 2324 1796 οἴκου
2355 1743 2560 1814 Κυρίου
2593 1741 2952 1807 ἐξελεύσεται,
2976 1744 3072 1796 καὶ
3099 1745 3276 1795 ποτιεῖ
3301 1741 3393 1794 τὸν
3420 1743 3755 1812 χειμάρρουν

503 1833 739 1886 rusalem
792 1847 856 1886 ex
906 1834 1071 1888 rebus
1119 1834 1254 1903 ipsis
1303 1835 1474 1904 gestis
1518 1837 1814 1900 constabit,
1855 1837 2076 1893 nemine

2180 1835 2284 1887 τῶν
2321 1834 2565 1905 σχοίνων.
2623 1853 2641 1885 ›
2691 1834 2756 1886 Ἦ
2807 1835 2906 1904 μὲν
2955 1834 3062 1903 γὰρ
3120 1832 3472 1904 Ἰερουσαλὴμ
3519 1832 3650 1899 ἁγία
3693 1831 3755 1894 ἐξ

503 1923 702 1976 abhinc
745 1923 1049 1994 alienigena
1119 1924 1186 1977 ad
1258 1926 1407 1979 illam
1464 1929 1760 1982 ascendere
1813 1928 2070 1983 audente.

502 2013 727 2069 Cunctis
754 2025 932 2069 autem
953 2014 1156 2070 Judzeis
1188 2017 1516 2086 promissam
1550 2025 1754 2072 terram
1785 2019 2076 2074 incolenti-

501 2105 605 2157 bus
640 2107 906 2158 bonorum
958 2105 1181 2160 ubertas
1209 2105 1335 2168 erit,
1379 2106 1508 2174 quia
1540 2114 1593 2160 et
1621 2115 1836 2160 montes
1873 2115 1927 2161 et
1961 2108 2076 2160 col-

503 2195 582 2247 [es
640 2195 842 2248 multos
892 2194 1028 2264 ipsis
1080 2210 1144 2248 ac
1214 2194 1398 2250 varios
1447 2195 1658 2251 fructus
1719 2198 2074 2267 praebebunt;

501 2278 682 2333 fontes
731 2280 859 2333 item
900 2291 1221 2334 consuetam
1269 2297 1535 2352 aquarum
1587 2301 1812 2338 suarum
1863 2287 2073 2355 copiam

503 2370 963 2440 suppeditabunt;
1012 2372 1172 2426 solita
1208 2373 1396 2427 dicens
1431 2389 1496 2427 ex
1551 2372 1644 2428 Dei
1688 2376 1889 2442 templo
1933 2376 2076 2428 dona

503 2461 742 2529 erogari,
777 2469 830 2515 et
861 2461 1104 2515 indidem
1138 2462 1418 2518 afﬂuentes
1456 2464 1651 2517 uberes
1683 2464 1951 2517 bonorum
1991 2463 2076 2518 di-

505 2552 670 2608 vitias
700 2552 1089 2608 accedentibus
1114 2554 1266 2620 illuc,
1297 2563 1351 2610 et
1381 2554 1563 2609 debita
1587 2553 1698 2609 Deo
1725 2554 1900 2610 ofﬁcia
1925 2570 2076 2610 com-

502 2645 652 2713 plere
704 2645 1106 2713 satagentibus.
1160 2643 1262 2700 llic
1307 2654 1393 2700 est
1435 2647 1580 2701 enim
1619 2647 1711 2716 qui
1748 2661 1778 2699 a
1816 2647 2078 2717 propheta

503 2734 706 2788 dicitur
749 2732 818 2788 de
846 2735 1010 2789 domo
1042 2734 1252 2790 Domini
1283 2734 1405 2792 fons
1434 2751 1786 2807 egressurus.
1821 2736 1947 2798 llic,
2000 2737 2082 2790 in-

503 2840 690 2896 quam,
726 2834 908 2882 tantus
937 2826 1065 2894 erit,
1105 2835 1168 2882 ut
1201 2843 1377 2897 usque
1400 2828 1466 2881 ad
1505 2828 1836 2898 longinquos
1867 2828 2079 2897 c0piam

506 2933 664 2973 suam
718 2926 1050 2974 extensurus
1113 2917 1205 2972 sit.
1238 2918 1358 2973 Mox
1400 2929 1688 2990 postquam
1739 2920 1921 2974 dixit:
1959 2939 1976 2972 ι
2018 2920 2084 2974 Ει

504 3007 774 3079 Egyptus
817 3009 1176 3076 desolabitur,
1224 3021 1278 3064 et
1329 3009 1561 3064 ldumaea
1606 3011 1860 3067 similiter
1887 3013 1956 3067 ob
1984 3028 2081 3068 sua

507 3105 702 3151 contra
749 3113 846 3152 vos
892 3097 1156 3161 facinora,
1211 3107 1264 3152 et
1299 3109 1520 3169 propter
1561 3102 1761 3156 multos
1807 3116 1872 3156 ex
1929 3103 2083 3158 vobis

2177 1925 2353 1980 αὐτῶν
2387 1926 2684 1996 φανήσεται
2728 1924 2833 1978 τῶν
2876 1925 3236 1996 πραγμάτων,
3277 1923 3488 1987 οὐδενὸς
3533 1922 3754 1975 ἐπιϐαί-

2175 2034 2286 2070 νειν
2320 2018 2458 2086 αὐτῇ
2501 2015 2781 2086 ἀλλοτρίου
2824 2015 3130 2085 τολμῶντος
3169 2015 3280 2068 ἔτι·
3317 2015 3488 2068 ἅπασι
3525 2013 3581 2066 δὲ
3621 2014 3753 2066 Ἰου-

2173 2107 2342 2170 δαίοις
2374 2106 2464 2159 ἐπὶ
2514 2107 2612 2176 τῆς
2663 2106 2764 2176 γῆς
2811 2105 3017 2157 οἰκοῦσι
3068 2105 3166 2174 τῆς
3216 2103 3548 2172 ἐπαγγελίας
3582 2101 3752 2172 πολλή

2175 2215 2260 2260 τις
2287 2197 2517 2266 ἀφθονία
2549 2195 2656 2250 τῶν
2683 2196 2901 2265 ἀγαθῶν
2933 2195 3105 2259 ἔσται,
3135 2194 3210 2258 ὡς
3260 2196 3355 2247 καὶ
3394 2193 3463 2246 τὰ
3509 2193 3612 2263 ὅρη
3657 2194 3752 2244 καὶ

2175 2287 2300 2350 τοὺς
2325 2287 2544 2357 βουνοὺς
2572 2287 2816 2358 καρποὺς
2837 2285 2900 2356 δὴ
2931 2283 3156 2347 πολλούς
3181 2301 3331 2347 τινας
3357 2285 3451 2337 καὶ
3475 2283 3749 2345 ποικίλους

2178 2379 2434 2450 παρέχειν
2461 2378 2640 2440 αὐτοῖς
2659 2395 2673 2409 ·
2704 2377 2800 2440 τὰς
2835 2378 3014 2446 πηγάς
3042 2394 3101 2429 τε
3129 2376 3374 2447 συνήθως
3400 2374 3507 2427 τῶν
3536 2374 3752 2427 οἰκείων

2179 2470 2392 2523 ὑδάτων
2434 2468 2662 2540 (p.157)
2695 2467 2954 2538 παρέχειν
2997 2469 3090 2522 τὸν
3131 2468 3357 2521 πλοῦτον
3386 2467 3466 2539 [αἱ
3513 2467 3754 2520 εἰωθυῖαι

2179 2561 2243 2612 ὲκ
2278 2559 2370 2612 τοῦ
2403 2558 2532 2611 ναοῦ
2562 2558 2655 2611 τοῦ
2683 2558 2828 2611 θείου
2855 2558 3204 2630 χορηγεῖσθαι
3241 2559 3439 2631 δωρεαὶ
3469 2557 3626 2630 (ειη,
3660 2558 3756 2610 καὶ

2180 2648 2448 2719 πηγεπειν
2474 2648 2703 2717 ἄφθονον
2731 2648 2837 2701 τῶν
2879 2648 3099 2717 ἀγαθῶν
3132 2650 3223 2703 τὸν
3251 2649 3479 2703 πλοῦτον
3515 2652 3628 2712 τοῖς
3657 2649 3753 2702 αὐέ

2181 2740 2298 2793 τόθι
2324 2757 2382 2792 τε
2415 2741 2664 2806 εἰσιοῦσι,
2694 2741 2787 2793 καὶ
2822 2741 2892 2794 τά
2916 2741 3224 2812 καθήκοντα
3263 2742 3340 2813 τῷ
3369 2741 3488 2812 Θεῴ
3516 2741 3756 2812 πληροῦν

2184 2829 2570 2884 ἐσπουδακόσι·
2601 2832 2804 2905 ταύτην
2834 2832 2940 2902 γὰρ
2970 2832 3117 2902 λέγει
3150 2833 3331 2904 πηγὴν
3372 2833 3431 2899 ἐξ
3465 2833 3614 2886 οἴκου
3644 2833 3754 2886 Κυ-

2187 2920 2301 2990 ρίου
2329 2918 2731 2984 ὲξελεύσεσθαιο
2760 2921 2998 2992 τοσαύτη
3025 2939 3107 2986 τις
3141 2922 3292 2975 ἔσται
3324 2922 3462 2975 ὥστε
3495 2923 3623 2995 ἄχρι
3663 2922 3758 2975 καὶ

2183 3010 2291 3062 τῶν
2319 3010 2600 3083 πόρρωθεν
2629 3012 2726 3083 τὴν
2753 3013 3059 3083 φιλοτιμίαν
3094 3015 3372 3068 ἐκτείνειν.
3407 3011 3540 3069 Εἶτα
3589 3015 3757 3068 εἰπὼν

2186 3101 2267 3154 ὅτι
2295 3100 2441 3155 (Καὶ
2483 3103 2755 3171 Αἰγυπτος
2793 3105 3239 3175 ἀφανισθήσεται,
3271 3107 3360 3158 καὶ
3405 3108 3439 3174 ἡ
3489 3107 3759 3177 Ἰδουμαία

508 3195 696 3240 contra
733 3186 818 3242 fas
847 3188 1191 3255 interfectos,
1239 3209 1257 3241 ι
1299 3189 1452 3244 addit
1485 3209 1496 3242 :
1535 3208 1554 3242 ι
1587 3189 1655 3244 Et
1678 3191 1862 3246 Jutlaea
1892 3192 1947 3246 in
1987 3208 2076 3248 sua

2187 3193 2244 3246 δὲ
2287 3191 2384 3244 σὺν
2431 3193 2637 3266 ἐκείνῃ,
2691 3197 2829 3267 ὑπὲρ
2869 3190 2943 3251 ῶν
2974 3199 3289 3268 πεπράχασί
3337 3216 3396 3253 τε
3437 3199 3554 3252 καθ’
3582 3199 3755 3270 ὑμῶν.

510 3278 668 3330 tit-ma
725 3277 989 3333 felicitate
1058 3279 1395 3335 habitabitur
1446 3295 1474 3334 a
1525 3282 1764 3351 propriis
1796 3284 1992 3338 incolis
2031 3284 2084 3338 in

509 3366 872 3423 Hierusalem.
917 3389 936 3421 ι
971 3371 1180 3435 Quibus
1229 3372 1549 3443 superaddit
1583 3391 1597 3427 ι
1639 3391 1657 3425 ι
1702 3373 1767 3428 Ει
1808 3375 2086 3445 requiram

513 3460 840 3528 sanguinem
863 3475 1077 3524 eorum,
1111 3479 1273 3532 quem
1318 3464 1549 3518 inultum
1589 3480 1713 3520 esse
1745 3479 1852 3519 non
1885 3468 2082 3521 sinam.

509 3551 576 3603 Et
625 3550 891 3608 Dominus
946 3553 1216 3610 habitabit
1270 3556 1324 3610 in
1379 3553 1565 3611 Sione.
1611 3576 1630 3610 ι
1677 3557 1844 3624 Quasi
1884 3559 2031 3613 dicat
2071 3578 2083 3613 :

508 3643 790 3712 Quotquot
846 3642 1108 3702 adversus
1143 3644 1417 3702 lsraelitas
1449 3647 1654 3718 aliquid
1684 3651 1928 3720 aggressi
1967 3650 2082 3705 fue-

509 3730 638 3794 rint,
683 3733 957 3801 supremis
1004 3733 1233 3789 allieiam
1280 3737 1589 3806 suppliciis.
1636 3737 1702 3792 Et
1751 3742 2083 3809 permanebo

508 3836 633 3874 cum
688 3823 830 3887 istis,
877 3826 1226 3894 praesentiam
1269 3843 1442 3883 meam
1495 3843 1694 3884 arcana
1743 3831 2083 3900 providentia

509 3910 914 3978 demonstrans,
973 3930 1136 3985 quam
1223 3919 1500 3987 copiosam
1565 3919 1619 3973 in
1677 3936 1838 3976 omne
1910 3937 2083 3976 aevum

512 4001 713 4054 abhinc
752 4002 954 4059 eisdem
983 4006 1274 4073 praestabo.

583 4297 1255 4393 (12'._‘."3E‘3§3E:‘9:°3E3‘-
1281 4343 1335 4393 ;;
1377 4303 1595 4393 meat.
1629 4309 1849 4393 lectoris
1890 4310 2076 4393 cuius-

511 4367 633 4420 dam
677 4368 1242 4441 interpretamentum,
1282 4375 1336 4430 in
1381 4367 1586 4432 tex'tum
1622 4381 1762 4436 male
1802 4367 2074 4438 invasisse

2186 3283 2279 3336 καί
2315 3284 2537 3348 πολλοὺς
2567 3286 2719 3356 ὑμῶν
2746 3287 2946 3352 ἀδίκως
2977 3289 3182 3342 ἀνεῖλον
3203 3307 3217 3322 ·
3271 3311 3290 3343 ι
3335 3291 3562 3359 ἐπάγει·
3614 3310 3632 3342 ι
3694 3291 3758 3344 Ἥ

2188 3373 2243 3426 δὲ
2288 3375 2510 3427 Ἰουδαία
2540 3377 2597 3427 ὲν
2641 3376 2840 3447 βεϐαίῳ
2872 3379 2969 3450 τῆς
3018 3381 3222 3443 οἰκείας
3261 3381 3566 3452 εὐπραγίας
3605 3382 3758 3436 ἔσται

2185 3465 2475 3538 οἰκουμένη
2503 3469 2564 3520 ἐν
2589 3471 2655 3538 τῇ
2708 3469 3062 3540 Ἰερουσαλὴμ
3084 3471 3188 3524 ὑπὸ
3211 3471 3320 3525 τῶν
3347 3473 3579 3528 οἰκείων.
3619 3493 3636 3526 ι
3666 3469 3760 3536 Οἷς

2186 3557 2508 3627 προστίθησι
2529 3575 2543 3590 ο
2575 3577 2592 3609 ι
2636 3559 2745 3611 Καὶ
2775 3559 3061 3632 ἐκζητήσω
3089 3562 3148 3615 τὸ
3174 3559 3312 3634 αἷμα
3347 3566 3544 3633 αὐτῶν,
3580 3567 3673 3620 καί
3697 3569 3758 3620 οὑ

2189 3647 2264 3718 μὴ
2304 3647 2546 3701 ἀθωώσω
2573 3665 2585 3678 ·
2622 3651 2714 3702 καὶ
2747 3651 2948 3722 Κύριος
2989 3654 3401 3724 κατασκηνώσει
3443 3659 3500 3710 ἐν
3540 3659 3695 3712 Σιών.
3735 3679 3754 3710 ι

2189 3738 2307 3791 Ἵνα
2337 3739 2468 3811 εἴπῃ
2497 3758 2510 3770 ’
2549 3739 2687 3804 Τούς
2708 3758 2768 3794 τε
2801 3743 3207 3814 ἐπιχειροῦντας
3231 3765 3282 3800 τι
3321 3750 3438 3800 κατ’
3470 3749 3648 3803 αὐτῶν
3679 3751 3759 3804 ἔτι

2187 3831 2476 3901 τιμωρίαις
2527 3832 2804 3902 περιὸαλῶ
2849 3838 2968 3898 ταῖς
3012 3837 3287 3906 ἐσχάταις,
3333 3838 3567 3909 διαμενῶ
3599 3858 3657 3894 τε
3701 3844 3760 3894 ὲν

2190 3924 2370 3986 αὐτοῖς
2391 3923 2602 3986 δεικνὺς
2623 3925 2856 3993 ἐμαυτὸν
2881 3926 2975 3978 τοῦ
3000 3927 3184 3980 λοιποῦ
3207 3910 3300 3981 διὰ.
3319 3930 3415 4000 τῆς
3446 3931 3758 4002 ἀπορρήτου

2190 4015 2532 4085 κηδεμονίας,
2573 4016 2641 4086 ἣν
2687 4016 2884 4088 πολλήν
2925 4036 3045 4072 τινα
3073 4019 3326 4090 παρέχων
3354 4021 3534 4086 αὐτοῖς
3563 4025 3641 4086 εἰς
3666 4023 3760 4077 τὸν

2184 4104 2371 4158 ἔπειτα
2400 4105 2687 4160 διατελὲσω
2713 4108 2922 4178 χρόνον.

2185 4315 2661 4398 gl.spicatur_0tto
2702 4315 2854 4398 Ριξξι..
2898 4309 3535 4398 ξ-τὶιῑεοίἱςὶριιᾼτίεροᾱ.
3580 4319 3760 4391 Maps.

2190 4381 2313 4439 Viti:
2342 4397 2391 4440 et
2423 4387 2654 4456 scriptis,
2690 4403 2742 4458 p.
2780 4387 2870 4456 57,
2907 4387 3075 4455 Halat,
3112 4388 3268 4456 1856,
3303 4387 3357 4443 8.
3395 4389 3554 4444 Εωτ.
