4102 6460
257 380 368 435 ιιι

1345 382 1896 441 COMMENTARIUS
1924 386 1996 442 1N
2021 385 2236 445 AMOSI
2276 387 2431 445 CAP.
2463 387 2504 443 l.

266 539 3543 576 «Ἦ

920 726 1488 813 ΕΡΜΗΝΕΙΑ
1586 726 1891 815 ΑΜΩΣ

1990 729 2210 815 ΤΟΥ
2300 730 2947 819 ΠΡΟΦΗΤΟΥ.

380 1108 534 1223 ΙΝ
600 1106 1203 1226 AMOSUM
1284 1111 2167 1228 PROPHETAM
2266 1108 3457 1229 COMMENTARIUS.

334 1463 630 1538 Πρόδηλον
658 1466 762 1538 μὲν
788 1462 884 1522 οὖν
908 1468 989 1523 ὅτι
1016 1469 1110 1524 καὶ
1142 1468 1411 1542 μακάριος
1452 1470 1632 1544 ’Δμὼς
1672 1473 1701 1526 ὁ
1730 1488 1869 1544 προ-

2042 1469 2149 1542 91
2189 1457 2545 1540 PerSpicuunt
2598 1475 2683 1524 est
2742 1470 2961 1525 beatum
3022 1482 3241 1541 quoque
3305 1469 3570 1526 Amosum

262 1556 477 1625 φήτης,
533 1554 594 1608 ὃν
641 1557 971 1629 ἑρμηνεύειν
1017 1559 1152 1615 Θεοῦ
1196 1559 1380 1633 χάριτι
1434 1563 1723 1633 πρόκειται
1774 1563 1873 1634 νῦν

264 1650 431 1717 ἡμῖν,
488 1647 625 1718 περὶ
656 1647 769 1702 τῶν
813 1649 893 1721 τῷ
934 1650 1047 1723 λαῷ
1082 1652 1517 1725 συμϐησομένων
1561 1655 1651 1709 διὰ
1696 1656 1877 1727 πάσης

270 1741 485 1812 μικροῦ
523 1741 628 1810 τῆς
670 1742 1013 1814 προφητείας
1060 1745 1136 1815 (p.
1191 1746 1314 1816 158)
1363 1745 1528 1815 λέγει,
1566 1748 1602 1802 ἆ
1627 1764 1688 1801 τε
1727 1747 1880 1820 παρὰ

265 1832 380 1885 τῶν
434 1832 778 1904 Ἀσσυρίων⁸
806 1834 1090 1890 πείσονται
1141 1837 1407 1910 πρότερον
1461 1841 1516 1893 αι
1554 1839 1679 1895 δέκα
1713 1841 1881 1910 φυλαὶ

272 1926 531 1997 μηνύων,
561 1928 656 1980 καὶ
685 1926 723 1981 ὃ.
754 1927 887 1999 περὶ
911 1929 1009 1999 τὴν
1058 1930 1415 2002 Ἰερουσαλὴμ
1458 1933 1551 1985 καὶ
1574 1933 1673 2002 τὴν
1710 1932 1880 1986 ’ἰούδα

272 2019 475 2090 φυλὴν,
509 2016 611 2072 εἶτ’
640 2014 736 2072 οὖν
769 2021 897 2083 τοὺς
923 2019 1143 2087 λοιποὺς
1176 2022 1285 2094 (22)
1315 2024 1440 2086 τοὺς
1469 2024 1568 2094 τῆς
1602 2024 1881 2095 βασιλείας

272 2109 521 2195 ἐκείνης,
568 2110 677 2163 ὑπὸ
708 2110 819 2164 τῶν
868 2112 1227 2167 Βαϐυλωνίων
1283 2114 1562 2184 γίγνεσθαι
1613 2117 1878 2188 ἤμελλεν·

270 2202 472 2256 τούτου
506 2202 566 2255 δὲ
596 2202 755 2272 λόγος
793 2198 863 2275 ἦν
906 2207 1017 2269 τοῖς
1045 2208 1356 2279 προφήταις
1386 2209 1484 2280 οὐχ
1521 2209 1729 2275 ἁπλῶς,
1765 2211 1878 2264 ἀλλ’

271 2291 470 2363 ἐπειδὴ
501 2293 687 2345 πᾶσαν
709 2292 805 2364 τὴν
834 2294 964 2365 περὶ
993 2295 1083 2347 τὸν
1105 2294 1232 2349 λαὸν
1257 2298 1576 2368 ἐπιμέλειαν
1611 2299 1750 2371 ὑπὲρ
1780 2300 1880 2371 τῆς

270 2382 369 2436 τοῦ
400 2382 683 2437 Δεσπότου
718 2385 957 2457 Χριστοῦ
988 2385 1210 2453 δείξεως
1255 2391 1283 2442 ὁ
1326 2390 1459 2453 Θεὸς
1503 2392 1758 2456 ἐποιεῖτο,
1788 2394 1881 2446 ἐπὶ

274 2477 432 2545 κοινῇ
453 2476 526 2545 τῇ
553 2474 776 2528 πάντων
802 2475 1106 2546 ἀνθρώπων
1129 2480 1375 2551 σωτηρίᾳ
1396 2481 1537 2535 κατὰ
1563 2481 1655 2535 τὸν
1681 2485 1883 2537 οἰκεῖον

275 2566 663 2638 γενησομένης
691 2567 883 2637 καιρόν
910 2584 924 2599 ·
974 2568 1164 2623 τούτου
1203 2571 1314 2645 γὰρ
1344 2572 1529 2626 ἕνεκεν
1561 2574 1762 2638 αὐτοὺς
1788 2575 1882 2628 καὶ

274 2656 536 2728 ἀφώρισε
574 2658 684 2712 τῶν
724 2658 917 2724 ἐθνῶν,
966 2663 1060 2715 καὶ
1100 2667 1369 2737 περιτομῇ
1391 2664 1648 2737 διέκρινε,
1682 2666 1775 2719 καὶ
1806 2669 1884 2721 ol-

278 2751 438 2804 κείαν
488 2751 635 2821 ἔχειν
670 2752 1053 2823 παρεσκεύασε
1096 2754 1303 2828 χώραν,
1339 2759 1433 2811 καὶ
1482 2759 1881 2830 ἀςωρισμένως

1981 1565 2328 1636 prophetam,
2362 1562 2429 1617 ad
2455 1578 2617 1633 quem
2659 1563 3167 1634 interpretandum,
3189 1562 3300 1620 Deo
3332 1563 3566 1629 lavente,

1980 1672 2128 1711 nunc
2187 1653 2560 1727 aggredimur,
2621 1653 2689 1710 de
2757 1654 2960 1710 futuris
3019 1656 3206 1726 populi
3266 1653 3569 1726 (Hebraei)

1983 1748 2208 1804 casibus
2239 1762 2335 1817 per
2379 1746 2696 1802 universam
2738 1745 2853 1802 fere
2897 1746 3238 1818 prephetiam
3268 1746 3417 1817 loqui
3455 1766 3468 1801 :
3505 1755 3571 1802 ea

1981 1841 2191 1896 scilicet
2237 1840 2491 1903 innuere,
2539 1853 2663 1908 quae
2705 1839 2886 1908 primo
2929 1838 2999 1893 ab
3040 1838 3285 1909 Assyriis
3326 1852 3572 1908 passura:

1979 1940 2133 1986 erant
2169 1930 2357 1985 decem
2390 1928 2569 1985 tribus
2610 1929 2785 1996 mala;
2818 1939 2929 1984 tum
2959 1929 3125 1983 etiam
3160 1929 3253 1982 illa
3283 1944 3406 1999 quae
3441 1927 3569 1984 Hie-

1981 2022 2305 2094 rosolymis,
2338 2019 2601 2092 Judaaque
2637 2021 2804 2076 tribui
2831 2060 2847 2084 ,
2891 2020 3214 2090 caeterisque
3256 2020 3407 2091 regni
3448 2020 3569 2090 ejus

1982 2113 2234 2184 partibus
2266 2127 2297 2166 a
2322 2111 2642 2183 Babyloniis
2667 2122 2929 2168 eventura
2954 2119 3131 2167 erant.
3169 2111 3242 2166 De
3266 2111 3350 2167 his
3385 2120 3568 2167 autem

1982 2205 2156 2260 rebus
2208 2220 2317 2259 non
2369 2205 2489 2261 sine
2531 2218 2698 2259 causa
2741 2204 3019 2275 propheta:
3059 2204 3222 2259 verba
3270 2202 3568 2269 faciebant,

1980 2294 2075 2348 sed
2132 2295 2261 2364 quia
2330 2293 2474 2350 Deus
2519 2308 2709 2350 curam
2767 2292 3022 2349 eximiam
3079 2293 3264 2364 papuli
3325 2293 3568 2363 gerebat,

1983 2394 2277 2457 propterea
2307 2385 2457 2457 quod
2503 2385 2759 2441 Christus
2812 2384 3076 2439 Dominus
3116 2382 3184 2437 ad
3224 2398 3571 2438 communem

1981 2476 2228 2529 omnium
2274 2474 2563 2529 hominum
2609 2473 2975 2545 peragendam
3021 2473 3253 2529 salutem
3295 2487 3396 2528 suo
3435 2480 3573 2527 tem—

1981 2581 2114 2636 pore
2162 2565 2504 2621 adventurus
2553 2571 2688 2618 erat.
2738 2562 2951 2619 Idcirco
3004 2562 3255 2619 llebrzeos
3305 2562 3445 2619 Deus
3502 2563 3573 2618 ab

1981 2653 2221 2709 ethnicis
2257 2653 2574 2724 separavit,
2627 2660 2682 2709 et
2720 2652 3142 2709 circumcisione
3195 2652 3466 2717 distinxit,
3517 2661 3573 2707 et

1983 2746 2261 2815 propriam
2310 2745 2513 2801 habere
2560 2745 2729 2799 voluit
2758 2745 3063 2814 regionem,
3101 2757 3469 2809 seorsumque
3504 2742 3559 2797 in

270 2841 334 2894 ὃν
364 2842 451 2913 τῷ
485 2844 601 2916 ὄρει
628 2845 706 2915 τῷ
742 2820 883 2898 Σιὼν
915 2845 1004 2899 διὰ
1170 2820 1400 2922 νομικῆς
1453 2820 1746 2917 διατάξεως
1781 2820 1882 2925 τὴν

1990 2835 2121 2891 Sion
2168 2843 2356 2891 monte
2390 2852 2457 2891 ex
2498 2836 2742 2908 legitima
2789 2838 2965 2891 forma
3018 2837 3333 2908 religiosum
3365 2836 3472 2892 sibi
3503 2837 3573 2892 ab

279 2935 413 3006 περὶ
457 2935 626 2987 αὐτὸν
677 2937 980 3008 προσέταξε
1024 2938 1295 2994 ποιεῖσθαι
1341 2940 1660 3013 θεραπείαν,
1708 2943 1771 2996 ἵν’
1819 2944 1884 2997 ἐκ

278 3025 547 3079 τοιούτων
596 3026 741 3081 κατὰ
787 3027 886 3093 τὰς
929 3031 1277 3102 προφητικάς
1328 3032 1608 3103 μηνύσεις,
1657 3037 1750 3089 καὶ
1784 3034 1883 3105 τὴν

277 3119 492 3173 ἄνωθεν
534 3120 629 3173 ἐπὶ
675 3121 889 3185 τούτοις
920 3123 1051 3192 περὶ
1079 3123 1171 3175 τὸν
1212 3122 1339 3177 λαὸν
1370 3127 1745 3198 γεγενημένην
1771 3127 1886 3182 διά-

276 3209 474 3277 ταξιν,
529 3212 724 3280 φανεὶς
774 3214 802 3266 ὁ
847 3214 1128 3286 Δεσπότης
1177 3215 1431 3286 Χριστὸς,
1475 3216 1634 3288 δῆλον
1681 3218 1886 3275 ἅπασιν

278 3301 723 3373 ἐργάσηταιτοῖς
756 3304 1086 3377 ἀνθρώποις,
1111 3308 1193 3360 ὅτι
1225 3307 1326 3377 οὐχ
1352 3307 1580 3380 ὕστερον
1610 3312 1884 3367 ἐκαινοτό-

284 3411 464 3466 μησεν
502 3397 533 3447 ό
582 3396 716 3458 Θεὸς
768 3397 867 3467 τὴν
924 3399 1181 3453 ἁπάντων
1228 3397 1539 3470 ἀνθρώπων
1586 3403 1882 3474 σωτηρίαν,

279 3487 400 3540 ἀλλ’
448 3487 660 3542 ἄνωθεν
706 3489 802 3542 καὶ
854 3492 961 3561 πρὸ
1015 3491 1246 3563 μακρῶν
1298 3491 1410 3544 τῶν
1459 3492 1669 3563 χρόνων
1727 3494 1887 3547 τοῦτο

280 3580 707 3651 προωρισμένον
737 3579 881 3634 κατὰ
914 3581 1004 3635 τὸν
1038 3583 1308 3654 μακάριον
1344 3583 1558 3637 Παῦλον
1586 3583 1726 3655 ἔχων
1756 3589 1885 3657 παρ’

282 3668 488 3739 ἑαυτῷ,
515 3669 805 3735 ἐξελέξατο
841 3670 941 3742 μὲν
965 3674 1055 3725 τὸν
1095 3673 1366 3745 Ἀϐραὰμ,
1401 3674 1698 3747 συνέστησε
1737 3677 1794 3730 δὲ
1827 3677 1888 3729 τὸ

283 3761 344 3826 ἐξ
386 3762 606 3814 ἐκείνου
638 3762 817 3830 γένος,
852 3765 1172 3835 ἐπιμέλειαν
1200 3766 1257 3819 δὲ
1285 3765 1451 3821 αὐτοῦ
1495 3767 1617 3820 καθ’
1644 3768 1702 3821 ὃν
1737 3771 1890 3840 εἰρή-

288 3872 469 3925 καμεν
523 3856 824 3927 πεποίηται
869 3856 1073 3927 τρόπον
1099 3874 1110 3886 ·
1167 3857 1234 3910 ἵν’
1286 3857 1346 3924 ἐξ
1387 3858 1568 3913 αὐτῶν
1611 3858 1836 3932 ὕστερον
1861 3862 1889 3914 ό

286 3946 574 4016 Δεσπότης
624 3945 859 4018 Χριστὸς
904 3947 967 4000 τὸ
1009 3947 1154 4003 κατὰ
1198 3949 1376 4021 σάρκα
1426 3951 1519 4003 ἐπὶ
1559 3954 1624 4024 τῇ
1670 3952 1890 4008 πάντων

286 4040 606 4112 ἀνθρώπων
655 4043 844 4109 φανεὶς
878 4042 1146 4114 σωτηρίᾳ,
1186 4043 1262 4113 (p.
1303 4043 1429 4114 159)
1463 4045 1621 4117 δῆλος
1665 4046 1887 4119 ὑπάρχῃ

289 4132 437 4186 κατὰ
468 4133 562 4186 τὸν
600 4132 809 4188 ἀνωθεν
840 4134 1070 4206 ὁρισμὸν
1107 4135 1200 4188 ἐπὶ
1239 4134 1339 4207 τὴν
1390 4138 1700 4208 οἰκονομίαν
1747 4156 1889 4210 παρ-
1917 4191 1959 4247 C

290 4223 591 4296 εληλυθὼς.

374 4319 553 4389 ’Υπὲρ
580 4317 646 4389 δὴ
684 4317 895 4372 τούτων
938 4318 1032 4372 καὶ
1080 4319 1489 4391 μετοικισθῆναι
1523 4322 1613 4376 τὸν
1641 4321 1769 4378 λαὸν
1804 4324 1892 4378 διὰ

292 4406 396 4475 τῆς
436 4406 821 4477 αἰχμαλωσίας
854 4408 1267 4480 παρεσκεύασεν
1297 4409 1439 4473 ὅλον,
1475 4411 1571 4463 καὶ¹
1611 4412 1894 4483 ἐπανήγα-

294 4515 392 4564 γεν
437 4497 497 4563 ἐξ
546 4496 730 4552 αὐτῶν
785 4497 881 4562 οὓς
931 4498 1214 4565 ἐϐούλετο,
1253 4493 1438 4573 ὧνπερ
1485 4497 1578 4554 οὖν
1627 4504 1814 4572 ἡγεῖτο
1859 4503 1892 4573 ἡ

309 4591 482 4646 Ἰούδα
522 4593 666 4663 φυλὴ
700 4594 862 4665 μόνη,
915 4595 949 4664 ἡ
997 4596 1149 4649 πᾶσα
1181 4595 1281 4667 τὴν
1314 4596 1570 4649 ἐπάνοδον
1600 4594 1892 4667 δεξαμένη,

298 4684 600 4757 ἐπειδήπερ
638 4686 698 4752 ἐξ
731 4686 905 4756 αὐτῆς
936 4686 1171 4757 ἤμελλεν
1211 4686 1602 4757 ἀναφαίνεσθαι
1650 4687 1710 4740 τὸ
1756 4688 1897 4742 κατὰ

300 4774 479 4846 σάρκα
528 4776 557 4828 ό
602 4777 883 4847 Δεσπότης
932 4777 1200 4848 Χριστός·
1254 4776 1363 4831 τῶν
1429 4776 1633 4830 λοιπῶν
1703 4776 1896 4848 γάρτοι

300 4866 486 4934 φυλῶν
535 4866 632 4936 ἀφ’
680 4868 923 4940 ἑκάστης
972 4867 1231 4939 ἑπόμενοι
1296 4866 1498 4941 ταύτῃ,
1564 4868 1895 4939 συωνῆλθον

300 4958 508 5027 ὀλίγοι·
544 4958 635 5011 ἵνα
678 4958 765 5012 διὰ
817 4960 917 5030 μὲν
960 4958 1061 5030 τῆς
1095 4958 1473 5031 γεγενημένης
1514 4959 1896 5030 αἰχμαλωσίας

301 5051 395 5101 καὶ
422 5049 529 5120 τῆς
558 5049 818 5103 ἐπανόδου
841 5048 1033 5103 τοῦτον
1064 5050 1522 5121 άποτελεσθείσης
1546 5049 1637 5102 τὸν
1669 5049 1896 5120 τρόπον,

299 5140 461 5211 δῆλος
490 5142 719 5211 γένηται
757 5142 856 5212 τῆς
900 5142 1030 5214 περὶ
1071 5142 1162 5195 τδν
1204 5142 1334 5196 λαὸν
1364 5141 1682 5214 ἐπιμελείας
1717 5145 1747 5197 ὁ
1776 5160 1902 5197 σκο-

302 5230 404 5295 πὸς
445 5230 545 5285 τοῦ
597 5230 757 5297 Θεοῦ,
790 5226 942 5302 ’ὑπὲρ
969 5229 1065 5285 τοῦ
1102 5231 1480 5303 φανησομένου
1523 5247 1589 5300 γε
1621 5230 1682 5295 ἐξ
1716 5230 1899 5284 αὐτῶν

297 5324 394 5377 ἐπὶ
420 5327 487 5396 τῇ
519 5326 739 5380 πάντων
762 5325 1070 5396 ἀνθρώπων
1099 5323 1344 5397 σωτηρίᾳ
1372 5322 1554 5377 πάντα
1582 5320 1863 5386 ποιοῦντος
1882 5339 1898 5355 ο

296 5414 446 5470 ὥστε
493 5414 552 5469 δὲ
610 5414 689 5488 μὴ
721 5418 801 5480 εἰς
857 5417 1169 5485 ἀπόγνωσιν
1222 5412 1464 5485 παντελῆ
1524 5411 1902 5477 καταστάντας

298 5506 632 5578 ἑπιμιγῆναι
690 5510 806 5572 τοῖς
863 5506 1040 5561 ἔθνεσι
1102 5507 1201 5579 τὴν
1250 5504 1628 5577 αἰχμαλωσίαν
1695 5504 1902 5575 ὑπομε-

300 5598 619 5670 μενηκότας
665 5599 903 5670 ἐκείνην,
938 5598 1121 5672 χώραν
1148 5599 1206 5653 δὲ
1240 5598 1439 5670 μηκέτι
1471 5597 1610 5668 μήτε
1659 5596 1756 5668 τὴν
1802 5597 1900 5649 ὲπο

297 5690 495 5747 άνοδον
544 5691 712 5764 ἔχειν,
751 5694 891 5765 μήτε
937 5693 1029 5748 τὸν
1073 5691 1183 5747 ἀπὸ
1227 5690 1336 5746 τῶν
1368 5689 1571 5745 λοιπῶν
1595 5688 1765 5743 ἐθνῶν
1794 5706 1902 5759 χω-

381 5841 497 5914 ('22)
570 5843 675 5899 Pro
735 5843 959 5907 λοιπούς
1024 5842 1315 5915 legendum
1371 5842 1585 5898 videtur
1642 5837 1954 5910 περιοίκους

1987 2930 2069 2986 eis
2103 2930 2307 2986 cultum
2350 2928 2599 2985 exhiberi
2649 2927 2967 2983 mandavit;
2998 2927 3092 2984 Sic
3132 2930 3280 2985 enim
3321 2927 3571 2983 futurum

1987 3026 2105 3076 erat
2126 3061 2141 3086 ,
2172 3026 2233 3073 ut
2256 3018 2560 3075 secundum
2591 3018 2946 3089 propheticas
2978 3006 3377 3088 promissiones
3406 3026 3574 3088 atque

1988 3111 2118 3165 olim
2164 3109 2471 3166 ordinatam
2525 3118 2896 3179 congruenter
2939 3107 3027 3163 his
3062 3107 3344 3163 vaticiniis
3387 3108 3573 3179 populi

1990 3202 2543 3267 administrationem,
2579 3201 2836 3257 Christus
2872 3199 3138 3257 Dominus
3158 3202 3229 3256 ‘in
3259 3202 3448 3257 orbem
3478 3215 3573 3255 ve—

1990 3294 2148 3349 niens
2199 3301 2433 3348 cunctos
2497 3293 2758 3349 mortales
2809 3293 3079 3349 certiores
3135 3293 3380 3358 faceret,
3426 3292 3569 3348 haud

1989 3402 2164 3457 nuper
2238 3386 2458 3441 demum
2506 3386 2574 3442 de
2644 3386 2822 3441 salute
2888 3386 3171 3442 hominum
3227 3386 3575 3456 procuranda

1994 3477 2161 3533 Deum
2211 3477 2577 3548 cogitavisse;
2626 3476 2722 3532 sed
2753 3491 2877 3531 cum
2930 3476 3244 3546 antiquitus
3287 3475 3576 3545 longisque

1990 3576 2118 3621 ante
2170 3567 2506 3637 temporibus
2557 3567 2610 3622 id
2659 3567 2801 3637 apud
2848 3582 2938 3632 se,
2992 3574 3130 3622 teste
3172 3566 3332 3621 beato
3381 3565 3573 3630 Paulo,

1992 3657 2274 3712 habuisset
2297 3658 2605 3721 decretum,
2638 3657 3016 3727 segregavisse
3043 3654 3152 3710 sibi
3171 3654 3573 3719 Abrahamum,

1990 3766 2057 3805 ex
2113 3765 2290 3820 eoque
2348 3756 2566 3820 gentem
2638 3747 2943 3812 eonllasse,
3016 3761 3317 3817 curamque
3384 3746 3574 3816 hujus,

1992 3844 2154 3898 sicuti
2196 3842 2311 3912 jam
2358 3840 2565 3896 dictum
2594 3849 2701 3905 est,
2727 3839 3003 3910 gessisse;
3040 3849 3099 3894 ut
3133 3854 3209 3895 ex.
3239 3839 3344 3894 hoc
3384 3848 3576 3910 postea

1991 3950 2189 4008 genere
2213 3933 2466 3990 Christus
2502 3931 2765 3989 Dominus
2811 3932 3112 3988 secundum
3150 3947 3374 3987 carnem
3403 3933 3448 3963 “
3476 3947 3576 4003 pro

1991 4027 2273 4083 communi
2334 4040 2608 4097 apparens
2659 4026 2895 4092 salute,_
2947 4023 3241 4079 manifeste
3296 4023 3578 4079 videretur

1994 4121 2296 4176 secundum
2344 4104 2551 4175 vetera;
2592 4098 2818 4175 decre'ta
2875 4117 2943 4172 ad
2998 4115 3396 4188 redemptionis
3437 4131 3579 4187 opus

1994 4216 2233 4271 venisse.

2064 4307 2363 4379 Propterea
2385 4322 2607 4377 quoque
2635 4307 2896 4378 populum
2918 4304 3238 4361 universum
3266 4302 3324 4358 in
3350 4301 3581 4373 captivi-

1994 4410 2163 4454 tatem
2206 4399 2591 4454 abducendum
2637 4398 2856 4454 curavit
2883 4396 3066 4466 ,Deus,
3108 4410 3175 4451 ex
3217 4410 3393 4466 eaque
3427 4408 3582 4450 revo-

1995 4490 2227 4545 candam
2279 4502 2490 4560 partem
2538 4490 2724 4560 populi
2780 4502 2944 4558 quam
2998 4488 3117 4556 ipse
3158 4485 3370 4551 voluit,
3415 4481 3581 4553 cujus

1994 4586 2195 4643 deinde
2244 4586 2613 4658 principatum
2650 4585 2761 4656 92
2791 4584 2911 4640 sola
2963 4583 3143 4639 tenuit
3180 4579 3335 4637 Iuda:
3375 4580 3591 4641 tribus.

1997 4695 2119 4751 quae
2164 4680 2424 4735 universa
2457 4679 2636 4733 reditu
2679 4678 2848 4748 digna
2882 4675 3009 4740 fuit,
3053 4675 3313 4746 quoniam
3359 4688 3424 4729 es
3463 4673 3586 4742 ipsa

1997 4781 2228 4827 orturus
2252 4778 2373 4826 erat
2394 4786 2520 4826 eum
2544 4784 2710 4825 carne
2731 4769 2990 4824 Christus
3016 4766 3286 4822 Dominus
3317 4786 3331 4821 :
3366 4780 3491 4819 nam
3513 4763 3584 4819 de

1962 4858 2229 4932 'reliquis
2277 4861 2532 4916 tribubus
2583 4859 2742 4930 pauci
2785 4874 2816 4915 e
2859 4859 3093 4930 singulis
3138 4857 3444 4913 redierunt.
3489 4854 3584 4911 Sic

1999 4952 2146 5006 enim
2184 4959 2300 5005 tum
2327 4965 2360 5005 e
2407 4948 2749 5019 captivitate,
2796 4957 2909 5002 tum
2944 4964 2977 5004 e
3012 4947 3333 5003 reditu.hae
3368 4946 3584 5001 ratione

2000 5050 2195 5099 curato
2250 5043 2668 5114 patelaciendus
2709 5049 2829 5097 erat
2882 5040 3082 5096 divina:
3122 5042 3275 5096 circa
3322 5040 3585 5110 populum

2001 5137 2370 5194 Providentia:
2405 5151 2628 5206 seopus,
2659 5135 2776 5191 haec
2807 5136 3001 5190 omnia
3023 5133 3326 5205 satagentis
3361 5138 3588 5202 prapter

2003 5231 2132 5287 inde
2176 5238 2465 5286 venturum
2496 5227 2830 5284 universalis
2865 5226 3063 5283 salutis
3098 5234 3390 5297 auctorem
3426 5222 3585 5277 Chric

2004 5331 2171 5379 stum.
2208 5318 2438 5389 Ergone
2482 5318 2657 5374 Judwi
2701 5319 3077 5388 captivitatem
3128 5315 3275 5368 illam
3317 5312 3585 5383 perpessi.

2005 5430 2103 5486 spe
2135 5414 2286 5468 omni
2320 5411 2593 5484 deposita,
2623 5409 3096 5468 confunderentur
3126 5405 3418 5475 gentibus;
3450 5404 3588 5459 sibi-

2011 5522 2117 5578 que
2137 5505 2393 5577 patriam,
2414 5511 2510 5559 aut
2529 5503 2765 5559 reditum
2793 5498 2861 5553 ad
2884 5499 3054 5564 illam,
3080 5496 3227 5551 haud
3255 5496 3370 5567 jam
3393 5510 3590 5566 super-

2010 5614 2135 5656 esse
2169 5598 2492 5662 crederent;
2542 5610 2680 5650 neve
2719 5609 2833 5650 snae
2867 5592 2937 5648 ab
2970 5589 3208 5647 ethnicis
3256 5589 3589 5646 secretionis

2009 5688 2495 5758 obliviscerentur;
2551 5687 2683 5744 olint
2715 5701 2808 5743 ore
2851 5683 3245 5756 prophetarum
3287 5689 3404 5737 tum
3434 5678 3590 5735 futu-
