4102 6464
461 365 570 421 2L5

1680 363 2026 421 THEODORI
2060 362 2546 421 MOPSUESTEM

3590 371 3699 426 εκ

465 496 581 535 ram
618 477 985 549 captivitatem
1023 476 1349 548 signiﬁcavit
1378 476 1542 544 Deus,
1584 487 1698 534 tum
1741 496 1804 536 ex
1839 480 2027 536 eadem

2134 479 2349 549 ρισμὸν,
2392 481 2594 534 ἄνωθεν
2639 482 2725 534 διὰ
2763 483 2870 534 τῶν
2907 483 3197 553 προφητῶν
3233 481 3322 536 καὶ
3355 481 3452 553 τὴν
3497 484 3700 554 αἰχμα-

467 569 859 640 postliminium
905 577 1012 622 :ut
1060 569 1160 622 hac
1197 584 1293 638 spe
1339 571 1562 635 retenti,
1607 572 1698 625 ubi
1739 571 2030 627 accidisset

461 661 770 731 captivitas,
823 661 1058 715 reditum
1114 669 1530 730 exspectarent,
1581 665 1671 734 qui
1735 680 1922 734 reapse
1965 680 2030 717 eo

463 767 624 822 quem
661 751 900 807 diximus
941 752 1102 806 modo
1137 766 1201 806 ac
1245 754 1672 824 suprascriptam
1707 756 1777 808 ob
1805 770 2027 808 causam

463 841 712 912 contigit.
747 839 1114 907 Quamobrem
1161 843 1290 896 olim
1340 852 1394 898 et
1427 843 1635 912 jamdiu
1677 845 1789 898 haec
1813 861 1840 897 a
1871 845 2030 898 beato

465 931 664 985 Davide
718 932 1091 1001 compluribus
1141 933 1195 986 in
1253 935 1480 1002 psalmis
1534 933 1679 987 dicta
1744 935 1957 988 fuerant
2012 952 2026 986 :

463 1025 864 1092 propinquante
912 1033 1094 1078 autem
1145 1026 1508 1095 gerendarum
1555 1041 1737 1080 rerum
1785 1034 2029 1095 tempore

464 1115 756 1182 prophetas
800 1113 949 1166 misit
988 1112 1208 1168 divinus
1257 1112 1427 1175 favor,
1473 1130 1618 1169 nunc
1657 1117 1877 1186 quidem
1923 1117 2027 1170 im-

467 1201 754 1271 pendentia
778 1201 845 1256 ab
867 1203 1107 1274 Assyriis
1137 1205 1493 1273 praecinentes
1518 1205 1678 1266 mala.
1701 1222 1824 1260 mox
1848 1216 2026 1262 autem

467 1293 847 1363 Babylonicam
895 1303 1344 1363 superventuram
1401 1293 1603 1350 Iudaeis
1663 1297 2026 1352 calamitatem

465 1382 840 1450 significantes
876 1402 888 1436 :
923 1393 1046 1452 post
1083 1385 1192 1438 haec
1235 1386 1417 1438 omnia
1469 1394 1646 1440 tamen
1699 1386 2028 1456 spondentes

467 1473 738 1539 reditum;
773 1473 1018 1543 nihilque
1042 1491 1254 1540 eorum,
1281 1491 1402 1544 qua:
1435 1490 1528 1545 per
1559 1477 1608 1530 id
1645 1486 1858 1546 tempus
1887 1478 2030 1532 scire

465 1563 808 1618 commodum
843 1576 982 1629 erat,
1011 1567 1322 1621 reticentes.
1359 1565 1532 1620 Porro
1562 1583 1746 1622 rerum
1780 1571 2030 1638 superio-

466 1671 586 1709 rum
615 1659 794 1711 exitus
818 1659 1190 1728 prognosticis
1213 1668 1639 1723 consentaneus,
1663 1661 1819 1714 fidem
1858 1660 2025 1716 facie-

464 1746 556 1800 bat
588 1746 702 1800 fore
736 1756 796 1800 ut
823 1757 1010 1816 postea
1042 1763 1259 1818 quoque
1293 1749 1544 1819 praedicta
1569 1791 1586 1816 ,
1617 1750 1734 1804 sine
1767 1751 1934 1805 dubio
1960 1750 2024 1804 ad

466 1837 706 1892 vaticinii
735 1853 984 1892 normam
1010 1840 1322 1895 evaderent.

535 2019 671 2074 Hinc
708 2021 765 2075 fit
813 2030 870 2075 ut
901 2021 1176 2091 propheta:
1216 2023 1396 2077 cuncti
1432 2032 1486 2077 et
1516 2038 1603 2078 res
1624 2022 1943 2093 Assyriacas
1974 2029 2028 2077 et

469 2113 797 2166 subsvcutas
824 2129 952 2167 mox
996 2112 1354 2184 Babylonicas
1388 2115 1679 2184 loquantur
1716 2130 1877 2168 :nam
1923 2115 2026 2169 etsi

464 2205 546 2258 lite
593 2205 822 2258 diversae
871 2205 1091 2258 fuerunt
1136 2205 1516 2268 incursiones,
1545 2205 1786 2276 Assyriis
1828 2207 2023 2275 primo,

463 2295 658 2349 deinde
685 2293 994 2364 Babyloniis
1015 2296 1413 2365 expeditionem
1447 2294 1804 2371 facientibus;
1837 2297 2028 2366 hisque

463 2386 746 2440 eventibus
784 2387 1124 2453 aliquantum
1161 2387 1425 2457 temporis
1470 2388 1701 2456 spatium
1731 2389 2026 2456 interposi-

464 2484 579 2529 tum
612 2475 732 2538 fuit,
765 2477 1122 2534 nihilominus
1156 2493 1260 2532 una
1301 2477 1403 2532 fuit
1449 2478 1774 2532 universalis
1798 2479 2028 2547 captivi-

464 2576 569 2630 tas,
617 2583 743 2622 orsa
784 2568 853 2621 ab
904 2569 1144 2638 Assyriis
1188 2577 1382 2622 contra
1429 2567 1536 2638 93
1579 2570 1764 2624 decem
1809 2569 2022 2634 tribus;

461 2658 706 2712 absoluta
738 2674 866 2714 vero
900 2669 1086 2713 contra
1130 2660 1401 2729 reliquas,
1444 2675 1564 2730 qua:
1613 2675 1838 2728 regnum
1874 2658 2028 2713 Judae

461 2750 886 2814 constituebant,
930 2765 960 2804 a
1008 2750 1320 2821 Babyloniis
1354 2751 1506 2805 urbis
1540 2751 2024 2820 expugnatoribus.

461 2840 674 2894 idcirco
725 2842 908 2896 caeteri
961 2843 1123 2896 etiam
1183 2844 1460 2912 prophetae
1506 2843 1620 2894 haec
1669 2841 2022 2910 portendunt,

463 2939 625 3000 atque
654 2931 708 2984 in
741 2931 828 2986 his
857 2932 1038 2985 omnis
1074 2947 1264 2986 eorum
1301 2946 1485 2986 sermo
1510 2941 1793 2993 versatur;
1827 2934 1871 2987 si
1902 2948 2029 3002 pau-

462 3033 557 3073 cas
586 3007 791 3088 εἱειειοι
840 3034 931 3075 res
973 3021 1237 3089 excipias,
1270 3034 1447 3090 neque
1497 3035 1526 3073 a
1567 3020 1840 3088 praedictis
1873 3021 2028 3075 valde

461 3109 856 3178 discrepantes,
906 3125 1044 3179 quas
1085 3111 1261 3165 obiter
1306 3112 1692 3181 appinxerunt.
1743 3109 1833 3164 Sic
1897 3111 2095 3190 facitc

462 3198 624 3252 etiam
665 3197 788 3262 hie,
828 3213 987 3269 quem
1028 3199 1082 3253 in
1118 3201 1372 3256 manibus
1405 3199 1703 3268 habemus,
1735 3202 2023 3270 propheta,

463 3289 553 3358 qui
608 3304 765 3343 suum
813 3304 974 3344 omne
997 3291 1320 3346 vaticinium
1365 3292 1434 3346 ad
1474 3293 1613 3346 mala
1663 3293 1730 3347 ab
1783 3293 2026 3363 Assyriis

464 3379 885 3450 llabyloniisque
911 3380 1097 3436 lsraell
1133 3379 1394 3452 Judaaque
1424 3382 1702 3438 inferenda
1735 3383 2025 3438 manifeste

462 3469 735 3521 convertit
778 3488 790 3522 :
829 3469 902 3523 ita
931 3479 1112 3524 tamen
1151 3479 1210 3524 ut
1243 3471 1480 3527 breviter
1512 3476 1659 3527 circa
1701 3475 2023 3543 prooemium

461 3557 708 3626 qtttedam
743 3559 902 3613 etiam
947 3559 1146 3614 damna
1191 3574 1612 3627 commemoret,
1652 3580 1772 3634 qua:
1805 3581 1833 3618 a
1867 3565 2028 3619 ﬁniti-

463 3651 563 3702 mis
589 3649 804 3718 populis
835 3651 939 3705 sub
965 3650 1108 3705 idem
1157 3659 1371 3722 tempus
1401 3655 1616 3723 passuri
1657 3662 1815 3709 erant
1855 3658 2028 3710 fsrae-

461 3741 586 3794 iitae.
665 3739 755 3795 Sic
807 3750 987 3796 autem
1048 3741 1190 3797 Deus
1261 3744 1716 3808 demonstrabat,
1768 3746 1910 3799 haud
1968 3763 2027 3802 se

461 3831 780 3889 crudelitate
809 3834 991 3904 aliqua
1035 3835 1117 3889 vel
1152 3837 1366 3891 incuria
1397 3839 1478 3892 vel
1513 3839 1727 3892 consilii
1776 3834 2028 3893 volubili-

463 3934 573 3977 tate
605 3927 867 3994 populum
904 3925 1192 3998 Assyriaca
1233 3943 1296 3982 ac
1337 3928 1668 4000 Babylonica
1718 3931 2026 3986 calamitate

464 4017 836 4086 implicuisse;
883 4018 975 4071 sed
1027 4019 1156 4087 quia
1191 4019 1339 4074 hunc
1377 4023 1730 4076 asceleribus
1769 4038 2026 4077 revocare

461 4107 714 4162 studebat
755 4125 767 4160 :
799 4108 1238 4178 quandoquidem
1273 4111 1432 4165 etiam
1463 4112 1744 4179 flnitimos,
1777 4114 1867 4182 qui
1899 4113 2026 4167 huic

461 4202 659 4270 populo
715 4202 900 4270 injurii
953 4202 1216 4266 fuerant,
1289 4205 1481 4259 eodem
1545 4214 1786 4275 tempore
1852 4222 2025 4276 poenae

460 4292 738 4360 subjecit:
773 4294 826 4346 in
868 4308 1007 4364 quos
1053 4295 1472 4366 haudquaquam
1523 4299 2021 4360 animadvertisset,

459 4386 562 4441 nisi
584 4387 839 4456 populum
863 4403 1021 4443 suum
1053 4389 1273 4458 plurimi
1310 4390 1529 4444 faceret.
1554 4389 1733 4455 Quare
1777 4389 1920 4446 Deus
1961 4391 2014 4444 in

458 4481 796 4550 peccantium
848 4481 1119 4550 supplicio
1164 4483 1404 4537 declarat
1441 4498 1592 4536 suam
1647 4498 1772 4552 erga
1822 4482 2026 4536 electos

457 4588 667 4634 curam,
715 4572 914 4640 quibus
960 4573 1146 4643 plagas
1202 4575 1431 4642 imponit
1487 4574 1628 4628 haud
1675 4573 1883 4628 smvitia
1940 4572 2024 4623 vel

457 4671 768 4732 contemptu
804 4666 886 4717 vel
913 4663 1042 4716 odio
1077 4665 1460 4718 exstimulatus
1485 4707 1497 4726 ,
1543 4665 1634 4718 sed
1672 4663 2026 4732 providentia!

457 4766 625 4804 causa
656 4761 709 4804 et
733 4751 1013 4804 erudiendi
1055 4753 1490 4822 emendandique
1521 4754 1736 4813 studio,
1775 4760 1937 4818 atque
1969 4761 2051 4822 ut.

458 4839 525 4894 ad
563 4839 772 4910 frugem
811 4841 1090 4896 meliorem
1135 4853 1372 4900 revocet.
1417 4844 1530 4898 lloe
1563 4853 1645 4897 est
1693 4843 1859 4912 igitur
1903 4841 2024 4895 libri

455 4942 840 5002 argumentum

523 5117 704 5185 Atque
742 5114 816 5169 ita
851 5115 1034 5169 omnia
1066 5132 1186 5186 qua:
1215 5116 1280 5169 ad
1313 5117 1573 5187 populum
1609 5125 1860 5186 spectant
1888 5119 2027 5173 dixit

455 5207 741 5276 propheta,
782 5216 837 5262 et
879 5207 1118 5262 breviter
1156 5209 1320 5263 etiam
1363 5207 1708 5277 significavit,
1763 5210 2021 5280 quidnam

455 5299 666 5352 adversi
713 5298 980 5369 proximis
1018 5299 1136 5352 urbi
1195 5299 1409 5368 populis
1443 5299 1724 5368 Babylonii
1781 5303 2025 5370 apprime

455 5388 764 5456 imposituri
795 5389 985 5444 eadem
1015 5391 1310 5443 occasione
1335 5398 1540 5450 essent.
1559 5399 1780 5460 propter
1805 5392 2020 5445 illorum

449 5491 580 5543 erga
612 5477 814 5530 electos
857 5477 1120 5545 injurias;
1159 5479 1317 5546 cujus
1357 5481 1430 5534 rei
1469 5480 1580 5550 jam
1627 5497 1844 5536 causam
1880 5481 2023 5535 dixi-

455 5581 596 5620 mus.
629 5567 749 5619 Edit
780 5575 960 5622 autem
995 5571 1311 5625 vaticinium
1334 5573 1472 5625 haud
1495 5571 1891 5643 Hierosolymis
1923 5572 2017 5626 scd

455 5657 509 5709 in
558 5656 902 5712 ethnicorum
955 5660 1126 5727 locis,
1186 5665 1329 5717 circa
1397 5665 1530 5720 fines
1590 5664 1808 5720 lsraelis
1855 5679 2021 5733 prope

457 5746 690 5804 Bcthelis
716 5746 924 5817 fanum,
948 5752 1036 5806 tibi
1063 5753 1268 5811 hostias
1298 5755 1457 5811 idolis
1482 5755 1739 5812 lsraclitm
1773 5756 2019 5810 litabant.

2129 571 2328 623 λωσίαν
2351 571 2615 640 ἐσομένην
2636 575 2833 642 ἐμήνυε
2856 574 2945 624 καὶ
2967 574 3064 643 τὴν
3094 573 3347 626 ἐπάνοδον
3373 574 3457 626 ἐπ’
3478 573 3664 646 ἐκείνῃ
3679 589 3692 603 ⁸

2131 662 2216 714 ἵνα
2244 664 2363 724 ταῖς
2407 663 2585 714 ἐλπίσι
2624 663 2980 734 κρατούμενοι
3021 664 3261 726 ταύταις,
3293 665 3386 716 καὶ
3417 665 3554 734 μετὰ
3596 664 3697 734 τὴν

2131 753 2415 821 συμϐᾶσαν
2465 754 2836 823 αἰχμαλωσίαν
2871 754 2964 824 τὴν
3017 755 3267 807 ἐπάνοδον
3316 754 3692 825 ἀναμένωσιν’

2127 841 2272 911 ἤπερ
2315 837 2407 894 οὖν
2449 843 2542 894 καὶ
2574 843 2760 910 γέγονε
2789 842 2910 894 καθ’
2936 842 2994 895 ὃν
3023 843 3231 913 ἓιραμέν
3256 861 3313 896 τε
3341 839 3560 914 τρόποῦ,
3600 847 3695 898 καὶ

2130 928 2268 998 ὑπὲρ
2294 923 2361 998 ἦς
2387 929 2683 998 εἰρήκαμεν
2707 931 2904 993 αἰτίας.
2939 934 3014 1001 (ρ.
3054 933 3174 1001 ΜΟ)
3207 932 3306 984 Διά
3335 932 3495 986 τοῦτο
3527 934 3695 987 πάλαι

2131 1020 2230 1089 μέν
2262 1021 2355 1072 καὶ
2390 1020 2660 1089 πρόπαλαι
2685 1021 2761 1090 τῷ
2805 1023 3058 1092 μακαρίῳ
3089 1021 3247 1074 Δαυῒδ
3293 1023 3478 1093 είρητο
3521 1025 3696 1077 ταῦτα

2128 1108 2216 1162 διά
2260 1107 2466 1161 πολλῶν
2509 1109 2617 1162 τῶν
2658 1110 2886 1180 ψαλμῶν
2908 1129 2920 1141 ·
2951 1112 3257 1180 ἐγγίζοντος
3281 1112 3337 1164 δέ
3361 1113 3454 1166 τοῦ
3498 1113 3692 1186 καιροῦ

2128 1201 2236 1254 τῶν
2277 1202 2636 1273 πραγμάτων,
2682 1203 2804 1265 τοὺς
2853 1205 3136 1274 προφήτας
3185 1203 3446 1268 ἀνέδειξεν
3496 1208 3529 1276 ἡ
3577 1206 3696 1260 Θεία

2129 1292 2305 1362 χάρις,
2339 1293 2434 1345 νῦν
2465 1293 2564 1362 μὲν
2597 1293 2874 1362 ἐφεστῶτα
2905 1295 3011 1346 τῶν
3054 1296 3351 1366 Ἀσσυρίων
3390 1297 3693 1366 μηνύοντας

2128 1383 2195 1435 τά
2227 1383 2390 1445 κακὰ,
2424 1378 2575 1445 αὖθις
2605 1383 2659 1435 δέ
2687 1386 2770 1436 ἐπ’
2792 1385 3030 1447 ἐκείνους
3055 1385 3122 1436 τὰ
3154 1385 3305 1455 παρὰ
3341 1387 3698 1442 Βαϐυλωνίων

2128 1474 2359 1543 ἐσόμενα
2394 1473 2684 1544 δηλοῦντας
2708 1492 2722 1505 ο
2754 1476 2838 1542 ἐφ’
2866 1475 3037 1528 ἅπασί
3079 1492 3138 1528 τε
3180 1476 3431 1544 λέγοντας
3461 1477 3557 1548 τὴν
3592 1480 3694 1530 ἐπ-

2129 1562 2331 1624 άνοδον,
2365 1563 2528 1633 ἐτερά
2553 1581 2612 1616 τε
2649 1566 2819 1617 ὁπόσα
2849 1565 2954 1618 τῶν
2976 1565 3118 1618 κατά
3143 1569 3232 1620 τὸν
3261 1569 3449 1639 καιρὸν
3489 1571 3696 1623 ἐκεῖνον

2128 1656 2424 1723 γεγονότων
2469 1656 2766 1726 μηνύεσθαι
2795 1658 3068 1729 προσῆκον
3109 1655 3211 1730 ἦν’
3261 1661 3382 1713 ἐπεὶ
3433 1661 3488 1713 δὲ
3515 1663 3547 1732 η
3577 1661 3684 1715 τῶν

2129 1745 2406 1814 προτέρων
2453 1746 2675 1810 ἔκϐασις
2720 1747 3025 1812 ἀκολούθως
3064 1751 3182 1812 ταῖς
3229 1751 3563 1820 προρρήσεσι
3608 1768 3695 1818 γιο

2130 1837 2386 1906 γνομένη,
2439 1839 2622 1901 πίστις
2662 1835 2730 1907 ἦν
2761 1840 2867 1891 τῶν
2901 1840 3035 1910 μετά
3066 1839 3236 1893 ταῦτα
3285 1843 3695 1913 προειρημένων

2128 1946 2208 1993 τε,
2242 1929 2383 1981 κατά
2406 1929 2502 1999 τὴν
2541 1931 2840 2001 πρόρρησιν
2867 1930 2942 1992 ώς
2983 1930 3129 1993 εἰκὸς
3158 1932 3445 2001 ἐσομένων.

2211 2018 2490 2071 Ἐντεῦθεν
2521 2021 2756 2082 ἅπαντες
2798 2022 2865 2074 τά
2909 2037 2968 2072 τε
3014 2020 3162 2090 παρά
3208 2021 3314 2073 τῶν
3343 2021 3698 2078 Βαϐυλωνίων

2129 2110 2386 2177 γεγονότα
2451 2111 2642 2180 φασίψ
2688 2111 2874 2181 ἐπειδὴ
2936 2112 3042 2165 κᾶν
3111 2113 3158 2163 εί
3219 2111 3545 2183 διῃρημένας
3594 2112 3695 2175 τὰς

2131 2200 2349 2267 ἐφόδους
2389 2201 2588 2264 ταύτας
2635 2202 2961 2272 γεγενῆσθαι
3012 2203 3232 2274 συνέϐη,
3280 2203 3544 2274 πρότερον
3594 2204 3694 2273 μὲν

2141 2294 2437 2365 Ἀσσυρίων
2492 2295 2914 2365 ἐπεληλυθότων,
2949 2294 3303 2349 Βαϐυλωνίων
3344 2296 3400 2347 δέ
3447 2295 3692 2366 ὕστερον,

2128 2387 2234 2438 τῶν
2257 2404 2315 2439 τε
2343 2387 2680 2457 πραγμάτων
2703 2389 2891 2458 καιρός
2918 2405 3000 2451 τις
3026 2390 3244 2456 γέγονεν
3274 2390 3331 2440 ἐν
3359 2387 3530 2457 μέσῳ,
3558 2386 3695 2440 ἀλλὰ

2136 2479 2234 2546 μία
2285 2494 2346 2544 γε
2395 2473 2520 2547 ἧνὴ
2558 2478 2819 2548 παντελὴς
2853 2479 3216 2548 αἱχμαλωσία,
3276 2479 3556 2549 ἀρξαμένη
3594 2477 3694 2547 μὲν

2127 2567 2233 2619 ἀπὸ
2258 2567 2364 2618 τῶν
2407 2569 2703 2638 Ἀσσυρίων
2737 2569 2864 2639 περὶ
2913 2569 3010 2630 τὰς
3056 2568 3186 2622 δέκα
3221 2570 3413 2637 φυλὰς,
3452 2586 3693 2640 περαιω-

2129 2657 2281 2710 θείσα
2311 2659 2366 2710 δὲ
2401 2659 2528 2730 περί
2558 2659 2656 2722 τὰς
2687 2660 3028 2725 ὑπολοίπους,
3068 2662 3124 2714 αἳ
3168 2662 3265 2731 τῆς
3326 2662 3494 2714 Ἰούδα
3542 2662 3695 2731 βασι-

2127 2749 2275 2814 λείας
2319 2751 2659 2820 ἐτύγχανον,·
2688 2753 2778 2804 ἐπὶ
2829 2755 2927 2822 τῆς
2957 2753 3308 2806 Βαϐυλωνίων
3358 2753 3690 2824 πολιορκίας.

2128 2841 2326 2894 Τούτου
2363 2842 2460 2912 μὲν
2489 2838 2580 2895 οὖν
2630 2843 2815 2895 ἕνεκεν
2847 2843 2974 2896 οἵτε
3002 2843 3176 2896 λοιποὶ
3205 2843 3376 2897 ταῦτα
3405 2844 3690 2913 μηνύουσι,

2128 2930 2221 2982 καί
2253 2932 2378 3000 περί
2408 2929 2578 2983 ταῦτα
2615 2929 2712 3002 τὴν
2742 2933 2918 2985 πᾶσαν
2950 2927 3095 3002 εἶχον
3127 2930 3220 2984 τοῦ
3265 2931 3420 2999 λόγου
3466 2931 3694 3001 σχολήν⁹

2130 3021 2204 3089 (p.
2242 3019 2362 3086 141)
2404 3018 2540 3088 πλὴν
2570 3020 2668 3072 ὅσα
2716 3019 2917 3090 βραχέα
2963 3020 3024 3072 οὐ
3070 3018 3202 3072 πολύ
3240 3036 3303 3086 γε
3341 3019 3544 3071 τούτων
3587 3019 3694 3070 ἀπ-

2128 3109 2446 3178 εσπασμένα
2481 3109 2868 3179 προσετίθεσαν
2900 3112 3014 3172 τοῖς
3043 3110 3353 3180 λεγομένοις
3373 3125 3386 3140 ’
3425 3109 3691 3180 πεποίηκε

2127 3200 2181 3253 δέ
2227 3218 2279 3252 τι
2306 3199 2515 3254 τοιοῦτο
2542 3201 2635 3254 καὶ
2667 3203 2695 3254 ὁ
2729 3201 2916 3272 παρὼν
2949 3202 3252 3272 προφήτης,
3294 3199 3392 3270 τὴν
3430 3200 3526 3270 μὲν
3561 3216 3697 3271 προ-

2129 3292 2354 3360 φητείαν
2383 3293 2596 3345 ἃπασαν
2629 3294 2686 3344 ἐν
2718 3295 2828 3355 τοῖς
2857 3292 2984 3362 περί
3014 3309 3072 3344 τε
3100 3291 3191 3344 τον
3233 3291 3445 3362 Ἰσραὴλ
3474 3291 3565 3343 καὶ
3601 3291 3694 3343 τὸν

2141 3383 2336 3435 Ἰούδαν
2381 3383 2660 3453 ἐσομένοις
2689 3384 2838 3452 παρά
2871 3401 2929 3436 τε
2971 3384 3265 3455 Ἀσσυρίων
3296 3385 3388 3436 καὶ
3436 3385 3694 3438 Βαϐυλω-

2128 3474 2254 3526 νίων
2292 3474 2657 3543 πεποιημένος
2684 3473 2962 3544 προδήλως
2984 3493 2996 3506 ο
3026 3476 3085 3527 ἐν
3113 3475 3335 3546 βραχέσι
3379 3477 3434 3529 δὲ
3464 3477 3605 3530 κατὰ
3632 3478 3693 3529 τὸ

2127 3566 2408 3636 προοίμιον
2441 3566 2794 3636 ἐπιμνησθεὶς
2833 3567 2928 3618 καί⁵
2969 3567 3076 3620 τῶν
3103 3568 3200 3620 ὅσα
3229 3570 3356 3639 περὶ
3385 3571 3508 3631 τοὺς
3538 3585 3693 3641 περι-

2126 3656 2303 3717 οίκους
2340 3655 2536 3724 πολλὴν
2564 3658 2676 3717 τοῖς
2727 3654 3082 3725 Ἰσραηλίταις
3109 3655 3207 3725 τὴν
3239 3657 3518 3726 ἐπήρειαν,
3552 3657 3692 3709 κατά

2126 3746 2218 3798 τὸν
2249 3747 2408 3799 αὑτὸν
2443 3747 2675 3817 ἤμελλεν
2719 3747 2996 3814 γίγνεσθαι
3031 3747 3217 3816 καιρόν
3241 3763 3256 3777 ο
3307 3747 3382 3809 ὡς
3427 3745 3492 3799 ἂν
3538 3746 3695 3816 δῆλον

2129 3837 2423 3906 ποιήσειεν,
2465 3838 2547 3889 ὅτι
2582 3838 2682 3889 οὐκ
2715 3836 2929 3907 ἀφειδίᾳ
2953 3837 3059 3889 τινὶ
3088 3838 3181 3890 καὶ
3224 3836 3450 3907 ἀμελείᾳ
3477 3838 3570 3890 καί
3601 3853 3698 3906 με-

2127 3928 2322 3998 ταϐολῇ
2374 3928 2596 3997 γνώμης
2643 3931 2764 3992 ταῖς
2811 3946 2869 3982 τε
2927 3928 3034 3982 τῶν
3088 3930 3385 4000 Ἀσσυρίων
3431 3929 3524 3982 καὶ
3570 3931 3696 3992 ταῖς

2126 4023 2233 4076 τῶν
2296 4020 2646 4073 Βαϐυλωνίων
2697 4020 2958 4073 ἐκδέδωκε
3025 4023 3326 4091 συμφοραῖς
3380 4021 3469 4074 τὸν
3543 4021 3692 4083 λαὸν,

2128 4113 2610 4185 ἐπανορθώσασθαι
2637 4113 2692 4166 δέ
2724 4113 2901 4166 αὐτῶν
2925 4113 3022 4176 τὰς
3053 4113 3302 4176 ἀσεὸείας
3339 4113 3654 4184 βουλόμενος
3674 4129 3690 4144 ο

2127 4210 2185 4270 ὃς
2210 4223 2272 4274 γε
2307 4206 2398 4258 καὶ
2425 4205 2532 4257 τῶν
2552 4205 2840 4276 περιοίκων
2873 4206 2998 4268 τοὺς
3049 4207 3432 4276 ἡμαρτηκότας
3477 4207 3557 4268 είς
3597 4206 3696 4258 de"

2128 4301 2251 4362 τοὺς
2288 4296 2429 4352 κατά
2475 4295 2566 4348 τὸν
2613 4295 2772 4348 αὑτὸν
2806 4297 3184 4366 ἐτιμωρήσατο
3227 4296 3450 4367 χρόνον⁹
3501 4295 3598 4348 οὐκ
3627 4296 3695 4349 ἄν

2130 4407 2257 4442 ποτε
2286 4389 2439 4450 δίκας
2479 4387 2618 4457 ὑπὲρ
2645 4386 2849 4439 τούτων
2880 4386 3308 4456 εἰσπραξάμενος
3350 4387 3611 4449 ἐκείνους,
3647 4389 3696 4440 εί

2061 4465 2101 4517 θ
2133 4481 2206 4550 μὴ
2243 4480 2491 4532 πλεῖστόν
2525 4495 2644 4530 τινα
2673 4477 2878 4529 τούτων
2925 4479 3160 4530 ἐποιεῖτο
3202 4477 3293 4529 τὸν
3341 4477 3528 4545 λόγον·
3577 4477 3697 4531 ἀλλ’

2127 4574 2184 4624 ἐν
2227 4573 2322 4641 μὲν
2348 4574 2414 4640 τῇ
2438 4570 2545 4622 τῶν
2575 4569 2908 4638 ἠδικηκότων
2930 4569 3168 4639 τιμωρία
3196 4569 3293 4639 τὴν
3319 4568 3446 4638 περί
3475 4567 3699 4630 τούτους

2129 4664 2335 4714 ἐδείκνυ
2360 4659 2682 4729 κηδεμονίαν
2703 4675 2715 4688 ’
2752 4659 2818 4711 τὰ
2847 4659 2902 4712 δὲ
2928 4661 3052 4729 περί
3081 4658 3300 4720 τούτους
3328 4659 3523 4722 αὐτοὺς
3552 4660 3698 4712 κακὰ

2127 4753 2282 4820 δῆλος
2311 4751 2534 4817 γέγονεν
2565 4749 2782 4816 ἐπάγων
2821 4749 2918 4801 οὐκ
2950 4749 3166 4818 ἀφειδίᾳ
3196 4765 3254 4800 τε
3302 4747 3396 4799 καὶ
3428 4749 3701 4818 ὑπεροψίᾳ

2129 4841 2220 4894 καὶ
2266 4841 2432 4909 μίσει,
2468 4838 2581 4890 ἀλλ’
2629 4839 2914 4909 ἐπιμελείᾳ
2967 4856 3023 4892 τε
3068 4840 3162 4892 καὶ
3196 4838 3556 4908 σωφρονισμῷ
3602 4839 3701 4890 καὶ

2127 4930 2406 5002 διορθώσει
2449 4931 2542 4981 καὶ
2593 4933 2658 5000 τῇ
2710 4931 2802 4982 ἐπὶ
2838 4931 2898 4982 τὸ
2955 4933 3200 4999 κρεῖττον
3247 4931 3609 4997 ἐπαναγωγῇο
3659 4930 3694 4998 ἡ

2132 5024 2226 5091 μὲν
2257 5018 2348 5075 οὖν
2377 5021 2630 5080 ὑπόθεσις
2663 5021 2800 5088 αὕτη
2837 5021 2931 5073 τοῦ
2960 5019 3183 5090 βιῦλίου.

2199 5117 2275 5184 (p.
2311 5115 2430 5185 142)
2457 5113 2615 5168 Οὕτω
2641 5116 2739 5186 μέν
2772 5115 2984 5168 ἅπαντα
3014 5114 3079 5167 τὰ
3117 5114 3241 5182 περί
3273 5111 3364 5164 τὸν
3387 5111 3512 5162 λαὸν
3546 5111 3700 5179 εἰρη-

2127 5205 2282 5268 κότος
2304 5205 2395 5258 τοῦ
2431 5208 2731 5277 προφήτου,
2761 5207 2818 5257 ἐν
2843 5205 3041 5272 ὀλίγοις
3075 5204 3129 5255 δέ
3159 5203 3453 5273 μηνύοντος
3484 5200 3518 5253 ἂ
3555 5199 3700 5252 κατά

2125 5297 2214 5351 τὸν
2249 5298 2437 5367 καιρὸν
2459 5299 2550 5350 καὶ
2581 5298 2820 5367 μάλιστα
2848 5296 2996 5366 παρὰ
3035 5295 3140 5346 τῶν
3170 5292 3522 5346 Βαϐυλωνίων
3570 5289 3700 5359 περὶ

2123 5392 2249 5454 τοὺς
2297 5391 2681 5458 ἀστυγείτονας
2725 5387 2926 5458 ἤμελλε
2979 5385 3279 5454 γίγνεσθαι,
3310 5383 3450 5454 ὑπὲρ
3495 5375 3569 5434 ὧν
3616 5381 3700 5443 είς

2126 5481 2321 5543 αὐτοὺς
2347 5479 2901 5549 πεπλημμελήκεσαν,
2931 5477 2992 5529 δι’
3014 5478 3078 5546 ἣν
3107 5475 3240 5545 ἔφην
3284 5474 3462 5527 αἰτίαν
3482 5489 3495 5501 ·
3529 5472 3692 5523 ποιεῖ-

2125 5590 2211 5624 ται
2241 5571 2295 5624 δὲ
2336 5573 2426 5623 καὶ
2457 5571 2554 5640 τὴν
2591 5568 2920 5639 προφητείαν
2943 5569 3041 5620 ούκ
3082 5569 3138 5619 ἐν
3178 5565 3552 5634 Ἰερουσαλὴμ,
3581 5561 3696 5613 ἀλλ’

2127 5666 2322 5724 ἐντοῖς
2357 5663 2463 5714 τῶν
2511 5661 2680 5713 ἐθνῶν
2718 5661 2900 5722 τόποις
2947 5658 3172 5728 πλησίον
3218 5657 3309 5708 τοῦ
3370 5653 3581 5724 Ἰσραὴλ
3637 5653 3699 5705 ἐν

2130 5751 2327 5822 limiti“).
2357 5769 2410 5802 τε
2442 5750 2517 5819 τῷ
2567 5747 2714 5819 ἱερῷ,
2753 5747 2877 5802 ἔνθα
2909 5747 2973 5817 δὴ
2998 5749 3107 5808 τοῖς
3139 5742 3373 5804 εἰδώλοις
3411 5738 3703 5792 ἐπετέλουν
