4102 6494
313 318 439 374 215

1395 326 1944 386 COMMENTARIUS
1964 327 2032 383 IN
2067 328 2278 386 AMOSI
2307 328 2460 387 CAP.
2493 331 2530 387 I.

3503 335 3608 394 246

313 437 377 489 οἱ
409 434 513 489 τοῦ
564 436 781 510 Ἰσραὴλ
829 439 931 504 τὰς
980 440 1205 508 θυσίας*
1245 446 1303 499 ἐν
1350 445 1585 520 μὲνγὰρ
1614 450 1680 518 τῇ
1738 449 1929 518 Ἰερου-

2036 446 2171 502 Nam
2208 448 2254 504 si
2292 448 2684 522 Hierosolymis
2726 450 3060 506 vaticinatus
3095 462 3259 518 esset,
3302 467 3388 508 res
3432 468 3609 525 neque

316 529 526 601 σαλὴμ
557 534 939 601 προφητεύων,
974 534 1074 589 οὐκ
1100 535 1167 589 ἂν
1214 536 1433 605 ἐγένετο
1463 538 1639 610 δῆλος,
1683 537 1809 592 οὔτε
1848 537 1925 611 τῷ

331 619 571 693 Ἰσραὴλ
624 622 753 676 οὔτε
800 627 909 688 τοῖς
963 626 1168 688 λοιποῖς
1213 628 1446 693 ἔθνεσιν,
1491 632 1579 700 ἐφ’
1607 626 1688 694 οἷς
1720 632 1923 702 ἡμελλε

315 710 519 780 λέγειν
563 714 694 786 περὶ⁵
748 715 962 771 αὐτῶν·
1004 719 1125 772 ἐπεὶ
1174 719 1308 791 μηδὲ
1351 722 1651 776 ἐπιϐαίνειν
1693 725 1792 793 τῆς
1830 723 1925 775 Ἱε-

319 806 626 878 ρουσαλὴμ
652 808 899 878 ἡνείχετό
926 827 1010 873 τις
1047 811 1271 867 ἐκείνων
1291 829 1303 841 ·
1335 814 1393 868 ἐν
1429 813 1485 867 δὲ
1517 816 1631 877 τοῖς
1678 815 1924 886 προρῤηο

317 896 475 952 θεῖσι
514 899 704 964 τόποις
740 901 840 971 τὴν
878 904 1218 975 προφητείαν
1237 904 1577 975 ποιούμενος,
1614 907 1925 975 ἀναγκαίως

319 988 427 1041 καὶ
452 988 537 1060 τῷ
588 990 803 1064 Ἰσραὴλ
823 995 1142 1068 καταφανὴς
1167 991 1235 1067 ἦν
1268 996 1363 1049 καὶ
1394 998 1509 1059 τοῖς
1540 995 1749 1049 ἔθνεσιν
1780 997 1834 1050 οἴ
1861 1013 1924 1064 γε

317 1079 571 1153 πλησίον
596 1078 736 1155 ἦσαν
757 1102 771 1115 ·
805 1086 900 1139 καὶ
934 1086 1192 1150 πολλάκις
1232 1088 1297 1141 ἐκ
1332 1087 1434 1158 τῆς
1470 1088 1600 1160 περὶ
1639 1087 1706 1141 τά
1732 1087 1925 1141 εἴδωλα

316 1168 642 1243 θεραπείας
685 1173 1051 1245 ἐπεμίγνυντο
1100 1176 1380 1248 ἀλλήλοις·
1431 1178 1508 1242 ὡς
1556 1177 1622 1231 ἂν
1664 1176 1923 1241 ἅπαντες,

319 1263 465 1334 περὶ
489 1258 565 1317 ὧν
590 1266 715 1330 τοὺς
747 1266 938 1337 λόγους
957 1269 1212 1335 ἐποιεῖτο,
1240 1269 1430 1323 εἰδεῖέν
1457 1287 1517 1322 τε
1552 1268 1624 1323 τὰ
1665 1269 1794 1340 περὶ
1829 1269 1926 1322 αὑ-

315 1355 442 1409 τῶν
490 1357 785 1430 λεγόμενα,
830 1362 924 1414 καὶ
962 1362 1070 1432 πρὸ
1114 1361 1223 1417 τῶν
1262 1363 1606 1434 πραγμάτων
1644 1341 1925 1431 δεξάμενοι

2031 540 2222 596 lsraeli
2250 541 2609 610 innotuisset,
2640 558 2818 615 neque
2860 544 3075 613 populis
3103 543 3353 613 reliquis,
3380 544 3447 599 de
3485 547 3610 615 qui-

2030 630 2134 685 bus
2157 640 2275 687 erat
2302 634 2463 688 verba
2484 633 2732 689 facturus
2756 652 2770 692 :
2794 650 3026 705 quorum
3051 650 3210 688 nemo
3234 633 3606 706 Hierosolyma

2032 725 2302 780 ventilare
2350 728 2609 805 solebat;
2652 724 2763 801 94
2799 729 3079 800 praedictis
3122 736 3315 783 contra
3365 728 3419 782 in
3474 729 3609 783 locis

2034 816 2383 883 vaticinans,
2435 822 2749 876 necessario
2803 831 2917 875 tmn
2965 820 3151 876 Israeli
3201 828 3313 873 tum
3363 820 3605 875 ﬁnitimis

2032 907 2269 964 ethnicis
2318 912 2714 976 innotescebat,
2772 914 2865 983 qui
2898 927 3041 982 saepe
3077 912 3149 966 ob
3182 912 3451 966 idolorum
3491 914 3606 966 cul-

2034 1005 2149 1051 tum
2200 999 2430 1057 invicem
2476 1003 2919 1074 frequentabant.
2975 1002 3069 1059 Sic
3123 1003 3330 1065 cuncti,
3376 1017 3605 1073 quorum

2034 1103 2204 1144 causa
2239 1106 2524 1150 sermones
2562 1092 2802 1158 serebat,
2825 1103 2881 1151 et
2911 1110 2974 1150 ea
3013 1110 3135 1166 quae
3165 1095 3233 1150 de
3262 1110 3322 1150 se
3357 1094 3610 1149 diceban-

2035 1190 2124 1236 tur
2157 1186 2504 1257 reseiebant;
2536 1191 2866 1262 cognitoque
2901 1198 3027 1246 ante
3057 1203 3146 1245 res
3177 1188 3446 1259 gerendas
3475 1189 3603 1242 vati-

2032 1275 2201 1340 cinio,
2255 1293 2491 1350 moxque
2520 1281 2642 1337 viso
2688 1283 2861 1343 exitu.
2903 1281 3198 1335 ﬁrmiorem
3242 1278 3399 1334 ﬁdem
3442 1278 3612 1349 inspi-

2032 1370 2179 1422 ranti
2215 1372 2510 1443 prophetas
2537 1374 2736 1430 divinae
2762 1376 2950 1444 gratia:
2981 1372 3278 1429 adhibituri
3309 1379 3488 1426 erant.

317 1447 435 1518 τὴν
478 1450 842 1519 προφητείαν,
867 1451 1099 1519 ἐγγύθεν
1136 1468 1197 1504 τε
1246 1450 1447 1515 ἰδόντες
1482 1450 1582 1522 τὴν
1632 1448 1875 1515 ἔκϐασιν,
1922 1448 2143 1520 μείζονα
2188 1458 2285 1531 τὴν
2330 1461 2513 1517 πίστιν
2543 1463 2716 1535 ἔχοιεν
2752 1467 2853 1535 τῆς
2884 1464 3212 1536 ἐνεργούσης
3243 1463 3301 1519 ἐν
3336 1466 3446 1526 τοῖς
3480 1479 3610 1534 πρίν

321 1544 537 1616 φὴταις
568 1546 793 1619 χάριτος
825 1545 998 1610 θείας.

404 1695 483 1747 Τὸ
507 1692 695 1763 μέντοι
716 1708 778 1760 γε
803 1691 956 1762 παρά
974 1709 1133 1744 τινων
1164 1690 1478 1763 λεγόμενον,
1498 1693 1580 1746 ὅτι
1629 1689 1720 1753 ’οζ
1727 1689 1809 1742 ίαν
1830 1686 1921 1740 τὸν

2096 1690 2210 1760 Age
2259 1707 2385 1749 vero
2429 1694 2575 1765 quod
2622 1696 2777 1750 aiunt
2829 1696 3102 1757 nonnulli,
3139 1694 3326 1751 Oziam
3358 1712 3539 1767 regem
3578 1713 3609 1751 ιι

325 1786 567 1857 βασιλέα
594 1785 698 1839 οὐκ
720 1782 955 1856 ἡλεγξαν
978 1787 1026 1839 οἰ
1063 1786 1338 1856 προφῆται
1371 1786 1481 1848 τοῖς
1505 1782 1605 1854 τῆς
1625 1780 1926 1855 ἱερωσύνης

326 1878 527 1951 ἔργοις
554 1875 964 1950 ἐπιχειροῦντα,
989 1877 1189 1930 καὶ-διὰ
1210 1875 1415 1946 ταύτην
1434 1876 1532 1946 τὴν
1562 1874 1742 1929 αἰτίαν
1764 1871 1925 1926 ἐπαύ-

324 1970 511 2040 θησαν
535 1970 775 2041 ἅπαντες
793 1967 890 2022 τοῦ
927 1966 1312 2040 προφητεύειν,
1338 1968 1413 2037 (p.
1445 1967 1568 2037 145)
1592 1966 1796 2038 σφόδρα
1836 1982 1927 2037 μοι

326 2063 586 2136 μυθῶδες
617 2059 760 2118 εἶναι
799 2063 1046 2131 φαίνεται
1077 2061 1279 2131 μᾶλλον
1300 2078 1313 2092 ·
1348 2062 1383 2132 ἦ
1405 2079 1466 2115 τε
1501 2060 1608 2132 γὰρ
1637 2060 1732 2114 τοῦ
1767 2060 1927 2131 Ὠσηὲ

325 2154 524 2225 βίϐλος
542 2153 717 2218 οὕτως
752 2153 900 2225 ἔχει·
945 2173 964 2205 ι
1001 2154 1174 2222 Λόγος
1213 2153 1418 2225 Κυρίου
1446 2152 1506 2217 ὃς
1537 2152 1768 2224 ἐγενήθη
1791 2151 1929 2225 πρὸς

339 2248 512 2319 Ὠσηὲ
551 2246 643 2301 τὸν
678 2247 773 2301 τοῦ
819 2247 988 2319 Βεηρὶ
1028 2248 1085 2301 ἐν
1121 2246 1356 2319 ἡμέραις
1406 2246 1602 2312 Ὀζίου,
1653 2267 1672 2300 ι
1721 2247 1816 2301 καὶ
1858 2245 1927 2300 τὰ

324 2338 501 2407 ἐξῆς’
548 2337 700 2410 παρά
757 2339 954 2408 Ἡσαΐᾳ
998 2355 1055 2392 τε
1104 2338 1184 2409 τῷ
1223 2340 1476 2411 προφήτῃ
1514 2337 1687 2402 οὕτως
1727 2328 1923 2409 φησίν·

334 2450 357 2482 ι
405 2432 644 2501 Ὅρασις
674 2431 739 2501 ἡν
759 2426 897 2483 εἶδεν
929 2430 1155 2494 Ἡσαΐας
1184 2430 1296 2494 υἱὸς
1329 2428 1532 2501 Ἀμὼς,
1565 2430 1631 2500 ἡν
1653 2426 1759 2483 εἶδε
1786 2429 1928 2483 κατὰ

325 2521 438 2591 τῆς
497 2520 760 2582 Ἰουδαίας
813 2521 909 2574 καλ⁹
956 2518 1097 2574 κατὰ
1159 2519 1513 2590 Ἰερουσαλὴμ
1559 2520 1618 2573 ἐν
1680 2518 1930 2591 βασιλεία

272 2678 283 2681 -
341 2612 554 2679 Ὀζίους
587 2635 605 2667 ι
642 2611 734 2669 καὶ
767 2613 834 2669 τὰ
853 2614 982 2684 ἑξῆς
1002 2631 1014 2644 ·
1044 2615 1137 2668 καὶ
1172 2612 1321 2685 παρὰ
1345 2612 1420 2683 τῷ
1447 2611 1674 2682 παρόντι
1709 2610 1766 2665 δὲ
1791 2628 1927 2681 προ-

328 2709 487 2779 φὴτῃ
513 2706 659 2761 οὕτω
682 2707 846 2779 φησίν
865 2724 880 2739 ο
910 2725 928 2759 ι
959 2706 1125 2775 Λόγοι
1162 2704 1344 2775 ’Ᾱμὼς
1379 2706 1428 2758 οἳ
1452 2704 1700 2773 ἐγένοντο
1724 2705 1781 2757 ἐν
1816 2704 1932 2756 Κα-

328 2799 612 2872 ριαθαρὶμ
648 2800 713 2853 ἐκ
756 2798 981 2862 Θεκούε,
1025 2797 1119 2862 οὓς
1154 2793 1294 2851 εἶδεν
1331 2796 1424 2850 ἐπὶ
1471 2793 1829 2868 Ἰερουσαλὴμ
1872 2797 1931 2848 ἐν

326 2889 578 2961 ἡμέραις
625 2888 803 2954 Ὀζίου
842 2887 1109 2960 βασιλέως
1151 2886 1339 2942 Ἰούδα.
1380 2906 1399 2940 ι
1442 2885 1568 2951 Πῶς
1603 2881 1696 2940 οὖν
1726 2879 1838 2938 οἷόν
1873 2903 1932 2939 τε

326 2978 403 3053 ἦν
445 2982 507 3035 ἐν
540 2983 663 3045 ταῖς
712 2983 952 3053 ἡμέραις
990 2979 1170 3045 Ὀζίου
1212 2978 1527 3033 πεπαῦσθαι
1566 2979 1666 3050 τῆς
1717 2996 1931 3052 προφη-

328 3073 491 3136 τείας
542 3071 667 3125 κατ’
715 3072 943 3126 ἐκείνων
997 3070 1152 3140 λόγον
1172 3111 1189 3137 ,
1245 3070 1405 3124 ὁπότε
1461 3071 1556 3124 καὶ
1622 3071 1781 3142 Ὠσηὲ
1836 3070 1931 3125 καὶ

341 3164 585 3228 Ἡσαΐας
611 3164 705 3219 καὶ
749 3162 931 3235 Ἀμὼς
966 3167 1023 3218 ἐν
1057 3166 1176 3227 ταῖς
1205 3165 1540 3235 ἐπιγραφαῖς
1577 3164 1686 3217 τῶν
1715 3163 1932 3218 οἰκείων

334 3256 544 3328 βίϐλων
561 3255 848 3329 δηλοῦνται
898 3259 957 3311 ἐν
989 3256 1221 3328 ἡμέραις
1256 3254 1433 3319 Ὀζίου
1456 3255 1813 3326 πεποιημένοι
1833 3255 1932 3327 τὴν

332 3348 712 3419 προφητείαν;
744 3348 891 3419 Πρὸς
927 3346 1007 3418 τῷ
1050 3349 1271 3401 κάκεῖνο
1305 3347 1463 3418 δῆλον
1496 3344 1657 3412 εἶναι,
1686 3348 1769 3401 ὅτι
1808 3347 1931 3401 οὔτε

334 3438 485 3492 κατὰ
515 3437 616 3508 τὴν
652 3439 1033 3509 πνευματικὴν
1079 3439 1421 3509 ἀποκάλυψιν
1460 3440 1675 3507 ἐλέγξαι
1723 3440 1933 3493 κελευό-

338 3548 499 3602 μενοι
522 3531 615 3584 τὸν
666 3532 760 3597 ’οζ
766 3531 871 3597 ίαν,
912 3531 1268 3586 ἀνεϐάλλοντο
1292 3534 1358 3586 ἄν
1395 3550 1525 3586 ποτε
1550 3534 1601 3585 οί
1628 3532 1929 3604 προφῆται,

334 3623 462 3684 ταῖς
497 3617 677 3685 Θείαις
725 3619 1103 3690 ἀποκαλύψεσι
1146 3622 1459 3694 πειθόμενοι
1482 3622 1703 3694 μᾶλλον,
1744 3624 1777 3694 ἢ
1842 3623 1933 3676 τὸν

334 3710 775 3782 πλημμελοῦντα
794 3710 1103 3781 αἰδούμενοι
1125 3710 1350 3782 βασιλέα
1376 3731 1388 3742 ·
1422 3712 1497 3784 μὴ
1522 3715 1843 3783 τετυχηκόσι
1873 3730 1932 3767 τε

334 3803 481 3876 πρὸς
537 3802 697 3856 τοῦτο
747 3803 1167 3875 ἀποκαλύψεως
1204 3804 1380 3868 οὐδεὶς
1433 3803 1499 3860 ἂν
1549 3804 1825 3876 μέμψαιτο
1862 3807 1933 3859 δι-

335 3896 537 3961 καίως,
576 3880 1151 3969 οὐκῖῑπικεχειρηκόσι
1189 3898 1476 3968 πράγματι
1512 3898 1586 3969 μὴ
1628 3897 1688 3963 ἐξ
1723 3899 1932 3952 ἀποκα-

336 3986 558 4057 λύψεως
596 3987 750 4052 θείας
806 3989 992 4053 αὐτοῖς
1033 3988 1334 4061 δειχθέντι,
1390 3990 1445 4043 οἵ
1493 4007 1554 4058 γε
1592 3990 1679 4043 διὰ
1716 3991 1933 4044 πάντων

337 4080 632 4134 εἰώθεισαν
669 4084 792 4147 ταῖς
842 4084 1241 4153 πνευματικαῖς
1280 4081 1687 4153 ἀποκαλύψεσιν
1726 4083 1931 4152 ἑπόμε-

339 4190 445 4238 νοι,
489 4173 611 4226 κατ’
647 4173 867 4235 ἐκείνας
904 4172 1004 4242 μὲν
1042 4171 1135 4225 καὶ
1168 4171 1350 4240 λέγειν
1384 4189 1438 4224 τι
1469 4172 1563 4225 καὶ
1610 4171 1684 4244 μὴ
1722 4172 1928 4241 λέγειν·

340 4264 476 4337 παρ’
506 4264 724 4328 ἐκείνας
755 4264 813 4317 δὲ
844 4264 981 4336 μήτε
1014 4263 1192 4331 λέγειν
1215 4265 1351 4334 μήτε
1390 4265 1548 4335 σιγᾷν
1571 4263 1671 4318 οὐκ
1704 4263 1769 4319 ἄν
1802 4263 1932 4317 ποτέ

2029 1781 2310 1851 prophetis
2362 1785 2753 1854 reprehensum
2798 1800 2904 1840 non
2961 1786 3130 1841 fuisse
3161 1802 3286 1842 cum
3318 1786 3609 1844 sacerdoti

2029 1889 2254 1930 munera
2285 1877 2441 1933 obire
2463 1893 2631 1935 ausus
2662 1886 2777 1947 est;
2799 1886 2962 1950 atque
2983 1879 3052 1934 ob
3079 1895 3200 1935 eam
3228 1895 3451 1937 causam
3480 1896 3609 1949 pro-

2030 1963 2304 2034 pheticum
2337 1968 2588 2038 spiritum
2629 1971 2846 2025 cunctis
2880 1986 3001 2026 esse
3032 1971 3412 2039 subtractum;
3448 1971 3609 2026 valde

2028 2054 2080 2109 id
2114 2055 2242 2110 mihi
2279 2056 2589 2113 fabulosum
2616 2059 2854 2116 videtur.
2897 2060 3032 2115 Nam
3067 2071 3120 2117 et
3163 2060 3317 2118 Osca:
3352 2065 3491 2119 liber
3528 2065 3609 2120 sic

2030 2148 2193 2204 habet
2248 2170 2318 2206 τι
2367 2150 2606 2207 Verbum
2661 2152 2878 2209 Domini
2934 2155 3081 2225 quod
3136 2155 3344 2212 factum
3401 2167 3488 2212 est
3540 2156 3611 2212 ad

2030 2238 2227 2296 Oseam
2270 2243 2423 2299 Beeri
2466 2245 2634 2299 tilium
2684 2246 2740 2300 in
2779 2246 2975 2303 diebus
3007 2246 3187 2317 Ozize,
3233 2269 3251 2303 ι
3289 2259 3344 2304 et
3374 2250 3611 2320 reliqua—

2030 2330 2167 2387 Tum
2199 2336 2344 2405 apud
2379 2336 2575 2391 Isaiam
2615 2340 2934 2409 prophetam
2985 2345 3067 2397 sic
3105 2340 3307 2397 dicitur
3344 2358 3358 2395 :
3400 2360 3418 2393 ι
3458 2340 3610 2397 Visio

2030 2424 2211 2479 oblata
2278 2425 2435 2482 Isaia:
2480 2429 2667 2486 Amosi
2714 2429 2870 2500 ﬁlio,
2928 2448 3095 2503 quam
3156 2444 3350 2489 contra
3406 2432 3607 2488 Iudam

2030 2517 2331 2589 urbemque
2367 2519 2866 2593 Hierosolymorum
2894 2525 3052 2590 vidit,
3090 2525 3198 2581 sub
3222 2525 3355 2580 Ozia
3389 2541 3538 2596 rege,
3588 2547 3605 2577 ι

2029 2619 2082 2664 et
2131 2610 2362 2681 reliqua.
2426 2612 2493 2667 Et
2551 2616 2809 2684 praesenti
2856 2617 2909 2670 in
2974 2616 3115 2672 libro
3161 2618 3400 2688 denique
3455 2621 3536 2675 sic
3592 2636 3606 2670 :

2036 2720 2056 2753 ι
2093 2700 2387 2759 Sermones
2429 2704 2642 2769 Amosi,
2686 2707 2780 2777 qui
2821 2706 2950 2761 facti
2987 2717 3117 2763 sunt
3148 2710 3202 2764 in
3243 2711 3611 2766 Cariatharim

2029 2790 2097 2846 de
2128 2791 2370 2857 Thecue,
2404 2811 2545 2865 qtlns
2573 2797 2703 2851 vidit
2734 2812 2898 2865 super
2921 2796 3313 2870 Hierosolymis
3335 2801 3389 2855 in
3417 2801 3613 2857 diebus

2033 2881 2178 2939 Ozia:
2224 2883 2379 2940 Iuda:
2429 2887 2596 2957 regis.
2635 2908 2654 2939 ι
2692 2888 2797 2955 Qui
2847 2890 3013 2960 igitur
3059 2891 3105 2943 li:
3128 2891 3171 2944 ri
3223 2900 3424 2961 potest,
3453 2901 3514 2946 ut
3556 2893 3611 2947 in

2035 2977 2183 3035 Ozias
2215 2979 2408 3035 diebus
2443 2979 2723 3036 divinandi
2761 2982 2844 3038 vis
2873 2982 3156 3053 prophetis
3198 2989 3386 3052 erepta
3427 2981 3609 3047 fuerit,

2035 3073 2495 3139 quemadmodum
2556 3074 2785 3130 istorum
2839 3076 3200 3145 interpretum
3245 3075 3432 3145 Opinio
3470 3076 3612 3142 fert;

2035 3160 2304 3227 siquidem
2346 3171 2401 3217 et
2432 3160 2604 3219 Oseas
2635 3171 2690 3219 et
2735 3164 2907 3220 Isaias
2939 3173 2992 3220 et
3024 3166 3258 3220 Amosus
3292 3165 3345 3218 in
3380 3179 3611 3220 suorum

2034 3253 2301 3308 librorum
2355 3256 2553 3320 titulis,
2578 3271 2638 3311 se
2676 3257 2731 3311 in
2777 3256 2973 3312 diebus
3011 3255 3156 3312 Ozize
3201 3256 3616 3328 prophetavisse

2034 3344 2352 3401 declarant?
2409 3346 2548 3402 Tum
2608 3363 2740 3402 vero
2787 3350 3126 3418 exploratum
3172 3357 3279 3413 est,
3335 3349 3382 3404 si
3428 3348 3615 3404 divina

2036 3435 2179 3493 forte
2229 3438 2565 3495 revelatioue
2618 3440 2897 3509 prophetae
2935 3441 3080 3510 jussi
3133 3438 3366 3497 fuissent
3425 3439 3614 3497 Oxiam

2034 3529 2327 3600 castigare,
2360 3546 2704 3600 nequaquam
2747 3531 2799 3586 id
2827 3531 2999 3588 fuisse
3030 3544 3405 3598 recusaturos,
3429 3532 3615 3588 divino

2034 3620 2219 3690 potius
2275 3620 2470 3674 lumini
2521 3621 2988 3691 obtemperantes,
3046 3637 3212 3691 quam
3267 3633 3610 3691 peccatorem

2036 3725 2217 3781 regem
2253 3719 2568 3768 reverentes
2604 3730 2618 3765 :
2654 3712 2737 3765 sin
2774 3720 2957 3766 autem
2998 3711 3066 3766 de
3106 3710 3453 3784 objurganda
3488 3728 3618 3783 rege

2034 3802 2180 3859 haud
2212 3802 2481 3858 divinitus
2509 3802 2731 3858 fuerunt
2763 3804 3069 3867 admoniti,
3101 3820 3262 3860 nemo
3294 3820 3390 3861 eos
3416 3805 3617 3860 merito

2034 3898 2349 3968 vituperet,
2383 3897 2477 3968 qui
2503 3913 2616 3952 rem
2650 3913 2758 3951 non
2792 3898 3096 3969 attigerint,
3129 3913 3295 3969 quam
3323 3899 3405 3954 eis
3427 3899 3615 3954 divina

2036 3990 2300 4046 revelatio
2333 4006 2440 4044 non
2479 3989 2967 4045 demonstraverit.
2993 3988 3093 4046 Est
3132 3989 3277 4045 enim
3319 3992 3616 4061 propheta-

2034 4096 2156 4134 rum
2233 4088 2533 4150 perpetuus
2597 4094 2715 4135 mos
2780 4080 3120 4150 spiritalibus
3186 4082 3618 4136 revelationihus

2034 4173 2397 4242 obsequendi,
2438 4172 2554 4228 sive
2607 4187 2677 4227 ex
2735 4186 2924 4229 earum
2980 4172 3242 4227 instinctu
3284 4173 3615 4242 loquendum

2034 4263 2152 4327 sit,
2220 4262 2337 4319 sive
2405 4262 2695 4318 tacendum
2763 4280 2777 4316 :
2830 4263 2905 4316 ita
2962 4271 3024 4318 ut
3081 4272 3278 4331 praeter
3341 4263 3464 4319 illas
3520 4278 3617 4319 ne-

343 4361 424 4430 (p.
460 4356 585 4429 HI)
634 4374 712 4422 τι,
742 4353 867 4409 οὔτε
889 4357 1029 4428 μήτε
1052 4357 1223 4409 εἰπεῖν
1251 4356 1495 4427 ἑλόμενοι
1528 4357 1659 4427 παρ’
1681 4355 1896 4420 ἐκείνας
1915 4373 1929 4387 ο

2039 4368 2144 4424 que
2189 4352 2376 4407 dicant
2423 4352 2755 4423 quidquam,
2791 4369 2969 4423 neque
2999 4355 3300 4419 reticeant,
3347 4363 3510 4423 atque
3550 4355 3621 4410 ab

338 4451 501 4507 τοῦτο
523 4449 623 4522 μὲν
642 4445 738 4505 οὖν
765 4448 916 4520 παρὰ
952 4448 1166 4514 πολλοῖς
1195 4448 1307 4522 (25)
1339 4450 1439 4504 οὐκ
1467 4444 1565 4504 οἷδ’
1591 4451 1739 4514 ὅπως
1777 4450 1939 4520 φερό-

290 4549 313 4557 ’
344 4560 529 4614 μενον,
550 4541 646 4596 καὶ
688 4539 894 4610 σφόδρα
918 4557 1009 4611 μοι
1042 4538 1198 4605 δόξαν
1238 4538 1498 4603 ἐναντίως
1518 4538 1661 4612 ἔχειν
1688 4542 1809 4606 ταῖς
1828 4539 1936 4594 τῶν

344 4634 549 4705 βίϐλων
588 4635 851 4706 γραφαῖς,
892 4634 1068 4703 σιωπῇ
1092 4632 1473 4703 παραδραμεῖν
1490 4633 1551 4685 οὐ
1584 4630 1765 4697 καλῶς
1792 4632 1936 4704 ἔχειν

340 4726 679 4799 ἡγησάμην*
722 4723 818 4779 τοῦ
861 4724 919 4778 δὲ
962 4723 1166 4795 βιϐλίου
1218 4723 1318 4794 τῆς
1361 4724 1699 4797 προφητείας
1734 4726 1936 4790 παντὸς

342 4820 472 4891 περί
517 4836 578 4872 τε
620 4818 711 4872 τὸν
758 4815 979 4889 Ἰσραὴλ
1022 4816 1118 4870 καὶ
1151 4816 1244 4869 τὸν
1289 4816 1489 4871 Ἰούδαν
1536 4816 1932 4889 ἠσχολημὼου,

339 4910 439 4964 καὶ
489 4909 559 4964 τὰ
607 4907 818 4971 τούτοις
862 4925 923 4960 τε
980 4906 1256 4972 κάκείνοις
1307 4907 1611 4978 συμϐάντα,
1668 4908 1931 4981 πρότερον

342 5004 444 5075 μὲν
476 5003 583 5056 ὑπὸ
620 5001 726 5056 τῶν
778 5001 1103 5073 Ἀσσυρίων,
1137 4999 1241 5054 ὑπὸ
1286 5000 1645 5056 Βαϐυλωνίων
1684 5000 1931 5075 ὕστερον,

338 5100 400 5151 ἐν
426 5096 633 5163 ὀλίγοις
661 5094 720 5148 δὲ
755 5093 898 5147 κατὰ
928 5093 991 5147 τὸ
1024 5093 1308 5165 προοίμιον
1334 5095 1554 5166 μνήμην
1584 5094 1797 5165 ἔχοντος
1824 5096 1935 5150 τῶν

337 5190 421 5253 είς
455 5188 583 5251 τοὺς
619 5186 933 5257 περιοίκους
971 5185 1408 5258 συμϐησομένων
1440 5187 1647 5253 κακῶν,
1686 5188 1794 5242 τῶν
1836 5189 1935 5260 μέν

340 5280 473 5351 περὶ
502 5280 595 5333 τὸν
629 5278 758 5332 λαδν
786 5279 969 5333 αἰτίαν
1007 5273 1147 5333 εἷναί
1186 5296 1389 5350 φαμεν,
1422 5280 1487 5352 ἣν
1532 5280 1626 5334 καὶ
1666 5283 1931 5353 πρότερον

337 5372 671 5443 είρὴκαμεν,
704 5370 844 5445 ὑπὲρ
868 5365 938 5443 ἧς
974 5370 1031 5423 δὲ
1071 5372 1252 5425 πᾶσαν
1284 5371 1498 5443 ἔνειμεν
1538 5372 1686 5444 αὐτῷ
1724 5373 1821 5444 τὴν
1857 5376 1933 5428 oi-

336 5463 501 5519 κείαν
524 5461 852 5535 κηδεμονίαν
871 5464 899 5516 ὁ
921 5460 1074 5528 Θεὸς,
1094 5461 1184 5516 διὰ
1207 5462 1298 5517 τὸν
1337 5462 1397 5529 ἐξ
1427 5463 1608 5517 αὐτῶν
1631 5465 1939 5520 ἀναδείκνυ-

415 5638 535 5708 ίὲὅ)
574 5637 959 5716 Hanc,_quam
977 5641 1348 5716 Διῖειπιιςιηειιάἰι
1376 5641 1698 5716 Theodorus
1725 5646 1932 5716 opinio-

340 5726 470 5785 nem
488 5750 504 5775 ,
530 5726 644 5780 pra:
667 5724 728 5765 se
757 5710 945 5785 ferunt
967 5710 1403 5785 Qhrysqstomus
1425 5715 1491 5769 ad
1522 5714 1674 5772 Isaia:
1699 5710 1821 5785 cap.
1854 5733 1930 5783 vi;

343 5780 718 5851 Hieronymus
758 5782 923 5851 epist.
986 5783 1053 5836 18
1078 5780 1095 5844 ,ἡ
1156 5783 1177 5835 i
1208 5822 1222 5848 ,
1291 5790 1344 5839 et
1373 5781 1676 5855 Procopius
1711 5780 1841 5842 itém
1876 5780 1930 5842 in

2038 4445 2106 4500 iis
2136 4461 2205 4500 ne
2232 4446 2398 4497 latum
2425 4444 2644 4513 quidem
2671 4444 2781 4515 95
2807 4461 3044 4515 unguem
3072 4446 3358 4501 discedere
3380 4447 3616 4502 soleant.

2034 4536 2189 4591 Hanc
2213 4537 2379 4607 igitur
2411 4536 2728 4605 opinionem
2758 4576 2772 4601 ,
2814 4552 2938 4607 qua:
2969 4538 3161 4593 nescio
3191 4553 3292 4591 cur
3319 4538 3617 4593 multorum

2035 4636 2247 4686 mentes
2311 4628 2601 4698 pervasit,
2654 4643 2890 4699 quaeque
2939 4629 3074 4683 mihi
3161 4629 3338 4685 sacris
3396 4628 3619 4686 Litteris

2034 4737 2369 4795 magnopere
2421 4722 2700 4777 adversari
2755 4721 3009 4788 videtur,
3063 4723 3289 4778 silentio
3340 4725 3623 4795 praeterire

2035 4815 2182 4872 haud
2211 4830 2428 4886 aequum
2471 4814 2807 4871 existimavi.
2856 4813 2978 4870 Jam
3008 4816 3250 4872 universi
3285 4816 3452 4891 hujus
3490 4818 3624 4872 vati-

2037 4908 2170 4964 cinii
2200 4908 2340 4963 liber
2374 4908 2525 4962 circa
2555 4905 2810 4963 Israelem
2836 4916 2893 4964 et
2914 4906 3110 4964 Judam
3144 4910 3403 4975 vertitur,
3429 4925 3622 4981 nempe

2038 5004 2188 5059 circa
2216 5003 2504 5072 utriusque
2520 5002 2906 5067 adversitates,
2929 5017 3051 5073 quae
3083 5003 3265 5073 primo
3277 5002 3347 5056 ab
3362 5004 3624 5074 Assyriis,

2039 5093 2241 5149 deinde
2294 5107 2324 5146 a
2367 5090 2686 5162 Babyloniis
2735 5093 3104 5162 contigerunt.
3166 5091 3410 5146 Breviter
3454 5096 3620 5145 etiam

2042 5184 2379 5237 mentionem
2419 5180 2581 5235 initio
2629 5180 3021 5251 complectitur
3051 5181 3319 5234 malorum
3347 5193 3470 5247 quae
3502 5176 3622 5230 lini-

2040 5275 2206 5330 timos
2258 5279 2581 5344 correptura
2631 5281 2809 5328 erant.
2870 5271 2937 5326 Et
2990 5272 3208 5343 quidem
3241 5284 3343 5322 cur
3395 5266 3623 5322 Πρυταιο

2041 5368 2244 5440 pepqu
2277 5367 2393 5422 hac
2427 5366 2747 5430 evenerint,
2789 5380 3013 5421 causam
3046 5363 3287 5418 diximus
3324 5360 3377 5413 in
3422 5375 3623 5428 praece-

2042 5462 2324 5525 dentibus,
2358 5457 2471 5515 Deo
2498 5472 2688 5512 curam
2713 5471 2871 5512 suam
2899 5453 2975 5510 illi
3006 5452 3372 5522 impendente,
3400 5458 3622 5520 pr-ipter

2039 5642 2437 5702 commentario
2480 5640 2545 5695 ad
2578 5640 2895 5709 prmdictum
2929 5636 3083 5694 Isaiae
3118 5639 3321 5693 locum.
3353 5637 3496 5691 Sane
3527 5634 3619 5689 ob.

2037 5718 2317 5787 jurgatum
2351 5711 2794 5787 a_'saeerdotibus
2837 5710 3026 5764 Oziam
3060 5709 3193 5764 dicit
3222 5722 3379 5764 sacer
3405 5713 3616 5771 textus,

2043 5783 2159 5842 non
2183 5802 2210 5839 a
2245 5783 2541 5855 prephetis.
2834 5812 2841 5823 -
