4102 6514
440 332 541 388 2ιῖ

1604 332 1956 389 THEODOBI
2003 330 2483 389 MOPSUESTENI

3560 276 3686 388 γεω

441 458 588 506 eum.
618 442 714 512 qui
752 440 883 498 inde
923 450 1221 498 exorturus
1262 453 1380 500 erat
1426 450 1730 505 secundum
1771 466 2006 518 carnem,

2124 450 2245 504 σθαι
2304 450 2565 521 μέλλοντα
2602 449 2662 501 τδ
2717 447 2859 501 κατά
2907 449 3085 519 σάρκα
3113 449 3389 519 Δεσπότην
3425 449 3683 520 Χριστὸν,

439 536 721 591 Christum
762 533 1082 601 Dominum,
1136 539 1443 595 communis
1475 542 1670 597 salutis
1708 552 2010 612 parentem.

442 628 842 698 Praeponuntur
885 639 1066 682 autem
1114 629 1342 700 reliquis
1391 647 1478 687 res
1517 634 1763 688 ﬁnitimis
1798 636 2013 705 populis

440 727 736 783 eventura,
788 727 845 772 ut
884 719 1062 788 palam
1092 718 1186 773 liat
1223 721 1360 775 nihil
1404 721 1571 778 Deum
1615 734 1811 779 contra
1851 741 2011 780 suum

442 810 699 878 populum
728 809 921 865 fecisse
942 809 1150 865 saevitia
1171 821 1503 868 commotum
1524 832 1541 881 ;
1569 814 2010 885 quandoquidem

439 901 506 955 de
536 901 627 962 iis,
662 902 757 969 qui
784 901 931 955 hunc
963 902 1286 967 alnixerant,
1317 921 1506 975 pennas
1538 911 1875 978 repoposcit.
1904 906 2008 963 Sed

433 992 546 1061 jam
578 991 792 1045 initium
832 992 1138 1048 faciendum
1165 995 1286 1048 libri
1317 1006 1421 1061 est,
1462 998 1557 1067 qui
1596 1000 1670 1051 ita
1705 1013 1767 1054 se
1804 999 2005 1054 habet:

1067 1082 1298 1138 CAPUT
1336 1084 1379 1139 1.

507 1170 671 1224 Vens.
715 1172 764 1235 ι,
799 1170 854 1224 2.
875 1200 949 1210 —
978 1190 997 1222 ι
1026 1170 1316 1231 Sermones
1346 1176 1563 1241 Amosi,
1598 1179 1690 1249 qui
1725 1179 1853 1234 facti
1885 1191 2012 1235 sunt

439 1262 491 1315 in
521 1262 881 1317 Cariatharim
910 1264 976 1318 de
1003 1263 1221 1321 Thecue
1240 1306 1256 1330 ,
1291 1284 1431 1337 quos
1463 1269 1598 1323 vidit
1630 1287 1793 1341 super
1822 1271 2011 1327 Hiero-

438 1352 699 1423 solymis,
735 1354 789 1407 in
823 1353 1017 1411 diebus
1052 1356 1199 1412 Ozias
1230 1357 1383 1413 Iudae
1410 1360 1554 1431 regis
1576 1401 1590 1423 ,
1627 1370 1682 1416 et
1725 1364 1781 1416 in
1818 1364 2010 1419 diebus

435 1441 740 1498 Jerohoarni
777 1444 940 1500 Joaso
977 1448 1183 1516 geniti,
1226 1450 1368 1519 regis
1401 1448 1654 1515 lsraelis,
1695 1458 1821 1506 ante
1853 1459 2011 1507 terra:

439 1541 641 1587 motum
702 1535 942 1591 biennio.
978 1536 1193 1592 iVerba
1251 1538 1402 1603 haec,
1459 1541 1619 1596 sicuti
1684 1542 1739 1595 in
1798 1543 2009 1597 czrteris

437 1625 712 1693 prophetis
749 1626 1004 1691 diximus,
1030 1629 1170 1683 tituli
1208 1629 1491 1699 cujusdam
1530 1633 1650 1686 vice
1688 1631 2005 1701 funguntur,

436 1716 526 1782 qui
558 1715 678 1770 libri
714 1732 938 1788 scopum
966 1721 1029 1774 'et
1060 1721 1446 1776 continentiam
1483 1730 1537 1777 et
1568 1732 1844 1778 auctorem
1872 1733 2004 1777 aeta-

438 1815 653 1875 temque
689 1808 949 1863 declarat.
986 1809 1174 1880 Neque
1206 1821 1289 1867 est
1322 1812 1630 1866 mirandum
1661 1814 1806 1883 quod
1847 1812 2005 1868 dixe-

438 1895 540 1959 rit,
577 1893 855 1949 Sermones
900 1913 1038 1969 quos
1075 1901 1209 1955 vidit
1246 1917 1411 1972 super
1449 1900 1863 1974 Hierosolymis,
1903 1904 2003 1958 etsi

434 1999 597 2039 casus
645 2002 859 2057 quoque
905 1997 1228 2046 narraturus
1280 1990 1643 2057 eratlsraeli,
1688 1993 1741 2045 id
1778 2002 1862 2049 est
1896 1993 2008 2064 96

433 2077 619 2131 decem
658 2078 946 2145 tribubus,
989 2096 1200 2136 necnon
1238 2082 1483 2137 ﬁnitimis
1527 2084 1742 2153 p0pulis
1776 2092 2002 2140 eventu-

434 2181 525 2222 ros
557 2187 573 2222 :
623 2171 703 2224 sic
741 2171 885 2226 enim
925 2172 1064 2242 egit,
1107 2174 1233 2243 quia
1274 2175 1591 2245 potissimas
1631 2177 1874 2231 omnium
1917 2192 2006 2233 res

433 2260 585 2315 urbis
642 2260 1139 2334 Hierosolymorum
1194 2265 1581 2331 existimabat,
1641 2283 1838 2337 nempe
1885 2268 2006 2337 ejus

434 2353 649 2428 populi,
686 2354 778 2423 qui
812 2370 876 2409 ex
910 2353 1063 2410 ludat
1111 2357 1254 2412 tribu
1301 2359 1621 2421 constabat,
1690 2358 1852 2414 sicuti
1892 2358 2004 2429 jam

433 2443 488 2496 in
532 2446 907 2514 superioribus
945 2447 1221 2503 diximus:
1263 2464 1388 2503 cum
1430 2449 1645 2505 interim
1686 2458 2004 2505 caeterorum

433 2536 577 2587 ratio
620 2536 674 2589 in
723 2536 963 2607 praedicti
1006 2540 1234 2608 gratiam
1284 2540 1593 2595 haberetur.
1650 2539 1741 2594 Sic
1791 2557 1920 2613 ergo
1974 2557 2006 2596 a

433 2625 726 2695 principali
758 2641 840 2689 re,
882 2628 1120 2682 vaticinii
1163 2628 1249 2683 sui
1285 2643 1505 2684 causam
1544 2631 1817 2697 ostendit,
1860 2634 2004 2703 quod

432 2718 507 2770 ita
535 2715 865 2770 exorditur:
895 2737 914 2769 ι
948 2718 1208 2777 Dominus
1248 2721 1314 2777 de
1353 2721 1485 2777 Sion
1526 2724 1741 2780 locutus
1779 2733 1899 2790 est,
1940 2741 2007 2780 ex

432 2809 819 2880 Hierosolymis
849 2825 1034 2867 vocem
1067 2828 1221 2869 suam
1252 2814 1456 2870 emisit.
1491 2814 1772 2871 Luxerunt
1809 2833 2006 2885 pascua

430 2909 750 2969 pastorum;
782 2903 997 2958 exaruit
1023 2901 1257 2960 Carmeli
1289 2921 1576 2961 cacumen.
1609 2927 1627 2958 ι
1658 2907 1790 2964 Mire
1815 2908 2006 2963 admo-

431 2990 558 3042 dum
591 2990 678 3045 his
706 2991 884 3045 verbis
912 2992 1057 3061 loqui
1099 2994 1308 3064 cmpit;
1350 3010 1471 3049 nam
1508 2998 1633 3066 quia
1671 3013 1778 3051 non
1821 2998 2008 3054 Hiero-

2116 541 2208 592 ἐπὶ
2239 543 2304 610 τῇ
2343 541 2556 593 πάντων
2599 538 2933 608 φανούμενον
2971 539 3247 610 σωτηρίαν
3294 538 3683 610 προτεθεῖσθαι

2113 630 2171 684 δέ
2207 631 2316 683 τῶν
2338 630 2539 683 λοιπῶν
2563 630 2629 682 τὰ
2666 630 2794 700 περὶ
2811 630 2938 692 τοὺς
2965 629 3276 698 περιοίκους
3312 629 3567 700 ἐσόμενα,
3603 631 3687 694 είς

2115 720 2333 790 ἔλεγχον
2381 719 2474 773 τοῦ
2530 719 2663 790 μηδέ
2717 719 2785 771 τὰ
2838 718 2979 771 κατά
3028 719 3121 771 τὸν
3172 719 3299 773 λαὸν
3343 720 3560 792 ἀφειδίᾳ
3592 719 3687 774 τὸν

2113 812 2246 864 Θεὸν
2285 810 2615 879 πεποιῆσθαι
2637 828 2651 843 ι
2686 809 2819 862 ὅπου
2857 826 2920 876 γε
2956 808 3050 862 καὶ
3087 808 3226 879 ὑπὲρ
3256 808 3355 877 τῆς
3390 812 3470 873 είς
3489 811 3686 874 αὐτοὺς

2115 902 2460 972 παρανομίας
2489 902 2645 965 δίκας
2679 900 3067 971 εἰσπράττεται
3107 900 3322 969 ἐτέρους
3343 918 3357 931 ο
3379 900 3610 972 ἀρκτέον
3626 902 3684 955 δὲ

2113 992 2207 1045 τοῦ
2244 991 2449 1061 βιϐλίου
2479 990 2661 1044 λοιπὸν
2697 988 2910 1059 ἔχοντος
2937 987 3106 1050 οὕτως
3126 1003 3141 1018 ⁸

2622 1126 2625 1131 .
2759 1084 2916 1137 ΚΕΦ.
2955 1083 3034 1136 A'.

2183 1180 2330 1250 Στίχ.
2352 1176 2491 1247 α’,β’.
2511 1209 2579 1218 --
2599 1196 2617 1228 ι
2642 1175 2804 1243 Λόγοι
2832 1173 2889 1227 ’Δ
2899 1172 3033 1244 μὼς,
3057 1173 3106 1226 οἳ
3132 1172 3378 1241 ἐγένοντο
3398 1172 3454 1224 ἐν
3474 1172 3688 1243 Καρια-

2113 1266 2283 1337 θαρὶμ
2314 1268 2378 1318 ἐκ
2409 1264 2633 1326 Θεκούε,
2663 1262 2757 1325 οὓς
2784 1257 2922 1315 εἶδεν
2944 1260 3423 1332 ἐπὶίερουσαλὴμ,
3456 1262 3515 1313 ἐν
3547 1261 3686 1331 ὴμέ-

2116 1374 2236 1427 ραις
2266 1357 2441 1419 Ὀζίου
2459 1355 2553 1410 τοῦ
2574 1353 2835 1425 βασιλέως
2850 1351 3036 1418 Ἰούδα,
3060 1353 3153 1404 καὶ
3181 1353 3239 1404 ἐν
3265 1351 3497 1422 ἡμέραις
3526 1351 3686 1422 Ἰερο⁴

2111 1448 2256 1519 6οάμ
2282 1447 2375 1499 τοῦ
2410 1445 2563 1508 Ὶωάς
2596 1444 2858 1514 βασιλέως
2902 1442 3138 1514 Ἰσραὴλ,
3175 1444 3279 1513 πρὸ
3306 1442 3399 1495 δύο
3431 1442 3566 1495 ἐτῶν
3586 1441 3685 1495 τοῦ

2113 1540 2355 1612 σεισμοῦ.
2394 1560 2412 1591 ι
2442 1538 2514 1611 (p.
2544 1537 2859 1609 145)Τοῦτο
2879 1536 2978 1607 μὲν
3006 1532 3119 1599 οὖν,
3154 1536 3296 1590 καθὰ
3328 1537 3565 1606 κάντοῖς
3580 1536 3687 1589 λοι-

2112 1640 2230 1699 ποῖς
2276 1636 2577 1706 εἰρήκαμεν
2610 1634 2935 1705 προφήταις,
2979 1632 3304 1704 προγραφῆς
3348 1647 3489 1693 τινος
3531 1627 3701 1693 τάξιν.

2110 1725 2316 1795 ἐπέχει,
2339 1722 2602 1795 δηλούσης
2630 1722 2682 1776 τί
2710 1740 2838 1776 ποτε
2859 1721 3105 1793 βούλεται
3125 1723 3158 1791 ή
3192 1720 3392 1791 βίϐλος,
3415 1719 3546 1791 παρ’
3558 1720 3683 1772 ὅτου

2106 1834 2164 1869 τε
2189 1816 2283 1870 καὶ
2312 1815 2439 1886 περὶ
2466 1815 2625 1868 τίνων
2667 1814 2881 1885 εἴρηται
2919 1813 3014 1867 καὶ
3061 1814 3189 1866 πότε
3214 1830 3228 1844 ·
3281 1811 3592 1881 θαυμαστὸν
3626 1810 3687 1865 δέ

2105 1906 2276 1970 οὐδὲν,
2300 1906 2348 1958 εἰ
2375 1907 2543 1975 λόγοι
2573 1900 2722 1957 εἶπεν
2749 1904 2841 1968 οὓς
2867 1897 3004 1956 εἶδεν
3037 1903 3129 1956 ἐπὶ
3156 1902 3538 1974 Ἰερουσαλήμ.⁹
3563 1899 3687 1953 καί-

2105 2015 2187 2051 τοι
2214 2014 2278 2065 γε
2303 1995 2508 2066 μέλλων
2532 1996 2755 2049 κάκεῖνα
2779 1984 2963 2061 λέγειν
2990 1993 3163 2045 ὁπόσα
3182 1991 3408 2063 περὶτὸν
3442 1990 3681 2061 Ἰσραὴλ,

2107 2087 2251 2144 τοῦτ’
2277 2086 2390 2140 ἔστι
2418 2086 2515 2150 τὰς
2557 2086 2687 2139 δέκα
2714 2084 2907 2154 γέγονε
2938 2083 3134 2152 φυλὰς,
3168 2083 3263 2137 καὶ
3297 2083 3393 2152 μὲν
3429 2083 3520 2135 καὶ
3555 2081 3685 2152 περὶ

2106 2182 2232 2245 τοὺς
2264 2179 2574 2250 περιοίκους
2616 2177 2714 2247 οὐχ
2749 2172 2912 2249 ἦττον
2938 2191 2950 2204 ·
2983 2174 3097 2228 ἀλλ’
3132 2174 3207 2238 ὡς
3237 2173 3304 2227 ἂν
3349 2172 3684 2246 κυριώτατον

2111 2271 2208 2341 μὲν
2233 2270 2486 2323 ἁπάντων
2525 2266 2825 2337 ἡγούμενος
2855 2261 2994 2318 εἶναι
3021 2264 3088 2318 τά
3118 2265 3259 2317 κατά
3284 2264 3381 2335 τὴν
3414 2265 3685 2335 Ἰερουσα-

2106 2360 2237 2431 λὴμ,
2267 2358 2366 2411 εἴτ’
2402 2354 2493 2412 οὖν
2515 2358 2606 2411 τὸν
2626 2358 2758 2428 περὶ
2785 2356 2947 2409 αὐτὸν
2969 2356 3097 2409 λαόν
3122 2372 3135 2385 ο
3166 2351 3233 2427 ἦν
3262 2355 3318 2408 δέ
3345 2347 3502 2418 οὗτος
3531 2357 3564 2425 ή
3587 2353 3683 2409 τοῦ

2118 2451 2289 2504 Ἰούδα
2311 2450 2472 2520 φυλὴ,
2507 2448 2689 2512 καθὼς
2721 2450 2779 2501 ἐν
2812 2450 2923 2511 τοῖς
2953 2446 3187 2519 πρόσθεν
3216 2449 3516 2517 εἰρήκαμεν
3538 2463 3552 2477 ·
3576 2445 3684 2499 τῶν

2106 2542 2311 2597 λοιπῶν
2340 2543 2396 2595 δέ
2422 2539 2481 2606 ἐξ
2510 2539 2830 2602 ἀκολουθίας
2860 2538 3166 2610 λεγομένων
3196 2554 3256 2591 τε
3299 2538 3391 2590 κοιλ¹
3424 2538 3684 2606 γιγνομέ-

2106 2652 2212 2688 νων
2236 2633 2303 2686 δι’
2334 2635 2542 2686 ἐκεῖνον
2559 2648 2572 2662 ο
2596 2631 2771 2694 οὕτως
2797 2630 2905 2683 ἀπὸ
2928 2630 3021 2683 τοῦ
3050 2629 3389 2701 κυριωτάτου
3418 2629 3519 2695 τῆς
3548 2645 3684 2698 προ·

2109 2726 2332 2797 φητείας
2384 2724 2622 2796 ἐδήλωσε
2671 2724 2768 2794 τὴν
2801 2723 2983 2776 αἰτίαν
3003 2738 3016 2754 ·
3050 2720 3351 2793 ἀρχόμενος
3377 2720 3559 2791 μέντοι
3584 2720 3685 2790 τῆς

2109 2814 2465 2886 προφητείας,
2489 2812 2630 2867 οὕτω
2649 2812 2830 2882 φησίνο
2858 2830 2877 2861 ι
2900 2810 3104 2881 Κύριος
3121 2811 3183 2863 ἐκ
3210 2809 3345 2863 Σιὼν
3366 2808 3684 2878 ἐφθέγξατο,

2110 2904 2202 2957 καὶ
2224 2904 2282 2970 ἐξ
2306 2901 2658 2975 Ἰερουσαλὴμ
2690 2901 2857 2954 ἔδωκε
2884 2900 3067 2970 φωνὴν
3091 2897 3253 2953 αὑτοῦ
3278 2915 3291 2928 ο
3327 2898 3421 2952 καὶ
3450 2898 3684 2968 ἐπένθη-

2111 3012 2210 3049 σαν
2239 2997 2296 3047 αἱ
2319 2993 2485 3065 νομαὶ
2509 2993 2616 3047 τῶν
2653 2991 2927 3063 ποιμένων
2950 3007 2965 3021 ⁸
2994 2991 3089 3043 καὶ
3114 2988 3383 3060 ἐξηράνθη
3411 2990 3444 3060 ἡ
3473 2987 3686 3059 κορυφὴ

431 3079 690 3149 Solymis.
727 3081 820 3137 sed
852 3082 907 3136 in
941 3082 1048 3139 illis
1072 3084 1397 3153 loquebatur
1424 3086 1560 3142 locis
1585 3128 1598 3151 ,
1635 3103 1773 3156 quos
1806 3089 2006 3144 ethnici

2111 3086 2205 3139 τοῦ
2259 3086 2581 3158 Καρμήλου.
2624 3105 2641 3136 ι
2695 3083 3133 3155 Θαυμασιώτατα
3184 3081 3429 3135 ἐντεῦθεν
3483 3079 3688 3152 ἤρξατο

432 3185 766 3238 regnumque
799 3172 1018 3230 lsraelis
1055 3176 1429 3244 occupabant,
1483 3179 1667 3238 statim
1713 3180 2009 3249 prudenter

430 3261 691 3326 addidit,t
715 3263 790 3317 De
813 3262 1179 3321 Sioulocutus
1215 3274 1334 3331 est,
1375 3283 1439 3322 ex
1480 3268 1874 3343 Hierosolymis
1913 3288 2008 3327 vo-

429 3365 546 3406 cem
599 3366 753 3407 suam
802 3353 1021 3408 emisit:
1054 3367 1161 3409 »ιιο
1186 3355 1324 3411 forte
1358 3358 1636 3415 auditores
1669 3376 1847 3416 rerum
1885 3376 1913 3415 a
1951 3378 2009 3418 se

431 3441 783 3496 dicendarum
815 3443 976 3499 cultis
1010 3459 1104 3514 per
1130 3460 1193 3499 ea
1229 3446 1347 3501 loca
1391 3448 1735 3506 daemonibus
1782 3468 2005 3509 causam

432 3531 804 3601 imputarent:
841 3535 951 3589 imo
986 3536 1166 3606 potius
1219 3540 1455 3594 universi
1506 3550 1897 3611 agnoscerent,
1950 3558 2009 3598 se

440 3620 532 3675 Dei
571 3626 845 3680 voluntate
881 3627 1042 3680 verba
1085 3629 1174 3683 illa
1214 3629 1432 3698 facere;
1469 3634 1563 3701 qui
1603 3648 1725 3686 eum
1759 3634 2005 3687 omnium

431 3713 603 3767 factor
647 3714 1018 3788 Dominusque
1056 3721 1157 3785 sit,
1198 3736 1493 3793 congruam
1534 3724 1639 3779 sibi
1681 3724 2001 3793 religionem

430 3807 484 3859 in
522 3804 687 3861 Sione
715 3818 900 3862 monte
926 3810 1171 3864 exhiberi
1209 3813 1463 3882 legitimis
1498 3813 1696 3867 ritibus
1722 3813 1965 3882 jusserat
1992 3833 2003 3868 :

429 3899 683 3968 idemque
724 3901 1040 3971 prophetam
1073 3901 1140 3955 ad
1175 3904 1289 3957 luec
1332 3904 1560 3959 dicenda
1606 3918 1754 3958 nunc
1803 3904 2009 3959 excita-

428 4000 612 4054 verat,
647 4006 855 4060 suoque
886 3999 1130 4061 tempore
1158 3995 1419 4049 vaticinia
1459 3995 1515 4049 in
1553 4009 1671 4049 rem
1709 3996 2007 4052 collaturus

427 4092 561 4136 erat.
583 4079 702 4135 Jam
717 4083 908 4149 verba,
937 4105 954 4137 ‹
976 4085 1261 4141 Luxerunt
1283 4098 1485 4153 pascua
1532 4094 1837 4155 pastorum,
1879 4102 2003 4142 exa-

432 4175 537 4226 ruit
587 4171 825 4228 Carmeli
876 4173 1548 4243 cacumennsignitlcant
1603 4175 1719 4231 fore
1774 4186 1833 4231 ut
1882 4193 2007 4232 cum

428 4264 700 4330 praedictis
740 4263 953 4318 ﬁnitimi
990 4278 1180 4319 omnes
1216 4279 1327 4319 non
1373 4265 1491 4321 sine
1524 4268 1642 4322 suis
1673 4267 1906 4323 duribus
1941 4269 2006 4324 ad

431 4356 630 4411 luctum
659 4361 945 4410 vertantur
972 4372 987 4409 :
1016 4363 1069 4411 et
1095 4355 1313 4427 quidem
1338 4358 1498 4413 etiam
1527 4358 1693 4415 Israel
1721 4374 1845 4415 cum
1879 4363 2003 4426 illis,

2108 3175 2200 3230 τοῦ
2239 3175 2432 3244 λόγου·
2475 3173 2663 3243 ἐπειδὴ
2692 3173 2801 3246 γὰρ
2833 3174 2933 3226 οὐκ
2962 3174 3019 3225 ἐν
3044 3174 3110 3242 τῇ
3158 3166 3529 3242 Ἰερουσαλὴμ,
3570 3168 3685 3222 ἀλλ’

2109 3270 2164 3322 ἐν
2218 3267 2446 3328 ἐκείνοις
2501 3264 2795 3333 ἐφθέγγετο
2830 3265 2941 3324 τοῖς
2970 3262 3173 3326 τόποις,
3204 3261 3253 3313 οἳ
3278 3260 3388 3312 τῶν
3432 3277 3492 3312 τε
3518 3258 3685 3312 ἐθνῶν

2109 3360 2201 3413 καὶ
2236 3359 2334 3428 τῆς
2365 3354 2641 3427 βασιλείας
2679 3354 2773 3406 τοῦ
2821 3352 3034 3423 Ἰσραὴλ
3083 3350 3376 3421 ἐτύγχανον
3410 3350 3582 3412 ὄντες,
3608 3349 3684 3401 εξ-

2108 3450 2281 3512 κότως
2316 3446 2637 3518 προτέθεικε
2666 3444 2746 3509 τὸ,
2789 3463 2807 3495 ι
2858 3444 2952 3496 Ἐκ
2980 3442 3118 3495 Σιὼν
3152 3440 3472 3510 ἐφθέγξατο,
3504 3440 3597 3494 καὶ
3624 3441 3685 3507 ἐξ

2118 3540 2472 3612 Ἰερουσαλὴμ
2521 3537 2685 3589 ἔδωκε
2749 3535 2931 3606 φωνὴν
2966 3532 3131 3586 αὐτοῦ
3162 3550 3176 3563 ·
3212 3551 3231 3584 ι
3260 3533 3335 3595 ὡς
3373 3530 3437 3584 ἂν
3470 3531 3544 3602 μὴ
3574 3533 3685 3593 τοῖς

2108 3633 2236 3702 περὶ
2256 3631 2346 3683 τὸν
2373 3629 2537 3681 τόπον
2566 3628 2771 3679 ἐκεῖνον
2810 3622 3266 3697 θρησκευομένοις
3292 3623 3542 3693 δαίμοσιν
3569 3624 3688 3675 ἐπι-

2106 3724 2337 3794 γράφειν
2393 3719 2633 3791 μέλλοιεν
2689 3719 2739 3770 οί
2787 3717 3077 3779 ἀκούοντες
3113 3715 3224 3769 τῶν
3249 3714 3557 3784 λεγομένων
3585 3714 3688 3783 τὴν

2108 3813 2286 3865 αἰτίαν
2307 3826 2320 3840 ’
2354 3810 2428 3881 (p.
2472 3808 2595 3879 “6)
2630 3807 2821 3861 εἰδεῖεν
2855 3808 2910 3861 δέ
2955 3805 3193 3871 ἅπαντες
3228 3808 3309 3861 ὅτι
3338 3806 3532 3879 γνώμῃ
3550 3802 3685 3859 Θεοῦ

2108 3903 2281 3957 ταῦτα
2341 3902 2661 3971 φθέγγεται,
2718 3900 2777 3962 ὃς
2820 3899 2928 3953 τῶν
2961 3901 3214 3955 ἁπάντων
3247 3902 3481 3970 ποιητής
3506 3915 3566 3951 τε
3595 3897 3689 3951 καὶ⁹

2107 3992 2311 4065 Κύριος
2344 3990 2439 4056 ὢν,
2493 3992 2550 4043 ἐν
2583 3989 2661 4059 τῷ
2700 3988 2839 4042 Σιὼν
2877 3991 2993 4061 ὄρει
3037 3990 3137 4061 τὴν
3167 3991 3517 4061 καθήκουσαν
3539 3988 3690 4057 αὐτῷ

2109 4082 2402 4154 θρησκείαν
2461 4080 2605 4135 κατὰ
2651 4081 2752 4152 τὴν
2813 4082 3043 4152 νομικὴν
3074 4081 3312 4147 διάταξιν
3350 4080 3690 4152 πληροῦσθαι

2109 4172 2404 4246 προσέταξε
2433 4189 2446 4202 ·
2476 4172 2555 4244 τῷ
2579 4190 2639 4226 τε
2671 4174 2925 4245 προφήτῃ
2954 4172 3048 4227 νῦν
3083 4174 3259 4226 εἰπεῖν
3286 4171 3458 4226 ταῦτα
3488 4171 3687 4235 διδοὺς,

2109 4267 2201 4319 καὶ
2259 4266 2399 4318 κατά
2450 4264 2640 4336 καιρὸν
2678 4265 2787 4317 τῶν
2836 4263 3187 4336 μηνυομένων
3213 4264 3312 4334 τὴν
3355 4262 3580 4317 ἔκϐασιν
3610 4262 3691 4326 είς

2110 4356 2269 4427 ἔργον
2307 4358 2555 4428 ἐκφέρων
2583 4373 2599 4388 ο
2629 4356 2690 4409 τὸ
2720 4355 2797 4423 δέ,
2837 4375 2855 4407 ι
2897 4357 3234 4427 Ἐπένθησαν
3288 4357 3342 4409 αἱ
3372 4355 3534 4425 νομαὶ
3580 4354 3693 4408 τῶν

424 4460 563 4513 quos
590 4444 822 4499 Carmeli
855 4460 1117 4502 cacumen
1151 4447 1472 4516 appellavit,
1500 4450 1628 4518 quia
1656 4451 1802 4505 circa
1835 4452 2006 4507 locum

2120 4448 2413 4519 ποιμένων,
2444 4448 2537 4501 καὶ
2575 4446 2846 4517 ἐξηράνθη
2876 4448 2910 4517 ἡ
2957 4447 3169 4519 κορυφὴ
3200 4446 3293 4499 τοῦ
3319 4446 3635 4518 Καρμήλου,
3663 4463 3686 4498 ο

425 4536 572 4589 illum
604 4535 947 4603 incolebant,
976 4550 1040 4590 ac
1069 4545 1265 4606 praeter
1294 4551 1457 4593 omne
1488 4537 1724 4594 ollicium
1758 4542 2014 4611 superbia

419 4628 785 4683 exsultabant.
820 4627 1026 4683 Deinde
1074 4629 1358 4684 subdiviso
1386 4629 1758 4698 particulatim
1792 4645 2005 4686 sermo-

423 4734 523 4781 ne,
558 4718 625 4773 de
658 4719 888 4789 singulis
923 4719 1167 4774 ﬁnitimis
1199 4721 1377 4790 pergit
1405 4721 1613 4777 dicere.

2121 4540 2208 4593 ἵνα
2232 4539 2363 4613 εἴπῃ
2406 4539 2487 4592 ὄτι
2539 4541 2602 4592 ἐκ
2639 4538 2737 4608 τῆς
2775 4538 3104 4608 ἀποφάσεως
3132 4540 3229 4609 τῆς
3257 4537 3465 4592 ἐκείνου
3490 4537 3694 4600 πάντες

2119 4647 2179 4683 τε
2212 4631 2261 4682 οἱ
2283 4629 2546 4700 περίοικοι
2578 4628 2674 4680 σὺν
2696 4631 2808 4691 τοῖς
2831 4628 3153 4699 ἡγουμένοις
3170 4630 3591 4700 μεταστήσονται
3613 4628 3695 4691 εἰς

2113 4715 2311 4782 πένθος
2342 4735 2356 4750 ο
2394 4717 2489 4771 καὶ
2533 4718 2639 4788 μὴν
2681 4718 2774 4771 καὶ
2817 4718 2910 4772 τοῦ
2948 4719 3163 4790 Ἰσραὴλ
3189 4721 3285 4774 σὺν
3318 4720 3566 4784 ἐκείνοις,
3594 4718 3687 4782 οὒς

426 4834 445 4866 ι
482 4814 725 4884 κορυφὴν
759 4832 778 4866 ι
805 4814 1087 4884 ὠνόμασεν
1118 4812 1210 4866 τοῦ
1237 4815 1559 4886 Καρμήλου,
1585 4817 1659 4880 ὡς
1697 4819 1827 4888 napi.
1864 4819 2068 4872 ἐκεῖνον
2101 4814 2381 4877 οἰκοῦντας
2418 4812 2509 4864 τὸν
2546 4813 2729 4876 τόπον,
2765 4812 2861 4867 καὶ
2896 4814 2973 4876 είς
3006 4813 3158 4867 οὐδὲν
3195 4814 3312 4867 δέον
3344 4816 3410 4885 τῇ
3451 4813 3693 4884 ὑπεροχῇ

420 4905 810 4976 κεχρημένους.
867 4902 998 4960 Εἶτα
1059 4905 1291 4979 μερίζων
1344 4908 1435 4962 τὸν
1476 4910 1634 4979 λόγον
1671 4911 1774 4966 ἀνὰ
1807 4913 1993 4984 μέρος,
2014 4912 2143 4985 περὶ
2168 4908 2399 4962 ἑκάστου
2431 4906 2541 4961 τῶν
2571 4906 2862 4977 περιοίκων
2887 4907 3053 4976 λέγει·

491 4997 657 5055 Vens.
693 4998 815 5055 5-5.
839 5029 908 5038 -
937 5019 954 5050 ι
984 4999 1237 5071 Dixitque
1268 4999 1530 5059 Dominus
1561 5022 1573 5055 :
1609 5003 1784 5075 Super
1823 5006 2001 5061 tribus

420 5089 723 5144 sceleribus
750 5087 1003 5144 Damasci
1034 5097 1089 5144 et
1118 5106 1285 5161 super
1310 5102 1544 5161 quatuor
1569 5109 1678 5148 non
1707 5097 2003 5152 aversabor

417 5194 571 5245 eam,
624 5180 752 5250 quia
794 5178 964 5234 serris
1007 5179 1196 5235 ferreis
1243 5191 1584 5251 przegnantes
1631 5182 2002 5241 Galaaditidas

419 5268 821 5323 disseeuerunt.
864 5265 1044 5339 Ignem
1093 5271 1379 5324 immittam
1412 5272 1520 5342 97
1552 5273 1606 5327 in
1653 5274 1865 5331 Azaelis
1904 5276 2003 5330 do-

421 5374 604 5424 mum,
646 5361 738 5430 qui
784 5360 1137 5416 fundamenta
1193 5362 1285 5416 lilii
1331 5363 1495 5419 Aderi
1544 5373 1850 5422 consumet.
1902 5365 2005 5418 Da-

423 5449 588 5504 masci
619 5459 799 5506 vectes
827 5451 1168 5521 confringant
1192 5493 1205 5515 ,
1243 5453 1554 5523 dispertlam
1593 5457 1800 5512 incolas
1849 5457 1999 5528 agri,

422 5556 653 5610 quorum
689 5544 850 5597 etiam
885 5545 1087 5599 tribum
1134 5545 1413 5601 succidam
1449 5546 1517 5602 de
1554 5547 1684 5601 viris
1713 5545 1955 5602 Charran
1989 5567 2001 5601 :

2179 5000 2326 5070 Στίχ.
2362 4998 2498 5068 ’γ’-ε’.
2531 5028 2600 5039 --
2626 5018 2645 5049 ι
2674 4999 2785 5051 Καὶ
2808 4993 2959 5051 εἶπεν
2982 4997 3185 5069 Κύριος
3205 5014 3218 5028 ·
3251 4999 3373 5052 Ἐπὶ
3398 5001 3523 5057 ταῖς
3543 4996 3694 5071 τρισὶ

2109 5092 2384 5155 ἀσεϐείαις
2414 5090 2701 5161 Δαμασκοῦ
2732 5090 2825 5143 καὶ
2849 5090 2941 5143 ἐπὶ
2974 5093 3093 5153 ταῖς
3125 5090 3417 5161 τέσσαρσιν
3457 5090 3569 5160 (9.4)
3592 5091 3695 5143 οὐκ

2108 5184 2606 5255 ἆποστραφήσομαι
2655 5181 2845 5251 αὐτὴν,
2907 5179 3024 5234 ἀνθ’
3065 5174 3139 5233 ὧν
3163 5180 3382 5251 ἔπριζον
3420 5183 3477 5234 ἐν
3507 5182 3696 5251 πρίοσι

2114 5274 2358 5346 σιδηροῖς
2379 5274 2479 5337 τὰς
2504 5275 2559 5327 ἐν
2590 5274 2789 5345 γαστρὶ
2818 5271 3044 5343 ἐχούσας
3071 5272 3179 5326 τῶν
3197 5272 3569 5332 Γαλααδιτῶν.
3585 5273 3696 5327 Καὶ

2110 5365 2393 5420 ἀποστελῶ
2437 5364 2549 5437 πῦρ
2578 5367 2658 5427 είς
2686 5364 2777 5418 τὸν
2811 5359 2959 5418 οἷκον
3008 5363 3228 5435 ’Λζαὴλ,
3262 5365 3354 5419 καὶ
3383 5365 3696 5432 καταφάγε-

2110 5475 2198 5511 ται
2227 5457 2448 5528 Θεμέλια
2499 5455 2616 5510 υίοῦ
2659 5457 2813 5526 Ἀδέρ
2839 5474 2850 5486 ·
2895 5457 2987 5509 κοιλ⁹
3016 5456 3291 5528 συντρίψω
3327 5456 3557 5527 μοχλοὺς
3582 5458 3690 5508 Δα-

2118 5552 2329 5624 μασκοῦ
2364 5569 2373 5579 ·
2410 5555 2505 5605 καὶ
2554 5550 2919 5621 ἐξολοθρεὺσω
2972 5536 3361 5613 κατοικοῦντας
3390 5551 3455 5602 ἐκ
3511 5548 3694 5602 πεδίου

495 5671 607 5754 (24)
636 5672 913 5755 Obscurus
937 5677 1231 5755 .videbatur
1267 5676 1592 5755 Hieronymo
1613 5679 1713 5755 hic
1748 5680 2020 5749 propheta:
2054 5682 2207 5741 locus
2239 5687 2397 5755 epist.
2463 5685 2565 5750 55,
2624 5683 2675 5738 8.
2728 5682 2831 5739 Sed
2865 5699 2931 5738 en
2964 5682 3375 5753 Mopsuedenus
3412 5695 3563 5739 more
3594 5695 3696 5736 suo

423 5736 710 5812 perspicue
744 5752 903 5814 atque
936 5746 1307 5801 indubitanter
1339 5736 1670 5817 explanabit.
