4102 6456
321 333 440 394 249

1392 324 1949 407 COMMENTARIUS
1976 351 2041 408 IN
2083 352 2290 411 AMOSI
2327 353 2481 413 CAP.
2530 355 2572 413 ι.

3512 358 3621 416 250

323 449 433 508 Ὧν
461 471 477 486 ο
510 455 607 508 καὶ
642 456 939 528 κατακόψω
982 459 1152 531 φυλὴν
1181 460 1242 526 ἐξ
1293 462 1503 535 ἀνδρῶν
1527 466 1753 538 Χαρράν
1777 483 1791 498 ο
1827 468 1922 521 καὶ

2058 471 2272 540 aptivus
2316 470 2617 526 abducetur
2650 472 2883 542 populus
2919 471 3092 545 Syria
3125 482 3505 545 nuncupatus,
3544 480 3623 531 ait

324 545 919 618 αἰχμαλωτευθήσεται
977 548 1106 614 λαὸς
1166 552 1370 623 Συρίας
1413 555 1727 627 ἐπίκλητος,
1779 557 1929 629 λέγει

327 637 564 709 Κύριος.
596 656 615 690 ι
637 637 714 709 (p.
749 638 875 709 N7)
903 640 977 693 Τὸ
1006 660 1023 692 ι
1062 642 1154 696 ἐπὶ
1176 646 1298 708 ταῖς
1326 646 1474 716 τρισί⁹
1498 647 1593 699 καὶ
1612 647 1876 720 τέσσαρσι
1904 668 1924 701 ι

327 729 487 798 λέγει
511 729 635 783 ἀντί
662 730 779 794 τοῦ,
818 733 942 796 ταῖς
980 733 1120 801 ἀγαν
1178 734 1418 800 πολλαῖς.
1468 737 1686 809 Ἐπειδὴ
1741 739 1854 811 γὰρ
1899 742 1929 794 ὀ

330 821 482 893 μετά
507 821 605 876 τὸν
643 820 743 875 ἐνα
805 823 902 876 καὶ
954 823 1047 877 δύο
1073 825 1307 897 ἀριθμὸς
1356 825 1719 898 πληθυντικὸς
1750 830 1934 884 καλεῖ-

325 931 424 967 ται
442 913 583 984 (25),
612 931 631 965 ι
660 914 810 985 τρισὶ
837 934 855 967 ι
879 915 977 986 μὲν
1006 914 1156 984 λέγει
1174 919 1293 980 ταῖς
1316 917 1558 982 πολλαῖς,
1581 938 1599 970 ι
1624 919 1884 992 τέσσαρσι
1907 940 1925 972 ι

326 1006 389 1059 δέ
416 1005 521 1077 τὴν
554 1006 804 1061 ἐπίτατιν
851 1006 948 1061 τοῦ
976 1008 1237 1080 πλήθους.
1268 1010 1532 1065 Βοόλεται
1555 1011 1614 1065 δὲ
1638 1014 1814 1066 εἰπεῖν
1850 1013 1934 1066 ὅτι

330 1102 545 1168 πολλάς
572 1103 830 1168 ἀσεϐείας
850 1105 951 1176 τῆς
965 1105 1261 1176 Δαμασκοῦ
1278 1108 1551 1178 παρεῖδεν·
1574 1108 1935 1178 ἐπιμένοντας

326 1194 391 1246 δὲ
417 1193 520 1247 καί
540 1194 636 1247 ἐπὶ
658 1194 909 1249 πλεῖστον
938 1197 1277 1262 ἐκτείνοντας
1296 1199 1396 1270 τὴν
1425 1199 1699 1266 ἀσέϐειαν,
1707 1200 1782 1271 μὴ
1799 1201 1928 1255 ἀπο-

330 1284 675 1355 στρέφεσθαι
692 1288 788 1340 καὶ
807 1289 987 1358 μισεῖν
1002 1288 1186 1342 οὐκέτι
1202 1288 1449 1343 δυνατόν.
1468 1286 1604 1342 Εἶτα
1619 1287 1937 1343 καταλιπὼν

328 1376 438 1440 τὰς
457 1376 657 1442 λοιπάς
674 1377 856 1432 αὐτῶν
879 1377 1249 1449 παρανομίας.
1261 1380 1446 1451 τὴνείς
1461 1380 1585 1442 τοὺς
1599 1377 1938 1450 Ἰσραηλίτας

332 1470 476 1537 παρ’
508 1467 691 1520 αὐτῶν
719 1468 1098 1541 γεγενημένην
1116 1468 1287 1538 λέγει·
1307 1468 1384 1532 ὡς
1396 1468 1462 1522 ἂν
1487 1469 1713 1535 δείξειεν
1733 1471 1815 1523 ὅτι
1835 1468 1938 1524 κᾶν

335 1558 517 1612 πολλά
533 1558 894 1631 ἠσεϐήκασιν,
916 1560 1029 1613 ἁλλ’
1065 1561 1209 1632 ὑπὲρ
1234 1560 1440 1615 τούτων
1477 1560 1710 1631 μάλιστα
1741 1560 1939 1624 αὐτοὺς

332 1653 747 1722 τιμωρήσεται,
803 1644 886 1705 ὧν
928 1652 1129 1725 πολλὴν
1169 1653 1440 1709 ποιεῖσθαι
1490 1653 1794 1707 ἐσπούδακε
1839 1652 1939 1724 τὴν

334 1744 698 1815 κηδεμονίαν.
737 1744 812 1798 Τὸ
841 1741 958 1808 οὖν,
994 1764 1012 1796 ι
1046 1745 1167 1799 Τῶν
1197 1746 1564 1811 Γαλααδιτῶν,
1592 1765 1610 1799 ι
1642 1749 1707 1799 ἐκ
1739 1746 1940 1817 μέρους

2030 560 2316 619 Dominus.
2352 581 2371 615 ι
2405 561 2545 618 Dicit
2605 572 2786 618 autem
2841 580 2998 633 super
3045 564 3215 620 tribus
3261 575 3310 621 et
3364 566 3619 637 quatuor,

2030 669 2226 725 nempe
2256 669 2358 725 pro
2381 694 2397 719 ,
2431 655 2635 710 Multis.
2664 654 2802 710 Nam
2836 658 2964 727 quia
2998 674 3264 715 numerus
3289 667 3416 728 post
3449 676 3619 715 unum

2031 754 2087 801 et
2110 747 2220 801 duo
2247 748 2475 818 pluralis
2500 748 2725 815 dicitur,
2750 750 2917 804 verbo
2944 748 3113 803 tribus
3141 753 3342 806 mullos
3366 751 3620 818 denotat,

2031 838 2198 892 verbo
2219 849 2400 895 autem
2423 849 2654 910 quatuor
2677 840 3076 895 multitudinem
3102 852 3414 912 exaggerat.
3441 842 3624 915 Signi-

2036 926 2164 982 licat
2192 938 2372 983 autem
2418 945 2478 986 se
2526 930 2697 985 multa
2739 930 2995 987 Damasci
3036 933 3244 988 scelera
3276 935 3622 1005 neglexisse:

2032 1026 2407 1074 verumtamen
2440 1033 2567 1074 cum
2601 1022 2722 1090 ejus
2749 1021 2896 1076 cives
2926 1022 2980 1077 in
3012 1023 3289 1092 impietate
3311 1032 3623 1093 perstarent

2035 1122 2267 1177 eamque
2297 1109 2679 1174 cumularent,
2707 1110 2822 1180 jam
2858 1111 2975 1167 fieri
3001 1127 3110 1167 non
3144 1128 3306 1183 posse
3349 1115 3481 1184 quin
3526 1131 3624 1170 eos

2037 1216 2067 1253 a
2096 1216 2155 1256 se
2190 1201 2477 1271 repelleret
2503 1212 2667 1271 atque
2698 1201 2827 1257 odio
2859 1211 3304 1273 prosequeretur.
3349 1203 3485 1258 Exin
3517 1219 3624 1258 cae-

2037 1293 2170 1348 teris
2199 1307 2387 1348 eorum
2419 1292 2719 1349 sceleribus
2747 1293 2972 1350 omissis
2995 1333 3012 1361 ,
3054 1292 3187 1348 illud
3227 1304 3628 1349 commemorat

2039 1383 2185 1455 quod
2218 1385 2484 1440 adversus
2500 1384 2788 1445 ,lsraelitas
2807 1386 3219 1440 commiserant:
3240 1399 3436 1456 nempe
3455 1391 3514 1438 nt
3529 1399 3625 1439 os-

2040 1477 2248 1542 tendat,
2269 1477 2481 1531 etiamsi
2502 1476 2688 1531 hostes
2711 1476 2878 1530 multa
2902 1474 3272 1546 peccaverint,
3323 1483 3506 1530 tamen
3530 1489 3628 1529 eos

2043 1570 2325 1640 potissime
2356 1583 2414 1623 se
2450 1568 2767 1643 punitorum
2797 1567 2982 1638 populi
3052 1567 3136 1623 sui
3168 1581 3335 1621 causa
3359 1606 3374 1630 ,
3417 1565 3484 1621 de
3513 1581 3626 1636 quo

2042 1677 2368 1732 magnopere
2411 1660 2681 1717 sollicitus
2730 1666 2869 1714 erat.
2918 1660 3088 1729 lgitur
3134 1657 3507 1713 Galaaditidas
3548 1661 3628 1713 fe-

2045 1754 2222 1808 minas
2248 1753 2467 1815 dicens,
2496 1761 2705 1822 partem
2740 1766 2840 1822 pro
2867 1758 2983 1804 toto
3014 1750 3249 1820 appellat
3275 1767 3290 1815 ;
3322 1764 3448 1818 pars
3479 1749 3625 1803 enim

338 1835 600 1906 βούλεται
629 1835 739 1890 τῶν
781 1836 1130 1909 Ἰσραηλιτῶν
1164 1839 1339 1891 εἰπεῖν
1358 1854 1372 1868 ·
1400 1837 1588 1909 ἐπειδὴ
1607 1837 1700 1891 τοῦ
1725 1837 1941 1909 Ἰσραὴλ

2053 1844 2260 1901 lsraelis
2292 1844 2520 1900 Galaad.
2554 1844 2734 1899 Causa
2767 1842 3023 1914 puniendi
3058 1841 3160 1895 fuit
3182 1882 3196 1905 ,
3232 1840 3377 1911 quod
3417 1848 3628 1894 tantum

340 1925 519 1998 μέρος
555 1922 624 1997 ἦν
644 1930 678 1998 ἡ
728 1927 965 1982 Γαλαάδ.
1003 1929 1222 2001 Ἐπειδὴ
1249 1929 1449 1995 τοίνυν,
1483 1929 1638 2001 φησί,
1671 1930 1939 2000 τοσαύτην

336 2017 626 2082 ἐξέτειναν
682 2018 804 2072 κατ’
848 2018 1027 2073 αὐτῶν
1051 2018 1152 2091 τὴν
1195 2021 1560 2091 παρανομίαν,
1591 2020 1666 2084 ὡς
1702 2020 1798 2073 καί
1841 2019 1940 2082 τὰς

336 2110 583 2179 ἐγκύους
611 2111 794 2165 αὐτῶν
824 2111 1061 2183 σιδηροῖς
1098 2113 1284 2185 πρίοσι
1329 2113 1639 2184 διατέμνειν
1671 2113 1851 2184 ,(ἕοικε
1882 2113 1941 2167 δὲ

334 2202 508 2255 τοῦτο
533 2201 716 2270 λέγειν
756 2205 837 2267 εἰς
865 2202 1140 2268 ἀπόδειξιν
1179 2202 1281 2273 τῆς
1310 2203 1594 2273 ὠμότητος
1632 2202 1835 2269 αὐτῶν,
1875 2202 1942 2255 δι’

335 2295 411 2366 ἣν
430 2294 555 2347 οὐδὲ
577 2294 686 2348 τῶν
709 2294 924 2362 ἐγκύων
955 2296 1245 2364 ἐφείδοντο,
1275 2296 1392 2367 ἢτοι
1421 2294 1637 2367 πρίοσιν
1661 2295 1828 2358 ὅντως
1850 2295 1946 2347 αύ-

336 2383 446 2447 τάς
506 2383 542 2453 ἢ
587 2380 798 2453 ξίφεσιν
858 2385 1258 2456 ἀνατέμνοντες
1306 2385 1545 2456 πολέμου
1585 2384 1737 2456 νόμῳ
1767 2403 1780 2416 .
1808 2384 1945 2455 ὅπερ

335 2469 440 2526 οὖν
475 2468 631 2529 εἶπεν
657 2492 674 2524 ι
717 2475 773 2525 ἐν
804 2473 989 2544 πρίοσι
1017 2475 1283 2546 σιδηροῖς,
1311 2494 1330 2527 ι
1355 2476 1436 2538 εἰς
1459 2475 1680 2545 μείζονα
1704 2473 1946 2545 ἔμφασιν

338 2564 446 2620 τοῦ
474 2565 819 2636 γινομένου),
852 2567 993 2638 ὑπὲρ
1021 2568 1085 2638 δὴ
1101 2568 1326 2632 τούτων,
1351 2569 1537 2639 φησὶν,
1564 2568 1743 2631 αὐτοῖς
1761 2566 1948 2632 ἐπάξω

339 2662 478 2722 τοὺς
495 2659 881 2728 ἀφανίζοντας,
907 2660 986 2731 (p.
1020 2661 1140 2732 H8)
1163 2660 1239 2724 ὡς
1261 2661 1355 2714 καὶ
1393 2660 1463 2713 τὰ
1492 2659 1740 2730 βασίλεια
1768 2659 1948 2712 αὐτῶν

342 2753 753 2827 καθαιρεθῆναι
772 2771 784 2783 ·
815 2754 977 2809 τοῦτο
1007 2755 1116 2833 γὰρ
1142 2756 1289 2824 λέγει
1307 2775 1325 2807 ι
1358 2755 1584 2825 θεμέλια
1602 2756 1719 2810 υίοῢ
1737 2757 1943 2828 Ἄδερ-ι

342 2845 540 2907 πᾶσάν
559 2863 619 2900 τε
643 2846 744 2916 τῆς
783 2846 1167 2920 μητροπόλεως
1190 2846 1371 2901 αὐτῶν
1408 2850 1506 2921 τὴν
1535 2850 1689 2919 ἰσχὺν
1714 2850 1950 2920 ἀφαιρε-

342 2937 520 3007 θῆναι
538 2953 550 2967 ·
581 2938 720 3009 ὅπερ
743 2937 896 3008 δηλοῖ
916 2936 976 2991 τὸ
996 2956 1014 2988 ι
1035 2936 1322 3009 Συντρίψω
1342 2938 1573 3009 μοχλοὺς
1590 2938 1908 3010 Δαμασκοῦ·
1927 2957 1946 2990 ι

344 3029 450 3083 καὶ
489 3028 558 3100 δὴ
581 3030 676 3083 καὶ
710 3029 919 3092 πάντας
950 3030 1077 3092 τοὺς
1116 3028 1175 3095 ἐξ
1209 3028 1390 3083 αὐτῶν
1420 3030 1659 3098 ἀφανιῶ,
1688 3030 1829 3084 ὥστε
1858 3030 1952 3084 καὶ

2041 1938 2305 1993 adversus
2333 1937 2583 1993 lsraelem
2614 1937 2794 1993 scelus
2828 1941 3318 2005 exprompserant,
3374 1941 3433 1986 ut
3484 1932 3632 2001 ipsas

2045 2028 2227 2098 populi
2260 2027 2422 2097 hujus
2450 2034 2789 2097 praegnantes
2821 2025 2992 2081 serris
3021 2024 3210 2079 ferreis
3241 2023 3629 2079 dissecuerint.

2045 2117 2271 2174 Videtur
2304 2127 2483 2172 autem
2515 2117 2619 2171 hoc
2646 2116 2831 2171 dicere
2874 2126 2932 2169 ut
2961 2114 3201 2168 hostium
3252 2111 3632 2167 crudelitatem

2044 2212 2412 2274 demonstret,
2444 2209 2535 2278 qui
2571 2223 2639 2263 ne
2668 2207 2912 2278 gravidis
2940 2206 3159 2277 quidem
3192 2204 3409 2260 feminis
3438 2217 3635 2273 peper-

2046 2305 2255 2358 cissent
2280 2343 2295 2368 ,
2343 2303 2461 2359 sive
2487 2317 2583 2358 eas
2612 2314 2807 2370 reapse
2849 2298 3021 2355 serris
3041 2337 3056 2361 ,
3092 2297 3208 2352 sive
3237 2294 3436 2366 gladiis
3483 2308 3636 2348 more

2047 2397 2173 2453 belli
2213 2395 2600 2450 conciderint:
2658 2393 2734 2446 ita
2790 2398 2849 2446 ut
2902 2389 3110 2444 locutio
3142 2388 3303 2441 sern’s
3337 2385 3525 2456 ferreis
3568 2383 3639 2437 ad

2050 2485 2466 2557 prrgravandam
2554 2483 2817 2538 facinoris
2896 2479 3204 2550 emphasim
3292 2476 3636 2532 adhibeatur.

2049 2577 2438 2644 Quamobrem,
2477 2574 2675 2644 inquit,
2712 2572 3004 2627 immittam
3044 2571 3125 2625 eis
3149 2569 3354 2633 hostes,
3380 2583 3410 2622 a
3438 2568 3639 2638 quibus

2049 2672 2232 2725 cuncti
2292 2684 2390 2724 ceu
2454 2664 2577 2739 igne
2634 2666 3039 2730 absumentur;
3097 2669 3153 2716 et
3211 2652 3433 2731 quidem
3491 2660 3640 2729 regia

2051 2779 2268 2833 quoque
2294 2763 2541 2832 ipsorum
2577 2757 2735 2815 sedes
2767 2755 3078 2813 delebitur;
3118 2753 3220 2806 hoc
3269 2753 3413 2807 enim
3456 2750 3640 2804 innuit

2052 2857 2222 2911 dictio
2255 2852 2634 2907 Fundamenta
2663 2849 2847 2903 Ader:
2876 2855 3038 2916 atque
3066 2859 3235 2899 omne
3275 2842 3642 2911 metrOpoleos

2053 2962 2242 3003 eorum
2272 2945 2444 3000 robur
2473 2942 2793 2999 subtraham
2821 2957 2849 3001 ς,
2872 2938 2926 2992 id
2958 2936 3103 3008 quod
3135 2935 3403 3006 significat
3434 2933 3641 2993 dictio,

2066 3057 2090 3089 ι
2114 3034 2307 3091 Vectes
2324 3034 2573 3088 Damasci
2589 3034 2956 3102 confringam.
2971 3047 2989 3079 ι
3008 3025 3083 3081 Ita
3099 3024 3319 3080 demum
3338 3036 3436 3078 eos
3448 3037 3645 3077 omnes

344 3121 482 3184 τοὺς
511 3122 577 3172 ἐκ
606 3120 706 3190 τῆς
727 3120 956 3193 Χαρράν
1010 3121 1407 3192 παροικοῦντας
1446 3123 1628 3185 αὐτοῖς
1665 3121 1947 3192 ἀφανίσαι,

2058 3128 2303 3183 funditus
2351 3126 2673 3185 tlestrnam,
2709 3131 2767 3175 nt
2815 3119 3076 3174 tinitimos
3123 3130 3343 3185 quoque
3392 3113 3643 3168 Cliarran

350 3211 566 3283 πολλὴν
598 3212 781 3275 αὐτοῖς
814 3216 881 3266 ἐκ
903 3212 1003 3282 τῆς
1032 3213 1240 3277 οἰκείας
1259 3213 1543 3285 δυνάμεως
1572 3214 1949 3285 ὑποπτευομέ-

347 3322 457 3373 νης
497 3304 762 3376 παρέχειν
786 3303 1035 3374 βοήθειαν
1055 3319 1069 3332 ·
1104 3305 1199 3357 καὶ
1234 3305 1517 3376 συντόμως
1541 3307 1738 3367 εἰπεῖν,
1771 3305 1948 3358 ᾶπαν-

350 3413 458 3460 τας
484 3395 617 3459 τοὺς
648 3397 746 3466 τῆς
807 3395 1083 3466 βασιλείας
1129 3395 1365 3466 ἐκείνης,
1395 3391 1495 3459 οἷς
1520 3396 1750 3467 ἐπίκλην
1782 3396 1951 3467 ὄνομα

352 3489 557 3562 Συρία,
592 3489 946 3561 αἰχμαλωσίᾳ
972 3489 1227 3543 παντελεῖ
1256 3488 1589 3561 παραδώσω.

431 3669 587 3741 Στίχ.
618 3670 772 3741 ς’-η’.
804 3698 874 3710 -
894 3688 915 3722 ι
950 3668 1091 3723 Τάδε
1119 3668 1268 3738 λέγει
1297 3667 1518 3738 Κύριος·
1553 3667 1677 3722 Ἐπὶ
1699 3670 1821 3728 ταῖς
1838 3686 1955 3740 τρι-

355 3765 449 3819 σὶν
468 3763 752 3826 ἀσεϐείαις
778 3761 958 3834 Γάζης
979 3762 1075 3816 καί
1106 3761 1201 3815 ἐπὶ
1227 3764 1350 3825 ταῖς
1376 3761 1671 3833 τέσσαρσιν
1694 3762 1796 3815 οὐκ
1823 3763 1959 3815 ἀπο-

357 3859 755 3928 στραφήσομαι
768 3854 989 3919 αὐτοὺς,
1002 3853 1186 3907 ἕνεκεν
1202 3853 1297 3906 τοῦ
1309 3855 1400 3923 αἰχ
1406 3852 1748 3923 μαλωτεῢσαι
1761 3854 1958 3916 αὐτοὺς

356 3945 749 4018 αἰχμαλωσίαν
778 3944 1052 4015 Σολομὼν,
1076 3945 1171 3998 τοῦ
1208 3943 1520 4012 συγκλεῖσαι
1555 3945 1635 4008 εἰς
1665 3943 1765 4016 τὴν
1803 3943 1963 3997 Ἰδουσ-

363 4039 678 4113 μαίαν.›Τδ
691 4039 824 4093 αὐτὸ
843 4038 994 4107 λέγει
1022 4036 1323 4100 κάνταῦθα,
1354 4037 1437 4091 ὅτι
1471 4035 1682 4099 Πολλὰς
1709 4034 1961 4098 ἀσεϐείας

360 4129 767 4203 ἐργασαμένων
794 4129 890 4181 καί⁵
915 4126 1286 4197 ἐπιμενόντων
1304 4128 1372 4197 τῇ
1390 4125 1661 4197 μοχθηρίᾳ
1690 4125 1792 4195 τῆς
1822 4123 1966 4193 γνώ-

366 4240 504 4296 μης,
532 4221 637 4275 οὐκ
656 4218 920 4289 ἀνέξομαι
947 4215 1030 4270 ἐτι
1052 4232 1066 4246 ·
1092 4216 1327 4287 μάλιστα
1347 4215 1404 4269 δὲ
1435 4214 1634 4278 αὐτοὺς
1661 4214 1965 4285 τιμωρήσο-

369 4331 493 4386 μαι,
521 4312 667 4382 ὑπὲρ
703 4304 780 4365 ὧν
808 4308 906 4364 τοῦ
937 4307 1281 4379 Σολομῶντος
1307 4303 1684 4377 αἰχμαλώτους
1705 4303 1965 4368 λαϐόντος

368 4408 497 4471 τοὺς
510 4407 613 4477 τῆς
640 4404 971 4475 Ἰδουμαίας,
992 4403 1088 4457 καὶ
1113 4390 1219 4465 ύπρ
1243 4400 1343 4471 τὴν
1364 4400 1472 4455 τῶν
1487 4397 1836 4470 Ἰσραηλιτῶν
1870 4415 1967 4451 πε-

2053 3219 2259 3273 incolas
2290 3215 2453 3271 simul
2482 3214 2690 3268 deleam
2722 3255 2736 3277 ,
2773 3224 3008 3280 quorum
3038 3207 3248 3261 scilicet
3271 3205 3416 3258 vires
3451 3202 3646 3255 Dama-

2052 3325 2146 3366 sco
2201 3308 2529 3363 videbantur
2588 3301 2827 3357 validum
2881 3299 3195 3368 praesidium
3241 3295 3521 3350 exhibere.
3579 3290 3648 3344 Ut

2054 3403 2291 3458 breviter
2339 3401 2550 3463 dicam,
2603 3407 2831 3451 cunctos
2879 3391 3032 3461 regni
3086 3390 3208 3460 ejus
3252 3389 3497 3447 incolas,
3548 3384 3642 3453 qui

2056 3493 2232 3564 Syrize
2282 3489 2552 3545 vocabulo
2599 3486 2999 3557 indigitantur,
3033 3480 3254 3535 servitio
3301 3474 3636 3532 addicendos

2057 3586 2286 3639 curabo.

2127 3675 2241 3746 98
2270 3673 2433 3729 Vens.
2471 3672 2716 3726 6-8.-ι
2743 3669 2867 3725 Haec
2896 3668 2970 3722 ait
3001 3664 3262 3721 Dominus
3293 3680 3306 3715 :
3344 3658 3522 3727 Super
3553 3654 3651 3708 tri-

2058 3769 2161 3823 bus
2190 3766 2349 3820 Gaza:
2379 3763 2681 3819 sceleribus
2711 3771 2765 3817 et
2798 3775 2963 3830 super
2988 3764 3243 3827 quatuor,
3285 3750 3393 3806 n'on
3426 3762 3652 3802 aversa-
3729 3750 3738 3757 '

2060 3861 2161 3915 bor
2187 3874 2317 3923 eos,
2348 3864 2633 3927 propterea
2666 3852 2815 3923 quod
2861 3852 2964 3921 ipsi
2998 3842 3433 3917 manciparerint
3476 3837 3651 3908 capti—

2061 3954 2282 4007 vitatem
2320 3948 2671 4010 Salomonis,
2717 3954 2778 4000 ut
2821 3959 2941 4000 eam
2991 3939 3391 3998 concluderent
3431 3933 3488 3987 in
3535 3930 3655 3984 ldu-

2063 4041 2299 4098 maeam?
2329 4060 2348 4093 ι
2374 4040 2432 4095 id
2463 4040 2642 4110 ipsum
2676 4037 2766 4092 hic
2807 4050 3028 4106 quoque
3058 4031 3236 4097 dicit;
3286 4039 3480 4095 nempe
3509 4021 3656 4093 quod

2065 4136 2188 4190 illos
2220 4132 2522 4190 sceleribus
2549 4128 2900 4185 cumulandis
2926 4125 3142 4181 deditos
3162 4162 3178 4188 ,
3207 4129 3372 4189 atque
3401 4117 3455 4171 in
3485 4113 3651 4169 animi

2064 4227 2329 4298 pravitate
2372 4223 2734 4285 obfirmatos,
2757 4219 2872 4288 jam
2926 4216 3134 4271 diutius
3185 4226 3295 4264 non
3333 4207 3499 4267 feret,
3547 4205 3656 4298 imo

2068 4295 2417 4389 potissimum
2459 4314 2680 4384 puniet,
2717 4310 2845 4381 quia
2879 4323 3003 4363 enm
3037 4306 3297 4359 Salomon
3333 4301 3389 4353 in
3424 4295 3659 4389 captivi?

2071 4385 2234 4464 tatem
2281 4406 2552 4460 Idumaeos
2603 4402 2938 4471 redegisset,
2974 4404 3139 4466 atque
3191 4389 3415 4447 lsraelis
3462 4385 3656 4441 (litioni

369 4474 667 4566 ποιηκότος
684 4474 960 4560 ἐξουσίαν,
972 4492 1049 4555 ὡς
1071 4493 1166 4545 καὶ
1179 4490 1428 4543 πλεῖστον
1448 4488 1643 4551 αὐτοὺς
1660 4488 1753 4540 ἐπὶ
1777 4488 1950 4540 τούτοι

2074 4501 2401 4571 adjecisset,
2460 4497 2535 4550 ita
2584 4501 2643 4548 ut
2687 4490 2911 4547 Idumaei
2962 4487 3054 4542 diu
3097 4485 3151 4539 in
3192 4474 3658 4571 hac‘condition‘e

368 4588 647 4659 διαμεῖναι
674 4585 766 4639 τοῦ
786 4586 1082 4656 σχήματος,
1098 4580 1487 4652 ἐπεληλυθότες
1502 4571 1649 4634 οὗτοι
1665 4578 1886 4649 ἀφεῖλόν
1904 4595 1966 4633 τε

369 4682 471 4754 τὴν
491 4679 873 4753 αἰχμαλωσίαν
906 4677 1121 4746 ἐκείνην
1139 4674 1376 4746 πολέμου
1390 4673 1558 4744 νόμῳ,
1580 4670 1676 4726 καὶ
1702 4671 1969 4742 συνηνάγ-

373 4786 553 4824 κασαν
573 4769 668 4822 ἐιιτί⁸
680 4768 782 4838 τὴν
796 4765 1101 4837 Ἰδουμαίαν
1124 4763 1376 4817 ἀπελθεῖν
1403 4761 1700 4817 πάλιν.Κα“ι
1712 4762 1820 4832 γὰρ
1841 4763 1970 4815 κάν-

372 4860 557 4916 ταῦθα
580 4859 963 4931 πλημμέλειαν
985 4856 1166 4911 αὐτῶν
1193 4856 1341 4925 λέγει
1364 4855 1432 4926 ἢν
1459 4855 1587 4922 περὶ
1614 4856 1739 4919 τοὺς
1753 4856 1965 4926 Ἰσραη-

373 4951 530 5015 λίτας
564 4952 639 5022 (p.
665 4951 789 5016 M9)
816 4947 1240 5022 είργάσαντο.Τί
1268 4942 1396 5012 οὗν;
1425 4965 1443 4998 ι
1475 4947 1586 5000 Καὶ
1615 4943 1966 5010 ἐξαποστελῶ

376 5044 493 5116 πῦρ
518 5045 614 5097 ἐπὶ
627 5043 877 5113 τάτείχη
898 5040 1100 5112 Γάζης,
1122 5040 1217 5095 καὶ
1245 5038 1619 5108 καταφάγεται
1646 5036 1714 5091 τά
1740 5036 1969 5111 θεμέλια

376 5139 574 5210 αὐτῆς,
619 5138 715 5191 καὶ
762 5134 1133 5208 ἐξολοθρεύσω
1179 5132 1569 5195 κατοικοῦντας
1609 5129 1670 5195 ἐξ
1708 5128 1966 5194 ’Δζώτου,

377 5233 475 5285 καὶ
538 5229 908 5300 ἐξαρθήσεται
968 5227 1107 5298 φυλὴ
1140 5227 1200 5293 ἐξ
1250 5225 1613 5291 Ἀσκάλωνος,
1661 5224 1758 5278 καὶ
1786 5220 1973 5286 ἐπάξω

374 5324 475 5393 τὴν
530 5322 692 5393 χεῖρά
747 5337 851 5392 μου
910 5321 1004 5374 ἐπὶ
1046 5319 1353 5388 Ἀκκαρῶν,
1406 5318 1502 5371 καὶ
1544 5314 1871 5371 ἀπολοῦνται
1915 5314 1963 5367 οἰ

376 5413 701 5469 κατάλοιποι
715 5412 825 5466 τῶν
847 5411 1346 5480 ἀλλοφύλων,λέγει
1372 5408 1598 5478 Κύριος.
1629 5427 1649 5461 ι
1666 5408 1775 5478 Τὴν
1796 5406 1966 5478 αὐτὴν

375 5503 567 5568 ἐπάξω
584 5503 681 5556 καὶ
700 5501 913 5567 τούτοις
941 5502 1229 5574 τιμωρίαν,
1249 5500 1405 5571 φησί.
1425 5500 1542 5571 Πῦρ
1564 5501 1672 5572 γάρ
1689 5499 1969 5553 κάνταῦθα

373 5594 469 5647 τὸν
492 5593 732 5665 πόλεμον
747 5593 898 5663 λέγει
927 5594 1003 5657 ὡς
1016 5592 1085 5647 ἂν
1114 5592 1287 5657 οὕτως
1313 5592 1511 5656 αὐτοὺς
1530 5592 1928 5663 ,ἐπινεμόμενον
1951 5608 1965 5621 ·

2074 4567 2516 4665 permanserint,
2554 4586 2628 4639 illi
2664 4580 3147 4654 supervenientes,
3184 4571 3555 4665 captivitatem
3575 4567 3655 4665 ιιι.

2076 4659 2181 4741 iam
2207 4684 2331 4752 jure
2360 4681 2483 4736 belli
2516 4673 2901 4737 dissolverint,
2934 4672 3145 4738 hosque
3182 4667 3377 4721 iterum
3429 4661 3484 4715 in
3531 4659 3656 4713 ldu-

2076 4792 2268 4834 maaam
2328 4771 2586 4829 secedere
2646 4764 2938 4835 jusserint.
2988 4760 3260 4815 Nimirum
3312 4755 3440 4808 hinc
3489 4752 3655 4804 etiam

2062 4867 2325 4939 propheta
2356 4862 2538 4932 arguit
2568 4857 2810 4913 hostium
2839 4854 3021 4909 scelus
3065 4850 3327 4939 adversus
3353 4841 3654 4939 lsraelitas.

2063 4933 2206 5025 Quid
2238 4951 2407 5025 ergo?
2436 4968 2455 5002 ι
2488 4947 2780 5003 lmmittam
2816 4945 2870 4999 in
2904 4941 3109 4996 muenia
3144 4937 3304 4992 Gazae
3348 4933 3620 5025 flammam
3638 4952 3671 5025 ,-

2066 5023 2188 5120 quze
2215 5023 2363 5100 illam
2395 5056 2427 5095 a
2468 5035 2845 5094 fundamentis
2874 5038 3204 5088 consumet:
3258 5025 3453 5120 delebo
3497 5023 3652 5120 Azoti

2068 5113 2263 5195 cives:
2329 5132 2618 5188 Ascalonis
2672 5126 2936 5199 populum
2999 5123 3328 5177 destruam:
3386 5113 3655 5169 Accaroni

2071 5245 2269 5285 manus
2303 5226 2535 5282 inferam
2569 5246 2580 5280 :
2614 5219 2864 5289 reliquiae
2890 5214 3320 5283 alienigenarum
3353 5206 3652 5276 peribunt,

2070 5319 2204 5374 dicit
2237 5317 2521 5371 Dominus.
2557 5331 2576 5364 ι
2611 5310 2844 5365 Easdem
2893 5307 2979 5361 his
3027 5315 3245 5373 quoque
3291 5311 3515 5367 pinnas,
3569 5295 3654 5348 in-

2071 5413 2223 5483 quit,
2257 5409 2553 5477 imponam.
2585 5401 2723 5483 Nam
2762 5409 2816 5455 et
2846 5399 2949 5452 hoc
2979 5396 3099 5448 loco
3134 5393 3310 5461 ignem
3365 5403 3462 5459 pro

2074 5478 2236 5565 dicit,
2294 5498 2439 5569 quod
2491 5480 2703 5550 scilicet
2760 5490 2947 5544 hostes
2988 5500 3086 5540 ceu
3136 5483 3353 5537 flmnma
3404 5478 3652 5544 vorabit,

2072 5592 2233 5647 Gaza:
2282 5588 2553 5644 mmnibus
2597 5582 2823 5639 exiliunt
2871 5576 3107 5641 inferet,
3159 5583 3528 5643 cunctamque
3563 5585 3655 5626 ur-

451 5773 565 5844 (95)
598 5772 957 5830 Notissimum
1010 5780 1091 5827 est
1130 5772 1349 5827 Grzccos
1396 5780 1591 5843 pra‘tcr
1638 5770 1969 5841 singularem
2002 5784 2063 5825 ac
2097 5768 2456 5840 plurativum,
2487 5762 2632 5817 duali
2660 5773 2874 5830 quoque
2908 5755 2983 5813 uti
3018 5768 3263 5811 numero.
