4102 6490
450 373 555 429 231

1619 373 1964 433 TllEODORl
2000 374 2480 433 MOPSUESTENI

3594 372 3703 428 ‘13?

457 488 580 545 bcm
611 504 643 544 a
680 488 1046 545 fundamentis
1079 489 1341 556 subruet,
1391 489 1616 560 ejusque
1660 494 1869 549 incolas
1909 507 2030 563 per-

2138 490 2190 555 Βς
2222 489 2459 562 περιελεῖ
2516 488 2614 560 μὲν
2666 488 2763 558 τῆς
2811 489 2987 559 Γάζης
3008 488 3076 543 τά
3101 489 3276 560 τείχη,
3302 491 3366 545 ἐκ
3394 487 3606 560 βάθρων
3644 488 3702 543 δὲ

455 580 577 646 det,
607 595 733 634 cum
776 580 932 634 Azoti
968 580 1359 651 Ascalouisquc
1410 582 1643 638 civibus.
1690 582 1876 654 Neque
1926 583 2029 654 ipsi

454 669 723 725 Accaroni
744 709 762 736 ,
791 669 1008 739 inquit,
1040 685 1281 739 parcam.
1312 668 1605 727 memorata
1628 674 1837 728 scilicet
1861 673 2028 738 Gaza,

455 772 576 826 qua
604 759 968 829 satrapiaruin
997 767 1306 814 exterarum
1335 761 1592 832 princeps
1621 770 1760 825 erat,
1794 776 2026 832 genera-

457 849 579 903 liter
606 850 853 919 praedicit
871 860 1189 906 eventuram
1217 853 1436 908 cunctis
1462 854 1782 923 alienigenis
1796 855 2024 910 cladem.

452 938 818 1005 Quamobrem
849 942 1033 997 subdit
1060 961 1073 998 :
1106 962 1124 995 ι
1156 943 1591 1012 Alienigenarum
1617 946 1859 1016 reliquiai
1890 945 2031 1014 peri-

456 1030 615 1095 bunt,
641 1032 716 1084 ait
764 1030 1029 1089 Dominus
1067 1053 1079 1088 :
1120 1053 1139 1087 ι
1167 1050 1276 1104 quo
1308 1034 1455 1089 dicto
1493 1035 1732 1090 breviter
1760 1036 2033 1106 signiﬁcat

458 1118 576 1173 fore
606 1126 664 1173 ut
686 1134 876 1176 omnes
897 1123 1068 1177 exteri
1100 1135 1358 1193 pereant;
1383 1124 1545 1179 sicuti
1575 1124 1628 1176 in
1658 1125 2033 1194 superioribus

459 1209 719 1277 populum
753 1211 1067 1267 universum
1089 1250 1103 1277 ,
1136 1215 1308 1285 Syria:
1353 1214 1573 1270 nomine
1620 1219 2030 1287 nuncupatum,

460 1300 519 1354 in
545 1302 864 1358 servitutem
898 1305 1178 1360 redactum
1211 1306 1276 1360 iri
1306 1306 1582 1376 praedixit,
1612 1314 1720 1362 etc.

531 1564 695 1622 Vens.
732 1567 786 1632 9,
819 1568 907 1624 10.
933 1601 998 1611 -
1022 1588 1041 1622 t
1067 1570 1191 1627 "me
1219 1572 1293 1627 ait
1324 1530 1623 1629 Dnminus:
1655 1573 1830 1644 Super
1858 1576 2034 1632 tribus
2066 1610 2080 1621 -

462 1656 590 1728 Tyri
641 1661 941 1717 sceleribus
989 1671 1044 1718 et
1092 1679 1257 1733 super
1303 1673 1557 1735 quatuor,
1590 1681 1696 1721 non
1742 1669 2036 1724 aversabor

462 1763 617 1816 eam,
681 1760 964 1822 propterea
1024 1756 1169 1824 quod
1227 1757 1614 1813 concluserunt
1666 1759 2032 1829 captivitatem

467 1836 777 1895 Salomonis
810 1841 862 1895 in
892 1839 1180 1898 ldunneam
1201 1887 1216 1910 ,
1246 1852 1300 1898 et
1326 1845 1437 1915 99
1466 1862 1575 1900 non
1605 1857 1732 1902 sunt
1761 1848 2035 1904 recordati

462 1924 688 1985 fmderis
731 1929 987 1987 fratrum.
1040 1934 1106 1987 Et
1146 1936 1435 1990 immittam
1488 1937 1669 2007 ignem
1722 1940 1777 1993 in
1831 1940 2034 1995 mcenia

358 2036 361 2041 ·
458 2015 629 2087 Tyri,
678 2028 732 2074 et
778 2021 1058 2078 devoraliit
1114 2025 1467 2081 fundamenta
1513 2028 1652 2097 ejus.
1688 2048 1706 2080 ι
1734 2030 1868 2084 Cum
1920 2034 2033 2088 haec

452 2107 589 2173 diu,
636 2110 850 2179 inquit,
899 2114 1169 2183 patienter
1214 2116 1470 2181 tulerim,
1498 2116 1613 2187 jam
1659 2119 1866 2176 diutius
1909 2134 2035 2190 pro-

460 2198 747 2267 longantes
779 2202 1115 2271 impietatem
1152 2219 1309 2259 suam
1344 2221 1448 2262 non
1486 2206 1695 2274 feram;
1732 2212 2031 2280 praesertim

454 2288 588 2357 quia
610 2288 923 2348 Salomonis
942 2295 1191 2363 captivos
1218 2297 1271 2349 in
1302 2295 1593 2353 ldumaeam
1628 2300 2034 2359 transferendos

456 2389 721 2435 curarunt
742 2421 758 2445 ,
791 2398 1081 2441 commune
1109 2386 1214 2442 hoc
1244 2390 1424 2444 scelus
1452 2390 1713 2447 habentes
1742 2407 1866 2446 cum
1903 2394 2033 2449 alie-

460 2470 696 2540 nigenis.
723 2472 888 2544 Atqui
915 2477 1144 2546 captivis
1194 2478 1307 2534 hare
1351 2480 1574 2539 minime
1616 2481 1795 2538 facere
1833 2482 2035 2539 debue-

458 2568 590 2615 runt
611 2600 626 2624 ,
656 2560 880 2620 fmderis
911 2580 1215 2635 memores,
1244 2570 1389 2639 quod
1442 2570 1698 2628 Salomon
1729 2582 1783 2629 et
1815 2575 2031 2630 illorum

460 2664 555 2704 rex
587 2652 954 2710 amicabiliter
978 2656 1120 2711 inter
1149 2673 1208 2715 se
1230 2669 1617 2716 contraxerant
1642 2680 1656 2730 ;
1691 2664 1850 2733 cujus
1878 2679 2035 2733 pror-

457 2757 556 2797 sus
607 2744 990 2812 immemores,
1041 2764 1187 2804 nunc
1234 2750 1312 2805 ita
1363 2767 1422 2807 se
1451 2762 1781 2823 gesserunt:
1817 2764 2035 2824 propter

458 2832 603 2901 quod
648 2850 736 2890 me
767 2825 984 2892 vante
1016 2838 1192 2896 hostis
1224 2841 1557 2912 adveniens,
1589 2846 1791 2900 mania
1844 2861 2033 2901 eorum

459 2922 771 2989 subvertet,
808 2936 1092 2998 tutamque
1122 2930 1311 2985 urbem
1342 2932 1609 2989 destruet.

2130 580 2345 635 ἅπασαν
2368 578 2669 631 ἀνασπάσει
2697 578 2797 649 τὴν
2834 577 3006 643 πόλιν,
3039 578 3259 647 ἀφανιεῖ
3280 592 3339 629 τε
3369 579 3493 639 τοὺς
3520 593 3704 629 κατοι-

2131 673 2361 735 κοῦντας
2405 669 2572 740 αὐτὴν
2627 668 2762 739 μετά
2808 667 2918 720 τῶν
2951 671 3048 738 τήν
3090 685 3149 721 τε
3180 667 3420 730 Ἄζωτον
3466 668 3556 719 καὶ⁵
3606 666 3705 737 τὴν

2144 762 2456 815 Ἀσκάλωνα
2485 761 2773 814 οἰκούντων
2793 775 2808 789 ο
2838 760 2938 812 οὐκ
2986 759 3255 830 ἀφέξομαι
3288 758 3345 812 δὲ
3371 757 3489 812 οὐδὲ
3513 758 3621 811 τῶν
3646 761 3707 813 ἐν

2146 852 2460 921 Ἀκθίάροις·
2511 849 2907 921 μνημονεύεται
2941 849 3049 921 γάρ
3081 853 3182 920 τῆς
3223 847 3400 920 Γάζης
3432 848 3507 912 ὡς
3544 846 3704 918 ἐξαρ-

2132 941 2332 1012 χούσης
2378 939 2486 993 τῶν
2531 943 2589 994 ἐν
2625 942 2735 1005 τοῖς
2791 938 3109 1009 ἀλλοφύλοις
3143 939 3524 1010 σατραπειῶν*
3565 937 3706 993 κατά

2134 1034 2313 1086 κοινοῦ
2346 1032 2492 1101 λέγει
2525 1033 2621 1103 τὴν
2649 1031 2919 1102 τιμωρίαν
2947 1019 3149 1085 ἅπασιν
3178 1030 3565 1084 ἐπελεύσεσθαι
3592 1032 3707 1094 τοῖς

2133 1122 2479 1193 ἀλλοφύλοις⁶
2515 1123 2635 1177 ὅθεν
2666 1123 2863 1192 ἐπάγει
2883 1139 2897 1154 ο
2927 1139 2946 1173 ι
2978 1122 3087 1176 Καὶ
3124 1122 3451 1177 ἀπολοῦνται
3467 1122 3514 1175 οἰ
3538 1121 3706 1175 κατά-

2133 1213 2305 1267 λοιποι
2342 1214 2450 1267 τῶν
2474 1212 2802 1282 ἀλλοφύλων,
2835 1213 2981 1283 λέγει
3015 1213 3217 1285 Κύριος
3242 1230 3258 1245 ο
3294 1232 3312 1265 ι
3344 1213 3431 1265 ἵνα
3454 1212 3707 1285 εῐπῃ,ὄτι
3766 1206 3771 1211 ’

2135 1303 2420 1373 Συντόμως
2440 1303 2685 1368 ἅπαντας
2744 1303 2962 1373 ἀφανιῶ
2990 1305 3115 1367 τοὺς
3137 1303 3485 1372 ἀλλοφύλους,
3520 1301 3708 1374 ὥσπερ

2135 1396 2193 1448 ἐν
2248 1397 2361 1457 τοῖς
2412 1395 2703 1467 ἀνωτὲροις
2752 1394 3363 1467 αἰχμαλωτευθήσεσθαι
3399 1393 3502 1465 ἔφη
3530 1394 3707 1452 πάντα

2133 1486 2226 1540 τδν
2260 1487 2386 1540 λαὸν
2413 1487 2503 1539 τὸν
2528 1486 2819 1557 ἐπίκλητον
2845 1487 2914 1538 Συ
2925 1485 3063 1558 ρίας,

2205 1577 2352 1648 Στίχ.
2388 1576 2513 1644 θ’,ικ
2537 1596 2631 1629 -ι
2666 1578 2802 1631 Τάδε
2831 1577 2977 1647 λέγει
3006 1576 3224 1649 Κύριος·
3244 1577 3366 1631 Ἐπὶ
3397 1578 3518 1641 ταῖς
3531 1575 3711 1647 τρισὶν

2135 1668 2407 1733 ἀσεϐείαις
2435 1670 2612 1740 Τύρου
2642 1669 2737 1723 καὶ
2762 1670 2855 1723 ἐπὶ⁵
2869 1670 3289 1741 ταῖςτέσσαρσιν
3309 1668 3408 1722 οὐκ
3436 1668 3715 1741 ἀποστραο

2137 1760 2378 1829 φήσομαι
2422 1759 2611 1830 αὐτὴν,
2651 1759 2766 1812 ἀνθ’
2820 1750 2896 1812 ὧν
2946 1757 3293 1811 συνέκλεισαν
3335 1754 3713 1826 αἰχμαλωσίαν

2136 1849 2229 1903 τοῦ
2282 1849 2532 1921 Σολομὼν
2589 1852 2669 1913 εἰς
2697 1849 2797 1919 τὴν
2840 1849 3162 1920 Ἰδουμαίαν,
3184 1850 3278 1903 καὶ
3308 1849 3409 1902 οὐκ
3436 1848 3715 1919 ἐμνήσθη-

2138 1957 2239 1994 σαν
2256 1940 2520 2012 διαθήκης
2549 1941 2811 2011 ἀδελφῶν.
2834 1932 2946 1994 ’Καὶ
2988 1939 3332 2006 ἐξαποστελῶ
3375 1938 3487 2010 πῦρ
3520 1940 3614 1992 ἐπὶ
3643 1940 3713 1991 τὰ

2136 2029 2288 2101 τείχη
2343 2029 2540 2102 Τύρου,
2576 2031 2671 2084 καὶ
2701 2030 3077 2100 καταφάγεται
3106 2029 3176 2084 τὰ
3201 2028 3428 2101 θεμέλια
3459 2028 3649 2099 αὐτῆς.
3687 2046 3709 2081 ι

2135 2121 2246 2175 Καὶ
2265 2122 2374 2193 γὰρ
2424 2124 2517 2176 καὶ
2549 2122 2754 2177 τούτων
2787 2123 2880 2177 ἐπὶ
2921 2123 3076 2189 πολὺ,
3124 2124 3306 2194 φησὶν,
3328 2121 3714 2193 ἀνασχόμενος,

2136 2211 2213 2282 (p.
2252 2212 2377 2283 150)
2403 2212 2497 2266 ἐπὶ
2526 2213 2775 2267 πλεῖστον
2802 2215 3151 2269 ἐκτεινόντων
3180 2213 3280 2285 τὴν
3326 2212 3583 2267 ἀσέϐειαν
3613 2211 3717 2265 οὐκ

2141 2305 2397 2376 ἀνέξομαι
2447 2305 2546 2376 τὴν
2597 2306 2823 2369 οἰκείαν,
2877 2308 2969 2360 καί
3012 2304 3246 2377 μάλιστά
3280 2322 3343 2374 γε
3384 2303 3601 2358 πάντων
3631 2303 3717 2355 ὅτι

2138 2396 2237 2468 τὴν
2266 2396 2361 2451 τοῦ
2396 2396 2738 2468 Σολομῶντος
2757 2398 3133 2469 αἰχμαλωσίαν
3161 2399 3241 2461 εἰς
3277 2396 3374 2468 τὴν
3414 2393 3719 2466 Ἰδουμαίαν

2140 2488 2577 2559 παρεσκεύασαν,
2613 2489 3067 2559 κεκοινωνηκότες
3095 2489 3195 2559 τῆς
3218 2487 3559 2558 παρανομίας
3579 2485 3714 2539 ταύ-

2139 2597 2238 2650 της
2262 2583 2375 2644 τοῖς
2391 2580 2711 2651 ἀλλοφύλοις
2733 2597 2748 2611 ·
2775 2578 2868 2643 οὓς
2905 2579 3073 2651 ἐχρῆν
3106 2579 3337 2650 μάλιστα
3380 2575 3718 2647 ἀποσχέσθαι

2138 2671 2291 2724 τουτὶ
2311 2668 2549 2725 τοιοῦτον
2573 2670 2993 2743 διαπράξασθαι,
3022 2673 3100 2734 εἰς
3139 2671 3358 2741 μνήμην
3391 2665 3715 2740 ἐληλυθότας

2138 2758 2250 2812 τῶν
2278 2759 2580 2831 συνθηκῶν,
2635 2760 2700 2825 ἀς
2724 2763 2752 2815 ὅ
2786 2778 2847 2814 τε
2892 2761 3143 2833 Σολομὼν
3178 2760 3270 2814 καὶ
3312 2762 3340 2814 ό
3361 2759 3538 2813 αὐτῶν
3567 2756 3718 2828 βασι-

2140 2848 2266 2912 λεὺς
2295 2848 2436 2920 ὑπὲρ
2466 2851 2646 2919 φιλίας
2676 2853 2998 2923 ἐποιήσαντο
3039 2852 3174 2923 πρὸς
3201 2853 3482 2924 ἀλλήλους,
3526 2844 3601 2906 ὧν
3627 2849 3717 2903 οὐ·

2137 2936 2264 2990 δένα
2308 2940 2665 3009 ποιησάμενοι
2708 2940 2899 3008 λόγον,
2951 2942 3174 2996 τοιαῦτα
3231 2943 3545 3015 πεπράκασι
3577 2940 3672 2996 νῦν
3696 2957 3712 2971 ·

460 3006 601 3084 ὑπὲρ
626 3007 700 3069 ῶν
728 3015 792 3089 δὴ
813 3017 954 3072 κατά
992 3018 1215 3091 γνώμην
1247 3021 1386 3092 ἐμὴν
1425 3023 1667 3076 ἐπελθὼν
1708 3026 1736 3078 ό
1767 3022 2022 3096 πολέμιος
2044 3064 2059 3089 ,
2094 3024 2165 3077 τά
2199 3026 2350 3098 τείχη
2395 3006 2457 3080 τε
2501 3006 2679 3081 αὐτῶν
2723 3006 2985 3100 περιελεῖ,
3022 3032 3116 3084 καὶ
3156 3006 3594 3100 πᾶσαίάφανιεῖ
3619 3032 3721 3103 τὴν

461 3105 641 3160 πόλιν.

532 3200 698 3256 Vens.
739 3205 797 3257 ll
823 3245 838 3271 ,
879 3203 966 3258 12.
998 3236 1067 3245 -
1097 3224 1115 3257 ι
1146 3205 1272 3263 Haec
1321 3209 1454 3263 dicit
1505 3209 1811 3266 Dominus:
1869 3209 2035 3281 Super

2216 3208 2359 3278 Στίχ.
2395 3208 2681 3279 ια’,ιβ’.-ι
2708 3208 2846 3262 Τάδε
2868 3208 3014 3276 λέγει
3032 3208 3256 3279 Κύριος·
3298 3207 3420 3262 Ἑπί
3451 3212 3572 3272 ταῖς
3596 3227 3715 3281 τρι-

458 3291 643 3347 tribus
687 3291 935 3349 ldumaeae
984 3296 1287 3352 sceleribus
1328 3305 1382 3352 et
1420 3314 1585 3368 super
1625 3306 1880 3368 quatuor,
1929 3315 2038 3355 non

463 3383 758 3438 aversabor
789 3399 944 3453 eam,
976 3396 1261 3456 prepterea
1293 3390 1437 3459 quod
1478 3390 1579 3461 ipsi
1624 3392 1890 3461 persecuti
1929 3393 2041 3447 sint

464 3472 647 3542 gladio
671 3472 896 3529 fratrem
929 3491 1111 3532 suum.
1141 3476 1206 3531 Et
1235 3481 1448 3551 vulvam
1474 3480 1624 3536 humi
1657 3481 2035 3548 labefactavit,

461 3573 517 3618 et
542 3565 725 3635 rapuit
754 3566 808 3620 in
839 3566 1212 3623 testimonium
1245 3569 1526 3627 horrorem
1561 3588 1719 3628 suum
1743 3616 1759 3641 ,
1789 3583 1843 3629 et
1869 3575 2041 3644 impe-

462 3663 580 3710 tum
625 3658 865 3713 servavit
912 3674 1089 3730 usque
1127 3662 1194 3716 ad
1241 3664 1550 3721 victoriam.
1584 3665 1759 3720 iCum
1805 3667 2037 3736 plurima

353 3745 364 3756 ’
462 3763 751 3820 peccantes
777 3754 1030 3820 tulerim,
1075 3756 1191 3825 jam
1230 3758 1463 3815 ulterius
1504 3759 1886 3832 delinquentes
1927 3775 2035 3814 non

464 3841 675 3898 feram:
720 3846 1019 3913 praisertim
1062 3849 1189 3917 quia
1228 3849 1428 3903 bellum
1471 3851 1735 3906 adversus
1766 3851 2038 3907 lsraelitas

462 3943 912 3998 commoverunt,
950 3952 1128 4006 neque
1156 3940 1538 4009 cognationem
1584 3955 1709 3995 cum
1742 3942 1849 3996 illis
1886 3957 2040 3998 reve«

461 4025 554 4079 riti
584 4033 749 4090 sunt,
779 4035 835 4081 et
884 4028 1034 4096 quod
1086 4045 1152 4083 ex
1195 4028 1456 4085 fratribus
1502 4032 1722 4101 utrique
1772 4033 2037 4102 progeniti

461 4122 679 4182 essent;
708 4133 775 4172 ex
807 4117 952 4174 Esau
979 4119 1235 4175 videlicet
1263 4130 1425 4190 atque
1455 4120 1645 4177 Iacob.
1678 4123 1735 4177 Id
1764 4122 1910 4177 enim
1939 4122 2036 4180 dc-

463 4214 616 4261 notat
645 4206 817 4262 dielio
857 4207 1082 4277 fratrem
1110 4224 1285 4264 suum.
1315 4207 1434 4264 Jam
1468 4211 1635 4267 verba
1655 4250 1670 4275 ,
1705 4211 1909 4266 vulvam
1942 4212 2039 4266 Iut-

463 4301 537 4354 mi
570 4299 941 4371 labefactavit,
986 4299 1119 4356 dicit
1167 4316 1298 4372 pro,
1344 4301 1739 4360 interemerunt
1767 4319 1957 4360 omnes
1983 4314 2037 4359 et

461 4390 613 4446 humi
666 4399 1122 4465 prostraverunt:
1170 4393 1317 4465 quod
1353 4396 1576 4465 perinde
1606 4405 1723 4452 erat
1769 4405 1931 4467 atque
1978 4396 2034 4451 in

463 4494 763 4540 maternam
792 4485 1007 4540 vulvam
1039 4498 1283 4557 peccare.
1320 4485 1455 4542 Nam
1485 4488 1614 4558 quia
1658 4488 1855 4544 fratres
1898 4504 2036 4544 nunc

2144 3300 2227 3353 olv
2249 3298 2528 3361 ἀσεϐείαις
2554 3298 2654 3369 τῆς
2691 3299 2993 3370 Ἰδουμαίας
3031 3301 3123 3354 καὶ
3155 3300 3245 3353 ἐπὶ
3273 3303 3395 3364 ταῖς
3426 3302 3723 3372 τέσσαρσιν

2139 3394 2241 3444 οὐκ
2261 3391 2754 3462 ἀποστραφήσομαι
2788 3392 2978 3462 αὐτὴν,
3014 3392 3201 3445 ἕνεκεν
3221 3391 3314 3445 τοῦ
3338 3392 3527 3459 διῶξαι
3552 3393 3716 3447 αὐτὸν

2140 3484 2199 3535 ἐν
2253 3482 2495 3553 ῥομφαίᾳ
2529 3481 2620 3534 τὸν
2658 3482 2885 3551 ἀδελφὸν
2924 3482 3087 3537 αὐτοῦ
3111 3499 3124 3513 ·
3158 3483 3251 3538 καὶ
3277 3483 3579 3554 ἐλυμήνατο
3612 3485 3714 3555 μή·

2137 3590 2272 3644 τραν
2300 3574 2391 3626 ἐπὶ
2439 3572 2539 3642 τὴν
2565 3572 2667 3643 γῆν
2692 3587 2707 3602 ⁸
2748 3572 2843 3626 καὶ
2885 3573 3129 3645 ⁴ἥρπασεν
3152 3575 3231 3637 εἰς
3271 3571 3565 3644 μαρτύριον
3589 3572 3714 3644 φρί-

2137 3680 2241 3732 κην
2287 3661 2478 3716 ἑαυτοῦ
2506 3679 2519 3692 ·
2569 3664 2664 3716 καὶ
2711 3662 2772 3716 τὺ
2819 3664 3048 3735 ὅρμημα
3093 3662 3256 3717 αὐτοῦ
3315 3663 3577 3732 ἐφύλαξεν
3634 3665 3717 3726 εἰς

2138 3755 2284 3815 νῖκος
2313 3752 2450 3822 (26).
2495 3771 2515 3804 ι
2549 3752 2780 3805 Πλεῖστα
2802 3754 2902 3806 ὅσα
2939 3752 3277 3822 ἠσεϐηκότας
3318 3752 3575 3822 ἐνεγκὼν,
3623 3754 3717 3806 ἐπὶ

2138 3844 2388 3897 πλεῖστον
2413 3843 2752 3897 ἀσεϐούντων
2795 3844 2895 3897 οὐκ
2924 3843 3185 3912 ἀνέξομαι
3204 3859 3218 3874 ’
3264 3844 3358 3895 καὶ
3392 3843 3630 3913 μάλιστά
3652 3861 3716 3912 γε

2137 3936 2277 4005 ὑπὲρ
2331 3928 2404 3989 ὧν
2450 3934 2684 4005 πόλεμον
2712 3934 2856 3988 κατὰ
2906 3935 3014 3989 τῶν
3055 3933 3399 4005 Ἰσραηλιτῶν
3438 3934 3714 4003 ἐκίνησαν.

2135 4028 2257 4082 οὐδὲ
2307 4026 2404 4098 τὴν
2438 4027 2757 4095 συγγένειαν
2790 4025 3169 4096 αἰσχυνθέντες
3210 4027 3310 4097 τὴν
3336 4026 3471 4097 πρὸς
3499 4027 3716 4089 αὐτοὺς,

2135 4120 2232 4173 καὶ
2258 4120 2340 4172 ὅτι
2370 4118 2430 4183 ἐξ
2463 4117 2707 4187 ἀδελφῶν
2738 4114 2879 4189 ἦσαν
2907 4117 3060 4170 αὐτοί
3089 4134 3148 4170 τε
3183 4118 3276 4171 καὶ
3308 4113 3474 4183 οὗτοι,
3511 4118 3560 4170 οἰ
3620 4117 3721 4187 μὲν

2132 4211 2197 4263 ἐκ
2245 4208 2341 4263 τοῦ
2393 4208 2587 4272 Ἠσαῦ,
2619 4209 2668 4262 οἰ
2707 4208 2764 4262 δὲ
2818 4208 2880 4261 ἐκ
2921 4208 3029 4261 τῶν
3076 4206 3270 4262 Ἰακὼό
3314 4208 3713 4278 καταγόμενοι·

2132 4300 2291 4354 τοῦτο
2318 4300 2425 4372 γὰρ
2451 4296 2571 4353 εἷπε
2589 4318 2607 4351 ι
2635 4300 2726 4353 τὸν
2747 4299 2972 4367 ἀδελφὺν
2995 4298 3157 4354 αὐτοῦ
3177 4316 3191 4333 ·
3231 4318 3250 4350 ι
3272 4299 3333 4352 τὸ
3360 4299 3436 4363 δὲ,
3466 4317 3486 4351 ‹
3518 4297 3718 4369 ἐλυμή-

2134 4408 2261 4446 νατο
2295 4395 2505 4464 μήτραν
2528 4392 2619 4444 ἐπὶ
2647 4391 2745 4462 τὴν
2765 4390 2887 4461 γῆν,
2918 4408 2937 4441 ι
2964 4388 3110 4458 λέγει
3139 4390 3260 4444 ἀντὶ
3290 4388 3406 4452 τοῦ,
3429 4389 3717 4457 Κατέσφα-

2139 4483 2235 4548 ξαν
2272 4485 2517 4547 ἅπαντας
2566 4484 2661 4539 καὶ
2700 4485 2781 4546 εἰς
2807 4485 2910 4553 γῆν
2937 4484 3308 4552 κατήνεγκαν·
3346 4480 3483 4552 ὅπερ
3523 4476 3592 4551 ἦν
3635 4482 3717 4543 εἰς

461 4577 679 4647 eupavit
696 4616 711 4643 ,
742 4584 930 4647 utpote
954 4593 1023 4632 ex
1050 4577 1314 4636 fratribus
1341 4587 1500 4636 natos
1521 4620 1534 4645 ,
1562 4580 1738 4634 vulvae
1762 4580 2035 4635 excidium

2142 4574 2239 4644 τὴν
2258 4572 2522 4627 τεκοῦσαν
2547 4572 2743 4635 αὐτοὺς
2763 4573 2976 4643 μήτραν
2992 4570 3448 4642 πλημμελούντων
3464 4586 3475 4600 ·
3493 4571 3569 4639 (p.
3594 4569 3717 4633 151)

462 4667 753 4736 appellavit
784 4668 1013 4724 fratrum
1045 4671 1377 4727 occisionem
1406 4712 1421 4738 ,
1449 4673 1607 4739 quasi
1652 4672 1832 4728 istboc
1876 4671 2039 4726 modo

464 4755 520 4807 in
563 4769 907 4812 communem
954 4767 1184 4815 matrem
1229 4768 1571 4828 peccassent.
1613 4759 1909 4813 Patrarunt
1939 4774 2037 4814 au-

463 4851 573 4897 tem
604 4841 865 4899 adversus
893 4846 1017 4900 illos
1047 4847 1332 4902 horribilia
1355 4888 1368 4911 ,
1400 4862 1509 4915 quo
1558 4845 1738 4916 majus
1784 4848 2035 4902 testimo-

466 4930 616 4984 nium
638 4932 979 4989 erudelitatis
1002 4950 1113 4990 sua!
1136 4935 1512 5005 spectantibus
1532 4936 1900 5005 perhiberent.
1927 4937 2033 4994 Sed

464 5030 522 5075 et
563 5021 766 5092 impetu
812 5025 987 5079 multo
1029 5039 1092 5080 ac
1120 5026 1425 5082 vehementi
1475 5027 1529 5081 in
1573 5040 1670 5083 eos
1715 5027 2032 5093 irruerunt,

465 5113 652 5168 odium
682 5128 842 5168 suum
873 5115 941 5170 ad
972 5114 1131 5171 linem
1165 5117 1324 5186 100
1353 5131 1524 5186 usque
1567 5125 1757 5172 contra
1801 5134 1898 5174 eos
1942 5120 2034 5175 de-

468 5212 838 5259 monstrantes
873 5222 888 5260 :
922 5219 1046 5259 nam
1071 5227 1089 5254 ι
1116 5209 1354 5260 servavit
1377 5222 1551 5276 usque
1580 5207 1647 5261 ad
1677 5206 1983 5275 victoriam,
2010 5224 2028 5257 ι

469 5295 614 5350 hunc
642 5310 863 5351 sensum
891 5296 1075 5351 habet.
1109 5295 1337 5365 Propter
1366 5294 1479 5350 haec
1505 5305 1685 5351 autem
1719 5299 1850 5369 quid
1874 5299 1898 5351 ?
1923 5315 1943 5349 ι
1976 5297 2042 5351 Et

469 5386 761 5441 immittam
815 5386 997 5455 ignem
1053 5385 1109 5440 in
1142 5382 1436 5449 Thrmau,
1486 5394 1540 5442 et
1586 5389 1803 5443 vorabit
1847 5386 2042 5442 funda-

470 5483 653 5530 menta
682 5476 945 5530 niteuium
987 5476 1128 5545 ejus.
1165 5496 1185 5530 ι
1213 5476 1472 5533 Thazman
1517 5478 1877 5534 ldumaeorum
1921 5488 2040 5535 erat

472 5562 603 5619 urbs
654 5565 1021 5634 spectabilior.
1072 5567 1351 5624 Adducam
1408 5570 1590 5641 itaque
1639 5569 1749 5625 illis
1796 5570 2031 5637 bellum,

2143 4664 2330 4735 ἐπειδὴ
2367 4663 2474 4734 γὰρ
2504 4663 2764 4730 ἀδελφοὺς
2782 4662 3064 4733 ὠνόμασεν
3091 4662 3167 4725 ὡς
3201 4661 3260 4727 ἐξ
3291 4661 3532 4730 ἀδελφῶν
3554 4677 3721 4713 τετε-

2140 4754 2395 4824 γμένους,
2422 4751 2599 4820 λύμην
2639 4752 2849 4821 μήτρας
2876 4751 3125 4822 ὠνόμασε
3174 4752 3274 4822 τὴν
3320 4750 3429 4804 τῶν
3473 4750 3719 4820 ἀδελφῶν

2141 4845 2441 4915 ἀναίρεσιν,
2467 4841 2542 4905 ὡς
2579 4841 2646 4895 ἂν
2672 4843 2752 4905 εἰς
2776 4843 2875 4914 τὴν
2896 4843 3081 4914 κοινὴν
3113 4844 3324 4915 μητέρα
3346 4841 3520 4912 τούτῳ
3541 4842 3717 4912 λυμη-

2141 4932 2388 5003 ναμένων
2415 4930 2494 5001 τῷ
2526 4931 2731 5002 τρόπῳ.
2752 4932 3090 5003 Πεποιήκασί
3118 4933 3394 5004 τε,φησὶν,
3422 4934 3502 4996 εἰς
3524 4933 3719 4995 αὐτοὺς

2143 5025 2345 5095 φρίκης
2381 5024 2570 5093 μεστά,
2612 5024 2698 5076 ἰνα
2740 5023 2960 5095 μείζονα
2987 5025 3088 5095 τὴν
3124 5025 3430 5096 μαρτυρίαν
3456 5024 3557 5094 τῆς
3590 5024 3716 5076 ἐαυ-

2143 5113 2250 5169 τῶν
2277 5112 2556 5183 ὠμότητος
2582 5113 2971 5184 παράσχωνται
3010 5117 3123 5177 τοῖς
3155 5113 3320 5182 ὁρῶσι
3346 5132 3358 5144 ·
3392 5115 3487 5168 καὶ
3518 5112 3581 5183 δὴ
3620 5113 3717 5166 καὶ

2142 5205 2286 5275 ὁρμῇ
2323 5203 2486 5275 πολλῇ
2526 5221 2632 5257 τινι
2663 5205 2756 5258 καὶ
2803 5204 3004 5275 σφοδρᾷ
3036 5205 3156 5258 κατ’
3184 5205 3363 5259 αὐτῶν
3392 5207 3715 5276 ἐχρήσαντο,

2144 5296 2270 5366 ἀχρι
2298 5294 2484 5360 τέλους
2529 5297 2629 5368 τὴν
2675 5297 2845 5368 αὐτὴν
2878 5294 2975 5349 τοῦ
3005 5296 3194 5368 μίσους
3240 5297 3369 5369 περὶ
3388 5296 3582 5358 αὐτοὺς
3603 5296 3720 5348 ἐπι-

2145 5383 2445 5457 δειξάμενοι
2501 5385 2725 5458 γνώμην
2750 5404 2762 5418 ·
2790 5387 2851 5441 τὸ
2877 5387 3004 5458 γάρ,
3031 5407 3049 5438 ι
3084 5387 3346 5456 ἐφύλαξεν
3380 5389 3460 5452 εἰς
3494 5389 3666 5451 νῖκος,
3693 5407 3711 5439 ι

2141 5474 2299 5531 τοῦτο
2327 5478 2492 5546 λέγει.
2537 5478 2705 5550 Ὑπὲρ
2728 5479 2784 5531 δὲ
2812 5478 3017 5534 τούτων
3046 5479 3132 5546 τίς
3169 5497 3189 5530 ι
3229 5480 3340 5534 Καὶ
3374 5478 3718 5545 ἐξαποστελῶ

2143 5567 2253 5640 πῦρ
2267 5570 2346 5632 εἰς
2367 5567 2602 5638 Θαιμάν,
2626 5568 2720 5621 καὶ
2736 5568 3109 5639 καταφάγεται
3123 5569 3350 5642 θεμέλια
3378 5569 3604 5640 τειχέων
3621 5569 3718 5623 uti-

550 5746 662 5818 (26)
710 5744 876 5803 Nobis
906 5747 1143 5818 placeret
1175 5749 1347 5820 magis
1378 5748 1541 5803 lectio
1572 5747 1973 5837 Counpluteysis
2006 5766 2029 5801 ε

2138 5749 2309 5813 ιεῖκος,
2344 5750 2412 5806 ad
2441 5750 2848 5809 (curculionem.
