4102 6504
330 384 453 440 Ξὸδ
1412 389 1911 449 COMMENTARIU

2015 392 2069 448 lN
2107 394 2320 450 AMOSI
2361 395 2514 452 CAP.
2549 396 2612 452 II.
3539 397 3647 453 255

323 500 461 570 τῆς.
479 519 498 550 ι
531 496 747 569 Θαιμάν
783 498 895 553 τῶν
911 497 1359 576 Ἰδουμαίωνῆνὴ
1383 506 1745 578 περίϐλεπτος
1766 506 1911 570 πόλις

2015 558 2020 568 ,
2049 506 2195 578 quod
2229 509 2524 563 maximam
2555 509 2774 564 illorum
2807 515 2863 565 et
2900 507 3415 579 imperiosissimam
3451 510 3642 564 urbem

339 591 578 656 Ἑπάξω
602 590 782 647 τοίνυν
807 592 1013 659 αὐτοῖς,
1032 592 1187 664 φησὶ,
1214 594 1308 648 τὸν
1328 594 1580 667 πόλεμον,
1597 597 1657 661 ὃς
1673 596 1769 668 τὴν
1791 598 1911 668 μεγί

2050 616 2278 671 prorsus
2308 610 2625 665 consumet,
2677 609 2844 672 atque
2877 617 2905 655 a
2941 602 3315 660 fundamentis
3346 618 3473 660 cum
3507 618 3645 659 mte-

325 700 477 754 στην
505 684 687 737 αὐτῶν
714 684 811 736 καὶ
846 682 1278 756 βασιλικωτάτην
1295 686 1449 740 πόλιν
1493 687 1775 750 παντελῶς
1797 689 1911 757 ἀφα

2050 691 2213 747 nibus
2242 692 2359 747 suis
2388 693 2680 746 convellct.

325 780 465 841 νιεῖ,
486 777 554 830 ὲκ
584 775 802 847 βάθρων
829 775 1001 847 αὐτὴν
1026 775 1166 843 μετὰ
1195 776 1307 831 τῶν
1346 777 1541 848 τειχῶν
1592 779 1936 844 ἀνασπάσας.
3628 836 3631 837 ,

408 867 562 938 Στίχ,
606 873 792 937 ιγ’-ιε’.
825 898 899 911 -
929 886 949 919 ι
984 868 1121 923 Τάδε
1159 869 1308 937 λέγει
1367 870 1601 945 Κύριος·
1638 872 1764 925 Ἐπί
1818 876 1911 927 ταῖ

2118 865 2286 923 Vsus.
2320 868 2505 923 13-15.
2534 898 2588 908 —
2633 886 2651 920 ι
2677 866 2804 923 Haec
2832 867 2965 924 dicit
2991 867 3260 924 Dominus
3288 887 3302 923 :
3337 868 3515 939 Super
3545 868 3640 922 tri-

320 961 521 1029 τρισὶν
554 959 835 1025 ἀσεϐείαις
870 959 1002 1012 υἱῶν
1045 960 1272 1032 Ἀμμῶν
1300 962 1396 1015 καὶ
1433 964 1530 1015 ἐπὶ
1552 965 1672 1026 ταῖς
1698 964 1911 1036 τέσσαρ

2041 958 2145 1015 bus
2175 961 2478 1016 sceleribus
2508 960 2743 1015 ﬁliorum
2778 961 3067 1016 Ammonis
3097 970 3151 1016 et
3188 975 3354 1030 super
3401 968 3638 1030 quatuor

323 1067 421 1104 σιν
460 1051 567 1105 οὐκ
593 1050 1091 1123 ἀποστραφήσομαι
1144 1053 1362 1116 αὐτοὺς,
1396 1054 1512 1107 ἀνθ’
1548 1048 1623 1108 ὧν
1648 1055 1911 1127 ἀνέσχιζο¹

2040 1068 2148 1106 non
2210 1052 2507 1107 aversabor
2550 1067 2682 1117 eos,
2731 1060 3019 1122 propterea
3074 1051 3222 1121 quod
3271 1051 3637 1107 dissecuerint

315 1146 433 1207 τὰς
492 1145 557 1197 ἐν
606 1144 809 1215 γαστρὶ¹
857 1144 1090 1215 ἐχούσας
1137 1145 1244 1200 τῶν
1276 1147 1643 1212 Γαλααδιτῶν,
1690 1150 1838 1212 ὅπως
1867 1150 1911 1204 ἀπ

2039 1152 2383 1216 ρνξιιειιειηιεε
2414 1143 2857 1209 Galaaditarum,
2910 1155 2969 1199 ut
3012 1144 3311 1200 dilatarent
3364 1141 3635 1197 terminos

318 1232 652 1287 πλατύνωσι
679 1232 750 1286 τά
804 1234 931 1306 ὅρια
967 1234 1165 1289 αὐτῶν.
1218 1236 1328 1292 Καὶ
1360 1238 1552 1308 ἁνάψω
1601 1238 1714 1312 πῦρ
1744 1241 1838 1295 ἐπὶ
1862 1241 1933 1296 τά

314 1323 490 1396 τείχη
530 1325 771 1379 Ῥαϐϐάο
830 1326 925 1379 καὶ
972 1329 1351 1396 καταφάγεται
1393 1329 1462 1383 τὰ
1501 1314 1728 1402 θεμέλια
1761 1332 1929 1404 αὐτῆς

326 1416 481 1488 μετά
522 1421 773 1489 κραυγῆς
822 1420 882 1473 ἐν
902 1419 1086 1491 ἡμέρᾳ
1129 1420 1390 1492 πολέμου,
1427 1422 1503 1494 (p.
1535 1423 1660 1493 152)
1696 1426 1790 1478 καὶ
1819 1441 1931 1478 σει-

320 1505 596 1576 σθήσεται
628 1508 687 1560 ἐν
716 1508 903 1581 ἡμέρᾳ
937 1510 1246 1574 συντελείας
1274 1512 1465 1581 αὐτῆς,
1484 1514 1578 1566 καὶ
1604 1514 1929 1586 πορεύσεται

316 1596 566 1667 Μελχὸμ
592 1598 652 1651 ἐν
680 1598 1050 1672 αἰχμαλωσίᾳ,
1080 1601 1129 1653 οἰ
1158 1602 1325 1673 ἱερεῖς
1357 1602 1512 1655 αὐτοὶ
1547 1603 1642 1656 καὶ
1665 1603 1927 1675 ἄρχοντες

317 1689 515 1744 αὐτῶν
546 1690 641 1744 ἐπὶ
666 1689 731 1743 τὸ
752 1690 907 1754 αὐτὸ,
929 1690 1079 1761 λέγει
1111 1692 1334 1764 Κύριος.
1379 1712 1399 1746 ι
1441 1694 1521 1748 Τά
1545 1695 1708 1767 ὃμοια
1740 1695 1804 1768 δὴ
1833 1697 1928 1751 καὶ

318 1781 462 1850 περὶ
494 1779 702 1835 τούτων
721 1780 917 1845 εἰπὼν,
947 1782 1091 1854 ὑπὲρ
1107 1782 1295 1838 τούτου
1331 1785 1568 1855 μάλιστα
1597 1786 1927 1855 ἀγανακτεῖν

2036 1252 2189 1293 suos.
2220 1237 2290 1292 Et
2314 1237 2649 1292 succendam
2678 1237 2857 1308 ignem
2886 1251 3054 1307 super
3083 1235 3287 1291 moenia
3317 1233 3520 1290 Rabba:
3543 1272 3557 1297 ,
3580 1241 3635 1287 et

2034 1330 2319 1385 devorabit
2344 1328 2696 1384 fundamenta
2724 1329 2846 1397 ejus
2873 1344 2996 1384 cum
3022 1328 3235 1383 ululatu
3264 1328 3317 1382 in
3349 1327 3438 1382 die
3469 1326 3592 1382 belli
3613 1363 3629 1385 .

2032 1420 2577 1491 cteonquassabitur
2622 1421 2676 1475 in
2705 1420 2795 1475 die
2825 1420 3321 1476 consummationis
3371 1419 3515 1488 ejus.
3563 1416 3632 1471 Et

2032 1513 2131 1567 ibit
2159 1510 2429 1566 Melchom
2466 1513 2521 1566 in
2551 1511 2957 1583 captivitatem,
2991 1511 3308 1567 sacerdotes
3337 1511 3458 1580 ejus
3485 1510 3631 1580 prin-

2031 1605 2289 1676 cipesque
2329 1602 2530 1668 simul,
2562 1603 2699 1660 dicit
2734 1602 3021 1659 Dominus.
3040 1586 3071 1656 ἰ
3090 1603 3248 1658 Paria
3282 1601 3350 1656 de
3383 1601 3469 1658 bis
3497 1616 3630 1672 quo-

2028 1714 2135 1767 que
2156 1697 2366 1759 dicens,
2388 1696 2555 1752 irasci
2580 1703 2761 1752 tamen
2790 1696 3146 1768 potissimum
3176 1694 3284 1750 illis
3310 1693 3441 1749 dicit
3460 1736 3475 1759 ,
3497 1691 3627 1762 quia

2032 1789 2399 1844 lsraelitarum
2430 1798 2773 1859 praegnantes
2802 1789 3185 1844 dissecuerant
3205 1827 3220 1850 ,
3255 1786 3627 1841 Damasceno-

315 1871 480 1939 λέγει
510 1873 636 1926 κατ’
682 1873 886 1937 αὐτῶν,
911 1876 994 1928 ὅτι
1026 1875 1133 1929 τῶν
1173 1876 1522 1947 Ἰσραηλιτῶν
1550 1878 1649 1942 τὰς
1696 1878 1911 1947 ἐγκύους

2033 1896 2150 1935 rum
2181 1851 2446 1935 saevitiem
2472 1851 2668 1934 imitati
2695 1897 2709 1945 ;
2746 1886 3036 1950 sperantes
3062 1879 3277 1939 scilicet
3301 1885 3471 1932 totam
3498 1892 3626 1948 gen-

315 1960 653 2032 ἁνέσχιζον,
693 1963 795 2033 τὴν
836 1965 1216 2036 Δαμασκηνῶν
1256 1966 1516 2038 ὠμότητα
1566 1969 1927 2040 μιμούμενοι·

316 2053 507 2107 ἐλπίδι
537 2052 633 2108 τοῦ
658 2054 952 2109 ἀπολλύειν
984 2057 1090 2127 μὲν
1126 2055 1274 2112 ἅπαν
1309 2059 1369 2111 τὸ
1412 2060 1565 2124 ἔθνος
1597 2061 1686 2115 διὰ
1717 2063 1814 2132 τῆς
1849 2065 1930 2127 είς

312 2146 428 2209 τὰς
467 2145 705 2215 ἐγκύους
760 2149 1137 2218 παρανομίας·
1197 2151 1428 2205 κτᾶσθαι
1474 2152 1530 2205 δὲ
1562 2154 1660 2226 τὴν
1702 2154 1925 2209 ἐκείνων

312 2235 537 2308 χώραν,
567 2237 645 2301 ὡς
694 2236 761 2291 ἂν
803 2236 1029 2307 μείζονα
1075 2237 1176 2312 τὴν
1214 2238 1428 2312 οἴκησιν
1473 2242 1797 2313 ἐργάσαιντο
1827 2243 1924 2314 τὴν

311 2330 558 2384 οἰκείαν.
597 2329 983 2384 Ἐπελεύσεται
1016 2330 1103 2403 δὴ.
1140 2333 1327 2402 φησιν.
1363 2333 1501 2404 ὑπὲρ
1531 2333 1737 2389 τούτων
1767 2338 1796 2388 ὁ
1822 2352 1921 2388 πο-

311 2422 536 2492 λέμιος,
582 2422 764 2478 πάντα
788 2423 890 2496 μὲν
926 2423 1140 2494 ἀφελὼν
1172 2425 1271 2496 τῆς
1297 2425 1506 2480 Ῥαϐϐἀ
1534 2426 1713 2498 τείχη,
1740 2428 1774 2499 ἢ
1815 2444 1922 2499 μη-

311 2512 581 2583 τρόπολις
608 2514 789 2568 αὐτῶν
815 2513 1052 2587 ὑπάρχει
1078 2530 1092 2544 ·
1130 2516 1195 2570 ἐκ
1225 2514 1439 2588 βάθρων
1461 2515 1516 2569 δὲ
1533 2517 1790 2570 ἀνασπῶν
1822 2517 1920 2588 τὴν

312 2604 501 2671 πόλιν,
538 2603 636 2676 καὶ
675 2604 931 2660 τοσοῦτον
974 2605 1224 2672 ἐξάπτων
1269 2608 1391 2661 κατ’
1420 2607 1600 2662 αὐτῶν
1636 2607 1728 2661 τὸν
1758 2607 1920 2661 πόλε-

314 2710 448 2765 μον,
502 2693 581 2759 ὡς
638 2695 950 2767 ἀφορήτρυς
1005 2695 1099 2749 ἐπὶ
1152 2697 1265 2759 τοῖς
1309 2697 1617 2768 γινομένοις
1659 2696 1761 2761 τὰς
1810 2696 1921 2751 τῶν

309 2787 646 2859 πασχόντων
701 2788 967 2858 ὀλολυγάς
1024 2789 1438 2845 ἀποτελεῖσθαιο
1483 2791 1624 2863 αὐτὴ
1677 2791 1776 2863 μὲν
1826 2786 1922 2847 οὖν

307 2877 599 2936 ἀπώλειαν
641 2880 906 2952 ὑπομενεῖ
957 2881 1196 2955 παντελῆ
1212 2897 1229 2914 ·
1274 2881 1339 2937 τὸ
1386 2884 1445 2938 δὲ
1486 2884 1704 2938 εἴδωλον
1741 2883 1923 2939 αὐτῶν

2029 1979 2135 2027 tem
2180 1972 2408 2041 perdere
2447 1987 2545 2041 per
2590 1972 2693 2026 hoc
2735 1972 3002 2027 adversus
3042 1969 3185 2026 fetas
3237 1972 3460 2026 scelus:
3507 1969 3627 2023 illo-

2028 2080 2149 2118 rum
2181 2064 2404 2134 insuper
2434 2064 2713 2135 regionem
2748 2063 3067 2134 possidere,
3099 2070 3161 2116 ut
3192 2062 3441 2117 latiorem
3471 2062 3624 2117 inco-

2030 2157 2199 2211 latum
2234 2158 2519 2212 haberent.
2553 2156 2658 2211 Sed
2694 2156 3084 2226 superveniet,
3135 2154 3348 2226 inquit,
3395 2155 3469 2209 ob
3506 2154 3622 2209 haec

2034 2245 2207 2302 hostis
2229 2285 2244 2309 ,
2274 2246 2368 2314 qui
2412 2243 2618 2300 Bebbae
2650 2244 2853 2299 mmnia
2881 2245 3167 2311 destruet,
3198 2260 3322 2315 quae
3349 2253 3469 2299 erat
3495 2244 3621 2298 illo-

2022 2352 2142 2391 rum
2192 2336 2533 2406 metropolis.
2588 2334 2763 2391 Porro
2807 2336 2944 2391 urbe
2988 2350 3019 2389 a
3067 2334 3439 2391 fundamentis
3491 2350 3624 2405 per-

2020 2435 2185 2484 eunte
2205 2470 2220 2493 ,
2250 2435 2514 2498 tantoque
2543 2428 2775 2484 ardente
2796 2428 2939 2483 bello
2960 2469 2975 2496 ,
3000 2427 3373 2483 intolerabiles
3399 2428 3470 2482 ob
3497 2441 3619 2482 eam

2016 2502 2134 2575 rem
2171 2520 2501 2575 extollentur
2542 2521 2867 2591 patientium
2918 2521 3181 2576 ululatus.
3237 2519 3380 2576 Urbs
3434 2520 3621 2590 itaque

2020 2626 2337 2682 supremum
2369 2611 2595 2667 exitium
2625 2612 2977 2682 experietur:
3008 2613 3251 2682 ipsorum
3282 2618 3464 2666 autem
3496 2610 3618 2665 ido-

2019 2703 2165 2765 lum,
2216 2701 2486 2756 Melchom
2530 2703 2901 2770 appellatum,
2946 2701 3250 2757 abducetur
3289 2700 3497 2769 pariter
3533 2714 3621 2753 ea-

2020 2794 2227 2864 ptivum
2282 2807 2409 2847 cum
2457 2791 2840 2847 sacerdotibus
2888 2790 3105 2846 cunctis
3152 2804 3217 2844 ac
3260 2788 3610 2860 principibus

2024 2882 2233 2956 pOpttli.

304 2972 547 3045 Μελχὺμ
606 2972 749 3029 οὕτω
792 2975 1335 3048 προσαγορευόμενον
1392 2977 1773 3048 ἀπαχθήσεται
1819 2975 2169 3050 αἰχμάλωτον
2235 2977 2459 3029 κάκεῖνο
2506 2974 2604 3028 σὺν
2647 2972 2820 3029 ἅπασι
2861 2975 2974 3039 τοῖς
3024 2989 3085 3027 τε
3146 2970 3488 3044 ίερατεύουσι
3519 2970 3616 3024 καὶ

303 3064 430 3125 τοῖς
455 3062 687 3134 ἄρχουσι
711 3063 807 3117 τοῦ
839 3063 995 3120 λαοῦ.

958 3156 1139 3235 xeo.
1178 3158 1254 3211 ιιι.

382 3244 540 3320 Στίχ.
578 3252 736 3317 α’-Τ,
763 3277 839 3291 --
873 3266 894 3300 ι
941 3250 1080 3305 Τάδε
1125 3249 1276 3319 λέγει
1329 3250 1569 3322 Κύριος*
1615 3251 1738 3306 Ἐπὶ
1781 3253 1902 3316 ταῖς

303 3336 495 3409 τρισὶν
543 3336 826 3403 ἀσεϐείαις
855 3338 1030 3392 Μωάϐ
1061 3340 1157 3393 καὶ
1192 3340 1285 3393 ἐπὶ
1323 3342 1445 3405 ταῖς
1475 3341 1770 3412 τέσσαρσιν
1802 3342 1904 3395 οὐκ

304 3427 817 3498 ἀποστραφήσομαι
863 3426 1058 3493 αὐτὸν,
1100 3428 1218 3482 ἀνθ’
1258 3425 1336 3482 ῶν
1382 3429 1731 3482 κατέκαυσαν
1764 3428 1905 3481 ὀστᾶ

309 3517 583 3586 βασιλέως
629 3518 933 3587 Ἰδουμαίας
974 3521 1053 3582 εἰς
1095 3521 1299 3575 κονίαν.
1348 3539 1368 3572 ι
1407 3521 1531 3573 Ὀτι
1566 3520 1664 3591 μὲν
1693 3514 1784 3575 οὖν
1815 3518 1904 3574 διά

308 3610 543 3665 πάντων
578 3610 689 3665 τῶν
726 3610 932 3666 λοιπῶν
982 3613 1331 3685 παρανομίας
1374 3612 1522 3682 λέγει
1572 3612 1681 3665 τῶν
1710 3609 1900 3676 ἐθνῶν,

304 3700 373 3764 ἃς
418 3700 567 3754 κατά
596 3699 694 3755 τοῦ
738 3701 957 3773 Ἰσραὴλ
988 3704 1435 3775 ἐμηχανήσαντο,
1463 3702 1649 3774 δῆλονο
1699 3704 1760 3756 οὐ
1797 3700 1903 3773 μὴν

305 3793 430 3847 οὐδὲ
469 3793 712 3848 ἐνταῦθα
746 3793 860 3849 τῶν
910 3796 1286 3867 προκειμένων
1322 3795 1631 3861 ἐναλλάξας
1676 3793 1904 3849 ἀκολου-

305 3887 454 3950 θίαν,
490 3885 511 3956 (
528 3901 582 3956 p.
611 3886 754 3955 155)
786 3887 875 3942 ἐπ’
904 3887 1111 3958 ἐκδικίᾳ
1155 3885 1252 3940 τοῦ
1284 3886 1550 3959 βασιλέως
1600 3886 1905 3957 Ἰδουμαίας

306 3978 541 4049 ἐπάγειν
569 3978 748 4033 ταῦτά
772 3993 966 4051 φησιν·
1007 3980 1064 4042 ὃς
1093 3996 1155 4047 γε
1183 3983 1277 4033 καὶ
1320 3978 1638 4051 Ἰδουμαίοις
1656 3978 1724 4032 τὰ
1742 3979 1906 4049 ὃμοια

305 4072 365 4124 ἐν
404 4070 523 4134 τοῖς
570 4070 872 4141 ἀνωτέροις
924 4070 1236 4142 ἠπειληκὼς
1278 4064 1480 4128 ὦπται.
1542 4071 1680 4125 Ἀλλ’
1713 4071 1903 4143 ἐπειδὴ

303 4159 335 4211 ὁ
360 4158 462 4229 μὲν
493 4157 607 4212 τῶν
652 4158 968 4230 Ἰδουμαίων
1002 4160 1255 4230 βασιλεὺς
1280 4161 1556 4233 ἠϐουλήθη
1596 4163 1729 4217 ποτὲ
1760 4162 1897 4232 πρὸς

304 4249 533 4320 εἰρήνην
566 4249 663 4303 καὶ
717 4250 904 4318 φιλίαν
941 4250 1127 4306 νεῦσαι
1179 4251 1289 4307 τῶν
1330 4253 1716 4325 Ἰσραηλιτῶν,
1771 4256 1907 4322 ἀγα-

303 4342 686 4413 νακτήσαντες
722 4342 781 4397 δὲ
828 4343 922 4398 ἐπὶ
955 4343 1167 4408 τούτοις
1197 4344 1250 4400 οἱ
1294 4344 1584 4400 Μωαϐῖται
1632 4346 1904 4416 ἐπεστράο

304 4434 509 4487 τευσάν
531 4451 593 4487 τε
621 4433 766 4488 κατά
791 4434 892 4508 τῆς
933 4435 1240 4508 Ἰδουμαίας
1266 4436 1532 4510 ἀπεχθείᾳ
1549 4436 1657 4490 τῶν
1697 4438 1906 4508 Ἰσραη-

1933 3166 1977 3225 α

2676 3149 2830 3206 CAP.
2873 3150 2939 3206 Il.

2077 3246 2231 3317 101
2253 3241 2423 3299 Vens.
2440 3242 2558 3299 1-5.
2576 3271 2649 3286 υ-
2668 3263 2688 3296 ι
2710 3242 2836 3299 Haec
2856 3244 2991 3299 dicit
3013 3243 3277 3299 Dominus
3293 3261 3309 3300 :
3325 3243 3501 3313 Super
3520 3241 3592 3297 tri

2004 3338 2108 3395 bus
2121 3336 2419 3395 sceleribus
2452 3334 2611 3390 Moab
2639 3343 2693 3390 et
2719 3350 2886 3405 super
2915 3344 3153 3406 quatuor
3181 3350 3291 3390 non
3322 3333 3615 3390 aversabor

2004 3444 2231 3495 eum,eo
2246 3427 2389 3499 quod
2407 3425 2770 3482 combusserit
2786 3441 2911 3482 ossa
2931 3427 3071 3498 regis
3088 3425 3334 3481 Idumacze
3351 3440 3522 3496 usque
3543 3427 3612 3479 ad

2005 3522 2268 3576 cinerem.
2296 3538 2316 3572 ι
2367 3516 2525 3585 Quod
2554 3517 2610 3571 in
2644 3518 2872 3587 reliquis
2899 3518 3113 3573 cunctis
3139 3515 3284 3572 dicat
3326 3516 3611 3571 nationum

2006 3612 2347 3681 iniquitates,
2391 3623 2531 3680 quas
2579 3617 2771 3663 contra
2808 3608 3064 3665 Israelem
3094 3608 3301 3662 molita:
3335 3616 3485 3671 sunt,
3515 3621 3610 3661 ex-

2012 3702 2289 3772 ploratum
2325 3708 2433 3756 est.
2474 3698 2542 3753 Et
2566 3699 2787 3769 quidem
2825 3697 2927 3752 hoc
2966 3697 3097 3753 item
3131 3698 3252 3752 loco
3291 3696 3439 3750 haud
3478 3710 3609 3749 mu-

2010 3799 2126 3848 tato
2152 3792 2429 3848 sermonis
2453 3799 2668 3855 tenore,
2692 3794 2764 3848 ob
2795 3789 3187 3846 vindicandum
3226 3788 3482 3843 Idumaeae
3508 3802 3601 3843 re-

2008 3900 2129 3956 gem
2156 3883 2271 3938 haec
2303 3898 2364 3938 se
2396 3881 2698 3955 adjungere
2727 3884 2797 3936 ait
2823 3901 2838 3950 ;
2869 3897 2993 3937 cum
3028 3889 3212 3936 tamen
3247 3881 3301 3934 in
3339 3879 3595 3951 superio—

2006 3976 2166 4032 ribus
2222 3977 2376 4046 paria
2423 3975 2817 4031 interminatus
2862 3970 3116 4030 Idumaﬁs
3159 3974 3429 4029 videatur.
3489 3969 3598 4026 Sed

2007 4069 2140 4141 quia
2171 4084 2267 4124 rex
2292 4068 2543 4124 Idumaza:
2595 4067 2888 4138 aliquando
2950 4067 3116 4121 voluit
3161 4080 3351 4136 pacem
3405 4064 3600 4119 amici-

2010 4162 2255 4230 tiamque
2288 4176 2414 4216 curn
2451 4159 2716 4216 lsraelitis
2751 4173 3102 4230 componere,
3147 4157 3418 4226 indignati
3449 4157 3521 4212 ob
3546 4154 3603 4210 id

2009 4251 2263 4308 Moabitae
2292 4252 2439 4307 bello
2470 4252 2865 4322 appetiverunt
2917 4249 3209 4304 ldumaaam
3240 4249 3369 4304 odio
3422 4247 3606 4305 Israe-

2008 4343 2231 4397 Iitarum
2268 4362 2280 4397 :
2314 4351 2369 4398 et
2416 4358 2542 4397 cum
2587 4343 2832 4397 victores
2885 4339 3248 4405 exstitissent,
3284 4353 3384 4395 ceu
3427 4339 3604 4393 victo-

2009 4435 2146 4489 riale
2170 4430 2445 4505 quoddam
2481 4432 2817 4487 sacriﬁcium
2840 4430 3003 4486 idolis
3027 4430 3149 4486 suis
3177 4431 3324 4500 regis
3351 4428 3603 4484 Idumaeae

302 4522 490 4585 λιτῶν.
542 4525 646 4586 καὶ
667 4525 1017 4597 νενικηκότες
1051 4525 1241 4598 ὥσπερ
1268 4527 1391 4581 τινὰ
1413 4527 1603 4582 θυσίαν
1630 4527 1897 4582 ἐπινίκιον

2015 4525 2322 4580 obtulerunt
2356 4523 2767 4585 maetationem,
2792 4521 2902 4575 imo
2928 4522 3187 4590 ipsumet
3212 4521 3598 4576 holocaustum

301 4617 419 4679 τοῖς
462 4615 709 4681 εἰδώλοις
743 4619 861 4682 τοῖς
896 4617 1118 4682 οἰκείοις
1147 4617 1244 4673 τοῦ
1285 4618 1549 4690 βασιλέως
1576 4620 1678 4691 τῆς
1740 4620 1902 4674 Ἰδου-

308 4706 479 4776 μαίας
508 4710 867 4778 προσήγαγον
909 4707 1011 4779 τὴν
1061 4709 1307 4782 σφαγὴν,
1338 4710 1419 4764 ἔτι
1460 4712 1552 4765 καὶ
1601 4710 1903 4765 ὁλοκαυτὼ-

307 4811 504 4859 σαντες
552 4797 719 4851 αὐτὸν
778 4797 875 4850 ἐπὶ
921 4799 988 4869 τῇ
1038 4795 1219 4871 θυσίᾳ.
1273 4800 1445 4855 Τοῦτο
1489 4798 1583 4856 οὖν
1638 4802 1786 4871 λέγει
1815 4802 1898 4881 τὸ,

310 4903 330 4937 ι
377 4885 745 4940 Κατέκαυσαν
786 4887 923 4941 ὀστᾶ
976 4885 1241 4957 βασιλέως
1301 4893 1606 4963 Ἰδουμαίας
1673 4896 1753 4958 εἰς
1812 4912 1903 4948 κο-

304 4978 447 5037 νίαν,
483 4996 503 5028 ι
540 4977 643 5047 τὴν
686 4980 1058 5051 προσαγωγὴν
1102 4980 1278 5049 λέγων
1307 4984 1401 5036 καὶ
1435 4984 1534 5053 τὴν
1568 4985 1785 5057 σφαγὴν
1816 4986 1900 5055 ἐφ’

302 5061 453 5139 ᾗπερ
496 5065 689 5138 ὥσπερ
719 5066 1140 5133 ὁλοκαυτοῦντες
1183 5071 1346 5125 αὑτὸν
1374 5073 1451 5136 εἰς
1500 5074 1685 5128 κονίαν
1732 5075 1898 5129 αὐτοῦ

301 5158 371 5211 τά
414 5158 554 5211 ὀστᾶ
601 5157 1078 5230 μεταϐεϐλήκασιν
1103 5174 1120 5190 ο
1156 5159 1470 5231 ὀργίζεσθαι
1506 5164 1607 5234 μὲν
1636 5161 1730 5219 οὖν
1761 5166 1902 5220 κατὰ

299 5250 411 5303 τῶν
431 5248 746 5303 Μωαϐιτῶν
767 5248 938 5318 λέγει,
970 5251 1110 5323 ὑπὲρ
1131 5252 1231 5323 τῆς
1248 5253 1428 5316 αἰτίας
1453 5254 1521 5307 δι’
1542 5256 1610 5328 ἢν
1632 5258 1902 5330 ἀπεχθείᾳ

300 5340 367 5410 τῇ
424 5337 567 5409 πρὸς
622 5340 751 5402 τοὺς
824 5340 1168 5413 Ἰσραηλίτας
1224 5342 1497 5416 τοσαύτην
1557 5347 1901 5411 ἐπεδείξαντο

299 5429 448 5484 κατά
472 5430 569 5485 τοῦ
598 5430 866 5501 βασιλέως
898 5433 998 5504 τῆς
1040 5434 1343 5505 Ἰδουμαίας
1371 5435 1470 5508 τὴν
1497 5437 1688 5510 ὀργήν.
1728 5439 1900 5510 ’Υπὲρ

297 5521 596 5577 ὄὲτούτων
640 5523 728 5590 τίς
782 5542 800 5575 ι
850 5523 1227 5590 Ἐξαποστελῶ
1279 5525 1388 5600 πῦρ
1417 5530 1510 5581 ἐπὶ
1561 5531 1757 5599 Μωάϐ,
1807 5532 1900 5586 καὶ

298 5616 686 5687 καταφάγεται
718 5614 948 5691 θεμέλια
972 5619 1082 5673 τῶν
1118 5619 1325 5675 πόλεων
1359 5621 1523 5675 αὐτοῦ
1543 5640 1556 5654 ·
1586 5623 1682 5677 καὶ
1704 5626 1901 5679 ἐναπο-

296 5708 549 5761 θανεῖται
593 5708 654 5761 ἐν
698 5708 973 5780 ἀδυναμίᾳ
1002 5706 1178 5763 Μωάϐ
1220 5710 1357 5782 μετά
1403 5712 1590 5782 φωνῆς
1627 5712 1721 5766 καὶ
1761 5715 1899 5785 μετά

295 5797 549 5868 κραυγῆς
597 5798 899 5868 σάλπιγγος
922 5818 934 5828 ·
968 5801 1060 5854 καὶ
1092 5799 1458 5871 ἐξολοθρεύσω
1488 5803 1683 5874 κριτέτς
1724 5803 1782 5865 ἐξ
1810 5805 1900 5858 αὐ-

2012 4619 2066 4672 in
2099 4631 2195 4670 ara
2231 4615 2501 4671 fecerunt.
2540 4614 2597 4669 Id
2648 4615 2794 4669 enini
2838 4614 3024 4669 valent
3068 4613 3259 4678 verba,
3290 4624 3310 4659 ι
3335 4610 3603 4678 Combus-

2010 4715 2200 4764 serunt
2226 4721 2352 4761 ossa
2389 4705 2532 4776 regis
2551 4705 2787 4760 Idumeae
2809 4719 2983 4774 usque
3003 4702 3072 4758 ad
3108 4702 3347 4759 cinerem
3372 4700 3598 4767 ,iobla-

2011 4799 2216 4854 tionem
2258 4797 2449 4853 dicens
2477 4805 2533 4851 ct
2567 4797 2798 4860 caedem,
2844 4797 3036 4867 inqua
3071 4796 3251 4866 ipsum
3289 4792 3599 4848 bolocausti

2010 4894 2117 4949 ritu
2151 4900 2483 4957 cremantes,
2532 4907 2661 4948 ossa
2682 4891 2804 4961 ejus
2843 4890 2897 4945 in
2945 4889 3189 4945 cinerem
3243 4885 3597 4955 redegerunt.

2009 4985 2099 5040 Ait
2144 5001 2277 5055 ergo
2322 4985 2485 5048 Deus,
2545 4982 2818 5053 indignari
2870 4998 2928 5037 se
2975 4978 3252 5044 Moabitis,
3296 4980 3426 5050 quia
3470 4977 3599 5033 odio

2011 5072 2399 5136 lsraelitarum,
2440 5078 2649 5123 tantam
2681 5068 2949 5124 adversus
2983 5065 3230 5121 Idumam:
3254 5080 3435 5137 regem
3459 5064 3595 5118 iram

2007 5168 2400 5218 exseruerunt.
2441 5158 2582 5225 Quid
2628 5157 2755 5213 inde
2791 5157 2992 5228 porro?
3027 5177 3044 5209 ‹
3069 5156 3363 5210 Immittam
3414 5155 3593 5224 ignem

2009 5254 2066 5307 in
2101 5251 2283 5315 Moab,
2335 5258 2392 5306 et
2434 5249 2725 5305 devorabit
2779 5249 3136 5304 fundamenta
3186 5248 3406 5301 urbium
3448 5244 3591 5314 ejus.

2008 5345 2076 5399 Et
2103 5344 2371 5417 morietur
2416 5342 2471 5395 in
2508 5341 2710 5397 virium
2741 5339 3066 5395 infirmitate
3112 5337 3271 5391 Moab
3316 5351 3440 5389 cum
3478 5337 3596 5391 cla-

1992 5438 2160 5506 ‘more
2185 5443 2240 5489 et.
2275 5434 2535 5503 clangore
2589 5430 2755 5489 tuba).
2786 5431 2851 5484 Et
2908 5428 3226 5497 disperdam
3255 5426 3475 5496 judices
3524 5426 3595 5482 ab

2007 5542 2093 5593 eo,
2138 5525 2497 5595 ejusdemque
2534 5522 2815 5593 principes
2856 5524 3050 5575 omines
3098 5517 3428 5575 interﬁciant
3465 5534 3592 5574 cum

2007 5621 2147 5687 ipso,
2205 5618 2340 5673 dicit
2394 5616 2734 5672 Dominus.)
2802 5613 3136 5670 Adventabit
3170 5615 3338 5678 enim,
3393 5612 3591 5684 inquit,

2007 5712 2185 5767 hostis
2241 5718 2473 5766 cunctas
2528 5723 2720 5765 eorum
2767 5707 3022 5764 civitates
3066 5714 3413 5773 vastaturus;
3456 5705 3596 5762 adeo

2008 5817 2066 5862 ut
2101 5806 2168 5860 ad
2203 5814 2504 5860 extremam
2536 5803 2744 5860 redacti
2779 5803 3083 5868 miseriam,
3142 5816 3320 5873 neque
3356 5800 3594 5857 ferenda
