4102 6518
434 389 539 447 255
1587 393 1937 454 THEODORI
1970 396 2452 458 MOPSUESTENI
3576 412 3695 470 256

439 506 806 576 magnitudini
856 506 1188 562 inllictorum
1231 510 1501 564 malorum
1534 527 1718 582 pares,
1739 530 1864 570 cum
1897 517 2011 572 cla-

2139 519 2230 583 ποῦ,
2250 521 2343 574 καὶ
2363 521 2571 586 πάντας
2590 522 2853 593 ἄρχοντας
2874 522 3037 577 αὐτοῦ
3062 523 3344 579 ἀποκτενῶ
3360 524 3477 597 μετ’
3499 525 3696 594 αὐτοῦ,

439 613 593 653 more
624 614 820 669 magno
849 600 991 654 inter
1039 600 1359 656 bellicarum
1408 603 1661 657 tubarum
1700 605 2011 677 clangorem

2139 610 2264 679 ,έγει
2290 610 2505 683 Κύριος.
2536 631 2554 664 ι
2588 612 2964 667 Ἐπελεύσεται
2992 614 3118 686 γάρ,
3144 617 3328 687 φησὶν,
3356 619 3385 670 ό
3413 616 3689 687 πολέμιος,

441 698 671 743 mortem
707 690 999 760 oppetituri
1021 692 1152 746 sint.
1186 692 1436 763 Atqueut
1464 698 1781 751 summatim
1804 698 2005 763 dicam,

2139 702 2301 765 τάσας
2325 702 2504 756 αὐτῶν
2528 703 2801 772 ἀφανίζων
2843 705 2941 769 τὰς
2969 707 3152 770 πόλεις
3172 723 3185 738 ·
3212 708 3301 776 (p.
3329 706 3432 761 154
3454 708 3470 775 )
3497 707 3572 770 ώς
3612 709 3695 770 είς

440 787 655 834 tantum
690 783 793 835 erit
825 782 1044 837 illorum
1077 783 1323 861 exitium,
1350 786 1505 855 102
1532 793 1590 840 ut
1620 803 1797 858 neque
1839 789 2010 858 judex

2139 793 2353 863 ισχάτην
2368 792 2785 864 κατενεχθέντας
2800 794 3102 861 ἀσθένειαν,
3126 796 3219 850 καὶ
3240 798 3372 868 μηδὲ
3389 796 3693 869 ἀρκοῦντας

443 884 635 924 eorum
690 872 889 942 aliquis
946 889 1124 943 neque
1167 875 1424 945 princeps
1473 878 1861 946 superfuturus
1915 882 2008 947 sit,

2139 882 2260 952 πρὸς
2283 882 2343 935 τὸ
2368 882 2597 953 μέγεθος
2618 884 2723 937 τῶν
2743 880 3097 955 ἐπαγομένων
3117 888 3299 951 αὐτοῖς
3319 887 3524 954 κακῶν,
3555 887 3692 957 μετὰ

440 962 659 1016 cunctis
691 962 879 1017 eodem
918 972 1164 1033 tempore
1197 965 1477 1020 occisione
1505 966 1720 1022 deletis.

2139 973 2382 1044 ιεγίστης
2430 975 2574 1038 τινὸς
2606 975 2789 1045 φωνῆς
2816 992 2873 1027 τε
2915 976 3010 1028 καί
3040 981 3288 1049 κραυγῆς
3314 977 3422 1031 τῶν
3468 977 3694 1047 πολεμι-

441 1052 555 1107 κῶν
579 1053 891 1123 σαλπίγγων
916 1055 1142 1110 θάνατον
1175 1058 1497 1127 ὑπομεῖναι·
1540 1061 1819 1131 συντόμως
1842 1079 1899 1116 τε
1929 1064 2121 1132 εἰπεῖν,
2149 1065 2399 1130 τοσοῦτος
2423 1068 2640 1140 ὄλεθρος
2672 1068 2851 1122 αὐτῶν
2880 1068 3052 1136 ἔσται,
3091 1073 3166 1144 ὡς
3199 1073 3273 1142 μὴ
3299 1070 3489 1144 κριτὴν
3517 1072 3696 1127 αὐτῶν

446 1146 579 1216 μηδὲ
601 1147 833 1218 ἄρχοντα
855 1149 1263 1220 περιλειφθῆναι
1290 1153 1511 1222 μηδένα,
1543 1155 1757 1209 πάντων
1781 1157 1960 1212 αὐτῶν
1982 1158 2333 1216 ἀπολωλότων
2360 1161 2634 1229 καθάπαξ.
3138 1141 3165 1173 ’

519 1236 683 1291 Vsus.
729 1240 783 1300 4,
818 1239 964 1293 5.-
1007 1239 1098 1296 Sic
1128 1250 1307 1297 autem
1338 1245 1577 1301 narratis
1603 1261 1723 1314 quae
1775 1244 2024 1304 ﬁnitimis

2196 1250 2343 1322 Στίχ.
2375 1250 2504 1316 δ’,ε’.
2542 1282 2612 1292 --
2642 1251 2797 1305 Οὕτω
2840 1253 2895 1306 δὲ
2922 1253 2990 1306 τὰ
3017 1253 3128 1315 τοῖς
3154 1251 3449 1324 περιοίκοις
3484 1253 3695 1322 συμϐη-

445 1338 709 1389 eventura
757 1339 914 1385 erant
932 1332 1003 1386 ob
1035 1334 1279 1402 ipsorum
1323 1336 1588 1394 adversus
1609 1336 1885 1395 lsraelitas
1915 1339 2022 1394 ini-

2139 1345 2328 1416 τόμενα
2373 1345 2513 1415 ὑπὲρ
2558 1345 2655 1417 τῆς
2686 1346 2766 1409 είς
2810 1346 2936 1407 τοὺς
2977 1344 3311 1415 Ἰσραηλίτας
3357 1345 3696 1415 παρανομίας

447 1417 734 1485 quitatem.
776 1423 1048 1475 convertit
1086 1437 1144 1477 se
1164 1439 1287 1478 mox
1324 1428 1590 1498 propheta
1622 1429 1689 1483 ad
1710 1444 1798 1485 res
1821 1432 2023 1501 populo

2139 1432 2360 1507 εἰρηκὼς
2384 1436 2413 1487 ὁ
2446 1436 2749 1505 προφήτης,
2779 1433 3037 1505 τρέπεται
3069 1434 3252 1488 λοιπὸν
3276 1434 3366 1486 ἐπὶ
3390 1433 3457 1486 τὰ
3477 1433 3555 1505 τῷ
3581 1433 3695 1504 λαῷ

447 1525 665 1579 quoque
716 1526 817 1565 suo
873 1525 1202 1582 eventuras;
1239 1516 1631 1575 demonstrans
1679 1522 1827 1591 quod
1878 1521 2024 1576 sicut

2139 1524 2541 1596 τυμϐησόμενα,
2588 1525 2806 1588 δεικνὺς
2849 1526 2929 1578 ὅτι
2971 1525 3168 1578 ἐκεῖνοί
3212 1541 3271 1578 τε
3304 1525 3443 1595 ὑπὲρ
3474 1524 3575 1594 τῆς
3613 1525 3695 1587 εἰς

448 1602 529 1656 illi
559 1603 815 1671 puniendi
863 1612 1022 1659 erant
1049 1606 1119 1660 ob
1159 1622 1313 1662 suam
1345 1617 1537 1664 contra
1571 1613 1829 1681 populum
1857 1628 2023 1683 pecu-

2139 1615 2349 1679 τούτους
2373 1614 2587 1680 ἀδικίας
2613 1615 2843 1686 ῆμελλον
2871 1614 3248 1686 τιμωρεῖσθαι,
3274 1615 3350 1679 ώς
3377 1615 3441 1668 ἂν
3464 1617 3541 1678 εἰς
3563 1615 3696 1667 Θεὸν

452 1693 663 1748 Iiariter
694 1693 804 1749 Deo
843 1696 1117 1751 addictum
1166 1699 1540 1770 iniquitatem;
1597 1703 1668 1757 ita
1723 1705 1886 1759 etiam
1926 1722 2022 1776 po-

2139 1699 2279 1777 ᾧπερ
2318 1707 2615 1777 προσήκειν
2656 1707 2852 1769 αὐτοὺς
2900 1705 3180 1759 συνέϐαινε
3240 1706 3396 1759 τοῦτο
3444 1705 3697 1777 πλημμεο

454 1784 615 1851 pulus
647 1800 861 1854 poenam
894 1802 1001 1841 non
1051 1787 1269 1858 effugiet
1301 1792 1498 1860 ingrati
1551 1794 1635 1848 sui
1684 1809 1812 1865 erga
1856 1794 2022 1851 Deum

2139 1797 2340 1860 toﬁwe;
2370 1796 2446 1867 τῷ
2477 1797 2692 1867 τρόπῳ·
2722 1790 2869 1849 οὗτοί
2901 1814 2957 1850 τε
2991 1798 3049 1849 ού
3088 1796 3459 1865 διαφεύξονται
3490 1799 3588 1868 τὴν
3617 1815 3697 1850 τι·

454 1875 645 1929 animi.
680 1876 924 1930 Meminit
949 1893 1077 1932 vero
1125 1880 1178 1933 in
1209 1881 1400 1949 primis
1434 1884 1612 1939 tribus
1644 1883 1818 1949 Iudae,
1864 1902 2024 1956 quam

2139 1890 2339 1962 μωρίαν
2386 1889 2696 1961 ἀγνώμονες
2749 1890 2878 1961 περὶ
2920 1889 3052 1942 Θεὸν
3083 1892 3393 1959 γεγονότες·
3428 1890 3701 1961 μέμνηται

455 1966 727 2036 praecipue
784 1984 946 2038 poena
999 1972 1218 2040 dignam
1284 1982 1492 2038 censet,
1545 1986 1833 2046 propterea
1884 1981 2026 2049 quod

2139 1981 2312 2051 μέντοι
2360 1981 2620 2051 πρότερον
2653 1982 2750 2051 τῆς
2800 1979 2895 2033 τοῦ
2941 1977 3110 2034 ’ἰούδα
3140 1979 3313 2050 φυλῆς
3350 1980 3426 2042 ώς
3478 1979 3546 2033 ἂν
3598 1985 3702 2051 μά-

454 2061 604 2113 (ἰιοεε
639 2060 731 2114 Dei
786 2062 1042 2132 templum
1089 2065 1371 2127 habitans,
1415 2067 1586 2121 nihilo
1614 2076 1792 2124 tamen
1849 2073 2029 2128 minus

456 2149 761 2219 irreligiosa
789 2160 927 2206 erat.
963 2150 1053 2207 Sic
1082 2162 1262 2208 autem
1308 2155 1455 2209 fatur
1490 2175 1503 2210 :
1542 2176 1559 2208 ι
1587 2157 1709 2213 Haec
1758 2161 1890 2215 dicit
1927 2161 2030 2218 Do—

457 2238 642 2294 minus
678 2257 691 2293 :
730 2238 906 2310 Super
958 2243 1138 2297 tribus
1191 2246 1492 2303 sceleribus
1527 2248 1758 2303 ﬁliorum
1796 2251 1948 2307 .ludae
1975 2264 2031 2309 et

458 2346 624 2399 super
659 2341 891 2401 quatuor
924 2349 1029 2386 non
1063 2336 1359 2389 aversabor
1386 2352 1503 2392 eos.
1535 2358 1552 2389 ι
1589 2338 1890 2398 Peccantes
1931 2344 2030 2399 bos

458 2436 836 2490 smpenumero
867 2422 1048 2478 odisse
1081 2441 1141 2479 se
1175 2424 1330 2490 dicit,
1358 2429 1485 2496 quia
1519 2428 1572 2482 in
1622 2431 1899 2499 impietate
1931 2449 2029 2489 sua

461 2522 904 2581 perseverarunt.
952 2512 1069 2568 Mox
1129 2516 1290 2569 etiam
1344 2531 1517 2585 poena:
1575 2533 1796 2574 causam
1846 2521 2027 2577 dicit:

463 2624 485 2656 ο
510 2606 804 2677 PrOpterea
837 2607 980 2677 quod
1016 2608 1320 2677 abiecerint
1353 2611 1523 2681 legem
1562 2611 1773 2668 Domini
1802 2624 1854 2670 et
1878 2632 2032 2671 man—

458 2698 584 2753 data
604 2698 725 2768 ejus
747 2714 853 2753 non
882 2701 1301 2756 custodiverint.
1325 2703 1387 2755 Et
1418 2703 1755 2771 deceperunt
1779 2722 1874 2760 eos
1891 2722 2031 2761 vana

461 2790 649 2861 (idola)
681 2806 779 2846 sua
811 2808 931 2861 quae
955 2792 1222 2859 fecerant,
1254 2802 1378 2862 post
1411 2811 1531 2864 quae
1565 2796 1816 2849 abierant
1849 2806 2032 2867 patres

459 2896 675 2938 eorum.
706 2902 723 2933 ι
751 2884 989 2954 Namque
1005 2895 1056 2938 et
1080 2885 1132 2937 hi
1152 2886 1353 2938 nullam
1385 2887 1763 2940 mandatorum
1788 2904 2031 2943 meorum

461 2972 729 3025 rationem
778 2971 974 3027 habere
1007 2976 1320 3038 voluerunt,
1361 2985 1415 3028 et
1442 2975 1711 3028 idolorum
1764 2977 1935 3031 cultui
1975 2993 2034 3033 se

2128 2072 2285 2124 λιστα
2339 2072 2605 2143 τιμωρίας
2660 2070 2860 2135 ἀξιῶν,
2930 2070 3071 2142 ὑπὲρ
3124 2066 3199 2125 ὧν
3260 2070 3388 2141 περὶ
3434 2070 3524 2123 τὸν
3571 2072 3701 2125 ναὸν
3739 2092 3757 2106 -

2128 2161 2484 2231 τυγχάνοντες
2516 2160 2606 2214 τὸν
2633 2161 2795 2224 θεῖον,
2835 2159 3051 2224 οὐθενὸς
3080 2156 3241 2232 ἦττον
3268 2160 3518 2230 ἠσέϐουν·
3552 2160 3699 2229 λέγει

2129 2249 2185 2302 δὲ
2231 2250 2427 2312 οὕτως·
2471 2269 2489 2301 ι
2528 2249 2665 2303 Τάδε
2710 2248 2859 2317 λέγει
2909 2249 3131 2321 Κύριος·
3199 2248 3321 2301 Ἐπί
3352 2250 3472 2312 ταῖς
3525 2248 3702 2318 τρισὶν

2129 2340 2405 2404 ἀσεϐείαις
2446 2339 2576 2393 υἱῶν
2630 2340 2801 2393 Ἰούδα
2848 2340 2940 2393 καί
2984 2340 3076 2392 ἐπὶ
3120 2341 3239 2403 ταῖς
3265 2339 3556 2409 τέσσαρσιν
3602 2339 3703 2392 ούκ

2130 2433 2627 2503 ἀποστραφήσομαι
2659 2430 2873 2494 αύτούς.
2912 2450 2930 2483 ι
2973 2430 3339 2501 Ἠσεϐηκότας
3370 2432 3462 2484 καί
3482 2428 3703 2493 τούτους

2132 2523 2395 2585 πολλάκις
2426 2525 2601 2593 μισεῖν
2625 2522 2819 2590 λέγων,
2848 2521 3141 2594 ἐπειδήπερ
3166 2523 3603 2593 ἐπιμεμενήκασι
3630 2524 3702 2593 τῇ

2132 2611 2340 2664 ἑαυτῶν
2382 2610 2606 2682 ἀσεϐείᾳ
2627 2627 2641 2641 ·
2673 2607 2790 2664 εἶτα
2840 2612 2930 2666 καί
2955 2610 3053 2682 τὴν
3081 2611 3258 2665 αἰτίαν
3289 2610 3462 2680 λέγων
3496 2611 3594 2681 τῆς
3622 2627 3704 2663 τι-

2136 2702 2342 2773 μωρίας
2365 2743 2379 2764 ,
2420 2720 2438 2752 ι
2476 2703 2700 2755 Ἕνεκεν
2726 2701 2821 2755 τοῦ
2851 2701 3171 2756 ἀπώσασθαι
3201 2703 3394 2765 αὐτοὺς
3425 2701 3515 2755 τὸν
3542 2702 3709 2772 νόμον

2132 2794 2336 2865 Κυρίου
2362 2834 2375 2856 ,
2429 2790 2514 2866 (p.
2549 2793 2691 2864 155)
2721 2795 2814 2847 καὶ
2854 2794 2921 2847 τὰ
2965 2794 3360 2864 προστάγματα
3398 2792 3562 2847 αὑτοῦ
3604 2792 3705 2847 οὐκ

2133 2882 2499 2950 ἐφυλάξαντο·
2542 2884 2636 2937 καὶ
2673 2883 2973 2953 ἐπλάνησεν
3007 2885 3229 2948 ἑαυτοὺς
3263 2880 3332 2938 τὰ
3365 2886 3564 2954 μάταια
3608 2884 3705 2936 αύ-

2131 2971 2240 3024 τῶν
2270 2971 2306 3024 ἃ
2351 2972 2639 3042 ἐποίησαν,
2693 2967 2773 3035 οἷς
2800 2971 3232 3043 ἐξηκολούθησαν
3264 2974 3313 3026 οἰ
3349 2973 3581 3043 πατέρες
3605 2973 3707 3025 αύ-

464 3059 816 3119 addixeruut.
868 3071 1238 3118 consentanea
1288 3065 1537 3134 patribus
1577 3066 1694 3119 suis
1743 3065 2026 3123 facientes.

2139 3062 2241 3116 τῶν
2285 3063 2460 3117 ὀπίσω
2510 3062 2708 3119 αὐτῶν.
2754 3083 2772 3115 ι
2827 3065 2937 3118 Καὶ
2983 3063 3090 3136 γὰρ
3147 3065 3239 3117 καὶ
3269 3057 3414 3118 οὗτοι
3460 3064 3568 3117 τῶν
3607 3063 3707 3134 μὲν

462 3152 603 3218 Quid
633 3153 800 3221 ergo?
824 3172 842 3203 ‹
866 3154 1155 3207 lmmittam
1186 3155 1362 3225 ignem
1400 3156 1450 3209 in
1488 3154 1705 3220 Judam,
1736 3166 1790 3212 et
1846 3157 2040 3214 Hieru-

468 3248 636 3300 salem
686 3242 1037 3298 fundamenta
1087 3245 1321 3298 vorabit.
1350 3245 1649 3310 iPerdam,
1696 3248 1890 3318 inquit,
1942 3250 2040 3303 hn-

467 3338 633 3390 stium
670 3348 831 3387 manu
861 3344 1088 3388 cunctos
1110 3335 1260 3404 regni
1286 3336 1432 3391 illius
1449 3337 1673 3399 eives,ct
1702 3338 2037 3396 Hierusalem

467 3437 591 3475 eum
679 3422 833 3490 ipsis.
901 3421 1254 3493 Exploratum
1306 3436 1390 3481 est
1444 3430 1765 3496 prephetam
1806 3431 1927 3484 haec
1972 3430 2040 3485 de

467 3510 784 3581 Babyloniis
825 3512 1028 3577 dicere,
1074 3515 1165 3584 qui
1204 3513 1542 3571 Hierusalem
1590 3518 1835 3573 demoliti
1889 3527 2037 3585 sunt,

465 3614 521 3657 et
545 3602 696 3657 Judae
733 3604 932 3658 tribum
978 3607 1247 3674 captivam
1306 3609 1727 3664 transtulerunt.
1767 3608 2039 3665 Caeterum

467 3699 520 3750 in
552 3698 928 3766 sequentibus,
966 3698 1033 3751 de
1083 3699 1319 3764 lsraelis,
1353 3700 1404 3754 id
1447 3711 1531 3755 est
1563 3701 1749 3756 decem
1798 3703 2041 3758 tribuum

466 3790 627 3846 malis
661 3791 910 3860 loquens,
952 3791 1210 3862 Assyrios
1262 3800 1322 3846 ut
1358 3808 1454 3862 par
1500 3802 1583 3847 est
1642 3794 1907 3861 nominat,
1949 3795 2039 3864 qui

467 3881 650 3936 tribus
683 3884 804 3938 illas
832 3884 1176 3938 abduxerunt
1222 3887 1487 3953 captivas.
1539 3885 1903 3951 Quamobrem
1949 3901 2042 3957 ap—

472 3980 626 4042 paret
655 3988 819 4027 unam
835 3974 999 4028 veluti
1022 3974 1328 4029 existimari
1359 3991 1386 4028 a
1421 3976 1682 4045 propheta
1722 3978 1905 4046 populi
1954 3993 2045 4033 ea-

467 4065 770 4135 ptivitatezn
822 4066 892 4121 ab
944 4066 1186 4137 Assyriis
1241 4081 1304 4120 ac
1346 4066 1657 4138 Babyloniis
1711 4078 1984 4138 peractam
2028 4089 2041 4124 :

468 4168 783 4224 quanquam
831 4170 1024 4225 reapse
1066 4156 1156 4210 alii
1192 4156 1343 4211 fuere
1378 4159 1470 4227 qui
1512 4158 1696 4213 decem
1743 4160 1920 4215 tribus
1958 4175 2046 4215 ce—

470 4258 688 4316 perunt,
752 4247 908 4318 103
956 4230 1169 4319 Assyrii
1216 4250 1470 4307 scilicet:
1504 4249 1782 4321 Babylonii
1837 4259 2041 4316 autem,

471 4335 565 4405 qui
606 4332 759 4390 Iuda:
791 4337 993 4390 tribum
1053 4338 1402 4393 abstulerunt
1428 4357 1443 4395 :
1469 4348 1522 4394 et
1564 4340 1783 4411 quidem
1828 4350 2043 4412 tempus

469 4427 689 4496 aliquod
722 4428 1032 4483 intercessit
1060 4449 1072 4481 :
1103 4433 1184 4484 sic
1219 4439 1403 4485 tamen
1431 4431 1673 4487 universi
1708 4434 1888 4503 populi
1908 4450 2042 4489 con-

469 4519 594 4589 tigit
633 4520 893 4590 compleri
941 4520 1335 4590 captivitatem,
1377 4532 1614 4593 coeptam
1646 4516 1681 4578 α
1707 4523 1893 4579 decem
1940 4527 2041 4580 tri-

468 4612 672 4676 bubus,
693 4621 753 4666 ἐι
784 4614 837 4666 in
873 4610 1028 4667 Iudae
1056 4613 1203 4667 tribu
1241 4612 1570 4667 absolutam.
1614 4614 1798 4680 Quare
1829 4622 1883 4669 et
1914 4631 2043 4685 pro-

470 4704 645 4774 pbetae
673 4714 964 4759 eventuras
1020 4705 1220 4774 populo
1283 4718 1369 4760 res
1411 4704 1822 4769 denuntiantes,
1880 4707 2046 4761 modo

472 4795 617 4859 illos,
677 4794 841 4848 modo
878 4794 978 4848 hos
1028 4802 1352 4859 memorant,
1409 4795 1538 4866 quia
1589 4797 1749 4851 ambo
1786 4796 2044 4865 populum

471 4883 648 4937 unum
693 4883 1058 4945 constituunt,
1115 4890 1279 4953 atque
1336 4884 1405 4938 ad
1463 4898 1622 4938 unam
1680 4884 2044 4939 communiter

470 4973 841 5043 captivitatem
869 4974 1105 5029 traducti
1141 4974 1398 5042 fuerunt;
1438 4976 1654 5032 etiamsi
1689 4976 1805 5031 haec
1843 4976 2041 5032 distin-

468 5068 574 5122 ctis
606 5064 939 5135 temporibus
973 5066 1223 5136 contigit.

2141 3156 2318 3225 νόμων
2379 3154 2472 3208 καὶ
2510 3155 2616 3208 τῶν
2671 3156 3105 3227 προσταγμάτων
3157 3155 3264 3211 τῶν
3319 3156 3468 3227 ἐμῶν
3514 3156 3708 3210 οὐθένα

2138 3247 2293 3317 λόγον
2333 3247 2600 3301 ποιεῖσθαι
2629 3247 2914 3317 ἠϐούλοντο
2934 3287 2949 3311 ,
2970 3250 3036 3319 τῇ
3061 3247 3116 3300 δέ
3142 3248 3250 3301 τῶν
3276 3246 3508 3301 εἰδώλων
3538 3264 3707 3319 προσ-

2139 3337 2347 3404 ανεῖχον
2369 3335 2424 3388 θε
2436 3334 2649 3406 ραπείᾳ,
2682 3334 2947 3389 ἀκόλουθα
2975 3337 3087 3398 τοῖς
3124 3334 3330 3389 ἑαυτῶν
3356 3334 3707 3406 ἐργαζόμενοι

2142 3427 2396 3497 πατράσι.
2443 3426 2507 3478 Τί
2546 3421 2669 3489 οὗν;
2720 3445 2737 3477 ι
2784 3425 3155 3492 Ἐξαποστελῶ
3187 3425 3297 3497 πῦρ
3332 3426 3425 3479 ἐπὶ
3468 3424 3702 3492 Ἰούδαν,

2141 3517 2235 3571 καὶ
2278 3517 2657 3585 κειταφάγεται¹
2685 3516 2910 3587 θεμέλια
2951 3516 3320 3588 Ἰερουσαλήμ.
3368 3536 3387 3569 ι
3436 3518 3706 3586 Ἀφανιῶ,

2143 3609 2294 3677 φησί,
2333 3607 2421 3662 διὰ
2439 3609 2547 3661 τῶν
2575 3607 2845 3678 πολεμίων
2868 3608 2991 3672 τούς
3014 3626 3070 3661 τε
3101 3608 3202 3678 τῆς
3232 3608 3505 3679 βασιλείας
3537 3610 3710 3664 ἀπαν-

2142 3714 2241 3761 τας
2274 3698 2521 3767 ἐκείνης,
2570 3700 2664 3752 καὶ
2693 3699 2788 3769 τὴν
2834 3700 3327 3770 Ἰερουσαλὴμσὺν
3366 3702 3567 3764 αὐτοῖς.
3607 3701 3712 3754 ED-

2143 3787 2299 3858 δῆλον
2341 3789 2397 3841 δὲ
2447 3789 2528 3841 ὃτι
2588 3789 2715 3858 περί
2750 3788 2857 3842 τῶν
2900 3788 3254 3842 Βαϐυλωνίων
3298 3788 3469 3841 ταῦτά
3512 3805 3706 3857 φησιν·

2144 3882 2337 3932 ἐκεῖνοι
2367 3879 2475 3950 γὰρ
2499 3880 2599 3950 τήν
2627 3896 2687 3932 τε
2728 3879 3078 3950 Ἰερουσαλὴμ
3106 3881 3436 3951 κατήγαγον,
3466 3880 3559 3933 καὶ
3586 3881 3711 3945 τοὺς

2143 3970 2240 4040 τῆς
2280 3971 2448 4023 Ἰούδα
2478 3970 2648 4040 φυλῆς
2682 3970 2869 4023 ἔλαϐον
2903 3969 3312 4041 αίχμαλώτους·
3349 3970 3521 4024 καίτοι
3560 3987 3623 4038 γε
3653 3971 3711 4023 ἐν

2144 4064 2255 4123 τοῖς
2298 4061 2435 4130 μετὰ
2484 4061 2657 4114 ταῦτα
2701 4060 2769 4113 τὰ
2813 4064 2892 4125 εἰς
2939 4061 3031 4114 τὸν
3094 4061 3338 4133 Ἰσραὴλ,
3371 4062 3468 4115 εἴτ’
3496 4057 3714 4125 οὖντὰς

2145 4151 2274 4205 δέκα
2332 4151 2537 4221 φυλὰς,
2605 4152 2822 4223 μηνύων
2876 4152 3057 4219 κακὰ,
3115 4152 3222 4205 τῶν
3283 4152 3578 4222 Ἀσσυρίων
3636 4152 3717 4214 ὡς

2146 4245 2294 4307 εἰκὸς
2320 4244 2715 4316 ἐπιμέμνηται,
2744 4245 2902 4315 οἵπερ
2940 4241 3033 4298 οὖν
3070 4244 3265 4308 αὐτοὺς
3309 4244 3404 4297 καὶ
3436 4241 3716 4314 αἰχμαλώο

2146 4351 2272 4397 τους
2320 4336 2576 4397 λαϐόντες
2623 4334 2902 4404 ἀπῆλθον·
2959 4336 3034 4399 ὡς
3082 4334 3239 4406 δῆλον
3291 4332 3431 4389 εἶναι
3472 4336 3553 4389 ὅτι
3585 4335 3717 4405 μίαν

2146 4428 2267 4481 τινὰ
2308 4427 2682 4498 αἰχμαλωσίαν
2720 4431 2934 4498 ἡγεῖται
2968 4428 3069 4498 τὴν
3098 4427 3225 4499 περί
3247 4427 3337 4481 τὸν
3367 4428 3492 4481 λαὸν
3521 4428 3624 4480 ὑπό
3654 4443 3714 4479 τε

2154 4515 2449 4589 Ἀσσυρίων
2490 4519 2859 4589 γεγενημένην
2911 4518 3004 4571 καί
3050 4517 3160 4585 τῶν
3209 4518 3560 4571 Βαϐυλωνίων
3588 4534 3601 4547 ·
3665 4519 3715 4569 εἰ

2142 4608 2237 4662 καὶ
2257 4608 2433 4679 ἕτεροι
2469 4609 2565 4679 μὲν
2598 4605 2736 4679 ἦσαν
2767 4611 2815 4661 οἱ
2844 4607 2943 4671 τὰς
2969 4609 3100 4662 δέκα
3139 4607 3393 4673 λαϐόντες
3427 4609 3625 4677 φυλὰς,
3666 4609 3717 4660 οἱ

2157 4699 2465 4770 Ἀσσύριοι,
2515 4699 2686 4768 λέγω·
2729 4699 3059 4753 Βαϐυλώνιοι
3086 4701 3142 4753 δέ
3170 4702 3216 4753 οἰ
3247 4700 3369 4763 τοὺς
3408 4700 3504 4769 τῆς
3547 4697 3719 4751 Ἰούδα

2144 4789 2400 4853 λαϐόντες
2423 4789 2594 4859 φυλῆς
2613 4805 2628 4819 ·
2659 4789 2753 4842 καί
2777 4808 2860 4853 τις
2880 4791 2974 4843 καί
3003 4790 3190 4861 χρόνος
3218 4791 3275 4842 ἐν
3299 4790 3449 4861 μέσῳ
3472 4789 3715 4857 γεγόνει·

2112 4944 2113 4947 η
2142 4880 2327 4951 ἐπειδὴ
2353 4880 2445 4933 τοῦ
2469 4879 2668 4944 παντὸς
2697 4881 2826 4934 λαοῦ
2852 4882 2950 4951 τὴν
2978 4881 3348 4951 αἰχμαλωσίαν
3371 4880 3558 4934 τοῦτον
3591 4897 3717 4931 cov-

2144 4972 2242 5043 έϐη
2280 4971 2628 5041 πληρωθῆναι
2693 4972 2782 5024 τὸν
2830 4973 3056 5043 τρόπον·
3105 4971 3416 5044 ἀρξαμένην
3450 4972 3547 5043 μὲν
3609 4972 3720 5025 ἀπὸ

2148 5064 2256 5117 τῶν
2296 5062 2456 5125 δέκα,
2500 5064 2897 5134 περαιωθεῖσαν
2926 5064 2982 5116 δὲ
3013 5066 3091 5128 εἰς
3119 5066 3245 5127 τοὺς
3276 5063 3377 5133 τῆς
3417 5063 3585 5117 Ἰούδα
3616 5081 3719 5132 φυ-

470 5161 601 5233 λῆς·
631 5159 817 5233 διόπερ
844 5160 1009 5215 καἰοί
1037 5160 1310 5231 προφῆται
1350 5160 1418 5214 τὰ
1448 5162 1574 5233 περί
1613 5162 1701 5214 τὸν
1731 5160 1859 5214 λαὸν
1892 5160 2123 5230 ἐσόμενα
2164 5155 2596 5224 ἐξαγγέλλοντες,
2635 5156 2763 5210 ποτέ
2801 5156 2897 5226 μὲν
2939 5156 3190 5221 ἐκείνων,
3224 5157 3354 5209 ποτέ
3386 5156 3442 5209 δὲ
3480 5155 3719 5226 μέμνην-

469 5269 559 5305 ται
588 5250 812 5316 τούτων,
855 5252 930 5321 (p.
974 5249 1121 5321 156.)
1147 5250 1221 5314 ὡς
1249 5251 1573 5323 ἀμφοτέρων
1605 5253 1685 5317 εἰς
1708 5251 1799 5305 τὸν
1830 5250 1957 5305 λαὸν
1985 5247 2397 5312 συντελούντων,
2430 5247 2565 5319 πρὸς
2603 5248 2732 5319 μίαν
2758 5249 2816 5301 τέ
2842 5265 2962 5301 τινα
2982 5248 3075 5301 τοῦ
3103 5248 3279 5302 κοινοῦ
3313 5247 3410 5319 τὴν
3443 5247 3721 5319 αἰχμαλω-

473 5343 594 5397 σίαν
614 5344 1055 5415 ἀναφερομένων,
1087 5341 1188 5396 κᾶν
1216 5345 1265 5396 εἰ
1286 5342 1629 5414 διῃρημένοις
1655 5361 1770 5406 πως
1792 5342 2004 5411 γεγόνει
2034 5342 2144 5405 τοῖς
2170 5342 2399 5411 καιροῖς.

543 5433 710 5490 Vens.
733 5434 852 5490 6-8.
877 5467 940 5479 --
960 5454 980 5487 ι
1005 5433 1130 5490 Haec
1147 5435 1280 5490 dicit
1303 5433 1566 5490 Dominus
1605 5454 1618 5490 :
1653 5434 1829 5505 Super
1869 5435 2045 5489 tribus

475 5521 1022 5585 sreleribuslsraelis,
1065 5535 1297 5597 etsuper
1327 5535 1564 5594 quatuor
1596 5537 1705 5578 non
1749 5522 2042 5577 aversabor

382 5654 385 5655 ν
473 5630 622 5670 eum.
647 5633 664 5664 ι
692 5612 985 5684 Postquam
1015 5616 1171 5685 dixit,
1210 5633 1270 5672 se
1300 5618 1423 5672 illos
1462 5623 1686 5687 propter
1728 5614 2043 5668 continuata

475 5707 852 5777 peccatajuste
869 5711 1129 5771 aversari.
1152 5716 1342 5765 narrat
1368 5709 1420 5763 in
1447 5708 1801 5779 sequentibus
1824 5705 2040 5761 illorum

479 5794 794 5870 iniquitates
828 5801 1090 5871 plurimas
1126 5821 1137 5857 :
1175 5822 1192 5854 ι
1218 5801 1509 5871 Propterea
1541 5800 1685 5871 quod
1706 5797 2045 5855 vendiderint

2215 5432 2363 5502 Στίχ.
2411 5437 2556 5502 ς’-η’.
2595 5460 2664 5471 -—
2706 5448 2725 5480 ι
2767 5429 2903 5482 Τάδε
2949 5430 3096 5498 λέγει
3151 5428 3372 5500 Κύριος·
3438 5428 3559 5482 Ἐπί
3598 5430 3728 5493 ταῖς

2146 5524 2322 5596 τρισὶν
2347 5520 2621 5585 ἀσεϐείαις
2663 5520 2878 5592 Ἰσραὴλ
2907 5521 3002 5575 καὶ
3031 5522 3122 5574 ἐπὶ
3150 5523 3270 5585 ταῖς
3299 5520 3720 5603 τέσσαρσινὶούκ

2148 5614 2641 5685 ἀποστραφήσομαι
2687 5613 2869 5668 αὐτόν.
2913 5633 2932 5666 ι
2982 5608 3113 5667 Εἶτα
3148 5610 3386 5685 εἰρηκὼς
3442 5613 3524 5665 ὅτι
3577 5611 3719 5681 ὑπὲρ

2147 5700 2221 5762 ὧν
2268 5705 2668 5776 ἐπιτεταμένως
2728 5705 2955 5774 ἠσέϐουν
3016 5702 3419 5775 ἀποστρέφεται
3472 5702 3715 5765 δικαίως,

2149 5798 2296 5868 λέγει
2344 5796 2579 5867 καθεξῆς
2603 5797 2695 5851 καὶ
2712 5795 2777 5849 τὰ
2798 5796 2998 5850 τούτων
3024 5794 3469 5866 πλημμελήματα
3492 5793 3720 5846 πλεῖστα
