4102 6458
315 358 429 413 257

1388 359 1938 417 COMMENTARIUS
1965 359 2030 413 ΙΝ
2067 355 2279 414 AMOSI
2316 358 2467 413 CAP.
2504 359 2568 413 ll.

3491 362 3596 417 3338

320 490 385 540 γε
432 475 586 529 ὄντα.
626 495 644 526 ι
713 476 853 530 Ἄνθ⁵
888 469 962 530 ὤν
1001 477 1258 546 ἀπέδοντο
1305 477 1512 531 δίκαιον
1564 478 1850 549 ἀργυρίου.
1893 496 1910 528 ι

2018 483 2244 547 argento
2273 476 2506 546 justum.
2530 499 2548 527 ι
2583 475 2798 531 Justnm
2833 491 2978 531 nunc
3013 492 3120 531 non
3150 477 3284 532 dicit
3318 477 3620 535 hominem.

321 565 550 619 Δίκαιον
581 568 641 619 οὐ
673 567 762 620 τὸν
793 569 911 621 κατ’
942 570 1141 641 ἀρετὴν
1169 569 1316 638 λέγει
1341 569 1454 636 νῦν,
1495 570 1630 623 ἀλλὰ
1653 569 1742 622 τὸν
1763 563 1916 640 ᾧπερ

320 657 419 708 ἐπὶ
462 657 566 726 τῆς
599 660 928 729 κινουμένης
960 660 1420 732 ἀμφισϐητήσεως
1457 661 1637 716 δίκαια
1667 662 1876 733 προσῆν
1899 679 1912 694 ·

319 748 415 799 ἵνα
435 749 569 820 εῐπῃ
597 750 681 802 ὅτι
706 751 1007 820 χρημάτων
1035 753 1379 823 προεδίδοσαν
1407 754 1532 816 τοὺς
1554 757 1668 817 τοῖς
1688 755 1914 819 δικαίοις

315 838 765 909 ὠχυρωμένους·
808 843 901 895 καὶ
949 843 1232 898 ἐπιτείνων
1276 845 1337 896 τὸ
1383 845 1703 916 λεγόμενον,
1751 865 1768 897 ι
1807 847 1915 900 Καὶ

317 931 543 1000 πένητα
576 932 763 986 ἕνεκεν
796 935 1160 1005 ὑποδημάτων
1202 936 1311 990 τῶν
1344 937 1656 991 πατούντων
1687 939 1779 991 ἐπὶ
1822 939 1914 991 τὸν

315 1023 459 1092 χοῦν
508 1025 608 1094 τῆς
641 1027 764 1095 γῆς.
811 1046 831 1077 ι
869 1029 1031 1098 ’Ἄχρι
1088 1027 1196 1099 γὰρ
1255 1029 1544 1094 τοσούτου,
1602 1031 1768 1101 φησὶ,
1817 1031 1914 1102 τὴν

310 1116 748 1187 αἰσχροκερδίαν
777 1117 1052 1184 ἐξέτειναν
1078 1119 1176 1190 τήν
1214 1120 1442 1184 ἑαυτῶν,
1479 1120 1619 1173 ὥστε
1665 1120 1774 1173 τῶν
1818 1138 1914 1173 πε-

314 1206 508 1275 νήτων
535 1208 843 1277 προδιδόναι
865 1209 928 1261 τὸ
953 1210 1162 1264 δίκαιον
1189 1211 1330 1283 ὑπὲρ
1353 1212 1750 1264 εὐτελεστάτων
1777 1210 1915 1282 λημ-

318 1298 520 1368 μάτων
545 1315 558 1326 ·
601 1299 759 1352 τοῦτο
797 1301 906 1372 γὰρ
933 1301 1082 1370 δηλοῖ
1112 1302 1190 1368 τὸ,
1220 1321 1237 1353 ι
1275 1303 1635 1374 ὑποδημάτων
1677 1303 1783 1356 τῶν
1813 1321 1913 1356 πα-

314 1392 568 1446 τούντων
605 1395 697 1448 ὲπὶ
729 1395 820 1447 τὸν
859 1396 989 1466 χοῦν
1041 1398 1138 1466 τῆς
1176 1398 1311 1467 γῆς,
1355 1417 1374 1449 ι
1419 1399 1552 1470 ὅπερ
1592 1394 1660 1468 ἦν
1694 1398 1912 1469 ἔλεγχος

317 1489 510 1558 σαφὴς
546 1487 641 1540 τοῦ
697 1489 906 1560 μηδένα
957 1487 1112 1557 λόγον
1156 1491 1424 1544 ποιεῖσθαι
1459 1491 1552 1544 τοῦ
1594 1491 1826 1554 δικαίου,
1861 1491 1916 1543 εἴ

312 1596 385 1645 γε
440 1579 539 1632 καὶ
586 1579 674 1631 ἐπ’
726 1579 970 1632 εὐτελέσι
1025 1581 1166 1634 αὐτὰ
1217 1581 1466 1654 λήμμασι
1530 1583 1911 1653 διεπράττοντο

313 1669 586 1733 εὐκόλως.
623 1689 640 1719 ι
688 1672 798 1723 Καὶ
826 1670 1163 1736 ὲκονδύλιζον
1210 1674 1290 1736 εἰς
1319 1674 1558 1742 κεφαλὰς
1591 1673 1840 1744 πτωχῶν.
1886 1691 1904 1723 ι

313 1761 446 1814 Τῶν
477 1762 660 1816 αὐτῶν
687 1761 858 1832 λέγει,
894 1765 974 1816 ὅτι
1007 1765 1066 1816 οὑ
1094 1765 1252 1835 μόνον
1279 1765 1375 1818 οὐκ
1410 1767 1688 1836 ὲπήμυνον
1727 1767 1909 1826 αὐτοῖς

312 1854 514 1908 δίκαια
535 1854 800 1922 αίτοῦσιν,
825 1856 962 1910 ἀλλά
988 1856 1081 1910 καί
1105 1857 1510 1928 προσέπληττον
1530 1858 1719 1921 ἀδεῶς.
1747 1857 1909 1912 Ὅθεν
1944 1840 1981 1893 Β

313 1946 548 2012 ἐπάγει·
575 1965 594 1999 ι
624 1947 735 2000 Καὶ
751 1947 870 2000 ὁδὸν
894 1947 1164 2001 ταπεινῶν
1185 1948 1480 2014 ἐξέκλιναν.
1513 1968 1530 2000 ι
1555 1951 1663 2004 Καὶ
1686 1949 1794 2003 τῶν
1818 1966 1915 2003 πε-

313 2039 663 2110 πραγμένων
685 2039 872 2102 αὐτοῖς
893 2082 907 2099 ,
928 2039 1122 2109 φησὶν,
1157 2039 1332 2111 ὀρθῶς
1367 2041 1598 2110 ἐχόντων
1617 2081 1628 2102 ,
1662 2042 1680 2108 (
1699 2055 1748 2109 p.
1774 2039 1910 2111 157)

317 2130 668 2202 μετέτρεπον
713 2133 794 2194 εἰς
835 2132 1144 2186 τούναντίον
1192 2131 1288 2203 τὴν
1330 2133 1545 2201 κρίσιν,
1586 2132 1912 2203 ἀμελοῦντες

311 2222 508 2275 αὐτῶν
542 2221 630 2275 διὰ
664 2223 760 2294 τὴν
804 2224 1188 2295 ταπεινότητα.
1247 2242 1265 2274 ι
1303 2224 1412 2276 Καὶ
1446 2223 1559 2287 υἱὸς
1603 2225 1697 2277 καὶ
1731 2223 1912 2294 πατὴρ

308 2314 493 2367 αὐτοῦ
554 2315 967 2387 εἰσεπορεύοντο
1019 2317 1155 2390 πρὸς
1207 2316 1308 2388 τὴν
1358 2316 1527 2385 αὐτὴν
1582 2317 1910 2386 παιδίσκην,

311 2407 474 2470 ὅπως
502 2403 857 2478 βεδηλὼσωσι
898 2407 964 2459 τὸ
985 2407 1154 2477 ὄνομα
1183 2406 1276 2460 τοῦ
1311 2405 1447 2459 Θεοῦ
1473 2405 1680 2459 αὐτῶν
1708 2407 1803 2460 καὶ
1842 2405 1912 2459 τά

315 2498 524 2569 ἱμάτια
553 2499 736 2553 αὐτῶν
763 2499 1120 2570 δεσμεύοντες
1151 2499 1404 2570 σχοινίοις
1433 2499 1911 2569 παραπετάσματα

319 2589 551 2645 ὶποίουν
603 2591 840 2661 ἐχόμενα
897 2589 994 2644 τοῦ
1043 2589 1463 2662 θυσιαστηρίουο
1519 2591 1613 2643 καὶ
1659 2585 1800 2642 οἶνον
1848 2590 1912 2643 ὲκ

315 2682 704 2751 συκοφαντιῶν
745 2682 927 2736 ἔπινον
974 2683 1031 2735 ὲν
1069 2683 1148 2752 τῷ
1190 2682 1325 2753 οἴκῳ
1356 2681 1450 2735 τοῦ
1478 2681 1611 2734 Θεοῦ
1639 2681 1841 2734 αὐτῶν.
1885 2699 1903 2731 ι

313 2773 404 2827 Δι’
439 2774 750 2846 ὑπερϐολὴν
795 2775 1085 2843 ἀσελγείας
1115 2775 1303 2827 οὐδένα
1339 2763 1496 2842 λόγον
1527 2773 1646 2826 οὐδὲ
1675 2773 1781 2825 τῶν
1811 2772 1911 2843 τῆς

313 2865 546 2936 φύσεως
597 2865 908 2936 ποιούμενοι
948 2867 1147 2937 νόμων,
1179 2867 1360 2937 πατήρ
1385 2884 1444 2918 τε
1474 2866 1569 2919 καὶ
1601 2866 1713 2928 υίὸς
1741 2865 1912 2928 ἀδεῶς

313 2957 720 3028 συνεμίγνυντο
773 2961 898 3021 ταῖς
956 2959 1174 3021 αὐταῖς·
1231 2959 1499 3027 τοσαύτης
1563 2957 1910 3028 βλασφημίας

312 3052 608 3122 παραίτιοι
645 3051 921 3122 γινόμενοι
1082 3051 1236 3123 Θεῷ,
1279 3052 1347 3104 ὃν
1371 3051 1746 3104 ἐπικαλεῖσθαι
1797 3050 1909 3104 ἐδό-

309 3161 488 3198 κουν·
540 3144 637 3200 καὶ
696 3143 759 3214 δὴ
795 3144 999 3215 σκηνὰς
1033 3143 1090 3210 ἐξ
1131 3143 1360 3213 ἱματίων
1409 3141 1910 3205 κατασκευάζοντες
1937 3183 1978 3240 C

310 3235 554 3306 πλησίον
599 3234 694 3288 τοῦ
725 3234 1140 3307 θυσιαστηρίου,
1186 3235 1279 3288 καὶ
1329 3234 1450 3286 οὐδὲ
1494 3233 1592 3304 τὴν
1635 3231 1910 3302 ἐγγύτητα

309 3327 712 3399 ἐντρεπόμενοι
740 3326 849 3380 τῶν
877 3327 1049 3396 ἁγίων
1068 3369 1083 3392 ,
1111 3327 1211 3397 τήν
1251 3344 1311 3380 τε
1341 3325 1638 3380 ἀκολασίαν
1682 3325 1910 3395 ἐξεπλήο

313 3437 450 3491 ρουν
480 3419 686 3491 ταύτην
706 3437 720 3450 °
754 3421 848 3474 καὶ
877 3421 939 3473 ὲκ
975 3421 1074 3490 τῆς
1101 3419 1210 3473 τῶν
1246 3423 1490 3492 πενήτων
1527 3418 1786 3489 ἐπηρείας
1813 3416 1908 3481 οὓς

313 3510 685 3581 πολυτρόπως
716 3510 956 3582 ἠδίκουν,
991 3512 1182 3582 ἑορτήν
1213 3527 1334 3565 τινα
1374 3510 1512 3582 μετὰ
1545 3510 1714 3581 μέθης
1746 3510 1804 3562 ὲν
1832 3507 1910 3579 τῷ

313 3601 416 3655 τοῦ
449 3601 591 3655 Θεοῦ
614 3601 880 3655 συνίστων
903 3603 1056 3672 οῖκῳ.

392 3692 549 3762 Στίχ.
592 3691 757 3762 (λ’-ιβ’.
791 3723 858 3732 -
897 3712 915 3744 ι
963 3691 1104 3760 Ἐγὼ
1135 3693 1191 3746 δὲ
1228 3693 1401 3763 ὲξῆρα
1444 3691 1537 3744 τὸν
1587 3693 1913 3764 Ἀμορραῖον

313 3787 383 3840 ἐκ
431 3783 732 3856 προσώπου
768 3784 981 3837 αὐτῶνθ
1023 3778 1084 3838 οῦ
1110 3779 1179 3855 ἦν
1224 3783 1404 3848 καθὼς
1445 3782 1580 3854 ὕψος
1614 3783 1809 3854 κέδρου
1847 3783 1910 3836 τὺ

315 3875 458 3946 ἄξιος
478 3875 671 3940 αὐτοῦ,
705 3877 801 3929 καὶ
831 3875 1050 3946 ἰσχυρὸς
1082 3871 1148 3947 ἦν
1177 3874 1254 3939 ὡς
1282 3875 1411 3946 δρύς
1433 3893 1448 3908 ο
1491 3875 1587 3928 καὶ
1618 3874 1789 3944 ὲξῆρα
1818 3875 1908 3928 τὸν

315 3967 540 4039 καρπὸν
569 3967 735 4021 αὑτοῦ
780 3967 1077 4033 ἐπάνωθεν,
1117 3967 1212 4020 καὶ
1250 3966 1349 4030 τάς
1396 3965 1552 4038 ῥίζας
1580 3967 1746 4020 αὐτοῦ
1777 3968 1909 4020 ὑπο-

317 4061 572 4116 κάτωθεν
591 4076 606 4090 ⁸
634 4061 728 4114 καὶ
753 4059 865 4128 ἐγὼ
885 4060 1159 4129 ἀνήγαγον
1189 4059 1331 4130 ὑμᾶς
1364 4062 1428 4112 ὲκ
1465 4061 1566 4130 γῆς
1590 4059 1866 4128 Αἰγύπτου
1894 4076 1905 4088 ·

317 4154 414 4207 καὶ
464 4152 811 4224 περιήγαγον
856 4152 1000 4222 ὑμᾶς
1047 4151 1103 4204 ὲν
1163 4154 1230 4222 τῇ
1261 4152 1455 4221 ἐρήμῳ
1499 4152 1908 4220 τεσσαράκοντα

317 4244 440 4312 ἔτη,
493 4243 590 4299 τοῦ
637 4242 1189 4314 κατακληρονομῆσαι
1235 4243 1334 4314 τὴν
1388 4244 1489 4314 γῆν
1529 4243 1904 4315 Ἀμορραίων

318 4338 414 4392 καὶ
435 4336 632 4390 ἔλαϐον
648 4336 714 4390 ὲκ
736 4336 844 4390 τῶν
864 4335 996 4390 υἱῶν
1023 4336 1178 4407 ὑμῶν
1201 4338 1280 4400 εἰς
1301 4337 1606 4408 προφήτας,
1654 4341 1669 4404 (
1694 4353 1747 4405 p.
1775 4335 1910 4403 158)

319 4429 419 4483 καὶ
456 4431 526 4482 ὲκ
556 4428 666 4482 τῶν
719 4429 1016 4482 νεανίσκων
1071 4427 1226 4497 ὑμῶν
1275 4429 1353 4490 εἰς
1399 4427 1686 4497 ἁγιασμόν.
1731 4445 1747 4476 ι
1799 4427 1908 4479 Καὶ

2023 570 2222 624 virtute
2271 578 2546 632 ornatum,
2600 569 2694 624 sed
2746 569 2898 622 illum
2942 570 3031 624 cui
3068 571 3120 623 in
3155 569 3330 623 litium
3370 578 3595 624 contro-

2019 660 2196 714 versia
2248 659 2340 728 jus
2409 673 2622 728 aequum
2681 658 3019 713 reddendum
3085 668 3222 714 erat.
3277 659 3369 714 Ait
3431 659 3595 730 igitur

2018 758 2242 820 propter
2279 752 2562 821 pecuniam
2600 751 2846 820 proditos
2884 750 3055 806 fuisse
3080 753 3351 815 homines,
3391 752 3596 822 quibus

2016 845 2247 914 aequitas
2299 843 2440 912 juris
2490 843 2723 898 favebat.
2761 841 3160 912 lntendensque
3209 844 3387 898 adhuc
3433 845 3595 898 vezba

2017 937 2093 989 ait
2127 955 2141 990 :
2186 956 2204 987 ι
2231 936 2294 989 Et
2324 951 2618 1006 pauperem
2652 943 2872 1004 propter
2894 937 3262 990 calceamenta
3287 951 3410 1006 quae
3436 947 3595 990 terra:

2017 1028 2294 1096 pulverem
2321 1028 2556 1082 calcant.
2588 1048 2604 1078 ο
2637 1025 2822 1096 Usque
2869 1027 3026 1088 adeo,
3063 1027 3262 1097 inquit,
3317 1035 3474 1096 turpe
3514 1028 3593 1080 lu-

2017 1136 2170 1175 crum
2207 1136 2367 1175 suum
2401 1119 2820 1189 ampliaverunt,
2854 1128 2912 1172 ut
2943 1134 3248 1190 pauperum
3264 1120 3356 1189 jus
3375 1130 3594 1190 propter

2015 1213 2281 1269 vilissima
2309 1228 2534 1268 munera
2573 1211 2888 1267 venderent.
2912 1211 2966 1265 Id
2991 1214 3134 1267 enim
3165 1214 3379 1268 valeant
3407 1215 3597 1276 verba,

2021 1305 2294 1375 «Propter
2347 1295 2738 1370 calceamenta,
2795 1321 2918 1375 qua:
2956 1313 3114 1359 terrae
3165 1306 3441 1374 pulverem
3479 1307 3593 1361 cal-

2014 1407 2216 1463 cant,»
2253 1398 2400 1466 quod
2437 1412 2568 1453 sane
2596 1397 2855 1451 indicium
2905 1397 3253 1452 manifestum
3301 1407 3440 1463 erat,
3469 1400 3594 1454 nul-

2016 1493 2284 1561 lammqui
2325 1491 2512 1545 haberi
2562 1490 2852 1552 rationem,
2899 1489 2943 1545 si
2996 1497 3106 1542 tam
3159 1489 3319 1545 facile
3350 1491 3422 1545 ob
3465 1493 3593 1546 vilia

2013 1583 2339 1638 munuscula
2371 1582 2443 1635 ita
2469 1597 2526 1636 se
2556 1583 2836 1652 gerebanl.
2875 1599 2893 1632 ι
2922 1580 2983 1634 Et
3005 1596 3186 1650 pugno
3220 1581 3593 1638 verberabant

2011 1678 2187 1748 capita
2216 1693 2536 1748 pauperum.
2566 1695 2583 1727 ι
2622 1676 2890 1744 Loquitur
2921 1674 2988 1729 de
3014 1669 3230 1739 iisdem,
3275 1677 3459 1746 aitque
3479 1693 3590 1730 non

2013 1768 2188 1824 solum
2223 1766 2482 1821 defensos
2524 1781 2631 1819 non
2681 1765 2850 1820 fuisse
2891 1765 2984 1832 jus
3018 1773 3262 1833 petentes
3299 1779 3589 1834 pauperes.

2015 1860 2110 1914 sed
2161 1860 2388 1914 licenter
2441 1859 2603 1913 etiam
2657 1859 2999 1911 verberatos.
3048 1855 3200 1910 Unde
3244 1857 3441 1910 addit:
3481 1876 3498 1907 ι
3528 1858 3592 1910 bt

2013 1953 2157 2006 viam
2191 1951 2474 2005 humilium
2506 1950 2878 2004 declinabant.
2908 1967 2926 2000 ι
2959 1948 3437 2018 Cumqueillorum
3469 1959 3591 2002 acta

2013 2050 2160 2098 recte
2183 2057 2242 2097 se
2275 2042 2560 2105 haberent,
2589 2039 2923 2094 contrariam
2961 2040 3288 2096 sententiam
3323 2041 3588 2101 tulerum,

2025 2133 2332 2203 despicatui
2389 2131 2651 2186 habentes
2721 2131 2967 2200 ipsorum
3028 2131 3409 2186 humilitatem.
3481 2131 3591 2184 cEt

2014 2228 2160 2280 filius
2217 2240 2280 2280 ac
2333 2233 2485 2294 pater
2539 2225 2661 2292 ejus
2712 2224 3157 2293 ingrediebantur
3211 2224 3276 2277 ad
3337 2225 3586 2278 eamdem

2011 2318 2270 2388 puellam,
2297 2324 2354 2369 ut
2375 2316 2813 2370 contaminarent
2834 2331 3030 2369 nomen
3065 2314 3158 2369 Dei
3201 2317 3306 2370 sui.
3329 2315 3392 2368 Et
3419 2317 3591 2371 vesti-

2011 2415 2194 2463 menta
2221 2422 2317 2462 sua
2356 2406 2618 2462 funiculis
2647 2407 2958 2475 alligantes,
2995 2405 3154 2478 104
3188 2405 3465 2460 faciebant
3495 2424 3592 2461 ve-

2011 2499 2212 2552 lamina
2248 2498 2404 2566 juxta
2432 2499 2604 2552 altare
2643 2516 2658 2551 :
2693 2507 2746 2550 et
2785 2499 2972 2552 vinum
3010 2499 3079 2554 de
3107 2499 3397 2554 calumniis
3446 2499 3594 2554 bibe-

2013 2589 2144 2643 bant
2183 2590 2236 2642 in
2268 2588 2431 2642 domo
2476 2587 2570 2642 Dei
2602 2589 2710 2642 sui.
2750 2607 2767 2639 ι
2806 2587 3034 2657 Propter
3073 2589 3366 2644 immanem
3407 2590 3593 2644 libidi-

2010 2697 2156 2745 nem,
2192 2691 2401 2734 naturze
2437 2682 2584 2750 leges
2627 2681 2778 2749 pensi
2840 2697 2948 2734 non
3011 2681 3593 2751 habebant,paterque

2012 2787 2077 2826 ac
2128 2773 2274 2826 filius
2331 2779 2583 2841 proterve
2632 2771 2831 2827 iisdem
2891 2771 3110 2826 feminis
3174 2772 3588 2826 miscebantur.

2013 2871 2179 2917 tantae
2236 2878 2295 2917 se
2333 2863 2681 2932 blasphemia:
2738 2861 2878 2930 apud
2929 2861 3098 2916 Deum
3129 2878 3254 2918 reos
3303 2863 3589 2926 facientes,

2011 2970 2172 3024 quem
2207 2955 2464 3008 invocare
2504 2953 2853 3008 videbantur.
2890 2951 3034 3017 Quin
3079 2953 3242 3007 etiam
3279 2955 3590 3023 papiliones

2011 3059 2078 3099 ex
2107 3045 2224 3099 suis
2251 3044 2495 3098 vestibus
2524 3043 2629 3098 sibi
2674 3043 2817 3112 apud
2849 3045 3020 3098 altare
3038 3043 3357 3111 tendebant,
3393 3061 3462 3101 ne
3484 3047 3590 3100 loci

2013 3135 2189 3190 sancti
2238 3134 2456 3204 quidem
2504 3133 2965 3203 propinquitatem
3031 3143 3368 3198 reverentes,
3403 3135 3595 3205 ibique

2012 3228 2154 3282 hanc
2221 3225 2501 3281 libidinem
2571 3226 2888 3295 explebant.
2963 3223 3102 3280 Tum
3168 3225 3236 3281 de
3288 3243 3590 3298 pauperum

2010 3321 2232 3384 damno,
2258 3335 2394 3390 quos
2427 3319 2713 3388 multiplici
2745 3319 3012 3388 injustitia
3055 3321 3344 3384 vexabant,
3391 3322 3594 3380 solem-

2009 3412 2234 3466 nitatem
2271 3411 2376 3466 sibi
2409 3410 2816 3478 quodammodo
2859 3425 2968 3465 non
3029 3411 3152 3466 sine
3181 3411 3407 3483 crapula
3441 3414 3589 3471 intta

2010 3503 2105 3558 Dei
2151 3499 2373 3557 domum
2399 3501 2828 3557 constituebant.

2077 3685 2409 3743 “135.942.
2428 3717 2500 3727 —
2517 3706 2534 3736 ι
2561 3686 2624 3739 Et
2652 3695 2834 3740 tamen
2852 3701 2956 3757 ego
2968 3701 3088 3742 sum
3108 3686 3200 3756 qui
3225 3687 3590 3742 exterminari

2009 3779 2382 3834 Amorrlueum
2441 3794 2472 3833 a
2529 3777 2669 3834 facie
2709 3793 2926 3842 eorum,
2977 3778 3137 3848 cujus
3166 3777 3400 3834 altitudo
3445 3781 3592 3835 sicut

2009 3872 2159 3925 cedri
2195 3871 2500 3940 proceritas
2539 3881 2679 3937 erat,
2727 3878 2782 3925 et
2812 3870 2980 3924 robur
3008 3880 3068 3924 ut
3117 3886 3359 3941 quercus
3394 3890 3407 3926 :
3453 3875 3587 3928 abs-

2010 3965 2220 4032 tulique
2289 3963 2526 4017 fructum
2583 3963 2704 4033 ejus
2769 3963 3026 4033 desuper,
3085 3973 3140 4018 et
3195 3963 3412 4021 radices
3464 3966 3588 4036 ejus

2010 4056 2218 4111 subter.
2259 4056 2368 4127 Ego
2399 4073 2520 4112 sum
2551 4057 2644 4127 qui
2677 4072 2774 4113 vos
2792 4056 2860 4112 de
2885 4057 3108 4126 regione
3139 4054 3362 4127 Egypti
3392 4058 3585 4119 eduxi,

2009 4157 2063 4205 et
2087 4149 2452 4219 quadraginta
2508 4151 2668 4205 annis
2725 4150 2782 4204 in
2836 4149 3056 4205 deserto
3100 4149 3468 4215 circumduxi,
3529 4158 3590 4204 ut

2009 4241 2451 4295 Amorrh'aeorum
2507 4242 2784 4309 regionem
2833 4239 3212 4310 possideretis.
3266 4240 3592 4312 Assumpsi-

2010 4331 2210 4402 quede
2233 4333 2360 4387 filiis
2397 4333 2599 4387 vestris
2634 4332 2687 4386 in
2720 4333 3037 4401 prophetas,
3091 4340 3146 4387 et
3177 4333 3253 4388 de
3288 4333 3590 4402 juvenibus.

2012 4423 2211 4477 vestris
2271 4422 2325 4474 in
2396 4420 3114 4486 sanetilicationem.»Vos,
3166 4421 3410 4491 inquam,
3459 4426 3590 4477 talia

316 4520 494 4574 ταῦτα
527 4519 949 4591 διεπράττεσθε,
985 4520 1096 4574 τῶν
1126 4520 1452 4590 εὐεργεσιῶν
1477 4521 1538 4573 οὑ
1573 4518 1908 4589 μεμνημένοι

2015 4513 2275 4582 patrastis
2329 4511 2719 4565 beneficiorum
2753 4525 3000 4564 meorum
3042 4510 3396 4567 immemores
3439 4530 3454 4566 :
3488 4529 3592 4568 nec

315 4614 428 4665 τῶν
462 4612 638 4683 ἐμῶν,
668 4611 784 4666 οὐθ’
832 4614 915 4667 ὅτι
946 4611 1037 4666 τὸν
1076 4613 1399 4684 Ἀμορῤαῖον
1437 4611 1611 4674 οὕτως
1644 4610 1815 4680 μέγαν
1845 4626 1902 4661 τε

317 4705 450 4758 ὄντα
479 4705 578 4759 καὶ
604 4704 832 4757 δυνατὸν
880 4702 1160 4763 παντελῶς
1199 4703 1466 4772 ἠφάνισα,
1507 4701 1627 4755 οὐδὲ
1655 4699 1906 4770 λείψανον

315 4793 486 4848 αὑτοῦ
520 4811 575 4846 τι
605 4791 926 4847 καταλιπὼν
953 4792 1046 4844 ἐπὶ
1070 4795 1171 4857 τῆς
1209 4791 1314 4862 γῆς
1336 4807 1350 4822 ’
1380 4791 1487 4844 οὐδ’
1519 4792 1601 4844 ὅτι
1633 4789 1906 4844 δουλεύον-

315 4902 416 4950 τας
441 4887 591 4957 ὑμᾶς
624 4885 894 4956 ἐξήγαγον
931 4882 992 4948 ἐξ
1023 4882 1300 4951 Αἰγύπτου
1319 4901 1333 4914 ·
1365 4883 1472 4936 οὐδ’
1513 4883 1594 4936 ὅτι
1629 4881 1770 4936 κατά
1805 4881 1905 4949 τὴν

316 4976 526 5047 ἔρημον
551 4977 965 5048 τεσσαράκοντα
1007 4977 1153 5046 ὑμᾶς
1182 4974 1275 5048 ἐτη
1310 4973 1566 5046 διέθρεψα
1612 4973 1868 5036 ποικίλως
1888 4989 1904 5002 °

314 5070 458 5125 ὥστε
489 5069 590 5141 τὴν
620 5069 730 5123 τῶν
775 5069 1118 5142 Ἀμορραίων
1151 5069 1253 5139 γῆν
1283 5069 1379 5140 τὴν
1401 5068 1555 5120 οὐθὲν
1577 5067 1708 5138 ὑμῖν
1738 5083 1906 5138 προσ-

313 5163 557 5232 ήκουσαν
581 5161 661 5225 εἰς
682 5161 878 5231 κτῆσιν
901 5163 1203 5232 παρασχεῖν
1223 5177 1237 5191 °
1267 5160 1352 5228 ἐφ’
1375 5153 1457 5222 οἷς
1490 5159 1662 5214 ἅπασι
1687 5176 1902 5230 προφη-

310 5253 476 5322 τικῆς
505 5269 564 5304 τε
591 5253 814 5321 χάριτος
829 5252 993 5316 ὲνίοις
1025 5250 1180 5323 ὑμῶν
1202 5251 1290 5303 ἐπ’
1318 5249 1558 5320 ὠφελείᾳ
1589 5249 1685 5303 τοῦ
1719 5248 1903 5303 κοινοῦ

313 5343 668 5413 μεταδέδωκα
688 5359 702 5374 ·
720 5343 815 5398 καὶ
829 5343 894 5415 δὴ
913 5343 1006 5396 καί
1023 5359 1175 5406 τινας
1192 5341 1298 5396 τῶν
1321 5342 1379 5393 ὲν
1393 5340 1902 5412 ὑμῖνὲπελεξάμην,

309 5434 386 5497 ὡς
413 5432 481 5487 ἂν
513 5431 928 5503 ὲπιμελεστέρῳ
977 5449 1037 5484 τε
1065 5432 1162 5485 καὶ
1207 5430 1475 5500 κρείττονι
1521 5429 1908 5500 προσανέχοιεν

311 5525 442 5595 βίῳ,
475 5525 685 5596 κόσμον
713 5521 886 5576 ἅπασι
915 5523 1172 5592 φέροντες
1198 5524 1311 5585 τοῖς
1331 5520 1557 5583 λοιποῖς.
1583 5522 1693 5574 Καὶ
1718 5519 1903 5590 ἐπειδὴ

306 5617 486 5673 ταῦτα
527 5617 772 5689 πρόδηλα
819 5617 988 5670 πᾶσιν
1015 5611 1105 5686 ἦν,
1141 5615 1345 5686 ὁμοίως
1385 5612 1574 5666 εἰπών·
1619 5633 1637 5665 ι
1678 5613 1770 5684 Μὴ
1807 5615 1906 5667 οὐκ

305 5711 427 5763 εστι
482 5707 804 5776 ταῦτα,υίοὶ
869 5705 1106 5778 Ἰσραὴλ,
1156 5705 1305 5773 λέγει
1355 5703 1590 5774 Κύριος;
1635 5723 1652 5756 ι
1691 5704 1763 5756 Οὐ
1795 5702 1903 5773 γὰρ

305 5800 537 5856 δυνατὸν
559 5799 710 5870 ὑμῖν,
738 5797 930 5869 φησὶν,
959 5793 1238 5869 ἀρνεῖσθαι
1272 5791 1442 5847 ταῦτα
1472 5792 1644 5856 οὑτως
1680 5791 1895 5862 ἔχοντα.

2013 4602 2157 4672 quod
2198 4616 2299 4672 ego
2327 4600 2700 4656 Amorrhmmn
2739 4607 2899 4654 talem
2939 4609 3260 4670 tantumque
3295 4616 3360 4656 ac
3400 4611 3592 4672 poten-

2014 4701 2120 4748 tem
2171 4707 2400 4759 prorsus
2444 4681 2841 4755 destruxe‘rim,
2907 4690 3078 4747 nullis
3109 4691 3232 4761 ejus
3289 4693 3498 4749 relictis
3533 4696 3592 4749 in

2015 4792 2158 4838 terra
2188 4784 2436 4853 vestigiis
2470 4801 2481 4836 :
2516 4797 2617 4837 nec
2647 4781 2794 4853 quod
2834 4798 2934 4839 vos
2959 4784 3216 4838 servituti
3241 4786 3592 4856 mancipatos

2014 4877 2080 4932 de
2101 4875 2340 4947 Egypto
2373 4875 2656 4930 eduxerim
2693 4893 2705 4930 :
2733 4889 2834 4930 nec
2870 4876 3032 4931 annis
3052 4876 3416 4948 quadraginta
3450 4881 3592 4933 mul-

2017 4967 2255 5020 tifariam
2289 4982 2386 5022 vos
2421 4967 2475 5020 in
2515 4966 2736 5021 deserto
2765 4966 2995 5021 aluerim
3015 4967 3221 5031 ,donec
3245 4968 3591 5024 Amorrhaao-

2016 5073 2136 5110 rum
2183 5057 2465 5128 regionem
2522 5057 2674 5111 nullo
2723 5057 2966 5112 humano
3015 5057 3140 5126 jure
3179 5059 3246 5112 ad
3285 5074 3381 5114 vos
3432 5063 3596 5127 pertie

2015 5159 2234 5204 nentem
2308 5149 2562 5218 potestati
2641 5158 2837 5204 vestrae
2900 5149 3126 5203 tradidi.
3194 5148 3406 5204 Praeter
3475 5150 3594 5205 haec

2015 5240 2218 5304 omnia,
2255 5240 2548 5295 nonnullos
2580 5237 3088 5307 vestrum,publicae
3122 5239 3372 5295 utilitatis
3398 5255 3592 5304 causa,

2018 5331 2344 5402 prophetica:
2372 5345 2589 5400 quoque
2618 5329 2807 5400 gratiae
2857 5327 2960 5384 feci
2993 5327 3286 5397 participes
3319 5329 3597 5400 :denique

2014 5433 2068 5479 ct
2102 5439 2167 5479 ex
2213 5423 2366 5478 vobis
2393 5423 2608 5492 aliquos
2629 5421 2827 5491 delegi,
2863 5420 2954 5490 qui
2989 5419 3320 5474 aceuratiori
3347 5422 3594 5476 meliori-

2013 5531 2122 5585 que
2151 5514 2276 5570 vitzc
2306 5515 2490 5585 generi
2527 5511 2750 5576 addicti,
2794 5519 3117 5566 ornamento
3135 5512 3350 5568 cmteris
3382 5523 3591 5568 essent.

2013 5605 2083 5662 Et
2111 5608 2240 5678 quia
2284 5607 2396 5661 haec
2430 5606 2685 5660 omnibus
2716 5604 3006 5674 perspicua
3040 5611 3218 5669 erant,
3251 5605 3457 5672 pariter
3497 5606 3594 5660 ad-

2015 5699 2096 5753 dit
2125 5717 2138 5752 :
2175 5716 2193 5747 ι
2218 5696 2472 5765 Nunquid
2516 5711 2624 5750 non
2659 5695 2736 5748 ita
2757 5701 2863 5758 est,
2905 5694 2996 5748 filii
3031 5692 3276 5758 Israelis,
3312 5694 3445 5750 dicit
3485 5695 3593 5746 ι)οη

2017 5789 2284 5845 minus?»
2329 5786 2584 5843 Profecto
2632 5788 2747 5842 haec
2801 5781 3112 5853 verissima}
3151 5787 3336 5857 negari
3373 5800 3405 5840 a
3435 5785 3598 5842 vobis
