4102 6496
473 398 582 454 259

1667 372 2021 432 TilEODORl
2060 370 2549 431 MOPSUESTENI

3599 352 3707 412 260

474 515 771 579 nequeunt.
790 503 928 558 Tum
956 499 1335 569 superioribus
1352 501 1722 551 consentanea
1743 489 1893 545 addit
1911 506 1954 543 ιι
1976 492 2042 542 At

2158 486 2486 549 Ἀκολούθως
2530 488 2646 546 τοῖς
2669 481 2960 553 άνωτέροις
2985 479 3179 548 ἐπάγει
3198 495 3210 507 ·
3247 495 3266 529 ι
3296 474 3405 532 Καὶ
3431 471 3709 579 imitere

475 616 572 656 vos
624 597 779 668 105
829 593 1190 650 sanctiﬁcatis
1243 589 1378 644 viris
1436 587 1625 641 vinum
1673 582 2040 661 propinastis:

470 696 527 743 et
560 686 837 756 prolihetis
869 681 1179 737 mandastis
1212 679 1499 733 dicentes:
1533 672 1612 728 Ne
1644 670 1997 741 prephetetis.
2018 687 2037 719 ι

479 773 584 829 Vos
620 773 839 842 quidem
900 771 954 825 in
1002 770 1232 840 gratiam
1277 778 1454 821 meam
1502 767 1817 817 constanter
1861 757 2042 828 injurii

476 866 682 929 fuistis,
716 862 843 917 dum
876 868 932 915 et
959 859 1209 914 homines
1254 855 1383 910 vitae
1413 851 1622 923 puriori
1656 849 1891 915 deditos,
1924 862 2047 916 par-—

476 956 704 1024 ticipare
749 954 934 1009 vinum
978 949 1270 1020 coegistis,
1319 959 1531 1002 necnon
1587 943 1794 1015 reliqua
1841 940 2044 1001 omnia,

479 1065 512 1101 a
540 1047 742 1117 quibus
765 1044 1065 1102 secundum
1103 1040 1439 1111 propositum
1473 1051 1635 1092 suum
1662 1034 1933 1090 abstinere
1954 1050 2048 1088 γοα

477 1139 662 1193 lebaut
693 1136 967 1205 :denique
998 1135 1161 1189 etiam
1199 1131 1512 1202 prophetas,
1554 1127 1850 1197 quominus
1885 1139 2050 1194 Opere

476 1243 579 1282 suo
610 1226 987 1297 fungerentur,
1018 1222 1400 1293 prohibuistis.
1428 1219 1571 1287 Quid
1614 1218 1741 1274 inde
1779 1216 1979 1280 porro?

545 1328 711 1386 Vens.
731 1328 915 1385 1546.
936 1359 1006 1369 -
1029 1347 1047 1380 ι
1071 1328 1413 1396 Quapropter
1427 1341 1555 1381 ecce
1573 1342 1671 1397 ego
1686 1330 1843 1382 volvo
1861 1328 2049 1383 subter

478 1438 593 1487 vos,
622 1421 1076 1492 queinadmodum
1112 1421 1349 1475 volvitur
1371 1420 1673 1489 plaustrum
1706 1418 1906 1487 stipula
1937 1417 2050 1486 plc-

479 1531 627 1568 uum.
650 1514 713 1568 Et
731 1515 926 1585 peribit
947 1512 1072 1583 fuga
1092 1529 1119 1566 a
1137 1527 1364 1566 cursore
1388 1528 1403 1566 :
1436 1519 1488 1566 et
1507 1510 1665 1565 lortis
1684 1524 1791 1563 non
1813 1510 2053 1578 posside-

479 1605 557 1658 bit
598 1607 741 1659 vires
787 1620 958 1660 suas:
1000 1612 1053 1657 ct
1092 1610 1358 1674 pugnator
1395 1617 1502 1656 non
1545 1601 1775 1657 salvabit
1816 1599 2049 1652 animam

478 1709 655 1750 suam:
678 1704 728 1750 et
757 1696 1068 1764 sagittarius
1089 1710 1195 1748 non
1225 1693 1516 1748 sustinebit
1543 1710 1557 1747 :
1581 1698 1633 1746 et
1652 1692 1805 1746 velox
1824 1690 2052 1759 pedibus

480 1786 596 1840 suis
622 1801 729 1839 non
758 1784 1091 1840 salvabitur:
1130 1791 1183 1839 et
1206 1798 1375 1853 eques
1404 1798 1513 1838 non
1555 1782 1784 1838 salvabit
1810 1780 2048 1833 animam
2084 1819 2100 1874 ι

481 1886 638 1927 suam
672 1890 686 1927 :
721 1880 775 1927 et
804 1871 1018 1928 validus
1048 1887 1156 1927 non
1179 1872 1417 1926 inveniet
1446 1886 1542 1926 cor
1571 1885 1732 1926 suum
1763 1870 1819 1923 in
1850 1880 2043 1939 poten-

480 1962 707 2017 tatibus.
754 1981 773 2015 ›
833 1961 991 2019 Tales
1040 1977 1142 2034 ego
1197 1962 1353 2019 vobis
1400 1977 1592 2033 paruas
1646 1962 1936 2027 adducam,
1984 1971 2044 2015 ut

480 2053 711 2122 plaustri
742 2055 916 2109 instar
948 2054 1102 2109 valde
1128 2054 1332 2121 onusti,
1363 2062 1418 2108 et
1454 2061 1676 2124 propter
1713 2067 1877 2121 grave
1904 2067 2045 2109 onus

481 2143 839 2213 impositum,
904 2143 1035 2199 dum
1098 2144 1367 2209 trahitur,
1436 2144 1725 2200 stridorem
1810 2143 2042 2205 edentis,

484 2249 701 2303 pressos
760 2249 860 2290 vos
931 2235 1197 2289 malorum
1285 2233 1581 2307 pondere,_
1630 2235 1928 2290 ululatibus
1984 2251 2048 2291 ac

481 2326 795 2392 gemitibus,
844 2327 1013 2380 multa
1098 2341 1223 2381 cum
1282 2328 1431 2383 vocis
1499 2329 1872 2393 contentione,
1956 2330 2045 2383 in-

489 2414 716 2483 dulgere
743 2429 883 2485 opus
912 2416 1003 2471 sit.
1051 2414 1189 2469 Tum
1224 2430 1401 2487 neque
1427 2416 1681 2488 expedito
1721 2417 1790 2473 ad
1820 2434 2047 2474 cursum

485 2505 673 2574 fugere
718 2504 859 2559 mala
920 2506 1125 2572 licebit,
1158 2522 1337 2578 neque
1375 2508 1503 2563 forti
1544 2524 1657 2564 sua:
1688 2510 1831 2567 vires
1862 2513 2051 2581 prode-

485 2601 635 2658 runt,
677 2610 852 2664 neque
876 2595 942 2649 ad
973 2611 1207 2667 pugnam
1234 2598 1542 2670 bellumque
1563 2609 1786 2671 paratus
1820 2605 2048 2659 salutem

411 2720 415 2725 -
485 2686 747 2755 Consequi
777 2686 922 2755 potis
949 2687 1095 2742 erit:
1129 2688 1223 2743 sed
1254 2698 1310 2745 et
1355 2693 1650 2762 sagittandi
1698 2695 1917 2763 peritus
1957 2697 2053 2749 im-

487 2775 748 2842 possibile
775 2776 1052 2846 negotium
1098 2777 1320 2833 habebit
1356 2797 1369 2833 :
1411 2796 1585 2849 neque
1613 2784 1658 2836 si
1691 2784 1816 2852 quis
1856 2786 2049 2853 pedum

488 2864 811 2935 pernicitate
836 2866 999 2929 valet,
1024 2867 1256 2921 salutem
1287 2878 1653 2939 consequetur
1682 2889 1696 2925 :
1729 2887 1906 2942 neque
1926 2874 2051 2929 item

488 2967 656 3021 «quos
686 2953 890 3022 agitare
925 2953 1123 3010 doctus
1155 2973 1169 3010 :
1205 2964 1480 3023 postremo
1518 2973 1587 3013 ne
1625 2960 1661 3013 ii
1706 2963 1922 3031 quidem
1958 2966 2052 3035 qui

490 3041 606 3096 suis
637 3042 845 3099 viribus
890 3043 1047 3098 valde
1090 3044 1399 3107 contidunt,
1465 3048 1729 3103 rationem
1778 3051 2055 3108 invenient

2143 577 2270 640 τοὺς
2300 575 2663 647 ήγιασμένους
2698 569 2837 627 οἶνον
2856 588 2870 603 ·
2902 572 2997 626 καὶ
3023 573 3135 633 τοῖς
3161 568 3465 641 προφήταις
3496 562 3711 620 ἐνετέλ-

2145 666 2303 720 λεσθε
2348 664 2612 735 λέγοντες·
2657 666 2733 718 Οὐ
2787 663 2868 734 μὴ
2892 658 3324 733 προφητεύσητε.
3362 676 3383 709 ι
3425 653 3711 726 Διεμένετε

2145 760 2253 830 γὰρ
2278 758 2557 830 προδήλως
2589 758 2668 821 εἰς
2703 756 2802 826 τὴν
2830 754 2989 826 χάριν
3016 749 3390 823 ἐξυϐρίζοντες
3417 745 3516 817 τὴν
3548 744 3711 817 ἐμὴν,

2146 849 2272 913 τούς
2328 865 2389 902 τε
2458 848 2602 920 πρὸς
2664 844 3050 916 ἀκριϐέστερον
3106 838 3522 912 ἀφωρισμένως
3599 835 3713 906 βίον

2146 939 2547 1009 ἀναγκάζοντες
2577 940 2717 992 οίνου
2745 935 2993 1007 μετέχειν
3012 934 3106 988 καὶ
3134 931 3241 986 τῶν
3272 929 3474 984 λοιπῶν
3500 928 3713 982 ὁπόσων

2146 1034 2236 1088 διὰ
2260 1034 2358 1105 τὴν
2380 1030 2712 1100 ἐπαγγελίαν
2732 1026 3031 1099 ἀπέχεσθαι
3063 1023 3318 1079 ἔσπευδον
3343 1024 3445 1094 τὴν
3469 1020 3675 1074 οἰκείαν
3694 1058 3709 1083 ,

2147 1126 2243 1179 καὶ
2290 1126 2417 1187 τοὺς
2467 1122 2751 1194 προφήτας
2797 1118 3077 1191 προδήλως
3116 1114 3414 1177 κωλύοντες
3461 1114 3522 1166 τὺ
3553 1113 3714 1182 ἔργον

2147 1215 2388 1270 ἐκτελεῖν
2411 1215 2473 1268 τὸ
2508 1215 2727 1268 οἰκεῖον.
2764 1210 2935 1281 ’Υπὲρ
2960 1209 3023 1281 δὴ
3047 1207 3252 1261 τούτων
3280 1207 3361 1271 τί;

2219 1328 2366 1398 Στίχ.
2402 1332 2601 1395 ιγ’-ις’.
2631 1354 2702 1367 —-
2744 1343 2762 1376 ι
2796 1325 2894 1377 Διά
2919 1320 3076 1375 τοῦτο
3108 1321 3215 1375 ἰδοὺ
3246 1317 3357 1388 ἐγὼ
3384 1316 3554 1372 κυλίω
3586 1319 3718 1371 ὑπο-

2151 1416 2300 1469 κάτω
2327 1414 2508 1486 ὑμῶν,
2537 1415 2596 1467 δν
2640 1414 2836 1485 τρόπον
2869 1411 3110 1464 κυλίεται
3143 1412 3177 1481 ὴ
3201 1409 3436 1480 ἆμαξαή
3471 1408 3715 1479 γέμουσα

2153 1509 2434 1579 καλάμης·
2465 1510 2559 1563 καὶ
2591 1507 2872 1561 ἀπολεῖται
2909 1507 3053 1577 φυγὴ
3082 1508 3147 1560 ἐκ
3170 1503 3443 1576 δρομέως⁸
3474 1504 3565 1572 (p.
3592 1499 3714 1571 159)

2152 1600 2247 1654 καὶ
2267 1605 2294 1654 6
2317 1599 2654 1671 κραταιὸς,ού
2681 1599 2755 1671 μὴ
2781 1600 3023 1671 κρατήσῃ
3044 1597 3143 1668 τῆς
3164 1594 3344 1665 ἰσχύος
3363 1591 3523 1646 αύτοῦ
3543 1609 3557 1622 ·
3582 1592 3675 1645 καὶ
3689 1593 3718 1644 6

2156 1694 2404 1763 μαχητὴς
2436 1692 2497 1745 ού
2526 1693 2599 1763 μὴ
2625 1689 2772 1764 σώσῃ
2792 1690 2889 1761 τὴν
2910 1688 3087 1760 ψυχὴν
3108 1686 3272 1741 αὑτοῦ
3295 1702 3309 1715 ·
3330 1684 3426 1739 καὶ
3452 1683 3718 1753 δτοξότης

2153 1785 2214 1837 ού
2246 1785 2319 1854 μὴ
2345 1784 2551 1854 ύποστῇ
2576 1799 2590 1813 ·
2618 1783 2709 1836 καὶ
2731 1784 2759 1835 6
2786 1781 2909 1846 ὀξὺς
2927 1784 3039 1844 τοῖς
3065 1780 3221 1834 ποσὶν
3239 1776 3405 1832 αὐτοῦ
3421 1776 3483 1831 οὐ
3509 1775 3585 1847 μὴ
3599 1770 3715 1829 δια-

2153 1873 2330 1945 σωθῇ·
2364 1874 2459 1927 καὶ
2495 1875 2524 1925 6
2570 1874 2766 1935 ἱππεὺς
2792 1873 2854 1925 οὐ
2891 1872 2966 1942 μὴ
3013 1869 3161 1942 σώσῃ
3189 1870 3287 1942 τὴν
3313 1867 3489 1939 ψυχὴν
3521 1866 3712 1920 αὐτοῦ·

2152 1966 2246 2020 καὶ
2270 1967 2299 2019 6
2346 1964 2602 2037 κραταιὸς
2639 1963 2699 2017 οὐ
2751 1962 2825 2034 μὴ
2868 1961 3003 2033 εὕρῃ
3044 1962 3143 2032 τὴν
3183 1960 3410 2032 καρδίαν
3449 1959 3613 2012 αὑτοῦ
3658 1959 3716 2010 ἐν

2152 2056 2504 2119 δυναστείαις.
2543 2074 2561 2108 ι
2599 2054 2862 2118 Τοιαύτας
2893 2054 3022 2124 ύμῖν
3068 2051 3253 2117 ἐπάξω
3297 2049 3397 2115 τάς
3428 2049 3714 2121 τιμωρίας,
3782 2080 3789 2081 ί

2154 2148 2294 2201 ὥστε
2316 2147 2471 2218 δίκην
2504 2145 2719 2218 ἀμάξης
2745 2144 2885 2212 ἀγαν
2912 2142 3347 2214 πεφορτισμένης
3390 2141 3486 2194 καὶ
3517 2138 3718 2209 πολλὴν

2155 2240 2220 2293 ἐκ
2260 2239 2353 2293 τοῦ
2407 2238 2606 2309 βάρους
2648 2237 2754 2291 τῶν
2782 2235 3143 2306 ἐπικειμένων
3173 2235 3231 2287 ἐν
3252 2232 3330 2303 τῷ
3349 2230 3601 2285 ἕλκεσθαι
3626 2229 3719 2284 τὸν

2154 2328 2380 2400 τρισμὸν
2429 2325 2817 2394 ἀποτελούσης,
2868 2324 3216 2393 πιεζομένους
3257 2321 3403 2390 ὑμᾶς
3437 2318 3520 2389 τῷ
3567 2317 3720 2387 βάρει

2155 2418 2264 2472 τῶν
2291 2417 2496 2483 κακῶν,
2531 2416 2811 2483 ὀλολυγαῖς
2839 2431 2899 2467 τε
2927 2415 3020 2467 καὶ
3054 2413 3373 2482 στεναγμοῖς
3411 2408 3548 2480 μετὰ
3593 2411 3722 2462 πολ-

2154 2511 2255 2581 λῆς
2297 2509 2593 2581 κεχρῆσθαι
2636 2512 2736 2581 τῆς
2782 2508 3115 2569 ἐπιτάσεως·
3169 2505 3246 2569 ὡς
3290 2504 3426 2576 μήτε
3463 2502 3540 2572 τῷ
3587 2502 3722 2574 πρὸς

2154 2601 2351 2673 δρόμον
2376 2601 2698 2671 ήκονημένῳ
2723 2598 2953 2667 δυνατὴν
2981 2593 3116 2651 εἶναι
3141 2595 3240 2667 τὴν
3268 2597 3375 2649 άπδ
3403 2595 3510 2649 τῶν
3537 2593 3719 2648 κακῶν

2160 2693 2355 2764 φυγὴν,
2392 2693 2527 2764 μήτε
2551 2691 2608 2744 δὲ
2638 2689 2840 2762 ἰσχυρῷ
2870 2691 2969 2761 τῆς
2996 2687 3288 2760 περιούσης
3318 2683 3533 2747 εἷναί,τι
3560 2687 3719 2740 δυνά-

2163 2800 2306 2854 μεως
2326 2782 2534 2852 ὄφελος,
2557 2783 2692 2852 μήτε
2719 2781 2795 2853 τῷ
2822 2782 2950 2853 περ)⁸
2987 2780 3165 2851 μάχην
3201 2780 3294 2833 καὶ
3324 2764 3557 2850 πόλεμον
3585 2795 3724 2850 πσρ-

2160 2875 2539 2946 εσκευασμένῳ
2556 2874 2777 2927 δυνατὸν
2792 2868 2931 2928 εἶναι
2953 2874 3198 2928 ἐντεῦθεν
3213 2870 3465 2943 εὑρέσθαι
3486 2869 3605 2925 τινὰ
3627 2887 3726 2923 σω·

2159 2985 2225 3037 τη
2235 2966 2353 3037 ρίαν
2370 2981 2385 2996 ·
2417 2967 2783 3021 ἀνυπόστατον
2804 2967 2861 3021 δὲ
2881 2961 3020 3020 εἶναι
3049 2966 3110 3019 τὸ
3131 2965 3362 3037 πρᾶγμα
3383 2963 3475 3017 καὶ
3494 2961 3572 3033 τῷ
3598 2960 3726 3032 περὶ

2160 3059 2259 3128 τὴν
2299 3056 2507 3124 τοξείαν
2537 3059 2816 3130 ἐμπείρῳ·
2847 3059 2920 3128 μὴ
2945 3056 3203 3111 δύνασθαι
3235 3055 3290 3109 δὲ
3340 3052 3475 3129 μηδὲ
3507 3050 3725 3120 ὀξύτητι

487 3144 595 3199 qua
620 3130 914 3197 hareutem
945 3132 1050 3188 sibi
1084 3133 1337 3189 virtutem
1379 3147 1652 3194 exscraut.
1689 3139 1786 3196 His
1830 3144 1901 3197 ob
1947 3159 2056 3198 ma-

2161 3148 2337 3202 ποδῶν
2380 3148 2716 3219 κεχρημένον
2767 3147 3018 3220 εὑρέσθαι
3066 3145 3188 3200 τινὰ
3235 3143 3537 3215 σωτηρίαν·
3592 3140 3726 3196 ἀλλὰ

488 3220 665 3275 lorum
719 3222 1149 3292 magnitudinem
1194 3223 1676 3283 demonstrandam
1712 3230 1897 3299 dictis,
1941 3250 2059 3305 pcr-

490 3310 567 3378 git
594 3326 793 3380 porro:
833 3330 853 3366 ι
896 3311 992 3368 Ille
1020 3313 1115 3382 qui
1141 3313 1325 3371 nudus
1351 3325 1438 3371 est
1466 3317 1555 3374 die
1584 3320 1675 3374 illa
1703 3321 1944 3394 eﬂugict,
1974 3327 2057 3380 di-

490 3402 565 3456 cit
585 3402 861 3461 Dominus.
876 3425 895 3459 ι
916 3402 1023 3461 Pro
1038 3419 1104 3460 eo
1122 3420 1187 3460 ac
1206 3406 1355 3461 dicat
1376 3422 1389 3459 :
1407 3407 2054 3487 Pauperrimusquisque,

491 3499 546 3543 ct
582 3492 652 3545 ob
679 3500 975 3561 egestatem
1014 3496 1389 3567 vilitatemque
1414 3512 1568 3553 suam
1603 3502 1754 3557 nullo
1800 3504 1854 3558 in
1876 3503 2052 3574 pretio

490 3578 633 3647 apud
658 3581 795 3636 alios
820 3582 1060 3651 habitus,
1097 3587 1185 3641 hic
1215 3588 1366 3644 solus
1392 3588 1568 3644 salute
1597 3593 1859 3660 potietur,
1885 3595 2057 3665 negli-

491 3674 744 3741 gentibus
791 3690 914 3730 eum
969 3678 1437 3747 comprehendere
1493 3680 1715 3736 vilitatis
1751 3698 1919 3741 causa
1956 3684 2055 3741 bo-

494 3764 689 3820 stibus.
725 3764 849 3821 llos
881 3775 1007 3823 ante
1034 3767 1198 3825 dictis
1231 3769 1518 3839 sequentia
1552 3775 1868 3828 connectit:

2164 3239 2298 3310 μηδὲ
2328 3239 2414 3309 ἐφ’
2459 3239 2640 3293 ἵππων
2664 3238 2925 3306 ⁹ἐλαύνειν
2969 3238 3145 3292 εἰδότα
3164 3253 3180 3267 ·
3224 3236 3349 3300 τούς
3373 3252 3432 3288 τε
3465 3235 3558 3289 ἐπὶ
3584 3232 3729 3304 ἰσχύϊ

2164 3329 2305 3401 μέγα
2347 3329 2699 3403 φρονοῦντας,
2752 3331 2881 3401 μηδέ
2924 3329 3195 3401 εὑρίσκειν
3234 3328 3382 3390 ὅπως
3410 3326 3477 3380 ἂν
3522 3327 3589 3397 τῇ
3632 3342 3725 3396 με·

2159 3418 2325 3491 νούσῃ
2374 3422 2664 3491 χρήσαιντο
2711 3420 2971 3491 δυνάμει·
3015 3419 3186 3473 ταῦτα
3213 3419 3294 3482 εἰς
3324 3416 3596 3483 ἀπόδειξιν
3628 3414 3723 3468 τοῦ

2161 3507 2423 3578 μεγέθους
2450 3508 2557 3561 τῶν
2601 3507 2786 3561 κακῶν
2819 3506 3084 3578 εἰρηκὼς,
3116 3504 3332 3573 ἐπάγει·
3371 3523 3391 3555 ι
3436 3505 3494 3556 '0
3523 3501 3728 3572 γυμνὴς

2160 3597 2413 3668 φεύξεται
2445 3601 2504 3652 ἐν
2534 3599 2717 3670 ἐκείνῃ
2767 3601 2831 3670 τῇ
2860 3599 3075 3670 ἡμέρᾳ,
3104 3596 3249 3667 λέγει
3286 3595 3510 3667 Κύριος.
3547 3612 3566 3645 ι
3611 3594 3728 3645 ’Ὶνα

2152 3688 2278 3760 εἴπῃ
2314 3690 2334 3757 (
2356 3705 2408 3760 p.
2443 3690 2580 3759 160)
2623 3689 2703 3742 ὅτι
2752 3691 2782 3742 6
2807 3688 3128 3751 πενέστατος
3183 3687 3276 3740 καὶ
3317 3686 3384 3740 δι’
3418 3681 3722 3755 ὑπερϐολὴν

2152 3780 2383 3850 ἀπορίας
2417 3796 2476 3833 τε
2506 3780 2599 3833 καὶ
2634 3779 2925 3843 εὐτελείας,
2970 3779 3089 3832 οὐδὲ
3115 3780 3172 3833 ἐν
3198 3777 3342 3849 λόγῳ
3381 3777 3496 3839 τοῖς
3520 3775 3728 3837 λοιποῖς

494 3857 774 3928 ὑπάρχων,
820 3851 973 3947 0:510;
1024 3860 1182 3928 μόνος
1222 3859 1413 3930 εὕρετο
1433 3860 1499 3914 ἂν
1530 3862 1649 3916 τότε
1682 3867 1983 3938 σωτηρίαν,
2013 3871 2355 3941 ἀμελούντων
2381 3873 2544 3927 αὐτοῦ
2568 3874 2667 3947 τῆς
2690 3873 3024 3947 συλλήψεως,
3058 3873 3146 3928 διὰ
3167 3874 3267 3945 τὴν
3291 3873 3580 3939 εὐτέλειαν,
3619 3870 3727 3922 τῶν

492 3949 783 4018 πολεμίων·
815 3942 931 4000 εἶτα
960 3949 1314 4004 ἐπισυνάπτει
1341 3952 1453 4013 τοῖς
1483 3951 1820 4022 εἰρημένοις·

1147 4039 1300 4097 CAP.
1323 4039 1410 4095 Ill.

568 4133 730 4204 106
759 4130 925 4187 Vsus.
957 4132 1072 4186 l-6.
1097 4162 1166 4171 -—
1197 4152 1216 4185 ι
1239 4133 1438 4190 Audite
1470 4136 1697 4191 verbum
1734 4138 1860 4205 hoc,
1913 4145 2058 4212 quod

497 4224 713 4280 locutus
740 4231 827 4279 est
862 4222 1126 4280 Dominus
1157 4240 1323 4295 super
1362 4239 1479 4291 vos,
1521 4240 1554 4281 ο
1592 4228 1788 4285 domus
1819 4228 2059 4297 lsraelis,

495 4329 550 4374 et
587 4320 847 4373 adversus
885 4330 1106 4377 omnem
1153 4319 1357 4374 tribum
1401 4336 1564 4391 quam
1599 4320 1837 4394 Egypto
1874 4326 2061 4393 eduxi,

495 4412 716 4465 dicens:
749 4406 1139 4467 Verumtamen
1171 4425 1268 4467 vos
1291 4413 1525 4483 cognovi
1547 4413 1616 4470 de
1640 4416 1857 4472 cunctis
1888 4419 2064 4473 tribu-

2806 4053 2963 4106 ΚΕΦ.
3001 4052 3074 4105 Γ.

2229 4144 2375 4213 Στίχ.
2404 4144 2559 4208 α’·ς⁹.
2592 4173 2662 4183 -
2694 4161 2714 4194 ι
2763 4143 3054 4198 ’Δκούσατε
3098 4144 3189 4198 τὸν
3230 4144 3387 4214 λόγον
3430 4145 3618 4201 τοῦτον
3669 4147 3729 4201 ὃν

2161 4234 2387 4304 ὲλάλησε
2430 4233 2634 4305 Κύριος
2661 4234 2745 4302 ἐφ’
2779 4233 2942 4303 ὑμᾶς,
2972 4229 3121 4298 οἷκος
3178 4234 3424 4307 Ἰσραὴλ,
3463 4237 3557 4290 καὶ
3587 4238 3729 4292 κατὰ

2158 4324 2340 4393 πάσης
2377 4324 2548 4395 φυλῆς
2583 4320 2651 4397 ἦς
2678 4324 2951 4395 ἀνήγαγον
2982 4327 3047 4379 ἐκ
3088 4325 3190 4396 τῆς
3216 4327 3493 4395 Αἰγύπτου
3515 4329 3688 4401 λέγων
3709 4345 3725 4361 ·

2160 4414 2308 4484 Πλὴν
2355 4411 2499 4484 ὑμᾶς
2549 4412 2718 4482 ἔγνων
2765 4415 2829 4466 ἐκ
2883 4414 3070 4468 πασῶν
3118 4415 3434 4488 φυλῶνστῆς
3477 4417 3607 4487 γῆς·
3640 4417 3731 4471 διὰ

496 4504 600 4558 bus
629 4509 828 4569 terrae;
870 4501 1075 4558 idcirco
1112 4503 1349 4560 ulciscar
1382 4521 1547 4576 super
1588 4521 1687 4562 vos
1719 4510 1902 4564 omnia
1935 4525 2056 4580 pec-

2162 4501 2320 4558 τοῦτο
2342 4504 2611 4575 ἐκδικήσω
2629 4505 2713 4572 ἐφ’
2727 4506 2868 4575 ὑμᾶς
2890 4504 3067 4568 πάσας
3081 4507 3178 4569 τάς
3199 4508 3474 4577 ἁμαρτίας
3493 4508 3667 4577 ὑμῶν.
3705 4529 3724 4561 ι

496 4602 617 4647 cata
647 4600 848 4649 vestra.
870 4611 890 4645 ι
927 4592 1114 4664 Neque
1158 4595 1530 4664 perfunctorie
1574 4599 1689 4655 haec
1719 4601 1999 4656 aestimetis
2033 4615 2063 4653 a

498 4682 609 4738 Deo
651 4681 719 4737 de
743 4682 897 4738 vobis
926 4685 1311 4752 pronuntiata;
1366 4702 1491 4741 nam
1524 4690 1619 4758 qui
1649 4704 1745 4744 vos
1786 4705 1977 4745 omnes
1998 4692 2066 4745 de

498 4770 720 4840 Egypti
749 4772 1014 4827 servitute
1038 4773 1311 4840 liberavit,
1341 4777 1675 4847 singularem
1708 4795 1820 4848 pra:
1849 4782 2065 4835 cunctis

503 4861 814 4916 hominibus
868 4862 1291 4918 sollicitudinem
1337 4869 1504 4922 vestri
1552 4870 1872 4930 ostendens,
1924 4869 2065 4924 idem

505 4969 656 5009 nunc
709 4967 929 5023 quoque
983 4953 1052 5007 ad
1100 4968 1201 5009 vos
1253 4956 1495 5026 loquitur
1547 4959 1753 5028 justam
1806 4960 2070 5015 minitans

506 5060 746 5116 poenam,
786 5059 852 5100 eo
879 5045 1025 5114 quod
1063 5045 1263 5117 ingrati
1306 5048 1640 5104 benefactori
1672 5058 1825 5105 tanto
1846 5053 2070 5107 exstite-

504 5137 646 5191 ritis.
692 5135 791 5190 «Si
831 5136 1058 5192 omnino
1113 5136 1469 5195 ambulabunt
1522 5139 1634 5193 duo
1678 5141 1903 5210 pariter,
1937 5143 2068 5211 quin

506 5227 649 5281 inter
679 5242 739 5281 se
782 5232 972 5281 mutuo
1000 5224 1312 5280 revelent‘h
1343 5228 1422 5281 Ad
1459 5227 1730 5282 dictorum
1782 5231 2072 5285 conﬁrma-

505 5316 731 5379 tionem,
765 5314 1359 5387 demonstrandumque
1381 5317 1525 5372 haud
1560 5325 1764 5375 temere
1795 5322 1906 5377 haec
1928 5323 2070 5380 dicta

508 5402 700 5468 fuisse,
730 5407 1003 5460 subnectit
1030 5407 1308 5474 sequentia
1342 5406 1693 5476 huiusmodi:
1728 5409 1784 5465 Si
1825 5414 1938 5468 lleri
1978 5430 2072 5484 po-

508 5503 638 5556 test,
666 5496 861 5566 inquit,
880 5506 939 5551 ut
959 5497 1069 5551 duo
1094 5497 1309 5566 longam
1342 5498 1545 5567 pariter
1568 5502 2070 5569 emcticntesviam,

513 5583 744 5639 invicem
780 5587 959 5642 celent
1006 5586 1361 5656 profectionis
1412 5604 1656 5654 causam,
1698 5584 1882 5662 neque
1931 5597 2074 5651 hanc

514 5674 655 5729 inter
684 5690 744 5731 se
769 5678 1192 5743 communicent,
1234 5688 1294 5733 ut
1327 5680 1620 5751 conjuncta
1652 5673 1919 5739 sententia
1958 5689 2075 5741 fitcr

514 5766 833 5833 absolvant;
865 5768 909 5826 si
944 5768 1069 5837 hoc,
1119 5771 1360 5840 inquam,
1400 5773 1507 5839 fiet,
1543 5782 1656 5829 tum
1687 5770 1859 5831 etiam"
1884 5779 2071 5833 hostes

2166 4595 2317 4665 Μηδὲ
2345 4594 2629 4665 πάρεργα,
2661 4596 2792 4664 φησὶ
2811 4635 2826 4659 ,
2870 4595 3159 4665 ποιήσεσθε
3205 4596 3375 4649 ταῦτα
3399 4596 3463 4668 δὴ
3494 4596 3563 4650 τὰ
3603 4600 3731 4670 περὶ

2166 4687 2319 4756 ὑμῶν
2365 4687 2795 4755 ἀποπεφασμένα
2821 4688 2972 4757 παρά
3002 4688 3095 4741 τοῦ
3129 4688 3263 4742 Θεοῦ
3281 4708 3294 4721 ·
3326 4690 3508 4763 ἐπειδὴ
3541 4692 3570 4744 6
3594 4693 3731 4745 πάν-

2165 4792 2264 4839 τας
2313 4777 2458 4846 ύμᾶς
2509 4776 2610 4846 τῆς
2663 4777 2722 4828 ἐν
2770 4778 3029 4850 Αἰγύπτῳ
3078 4779 3318 4844 δουλείας
3379 4781 3727 4855 ἀπαλλάξας,

2166 4867 2437 4937 ἐξαίρετόν
2486 4882 2545 4919 τε
2590 4867 2708 4920 τότε
2760 4871 2908 4941 παρὰ
2969 4871 3174 4934 πάντας
3229 4871 3548 4944 ἀνθρώπους
3603 4877 3732 4945 περὶ

2168 4959 2313 5028 ὑμᾶς
2343 4958 2442 5030 τὴν
2474 4958 2795 5029 κηδεμονίαν
2845 4962 3281 5033 ἐπιδειξάμενος,
3333 4956 3488 5028 οὗτος
3537 4965 3599 5036 δὴ
3640 4967 3733 5020 καὶ

2168 5051 2263 5104 νῦν
2289 5050 2644 5120 ἀποφαίνεται
2675 5051 2847 5107 ταῦτα
2885 5054 3014 5125 περὶ
3051 5054 3206 5124 ὑμῶν
3237 5054 3450 5108 δικαίαν
3495 5056 3735 5112 ἀπειλῶν

2168 5139 2266 5211 τὴν
2294 5141 2585 5212 τιμωρίαν,
2632 5141 2772 5213 ὑπὲρ
2816 5136 2892 5196 ῶν
2917 5141 3091 5206 οὕτως
3137 5141 3450 5215 ἀγνώμονες
3482 5148 3608 5217 περὶ
3645 5146 3735 5200 τὸν

2168 5229 2416 5286 τοσοῦτον
2446 5231 2703 5300 γεγόνατε
2745 5232 3061 5305 εὐεργέτην.
3103 5254 3126 5287 ι
3163 5235 3226 5288 El
3255 5236 3609 5307 πορεύσονται
3646 5238 3737 5293 δύο

2168 5322 2262 5375 ἐπὶ
2297 5320 2359 5375 τὸ
2384 5322 2516 5376 αὐτὸ
2540 5322 2789 5388 καθόλου,
2824 5325 2920 5377 ἐὰν
2950 5325 3024 5396 μὴ
3053 5326 3392 5397 γνωρίσωσιν
3423 5329 3670 5396 ἑαυτούς.
3715 5352 3733 5384 ι

2168 5414 2265 5477 Εἰς
2298 5413 2583 5482 βεϐαίωσιν
2605 5415 2713 5468 τῶν
2735 5416 3060 5487 εἰρημένων,
3103 5419 3196 5491 καὶ
3224 5419 3497 5487 ἀπόδειξιν
3532 5421 3627 5475 τοῦ
3664 5424 3739 5493 μὴ

2170 5503 2245 5566 ὡς
2300 5502 2486 5573 ἔτυχεν
2539 5504 2789 5574 εἰρῆσθαι
2834 5507 2901 5559 τὰ
2964 5509 3261 5580 εἰρημένα,
3317 5511 3509 5581 ἐπάγει
3581 5516 3740 5568 ταυτὶ

2171 5592 2376 5646 τοιοῦτό
2399 5611 2451 5646 τι
2499 5594 2669 5662 λέγων
2688 5611 2703 5626 ·
2725 5596 2789 5648 Εἰ
2816 5598 3052 5670 ἐγχωρεῖ
3068 5641 3083 5665 ,
3130 5584 3283 5679 φησὶ,
3323 5601 3415 5673 δύο
3439 5590 3741 5669 κατάταυ-

2172 5686 2262 5740 τὸν
2314 5686 2528 5757 μακρὰν
2590 5686 2850 5753 ἀνύοντας
2904 5689 3020 5743 ὁδὸν
3073 5690 3162 5744 διὰ
3224 5692 3423 5756 παντὸς
3480 5695 3739 5767 ᾀλλήλους

2176 5779 2379 5847 κρύψαι
2425 5781 2523 5850 τῆς
2570 5779 2690 5833 ὀδοῦ
2734 5781 2831 5849 τὴν
2874 5781 3085 5849 αἰτίαν,
3127 5782 3218 5836 καὶ
3264 5778 3339 5855 μή
3378 5785 3737 5841 κοινώσασθαι
