4102 6452
292 374 395 431 261
1337 367 1888 429 COMMENTARIUS

2024 363 2234 423 suos!
2274 364 2426 422 cap.
2454 363 2548 419 ιιι.
2911 424 2931 431 _
3474 360 3582 416 εδει

292 491 535 555 ἐαυτοὺς
580 487 709 561 περὶ
755 486 983 559 ταύτης,
1014 488 1109 542 καὶ
1147 486 1212 558 δὴ
1265 490 1535 559 καὶκοινῇ
1577 484 1771 556 γνώμῃ
1798 483 1896 554 τὴν

2008 480 2210 550 absque
2236 478 2332 537 Dei
2374 479 2654 534 voluntate
2678 492 2776 534 vos
2810 476 3214 548 aggrediemur.
3262 499 3280 526 ι
3305 475 3361 530 Si
3400 477 3582 547 rugict

291 580 615 654 ὁδοιπορίαν
678 579 906 646 ἁνύσαι,
959 578 1051 650 (ι).
1101 578 1238 649 161)
1290 578 1560 646 ἰνδέξεται
1627 577 1722 630 καὶ
1765 576 1892 637 τοὺς

2008 573 2055 625 in
2091 572 2228 626 silva
2252 570 2358 632 leo,
2386 569 2494 624 nisi
2527 566 2781 623 habuerit
2806 566 3080 637 praedam;
3113 567 3157 621 si
3184 566 3334 622 dabit
3360 570 3582 624 catulus

298 671 600 742 πολεμίους
654 668 731 741 μὴ
779 669 923 725 κατά
968 668 1197 740 γνώμην
1247 668 1341 723 τοῦ
1394 668 1530 722 Θεοῦ
1578 667 1753 721 ἐλθεῖν
1806 666 1890 734 ἐφ’

2008 664 2121 731 ejus
2158 676 2348 718 vocem
2402 676 2558 720 suam
2592 659 2837 723 omnino,
2885 658 2992 715 nisi
3032 659 3237 728 aliquid
3270 662 3531 730 rapuerit.
3554 679 3577 714 ι

297 760 470 829 ὑμᾶς.
528 777 547 809 ι
584 760 649 812 Εἰ
694 758 980 828 ἐρεύξεται
1024 758 1158 814 λέων
1186 761 1250 813 ὲκ
1290 757 1385 812 τοῦ
1431 756 1636 830 δρυμοῦ
1692 756 1889 822 αὑτοῦ,

2008 751 2058 807 Si
2092 752 2206 807 fieri
2241 761 2419 822 potest
2453 761 2511 806 ut
2556 751 2640 805 leo
2670 750 2738 805 de
2784 749 3044 819 spelunca
3076 764 3174 807 sua
3205 750 3423 817 clamet,
3474 755 3582 809 nist

296 847 481 919 θήραν
531 849 632 901 οὑκ
681 846 853 918 ἐχωνο
902 849 952 901 εἰ
1010 846 1171 902 δώσει.
1224 848 1463 919 σκύμνος
1506 846 1689 918 φωνὴν
1723 846 1891 900 αὑτοῦ

2008 844 2129 899 ferae
2153 843 2433 913 capiendae
2463 841 2786 907 immineat;
2812 840 2894 894 vel
2923 842 2969 894 si
2999 840 3207 909 aliquid
3233 842 3433 905 videat,
3471 858 3582 898 non

297 938 541 992 καθόλου
562 978 576 1002 ,
624 937 721 992 ἐὰν
766 936 843 1008 μὴ
869 938 1096 1009 ἁρπάσῃ
1117 954 1190 991 τι.
1226 955 1245 986 ι
1286 938 1347 989 Εἰ
1376 936 1682 1007 ἐνδέχεται,
1721 934 1855 1004 φησί
1875 977 1905 997 ,_

2008 937 2197 1006 rapiat.
2232 935 2368 989 Nam
2399 934 2564 990 etiam
2595 932 2863 989 vocabulo
2897 931 3112 999 catulus
3150 931 3358 987 leonem
3398 933 3582 989 denuo

295 1030 497 1086 λέοντα
539 1030 573 1101 ἢ
623 1033 689 1085 ἐκ
733 1030 834 1100 τῆς
895 1030 1135 1100 μάνδρας
1182 1028 1371 1100 βοῆσαι
1410 1030 1504 1098 τῆς
1547 1028 1781 1093 οἰκείας,
1816 1026 1890 1097 μὴ

2008 1027 2168 1082 dicit:
2205 1026 2367 1082 veluti
2400 1026 2489 1080 ubi
2516 1024 2755 1079 dicitur:
2803 1040 2821 1073 ι
2842 1022 2981 1089 Quid
3006 1033 3089 1077 est
3115 1022 3297 1087 homo,
3321 1031 3416 1077 aut
3437 1024 3582 1079 illius

296 1125 480 1196 θήρας
530 1124 721 1194 έχοντα
769 1123 1123 1193 προσδοκίαν
1174 1124 1222 1175 εἰ
1253 1123 1346 1175 καὶ
1387 1120 1672 1189 ἑωρακότα
1706 1138 1780 1183 τι,
1817 1118 1891 1188 μὴ

2008 1116 2404 1174 Ιιοιιιίηἱεδδδτῖ
2421 1137 2439 1170 ι
2462 1116 2518 1171 Si
2540 1131 2690 1186 ergo,
2714 1115 2915 1186 inquit,
2936 1116 3049 1170 lucc
3063 1114 3180 1169 fieri
3194 1114 3427 1184 possint,
3451 1124 3583 1172 tunc

293 1215 583 1287 ἁρπάσαι·
636 1214 732 1269 καὶ
780 1214 890 1285 γὰρ
923 1215 1017 1267 καὶ
1063 1212 1299 1284 σκύμνον
1355 1212 1516 1265 πάλιν
1558 1211 1649 1264 τὸν
1705 1211 1892 1264 λέοντα

294 1307 455 1375 λέγει
476 1325 490 1338 ·
525 1305 601 1371 ὡς
631 1305 706 1358 ὅτ’
733 1304 798 1359 ἂν
824 1303 952 1376 εἴπῃ
973 1322 985 1334 ·
1023 1324 1040 1356 ι
1084 1304 1149 1358 Τί
1181 1306 1328 1358 ἐστιν
1362 1304 1669 1377 ἄνθρωπος,
1714 1303 1746 1374 ἢ
1774 1303 1892 1366 υἱὸς

297 1396 637 1468 ἀνθρώπους
676 1415 693 1448 ι
733 1397 798 1450 Εἰ
846 1397 1027 1451 τοίνυν
1074 1396 1276 1461 ταῦτα,
1314 1397 1498 1468 φησὶν,
1526 1391 1655 1449 οἷόν
1694 1414 1752 1450 τε
1795 1412 1893 1464 γε-

295 1490 528 1555 νέσθαι,
561 1488 837 1560 ἐνδέχεται
864 1490 958 1543 καὶ
990 1490 1081 1543 τὸν
1117 1489 1373 1560 πολέμιον
1401 1489 1489 1543 τὸν
1520 1488 1786 1560 ὑμέτερον
1820 1489 1887 1558 τῇ

297 1582 389 1651 ἐφ’
418 1582 569 1653 ὑμᾶς
608 1582 752 1652 ὁρμῇ
786 1581 1132 1652 χρήσασθαι,
1167 1583 1243 1653 μὴ
1272 1583 1477 1646 πάντας
1518 1582 1663 1653 ὑμᾶς
1704 1580 1893 1651 ὥσπερ

296 1673 429 1728 τι.νά
483 1671 929 1743 συλλαμϐάνοντα
982 1673 1175 1745 θήραν.
1234 1691 1253 1724 ι
1295 1674 1356 1726 Εἰ
1407 1677 1656 1726 πεσεῖται
1705 1672 1892 1743 ὄρνεον

296 1767 396 1819 ἐπὶ
415 1765 519 1837 τὴν
545 1764 651 1835 γῆν
668 1765 794 1819 ἄνευ
817 1762 1020 1829 ἰξευτοῢ
1039 1780 1055 1794 ο
1072 1766 1121 1818 εἰ
1147 1763 1476 1836 χασθήσεται
1499 1764 1661 1833 παγὶς
1679 1763 1770 1817 ἐπὶ
1790 1764 1892 1832 τῆς

1999 1210 2275 1280 continget
2302 1209 2491 1272 etiam,
2522 1216 2581 1262 ut
2624 1208 2799 1263 hostis
2833 1219 3012 1263 vester
3044 1207 3312 1264 adversus
3350 1225 3451 1265 vos
3482 1212 3582 1263 im-

1998 1308 2182 1371 petum
2205 1298 2391 1365 faciat,
2443 1300 2577 1371 quin
2606 1300 2979 1355 siinulomues
3007 1315 3106 1355 vos
3152 1309 3411 1370 tanquam
3444 1318 3583 1373 pra:-

1999 1393 2123 1448 dam
2157 1392 2465 1448 venaticam
2515 1393 2718 1462 capiat.
2761 1412 2777 1444 ι
2804 1393 2859 1448 Si
2907 1391 3064 1448 cadet
3112 1392 3230 1447 avis
3285 1395 3339 1447 iu
3374 1401 3583 1448 terram

2000 1487 2207 1557 absque
2228 1499 2437 1554 aucnpe
2465 1501 2480 1551 ;
2513 1484 2559 1540 si
2584 1483 2901 1539 demittetur
2925 1484 3155 1555 laqueus
3180 1484 3233 1539 in
3256 1494 3422 1551 terra,
3449 1487 3582 1556 quin

2001 1576 2209 1645 aliquid
2265 1574 2759 1646 comprehendat.)
2806 1572 2962 1629 Sicut
2991 1575 3159 1640 enim,
3207 1577 3405 1648 inquit,
3456 1592 3586 1632 aves

2001 1668 2069 1724 ab
2092 1667 2398 1737 aucupibus
2429 1666 2547 1736 capi
2577 1668 2790 1732 solent;
2832 1677 2883 1722 et
2922 1667 3102 1737 laquei
3139 1675 3270 1723 tunc
3300 1669 3458 1739 1.07
3488 1684 3585 1724 ex-

2001 1760 2182 1816 cidere
2219 1774 2345 1813 curn
2374 1758 2581 1828 aliquid
2606 1759 3055 1829 comprehensuri
3083 1766 3246 1814 sunt:
3295 1760 3372 1813 ita
3402 1770 3458 1815 et
3483 1777 3585 1816 vos

296 1858 441 1928 γῆς,
475 1857 604 1911 ἄνευ
632 1854 727 1910 τοῦ
759 1855 1039 1909 συλλαϐεῖν
1073 1872 1146 1909 τι.
1195 1873 1214 1906 ι
1261 1855 1345 1919 Ὠς
1380 1853 1488 1927 γὰρ
1515 1855 1585 1908 τά
1614 1872 1674 1907 τε
1695 1854 1889 1924 ὄρνεα,

2008 1859 2206 1907 Lautum
2265 1850 2534 1904 malorum
2595 1850 2800 1920 perpeti
2850 1865 3082 1907 necesse
3136 1850 3263 1916 erit,
3328 1851 3586 1908 hostibus

298 1950 510 2020 φησὶν,
560 1946 667 2001 ὑπὸ
722 1947 954 2012 ἰξευταῖς
1007 1945 1379 2018 λαμσάνεσθαι
1440 1946 1663 2000 εἴωθεν⁸
1720 1946 1781 2001 αἴ
1834 1963 1893 1998 τε

2008 1937 2178 1991 livina
2204 1937 2487 1990 voluntate
2510 1934 2848 1989 irruentibus
2874 1942 2929 1988 et
2966 1935 3584 2004 compreltendentibus,

298 2037 539 2106 παγίδες
577 2034 880 2106 τηνικαῦτα
907 2034 1215 2100 ἐκπίπτειν,
1250 2034 1419 2088 ἐπειδ’
1443 2035 1507 2088 ἄν
1547 2052 1599 2088 τι
1628 2034 1721 2088 καὶ
1772 2034 1892 2088 συλ-

1993 2020 2106 2075 imo
2131 2026 2185 2074 et
2212 2019 2266 2072 in
2296 2017 2669 2088 captivitatem
2704 2033 2799 2073 vos
2830 2016 3251 2074 abducentibus.
3288 2039 3307 2070 ι
3350 2019 3407 2073 Si
3429 2020 3585 2074 clan-

294 2100 609 2200 λαμὸἁνειν
634 2100 958 2198 μέλλωσιν,
1011 2123 1154 2180 οὑτω
1205 2126 1300 2180 καὶ
1363 2127 1507 2197 ὑμᾶς
1560 2127 1621 2179 τὸ
1673 2127 1897 2180 τοσοῦτο

2008 2110 2081 2173 get
2128 2102 2261 2156 tuba
2303 2101 2357 2155 in
2390 2100 2632 2165 civitate,
2684 2108 2739 2156 et
2768 2101 3006 2171 populus
3043 2117 3152 2155 non
3185 2114 3534 2172 expavescet.
3560 2122 3579 2151 ι

302 2224 494 2294 μεῖναι
538 2219 649 2273 τῶν
710 2217 897 2271 κακῶν
949 2215 1200 2288 ἀνάγκη,
1247 2215 1357 2270 τῶν
1417 2216 1693 2287 πολεμίων
1754 2216 1896 2271 κατά

297 2312 538 2381 γνώμην
584 2308 734 2364 θείαν
782 2310 1045 2364 ἐπιόντων
1083 2327 1142 2364 τε
1189 2310 1282 2364 καὶ
1333 2309 1893 2383 συλλαμϐανομένων,

299 2405 404 2459 καὶ
436 2404 503 2477 δὴ
547 2403 640 2457 καὶ
682 2403 764 2467 εἰς
809 2401 1186 2474 αἰχμαλωσίαν
1220 2404 1540 2472 ἀπαγόντων
1570 2404 1733 2474 ὑμᾶς.
1774 2421 1792 2453 ι
1830 2403 1896 2457 Εἰ

299 2498 552 2569 φωνήσει
603 2494 837 2569 σάλπιγξ
882 2498 942 2548 ἐν
994 2496 1178 2557 πόλει.
1228 2496 1323 2550 καὶ
1347 2495 1474 2560 λαὸς
1500 2495 1561 2549 οὐ
1595 2495 1899 2568 πτοηθήσε⁴

294 2567 420 2644 ται.
452 2567 480 2640 ⁷ι
517 2590 582 2642 Εἰ
618 2567 899 2658 ’ἐνδέχεται
933 2588 1127 2660 ἀθρόον
1160 2587 1461 2657 σάλπιγγος
1495 2589 1553 2642 ἐν
1588 2587 1739 2641 πόλει
1766 2567 1895 2658 βοη-

300 2682 506 2753 σάσης,
534 2681 610 2751 μὴ
643 2682 776 2734 πᾶσι
798 2681 1027 2752 πτόησιν
1054 2678 1372 2749 ἐγγενέσθαι
1402 2678 1496 2732 ἐπὶ
1526 2681 1591 2751 τῇ
1615 2678 1722 2732 τῶν
1748 2695 1897 2747 γινο-

302 2773 495 2844 μένων
532 2772 758 2845 ἀδηλίᾳ,
810 2770 1081 2838 ἐνδέξεται
1140 2772 1235 2826 καί
1286 2772 1430 2843 ὑμᾶς
1475 2769 1758 2843 ἀθορύϐως
1806 2770 1903 2824 καὶ

1997 2184 2054 2241 Si
2089 2185 2203 2241 fieri
2250 2193 2430 2255 potest
2460 2195 2538 2249 ut,
2575 2185 2706 2238 tuba
2741 2184 2794 2238 in
2845 2184 3064 2238 civitate
3104 2184 3413 2256 clangente,
3453 2202 3587 2241 con~

1997 2268 2264 2324 sternatio
2293 2282 2402 2321 non
2438 2267 2653 2321 accidat
2688 2267 2756 2322 iis
2786 2267 2880 2337 qui
2912 2267 2989 2321 rei
3019 2282 3246 2322 causam
3291 2270 3586 2339 ignorant:

1999 2359 2134 2405 tunc
2165 2366 2265 2406 vos
2296 2366 2515 2420 quoque
2546 2351 2798 2422 poteritis
2821 2352 3076 2420 intrepidi
3110 2362 3275 2422 atque
3303 2354 3590 2409 indemnes

1998 2434 2252 2490 bellicam
2276 2435 2468 2489 audire
2495 2437 2702 2489 tubam.
2747 2453 2765 2487 ι
2789 2433 2844 2495 Si
2869 2436 2976 2490 erit
3000 2453 3243 2494 wrumna
3270 2439 3324 2492 in
3343 2439 3588 2499 civitate.

2000 2531 2166 2588 quam
2189 2514 2453 2571 Dominus
2475 2532 2582 2571 non
2602 2516 2866 2573 effecerit.
2890 2537 2908 2570 ι
2938 2517 3095 2574 Sicut
3119 2521 3223 2576 ista
3246 2522 3591 2590 impossibile

2001 2608 2086 2656 est
2114 2615 2222 2653 non
2254 2607 2379 2654 ante
2405 2599 2554 2652 dicto
2581 2600 2743 2655 modo
2776 2599 2915 2664 fieri,
2935 2603 3006 2656 ita
3047 2603 3389 2673 impossibile
3422 2613 3509 2660 est
3536 2616 3591 2660 et

2011 2686 2222 2741 civitati
2254 2694 2451 2740 vestrae
2476 2685 2778 2754 quamlibet
2829 2701 3130 2742 aerumnam
3174 2690 3446 2757 accidere,
3482 2692 3591 2749 nisi

2015 2784 2135 2824 eam
2168 2767 2312 2822 Deus
2342 2769 2498 2823 vobis
2529 2767 2840 2823 adduxerit.

296 2867 565 2931 ἀϐλαϐῶς
592 2869 690 2940 τῆς
719 2868 1020 2939 πολεμικῆς
1047 2867 1278 2921 ἀκοῦσαι
1311 2867 1631 2937 σάλπιγγος.
1673 2885 1691 2919 ι
1740 2867 1801 2920 Εἰ
1828 2867 1979 2919 ἔσται
2012 2863 2181 2919 κακία
2217 2866 2274 2917 ἐν
2304 2863 2477 2931 πόλει,
2510 2864 2527 2931 (
2546 2882 2597 2934 p.
2636 2864 2770 2935 162)
2796 2864 2865 2937 ἣν
2898 2865 3104 2936 Κύριος
3133 2868 3233 2922 οὑκ
3257 2867 3528 2941 ἐποίησεν.
3567 2890 3588 2923 ι

308 2962 411 3025 Ὧς
430 2962 491 3016 δὲ
519 2961 693 3017 ταῦτα
722 2962 981 3018 ἀδύνατον
1015 2963 1091 3034 μὴ
1126 2962 1248 3016 καθ’
1277 2961 1335 3015 ὃν
1367 2961 1472 3033 ἔφη
1494 2960 1746 3031 γενέσθαι
1776 2962 1999 3034 τρόπον,
2033 2959 2205 3024 οὕτως
2232 2960 2491 3014 ἀδύνατον
2515 2960 2610 3015 καὶ
2633 2960 2700 3015 τὰ
2733 2960 2859 3030 περὶ
2890 2961 2987 3032 τὴν
3005 2960 3164 3016 πόλιν
3196 2962 3293 3035 τὴν
3321 2964 3596 3036 ὑμετέραν

300 3055 590 3128 συμϐῆναι
620 3054 787 3119 κακὰ,
824 3055 900 3126 μὴ
927 3053 1063 3108 Θεοῦ
1087 3054 1462 3124 ἐπαγαγόντος
1492 3055 1641 3124 ὑμῖν.

382 3146 536 3217 Στξχ,
586 3146 717 3210 ζ’-ι’,
748 3174 818 3186 -
858 3164 875 3195 ι
907 3144 1050 3200 Διότι
1102 3143 1177 3216 μὴ
1227 3144 1427 3217 ποιήσῃ
1473 3143 1676 3215 Κύριος
1714 3144 1742 3196 ὁ
1767 3141 1901 3205 Θεὸς

2083 3138 2253 3196 Vsus.
2301 3140 2456 3197 7-l0.
2490 3169 2561 3179 —
2601 3141 3007 3207 «Quamobrem
3071 3160 3182 3199 non
3237 3144 3397 3201 faciet
3449 3145 3595 3205 Deus

302 3239 465 3313 πρᾶγ
477 3253 573 3309 μα,
591 3237 688 3291 ἐὰν
717 3235 793 3308 μὴ
817 3235 1143 3307 ἀποκαλύψῃ
1171 3234 1418 3289 παιδείαν
1441 3232 1605 3289 αὑτοῦ
1632 3234 1764 3307 πρὸς
1779 3235 1905 3303 τοὺς

300 3329 537 3394 δούλους
565 3326 733 3382 αὑτοῦ
755 3328 880 3392 τοὺς
908 3329 1210 3399 προφήτας.
1241 3346 1259 3377 ι
1291 3327 1367 3380 Οὑ
1394 3326 1571 3381 τοίνυν
1601 3325 1721 3378 οὑδὲ
1742 3326 1904 3397 ἡμεῖς

306 3422 499 3495 μάτην
533 3419 915 3492 φθεγγόμεθα,
957 3417 1071 3472 ἀλλ’
1121 3418 1294 3472 ὁπόσα
1332 3417 1466 3480 Θεὸς
1513 3417 1744 3471 δέδωκεν
1774 3418 1904 3487 ἡμῖν

302 3516 525 3569 εἰπεῖν’
566 3512 626 3576 ὃς
670 3510 778 3582 πρὸ
814 3510 923 3583 τῶν
969 3508 1310 3582 πραγμάτων
1352 3508 1599 3581 βούλεται
1645 3509 1712 3562 δι’
1748 3508 1907 3580 ἡμῶν

308 3601 623 3678 μηνύεσθαι
663 3600 734 3656 τά
778 3601 1031 3672 ἐσόμενα,
1065 3600 1160 3654 καὶ
1188 3601 1333 3673 ἆπερ
1371 3602 1449 3664 εἰς
1489 3599 1767 3654 παίδευσιν
1811 3602 1909 3653 ἐπ-

305 3693 471 3760 άγειν
506 3689 690 3760 μέλλει
718 3689 819 3759 τὴν
852 3689 1122 3760 ὑμετέραν
1146 3705 1160 3719 ο
1197 3688 1273 3752 ὡς
1304 3688 1371 3743 ἂν
1415 3689 1642 3761 εἰδείητε
1671 3688 1779 3743 τῶν
1812 3690 1902 3741 ἐπ-

304 3785 603 3855 αγομένων
634 3782 763 3852 ὑμῖν
800 3779 986 3835 κακῶν
1010 3782 1109 3852 τὴν
1141 3780 1339 3845 αἰτίαν,
1381 3782 1510 3851 παρ’
1542 3782 1664 3835 ὅτου
1710 3798 1769 3835 τε
1815 3781 1910 3834 καὶ

307 3875 460 3947 ὑπὲρ
489 3867 565 3926 ὧν
588 3872 892 3941 ἐπάγεσθαι
921 3871 1122 3943 μέλλει.
1157 3891 1176 3925 ι
1194 3872 1347 3927 Λέων
1375 3871 1676 3946 ἐρεύξεται,
1709 3873 1801 3927 καὶ
1825 3873 1908 3938 τίς

307 3967 375 4021 οὑ
417 3963 835 4038 φοϐηθήσεται;
876 3963 1080 4035 Κύριος
1117 3965 1145 4016 ὁ
1188 3964 1320 4027 Θεὸς
1359 3964 1627 4036 ἐλάλησε,
1677 3966 1771 4019 καὶ
1824 3966 1910 4029 τίς

306 4058 376 4115 οὑ
421 4056 827 4130 προφητεύσει;
861 4074 880 4107 ι
946 4054 1071 4109 Οῦτ’
1117 4051 1209 4110 οὖν
1263 4055 1475 4118 Λέοντος
1535 4055 1909 4127 φθεγγομένου

316 4149 483 4221 μέγα,
519 4148 746 4201 δυνατὸν
775 4147 850 4219 μὴ
870 4148 1021 4218 φόϐῳ
1041 4147 1412 4219 λαμὸάνεσθαι
1442 4148 1508 4211 τὰ
1535 4150 1708 4221 κτήνη
1731 4167 1744 4180 ο
1772 4148 1908 4203 Θεοῦ

311 4260 375 4296 τε
428 4241 895 4312 ἀποφαινομένου,
943 4241 1045 4294 οὑκ
1088 4239 1233 4295 ἔστιν
1276 4242 1422 4312 ἡμᾶς
1469 4239 1544 4312 μὴ
1581 4242 1721 4312 μετά
1759 4240 1911 4307 δέους

314 4333 714 4407 ὑπηρετεῖσθαι
734 4334 846 4396 τοῖς
874 4332 1022 4404 αὐτῷ
1042 4331 1307 4387 δοκοῦσιν.
1338 4351 1358 4384 ι
1381 4332 1775 4402 Ἀπαγγείλατε
1800 4332 1910 4403 χὼ-

317 4444 444 4498 ραις
464 4429 525 4480 ἐν
538 4425 866 4497 Ἀσσυρίοις,
888 4423 984 4477 καλ⁸
1003 4424 1094 4477 ἐπὶ
1109 4424 1207 4496 τᾲς
1225 4422 1409 4496 χώρας
1430 4425 1487 4476 ἐν
1516 4426 1587 4495 γῇ
1610 4423 1908 4493 Αἰγύπτου*

2007 3232 2334 3303 quidquam,
2366 3232 2475 3287 nisi
2507 3234 2832 3295 revelaverit
2860 3234 3209 3306 disciplinam
3238 3252 3392 3292 suam
3420 3242 3596 3295 servis

2007 3326 2124 3381 suis
2149 3325 2453 3395 prophetis.
2483 3344 2502 3376 ι
2538 3323 2724 3396 itaque
2747 3342 2817 3381 ne
2842 3342 2944 3382 nos
2974 3328 3193 3397 quidem
3224 3336 3428 3386 temere
3450 3334 3594 3402 apud

2006 3433 2105 3471 vos
2146 3417 2447 3486 loquimur,
2485 3417 2580 3471 sed
2633 3432 2756 3488 qua:
2789 3416 2934 3473 Deus
2981 3418 3143 3474 nobis
3183 3421 3461 3477 commisit
3510 3424 3599 3476 di-

2008 3508 2216 3573 cenda;
2250 3508 2342 3578 qui
2379 3518 2507 3564 ante
2557 3524 2741 3563 rerum
2774 3518 3053 3574 eventum,
3083 3513 3198 3567 vult
3237 3528 3333 3583 per
3389 3529 3493 3570 nos
3530 3516 3599 3570 si-

2007 3598 2252 3670 gnificari
2311 3597 2516 3663 futura,
2567 3608 2622 3654 et
2653 3615 2777 3669 quae
2807 3600 2872 3653 ad
2906 3602 3313 3670 correptioncm
3346 3613 3592 3661 vestram

2009 3698 2237 3746 acturus
2265 3699 2386 3753 est;
2423 3699 2481 3746 ut
2504 3693 2748 3748 noscatis
2778 3693 3114 3748 inllictorum
3155 3697 3421 3751 malorum
3460 3714 3591 3754 cau-

2010 3799 2150 3850 sam,
2178 3790 2233 3839 et
2255 3800 2365 3854 quo
2387 3793 2615 3840 auctore
2646 3793 2701 3841 et
2727 3801 2889 3857 quam
2931 3786 3001 3841 ob
3030 3802 3144 3841 rem
3176 3798 3437 3843 eventura
3465 3790 3594 3849 sint.

2015 3895 2034 3928 ι
2057 3875 2165 3932 Leo
2193 3877 2394 3946 rugict,
2426 3885 2481 3932 et
2512 3877 2637 3947 quis
2666 3891 2772 3932 non
2799 3876 3050 3932 timebit?
3080 3877 3345 3936 Dominus
3376 3884 3595 3939 locutus
3646 3889 3652 3895 ’

2010 3974 2115 4032 est,
2147 3975 2201 4022 et
2227 3967 2351 4038 quis
2376 3983 2482 4022 non
2508 3967 2855 4039 prophetabit
2874 3968 2898 4021 ?
2918 3987 2936 4019 ι
2964 3965 3075 4024 Nec
3108 3969 3263 4027 leone
3288 3972 3450 4043 igitur
3479 3989 3596 4028 ma-

2012 4074 2172 4131 gnam
2204 4075 2393 4116 vocem
2416 4060 2633 4124 edente,
2659 4061 2773 4116 fieri
2814 4068 2994 4133 potest
3031 4070 3089 4117 ut
3152 4063 3339 4120 bestiae
3377 4081 3484 4121 non
3502 4083 3598 4122 cx-

2013 4161 2341 4221 pavescant:
2399 4168 2577 4223 neque
2602 4151 2715 4209 Deo
2746 4155 3045 4219 revelante,
3082 4153 3197 4211 ﬁeri
3233 4166 3412 4228 potest
3459 4174 3600 4229 queo

2013 4245 2194 4300 minus
2228 4259 2329 4300 nos
2364 4259 2487 4299 cum
2523 4244 2720 4299 timore
2748 4245 3121 4315 obsequamur
3151 4249 3420 4303 voluntati
3452 4250 3592 4318 ejus.

2019 4357 2037 4389 ι
2057 4336 2397 4392 Annuntiatc
2418 4336 2737 4406 regionibus
2755 4335 2898 4408 apud
2918 4337 3199 4409 Assyrios,
3221 4348 3276 4393 et
3298 4342 3598 4410 provinciis

2017 4427 2241 4483 interra
2283 4427 2530 4499 Egypti,
2581 4437 2635 4482 et
2682 4427 2900 4484 dicite:
2953 4427 3378 4501 Congregamini
3432 4449 3600 4502 super

316 4519 415 4573 καὶ
442 4518 633 4572 εἴπατε
658 4532 672 4545 ·
711 4514 1023 4588 Συνάχθητε
1053 4516 1146 4570 ἐπὶ
1180 4517 1248 4572 τὰ
1293 4516 1393 4587 ὅρη
1434 4516 1768 4587 Σαμαρείας,
1819 4517 1905 4570 καὶ

2018 4527 2232 4575 montes
2262 4520 2545 4584 Samaria},
2573 4527 2628 4574 et
2651 4518 2828 4574 videte
2851 4520 3121 4575 mirabilia
3145 4522 3314 4576 multa
3339 4523 3393 4577 in
3419 4525 3598 4579 medio

318 4611 459 4664 ἴδετε
496 4607 792 4679 θαυμαστά
836 4606 1006 4660 πολλὰ
1040 4608 1098 4660 ἐν
1146 4607 1296 4679 μέσῳ
1324 4608 1516 4678 αὐτῆς,
1555 4607 1649 4661 καὶ
1682 4607 1917 4661 καταδυ-

318 4701 579 4756 ναστείαν
623 4703 681 4753 ἐν
726 4700 898 4770 αὑτῇο
941 4699 1036 4753 καί
1088 4700 1189 4753 οὑκ
1234 4699 1375 4768 ἔγνω
1415 4699 1452 4753 ἀ
1497 4698 1648 4754 ἔσται
1676 4700 1919 4777 ἐναντίον

320 4795 515 4863 αὐτῆς,
540 4792 689 4860 λέγει
712 4790 935 4863 Κύριος.
969 4808 988 4842 ›
1008 4789 1094 4853 Ὠς
1114 4790 1223 4861 γὰρ
1245 4790 1659 4862 πιστωσάμενος
1684 4791 1745 4844 τὸ
1775 4790 1917 4844 κατὰ

319 4883 553 4956 γνώμην
574 4882 709 4936 Θεοῦ
740 4882 967 4954 μηνύειν
994 4883 1177 4946 αὑτοῖς
1205 4881 1273 4935 τὰ
1303 4881 1557 4953 ἐσόμενα,
1593 4879 1802 4946 Πάντες
1830 4880 1915 4953 δὴ,

321 4973 808 5045 φησὶν,Ἀσσύριοί
840 4990 901 5026 τε
938 4972 1030 5027 καὶ
1054 4972 1341 5042 Αἰγύπτιοι
1369 4975 1534 5045 ἥκετε
1562 4975 1654 5028 ἐπὶ
1690 4975 1787 5045 τὴν
1805 4976 1915 5029 Σα-

321 5067 558 5138 μάρειαν
585 5065 842 5137 ὀψόμενοι
871 5064 1035 5138 ἡλίκῃ
1080 5065 1220 5121 κατά
1249 5066 1358 5119 τῶν
1388 5065 1790 5139 ἀσθενεστέρων
1824 5067 1918 5122 κέ-

317 5173 558 5230 χρηνται
575 5159 642 5228 τῇ
671 5156 961 5228 δυναστείᾳ
980 5177 991 5187 ·
1013 5156 1223 5228 (ι).165)
1240 5159 1340 5211 οὑκ
1361 5158 1803 5230 ἀναλογιζόμενοι
1829 5153 1917 5212 οἷα

317 5248 606 5302 πείσονται
634 5247 775 5320 ὑπὲρ
807 5246 1030 5313 τούτων,
1066 5248 1423 5319 ὀργιζομένου
1455 5252 1574 5303 κατ’
1615 5250 1795 5304 αὑτῶν
1823 5250 1916 5305 τοῦ

316 5338 460 5393 Θεοῦ
482 5355 499 5371 ⁸
526 5337 804 5405 γνώσεσθε
831 5338 941 5409 γὰρ
970 5339 1051 5393 ὅτι
1076 5339 1290 5393 δικαίαν
1318 5341 1501 5405 αὑτοῖς
1524 5342 1665 5414 ὑπὲρ
1697 5336 1772 5397 ὧν
1803 5341 1915 5397 δια-

319 5430 657 5503 πράττονται
676 5430 928 5498 τοιαύτην
951 5430 1148 5498 ἐπάγει
1176 5431 1275 5501 τὴν
1301 5432 1566 5504 τιμωρίαν
1585 5449 1598 5463 ι
1628 5433 1916 5504 πεπολιορο

318 5525 558 5595 κηκότες
598 5522 709 5594 γάρ
759 5523 960 5586 αὐτοὺς
1000 5522 1295 5595 Ἀσσύριοι,
1347 5525 1475 5589 τοὺς
1516 5527 1917 5597 καταπεφευγό-

315 5634 421 5681 τας
448 5616 510 5683 ἐξ
538 5615 721 5671 αὑτῶν
749 5615 845 5669 ἐπὶ
874 5615 975 5686 τὴν
1004 5616 1299 5684 Αιγυπτον,
1333 5616 1650 5682 ἐξείλκυσαν
1684 5636 1742 5672 τε
1775 5622 1915 5673 ἐκεῖ·

396 5818 521 5853 ’ν’-’⁵⁷
561 5817 709 5876 Psal.
751 5833 870 5885 vui,
908 5818 965 5873 5.
1043 5817 1089 5851 η
1122 5816 1250 5874 Ose.
1294 5832 1368 5887 ix,
1405 5818 1452 5875 6.

2018 4611 2193 4676 illius,
2227 4619 2282 4667 et
2311 4612 2725 4682 oppressionem
2759 4611 2813 4665 in
2865 4626 2959 4665 ea:
2994 4620 3049 4667 et
3089 4611 3303 4683 ignorat
3346 4630 3469 4684 quae
3503 4614 3600 4670 im-

2016 4705 2227 4759 minent
2258 4720 2446 4760 coram
2474 4706 2616 4777 ipsa,
2648 4704 2725 4758 ait
2749 4703 3032 4761 Dominus.
3055 4725 3074 4758 »
3109 4704 3276 4774 Quasi
3296 4707 3408 4778 jam
3437 4708 3597 4765 tidem

2016 4795 2388 4864 impetrasset,
2436 4812 2495 4852 se
2543 4796 2830 4852 voluntate
2885 4795 2977 4852 Dei
3038 4799 3238 4871 populo
3287 4801 3602 4877 significare

2017 4887 2201 4943 futura
2223 4931 2238 4957 ,
2261 4886 2488 4957 Omnes,
2525 4889 2728 4961 inquit,
2759 4889 2972 4963 Assyrii
3010 4899 3176 4963 atque
3213 4890 3479 4965 Egyptii,
3506 4911 3601 4952 ve-

2014 4982 2129 5035 nite
2146 4979 2471 5049 Samariam,
2502 4992 2554 5036 et
2579 4982 2758 5038 videte
2795 4990 2999 5054 quanta
3029 4985 3101 5041 ibi
3139 4986 3209 5040 sit
3234 4986 3598 5045 intirmiorum

2014 5074 2333 5146 Oppressio;
2389 5075 2518 5128 dum
2565 5092 2674 5130 non
2720 5084 2941 5147 reputat
2996 5075 3113 5131 fore
3146 5074 3446 5148 ut'justam
3491 5081 3596 5136 sibi

2015 5173 2240 5238 prapter
2271 5182 2370 5225 sua
2404 5165 2652 5223 facinora
2686 5167 2829 5224 Deus
2871 5182 3087 5239 pinnam
3120 5169 3281 5240 108
3311 5170 3472 5224 talem
3506 5171 3603 5225 itu-

2017 5266 2203 5328 ponat.
2227 5255 2364 5312 Nam
2389 5273 2513 5312 cum
2533 5257 2745 5330 Assyrii
2770 5274 2890 5315 eam
2909 5259 3264 5322 obsederunt,
3291 5261 3415 5319 illos
3434 5265 3597 5319 etiam

2022 5350 2113 5419 qui
2142 5349 2291 5403 illinc
2319 5349 2386 5403 ad
2408 5341 2698 5422 Egyptius
2727 5350 3101 5420 profugerant,
3147 5350 3388 5407 indidem
3425 5367 3601 5410 retra-

2023 5450 2239 5509 xerunt,
2268 5450 2322 5497 et
2346 5443 2488 5513 apud
2524 5445 2698 5512 ipsam
2723 5442 3018 5514 IEgyptum
3051 5444 3383 5514 puuiverunt
3410 5466 3423 5501 :
3459 5449 3605 5506 sicut

2021 5534 2186 5590 etiam
2220 5533 2361 5604 apud
2389 5536 2584 5589 Oscam
2615 5533 2874 5588 dicitur“
2890 5575 2905 5603 ,
2927 5536 3074 5605 quod
3093 5554 3110 5587 ι
3131 5532 3203 5603 Ex
3225 5533 3442 5609 Egypti
3461 5541 3605 5594 cala-

2025 5625 2216 5680 mitate
2243 5623 2562 5696 precedent,
2611 5632 2664 5681 et
2696 5624 2929 5698 excipiet
2981 5641 3076 5682 eos
3105 5623 3392 5700 Memphis,
3427 5636 3480 5684 et
3512 5643 3613 5686 eos
