4102 6454
467 369 574 426 253
1667 371 2020 428 THEODORI
2051 371 2535 428 MOPSUESTENI
3622 368 3729 422 τοι

474 487 758 543 Machmas
778 488 1363 560 sepeliet.il’i'0ptet‘ea
1390 489 1553 561 igitur
1574 491 1639 542 ad
1671 506 1769 544 eos
1794 492 2051 560 loquitur.

2161 493 2268 552 θεν,
2310 493 2404 544 καὶ
2431 492 2517 544 ἐπ’
2544 491 2716 559 αὐτῆς
2749 491 3158 561 ἐτιμωρήσαντο
3187 490 3283 559 τῆς
3313 489 3590 550 Αἰγύπτου
3609 501 3622 512 ·
3655 493 3731 551 ὼς

474 585 532 632 ut
554 593 727 648 poenae
745 594 856 632 sure
878 594 1097 633 causam
1122 591 1477 651 cognoscant.
1511 599 1528 630 ι
1552 581 1652 646 Qui
1678 581 2050 635 thesaurizant

2156 585 2249 635 καὶ
2300 583 2446 653 παρά
2500 583 2575 652 τῷ
2632 583 2684 634 Ὠ
2703 582 2787 650 τηέ
2850 599 3034 652 φησιν,
3083 583 3163 634 ὃτι
3211 582 3615 648 Πορεύσονται
3660 580 3729 632 ἐκ

473 670 818 738 iniquitatem
841 677 896 724 et
917 671 1190 725 miseriam
1215 673 1268 725 in
1291 673 1605 743 regionibus
1627 676 1760 726 suis.
1777 693 1795 723 ι
1831 671 2049 726 Multam

2156 674 2556 740 ταλαιπωρίας
2602 674 2930 740 Αἰγύπτου,
3006 672 3104 725 καὶ
3148 670 3451 734 ἐκδέξεται
3507 669 3733 734 αὐτοὺς

469 760 613 811 enim
653 770 708 814 et
742 761 1092 814 immodicam
1117 761 1384 818 adversus
1410 779 1679 833 pauperes
1710 763 2050 832 iniquitatem

2158 760 2407 830 Μέμφις,
2438 762 2536 816 καὶ
2565 762 2741 830 θάψει
2773 763 2994 828 αὐτοὺς
3022 761 3292 831 Μαχμάς.
3327 761 3426 812 Διά
3447 759 3605 813 τοῦτο
3638 757 3730 814 οὓς

443 860 863 913 exercuerunt,
900 853 1236 908 multimodis
1264 869 1358 908 eos
1386 854 1684 907 allicientes
1716 853 1956 920 injuriis.

2159 852 2294 920 πρὸς
2329 851 2566 914 ἐκείνους
2608 853 2794 921 φησὶν,
2828 851 2902 914 ὡς
2947 851 3012 904 ἂν
3055 852 3244 921 μαθεῖν
3272 849 3584 918 ὀφείλοντας
3631 850 3730 918 τῆς

467 940 737 1013 τιμωρίας
769 941 947 995 αὐτῶν
984 942 1080 1002 τὴν
1117 944 1314 1000 αἰτίαν.
1355 962 1376 995 ε
1418 945 1482 997 Οἱ
1516 944 1934 1014 θησαυρίζοντες
1978 941 2190 995 ἀδικίαν
2240 942 2334 996 καὶ
2369 942 2738 1011 ταλαιπωρίαν
2777 945 2832 994 ὲν
2867 944 2988 1004 ταῖς
3025 941 3227 1010 χώραις
3257 941 3454 994 αὐτῶν.
3501 961 3518 993 ι
3553 942 3729 1012 Πολλῇ

472 1035 582 1099 γάρ
613 1053 719 1088 τινι
759 1038 853 1089 καὶ
892 1037 1183 1107 ἀμετρήτῳ
1230 1037 1524 1108 κέχρηνται
1568 1040 1634 1108 τῇ
1681 1037 1823 1090 κατά
1863 1035 1971 1088 τῶν
2023 1039 2270 1105 πενήτων
2325 1037 2535 1107 ἀδικία,
2589 1037 2857 1106 διαφόρως
2907 1037 3099 1099 αὐτοὺς
3158 1036 3569 1106 περιϐάλλοντες
3611 1041 3730 1100 ταῖς

473 1129 785 1200 ἐπηρείαις.

544 1247 710 1303 Vens.
743 1249 827 1309 ll,
864 1250 946 1302 12.
973 1280 1041 1290 -
1083 1269 1100 1300 ι
1126 1249 1420 1320 Propterea
1458 1251 1570 1305 haec
1592 1250 1723 1305 dicit
1751 1249 2047 1304 Dominus:

479 1338 677 1410 Tyrus,
729 1355 783 1393 et
814 1340 867 1393 in
897 1341 1129 1393 circuitu
1165 1349 1308 1393 terra
1347 1351 1440 1395 tua
1473 1342 1828 1402 desolabitnr,
1881 1349 1935 1393 et
1964 1343 2053 1395 dc-

474 1433 720 1484 trahetur
749 1448 812 1485 ex
847 1441 898 1486 te
931 1430 1192 1485 fortitudo
1224 1440 1335 1496 tua,
1364 1441 1417 1487 et
1440 1434 1770 1503 diripientur
1803 1436 2054 1502 regiones

474 1528 601 1574 tunc.
628 1541 646 1572 ι
687 1520 760 1573 Ea
792 1530 1037 1592 propter,
1072 1523 1271 1592 inquit,
1301 1523 1535 1579 adducet
1575 1523 1727 1579 vobis
1766 1523 2053 1594 Assyrium

479 1610 643 1672 Deus,
699 1611 789 1680 qui
822 1610 1048 1681 Tyrum,
1103 1621 1156 1664 et
1188 1611 1496 1664 universam
1543 1620 1689 1665 tuam
1726 1611 1778 1664 in
1813 1611 2046 1664 circuitu

475 1711 703 1764 terram,
759 1701 813 1754 id
869 1710 952 1756 est
995 1702 1276 1771 proximos
1321 1716 1534 1763 omnes,
1591 1701 1643 1754 in
1699 1701 2045 1755 solitudinem

477 1794 722 1864 rediget:
759 1795 811 1847 in
839 1801 1070 1860 tantum,
1101 1801 1160 1846 ut
1181 1793 1329 1846 nulla
1347 1808 1472 1862 spes
1501 1791 1596 1846 tibi
1628 1793 1833 1862 reliqua
1855 1793 2047 1846 salutis

2223 1245 2368 1315 Στίχ.
2402 1244 2594 1314 ια’-ιβ’.
2627 1274 2692 1283 -
2743 1262 2760 1294 ι
2784 1242 2882 1295 Διά
2926 1242 3080 1296 τοῦτο
3117 1240 3241 1295 τάδε
3288 1241 3436 1310 λέγει
3470 1242 3670 1314 Κύριος
3700 1245 3733 1298 6

2151 1335 2282 1398 Θεός
2309 1350 2323 1364 ο
2369 1334 2544 1404 Τύρος
2585 1333 2677 1386 καὶ
2720 1332 2980 1385 κυκλόθεν
3011 1334 3045 1403 ὴ
3067 1332 3140 1403 γῆ
3169 1351 3265 1388 σου
3287 1333 3725 1404 ἐρημωθήσεται,

2154 1429 2246 1480 καὶ
2277 1425 2499 1489 κατάξει
2533 1426 2595 1477 ἐκ
2626 1423 2718 1477 σοῦ
2749 1425 2845 1494 τὴν
2877 1423 3026 1494 ἰσχύν
3051 1441 3166 1487 σου,
3205 1425 3296 1476 καὶ
3324 1424 3728 1496 διαρπαγήσον-

2152 1535 2240 1570 ται
2283 1518 2338 1568 αἱ
2373 1517 2545 1587 χῶραί
2587 1534 2699 1568 σου.
2734 1536 2750 1568 ι
2798 1517 2968 1586 Ὑπὲρ
2983 1515 3045 1580 δὴ
3067 1514 3290 1579 τούτων,
3320 1517 3502 1586 φησὶν,
3536 1520 3727 1587 ἐπάγει

2153 1608 2242 1660 τὸν
2278 1608 2559 1679 Ἀσσύριον
2607 1610 2732 1678 ὑμῖν
2765 1611 2793 1660 6
2819 1607 2970 1670 Θεὸς,
3017 1607 3074 1669 ὃς
3113 1607 3285 1678 Τύρον
3329 1625 3388 1660 τε
3424 1608 3517 1660 καὶ
3549 1611 3728 1662 πᾶσάν

2156 1716 2247 1750 σου
2278 1699 2374 1769 τὴν
2423 1698 2812 1769 περικειμένην
2858 1697 2984 1766 γῆν,
3035 1696 3122 1748 ἵνα
3174 1696 3550 1771 εἴπῃ,πάντας
3602 1701 3728 1764 τοὺς

2153 1789 2582 1858 περιοικοῦντας,
2615 1789 2854 1859 ἐρήμους
2884 1788 3176 1858 ἐργάσεται
3201 1805 3214 1818 ·
3255 1789 3329 1852 ώς
3357 1790 3622 1860 μηδεμίαν
3644 1791 3730 1843 ἐλ-

477 1888 569 1954 sit,
609 1861 706 1941 tali
747 1894 1007 1956 tantoque
1043 1888 1196 1941 hoste
1230 1861 1552 1940 obsidente:
1586 1885 1679 1956 qui
1711 1861 1834 1954 pest
1867 1885 2049 1939 omnia

2155 1881 2281 1933 πίδα
2315 1880 2447 1950 μηίὲ
2503 1879 2586 1931 σοὶ
2620 1879 2889 1948 σωτηρίας
2932 1879 3310 1947 ὑπολελεῖφθαι
3342 1880 3446 1932 ὑπὸ
3474 1881 3726 1934 τοσούτου

476 1979 832 2032 ﬁnitimorum
853 1979 1164 2048 absumpta,
1191 1985 1340 2031 tuam
1369 1992 1586 2048 quoque
1615 1979 1893 2048 regionem
1923 1993 2053 2048 prm-

471 2067 653 2122 dando
678 2068 1130 2138 depopulabitur,
1156 2075 1214 2120 ut
1241 2067 1376 2122 nihil
1405 2066 1501 2121 tibi
1519 2067 1842 2122 mstimabile
1869 2083 2054 2136 super-

469 2157 713 2213 futurum
755 2161 845 2214 sit.
884 2159 1087 2215 Deinde
1111 2159 1436 2229 gravitatem
1469 2172 1692 2227 quoque
1728 2157 1880 2212 exitii
1906 2159 2052 2229 quod

470 2251 746 2321 patientur
776 2251 1067 2320 signiﬁcat.
1099 2267 1118 2301 ι
1143 2247 1270 2303 llzec
1295 2249 1428 2303 dicit
1449 2247 1712 2303 Dominus
1739 2266 1754 2303 :
1785 2248 2054 2314 Quemad-

472 2342 694 2396 modum
735 2343 782 2398 si
813 2343 1069 2397 extrahat
1107 2349 1292 2410 pastor
1319 2340 1386 2395 de
1411 2355 1506 2394 ore
1542 2339 1715 2394 leonis
1757 2340 1866 2394 duo
1890 2355 2051 2393 crura

472 2442 568 2486 aut
609 2440 918 2487 extremum
969 2433 1251 2497 auriculze,
1287 2433 1365 2486 sic
1399 2440 1663 2486 eruentur
1688 2431 1778 2484 ﬁlii
1812 2429 2048 2497 lsraelis,

472 2523 570 2592 qui
604 2523 851 2577 habitant
874 2521 1154 2586 Samarize,
1186 2539 1249 2577 ex
1280 2523 1507 2577 adverso
1533 2521 1709 2576 tribus
1733 2521 2005 2577 Damasci.
2027 2542 2046 2576 ι

477 2611 677 2677 Tanta,
711 2617 906 2684 inquit,
938 2621 1118 2669 vestra
1145 2614 1232 2668 llet
1253 2615 1434 2677 ruina,
1468 2623 1525 2668 ut
1549 2613 1738 2683 paucis
1759 2613 2050 2668 admodum

470 2707 719 2768 salvalis.
777 2722 864 2760 res
918 2707 1050 2760 nihil
1097 2705 1315 2760 diﬁerre
1364 2706 1636 2769 videatur,
1692 2719 1754 2758 ac
1788 2706 1833 2760 si
1869 2722 1970 2760 ove
2021 2720 2051 2758 a

477 2796 632 2849 leone
663 2794 1059 2864 comprehensa
1105 2801 1158 2847 et
1190 2791 1325 2846 adeo
1349 2800 1696 2858 consumpta,
1725 2790 1812 2843 vix
1845 2790 2054 2859 exigua:

471 2887 596 2956 ejus
624 2896 806 2955 partes
842 2900 871 2938 a
906 2893 1124 2954 pastore
1154 2883 1368 2952 possint
1397 2897 1495 2936 ore
1531 2879 1705 2935 leonis
1740 2879 2053 2934 excidentes

472 2975 655 3045 colligi
685 2994 698 3028 :
736 2989 873 3044 quas
907 2973 1127 3044 quidem
1158 2972 1204 3026 is
1227 2969 1551 3032 contemnit,
1584 2976 1772 3038 utpote
1801 2969 2053 3024 excarni-

475 3066 667 3119 ﬁcatas
693 3071 746 3119 et
776 3064 1051 3118 alimonia:
1078 3077 1186 3116 non
1229 3060 1476 3115 idoneas.
1513 3057 1627 3112 Hoc
1653 3059 1797 3112 enim
1836 3058 2054 3112 denota-

2154 1971 2606 2042 πολιορκουμένῳ.
2647 1971 2936 2041 πολεμίου·
2990 1970 3240 2041 (p.164)
3289 1972 3556 2040 ἀφανίσας
3619 1975 3730 2046 γὰρ

2155 2063 2370 2115 ἅπαντα
2390 2063 2457 2115 τά
2485 2063 2590 2114 τῶν
2621 2063 2934 2133 περιοίκων,
2969 2062 3184 2116 ἃπασαν
3217 2063 3310 2115 καὶ
3345 2063 3438 2116 σοῦ
3462 2065 3527 2116 δι’
3553 2066 3730 2134 ἀρπα-

2154 2155 2256 2223 γῆς
2285 2155 2567 2223 ποιήσεται
2599 2153 2698 2222 τὴν
2738 2152 2920 2224 χώραν
2941 2171 2952 2182 ·
3009 2154 3085 2216 ώς
3117 2154 3281 2224 μηδὲν
3321 2155 3729 2226 περιλειφθῆναι

2152 2246 2260 2297 τῶν
2295 2245 2448 2312 λόγου
2495 2263 2609 2307 πως
2654 2243 2818 2308 ἀξίων
2849 2240 2988 2298 εἶναι
3033 2245 3330 2298 δοκούντων
3370 2249 3426 2299 ἐν
3459 2248 3559 2300 σοί.
3599 2245 3729 2301 Εἶτα

2155 2337 2248 2390 καὶ
2280 2338 2376 2406 τῆς
2404 2335 2677 2400 ἀπωλείας
2710 2337 2887 2389 αὐτῶν
2921 2332 2986 2408 ἦς
3020 2338 3417 2408 ὑποστήσονται
3445 2341 3542 2409 τὴν
3572 2340 3732 2411 βαρύ-

2153 2444 2290 2496 τητα
2321 2427 2621 2497 σημαίνων,
2679 2444 2696 2476 ι
2730 2425 2869 2478 Τάδε
2899 2425 3045 2495 λέγει
3064 2429 3287 2500 Κύριος,
3307 2428 3406 2482 ’ον
3431 2429 3626 2500 τρόπον
3654 2431 3728 2484 ὅτ’

2156 2521 2220 2574 ἂν
2248 2522 2493 2590 ἐκσπάσῃ
2521 2522 2548 2573 6
2579 2519 2782 2589 ποιμὴν
2811 2521 2874 2571 ἐκ
2909 2520 3173 2590 στόματος
3204 2519 3419 2582 λέοντος
3446 2521 3539 2574 δύο
3564 2523 3726 2595 σκέλη

2154 2610 2186 2681 ἢ
2216 2611 2373 2663 λοϐὸν
2395 2611 2576 2672 ὠτίου,
2615 2609 2788 2672 οὕτως
2821 2611 3289 2680 ἐκσπασθήσονται
3320 2614 3368 2664 οί
3392 2613 3729 2684 υίοὶἸσραὴλ

2154 2703 2204 2754 οἱ
2235 2699 2611 2763 κατοικοῦντες
2644 2701 2700 2754 ἐν
2730 2699 3007 2770 Σαμαρείᾳ
3032 2701 3316 2756 κατέναντι
3345 2704 3516 2775 φυλῆς
3549 2707 3733 2775 Δαμα-

2156 2792 2308 2846 σκοῦ.
2339 2813 2356 2844 ›
2413 2791 2660 2862 Τοσαύτη
2707 2791 2814 2862 γάρ
2861 2793 3033 2862 ὑμῶν,
3073 2794 3225 2863 φησὶ,
3253 2797 3539 2867 γενήσεται
3567 2799 3598 2867 ἡ
3625 2801 3730 2852 ἀπ-

2154 2885 2338 2946 ώλεια,
2367 2884 2506 2937 ὥστε
2542 2885 2681 2946 ἀγαν
2709 2883 2904 2951 ὀλίγων
2933 2885 3364 2956 περισωθέντων,
3417 2887 3581 2958 μηδὲν
3619 2890 3728 2942 ἀπ-

2156 2977 2385 3030 εοικέναι
2405 2977 2464 3029 τὸ
2481 2978 2712 3046 πρᾶγμα
2730 2975 2994 3047 προϐάτου
3017 2975 3309 3046 ληφθέντος
3320 2996 3377 3031 τε
3401 2971 3504 3032 ὖπὸ
3521 2980 3731 3047 λέοντος

2156 3071 2250 3123 καὶ
2285 3067 2758 3130 καταναλωθέντος
2807 3069 2898 3120 ἐπὶ
2931 3067 3201 3134 τοσοῦτον,
3230 3069 3369 3122 ὥστε
3401 3072 3557 3141 μόγις
3599 3072 3731 3144 βρα-

473 3164 564 3210 ιιιι·
595 3171 690 3226 per
725 3156 833 3210 duo
862 3169 1024 3209 crura
1041 3164 1101 3207 et
1131 3161 1437 3212 extremum
1467 3150 1747 3204 auriculae.
1787 3147 1877 3203 Sic
1899 3148 2050 3201 nimi-

2156 3159 2254 3230 χέα
2284 3157 2404 3211 τινὰ
2435 3157 2573 3228 μέρη
2592 3156 2649 3221 ἐξ
2677 3157 2840 3210 αὐτοῦ
2867 3157 3158 3228 δυνηθῆναι
3185 3159 3277 3212 τὸν
3306 3163 3536 3226 ποιμένα
3566 3165 3728 3216 ἐκπε-

475 3264 598 3303 rum
650 3249 810 3317 pauci
860 3246 1060 3317 oppido
1103 3252 1156 3300 et
1207 3243 1442 3297 humiles
1487 3257 1552 3297 ex
1585 3242 1687 3295 hoc
1722 3239 1881 3309 109
1910 3239 2050 3294 bello

477 3345 832 3407 supererunt,
864 3337 931 3392 de
965 3337 1074 3392 illis
1115 3351 1309 3405 nempe
1342 3335 1432 3404 qui
1461 3333 2052 3388 Samariam'ineolunt

472 3445 542 3483 ex
584 3428 816 3484 adverso
862 3427 1366 3492 Damascenorum;
1430 3441 1570 3496 quos
1605 3426 1830 3496 perinde
1860 3441 1923 3480 ac
1971 3442 2049 3491 se,

475 3523 545 3574 ab
575 3521 824 3575 hostibus
847 3519 1072 3574 mactari
1095 3519 1373 3572 videbunt.
1406 3517 1650 3587 Namque
1673 3527 1724 3570 et
1748 3516 1874 3587 Tyri
1895 3528 2053 3570 antea

473 3631 529 3678 et
558 3639 703 3678 nunc
740 3622 986 3677 Damasci
1022 3619 1288 3683 meminit,
1323 3625 1381 3672 ut
1411 3617 1840 3689 magnitudinem
1880 3618 2053 3670 malo-

473 3732 593 3769 rum
621 3714 910 3781 ostendat;
942 3721 995 3768 et
1027 3711 1172 3781 quod
1201 3724 1359 3765 nemo
1383 3725 1450 3763 ne
1477 3710 1543 3764 de
1566 3709 1808 3762 ﬁnitimis
1832 3707 2049 3777 quidem

472 3809 528 3862 in
551 3808 900 3878 Assyriorum
931 3805 1250 3859 incursione
1275 3803 1488 3858 evadet.
1515 3802 1669 3856 Tunc
1697 3800 1842 3854 enim
1873 3799 2053 3854 evenit

471 3898 616 3966 quod
686 3898 742 3950 in
802 3895 1068 3964 prooemio
1117 3892 1438 3964 patefecerat
1472 3934 1484 3957 ,
1545 3907 1742 3961 nempe
1807 3891 2050 3943 onminm

473 3990 690 4043 illorum
722 3989 970 4042 exitium.
1638 4003 1651 4030 κ

2151 3248 2404 3304 πτωκότα
2429 3245 2521 3299 τοῦ
2553 3246 2815 3317 στόματος
2838 3245 2931 3298 τοῦ
2959 3246 3170 3310 λέοντος
3191 3247 3375 3304 λαϐεῖν
3394 3266 3405 3278 ·
3436 3253 3530 3304 καὶ
3559 3254 3733 3306 ταῦτά

2151 3359 2236 3410 γε,
2271 3337 2345 3392 ὧν
2365 3338 2610 3408 ὑπερορᾷ
2636 3337 2710 3400 ὡς
2741 3336 2996 3406 ἀσάρκων
3031 3355 3088 3390 τε
3117 3339 3211 3390 κοιλ⁹
3240 3339 3375 3410 πρὸς
3405 3343 3610 3413 τροφὴν
3633 3344 3731 3397 οὐκ

2153 3430 2488 3500 ἐπιτηδείων·
2529 3427 2688 3481 τοῦτο
2713 3428 2819 3498 γὰρ
2849 3427 2997 3496 λέγει
3022 3429 3104 3494 τὸ,
3129 3428 3448 3497 δύοσκέλη
3484 3433 3521 3500 ἢ
3549 3436 3734 3486 λοϐὸν·

2151 3525 2326 3578 ὠτίου
2347 3541 2360 3553 ·
2409 3521 2581 3585 οὓτως
2607 3520 2777 3589 ὀλίγοι
2794 3521 2934 3582 τινὲς
2961 3520 3054 3573 καὶ
3080 3520 3311 3585 εὐτελεῖς
3341 3524 3396 3575 ὲν
3419 3523 3494 3594 τῷ
3517 3525 3732 3596 πολέμῳ

2160 3615 2671 3688 περιλειφθήσονται
2713 3612 2908 3682 τούτῳ,
2950 3614 3012 3665 ἐκ
3051 3614 3155 3668 τῶν
3183 3615 3280 3684 τὴν
3314 3616 3623 3687 Σαμάρειαν
3652 3621 3732 3670 οἱ·

2158 3708 2394 3762 κούντων
2439 3706 2723 3758 κατέναντι
2790 3703 2895 3757 τῶν
2947 3706 3358 3776 Δαμασκηνῶν·
3410 3707 3485 3769 ὡς
3535 3709 3732 3779 ὁμοίως

2157 3798 2367 3857 ἑαυτοῖς
2393 3793 2794 3863 ἀπολλυμένους
2814 3793 3032 3861 ὄψονται
3055 3793 3157 3846 ὑπὸ
3180 3793 3285 3846 τῶν
3313 3795 3604 3866 πολεμίων.
3622 3799 3734 3850 Καὶ

2108 3872 2118 3884 ’
2158 3889 2265 3959 γὰρ
2296 3888 2387 3941 καὶ
2414 3890 2513 3956 τῆς
2548 3886 2724 3956 Τύρου
2760 3887 3025 3958 πρότερον
3053 3887 3147 3940 καὶ
3179 3886 3272 3941 νῦν
3311 3889 3408 3960 τῆς
3434 3891 3732 3960 Δαμασκοῦ

2161 3982 2378 4051 μνήμην
2417 3979 2732 4046 ἐποιήσατο,
2778 3980 2856 4040 εἰς
2889 3977 3160 4042 ἀπόδειξιν
3189 3979 3282 4032 τοῦ
3331 3980 3593 4051 μεγέθους
3625 3984 3733 4036 τῶν

474 4082 691 4134 κακῶν·
743 4083 823 4133 ὅτι
875 4079 1008 4150 μηδὲ
1055 4078 1162 4132 τῶν
1209 4078 1499 4148 περιοίκων
1539 4075 1712 4128 ἔνεστί
1768 4093 1885 4128 τινα
1939 4077 1996 4128 ἐν
2041 4077 2106 4145 τῇ
2158 4075 2265 4126 τῶν
2313 4072 2613 4141 Ἀσσυρίων
2655 4071 2828 4141 ἐφόδῳ
2873 4070 3188 4140 διαφυγεῖν·
3249 4073 3474 4145 (p.165)
3509 4077 3736 4150 καὶγὰρ

471 4174 616 4248 εἶχεν
655 4177 802 4247 αύτῷ
831 4175 1012 4248 χώραν
1037 4177 1096 4230 τὸ
1130 4176 1420 4247 λεγόμενον
1449 4174 1704 4227 ἀπάντων
1732 4173 1954 4228 ἐκείνων
1979 4175 2036 4226 ἐν
2057 4176 2364 4245 προοιμίοις
2393 4172 2712 4244 δεδηλωκότι
2741 4171 2838 4240 τὴν
2875 4173 3172 4228 ἀπώλειαν.

545 4267 708 4322 Vens.
755 4267 1032 4322 15ο15.-‹
1067 4267 1417 4334 Sacerdotes,
1457 4255 1643 4322 audite
1677 4275 1732 4321 et
1765 4274 2048 4321 contesta-

473 4361 604 4414 tnini
632 4361 684 4412 in
723 4360 883 4414 domo
927 4355 1120 4423 Jacob,
1166 4359 1300 4412 dicit
1331 4358 1592 4412 Dominus
1627 4356 1770 4413 Deus
1799 4357 2053 4427 omnipo-

473 4463 626 4520 tens;
669 4454 796 4523 quia
826 4450 991 4505 indie
1026 4466 1133 4520 qua
1172 4451 1405 4504 ulciscar
1439 4456 1494 4504 et
1526 4464 1692 4520 super
1723 4449 1916 4503 altaria
1956 4448 2054 4503 Be-

2230 4266 2373 4337 Στίχ.
2412 4271 2599 4334 ιγ’-ιε’.
2627 4293 2694 4302 ——
2731 4281 2749 4314 ι
2783 4264 3276 4334 ἰερεῖ;,ἀκούσατε
3311 4268 3402 4320 καὶ
3431 4268 3736 4338 ἐπιμαρτύ-

2161 4359 2327 4430 ρασθε
2357 4358 2434 4430 τῷ
2461 4358 2592 4425 οἴκῳ
2637 4354 2850 4418 Ἰακὼϐ,
2900 4355 3048 4424 λέγει
3076 4357 3279 4429 Κύριος
3307 4362 3334 4412 ό
3366 4359 3498 4423 Θεὸς
3529 4363 3558 4413 ό
3599 4374 3735 4412 παν-

2161 4451 2444 4522 τοκράτωρ
2470 4466 2481 4478 ·
2513 4449 2645 4502 διότι
2671 4450 2728 4500 ἐν
2758 4450 2822 4518 τῇ
2852 4447 3034 4519 ἡμέρᾳ
3059 4449 3135 4502 ὅτ’
3163 4448 3228 4502 ἂν
3253 4450 3451 4504 ἐκδικῶ
3485 4452 3737 4515 ἀσεϐείας

470 4543 653 4609 thelis,
724 4551 778 4597 et
833 4540 1197 4596 suﬂodientur
1247 4555 1452 4595 cornua
1515 4541 1728 4604 altaris,
1790 4548 1844 4595 et
1901 4539 2050 4594 humi

2155 4542 2247 4594 τοῦ
2284 4540 2494 4614 Ἰσραὴλ
2535 4540 2620 4591 ἐπ’
2657 4538 2847 4591 αὐτόν·
2900 4541 2990 4592 καὶ
3027 4539 3297 4609 ἐκδικήσω
3341 4543 3431 4594 ἐπὶ
3461 4541 3528 4594 τὰ
3550 4543 3738 4596 θυσια-

470 4633 768 4688 deciderit:
824 4640 878 4685 et
929 4640 1212 4686 conteram
1267 4638 1430 4700 atque
1475 4631 1777 4701 percutiam
1828 4629 2050 4683 domum

475 4725 754 4793 pinnatam
775 4739 941 4792 super
964 4723 1186 4777 domum
1208 4723 1450 4776 aestivam
1473 4739 1484 4774 :
1516 4729 1569 4777 et
1589 4723 1841 4792 peribunt
1857 4721 2053 4775 domus

472 4817 745 4877 eburneae,
780 4815 1006 4884 aliaque
1032 4813 1215 4867 multae
1240 4811 1676 4882 dissipabuntur,
1710 4812 1846 4866 dicit
1872 4810 2054 4864 Domi-

475 4923 600 4963 nus.
645 4926 662 4960 ι
701 4905 845 4972 llaac,
879 4906 1077 4976 inquit,
1115 4905 1148 4958 ii
1180 4905 1452 4975 praecipue
1497 4904 1724 4958 audiant
1753 4902 1848 4973 qui
1888 4901 2055 4970 impio

476 4997 748 5052 idolorum
769 4996 1075 5051 sacerdotio
1095 4993 1424 5065 funguntur:
1459 5005 1514 5050 ut
1541 4995 1667 5048 hinc
1686 4994 1799 5064 jam
1819 4995 2052 5058 discant,

473 5088 620 5158 quod
657 5103 780 5142 cum
815 5087 956 5143 Deus
989 5102 1019 5140 a
1053 5086 1256 5156 populo
1287 5101 1479 5155 ρωπος
1512 5084 1809 5155 impietatis
1853 5083 2052 5152 exiget,

472 5189 606 5234 tunc
651 5180 836 5233 omnia
884 5179 1046 5232 etiam
1106 5176 1373 5231 idolorum
1428 5177 1621 5231 altaria
1666 5174 2051 5238 suﬁ'odientur,

473 5275 599 5330 belli
658 5271 952 5326 ludibrium
1007 5269 1217 5324 eﬂ'ecta.
1276 5268 1412 5322 Nam
1449 5267 1616 5322 verbo
1675 5265 1862 5320 Bethel
1911 5265 2052 5318 idola

472 5367 656 5422 dicere
689 5363 881 5427 voluit,
912 5377 941 5416 a
968 5370 1120 5432 parte
1152 5367 1349 5416 totum.
1380 5357 1520 5413 Dicit
1550 5367 1732 5413 autem
1758 5356 2051 5412 sulTossum

476 5458 540 5512 iri
580 5470 786 5511 cornua
813 5454 1000 5510 altaris
1021 5461 1075 5508 et
1102 5440 1252 5507 humi
1278 5468 1497 5516 casura,
1527 5453 1655 5522 quia
1695 5460 1808 5507 tota
1838 5451 2052 5504 illorum

478 5547 810 5618 magnitudo,
846 5553 900 5600 et
926 5553 1038 5602 tota
1086 5559 1303 5614 pompa,
1351 5561 1514 5614 quam
1560 5560 1589 5597 a
1644 5543 2044 5612 sacrilegorum

474 5638 822 5692 adorantium
869 5653 1003 5693 cura
1057 5637 1352 5700 habebant,
1412 5635 1661 5690 funditus
1716 5635 2048 5688 destrUetur.

473 5731 607 5784 Nam
634 5739 687 5785 et
729 5731 968 5796 illorum,
997 5730 1193 5802 inquit,
1223 5730 1414 5786 domos
1441 5746 1469 5782 a
1512 5731 1878 5784 fundamentis
1923 5745 2054 5784 con-

470 5823 690 5880 vellam.
740 5821 909 5880 Porro
944 5823 1224 5897 pinnatam
1255 5821 1386 5878 dicit
1422 5837 1522 5891 pro
1569 5821 1880 5885 hiemalem,
1925 5820 2052 5892 quia

2157 4634 2353 4703 στήρια
2385 4630 2619 4698 Βαιθήλ·
2663 4630 2755 4682 καὶ
2784 4633 3264 4702 κατασκαφήσεται
3288 4633 3354 4686 τά
3399 4635 3606 4704 κέρατα
3643 4638 3737 4689 τοῦ

2156 4721 2538 4790 θυσιαστηρίου
2563 4720 2654 4772 καὶ
2678 4722 2922 4773 πεσεῖται
2944 4721 3036 4774 ἐπὶ
3063 4721 3159 4792 τὴν
3186 4725 3288 4792 γῆν
3307 4740 3319 4752 ·
3348 4725 3440 4776 κοιλΙ
3463 4725 3740 4796 συντρίψω

2157 4814 2248 4866 καὶ
2273 4812 2496 4875 πατάξω
2512 4811 2599 4864 τὸν
2625 4806 2771 4865 οἷκον
2791 4813 2880 4865 τὸν
2907 4813 3236 4884 περίπτερον
3256 4814 3348 4866 ἐπὶ
3371 4815 3460 4867 τὸν
3478 4812 3622 4869 οἶκον
3647 4819 3740 4870 τὸν

2158 4905 2365 4977 θερινόν
2387 4921 2399 4933 ·
2445 4904 2538 4957 καὶ
2572 4905 2896 4958 ἀπολοῦνται
2934 4907 2982 4958 οἱ
3024 4899 3164 4957 οἶκοι
3197 4907 3244 4958 οἱ
3266 4906 3615 4974 ἐλεφάντινοι,
3645 4911 3741 4962 καὶ

2156 4994 2615 5066 ἀφανισθήσονται
2641 4997 2816 5066 ἕτεροι
2848 4996 3049 5059 πολλοὶ,
3073 4996 3217 5064 λέγει
3246 4997 3466 5068 Κύριος.
3495 5019 3512 5049 ι
3553 5000 3742 5055 Ταῦτα

2155 5092 2240 5162 δὴ,
2272 5092 2454 5160 φησὶν,
2479 5091 2824 5145 ἀκουέτωσαν
2858 5091 3092 5161 μάλιστα
3125 5091 3339 5146 πάντων
3363 5095 3410 5145 oi
3437 5092 3534 5163 τὴν
3564 5096 3738 5164 ἀσεϐῆ

2156 5184 2267 5246 τοῖς
2295 5181 2530 5245 εἰδώλοις
2558 5181 2892 5253 πληροῦντες
2927 5182 3231 5252 ἱερατείαν·
3263 5182 3338 5246 ὡς
3386 5183 3450 5236 ἂν
3491 5184 3742 5237 ἐντεῦθεν

2158 5272 2256 5343 ήδη
2310 5272 2528 5342 μάθοιεν
2579 5273 2660 5326 ὅτι
2685 5273 2832 5325 ὁπότ’
2876 5273 2942 5326 ἂν
2993 5272 3148 5337 δίκας
3199 5275 3592 5344 είσπράττηται
3643 5277 3741 5346 τῆς

2156 5362 2408 5427 ἀσεϐείας
2446 5365 2536 5416 τὸν
2560 5363 2685 5418 λαὸν
2716 5366 2744 5417 6
2771 5363 2924 5428 Θεὸς,
2959 5365 3053 5418 καὶ
3082 5367 3150 5420 τὰ
3175 5367 3536 5439 θυσιαστήρια
3566 5370 3743 5423 πάντα

2157 5456 2642 5525 κατασκαφήσεται
2667 5455 2918 5520 εἰδώλων,
2955 5455 3113 5528 ἔργον
3135 5457 3227 5510 τοῦ
3259 5459 3493 5530 πολέμου
3525 5462 3743 5532 γινόμε-

2156 5563 2223 5600 να
2249 5563 2261 5576 ·
2294 5546 2356 5598 τὸ
2393 5546 2500 5617 γὰρ
2525 5546 2725 5617 Βαιθὴλ
2754 5547 2861 5600 ἀπὸ
2892 5549 3092 5620 μέρους
3123 5551 3398 5623 ἠϐουλήθη
3438 5554 3505 5607 τά
3547 5554 3744 5608 stadia.

2157 5633 2426 5689 εἰπεῖν·’τὸ
2455 5635 2530 5698 δὲ,
2558 5655 2574 5686 ι
2607 5638 3104 5708 Κατασκαφήσεται
3126 5640 3190 5694 τὰ
3213 5642 3416 5713 κέρατα
3437 5643 3532 5696 τοῦ
3559 5646 3750 5698 θυσια-

2159 5727 2403 5798 στηρίου,
2430 5729 2521 5779 καὶ
2563 5731 2809 5780 πεσεῖται
2843 5715 2955 5780 ἐπί
2977 5729 3072 5798 τὴν
3099 5731 3224 5799 γῆν,
3257 5751 3274 5783 ›
3308 5731 3395 5786 ἵνα
3423 5735 3503 5785 ὅτι
3548 5735 3654 5786 πᾶν
3684 5733 3745 5783 τὸ

2163 5818 2387 5889 μέγεθος
2417 5818 2614 5887 αὐτῶν,
2652 5820 2744 5872 καὶ
2790 5821 2938 5873 πᾶσα
2980 5823 3011 5889 ἡ
3054 5823 3378 5894 περιφάνεια
3412 5825 3476 5895 ἢν
3510 5820 3652 5896 εἶχον
3679 5827 3746 5879 ἐκ
