4102 6456
278 393 401 454 ses
1402 371 1945 447 COMMENTARIUS

2044 373 2054 426 I
2096 370 2307 427 Αειοει
2346 369 2500 426 CAP.
2544 366 2627 426 IV.
3467 367 3572 424 εδδ

278 511 355 566 ὲκ
383 508 488 580 τῆς
507 505 616 560 τῶν
642 500 856 565 ἀσεϐῶς
886 494 1297 569 θρησκευόντων
1336 493 1518 555 αὐτοῖς
1548 486 1885 560 ἐπιμελείας,
1917 493 1945 550 Α

2044 504 2058 541 ι
2107 485 2271 540 domo
2320 484 2564 553 loquitur
2615 481 2854 553 undique
2920 482 3284 552 circumsepta
3349 489 3575 551 propter

281 571 727 670 ἀφανίσθήσεται
759 589 1059 653 παντελῶς.
1089 588 1196 642 Καὶ
1217 584 1325 656 γὰρ
1353 584 1418 655 δὴ
1448 582 1686 645 καὶτοὺς
1712 580 1894 643 οἴκους

2047 576 2216 648 igoris
2244 583 2527 630 externam
2565 573 2696 628 vim.
2746 572 2872 628 Vult
2906 580 3085 629 autem
3134 573 3337 638 dicere,
3369 571 3574 642 ubique

280 665 481 746 αῦτῶν
507 665 743 750 καθελῶ,
799 684 985 754 φησιν,
1020 682 1085 733 ἐκ
1130 674 1348 749 βάθρων
1371 692 1383 705 ·
1420 674 1753 744 περίπτερον
1793 672 1892 741 μὲν

2044 686 2055 725 :
2089 669 2477 724 demoliturum
2509 667 2725 733 domos,
2758 665 2833 720 ita
2862 674 2922 720 ut
2949 682 3127 736 neque
3154 666 3353 722 aestiva:
3391 674 3576 737 partes

283 784 405 854 γάρ
438 781 589 850 λέγει
618 779 711 832 τὸν
743 775 1076 850 χειμερινὸν,
1120 775 1196 843 (p.
1230 769 1354 841 166)
1383 770 1460 832 ὡς
1494 766 1892 839 περιϐεϐλημέ-

2044 765 2213 817 larum
2241 771 2582 828 remaneant,
2620 774 2799 831 neque
2829 759 3111 815 hiemales.
3136 757 3248 813 lmo
3273 758 3437 815 etiam
3474 772 3577 811 no-

284 849 386 931 νον
418 849 762 944 πανταχόθεν
800 869 889 923 διὰ
916 868 1014 938 τὴν
1045 865 1139 920 τοῦ
1171 863 1370 935 κρύους
1394 860 1722 933 προσϐολήν.
1758 858 1892 912 Βού-

2044 855 2216 910 liores
2251 852 2393 925 apud
2423 867 2518 908 eos
2559 853 2704 908 mdes
2730 865 2958 923 prorsus
2985 850 3262 906 destruam
3292 867 3307 919 ;
3340 849 3394 905 id
3427 850 3577 905 enim

285 968 456 1021 λεται
484 966 543 1020 δὲ
571 966 769 1028 εἰπεῖν,
797 963 882 1017 ὅτι
911 961 1125 1023 Πάντας
1153 954 1488 1026 πανταχόθεν
1522 952 1735 1024 ἀφανιῶ
1764 952 1892 1016 τοὺς

2044 948 2180 1003 ιηιιίι
2210 946 2538 1002 vocabulum
2573 946 2867 1012 eburneae;
2911 958 3034 1015 quae
3063 944 3194 999 item
3226 944 3414 1000 multis
3452 961 3580 1001 cum

276 1054 523 1117 -οῐκουςο
561 1052 639 1116 ὡς
667 1053 743 1123 μὴ
776 1049 1024 1122 θερινῶν,
1065 1047 1139 1118 μὴ
1169 1043 1497 1117 χειμερινῶν
1526 1044 1689 1115 μέρος
1712 1044 1771 1097 ὲν
1797 1042 1894 1098 αὒ-

2044 1039 2126 1093 liis
2178 1044 2461 1102 corruent,
2507 1052 2574 1093 eo
2619 1036 2764 1106 quod
2813 1052 2985 1092 unum
3041 1037 3304 1096 adversus
3353 1049 3583 1097 cunctas

286 1146 414 1208 τοῖς
451 1141 870 1214 περιλειφθῆναι
888 1158 905 1173 ο
944 1140 1040 1194 καὶ
1069 1140 1195 1202 τοὺς
1230 1134 1508 1200 ἐπιδόξους
1538 1134 1596 1189 δὲ
1626 1135 1685 1189 ὲν
1713 1134 1897 1196 αὐτοῖς

2044 1139 2281 1186 ecretum
2320 1126 2415 1185 Dei
2454 1131 2621 1183 latum
2652 1129 2745 1185 sit.

287 1241 411 1295 τῶν
454 1242 621 1295 οἰκων
662 1238 944 1303 παντελῶς
980 1236 1215 1308 ἀφανιῶ,
1257 1237 1416 1291 τοῦτο
1452 1235 1561 1308 γὰρ
1602 1233 1752 1301 λέγει
1798 1230 1924 1294 τοὺς
1962 1227 2358 1298 ἐλεφαντίνους,
2395 1226 2444 1279 οἳ
2474 1228 2608 1298 μετά
2657 1226 2867 1281 πολλῶν
2904 1227 3106 1298 ἐτέρων
3138 1230 3446 1293 πεσοῦνται,
3488 1229 3584 1283 ars

292 1335 440 1406 μιᾶς
477 1332 806 1403 ἀποφάσεως
830 1330 974 1386 κατά
1009 1331 1224 1385 πάντων
1248 1327 1625 1403 ἐκφερομένης
1659 1324 1765 1379 ὑπὸ
1791 1320 1884 1376 τοῦ
1911 1318 2067 1374 Θεοῦ.

965 1428 1123 1482 ΚΕΦ·
1164 1434 1239 1480 Δό
2465 1442 2468 1444 ⁷
2650 1436 2801 1494 CAP.
2846 1437 2937 1493 ιν.

375 1522 533 1593 Στίχ.
561 1526 712 1589 αὀγ’.
736 1550 804 1562 -
834 1538 854 1572 ι
880 1520 1176 1574 ’Δκούσατε
1200 1519 1291 1573 τὸν
1316 1519 1472 1589 λόγον
1496 1516 1707 1582 τοῦτον,
1726 1516 1904 1589 δαμάο

2074 1527 2241 1588 Vsus.
2284 1530 2660 1602 l—S.——110.
2700 1550 2720 1584 ι
2760 1530 2962 1587 Audite
2986 1530 3211 1587 verbum
3249 1530 3373 1596 hoc,
3412 1547 3590 1588 vacca:

296 1617 422 1680 λεις
454 1614 558 1686 τῆς
589 1613 962 1679 Βασανίτιδος,
998 1614 1056 1667 αἰ
1095 1615 1189 1667 ἐπὶ
1215 1612 1294 1684 τῷ
1320 1612 1438 1686 δρει
1464 1612 1796 1685 Σαμαρείας,
1847 1613 1902 1665 αἰ

2045 1623 2352 1691 asanitidis,
2405 1638 2528 1694 qua:
2581 1622 2719 1679 estis
2773 1623 2828 1677 in
2881 1630 3072 1679 monte
3124 1622 3412 1689 Samariae,
3465 1642 3592 1697 quae

298 1706 888 1763 καταδυναστεύουσαι
919 1707 1190 1778 πτωχοὺς,
1238 1706 1333 1761 καί
1365 1704 1776 1761 καταπατοῦσαι
1808 1704 1904 1758 πέ-

2044 1718 2310 1790 pprimitis
2364 1731 2652 1789 pauperes,
2709 1726 2764 1773 et
2817 1718 3155 1775 conculcatis
3190 1732 3415 1791 egenos,
3468 1734 3594 1790 qua:

296 1820 505 1874 νητας,
540 1801 637 1856 καὶ
665 1800 918 1870 λέγουσαι
966 1804 1081 1865 τοῖς
1128 1800 1340 1873 κυρίοις
1384 1799 1612 1854 ἑαυτῶν*
1660 1797 1945 1875 Ἐπίδοτε]

2046 1811 2193 1867 icitis
2243 1809 2483 1866 dominis
2508 1808 2740 1867 vestris:
2776 1808 2911 1866 Date
2951 1810 3112 1866 nobis
3155 1817 3217 1866 ut
3258 1809 3531 1867 bibamus.
3568 1829 3589 1864 ο

298 1898 448 1967 ἡμῖν
480 1895 630 1959 ὅπως
662 1894 897 1965 πίωμεν.
917 1913 937 1948 ι
985 1893 1265 1949 Ἐντεῦθεν
1295 1894 1486 1967 τρέπει
1513 1893 1651 1967 πρὸς
1678 1892 1779 1957 τάς
1807 1909 1905 1961 γυ-

2044 1901 2222 1958 .bhinc
2284 1899 2353 1955 ad
2409 1899 2667 1955 mulieres
2728 1900 3004 1956 convertit
3067 1914 3413 1969 sermonem,
3473 1916 3597 1972 quae

300 1991 514 2052 ναῖκας
541 1988 635 2042 τὸν
662 1987 840 2057 λόγον,
864 1987 920 2041 αἳ
952 1987 1091 2060 πρὸς
1120 1987 1402 2060 ἄπρακτον
1429 1987 1523 2042 καὶ
1555 1988 1905 2060 ὑπερήφανον

2044 1993 2175 2049 uerti
2204 2005 2270 2047 ac
2301 1991 2539 2062 superbo
2567 1990 2694 2046 vita:
2738 1991 2927 2062 generi
2975 1990 3221 2056 intentae,
3260 1992 3597 2064 pauperibus

296 2081 582 2136 νεύσασαι
621 2080 755 2151 βίον,
782 2079 911 2145 τούς
932 2097 990 2133 τε
1011 2080 1250 2153 πένητας
1270 2080 1492 2151 ἠδίκουν
1515 2080 1582 2134 ὲκ
1611 2081 1710 2150 τῆς
1747 2094 1905 2149 περι-

2044 2084 2247 2155 njurias
2280 2083 2556 2141 faciebant
2581 2082 2939 2155 prapotentia
2970 2097 3091 2138 sua.
3121 2082 3240 2139 Tali
3263 2099 3417 2141 more
3440 2092 3599 2141 uten-

298 2172 489 2244 ούσης
509 2171 860 2235 δυναστείας’
888 2170 1065 2243 τούτῳ
1092 2171 1555 2243 συγκεχρημέναι,
1596 2170 1691 2225 καὶ⁵
1716 2169 1780 2242 δὴ
1814 2171 1908 2224 καὶ

303 2266 696 2337 κατάρχουσαι
724 2264 836 2319 τῶν
860 2264 1068 2336 ἀνδρῶν
1098 2264 1210 2320 τῶν
1233 2264 1470 2331 οἰκείων,
1497 2267 1577 2331 εἰς
1609 2264 1910 2335 ὑπουργίαν

300 2360 589 2432 ἀπρεπῶν
619 2358 863 2430 ἐχρῶντο
889 2359 1232 2429 πραγμάτων
1255 2376 1269 2391 ·
1298 2353 1410 2413 οἷόν
1435 2376 1487 2412 τι
1510 2358 1604 2413 καί⁸
1632 2357 1785 2430 παρά
1816 2358 1914 2429 τῆς

321 2449 579 2515 Ἰεζάϐελ
624 2448 877 2518 ἐφαίνετο
924 2449 1162 2517 γεγονὸς,
1211 2449 1301 2503 ὅτε
1347 2451 1376 2503 ό
1428 2449 1527 2520 μὲν
1571 2446 1776 2519 Ἀχαάϐ
1816 2447 1914 2518 τὴν

309 2544 650 2616 ἀντίρρησιν
703 2541 905 2612 ᾐδέσθη
936 2540 1026 2594 τοῦ
1059 2540 1341 2594 Ναϐουθαί
1382 2539 1599 2594 δικαίαν
1623 2533 1787 2593 οὖσαν
1814 2556 1825 2569 ·
1880 2541 1913 2608 ὴ

307 2638 375 2692 δὲ
436 2635 624 2708 μιαρῷ
652 2634 747 2688 καί
799 2632 1007 2688 ἀναιδεῖ
1030 2633 1125 2687 καὶ
1171 2632 1378 2705 φονικῷ
1408 2633 1595 2704 τρόπῳ
1636 2633 1917 2704 χριομένη,

2013 2185 2121 2242 tes,
2145 2182 2202 2234 et
2231 2174 2367 2231 viris
2389 2172 2507 2231 suis
2533 2173 2698 2229 etiam
2720 2171 3086 2239 dominantes,
3115 2171 3203 2228 his
3233 2171 3600 2228 abutebantur

2015 2271 2083 2326 ad
2110 2269 2333 2340 indigna
2379 2264 2645 2339 patranda
2685 2263 3084 2321 auxiliaribus:
3133 2264 3281 2335 quod
3328 2262 3531 2319 factum
3567 2279 3602 2317 a

2013 2361 2266 2420 Jezabele
2294 2359 2570 2432 apparuit,
2618 2372 2745 2414 cum
2770 2357 3063 2414 Achaabus
3108 2355 3601 2413 contradictionem

2017 2454 2293 2511 reveritus
2325 2460 2431 2521 est,
2479 2459 2664 2522 utpote
2686 2450 2916 2522 justam,
2947 2448 3218 2507 Nabutbis
3245 2467 3260 2518 ;
3297 2449 3388 2505 illa
3422 2456 3605 2504 autem

2020 2545 2255 2602 scelesto
2288 2553 2342 2600 et
2376 2542 2693 2613 impudente
2734 2548 3076 2612 cruentaque
3116 2540 3281 2598 modo
3311 2549 3491 2607 utens,
3538 2557 3608 2596 ne

2021 2636 2273 2694 occidere
2315 2634 2534 2706 quidem
2580 2633 2851 2689 dubitavit
2896 2628 3227 2698 Nabuthem,
3273 2641 3333 2687 ut
3375 2633 3496 2704 ejus
3526 2639 3608 2687 vi-

309 2730 449 2785 οὺδὲ
491 2727 952 2797 ἀνελεῖνῶκνησε
982 2725 1073 2779 τὸν
1100 2725 1403 2791 Ναϐουθαὶ,
1436 2726 1512 2789 ὡς
1554 2724 1622 2780 ἂν
1670 2725 1920 2795 ἀφέλοιτο

2044 2746 2183 2788 team
2225 2733 2537 2799 usurparet,
2573 2741 2738 2797 quam
2779 2725 2870 2781 ille
2899 2740 3055 2797 aequa
3087 2724 3156 2780 de
3199 2738 3368 2782 causa
3410 2740 3612 2781 conce-

312 2820 499 2877 αὐτοῦ
527 2821 620 2874 τὸν
649 2819 970 2892 ἀμπελῶνα,
998 2819 1059 2873 ὃν
1088 2819 1259 2873 εἰκότι
1288 2817 1432 2889 λόγῳ
1463 2818 1662 2873 διδόναι
1695 2818 1794 2871 οὐκ
1821 2818 1918 2887 ὴν-

2044 2825 2156 2881 lere
2184 2831 2559 2880 recusaverat.
2591 2818 2766 2876 Vocat
2816 2828 3000 2877 autem
3040 2819 3189 2892 ipsas
3219 2836 3416 2876 vaccas
3447 2820 3612 2876 Βεεθ-

312 2916 510 2986 είχετο
533 2931 550 2948 ·
564 2912 721 2967 καλεῖ
743 2912 802 2967 δὲ
826 2911 999 2976 αὺτάς
1026 2911 1287 2984 δαμάλεις
1317 2912 1414 2983 μὲν
1431 2911 1529 2983 τῆς
1551 2910 1917 2977 Βασανίτιδος,

2044 2917 2239 2981 nitidis,
2280 2916 2408 2987 quia
2433 2915 2644 2972 feroces
2677 2912 2972 2968 admodum
3001 2927 3265 2985 saevaque
3293 2913 3612 2969 nutrieban—

313 3007 406 3068 ὼς
434 3004 507 3058 ἂν
560 3003 770 3076 ἀγρίων
822 3003 1057 3075 μάλιστα
1089 3005 1185 3057 καὶ
1214 3004 1503 3075 ἀνημέρων
1531 3003 1707 3058 οὐσῶν
1732 3003 1843 3057 τῶν
1868 3005 1927 3058 ἐν

2044 3023 2121 3062 μιιιε
2176 3006 2271 3063 illo
2324 3004 2381 3061 in
2439 3005 2563 3062 loco
2608 3018 2807 3058 vaccae.
2857 3000 2976 3057 lam
3024 3012 3315 3075 postquam
3364 3003 3497 3057 dixit
3546 3004 3614 3059 de

314 3095 532 3166 ἐκείνῳ
575 3094 653 3166 τῷ
695 3094 848 3167 τόπῳ
885 3095 1237 3167 τρεφομένων
1292 3095 1578 3166 δαμάλεων
1606 3112 1619 3126 ο
1678 3097 1754 3166 (p.
1804 3096 1926 3165 167)

2044 3097 2324 3168 iniquitate
2391 3110 2521 3168 erga
2582 3110 2891 3166 pauperes.
2969 3094 3157 3150 addit:
3234 3092 3367 3159 Quae
3426 3095 3617 3150 dicunt

321 3188 579 3262 εἰρηκὼς
605 3188 665 3242 δὲ
694 3187 794 3259 τὴν
832 3189 913 3252 εἰς
940 3190 1067 3252 τοὺς
1096 3189 1337 3256 πένητας
1366 3187 1548 3242 αὐτῶν
1574 3187 1804 3250 ἀδικίαν,
1830 3191 1927 3242 ὲπ-

2044 3190 2271 3246 lominis
2308 3189 2449 3255 suis,
2507 3186 2639 3244 Date
2675 3187 2835 3242 nobis
2888 3193 2950 3240 ut
2994 3185 3248 3242 bibamus
3287 3203 3522 3257 :nempe
3559 3197 3618 3241 ut

323 3285 518 3353 ήγαγε
550 3280 635 3345 τὺ,
682 3281 753 3334 Δί
784 3281 1041 3350 λέγουσαι
1092 3283 1208 3344 τοῖς
1264 3281 1476 3351 κυρίοις
1514 3280 1749 3354 ἑαυτῶν,
1784 3279 1934 3333 Ἐπί-

2044 3280 2323 3353 signiﬁcet,
2358 3280 2482 3336 illas
2510 3294 2579 3335 ne
2620 3279 2756 3333 viris
2790 3277 3011 3349 quidem
3043 3278 3182 3343 suis,
3232 3292 3374 3349 quos
3423 3288 3480 3333 ut
3531 3295 3621 3334 rc»

322 3374 464 3426 δοτε
517 3373 652 3443 ἡμῖν
687 3373 838 3437 ὃπως
869 3373 1086 3444 πίωμεν
1104 3387 1118 3401 ’
1146 3374 1235 3427 ἵνα
1261 3373 1392 3445 εἴπῃ
1417 3373 1501 3426 ὅτι
1531 3372 1650 3427 οὐδὲ
1674 3374 1785 3435 τοῖς
1816 3372 1937 3425 έαυ-

2044 3382 2221 3430 stores
2254 3372 2495 3429 revereri
2518 3379 2730 3426 natura:
2761 3372 2878 3442 lege
2913 3370 3225 3440 oportebat,
3259 3370 3619 3426 verecundari

324 3462 449 3516 τῶν
496 3461 784 3533 ἀνδράσιν,
812 3460 935 3539 ,οὒς
976 3463 1142 3534 ἐχρῆν
1189 3463 1265 3526 ὡς
1298 3460 1634 3532 ἡγουμένους
1671 3460 1937 3514 αἰδεῖσθαι

2044 3464 2104 3519 ad
2139 3464 2412 3519 luxuriam
2444 3476 2600 3519 suam
2636 3462 2824 3517 abuti:
2866 3462 2977 3518 illis
3021 3462 3415 3533 propemodum
3452 3464 3624 3532 impe-

327 3554 429 3608 διὰ
458 3554 563 3625 τὴν
596 3553 699 3625 τῆς
728 3553 947 3623 φύσεως
977 3554 1152 3619 τάξιν,
1183 3553 1440 3607 όκνοῦσαι
1474 3551 1610 3625 πρὸς
1648 3550 1748 3623 τὴν
1779 3549 1938 3604 ἀσέλ-

330 3662 499 3715 γειαν
516 3644 619 3715 τὴν
639 3646 849 3699 ἑαυτῶν
870 3646 1279 3716 ἀποκεχρῆσθαι
1294 3663 1309 3679 ο
1337 3646 1496 3717 μόνον
1517 3645 1574 3698 δὲ
1589 3643 1689 3698 οὐκ
1718 3634 1940 3698 ἐπιτάτ-

330 3754 536 3790 τουσαι
552 3736 735 3800 αὐτοῖς
757 3736 972 3791 ἅπαντα
993 3740 1165 3790 ποιεῖν
1182 3738 1462 3807 ὁπόσοιπερ
1483 3735 1549 3790 ἂν
1576 3735 1710 3808 πρὸς
1729 3735 1829 3807 τὴν
1850 3736 1943 3791 αὑ-

330 3829 455 3883 τῶν
470 3829 766 3898 ἀσέλγειαν
788 3832 1044 3900 συνεργῇ.
1062 3824 1265 3892 Τίοῦν;
1296 3848 1313 3879 ι
1338 3827 1556 3899 Ὀμνύει
1582 3828 1784 3901 Κύριος
1800 3828 1943 3883 κατὰ

332 3917 455 3971 τῶν
486 3919 660 3987 ἁγίων
687 3918 854 3972 αὐτοῦ
879 3958 894 3982 ,
949 3917 1084 3971 διότι
1126 3919 1332 3989 ἡμέραι
1364 3918 1612 3989 ἔρχονται
1654 3916 1740 3986 ἐφ’
1775 3918 1943 3989 ὑμᾶς,

336 4012 443 4066 καὶ
471 4011 740 4083 λήψονται
774 4012 920 4082 ὑμᾶς
953 4012 1011 4062 ἐν
1056 4011 1242 4074 ὅπλοις
1263 4025 1277 4039 ⁸
1341 4011 1432 4063 καί
1459 4010 1581 4074 τοὺς
1630 4009 1751 4079 μεθ’
1792 4009 1945 4080 ὑμῶν

337 4109 428 4169 εἰς
451 4103 692 4175 λέϐητας
716 4105 1150 4176 ὐποκαιομένους
1176 4103 1476 4173 ἐμϐαλοῦσι
1494 4120 1508 4133 '
1538 4103 1633 4156 καί
1661 4104 1946 4176 ἐξενεχθή-

343 4199 514 4255 σεσθε
555 4200 780 4270 γυμνοὶ,
822 4200 958 4270 γυνὴ
992 4200 1087 4253 καὶ
1124 4200 1153 4251 ὁ
1180 4198 1322 4269 ἀνὴρ
1369 4197 1631 4254 ἀπέναντι
1664 4199 1943 4271 ἀλλήλων

343 4292 447 4346 καὶ
487 4290 939 4363 ἀπορῤιφήσεσθε
987 4292 1069 4355 εἰς
1095 4291 1155 4345 τὸ
1181 4290 1306 4361 δρος
1340 4290 1607 4361 Ἀρμανά,
1652 4290 1801 4360 λέγει
1835 4291 1949 4345 Κύ-

348 4399 487 4455 ριος.
519 4402 539 4437 ι
597 4384 962 4455 Ἀπεφήνατο,
994 4385 1177 4454 φησὶν,
1207 4385 1235 4436 ό
1264 4383 1416 4447 Θεὸς,
1448 4382 1484 4437 δι
1548 4383 1682 4454 μηδὲ
1715 4383 1949 4455 μεταϐο-

346 4476 452 4549 λὴν
479 4476 712 4530 δυνατὸν
754 4475 1012 4542 δέξασθαι
1041 4494 1053 4507 ·
1095 4474 1254 4529 τοῦτο
1285 4475 1393 4547 γάρ
1430 4475 1491 4529 τὸ
1521 4475 1728 4545 ὀμνύει
1765 4475 1943 4546 δηλοί“

2036 3563 2227 3612 rantes
2255 3554 2441 3610 omnia
2463 3553 2644 3609 facere
2671 3568 2793 3623 quae
2819 3551 3061 3624 ipsarum
3093 3552 3307 3608 libidini
3345 3552 3619 3608 favebant.

2040 3649 2185 3717 Quid
2211 3649 2401 3720 igitur?
2423 3666 2441 3699 ι
2487 3645 2647 3703 Jurat
2668 3645 2929 3703 Dominus
2947 3661 3043 3717 per
3065 3654 3288 3701 sanctos
3306 3660 3458 3712 suos,
3490 3661 3629 3716 quo-
3692 3705 3695 3709 _

2043 3742 2189 3798 niam
2225 3740 2344 3796 dies
2366 3740 2593 3795 veniunt
2614 3752 2781 3808 super
2797 3749 2919 3802 vos,
2935 3746 2990 3791 et
3012 3735 3205 3791 tollent
3223 3750 3320 3791 vos
3351 3734 3407 3790 in
3429 3735 3620 3800 armis,

2043 3842 2100 3890 et
2113 3848 2209 3889 eos
2225 3831 2316 3903 qui
2333 3831 2617 3887 vobiscum
2642 3835 2771 3884 sunt
2792 3828 2847 3884 in
2869 3827 3006 3884 ollas
3021 3841 3320 3884 succensas
3345 3826 3624 3897 injicient:

2045 3934 2100 3982 et
2126 3923 2426 3996 ejiciemini
2446 3922 2599 3988 nudi,
2617 3922 2813 3977 mulier
2830 3928 2994 3992 atque
3014 3920 3116 3986 vir,
3139 3934 3326 3975 coram
3350 3919 3582 3976 invicem
3611 3939 3629 3990 ;

2044 4028 2099 4073 et
2127 4013 2495 4088 projiciemini
2533 4016 2588 4069 in
2621 4021 2860 4070 montem
2892 4010 3214 4077 Armanam,
3262 4010 3397 4067 dicit
3445 4011 3631 4068 Domi-

2045 4125 2173 4165 nus.
2209 4127 2228 4161 ι
2265 4102 2517 4163 Decrevit
2568 4104 2835 4162 Dominus
2904 4119 3018 4161 rem
3085 4119 3208 4175 qua:
3264 4104 3466 4158 mutari
3524 4118 3632 4158 non

2026 4208 2224 4274 'potest
2250 4218 2265 4253 :
2288 4200 2392 4256 hoc
2412 4199 2559 4257 enim
2590 4199 2814 4255 denotat
2841 4196 3070 4253 verbum
3103 4195 3281 4266 «jurat
3311 4212 3326 4260 ;
3359 4213 3379 4249 ο
3420 4207 3635 4266 tempus

2050 4293 2241 4349 adfore
2287 4308 2398 4364 quo
2448 4291 2518 4347 de
2565 4290 2655 4347 his
2707 4304 2903 4361 poenas
2953 4288 3193 4344 dabitis:
3245 4289 3637 4358 supervenient

2050 4383 2197 4438 enim
2223 4382 2379 4437 vobis
2413 4380 2623 4445 hostes,
2656 4381 2748 4448 qui
2797 4393 2893 4432 vos
2933 4376 3244 4447 captivatos
3278 4375 3638 4433 intolerandis

2059 4471 2215 4543 ιιι
2249 4471 2500 4527 irretient
2547 4469 2750 4524 malis:
2800 4468 2925 4538 quia
2959 4482 3156 4537 nempe
3199 4468 3419 4524 cunctis
3468 4468 3640 4523 simul

349 4537 434 4623 ὅτι
458 4569 738 4641 παρέσται
766 4568 959 4640 καιρὸς
996 4568 1053 4622 ἐν
1082 4560 1126 4636 ᾧ
1154 4537 1375 4622 τούτων.
1394 4566 1596 4621 δώσετε
1618 4566 1774 4630 δίκας
1792 4537 1945 4620 σ’ὲπ-

2055 4567 2274 4637 spoliati
2309 4565 2493 4632 bonis,
2518 4578 2644 4620 cum
2678 4563 2826 4633 pravi
2854 4563 3024 4618 moris
3052 4561 3398 4626 mulieribus,
3432 4569 3489 4617 et
3514 4578 3637 4618 cum

352 4660 675 4716 ελεύσονται
719 4661 829 4732 γὰρ
876 4661 1005 4731 ὑμῖν
1059 4659 1340 4731 πολέμιοι,
1396 4659 1445 4713 οἳ
1498 4658 1753 4724 λαϐόντες
1810 4661 1956 4733 ὑμᾶς

350 4750 765 4823 αἰχμαλώτους,
781 4752 1106 4824 ἀνηκέστοις
1118 4749 1414 4820 ἐμϐαλοῦσι
1432 4752 1641 4814 κακοῖς,
1655 4750 1798 4805 ὥστε
1816 4750 1958 4806 κατὰ

355 4843 557 4899 ταυτὸν
590 4842 814 4898 πάντων
859 4841 968 4896 τῶν
1006 4840 1303 4912 περιόντων
1344 4840 1441 4893 νῦν
1472 4841 1694 4910 ἀγαθῶν
1734 4858 1957 4913 γυμνω-

358 4936 576 5002 θέντας,
617 4934 756 5005 ὁμοῦ
780 4936 881 4999 τάς
905 4950 967 4986 τε
999 4929 1226 4986 τοιαῦτα
1253 4929 1632 5003 ὲργαζομὲνας
1669 4936 1955 5002 γυναῖκας,

2055 4656 2530 4715 subservientibus
2581 4655 2647 4710 ad
2703 4652 3045 4725 peccandum
3096 4653 3269 4722 viris,
3319 4654 3522 4725 captivi
3574 4653 3643 4708 ad

2053 4751 2407 4823 Assyriorum
2449 4748 2727 4820 regionem
2793 4745 3092 4802 ducemini.
3157 4745 3455 4801 Armanam
3516 4761 3646 4802 vero

2056 4843 2192 4900 dicit
2245 4848 2487 4899 montem
2542 4839 2956 4905 Armeniorum,
3010 4839 3106 4912 qui
3144 4846 3279 4897 tunc
3334 4839 3389 4895 in
3438 4839 3647 4897 ditiono

2058 4934 2409 5007 Assyriorum
2444 4943 2583 4991 erat.

358 5031 456 5086 καὶ
494 5030 626 5093 τοὺς
664 5027 1142 5099 ὑπηρετουμένους
1184 5024 1374 5087 αὐταῖς
1412 5024 1548 5096 πρὸς
1580 5025 1649 5079 τὰ
1710 5027 1928 5080 τοιαῦτα
1966 5027 2167 5100 ἄνδρας
2204 5028 2585 5101 αἰχμαλώτους
2628 5030 2722 5083 ἐπὶ
2752 5029 2851 5102 τὴν
2878 5026 2988 5083 τῶν
3003 5029 3305 5102 Ἀσσυρίων
3337 5027 3650 5099 ἀπαχθῆναι

356 5122 572 5195 χώραν.
649 5118 899 5191 Ἅρμανά
956 5118 1067 5189 γάρ
1104 5115 1167 5169 τὸ
1217 5116 1517 5188 Ἀρμενίων
1556 5117 1681 5188 όρος
1733 5119 1908 5186 καλεῖ,
1947 5117 2210 5193 (p.168)
2252 5123 2391 5193 ὅπερ
2446 5120 2553 5176 ὑπὸ
2585 5121 2686 5193 τὴν
2744 5120 3050 5194 Ἀσσυρίων
3111 5119 3173 5176 ὃν
3211 5118 3477 5191 ἐτύγχανε
3526 5119 3652 5174 τότε

354 5213 663 5289 βασιλείαν.

430 5306 586 5377 Στῑχ.
621 5305 774 5369 δ”ς¹.
803 5334 873 5346 --
910 5322 931 5355 ι
968 5301 1261 5374 Εἰσήλθετε
1291 5303 1372 5365 εἰς
1401 5301 1624 5373 Βαιθὴλ,
1649 5306 1743 5358 καί
1768 5306 1969 5378 ὴνομή-

359 5413 527 5453 σατε·
559 5395 658 5450 καὶ
698 5396 779 5458 εἰς
804 5393 1080 5462 Γάλγαλα,
1126 5394 1221 5447 καὶ
1250 5391 1592 5464 ὲπληθῦνατε
1636 5394 1732 5446 τοῦ
1769 5395 1970 5467 ἀσεϐῆ-

360 5506 455 5543 σαι
482 5502 495 5515 ‘
537 5487 636 5541 καὶ
687 5487 960 5555 ἠνέγκατε
1014 5484 1159 5555 πρωϊ
1191 5484 1381 5549 θυσίας
1415 5484 1593 5555 ὑμῶν.
1625 5487 1719 5540 καί
1763 5489 1844 5552 εἰς
1871 5487 1970 5559 τὴν

357 5578 700 5651 τριημερίαν
727 5575 796 5631 τὰ
826 5574 1120 5631 ἑπιδέκατα
1160 5574 1314 5646 ὑμῶν
1339 5592 1352 5605 ο
1392 5575 1484 5629 καὶ
1516 5574 1828 5644 ἀνέγνωσαν
1867 5578 1971 5644 ἔξω

359 5672 554 5743 νόμον,
588 5669 684 5725 καὶ
724 5668 1128 5723 ἐπεκαλέσαντο
1160 5667 1465 5738 ὁμολογίαν.
1507 5686 1524 5717 ι
1573 5666 1835 5722 Ἐνταῦθα
1874 5672 1969 5724 καὶ

364 5763 501 5833 περὶ
526 5761 598 5814 τὰ
631 5759 830 5815 εἴδωλα
861 5760 1047 5822 αὐτοῖς
1081 5757 1320 5828 σπουδὴν
1358 5755 1603 5822 ὀνειδίζει
1628 5772 1641 5785 ⁶
1678 5757 1834 5812 τοῦτο
1861 5758 1970 5831 γάρ

366 5854 524 5923 λέγει
554 5852 635 5918 τὸ,
675 5872 692 5903 ι
724 5853 819 5917 Εἰς
852 5850 1059 5920 Βαιθὴλ
1082 5850 1175 5902 καὶ
1213 5852 1291 5913 εἰς
1318 5849 1564 5917 Γάλγαλα
1601 5847 1875 5919 εἰσήλθετε
1896 5868 1909 5882 ο
1948 5870 1967 5903 ι

677 5948 954 6009 Parnm.
991 5946 1109 6006 Gn.
1162 5945 1385 6005 LXVI.

2141 5300 2307 5359 Vsus.
2346 5299 2569 5356 4ι6.-ι
2607 5299 2881 5358 lntroistis
2916 5302 2970 5357 in
3018 5299 3229 5367 Bethel,
3263 5306 3318 5355 et
3341 5299 3506 5369 impie
3535 5301 3655 5371 egi-

2046 5395 2207 5471 ,stis:
2244 5394 2301 5449 in
2332 5392 2579 5465 Galgala,
2617 5403 2672 5451 et
2691 5395 3102 5467 multiplicastis
3122 5391 3657 5464 praevaricationem.

2049 5472 2348 5542 'Attulistis
2379 5501 2541 5543 mane
2567 5487 2823 5544 victimas
2854 5495 3094 5554 vestras,
3124 5486 3181 5542 in
3214 5485 3461 5542 triduum
3502 5486 3657 5543 deci-

2071 5592 2192 5633 mas
2213 5586 2448 5634 vestras.
2482 5576 2548 5632 Et
2577 5578 2829 5649 legerunt
2864 5576 3073 5635 deforis
3097 5578 3295 5650 legem,
3335 5586 3391 5635 et
3425 5578 3658 5634 invoca-

2077 5676 2273 5725 verunt
2302 5666 2728 5726 confessionem.
2768 5688 2786 5722 ι
2828 5667 2942 5725 Hoc
2983 5670 3104 5726 loco
3147 5669 3495 5727 sedulitatem
3524 5686 3659 5740 erga

2082 5758 2226 5817 idola
2256 5760 2365 5817 illis
2396 5760 2712 5832 exprobrat;
2744 5760 2797 5815 id
2828 5762 2974 5817 enim
2999 5762 3182 5817 valent
3200 5762 3388 5827 verba,
3417 5779 3436 5813 ι
3471 5762 3524 5816 in
3559 5760 3660 5816 Be-

2083 5851 2190 5945 tltel
2216 5860 2378 5922 atque
2401 5844 2948 5923 Galgalaintroislis;
2987 5871 3005 5904 ι
3043 5853 3115 5907 ita
3157 5852 3427 5906 idolorum
3450 5852 3662 5905 cultum

3306 5949 3344 6008 9
