4102 6462
460 365 559 418 937

1646 350 1995 408 'l'liEODORl
2033 345 2515 430 MOPSUES'l'ENl

3531 329 3554 350 ’
3615 337 3721 392 268

461 485 526 532 ite
555 492 703 532 more
730 475 1043 546 signiﬁcans
1079 492 1089 527 :
1122 481 1175 526 et
1212 471 1428 542 quidem
1462 469 1718 524 alacriter
1741 465 2034 521 admodum

2156 507 2204 541 εκ
2224 486 2413 540 τούτου
2446 483 2709 546 εἰωθότως
2732 482 2826 553 τήν
2852 481 2978 552 περὶ
3005 479 3074 534 τὰ
3102 478 3294 533 εἴδωλα
3315 473 3609 546 θεραπείαν
3636 476 3728 545 δη-

463 570 905 639 przevaricautes,
940 565 1210 620 sacriﬁcia
1239 563 1432 620 scdulo
1459 561 1738 617 attulistis.
1773 560 1892 615 Jam
1933 579 1950 611 1
1983 561 2037 614 in

2156 579 2248 632 tt'bv
2270 596 2284 610 ·
2316 577 2408 630 καὶ
2442 575 2578 646 μετὰ
2610 574 2809 644 πολλῆς
2839 573 2937 643 μὲν
2967 571 3212 640 ὴσεὸεῖτε
3246 570 3346 638 τῆς
3379 567 3685 637 προθυμίας
3705 583 3718 597 ο

462 660 702 714 triduum
748 678 766 710 ι
802 659 958 724 dicit,
991 658 1074 712 vel
1117 665 1230 712 tres
1266 656 1384 711 dies
1415 656 1723 726 intelligens
1756 653 1827 707 ob
1852 662 2038 708 osten-

462 754 691 808 dendam
729 750 1088 821 frequentiam
1119 764 1228 820 qua
1273 749 1543 805 sacriﬁcia
1592 747 1927 810 offerebant;
1957 744 2041 799 vel

2142 669 2449 740 προσήγετε
2511 667 2568 720 δὲ
2638 665 2839 733 σπουδῇ

2916 664 3010 716 καὶ
3071 661 3170 724 τὰς
3255 659 3476 721 θυσίας·
3532 658 3592 710 τὸ
3640 656 3718 716 δὲ,

2149 780 2168 812 ι
2207 761 2285 823 εἰς
2331 758 2430 830 τὴν
2461 757 2807 828 τριημερίαν,
2841 775 2858 808 ι
2898 754 3052 826 ἢΔιὰ
3084 753 3248 825 τριῶν
3284 751 3524 824 ἡμερῶν,
3553 750 3728 804 εἰπεῖν

462 844 788 915 peculiarem
841 843 1076 910 aliquem
1127 842 1372 906 modum,
1420 857 1530 911 quo
1569 838 1841 894 sacrificia
1897 835 2039 906 apud

2156 848 2432 919 Βούλεται,
2479 848 2560 910 είς
2607 845 2838 916 δήλωσιν
2889 843 2983 896 τοῦ
3045 841 3280 912 συνεχῶς
3312 840 3412 908 τὴν
3439 854 3726 910 προσαγω-

464 937 604 990 idola
639 936 988 1006 peragebant.
1032 934 1164 988 llluc
1205 944 1386 987 autem
1421 933 1662 986 decimas
1697 943 1919 1000 quoque
1966 929 2044 982 in-

465 1026 688 1088 tulistis,
721 1037 775 1079 ct
818 1025 988 1094 legem
1017 1023 1309 1094 quamdam
1357 1038 1456 1092 pro
1507 1022 1664 1076 libito
1700 1026 1882 1075 vestro
1913 1017 2045 1087 legi-

465 1117 596 1183 stis;
651 1126 703 1170 ct
759 1116 966 1171 foedera
1019 1132 1186 1186 super
1235 1116 1337 1170 hac
1383 1114 1528 1186 apud
1583 1113 1727 1168 idola
1786 1109 2041 1166 fecistis:

466 1217 627 1278 atque
679 1215 736 1260 ut
790 1210 1105 1262 summatim
1161 1207 1361 1270 dicam,
1412 1207 1595 1261 omnia
1646 1205 1736 1259 illa
1789 1218 1912 1274 qua:
1946 1215 2046 1258 vos

465 1299 689 1354 decebat
751 1300 1053 1354 secundum
1113 1298 1354 1352 divinam
1419 1298 1589 1368 iegem
1651 1293 2046 1366 Hierosolymis

469 1400 726 1461 praestare
757 1389 882 1454 Deo,
914 1390 1027 1444 haec
1055 1390 1109 1443 in
1143 1388 1416 1459 prtediclis
1447 1389 1581 1444 locis
1623 1404 1750 1459 erga
1783 1387 1947 1450 idola,
1978 1401 2047 1440 ex

471 1485 874 1539 institutionum
903 1497 1146 1537 mearum
1179 1497 1371 1535 norma
1409 1480 1635 1537 fecistis.
1672 1480 1882 1546 Quibus
1918 1494 2050 1548 pra:-

466 1575 611 1628 clare
633 1572 950 1642 subjungit:
981 1589 1000 1622 ι
1034 1571 1389 1635 Annuntiate,
1419 1569 1678 1640 quoniam
1705 1569 1821 1622 haec
1847 1567 2050 1622 dilexe-

469 1672 595 1719 runt
631 1663 723 1718 ﬁlii
757 1663 999 1727 lsraelis,
1027 1662 1161 1717 dicit
1194 1661 1480 1716 Dominus.
1517 1679 1535 1712 ›
1568 1659 1835 1715 Omnibus
1867 1660 2052 1730 explo-

2143 943 2248 1014 γὴν
2305 941 2414 996 τῶν
2468 938 2666 993 θυσιῶν
2696 936 2985 1000 ποιεῖσθαι,
3031 935 3064 1004 ἢ
3103 935 3301 1005 τρόπον
3341 931 3462 984 τινὰ
3497 929 3619 984 καθ’
3666 929 3726 983 δν

2142 1035 2242 1097 τὰς
2281 1033 2471 1094 θυσίας
2505 1030 2792 1084 ἐπετέλουν
2817 1029 2935 1081 τότε
2981 1028 3094 1090 τοῖς
3141 1024 3402 1086 εἰδώλοις.
3443 1020 3638 1076 Αὐτόθι
3668 1019 3726 1072 δὲ

2145 1125 2362 1187 καὶτὰς
2391 1121 2622 1186 δεκάτας
2666 1119 3053 1192 προσεφέρετε,
3106 1117 3202 1170 καὶ
3253 1115 3416 1185 νόμον
3460 1111 3583 1165 τινὰ
3633 1111 3724 1164 ἁν-

2147 1215 2470 1287 εγινώσκετε
2488 1214 2578 1266 τὸν
2603 1213 2730 1283 ὑμῖν
2751 1209 3032 1264 δοκοῦντα·
3053 1208 3151 1269 τὰς
3178 1205 3449 1274 συνθήκας
3471 1203 3556 1255 ἐπ’
3581 1200 3729 1271 αὐτῷ

2149 1307 2286 1381 πρὸς
2331 1307 2398 1360 τὰ
2449 1305 2644 1358 εἴδωλα
2692 1302 3034 1371 ποιούμενοι·
3081 1301 3176 1352 καὶ
3233 1297 3509 1366 συντόμως
3557 1296 3734 1347 εἰπεῖν

2150 1401 2366 1455 ἅπαντα
2395 1397 2460 1468 δὴ
2495 1397 2530 1450 ἃ.
2564 1395 2838 1464 προσῆκον
2865 1389 2933 1462 ἦν
2959 1391 3103 1462 ὑμᾶς
3148 1388 3291 1444 κατὰ
3315 1388 3406 1442 τὸν
3451 1387 3611 1456 νόμον
3638 1385 3730 1439 τὸν

2151 1491 2291 1546 θεῖον
2346 1490 2437 1542 ἐπὶ
2486 1489 2586 1557 τῆς
2658 1484 3010 1560 Ἰερουσαλὴμ
3059 1481 3410 1552 ἀποπληροῦν
3462 1477 3541 1550 τῷ
3589 1477 3728 1548 Θεῷ,

2149 1580 2322 1633 ταῦτα
2351 1581 2407 1632 ἐν
2435 1581 2544 1641 τοῖς
2567 1577 2923 1648 προρρηθεῖσι
2950 1575 3134 1636 τόποις
3157 1572 3250 1626 καὶ
3283 1570 3409 1641 περὶ
3440 1570 3508 1622 τὰ
3538 1568 3732 1623 εἴδωλα

2153 1672 2295 1727 κατᾶ
2345 1672 2575 1742 μίμησιν
2621 1670 2729 1722 τῶν
2777 1668 2900 1739 ἐμοὶ
2944 1665 3376 1735 διατεταγμένων
3423 1661 3732 1724 ποιοῦντες·

469 1765 643 1811 ratum
692 1756 763 1811 sit
818 1756 1049 1810 istorum
1095 1769 1222 1826 erga
1273 1754 1417 1809 idola
1466 1753 1732 1816 studium,
1784 1761 1843 1805 ut
1889 1751 2052 1807 simul

2156 1759 2237 1829 οἷς
2270 1764 2450 1827 καλῶς
2492 1763 2715 1830 ἐπάγει·
2756 1780 2774 1814 ι
2835 1759 3226 1828 Ἀπαγγείλατε
3267 1757 3348 1810 ὅτι
3391 1754 3564 1808 ταῦτα
3599 1754 3738 1822 ὴγά-

468 1853 681 1902 constet
707 1844 1062 1916 quamobrem
1088 1823 1279 1914 painas
1306 1842 1526 1897 luerint.
1566 1842 1707 1908 Quid
1733 1841 1902 1896 vero?
1934 1860 1951 1892 ‹
1986 1839 2052 1894 Et

2156 1823 2334 1927 πησαν
2373 1823 2444 1908 oi-
2471 1856 2577 1909 υἱοὶ
2612 1823 2848 1924 ζισραήλ,
2896 1823 3042 1920 λέγει
3087 1849 3291 1922 Κύριος
3319 1851 3346 1902 ὀ
3381 1848 3528 1908 Θεός,
3573 1866 3590 1898 ι
3635 1848 3736 1899 Γε-

469 1953 569 2008 ego
601 1938 742 1993 dabo
773 1937 930 1992 vobis
961 1945 1236 2007 stuporem
1269 1936 1512 1991 dentium
1549 1935 1603 1988 in
1638 1935 1853 1989 cunctis
1899 1933 2052 1988 urbi-

469 2031 570 2086 bus
594 2030 814 2094 vestris,
845 2037 897 2084 et
931 2028 1284 2099 indigentiam
1315 2042 1516 2096 panum
1551 2027 1606 2080 in
1633 2025 1889 2080 omnibus
1917 2023 2054 2080 locis

469 2124 697 2186 vestris;
732 2132 784 2176 et
811 2137 917 2176 non
950 2119 1299 2176 revertemini
1334 2119 1399 2172 ad
1431 2133 1538 2182 me,
1565 2116 1997 2172 dicitDominus.
2029 2136 2049 2170 ι

467 2215 732 2284 Equidem
782 2213 1007 2267 multam
1053 2210 1247 2266 faciam
1303 2209 1472 2265 vestri
1541 2208 1951 2272 contritionem,
2000 2217 2055 2263 et

473 2305 704 2376 plurima
760 2302 1199 2357 necessariarum
1251 2315 1435 2354 rerum
1485 2306 1727 2369 egestate
1768 2313 2048 2368 premam;

472 2413 648 2465 neque
677 2403 859 2449 tamen
895 2394 1103 2448 idcirco
1151 2391 1423 2448 emendati
1463 2390 1530 2445 ad
1568 2407 1653 2446 me
1683 2389 2052 2446 declinabitis.

470 2487 604 2542 Nam
637 2485 880 2540 dentium
910 2492 1190 2555 stuporem
1223 2485 1376 2548 dicit,
1412 2499 1511 2554 pro
1545 2483 1703 2552 112
1737 2483 1885 2553 gravi
1918 2497 2056 2536 con-

472 2579 731 2645 tritione;
791 2577 933 2632 sicut
1007 2578 1169 2632 etiam
1233 2577 1372 2646 apud
1442 2577 1661 2632 beatum
1728 2573 1985 2630 Davidem
2037 2592 2050 2627 :

476 2690 494 2721 ι
535 2670 678 2726 Deus
727 2677 974 2725 conteret
1031 2669 1224 2724 dentes
1273 2684 1462 2724 eorum
1525 2669 1578 2721 in
1619 2682 1715 2721 ore
1761 2668 2049 2736 ipsorum:

474 2764 644 2820 mulas
675 2764 892 2819 leonum
928 2761 1199 2834 confregit
1229 2761 1495 2816 Dominus
1527 2760 1594 2814 δ’.
1635 2778 1652 2810 ›
1686 2758 1814 2812 Vult
1844 2759 2055 2814 scilicet

474 2872 741 2910 summam
771 2855 1156 2910 contritionem
1187 2853 1370 2910 dicere
1423 2862 1477 2910 et
1511 2853 1668 2920 quasi
1697 2851 1765 2905 ad
1809 2850 2054 2906 dentium

472 2961 747 3015 stuporem
781 2945 1162 3000 deventuram.

2154 1948 2328 2002 νέσθω
2358 1947 2420 2016 δὴ
2467 1947 2598 1999 πᾶσι
2629 1941 2944 2012 καταφανὴς
2979 1941 3156 1995 αὐτῶν
3195 1942 3227 2010 ὴ
3264 1938 3392 2010 περὶ
3417 1937 3487 1990 τὰ
3513 1935 3740 1990 τοιαῦτα

2157 2041 2382 2111 σπουδὴ.
2405 2039 2480 2102 ὡς
2505 2039 2572 2091 ἂν
2604 2037 2698 2092 καὶ
2721 2037 2860 2108 ὑπὲρ
2895 2035 3016 2089 ὅτου
3051 2033 3251 2087 διδόασι
3289 2032 3465 2094 δίκας,
3504 2029 3578 2099 (p.
3612 2028 3736 2099 169)

2155 2133 2362 2200 γένοιτο
2412 2131 2590 2199 δῆλον.
2626 2129 2690 2182 Τί
2724 2129 2864 2199 γάρς
2908 2145 2928 2178 ι
2967 2126 3078 2179 Kal.
3106 2124 3216 2192 ἐγὼ
3245 2124 3401 2176 δώσω
3435 2123 3564 2190 ὑμῖν
3601 2137 3738 2192 γομ-

2157 2221 2392 2293 φιασμόν
2431 2222 2657 2274 ὀδόντων
2691 2221 2749 2273 ὲν
2783 2219 2983 2281 πάσαις
3019 2219 3140 2278 ταῖς
3172 2215 3390 2268 πόλεσιν
3425 2213 3600 2286 ὑμῶν,
3641 2213 3738 2266 καὶ

2156 2315 2360 2369 ἔνδειαν
2393 2312 2573 2383 ἄρτων
2618 2315 2675 2366 ὲν
2718 2313 2852 2364 πᾶσι
2895 2312 3008 2373 τοῖς
3058 2310 3244 2372 τόποις
3288 2307 3462 2376 ὑμῶν,
3514 2307 3606 2359 καὶ
3639 2305 3740 2358 οὐκ

2158 2405 2520 2475 ἐπιστρέφετε
2551 2404 2686 2474 πρός
2729 2420 2818 2472 με,
2848 2401 2994 2470 λέγει
3026 2400 3250 2472 Κύριος.
3299 2418 3317 2450 ι
3360 2400 3469 2451 Καὶ
3511 2398 3620 2466 γὰρ
3646 2398 3740 2448 καὶ

2158 2495 2448 2566 συντριόὴν
2497 2493 2649 2564 ὑμῶν
2693 2493 2996 2564 ἐργάσομαι
3044 2491 3319 2561 πλείστην,
3371 2488 3462 2542 καὶ
3515 2491 3581 2558 τῇ
3633 2487 3740 2538 τῶν

2157 2586 2469 2655 ἀναγκαίων
2515 2584 2693 2655 ἐνδείᾳ
2742 2583 3055 2654 περιΰαλῶ·
3108 2582 3199 2636 καὶ
3257 2581 3374 2634 οὐδὲ
3429 2580 3521 2632 ἐπὶ
3569 2580 3742 2648 τούτῳ

2162 2675 2618 2746 σωψρονισθέντες
2665 2673 2880 2727 νεύσετε
2926 2673 3061 2743 πρός
3103 2688 3200 2743 με·
3237 2669 3582 2742 γομφιασμὸν
3633 2669 3744 2738 γὰρ

2159 2767 2387 2819 ὀδόντων
2417 2767 2514 2836 τὴν
2547 2767 2684 2834 ἄγαν
2715 2765 3004 2836 συντριϐὴν
3037 2764 3208 2832 λέγει⁸
3247 2763 3321 2826 ῶς
3349 2763 3442 2816 καὶ
3489 2759 3636 2833 παρὰ
3665 2757 3751 2829 τῷ

2167 2859 2422 2930 μακαρίῳ
2442 2858 2602 2912 Δαυτδ
2624 2858 2704 2922 τὸ,
2737 2876 2754 2909 ι
2794 2859 2850 2909 '0
2872 2858 3002 2920 Θεὸς
3022 2858 3148 2920 τοὺς
3174 2857 3391 2918 ὀδόντας
3421 2852 3599 2908 αὐτῶν
3627 2869 3743 2905 συν-

2163 2951 2343 3021 τρίψει
2375 2949 2544 3020 ὲν,τῷ
2579 2948 2807 3019 στόματι
2839 2948 3041 3010 αὐτῶν,
3071 2948 3169 3010 τὰς
3222 2947 3404 3018 μὼλας
3449 2945 3556 2998 τῶν
3597 2943 3746 2995 λεόν-

472 3069 582 3106 των
612 3048 938 3103 συνέθλασεν
971 3049 1000 3100 ὀ
1029 3046 1233 3118 Κύριος
1255 3059 1267 3076 ·
1304 3064 1323 3097 ι
1354 3044 1661 3116 βουλομένῳ
1685 3044 1784 3114 τὴν
1805 3041 2248 3114 ὑπερϐάλλουσαν
2276 3046 2452 3098 εἰπεῖν
2481 3042 2791 3116 συντριϐὴν,
2819 3042 2894 3104 ὡς
2926 3041 3052 3112 ἄχρι
3074 3041 3184 3094 τῶν
3217 3041 3442 3094 ὀδόντων
3477 3037 3746 3106 ἐσομένην

475 3145 568 3198 καὶ
594 3142 702 3195 τῶν
731 3141 998 3210 γομφίων.

546 3231 714 3284 Vsus.
749 3209 904 3284 7-710.
937 3259 1006 3268 -—
1041 3247 1058 3278 ι
1101 3226 1166 3281 Ει
1210 3242 1310 3296 ego
1366 3225 1620 3296 prohibui
1673 3240 1704 3278 a
1757 3225 1911 3280 vobis
1953 3225 2052 3278 im-

2231 3228 2378 3298 Στίχ.
2429 3229 2580 3292 ζ’.οι’.
2619 3258 2690 3268 -
2723 3249 2741 3279 ‹
2783 3231 2889 3282 Καὶ
2925 3225 3034 3294 ἐγὼ
3090 3225 3315 3294 ἀνέσχον
3365 3221 3423 3286 ἐξ
3463 3220 3615 3291 ὑμῶν
3651 3219 3746 3273 τὸν

475 3323 650 3384 brem,
683 3335 806 3373 cum
835 3318 1015 3372 adhuc
1047 3326 1160 3372 tres
1194 3331 1409 3371 menses
1444 3323 1794 3384 superessent
1825 3315 1890 3368 ad
1921 3329 2059 3368 mes-

474 3429 610 3468 sem.
652 3411 715 3464 Et
766 3411 946 3480 pluam
995 3424 1160 3479 super
1214 3423 1378 3461 unam
1435 3407 1735 3468 civitatem,
1785 3413 1838 3460 et
1893 3420 2059 3474 super

476 3507 702 3559 alteram
739 3504 1012 3558 civitatem
1038 3517 1145 3555 non
1165 3501 1635 3571 pluam:parsuna
1662 3497 1937 3566 compluta
1951 3506 2054 3560 est,

475 3603 528 3649 et
550 3609 697 3664 pars,
729 3607 892 3662 super
927 3605 1090 3661 quam
1125 3605 1231 3643 non
1275 3588 1407 3658 plui,
1439 3587 1603 3640 aruit.
1640 3585 1705 3639 Et
1733 3586 2060 3640 convenient

476 3686 597 3740 (lure
613 3685 863 3740 civitates
889 3683 941 3736 in
979 3682 1255 3736 civitatem
1278 3693 1438 3732 unam
1472 3686 1532 3732 ut
1553 3677 1741 3731 bibant
1764 3691 1979 3743 aquam,
2006 3686 2060 3731 et

476 3793 586 3832 non
611 3776 977 3830 satiabuntur.
1030 3773 1092 3825 Et
1137 3787 1234 3827 vos
1265 3771 1332 3826 ad
1376 3785 1460 3824 me
1505 3785 1613 3822 non
1661 3768 1794 3824 estis
1825 3768 2054 3832 reversi,

477 3867 608 3923 dicit
636 3867 920 3921 Dominus.
981 3883 999 3916 ι
1051 3862 1312 3918 Subtraxi
1355 3869 1538 3916 autem
1589 3860 1744 3914 vobis
1803 3859 2054 3926 imbrem,

477 3958 832 4030 quamobrem
887 3957 943 4010 in
996 3955 1286 4009 maximam
1360 3952 1704 4008 sterilitatem
1752 3951 2054 4020 incidistis;

477 4066 604 4106 nam
657 4048 885 4114 locutio,
940 4046 1120 4102 tribus
1171 4054 1298 4099 ante
1331 4059 1565 4100 messem
1601 4044 1904 4104 mensibus.
1953 4043 2059 4098 hoc

479 4141 750 4210 significat
797 4159 808 4194 :
863 4138 1063 4195 etenim
1123 4153 1189 4192 eo
1241 4144 1357 4192 toto
1414 4136 1696 4191 intervallo
1744 4137 2060 4192 continuata

480 4233 725 4297 siccitas,
763 4231 1128 4287 universalem
1175 4229 1391 4301 frugum
1435 4229 1565 4284 facit
1599 4230 2060 4301 perniciem,quae

478 4341 657 4396 neque
719 4325 789 4378 ali
847 4338 1024 4393 neque
1074 4321 1431 4392 pinguescere
1487 4331 1694 4391 queunt
1745 4339 1759 4376 :
1804 4321 2059 4392 prohibet

477 4417 733 4488 denique,
770 4415 1067 4486 quominus
1098 4415 1294 4470 idonea
1332 4414 1600 4470 armentis
1633 4429 1833 4484 pascua
1861 4429 2060 4487 suppe-

2161 3319 2314 3372 ὑετὸν
2352 3319 2458 3388 πρὸ
2482 3319 2647 3388 τριῶν
2679 3318 2865 3389 μηνῶν
2894 3318 2985 3371 τοῦ
3014 3315 3304 3387 θερισμοῦ·
3332 3314 3426 3367 καὶ.
3453 3311 3627 3384 βρέξω
3649 3311 3744 3364 ἐπὶ

2162 3411 2314 3464 πόλιν
2345 3411 2493 3482 μίαν,
2532 3411 2623 3463 ἐπὶ
2652 3410 2707 3462 δὲ
2751 3410 2902 3462 πόλιν
2947 3409 3075 3478 μίαν
3107 3409 3168 3460 οὐ
3204 3405 3405 3476 βρέξω·
3441 3404 3598 3474 μερὶς
3646 3402 3745 3472 μία

2163 3502 2494 3572 βραχήσεται
2510 3543 2524 3566 ,
2543 3501 2637 3554 καὶ
2656 3518 2718 3570 με
2729 3501 2810 3570 ρὶς
2841 3500 2923 3567 ἐφ’
2943 3500 3007 3569 ἣν
3025 3498 3084 3550 οὑ
3105 3497 3279 3568 βρέξω
3319 3493 3742 3566 ξηρανθήσεται·

2161 3593 2256 3647 καὶ
2300 3591 2848 3663 συναθροισθήσονται
2883 3590 2996 3662 (9.7)
3031 3590 3122 3642 δύο
3148 3590 3242 3642 καὶ
3279 3590 3426 3658 τρεῖς
3456 3587 3638 3649 πόλεις
3663 3587 3748 3649 είς

2163 3685 2315 3739 πόλιν
2348 3686 2475 3756 μίαν
2507 3684 2601 3737 τοῦ
2637 3687 2782 3737 πιεῖν
2821 3682 2986 3753 ὕδωρ.
3020 3682 3114 3736 καὶ
3147 3681 3206 3734 οὐ
3251 3681 3323 3751 μὴ
3357 3678 3742 3750 ὲμπλησθῶσι·

2161 3777 2255 3831 καὶ
2279 3777 2377 3830 οὐκ
2402 3777 2780 3847 ἐπεστράφητε
2807 3775 2940 3844 πρός
2971 3793 3059 3844 με.
3087 3773 3234 3841 λέγει
3265 3771 3488 3842 Κύριος.
3516 3790 3534 3822 ι
3572 3771 3750 3838 ’Λφεῖ-

2160 3869 2251 3922 λον
2283 3869 2339 3922 δὲ
2371 3868 2523 3938 ὑμῶν
2561 3869 2652 3921 καὶ
2703 3867 2795 3920 τὸν
2839 3867 3013 3931 ὑετὸν,
3041 3865 3180 3919 ὥστε
3225 3863 3473 3933 ἀκαρπίᾳ
3521 3879 3747 3933 περιπε-

2162 3963 2276 4014 σεῖν
2310 3961 2576 4033 μεγίστῃ·
2607 3960 2668 4012 τὸ
2701 3958 2831 4029 γὰρ,
2863 3977 2880 4009 ι
2910 3958 3014 4028 πρὸ
3044 3956 3212 4026 τριῶν
3243 3955 3426 4028 μηνῶν
3453 3954 3547 4008 τοῦ
3587 3953 3740 4024 θερι-

2164 4052 2324 4124 σμοῦ,
2357 4071 2375 4104 ι
2409 4051 2568 4105 τοῦτο
2614 4051 2796 4118 λέγει·
2834 4050 3020 4119 ἐπειδὴ
3050 4051 3083 4119 ἡ
3114 4051 3176 4103 ὲκ
3208 4049 3327 4102 τότε
3374 4049 3501 4119 άχρι
3559 4046 3749 4107 τέλους

2160 4143 2420 4214 γινομένη
2462 4143 2714 4212 ἀϐροχία,
2757 4140 2992 4206 παντελῆ
3041 4140 3138 4211 μὲν
3171 4140 3280 4192 τῶν
3317 4137 3550 4210 καρπῶν
3582 4138 3747 4208 ἐργά-

2161 4231 2314 4297 ζεται
2339 4231 2431 4284 τὸν
2453 4230 2777 4301 ἀφανισμὸν,
2805 4230 2930 4283 οὔτε
2964 4229 3343 4300 ἐκτρέφεσθαι,
3375 4229 3448 4298 (p.
3477 4227 3600 4296 170)
3623 4226 3744 4280 οὔτε

2163 4323 2474 4377 πιαίνεσθαι
2497 4323 2622 4376 οἴων
2648 4340 2706 4375 τε
2747 4322 2945 4375 ὄντων·
2977 4321 3173 4374 κωλύει
3204 4321 3260 4374 δὲ
3296 4321 3390 4374 καὶ
3425 4321 3524 4390 τήν
3552 4322 3744 4389 ἐπιτη-

2159 4415 2306 4470 δείαν
2335 4417 2446 4479 τοῖς
2475 4415 2693 4486 κτήνεσι
2730 4413 2900 4484 νομὴν
2927 4413 3264 4467 ἀναδίδοσθαι
3285 4413 3356 4466 ’ἐκ
3388 4411 3486 4483 τῆς
3514 4413 3616 4482 γῆς
3635 4429 3647 4442 ·
3677 4411 3747 4466 τά

476 4517 615 4565 tant.
649 4508 876 4580 Reliqua
908 4516 1089 4564 autem
1140 4523 1240 4578 pro
1291 4523 1444 4562 more
1493 4507 1844 4578 contingente
1876 4507 2007 4563 dicit
2040 4523 2052 4561 :

2160 4507 2217 4561 δὲ
2241 4507 2366 4578 ἑξῆς
2405 4507 2514 4562 ἀπὸ
2538 4506 2632 4560 τοῦ
2663 4505 2914 4570 εἰωθότος
2945 4504 3091 4574 λέγει
3110 4522 3122 4536 ·
3153 4505 3338 4576 ἐπειδὴ
3371 4507 3430 4559 ὲν
3457 4507 3573 4568 ταῖς
3605 4507 3750 4574 ἄγαν

480 4603 607 4672 quia
637 4603 692 4656 in
727 4601 910 4656 nimiis
947 4601 1308 4665 siccitatibus,
1335 4600 1478 4654 aeris
1503 4616 1721 4671 quoque
1754 4615 1898 4670 saepe
1930 4614 2052 4655 con-

2162 4599 2446 4672 ἀϐροχίαις
2477 4597 2764 4668 ωμσαίνει
2793 4596 2913 4650 τινὰ
2952 4597 3208 4661 πολλάκις
3237 4595 3482 4666 γίνεσθαι
3521 4614 3750 4668 συστροο

481 4690 642 4760 tingit
673 4689 906 4760 aliquem
957 4690 1072 4744 ﬁeri
1121 4691 1420 4754 turbinem,
1452 4699 1506 4746 et
1533 4693 1784 4762 exiguam
1817 4693 2052 4761 pluviam

2166 4690 2270 4762 φὴν
2312 4691 2514 4761 μικρὰν
2557 4690 2650 4742 τοῦ
2685 4689 2871 4760 ἀέρος·
2901 4691 2996 4744 καί
3031 4709 3150 4744 τινα
3188 4690 3342 4744 ὑετὸν
3387 4691 3576 4762 εὐτελῆ
3606 4691 3750 4744 κατά

483 4779 691 4850 sparsis
718 4779 968 4834 decidere
1015 4778 1172 4844 locis,
1211 4780 1370 4847 cujus
1423 4789 1602 4835 tamen
1641 4782 1791 4835 nulla
1825 4789 1907 4836 est
1931 4795 2052 4850 erga

2164 4797 2318 4843 τινας
2341 4779 2703 4850 διῃρημένους
2725 4780 3004 4848 γίγνεσθαι
3047 4785 3246 4845 τόπους
3268 4799 3280 4812 ·
3317 4775 3392 4835 ὧν
3424 4782 3574 4835 οὐδὲν
3616 4782 3750 4850 ὀφε-

484 4871 698 4944 frugum
746 4871 1145 4926 incrementum
1207 4870 1437 4924 utilitas.
1501 4869 1619 4926 Non
1665 4871 1884 4925 dabitur
1930 4886 2052 4941 ergo

2163 4871 2255 4934 λος
2289 4870 2423 4941 πρὸς
2453 4871 2552 4941 τὴν
2578 4869 2833 4924 σύστασίν
2870 4872 2985 4926 ἐστι
3010 4872 3118 4926 τῶν
3152 4873 3410 4945 καρπῶν·
3441 4873 3500 4926 οὐ
3529 4871 3752 4942 δοθήσε-

484 4963 638 5019 vobis
677 4963 800 5018 usui
853 4961 1131 5018 sufﬁciens
1173 4961 1482 5032 pluviarum
1526 4964 1706 5032 copia,
1741 4963 1836 5018 sed
1865 4963 1951 5016 vix
1988 4971 2052 5019 te-

2157 4979 2247 5014 ται
2274 4961 2452 5015 τοίνυν
2482 4962 2610 5032 ὑμῖν
2653 4963 2936 5035 αὐτάρκης
2975 4965 3112 5036 πρὸς
3153 4967 3252 5036 τὴν
3293 4965 3480 5035 χρείαν
3508 4965 3616 5017 τῶν
3660 4965 3754 5017 ὑε-

483 5054 606 5110 nuis
633 5055 900 5124 particula
930 5052 1054 5115 erit,
1105 5061 1166 5106 ut
1205 5052 1347 5108 alius
1396 5053 1614 5122 quidem
1663 5054 1817 5108 locus
1867 5054 2052 5109 hume-

2158 5053 2267 5106 τῶν
2286 5056 2318 5118 ἡ
2349 5053 2600 5124 χορηγία,
2625 5054 2761 5110 ἀλλὰ
2790 5055 2961 5126 βραχύ
2986 5072 3038 5109 τι
3068 5057 3208 5110 κατὰ
3238 5056 3404 5128 μέρος
3436 5057 3753 5126 γενήσεται·

485 5145 619 5199 ctari
642 5143 913 5207 videatur,
937 5143 1079 5198 alius
1105 5142 1331 5196 omnino
1359 5143 1430 5196 sit
1454 5143 1640 5197 aridus
1665 5185 1679 5208 ,
1717 5142 1852 5196 nihil
1879 5141 2052 5214 fruges

2160 5144 2235 5207 ῶς
2266 5144 2364 5214 τὴν
2405 5144 2503 5214 μὲν
2541 5144 2714 5198 δοκεῖν
2761 5145 3069 5217 βεσρέχθαι,
3094 5147 3194 5218 τὴν
3219 5147 3274 5200 δὲ
3311 5146 3564 5212 καθάπαξ
3609 5142 3757 5202 εἶναι

484 5232 705 5303 iuvante
748 5230 852 5286 hac
885 5231 1082 5302 exigua
1125 5230 1552 5286 ministratione.
1608 5229 1898 5286 Evidenter
1936 5247 2052 5287 verr

2163 5235 2332 5306 ξηράν
2353 5252 2366 5266 ·
2399 5238 2510 5296 τοῖς
2541 5239 2771 5307 καρποῖς
2802 5237 2858 5289 δὲ
2892 5236 3084 5306 ὄφελος
3112 5240 3176 5292 ἐκ
3192 5237 3293 5306 τῆς
3330 5237 3584 5308 βραχείας
3616 5254 3754 5290 κατι

487 5323 757 5380 defectum
788 5323 1046 5378 imbrium
1070 5320 1335 5393 depinxit,
1362 5321 1489 5374 dum
1514 5323 1587 5376 ait
1618 5322 1868 5380 civitates
1895 5323 2052 5378 simul

2167 5325 2390 5394 αγωγῆς
2438 5327 2825 5396 προσγίνεσθαι
2864 5329 3030 5400 μηδέν
3054 5347 3066 5360 ·
3101 5330 3334 5401 μάλιστα
3371 5331 3425 5384 δὲ
3455 5330 3624 5396 ἔδειξε
3655 5331 3761 5398 τὴν

486 5415 620 5470 duas
675 5415 760 5469 vel
810 5422 924 5469 tres
967 5413 1248 5468 turmatim
1305 5413 1548 5470 abituras
1599 5415 1655 5469 in
1721 5415 1921 5483 locum,
1967 5415 2052 5471 ubi

2167 5415 2427 5488 άὸροχίαν
2461 5417 2539 5488 τῷ
2571 5421 2766 5486 εἰπεῖν,
2806 5421 2886 5474 ὅτι
2919 5421 3012 5476 καὶ
3058 5422 3239 5486 πόλεις
3276 5423 3368 5476 ἐπὶ
3393 5422 3451 5475 τὸ
3487 5421 3619 5477 αὐτὸ
3659 5420 3722 5477 δύ

557 5589 601 5620 δ’
635 5587 779 5643 Psal.
799 5603 927 5652 LVII,
959 5589 1012 5647 ’7.

558 5766 669 5834 (97)
700 5767 831 5818 Cod.
873 5767 1405 5840 συναθροισῐήσεται.
