4102 6454
454 379 551 433 271

1643 377 1989 435 TllEODORl
2031 364 2511 435 Morsuusrsm

3609 380 3718 434 272'

455 487 582 542 dam
610 506 622 541 :
658 502 776 543 sum
810 488 1007 542 etenim
1039 487 1309 541 Dominus
1343 486 1623 558 factorque
1652 490 1913 546 omnium.
1941 489 2032 546 Sic

2140 492 2308 564 φοράς
2336 510 2347 522 ·
2386 491 2605 561 ἐκφανῶ
2624 492 2680 546 δὲ
2710 492 2920 564 ἡμέρας
2940 492 3095 563 δίκην
3116 492 3211 564 τὴν
3242 493 3334 545 ἐπὶ
3357 492 3467 553 τοῖς
3489 491 3715 560 ἀγαθοῖς

458 579 625 649 igitur
650 594 745 648 per
792 579 1122 634 universalia
1169 580 1257 633 illa
1298 592 1327 630 a
1373 593 1432 634 se
1486 578 1645 646 facta,
1686 584 2034 652 prmsentium

457 670 586 725 fecit
643 669 821 724 ﬁdem.
853 668 971 724 Non
1009 678 1097 725 est
1140 679 1322 725 autem
1362 670 1694 736 mirandum,
1723 673 1869 742 quod
1891 673 2039 728 chri-

456 769 600 815 stum
620 760 972 832 appellaverit
995 759 1219 832 Cyrum;
1240 763 1683 833 quandoquidem
1712 778 1820 819 non
1842 773 2039 821 unctos

454 850 857 917 tantummodo,
910 851 1003 906 sed
1044 853 1248 908 electos
1294 855 1564 924 quoslibet
1598 855 1701 910 hoc
1750 854 2041 926 indigitare

454 942 725 995 vocabulo
756 939 1043 1010 Scriptura
1095 941 1249 998 solet.
1309 942 1470 998 Velut
1520 943 1653 998 illud
1723 963 1735 997 :
1792 960 1811 995 ι
1862 941 2040 1000 Nolite

454 1040 683 1101 tangere
721 1032 959 1087 christos
984 1047 1158 1097 meos,
1187 1041 1242 1088 et
1291 1035 1345 1089 in
1381 1035 1669 1106 prophetis
1702 1036 1838 1090 meis
1871 1035 2039 1091 nolite

457 1125 745 1197 malignari
775 1125 841 1179 '°.
884 1144 902 1177 ι
939 1124 1191 1180 Christos
1236 1128 1379 1182 enim
1413 1129 1515 1183 hoc
1549 1128 1670 1182 loco
1702 1143 1812 1182 non
1840 1135 2038 1184 unctos

459 1216 611 1280 dicit,
640 1215 735 1271 sed
785 1216 962 1287 ipsum
994 1215 1388 1285 Abrahamum,
1411 1219 1502 1290 qui
1557 1219 1765 1274 electus
1793 1225 2036 1272 tantum-

459 1310 622 1364 modo
671 1309 866 1367 fuerat.

2137 585 2365 655 ἡδονήν·
2420 585 2599 639 πᾶσάν
2641 602 2700 638 τε
2743 585 3212 655 ἀντιπράττουσαν
3257 587 3385 654 ύμῖν
3437 584 3714 657 βαρύτητα

2136 671 2371 740 ἀφελὼν,
2405 672 2654 737 ἐπιδείξω
2689 672 2777 727 διὰ
2800 674 2898 743 τῆς
2931 673 3060 744 περὶ
3099 674 3241 745 ὑμᾶς
3274 674 3601 745 κηδεμονίας
3621 691 3715 731 σα-

2137 764 2253 834 φῶς
2288 766 2522 835 ἐμαυτὸν
2558 766 2952 837 ὑπερκείμενον
2990 766 3097 819 τῶν
3151 766 3439 819 ἁπάντων·
3484 771 3560 835 (p.
3578 765 3717 837 ’1750)

2138 855 2235 909 ἆτε
2266 855 2467 927 Κύριός
2492 874 2551 910 τε
2590 858 2683 911 καὶ
2718 857 2947 928 ποιητὴς
2990 856 3099 910 τῶν
3136 857 3391 911 ἁπάντων
3430 856 3712 928 ύπάρχωψ

2138 946 2205 1000 δι’
2235 946 2356 1001 ὅλου
2401 949 2457 1002 δὲ
2488 949 2553 1002 ἐκ
2597 948 2706 1003 τῶν
2742 948 2974 1003 καθόλου
3009 950 3151 1020 παρ’
3180 947 3344 1003 αὑτοῦ
3380 948 3718 1019 γιγνομένων

2137 1038 2476 1093 ἐπιστώσατο
2499 1042 2569 1094 τὰ
2594 1038 2858 1113 παρόντα.
2890 1042 2965 1094 Ού
2989 1038 3301 1110 θαυμαστὸν
3336 1040 3392 1093 δὲ
3421 1041 3469 1093 εἰ
3498 1039 3720 1109 χριστὸν

2138 1129 2374 1201 κέκληκε
2428 1133 2521 1186 τὸν
2567 1133 2769 1205 Κῦρον,
2808 1133 2870 1186 ού
2914 1134 3041 1197 τοὺς
3089 1130 3479 1204 κεχρισμένους
3535 1131 3717 1202 μόνον,

2137 1222 2346 1287 πάντας
2375 1224 2432 1279 δὲ
2470 1226 2594 1289 τοὺς
2626 1225 3033 1296 ἐξειλεγμένους
3065 1225 3211 1288 ὅπως
3248 1225 3376 1280 ποτὲ
3422 1222 3593 1296 ταύτῃ
3618 1241 3710 1277 κα-

2136 1311 2248 1366 λεῖν
2271 1314 2477 1380 εἰωθὼς
2508 1318 2573 1388 τῇ
2603 1320 2754 1388 φωνῇ
2780 1333 2794 1351 '
2816 1316 2892 1381 ὼς
2918 1317 3001 1384 τὸ,
3041 1336 3059 1370 ‹
3091 1316 3182 1387 Μὴ
3206 1314 3440 1370 ἀπτεσθε
3467 1315 3576 1368 τῶν
3599 1332 3719 1386 χρι-

459 1402 599 1455 στῶν
630 1418 751 1471 μου,
780 1404 873 1457 καὶ
902 1405 959 1458 ἐν
994 1409 1108 1471 τοῖς
1145 1406 1450 1480 προφήταις
1489 1421 1591 1476 μου
1622 1402 1697 1475 μὴ
1730 1399 2125 1476 πονηρεύεσθε·
2154 1420 2179 1455 ι
2205 1407 2461 1478 χριστοὺς
2487 1409 2597 1480 γὰρ
2634 1409 2867 1465 ἐνταῦθα
2899 1410 2960 1464 ού
2988 1409 3379 1482 κεχρισμένους
3415 1407 3569 1462 καλεῖ
3592 1410 3722 1472 τοὺς

457 1496 585 1567 περὶ
614 1493 704 1546 τὸν
737 1493 1004 1567 Ἀϐραὰμ,
1036 1498 1112 1563 ὡς
1139 1498 1195 1552 δὲ
1216 1497 1617 1569 ἐξειλεγμένους
1651 1495 1828 1567 μόνον.

1112 1635 1265 1692 CAP.
1310 1636 1375 1692 V.

532 1737 695 1795 Vens.
733 1740 785 1806 l,
815 1740 872 1796 2.
907 1773 979 1784 ο-
1009 1763 1028 1797 ι
1068 1744 1267 1804 Audite
1285 1747 1515 1805 verbum
1545 1749 1712 1820 istud,
1737 1767 1898 1824 quem
1934 1765 2037 1824 ego

459 1830 670 1887 scilicet
729 1846 954 1889 assumo
1003 1851 1171 1908 super
1223 1852 1342 1904 vos,
1391 1839 1671 1911 planctum
1738 1861 1754 1899 :
1839 1841 2038 1903 domus

457 1921 677 1980 Israelis
703 1925 922 1993 cecidit,
981 1942 1090 1984 non
1125 1929 1344 1999 adjiciet
1377 1932 1614 2003 amplius
1643 1941 1705 1989 ut
1736 1942 1989 2007 resurgat
2020 1951 2035 1991 :

456 2014 612 2084 virgo
643 2012 861 2070 lsraelis
888 2016 1134 2086 projecta
1158 2024 1241 2073 est
1271 2018 1327 2073 in
1350 2025 1553 2077 terram
1582 2036 1765 2089 suam,
1794 2039 1906 2080 non
1953 2034 2040 2081 est

456 2105 549 2175 qui
581 2105 747 2176 erigat
771 2121 914 2161 eam.
958 2126 976 2159 ι
1006 2106 1328 2178 Signiﬁcata
1361 2111 1416 2165 in
1445 2112 1880 2182 praecedentibus
1919 2130 2039 2171 ma-

457 2198 635 2252 lorum
685 2199 982 2266 solutione,
1033 2200 1275 2256 minatur
1328 2203 1527 2258 iterum
1576 2220 1729 2262 more
1750 2222 1853 2263 suo
1884 2204 2043 2278 puni-

458 2288 694 2357 tionem;
740 2291 844 2345 hac
876 2290 1097 2361 quidem
1126 2299 1342 2351 terrens
1364 2301 1418 2350 et
1442 2294 1510 2350 ad
1550 2297 1871 2355 modestiam
1896 2314 2042 2355 com-

457 2395 691 2451 ponens,
716 2382 808 2436 illa
841 2392 1022 2439 autem
1053 2385 1121 2439 ad
1156 2387 1528 2456 paenitentiam
1561 2388 1821 2446 invitans.
1857 2388 2037 2457 Fletu,

459 2473 656 2545 inquit,
709 2474 885 2546 dignae
934 2490 1022 2532 res
1077 2485 1271 2533 vestrae
1301 2486 1430 2535 sunt
1468 2496 1484 2534 :
1524 2480 1682 2551 lapsu
1709 2482 2039 2552 gravissimo

456 2572 679 2635 propter
726 2573 939 2623 vestras
995 2568 1474 2638 praevaricationes
1521 2573 1832 2640 corruistis,
1894 2574 2040 2630 unde

457 2656 800 2712 sublevatum
840 2657 998 2729 115
1041 2659 1109 2714 iri
1134 2661 1282 2716 nulla
1323 2678 1474 2733 spes,
1517 2679 1641 2719 cum
1665 2673 1814 2722 tanta
1841 2666 1914 2722 sit
1941 2667 2041 2721 tri-

458 2748 621 2802 stium
671 2764 899 2804 casuum
934 2751 1277 2821 magnitudo.
1315 2772 1334 2805 ‹
1380 2752 1678 2825 Propterea
1735 2756 1851 2811 haec
1907 2756 2039 2813 dicit

458 2839 722 2894 Dominus
754 2857 769 2894 :
807 2839 884 2892 Ex
910 2856 1017 2911 qua
1048 2842 1184 2897 urbe
1220 2843 1644 2914 egrediebantur
1678 2846 1844 2914 mille,
1881 2848 2042 2904 relin-

457 2934 694 2997 quentur
719 2928 774 2983 in
827 2942 889 2983 ea
938 2938 1193 2984 centum:
1236 2940 1292 2986 et
1338 2946 1404 2987 ex
1459 2947 1566 3003 qua
1621 2935 2040 3005 egrediebantur

2785 1628 2943 1684 ΚΕΦ.
2986 1634 3065 1685 ι’.

2208 1743 2359 1815 Στίχ.
2389 1748 2459 1809 α’,
2502 1741 2568 1812 β’.
2591 1767 2659 1782 -ι-
2692 1758 2713 1792 t
2758 1739 3054 1795 ’Δκούσατε
3098 1739 3191 1796 τὸν
3220 1739 3378 1811 λόγον
3411 1739 3622 1809 τοῦτον,
3655 1742 3716 1796 ὃν

2137 1831 2251 1905 ἐγὼ
2286 1833 2549 1905 λαμϐάνω
2585 1831 2672 1903 ἐφ’
2699 1832 2843 1904 ὑμᾶς
2876 1830 3106 1905 θρῆνον·
3137 1825 3287 1897 οἶκος
3327 1831 3547 1904 Ἰσραὴλ
3582 1831 3707 1885 έπεο

2140 1941 2264 1979 σεν·
2292 1923 2475 1979 οὐκέτι
2502 1923 2579 1995 μὴ
2608 1922 2817 1995 προσθῇ
2846 1922 2940 1977 τοῦ
2961 1922 3296 1994 ἀναστῆναι·
3333 1922 3602 1998 παρθένος
3618 1924 3714 1978 τοῦ

2151 2015 2367 2090 Ἰσραὴλ
2404 2015 2634 2084 ἔσφαλεν
2682 2013 2774 2068 ἐπὶ
2813 2016 2912 2085 τῆς
2944 2014 3048 2085 γῆς
3096 2014 3267 2086 αὐτῆς
3291 2029 3306 2046 ’
3348 2014 3451 2069 οὐκ
3494 2014 3642 2070 ἐστιν
3687 2019 3717 2070 ὁ

2139 2107 2371 2164 ἀνιστῶν
2408 2107 2599 2177 αὐτήν.
2633 2123 2652 2158 ι
2682 2103 2937 2177 Μηνύσας
2964 2104 3052 2158 διὰ
3077 2103 3185 2158 τῶν
3221 2104 3596 2177 προκειμένων
3620 2106 3717 2177 τὴν

2139 2199 2290 2254 λύσιν
2314 2197 2423 2253 τῶν
2444 2197 2652 2261 κακῶν,
2676 2196 2889 2252 ἀπειλεῖ
2914 2196 3076 2251 πάλιν
3102 2196 3283 2261 καθὼς
3308 2196 3464 2252 εἴωθε
3504 2198 3603 2269 τὴν
3639 2215 3716 2251 τι·

2142 2290 2354 2363 μωρίαν
2379 2306 2391 2319 ’
2424 2289 2512 2343 διά
2541 2287 2741 2360 ταύτης
2778 2287 2875 2359 μὲν
2904 2286 3084 2357 φοϐῶν
3118 2304 3179 2341 τε
3209 2288 3303 2342 καὶ
3346 2287 3713 2359 σωφρονίζων,

2137 2380 2205 2433 δι’
2235 2379 2442 2433 ἐκείνου
2483 2378 2539 2431 δὲ
2577 2378 2713 2449 προς
2742 2377 3028 2447 μετάνοιαν
3061 2376 3477 2448 ἐκκαλούμενος.
3508 2378 3715 2448 Θρήνου

2137 2471 2224 2543 δὴ,
2262 2473 2445 2543 φησὶν,
2478 2469 2602 2536 ἀξια
2630 2470 2700 2524 τὰ
2734 2469 2856 2523 καθ’
2896 2470 3073 2542 ὑμᾶς’
3108 2469 3433 2525 πεπτώκατε
3472 2468 3580 2541 γὰρ
3625 2469 3715 2523 διὰ

2138 2561 2237 2624 τὰς
2287 2559 2495 2623 οἰκείας
2541 2558 2883 2629 παρανομίας
2933 2558 3133 2629 πτῶμα
3182 2558 3459 2629 μέγιστον,
3508 2556 3601 2628 ἀφ’
3652 2552 3714 2610 οῦ

2142 2651 2277 2724 μηδὲ
2316 2649 2470 2704 λύσιν
2507 2649 2714 2703 ἔνεστιν
2754 2649 2974 2703 ἐλπίσαι
3006 2650 3145 2704 κατά
3166 2666 3229 2719 γε
3254 2649 3316 2705 τὺ
3350 2648 3578 2720 μέγεθος
3606 2648 3718 2703 τῶν

2141 2742 2484 2813 συμϐάντων.
2520 2763 2539 2793 ι
2573 2741 2715 2795 Διότι
2742 2741 2868 2796 τάδε
2908 2740 3057 2812 λέγει
3089 2740 3323 2813 Κύριος*
3376 2742 3471 2795 Ἐκ
3511 2740 3717 2804 πόλεως

2139 2832 2201 2898 ἐξ
2221 2827 2289 2904 ἧς
2326 2831 2707 2904 ἐξεπορεύοντο
2746 2831 2927 2903 χίλιοι,
2958 2831 3444 2904 ὑπολειφθήσονται
3486 2832 3675 2886 ἑκατόν
3698 2845 3715 2862 ⁸

2140 2923 2237 2979 καὶ
2277 2922 2334 2991 ἐξ
2362 2917 2428 2995 ἦς
2466 2920 2849 2994 ἐξεπορεύοντο
2881 2920 3096 2986 ἑκατὸν,
3143 2920 3629 2994 ὑπολειφθήσονται
3658 2922 3717 2974 ἐν

458 3024 700 3081 centum,
728 3017 1108 3087 relinquentur
1134 3019 1187 3073 in
1214 3034 1276 3075 ea
1304 3020 1491 3077 decem
1521 3021 1709 3078 domui
1734 3022 1973 3081 lsraelis.
2013 3046 2031 3079 ι

2140 3015 2277 3087 αὐτῇ
2317 2993 2445 3069 δέκα
2492 3014 2570 3086 τῷ
2607 2993 2741 3086 οἴκῳ
2786 3013 3021 3085 Ἰσραήλ.
3058 3030 3078 3066 ι
3116 3012 3365 3084 Τοσαύτη
3410 3013 3519 3085 γάρ
3564 3012 3717 3084 ὑμῶν

459 3106 635 3162 Tanta
664 3109 807 3162 enim
866 3107 1033 3163 vestri
1083 3109 1151 3163 ab
1181 3110 1431 3166 hostibus
1456 3120 1668 3183 strages
1713 3113 1825 3178 ﬂet,
1863 3123 1923 3168 ut
1948 3115 2038 3171 vix

459 3203 675 3251 centum
712 3196 779 3250 de
817 3196 984 3263 mille,
1028 3197 1116 3251 vix
1144 3200 1330 3255 decem
1364 3200 1430 3256 de
1453 3208 1672 3256 centum
1701 3202 1755 3256 in
1790 3219 2037 3275 unaqua-

460 3302 567 3358 que
607 3285 743 3341 urbe
782 3287 1153 3357 comperiendi
1196 3289 1325 3345 sint.
1369 3309 1389 3342 ι
1431 3291 1720 3364 Propterea
1767 3294 1883 3351 hanc
1910 3297 2040 3352 dicit

463 3377 728 3432 Dominus
763 3376 951 3433 domui
978 3378 1195 3436 lsraelis
1237 3398 1252 3436 :
1287 3380 1528 3448 Quarrite
1560 3399 1670 3447 me,
1713 3392 1765 3439 et
1797 3387 1992 3445 vivetis
2021 3407 2034 3442 :

461 3476 517 3522 et
554 3468 719 3525 nolite
770 3484 1013 3540 quaerere
1059 3470 1266 3539 Bethel,
1325 3482 1379 3528 et
1410 3473 1464 3528 in
1504 3473 1725 3546 Galgala
1757 3476 1927 3533 nolite
1954 3478 2040 3533 in-

465 3571 633 3627 trare,
664 3569 718 3616 et
757 3563 822 3617 ad
845 3572 1067 3634 puteum
1116 3563 1416 3634 juramenti
1448 3583 1517 3622 ne
1544 3568 1875 3633 ascendatis,
1908 3571 2037 3641 quia

462 3649 683 3723 Galgala
740 3652 1014 3724 captivata
1068 3653 1489 3724 captivabuntur
1525 3673 1538 3709 :
1579 3663 1634 3710 et
1688 3654 1872 3712 Bethel
1934 3658 2040 3713 erit

463 3742 619 3813 quasi
648 3758 756 3797 non
784 3743 1074 3799 exsistens.
1121 3762 1140 3796 ι
1175 3743 1419 3800 Consulo
1440 3744 1605 3816 igitur
1670 3745 1825 3802 vobis
1880 3754 1942 3801 ut
1970 3746 2038 3802 ad

463 3847 552 3887 me
579 3834 857 3904 spectetis,
886 3834 1209 3890 abstineatis
1256 3851 1285 3889 a
1313 3835 1502 3891 Bethel
1547 3844 1600 3893 et
1628 3834 1870 3909 Galgalis
1914 3847 1970 3895 et
2006 3851 2037 3893 a

464 3932 628 3995 puteo
656 3924 974 3994 juramenli,
1005 3927 1070 3981 ad
1104 3942 1223 3997 quae
1247 3942 1392 3983 nunc
1420 3929 1771 3994 concurritis,
1818 3929 1959 3985 idola
1986 3937 2041 3986 et

464 4017 736 4071 daemones
773 4016 881 4071 illis
926 4017 1062 4073 locis
1112 4019 1438 4088 adoraturi;
1488 4019 1682 4075 scitote
1718 4021 1885 4087 enim,
1927 4018 2042 4077 haec

462 4107 645 4161 omnia
713 4107 994 4162 vobiscum
1069 4109 1122 4163 in
1213 4110 1561 4166 solitudinem
1613 4111 1894 4167 redactum
1950 4112 2037 4168 iri.

468 4219 486 4251 ι
525 4199 761 4267 Quaerite
786 4199 1096 4267 Dominum,
1130 4209 1184 4258 et
1215 4203 1407 4259 vivctis
1437 4221 1450 4258 :
1488 4218 1554 4258 ne
1593 4201 1813 4273 Iosephi
1842 4203 2040 4261 domus

2139 3108 2427 3180 γενήσεται
2473 3106 2579 3160 ὑπὸ
2622 3105 2731 3160 τῶν
2764 3104 3039 3176 πολεμίων
3069 3105 3101 3176 ἡ
3135 3102 3336 3175 σφαγὴ,
3380 3104 3522 3159 ὥστε
3563 3104 3716 3175 μόλις

2143 3200 2241 3272 μὲν
2264 3198 2456 3254 ἐκατὸν
2482 3198 2589 3253 ἀπὸ
2614 3197 2823 3269 χιλίων,
2857 3196 3010 3268 μόλις
3037 3196 3093 3249 δὲ
3120 3196 3252 3250 δέκα
3290 3195 3349 3261 ἐξ
3377 3195 3570 3250 ἑκατὸν
3596 3196 3718 3250 καθ’

2139 3289 2375 3359 ἑκάστην
2425 3293 2500 3359 (p.
2546 3289 2670 3356 Hd)
2730 3287 3078 3360 εὑρίσκεσθαι
3133 3287 3306 3341 πόλιν.
3343 3304 3363 3339 ‹
3400 3288 3546 3341 Διότι
3590 3288 3717 3341 τάδε

2139 3378 2287 3447 λέγει
2330 3379 2533 3449 Κύριος
2562 3376 2698 3450 πρὸς
2729 3377 2820 3433 τὸν
2860 3372 3007 3431 οἷκον
3058 3375 3300 3448 Ἰσραήλ·
3346 3376 3717 3449 Ἐκζητήσατέ

2144 3486 2233 3540 με,
2261 3469 2356 3523 καὶ
2390 3468 2656 3541 ζήσεσθε·
2693 3469 2787 3523 καὶ
2820 3468 2894 3541 μὴ
2929 3466 3208 3538 ἐκζητεῖτε
3251 3468 3476 3540 Βαιθὴλ,
3513 3469 3608 3523 καὶ
3638 3472 3718 3533 εἰς

2140 3561 2390 3631 Γάλγαλα
2416 3562 2489 3634 μὴ
2509 3562 2913 3635 εἰσπορεύεσοε,
2934 3563 3028 3616 καὶ
3050 3561 3144 3615 ἐπὶ
3161 3559 3221 3613 τὸ
3243 3560 3419 3632 φρέαρ
3439 3560 3531 3613 τοῦ
3555 3562 3716 3633 ὅρκου

2143 3652 2220 3726 μὴ
2246 3652 2588 3708 ἀναϐαίνετε·
2618 3653 2700 3707 ὅτι
2717 3651 2964 3722 Γάλγαλα
2980 3650 3497 3723 αἱχμαλωτευομένη
3522 3651 3718 3722 αἰχμα-

2140 3744 2558 3818 λωτευθήσεται,
2583 3745 2677 3799 καὶ
2705 3743 2907 3816 Βαιθὴλ
2934 3743 3084 3798 ἕσται
3109 3743 3184 3807 ὡς
3203 3743 3302 3814 οὐχ
3327 3741 3665 3815 ὑπάρχουσα.
3692 3760 3713 3795 ι

2141 3835 2500 3907 Συμϐουλεύω
2526 3835 2705 3890 τοίνυν
2727 3835 2854 3906 ύμῖν
2887 3834 3016 3890 ιδείν
3046 3834 3144 3907 μὲν
3172 3835 3306 3905 πρὸς
3335 3834 3456 3904 ἐμὲ,
3480 3835 3720 3905 ἀποστῆ-

2141 3944 2228 3984 ναι
2267 3928 2325 3982 δὲ
2363 3925 2567 3997 Βαιθήλ
2597 3942 2657 3979 τε
2681 3926 2775 3980 καὶ
2801 3924 3090 3995 Γαλγάλων
3113 3924 3206 3978 καὶ
3239 3922 3334 3978 τοῦ
3366 3925 3598 3996 φρέατος
3622 3926 3717 3983 τοῦ

2141 4018 2329 4092 ὅρκου,
2363 4017 2421 4073 ἐν
2450 4014 2642 4086 οἷσπερ
2680 4016 3004 4088 συντρέχετε
3037 4013 3154 4080 νῦν,
3183 4015 3378 4070 εἴδωλά
3397 4033 3455 4070 τε
3482 4017 3577 4071 καὶ
3602 4016 3716 4072 δαί-

2146 4125 2313 4181 μονας
2336 4107 2726 4180 θεραπεύοντες
2748 4108 2804 4162 ἐν
2826 4106 3138 4171 τοῖςτόποις
3158 4106 3407 4175 ἐκείνοις,
3433 4104 3490 4162 εὖ
3516 4109 3715 4172 εἰδότες

2142 4197 2216 4262 ὡς
2234 4196 2439 4269 ἐρημία
2470 4198 2561 4251 καὶ
2587 4196 2761 4251 ταῦτα
2776 4195 3003 4268 λήψεται
3031 4195 3207 4249 πάντα
3231 4195 3350 4267 μεθ’
3375 4196 3546 4268 ὑμῶν.
3561 4216 3579 4249 ι
3602 4197 3716 4251 Ἐκ-

461 4290 829 4346 suecendatur
854 4300 911 4346 ut
939 4292 1103 4362 ignis,
1131 4293 1223 4363 qui
1250 4291 1476 4348 devoret
1518 4307 1637 4348 eam
1659 4309 1677 4361 ;
1703 4300 1757 4348 et
1786 4308 1892 4349 non
1932 4294 2037 4350 erit

2144 4284 2414 4357 ζητήσατε
2456 4285 2547 4339 τὸν
2585 4285 2809 4357 Κύριον,
2850 4284 2946 4337 καὶ
2977 4281 3241 4355 ζήσεσθε*
3272 4284 3421 4347 ὅπως
3464 4284 3540 4357 μὴ
3580 4285 3710 4339 ἀνα.

459 4380 879 4453 quiexstinguat
906 4381 1127 4436 domum
1160 4382 1480 4455 (ardentem)
1505 4381 1742 4442 lsraelis.
1771 4404 1789 4440 ι
1810 4384 2038 4445 Omissis

2143 4377 2332 4450 λάμψῃ
2367 4377 2443 4440 ὡς
2483 4377 2593 4449 πῦρ
2622 4378 2650 4430 ὀ
2695 4373 2841 4439 οἶκος
2878 4374 2971 4428 τοῦ
3018 4373 3234 4446 Ἰωσὴφ,
3282 4375 3373 4428 καὶ
3426 4376 3718 4448 καταφάγῃ

460 4472 589 4537 illis,
626 4472 737 4529 Deo
771 4474 1064 4540 adhazrete,
1097 4491 1164 4529 ne
1192 4476 1405 4546 punitio
1435 4492 1463 4531 a
1497 4476 1632 4545 Deo,
1664 4480 1822 4550 quasi
1869 4479 2035 4552 ignis,

459 4578 556 4619 vos
603 4580 795 4623 omnes
827 4566 1119 4623 comburat
1153 4584 1167 4621 :
1222 4582 1421 4638 neque,
1459 4568 1505 4623 si
1554 4567 1701 4626 Deus
1731 4570 1873 4625 mala
1920 4572 2037 4626 hac

458 4654 614 4708 vobis
683 4654 990 4725 immiserit,
1059 4656 1303 4713 invenire
1369 4657 1712 4718 defensorem
1764 4660 1920 4719 vobis
1971 4661 2037 4716 li-

465 4743 622 4799 :ebit.

531 5055 696 5112 Vnus.
740 5057 859 5112 7-9.
880 5086 948 5097 —
986 5077 1006 5111 ι
1045 5058 1147 5125 Qui
1176 5058 1304 5116 facit
1334 5061 1388 5117 in
1411 5061 1630 5119 excelso
1661 5061 1957 5134 judicium,
1981 5069 2037 5119 et

2142 4469 2328 4533 αὐτὸν,
2363 4468 2456 4523 καὶ
2485 4468 2586 4521 οῦκ
2628 4466 2780 4520 ἔσται
2809 4466 2838 4518 ὁ
2872 4465 3079 4518 σϐέσων
3110 4464 3200 4517 τὸν
3242 4460 3388 4518 οἷκον
3422 4464 3638 4537 Ἰσραήλ
3691 4484 3709 4517 ι

2155 4560 2441 4631 ’Δφέμενοι
2466 4559 2524 4614 δὲ
2543 4556 2765 4622 τούτων,
2797 4555 2916 4628 Θεῷ
2943 4556 3327 4628 προσανέχετε,
3350 4557 3489 4611 ὥστε
3523 4557 3598 4628 μὴ
3620 4557 3714 4629 τὴν

2142 4649 2412 4721 τιμωρίαν
2443 4649 2539 4720 τὴν
2582 4646 2735 4717 παρά
2768 4644 2864 4700 τοῦ
2893 4645 3027 4699 Θεοῦ
3056 4646 3210 4718 δίκην
3256 4646 3427 4717 πυρὸς
3472 4647 3717 4711 ἅπαντας

2144 4740 2288 4809 ὑμᾶς
2337 4736 2701 4806 καταφλέξαιο
2735 4735 2796 4789 οὐ
2839 4735 2948 4806 γὰρ
2981 4734 3091 4789 οἷόν
3122 4752 3201 4801 τε,
3223 4735 3393 4790 ταῦτα
3435 4737 3562 4808 ὑμῖν
3591 4738 3712 4789 ἐπι-

2138 4831 2450 4901 πέμποντος
2501 4826 2597 4881 τοῦ
2637 4826 2793 4893 Θεοῦ,
2840 4828 3133 4902 εὑρεθῆναι
3182 4828 3272 4882 τὸν
3315 4829 3518 4899 ἀμῦναι
3561 4829 3715 4883 δυνά-

2140 4939 2319 4994 μενον.

2208 5056 2357 5137 Στίχ.
2387 5054 2530 5122 ζ’-θ”
2562 5085 2627 5099 -
2665 5076 2683 5108 ι
2733 5056 2790 5110 '0
2821 5055 2988 5109 ποιῶν
3022 5056 3102 5120 εἰς
3125 5055 3258 5125 ὕψος
3294 5056 3486 5128 κρῖμα,
3513 5057 3608 5109 καὶ
3638 5057 3719 5109 δι-

483 5150 730 5205 ustitiam
765 5149 819 5204 in
844 5158 989 5205 terra
1019 5151 1223 5221 posuit.
1268 5170 1288 5205 ι
1326 5150 1482 5207 Haud
1505 5153 1660 5209 decet
1691 5168 1791 5210 vos
1814 5153 2038 5225 quibus-

2140 5148 2430 5219 καιοσύνην
2451 5150 2531 5212 είς
2553 5147 2655 5219 γῆν
2682 5145 2895 5218 έθηκεν.
2939 5166 2958 5199 ι
2997 5147 3131 5200 Οὐδὲ
3158 5148 3266 5219 γάρ
3294 5147 3542 5200 ἀπιστεῖν
3578 5144 3723 5218 ὑμᾶς

466 5241 590 5295 libet
620 5240 713 5296 Dei
766 5241 834 5296 ad
864 5257 961 5299 vos
1013 5242 1179 5300 minis
1218 5244 1303 5300 vel
1360 5245 1820 5313 promissionibus
1876 5243 2036 5300 ﬁdem

2140 5242 2380 5316 προσῆκε
2429 5240 2537 5294 τινὶ
2578 5239 2685 5292 τῶν
2740 5238 3149 5309 ἀπειλουμένων
3197 5238 3229 5310 ἢ
3276 5238 3723 5308 ὑπισχνουμένων

462 5346 661 5400 negare
695 5352 709 5388 :
735 5333 852 5403 ipse
876 5334 1021 5389 enim
1051 5343 1135 5391 est
1166 5335 1257 5405 qui
1280 5335 1549 5407 judicium
1575 5344 1741 5408 atque
1766 5336 2038 5407 justitiam

2140 5335 2266 5413 ὑμῖν
2303 5332 2451 5404 παρὰ
2478 5331 2572 5385 τοῦ
2600 5330 2765 5384 Θεοῦο
2798 5330 2984 5400 ἐπειδὴ
3016 5323 3171 5393 οὗτός
3208 5330 3355 5382 ἐστιν
3377 5331 3403 5382 ὁ
3427 5332 3602 5401 κρῖμα
3627 5329 3724 5383 καὶ

462 5428 575 5473 tum
604 5421 656 5475 in
700 5424 919 5479 excelso
951 5437 1189 5488 exercet,
1224 5432 1340 5479 tum
1398 5425 1561 5481 etiam
1600 5428 1656 5483 in
1692 5434 1840 5483 terra
1872 5427 2038 5482 collo-

2140 5418 2488 5496 δικαιοσύνην
2521 5425 2599 5488 είς
2641 5422 2774 5491 ὕψος
2816 5439 2875 5475 τε
2924 5420 3094 5474 ποιῶν
3138 5420 3232 5475 καὶ
3262 5425 3342 5485 εἰς
3371 5422 3475 5490 γῆν
3516 5418 3723 5483 τιθείς·

463 5510 625 5565 cavit.
650 5509 917 5568 Nimirum
945 5514 1111 5570 dicit:
1135 5515 1232 5570 Hic
1263 5523 1368 5583 est,
1395 5518 1487 5587 qui
1518 5518 1674 5573 vobis
1709 5506 2038 5589 patientibus

2142 5519 2229 5571 ἵνα
2273 5494 2537 5590 εἴπῃ,νὸτι
2582 5509 2750 5577 Οὗτός
2794 5514 2940 5565 ἐστιν
2981 5513 3009 5564 ὁ
3048 5510 3425 5580 ἀδικουμένοις
3462 5509 3593 5581 ὑμῖν
3620 5509 3725 5562 ὑπὸ

463 5601 718 5672 injuriam
758 5604 826 5660 ab
878 5606 1131 5662 hostibus
1168 5608 1258 5678 jus
1290 5609 1515 5663 rediere
1548 5616 1766 5680 potest;
1809 5617 1862 5666 et
1910 5593 2038 5711 illos

2145 5609 2255 5663 τῶν
2290 5608 2561 5679 πελεμίων
2599 5607 2779 5676 κρῖναι
2815 5602 3142 5674 δυνάμενοςο
3176 5602 3269 5655 καὶ
3305 5596 3727 5673 τιμωρήσασθαι

535 5782 578 5815 ⁸ο
618 5781 763 5839 Psal.
807 5795 916 5840 CIV.
955 5782 1006 5836 5.
