4102 6454
337 400 456 458 275

1350 392 1904 453 εοιιΜεΝτΑιιιυε
1925 367 2010 450 ἰΝ
2049 391 2265 450 suom
2295 393 2448 451 CAP.
2483 394 2543 452 ν.

3533 396 3639 450 επ

350 518 460 590 μὲν
487 516 619 581 τοὺς
646 513 884 570 τοσαῦτα
909 513 1038 587 ὑμῖν
1058 512 1365 583 ἐπάγοντας
1387 512 1554 580 κακὰ,
1575 510 1745 577 δεῖξαι
1767 511 1825 565 δέ
1848 511 1949 583 τὴν

2069 507 2275 579 quidem
2303 510 2502 580 punire
2528 508 2621 582 qui
2642 516 2789 566 tanta
2811 509 3056 568 inferunt
3073 510 3215 568 mala
3235 510 3649 579 ;dem6nstrare

347 608 711 680 δικαιοσύνην
749 608 845 662 καὶ
863 606 963 678 τὴν
991 605 1196 679 κρίσιν,
1233 604 1310 677 (ρ.
1353 605 1476 675 175)
1517 605 1584 676 ἢν
1614 603 1756 675 ὑπὲρ
1796 602 1952 675 ὑμῶν

349 702 465 756 τῶν
496 701 594 756 ἐπὶ
622 700 728 771 γῆς
776 699 946 752 ὅντων
984 698 1237 762 ποιεῖται,
1275 696 1517 767 μεγάλην
1550 712 1612 747 τε
1659 690 1827 749 οὖσαν
1858 694 1953 748 καλ⁵

351 795 566 857 παντὸς
596 793 877 862 γέμουσαν
928 787 1226 861 θαύματος.
1260 787 1374 842 Kal.
1405 787 1485 851 είς
1534 785 1800 841 πίστωσιν
1845 785 1953 841 τῶν

356 885 560 951 ιύτῶν,
596 886 795 954 ἐπάγει
821 882 1012 938 πάλιψ
1061 901 1081 934 ι
1125 882 1185 935 '0
1215 879 1383 934 ποιῶν
1426 880 1604 936 πάντα
1643 880 1737 934 καὶ
1787 896 1955 950 μετα-

356 974 670 1040 τκευάξων.
713 993 734 1026 ι
766 973 879 1027 Καὶ
912 972 1022 1043 γὰρ
1051 972 1145 1025 καὶ
1178 974 1348 1025 ποιεῖν
1376 968 1594 1024 ἅπαντα
1648 968 1749 1023 οὐκ
1800 969 1951 1037 ὄντα,

346 1067 451 1119 καὶ
480 1066 745 1135 γεγονότα
785 1062 1142 1136 μεταϐάλλειν
1180 1065 1262 1127 είς
1287 1063 1316 1116 6
1343 1080 1396 1116 τι
1430 1061 1701 1132 βούλεται,
1729 1060 1955 1116 δύναται

349 1157 586 1230 ῥᾳδίως.
620 1176 639 1209 ι
678 1156 788 1209 Καὶ
817 1155 1101 1227 ἐκτρέπων
1133 1156 1211 1220 είς
1244 1157 1305 1209 τὸ
1330 1154 1475 1226 πρωῒ
1510 1154 1671 1209 σκιὰν
1700 1154 1953 1223 θανάτου,

348 1250 453 1303 καὶ
479 1249 696 1320 ἡμέραν
717 1250 797 1312 είς
826 1248 996 1302 νύκτα
1022 1247 1395 1313 συσκοτάξων.
1429 1266 1447 1299 ι
1481 1240 1649 1310 Οὗτος
1677 1246 1955 1311 κινδύνους

339 1340 594 1395 θάνατον
627 1339 934 1406 ἐπάγοντας
958 1339 1040 1403 είς
1066 1338 1407 1410 εὐφροσύνην
1433 1337 1692 1409 λαμπράν
1718 1354 1841 1391 τινα
1862 1337 1958 1391 καὶ

347 1431 548 1501 ἡδεῖαν
585 1428 946 1500 μεταϐάλλειν
993 1427 1305 1499 αὐτάρκης·
1339 1426 1465 1490 τοὺς
1512 1427 1569 1478 ἐν
1612 1424 1957 1495 λαμπρότητί

344 1540 413 1575 τε
449 1518 595 1576 εἶναι
639 1520 954 1584 δοκοῦντας,
982 1520 1159 1590 σκότῳ
1204 1518 1291 1571 διά
1321 1516 1430 1570 τῶν
1460 1517 1757 1589 συμφορῶν
1804 1534 1959 1589 περι-

348 1614 581 1667 ϐάλλειν
623 1612 850 1666 δύναται
886 1612 1115 1683 ῥᾳδίωςο
1146 1610 1393 1681 βούλεται
1434 1610 1543 1681 γὰρ
1586 1608 1864 1663 κάνταῦθα
1895 1610 1959 1662 ἐκ

348 1703 469 1755 τῶν
507 1702 738 1756 καθόλου
816 1700 1104 1771 συστῆσαι,
1150 1702 1232 1753 ὅτι
1279 1700 1560 1772 αὐτάρκης
1599 1699 1695 1754 καλ
1727 1699 1795 1755 τά
1838 1701 1958 1753 κατ’

349 1796 564 1859 αὐτοὺς
610 1795 687 1858 ὡς
734 1793 983 1865 βούλεται
1032 1792 1386 1863 μεταϐαλεῖν·
1437 1793 1534 1847 καὶ
1574 1793 1705 1846 ποτέ
1750 1793 1848 1863 μὲν
1893 1794 1959 1846 ἐκ

352 1884 663 1955 συμφορῶν
684 1886 762 1948 είς
784 1883 1086 1955 εὐημερίαν
1117 1883 1393 1955 μετάγειν,
1435 1883 1564 1937 ποτε
1583 1883 1638 1936 δέ
1661 1884 1719 1951 ἐξ
1751 1883 1958 1955 εύημε-
1990 1866 2032 1922 Β

353 1980 487 2049 pias;
528 1980 608 2042 είς
651 1976 941 2048 συμφοράς
994 1976 1276 2047 καθιστᾷν.
1309 1993 1328 2028 ι
1374 1976 1432 2029 '0
1481 1976 1959 2048 προσκαλούμενος

350 2069 419 2121 τό
459 2068 612 2138 ῦδωρ
637 2069 736 2139 τῆς
764 2067 1065 2138 θαλάσσης,
1105 2067 1200 2121 καὶ
1235 2068 1442 2137 ἐκχὲων
1467 2068 1601 2122 αὐτὸ
1644 2068 1738 2124 ἐπὶ
1791 2085 1960 2139 προσ-

348 2159 521 2213 ώπου
550 2160 649 2230 τῆς
677 2161 802 2230 γῆς,
827 2160 1032 2232 Κύριος
1059 2161 1088 2212 6
1114 2160 1267 2223 Θεὸς,
1293 2162 1321 2213 6
1351 2161 1750 2232 Παντοκράτωρ
1789 2160 1961 2232 ὃνομα

350 2252 537 2322 αύτῷ.
583 2272 602 2303 ι
637 2244 808 2316 Οὗτος
828 2254 857 2305 6
890 2252 984 2305 καὶ
1010 2252 1072 2305 τό
1096 2253 1198 2322 τῆς
1230 2252 1500 2324 θαλάττης
1530 2252 1674 2324 ὕδωρ
1708 2253 1877 2324 αἴρων
1898 2271 1960 2307 τε

348 2345 451 2399 διὰ
483 2343 599 2397 τῶν
644 2343 886 2412 νεφελῶν
928 2344 1019 2397 καὶ
1063 2344 1205 2397 κατὰ
1254 2339 1665 2414 πάσηςέκχέων
1703 2346 1801 2415 τῆς
1834 2347 1959 2415 γῆς,

353 2432 654 2503 αὐτάρκης
698 2432 794 2484 καὶ
818 2431 915 2485 νῦν
944 2430 1040 2502 τὴν
1070 2431 1177 2485 τῶν
1222 2433 1521 2504 Ἀσσυρίων
1564 2433 1840 2503 στρατιὰν,
1870 2435 1964 2487 θα-

352 2524 571 2594 λάττης
611 2522 840 2594 μέγεθος
868 2524 1232 2595 μιμουμένην,
1265 2525 1349 2593 ἐφ’
1379 2524 1524 2595 ὑμᾶς
1548 2524 1637 2578 διὰ
1666 2526 1763 2596 τῆς
1794 2527 1963 2598 ὀργῆς

346 2613 558 2684 ἐκχέαι
586 2614 686 2684 τῆς
707 2613 934 2675 οἰκείας,
963 2612 1020 2676 ὃς
1056 2613 1165 2666 τῶν
1185 2613 1440 2667 ἁπάντων
1476 2615 1679 2686 Κύριος
1703 2614 1799 2679 ὢν,
1835 2618 1964 2670 αύτ-

346 2706 550 2778 ἁρκης
591 2704 659 2758 τά
715 2704 978 2759 δοκοῦντα
1006 2709 1198 2759 ποιεῖν.
1233 2723 1251 2756 ι
1299 2706 1358 2760 '0
1377 2705 1600 2778 διαιρῶν
1632 2709 1965 2780 συντριμμὸν

350 2799 454 2850 ἐπ’
492 2798 667 2867 ίσχὺν,
700 2799 796 2851 καὶ
832 2798 1212 2870 ταλαιπωρίαν
1246 2799 1336 2853 ἐπὶ
1375 2799 1638 2870 ὀχύρωμα
1662 2800 1904 2868 ἐπάγων.
1940 2820 1959 2853 ι

352 2886 542 2954 Οὗτος
570 2891 668 2945 καὶ
713 2890 894 2961 θλίψιν
932 2891 1033 2962 τὴν
1072 2891 1395 2961 ἐνοχλοῦσαν
1437 2892 1690 2956 διαλύων,
1727 2893 1801 2963 (p.
1841 2893 1965 2965 176)

358 2980 632 3052 ἰσχυροὺς
672 2981 1050 3053 ἀπεργάζεται
1085 2982 1180 3036 καὶ
1210 2982 1337 3046 τοὺς
1375 2984 1440 3037 ἐκ
1462 2984 1572 3037 τῶν
1592 2986 1777 3039 κακῶν
1799 2987 1966 3058 ἠσθε-

353 3075 606 3144 νηκότας
623 3092 635 3103 ο
660 3074 1039 3147 ταλαιπωρίας
1060 3092 1119 3129 τε
1136 3076 1263 3139 τοὺς
1287 3076 1426 3144 ἄγαν
1445 3076 1735 3143 δοκοῦντας
1754 3080 1969 3150 μεγάλα

2056 605 2239 655 autem
2281 598 2553 668 justitiam
2613 607 2779 671 atque
2816 600 3108 671 judicium,
3149 601 3298 673 quod
3355 616 3455 673 pro
3489 599 3650 657 vobis

2055 690 2297 761 regionis
2327 691 2493 763 hujus
2544 691 2744 749 incolis
2785 702 3021 761 exseret,
3058 709 3317 767 magnum
3364 704 3530 765 atque
3558 708 3650 749 ex-

2056 781 2265 839 celsum
2298 790 2354 839 et
2382 783 2536 840 omni
2585 784 2942 841 mirabilitate
2990 785 3233 857 plenum.
3266 785 3648 842 Confirmans-

2057 886 2163 942 que
2193 872 2361 940 dicta,
2384 873 2494 929 ait:
2533 892 2552 926 ι
2584 874 2688 940 Qui
2728 874 2862 929 facit
2899 875 3105 942 omnia,
3124 882 3179 931 et
3208 874 3590 931 transformat.
3621 892 3642 927 ι

2058 963 2269 1021 Revera
2309 966 2458 1021 enim
2505 974 2559 1023 et
2616 967 2800 1022 omnia
2843 967 3027 1023 facere
3054 983 3122 1023 ex
3172 967 3364 1032 nihilo,
3404 975 3459 1023 et
3506 966 3648 1022 facta

2059 1066 2448 1123 transmutare,
2503 1067 2563 1114 ut
2619 1060 2782 1132 116
2839 1060 3098 1127 voluerit,
3159 1059 3414 1130 expedite
3443 1067 3649 1130 potest.

2066 1168 2085 1202 ι
2130 1148 2235 1216 Qui
2269 1152 2620 1207 convertitin
2653 1168 2811 1208 mane
2839 1152 3096 1208 tenebras
3130 1150 3345 1214 mortis,
3396 1158 3452 1206 et
3501 1150 3650 1206 diem

2059 1248 2221 1297 nocte
2238 1242 2581 1298 obtenebrat.
2626 1262 2645 1296 ι
2683 1242 2800 1314 Ipse
2824 1251 3003 1315 potest
3037 1243 3286 1297 mortalia
3315 1242 3560 1314 pericula
3591 1240 3651 1297 in

2060 1333 2409 1404 splendidum
2455 1335 2875 1406 jucundumque
2912 1335 3173 1406 gaudium
3204 1341 3565 1401 convertere;
3598 1344 3654 1390 et

2059 1440 2156 1481 eos
2179 1426 2273 1497 qui
2309 1426 2363 1480 in
2389 1426 2682 1497 splendore
2733 1428 2940 1483 versari
2974 1426 3249 1493 videntur,
3279 1439 3653 1480 aerumnarum

2062 1519 2308 1575 tenebris
2339 1519 2503 1576 facile
2538 1522 2795 1576 obruere.
2824 1519 2954 1575 Vult
2984 1520 3130 1575 enim
3159 1519 3263 1574 hoc
3295 1518 3419 1574 loco
3462 1534 3528 1574 ex
3560 1532 3653 1589 ge-

2061 1612 2342 1668 neralibus
2371 1613 2725 1679 concludere,
2765 1627 2930 1684 posse
2965 1610 3134 1667 Deum
3164 1626 3254 1667 res
3282 1624 3502 1682 quoque
3532 1609 3655 1665 illo-

2064 1717 2185 1757 rum
2221 1718 2320 1773 pro
2350 1720 2451 1759 suo
2485 1704 2639 1760 libito
2665 1712 3043 1772 commutare;
3075 1710 3130 1758 et
3160 1702 3322 1758 modo
3348 1717 3416 1758 ex
3452 1716 3655 1757 aerum-

2064 1794 2151 1849 nis
2173 1796 2227 1849 in
2251 1796 2691 1866 prosperitatem,
2723 1794 2888 1851 modo
2908 1803 3098 1852 contra
3122 1810 3188 1851 ex
3211 1794 3576 1865 prosperitate
3597 1792 3655 1849 in

2060 1901 2359 1942 aerumnam
2419 1887 2743 1943 transferre.
2784 1907 2803 1940 ι
2842 1887 2946 1954 Qui
2991 1893 3151 1941 vocat
3204 1901 3404 1957 aquam
3458 1884 3652 1950 maris,

2060 1987 2116 2035 et
2151 1978 2383 2035 eﬂundit
2409 1994 2573 2050 super
2601 1978 2794 2035 faciem
2832 1988 3012 2044 terra,
3035 1977 3305 2033 Dominus
3334 1975 3500 2043 Deus,
3551 1990 3656 2033 no.

2061 2085 2186 2126 men
2229 2070 2279 2125 ei
2304 2068 2684 2141 Omnipotens.
2725 2091 2743 2124 ι
2782 2070 2924 2140 Ipse,
2973 2072 3067 2142 qui
3104 2071 3273 2126 maris
3297 2084 3498 2141 aquam
3557 2084 3655 2124 nu-

2060 2161 2223 2218 bibus
2277 2162 2498 2226 attollit,
2527 2170 2583 2218 et
2637 2178 2732 2234 per
2797 2163 3113 2219 universam
3165 2170 3371 2218 terram
3422 2159 3657 2217 eﬁ‘undit

2060 2253 2205 2309 valet
2232 2268 2376 2308 nunc
2407 2253 2574 2308 etiam
2602 2252 2958 2324 Assyriorum
2983 2250 3309 2315 exercitum,
3342 2247 3658 2320 amplitudi.

2062 2363 2187 2403 nem
2226 2348 2395 2402 maris
2420 2347 2746 2408 imitantem,
2771 2352 2966 2401 contra
2988 2361 3085 2401 vos
3117 2344 3199 2399 ira
3227 2358 3327 2400 sua
3352 2342 3655 2408 effundere,

2064 2454 2188 2493 cum
2233 2441 2305 2495 sit
2370 2438 2635 2495 Dominus
2685 2440 3048 2507 universalis,
3114 2445 3171 2494 et
3221 2433 3489 2508 quidquid
3551 2434 3660 2491 sibi

2062 2531 2284 2586 libuerit
2317 2546 2578 2602 peragere
2600 2531 2809 2586 valens.
2842 2549 2861 2583 ι
2908 2529 3014 2596 Qui
3042 2529 3235 2585 dividit
3266 2526 3658 2584 contritionem

2066 2637 2232 2692 super
2264 2620 2661 2683 fortitudinem,
2690 2626 2746 2675 et
2774 2620 3052 2675 miseriam
3106 2633 3273 2689 super
3299 2617 3661 2674 munitionem

2066 2712 2312 2767 adducit.
2358 2730 2377 2763 ι
2408 2709 2530 2781 Ipse
2555 2725 2870 2781 pressuram
2899 2711 3184 2765 molestam
3216 2708 3534 2772 sublevans,
3566 2722 3663 2762 va-

2067 2802 2209 2858 lidos
2243 2802 2419 2858 reddit
2448 2802 2613 2857 etiam
2647 2801 2794 2867 illos,
2831 2801 2923 2870 qui
2959 2798 3366 2855 calamitatibus
3410 2805 3543 2854 sunt
3573 2795 3664 2854 deo

2065 2895 2262 2952 bilitati
2302 2912 2314 2948 :
2354 2893 2710 2963 vicissimque
2772 2892 2952 2949 subita
3014 2891 3233 2948 miseria
3291 2890 3537 2961 complet
3563 2888 3662 2961 qui

2068 2982 2281 3053 magnis
2308 2981 2522 3039 viribus
2545 2981 2751 3052 pollere
2777 2981 3051 3035 videntur.
3086 2978 3138 3036 ls
3168 2994 3297 3034 cum
3326 2977 3526 3044 voluit,
3571 2993 3662 3035 res

2071 3085 2281 3132 vestras
2309 3091 2340 3130 a
2386 3075 2614 3132 meliore
2663 3082 2808 3132 statu
2838 3073 3123 3128 transtulit
3168 3070 3236 3126 ad
3280 3071 3658 3128 deteriorem:

353 3165 633 3221 δύνασθαι
681 3166 876 3241 ἀθρόον
917 3167 1143 3241 πληροῖ·
1176 3167 1236 3231 ὃς
1282 3167 1562 3240 βουληθεὶς
1610 3172 1705 3225 καὶ
1746 3172 1812 3227 τά
1846 3173 1967 3226 καθ’

2074 3183 2381 3241 rursusque
2411 3164 2695 3239 siquando
2718 3164 2973 3232 voluerit,
2997 3165 3051 3218 in
3088 3162 3371 3219 meliorem
3403 3162 3562 3219 facile
3586 3177 3666 3223 f0:-

356 3261 520 3329 ὑμᾶς
557 3259 825 3331 μετέϐαλέ
860 3277 922 3313 τε
957 3262 1024 3314 ἐκ
1061 3260 1156 3314 τοῦ
1186 3261 1494 3332 κρείττονος
1520 3264 1613 3317 ἐπὶ
1648 3263 1708 3317 τὸ
1752 3267 1965 3336 χεῖρονο

357 3354 463 3407 καὶ
488 3352 655 3407 πάλιν
691 3354 756 3407 ἐκ
783 3350 878 3405 τοῦ
919 3353 1161 3424 χείρονος
1192 3352 1284 3405 ἐπὶ
1316 3352 1378 3406 τὸ
1404 3355 1650 3425 κρεῖττον
1688 3354 1969 3426 βουληθεὶς

360 3445 674 3515 μεταϐαλεῖ
694 3446 915 3517 ῥᾳδίως.

444 3535 599 3606 Στίχ.
644 3543 694 3599 ι’,
723 3543 812 3590 ια’.
847 3563 903 3575 -
938 3555 957 3589 ι
1004 3539 1303 3610 Ἐμίσησαν
1338 3542 1396 3593 ἐν
1423 3540 1620 3606 πύλαις
1655 3542 1969 3615 ἐλέγχοντα,

360 3628 468 3682 καὶ
504 3626 665 3694 λόγον
705 3629 853 3682 ὅσιον
892 3629 1263 3696 ἐϐδελύξαντο.
1303 3651 1323 3683 ι
1359 3634 1621 3704 Ἀρχεται
1663 3635 1851 3690 λοιπὸν
1888 3639 1975 3691 ἐν-

355 3721 564 3777 τεῦθεν
591 3720 692 3784 τὰς
724 3723 1075 3793 παρανομίας
1115 3724 1293 3778 αὐτῶν
1331 3726 1667 3797 ἐξηγεῖσθαι.
1704 3729 1843 3793 Τοὺς
1872 3731 1971 3801 μὲν

354 3808 464 3867 οὖν
510 3813 797 3883 προφήτας
836 3815 894 3867 ἐν
941 3814 1224 3886 διορθώσει
1267 3818 1365 3881 τὰς
1403 3819 1752 3890 παρανομίας
1791 3820 1972 3876 αὐτῶν

357 3904 623 3975 ἐλέγχειν
667 3905 1175 3977 προσταττομένους
1204 3907 1459 3979 ἐμίσουνο
1503 3909 1880 3966 ἐϐδελύττοντο
1915 3912 1973 3967 δέ

314 3982 321 3989 ⁸
360 3998 467 4054 καὶ
515 3997 803 4070 όπόσαπερ
834 3997 1020 4067 ἔλεγον
1060 4000 1267 4064 αὐτοῖς,
1312 4001 1772 4072 συμϐουλεύοντες
1807 4006 1975 4078 χωρί-

363 4089 565 4155 ζεσθαι
600 4090 704 4161 μὲν
727 4089 836 4143 τῶν
868 4090 1075 4156 κακῶν,
1114 4092 1389 4164 αἱρεῖσθαι
1416 4093 1472 4147 δέ
1518 4094 1587 4148 τά
1618 4095 1880 4165 κρείττω·
1911 4098 1975 4151 τὸ

361 4184 426 4237 δὲ
452 4184 514 4235 ἐν
546 4181 743 4247 πύλαις
790 4182 935 4236 οὕτω
963 4184 1160 4253 φησίν·
1200 4184 1362 4248 Ἐθος
1398 4180 1466 4256 ἦν
1509 4186 1569 4239 τὸ
1611 4187 1839 4243 παλαιὸν
1880 4190 1975 4244 καὶ

362 4274 471 4337 τὰς
497 4272 611 4327 τῶν
625 4274 1075 4342 ἀναγκαιοτάτων
1096 4277 1441 4347 πραγμάτων
1462 4276 1655 4347 βουλάς
1677 4280 1804 4345 τοὺς
1832 4282 1973 4337 κατὰ

367 4367 532 4421 πόλιν
556 4367 620 4420 ὲν
647 4369 768 4431 rei;
790 4366 988 4431 πύλαις
1016 4367 1317 4422 ποιεῖσθαι’
1344 4370 1437 4422 καὶ
1467 4372 1577 4434 τοῖς
1598 4371 1813 4442 ἐχθροῖς
1840 4391 1972 4445 πρε-

369 4460 734 4531 ςϐευομένοις
758 4459 886 4533 περί
918 4477 1083 4525 τινος,
1111 4461 1247 4532 πρὸς
1272 4461 1467 4526 αύτοῦς
1501 4465 1559 4515 ἐν
1591 4464 1820 4529 ἐκείνοις
1842 4466 1976 4519 ἀπο-

2073 3259 2313 3317 vocabit.

2871 3371 2898 3393 τ

2148 3541 2317 3599 Vens.
2369 3544 2459 3611 l0,
2494 3545 2577 3600 ll.
2621 3574 2696 3586 --
2746 3563 2764 3596 ι
2822 3540 2962 3599 Odio
3020 3537 3331 3594 habuerunt
3393 3536 3449 3592 in
3495 3538 3669 3609 portis

2076 3646 2416 3707 arguentem,
2446 3644 2499 3691 et
2526 3650 2836 3692 sermonem
2855 3640 3109 3690 sanetum
3136 3628 3437 3684 abominati
3460 3637 3612 3683 sunt.
3641 3647 3661 3679 ο

2077 3727 2292 3783 Abhinc
2326 3744 2523 3785 rursus
2554 3727 2748 3799 incipit
2778 3726 3099 3795 iniquitates
3128 3721 3350 3776 illorum
3369 3735 3666 3790 exponere.

2076 3820 2380 3892 Prophetas
2401 3821 2639 3893 quidem,
2672 3827 2896 3888 peccata
2915 3819 3157 3888 ipsorum
3182 3826 3480 3883 coarguere
3507 3819 3672 3881 atque

2078 3914 2370 3970 emendare
2405 3928 2435 3967 ιι
2456 3911 2567 3967 Deo
2592 3912 2802 3983 jussos,
2825 3908 3057 3964 oderant
3090 3924 3105 3960 :
3135 3912 3188 3961 et
3209 3902 3670 3962 abominabantur

2079 4022 2420 4077 quaecunque
2447 4004 2501 4059 lii
2524 4002 2668 4075 apud
2693 4017 2790 4058 eos
2821 3996 3319 4062 concionabantur,
3390 3993 3667 4050 hortando

2078 4096 2147 4152 ad
2182 4098 2439 4153 vitiorum
2501 4094 2718 4168 fugam,
2779 4100 2835 4149 et
2891 4088 3112 4147 virtutis
3177 4100 3440 4142 amorem.
3498 4084 3672 4142 Dictio

2080 4197 2263 4245 autem
2297 4188 2353 4244 in
2387 4189 2584 4260 portis,
2633 4189 2714 4244 sic
2746 4182 3119 4256 intelligenda.
3146 4178 3264 4235 Mos
3300 4178 3518 4249 priscus
3544 4176 3668 4245 fuit,

2081 4281 2423 4352 gravissima:
2453 4280 2725 4351 cujusque
2744 4278 2826 4334 rei
2849 4272 3288 4333 consultationes
3318 4285 3348 4323 a
3379 4267 3596 4325 civibus
3615 4268 3672 4325 in

2081 4370 2256 4441 portis
2279 4369 2432 4425 urbis
2457 4368 2596 4436 fieri;
2622 4375 2677 4422 et
2694 4366 2937 4422 hostium
2955 4363 3122 4419 etiam
3141 4360 3210 4416 de
3228 4374 3288 4414 re
3311 4359 3493 4427 aliqua
3525 4357 3674 4428 lega-

2081 4460 2348 4521 tionibus,
2371 4459 2529 4529 117
2549 4457 2740 4513 iisdem
2759 4458 2813 4511 in
2833 4455 2968 4510 locis
2981 4449 3337 4521 reSpondere.
3365 4447 3479 4503 lmo
3503 4450 3672 4506 etiam

369 4550 666 4621 κρίνεσθαι
697 4554 812 4615 τοῖς
838 4550 1027 4615 τόποις
1047 4569 1061 4583 ·
1090 4554 1166 4622 (p.
1201 4552 1326 4619 ΓΠ)
1369 4555 1463 4607 καὶ
1501 4554 1565 4624 δὴ
1604 4555 1697 4609 καὶ
1726 4554 1825 4620 τὰς
1858 4557 1967 4628 μείς

2082 4551 2288 4621 majora
2307 4550 2519 4619 judicia
2543 4547 2744 4604 ibidem
2777 4545 3125 4606 exercebant,
3157 4547 3216 4595 ut
3243 4538 3461 4595 cunctis
3480 4540 3672 4597 urbem

368 4648 501 4709 ζους
543 4642 655 4697 τῶν
702 4644 938 4716 κρίσεων
968 4644 1157 4698 αὐτόθι
1213 4646 1505 4713 ποιεῖσθαι,
1550 4647 1626 4711 ὠς
1664 4647 1731 4702 ἂν
1768 4647 1974 4705 ἅπασιν

365 4734 486 4796 τοῖς
527 4730 672 4785 κατὰ
699 4731 797 4803 τὴν
833 4732 989 4786 πόλιν
1036 4732 1265 4787 εἰσιοῦσι
1298 4752 1355 4787 τε
1404 4737 1498 4789 καὶ
1534 4736 1734 4803 ἐξιοῦσι
1773 4738 1841 4792 δι’
1873 4722 1974 4795 αύλ

366 4824 472 4893 τῆς
513 4827 806 4895 καταφανῆ
840 4824 1082 4893 γίγνοιτο
1111 4824 1182 4878 τὰ
1218 4827 1585 4897 πραττόμενα.
1622 4830 1722 4883 Διὰ
1758 4831 1915 4886 τοῦτο
1947 4835 1976 4886 6

370 4915 652 4987 μακάριος
699 4915 851 4985 λέγει
889 4917 1082 4971 Δαυῖδ’
1115 4936 1134 4969 ι
1176 4918 1251 4971 Οὐ
1295 4920 1854 4994 καταισχυνθήσονται
1895 4925 1972 4978 ὅτ’

367 5008 440 5060 ἂν
473 5005 683 5059 λαλῶσι
725 5009 841 5071 τοῖς
876 5006 1093 5080 ἐχθροῖς
1142 5007 1324 5063 αὐτῶν
1354 5010 1413 5063 ἐν
1452 5010 1648 5076 πύλαις
1671 5027 1686 5041 ’
1730 5033 1749 5066 ›
1784 5015 1973 5087 ἐπειδὴ

364 5097 564 5151 αὐτόθι
579 5098 680 5161 τὰς
699 5099 1023 5171 ἀποκρίσεις
1038 5100 1136 5164 τὰς
1150 5102 1289 5173 πρὸς
1307 5103 1433 5166 τοὺς
1449 5104 1645 5171 ἔξωθεν
1669 5107 1972 5162 ἐποιοῦντο·

370 5213 388 5240 ι
428 5193 540 5245 Καὶ
572 5192 899 5263 ἢδολέσχουν
928 5193 1049 5248 κατ’
1071 5194 1207 5265 ἐμοῦ
1245 5197 1294 5249 oi
1326 5195 1626 5268 καθήμενοι
1655 5202 1713 5253 ἐν
1748 5201 1922 5273 πύλῃ’
1954 5220 1973 5253 ι

364 5285 447 5347 ὡς
488 5283 681 5337 αὐτόθι
725 5284 824 5348 τὰς
869 5285 1132 5349 πλείστας
1178 5287 1449 5342 εἰωθότων
1486 5290 1666 5344 αὐτῶν
1705 5292 1978 5347 ποιεῖσθαι

369 5374 655 5438 συνόδους.
703 5376 808 5429 Τὺν
848 5377 1010 5431 αὑτὸν
1035 5377 1101 5449 δὴ
1134 5378 1337 5450 τρόπον
1373 5380 1608 5435 ἐνταῦθα
1636 5383 1763 5448 τοὺς
1787 5385 1846 5438 ἐν
1874 5386 1979 5439 πύ-

366 5469 495 5533 λαις
530 5469 859 5539 ἐλέγχοντας
903 5469 1073 5537 λέγει,
1098 5470 1175 5534 ὡς
1214 5469 1281 5524 ἂν
1320 5470 1426 5524 τῶν
1458 5475 1753 5543 προφητῶν
1791 5476 1979 5530 αὐτόθι

364 5562 437 5616 τὰ
468 5560 614 5613 κατὰ
661 5560 890 5633 γνώμην
934 5560 1085 5614 θείαν
1118 5561 1407 5634 κηρύττειν
1445 5565 1628 5629 αὐτοῖς
1649 5567 1980 5622 ἐσπουδακό-

362 5670 510 5708 τωνο
546 5654 676 5708 ἔνθα
708 5654 774 5727 δὴ
821 5655 917 5709 καὶ
947 5656 1112 5709 πᾶσιν
1154 5654 1367 5724 ἐγίνετο
1403 5658 1690 5729 καταφανῆ
1732 5660 1798 5714 τὰ
1824 5658 1978 5730 λεγό-

448 5834 496 5867 ⁵⁸
542 5835 691 5890 Psal.
734 5851 926 5900 cum,
969 5836 1022 5892 5.
1102 5839 1147 5869 ⁵¹
1190 5836 1336 5895 Psal.
1372 5854 1565 5905 sttu,
1614 5840 1699 5894 l5.

2074 4644 2508 4716 ingredientibus
2519 4642 2602 4699 vel
2617 4639 3025 4712 egredientibus
3039 4639 3271 4691 tractata
3289 4633 3505 4704 negotia
3518 4633 3675 4688 inno-

2074 4742 2369 4793 tescerent.
2402 4735 2701 4807 Propterea
2728 4733 2923 4790 beatus
2946 4729 3080 4786 dicit
3099 4724 3268 4781 David
3304 4742 3318 4779 :
3350 4743 3369 4777 ι
3398 4723 3517 4780 Νοη
3539 4741 3675 4782 con-

2075 4830 2372 4885 fundentur
2397 4844 2522 4885 cum
2551 4824 3099 4898 loquenturinimicis
3125 4822 3241 4879 suis
3267 4818 3322 4874 in
3356 4819 3592 4893 portis"
3621 4835 3668 4873 ιι

2073 4925 2203 4995 quia
2248 4923 2322 4977 ibi
2364 4921 2757 4993 responsiones
2807 4918 3014 4975 exteris
3055 4917 3284 4972 dabant.
3329 4916 3462 4972 item
3499 4931 3512 4967 :
3552 4929 3572 4964 ι
3607 4910 3675 4967 Et

2076 5016 2393 5087 garriebant
2422 5014 2690 5071 adversus
2708 5029 2793 5068 me
2824 5012 2917 5084 qui
2942 5011 3210 5068 sedebant
3248 5009 3302 5064 in
3335 5016 3491 5079 porta
3516 5007 3561 5039 ⁸²
3588 5021 3603 5070 ;
3650 5024 3669 5056 ι

2078 5115 2268 5178 utpote
2297 5106 2392 5176 qui
2418 5106 2739 5176 plerumque
2767 5105 2879 5159 illic
2905 5114 3082 5159 cmtus
3116 5119 3251 5159 suos
3279 5101 3483 5155 habere
3522 5097 3671 5154 sole-

2078 5200 2228 5255 bant.
2288 5200 2413 5254 Pari
2456 5214 2605 5255 nunc
2636 5198 2798 5253 modo
2838 5205 3135 5268 arguentes
3164 5198 3220 5250 in
3274 5193 3452 5264 pertis
3511 5189 3666 5253 dicit.

2079 5293 2238 5364 quasi
2293 5292 2368 5347 ibi
2399 5300 2658 5348 curarent
2696 5290 2974 5361 propheta;
3004 5288 3312 5343 voluntates
3349 5282 3441 5338 Dei
3473 5280 3670 5351 praedi-

2086 5401 2246 5451 care,
2276 5384 2366 5440 ubi
2391 5385 2606 5440 cunctis
2630 5399 2752 5455 quae
2780 5381 3104 5436 dicebautur
3127 5375 3415 5430 manifesta
3446 5373 3673 5444 fiebant,

2090 5493 2267 5549 neque
2280 5477 2492 5533 civibus
2514 5484 2750 5539 tantum,
2766 5486 2954 5528 verum
2973 5470 3138 5525 etiam
3157 5468 3362 5523 exteris
3379 5466 3425 5522 si
3450 5464 3675 5537 quando

2091 5570 2158 5625 ad
2191 5570 2381 5625 urbem
2414 5569 2683 5624 venirent.
2714 5564 2918 5620 Deinde
2950 5562 3005 5616 in
3041 5559 3400 5631 sequentibus
3422 5559 3504 5623 ile
3560 5556 3635 5611 ini
3661 5586 3677 5597 -
3744 5638 3747 5639 ν

2086 5662 2394 5733 quitatibus
2457 5661 2568 5717 illis
2608 5657 2873 5727 loquitur,
2928 5669 3069 5727 quas
3113 5662 3168 5710 et
3219 5661 3378 5708 antea
3434 5650 3672 5710 dixerat.
