4102 6458
420 399 528 460 275

1572 404 1948 495 .TllEODORl
1988 404 2471 462 MOPSUESTENI

3565 401 3668 457 276

424 536 445 569 ι
486 517 717 583 Idcirco,
750 532 847 587 pro
870 531 937 572 eo
969 518 1114 587 quod
1170 535 1353 592 pugno
1390 536 1682 594 pauperem
1715 525 1990 596 percutie-

2102 542 2252 595 μενα,
2288 525 2348 579 ού
2386 526 2497 589 τοῖς
2530 524 2751 589 οἰκείοις
2781 526 2959 596 μόνον,
2992 522 3127 579 ἀλλά
3171 525 3264 577 καὶ
3299 523 3410 587 τοῖς
3447 521 3667 590 ἔξωθεν,

420 609 583 672 batis,
601 616 655 663 et
682 607 825 663 dona
853 610 1027 664 electa
1056 612 1351 681 accepistis
1383 613 1452 669 ab
1483 629 1571 682 eo,
1595 615 1790 671 domos
1842 616 1992 671 laevi—

417 708 546 773 gato
596 700 771 769 lapide
823 700 1164 768 aediﬁcastis,
1222 704 1277 758 in
1320 706 1401 762 eis
1460 721 1571 761 non
1613 706 1934 763 habitabilis
1974 727 1987 761 :

418 792 606 847 vineas
619 789 1007 847 desiderabiles
1034 792 1342 862 plantastls,
1372 807 1427 851 et
1454 796 1639 850 vinum
1663 812 1851 851 carum
1880 812 1991 852 non

418 881 638 938 hibetis.
676 900 697 934 ι
739 882 1008 949 Quoniam
1036 886 1174 940 mala
1224 887 1554 956 pauperibus
1585 886 1882 951 inﬂixistis,
1938 897 1994 943 et

417 988 607 1029 eorum
629 990 859 1045 quaeque
871 976 1072 1046 optima
1093 979 1422 1049 diripuistis,
1436 981 1689 1052 aedesque
1710 982 1992 1052 speciosas

417 1079 484 1120 ex
519 1065 725 1134 iniusta
767 1067 1154 1137 compilatione
1195 1069 1543 1135 aediﬁcastis,
1568 1085 1783 1125 necnon
1831 1085 1993 1141 agros

418 1152 594 1207 multa
622 1153 913 1209 sedulitate
936 1157 1290 1226 excoluistis;
1327 1160 1496 1229 probe
1526 1162 1724 1215 scitote
1757 1175 1857 1217 vos
1909 1162 1994 1217 his

419 1257 545 1299 cum
579 1244 849 1315 iujustitia
869 1249 1155 1318 acquisitis
1176 1264 1286 1305 non
1320 1248 1618 1306 fruituros:
1651 1266 1777 1305 nam
1811 1266 1913 1306 nec
1939 1250 1995 1305 in

421 1333 531 1390 illis
580 1333 834 1393 domibus
886 1340 1299 1408 permanebitis,
1355 1356 1533 1413 neque
1567 1357 1634 1398 ex
1678 1342 1994 1413 hujusmodi

422 1426 568 1496 agris
595 1424 781 1498 fruges
808 1430 1145 1500 percipietis.

2088 618 2236 683 ὅπως
2278 619 2408 673 ποτὲ
2456 621 2539 683 εἰς
2572 618 2671 690 τὴν
2721 619 2876 673 πόλιν
2921 619 3333 690 ἀφικνουμένοις
3353 639 3368 653 ο
3408 613 3527 670 εἶτα
3574 618 3670 671 καὶ

2089 709 2321 781 καθεξῆς
2350 710 2448 776 τάς
2486 711 2830 783 παρανομίας
2851 710 3025 780 λέγων
3045 711 3278 775 ἐκείνας,
3301 708 3367 771 ἃς
3387 709 3481 762 καὶ
3508 708 3664 779 πρόσ-

2090 798 2181 851 θεν
2231 801 2478 872 εἰρήκει·
2526 820 2545 853 ι
2581 800 2679 854 Διά
2713 802 2871 855 τοῦτο
2912 800 3029 855 ἀνθ’
3077 793 3153 855 ὧν
3199 798 3667 863 κατεκονδυλίζετε

2091 894 2326 963 πτωχὸν,
2345 895 2438 948 καὶ
2452 894 2599 967 δῶρα
2617 896 2849 949 ἐκλεκτά
2864 896 3114 961 ἐδέξασθε
3131 897 3260 967 παρ’
3281 894 3466 956 αὐτοῦ,
3488 892 3670 963 οἴκους
3706 875 3715 924 ³

2090 979 2309 1048 ξεστοὺς
2335 982 2738 1056 ᾠκοδομήσατε,
2768 985 2861 1038 καὶ
2881 986 2942 1038 οὐ
2975 986 3050 1057 μὴ
3076 986 3332 1056 οἰκήσητε
3366 984 3423 1036 ὲν
3451 983 3667 1044 αὐτοῖς·

2091 1072 2417 1143 ἀμπελῶνας
2443 1074 2601 1128 ἐπιθυ
2609 1076 2811 1147 μητοὺς
2835 1075 3189 1146 ἐφυτεύσατε,
3211 1075 3306 1129 καὶ
3326 1075 3388 1127 οὐ
3418 1074 3493 1144 μὴ
3509 1073 3670 1142 πίητε

2090 1163 2181 1216 τὸν
2212 1158 2353 1217 οἶνον
2383 1164 2580 1219 αὐτῶν.
2623 1184 2643 1219 ι
2689 1166 2906 1237 Ἐπειδὴ
2940 1164 3255 1237 ἐπετρίϐετε
3285 1167 3383 1236 μὲν
3401 1167 3512 1228 τοῖς
3533 1180 3671 1216 πτω-

2093 1255 2208 1324 χοῖς
2246 1253 2316 1307 τά
2367 1254 2535 1321 κακὰ,
2568 1254 2638 1310 τά
2676 1255 2936 1310 κάλλιστα
2969 1256 3026 1310 δέ
3065 1255 3173 1309 τῶν
3211 1257 3339 1325 παρ’
3378 1254 3560 1317 αὐτοῖς
3605 1251 3675 1305 δι’

2096 1345 2359 1417 ἁρπαγῆς
2406 1347 2737 1418 ποιούμενοι,
2792 1347 2973 1412 οἴκους
3015 1366 3075 1402 τε
3127 1348 3422 1419 εὐπρεπεῖς
3469 1347 3531 1398 ἐκ
3573 1344 3674 1415 τῆς

2099 1435 2284 1489 ἀδίκου
2317 1438 2757 1492 κατεσκευάσατε
2793 1439 3076 1509 συλλογῆς,
3111 1439 3203 1491 καὶ
3234 1438 3296 1508 δὴ
3336 1437 3428 1490 καὶ
3471 1434 3674 1503 ἀγροὺς

426 1515 567 1587 μετά
611 1518 814 1590 πολλῆς
859 1521 1247 1594 ἐξειργάσασθε
1296 1525 1392 1595 τῆς
1430 1526 1772 1596 ἐπιμελείας·
1801 1522 1860 1580 εὖ
1902 1526 2014 1579 ἴστε
2048 1525 2123 1590 ὡς
2165 1529 2265 1582 ούκ
2308 1530 2643 1583 ἀπολαύσετε
2676 1530 2783 1584 τῶν
2824 1529 2995 1593 οὕτως
3028 1530 3086 1596 ἐξ
3127 1528 3339 1591 ἀδικίας
3375 1541 3676 1598 περιγεγο-

424 1609 592 1664 νότων
625 1611 787 1682 ὑμῖν·
828 1611 951 1667 οὔτε
991 1615 1100 1687 γὰρ
1136 1615 1362 1671 ἐπὶτῶν
1389 1618 1554 1671 οίκων
1589 1620 1800 1689 μενεῖτε
1835 1616 2077 1686 ἐκείνων,
2112 1620 2235 1676 οὔτε
2268 1621 2366 1692 μὲν
2391 1622 2517 1685 τοὺς
2555 1619 2663 1674 τῶν
2689 1620 2943 1675 τοιούτων
2970 1618 3153 1691 ἀγρῶν
3181 1616 3500 1682 ὁποδέξεσθε
3541 1630 3677 1686 καρ-

425 1702 583 1768 πούς.

496 1800 667 1860 Vsns.
714 1801 902 1859 12-15.
946 1833 1018 1845 —
1064 1822 1085 1856 ι
1132 1803 1269 1870 Quia
1293 1806 1522 1876 cognovi
1579 1807 1750 1861 multa
1780 1807 1994 1863 scelera

2167 1802 2316 1874 Στίχ.
2365 1802 2551 1872 ιβ’-ιε’.
2598 1831 2667 1841 -
2716 1821 2735 1854 ι
2773 1802 2898 1855 Ὀτι
2951 1800 3124 1870 ἔγνων
3173 1796 3374 1862 πολλὰς
3422 1794 3675 1859 ἀσεϐείας

427 1902 632 1963 vestra,
658 1902 713 1952 et
756 1896 945 1968 gravia
997 1906 1222 1968 peccata
1276 1905 1459 1955 vestra
1512 1918 1527 1954 :
1576 1900 1850 1970 justitiam
1904 1914 2002 1956 vos

428 1987 840 2052 coneulcantes,
864 1989 1196 2059 accipientes
1228 1998 1384 2061 pacta
1413 1991 1607 2061 pretia,
1648 2006 1915 2062 pauperes
1945 1992 2001 2047 in

426 2081 603 2150 portis
634 2080 1021 2150 deprimentes.
1077 2100 1097 2135 ι
1128 2080 1284 2137 Haud
1316 2096 1403 2137 me
1431 2082 1564 2136 latet
1596 2081 1889 2136 multitudo
1938 2095 2003 2136 ac

428 2169 746 2238 magnitudo
774 2171 1044 2226 scelerum
1074 2177 1128 2226 et
1158 2180 1509 2241 peccatorum
1542 2178 1873 2234 vestrorum,
1906 2185 2003 2226 ne-

428 2272 538 2327 que
554 2259 697 2328 quod
729 2273 956 2314 munera
985 2258 1344 2327 cumjustitia
1372 2260 1776 2324 commutastis,
1799 2259 2001 2330 quibus

430 2350 688 2420 acceptis,
714 2364 1017 2419 pauperum
1039 2349 1247 2419 judicia
1279 2359 1471 2405 contra
1489 2351 1767 2405 veritatem
1796 2366 2002 2420 praava-

429 2438 586 2493 ricati
620 2438 775 2493 estis.
821 2439 998 2507 Atque
1030 2438 1118 2492 hic
1150 2438 1312 2491 etiam
1358 2445 1637 2507 portarum
1672 2440 1998 2493 mentionem

431 2530 632 2594 intulit,
658 2528 815 2599 juxta
851 2528 997 2599 quod
1050 2538 1210 2583 antea
1249 2530 1507 2583 diximus.
1555 2547 1575 2579 ι
1612 2528 1737 2583 ldeu
1787 2531 1879 2599 qui
1919 2530 1999 2583 iu-

431 2620 645 2691 telligit,
684 2628 929 2690 tempore
958 2620 1051 2675 illo
1086 2620 1305 2687 tacebit,
1370 2623 1497 2690 quia
1529 2628 1743 2690 tempus
1798 2621 1999 2675 malum

425 2720 529 2767 est.
593 2730 613 2763 ι
658 2710 796 2783 Ergo
830 2726 953 2767 cum
987 2725 1147 2781 poena
1197 2712 1484 2766 minaciter
1543 2712 1696 2767 vobis
1745 2711 1999 2781 praedicta

428 2802 727 2866 advenerit,
782 2802 820 2856 ii
865 2801 957 2872 qui
1008 2802 1309 2871 intelligere
1371 2810 1533 2871 prout
1583 2816 1680 2870 par
1727 2803 1886 2871 118
1917 2809 2003 2856 est

427 2891 629 2955 sciunt,
660 2891 926 2945 malorum
945 2890 1108 2945 veluti
1134 2890 1505 2959 magnitudine
1525 2889 1761 2953 attoniti,
1792 2888 2002 2945 malunt

426 2982 702 3047 silentium
733 2981 894 3045 tueri,
922 2989 1137 3050 tempus
1186 2981 1289 3033 hoc
1315 2995 1439 3035 esse
1465 2988 1719 3049 putantes
1744 2995 1854 3048 quo
1908 2980 1999 3033 illa

426 3072 589 3144 longe
630 3079 759 3129 ante
818 3071 1077 3142 praedicta
1144 3079 1407 3125 eventura
1466 3079 1643 3126 erant.
1702 3089 1720 3122 ι
1762 3070 2000 3135 Quaerite

2103 1893 2274 1964 ὑμῶν,
2298 1894 2389 1946 καὶ
2417 1892 2630 1964 ἰσχυραὶ
2654 1894 2707 1945 αἰ
2725 1891 2990 1963 ἁμαρτίαι
3022 1889 3196 1961 ὑμῶν,
3228 1887 3675 1949 καταπατοῦντες

2098 1985 2161 2040 τὸ
2184 1984 2411 2049 δίκαιον,
2443 1983 2809 2054 λαμϐάνοντες
2834 1981 3179 2050 ἀλλάγματα,
3214 1980 3309 2033 κα)⁸
3342 1978 3579 2046 πένητας
3616 1978 3676 2028 ἐν

2103 2075 2299 2140 πύλαις
2325 2075 2682 2138 ἐκκλίνοντες.
2722 2092 2743 2127 ι
2788 2074 2925 2127 Οὐδὲ
2952 2074 3060 2145 γάρ
3092 2090 3158 2144 με
3182 2071 3405 2141 λέληθεν
3435 2069 3497 2122 τὸ
3539 2068 3672 2137 πλῆ-

2103 2168 2195 2231 θος
2222 2167 2316 2222 καὶ
2347 2166 2409 2220 τὸ
2441 2165 2667 2237 μέγεθος
2700 2163 2811 2218 τῶν
2851 2179 2911 2215 τε
2942 2161 3203 2217 ἀσεϐειῶν
3244 2158 3470 2213 καὶτῶν
3499 2158 3674 2227 ἀμαρ-

2099 2258 2230 2313 τιῶν
2272 2257 2381 2310 τῶν
2415 2255 2728 2332 ὑμετέρων·
2759 2254 2870 2307 οὗθ’
2914 2255 2995 2307 ὅτι
3036 2252 3098 2306 τὸ
3130 2253 3337 2306 δίκαιον
3376 2248 3673 2319 ἀντηλλάτ-

2097 2350 2256 2405 τεσθε
2296 2349 2624 2420 χρημάτων·
2656 2347 2730 2417 (p.
2764 2346 2887 2415 178)
2928 2344 2964 2398 ἀ
3018 2344 3167 2415 παρά
3191 2343 3299 2396 τῶν
3350 2340 3676 2397 ἀδικούντων

2105 2440 2483 2510 κομιζόμενοι,
2518 2439 2617 2502 τάς
2663 2438 2773 2493 τῶν
2806 2438 3052 2509 πενήτων
3084 2435 3295 2506 κρίσεις
3346 2436 3423 2499 εἰς
3453 2433 3675 2485 τούναν-

2099 2524 2210 2585 τίον
2261 2532 2516 2602 ἐτρέπετε
2568 2530 2670 2600 τῆς
2725 2528 3011 2600 ἀληθείας·
3045 2525 3321 2580 κάνταῦθα
3352 2524 3409 2577 δὲ
3469 2523 3528 2577 τὸ
3569 2541 3588 2572 ι
3616 2521 3675 2576 ἐν

2100 2622 2293 2685 πύλαις
2317 2641 2335 2673 ι
2359 2620 2714 2693 προσέθηκεν.
2735 2619 2876 2674 κατά
2889 2619 2949 2672 τὸ
2967 2619 3197 2691 πρόσθεν
3217 2617 3502 2688 εἰρημένον
3523 2615 3671 2685 ἡμῖν.

2108 2733 2126 2765 ι
2155 2712 2252 2765 Διά
2295 2711 2453 2765 τοῦτο
2489 2714 2518 2764 6
2553 2709 2748 2766 συνιὼν
2775 2712 2833 2765 ἐν
2884 2708 2962 2781 τῷ
3021 2707 3195 2780 καιρῷ
3240 2705 3433 2775 ἐκείνῳ
3469 2702 3675 2770 σιωπή-

2104 2821 2277 2866 σεται,
2306 2803 2386 2858 ὅτι
2415 2803 2603 2874 καιρὸς
2636 2803 2871 2874 πονηρός
2889 2803 3022 2855 ἐστι.
3058 2820 3077 2853 ι
3123 2797 3475 2868 Ἐπαχθείσης
3498 2794 3676 2848 τοίνυν

2100 2894 2199 2964 τῆς
2219 2894 2611 2965 ἀπειλουμένης
2641 2894 2909 2965 τιμωρίας
2941 2895 3088 2965 ὑμῖν,
3113 2892 3349 2951 ἅπαντες
3390 2888 3439 2941 οἰ
3471 2886 3531 2939 τὸ
3558 2884 3677 2938 δέον

2106 2984 2355 3039 συνιέναι
2392 2980 2493 3038 οἷοί
2541 3002 2600 3038 τε
2655 2985 2829 3047 ὄντες,
2872 2984 3063 3053 ῶσπερ
3097 2981 3535 3049 ἐκπεπληγμένοι
3585 2977 3677 3030 ἐπὶ

2102 3074 2180 3145 τῷ
2219 3075 2439 3145 μεγέθει
2475 3075 2581 3128 τῶν
2616 3075 2821 3137 κακῶν,
2851 3075 3093 3139 ἀξιοῦσιν
3122 3072 3348 3144 ἡσυχίαν
3385 3070 3638 3139 παρεῖναι
3659 3106 3673 3129 ν

432 3165 631 3222 bonum
664 3170 719 3217 et
752 3176 862 3217 non
892 3162 1117 3226 malum,
1145 3170 1204 3215 ut
1232 3162 1463 3228 vivatis;
1497 3169 1550 3216 et
1578 3162 1659 3217 sic
1685 3162 1787 3216 crit
1818 3161 2001 3215 vobis-

2103 3164 2195 3216 τὸν
2229 3163 2418 3233 καιρὸν
2457 3164 2817 3234 ὑπειληφότες
2871 3163 2992 3215 καθ’
3020 3163 3079 3215 ὃν
3130 3160 3347 3213 ἔσεσθαι
3395 3155 3677 3229 πόρρωθεν

431 3269 555 3309 cum
613 3252 876 3310 Dominus
911 3251 1056 3309 Deus
1124 3254 1491 3322 omnipotens.
1548 3252 1702 3307 Sicut
1761 3252 2003 3317 dixistis,

431 3346 578 3401 odite
621 3345 822 3399 malum
872 3352 927 3400 et
971 3343 1181 3414 diligite
1233 3346 1454 3410 bonum,
1520 3351 1573 3400 et
1614 3343 1884 3398 restituite
1948 3343 2005 3397 in

429 3435 603 3505 portis
652 3434 967 3505 judicium:
1018 3436 1090 3489 ‘ut
1152 3435 1477 3491 misereatur
1542 3435 1804 3490 Dominus
1861 3433 2005 3489 Deus

431 3528 774 3600 omnipotens
847 3527 1198 3597 reliquiarum
1253 3525 1498 3596 Joseplii.
1534 3546 1554 3578 ι
1619 3525 2004 3580 Verumtamen

432 3617 673 3687 quandiu
713 3624 925 3688 tempus
986 3626 1259 3689 superest,
1287 3619 1515 3674 consulo
1562 3619 1716 3673 vobis
1750 3618 2005 3672 onmibus

434 3717 494 3765 ut
525 3724 557 3765 a
585 3709 719 3765 vitio
763 3709 1051 3775 recedatis,
1085 3718 1142 3767 et
1175 3713 1428 3766 virtutem
1453 3711 1878 3780 amplectamini.
1912 3709 2006 3764 Sic

430 3803 576 3856 enim
604 3802 758 3859 vobis
787 3803 1068 3873 continget
1111 3804 1477 3874 prosperitate
1535 3803 1665 3866 l‘rui,
1706 3801 1816 3856 Deo
1849 3818 2003 3857 suam

431 3899 722 3960 praestante
768 3892 1016 3956 tutelam,
1078 3900 1364 3962 propterea
1413 3891 1557 3961 quod
1610 3893 1838 3947 honesto
1883 3900 2002 3947 stu-

430 3985 645 4047 dentes,
671 3997 703 4036 a
722 3982 991 4039 deteriore
1006 3982 1095 4038 via
1116 3983 1387 4039 resilistis.
1414 3982 1479 4038 Et
1508 3984 1553 4039 si
1583 3992 1762 4038 vetere
1799 3994 2004 4039 mutata

431 4073 700 4131 sententia
747 4075 806 4130 in
867 4075 1042 4144 portis
1102 4090 1253 4130 more
1305 4075 1467 4131 solito
1515 4075 1664 4145 justa
1722 4077 2006 4133 volueritis

430 4181 689 4221 exercere
737 4165 965 4237 judicia,
1005 4168 1417 4237 consequemini
1472 4169 1710 4223 divinam
1763 4169 2006 4225 clemen-

430 4258 584 4322 tiam,
623 4273 745 4328 qua:
797 4258 1062 4328 plurimos
1102 4267 1343 4315 vestrum
1393 4259 1644 4315 salvabit.
1705 4258 2004 4330 Josephum

430 4357 608 4404 autem
665 4350 753 4405 hic
796 4348 930 4405 dicit
968 4351 1154 4406 decem
1219 4351 1415 4414 tribus.
1467 4368 1497 4407 a
1538 4354 1810 4422 praecipua
1861 4355 2005 4409 inter

431 4441 574 4507 illas,
603 4439 878 4511 Ephraimi
903 4440 1048 4509 dico,
1067 4443 1161 4512 qui
1190 4441 1332 4498 (ilius
1357 4441 1578 4514 Iosephi
1615 4443 1738 4498 fuit.

2110 3255 2423 3326 μεμήνυται
2450 3254 2644 3309 ταῦτα.
2684 3273 2703 3306 ι
2752 3253 3125 3324 Ἐκζητήσατε
3154 3251 3214 3304 τὸ
3241 3249 3426 3313 καλὸν,
3466 3248 3562 3301 καὶ
3603 3245 3678 3315 μὴ

2106 3346 2168 3400 τὸ
2223 3347 2478 3418 πονηρὸν,
2541 3347 2689 3410 ὅπως
2739 3345 2979 3416 ζήσητε·
3021 3344 3113 3397 καὶ
3166 3341 3318 3394 ἔσται
3359 3340 3477 3410 μεθ’
3527 3338 3680 3408 ὑμῶν

2106 3435 2280 3500 οὕτως
2336 3436 2537 3507 Κύριος
2588 3439 2617 3490 6
2672 3436 2802 3499 Θεὸς
2840 3439 2868 3489 6
2914 3436 3327 3505 παντοκράτωρ,
3372 3431 3433 3484 ὃν
3480 3429 3680 3501 τρόπον

2107 3530 2295 3584 εἴπατε
2319 3545 2334 3561 ·
2373 3530 2778 3601 Μεμισήκαμεν
2806 3529 2873 3581 τὰ
2921 3527 3151 3605 πονηρὰ,
3192 3526 3286 3581 καὶ
3312 3527 3679 3596 ἠγαπήκαμεν

2107 3620 2176 3674 τά
2225 3619 2386 3684 καλά,
2449 3620 2543 3674 καὶ
2582 3620 3068 3690 ἀποκαταστήσατε
3122 3620 3181 3672 ἐν
3236 3617 3429 3679 πύλαις
3483 3618 3677 3687 κρῖμα,

2106 3711 2253 3774 ὅπως
2284 3711 2481 3784 ἐλεήσῃ
2510 3710 2715 3780 Κύριος
2741 3714 2768 3764 6
2801 3711 2932 3774 Θεὸς
2956 3711 2985 3763 ὁ
3014 3710 3406 3780 παντοκράτωρ
3435 3709 3559 3770 τοὺς
3581 3724 3679 3760 κα-

2108 3800 2395 3864 ταλοίπους
2428 3800 2522 3854 τοῦ
2562 3802 2783 3871 Ἰωσήφ-
2826 3820 2844 3851 ›
2896 3800 3058 3853 Ἀλλά
3106 3800 3214 3871 γάρ
3260 3801 3319 3853 ἐν
3349 3801 3457 3868 ὅσῳ
3490 3796 3678 3849 τούτου

2108 3894 2317 3964 καιρὸς,
2375 3892 2726 3963 συμϐουλεύω
2775 3895 2936 3947 πᾶσιν
2978 3896 3277 3961 ἀποστῆναι
3311 3892 3407 3961 μὲν
3439 3890 3533 3942 τοῦ
3564 3889 3678 3959 χεί-

2110 4001 2279 4057 ρονος,
2307 3984 2521 4037 ἑλέσθαι
2543 3984 2599 4037 δὲ
2625 3987 2686 4036 τὸ
2714 3988 2959 4054 κρεῖττον
2980 4001 2993 4014 ·
3028 3983 3172 4037 οὕτω
3201 3982 3309 4054 γὰρ
3345 3983 3473 4051 ὑμῖν
3509 3998 3680 4052 προσ-

2107 4078 2257 4129 έσται
2288 4073 2396 4129 τῶν
2421 4073 2640 4143 ἀγαθῶν
2671 4076 2705 4147 ὴ
2729 4075 3053 4141 ἀπόλαυσις,
3079 4074 3173 4129 τοῦ
3196 4073 3329 4127 Θεοῦ
3353 4072 3449 4144 τὴν
3471 4071 3679 4125 οἰκείαν

2107 4166 2437 4240 παρέχοντος
2479 4167 2826 4237 κηδεμονίαν,
2871 4168 3012 4237 ὑπὲρ
3047 4160 3122 4220 ὧν
3155 4166 3400 4236 ἑλόμενοι
3422 4164 3492 4217 τὰ
3518 4163 3677 4225 καλά,

2105 4260 2490 4331 ἀπεστράφητε
2534 4261 2603 4313 τά
2633 4258 2835 4330 χείρω·
2871 4260 2965 4313 καὶ
3007 4257 3149 4327 εἴγε
3177 4258 3277 4329 τὴν
3312 4256 3550 4310 παλαιὰν
3583 4256 3680 4308 ἀλ-

2105 4350 2365 4418 λάξαντες
2405 4350 2665 4421 γνώμην,
2722 4353 2780 4404 ἐν
2809 4351 2928 4413 ταῖς
2973 4349 3171 4413 πύλαις
3215 4348 3354 4401 κατά
3398 4346 3460 4399 τὸ
3491 4344 3679 4408 εἰωθὸς

2104 4442 2203 4506 τὰς
2241 4443 2448 4512 κρίσεις
2481 4442 2691 4495 ἐθέλετε
2726 4442 2992 4494 ποιεῖσθαι
3030 4439 3264 4501 δικαίας,
3298 4435 3550 4502 τεύξεσθε
3584 4437 3681 4504 τῆς

430 4533 582 4596 θείας
622 4532 1028 4605 φιλανθρωπίας
1071 4535 1681 4608 περισωζούσηςὺμῶν
1729 4538 1855 4599 τοὺς
1892 4536 2212 4597 πλείστους·
2264 4538 2351 4605 (p.
2404 4534 2541 4605 179)
2594 4533 2788 4604 Ἰωσὴφ
2833 4533 2888 4586 δὲ
2931 4531 3163 4585 ἐνταῦθα
3211 4530 3309 4594 τὰς
3351 4529 3483 4584 δέκα
3534 4528 3682 4597 λέγει

430 4624 623 4695 φυλὰς,
652 4625 759 4678 ἀπὸ
793 4627 892 4696 τῆς
918 4627 1229 4698 ἡγουμένης
1261 4630 1320 4681 ἐν
1357 4623 1538 4690 αὐτοῖς
1556 4669 1571 4693 ,
1596 4628 1696 4698 τῆς
1724 4628 1818 4682 τοῦ
1864 4627 2102 4700 Ἐφραῗμ
2126 4627 2287 4695 λέγω,
2312 4626 2370 4689 ὃς
2396 4622 2463 4695 ἦν
2487 4624 2602 4688 υίὸς
2634 4623 2726 4677 τοῦ
2763 4625 2980 4695 Ἰωσήφ.

503 4716 667 4771 Vens.
700 4716 890 4772 16-18.
921 4745 991 4758 —
1028 4737 1046 4769 ι
1084 4716 1375 4787 Propterea
1414 4718 1543 4772 dicit
1572 4719 1831 4774 Dominus
1862 4718 2001 4775 Deus

2183 4718 2330 4787 Στίχ.
2364 4722 2558 4787 ις’-ιη’.
2585 4745 2656 4755 -
2687 4733 2705 4767 ι
2742 4715 2839 4769 Διά
2886 4716 3043 4769 τοῦτο
3074 4714 3199 4768 τάδε
3241 4714 3388 4784 λέγει
3429 4713 3627 4786 Κύριος
3653 4718 3682 4769 6

430 4810 781 4877 omnipOtens
838 4828 851 4863 :
915 4807 972 4864 In
1003 4810 1263 4865 omnibus
1312 4809 1513 4879 plateis
1541 4811 1823 4881 planctus,
1851 4823 1907 4868 et
1952 4814 2009 4867 in

431 4900 690 4956 omnibus
725 4898 830 4956 viis
871 4901 1082 4956 dicetur
1123 4900 1458 4961 lamentatio.
1524 4906 1638 4959 vae!
1671 4906 1789 4960 uel
1829 4925 1848 4958 ι
1902 4905 2011 4960 Sed

429 4993 557 5064 quia
594 4993 880 5062 praedictas
908 4992 1235 5049 monitiones
1267 4995 1421 5064 pensi
1450 5009 1558 5050 non
1586 4996 1876 5061 habuistis,
1926 4997 2010 5050 la-

431 5084 822 5141 mentationum
848 5098 912 5138 ac
950 5084 1263 5155 planctuum
1299 5086 1458 5157 plena
1494 5087 1601 5143 erit
1652 5088 1787 5144 urbs
1816 5095 1870 5143 et
1918 5103 2011 5143 re-

431 5178 540 5249 gio,
596 5187 819 5249 propter
844 5177 1005 5234 editae
1032 5177 1100 5232 ab
1132 5177 1383 5236 hostibus
1438 5181 1639 5251 stragis
1668 5179 2005 5251 magnitudi-

431 5286 574 5331 nem.
610 5289 629 5324 ι
664 5269 958 5328 Vocabitur
1014 5273 1251 5343 agricola
1276 5272 1345 5327 ad
1377 5274 1583 5327 luctum
1628 5282 1681 5327 et
1710 5273 2008 5343 planctum,

431 5373 486 5420 et
532 5362 601 5420 ad
624 5362 747 5418 illos
772 5365 864 5434 qui
890 5364 1176 5421 lamentari
1227 5365 1447 5433 sciunt,
1487 5367 1628 5420 etin
1652 5366 1869 5420 cunctis
1908 5363 2011 5419 viis

430 5455 717 5525 planctus;
775 5456 903 5525 quia
925 5458 1172 5513 transibo
1203 5472 1300 5527 per
1329 5456 1567 5512 medium
1601 5457 1703 5521 tui,
1734 5456 1869 5511 dicit
1906 5455 2011 5509 De.

430 5544 633 5599 minus.
673 5561 694 5596 ι
750 5543 1018 5616 Agricola
1067 5548 1232 5602 etiam
1287 5546 1494 5602 omisso
1550 5545 1752 5616 agresti
1817 5559 2000 5615 opere,

431 5632 741 5704 planctibus
785 5635 954 5691 variis
1009 5636 1330 5693 etluctibus
1404 5645 1458 5692 et
1523 5636 2006 5692 lamentationibus

431 5725 863 5796 occupabuntur,
912 5727 1114 5783 editam
1154 5728 1315 5783 simul
1351 5729 1595 5800 lugentes
1640 5728 1708 5781 ab
1756 5728 2003 5783 hostibus

434 5823 693 5892 stragem,
716 5825 767 5872 et
794 5825 955 5878 terrm
978 5818 1495 5879 infructuositatem.
1543 5819 1665 5879 lltec
1688 5831 1862 5879 autem
1901 5836 1989 5897 pa-

2105 4808 2241 4871 Θεὸς
2268 4809 2297 4859 6
2321 4807 2714 4877 παντοκράτωρ
2737 4819 2751 4835 ·
2787 4806 2876 4861 Ἐν
2897 4806 3098 4870 πάσαις
3125 4805 3403 4869 πλατείαις
3428 4802 3677 4870 κοπετὸς,

2105 4897 2201 4950 καὶ
2237 4899 2297 4951 ἐν
2345 4896 2546 4958 πάσαις
2576 4898 2697 4958 ταῖς
2747 4896 2888 4958 ὁδοῖς
2930 4895 3225 4966 ῥηθήσεται
3264 4893 3483 4965 θρῆνος,
3507 4895 3678 4961 Οὐαὶ,

2104 4988 2242 5049 otiati!
2286 5008 2304 5040 ι
2370 4987 2585 5057 Ἐπειδὴ
2624 4988 2680 5041 δὲ
2724 4989 2785 5041 ού
2820 4988 3025 5042 τούτων
3072 4990 3200 5059 ὑμῖν
3246 4989 3422 5057 λόγος,
3465 4988 3681 5059 θρήνων

2106 5081 2201 5139 καὶ
2230 5079 2474 5133 κοπετῶν
2508 5078 2657 5132 ἔσται
2689 5079 2860 5148 μεστά
2881 5080 2949 5133 τά
2975 5096 3034 5132 τε
3064 5080 3207 5133 κατὰ
3236 5079 3386 5133 πόλιν
3419 5081 3513 5134 καὶ
3540 5079 3683 5133 κατὰ

2109 5170 2310 5241 χώραν,
2365 5171 2474 5224 ἀπὸ
2510 5170 2603 5224 τοῦ
2645 5169 2883 5240 πλήθους
2935 5170 3037 5241 τῆς
3066 5171 3358 5243 γινομένης
3415 5172 3519 5224 ὑπὸ
3570 5171 3682 5226 τῶν

2110 5264 2381 5335 πολεμίων
2409 5265 2640 5335 σφαγῆς.
2677 5282 2695 5316 ι
2730 5263 3076 5334 κληθήσεται
3099 5265 3344 5336 γεωργὸς
3372 5265 3453 5328 εἰς
3486 5264 3682 5327 πένθος

2109 5359 2203 5411 καὶ
2265 5360 2342 5421 εἰς
2396 5357 2624 5411 κοπετὸν
2679 5357 2771 5409 καὶ
2807 5357 2887 5421 εἰς
2923 5356 3132 5419 εἰδότας
3186 5356 3383 5428 θρῆνον
3407 5373 3422 5386 ·
3476 5356 3570 5410 καὶ
3624 5357 3683 5410 ἐν

2110 5451 2310 5513 πάσαις
2347 5449 2483 5512 ὁδοῖς
2529 5447 2790 5512 κοπετός·
2839 5447 2972 5501 διότι
3009 5447 3355 5519 διελεύσομαι
3396 5447 3485 5502 διά
3514 5447 3683 5518 μέσον

2111 5559 2226 5605 σου,
2256 5541 2401 5610 λέγει
2444 5538 2663 5613 Κύριος.
2696 5560 2715 5594 ι
2753 5540 2863 5595 Καὶ
2907 5539 3143 5612 γεωργοὶ
3164 5540 3221 5594 δὲ
3248 5540 3357 5594 τῶν
3392 5539 3533 5595 κατὰ
3581 5539 3686 5610 γῆν

2112 5635 2370 5706 ἀςρέμενοι
2399 5635 2595 5706 ἔργων,
2631 5634 2759 5706 περὶ
2802 5634 3066 5696 κοπετοὺς
3104 5634 3198 5687 καὶ
3228 5633 3396 5704 πένθη
3423 5633 3514 5686 καὶ
3551 5631 3685 5703 θρή-

2110 5744 2217 5781 νων
2269 5727 2731 5799 ἀσχοληθήσονται
2765 5725 3058 5789 ποικιλίαν,
3109 5726 3207 5796 τήν
3236 5742 3295 5778 τε
3336 5724 3550 5795 σφαγὴν
3576 5723 3684 5777 τῶν

2111 5819 2383 5872 πολεμίων
2422 5820 2515 5871 καὶ
2564 5818 2656 5887 τῆς
2705 5818 2806 5887 γῆς
2839 5815 2933 5886 τὴν
2986 5816 3264 5884 ἀκαρπίαν
3304 5815 3445 5868 κατὰ
3490 5816 3683 5873 ταυτὸν
