4102 6486
358 380 481 437 97'}

1438 382 1994 443 COMMENTARIUS
2018 382 2088 438 IN
2128 383 2341 442 AMOSI
2375 383 2529 440 CAP.
2571 385 2634 442 γ.

3566 390 3673 447 278

360 499 739 573 θρηνοῦντες·
777 501 949 557 ταῦτα
996 504 1053 558 δὲ
1096 504 1374 559 πείσονται
1419 506 1554 562 Θεοῦ
1591 508 1681 563 διὰ
1728 509 1838 564 τῶν
1866 526 1954 563 πο-

2071 506 2298 577 tientur,
2331 510 2443 566 Deo
2470 526 2568 582 per
2590 508 2803 566 medios
2835 509 2959 566 illos
2998 523 3127 565 cum
3180 512 3429 568 exercitu
3480 510 3674 569 hostili

360 590 582 662 λεμίων
615 595 698 658 είς
730 594 930 666 μέσους
951 596 1146 661 αὐτοὺς
1177 598 1458 664 εἰσιόντος,
1496 602 1591 656 καὶ
1626 605 1742 666 τοῖς
1782 601 1969 656 τοσού-

356 703 485 750 τοις
540 688 638 741 καὶ
673 688 1020 757 τηλικούτοις
1063 691 1487 763 περιϐάλλοντος
1517 698 1730 759 κακοῖς.
1778 713 1797 747 ι
1834 696 1968 749 Οὐαὶ

350 779 415 831 οί
466 779 876 851 ἐπιθυμοῦντες
928 782 1026 853 τὴν
1076 782 1295 856 ἡμέραν
1348 785 1592 856 Κυρίουί
1645 788 1741 841 καὶ
1786 788 1875 843 ἵνα
1913 787 1967 842 τί

350 875 504 944 ὑμῖν
562 873 705 947 αὕτη
763 876 798 947 ὴ
832 876 1021 949 ἡμέρα
1070 876 1165 931 τοῦ
1219 875 1461 949 Κυρίου;
1511 878 1608 931 καὶ⁵
1661 877 1804 949 αὕτη
1850 879 1968 934 ἐστὶ

351 967 585 1032 σκότος’
610 968 708 1022 καὶ
749 969 813 1023 οὐ
850 968 988 1038 φῶς.
1033 987 1053 1021 ι
1095 968 1313 1041 Ἐπειδὴ
1353 955 1461 1041 γὰρ
1501 969 1690 1024 πολλοὶ
1735 969 1869 1041 πρὸς
1906 970 1968 1023 τὸ

346 1061 557 1131 χεῖρον
583 1060 869 1125 παντελῶς
896 1062 1358 1134 ἐκτετραμμένοι,
1387 1061 1589 1116 ὡσανεὶ
1622 1062 1966 1135 ψευδομένων

345 1156 449 1225 ἐφ’
478 1152 566 1220 οἷς
597 1158 836 1229 ἐμήνυον
862 1156 975 1211 τῶν
1007 1157 1325 1229 προφητῶν,
1354 1157 1598 1227 ἐτόλμων
1634 1156 1812 1225 λέγειν
1839 1200 1854 1224 ,
1882 1156 1964 1211 ὅτι

360 1248 616 1302 Ἐλθέτω
643 1249 708 1320 δὴ
739 1249 810 1303 τὰ
843 1240 992 1304 κακά
1025 1249 1061 1304 ἃ.
1089 1250 1228 1319 φατὲ
1266 1250 1361 1309 καὶ
1397 1248 1662 1321 μηνύετε,
1706 1250 1755 1302 εί
1782 1248 1847 1320 δή
1880 1266 1964 1313 τις

344 1338 607 1410 ἀλήθεια
655 1340 919 1412 πρόσεστι
961 1342 1076 1404 τοῖς
1134 1339 1316 1411 λόγοις
1366 1338 1744 1411 ὑμῶνήτοῢτο
1775 1338 1923 1409 λέγει
1948 1354 1962 1370 ·

361 1432 792 1495 Ἑλεεινότατοι,
824 1434 1014 1506 φησὶν,
1041 1433 1168 1488 ἐστέ
1217 1433 1318 1506 τὴν
1341 1434 1557 1507 ἡμέραν
1577 1433 1653 1506 (p.
1679 1433 1803 1503 180)
1827 1433 1965 1487 ἐκεί-

344 1540 457 1595 νην
520 1523 950 1594 ἐπιζητοῦντες,
1012 1527 1079 1599 ἢν
1103 1526 1164 1580 ού
1221 1526 1572 1590 πιστεύοντες
1616 1525 1961 1595 ἐλεύσεσθαι,

348 1616 582 1686 ὄψεσθε
614 1620 681 1689 τῇ
716 1617 909 1690 πείρᾳ,
950 1617 1181 1691 ζοφερὸν
1210 1619 1339 1691 ὑμῖν
1369 1616 1448 1689 τῷ
1484 1617 1681 1688 πλήθει
1715 1618 1825 1674 τῶν
1859 1636 1959 1672 κα-

341 1708 475 1762 κῶν
540 1711 857 1780 ἐπάγουσαν
922 1711 1147 1775 σκότος’
1179 1707 1303 1765 εἶτα
1342 1712 1437 1765 καὶ⁵
1485 1709 1849 1782 ὑποδείγματι
1901 1710 1968 1765 τὸ

342 1820 371 1854 ε
383 1805 402 1855 ί
410 1819 484 1874 pr;
495 1802 664 1873 μένον
690 1802 886 1856 πιστού
895 1820 1075 1874 μενος.

424 1978 584 2049 Στίχ.
614 1978 816 2048 ιθ’-κγ⁴.
848 2008 922 2020 -—
963 1998 980 2029 ι
1022 1981 1120 2033 "Ov
1158 1979 1359 2050 τρόπον
1385 1980 1482 2033 ἐὰν
1509 1980 1724 2054 ἐκφύγῃ
1751 1980 1958 2052 ἄνθρω-

340 2089 457 2135 πος
488 2074 558 2124 ἐκ
612 2071 905 2142 προσώπου
944 2071 1038 2124 τοῦ
1075 2071 1309 2135 λέοντος,
1342 2073 1438 2124 καὶ
1480 2073 1697 2145 ἐμπέσῃ
1726 2074 1875 2145 αὐτῷ
1921 2076 1955 2145 ἡ

335 2167 566 2235 ἄρκτος
588 2206 604 2229 ,
633 2165 729 2218 καὶ
773 2164 1083 2236 εἰσπηδήσας]
1115 2167 1196 2228 εἰς
1227 2165 1320 2219 τὸν
1348 2163 1515 2230 οἶκον,
1561 2167 1656 2219 καὶ
1687 2168 1960 2243 ἀπερείσῃ

334 2256 455 2320 τὰς
499 2258 694 2326 χεῖρας
732 2254 902 2308 αὐτοῦ
947 2255 1045 2308 ἐπὶ
1080 2255 1175 2309 τὸν
1225 2259 1439 2327 τοῖχον,
1482 2258 1578 2311 καὶ
1623 2256 1765 2331 δάκῃ
1793 2257 1958 2314 αὐτὸν

335 2349 479 2419 ὄφις
497 2364 512 2374 ·
540 2349 662 2418 οὐχὶ
696 2348 891 2411 σκότος
924 2348 958 2417 ἡ
991 2346 1179 2420 ἡμέρα
1206 2347 1303 2402 τοῦ
1330 2350 1559 2423 Κυρίου,
1590 2351 1686 2405 καὶ
1713 2353 1775 2404 ού
1804 2350 1956 2421 φῶς;

336 2439 448 2495 καὶ
498 2439 702 2509 γνόφος
745 2439 847 2492 οὐκ
896 2438 1037 2509 ἔχων
1084 2439 1288 2509 φέγγος
1317 2439 1522 2513 αύτῆς;
1562 2462 1581 2495 ι
1635 2443 1714 2497 Δι’
1745 2443 1958 2497 ὑποδεί-

332 2548 572 2602 γματος
621 2530 733 2603 γὰρ
764 2530 1045 2603 ἠϐουλήθη
1088 2531 1191 2603 τῆς
1236 2532 1453 2603 ἡμέρας
1477 2534 1582 2607 τὴν
1610 2535 1956 2608 χαλεπότητα

334 2620 646 2689 ἐπιδεῖξαι.
718 2622 809 2685 Ὠς
868 2621 980 2694 γάρ
1030 2621 1086 2675 εί
1132 2640 1240 2687 τις,
1305 2624 1472 2696 φησὶ,
1521 2625 1643 2679 καθ’
1679 2626 1799 2681 ὁδὸν
1856 2628 1955 2699 μὲν

332 2711 598 2775 ἀκούσας
623 2711 838 2776 λέοντος
868 2711 1090 2781 ἔφοδον,
1127 2713 1221 2766 ἐπὶ
1244 2713 1345 2786 τὴν
1378 2713 1533 2768 πόλιν
1577 2715 1952 2789 καταδράμοι*

332 2803 617 2875 ἐμπεσὼν
642 2803 699 2857 δὲ
727 2805 916 2876 ἄρκτῳ
943 2803 1086 2858 κατὰ
1111 2805 1214 2878 τὴν
1234 2805 1388 2859 πόλιν
1427 2806 1554 2870 τοὺς
1580 2807 1956 2878 ἐμπίπτοντας

332 2898 755 2969 λυμαινομένη,
782 2898 875 2952 ἐπὶ
899 2899 999 2971 τὴν
1026 2898 1206 2952 οἰκίαν
1231 2899 1571 2970 εἰσπηδήσας
1597 2901 1698 2972 τὴν
1719 2901 1951 2967 οἰκείαν,

335 2992 509 3046 λύσιν
543 2990 802 3062 εὑρέσθαι
829 2990 956 3045 τινὰ
974 2989 1084 3045 τῶν
1110 2989 1292 3044 κακῶν
1323 2990 1518 3066 ἐλπίζῃ
1536 3010 1549 3024 ·
1578 2988 1699 3047 εἶτά
1723 3010 1841 3058 πως
1861 2994 1957 3047 ἐπί

331 3104 451 3140 τινι
517 3085 682 3156 χρείᾳ
730 3083 809 3155 τῷ
869 3083 1037 3155 τοίχῳ
1094 3084 1464 3155 προσαγαγὼν
1520 3085 1618 3157 τὴν
1659 3090 1820 3158 χεῖρα
1852 3088 1954 3158 τὴν

334 3178 583 3241 οἰκείαν,
622 3174 820 3248 ἁθρόον
859 3175 966 3230 ὑπὸ
996 3174 1176 3245 ὄφεως
1211 3175 1454 3248 δηχθείη,
1487 3177 1587 3230 οὑκ
1630 3178 1846 3251 ἀνάγκη
1874 3177 1954 3250 τῷ

2074 607 2416 669 transeunte;
2480 612 2536 660 et
2593 603 2795 660 talibus
2840 604 3118 675 tantisque
3179 605 3341 662 malis
3379 606 3668 663 obruente.

2077 712 2097 745 ‹
2130 692 2223 749 Va:
2252 695 2695 753 desiderantibus
2731 698 2873 753 viam
2930 696 3180 753 Domini!
3211 698 3325 754 Cur
3352 699 3510 755 vobis
3552 699 3669 756 haec

2071 783 2191 842 dies
2241 785 2500 842 Domini?
2533 787 2656 858 ipsa
2696 788 2916 859 quidem
2948 787 3093 843 haud
3115 788 3204 843 lux
3234 796 3341 856 est,
3383 790 3544 862 119
3572 789 3669 847 sed

2070 877 2329 935 tenebrae.
2357 897 2376 932 ι
2400 878 2670 947 Quoniam
2691 880 2847 935 multi
2862 880 3199 950 improbitati
3222 897 3449 953 prorsus
3471 883 3664 950 dediti,

2071 970 2231 1039 quasi
2259 969 2399 1026 falsa
2441 972 2720 1042 propheta:
2746 973 3198 1034 vaticinarentur,
3254 974 3438 1029 dicere
3488 976 3661 1031 aude-

2070 1060 2203 1117 bant
2231 1080 2245 1116 :
2280 1062 2513 1118 Veniant
2545 1078 2677 1119 sane
2700 1079 2821 1134 quae
2856 1078 2955 1119 vos
3010 1063 3198 1121 dicitis
3243 1080 3309 1121 ac
3339 1066 3663 1136 portenditis

2068 1152 2234 1219 mala,
2267 1151 2313 1208 si
2340 1162 2490 1209 certe
2520 1152 2702 1209 verbis
2726 1155 2928 1210 vestris
2946 1154 3197 1210 veritatis
3229 1154 3437 1225 aliquid
3472 1157 3616 1212 inest
3643 1174 3659 1223 ;

2070 1242 2147 1297 ait
2170 1258 2319 1299 nunc
2345 1246 2613 1317 propheta
2647 1263 2663 1301 :
2708 1245 3051 1302 Miserabiles
3081 1248 3325 1316 apprime
3359 1248 3517 1315 estis;
3565 1250 3663 1320 qui

2069 1334 2213 1391 diem
2243 1335 2393 1393 illam
2413 1337 2689 1410 expetitis,
2715 1354 2879 1409 quam
2900 1346 3187 1394 venturam
3216 1354 3328 1396 non
3350 1341 3660 1409 credentes,

2066 1426 2446 1497 experimento
2495 1427 2756 1485 videbitis
2793 1440 3031 1501 quantas
3060 1428 3234 1487 vobis
3262 1444 3362 1502 per
3387 1431 3659 1487 malorum

2066 1517 2475 1575 multitudinem
2499 1518 2736 1576 adducet
2761 1521 3036 1577 tenebras.
3067 1519 3275 1577 Deinde
3292 1520 3659 1578 'similitudine

2065 1610 2232 1666 etiam
2256 1612 2467 1669 dictum
2486 1627 2648 1670 suum
2676 1612 3012 1671 conﬁrmans
3033 1657 3048 1675 .

2136 1975 2303 2033 Vens.
2339 1975 2531 2034 19-23.
2570 1996 2669 2030 -ι
2697 1977 3193 2046 Quemadmodum,
3236 1977 3433 2048 inquit,
3466 1977 3514 2032 si
3567 1975 3655 2032 fu-

2060 2070 2174 2141 giat
2208 2070 2372 2126 homo
2401 2085 2431 2125 a
2470 2069 2612 2126 facie
2658 2072 2855 2135 leonis,
2911 2080 2965 2127 et
3002 2076 3261 2126 occurrat
3305 2069 3356 2125 ei
3387 2084 3516 2137 ursa
3551 2088 3568 2138 ;
3598 2076 3680 2126 et-

2058 2162 2284 2220 festinet
2334 2164 2548 2238 ingredi
2573 2165 2822 2233 domum,
2866 2174 2918 2221 et
2945 2165 3075 2221 dum
3114 2164 3371 2220 innititur
3400 2164 3656 2241 manibus

2058 2255 2178 2311 suis
2205 2271 2372 2327 super
2420 2257 2705 2327 parietem,
2756 2256 3000 2313 mordeat
3028 2272 3153 2313 eum
3208 2257 3469 2325 coluber;
3509 2271 3654 2311 nun-

2057 2347 2192 2417 quid
2223 2364 2332 2403 non
2354 2351 2594 2406 tenebrae
2612 2349 2732 2405 dies
2757 2348 2996 2411 Domini,
3020 2358 3075 2405 et
3101 2364 3212 2405 non
3240 2349 3376 2404 lux?
3407 2356 3462 2405 et
3475 2348 3651 2419 caligo

2056 2448 2108 2496 ct
2150 2456 2260 2495 non
2301 2441 2563 2512 splendor
2605 2442 2661 2496 in
2707 2442 2812 2498 ea?
2856 2460 2875 2494 ›
2915 2440 3028 2498 Hac
3081 2440 3450 2499 similitudine
3475 2440 3652 2497 voluit

2057 2531 2163 2588 diei
2201 2533 2348 2589 illius
2395 2534 2802 2589 terribilitatem
2851 2535 3162 2591 ostendere.
3214 2532 3413 2602 Veluti,
3449 2532 3650 2604 inquit,

2056 2626 2103 2681 si
2135 2625 2258 2694 quis
2319 2626 2373 2681 in
2445 2628 2529 2682 via
2592 2627 2822 2683 audiens
2878 2628 3053 2683 leonis
3098 2628 3404 2694 incursum,
3459 2627 3650 2682 urbem

2053 2732 2251 2773 versus
2321 2715 2616 2788 dill‘ugiat:
2667 2726 2894 2788 tumque
2941 2718 2997 2773 in
3056 2732 3265 2782 ursam,
3326 2732 3451 2788 quae
3500 2718 3652 2772 circa

2057 2808 2248 2864 urbem
2293 2816 2652 2866 occurrentes
2690 2810 2952 2872 laniabat,
2990 2808 3270 2875 incidens,
3320 2811 3378 2865 in
3424 2809 3649 2865 domum

2055 2893 2213 2956 Suam
2241 2915 2338 2970 spe
2362 2900 2490 2954 mali
2527 2901 2734 2957 vitandi
2766 2909 3050 2972 properet;
3094 2916 3331 2971 moxque
3360 2901 3434 2956 ibi
3465 2915 3654 2957 neces-

2054 2990 2218 3046 sitate
2243 2991 2428 3062 aliqua
2475 2991 2666 3062 parieti
2707 3006 2927 3046 manum
2977 3006 3134 3047 suam
3178 2992 3509 3063 impingens,
3561 3004 3651 3043 re-

2056 3093 2222 3155 pente
2243 3099 2275 3138 a
2295 3083 2523 3139 colubro
2544 3082 2900 3150 mordeatur;
2929 3097 3112 3138 nonne
3159 3082 3309 3148 huic,
3361 3091 3485 3153 post
3537 3091 3653 3138 tan-

2056 3182 2169 3230 tam
2213 3175 2482 3231 malorum
2535 3174 2928 3246 experientiam
2962 3181 3284 3245 tantumque
3317 3173 3646 3244 periculum,

332 3269 584 3338 τοιοᾷτῳ
633 3267 772 3337 μετὰ
805 3265 1077 3338 τοσαύτην
1111 3267 1308 3337 πεῖραν
1352 3266 1540 3320 κακῶν
1584 3268 1680 3321 καὶ
1721 3268 1951 3341 θόρυϐον

2057 3268 2359 3325 inevitabili
2387 3268 2606 3325 demum
2628 3267 2842 3324 colubri
2877 3282 3066 3322 morsu
3114 3268 3246 3331 icto,
3305 3266 3447 3324 diem
3473 3267 3647 3334 illam,

336 3358 646 3424 τοσοῦτον,
701 3359 934 3429 ἀφύκτῳ
994 3361 1445 3430 περιπεπτωκότι
1498 3362 1563 3431 τῇ
1623 3359 1806 3433 πληγῇ
1853 3360 1949 3414 τοῦ

333 3453 553 3519 ὄφεως,
585 3452 779 3516 σκότος
803 3447 943 3504 εἶναι
973 3451 1071 3523 τὴν
1101 3451 1312 3523 ἑτέροις
1333 3452 1668 3523 φαινομένην
1697 3453 1948 3525 ὴμέρανς

335 3543 473 3597 οὐδὲ
496 3544 688 3615 διορᾷν
733 3544 920 3615 μέντοι
949 3543 1061 3598 τῶν
1099 3543 1389 3615 παρόντων
1416 3546 1481 3598 ἐκ
1516 3543 1627 3599 τῶν
1656 3545 1951 3618 ὀφθαλμῶν

334 3637 552 3705 ὁρῶντι
581 3636 691 3690 τῶν
735 3635 991 3701 οἱκείωνς
1035 3636 1265 3707 (p.181)
1311 3634 1457 3689 οὕτω
1500 3635 1567 3707 δὴ
1606 3637 1702 3691 καὶ
1750 3638 1948 3709 ὑμεῖς,

337 3729 538 3798 φησὶν,
575 3727 913 3792 ἀκούσαντες
971 3727 1070 3798 μὲν
1117 3727 1460 3797 πανταχόθεν
1502 3726 1611 3782 τῶν
1674 3727 1952 3798 πολεμίων

334 3822 446 3892 τὴν
496 3818 688 3889 ἔφοδον
739 3820 833 3873 ἐπὶ
860 3819 959 3892 τὴν
1003 3820 1157 3873 πόλιν
1196 3817 1578 3874 είσελεύσεσθε
1602 3835 1616 3850 ·
1653 3821 1718 3873 ἐκ
1763 3819 1821 3872 δὲ
1852 3820 1949 3875 τοῦ

336 3913 470 3968 κατ’
502 3913 683 3984 αὐτὴν
717 3912 951 3984 θορύϐου
973 3912 1430 3984 διαταραχθέντες
1454 3952 1468 3977 ,
1501 3913 1561 3966 ὃν
1596 3912 1815 3985 ἀνάγκη
1841 3913 1950 3969 τῶν

335 4005 630 4071 πολεμίων
655 4003 979 4074 ἐφεστώτων
1004 4005 1254 4074 γίνεσθαι
1276 4006 1334 4058 ἐν
1350 4006 1510 4077 αὐτῇ,
1528 4006 1751 4069 είςτοὺς
1767 4005 1951 4071 οἴκους

340 4097 727 4151 εἰσελεύσεσθε
770 4098 901 4161 τοὺς
928 4097 1190 4162 οἰκείους,
1226 4097 1516 4169 περιέσται
1547 4097 1605 4150 δὲ
1633 4096 1791 4152 οὐθὲν
1825 4094 1953 4151 οὐδὲ

340 4196 411 4247 ἐκ
442 4191 643 4246 τούτου
681 4190 846 4246 πλέον
880 4192 1031 4262 ὑμῖν,
1068 4193 1136 4245 ἐκ
1160 4190 1269 4245 τῶν
1299 4190 1487 4262 μυχῶν
1509 4190 1610 4261 τὴς
1633 4189 1815 4254 οἰκίας
1854 4191 1950 4244 ἐπὶ

335 4286 445 4357 τὴν
476 4283 863 4356 αἰχμαλωσίαν
904 4282 1237 4349 ἐξελκόντων
1291 4284 1439 4353 ὑμᾶς
1483 4282 1592 4338 τῶν
1630 4283 1945 4355 πολεμίων.

341 4375 475 4440 ἰίῶς
519 4375 586 4449 δὴ
613 4378 729 4439 τοῖς
768 4374 948 4431 ταῦτα
974 4375 1298 4445 πάσχουσιν,
1330 4374 1390 4426 οὐ
1428 4371 1621 4450 σκότος
1667 4368 1809 4426 εἶναι
1854 4372 1949 4426 τὸν

339 4470 541 4539 καιρὸν
568 4470 781 4523 ἐκεῖνον
814 4468 1062 4538 ἀνάγκης
1108 4461 1243 4521 Εἶτα
1268 4468 1347 4531 είς
1374 4465 1475 4537 τὴν
1507 4466 1606 4535 τῆς
1644 4465 1950 4538 μοχθηρίας

339 4562 529 4616 αὐτῶν
559 4560 839 4629 ἀπόδειξιν
867 4560 1095 4630 ἐπάγει·
1138 4579 1157 4612 ι
1188 4558 1522 4631 Μεμίσηκα,
1548 4556 1816 4626 ἁπῶσμαι
1850 4556 1949 4622 τὰς

2054 3376 2174 3431 quae
2212 3360 2426 3416 caeteris
2461 3360 2555 3414 lux
2598 3365 2858 3430 apparet,
2921 3358 3178 3413 tenebras
3221 3356 3393 3413 videri
3424 3372 3649 3413 necesse

2053 3453 2178 3509 est?
2231 3453 2306 3512 ita
2339 3459 2399 3506 ut
2433 3450 2570 3506 nihil
2606 3466 2794 3506 coram
2839 3448 3086 3505 oblatum
3124 3460 3349 3521 propter
3378 3450 3646 3504 malorum

2053 3544 2341 3617 angustias
2358 3551 2570 3609 cernat,
2601 3550 2831 3598 mortem
2860 3556 2991 3597 vero
3044 3540 3439 3612 prepemodum
3469 3540 3649 3596 oculis

2053 3640 2170 3696 suis
2195 3645 2520 3709 praesentem
2575 3636 2820 3708 spectet?
2867 3634 2959 3689 Sic
3013 3635 3238 3690 omnino
3290 3648 3411 3698 vos,
3444 3632 3644 3704 inquit,

2053 3730 2240 3786 audita
2270 3730 2510 3786 hostium
2545 3743 2963 3800 quaqueversus
2985 3726 3324 3791 incursione,
3353 3726 3422 3782 ad
3452 3726 3647 3783 urbem

2053 3829 2266 3879 vosmet
2303 3822 2611 3893 recipietis:
2676 3822 2747 3875 ibi
2784 3836 2916 3877 vero
2949 3820 3186 3876 tumultu
3216 3820 3442 3889 turbati,
3479 3835 3646 3891 quem

2052 3914 2172 3971 ﬁeri
2222 3907 2640 3969 imminentibus
2695 3912 2947 3967 hostibus
3000 3926 3230 3966 necesse
3300 3922 3407 3978 est,
3449 3908 3647 3966 domos

2052 4012 2264 4061 vestras
2308 4003 2628 4068 introibitis,
2687 4002 2783 4058 sed
2840 4018 2909 4061 ne
2966 4000 3020 4055 id
3054 4000 3273 4072 quidem
3323 4001 3447 4073 plus
3490 4000 3649 4057 vobis

2053 4097 2340 4170 proderit:
2375 4112 2442 4151 ex
2465 4094 2682 4167 angulis
2712 4094 2859 4150 enim
2896 4095 3096 4150 aedium
3147 4101 3428 4149 extractos
3473 4092 3647 4149 abdu-

2052 4196 2180 4246 cent
2214 4203 2314 4244 vos
2341 4187 2529 4243 hostes
2559 4187 2615 4241 in
2640 4185 3050 4256 captivitatem;
3097 4184 3213 4254 jam
3246 4200 3377 4240 vero
3396 4184 3525 4239 talia
3554 4200 3646 4255 pa-

2051 4280 2340 4347 tientibus,
2373 4278 2504 4349 quid
2540 4279 2595 4333 ni
2646 4278 2901 4333 tenebras
2931 4276 3074 4332 diem
3120 4277 3269 4331 illam
3321 4275 3497 4332 videri
3543 4292 3643 4332 ne-

2053 4385 2209 4427 cesse
2233 4369 2339 4425 erit
2385 4371 2407 4422 ?
2437 4368 2703 4425 Posthinc
2732 4367 2804 4423 ob
2834 4368 3054 4423 illorum
3101 4367 3512 4438 improbitatem
3546 4368 3645 4424 de-

2052 4460 2489 4525 monstrandam,
2524 4460 2715 4514 addit:
2755 4477 2775 4511 ι
2806 4457 2942 4525 Odi,
2971 4460 3147 4530 repuli
3169 4458 3496 4516 festivitates
3550 4476 3647 4517 ve-

2052 4562 2220 4620 stras,
2246 4562 2302 4609 et
2339 4569 2451 4608 non
2486 4552 2648 4624 120
2674 4550 2950 4605 odorabor
2989 4551 3044 4605 in
3078 4551 3314 4607 cmtibus
3351 4551 3574 4608 vestris.
3616 4570 3635 4604 ι

337 4655 543 4730 ἑορτὰς
570 4654 750 4726 ὑμῶν,
786 4654 884 4709 καὶ
917 4655 978 4708 οὐ
1014 4653 1091 4725 μὴ
1132 4650 1427 4725 ὀσφρανθῶ
1456 4652 1515 4706 ἐν
1546 4652 1667 4715 ταῖς
1696 4650 1947 4723 πανηγύ-

2056 4646 2287 4718 Pr0pter
2316 4661 2530 4701 morum
2562 4650 2873 4699 vestrorum
2915 4642 3343 4714 improbitatem,
3380 4644 3645 4700 solemni-

341 4766 498 4817 ρεσιν
523 4746 702 4817 ὑμῶν.
733 4766 752 4798 ι
788 4746 890 4800 Διὰ
910 4746 968 4800 δέ
985 4745 1085 4817 τὴν
1101 4744 1195 4800 τοῦ
1219 4745 1422 4816 τρόπον
1442 4743 1748 4816 μοχθηρίαν
1768 4743 1946 4814 ὑμῶν,

338 4842 439 4893 καὶ
465 4840 567 4904 τὰς
594 4839 789 4912 ἐορτὰς
821 4838 888 4903 ἃς
921 4838 1194 4892 ἐπιτελεῖν
1222 4837 1317 4890 ἐπὶ
1340 4839 1475 4909 τιμῇ
1514 4836 1721 4890 δοκεῖτε
1743 4838 1810 4907 τῇ
1838 4837 1945 4907 ἐμῇ

335 4933 429 4988 διά
458 4932 654 5005 μίσους
677 4931 807 5004 ἔχω,
837 4932 934 4986 καὶ
953 4931 1016 4985 οὐ
1045 4929 1342 5003 προσίεμαι
1366 4929 1593 4992 ταύτας.
1624 4948 1642 4980 ι
1677 4929 1823 4982 Διότι
1851 4927 1947 4982 ἐὰν

336 5024 615 5096 ἐνέγκητέ
665 5043 756 5096 μοι
802 5023 1241 5095 ὁλοκαυτώματα
1283 5023 1377 5077 καὶ
1422 5021 1617 5086 θυσίας
1649 5020 1803 5092 ὑμῶν
1828 5060 1845 5086 ,
1883 5020 1946 5074 οὐ

342 5117 753 5190 προσδέξομαι·
800 5118 897 5173 καὶ
932 5117 1235 5189 σωτηρίους
1276 5113 1598 5185 ἐπιφανείας
1650 5110 1806 5185 ὑμῶν
1846 5111 1948 5166 οὐκ

336 5210 737 5282 ἐπιϐλέψομαι.
778 5229 797 5262 ι
861 5209 980 5265 Κᾶν
1030 5209 1226 5272 θυσίας
1279 5203 1375 5262 οὖν
1422 5206 1456 5273 ἢ
1513 5204 1947 5275 ὁλοκαυτώματα

335 5304 723 5376 προσφέρητε,
749 5303 852 5376 τὴν
882 5305 948 5357 ἐκ
976 5304 1076 5375 τῆς
1105 5301 1434 5372 ἐπιφανείας
1473 5302 1573 5371 τῆς
1600 5298 1741 5370 ἐμῆς
1769 5316 1945 5370 σωτη-

336 5397 469 5468 ρίαν
503 5396 822 5461 ἐλπίζοντες
841 5395 933 5450 διὰ
950 5397 1160 5450 τούτων
1189 5394 1397 5455 λαϐεῖν,
1418 5391 1541 5446 οὔτε
1559 5390 1805 5463 δέξομαι,
1826 5391 1943 5444 ἀλλ’

332 5491 459 5544 οὖδέ
496 5490 751 5563 προσέξω
795 5492 909 5553 τοῖς
943 5488 1256 5560 γινομένοις
1294 5487 1453 5550 ὅλως.
1498 5484 1564 5538 Τί
1600 5478 1733 5550 οὖν;
1775 5503 1794 5534 ι
1826 5484 1942 5537 Με-

330 5584 616 5655 τάστησον
673 5585 772 5638 ἀπ’
828 5582 967 5655 ἐμοῦ
1015 5579 1153 5655 ἦχον
1203 5581 1356 5656 ᾠδῶν
1406 5596 1502 5634 σου
1527 5619 1542 5643 ,
1590 5570 1686 5633 καὶ
1727 5576 1945 5649 ψαλμὸν

328 5678 592 5749 ὁργάνων
647 5692 744 5730 σου
795 5676 898 5730 οὐκ
931 5676 1261 5748 ἀκούσομαι.
1300 5694 1318 5726 ν
1362 5671 1576 5727 Παῦσαι
1603 5669 1668 5741 δὴ
1705 5671 1802 5723 καὶ
1844 5669 1944 5733 τὰς

328 5774 402 5823 ἐκ
425 5772 541 5824 τῶν
568 5768 804 5841 ψαλμῶν
824 5769 972 5841 ᾠδὰς
1014 5771 1103 5824 ἐπ’
1124 5771 1247 5841 ἐμοὶ
1270 5765 1612 5839 ποιούμενος,
1649 5763 1773 5819 ἐπεὶ
1808 5761 1945 5835 μηδὲ

328 5861 533 5916 τούτου
566 5879 656 5931 μοι
682 5861 862 5934 λόγος.

2052 4746 2195 4794 tates
2218 4737 2383 4793 etiam
2406 4751 2545 4808 quas
2566 4734 2633 4790 ad
2662 4735 2765 4790 mei
2794 4733 3061 4788 honorem
3088 4733 3369 4789 celebrare
3390 4733 3640 4798 creditis,

2053 4830 2182 4886 odio
2205 4829 2402 4898 habeo,
2442 4843 2620 4900 neque
2663 4842 2756 4883 eas
2780 4827 3016 4898 excipio.
3056 4844 3074 4878 ι
3109 4824 3267 4892 Quod
3309 4827 3356 4882 si
3385 4825 3521 4882 mibi
3551 4826 3645 4881 ob-

2049 4925 2292 4980 tuleritis
2320 4922 2643 4978 holocausta
2675 4931 2729 4976 et
2757 4921 3032 4977 sacriﬁcia
3060 4928 3267 4986 vestra,
3296 4935 3407 4975 non
3461 4919 3642 4974 susci-

2048 5017 2219 5089 piam,
2243 5023 2296 5074 et
2316 5016 2560 5073 salutare
2581 5022 2910 5086 conspectus
2936 5015 3104 5072 vestri
3124 5029 3235 5071 non
3262 5013 3575 5083 respiciam.
3615 5032 3635 5065 ι

2051 5106 2280 5164 Etiamsi
2314 5106 2481 5178 igitur
2511 5106 2785 5162 sacriﬁcia
2817 5105 2900 5162 vel
2953 5102 3276 5160 holocausta
3302 5101 3638 5169 obtuleritis,

2048 5200 2280 5257 salutem
2324 5215 2389 5255 ex
2454 5206 2709 5271 respectu
2738 5212 2860 5253 meo
2901 5203 3188 5269 sperantes
3210 5195 3282 5250 ob
3316 5194 3432 5249 haec
3465 5194 3642 5263 impe-

2041 5301 2212 5361 trare,
2242 5310 2351 5349 non
2378 5293 2685 5358 admittam,
2710 5306 2889 5362 neque
2906 5289 3173 5361 quidquid
3202 5286 3447 5343 feceritis
3477 5284 3636 5356 pensi

2043 5386 2276 5443 habebo.
2313 5385 2456 5452 Quid
2481 5384 2651 5455 ergo?
2697 5402 2716 5436 ι
2757 5381 3023 5438 Transfer
3051 5397 3078 5435 a
3107 5396 3195 5437 me
3225 5379 3466 5436 sonitum
3508 5393 3635 5434 car-

2048 5480 2259 5535 minum
2294 5487 2546 5543 tuorum;
2608 5477 2880 5547 psalmum
2914 5486 3244 5545 organorum
3278 5480 3496 5528 tuorum
3524 5486 3635 5528 non

2047 5570 2289 5626 audiam.
2325 5588 2345 5622 ι
2380 5569 2580 5625 Desine
2606 5567 2946 5638 psalmorum
2975 5565 3223 5620 carmina
3255 5565 3391 5620 mihi
3419 5579 3640 5638 compo-

2047 5679 2199 5731 nere,
2217 5663 2478 5736 quoniam
2506 5676 2575 5718 ne
2608 5661 2722 5717 haec
2755 5657 2974 5730 quidem
3003 5657 3134 5714 mihi
3166 5657 3323 5715 cordi
3358 5664 3512 5715 sunt.
