4102 6474
412 337 520 394 279

1621 351 1971 413 THEODORI
2012 356 2510 419 MOPSUESTENI'

3574 372 3686 427 230

487 449 647 507 Vsus.
677 451 874 555 2.4-2.7.-
898 486 968 500 —-
992 474 1011 508 ι
1054 455 1120 512 Et
1159 458 1407 517 volvetur
1460 466 1621 535 quasi
1658 481 1799 538 aqua
1848 470 1989 539 judi-

2160 474 2310 546 Στίχ.
2342 476 2652 543 κδ’-κζ’.--ι
2678 478 2789 532 Καὶ
2811 462 3200 553 κυλισθήσεται
3219 480 3295 546 ὼς
3317 481 3460 553 ὕδωρ
3482 485 3687 555 κρῖμα,

409 542 577 612 cium,
615 551 669 599 et
696 543 911 614 justitia
953 548 1115 617 quasi
1155 556 1373 609 torrens
1414 553 1617 613 invius.
1663 576 1682 610 ι
1720 557 1853 614 Dum
1900 577 1997 616 ve-

409 642 580 690 stram
602 636 891 694 considero
912 640 1107 705 vitam,
1137 651 1193 699 et
1218 645 1524 701 secundum
1554 649 1696 704 hanc
1725 651 1995 721 judicium

408 735 589 775 meum
640 720 708 778 de
738 724 892 781 vobis
930 726 1181 796 instituo,
1232 733 1598 803 iustissimam
1653 739 1813 795 video
1856 756 1885 795 a
1915 758 2000 798 me

408 815 565 871 vobis
599 816 916 888 impositum
939 823 1007 877 iri
1036 826 1407 896 punitionem,
1434 846 1598 900 quam
1620 849 1815 905 reapse
1844 837 2003 895 vobis

404 907 660 965 omnibus
707 910 1001 980 adducam,
1054 921 1211 987 quasi
1277 929 1577 978 torrentem
1639 927 1998 996 amplitudine

414 1013 515 1051 sua
544 1015 772 1068 prorsus
796 1004 1402 1067 intransibilem.¢l\‘um
1425 1014 1639 1071 hostias
1654 1024 1708 1073 et
1725 1020 2001 1075 sacriﬁcia

407 1093 686 1150 “intulistis
715 1095 847 1152 mihi
876 1098 931 1152 in
953 1099 1175 1156 deserto
1199 1104 1562 1176 quadraginta
1596 1109 1779 1175 annis,
1822 1125 1855 1164 ο
1898 1111 2001 1166 do-

407 1196 532 1238 mus
555 1183 807 1243 lsraelis‘l
838 1207 858 1240 ι
898 1189 1057 1256 Quod
1092 1194 1226 1249 nulli
1263 1211 1413 1252 curae
1432 1198 1563 1252 mihi
1596 1198 1836 1257 victimae
1861 1203 1995 1270 sint,

410 1272 549 1366 inde
597 1292 697 1332 vos
741 1280 1085 1349 potissimum
1132 1288 1397 1356 poteratis
1447 1305 1807 1362 cognoscere,
1848 1297 1995 1366 quod

408 1364 775 1438 quadraginta
820 1373 980 1428 annis
1028 1374 1085 1429 in
1138 1376 1382 1444 deserto,
1418 1380 1557 1436 nihil
1612 1364 1932 1454 hujusmodi
1966 1400 1997 1440 a

411 1456 658 1524 patribus
711 1461 910 1521 vestris
960 1465 1155 1536 exegi:
1208 1476 1262 1522 et
1312 1475 1497 1526 tamen
1519 1486 1620 1543 ego
1675 1483 1997 1545 perpetuam

408 1546 629 1604 illorum
662 1565 853 1608 curam
887 1557 1055 1626 gessi.
1097 1576 1115 1609 ε
1152 1558 1219 1614 Ει
1250 1560 1553 1621 admisistis
1576 1565 1997 1622 tabernaculum

411 1634 676 1705 Molochi,
708 1649 764 1697 et
803 1642 954 1709 sidus
986 1648 1072 1702 dei
1104 1650 1273 1705 vestri
1305 1650 1661 1723 Rhemphan,
1703 1656 1996 1712 simulacra

410 1744 532 1797 quae
559 1732 714 1790 vobis
742 1734 1045 1795 formastis.
1077 1739 1144 1794 Et
1201 1743 1532 1800 transferam
1566 1760 1665 1801 vos
1709 1748 1854 1801 ultra
1898 1747 1996 1803 Da-

409 1832 678 1887 mascum,
711 1822 845 1880 dicit
879 1824 1142 1885 Dominus
1183 1829 1346 1897 Deus,
1375 1832 1465 1887 cui
1512 1848 1711 1890 nomen
1734 1834 1996 1908 Omnipo-
2026 1819 2068 1874 Β

408 1918 554 1965 tens.
595 1930 615 1963 ι
650 1910 763 1970 Vos
788 1922 969 1972 tamen
1003 1917 1072 1974 de
1103 1919 1391 1977 honestate
1441 1924 1683 1995 cogitare
1717 1927 1991 1994 nolentes,

411 2003 697 2060 sacriﬁciis
719 2004 950 2064 delinire
969 2026 1056 2065 me
1076 2014 1332 2083 speratis,
1352 2016 1447 2085 qui
1472 2019 1767 2090 eaeteroqui
1788 2021 1994 2076 nullam

413 2097 516 2150 mei
549 2099 815 2155 rationem
853 2102 1089 2173 habetis,
1128 2109 1225 2163 sed
1257 2109 1420 2168 idolis
1461 2115 1711 2173 studiose
1744 2118 1996 2176 adhaere-

413 2189 504 2244 tis.
540 2189 856 2249 Molochum
895 2212 1028 2254 vero
1055 2199 1187 2255 dicit
1217 2202 1503 2262 adoratum
1543 2207 1612 2263 ab
1631 2209 1711 2265 eis
1742 2209 1945 2266 idolum
1976 2227 1993 2266 :

412 2280 828 2344 tabernaculum
856 2302 986 2343 vero
1010 2288 1264 2359 Moloehi,
1296 2293 1350 2349 id
1396 2306 1480 2353 est
1524 2298 1655 2354 idoli
1708 2305 1991 2371 templum,

413 2370 793 2440 frequentatis,
819 2377 979 2448 eique
1002 2394 1190 2437 curam
1205 2386 1521 2459 impenditis
1545 2392 1691 2447 :imo
1711 2400 1766 2448 et
1795 2370 1994 2451 sideris

412 2461 584 2517 cultui
632 2468 863 2533 vacatis,
914 2472 1001 2527 cui
1033 2471 1129 2529 Dei
1168 2479 1589 2547 appellationem
1642 2483 1992 2542 attribuistis.

416 2554 571 2625 121
606 2556 887 2617 llehraicae
921 2564 1118 2638 linguae
1153 2570 1313 2639 periti
1361 2572 1515 2628 aiunt
1539 2575 1685 2631 hunc
1705 2592 1830 2633 esse
1858 2577 1999 2633 luci-

411 2644 611 2740 ferum.
654 2648 794 2715 Quin
835 2653 977 2712 adeo
1018 2660 1159 2729 apud
1192 2660 1487 2719 simulacra
1523 2667 1710 2733 etiam,
1748 2686 1871 2740 qua:
1906 2686 1997 2728 ve-

411 2737 543 2793 stris
569 2742 825 2800 manibus
842 2744 1183 2815 fabricastis,
1209 2763 1426 2825 tempus
1452 2771 1617 2814 omne
1640 2737 1992 2821 consumitis.

408 2825 669 2887 Jamvero
700 2834 793 2903 qui
836 2835 995 2894 idolis
1030 2841 1345 2909 adhaeretis,
1382 2856 1437 2900 et
1462 2848 1669 2903 nullam
1715 2851 1997 2923 religionis

414 2936 550 2977 mea:
577 2924 1001 2985 sollicitudinem
1056 2934 1269 3004 geritis,
1304 2937 1521 3007 placare
1569 2956 1656 2997 me
1696 2951 1877 2999 tamen
1917 2961 2002 3001 sa-

414 3012 640 3106 crillciis
667 3020 923 3088 speratis,
959 3038 1082 3092 quae
1113 3026 1251 3080 nihil
1280 3036 1429 3084 certe
1464 3032 1623 3087 vobis
1662 3035 1995 3106 proderunt;

2109 568 2203 621 καὶ
2226 569 2261 639 ή
2284 568 2599 640 δικαιοσύνη
2624 569 2700 634 ὼς
2728 571 3064 644 χειμάρρους
3092 571 3313 635 ἄϐατος.
3355 591 3374 625 ›
3410 573 3555 644 Πρὸς
3573 574 3685 647 γάρ

2100 658 2192 713 τὸν
2235 659 2369 729 βίον,
2411 658 2487 730 (p.
2527 660 2652 730 182)
2690 661 2874 731 φησὶν,
2931 663 3078 733 ὁρῶν
3121 662 3214 717 τὸν
3265 663 3551 736 ὑμέτερον,
3588 669 3687 722 καὶ

2103 751 2224 803 κατ’
2258 752 2463 804 ἐκεῖνον
2496 751 2595 820 τὴν
2624 752 2805 824 κρίσιν
2842 752 2949 807 τῶν
2976 752 3101 807 καθ’
3143 754 3287 824 sua;
3324 755 3685 827 ποιούμενος,

2099 842 2212 915 ὁρῶ
2235 843 2580 915 δικαιοτάτην
2609 846 2738 915 ὑμῖν
2772 844 3224 917 ὲπαχθησομένην
3263 847 3363 918 τὴν
3384 849 3679 919 τιμωρίαν,

2101 934 2169 1005 ἣν
2192 935 2286 988 καὶ
2310 934 2497 1001 ἐπάξω
2529 936 2694 989 πᾶσιν
2738 936 2902 1006 ὑμῖν,
2933 936 3237 1009 χειμάρρου
3287 936 3442 1009 δίκην
3499 939 3680 1005 ἀδιεξ-

2100 1025 2319 1080 οδεύτου
2364 1026 2452 1080 διὰ
2482 1026 2543 1079 τὸ
2583 1027 2814 1097 μέγεθος
2837 1028 3135 1091 παντελῶς.
3172 1046 3192 1079 ι
3224 1029 3316 1100 Μὴ
3356 1029 3561 1098 σφάγια
3586 1032 3684 1085 καὶ

2100 1118 2291 1181 Θυσίας
2315 1117 2724 1189 προσηνέγκατε
2747 1120 3152 1190 τεσσαράκοντα
3173 1120 3268 1191 ἐτη
3299 1122 3358 1172 ἐν
3378 1124 3444 1191 τῇ
3467 1122 3680 1193 ἐρήμῳ,
3709 1119 3713 1122 ’

2099 1202 2248 1271 οἶκος
2292 1208 2539 1280 Ἰσραήλ;
2574 1227 2594 1260 ι
2629 1209 2752 1262 Ὅτι
2787 1209 2895 1281 γάρ
2924 1208 3115 1280 μηδείς
3143 1226 3233 1280 μοι
3264 1209 3467 1263 θυσιῶν
3502 1210 3680 1278 λόγος,

2102 1300 2313 1354 ἐκεῖθεν
2347 1300 2584 1371 μάλιστα
2616 1299 2816 1354 εἰδέναι
2853 1302 3131 1374 προσῆκον
3178 1297 3246 1373 ἦν
3276 1302 3443 1372 ὑμᾶς,
3485 1303 3577 1371 ἀφ’
3607 1296 3684 1357 ὧν

2100 1390 2193 1444 ἐπὶ
2215 1391 2626 1462 τεσσαράκοντα
2647 1392 2759 1454 τοῖς
2781 1391 2930 1445 ἔτεσι
2948 1392 3090 1445 κατὰ
3104 1392 3202 1463 τὴν
3223 1392 3452 1463 ἔρημον,
3471 1392 3686 1448 τοιοῦτο

2104 1483 2199 1554 μὲν
2230 1483 2378 1554 παρὰ
2418 1482 2524 1536 τῶν
2554 1483 2810 1555 πατέρων
2841 1484 3019 1555 ᾔτησα
3041 1482 3149 1537 τῶν
3178 1483 3463 1555 ὑμετέρων
3485 1484 3640 1537 οὐδέν
3666 1503 3681 1517 ·

2098 1572 2263 1638 αὐτὸς
2302 1573 2361 1628 δέ
2393 1573 2715 1644 ἐπιμέλειαν
2746 1574 2929 1629 αὐτῶν
2955 1573 3053 1645 τὴν
3082 1576 3467 1645 προσήκουσαν
3494 1575 3682 1629 ποιού-

2101 1682 2262 1735 μενος
2307 1664 2597 1719 διετέλουν.
2637 1682 2657 1716 ι
2697 1664 2807 1718 Καὶ
2843 1664 3135 1719 ἀνελάϐετε
3184 1666 3283 1736 τὴν
3335 1666 3541 1738 σκηνὴν
3589 1666 3684 1721 τοῦ

2098 1756 2300 1828 Μολὸχ,
2355 1757 2451 1811 καὶ
2508 1758 2571 1811 τὸ
2602 1756 2799 1829 ἄστρον
2853 1756 2951 1810 τοῦ
3015 1756 3138 1811 θεοῦ
3194 1758 3349 1829 ὑμῶν
3407 1758 3681 1829 Ῥεμφὰν,

2094 1852 2222 1914 τοὺς
2263 1849 2466 1915 τύπους
2505 1849 2600 1914 οὓς
2645 1852 2937 1921 ἐποιήσατε
2990 1852 3201 1914 ἑαυτοῖς
3225 1867 3239 1882 ο
3276 1851 3369 1903 καὶ
3420 1852 3687 1921 μετοικιῶ

2096 1943 2241 2013 ὑμᾶς
2273 1942 2534 1996 ἐπέκεινα
2577 1940 2873 2012 Δαμασκοῦ
2902 1980 2917 2004 ,
2966 1940 3114 2010 λέγει
3149 1940 3355 2013 Κύριος
3386 1944 3415 1996 ὁ
3446 1942 3584 2006 Θεὸς
3604 1983 3618 2004 ,
3653 1945 3683 1995 ὁ

2096 2034 2499 2105 Παντοκράτωρ
2526 2032 2698 2103 ὄνομα
2731 2033 2904 2103 αὐτῷ.
2947 2051 2965 2085 ι
3032 2026 3193 2086 Ἀλλὰ
3233 2032 3342 2104 γὰρ
3387 2033 3689 2103 συλλογίζε-

2098 2125 2219 2179 σθαι
2248 2125 2309 2177 τὺ
2335 2125 2451 2179 δέον
2471 2127 2531 2178 οὐ
2556 2124 2890 2196 βουλόμενοι,
2913 2125 3127 2189 θυσίαις
3150 2143 3217 2196 με
3248 2126 3687 2197 ἐκμειλίττεσθαι

2098 2216 2458 2289 προσδοκᾶτε,
2520 2215 2713 2287 ἄνδρες
2772 2215 2907 2287 ἐμοῦ
2974 2216 3074 2287 μὲν
3131 2216 3319 2270 οὐδένα
3371 2216 3689 2287 ποιούμενοι

2098 2308 2275 2375 λύγον,
2310 2309 2423 2369 τοῖς
2475 2305 2715 2369 εἰδώλοις
2751 2306 2809 2359 δὲ
2851 2305 3211 2376 προσανέχειν
3254 2306 3683 2370 ἐσπουδακότες·

2097 2398 2277 2469 Μολδχ
2299 2397 2407 2469 γὰρ
2438 2396 2656 2450 εἴδωλον
2679 2396 2828 2464 λέγει
2849 2400 2978 2466 παρ’
2997 2398 3183 2461 αὐτοῖς
3212 2397 3683 2470 θρησκευόμενον·

2098 2490 2303 2561 σκηνὴν
2341 2489 2397 2542 δὲ
2438 2487 2529 2542 τοῦ
2582 2488 2796 2559 Μολδχ,
2821 2489 2909 2542 ἴνα
2941 2489 3094 2561 εἴπῃ,
3130 2490 3214 2542 ὅτι
3252 2489 3556 2561 Περιέπετε
3589 2490 3687 2543 τοῦ

2096 2581 2314 2634 εἰδώλου
2347 2582 2437 2634 τὸν
2471 2581 2617 2644 ναὸν,
2654 2581 2747 2634 καὶ
2775 2582 2905 2653 περὶ
2935 2581 3127 2636 τοῦτον
3157 2581 3311 2652 ἔχετε
3333 2598 3348 2613 ’
3384 2584 3479 2636 καὶ
3496 2583 3559 2653 δὴ
3587 2584 3689 2637 καί⁸

2098 2673 2225 2742 περὶ
2244 2671 2442 2741 ἄστρου
2466 2668 2763 2740 θεραπείαν
2792 2668 3123 2741 ἀσχολεῖσθε,
3153 2669 3293 2722 Θεοῦ
3318 2670 3691 2741 προσηγορίαν

2098 2763 2247 2833 αὐτῷ
2291 2761 2739 2833 περιτεθεικότες·
2769 2763 2845 2831 (p.
2870 2761 3013 2831 l85)’
3042 2761 3174 2830 φασὶ
3206 2761 3263 2814 δὲ
3293 2761 3383 2814 τὸν
3409 2760 3689 2832 ἑωσφόρον

2098 2854 2239 2908 οὕτω
2269 2852 2410 2908 κατὰ
2433 2854 2531 2924 τὴν
2569 2851 2837 2923 Ἐὅραίων
2873 2851 3158 2906 καλεῖσθαι
3186 2852 3433 2922 γλῶτταν
3454 2869 3467 2881 ’
3504 2852 3600 2905 καὶ
3623 2851 3691 2923 δὴ

2100 2947 2194 3000 καὶ
2226 2946 2355 3018 περὶ
2388 2944 2459 2998 τὰ
2501 2944 2857 3015 είκονίσματα
2882 2943 2919 2999 ἃ
2951 2948 3071 3009 ταῖς
3093 2945 3308 2999 ἑαυτῶν
3343 2944 3693 2998 κατεσκευά-

2101 3055 2230 3093 σατε
2281 3038 2465 3109 χερσὶ,
2502 3037 2630 3108 περὶ
2681 3035 2855 3091 ταῦτα
2902 3036 3002 3107 τὴν
3048 3038 3229 3091 πᾶσαν
3253 3035 3415 3105 ἄγετε
3452 3035 3685 3107 σχολήν·

426 3103 779 3210 abduccmini
847 3113 994 3167 enim
1045 3114 1099 3169 in
1142 3116 1259 3172 loca
1292 3134 1322 3172 a
1363 3122 1560 3178 vestris
1589 3124 1811 3183 sedibus
1851 3103 2003 3200 longe

2109 3127 2228 3185 εἶτα
2279 3103 2517 3194 εἰδώλοις
2557 3103 3003 3202 προσανέχοντες,
3054 3130 3149 3183 καὶ
3184 3103 3392 3201 μηδένα
3420 3103 3518 3200 τῆς
3548 3103 3689 3199 ἐμῆς

416 3192 710 3265 distantia;
737 3199 788 3253 id
817 3202 961 3256 enim
998 3205 1265 3264 vocabulo
1303 3208 1553 3267 Damasci
1582 3214 1785 3282 innuit,
1811 3192 2003 3290 nempe

2106 3220 2403 3293 θεραπείας
2433 3192 2743 3291 ποιούμενοι
2761 3192 2940 3289 λύγον,
2966 3192 3405 3292 ἐκμειλίττεσθαί
3428 3192 3495 3292 με
3524 3192 3693 3290 προσ-

418 3298 473 3384 ar
508 3293 683 3384 parte,
727 3292 984 3384 quaelibet
1038 3296 1157 3352 loca
1206 3299 1525 3374 longinqua.
1605 3305 1804 3365 Beatus
1874 3326 2003 3384 ergo

2103 3292 2294 3366 δοκᾶτε
2334 3314 2453 3375 ταῖς
2488 3311 2737 3375 θυσίαις,
2772 3304 2847 3365 ὧν
2866 3310 3024 3365 οὐθὲν
3068 3312 3197 3383 ὑμῖν
3239 3312 3530 3384 γενήσεται
3562 3310 3690 3378 ὄφε-

417 3374 737 3475 Stcphanus
770 3381 826 3437 in
873 3394 1190 3444 sanctorum
1222 3395 1596 3464 apostolorum
1640 3398 1894 3465 Actibus,

2103 3405 2223 3469 λος·
2262 3403 2641 3475 ἀπαχθήσεσθε
2681 3403 2789 3473 γὰρ
2836 3374 3172 3474 αἰχμάλωτοι
3201 3374 3283 3469 εἰς
3319 3374 3519 3467 τύπους
3550 3374 3691 3456 πολύ

420 3468 678 3526 stimonio
723 3472 826 3530 hoc
859 3476 916 3531 in
947 3494 1201 3538 sermone
1229 3485 1296 3539 ad
1322 3484 1543 3543 Judaios
1568 3496 1747 3556 utens,
1773 3492 2003 3550 transfe-

2105 3514 2169 3565 γε
2198 3496 2308 3550 τῶν
2335 3468 2631 3567 neptuni;
2651 3468 2970 3564 ἀέρεὲηῶτᾶξ
2995 3494 3176 3549 τόπων
3192 3512 3207 3528 ο
3231 3494 3293 3548 τὸ
3320 3494 3450 3567 γὰρ,
3475 3498 3692 3566 «Δαμα-

420 3573 538 3614 ram
563 3577 663 3619 vos
690 3565 835 3622 ultra
857 3566 1213 3643 Babylonem,
1244 3576 1321 3631 ait
1344 3576 1416 3639 ⁸³.
1451 3578 1570 3634 loca
1601 3580 1689 3636 hic
1714 3581 2002 3655 designata

2110 3586 2264 3655 σκοῦ,
2279 3606 2297 3639 ι
2318 3565 2479 3639 τοῦτο
2498 3585 2648 3655 λέγει
2665 3602 2679 3616 θ
2702 3586 2790 3640 ἵνα
2815 3585 2926 3640 ἀπὸ
2951 3584 3016 3656 μέ
3025 3601 3151 3656 ρους
3165 3584 3292 3649 τοὺς
3308 3565 3448 3654 ἄγαν
3474 3585 3692 3655 ἀπῳκι-

421 3656 667 3751 apertius
697 3660 1016 3721 nominans.
1071 3665 1139 3722 Et
1195 3669 1320 3739 quia
1352 3684 1383 3724 a
1433 3672 1541 3729 Deo
1564 3682 1829 3745 apostatac
1855 3677 2003 3732 circa

2113 3678 2344 3751 σμένους
2392 3676 2523 3750 εἴπῃ
2542 3670 2988 3749 τόπους.·υ’γοῦν
3021 3677 3289 3749 μακάριος
3327 3677 3599 3749 Στέφανος
3630 3677 3690 3729 ἐν

424 3740 571 3800 idola
590 3755 802 3820 tempus
833 3756 1103 3824 terebant,
1131 3760 1283 3815 addit
1318 3780 1330 3815 :
1597 3740 1617 3745 -
2114 3740 2235 3832 ταῖς
2264 3740 2633 3838 Πράξεσίττῶν
2664 3740 2836 3835 ἁγίων
2865 3740 3201 3832 άποστόλων,
3231 3740 3367 3836 πρὸς
3400 3740 3690 3826 Ἰουδαίους

420 3837 486 3906 τῇ
547 3845 822 3916 μαρτυρίᾳ
873 3849 1045 3923 ταύτῃ
1104 3854 1479 3926 χρησάμενος,
1543 3859 1800 3928 μετοικιῶ
1849 3861 1991 3932 ὑμᾶς
2032 3861 2288 3916 ἐπέκεινα
2320 3837 2812 3932 Βαδυλωνοςδιοη,
2859 3861 2985 3924 τοὺς
3028 3858 3262 3914 ἐνταῦθα
3322 3858 3691 3930 μηνυομένους

424 3934 624 3999 τόπους
655 3935 988 4005 σαφέστερον
1012 3941 1249 4013 εἰρηκώς
1275 3944 1409 4015 (28).
1458 3948 1568 4002 Καὶ
1602 3950 1788 4022 ἐπειδὴ
1817 3951 1943 4024 περὶ⁹
1966 3951 2140 4006 ταῦτα
2167 3953 2265 4025 τὴν
2300 3951 2493 4023 σχολὴν
2527 3950 2687 4021 ἔσχον
2719 3951 3035 4021 ἀφεστῶτες
3061 3951 3218 4017 Θεοῦ,
3246 3952 3443 4020 ἐπάγει
3463 3969 3477 3982 ο

1076 4052 1230 4110 CAP.
1267 4057 1357 4113 Vl.

499 4139 667 4197 Vens.
706 4143 757 4208 ι,
791 4141 847 4195 2.
884 4174 954 4187 -—
988 4162 1007 4197 ι
1037 4143 1132 4201 Va:
1167 4154 1648 4209 contemnentibus
1687 4154 1929 4221 Sionem,
1961 4165 2016 4212 et

428 4232 834 4293 conﬂuentibus
867 4235 925 4292 in
964 4246 1151 4295 monte
1184 4241 1449 4299 Samaria:
1468 4246 1485 4299 ί
1523 4266 1541 4299 ι
1585 4246 1691 4303 Sed
1725 4249 1872 4303 enim
1917 4264 2013 4306 vos

428 4322 818 4395 infelicissimi,
865 4327 962 4399 qui
1000 4329 1220 4388 Sionem
1255 4343 1495 4392 montem
1540 4349 1594 4394 et
1644 4340 1922 4395 excultum
1954 4341 2009 4396 in

427 4416 550 4486 ipso
581 4415 750 4475 Deum
790 4417 1157 4491 deseruistis;
1204 4421 1468 4482 Samaria:
1495 4444 1623 4485 vero
1656 4430 2009 4487 constitutis-

428 4525 536 4578 que
583 4509 696 4567 illic
732 4512 896 4570 idolis
945 4516 1265 4576 attenditisl
1305 4537 1325 4572 ι
1367 4518 1788 4578 Vindemiarum
1821 4523 2013 4594 primi-

431 4600 537 4653 tias
585 4602 858 4670 gentium,
892 4610 947 4658 et
998 4604 1235 4676 ingressi
1281 4617 1411 4663 sunt
1450 4609 1555 4665 sibi
1601 4612 1760 4681 ipsis,
1812 4612 2011 4670 domus

433 4693 628 4746 israel.
684 4711 702 4743 ι
773 4691 894 4747 Non
944 4707 1263 4767 reputantes
1320 4709 1529 4771 quanta
1578 4702 1735 4758 vobis
1785 4705 2015 4759 contulit

438 4778 530 4834 ille
566 4779 664 4848 qui
705 4780 759 4834 in
803 4780 971 4839 Sione
1009 4793 1197 4843 monte
1232 4803 1449 4845 omnem
1488 4790 1594 4845 sibi
1628 4792 1871 4849 exhiberi
1899 4794 2017 4850 cul-

435 4879 551 4923 tum
580 4871 749 4941 jussit
774 4870 956 4942 Deus;
987 4892 1089 4933 nec
1114 4880 1260 4949 quod
1291 4880 1555 4951 plurimas
1581 4890 1770 4954 gentes
1799 4898 2017 4939 earum-

435 4975 542 5030 quc
598 4964 879 5036 principes
932 4970 1150 5026 cmdens
1199 4980 1254 5026 et
1309 4975 1539 5029 omnino
1576 4974 1890 5043 destruens,
1940 4977 2020 5032 in-

434 5068 682 5124 gressum
726 5056 783 5112 in
815 5073 879 5114 ea
926 5059 1048 5116 loca
1076 5063 1234 5119 vobis
1279 5065 1689 5136 incolatumque
1718 5068 2014 5124 concessit.

440 5163 459 5196 ι
495 5143 751 5206 Transite
794 5150 852 5206 in
900 5150 1219 5221 Clialanem,
1253 5167 1307 5212 et
1345 5157 1563 5227 ridete;
1593 5168 1647 5215 et
1678 5161 1753 5217 ite
1796 5161 1924 5218 inde
1957 5162 2012 5215 in

511 5315 558 5347 "
597 5316 719 5373 Act.
763 5332 862 5384 vn,
905 5317 994 5372 οὗ.

511 5471 625 5545 (~28)
662 5474 739 5528 lta
789 5473 1285 5546 Stephanumcum
1335 5472 1538 5546 guloso
1573 5477 1812 5532 breviter
1857 5477 2012 5546 inge~

442 5542 658 5613 nueque
685 5542 941 5613 conciliat
967 5544 1310 5600 Theodorus.
1340 5542 1527 5600 Placet
1549 5555 1729 5601 autem
1766 5546 1855 5601 hic
1879 5542 2015 5600 Gro-

443 5616 586 5685 tius:
614 5630 654 5685 '3
702 5612 880 5685 Lucas
926 5630 1039 5685 rem
1083 5615 1256 5683 magis
1309 5625 1565 5683 spectans
1609 5632 1772 5685 quam
1823 5618 2010 5682 verba,

443 5681 939 5756 uitraBabyionem
973 5683 1083 5748 ait;
1123 5681 1448 5756 remquam
1476 5681 1700 5756 Assyria
1732 5696 1778 5739 et
1821 5686 2013 5740 Arme-

448 5753 557 5823 nia,
597 5754 654 5809 in
695 5768 859 5825 quam
891 5758 1244 5824 transportati
1292 5754 1512 5811 {uerunt
1556 5753 1830 5823 Israelita,
1871 5756 2014 5812 ultra

2756 4065 2910 4119 ΚΕΦ.
2956 4066 3049 4119 σν.

2756 4066 2910 4119 ΚΕΦ.
3034 4103 3049 4118 .

2179 4159 2306 4229 Στίχ
2340 4166 2411 4222 α’,
2440 4158 2506 4229 β’.
2523 4158 2765 4211 -ιΟύαὶ
2788 4159 2898 4219 τοῖς
2920 4066 3259 4222 agitemus:
3281 4155 3440 4218 Σιὼν,
3464 4155 3561 4209 καὶ
3579 4156 3693 4216 τοῖς

2109 4249 2424 4303 πεποιθὸσιν
2475 4250 2566 4303 ἐπὶ
2610 4249 2672 4301 τὸ
2722 4248 2848 4317 ὅρος
2894 4246 3224 4317 Σαμαρείας.
3275 4266 3293 4297 ι
3376 4246 3537 4300 Ἀλλὰ
3582 4246 3693 4316 γὰρ

2106 4340 2459 4395 ἐλεεινότατοι
2490 4340 2709 4394 πάντων
2736 4339 2880 4403 ἐστὲ,
2901 4337 2950 4390 οἳ
2979 4338 3041 4390 τὸ
3072 4337 3172 4407 μὲν
3188 4336 3324 4391 Σιὼν
3335 4337 3459 4409 ὅρος
3487 4339 3580 4391 καὶ
3601 4338 3696 4390 τὸν

2041 4464 2087 4520 D
2116 4433 2173 4485 ἐν
2217 4430 2852 4503 αὐτῷ”θθησκευόμενον
2911 4428 3334 4520 παρεγράψασθε
3391 4428 3524 4481 Θεόν
3551 4447 3564 4460 ·
3625 4431 3692 4500 τῇ

2116 4522 2399 4594 Σαμαρείᾳ
2443 4522 2501 4575 δέ
2536 4522 2630 4575 καὶ
2662 4523 2774 4583 τοῖς
2821 4520 3008 4574 αὐτόθι
3042 4518 3346 4589 ἱδρυμένοις
3398 4520 3695 4590 προσέχετε

2113 4613 2371 4678 εἰδώλοις.
2420 4632 2438 4664 ι
2461 4611 2876 4683 Ἀπετρύγησαν
2903 4610 3078 4681 ἀρχὰς
3102 4608 3294 4674 ἐθνῶν,
3324 4610 3420 4663 καὶ
3446 4608 3695 4678 εἰσῆλθον

2113 4707 2363 4769 ἑαυτοῖς,
2404 4700 2551 4767 οἶκος
2601 4702 2695 4755 τοῦ
2744 4703 2982 4773 Ἰσραήλ.
3011 4721 3030 4755 ι
3092 4703 3207 4756 υὺκ
3241 4702 3692 4772 ἀναλογισάμενοι

2115 4796 2276 4868 ἡλίκα
2300 4794 2570 4864 παρέσχεν
2603 4793 2750 4861 ὑμῖν,
2793 4792 2852 4855 ὃς
2881 4792 2973 4845 ἐπὶ
2995 4791 3091 4846 τοῦ
3115 4792 3252 4846 Σιὼν
3280 4792 3437 4863 ὅρους
3472 4792 3694 4847 ἅπασαν

2114 4885 2262 4957 αὺτῷ
2281 4882 2652 4957 προσάγεσθαι
2675 4882 2771 4953 τὴν
2797 4881 3091 4954 θρησκείαν
3121 4882 3199 4953 (p.
3225 4883 3351 4954 184)
3384 4881 3694 4955 προστάξας

2116 4980 2145 5032 ὁ
2175 4978 2306 5042 Θεὸς
2325 4993 2338 5007 ·
2387 4976 2496 5029 οὐδ’
2528 4976 2611 5028 ὅτι
2643 4975 2871 5028 πλεῖστα
2902 4976 3004 5028 ὅσα
3032 4975 3162 5044 ἔθνη
3191 4991 3252 5027 τε
3293 4975 3389 5028 καὶ
3420 4975 3547 5036 τοὺς
3573 4972 3698 5027 τού-

2116 5088 2225 5125 των
2269 5070 2535 5141 ἄρχοντας
2578 5066 2882 5137 περικόψας
2912 5083 2972 5119 τε
3007 5068 3103 5120 καὶ
3145 5066 3361 5137 ἀφελὼν
3394 5065 3695 5130 παντελῶς,

2120 5162 2216 5233 τὴν
2266 5164 2322 5215 ὲν
2366 5164 2477 5224 τοῖς
2520 5160 2743 5214 ἐκείνων
2788 5157 2972 5223 τόποις
3011 5159 3218 5214 εἷσοδόν
3249 5176 3310 5212 τε
3359 5160 3452 5213 καὶ
3483 5158 3699 5231 οἴκησιν

2125 5479 2449 5536 Damascum
2491 5488 2545 5536 et
2579 5480 2908 5553 Babylonem
2961 5488 3112 5536 sunt.
3156 5498 3175 5531 ι
3224 5478 3414 5547 Neque
3448 5476 3701 5547 diSplicet

2122 5572 2384 5655 Fatablus
2409 5576 2498 5644 qui
2520 5574 2906 5655 interpretatur
2930 5572 3255 5655 Hebraicum
3275 5553 3485 5655 ptum};
3501 5554 3705 5655 nam

2122 5645 2173 5768 isu
2225 5640 2484 5769 regiolne'm
2534 5660 2566 5698 (ι
2621 5640 2799 5698 vestra
2833 5640 3288 5699 remotissimam.'
3316 5640 3477 5697 Conf.
3536 5642 3701 5697 etiam

2165 5731 2330 5772 imon.
2386 5731 2475 5771 ex.
