4102 6456
306 383 418 440 231

1393 382 1950 442 COMMENTARIUS
1979 381 2046 440 IN
2084 356 2301 463 anesi
2339 385 2471 441 car
2538 385 2622 443 γι.

3511 382 3620 439 282

307 504 600 575 παρέσχεν
630 503 778 574 ὑμῖν
817 505 913 559 καὶ
939 505 1154 568 δεικνὺς
1182 505 1281 575 τῆς
1310 505 1463 569 θείας
1493 506 1704 576 δωρεᾶς
1722 505 1783 558 τδ
1817 505 1914 577 μέ-

2030 504 2218 559 Emath
2272 496 2569 576 magnam;
2624 513 2681 561 et
2733 504 3049 562 descendite
3103 503 3259 558 illinc
3309 503 3364 555 in
3416 508 3621 557 terram

306 595 484 662 γεθος
529 593 729 648 ὁπόσον
778 596 917 661 ἐστὶ,
972 616 990 649 ι
1020 596 1255 667 Διάϐητε
1298 597 1501 660 πάντες
1543 599 1639 651 καὶ
1671 597 1811 650 ῐδετε
1839 598 1921 660 είς

306 687 603 757 Χαλάνην,
633 689 728 741 καὶ
770 687 1008 742 διέλθετε
1043 689 1254 743 ἐκεῖθεν
1283 691 1364 753 εἰς
1396 688 1583 759 Αίθάμ
1612 688 1713 759 τὴν
1750 688 1923 760 μεγά-

230 808 242 821 ~
307 779 437 849 λην,
477 779 578 832 καὶ
624 778 906 851 κατάϐητε
952 780 1166 835 ἐκεῖθεν
1193 783 1274 844 είς
1310 781 1414 851 γῆν
1440 782 1548 834 τῶν
1583 780 1920 850 ἀλλοφύλων,

305 869 416 931 τὰς
459 868 765 940 κρατίστας
799 871 865 924 ἐκ
898 870 1089 925 πασῶν
1131 870 1243 925 τῶν
1282 870 1570 941 βασιλειῶν
1619 871 1837 936 τούτων,
1872 874 1923 924 εἰ

306 958 548 1013 πλείονά
594 962 712 1014 ἐστι
741 960 813 1015 τὰ
843 963 969 1034 ὅρια
995 961 1175 1016 αὑτῶν
1215 962 1324 1016 τῶν
1366 961 1648 1034 ὑμετέρων
1679 962 1864 1034 ὁρίων.
1899 983 1919 1015 υ

304 1053 648 1125 Περιέλθετε
678 1054 811 1125 γὰρ,
831 1055 985 1126 φησὶ,
1014 1054 1125 1109 τῶν
1153 1072 1212 1108 τε
1242 1042 1556 1124 ἀλλοφύλων
1582 1056 1677 1109 καὶ
1707 1056 1925 1110 πάντων

300 1146 373 1216 δὴ
404 1146 528 1200 τῶν
552 1147 854 1219 περιοίκων
881 1148 982 1219 τὴν
1011 1146 1196 1218 χώραν
1223 1164 1237 1179 °
1290 1148 1385 1202 καὶ
1417 1147 1482 1219 δὴ
1511 1148 1609 1200 καὶ
1635 1147 1737 1212 τὰς
1769 1149 1925 1218 μεγί-

304 1256 450 1303 στας
500 1240 615 1294 τῶν
646 1241 706 1294 ἐν
737 1243 927 1304 αὐτοῖς
958 1241 1168 1294 πόλεων
1204 1240 1426 1305 ἰδόντες,
1453 1241 1790 1311 δοκιμάσατε
1820 1241 1922 1312 τῆς

300 1346 369 1381 τε
405 1329 604 1399 χώρας
649 1332 750 1401 τῆς
782 1332 1058 1403 ὑμετέρας
1092 1331 1155 1386 τὺ
1191 1332 1417 1403 μέγεθος
1466 1331 1562 1386 καὶ
1605 1333 1667 1385 τὸ
1693 1331 1917 1394 πλάτος,

305 1419 411 1470 καὶ
437 1419 510 1490 δὴ
537 1420 635 1473 καὶ
661 1421 762 1491 τῆς
777 1419 1003 1474 ἐκείνων
1023 1436 1037 1451 ·
1055 1420 1132 1484 ὡς
1162 1420 1229 1474 ἂν
1260 1423 1325 1474 ἐκ
1357 1421 1713 1490 παραθέσεως
1735 1422 1920 1492 γνοίη-

2020 595 2483 666 alienigenarum,
2517 604 2571 651 et
2604 595 2672 650 ad
2696 598 2903 666 optima
2930 612 3161 667 quaeque
3196 593 3351 662 regni
3378 593 3622 662 horum;

2020 687 2066 743 si
2099 687 2324 743 latiores
2357 689 2576 743 termini
2625 703 2815 744 eorum
2858 688 3112 742 terminis
3142 686 3342 741 vestris
3388 691 3542 739 sunt.
3592 702 3614 736 ι

2021 780 2320 852 Peragrate
2353 782 2512 852 122
2529 781 2699 845 enim,
2721 781 2921 851 inquit,
2953 777 3384 848 alienigenarum
3410 783 3465 831 et
3493 776 3620 830 lini-

2024 875 2287 929 timorum
2336 858 2609 930 omnium
2638 875 2956 946 regionem;
3012 880 3068 928 et
3110 881 3403 942 postquam
3446 869 3625 923 maria

2022 982 2144 1023 mas
2191 967 2436 1038 ipsorum
2472 969 2638 1023 urbes
2667 965 3064 1028 lustraveritis,
3103 964 3373 1019 aestimate
3422 970 3626 1017 vestrae

2023 1058 2275 1129 regionis
2322 1058 2763 1130 magnitudinem
2815 1073 2879 1112 ac
2935 1055 3287 1111 latitudinem
3343 1068 3454 1123 pra:
3488 1054 3621 1117 illis,

2020 1156 2084 1203 ut
2118 1150 2495 1220 comparando
2542 1150 2811 1214 noscatis,
2850 1154 3114 1218 quantam
3162 1144 3319 1199 vobis
3372 1158 3483 1214 prae
3514 1143 3625 1198 illis

2018 1240 2281 1296 omnibus
2310 1240 2379 1296 ad
2422 1241 2791 1314 habitandum
2839 1248 3042 1295 terram
3080 1236 3438 1302 concesserit,
3471 1244 3528 1290 ut
3563 1236 3619 1290 in

2021 1345 2086 1387 ea
2123 1333 2366 1401 spatiose
2396 1333 2694 1388 admodum
2730 1333 2900 1387 vitam
2933 1329 3227 1402 degeretis.
3266 1330 3467 1384 Postea
3502 1342 3626 1382 rur-

2026 1438 2124 1481 sus
2156 1424 2438 1495 improbos
2470 1426 2693 1480 illorum
2730 1433 2888 1479 actus
2923 1424 3226 1494 vituperat.

303 1530 371 1566 τε
410 1515 550 1585 ὅσην
597 1517 730 1588 ὑμῖν
771 1517 926 1589 παρά
960 1517 1170 1581 πάντας
1213 1518 1459 1582 ἐκείνους
1502 1519 1585 1581 είς
1632 1518 1848 1589 οἴκησιν
1888 1517 2091 1573 δέδωκε
2135 1521 2262 1592 γῆν,
2306 1521 2381 1586 ὡς
2422 1520 2489 1576 ἂν
2533 1519 2671 1593 μετὰ
2704 1520 2905 1592 πολλῆς
2946 1519 3033 1573 ἐπ’
3062 1519 3232 1590 αὑτῆς
3263 1515 3500 1586 διάγοιτε
3526 1515 3631 1584 τῆς

304 1611 669 1684 εὐρυχωρίας
693 1630 707 1643 ο
743 1608 864 1667 εἶτα
896 1613 1057 1668 πάλιν
1085 1612 1333 1678 ὀνειδίζει
1360 1613 1459 1678 τὰς
1495 1616 1729 1679 ἀτόπους
1763 1614 1993 1687 πράξεις
2026 1617 2235 1682 αὐτοῖς.

386 1703 543 1773 Στίχ.
579 1702 727 1775 γ’-νιγ⁸
761 1735 836 1747 -
864 1723 884 1757 ε
907 1705 972 1759 Οἱ
1000 1705 1288 1777 ἐρχόμενοι
1335 1706 1417 1770 είς
1449 1706 1666 1780 ἡμέραν
1708 1706 1909 1777 κακὴν,

2087 1707 2257 1764 Vsus.
2293 1709 2412 1765 5-8.
2443 1740 2511 1751 -—
2553 1728 2571 1761 ι
2615 1708 2919 1765 Venientes
2956 1708 3011 1763 in
3051 1706 3196 1762 diem
3235 1702 3462 1767 malam,
3491 1716 3628 1772 pro-

304 1798 361 1851 οί
405 1796 726 1867 ἐγγίζοντες
775 1798 872 1853 καὶ
921 1798 1289 1869 ἐφαπτόμενοι
1334 1798 1628 1853 Σαϐϐἀτων
1663 1799 1875 1869 ψευδῶν
1901 1818 1915 1831 ·

305 1892 362 1943 οἱ
393 1890 762 1955 καθεύδοντες
791 1892 884 1944 ἐπὶ
918 1890 1116 1945 κλινῶν
1151 1890 1517 1960 ἐλεφαντίνων
1543 1935 1559 1958 ,
1608 1893 1704 1946 καὶ
1749 1909 1922 1946 κατα-

309 1984 715 2048 σπαταλῶντες
733 1984 825 2037 ἐπὶ
854 1987 975 2047 ταῖς
1004 1988 1314 2055 στρωμναῖς
1353 1984 1532 2039 αὑτῶν
1555 2002 1568 2017 ·
1617 1986 1666 2039 οἱ
1710 1985 1919 2039 ἐσθίονο

305 2095 409 2140 τες
465 2075 694 2147 ἐρίφους
738 2078 803 2129 ἐκ
864 2075 1149 2148 ποιμνίων,
1188 2077 1283 2129 καὶ
1336 2076 1608 2146 μοσχάρια
1653 2078 1718 2130 ἐκ
1753 2077 1921 2147 μέσου

312 2169 625 2239 βουκολίων
653 2168 939 2240 γαλαθηνά
956 2185 968 2197 ·
998 2171 1047 2222 οἱ
1075 2169 1494 2242 ἐπικροτοῦντες
1521 2167 1659 2239 πρὸς
1682 2167 1781 2239 τὴν
1807 2185 1923 2236 φω-

312 2260 419 2332 νὴν
452 2259 566 2313 τῶν
594 2260 867 2332 ὀργάνων,
896 2262 972 2325 ὡς
1002 2263 1213 2316 ἑστῶτα
1246 2261 1563 2327 ἐλογίσαντο
1589 2261 1683 2314 καὶ
1721 2261 1818 2330 οὑχ
1847 2260 1923 2323 ὡς

313 2350 623 2418 φεύγονταο
656 2350 732 2420 (p.
762 2350 887 2418 185)
923 2352 973 2403 οἱ
999 2351 1245 2415 πίνοντες
1271 2352 1361 2406 τὸν
1387 2350 1727 2421 διυλισμένον
1757 2347 1919 2414 οῒνον,

313 2444 418 2496 καὶ
440 2442 513 2495 τὰ
545 2441 741 2513 πρῶτα
774 2442 923 2513 μύρα
951 2443 1260 2514 χριόμενοι⁹
1293 2444 1387 2497 καὶ
1421 2444 1523 2496 οὐκ
1554 2442 1792 2513 ἔπασχον
1832 2444 1924 2496 ἐπὶ

313 2539 385 2605 τῇ
419 2534 688 2605 συντριϐῇ
729 2534 821 2587 τοῦ
867 2533 1082 2606 Ἰωσήφ.
1118 2554 1137 2587 ι
1185 2535 1346 2590 Ἀλλά
1370 2534 1482 2607 γὰρ
1507 2535 1665 2604 ὑμεῖς
1690 2537 1770 2598 εἰς
1806 2537 1924 2588 πεῖ-

319 2644 425 2699 ραν
454 2627 751 2680 ἐλεύσεσθε
783 2628 884 2697 τῆς
912 2628 1127 2700 ἡμέρας
1152 2628 1391 2698 ἐκείνης,
1430 2630 1464 2699 ἥ
1508 2629 1762 2699 μέγιστον
1795 2629 1925 2698 ὑμῖν

314 2718 492 2787 ἑσμὸν
527 2717 729 2785 ἐπάγει
758 2719 946 2772 κακῶν
973 2737 985 2750 ·
1037 2719 1087 2773 οἳ
1130 2719 1200 2773 τὰ
1229 2721 1327 2790 μὲν
1369 2719 1626 2775 Σάϐϐατα
1678 2720 1923 2789 μετιέναι

314 2810 743 2881 προσποιεῖσθε,
778 2812 880 2863 οὑκ
926 2811 1207 2875 εὐσεϐείας
1255 2811 1470 2874 ἕνεκεν,
1524 2811 1637 2865 ἀλλ’
1675 2810 1817 2864 ὥστε
1846 2813 1926 2875 είς

316 2900 674 2971 παρανομίαν
706 2902 1162 2973 καταχρήσασθαι
1199 2904 1264 2973 τῇ
1298 2901 1486 2973 ἀργίαο
1518 2899 1684 2953 πολὺν
1709 2901 1764 2953 δὲ
1797 2899 1926 2969 ἄχρι

313 2995 429 3049 τῶν
451 2994 656 3048 κλινῶν
683 2996 779 3049 καὶ
803 2996 903 3065 τῆς
933 2997 992 3049 ἐν
1013 2997 1205 3059 αὑταῖς
1234 2994 1528 3066 στρωμνῆς
1556 2994 1650 3047 τόν
1675 3011 1735 3046 τε
1766 2992 1929 3045 πλοῦ-

313 3103 413 3149 τον
451 3086 892 3158 ἐπιδεικνύμενοι
927 3089 1021 3142 καὶ
1068 3087 1166 3160 τὴν
1209 3087 1521 3157 ἀσέλγειαν,
1570 3087 1635 3140 ἐκ
1681 3086 1778 3158 τῆς
1805 3085 1929 3181 ’τῶν

316 3180 580 3248 πενήτων
612 3180 896 3251 ἁρπαγῆς,
925 3180 1151 3251 ἐρίφους
1191 3198 1253 3233 τε
1294 3181 1391 3234 καὶ
1418 3180 1547 3251 βόας
1580 3180 1673 3233 καὶ
1702 3180 1931 3232 παντοῖα

316 3272 732 3341 κατεσφάττετε
775 3270 893 3337 ζῶα
975 3273 1224 3344 ὀργάνων
1270 3290 1329 3326 τε
1378 3272 1544 3343 ᾠδαῖς
1590 3273 1686 3324 καὶ
1716 3271 1930 3342 κρότοις

315 3364 660 3438 κεχρημένοι
685 3365 909 3437 χειρῶΨ
934 3361 1076 3419 οἶνόν
1103 3383 1162 3419 τε
1188 3365 1567 3438 προσφέρεσθε
1589 3363 1929 3433 διυλισμένον

315 3461 398 3523 ὡς
426 3460 494 3513 ἂν
527 3458 774 3522 πλείονος
821 3458 953 3529 ὑμῖν
1002 3457 1364 3529 ἐμφορεῖσθαι
1410 3456 1635 3510 δυνατὸν
1666 3456 1889 3528 ὑπάρχῃ
1915 3472 1927 3484 ·

318 3553 420 3607 καὶ
451 3552 519 3623 δὴ
567 3552 667 3605 καὶ
698 3551 897 3622 μύροις
926 3549 1294 3621 καταχρίεσθε
1333 3549 1608 3612 ἐκλεκτοῖς
1629 3566 1642 3579 ·
1678 3550 1774 3603 καὶ
1801 3547 1932 3601 ταῦ·

312 3661 392 3698 τα
419 3643 485 3713 δὴ
525 3641 808 3713 μετῄειτε,
834 3641 1115 3713 διαμένειν
1144 3642 1275 3711 ὑμῖν
1301 3641 1401 3713 τὴν
1431 3641 1727 3695 ἀπόλαυσιν
1748 3639 1932 3694 αὐτῶν

315 3733 767 3808 προσδοκῶντες,
790 3735 890 3789 καὶ⁵
909 3734 1031 3788 οὑδέ
1064 3732 1286 3790 πώποτε
1315 3734 1470 3806 ὑμῶν
1496 3732 1928 3804 ἀποστήσεσθαι,

313 3828 426 3882 οὐκ
458 3824 915 3896 ἀναλογιζόμενοί
963 3843 1022 3880 τε
1068 3827 1191 3881 οἵαν
1229 3824 1353 3880 τινὰ
1390 3827 1533 3896 ὑπὲρ
1563 3824 1769 3880 τούτων
1795 3826 1927 3879 ὑπο-

318 3919 547 3990 μενεῖτε
591 3918 695 3989 τὴν
740 3918 1019 3990 τιμωρίαν
1047 3933 1060 3947 °
1115 3918 1410 3989 συντριϐὴν
1449 3917 1560 3989 γὰρ
1587 3916 1681 3971 τοῦ
1734 3916 1932 3988 Ἰωσὴφ

313 4006 615 4063 κάνταῦθα
648 4007 812 4061 πάλιν
850 4008 960 4062 ἀπὸ
988 4008 1190 4080 μέρους
1215 4008 1341 4071 τοὺς
1380 4008 1585 4072 πάντας
1619 4007 1766 4076 λέγει
1795 4024 1808 4038 ·
1845 4007 1933 4060 ἵνα

315 4100 483 4173 εἴπῃ,
517 4100 603 4153 ὅτι
637 4099 732 4163 Εἰς
761 4098 977 4155 ἔννοιαν
1010 4101 1072 4154 ού
1110 4099 1418 4170 λαμϐάνετε
1451 4100 1550 4171 τὴν
1583 4099 1678 4154 νῦν
1716 4116 1930 4170 συντρι-

318 4193 453 4263 ϐὴν,
489 4192 559 4262 ἢν
581 4190 726 4261 ὑπὲρ
751 4191 958 4245 τούτων
984 4190 1326 4262 ὑπομενεῖτε.
1361 4191 1437 4261 (p.
1464 4190 1590 4260 186)
1625 4190 1754 4244 «Διά
1775 4190 1934 4243 τοῦτο

318 4284 426 4338 νῦν
449 4284 800 4355 αἰχμάλωτοι
828 4283 1042 4337 ἔσονται
1067 4284 1162 4337 ἀπ’
1189 4284 1363 4355 ἀρχῆς
1386 4283 1686 4349 δυναστῶν,
1719 4284 1813 4336 καὶ
1842 4282 1931 4347 ἐξ·

320 4376 639 4448 αρθήσεται
657 4375 1027 4446 χρεμετισμὸς
1049 4374 1234 4429 ἵππων
1256 4375 1319 4439 ἐξ
1351 4375 1610 4445 Ἐφρατμ·
1645 4374 1733 4428 ὅτι
1750 4372 1935 4444 ὤμοσε

322 4467 545 4539 Κύριος
572 4466 697 4522 καθ’
740 4465 940 4520 ἑαυτοῦ
966 4463 1142 4534 λέγων
1164 4482 1177 4496 ·
1216 4464 1421 4537 Κύριος
1449 4465 1478 4517 ό
1503 4462 1636 4527 Θεὸς
1690 4462 1799 4516 τῶν
1843 4461 1926 4514 δυ-

327 4561 597 4630 νάμεων,
647 4559 784 4612 διότι
835 4557 1196 4629 βδελύσσομαι
1234 4556 1345 4627 ἐγὼ
1398 4558 1577 4611 πᾶσαν
1625 4555 1724 4626 τὴν
1776 4554 1934 4626 ὓϐριν

336 4650 564 4715 Ἰακὼϐ,
600 4651 695 4705 καὶ
721 4649 823 4713 τὰς
857 4648 1044 4721 χώρας
1070 4648 1237 4702 αὑτοῦ
1270 4648 1576 4719 μεμίσηκα,
1609 4646 1705 4701 καὶ
1753 4644 1936 4717 ἐξαρῶ

327 4741 489 4795 πόλιν
522 4740 622 4793 σὺν
653 4741 791 4793 πᾶσι
814 4742 928 4804 τοῖς
948 4739 1292 4802 κατοικοῦσιν
1321 4741 1545 4808 αὑτήν.»
1587 4737 1804 4808 Ἐπειδὴ
1826 4737 1935 4809 γὰρ

325 4831 527 4886 οὐδένα
575 4832 738 4896 λόγον
780 4831 890 4885 τῶν
922 4832 1334 4902 ἀπειλουμένων
1368 4830 1610 4885 ποιεῖσθε
1636 4871 1651 4896 ,
1697 4831 1835 4903 αὑτῇ
1868 4832 1933 4902 τῇ

326 4925 505 4996 πείρα
528 4922 807 4992 γνώσεσθε
832 4926 941 4978 τῶν
967 4924 1321 4996 μηνυομένων
1353 4922 1451 4995 τὴν
1491 4923 1769 4995 ἀλήθειαν·
1829 4924 1935 4976 ἀπ-

326 5014 653 5088 αχθήσεσθε
684 5017 796 5089 γὰρ
841 5017 1081 5080 ἅπαντες
1113 5016 1448 5087 αἰχμάλωτοι
1500 5016 1606 5069 ὑπὸ
1659 5015 1935 5087 ἀρχόντων

324 5109 569 5180 δύναμιν
634 5108 1123 5181 περιϐεϐλημένων
1185 5106 1387 5179 πολλήν
1416 5123 1429 5136 ’
1490 5107 1633 5161 ὥστε
1695 5108 1790 5161 καὶ
1836 5106 1937 5178 τὴν

327 5198 702 5270 παρασκευὴν
750 5199 879 5269 ὑμῖν
927 5200 1026 5270 τὴν
1072 5200 1377 5269 πολεμικὴν
1420 5198 1531 5251 σὺν
1581 5202 1694 5262 τοῖς
1749 5199 1938 5262 ἵπποις

325 5291 711 5361 ἀφανισθῆναι
744 5291 1046 5355 παντελῶς·
1079 5291 1270 5363 ἐπειδὴ
1296 5291 1404 5362 γὰρ
1441 5292 1622 5345 πᾶσαν
1655 5288 1812 5361 ὑμῶν
1840 5292 1939 5362 τὴν

325 5382 689 5451 παρανομίαν
720 5381 1063 5452 βδελύττεται
1086 5382 1240 5445 Θεὸς,
1275 5383 1341 5452 ἣν
1376 5381 1459 5449 ἐφ’
1496 5379 1652 5452 ὕϐρει
1685 5396 1748 5449 γε
1773 5380 1938 5434 αὑτοῦ

323 5472 584 5544 πληροῦν
614 5474 717 5528 οὑκ
746 5476 976 5536 ὀκνεῖτε,
1009 5475 1155 5529 ὥστε
1191 5474 1286 5528 καί
1314 5472 1413 5536 τᾶις
1446 5472 1629 5536 πόλεις
1658 5472 1812 5543 ὑμῶν
1844 5473 1938 5527 καὶ

2024 1802 2356 1873 pinquantes
2401 1810 2456 1858 et
2485 1802 2823 1873 attingentes
2857 1800 2994 1854 falsa
3029 1798 3307 1864 Sabbata;
3345 1794 3629 1851 dormien-

2020 1902 2108 1950 tes
2160 1894 2218 1949 in
2272 1894 2431 1950 lectis
2459 1894 2754 1959 eburneis,
2808 1903 2863 1949 et
2920 1891 3275 1947 lascivientes
3326 1887 3383 1941 in
3437 1885 3627 1941 stratis

2024 1987 2184 2054 suis;
2216 1987 2574 2042 comedentes
2613 1985 2801 2040 haedos
2844 1985 2912 2040 de
2952 1984 3237 2055 gregibus,
3271 1987 3326 2036 et
3359 1980 3626 2033 lactentes

2024 2080 2229 2135 vitulos
2261 2079 2330 2134 de
2373 2078 2555 2133 medio
2599 2084 3013 2143 armentorum;
3063 2073 3390 2144 plaudentes
3435 2068 3503 2123 ad
3529 2083 3628 2122 vo-

2022 2186 2142 2227 cem
2183 2185 2542 2243 organorum,
2579 2169 2739 2240 quasi
2767 2168 2997 2223 stabiles
3030 2180 3118 2221 res
3149 2163 3540 2220 existimarunt
3574 2168 3630 2213 ct

2024 2279 2134 2319 non
2174 2262 2436 2333 fugaces;
2485 2261 2740 2317 bibentes
2788 2261 2975 2315 vinum
3019 2256 3367 2317 defaecatum,
3423 2260 3478 2307 et
3512 2267 3624 2305 un--

2027 2357 2254 2427 guentis
2281 2355 2479 2425 primis
2511 2353 2765 2424 peruncti
2791 2370 2806 2417 ;
2837 2360 2891 2406 et
2917 2349 3054 2404 nihil
3076 2348 3429 2420 patiebantur
3460 2357 3629 2412 super

2023 2446 2249 2516 Iosephi
2282 2445 2638 2501 contritione.
2686 2463 2704 2495 ι
2747 2444 3133 2498 Verumtamen
3168 2454 3266 2493 vos
3295 2437 3439 2492 diem
3473 2435 3626 2488 illam

2025 2538 2408 2608 experiemini,
2446 2552 2568 2606 quae
2616 2537 2919 2589 maximum
2969 2532 3129 2587 vobis
3181 2530 3451 2585 malorum
3497 2541 3631 2581 exa-

2027 2648 2152 2686 mcn
2177 2631 2412 2685 adducet
2439 2648 2452 2684 :
2480 2629 2574 2698 qui
2607 2627 2846 2682 Sahbata
2872 2626 3173 2679 observare
3196 2620 3492 2678 simulatis.
3519 2633 3631 2673 non

2028 2722 2311 2792 religionis
2345 2722 2547 2792 gratia,
2577 2720 2672 2775 sed
2709 2729 2768 2773 ut
2799 2717 2865 2771 ad
2906 2715 3247 2786 peccandum
3287 2712 3403 2767 otio
3433 2711 3632 2765 abuta-

2027 2815 2201 2881 mini;
2256 2815 2489 2869 multum
2542 2814 2773 2882 insuper
2814 2810 2870 2864 in
2904 2809 3062 2863 lectis
3096 2807 3261 2861 etiam
3325 2803 3631 2874 stratisque

2030 2908 2218 2961 luxum
2252 2906 2652 2974 lasciviamque
2682 2919 2747 2958 ex
2782 2915 3086 2972 pauperum
3122 2899 3317 2967 rapina
3345 2904 3634 2951 ostentan-

2030 3009 2133 3061 tes,
2170 2998 2451 3053 htedorum
2484 3010 2706 3065 quoque
2733 3009 2799 3047 ac
2830 2993 3018 3059 boum,
3049 2999 3098 3045 et
3133 2987 3381 3058 cujusvis
3412 2985 3632 3049 generis

2033 3088 2352 3143 animalium
2377 3085 2667 3140 macellum
2699 3081 2977 3138 instruitis
3000 3098 3021 3147 ;
3042 3087 3098 3134 et
3130 3080 3273 3133 inter
3295 3090 3632 3145 organorum

2033 3183 2252 3236 cantica
2283 3187 2338 3233 et
2369 3193 2635 3232 manuum
2667 3177 2896 3246 plausus
2931 3174 3122 3227 vinum
3157 3170 3437 3242 apponitis
3467 3166 3635 3221 dels:—

2032 3281 2238 3335 catum,
2287 3286 2398 3341 quo
2446 3270 2633 3325 bibere
2684 3266 2893 3337 largius
2940 3263 3203 3335 possitis;
3253 3261 3490 3330 denique
3532 3274 3634 3312 un—

2033 3365 2250 3433 gaentis
2281 3377 2498 3431 quoque
2531 3358 2754 3416 selectis
2783 3356 3074 3428 ungimini.
3103 3353 3230 3408 Haec
3254 3359 3435 3406 autem
3468 3350 3636 3405 facie-

2033 3455 2199 3515 halis,
2233 3459 2522 3521 sperantes
2545 3459 2893 3504 constantem
2927 3446 3146 3500 illorum
3182 3458 3366 3506 usum,
3408 3449 3463 3496 ct
3490 3456 3636 3494 nun-

2032 3560 2197 3615 quam
2227 3542 2382 3597 vobis
2404 3542 2756 3608 defuturum;
2787 3554 2888 3594 nec
2918 3544 3179 3607 reputare
3208 3533 3470 3589 voluistis
3494 3547 3637 3602 qua-

2034 3637 2103 3691 lis
2143 3643 2198 3689 et
2242 3643 2447 3705 quanta
2497 3632 2657 3687 vobis
2699 3646 2861 3700 poma
2915 3628 3056 3683 foret
3105 3625 3445 3682 sustinenda.
3494 3621 3633 3676 Nam

2030 3725 2255 3795 Josephi
2286 3722 2681 3778 contritionem
2719 3721 2807 3776 hic
2840 3734 3061 3791 quoque
3098 3717 3237 3772 dicit
3272 3726 3483 3786 partem
3532 3730 3639 3784 pro

2036 3818 2239 3875 lsraelc
2273 3824 2424 3884 toto;
2463 3815 2517 3872 id
2542 3821 2668 3880 -est,
2719 3814 2777 3869 in
2827 3820 3071 3868 mentem
3120 3809 3279 3866 vobis
3321 3825 3431 3863 non
3483 3808 3635 3862 venit

2034 3908 2410 3971 contritionis,
2441 3921 2607 3979 quam
2632 3921 2779 3962 nunc
2808 3920 2872 3961 ea
2898 3912 3121 3975 propter
3151 3899 3429 3973 patimini.
3459 3916 3478 3950 ι
3508 3896 3639 3955 Ideo

2035 4013 2184 4055 nunc
2218 3997 2420 4070 captivi
2468 4006 2632 4053 erunt
2660 3997 2764 4052 sub
2800 3994 3114 4066 principatu
3148 3993 3546 4062 dynastarum;
3579 3996 3638 4043 et

2035 4091 2316 4149 auferetur
2367 4091 2620 4147 hinnitus
2667 4102 2939 4160 equorum
2991 4102 3060 4142 ex
3112 4083 3433 4154 prraimo.
3494 4079 3637 4148 Quia

2035 4188 2247 4259 juravit
2273 4185 2542 4240 Dominus
2578 4200 2674 4255 per
2724 4181 3082 4251 semetipsum
3102 4178 3333 4234 dicens:
3373 4174 3639 4231 Dominus

2039 4281 2183 4336 Deus
2231 4277 2391 4348 123
2425 4276 2716 4338 virtutum,
2766 4273 3060 4328 abominor
3096 4284 3198 4340 ego
3242 4267 3639 4323 contumeliam

2036 4371 2252 4435 Jacobi,
2309 4377 2365 4423 et
2429 4369 2684 4439 regiones
2748 4364 2997 4434 ejusdem
3057 4361 3171 4428 odi,
3243 4360 3641 4426 destruamque

2039 4465 2230 4518 urbem
2283 4474 2409 4514 cum
2457 4458 2718 4513 omnibus
2762 4454 3135 4509 incolentibus
3189 4453 3386 4522 ipsam.
3435 4468 3455 4501 ι
3495 4447 3643 4515 Quia

2039 4529 2238 4609 minas.
2270 4549 2428 4608 ﬂocci
2493 4549 2695 4610 facitis,
2755 4546 3133 4615 experimento
3194 4544 3316 4612 ipso
3368 4555 3648 4611 agnosce~

2041 4650 2113 4702 tis
2138 4645 2558 4718 praedictionum
2585 4642 2910 4706 veritatem;
2936 4636 3231 4708 abigemini
3257 4635 3402 4691 enim
3433 4631 3644 4703 captivi.

2041 4750 2235 4790 omnes
2271 4733 2375 4790 sub
2423 4730 2765 4804 principibus
2798 4742 2993 4798 magna
3032 4735 3303 4797 potestate
3355 4722 3641 4795 praeditis;

2040 4844 2213 4900 quare
2243 4828 2425 4883 omnis
2468 4833 2654 4881 vester
2695 4831 2995 4895 apparatus
3040 4821 3275 4877 bellicus
3317 4834 3441 4874 cum
3479 4816 3643 4887 equis

2037 4936 2269 4992 prorsus
2302 4919 2614 4991 disperibit.
2644 4916 2777 4971 Nam
2816 4915 2945 4986 quia
2994 4923 3236 4970 vestram
3277 4926 3496 4966 omnem
3539 4924 3637 4963 ne.

2034 5014 2267 5085 quitiam
2318 5013 2671 5067 abominatur
2724 5008 2892 5073 Deus,
2944 5023 3110 5079 quam
3161 5006 3217 5061 in
3263 5005 3386 5073 ejus
3442 5010 3642 5057 contu-

2039 5105 2255 5159 meliam
2298 5117 2688 5158 consummare
2740 5116 2849 5155 non
2900 5100 3189 5162 dubitatis,
3251 5098 3324 5150 ita
3367 5104 3426 5149 ut
3473 5095 3646 5149 nrbes

2038 5212 2194 5267 teque
2219 5212 2283 5252 ac
2314 5197 2568 5268 regiones
2600 5193 2904 5248 sceleribus
2941 5192 3025 5247 his
3054 5190 3386 5251 redundent,
3442 5188 3638 5239 ineritu

2048 5290 2215 5345 urbes
2242 5299 2456 5344 vestras
2497 5303 2692 5343 omnes
2727 5300 2791 5339 ac
2842 5283 3095 5352 regiones
3136 5295 3260 5333 cum
3313 5275 3510 5331 incolis
3546 5293 3640 5327 va-

2047 5382 2239 5437 stabit.
2293 5380 2498 5436 Deinde
2526 5380 2598 5435 ob
2627 5377 3023 5433 ostendendam
3059 5370 3379 5427 solitudinis
3428 5370 3640 5439 magni-

2048 5473 2292 5527 tudincin
2324 5472 2434 5525 ait:

323 5566 435 5629 τὰς
465 5564 653 5637 χώρας
678 5567 779 5636 τῆς
813 5567 1071 5631 ἀσεϐείας
1102 5563 1500 5635 πεπληρῶσθαι
1525 5565 1749 5637 ταύτης,
1793 5565 2016 5628 εἰκότως
2050 5564 2267 5627 ἁπάσας
2303 5562 2455 5633 ὑμῶν
2488 5560 2583 5612 σὺν
2622 5560 2743 5620 ταῖς
2772 5554 2980 5626 χώραις
3012 5551 3111 5617 τάς
3140 5552 3327 5616 πόλεις
3359 5549 3499 5622 μετά
3531 5551 3643 5605 τῶν

325 5654 638 5709 οἱκούντων
668 5655 919 5723 ἀφανιεῖ·
964 5650 1083 5708 εἶτα
1110 5654 1189 5715 εἰς
1216 5650 1493 5716 ἀπόδειξιν
1522 5654 1615 5707 τοῦ
1642 5652 1904 5725 μεγέθους
1930 5654 2031 5723 τῆς
2058 5652 2392 5725 ἐρημώσεως
2416 5651 2564 5717 λέγει
2584 5664 2598 5679 ’

409 5750 563 5820 Στίχ.
600 5746 669 5816 θ’,
706 5746 754 5803 ι’.
799 5780 868 5791 ——
906 5770 923 5800 ι
950 5750 1062 5803 Καὶ
1093 5748 1247 5804 ἔσται
1276 5749 1370 5803 ὲάν
1402 5747 1773 5818 ἀπολειφθῶσι
1807 5749 1938 5803 δέκα

328 5841 533 5913 ἄνδρες
572 5844 631 5896 ἐν
660 5842 809 5913 οἰκίᾳ
842 5842 977 5914 μιᾷ,
1017 5840 1446 5896 ἀποθανοῦνται·
1488 5843 1576 5893 xi:
1613 5842 1941 5913 ὑπολειφθή-

2125 5749 2288 5802 Vens.
2326 5748 2379 5809 9,
2424 5746 2510 5798 10.
2547 5775 2614 5784 —-—
2648 5763 2667 5797 ι
2711 5742 2775 5797 Et
2811 5741 2936 5807 erit,
2975 5747 3022 5802 si
3056 5741 3422 5797 remanserint
3452 5739 3640 5794 decem

2052 5842 2151 5896 viri
2174 5844 2223 5895 in
2247 5857 2350 5894 una
2375 5840 2557 5907 domo,
2590 5837 2929 5904 morientur;
2954 5846 3006 5892 ct
3028 5836 3386 5891 remanebunt
3413 5831 3642 5902 reliqui;

3223 6091 3260 6124 δ
