4102 6506
449 395 557 449 2.35

1652 399 2001 493 τιιςοοοίιι
2042 398 2525 457 ΜΟΡΞΠΕΞΤΕΝΙ

3620 405 3729 464 28L

446 525 506 574 et
534 521 755 572 sument
783 513 1073 571 domestici
1100 528 1290 569 eorum
1318 531 1334 581 ;
1371 522 1425 570 et
1457 517 1812 572 conabuntur
1845 518 2039 575 eﬂ‘erre

2152 538 2324 575 σονται
2355 522 2405 574 οἰ
2436 519 2773 582 κατάλοιποι,
2810 521 2903 574 καὶ
2934 521 3190 592 λήψονται
3221 525 3268 575 οἰ
3302 524 3492 577 οἰκεῖοι
3523 524 3725 579 αὐτῶν·

453 613 617 668 domo
643 624 770 665 ossa
802 623 1029 674 eorum;
1063 618 1119 663 et
1148 606 1292 661 dicet
1317 607 1386 663 iis
1421 609 1514 678 qui
1545 619 1789 678 praesunt
1815 612 2037 668 domui:

448 702 589 757 Num
622 702 801 756 adhuc
829 698 975 770 apud
1004 706 1058 753 te
1090 698 1215 754 est?
1245 698 1309 752 Et
1339 699 1484 755 dicet
1513 719 1526 754 :
1556 699 1934 772 Nequaquam.
1970 702 2037 757 Et

443 795 638 850 dicet:
702 791 865 858 Tace,
917 801 975 847 ut
1024 807 1136 847 non
1182 792 1437 848 nomines
1487 810 1687 850 nomen
1736 794 1973 852 Domini.
2015 815 2033 848 ι

448 885 701 941 Profecto
728 884 815 940 bis
841 885 1008 940 dictis
1049 885 1193 940 inest
1220 885 1534 942 obscuritas
1562 889 1732 943 multa
1766 890 1833 944 ad
1859 889 2041 960 expla-

448 978 728 1044 nandum;
761 977 1085 1048 videturque
1111 979 1264 1034 locus
1288 979 1485 1035 similis
1537 980 1614 1034 illi
1647 980 1702 1035 in
1743 979 1942 1038 Genesi
1971 982 2042 1050 “,

450 1073 545 1126 ubi
566 1073 633 1125 de
666 1071 1036 1125 conventione
1066 1087 1248 1127 sermo
1278 1080 1362 1128 est
1391 1072 1597 1129 Labani
1623 1083 1676 1129 et
1698 1074 1885 1131 Jacobi
1902 1076 2046 1131 inter

446 1181 529 1231 se,
561 1165 710 1219 circa
735 1166 916 1218 ovium
937 1175 1147 1235 partus,
1179 1173 1333 1221 utros
1364 1167 1559 1222 horum
1590 1168 1679 1223 hic
1705 1170 1789 1224 vel
1819 1169 1913 1224 ille
1942 1169 2040 1224 ba-

449 1258 637 1323 beret;
668 1272 792 1310 nam
826 1265 978 1310 certe
1022 1264 1077 1311 et
1113 1257 1247 1312 illud
1285 1258 1502 1313 laborat
1546 1260 1603 1314 in
1630 1261 1813 1317 verbis
1848 1263 2047 1317 obscu-

463 1351 647 1414 ritate,
690 1364 791 1404 nec
827 1349 935 1404 nisi
973 1349 1408 1418 interpretando,
1443 1367 1642 1409 sensus
1671 1353 1792 1422 ejus
1821 1351 2048 1407 deduci-

452 1449 545 1494 tur
572 1438 641 1493 ad
671 1440 1002 1495 claritatem.
1038 1438 1264 1510 Oportet
1299 1451 1481 1496 autem
1512 1452 1565 1497 et
1593 1442 1883 1513 praesentis
1911 1441 2047 1495 dicti

452 1548 676 1588 sensum
728 1547 1024 1601 exponere,
1068 1533 1306 1587 obscura
1356 1533 1603 1589 dictione
1646 1533 1808 1589 nobis
1838 1533 2045 1588 recita-

451 1634 588 1679 tum.
623 1623 891 1679 Nimirum
925 1624 1039 1678 baec
1070 1624 1143 1678 ait
1180 1624 1465 1694 propheta,
1500 1625 1815 1696 signiﬁcare
1852 1625 2048 1680 volens

453 1715 745 1769 maximam
796 1714 915 1770 fore
955 1715 1290 1769 vastitatem.
1339 1714 1475 1769 Nam
1524 1730 1688 1785 saepe,
1734 1714 1936 1786 inquit,
1990 1716 2045 1769 in

453 1807 633 1877 ampla
673 1822 737 1862 ac
761 1821 1055 1863 numerosa
1084 1805 1293 1861 familia
1325 1808 1408 1861 vix
1451 1807 1642 1862 decem
1680 1808 2048 1863 remanebunt

453 1901 728 1967 homines,
759 1902 973 1957 caeteris
1004 1900 1135 1955 belli
1161 1900 1519 1954 multifariam
1552 1900 1881 1966 interfectis,
1909 1916 2047 1970 quo-

456 1995 623 2049 modo
673 2005 727 2050 et
766 1994 821 2048 in
862 1993 1244 2064 superioribus
1290 1994 1447 2062 dixit,
1471 1993 1540 2048 de
1579 2004 1799 2049 centum
1860 1993 2048 2049 decem

454 2086 883 2157 superfuturus;
927 2096 982 2142 et
1017 2087 1085 2143 de
1112 2087 1282 2151 mille,
1323 2095 1568 2142 centum.
1604 2085 1744 2140 Tum
1791 2086 2047 2151 mortuis,

453 2177 662 2247 inquit,
693 2178 931 2242 caeteris,
966 2178 1000 2232 ii
1028 2178 1122 2248 qui
1159 2176 1825 2249 superfuerint,sedulam
1844 2177 2052 2232 dabunt

450 2284 676 2340 operam
706 2277 766 2324 ut
799 2270 985 2325 omnia
1017 2272 1427 2325 exstincturum
1469 2285 1701 2339 corpora
1751 2285 1874 2340 qua:
1902 2270 2051 2325 intus

448 2356 658 2427 jacent,
709 2358 939 2413 efferant
984 2375 1047 2411 ac
1083 2360 1381 2428 sepultum:
1422 2361 1662 2414 tradant.
1712 2360 1825 2414 Hoc
1867 2368 2048 2414 autem

453 2451 551 2515 ait,
590 2438 722 2521 quia
756 2452 1096 2506 multimodis
1140 2453 1302 2525 124
1350 2455 1406 2507 in
1451 2454 1594 2508 bello
1640 2464 1854 2525 strages
1888 2454 2043 2518 fiunt,

452 2553 507 2598 et
554 2545 697 2598 varie
732 2545 905 2600 occisi
938 2546 992 2598 in
1025 2546 1260 2600 diversis
1305 2546 1505 2600 mdium
1539 2547 1788 2615 partibus
1819 2546 2004 2616 jacent
2034 2565 2047 2601 :

452 2634 766 2705 acciditque
817 2637 1117 2699 interdum,
1179 2645 1238 2691 ut
1287 2638 1392 2692 hoc
1446 2654 1630 2691 rerum
1684 2646 1827 2692 statu
1868 2648 2053 2709 partes

451 2744 675 2800 quoque
706 2731 904 2785 aedium
929 2732 1209 2786 nonnullae
1243 2733 1630 2787 convellantur
1656 2742 1708 2787 et
1740 2734 1795 2787 in
1821 2748 2052 2802 corpora

453 2822 740 2877 decidant.
774 2822 899 2879 Ideo
926 2823 1112 2888 etiam,
1156 2834 1450 2885 conantur,
1487 2823 1664 2885 dixit;
1694 2832 1753 2878 ut
1781 2823 2053 2893 significet

453 2913 791 2969 laboriosum
856 2931 957 2971 nec
1010 2916 1172 2969 facile
1217 2918 1420 2970 habere
1466 2917 1748 2986 negotium
1801 2931 1896 2972 eos
1954 2917 2051 2986 qui

453 3006 722 3061 cadavera
793 3008 978 3060 omnia
1045 3007 1310 3061 mandare
1377 3010 1676 3077 sepulturae
1746 3009 2043 3065 voluerint.

454 3097 660 3153 Deinde
701 3101 817 3152 ait:
875 3088 1480 3154 lassitudine'confecti
1536 3100 1605 3154 ob
1644 3100 1914 3155 elatorum
1962 3117 2053 3154 ca-

2147 612 2242 665 καὶ
2274 611 2648 682 παραϐιῶνται
2693 611 2787 664 τοῦ
2833 613 3138 681 ἐξενεγκεῖν
3184 613 3252 666 τὰ
3292 614 3428 668 ὀστά
3454 615 3637 670 αὐτῶν
3665 618 3732 670 ἐκ

2143 700 2237 754 τοῦ
2269 703 2421 755 οἴκου
2442 719 2456 732 ·
2501 702 2597 754 καὶ
2629 703 2747 772 ἐρεῖ
2773 705 2885 766 τοῖς
2911 700 3388 775 προεστηκόσιτοῦ
3411 706 3563 760 οῖκου
3591 725 3607 741 ·
3666 711 3730 763 Et

2144 792 2225 845 ἐτι
2253 794 2489 863 ὑπάρχει
2520 793 2669 865 παρά
2698 794 2781 846 σοί
2808 810 2821 824 ·
2870 795 2964 849 καὶ
2989 796 3136 866 ἐρεῖ·
3170 797 3370 851 Οὐκέτι
3396 813 3411 829 ·
3455 800 3548 852 καὶ
3575 802 3727 871 ἐρεῖ·
3788 806 3804 821 ⁸

2145 885 2282 955 Σίγα
2312 903 2327 917 ·
2387 886 2577 939 ἐνεκεν
2612 885 2709 938 τοῦ
2746 885 2820 958 μὴ
2846 887 3113 957 ὀνομάσαι
3153 889 3213 942 τὸ
3238 889 3410 960 ὄνομα
3443 892 3671 964 Κυρίου.
3705 913 3725 945 ι

2148 977 2222 1050 (p.
2248 978 2373 1050 187)
2420 979 2578 1031 Ἐστι
2616 979 2716 1050 μὲν
2742 982 2805 1032 ἐκ
2833 979 2933 1049 τῆς
2962 980 3261 1051 ἑρμηνείας
3296 983 3532 1052 ἀσάφεια
3560 984 3733 1058 πολλὴ

2147 1072 2612 1142 συμπεπλεγμένη
2640 1071 2718 1142 τῷ
2752 1071 2901 1143 ρητῴ
2921 1087 2933 1100 ·
2971 1074 3066 1125 καί
3091 1074 3353 1146 παρέοικέ
3380 1093 3439 1128 τε
3469 1075 3546 1147 τῷ
3578 1078 3636 1131 ἐν
3663 1081 3731 1151 τῇ

2146 1164 2344 1227 κτίσει,
2375 1161 2503 1215 ἔνθα
2533 1163 2662 1234 περὶ
2689 1163 2799 1215 τῶν
2827 1163 3114 1234 συνθηκῶν
3156 1164 3324 1233 λέγει.
3361 1166 3430 1230 ἃς
3462 1167 3651 1222 Λάϐαν
3672 1186 3732 1221 τε

2149 1255 2243 1308 καὶ
2286 1253 2481 1308 Ἰακὼϐ
2514 1255 2842 1324 ἐποιήσαντο
2891 1255 3026 1326 πρὸς
3053 1255 3335 1326 ἀλλήλους,
3386 1259 3477 1312 ἐπὶ
3516 1258 3594 1329 τῷ
3625 1258 3734 1313 τῶν

2147 1347 2433 1419 προϐάτων
2459 1347 2528 1401 τὰ
2557 1348 2870 1419 τικτόμενα,
2893 1350 2961 1403 τὰ
2989 1350 3086 1418 μὲν
3119 1349 3330 1413 τοῦτον,
3357 1349 3426 1403 τὰ
3454 1350 3500 1403 δ’
3528 1352 3737 1405 ἐκεῖνον

2154 1441 2321 1511 ἔχειν·
2355 1442 2476 1495 ἐπεὶ
2505 1442 2724 1495 κάκεῖνο
2752 1442 2963 1508 ἀσαφὲς
2992 1442 3089 1512 μέν
3114 1442 3262 1495 ἐστιν
3304 1444 3360 1495 ἐν
3390 1445 3456 1513 τῇ
3486 1440 3628 1507 λέξει
3654 1461 3667 1473 ·
3707 1445 3738 1497 ὁ

2146 1531 2205 1585 δέ
2235 1532 2359 1596 νοῦς
2393 1533 2487 1585 ἐπὶ
2514 1533 2613 1604 τῆς
2660 1534 2956 1605 ἑρμηνείας
2998 1534 3213 1604 δέχεται
3256 1534 3357 1605 τὴν
3397 1536 3693 1604 σαφήνειαν
3719 1551 3731 1564 ·

2147 1622 2362 1693 ἀνάγκη
2407 1622 2466 1677 δὲ
2513 1623 2608 1677 καὶ
2659 1623 2850 1678 τούτου
2894 1625 2986 1678 τὸν
3036 1625 3160 1678 νοῦν
3196 1625 3469 1690 ἐκθεῖναι,
3511 1626 3739 1694 ἀσαφῶς

2150 1715 2481 1786 δηλούμενον
2517 1718 2574 1770 ἐν
2600 1720 2667 1789 τῇ
2706 1717 2851 1782 λέξει
2879 1734 2892 1748 ·
2943 1717 3191 1787 βούλεται
3214 1718 3322 1789 γὰρ
3357 1719 3435 1782 εἰς
3466 1718 3738 1786 ἀπόδειξιν

2149 1809 2249 1876 τῆς
2276 1806 2733 1879 καταληψομένης
2762 1810 2961 1872 αὐτοὺς
2999 1810 3235 1881 ἐρημίας
3275 1810 3351 1873 ῶς
3397 1811 3538 1879 ἄγαν
3569 1810 3740 1881 οὔσης

2157 1900 2421 1970 μεγίστης
2440 1899 2599 1953 τοῦτο
2621 1902 2817 1966 εἰπεῖν,
2844 1903 2926 1955 ὅτι
2949 1902 3236 1967 Πολλάκις,
3266 1904 3449 1973 φησὶν,
3477 1903 3535 1970 ἐξ
3561 1903 3741 1966 οἰκίας

2156 1991 2417 2060 μεγίστης
2440 1992 2867 2063 πολυανθρώπου
2895 1996 3053 2065 μόγις
3074 1994 3563 2065 ύπολειφθήσονται
3583 1995 3738 2059 δέκα,

2153 2082 2260 2135 τῶν
2301 2083 2504 2137 λοιπῶν
2548 2084 2943 2156 ἀναιρεθέντων
2984 2089 3041 2140 ἐν
3080 2086 3158 2158 τῷ
3187 2087 3407 2158 πολέμῳ
3442 2087 3698 2152 ποικίλως
3722 2104 3737 2118 ·

2152 2171 2262 2230 οἷόν
2291 2194 2344 2230 τι
2372 2177 2466 2230 καὶ
2498 2178 2556 2230 ἐν
2591 2180 2702 2241 τοῖς
2738 2178 3035 2249 ἀνωτέροις
3065 2178 3250 2249 φησὶν,
3293 2178 3375 2231 ὃτι
3410 2180 3473 2232 ἐκ
3507 2178 3605 2249 μὲν
3632 2177 3742 2231 τῶν
3788 2226 3797 2233 .

2153 2269 2368 2331 ἑκατὸν,
2412 2269 2545 2324 δέκα
2597 2270 2850 2341 μενοῦσιν
2875 2288 2889 2301 ·
2945 2272 3138 2324 ἑκατὸν
3172 2271 3249 2331 δὲ,
3303 2273 3366 2324 ἐκ
3397 2272 3505 2323 τῶν
3531 2270 3738 2343 χιλίων.

2153 2356 2308 2423 Εἶτα,
2341 2360 2527 2430 φησὶν,
2556 2360 2938 2416 ἀποθανόντων
2964 2360 3033 2414 τὰ
3062 2359 3291 2430 σώματα
3315 2362 3407 2414 καὶ
3438 2361 3585 2413 ἔνδον
3626 2378 3739 2413 κειο

2157 2454 2332 2524 μένων
2362 2452 2669 2521 ἐξενεγκεῖν
2716 2470 2775 2505 τε
2824 2455 2916 2506 καὶ
2969 2451 3305 2524 παραδοῦναι
3346 2455 3490 2524 ταφῇ
3520 2470 3532 2482 ⁸
3584 2451 3743 2505 τοῦτο

2152 2546 2208 2598 δὲ
2236 2546 2383 2614 λέγει
2412 2546 2488 2609 ὡς
2522 2545 2615 2599 καὶ
2653 2544 2747 2599 τοῦ
2779 2545 3018 2615 πολέμου
3057 2544 3434 2615 πολυτρόπους
3462 2542 3743 2607 ποιοῦντος

2153 2637 2250 2701 τὰς
2279 2637 2512 2707 σφαγὰς,
2554 2638 2651 2691 καὶ
2678 2636 2791 2690 τῶν
2818 2637 3228 2708 ἀναιρουμένων
3254 2635 3515 2698 ποικίλως
3545 2636 3602 2687 ἐν
3628 2637 3746 2688 δια-

2154 2731 2339 2800 φόροις
2364 2729 2555 2801 μέρεσι
2580 2729 2678 2799 τῆς
2741 2728 2918 2791 οἰκίας
2941 2727 3227 2797 κειμένων·
3258 2728 3333 2791 ὡς
3360 2730 3417 2781 ἐν
3448 2726 3671 2800 τοιαύτῃ
3690 2728 3746 2781 δὲ

2155 2822 2491 2874 καταστάσει
2543 2822 2638 2874 καί
2673 2838 2838 2874 τινων
2864 2819 2970 2874 τῶν
2999 2821 3100 2890 τῆς
3126 2822 3303 2885 οἰκίας
3345 2820 3527 2891 μερῶν
3575 2838 3748 2875 κατα-

2157 2914 2460 2984 σπωμένων
2488 2932 2551 2966 τε
2587 2915 2683 2966 καὶ
2724 2914 3035 2967 πιπτόντων
3062 2916 3175 2976 τοῖς
3207 2911 3461 2984 σώμασι·
3516 2913 3591 2984 (p.
3622 2913 3746 2984 188)

2154 3005 2235 3057 διὸ
2280 3004 2374 3057 καὶ
2406 3005 2486 3067 τὸ,
2523 3005 2949 3073 παραϐιῶνται,
2987 2999 3141 3058 εἶπεν
3162 3021 3175 3033 ·
3216 3004 3432 3068 δεικνὺς
3453 3005 3533 3058 δτι
3567 3020 3748 3075 παρα-

2155 3097 2513 3168 ϐεϐιασμένον
2560 3098 2654 3151 καὶ
2688 3100 2789 3151 οὐκ
2836 3097 3058 3151 εὔκολον
3106 3096 3446 3169 ἐπιχειροῦσι
3488 3099 3745 3167 πρᾶγμα,

453 3189 716 3245 daverum
743 3190 1176 3254 multitudinem,
1210 3192 1370 3245 verba
1397 3191 1645 3261 quadam
1678 3194 1900 3257 facient,
1934 3209 2048 3247 mu-

2156 3190 2223 3243 τὰ
2276 3189 2505 3261 σώματα
2548 3191 2765 3244 ἅπαντα
2809 3190 3126 3261 βουλόμενοι
3174 3192 3319 3263 ταφῇ
3367 3189 3742 3262 παραδοῦναι·

455 3289 553 3336 tuo
586 3283 946 3345 altercantes,
980 3298 1109 3335 num
1140 3285 1327 3336 omnia
1356 3292 1644 3353 exportata
1666 3285 1779 3339 sint
1802 3301 2051 3354 corpora,

457 3388 527 3426 an
560 3372 743 3426 adhuc
784 3373 970 3443 aliqua
1003 3373 1279 3444 insepulta
1307 3374 1566 3443 iaceant;
1605 3382 1660 3430 et
1700 3375 1919 3445 quidem
1953 3374 2051 3428 de-

454 3465 568 3518 mui
602 3465 960 3534 prmsidentes
1004 3465 1230 3521 denotat
1260 3465 1382 3520 illos
1411 3466 1503 3536 qui
1540 3482 1605 3521 ex
1653 3467 1914 3522 universo
1951 3483 2054 3519 nn-

454 3572 633 3620 mero,
673 3557 861 3612 decem
896 3568 1276 3614 remanserant
1304 3579 1316 3614 :
1346 3560 1503 3630 quasi
1538 3576 1670 3631 ergo
1708 3559 1913 3613 mutuis
1939 3576 2055 3615 ser-

457 3648 716 3703 monibus
757 3650 831 3703 ita
878 3649 1168 3719 loquentes
1213 3650 1544 3705 introducit.
1593 3650 1893 3719 Po~tquam
1926 3666 2056 3704 vero

456 3750 656 3797 cuncta
689 3741 885 3799 eﬂ‘erre
916 3751 971 3797 et
1008 3744 1246 3813 sepelire
1290 3744 1561 3799 cadavera
1604 3743 1904 3813 potuerint,
1939 3751 2054 3799 tum

457 3834 676 3890 demmn
706 3836 917 3889 nullum
956 3835 1069 3904 jam
1098 3852 1386 3893 remanere
1420 3836 1489 3892 de
1525 3837 1814 3892 exstinctis
1853 3853 2057 3907 cogno-

457 3933 634 3990 scent,
683 3927 812 3980 dum
862 3928 1033 3981 altum
1081 3929 1278 3982 aedium
1319 3929 1603 3983 silentium
1655 3929 1938 3989 videbunt.
1985 3929 2057 3984 ob

458 4019 776 4073 occisorum
819 4020 1228 4076 multitudinem
1258 4028 1313 4075 et
1355 4021 1753 4089 inquilinornm
1805 4022 2057 4077 solitudi-

456 4124 608 4175 nem,
641 4111 832 4179 paucis
865 4111 1162 4165 admodum
1192 4112 1401 4166 relictis
1432 4113 1489 4165 in
1525 4119 1634 4164 tam
1667 4126 1861 4181 magna
1891 4110 2056 4165 domo

457 4210 722 4274 tantoque
755 4203 1121 4257 habitantium
1161 4218 1413 4259 numero.
1465 4202 1649 4269 Quare
1689 4203 1948 4257 taciturni
1998 4202 2054 4256 in

458 4295 666 4351 talibus
691 4297 971 4365 tantisque
1000 4295 1162 4352 malis
1190 4294 1353 4361 fient;
1380 4307 1446 4348 ac
1476 4309 1645 4365 prepe
1673 4295 1875 4349 amissa
1898 4308 2053 4357 voce,

457 4398 682 4459 propter
716 4406 976 4445 aerumnae
1023 4405 1294 4445 summam
1328 4390 1677 4462 gravitatem,
1721 4397 1903 4444 mente
1939 4398 2053 4442 tum

455 4482 765 4545 revolvcnt,
814 4497 1066 4552 quaenam
1109 4495 1218 4539 tam
1265 4483 1510 4537 dirorum
1565 4480 1836 4536 malorum
1884 4493 2053 4534 causa

2156 3279 2278 3336 εἶτά
2303 3299 2487 3355 φησιν·
2531 3282 2884 3346 Ἀπειπόντες
2915 3281 3054 3354 πρὸς
3095 3282 3156 3335 τὸ
3202 3281 3313 3334 τῶν
3357 3281 3747 3351 ἐξενεχθέντων

2156 3372 2361 3443 πλῆθος
2410 3373 2621 3445 νεκρῶν
2647 3411 2662 3436 ,
2716 3372 2908 3441 λόγους
2954 3373 3018 3444 δή
3058 3388 3211 3436 τινας
3243 3372 3563 3441 ποιήσονται
3609 3369 3749 3441 πρὸς

2156 3464 2420 3536 ἀλλήλους
2447 3464 3000 3535 διαμφισϐητοῦντες·
3046 3464 3156 3517 εἴτε
3187 3462 3297 3535 ἄρα
3353 3463 3531 3516 πάντα
3562 3460 3750 3532 ἐξενή-

2156 3572 2383 3623 νεγκται
2400 3555 2469 3608 τὰ
2500 3553 2750 3625 σώματα,
2781 3553 2893 3607 εἴτε
2925 3555 3020 3607 καὶ
3047 3553 3126 3606 ἐτι
3149 3552 3232 3623 εἴη
3264 3553 3493 3625 κείμενα
3524 3553 3706 3621 ἄταφα
3729 3568 3744 3581 ·

2157 3647 2563 3719 προεστηκότας
2587 3643 2696 3715 γὰρ
2739 3646 2838 3716 τῆς
2882 3644 3061 3709 οἰκίας
3107 3644 3305 3708 αὐτοὺς
3353 3644 3481 3709 τοὺς
3528 3643 3749 3697 ὑπολει-

2158 3738 2389 3808 φθέντας
2422 3736 2482 3803 ἐξ
2521 3737 2777 3793 ἁπάντων
2804 3735 2953 3806 λέγει
2978 3737 3105 3801 τοὺς
3142 3736 3294 3803 δέκα,
3329 3729 3441 3788 οἷον
3466 3735 3641 3788 εἰπεῖν
3669 3733 3751 3799 ὡς

2158 3828 2224 3881 ἂν
2252 3828 2389 3898 πρὸς
2421 3826 2685 3896 ἀλλήλους
2713 3827 2975 3898 ἐροῦντας
3004 3843 3065 3880 τε
3097 3824 3510 3883 ταῦτα.Ἐπειδ’
3540 3825 3606 3878 ἂν
3633 3823 3746 3895 γάρ

2156 3923 2338 3984 αὐτοῖς
2366 3921 2658 3991 ἐγγένηταί
2697 3937 2814 3985 πως
2849 3920 3027 3974 πάντα
3053 3935 3115 3972 τε
3145 3917 3398 3972 ἐκϐαλεῖν
3442 3917 3539 3972 καὶ
3595 3919 3744 3988 ταφῇ

2159 4014 2493 4087 παραδοῦναι
2528 4014 2599 4067 τὰ
2626 4012 2876 4084 σώματα,
2916 4012 3218 4082 γνώσονται
3255 4013 3352 4084 μὲν
3376 4011 3560 4065 οὐκέτι
3586 4009 3749 4073 όντας

2156 4106 2401 4178 νεκρούς·
2432 4105 2668 4177 ὁρῶντες
2695 4105 2805 4176 γὰρ
2830 4106 2930 4177 τὴν
2960 4105 3300 4175 κατέχουσαν
3323 4104 3417 4157 τὸν
3452 4100 3598 4157 οἷκον
3624 4103 3749 4173 ήσυο

2157 4200 2281 4270 χίαν
2312 4200 2378 4252 ἐκ
2409 4216 2470 4252 τε
2500 4198 2594 4251 τοῦ
2627 4197 2863 4268 πλήθους
2889 4197 2996 4252 τῶν
3023 4197 3380 4251 ἀπολωλότων
3403 4198 3499 4251 καὶ
3518 4197 3617 4267 τῆς
3638 4196 3746 4249 τῶν

2155 4291 2450 4346 οἰκούντων
2491 4290 2750 4363 ἐρημίας,
2783 4292 2923 4360 ἄγαν
2968 4289 3418 4360 ὑπολειφθέντων
3451 4288 3647 4358 ὀλίγων
3685 4288 3748 4353 ἐξ

2156 4385 2333 4448 οἰκίας
2374 4400 2434 4436 τε
2466 4381 2735 4454 τοσαύτης
2766 4382 2859 4435 καὶ
2898 4381 3138 4452 πλήθους
3172 4381 3282 4435 τῶν
3327 4381 3618 4435 οἰκούντων
3649 4379 3747 4433 αὐ-

2157 4479 2258 4549 τήν
2282 4495 2294 4508 ·
2330 4480 2510 4549 σιωπῇ
2544 4477 2603 4532 δέ
2636 4493 2741 4529 τινι
2772 4468 3202 4545 κατασχεθέντες
3231 4474 3325 4526 ἐπὶ
3349 4472 3622 4536 τοσούτοις
3650 4473 3746 4526 καὶ

453 4574 787 4630 exstiterit:
843 4575 989 4646 quod
1041 4592 1273 4647 nempe,
1330 4575 1516 4631 divino
1561 4575 1714 4630 cultu
1769 4574 2046 4644 neglecto,

2155 4570 2497 4642 τηλικούτοις
2540 4569 2790 4636 γεγονόσι
2821 4570 3043 4629 κακοῖς·
3077 4567 3170 4619 καὶ
3206 4566 3367 4636 μόνον
3397 4565 3498 4618 ούκ
3531 4563 3747 4636 ἀφωνία

454 4675 880 4739 contemptoque
914 4671 1245 4726 universalis
1279 4671 1496 4726 Domini
1531 4670 1770 4731 nomine,
1806 4669 1967 4723 idolis
1985 4684 2045 4723 se

456 4758 791 4827 addixerint,
834 4762 1042 4817 idcirco
1076 4763 1194 4817 hanc
1236 4763 1337 4817 sibi
1378 4763 1632 4818 evenisse
1673 4762 1837 4824 mala.
1871 4760 2047 4830 κειριὶ-

459 4850 702 4918 vitalem,
745 4853 944 4908 aedium
984 4856 1228 4919 ruinam,
1281 4856 1693 4911 interfectorum
1746 4854 2048 4908 multitudio

454 4956 604 5010 nem,
638 4943 1007 5000 habitantium
1040 4946 1419 5003 solitudinem.
1452 4945 1618 5002 Addit
1639 4962 1769 5017 ergo
1795 4946 1950 5017 quasi
1976 4945 2045 5000 ad

454 5035 731 5092 dictorum
771 5037 1246 5094 conﬁrmationem
1278 5055 1294 5094 :

2152 4663 2447 4733 ληφθέντες
2474 4660 2563 4712 διὰ
2586 4659 2685 4729 τὴν
2727 4658 2835 4712 τῶν
2862 4657 3266 4729 ἐπεληλυθότων
3292 4657 3481 4710 κακῶν
3512 4656 3749 4726 ὑπερϐοο

2152 4755 2271 4827 λὴν,
2312 4750 2724 4819 ἁναλογιοῦνται
2757 4749 2878 4800 τότε
2908 4748 2973 4820 δὴ
3004 4748 3111 4800 τῶν
3142 4748 3443 4817 γεγονότων
3475 4747 3746 4801 τοσούτων

2153 4847 2249 4901 καὶ
2271 4841 2606 4914 τηλικούτων
2627 4840 2812 4893 κακῶν
2843 4842 2941 4910 τὴν
2967 4837 3166 4891 αἰτίαν·
3193 4840 3287 4891 καὶ
3310 4838 3390 4891 ὅτι
3418 4837 3559 4908 ὑπὲρ
3582 4830 3655 4891 ὧν
3676 4837 3745 4890 δι’

2153 4939 2415 5010 ἀμελείας
2441 4935 2597 5005 ἔσχον
2624 4932 2722 5006 τὴν
2745 4931 2838 4984 τοῦ
2864 4933 3020 4985 θείου
3048 4930 3363 5004 θεραπείαν,
3390 4929 3746 5000 ἁπωοάμενοί

2153 5051 2213 5086 τε
2244 5031 2343 5101 τὴν
2375 5025 2672 5097 ὀνομασίαν
2716 5024 2810 5077 τοῦ
2858 5026 3075 5079 πάντων
3108 5023 3337 5096 Κυρίου,
3375 5022 3744 5094 προσανέσχον

454 5134 715 5200 εἰδώλοις,
753 5134 830 5205 (ρ.
868 5134 990 5205 189)
1017 5134 1190 5188 ταῦτα
1217 5134 1280 5205 δὴ
1321 5135 1505 5199 αὐτοῖς
1543 5134 1841 5205 ἐπελήλυθε
1881 5134 1951 5187 τὰ
1994 5131 2161 5196 κακὰ,
2198 5123 2545 5199 αἰχμαλωσία
2576 5137 2658 5188 τε,
2693 5121 2784 5174 καὶ
2811 5120 2973 5173 οἴκων
3006 5119 3382 5184 κατάπτωσις,
3416 5116 3510 5169 καὶ
3541 5113 3741 5186 πλῆθος

454 5226 874 5300 ἀναιρεθέντων,
909 5227 1003 5281 καὶ
1028 5226 1321 5282 οἰκούντων
1354 5228 1577 5303 ἐρημία·
1607 5231 1803 5303 ἐπάγει
1831 5228 1962 5297 γοῧν
1991 5227 2179 5296 ὥσπερ
2212 5224 2290 5285 εἰς
2323 5218 2612 5290 βεϐαίωσιν
2641 5217 2751 5270 τῶν
2777 5212 3104 5285 εἰρημένων·

530 5404 697 5462 Vens.
725 5408 909 5464 11-15.
934 5439 1005 5450 --
1035 5427 1054 5461 ι
1088 5407 1218 5464 Ideo
1246 5425 1375 5464 ecce
1406 5408 1669 5465 Dominus
1699 5409 1941 5474 mandat,
1989 5419 2044 5462 et

459 5500 729 5570 percutiet
776 5500 1000 5555 domum
1036 5517 1289 5572 magnam
1336 5502 1533 5562 ruinis.
1568 5511 1623 5555 et
1668 5500 1888 5555 domum
1921 5514 2044 5569 par-

461 5606 582 5645 vam
614 5590 1000 5648 scissionibus.
1043 5611 1062 5647 ι
1093 5592 1261 5661 Quasi
1287 5609 1515 5648 causam
1544 5594 1757 5656 dicens,
1788 5607 1887 5645 cur
1927 5600 2045 5644 tan-

461 5686 553 5741 tus
574 5677 796 5737 futurus
833 5680 908 5736 sit
944 5681 1101 5738 labor
1126 5690 1471 5741 mortuorum
1517 5698 1750 5755 corpora
1787 5681 2044 5737 cﬂ‘erendi

531 5889 576 5920 “
629 5886 765 5946 Gen.
827 5904 954 5955 xxx,
996 5891 1087 5952 21.

2224 5405 2373 5477 Στίχ.
2421 5406 2602 5471 ια’-ιγ’.
2656 5429 2724 5441 —
2776 5396 2960 5449 (Διότι
3006 5394 3115 5449 ἰδοὺ
3156 5394 3361 5466 Κύριος
3406 5388 3720 5447 ἐντέλλεται

2153 5500 2246 5553 καὶ
2289 5494 2525 5561 πατάξει
2552 5492 2644 5547 τὸν
2689 5484 2837 5543 οἷκον
2868 5487 2963 5540 τὸν
2996 5486 3170 5559 μέγαν
3203 5486 3499 5556 θλάσμασι,
3531 5482 3625 5537 καὶ
3654 5482 3723 5535 τὸ·

2153 5587 2301 5644 οἰκον
2323 5588 2416 5641 τὸν
2453 5584 2645 5657 μικρὸν
2678 5583 3006 5653 ρήγμασιν.»
3052 5581 3141 5643 Ὠς
3174 5579 3285 5650 γὰρ
3316 5577 3414 5648 τὴν
3447 5577 3627 5629 αἰτίαν
3653 5572 3725 5627 λέ·

2156 5700 2287 5750 γων,
2322 5680 2387 5734 δι’
2416 5679 2483 5750 ὴν
2516 5674 2772 5738 τοσοῦτος
2796 5671 2948 5726 ἔσται
2976 5671 3137 5735 πόνος
3161 5670 3254 5724 τοῦ
3285 5669 3352 5725 τὰ
3383 5667 3615 5739 σώματα
3635 5665 3741 5720 τῶν
