4102 6456
324 363 443 419 285

1396 374 1946 434 COMMENTARIUS
1981 377 2046 432 IN
2088 376 2292 434 AMOSI
2323 377 2476 433 C\P.
2535 377 2620 435 Vl.

3508 377 3614 430 2‘83

319 483 724 540 ἀποθανόντων
754 486 1100 560 ἐξενεχθέντα
1135 490 1506 565 παραδοθῆναι
1531 501 1699 570 ταφῇ,
1728 499 1932 571 Προσέ-

2039 515 2101 556 ac
2138 501 2434 571 sepulturae
2466 496 2737 561 tradendi,
2768 503 3055 568 propterea
3088 496 3253 560 Deus,
3289 497 3489 568 in1uit,
3522 497 3616 550 do-

318 576 487 642 ταξε,
521 578 710 648 φησὶν,
738 581 766 633 ὁ
794 579 949 643 Θεὸς,
982 583 1077 635 καὶ
1099 581 1185 635 διὰ
1212 584 1371 639 τοῦτο
1386 587 1564 641 πάντα
1583 584 1728 643 οἷκον
1754 589 1929 660 μέγαν

316 685 389 721 τε
426 668 575 741 [καὶ]
608 670 827 741 μικρὸν,
873 672 966 726 τὸν
1016 673 1113 743 μὲν
1150 680 1403 746 μερικαῖς
1441 678 1754 751 παραδώσει
1800 680 1929 753 βλά-

316 758 477 822 ϐαις·
513 759 676 813 τοῦτο
697 761 802 833 γὰρ
825 762 993 833 λέγει,
1015 763 1305 836 ῥήγμασι·
1337 767 1428 822 τὸν
1457 768 1514 823 δὲ
1538 773 1650 834 τοῖς
1674 772 1926 826 καθόλου·

314 848 387 904 τὸ
420 851 560 924 γὰρ,
591 852 923 927 θνίᾴσμασι,
955 857 1115 912 τοῦτο
1144 858 1312 931 δηλοῖ·
1344 861 1405 914 ού
1438 861 1547 934 γὰρ
1574 862 1731 918 τοῦτο
1755 864 1925 934 λέγει,

314 942 414 997 ὅτι
442 944 546 999 τὸν
582 946 683 1017 μὲν
709 947 884 1018 μέγαν
917 949 1209 1022 θλάσμασι,
1246 953 1337 1008 τὸν
1372 954 1430 1007 δὲ
1459 956 1653 1029 μικρὸν
1683 958 1927 1030 ρήγμασι

314 1037 635 1091 πατάσσει·
670 1039 786 1093 ἀλλ’
813 1040 896 1095 ὅτι
922 1041 1047 1096 οὔτε
1082 1044 1255 1114 μέγας
1284 1042 1432 1110 οἶκος
1460 1046 1805 1116 διαφεύξεται
1829 1050 1928 1123 τὴν

310 1130 638 1200 τιμωρίαν,
666 1129 791 1185 οὔτε
820 1132 1055 1204 βραχύς·
1085 1135 1358 1208 διαφόρως
1388 1137 1468 1203 δὲ,
1512 1140 1562 1192 οἰ
1593 1140 1691 1211 μὲν
1727 1143 1793 1195 ὲκ
1833 1142 1903 1213 μέ

313 1237 466 1291 ρους
499 1222 748 1290 δέξονται
780 1224 878 1298 τὴν
909 1226 1133 1298 βλάϐην,
1156 1229 1206 1283 οἰ
1228 1229 1285 1284 δὲ
1315 1230 1409 1285 καὶ
1441 1231 1928 1303 κατενεχθήσονται

310 1312 627 1378 παντελῶς
650 1332 665 1346 ·
700 1311 789 1370 οἷα
819 1316 883 1389 δὴ
924 1319 1171 1388 γίνεσθαι
1204 1321 1450 1391 πέφυκεν
1487 1325 1548 1377 ἐν
1578 1323 1799 1396 πολέμῳ
1832 1325 1929 1380 καὶ

308 1406 635 1479 πολιορκίᾳ
672 1410 864 1483 πολλῇ.
904 1413 1014 1466 Καὶ
1043 1413 1106 1467 τὺ
1134 1413 1240 1469 τῶν
1271 1416 1575 1487 εἰρημένων
1600 1416 1931 1490 ἀναντίρρη-

308 1519 423 1555 τον
448 1502 673 1568 δεικνὺς
694 1506 909 1574 ἐπάγει·
950 1508 1044 1561 «Εἰ
1067 1506 1349 1573 διώξονται
1380 1510 1438 1562 ἐν
1458 1509 1686 1582 πέτραις
1712 1512 1886 1565 ἵπποι.
1904 1531 1923 1562 ι

324 1592 489 1647 Ἀλλ’
514 1595 643 1650 οὔτε
677 1596 882 1661 ἵππους
904 1615 990 1663 τις
1010 1598 1148 1653 κατὰ
1171 1599 1386 1671 πετρῶν
1416 1601 1660 1655 ὲλάσειεν
1691 1600 1778 1666 ἂν,
1811 1601 1926 1656 ἀλλ’

306 1685 464 1738 ἔνθα
501 1691 787 1759 συνεργεῖν
835 1690 927 1744 τὸν
972 1691 1135 1746 τόπον
1191 1691 1477 1762 συμϐαίνει
1509 1692 1586 1764 τῷ
1616 1693 1802 1764 δρόμῳ
1835 1693 1927 1747 ῖπ-

307 1795 477 1831 πων·
516 1777 632 1833 οὔτ’
657 1780 722 1835 ἂν
740 1781 870 1853 ὑμῖν
903 1783 1194 1851 ἐπεγένετο
1223 1783 1416 1846 ταῦτα,
1444 1785 1493 1837 εἰ
1523 1785 1597 1857 μὴ
1620 1783 1719 1857 τὴν
1745 1786 1927 1839 αἰτίαν

2035 608 2156 648 mos
2184 608 2377 649 omnes
2422 607 2517 647 seu
2553 605 2781 662 magnas
2815 606 3154 661 seu'parvas,
3189 591 3387 661 partim
3434 589 3620 659 aliquo

2034 684 2368 740 detrimento
2405 682 2631 751 aﬂieiet;
2673 681 2726 738 id
2770 683 2916 737 enim
2950 682 3242 737 denotatur
3268 681 3425 752 125
3450 684 3618 736 verbo

2036 776 2437 844 scissionibus;
2462 775 2660 846 partim
2686 773 3006 837 universali,
3030 788 3157 827 nam
3194 774 3417 828 verbum
3443 773 3620 828 ruinis

2035 868 2143 923 hoc
2161 868 2311 923 dicit.
2336 866 2525 937 Neque
2547 877 2728 921 tamen
2745 865 2922 921 divise
2941 864 3097 928 dicit,
3120 864 3340 919 domum
3364 879 3616 935 magnam

2037 962 2235 1025 ruinis,
2275 976 2497 1031 parvam
2536 960 2902 1015 scissionibus
2943 958 3250 1028 percutiet;
3285 954 3403 1017 sed,
3442 971 3618 1024 neque

2034 1067 2289 1124 magnam
2308 1051 2556 1116 domum,
2592 1066 2771 1121 neque
2786 1050 3035 1120 exiguam
3054 1049 3262 1118 absque
3280 1059 3439 1124 pugna
3463 1044 3580 1100 fore
3602 1065 3615 1099 :

2036 1154 2294 1202 caeterum
2330 1144 2566 1209 diverse,
2602 1143 2739 1198 alias
2771 1143 2992 1213 quidem
3016 1143 3206 1196 domos
3228 1120 3617 1194 detrimentum

2035 1250 2321 1307 passuras,
2346 1235 2482 1290 alias
2503 1234 2726 1289 omnino
2749 1231 2866 1286 fore
2898 1229 3344 1301 prosternendas,
3374 1236 3536 1298 prout
3563 1227 3618 1280 in

2038 1328 2180 1382 bello
2206 1326 2575 1396 diuturnaque
2609 1323 2894 1379 obsidione
2919 1320 3196 1377 usuvenit.
3239 1318 3306 1373 Et
3343 1320 3617 1374 dictorum

2035 1415 2753 1481 eerlitudinemostendens,
2798 1412 3022 1469 subdit:
3050 1431 3069 1464 ι
3120 1410 3176 1465 Si
3220 1420 3622 1481 persequentur

2038 1512 2092 1565 in
2134 1510 2305 1582 petris
2333 1510 2484 1579 equi.
2520 1526 2539 1559 ι
2568 1506 2738 1563 Nemo
2770 1515 2919 1561 certe
2941 1520 3111 1575 equos
3142 1518 3239 1574 per
3266 1510 3449 1572 petras
3475 1509 3617 1571 aget,

2037 1603 2132 1657 sed
2178 1602 2308 1655 illuc
2339 1601 2522 1670 potius
2557 1598 2648 1653 ubi
2695 1597 2850 1653 locus
2894 1597 3079 1652 favere
3126 1608 3395 1665 equorum
3432 1593 3618 1647 cursui

2036 1702 2235 1766 potest.
2266 1693 2357 1748 Sic
2385 1709 2457 1749 ne
2495 1693 2652 1748 vobis
2686 1692 2907 1763 quidem
2935 1691 3053 1746 bzec
3086 1688 3467 1759 contigissent,
3513 1686 3621 1741 nisi

2035 1800 2202 1843 causa
2242 1784 2481 1856 patiendi
2523 1799 2587 1840 ea
2627 1799 2725 1854 per
2754 1797 2859 1838 vos
2899 1781 3221 1838 exstitisset.
3260 1798 3278 1831 ι
3334 1778 3390 1833 Si
3430 1780 3625 1833 retice-

303 1873 494 1925 αὐτοὶ
526 1874 834 1946 παρέσχετε
862 1877 959 1929 τοῦ
1000 1875 1228 1931 τοιαῦτα
1257 1877 1470 1932 παθεῖν.
1508 1895 1527 1929 ι
1549 1878 1612 1931 Εἰ
1643 1894 1929 1949 παρασιω-

2039 1881 2171 1934 bunt
2198 1878 2265 1932 ad
2303 1875 2554 1932 feminas.
2597 1894 2615 1927 ι
2655 1872 2843 1944 Neque
2866 1871 3114 1943 proiecto
3142 1871 3198 1924 in
3240 1869 3419 1924 medio
3470 1869 3625 1924 femi-

304 1968 611 2036 στήσονται
638 1969 695 2021 ὲν
722 1966 983 2039 θηλείαις.
1000 1988 1019 2021 ι
1057 1972 1134 2040 (p.
1160 1970 1285 2040 190)
1319 1972 1392 2024 Οὐ
1418 1970 1515 2041 μὲν
1542 1969 1665 2024 οὐδὲ
1691 1971 1748 2023 ἐν
1775 1969 1928 2040 μέσῳ

307 2061 575 2131 θηλειῶν
608 2062 764 2115 ἵπποι
785 2061 1090 2130 γεγονότες,
1130 2060 1365 2133 ἡσυχίαν
1409 2061 1687 2131 ἀγάγοιεν,
1723 2076 1930 2130 παρου-

310 2154 447 2206 σῶν
475 2154 589 2207 τῶν
614 2153 870 2221 δέξασθαι
885 2154 986 2225 τὴν
1004 2155 1061 2220 ἐξ
1081 2154 1262 2208 αὐτῶν
1276 2154 1455 2225 ὁρμὴν
1481 2154 1609 2207 οἴων
1625 2170 1686 2206 τε
1724 2151 1924 2206 οὐσῶν·

308 2245 479 2299 ὥστε
503 2245 628 2296 οὐδὲ
665 2246 791 2307 τοὺς
816 2245 1109 2316 πολεμίους
1138 2246 1370 2317 ἡσυχίαν
1394 2246 1626 2314 ἀγαγεῖν
1668 2244 1754 2314 ἐφ’
1798 2245 1927 2314 ὑμῖν

308 2337 587 2401 δυνατὸν,
628 2338 724 2410 τὴν
762 2337 1019 2409 ἀφορμὴν
1055 2338 1143 2392 διὰ
1178 2339 1276 2407 τῆς
1320 2337 1667 2409 παρανομίας
1701 2337 1928 2391 δεδωκό-

309 2450 444 2485 των
499 2430 659 2502 ὑμῶν
704 2429 798 2485 τοῦ
855 2430 1079 2484 τοιαῦτα
1128 2429 1387 2500 γενέσθαι
1439 2431 1572 2502 παρ’
1620 2430 1801 2483 αὐτῶν
1847 2432 1924 2493 εἰς

311 2524 506 2593 ὑμᾶς.
543 2543 563 2575 ι
596 2523 720 2577 Ὀτι
751 2523 1112 2596 ὲξεστρέψατε
1137 2525 1217 2590 εἰς
1250 2524 1421 2596 θυμὸν
1448 2527 1643 2596 κρῖμα,
1664 2526 1757 2578 καὶ
1785 2541 1924 2595 καρ-

312 2614 434 2667 πὸν
460 2612 813 2683 δικαιοσύνης
842 2613 925 2676 εἰς
962 2612 1207 2683 πικρίαν.
1242 2631 1262 2664 ι
1303 2611 1418 2666 Νῦν
1446 2612 1579 2683 γὰρ,
1610 2612 1794 2682 φησὶν,
1831 2612 1926 2680 ἀφ’

309 2698 401 2759 ὧν
438 2703 834 2771 διεπράξασθε,
867 2704 1124 2758 πείσεσθε
1193 2703 1440 2769 τοιαῦτα,
1482 2706 1563 2768 εἰς
1595 2702 1763 2775 ὀργὴν
1801 2719 1929 2771 συγο

309 2796 669 2868 κινήσαντες
695 2797 787 2852 τὸν
822 2796 977 2863 Θεὸν,
1009 2796 1151 2850 ὥστε
1184 2797 1367 2869 κρῖναί
1397 2814 1456 2850 τε
1487 2796 1556 2851 τὰ
1592 2795 1714 2851 καθ’
1747 2796 1925 2867 ὑμᾶς·

310 2890 428 2944 καὶ
480 2888 673 2960 ἐπειδὴ
705 2890 924 2944 δικαίαν
970 2885 1111 2944 οἶδεν
1146 2888 1443 2960 ὑφέξοντας
1486 2890 1585 2962 τὴν
1629 2889 1927 2959 τιμωρίαν,

308 2981 429 3053 τὴν
454 2981 733 3055 τοσαύτην
751 2984 1054 3051 ἐπαγαγεῖν
1075 2983 1203 3053 ὑμῖν
1223 2982 1332 3037 τῶν
1352 2982 1539 3037 κακῶν
1557 2982 1655 3054 τὴν
1679 2981 1925 3052 πικρίαν·

309 3075 487 3142 λέγει
525 3074 588 3127 δὲ
627 3075 788 3129 πάλιν
822 3077 917 3129 καὶ
945 3075 1014 3130 τὰ
1047 3076 1176 3147 παρ’
1206 3075 1385 3129 αὐτῶν
1417 3076 1478 3129 οὐ
1514 3075 1741 3137 δεόντως
1785 3073 1935 3141 γινό-

2031 1986 2229 2027 narum
2255 1970 2383 2040 equi
2407 1969 2710 2040 quiescent,
2738 1965 3102 2038 praesentibus
3130 1963 3239 2018 illis
3265 1978 3385 2032 quae
3406 1961 3624 2016 illorum

2031 2066 2294 2136 impetum
2327 2063 2612 2118 admittere
2654 2065 2909 2131 possunt.
2964 2055 3058 2111 Sic
3100 2062 3282 2125 neque
3315 2055 3504 2110 hostes
3551 2052 3620 2107 ad

2032 2170 2129 2210 vos
2181 2151 2604 2226 aggrediendum
2649 2150 2856 2205 inertes
2897 2154 3079 2213 erunt,
3125 2144 3328 2202 vestris
3373 2142 3619 2214 peccatis

2028 2245 2375 2302 occasionem
2404 2242 2772 2314 praebentibus
2802 2249 2862 2295 ut
2887 2240 2961 2295 ita
2986 2246 3180 2294 contra
3208 2251 3305 2290 vos
3327 2251 3385 2291 se
3407 2241 3619 2305 gerant.

2036 2361 2054 2391 ι
2084 2340 2224 2406 Quia
2253 2337 2607 2393 eonvertistis
2638 2335 2692 2389 in
2719 2334 2960 2389 furorem
2987 2331 3281 2403 judicium,
3313 2336 3366 2384 et
3383 2327 3625 2383 fructum

2024 2432 2254 2503 justitiae
2305 2430 2359 2483 in
2391 2426 2838 2481 amaritudinem.
2879 2444 2898 2476 ι
2937 2423 3094 2479 Nunc
3141 2439 3235 2485 en,
3286 2419 3485 2490 inquit,
3537 2433 3628 2471 ve-

2031 2525 2165 2581 stris
2195 2523 2360 2594 digna
2392 2520 2552 2574 factis
2579 2519 2697 2573 hare
2728 2518 3035 2588 patiemini,
3074 2514 3184 2571 Deo
3214 2513 3280 2568 ad
3314 2514 3449 2568 iram
3478 2496 3631 2565 com-

2032 2625 2183 2672 moto
2235 2624 2295 2669 ut
2336 2613 2546 2684 judicio
2595 2610 2664 2666 de
2705 2610 2863 2665 vobis
2912 2609 3199 2672 decernat,
3242 2614 3298 2663 et
3344 2605 3474 2677 quia
3530 2619 3630 2667 vos

2030 2724 2248 2782 poenam
2294 2705 2522 2763 meritos
2566 2706 2693 2773 scit,
2731 2705 2873 2760 hanc
2920 2703 3190 2757 malorum
3233 2699 3387 2756 vobis
3425 2698 3631 2757 inferet

2032 2799 2474 2857 amaritudinem.
2522 2795 2645 2852 Mox
2698 2794 2883 2850 denuo
2929 2793 3222 2848 inhoneste
3267 2790 3338 2847 ab
3389 2788 3460 2845 iis
3504 2796 3630 2842 acta

2031 2891 2270 2951 reeitat,
2325 2901 2561 2957 quorum
2623 2898 2792 2940 causa
2850 2881 3116 2953 praedicta
3165 2880 3311 2934 mala
3354 2879 3628 2932 evenient.

2039 3001 2058 3033 ι
2082 2980 2185 3047 Qui
2207 2978 2354 3032 nullo
2369 2979 2511 3029 bono
2529 2973 2696 3028 verbo
2711 2971 2992 3032 laetemini,
3010 2969 3104 3039 qui
3118 2968 3329 3022 dicitis:
3351 2965 3543 3021 Nonne
3564 2981 3633 3019 ex

2033 3085 2222 3128 nostra
2257 3067 2579 3124 fortitudine
2605 3078 2814 3120 cornua
2839 3059 3150 3117 habemus?
3185 3078 3203 3110 ι
3230 3057 3633 3128 Prophetarum

316 3183 502 3237 μενα,
549 3166 691 3239 ὑπὲρ
719 3160 794 3221 ὧν
823 3167 887 3240 δὴ
932 3168 1003 3222 τὰ
1031 3167 1412 3241 προρρηθέντα
1451 3166 1800 3219 ἐπελεύσεται
1837 3166 1932 3217 αὑ-

2039 3164 2289 3221 eonsiliis
2336 3177 2446 3217 non
2488 3160 2657 3214 vultis
2703 3156 3035 3221 auscultare,
3065 3153 3157 3224 qui
3208 3166 3307 3206 vos
3343 3159 3633 3221 peccantes

312 3232 447 3325 τοῖς
474 3261 645 3315 κακά·
661 3232 778 3316 aut
806 3232 1222 3335 εὐφραινόμενοι
1234 3232 1334 3315 ’ἐπ’
1357 3261 1532 3317 οὐδενί
1551 3260 1694 3330 λόγῳ
1717 3257 1931 3329 ἀγαθῷ,

2039 3252 2567 3315 comrnonet‘acitmt,
2596 3257 2762 3320 atque
2792 3248 2860 3303 ad
2892 3248 3186 3302 honestum
3223 3249 3502 3306 revocant,
3534 3239 3632 3296 sed

316 3357 372 3409 οἱ
402 3355 701 3424 λέγοντες·
735 3355 853 3409 Οὐκ
878 3356 937 3409 ὲν
965 3358 1032 3427 τῇ
1066 3354 1388 3427 ἰσχύῖὴμῶν
1417 3353 1614 3425 ἔχομεν
1638 3354 1879 3425 κέρατα;
1909 3371 1928 3406 ι

318 3450 476 3511 Ταῖς
519 3447 624 3518 μὲν
666 3448 776 3520 γὰρ
804 3448 915 3504 τῶν
940 3448 1237 3521 προφητῶν
1273 3447 1606 3520 συμϐουλαῖς
1648 3448 1937 3521 προσέχειν

318 3543 439 3596 οὐκ
475 3540 695 3595 ἐθέλετε
730 3541 1262 3613 ὑπομιμνησκόντων
1310 3542 1458 3612 ὑμᾶς
1495 3540 1935 3612 ἁμαρτάνοντας,

323 3636 432 3688 καὶ
466 3633 860 3702 ὲπαναγόντων
907 3634 1006 3688 ἐπὶ
1026 3635 1087 3688 τὸ
1116 3634 1254 3689 δέον·
1296 3637 1365 3706 τῇ
1393 3634 1450 3688 δὲ
1493 3633 1670 3706 οἰκείᾳ
1707 3633 1937 3705 δυνάμει

2035 3349 2237 3406 vestris
2295 3346 2509 3401 viribus
2575 3358 2794 3414 semper
2857 3340 3165 3395 tribuentes
3235 3336 3303 3392 de
3378 3333 3633 3390 hostibus

2036 3440 2257 3500 cunctis
2282 3436 2599 3501 victoriam,
2631 3433 2787 3490 nihili
2815 3430 3110 3489 aestimatis
3147 3430 3425 3485 minarum
3457 3428 3634 3498 gravi-

2035 3545 2225 3599 tatem,
2254 3534 2411 3607 quasi
2444 3545 2593 3587 nunc
2619 3542 2836 3601 quoque
2859 3525 3130 3583 obsistere
3162 3523 3418 3579 hostibus
3453 3522 3637 3575 valca-

2040 3633 2132 3687 tis.
2168 3629 2310 3697 Quid
2337 3624 2509 3698 ergo?

322 3723 695 3794 λογισάμενοι
734 3723 797 3776 τὸ
841 3723 1073 3780 πάντοτε
1122 3705 1361 3779 πάντων
1386 3705 1788 3797 κεκρατηκέναι
1841 3723 1950 3778 τῶν
1995 3721 2239 3795 ἐχθρῶν,
2285 3721 2343 3774 ὲν
2389 3716 2565 3772 οὐδενὶ
2622 3713 2733 3770 τῶν
2796 3710 3204 3783 ἀπειλουμένων
3272 3705 3487 3761 τίθεσθε
3534 3707 3635 3776 τὴν

325 3817 647 3889 βαρύτητα,
677 3818 753 3882 ὡς
786 3817 854 3872 ἂν
882 3819 1178 3890 ἀρκοῦντες
1222 3821 1317 3874 καὶ
1358 3819 1453 3874 νῦν
1478 3821 1793 3892 ἀντιστῆναι
1821 3822 1934 3883 τοῖς
1962 3816 2261 3889 πολεμίοις.
2300 3814 2366 3868 Τί
2392 3808 2523 3878 οὖν;

401 3910 565 3979 Στίχ.
610 3911 693 3963 ιδ’.
717 3939 789 3948 -
817 3928 837 3962 ι
876 3911 1021 3964 Διότι
1060 3911 1168 3965 ἰδοὺ
1193 3910 1307 3980 ἐγὼ
1338 3913 1612 3984 ἐπεγείρει)
1643 3911 1728 3981 ἐφ’
1756 3911 1933 3982 ὑμᾶς,

322 4000 490 4065 οἶκος
537 4001 779 4073 Ἰσραὴλ,
816 4002 952 4072 φησί⁵
981 4003 1186 4074 Κύριος
1214 4005 1242 4056 ό
1275 4003 1430 4069 Θεὸς,
1466 3980 1736 4075 στρατιῶν
1759 3980 1934 4066 ἔθνος·

326 4095 435 4153 καὶ
465 4092 826 4162 ἐκθλίψουσιν
858 4094 1006 4165 ὑμᾶς
1046 4094 1142 4148 τοῦ
1189 4094 1265 4168 μὴ
1307 4096 1570 4150 εἰσελθεῖν
1603 4097 1686 4160 εἰς
1727 4090 1933 4166 Δίμὰθ,

328 4192 428 4257 (p.
496 4185 639 4256 191)
689 4187 785 4240 καὶ
838 4186 1077 4250 ἓως,τοῦ
1130 4188 1434 4260 χειμάρρου
1478 4187 1590 4241 τῶν
1630 4186 1871 4258 δυσμῶν.
1911 4206 1931 4239 ι

338 4278 527 4349 ’Υπὲρ
552 4277 618 4349 δὴ
639 4277 846 4347 ταύτης
872 4277 1050 4348 ὑμῶν,
1074 4279 1227 4349 φησί,
1254 4279 1354 4349 τῆς
1381 4277 1628 4349 γνώμης,
1657 4279 1686 4331 ὁ
1718 4280 1938 4333 πάντων

328 4376 450 4430 τῶν
483 4374 805 4445 ἁπανταχοῦ
851 4373 1097 4427 δυνατῶν
1128 4373 1352 4444 Κύριος,
1387 4375 1643 4445 ἐπεγερεῖ
1680 4374 1807 4435 τοὺς
1840 4389 1938 4425 πο-

326 4466 570 4540 λεμίους
601 4468 766 4537 ὑμῖν,
803 4466 1071 4538 μεγίστην
1113 4465 1415 4529 ὲπάξοντας
1454 4465 1565 4517 τῶν
1608 4462 1797 4517 κακῶν
1841 4463 1939 4534 τὴν

2116 3907 2283 3962 Vens.
2316 3904 2406 3958 M.
2434 3931 2505 3943 -—
2533 3917 2553 3954 ι
2583 3899 2795 3955 Idcirco
2841 3913 2908 3952 en
2960 3909 3061 3967 ego
3111 3890 3320 3947 suscito
3367 3888 3634 3942 adversus

2044 4017 2163 4064 vos,
2206 3999 2404 4055 domus
2449 3994 2695 4056 Israelis,
2739 3989 2983 4061 gentium
3029 3984 3355 4045 exercitum,
3398 3979 3490 4049 qui
3537 3995 3636 4034 vos

2044 4082 2357 4155 conterent,
2401 4087 2699 4160 quominus
2747 4077 3140 4153 ingrediamini
3194 4077 3248 4129 in
3285 4071 3530 4133 Emalh,
3581 4078 3637 4129 et

2046 4201 2223 4255 usque
2266 4185 2332 4238 ad
2377 4178 2684 4236 occidentis
2734 4181 3057 4230 torrentem.
3096 4187 3116 4221 ι
3186 4167 3349 4237 126
3395 4163 3477 4218 Ob
3533 4162 3637 4219 has

2043 4252 2177 4349 ergo
2220 4273 2584 4345 cogitationes
2630 4274 2866 4330 vestras,
2911 4260 3158 4320 omnium
3196 4262 3468 4328 quotquot
3513 4252 3637 4306 ubi-.

2046 4346 2155 4440 que
2188 4372 2319 4421 sunt
2365 4359 2675 4433 potentium
2709 4356 3003 4417 Dominus,
3032 4353 3225 4407 hostes
3256 4349 3415 4404 vobis
3457 4346 3639 4402 susciq

2047 4439 2206 4523 tabit,
2240 4457 2333 4528 qui
2367 4454 2663 4509 maximam
2704 4448 2863 4503 vobis
2890 4446 3158 4500 malorum
3189 4443 3297 4497 vim
3337 4439 3636 4503 adducent,

331 4531 572 4632 πεῖραν,
602 4531 681 4621 ῶς
708 4531 820 4612 ἀπδ
867 4531 1049 4628 Ᾱίμὰθ
1079 4556 1261 4627 (λέγει
1293 4555 1351 4609 δὲ
1384 4557 1550 4610 τόπον
1594 4556 1759 4629 ὁρίων
1801 4531 1932 4627 πρό-

2045 4553 2120 4606 ita
2158 4556 2215 4603 ut
2264 4549 2334 4602 ab
2380 4542 2605 4600 Emath
2641 4539 2802 4612 (dicit
2831 4545 3016 4592 autem
3068 4535 3250 4590 locum
3289 4531 3637 4589 lerminalent

328 4657 604 4726 κείμενον
630 4653 741 4706 τῶν
766 4653 951 4716 αὐτοῖς
972 4651 1393 4724 προσηκόντων)
1416 4652 1545 4723 ἄχρι
1568 4651 1805 4722 πέρατος
1834 4649 1944 4703 τῶν

330 4750 514 4821 ὁρίων
546 4746 704 4818 ὑμῶν
732 4746 979 4810 ἅπαντας
1010 4747 1292 4817 περισχεῖν
1315 4744 1377 4798 τὸ
1408 4744 1598 4799 κακόν·
1631 4744 1781 4811 λέγει
1810 4740 1943 4812 γοῦν

332 4846 397 4895 ἐν
452 4843 581 4903 ταῖς
624 4838 936 4902 Βασιλείαις
971 4837 1101 4907 περὶ
1155 4834 1437 4907 Ἰεροϐοᾶιμ
1465 4836 1560 4888 τοῦ
1614 4835 1803 4900 Ἰωὰς,
1849 4834 1937 4903 ἐφ’

333 4927 519 5004 οὗπερ
554 4930 652 4983 καὶ
682 4929 711 4983 ὁ
743 4931 1033 4999 προφήτης
1066 4927 1290 4995 γέγονεν
1319 4918 1477 4989 οὗτος
1522 4925 1714 4989 αὑτός·
1752 4945 1770 4977 ι
1815 4925 1944 4978 Ἀπ-

330 5025 691 5093 εκατέστησε
720 5023 785 5077 τὸ
815 5024 965 5094 ὃριον
1006 5019 1223 5092 Ἰσραὴλ
1256 5019 1364 5073 ἀπὸ
1388 5018 1596 5073 εἰσόδου
1629 5017 1810 5088 Αἰμὰθ
1835 5018 1942 5082 ἕως

328 5121 443 5189 τῆς
493 5117 778 5188 θαλάσσης
806 5114 911 5184 τῆς
960 5114 1097 5187 πρὸς
1130 5114 1388 5184 ἑσπέραν.
1418 5131 1436 5163 ι
1487 5112 1574 5174 Ὠς
1619 5110 1777 5182 δῆλον
1806 5108 1945 5164 εἶναι

330 5217 424 5268 ὅτι
457 5211 677 5283 πέρατα
700 5209 811 5263 τῶν
850 5205 1263 5280 Ἰσραηλιτικῶν
1289 5205 1454 5274 ὁρίων
1483 5200 1551 5276 ἦν
1585 5204 1653 5257 τὰ
1679 5206 1799 5268 ταῖς
1829 5203 1947 5256 ὀνο-

335 5304 580 5377 μασίαις
624 5300 938 5373 δηλούμενα
981 5296 1245 5361 ταύταις’·
1287 5296 1538 5369 βούλεται
1584 5296 1693 5368 γὰρ
1736 5296 1945 5361 εἰπεῖν,

328 5402 423 5452 ὅτι
480 5394 729 5450 Ἐκεῖθεν
762 5392 1071 5465 ἀρξάμενον
1103 5390 1165 5444 τὸ
1202 5389 1372 5443 κακὸν
1416 5387 1624 5450 πάντας
1670 5387 1813 5458 ὑμᾶς
1846 5389 1945 5438 ἐπ·

328 5487 653 5548 ελεύσεται,
684 5486 764 5550 ὡς
793 5484 1024 5557 μηδενὸς
1053 5481 1375 5553 δυνηθέντος
1402 5479 1511 5532 τῶν
1545 5478 1820 5548 πολεμίων
1847 5476 1947 5541 τὰς

330 5583 538 5650 χεῖρας
570 5577 883 5647 διαφυγεῖν,
907 5573 968 5640 ἐξ
990 5573 1171 5627 αὐτῶν
1195 5573 1303 5627 τῶν
1328 5570 1670 5643 πραγμάτων
1693 5568 1945 5639 αἴσθησιν

329 5671 490 5743 ὑμᾶς
516 5668 711 5725 λαϐεῖν
731 5710 748 5736 ,
780 5669 865 5723 ὅτι
904 5665 1031 5721 οὔτε
1062 5664 1330 5737 πρότερόν
1362 5680 1416 5717 τι
1450 5660 1590 5717 κατὰ
1636 5661 1743 5717 τῶν
1782 5661 1942 5715 1:03.:—

412 5849 464 5891 ⁸⁸
511 5865 564 5904 tv
607 5846 742 5925 Reg.
812 5865 929 5913 xw,
987 5848 1078 5909 εἰεί,

2043 4641 2290 4698 ﬁnitimis
2335 4638 2553 4692 illorum
2599 4628 2902 4702 objectum)
2953 4624 3249 4702 usquead
3306 4622 3496 4676 {inium
3542 4636 3638 4699 ve-

2041 4746 2280 4793 strorum
2325 4728 2752 4787 extremitatem,
2802 4721 3132 4777 universalis
3170 4716 3355 4773 futura
3386 4716 3458 4770 sit
3489 4714 3639 4769 calas

2049 4828 2236 4885 mitas.
2276 4823 2418 4893 Ergo
2466 4818 2714 4890 loquitur
2741 4814 2847 4870 sub
2891 4812 3080 4882 regnis
3122 4807 3437 4865 Jeroboami
3471 4804 3639 4861 Joaso

2050 4919 2244 4994 geniti,
2272 4916 2431 4984 cujus
2470 4926 2668 4982 reapse
2693 4916 2855 4964 aetate
2890 4905 2983 4960 hic
3022 4905 3140 4974 ipse
3168 4899 3434 4972 propheta
3468 4896 3635 4961 vixit;

2056 4989 2075 5066 ξ
2112 5006 2412 5065 Constituit
2441 5003 2825 5077 (Jeroboamus
2850 4996 2998 5053 Joasi
3037 4994 3205 5061 ﬁlius)
3244 4993 3382 5047 lines
3416 4989 3638 5043 lsraelis

2051 5104 2122 5159 ab
2151 5099 2380 5157 introitu
2406 5093 2651 5158 Ailmath,
2674 5105 2847 5160 usque
2875 5088 2942 5143 ad
2966 5101 3120 5141 mare
3153 5081 3493 5138 occidentale
3513 5079 3582 5142 ⁵⁵,
3615 5095 3634 5131 ι

2054 5198 2130 5252 ita
2181 5201 2242 5249 ut
2300 5195 2516 5248 constet
2569 5187 2705 5241 lines
2756 5180 3089 5238 Israeliticos
3124 5176 3338 5238 fuisse,
3394 5171 3488 5241 qui
3548 5170 3638 5224 bis

2054 5286 2371 5345 nominibus
2426 5281 2779 5336 denotantur.
2830 5272 3024 5327 Dicere
3068 5275 3249 5322 autem
3307 5263 3447 5324 vult,
3497 5261 3642 5314 mala

2058 5382 2214 5436 illinc
2243 5375 2407 5432 initio
2436 5372 2629 5432 ducto,
2655 5384 2754 5422 vos
2791 5377 3012 5435 quoque
3057 5371 3250 5412 omnes
3292 5359 3640 5421 eorreptura.

2060 5474 2189 5543 quia
2227 5481 2390 5524 nemo
2426 5462 2669 5517 hostium
2701 5470 2899 5511 manus
2933 5449 3170 5505 evadere
3209 5444 3429 5515 poterit.
3459 5444 3643 5511 Atque

2057 5533 2184 5619 hinc
2214 5576 2281 5615 ex
2320 5557 2485 5612 rebus
2526 5551 2663 5621 ipsis
2695 5540 3071 5615 cognoscetis,
3106 5551 3177 5592 ne
3202 5533 3486 5607 praeterito
3515 5533 3648 5601 qui-

2050 5657 2173 5714 dem
2212 5662 2459 5720 tempore
2493 5640 2794 5715 quidquam
2829 5649 2952 5703 vos,
2996 5632 3208 5706 absque
3251 5625 3347 5685 Dei
3377 5623 3646 5699 potentia,
