4102 6456
539 342 641 398 9.37

1726 368 2074 427 TilEOll021l
2113 374 2595 434 υυιτδυιέδτεκι

3689 402 3792 457 9.83

3691 437 3748 456 αὶ.

537 461 799 520 adversus
834 467 1021 525 hostes
1056 472 1313 530 valuisse.
1346 476 1486 535 Ecce
1521 483 1665 537 enim
1694 502 1861 550 nunc,
1893 490 2081 545 subtra

537 560 625 580 ΔίΛ
671 555 814 580 illi..-
851 562 1043 580 ---.4!l!_
1112 565 1123 575 ι
1202 576 1211 580 -
1302 577 1310 580 -
1487 573 1497 580 .

2220 472 2357 563 μίων
2384 495 2505 565 δίχα
2530 498 2631 568 τῆς
2660 498 2809 565 θείας
2843 505 3097 575 ἰσχύσατε
3131 511 3331 580 ῥοπῆς·
3364 511 3457 565 καὶ
3487 512 3583 568 νῦν
3613 516 3670 567 ὲν
3704 533 3792 567 ἰο-

536 560 627 608 cto
670 555 815 610 illius
847 562 1074 627 auxilio,
1112 565 1165 618 in
1201 576 1351 622 tanta
1394 573 1660 629 malorum
1701 594 1952 646 pressura
1991 601 2114 638 ver-

533 645 753 700 sauiini.
792 647 889 704 llic
922 653 1200 710 subnectit
1234 661 1498 730 propheta
1530 669 1919 726 revelationem
1948 691 2111 745 quam

532 732 689 803 vidit,
727 739 793 794 ad
825 741 1100 801 dictorum
1140 764 1369 806 suorum
1403 756 1898 818 conﬁrmationem.

1163 944 1315 1004 CAP.
1361 949 1471 1010 Vll.

606 1083 772 1141 Vens.
807 1089 997 1145 l-5.—-
1024 1115 1043 1147 ι
1067 1095 1191 1154 llaec
1220 1108 1459 1162 ostendit
1490 1112 1619 1167 mihi
1648 1114 1908 1177 Dominus
1942 1123 2104 1183 Deus.

534 1171 597 1222 l‘lt
616 1186 743 1228 erce
777 1176 914 1236 lctus
938 1182 1292 1256 locustarum,
1324 1203 1378 1249 et
1402 1212 1530 1254 cccc
1551 1202 1790 1262 bruchus
1817 1215 2107 1288 unus,Gog

534 1275 623 1288 ιη...-
692 1264 746 1288 ι’·
781 1271 874 1288 ι-ἓι
955 1273 966 1284 ⁵
1176 1281 1186 1288 “
1325 1286 1332 1288 ’

1904 1264 1979 1279 η,
2000 1264 2030 1269 ,
2045 1264 2105 1288 -.υ

534 1275 650 1316 rex.
691 1264 751 1316 Et
774 1271 897 1331 erit.
922 1273 966 1326 si
1012 1281 1362 1347 compleverit
1395 1304 1586 1346 vorare
1616 1295 1796 1352 fenum
1830 1312 2004 1359 terrae.
2042 1307 2107 1361 Et

532 1349 675 1404 dixi:
701 1355 941 1424 Domine,
968 1362 1207 1433 Domine,
1229 1376 1490 1443 prepitius
1511 1391 1646 1438 esto.
1670 1385 1802 1451 Quis
1820 1395 2105 1451 suscitabit

530 1441 791 1499 Jacobum
810 1449 1093 1519 ?quoniam
1114 1463 1357 1519 modicus
1376 1480 1474 1523 est.
1494 1469 1840 1544 Pmuiteatte,
1860 1481 2101 1551 Domine,

532 1550 697 1604 super
720 1538 820 1594 hoc
849 1559 860 1592 :
887 1544 1001 1601 Non
1033 1552 1156 1615 erit,
1189 1555 1326 1611 dixit
1354 1560 1614 1623 Dominus
1643 1570 1804 1630 Deus.
1840 1595 1860 1629 ι
1890 1576 2103 1638 Vidisse

532 1639 589 1677 se
622 1627 694 1680 ait
727 1631 1057 1692 locustarum
1087 1642 1526 1723 bruehorumque
1556 1662 1958 1724 multitudinem
1998 1692 2009 1725 :
2048 1660 2101 1728 et

530 1714 635 1769 illze
672 1720 886 1786 quidem
924 1727 1202 1798 Assyrios,
1252 1737 1306 1791 hi
1346 1714 1475 1799 vero
1519 1745 1843 1821 Babylonios
1872 1758 2100 1815 denota-

528 1805 680 1872 bant,
724 1813 848 1880 quia
881 1822 1088 1873 venturi
1131 1838 1309 1894 erant,
1356 1841 1412 1886 et
1458 1841 1640 1894 omnia
1682 1848 1837 1912 quasi
1875 1849 2100 1908 locusta:
2134 1837 2173 1890 Β

527 1908 582 1951 et
609 1900 798 1956 bruchi
839 1917 1242 1981 consmnpturi.
1284 1919 1389 1974 Sed
1420 1941 1540 1980 cum
1572 1931 1703 1998 vidi,
1736 1936 1935 2006 inquit,
1966 1945 2099 1997 mulo

530 1990 815 2049 titudinem
864 2001 1022 2055 talem
1071 2008 1219 2061 omni
1267 2020 1425 2068 terra:
1471 2017 1671 2076 fructui
1703 2030 1964 2084 vastando
1999 2049 2097 2102 pa-

525 2093 675 2149 rem;
718 2088 1030 2156 procidens,
1063 2095 1261 2166 inquit,
1293 2106 1507 2160 veniam
1555 2116 1823 2179 postulavi
1854 2124 2097 2189 peccatis

530 2170 563 2189 Ω
584 2172 686 2189 Δ-
826 2187 833 2189 λ
877 2179 888 2189 ⁸
987 2183 998 2189 “
1072 2185 1082 2189 ⁸

1555 2170 1568 2179 _
1788 2170 1791 2171 ν
1854 2170 1915 2189 τ-
1941 2170 2096 2180 .-η--

529 2170 686 2240 127
717 2179 922 2234 nostris
968 2183 1108 2247 dari,
1144 2203 1376 2247 cernens
1406 2199 1737 2264 perditarum
1770 2223 1951 2265 rerum
1995 2229 2096 2268 nu-

526 2267 920 2333 merositatem,
954 2284 1007 2327 ct
1052 2285 1409 2347 superstitum
1445 2295 1791 2357 paucitatem.
1829 2303 1943 2356 lmo
1969 2320 2094 2361 vero

523 2350 591 2406 de
627 2356 982 2425 reliquiarum
1009 2382 1226 2440 quoque
1256 2375 1537 2446 desperavi
1571 2387 1768 2452 salute,
1811 2393 1916 2447 nisi
1949 2393 2092 2453 Deus

521 2448 763 2510 peccatis
809 2455 1015 2509 nostris
1052 2462 1403 2530 propitiatus,
1451 2486 1560 2525 rem
1599 2475 1651 2527 in
1702 2481 1895 2537 melius
1939 2500 2091 2540 com-

522 2543 775 2592 mutaret.
823 2539 1206 2606 Verumtamen
1254 2570 1363 2609 non
1412 2560 1634 2618 admisit
1680 2583 1893 2635 precem
1949 2575 2090 2635 hanc

522 2621 684 2689 Deus,
735 2633 862 2699 quia
898 2638 1160 2706 majorem
1218 2657 1567 2713 peccatorum
1621 2667 1937 2719 nostrorum
1990 2684 2093 2723 nu-

520 2730 729 2771 merum
763 2723 1116 2795 existimavit,
1152 2750 1315 2802 quam
1365 2749 1424 2794 ut
1456 2744 1886 2806 misericordiam
1930 2758 2090 2813 vellet

516 2806 810 2877 impertiri.
844 2814 963 2871 Jam
1000 2836 1159 2877 nemo
1210 2828 1439 2885 miretur
1466 2836 1610 2903 quod
1657 2840 1862 2911 tiogum
1908 2862 2088 2918 regem

518 2914 778 2957 ini-meret
815 2922 827 2956 :
862 2911 1061 2964 etenim
1095 2922 1149 2967 et
1190 2926 1347 2974 antea
1382 2923 1648 2996 Assyriis,
1697 2941 1751 2985 et
1781 2933 2089 3007 Babyloniis

517 2999 726 3057 postea,
770 2996 924 3050 multi
950 3000 1016 3054 de
1045 3001 1320 3074 Scythicis
1349 3027 1569 3083 quoque
1601 3024 1818 3089 populis
1856 2996 2088 3085 auxilia-

516 3093 605 3131 res
660 3082 784 3139 belli
836 3099 1009 3157 erant,
1060 3109 1292 3163 quorum
1360 3118 1453 3158 rex
1496 3117 1612 3162 erat
1664 3110 1704 3165 (ἶ

1747 3166 1880 3185 νη,
1933 3166 2085 3190 --δη

517 3166 647 3224 facit
700 3178 1029 3235 mentionem
1083 3201 1191 3241 non
1251 3197 1511 3262 tauquam
1577 3200 1700 3255 belli
1756 3206 1933 3273 ducis,
1991 3215 2085 3269 sed

508 3267 773 3330 tanquam
830 3277 1214 3339 regnatoribus
1246 3286 1529 3353 suppetias
1571 3289 1815 3352 ferentis.
1868 3299 2086 3360 Scimus

513 3358 694 3419 autem
758 3356 1041 3431 Assyrium
1101 3370 1277 3439 prius,
1341 3384 1395 3430 et
1448 3379 1642 3439 deinde
1703 3356 2082 3462 Babylonium,

512 3445 697 3501 multis
759 3449 1119 3521 imperavisse
1190 3469 1411 3536 populis
1454 3489 1466 3525 :
1508 3490 1649 3543 quos
1718 3495 1907 3539 omnes
1958 3501 2083 3543 cum

510 3538 745 3606 satrapis
776 3543 891 3599 suis
928 3562 1023 3603 seu
1057 3554 1224 3623 regiis
1258 3560 1620 3631 praefecturis,
1657 3583 1767 3625 non
1796 3580 1880 3628 est
1915 3575 2091 3634 incre-

511 3625 677 3685 dibile
702 3633 844 3690 bello
870 3640 1050 3698 socios
1081 3644 1420 3709 interfuisse.
1454 3656 1632 3713 Aliam
1673 3677 1868 3722 rursus
1895 3672 2086 3724 reeitat

508 3717 710 3776 abhinc
743 3729 1160 3792 revelationem:

2221 585 2390 657 σαύτῃ
2438 589 2602 661 πείρᾳ
2645 594 2943 666 κατέστητε
2981 600 3201 666 κακῶν,
3250 603 3436 673 ἐπειδὴ
3487 606 3588 675 τῆς
3624 608 3791 662 αὑτοῦ

2219 674 2470 745 βοηθείας
2491 680 2595 745 ἔξω
2613 686 2892 751 γεγόνατε·
2910 689 3118 754 τούτοις
3134 694 3466 765 ἀποκάλυψιν
3492 700 3788 771 προστίθη-

2216 780 2299 818 σιν
2322 768 2388 836 ἣν
2414 763 2554 823 εἶδεν
2579 774 2607 825 6
2628 778 2907 848 προφήτης
2924 781 3003 844 εἰς
3028 780 3315 851 βεϐαίωσιν
3331 763 3441 843 τῶν
3461 763 3786 864 εἰρημένων.

2857 994 3012 1050 ΚΕΦ.
3050 1000 3123 1052 Z’.

2284 1132 2431 1203 Στίχ.
2465 1143 2607 1206 α’-γ’.
2632 1169 2702 1180 -
2722 1140 2797 1211 (p.
2830 1144 2953 1217 192)
2983 1165 3001 1197 ι
3031 1147 3217 1214 Οὕτως
3245 1152 3413 1221 ἔδειξὲ
3439 1175 3526 1227 μοι
3548 1158 3763 1231 Κύριος

2210 1223 2304 1275 καὶ
2337 1224 2444 1278 ἰδοὺ
2476 1228 2700 1302 ἐπιγονὴ
2730 1234 2966 1304 ἀκρίδων
2997 1240 3266 1313 ἐρχομένη
3299 1223 3516 1318 ἑωθινὴ,
3544 1223 3644 1303 καί
3668 1223 3772 1310 ἰδοί

2210 1315 2436 1387 βροῦχος
2464 1315 2562 1383 εἷς,
2599 1323 2720 1393 Γὼγ
2747 1327 2775 1377 6
2806 1326 3058 1395 βασιλεύς
3082 1348 3094 1361 ·
3129 1335 3222 1387 καὶ
3252 1336 3422 1403 ἔσται,
3458 1340 3552 1393 ὲάν
3586 1360 3775 1397 συντε⁴

2206 1407 2338 1479 λέσῃ
2370 1409 2464 1462 τοῦ
2493 1417 2684 1482 φαγεῖν
2713 1417 2802 1469 τὸν
2832 1420 3023 1489 χόρτον
3051 1424 3147 1493 τῆς
3183 1426 3305 1495 γῆς’
3334 1431 3427 1482 καὶ
3457 1427 3608 1485 εἶπον
3626 1451 3641 1462 ⁵
3672 1436 3779 1488 Κύ-

2207 1517 2310 1570 ριε,
2345 1502 2533 1571 Κύριε,
2567 1505 2724 1571 ἵλεως
2749 1509 2908 1576 γενοῦ
2930 1528 2943 1541 ·
2974 1513 3057 1576 τίς
3096 1515 3386 1589 ἀναστήσει
3413 1521 3503 1574 τὸν
3557 1523 3774 1593 Ἰακὼϐ,

2203 1591 2284 1644 ὅτι
2309 1593 2583 1662 ὀλιγοστὸς
2623 1600 2773 1665 ἐστις
2823 1605 3171 1675 μετανόησον,
3217 1609 3420 1680 Κύριε,
3459 1614 3548 1666 ἐπὶ
3578 1591 3773 1687 τούτῳ,

2203 1684 2313 1736 Καὶ.
2337 1686 2494 1739 τοῦτο
2523 1688 2582 1740 οὐ
2619 1688 2692 1759 μὴ
2717 1691 2945 1759 γένοιτο,
2977 1695 3122 1765 λέγει
3155 1698 3376 1769 Κύριος.
3420 1722 3437 1754 ι
3472 1684 3774 1763 Τεθεᾶσοαι

2202 1773 2310 1845 γάρ
2349 1776 2583 1847 ἀκρίδων
2623 1797 2683 1832 τε
2727 1783 2821 1835 καὶ
2854 1784 3098 1857 βρούχων
3142 1789 3288 1858 λέγει
3337 1794 3570 1865 πλῆθος,
3604 1791 3678 1851 ὧν
3710 1800 3773 1853 τὸ

2205 1866 2301 1933 μὲν
2330 1867 2420 1919 τὸν
2454 1869 2766 1941 Ἀσσύριον,
2793 1874 2853 1927 τὸ
2882 1875 2938 1929 δὲ
2965 1879 3054 1930 τὸν
3095 1881 3430 1936 Βαϐυλώνιον
3457 1887 3664 1956 ἐδήλου,
3697 1891 3770 1953 ὡς

2200 1955 2266 2009 ἂν
2294 1959 2737 2032 ὲπελευσομένων
2757 1983 2817 2019 τε
2847 1970 2939 2021 καὶ
2965 1971 3331 2039 ἀφανιούντων
3355 1979 3587 2043 ἅπαντα,
3616 1983 3773 2055 ἀκρί-

2196 2045 2286 2110 δος
2303 2065 2361 2100 τε
2394 2051 2485 2103 καὶ
2520 2050 2748 2125 βρούχου
2779 2057 2965 2127 δίκην·
3018 2062 3157 2117 Ἀλλ’
3188 2066 3263 2130 ὡς
3301 2063 3456 2136 εἶδον,
3507 2073 3658 2142 φησὶ,
3691 2045 3771 2129 ’τὸ

2198 2134 2400 2207 πλῆθος
2429 2138 2702 2212 αὔταρκες
2726 2143 2785 2197 δν
2812 2145 3025 2203 ἅπαντα
3052 2153 3311 2220 ἀφανίσαι
3339 2157 3428 2210 τὸν
3454 2161 3518 2213 ἐκ
3548 2161 3645 2230 τῆς
3665 2166 3770 2234 γῆς

2196 2226 2573 2299 ἀναδιδόμενον
2597 2234 2825 2304 καρπὸν,
2852 2242 3196 2309 προσπεσὼν,
3224 2262 3297 2316 φη
3310 2248 3407 2311 δὶν,
3439 2226 3614 2321 ᾔτησα
3639 2226 3768 2322 συγ-

2195 2317 2421 2389 γνώμην
2442 2320 2659 2392 δοθῆναι
2678 2330 2790 2390 τοῖς
2814 2331 3116 2401 πταίσμασι
3145 2340 3258 2399 τοῖς
3286 2317 3595 2410 ἡμετέροις,
3625 2344 3768 2414 ὀρῶν

2199 2407 2295 2475 μὲν
2327 2410 2435 2462 τῶν
2465 2412 2814 2485 ἀπολομένων
2847 2420 2907 2472 τὸ
2935 2421 3140 2491 πλῆθος
3161 2464 3173 2487 ,
3214 2427 3356 2496 ὁρῶν
3384 2428 3439 2481 δὲ
3464 2407 3581 2485 ’τῶν
3614 2407 3769 2504 περι-

2194 2495 2519 2565 λειφθέντων
2570 2503 2669 2574 τὴν
2716 2506 3003 2580 ὀλιγότητα
3031 2528 3043 2542 ·
3112 2495 3430 2573 ἀνέλιτιστον
3476 2522 3531 2574 δὲ
3584 2495 3768 2580 λοιττὸν

2192 2587 2490 2659 ἡγούμενος
2530 2596 2625 2648 καὶ
2667 2597 2776 2651 τῶν
2826 2604 3208 2674 μεμενηκότων
3241 2608 3341 2680 τὴν
3385 2614 3675 2684 σωτηρίαν,
3715 2620 3767 2671 εἰ

2195 2677 2270 2749 μὴ
2294 2679 2425 2744 Θεὸς
2453 2683 2607 2748 ἵλεως
2632 2692 2745 2752 τοῖς
2770 2690 3131 2764 ἁμαρτήμασι
3166 2677 3404 2768 γεγονὼς
3436 2677 3548 2767 tot;
3567 2677 3768 2776 ἡμετέ-

2196 2786 2329 2840 ροις,
2357 2773 2448 2826 ἐπὶ
2480 2774 2539 2825 τὸ
2573 2780 2815 2847 κρεῖττον
2860 2785 3155 2852 μεταϐάλοι
3192 2791 3260 2842 τά
3295 2773 3628 2863 πράγματα-λ
3664 2800 3766 2853 οὐκ

2191 2860 2407 2927 ἐδέξατο
2432 2864 2509 2928 δὲ,
2542 2869 2695 2938 φησὶ,
2726 2871 2822 2942 τὴν
2851 2874 3032 2945 δέησιν
3065 2878 3267 2951 ταύτην
3307 2860 3350 2934 67
3376 2860 3507 2950 Θεδς
3527 2925 3540 2947 ,
3574 2887 3764 2961 ἐπειδὴ

2194 2951 2378 3021 μεῖζον
2414 2954 2638 3027 ἱλασμοῦ
2671 2961 2779 3015 τῶν
2820 2965 3246 3039 ἁμαρτηθέντων
3276 2974 3458 3039 αὐτοῖς
3491 2978 3672 3046 ἠγεῖτο
3702 2951 3764 3032 τί»
3861 2970 3869 2976 ’

2191 3041 2425 3112 πλῆθος
2457 3048 2519 3101 οὐ
2552 3051 2655 3120 χρὴ
2684 3052 2739 3105 δὲ
2770 3053 3073 3126 θαυμάζειν
3100 3063 3149 3114 εί
3179 3060 3299 3117 εἶπε
3321 3108 3333 3131 ,
3376 3087 3393 3119 ι
3592 3074 3619 3124 6
3663 3071 3762 3140 βα-

1712 3128 1880 3185 ogus;
1928 3122 2087 3190 cujus
2118 3161 2159 3217 ο
2195 3133 2391 3198 σιλεὺς,
2431 3155 2450 3188 ›
2493 3141 2680 3213 ἐπειδὴ
2722 3145 2816 3197 καὶ
2859 3122 3161 3221 ’Ἀσσυρίοις
3200 3157 3483 3227 πρότερον,
3524 3161 3618 3213 καὶ
3651 3163 3758 3215 Βα-

2194 3222 2471 3292 ϐυλωνίοις
2524 3233 2644 3301 μετ’
2686 3236 2881 3302 ἐκεῖνο,
2936 3241 3120 3296 πολλοὶ
3176 3247 3291 3300 καὶ.
3320 3248 3428 3301 τῶν
3476 3251 3756 3307 Σκυθικῶν

2192 3314 2362 3371 ἐθνῶν
2392 3321 2759 3393 συνέπραττον
2789 3329 2868 3392 είς
2894 3330 2984 3385 τὸν
3010 3333 3243 3406 πόλεμον
3268 3356 3281 3369 ·
3307 3332 3490 3410 ὧνπερ
3517 3338 3609 3396 οὖν
3634 3345 3762 3398 ἐϐα-

2193 3404 2405 3461 σίλευεν
2430 3412 2459 3463 ὁ
2484 3411 2626 3481 Γὼγ,
2654 3410 2824 3489 οὗπερ
2854 3404 3257 3491 ἐμνημόνευσεν
3284 3428 3380 3497 οὐχ
3505 3431 3762 3501 ἄρχοντος

2189 3495 2287 3549 τοῦ
2330 3500 2565 3571 πολέμου
2607 3506 2727 3559 τότε
2750 3550 2763 3569 ,
2822 3511 2935 3562 ἀλλ’
2976 3513 3051 3576 ὡς
3102 3517 3217 3578 τοῖς
3263 3518 3488 3588 ἄρχουσι
3542 3538 3762 3592 συμμα-

2184 3586 2407 3657 χοῦντος
2427 3608 2439 3620 ·
2470 3594 2532 3646 οὐ
2562 3595 2671 3666 γὰρ
2714 3599 2906 3669 ἄδηλον
2943 3604 3025 3656 Ξτι
3058 3606 3152 3658 καὶ
3183 3609 3211 3659 6
3250 3586 3531 3682 ’Ᾱσσύριος
3563 3586 3759 3683 πρδτε-

2187 3694 2277 3748 ρον
2306 3680 2474 3736 ὲθνῶν
2501 3685 2710 3742 πολλῶν
2728 3691 2967 3761 ὲκράτει,
2996 3694 3068 3764 (p.
3100 3696 3335 3762 195)κα“ι
3361 3680 3477 3771 μετ’
3502 3680 3705 3757 ἐκείνου
3728 3707 3759 3758 6

2182 3768 2553 3840 Βαϐυλώνιοςο
2588 3776 2681 3842 οὓς
2714 3778 2961 3846 ἅπαντας
2996 3785 3135 3854 μετά
3175 3788 3284 3841 τῶν
3309 3768 3602 3862 σατραπῶν
3642 3796 3753 3850 τῶν

2182 3806 2521 3840 υυινυηψνιυε,
2588 3806 2678 3842 au;
2714 3806 2961 3846 απαντας
2996 3806 3135 3854 μετα
3175 3806 3284 3841 των
3309 3806 3602 3862 σατραπῶν
3642 3806 3703 3848 τά

508 3806 745 3877 οίκείων,
770 3817 870 3869 εἴτ’
898 3818 991 3875 οὖν
1012 3824 1319 3898 βασιλειῶν,
1347 3837 1446 3891 οὐκ
1469 3840 1697 3909 ἀπεικὸς
1723 3841 1792 3917 ἦν
1820 3848 1913 3905 καὶ
1945 3857 2203 3925 παρεῖναι
2234 3863 2328 3917 καὶ
2355 3868 2730 3938 συμπράττειν
2769 3873 2967 3940 αὐτοὺς
2996 3876 3076 3948 τῷ
3109 3878 3352 3953 πολέμῳ.
3387 3880 3519 3938 Εἶτα
3541 3887 3703 3942 πάλιν

508 3902 699 3953 ὲτὲοαν
737 3909 1077 3953 (li-nmmum“
1116 3922 1297 3953 πλη-..

505 3902 699 3975 ἑτέραν
737 3909 1077 3987 ἀποκάλυψιν
1116 3922 1297 3993 λέγει’

579 3994 744 4055 Vens.
778 4002 895 4059 4-9.
920 4035 991 4047 -—
1012 4029 1031 4061 ι
1070 4011 1161 4069 Sic
1185 4022 1425 4076 ostendit
1456 4027 1588 4082 mihi
1619 4028 1883 4091 Dominus
1917 4036 2079 4097 Deus.

506 4083 573 4139 Et
600 4104 729 4145 ecce
761 4100 978 4153 voeavit
1013 4102 1281 4172 judicium
1323 4112 1375 4167 in
1404 4114 1530 4186 igne
1567 4118 1862 4194 Dominus;
1899 4137 1954 4184 et
1987 4132 2084 4189 de-

506 4178 719 4233 voravit
745 4182 1003 4254 abyssum
1052 4196 1315 4266 multam;
1347 4211 1400 4258 et
1430 4178 1714 4266 devoravit
1744 4178 1972 4284 partem.
2019 4221 2083 4277 Et

503 4266 616 4321 dixi
646 4285 660 4323 :
696 4269 941 4345 Domine,
980 4281 1168 4342 desine
1189 4292 1370 4348 modo.
1405 4295 1538 4363 Quis
1577 4306 1865 4362 suscitabit
1887 4309 2076 4379 Jacob,

1416 4358 1448 4363 ,ν
1658 4358 1663 4359 γ
1714 4358 1717 4359 ν
1762 4358 1865 4362 ά-τ-
1888 4358 2070 4379 --υν--ι

503 4358 630 4425 quia
659 4364 904 4425 modicus
926 4375 1048 4429 est?
1069 4376 1337 4438 Pmniteat
1363 4394 1434 4454 te,
1467 4389 1715 4460 Domine,
1743 4414 1909 4468 super
1937 4403 2070 4460 hoc!

512 4447 534 4468 Δ
553 4455 564 4468 ι
595 4448 618 4468 Ι.
638 4464 654 4468 Α
678 4466 688 4468 ε
908 4459 932 4468 ⁴“
1081 4466 1109 4468 ““

500 4447 570 4499 At
594 4448 693 4504 hoc
738 4469 848 4510 non
901 4459 1011 4527 lict,
1060 4466 1194 4521 dicit
1235 4470 1498 4533 Dominus
1551 4480 1710 4539 Deus.
1741 4504 1760 4539 ι
1798 4447 1941 4553 Vidi,
1989 4493 2074 4548 in-

501 4538 641 4605 quit,
704 4558 898 4604 rursus
945 4550 1112 4609 Deum
1168 4575 1447 4620 vocantem
1492 4570 1782 4640 judicium,
1835 4596 1943 4649 quo
1988 4599 2077 4640 res

503 4626 663 4649 ._A_.,
839 4638 850 4649 .
915 4641 949 4649 ..

1492 4626 1510 4638 υ
1650 4626 1659 4627 ί
1692 4626 1782 4640 ντ--τ
1836 4626 1939 4649 Ί“¹“’
1988 4626 2077 4640 ’νυ

501 4626 782 4688 hominum
831 4638 1081 4707 judicare
1132 4652 1271 4705 solet
1307 4674 1318 4707 :
1354 4673 1591 4731 namque
1639 4665 1832 4723 horum
1892 4677 2077 4730 omnia

502 4734 689 4777 severe
721 4735 773 4779 et
806 4733 974 4787 multa
1008 4751 1131 4791 cum
1162 4741 1516 4812 inquisitione
1550 4760 1832 4814 scrutandi
1867 4778 1986 4821 mos
2027 4767 2076 4822 ei

499 4819 606 4865 est.
651 4814 818 4873 Porro
865 4822 918 4875 in
962 4826 1085 4897 igne
1133 4837 1364 4903 vocavit,
1395 4844 1522 4910 quia
1571 4848 1661 4900 tali
1710 4865 1870 4918 pmua
1915 4855 2076 4927 digna

501 4902 639 4927 tu..-
698 4925 711 4927 -
759 4912 769 4923 '
810 4915 846 4927 ι·
981 4920 1011 4927 ’ν
1082 4922 1107 4927 ”“

1354 4902 1357 4903 ν
1412 4902 1427 4910 ,
1710 4902 1870 4918 ,ηπ
1918 4902 2076 4927 won-

501 4902 646 4961 facta
688 4912 1039 4974 existimavit.
1072 4922 1191 4989 Quo
1242 4929 1365 5000 igne
1419 4934 1786 4996 lsraelitarum
1826 4947 2077 5001 multitu-

497 4996 681 5054 dinem
722 5002 907 5074 (quam
951 5011 1150 5083 abysso
1187 5030 1490 5097 comparat)
1518 5044 1642 5084 cum
1676 5034 1889 5092 absumi
1926 5038 2076 5094 vide-

498 5104 649 5156 rem,
718 5112 911 5156 rursus
970 5106 1293 5179 exclamavi,
1351 5115 1775 5179 deminutionem
1835 5128 2071 5198 aliquam

496 5185 625 5240 ntali
665 5193 970 5257 postulans.
1004 5196 1370 5263 Nihilominus
1406 5208 1549 5268 Deus
1585 5231 1692 5271 non
1731 5221 1938 5275 annuit.
1964 5220 2069 5278 Sed

490 5281 603 5347 jam
668 5291 883 5347 tertiam
932 5311 1151 5368 quoque
1198 5313 1383 5358 narrat
1438 5310 1839 5368 revelationem.
1905 5333 1924 5366 ι
1977 5315 2069 5371 Sic

493 5380 732 5434 ostendit
772 5386 904 5443 mihi
941 5387 1204 5450 Dominus
1249 5414 1261 5450 :
1303 5413 1431 5453 ecce
1471 5401 1553 5456 vir
1577 5412 1731 5460 stans
1757 5422 1921 5475 super
1953 5424 2072 5463 mu-

494 5482 615 5522 rum
666 5474 1094 5552 adamantinum,
1135 5497 1190 5543 et
1242 5490 1295 5543 in
1328 5507 1491 5548 manu
1541 5495 1660 5564 ejus
1704 5499 1947 5557 adamas.
2005 5501 2072 5557 Et

493 5558 627 5615 dicit
678 5562 941 5626 Dominus
982 5576 1046 5629 ad
1084 5593 1169 5633 me
1213 5599 1225 5634 :
1260 5581 1399 5647 Quid
1445 5593 1501 5639 tu
1542 5558 1708 5650 vides,
1759 5590 1964 5645 Amos?
2007 5592 2071 5649 Et

495 5649 606 5706 dixi
637 5672 649 5708 :
683 5655 1039 5721 adamantem.
1081 5668 1244 5741 128
1270 5673 1330 5727 Et
1359 5672 1495 5730 dixit
1536 5676 1795 5736 Dominus
1843 5682 1906 5737 ad
1943 5700 2065 5742 me:

2252 4044 2402 4114 Στίχ.
2445 4045 2575 4100 δ’-θ’.
2609 4077 2678 4088 -
2713 4066 2732 4100 ‹
2768 4050 2954 4117 Οὕτως
2984 4053 3155 4121 ἔδειξε
3188 4075 3277 4129 μοι
3310 4060 3513 4132 Κύριος
3542 4064 3572 4116 ὁ
3596 4064 3753 4133 Θεός⁸

2179 4137 2273 4188 καὶ
2315 4136 2423 4190 ἰδοὺ
2470 4137 2730 4195 ἐκάλεσεν
2776 4142 2873 4214 τὴν
2919 4145 3075 4217 δίκην
3111 4149 3338 4222 Emungi.
3378 4154 3615 4227 Κύριος,
3658 4160 3755 4213 καὶ

2176 4225 2454 4294 κατέφαγε
2505 4228 2604 4299 τὴν
2652 4230 2888 4285 ἄϐυσσον
2937 4236 3038 4307 τὴν
3084 4238 3317 4312 πολλὴν,
3350 4245 3447 4297 καὶ
3470 4225 3753 4319 κατέφαγε

2175 4317 2276 4388 τὴν
2306 4319 2497 4389 μερίδα
2516 4336 2529 4351 '
2563 4322 2659 4375 καὶ
2685 4319 2859 4377 εἷπον·
2893 4327 3087 4400 Κύριε,
3113 4332 3351 4388 κόπασον
3380 4335 3443 4407 δή
3465 4354 3480 4368 ·
3505 4340 3588 4402 τίς
3620 4317 3752 4395 ἀνα-

2107 4444 2153 4502 D
2183 4409 2369 4475 στήσει
2400 4410 2491 4463 τὸν
2536 4411 2730 4466 Ἰακὼϐ
2763 4416 2845 4467 ὅτι
2886 4416 3160 4487 ὀλιγοστός
3193 4424 3339 4490 ἐστι;
3389 4430 3748 4501 μετανόησον,

2179 4497 2352 4570 Κύριε
2369 4540 2382 4565 ,
2409 4501 2502 4554 ἐπὶ
2523 4502 2719 4573 τούτῳ.
2741 4536 2810 4547 -
2840 4511 2951 4563 Καὶ
2979 4510 3137 4565 τοῦτο
3166 4514 3226 4566 οὐ
3248 4515 3322 4587 μὴ
3343 4518 3586 4590 γένηται,
3606 4497 3750 4592 λέγει

2176 4589 2381 4661 Κύριος
2414 4594 2441 4644 6
2472 4593 2622 4657 Θεὸς.
2666 4614 2684 4647 ι
2740 4598 3083 4671 Ἐθεασάμην
3110 4603 3239 4676 γὰρ,
3271 4609 3432 4676 φησι,
3462 4589 3629 4664 νπάλιν
3660 4589 3752 4666 τὸν

2175 4680 2328 4746 Θεὸν,
2369 4684 2634 4738 καλοῦντα
2677 4689 2777 4756 τὴν
2809 4690 2966 4763 δίκην
3014 4695 3136 4748 καθ’
3185 4698 3251 4769 ἡν
3295 4699 3467 4754 ἆπασι
3508 4703 3750 4770 δικάζειν

2177 4771 2335 4826 εἴωθε
2369 4777 2479 4838 τοῖς
2510 4776 2836 4849 ἀνθρώποις,
2875 4784 3012 4853 μετὰ
3042 4787 3323 4859 ἀκριϐείας
3348 4809 3408 4844 τε
3438 4794 3533 4847 κα)⁸
3566 4795 3751 4862 ἐξετά-

2180 4880 2317 4925 σεως
2364 4865 2564 4937 πολλῆς
2606 4869 2675 4923 τὰ
2726 4873 2844 4925 κατ’
2898 4876 3095 4941 αὐτοὺς
3145 4881 3452 4952 οἰκονομεῖν
3506 4887 3743 4953 εἰωθώς·

2175 4955 2401 5009 ἐκάλεσε
2433 4957 2489 5010 δὲ
2514 4961 2572 5012 ἐν
2593 4962 2747 5033 πυρὶ,
2769 4965 2957 5039 ἐπειδὴ
2984 4970 3241 5043 τοιαύτης
3269 4977 3541 5047 τιμωρίας
3564 4982 3755 5049 ἡγεῖτο

2171 5047 2251 5114 τά,
2274 5051 2671 5120 πεπραγμέναο
2701 5055 2794 5124 ἀφ’
2825 5050 2886 5111 οὗ
2920 5059 3005 5131 δὴ,
3035 5063 3189 5133 φησὶ,
3233 5066 3294 5119 τὸ
3325 5066 3436 5119 τῶν
3477 5047 3738 5142 Ἰσραηλι-

2169 5138 2281 5192 τῶν
2332 5139 2538 5210 πλῆθος
2591 5145 2813 5220 ἀϐύσσῳ
2869 5154 3164 5224 παρεοικδς
3213 5138 3751 5232 καταναλισκδμενον

2173 5228 2317 5294 ίδὼν,
2353 5231 2513 5286 πάλιν
2543 5235 2743 5308 ἐϐόησα
2771 5240 3025 5307 γενέσθαι
3052 5246 3171 5301 τινὰ
3203 5250 3427 5319 μείωσιν
3452 5254 3618 5309 αἰτῶν
3651 5258 3743 5310 τοῦ

2171 5321 2342 5376 κακοῦ
2365 5340 2378 5354 ⁸
2420 5327 2737 5398 ἀπεφήνατο
2760 5321 3059 5389 δὲῒέσεσθαι
3087 5337 3245 5394 τοῦτο
3269 5341 3419 5406 Θεός.
3462 5345 3620 5400 Ἀλλά
3650 5351 3744 5401 καὶ

2167 5414 2357 5487 τρίτην
2401 5418 2743 5491 ἀποκάλυψιν
2783 5424 2965 5494 λέγει’
3012 5447 3030 5479 ι
3065 5428 3250 5495 Οὕτως
3289 5432 3456 5500 ἔδειξε
3500 5453 3589 5506 μοι
3631 5438 3779 5491 litin

2171 5523 2315 5577 pto;'
2348 5510 2441 5563 xui.
2473 5511 2581 5566 ἰδοὺ
2612 5514 2751 5585 ἀνὴρ
2791 5517 3036 5588 ἑστηκὼς
3080 5522 3173 5574 ἐπὶ
3204 5524 3419 5594 τείχους
3445 5527 3742 5597 ἀδαμαντί-

2169 5614 2260 5650 νου
2283 5615 2294 5628 ·
2322 5600 2415 5653 καὶ
2442 5603 2500 5655 ὲν
2523 5606 2587 5673 τῇ
2620 5607 2761 5674 χειρὶ
2788 5608 2952 5661 αὑτοῦ
2982 5611 3196 5682 ἀδάμας
3217 5631 3230 5644 °
3263 5617 3357 5668 καὶ
3386 5615 3507 5670 εἷπε
3536 5619 3740 5688 Κύριος

2172 5689 2304 5758 πρός
2344 5708 2409 5761 με
2430 5710 2440 5721 ·
2462 5693 2525 5745 Τί
2552 5696 2611 5747 σὺ
2638 5698 2767 5767 ὁρᾷς
2788 5741 2800 5761 ,
2832 5700 3022 5769 Apr-3;;
3060 5704 3165 5756 Καὶ
3196 5700 3352 5758 εἶπα·
3411 5709 3733 5780 ’Λίἀμαντω
