4102 6458
558 314 654 367 SQI
1755 311 2107 367 THEODOiil
2139 312 2490 369 MOI’SUES'!
2507 312 2615 365 ΕΜ
3697 316 3804 371 292

560 426 720 494 dens,
755 445 772 479 ι
804 440 925 497 pro,
961 441 995 482 ο
1024 427 1122 498 qui
1152 427 1267 482 haec
1308 427 1552 490 nuntias,
1587 428 1674 481 alii
1697 426 1826 481 hinc
1855 428 1908 481 in
1935 435 2112 482 terran

2240 428 2542 499 προφήτας.
2576 426 2650 491 ὡς
2680 426 2986 499 ἐξαιρέτους
3022 429 3170 493 τινὰς
3193 429 3343 500 ὄψεις
3371 432 3491 485 κατ’
3524 428 3804 501 ὶνέργειαν

558 516 733 582 ludas,
783 533 892 588 qua
927 527 1078 575 certe
1130 521 1185 574 in
1220 521 1445 589 regione
1491 522 1823 575 constabunt
1862 521 1958 574 tibi
2008 537 2112 591 qua

2232 516 2380 569 θείαν
2423 516 2489 569 δι’
2529 517 2921 587 ἀποκαλύψεως
2953 517 3193 588 ὁρῶντας
3245 518 3412 589 (καθά
3453 520 3547 572 καὶ
3589 519 3650 574 ιν
3685 523 3804 583 ταῖς

561 607 699 663 dicis
729 625 744 661 :
771 608 931 663 modo
976 608 1046 663 ab
1079 609 1167 664 his
1219 610 1357 681 locis
1398 610 1655 666 ahsistas.
1693 610 1784 663 ubi
1830 609 2013 664 omnia
2054 610 2112 663 ad

2232 606 2542 670 Βασιλείαις
2581 609 2768 678 φησὶν,
2803 609 2883 661 ὃτι
2918 608 3009 661 τὸν
3055 611 3340 680 προφήτην
3377 609 3561 664 ἐκάλει
3589 611 3619 663 6
3653 609 3802 673 λαὸς,

557 698 839 753 lsraelitici
880 701 1033 771 regni
1075 700 1170 770 jus
1218 701 1523 771 pertinent;
1567 716 1744 769 neque
1777 701 1873 754 tibi
1912 702 1993 757 fas
2037 710 2112 756 est

2235 716 2255 750 ι
2283 698 2587 770 ἔμπροσθεν
2608 701 2636 753 ό
2660 699 2870 769 βλέπων
2895 701 2962 767 ι),
2986 701 3283 772 εἰρωνικῶς
3303 698 3421 755 εἶπε
3447 701 3525 767 τὸ,
3557 718 3577 753 ι
3599 700 3763 771 ὁρῶν,
3779 721 3797 752 ι

558 790 766 845 homini
800 791 869 846 de
911 793 1057 846 tribu
1097 792 1250 847 Judre
1289 793 1379 847 hic
1418 794 1707 855 diversari,
1754 804 1808 849 et
1846 808 1943 863 pro
1974 794 2112 849 libitt

2228 790 2350 844 ἀντί
2371 790 2487 854 τοῦ,
2507 793 2536 845 ό
2557 790 2728 845 ταῦτα
2746 791 3231 864 ἐπαγγελλόμενος.
3258 793 3443 847 Ἄπιθι
3469 793 3533 865 δὴ
3553 792 3802 846 ἐντεῦθεν

555 880 732 951 loqui,
763 891 1123 952 nostrumque
1160 898 1385 953 regnum
1422 883 1770 938 conturbare.

2226 884 2308 947 εἰς
2332 885 2430 955 τὴν
2464 884 2633 938 Ἰούδα
2666 887 2798 954 γῆν.
2840 886 2898 937 ὲν
2931 879 3050 957 ᾗδὴ
3084 882 3238 955 χώρᾳ
3266 880 3376 948 ἔξει
3404 899 3487 937 σοι
3507 880 3683 936 ταῦτα
3710 880 3802 934 λε-

555 972 793 1041 γόμενα·
842 971 951 1025 τῶν
990 973 1047 1026 δὲ
1093 974 1323 1028 ἐνταῦθα
1367 976 1547 1028 τόπων
1581 974 1820 1045 ἁπόσχου
1838 1014 1853 1041 ,
1882 972 2069 1046 ἐπειδὴ
2097 974 2399 1048 ἀφώρισται
2427 977 2608 1031 πάντα
2633 976 2701 1029 τὰ
2723 975 2907 1030 ἐνθάδε
2924 977 2990 1045 τῇ
3020 974 3114 1028 τοῦ
3162 973 3377 1045 Ἰσραὴλ
3400 973 3666 1046 βασιλείᾳ·
3704 971 3802 1029 καί

553 1067 616 1119 ού
645 1065 864 1136 θεμιτόν
901 1085 982 1121 σοι
1015 1070 1080 1122 ὲκ
1103 1069 1202 1139 τῆς
1238 1068 1405 1123 Ἰούδα
1431 1069 1601 1141 φυλῆς
1629 1067 1741 1122 ὄντι
1772 1068 2006 1123 ἐνταῦθα
2040 1070 2294 1140 παρεῖναί
2330 1087 2390 1123 τε
2430 1072 2525 1124 καὶ
2565 1071 2742 1139 λέγειν
2774 1070 2842 1123 τά
2880 1069 3169 1133 δοκοῦντα,
3200 1068 3577 1138 διαταράττειν
3608 1084 3669 1120 τε
3696 1067 3801 1137 τὴν

557 1160 829 1231 βασιλείαν
867 1162 1007 1215 οὕτω
1042 1164 1137 1234 τὴν
1171 1164 1298 1235 παρ’
1335 1166 1484 1234 ἡμῖν.
1935 1157 1941 1161 ’

629 1251 796 1307 Vens.
875 1253 1052 1307 ιιι-17.
1104 1280 1176 1293 -
1226 1255 1307 1308 Ad
1361 1269 1479 1323 qua!
1524 1254 1786 1324 pmphcta
1851 1270 1949 1325 pro
1986 1253 2112 1308 fact:

2300 1254 2447 1323 Στίχ.
2491 1250 2672 1315 ιδ’-ιζ’.
2699 1281 2767 1294 -
2794 1250 2934 1321 Πρὸς
2962 1249 2997 1303 ἃ.
3026 1249 3091 1318 δὴ
3115 1250 3143 1301 6
3172 1250 3455 1320 προφήτης
3487 1249 3626 1303 κατὰ
3647 1250 3797 1305 θείαν

555 1342 658 1395 sibi
711 1343 893 1396 divina
947 1345 1279 1399 revelatione
1338 1346 1619 1414 respondit
1661 1364 1673 1399 :
1714 1365 1732 1396 ι
1781 1344 1966 1414 Neque
2014 1360 2112 1415 pro

2227 1341 2567 1410 ἀποκάλυψιν
2625 1340 2961 1410 ἀπεκρίνατο
3002 1339 3209 1392 ταῦτα·
3263 1356 3281 1389 t
3320 1338 3457 1392 Οὔτε
3512 1344 3796 1413 προφήτης

555 1432 716 1501 pheta
768 1450 938 1500 eram,
986 1452 1161 1505 neque
1211 1436 1486 1505 propheta:
1545 1436 1708 1492 ﬁlius.
1765 1457 1783 1490 ι
1833 1436 1988 1491 Haud
2029 1453 2112 1508 egi

2226 1436 2396 1506 ήμην,
2450 1432 2574 1487 οὔτε
2624 1433 2903 1502 προφήτου
2937 1430 3071 1494 υίός.
3112 1449 3130 1482 ι
3156 1428 3293 1483 Οὔτε
3345 1430 3452 1501 γὰρ
3486 1431 3562 1494 ὡς
3599 1432 3795 1502 τέχνην

554 1527 708 1594 quasi
753 1534 922 1581 artem
954 1528 1245 1597 quamdam
1286 1544 1404 1582 eam
1452 1544 1564 1583 rem
1607 1529 1794 1593 didici,
1832 1545 1931 1584 nec
1964 1531 2109 1585 velut

2226 1526 2350 1580 τινὰ
2383 1525 2677 1597 μεμάθηκα
2709 1523 2933 1593 ταύτην,
2964 1521 3077 1577 οὗθ’
3103 1522 3178 1584 ὡς
3215 1521 3580 1593 κληρονομίαν
3610 1524 3793 1587 ἐδεξά-

552 1613 923 1668 lucreditatem
974 1628 1003 1666 a
1051 1623 1206 1684 patre
1253 1616 1436 1684 accepi
1480 1632 1494 1668 :
1541 1631 1664 1669 nam
1694 1614 1893 1669 divinae
1938 1616 2112 1686 gratias

2234 1636 2341 1692 μην
2396 1618 2554 1671 τοῦτο
2599 1616 2748 1688 παρὰ
2789 1614 2882 1668 τοῦ
2921 1615 3161 1686 πατρός·
3206 1614 3392 1686 ἐπειδὴ
3432 1614 3655 1686 χάριτός
3677 1617 3794 1669 ἐστι

554 1703 658 1759 hoc
705 1705 979 1774 negotium
1033 1713 1137 1769 est,
1167 1712 1221 1759 et
1269 1707 1333 1761 iis
1378 1722 1517 1776 quos
1563 1706 1704 1762 Deus
1742 1707 1971 1761 voluerit
1999 1722 2125 1762 con-

2227 1707 2288 1759 τὸ
2330 1705 2491 1776 ἔργον
2533 1704 2702 1767 Θείας,
2732 1704 2827 1757 καὶ
2871 1703 3220 1774 προσγίνεται
3248 1700 3329 1767 οἷς
3368 1704 3433 1759 ἂν
3457 1705 3587 1758 αὐτὸ
3625 1723 3796 1777 προσ-

552 1795 734 1863 tingit.
770 1812 790 1846 ι
832 1794 992 1847 Eram
1033 1805 1214 1851 autem
1255 1800 1538 1867 caprarius
1590 1814 1711 1868 ego,
1748 1806 1803 1854 et
1844 1800 2112 1869 sycamina

2225 1800 2361 1852 εἴναι
2426 1796 2679 1867 βούληται
2726 1796 2875 1859 Θεός.
2913 1814 2931 1847 ι
2975 1796 3160 1865 Ἤμην
3200 1796 3257 1849 δὲ
3286 1796 3503 1860 αἰπόλος
3549 1794 3660 1863 ἐγὼ
3696 1798 3796 1850 καὶ

556 1884 835 1937 vellicans.
879 1903 898 1936 ι
928 1883 980 1938 Id
1005 1894 1089 1939 est
1118 1886 1407 1953 pascendis
1435 1889 1615 1955 capris
1637 1898 1958 1956 occupatus,
1993 1904 2124 1942 uec-

558 1987 667 2026 non
724 1982 923 2026 terram
979 1990 1077 2043 pro
1125 1974 1383 2031 facultate
1429 1979 1636 2033 colens.
1688 1976 1979 2048 Sycamina
2027 1995 2124 2048 pro

554 2063 763 2118 licubus
810 2064 962 2129 dicit,
1020 2066 1163 2121 sicut
1192 2067 1354 2121 etiam
1379 2068 1570 2123 beatus
1604 2069 1771 2124 David
1802 2088 1815 2124 :
1862 2089 1883 2122 ι
1909 2068 2124 2125 Occidit

549 2154 811 2221 grandine
844 2157 1005 2211 vitem
1059 2171 1272 2222 eorum,
1320 2159 1479 2230 130
1507 2168 1561 2215 et
1603 2162 1913 2231 sycaminos
1934 2178 2122 2218 eorum

551 2246 745 2313 pruina
765 2245 872 2298 δ’.»
917 2245 1073 2301 Patet
1098 2256 1300 2313 autem,
1318 2264 1442 2303 cum
1460 2250 1660 2305 vitibus
1685 2267 1792 2306 non
1815 2253 2115 2323 sycamina,

550 2335 647 2389 sed
697 2336 831 2391 ﬁcus
878 2339 1125 2408 periisse,
1172 2340 1241 2394 ab
1289 2355 1356 2395 eo
1414 2342 1543 2396 dici.
1608 2340 1942 2396 Vocabulum
1993 2346 2119 2399 item

557 2445 575 2477 ι
615 2427 871 2484 vellicans
917 2448 935 2480 ι
981 2445 1081 2500 pro
1130 2432 1368 2487 sarriens
1396 2432 1532 2487 dicit
1560 2440 1616 2487 et
1644 2448 1808 2503 opera
1843 2436 2117 2490 excolens.

552 2516 735 2572 Voluit
782 2527 960 2575 autem
995 2523 1312 2591 particulari
1364 2522 1467 2577 bac
1515 2526 1921 2594 sycaminorum
1976 2542 2122 2582 men-

550 2610 695 2690 tione
720 2609 900 2666 dicere
934 2626 993 2667 se
1024 2613 1313 2683 pascendis
1353 2616 1537 2685 capris
1571 2624 1625 2670 et
1664 2617 1858 2671 ovibus
1889 2626 1944 2671 ct
1983 2619 2123 2687 agri-

547 2700 775 2753 culturae
801 2699 1044 2756 deditum
1081 2718 1299 2774 semper
1330 2703 1524 2760 fuisse.
1562 2704 1951 2763 Verumtamen
1975 2707 2119 2764 Deus

547 2805 633 2844 me
666 2791 734 2844 ab
772 2791 984 2856 ovibus,
1043 2794 1241 2864 inquit,
1293 2795 1629 2850 abstractum
1677 2796 1846 2868 (unde
1879 2808 2115 2864 constat,

544 2894 670 2932 cum
721 2881 924 2949 pariter
970 2897 1166 2952 capras
1210 2898 1451 2953 ovesque
1499 2886 1739 2957 pavisse)
1791 2889 2119 2959 prophetare

540 2970 729 3035 jussit,
761 2978 815 3023 ct
860 2973 1116 3030 omnibus
1155 2975 1486 3045 signiﬁcare,
1539 2992 1661 3048 qum
1710 2981 1911 3048 populo
1948 2980 2121 3035 immi-

546 3068 712 3115 neant
761 3076 792 3113 a
849 3059 961 3116 Deo
1008 3080 1023 3117 :
1077 3080 1197 3135 qua:
1255 3067 1474 3136 quidem
1545 3083 1653 3123 non
1708 3085 1950 3125 mearum
1999 3080 2116 3127 erat

2229 1892 2501 1961 συκάμινα
2531 1889 2729 1953 κνίζων
2757 1907 2767 1918 ·
2810 1907 2829 1940 ι
2863 1888 2952 1941 ἵνα
3012 1888 3141 1959 εἴπῃ
3172 1889 3301 1959 περὶ
3327 1890 3499 1959 νομήν
3527 1905 3586 1941 τε
3621 1890 3795 1957 αἰγῶν

2225 1982 2639 2053 ἀσχολούμενος,
2699 1981 2795 2035 καὶ
2818 1979 2881 2051 δὴ
2911 1981 3006 2033 καί⁵
3049 1982 3190 2034 κατὰ
3226 1980 3287 2033 τὸ
3316 1980 3665 2050 ἐνδεχόμενον
3692 1980 3795 2050 τὴν

2223 2074 2326 2143 γῆν
2341 2072 2601 2145 γεωργῶν
2619 2088 2633 2103 ·
2658 2073 2930 2143 συκάμινα
2948 2070 3162 2142 μὲνγὰρ
3177 2071 3296 2124 ἀντὶ
3324 2070 3416 2124 τοῦ
3449 2070 3587 2124 σῦκα
3611 2071 3793 2138 λέγει’

2223 2162 2405 2228 καθὼς
2434 2164 2528 2216 καὶ
2557 2164 2586 2216 6
2630 2163 2896 2233 μακάριος
2947 2161 3110 2216 Δαυῖδ
3157 2177 3350 2231 φησιν·
3387 2179 3406 2212 r
3448 2161 3795 2214 Ἀπέκτεινεν

2222 2254 2280 2306 ὲν
2305 2253 2513 2323 χαλάζῃ
2564 2253 2661 2323 τὴν
2705 2252 2945 2323 ἄμπελον
2979 2251 3182 2313 αὐτῶν,
3208 2251 3305 2304 καὶ
3331 2250 3431 2313 τὰς
3459 2250 3792 2320 συκαμίνους

2223 2344 2399 2398 αὐτῶν
2420 2346 2477 2398 ὲν
2500 2345 2563 2414 τῇ
2588 2343 2765 2414 πάχνη
2783 2359 2796 2372 ·
2824 2362 2842 2393 ι
2895 2341 2971 2411 (p.
3007 2341 3129 2401 197)
3166 2338 3386 2410 εὔδηλον
3413 2338 3520 2410 γὰρ
3546 2338 3627 2391 ὅτι
3655 2336 3792 2408 μετὰ

2220 2436 2328 2490 τῶν
2356 2435 2616 2506 ἀμπέλων
2665 2435 2727 2487 ού
2783 2434 3060 2504 συκάμινα
3090 2431 3227 2485 ἀλλά
3270 2432 3439 2493 συκᾶς
3457 2430 3793 2483 ἀπολωλέναι

2220 2526 2408 2596 ἐδήλου
2426 2543 2438 2557 ·
2462 2526 2523 2578 τὸ
2537 2525 2613 2591 δὲ,
2638 2543 2656 2575 ι
2692 2524 2910 2589 κνίζων,
2934 2543 2951 2575 ι
2978 2522 3099 2577 ἀντὶ
3124 2521 3215 2576 τοῦ
3243 2521 3618 2594 περισκάλλων
3642 2522 3793 2589 λέγει

2221 2614 2618 2687 κοιὶγιεωργῶν⁸
2650 2612 2922 2684 ἠϐουλήθη
2952 2612 3010 2665 δὲ
3042 2614 3107 2665 ὲκ
3135 2612 3333 2683 μέρους
3348 2610 3454 2664 τῶν
3480 2609 3793 2680 συκαμίνων

2221 2710 2415 2773 εἰπεῖν,
2449 2709 2531 2761 ὅτι
2560 2705 2650 2776 Τῷ
2671 2706 2855 2776 νέμειν
2888 2702 3047 2773 αἶγας
3074 2704 3167 2756 καὶ
3212 2704 3478 2773 γεωργεῖν
3506 2704 3793 2773 προσανεῖ-

2219 2816 2311 2869 χον
2341 2798 2446 2851 ἀεί.
2494 2796 2654 2849 Ἀλλά
2685 2813 2751 2866 με
2784 2794 2892 2847 τῶν
2921 2794 3226 2864 προϐάτων,
3251 2795 3436 2863 φησὶν,
3464 2792 3791 2855 ἀποσπάσας

2218 2892 2247 2941 ὁ
2266 2888 2397 2952 Θεὸς
2429 2887 2521 2957 (ὡς
2547 2886 2701 2957 δῆλον
2722 2881 2856 2939 εἶναι
2884 2885 2965 2938 ὅτι
3005 2884 3085 2947 τὸ,
3114 2902 3133 2935 ι
3173 2883 3413 2947 αἰπόλος,
3448 2902 3466 2934 ι
3508 2878 3678 2948 εἶπεν,
3712 2883 3792 2947 ὡς

2221 2982 2285 3034 ἂν
2308 2979 2449 3033 κατὰ
2467 2978 2662 3032 ταυτὸν
2700 2978 2792 3031 καί
2813 2972 2972 3045 αἶγας
2996 2976 3089 3029 καὶ
3127 2974 3374 3048 πρόϐατα
3398 2974 3624 3045 νέμων),
3650 2991 3789 3044 προ-

2221 3068 2473 3138 φητεύειν
2527 3068 2778 3122 ἐκέλευσε
2825 3066 2919 3120 καὶ
2968 3065 3192 3136 μηνύειν
3224 3064 3394 3118 ἅπασι
3430 3064 3501 3117 τὰ
3527 3065 3655 3134 περὶ
3695 3064 3792 3117 τὸν

548 3152 743 3205 virium
781 3160 841 3206 ut
885 3154 1106 3221 scirem,
1145 3156 1240 3212 sed
1284 3157 1456 3213 solius
1498 3157 1747 3215 docentis
1779 3158 1896 3223 Dei,
1926 3161 1997 3216 ob
2022 3162 2112 3217 de-

2221 3161 2348 3214 λαὸν
2373 3161 2603 3231 ἐσόμενα
2638 3162 2765 3230 παρ’
2790 3158 2954 3211 αὐτοῦ
2976 3175 2989 3189 ο
3023 3158 3168 3228 ἅπερ
3190 3158 3290 3211 οὐκ
3317 3157 3448 3228 ἐμὸν
3474 3153 3541 3228 ἦν
3568 3155 3787 3218 εἰδέναι,

544 3245 958 3298 monstrandam
1005 3249 1352 3302 oraculorum
1400 3250 1706 3306 veritatem.
1763 3250 1921 3308 Nunc
1964 3254 2112 3320 audi,

540 3347 665 3401 quae
700 3333 767 3386 ad
817 3342 870 3389 te
918 3337 1182 3406 attinent;
1218 3348 1274 3393 tu
1310 3341 1531 3409 quidem
1564 3342 1698 3396 mihi
1743 3344 1970 3399 mandas
1996 3354 2055 3398 ut
2084 3362 2113 3398 a

543 3422 921 3492 prophetaudo
958 3426 1045 3483 his
1075 3427 1130 3482 in
1163 3429 1299 3486 locis
1332 3432 1661 3497 abstineam,
1700 3448 1767 3488 nc
1801 3435 2009 3503 plebem
2045 3434 2113 3489 ad

541 3514 642 3569 has
671 3514 968 3572 audiendas
990 3518 1270 3577 doctrinas
1309 3504 1654 3596 congrege‘m.
1693 3527 1797 3581 Sed
1839 3528 1985 3583 scias
2020 3544 2114 3584 ve-

539 3604 656 3670 lim,
686 3616 882 3664 cuncta
916 3623 948 3663 a
996 3626 1082 3668 me
1125 3611 1271 3667 dicta
1315 3615 1520 3670 exitum
1574 3617 1846 3672 habitura.
1882 3618 2114 3675 Venient

542 3696 747 3760 hostes,
778 3700 869 3769 qui
898 3711 1090 3771 pra‘ter
1126 3693 1299 3759 multa
1339 3707 1445 3760 alia
1480 3724 1598 3777 quae
1631 3714 2109 3780 patrabuntmala,

542 3798 629 3842 tua
653 3806 870 3861 quoque
905 3792 1197 3849 abutemur
1226 3811 1397 3853 uxore
1445 3800 1498 3853 iu
1530 3800 1707 3854 media
1745 3802 1901 3866 urbe,
1950 3804 2110 3859 inho-

539 3888 693 3935 ueste
742 3896 862 3935 eam
904 3884 1174 3941 violantes
1220 3903 1233 3939 :
1278 3889 1390 3941 nati
1445 3893 1519 3943 tui
1571 3892 1892 3946 occideutur
1922 3909 2113 3951 omnes

538 3981 662 4020 cum
705 3968 825 4023 aliis
855 3970 947 4039 qui
1003 3973 1120 4027 loca
1164 3974 1269 4029 ista
1324 3983 1631 4045 posscssuri
1666 3991 1816 4036 sunt.
1858 4001 1875 4034 ι
1918 3982 2112 4053 Tuque

536 4057 594 4111 in
636 4066 779 4114 terra
825 4060 1103 4117 immunda
1148 4067 1422 4123 morieris.
1484 4089 1503 4121 ι
1562 4069 1643 4124 Tu
1696 4073 1811 4141 ipse
1855 4074 2109 4129 morieris

537 4148 680 4217 apud
709 4159 1000 4209 extraneos
1039 4156 1289 4213 homines
1331 4168 1385 4214 et
1434 4162 1698 4218 scelestos
1742 4164 1817 4234 (id
1845 4165 1990 4220 enim
2024 4180 2112 4220 va-

538 4241 646 4294 lent
675 4242 858 4307 verba,
907 4244 963 4298 in
1008 4254 1153 4302 terra
1188 4250 1512 4321 immunda),
1551 4254 1617 4308 ad
1659 4271 1798 4324 quos
1822 4271 1946 4311 cum
1981 4258 2110 4313 reii-

535 4332 658 4399 quis
686 4335 938 4391 omnibus
981 4340 1228 4409 captivus
1255 4341 1494 4398 duceris.
1543 4342 1641 4399 His
1677 4344 1863 4412 dictis,
1894 4332 2107 4403 revela-

530 4426 733 4479 tiouem
763 4443 978 4500 quoque
1000 4430 1085 4486 his
1110 4433 1178 4487 de
1203 4432 1361 4489 rebus
1388 4447 1667 4504 acceptam
1695 4437 2003 4510 subjungit.

2215 3253 2353 3307 ἀλλά
2404 3252 2498 3307 τοῦ
2538 3251 2877 3313 διδάσκοντος
2928 3250 3089 3321 μόνου
3121 3248 3276 3313 Θεοῦ,
3307 3250 3385 3312 είς
3419 3265 3483 3316 γε
3517 3247 3789 3312 ἀπόδειξυ

2214 3348 2312 3417 τῆς
2328 3346 2436 3399 τῶν
2460 3343 2763 3416 εἰρημένων
2794 3341 3071 3410 ἀληθείας.
3094 3342 3289 3394 ’Ἄκουε
3309 3339 3373 3410 δὴ
3395 3341 3461 3393 τὰ
3494 3339 3621 3407 περὶ
3652 3356 3789 3391 σαυ-

2214 3437 2337 3492 τοῦ·
2369 3435 2529 3499 αὐτὸς
2555 3435 2651 3504 μὲν
2681 3434 2789 3504 γάρ
2821 3449 2912 3503 μοι
2940 3430 3181 3494 κελεύεις
3219 3430 3521 3498 ἀποστῆναι
3544 3430 3636 3483 τοῦ
3649 3446 3788 3501 προ-

2215 3527 2467 3600 φητεύειν
2493 3525 2747 3584 ἐνταῦθα,
2769 3524 2844 3587 ὡς
2874 3523 2940 3577 ἂν
2963 3523 3037 3593 μὴ
3064 3522 3262 3592 δήμους
3285 3522 3377 3575 ἐπὶ
3406 3521 3504 3591 τὴν
3524 3522 3787 3591 ἀκρόασιν

2213 3619 2321 3672 τῶν
2346 3617 2601 3672 τοιούτων
2633 3613 2946 3685 συλλέγοιμι
2971 3611 3493 3668 διδασκαλιῶν.Ἵσθι
3525 3613 3583 3665 δὲ
3612 3613 3789 3666 πάντα

2211 3709 2553 3779 γενησόμενα
2607 3705 2675 3759 τὰ
2730 3704 2960 3777 ρηθέντα
3010 3705 3139 3775 παρ’
3194 3704 3362 3775 ἐμοῦ·
3406 3704 3786 3758 ὲπελεύσονται

2212 3797 2320 3869 γὰρ
2347 3800 2396 3849 οἱ
2422 3795 2692 3865 πολέμιοι,
2718 3794 2768 3849 οἳ
2797 3794 2935 3865 πρὸς
2957 3794 3169 3857 πολλοῖς
3186 3795 3390 3865 ἑτέροις
3408 3789 3489 3858 οἷς
3502 3795 3784 3865 ποιήσουσι

2212 3892 2422 3954 κακοῖς,
2447 3889 2542 3942 καὶ.
2568 3890 2633 3957 τῇ
2670 3888 2737 3957 σῇ
2794 3885 3013 3954 γυναικί
3042 3887 3334 3956 χρήσονται
3370 3885 3512 3958 μέσῃ
3545 3889 3611 3956 τῇ
3636 3886 3787 3938 πόλει

2210 3981 2420 4050 ἀτίμως
2445 3979 2817 4049 ὲξυὸρίζοντες
2846 3979 2923 4041 εἰς
2946 3977 3116 4046 αὐτήν
3139 3992 3152 4006 ·
3177 3978 3224 4029 οί
3251 3978 3316 4028 ὲκ
3348 3976 3441 4030 σοῦ
3478 3993 3538 4029 τε
3570 3980 3785 4045 σφαγή-

2211 4089 2394 4125 σονται
2422 4071 2620 4133 πάντες
2658 4071 2755 4125 σὺν
2801 4069 3014 4132 πολλοῖς
3067 4068 3296 4139 ἑτέροις,
3333 4070 3367 4138 ἡ
3406 4067 3683 4139 προσοῦσα
3719 4070 3781 4120 τέ

2211 4183 2293 4220 σοι
2320 4167 2393 4237 γῆ
2417 4168 2474 4221 ὲν
2494 4165 2676 4236 μέτρῳ
2697 4164 3132 4236 παραδοθήσεται
3157 4163 3365 4232 ἑτέροις
3396 4165 3509 4224 τοῖς
3532 4160 3785 4232 μέλλουσι

2206 4259 2275 4312 τὰ
2307 4257 2492 4312 ἐνθάδε
2530 4257 2800 4327 κατέχειν.
2830 4273 2849 4306 ι
2882 4254 2992 4308 Καὶ
3023 4256 3085 4307 σὺ
3108 4255 3166 4307 ὲν
3185 4256 3254 4324 γῇ
3282 4252 3574 4323 ἀκαθάρτῳ
3598 4253 3784 4306 τελευ-

2208 4353 2409 4423 τήσεις.
2440 4369 2457 4401 ι
2492 4348 2847 4417 Τελευτήσεις
2871 4346 2927 4398 δὲ
2978 4344 3140 4407 αὐτὸς
3169 4342 3295 4415 παρ’
3343 4341 3657 4410 ἀλλοφύλοις
3686 4343 3783 4393 ἀν-

2210 4439 2450 4512 θρώποις
2511 4442 2588 4510 (p.
2623 4436 2745 4507 198)
2779 4435 2874 4488 καί
2919 4434 3257 4504 παρανόμοις
3288 4432 3469 4503 (τοῦτο
3502 4430 3608 4502 γὰρ
3634 4431 3782 4500 λέγει

534 4515 858 4607 ιὰκαθάρτῳ
882 4519 955 4591 ι),
973 4524 1051 4586 εἰς
1081 4522 1172 4587 οὓς
1210 4526 1346 4595 μετὰ
1374 4528 1480 4581 τῶν
1505 4529 1706 4586 λοιπῶν
1732 4533 2077 4603 αἰχμάλωτος
2097 4535 2390 4607 ἀπαχθήσῃ
2418 4534 2633 4589 πάντων
2652 4548 2666 4562 ·
2685 4529 2856 4583 ταῦτα
2884 4527 3138 4602 εἰρηκὼς,
3172 4526 3270 4597 τὴν
3295 4527 3385 4579 ἐπὶ
3413 4528 3617 4593 τούτοις
3635 4530 3783 4599 αὑτῷ

526 4606 824 4676 δειχθεῖσαν
861 4613 1196 4683 ἀποκάλυψιν
1222 4617 1435 4684 ἐπάγει.

1141 4706 1297 4759 CAP.
1342 4706 1476 4763 Vill.

603 4787 761 4846 Vens.
800 4792 919 4847 1-5.
950 4823 1021 4834 -
1054 4813 1073 4846 ι
1121 4795 1371 4855 Ostendit
1418 4802 1563 4857 enim
1610 4805 1745 4860 mihi
1788 4805 2097 4863 Dominus:

524 4887 580 4934 ct
604 4896 731 4938 ecce
766 4898 862 4940 vas
894 4887 1143 4956 aucupis.
1183 4887 1249 4944 Et
1291 4890 1428 4946 dixit
1474 4893 1737 4954 Dominus
1764 4897 1896 4953 mihi
1926 4917 1941 4953 :
1969 4898 2100 4969 quid

524 4979 582 5024 tu
614 4972 788 5039 vides,
821 4976 1031 5031 Amos?
1063 4977 1127 5033 Et
1150 4979 1262 5035 dixi
1300 4981 1450 5040 :Vas
1484 4988 1732 5059 aucupis.
1772 5007 1792 5041 ι
1821 4987 1943 5043 Jam
1971 5005 2101 5045 vero

524 5065 867 5136 signiﬁcabat
912 5068 1074 5134 visio,
1106 5069 1225 5127 fore
1262 5081 1324 5128 ut
1361 5075 1541 5132 instar
1579 5080 1697 5135 avis
1732 5081 1956 5149 aucupii
1984 5089 2103 5137 arte

520 5166 710 5227 capta,
736 5159 1029 5216 universus
1058 5160 1226 5218 Israel
1273 5169 1706 5238 comprehensus
1736 5178 1899 5241 atque
1927 5170 2100 5243 capti-

522 5261 621 5300 vus
649 5250 1031 5315 abduceretur,
1058 5253 1192 5323 quin
1238 5255 1436 5328 aliquis
1459 5275 1584 5314 eum
1617 5260 1686 5315 de
1717 5276 1878 5316 manu
1908 5269 2100 5317 tenen-

520 5338 656 5390 tium
692 5343 866 5407 possit
893 5344 1137 5414 eripere;
1172 5347 1318 5417 quod
1362 5350 1408 5405 si
1444 5361 1640 5421 captus
1681 5368 1712 5407 a
1767 5354 1919 5424 131
1945 5353 2099 5409 visco

523 5441 709 5493 passer
756 5430 1017 5502 aufugere
1065 5435 1178 5505 jam
1228 5452 1338 5492 non
1388 5442 1609 5509 poterit,
1671 5442 1745 5496 ita
1788 5458 1911 5498 cum
1947 5442 2098 5498 visco

522 5519 751 5575 validior
789 5521 860 5576 sit
896 5526 1330 5593 aggredientium
1364 5532 1633 5600 potentia,
1669 5533 2098 5605 comprehendet

595 5698 639 5729 ⁸⁷
682 5696 820 5753 Psal.
868 5717 1078 5772 Lxxvn,
1115 5708 1201 5761 47.

2863 4705 3017 4757 ΚΕΦ.
3051 4702 3131 4757 η’.

2271 4800 2418 4871 Στίχ.
2453 4804 2604 4866 α’-γ’.
2642 4826 2713 4837 -
2746 4813 2765 4848 ι
2800 4795 3009 4860 Ἐδειξε
3043 4794 3153 4867 γάρ
3196 4812 3307 4866 μοι,
3354 4796 3508 4867 φησὶν
3539 4796 3780 4868 Κύριον

2200 4893 2293 4947 καὶ
2327 4891 2436 4946 ἰδοὺ
2470 4889 2640 4957 ἄγγος
2675 4884 2880 4953 ίξευτοῦ
2902 4904 2916 4919 ο
2960 4888 3055 4941 καὶ
3083 4885 3203 4940 εἶπε
3252 4887 3457 4958 Κύριος
3502 4888 3641 4959 πρὸς
3673 4906 3742 4959 με
3764 4907 3778 4922 .

2200 4984 2266 5036 Τί
2300 4982 2364 5036 σὺ
2394 4980 2630 5052 βλέπεις,
2675 4976 2893 5048 Ἀμὼς;
2931 4978 3040 5032 Καὶ
3054 4973 3236 5030 εἷπον·
3266 4979 3467 5047 Ἀγγος
3500 4977 3727 5045 ἰξευτοῦ.
3755 4998 3775 5031 ι

2212 5075 2432 5146 Ἐδήλου
2457 5072 2563 5143 δὲή
2592 5071 2811 5142 δψιςὸτι
2839 5071 2992 5141 δίκην
3017 5069 3204 5141 ὀρνέου
3235 5069 3442 5135 ίξευτοῦ
3481 5070 3780 5142 ληφθέντος

2200 5164 2364 5235 τέχνῃ
2387 5163 2532 5227 ἄπας
2552 5164 2582 5215 ό
2626 5161 2844 5234 Ἰσραὴλ
2878 5160 2985 5215 ὑπὸ
3012 5159 3120 5214 τῶν
3148 5161 3422 5231 πολεμίων
3454 5161 3781 5233 συλληφθεὶς

2196 5258 2539 5329 αἰχμάλωτος
2598 5254 3010 5327 ἀπαχθήσεται,
3055 5253 3268 5317 οὐδενὸς
3295 5253 3454 5307 αὐτὸν
3482 5253 3592 5307 τῶν
3644 5272 3780 5308 κατ-

2195 5351 2425 5420 εχόντων
2458 5346 2807 5419 ἀφαιρεῖσθαι
2839 5347 2949 5400 οἴου
2987 5362 3049 5398 τε
3087 5345 3239 5410 ὄντος
3263 5362 3275 5374 ·
3318 5345 3507 5416 ὥσπερ
3533 5339 3628 5401 οὖν
3658 5346 3781 5399 οὐδὲ

2194 5442 2255 5494 τὸ
2286 5440 2486 5512 ληφθὲν
2519 5441 2624 5494 ὑπὸ
2650 5439 2741 5493 τοῦ
2769 5438 2879 5506 ἰξοῦ
2909 5437 3190 5509 στρουθίον
3221 5437 3524 5508 ἀποστῆναι
3551 5436 3779 5492 δυνατὸν

2195 5532 2398 5597 intra],
2429 5532 2616 5598 ἐπειδὴ
2658 5531 2855 5594 παντὸς
2905 5528 3016 5594 ἰξοῦ
3050 5528 3417 5604 δυνατώτερον
3450 5530 3487 5603 ή
3519 5528 3626 5583 τῶν
3654 5531 3775 5582 'sm-
