4102 6458
359 315 478 368 295

1337 306 1897 367 COMMENTARIUS
1933 306 2001 362 IN
2041 306 2253 364 AMOSI
2289 309 2444 366 CAP;
2474 310 2604 365 VIII.

3557 319 3662 374 ea:

359 445 549 482 οντων
594 427 907 492 δυναστεία,
953 427 1169 493 καθέξει
1226 443 1285 480 τε
1357 427 1554 490 αὖτοὺς
1595 428 1690 482 καὶ
1742 426 1822 490 εἰς
1876 423 1976 496 τὴν

2082 422 2356 482 Israelitas
2395 433 2450 482 et
2479 427 2532 482 in
2559 428 2843 482 servilium
2870 427 3202 500 depm-tabit.
3246 418 3265 482 ι
3301 429 3364 484 Ει
3388 432 3525 487 dixit
3559 433 3665 485 υςι-

359 519 760 590 αἰχμαλωσίαν
818 520 1041 588 ἀπάξει.
1104 520 1330 589 Ἐπάγει
1372 515 1536 588 γοῦν·
1609 538 1627 570 ι
1682 518 1790 572 Καὶ
1817 511 1972 570 εἶπεν

357 613 585 684 Κύριος
645 613 782 684 πρός
831 629 900 683 με
929 629 943 643 ·
971 612 1134 666 Ἧκει
1181 609 1244 664 τὸ
1267 611 1438 685 πέρας
1474 611 1560 663 ἐπὶ
1597 611 1688 664 τὸν
1709 609 1836 664 λαόν
1868 627 1970 680 μου

370 705 650 778 Ἰσραήλ·
696 705 883 759 οὐκέτι
933 705 1010 776 μὴ
1056 703 1277 775 προσθῶ
1323 702 1417 756 τοῦ
1447 703 1736 774 παρελθεῖν
1770 703 1930 756 αὐτόν
1953 720 1966 733 ·

351 797 464 850 καὶ
492 793 740 860 ὀλολύξει
762 794 829 848 τά
858 793 1195 866 φατνώματα
1217 793 1312 848 τοῦ
1341 793 1490 849 ναοῦ.
1533 813 1552 845 ι
1583 795 1694 865 Τὴν
1727 793 1836 865 γὰρ
1861 794 1970 848 τῶν

345 887 696 958 δειχθέντων
745 883 866 938 εἷπε
916 885 1168 957 δύναμιν.
1229 885 1392 956 Ἥκει
1450 885 1652 950 τοίνυν,
1698 887 1884 956 φησὶν,
1940 887 1970 940 ὁ

347 979 568 1051 καιρὸς
591 977 716 1032 καθ’
745 977 806 1032 ὃν
836 980 904 1050 τῇ
927 976 1172 1050 τιμωρίᾳ
1223 977 1694 1048 παραδοθήσονται
1731 977 1932 1042 πάντες
1952 994 1965 1008 ·

347 1075 462 1126 καὶ
493 1071 771 1126 παύσεται
815 1071 872 1124 δὲ
903 1071 1025 1142 μετ’
1066 1072 1294 1125 ἐκείνων
1325 1088 1419 1124 και
1450 1073 1484 1143 ἡ
1525 1070 1751 1125 ἀσέϐεια
1795 1072 1890 1126 καὶ
1931 1074 1964 1144 ή

344 1166 468 1235 τῆς
499 1164 764 1228 ἀσεϐείας
789 1165 881 1218 καὶ
909 1165 943 1236 ἡ
965 1166 1069 1235 τῆς
1097 1164 1441 1236 παρανομίας
1458 1163 1745 1236 ἐπιμέλεια
1762 1163 1965 1236 πάσης⁸

345 1258 426 1311 οὐ
462 1258 584 1329 γὰρ
608 1257 691 1310 ἔτι
710 1257 974 1327 ἀνέξομαι
993 1257 1357 1328 παρατρέχειν
1383 1255 1564 1310 αὐτῶν
1586 1255 1654 1310 τὰ
1681 1256 1848 1321 κακὰ,
1872 1257 1968 1312 καὶ

343 1353 711 1424 ἁνεκδίκητα
738 1349 965 1404 τοιαῦτα
991 1350 1120 1402 ὄντα
1145 1349 1240 1418 ὲᾷν
1257 1365 1270 1377 ·
1308 1349 1516 1421 ἅψηται
1540 1349 1726 1419 μέντοι
1760 1347 1965 1402 καὶτοῦ

345 1445 498 1501 ναοῦ
529 1446 596 1499 τὸ
618 1443 807 1509 κακὸν,
839 1441 1028 1514 ἐπειδὴ
1060 1443 1155 1495 σὺν
1187 1443 1253 1512 τῇ
1301 1441 1518 1495 πάντων
1555 1440 1802 1512 ἀπωλείᾳ
1829 1439 1966 1513 πυρὶ

348 1536 826 1608 παραδοθήσεται
851 1533 947 1588 καὶ
978 1535 1206 1597 ἐκεῖνος.
1241 1532 1411 1604 Δῆλον
1441 1531 1498 1585 δέ
1519 1532 1688 1596 ἐστιν,
1719 1531 1748 1586 ὃ
1770 1531 1967 1587 πολλά-

345 1649 456 1696 κις
486 1630 654 1701 ἔφην,
681 1631 763 1683 ὅτι
789 1629 848 1682 ὲν
880 1629 948 1700 τῇ
981 1626 1208 1699 μηνύσει
1231 1612 1352 1680 ’τῶν
1374 1625 1582 1690 κακῶν,
1611 1625 1716 1680 κᾶν
1742 1625 1812 1680 τὰ
1837 1626 1967 1698 περὶ

343 1725 458 1778 τὸν
502 1723 731 1796 Ἰσραὴλ
762 1722 917 1796 λέγῃ,
965 1721 1044 1794 (p.
1083 1719 1203 1788 I99)
1229 1719 1346 1775 ἀλλ’
1375 1720 1733 1774 ἐπισυνάπτει
1770 1721 1866 1773 καὶ
1895 1717 1966 1773 τὰ

343 1819 466 1889 τῆς
483 1793 666 1872 Ἰούδα
684 1793 972 1887 τρυλῆςέπὶ
994 1815 1104 1868 τῶν
1117 1813 1478 1868 Βαϐυλωνίων
1506 1812 1758 1884 ἐσόμενα,
1793 1811 1882 1866 ὅτε
1907 1811 1972 1882 δὴ
2005 1793 2048 1849 Β

345 1911 462 1964 καὶ
492 1909 600 1980 τὴν
629 1905 988 1980 Ἰερουσαλὴμ
1021 1905 1223 1960 ἁλῶναι
1250 1902 1456 1959 καὶτὸν
1491 1902 1618 1956 ναὸν
1644 1901 1974 1974 ἐμπρησθῆ-

345 2017 456 2055 ναι
480 1998 703 2070 συνέϐη.
719 2017 737 2050 ι
761 1998 851 2051 Ἐν
871 1997 1053 2068 ἐκείνῃ
1071 1999 1139 2069 τῇ
1167 1996 1372 2070 ἡμέρᾳ,
1391 1995 1540 2065 λέγει
1561 1995 1786 2066 Κύριος,
1809 1994 1975 2058 πολὺς

340 2091 376 2142 ὁ
409 2085 758 2150 ἰιιιετττωκιὶις⁸
782 2085 838 2138 ὲν
856 2085 1019 2138 παντὶ
1047 2085 1196 2156 τόπῳ
1235 2084 1510 2157 ἐπιρρίψω
1541 2086 1774 2156 σιωπήν.
1803 2105 1820 2136 ι
1840 2083 1975 2138 Τότε

341 2179 452 2248 δὴ,
479 2179 643 2248 φησὶ.
662 2177 828 2240 πολὺς
855 2177 952 2248 μὲν
973 2175 1286 2247 ἁπανταχοῦ
1303 2177 1595 2248 γενήσεται
1615 2175 1862 2240 θάνατος.
1885 2176 1976 2230 καιἱ

343 2267 740 2341 ἀναρίθμητοι
775 2267 885 2322 τῶν
918 2267 1228 2322 πιπτόντων
1262 2267 1474 2322 ἔσονται
1509 2270 1566 2322 αί
1609 2269 1837 2338 σφαγαὶ,
1862 2267 1973 2322 τῶν

349 2361 472 2430 μὲν
489 2361 880 2434 ἀνῃρημένων,
899 2360 1006 2414 τῶν
1016 2361 1072 2414 δὲ
1084 2359 1441 2430 αἰχμαλώτων
1457 2359 1976 2434 ληφθέντωνοσιωπὴ

348 2455 420 2508 δὲ
453 2453 571 2508 ὑπὸ
597 2453 700 2524 τῆς
722 2453 862 2522 ἄγαν
896 2453 1134 2526 ἐρημίας
1155 2452 1374 2519 καθέξει
1391 2453 1458 2507 τὰ
1480 2453 1676 2508 πάντα.
1704 2448 1839 2508 Εἶτα
1874 2453 1980 2509 πά·-

349 2549 456 2600 λιν
475 2545 790 2617 ὑπόμνησιν
811 2545 918 2600 τῶν
935 2545 1292 2617 παρανομιῶν
1317 2539 1392 2600 ὧν
1416 2544 1704 2599 ἐπετέλουν
1719 2547 1978 2603 ποιεῖται.

440 2637 600 2708 Στίχ.
619 2636 768 2691 δ’-ιδ’.
796 2657 894 2690 -ι
919 2637 1212 2692 Ἀκούσατε
1237 2639 1300 2709 δὴ
1339 2637 1534 2699 ταῦτα,
1561 2639 1612 2692 οἱ
1635 2636 1978 2700 ἐκθλίϐοντες

351 2733 454 2794 εἰς
491 2731 560 2783 τὸ
584 2729 729 2800 πρωῒ
752 2729 984 2799 πένητα.
1021 2730 1114 2783 καὶ
1161 2727 1723 2792 καταδυναστεύοντες
1764 2727 1979 2798 πτωχὸν

352 2823 488 2878 ἀπὸ
507 2823 615 2892 τῆς
647 2823 750 2892 γῆς
777 2839 792 2854 ο
825 2825 876 2875 οἱ
921 2821 1173 2892 λέγοντες
1198 2839 1210 2851 ’
1241 2821 1382 2874 Πότε
1424 2819 1759 2874 διελεύσεται
1784 2822 1812 2874 ὁ
1848 2819 1978 2890 μὴν,

353 2917 474 2972 καὶ
508 2914 939 2986 ὲμπολὴσομεν;
1000 2915 1096 2968 καὶ
1146 2914 1277 2966 πότε
1315 2911 1437 2982 ἥξει
1483 2912 1550 2966 τὰ
1585 2911 1860 2970 Σάϐϐατα,
1888 2909 1982 2962 καὶ

355 3009 674 3078 ἀνοίξομεν
704 3007 1036 3080 θησαυροὺς,
1064 3005 1160 3060 τοῦ
1196 3007 1420 3076 ποιῆσαι
1439 3003 1635 3076 μικρὸν
1667 3003 1726 3057 ’ὼ
1759 3005 1978 3074 μέτρον,

355 3105 474 3158 καὶ
504 3100 808 3173 μεγαλῦιαι
865 3100 1148 3170 σταθμίον,
1181 3100 1275 3154 καὶ
1309 3099 1527 3168 ποιῆσαι
1577 3095 1740 3165 ζυγὸν
1776 3095 1978 3160 ἄδικον,

358 3197 474 3253 τοῦ
509 3194 748 3250 κτᾶσθαι
779 3196 838 3247 έν
865 3193 1118 3266 ἀργυρίῳ
1156 3193 1427 3262 πτωχοὺς,
1464 3190 1558 3244 καὶ
1585 3189 1840 3242 ταπεινὶν
1867 3187 1982 3240 ἐνθ’

362 3293 398 3344 ὑ
410 3289 558 3360 ποδη
569 3288 872 3360 μάτων,κα“ι
886 3285 994 3339 άπὸ
1011 3285 1188 3356 πάσης
1201 3285 1454 3355 πράσεως
1467 3283 1492 3333 ὲ
1500 3281 1940 3352 μπορευσόμεῦα;
1957 3301 1974 3332 ι

363 3383 577 3440 Ταῦτα
625 3381 712 3452 δὴ,
766 3379 926 3451 φησι,
987 3376 1219 3448 μάλιστα
1267 3376 1486 3428 πάντων
1533 3372 1782 3444 εἰρῆσθαι
1843 3371 1982 3442 πρὸς

363 3480 530 3550 ὑμᾶς
562 3475 841 3546 νομίσατε.
872 3471 921 3526 οἳ
945 3471 1032 3525 διὰ
1061 3471 1261 3534 παντὸς
1276 3470 1374 3541 μὲν
1403 3471 1520 3532 ταῖς
1544 3467 1748 3530 ἀδίκοις
1776 3483 1980 3537 “xm-

370 3568 543 3640 μένοι
565 3565 912 3627 δυναστείαις
937 3563 1018 3626 εἰς
1039 3562 1138 3634 τὴν
1157 3561 1264 3615 τῶν
1297 3561 1544 3632 πενήτων
1587 3558 1820 3621 ἀδικίαν,
1847 3558 1980 3609 ἁνα-

368 3659 647 3731 μένσντες
669 3656 724 3710 δὲ
769 3655 1004 3709 ἑκάστου
1037 3653 1203 3724 μηνὸς
1225 3651 1324 3724 τὴν
1359 3651 1752 3722 συμπλήρωσιν
1787 3649 1879 3702 ἐπὶ
1901 3647 1980 3719 τῷ

363 3753 480 3814 τὰς
512 3747 872 3819 παρανόμους
903 3745 1012 3798 τῶν
1061 3743 1278 3797 οἰκείων
1318 3741 1690 3812 δανεισμάτων
1716 3742 1980 3814 ἐργασίας

368 3841 642 3906 συλλέξαι
665 3857 680 3872 ο
717 3839 1019 3909 ἀναμένετε
1043 3837 1098 3890 δὲ
1127 3837 1221 3890 καὶ
1252 3835 1322 3888 τὰ
1353 3834 1630 3900 Σάϐϐατα,
1649 3835 1748 3905 οὐχ
1782 3835 1870 3887 ἵνα
1904 3832 1980 3903 τῷ

366 3933 504 4004 θεῷ
525 3931 833 4002 έορτάσητε
893 3931 952 3982 ὲν
992 3928 1196 3992 αὐτοῖς,
1239 3930 1316 3997 (p.
1341 3926 1468 3997 200)
1501 3924 1726 3979 ἀλλ’ἵνα
1750 3925 1848 3997 τὴν
1881 3927 1980 3994 ὲμ-

371 4025 590 4096 πορίαν
639 4021 1039 4090 δαψιλεστέραν
1081 4017 1406 4088 ποιήσησθε,
1433 4016 1877 4089 ἁποχρησάμενοι
1905 4015 1983 4088 τῷ

373 4114 569 4187 καιρῴ
591 4113 695 4184 τῆς
725 4113 941 4185 ἑορτῆς,
960 4109 1268 4182 θησαυρούς
1295 4125 1356 4161 τε
1383 4110 1596 4172 ἑαυτοῖς
1619 4107 1836 4172 ἀδίκους
1859 4109 1985 4162 συλ-

373 4212 605 4283 λέξητε,
673 4209 849 4281 μέτρα
895 4223 955 4259 τε
1013 4205 1104 4258 καὶ
1139 4202 1380 4275 σταθμία
1429 4201 1600 4274 μικρὰ
1642 4203 1737 4256 καὶ
1773 4203 1986 4274 μεγάλα

375 4299 702 4360 ποιοῦντες,
739 4295 816 4360 ὡς
855 4295 922 4349 ἂν
943 4295 1226 4364 ἑκατέροις
1257 4293 1394 4365 πρὸς
1428 4291 1526 4364 τὴν
1551 4291 1762 4346 έαυτῶν
1786 4310 1986 4366 κεχρη-

381 4395 548 4468 μένοι
579 4390 904 4461 καπηλείαν,
929 4385 1222 4457 συλλέξητε
1255 4384 1517 4458 ἀργύριον
1543 4386 1607 4438 ἐκ
1636 4385 1736 4454 τῆς
1757 4384 1864 4437 τῶν
1887 4403 1986 4438 πε-

379 4491 575 4561 νήτων
597 4483 834 4546 ἀδικίας,
865 4480 1168 4552 λημμάτων
1188 4479 1287 4550 μὲν
1307 4478 1429 4532 οὐδὲ
1453 4477 1561 4532 τῶν
1587 4477 1986 4532 εὐτελεστάτων

379 4579 728 4650 ἀπεχόμενοι
749 4593 765 4606 ο
790 4573 953 4628 τοῦτο
973 4570 1334 4643 γὰρλέγειτὺ,
1355 4591 1372 4621 ι
1397 4571 1515 4629 ἀνθ’
1534 4569 1900 4641 ὑποδημάτων
1926 4586 1941 4601 ο
1963 4588 1984 4622 ι

381 4673 503 4729 ἀπὸ
552 4669 760 4732 παντὶς
803 4667 861 4721 δὲ
909 4665 1364 4735 συναλλάγματος
1409 4661 1746 4726 σκοποῦντες
1776 4663 1827 4716 τί
1864 4663 1992 4734 ὑμῖν

381 4764 842 4838 προσγενήσεται
868 4759 1060 4830 κέρδος
1079 4775 1094 4788 ·
1119 4756 1278 4810 τοῦτο
1304 4755 1412 4828 γὰρ
1441 4755 1590 4824 λέγει
1619 4755 1852 4817 τὸ,ιάπδ
1887 4756 1991 4810 τά.

383 4879 496 4934 σης
521 4858 783 4930 πράσεως
805 4849 1281 4924 ἐμπορευσόμεθα.
1297 4847 1484 4903 »Κατὰ
1521 4848 1587 4918 δὴ
1606 4847 1811 4918 ταύτης
1840 4845 1994 4918 ὑμῶν

381 4959 491 5029 τῆς
521 4948 906 5022 ὑπηρεφανίας
937 4942 1342 5016 (ὑπερηφανίαν
1364 4941 1472 5012 γὰρ
1501 4939 1757 5012 ὀνομάζει
1784 4941 1883 5010 τὴν
1911 4940 1991 5006 είς

383 5050 522 5110 τοὺς
548 5045 790 5113 πένητας
835 5037 1070 5100 ἀδικίαν,
1100 5035 1169 5107 ἦν
1216 5031 1538 5104 εἰργάζοντο
1580 5030 1655 5102 μὴ
1682 5029 1994 5099 συλλογιζό-

385 5156 554 5215 μενοι
576 5136 674 5190 τοῦ
689 5133 827 5188 Θεοῦ
846 5133 945 5202 τὴν
965 5127 1142 5200 δίκην)
1172 5125 1450 5215 ἀπόφασιν
1477 5123 1737 5215 ἐξήνεγκε
1767 5122 1993 5215 βεϐαίαν

381 5213 414 5288 δ
446 5231 590 5294 Θεὸς
613 5229 708 5282 κα¹ι
737 5223 1165 5297 ἀμετάπτωτονο
1198 5216 1260 5270 τὸ
1285 5214 1416 5286 γὰρ,
1457 5231 1476 5264 ι
1505 5213 1696 5284 ὀμνύει
1725 5213 1986 5286 Κύριος.»

383 5325 562 5382 τοῦτο
591 5319 762 5391 δηλοῖ.
783 5318 858 5381 ὡς
875 5316 936 5369 ού
952 5308 1269 5384 παραδώσει
1299 5307 1437 5378 λήθῃ
1464 5305 1743 5370 παντελῶς
1767 5305 1838 5359 τὰ
1861 5303 1992 5378 παρ’

385 5417 582 5476 αὐτῶν
631 5411 928 5483 γινόμενα·
968 5404 1129 5478 μόνον
1163 5401 1220 5454 δὲ
1271 5399 1395 5469 οὐχὶ
1437 5399 1618 5452 πᾶσαν
1664 5398 2000 5468 συγκινήσας

385 5509 640 5582 τὴνγῆν,
669 5500 950 5562 τοσούτοις
981 5498 1047 5568 τῇ
1079 5493 1186 5548 τῶν
1213 5490 1490 5560 πολεμίων
1513 5487 1689 5560 ἐφόδῳ
1712 5487 2002 5560 περιϐαλεῖ

2083 517 2266 573 minus
2307 517 2440 572 milii
2495 537 2508 573 :
2559 519 2716 574 Venit
2764 520 2887 575 linis
2933 537 3100 592 super
3159 525 3418 594 populum
3481 541 3661 580 meum

2082 606 2368 674 lsraelcni;
2401 625 2508 664 non
2536 610 2789 679 adjiciam
2818 612 2960 664 ultra
2992 620 3050 666 ut
3101 625 3471 682 pertranseam
3499 632 3665 682 eum;

2080 709 2134 754 et
2175 699 2462 754 ululabunt
2517 700 2796 756 lacunaria
2849 704 3053 773 templi.
3089 725 3107 756 ι
3157 704 3664 764 Demonstratarnut

2080 791 2187 847 sibi
2217 807 2403 848 rerum
2437 793 2548 848 vim
2587 793 2742 849 dicit.
2777 794 2936 850 Venit
2979 811 3130 866 ergo,
3165 798 3262 864 ait,
3308 809 3526 869 tempus
3552 815 3669 870 quo

2077 885 2146 940 de
2189 885 2446 940 omnibus
2488 901 2667 956 poenae
2720 896 3028 951 sumentur,
3077 900 3132 944 et
3191 905 3379 945 eorum
3424 894 3665 948 cessabit

2077 977 2307 1034 libertas
2335 987 2498 1049 atque
2531 981 2812 1049 potentia;
2858 982 3133 1052 simulque
3174 982 3387 1038 desinet
3416 986 3661 1052 ipsorum

2074 1071 2351 1140 impietas,
2399 1078 2454 1126 et
2495 1086 2660 1128 omne
2715 1073 3142 1144 irrcligiositatis
3181 1091 3245 1131 ac
3295 1079 3502 1146 peccati
3546 1086 3682 1135 stu-.

2075 1162 2266 1218 dium:
2298 1179 2408 1218 non
2449 1165 2594 1221 enim
2635 1165 2750 1236 jam
2804 1167 2984 1235 patiar
3037 1167 3390 1223 dissimulare
3447 1171 3661 1226 illorum

2075 1255 2400 1326 nequitiam,
2461 1273 2639 1327 neque
2695 1257 2809 1313 haec
2873 1261 3046 1315 inulta
3107 1261 3306 1316 sinam.
3380 1262 3664 1334 Templum

2073 1363 2293 1419 quoque
2321 1351 2550 1422 attinget
2575 1351 2884 1419 calamitas,
2929 1353 3059 1422 quia
3101 1361 3154 1408 et
3201 1355 3380 1424 ipsum
3429 1357 3484 1412 in
3515 1373 3670 1413 com-

2073 1441 2227 1495 muni
2271 1441 2441 1497 exitio
2491 1442 2616 1512 igne
2684 1442 3136 1500 inllammabitur.
3197 1445 3366 1502 I‘orro
3416 1459 3668 1519 apparet,

2072 1535 2220 1603 quod
2267 1533 2379 1604 jam
2431 1549 2574 1604 smpe
2615 1534 2766 1599 dixi,
2825 1535 2879 1590 in
2937 1536 3294 1608 praedictione
3362 1540 3662 1603 malorum.

2072 1625 2290 1682 etiamsi
2333 1625 2400 1682 de
2441 1624 2642 1682 lsraele
2689 1627 2760 1683 sit
2801 1643 3007 1694 sermo,
3043 1639 3284 1685 attamen
3328 1645 3358 1685 a
3400 1632 3668 1702 propheta

2072 1717 2326 1774 connecti
2363 1718 2530 1774 etiam
2582 1733 2644 1773 ea
2699 1733 2822 1790 quae
2869 1721 3036 1776 tribui
3084 1719 3241 1776 Judze
3284 1736 3314 1774 a
3348 1721 3672 1793 Babyloniis

2077 1806 2460 1872 imminebant,
2504 1823 2614 1878 quo
2662 1817 2908 1880 tempore
2957 1819 3012 1865 et
3069 1809 3376 1868 Jerusalem
3433 1814 3554 1883 capi
3611 1821 3669 1870 et

2075 1898 2294 1955 incendi
2333 1900 2594 1971 templum
2625 1901 2875 1970 contigit.
2905 1920 2925 1953 ι
2965 1901 3062 1956 Illa
3085 1903 3194 1967 die,
3221 1903 3354 1958 dicit
3380 1904 3671 1972 Dominus,

2075 1993 2232 2048 multi
2265 1993 2550 2048 cadentes.
2581 1993 2637 2046 In
2663 1995 2810 2048 omni
2847 1995 2967 2048 loco
2989 1995 3276 2066 projieiam
3305 1997 3608 2052 silentium.
3640 2015 3665 2051 ι

2077 2084 2252 2152 Tunc,
2293 2087 2390 2149 ait,
2429 2086 2633 2154 ubique.
2659 2087 2762 2140 erit
2808 2102 2978 2149 mors.
3026 2095 3080 2142 et
3131 2089 3435 2144 innumerae
3464 2089 3668 2144 caden-

2076 2179 2208 2234 tium
2266 2185 2429 2234 erunt
2481 2177 2679 2238 caedes.
2737 2181 2938 2248 partim
2995 2180 3333 2241 occisorum,
3364 2182 3562 2251 partim
3609 2182 3667 2237 in

2075 2269 2449 2342 captivitatem
2490 2270 2878 2324 abducturum.
2927 2270 3217 2326 Silentium
3259 2271 3498 2339 denique
3542 2289 3668 2343 pros

2075 2369 2196 2432 pter
2217 2375 2489 2416 summam
2521 2362 2875 2418 solitudinem
2900 2363 3086 2418 omnia
3112 2364 3424 2434 occupabit.
3463 2363 3672 2420 Deinde

2077 2467 2274 2509 rursus
2303 2451 2679 2522 iniquitatium,
2723 2469 2864 2525 quas
2904 2453 3328 2528 frequentabant
3367 2453 3498 2510 facit
3525 2471 3674 2512 men-

2081 2543 2312 2600 tionem.

2151 2635 2318 2694 Vzas.
2348 2639 2493 2693 4-H.
2515 2669 2586 2678 —
2619 2657 2639 2690 ι
2679 2637 2875 2694 Audite
2901 2639 3038 2700 liaac,
3073 2639 3164 2704 qui
3194 2641 3484 2695 conteritis
3509 2657 3676 2697 mane

2079 2745 2371 2801 pauperes,
2399 2739 2454 2786 et
2493 2730 2806 2801 Opprimitis
2854 2731 2908 2784 in
2950 2737 3096 2783 terra
3140 2745 3416 2801 egenum;
3466 2732 3558 2801 qui
3585 2732 3672 2786 di-

2080 2823 2206 2878 citis
2243 2841 2256 2877 :
2306 2823 2667 2889 Quandonam
2700 2822 2955 2877 transibit
3002 2823 3231 2888 mensis,
3271 2831 3326 2877 et
3366 2825 3673 2893 negotiabi-

2081 2917 2243 2971 mur?
2285 2915 2646 2982 Quandonam
2698 2916 2918 2970 venient
2943 2915 3206 2977 Sabbata,
3252 2919 3674 2988 aperiemusque

2083 3009 2390 3067 thesauros,
2422 3019 2482 3062 ut
2533 3006 2800 3060 faciamus
2850 3022 3164 3060 mensuram
3205 3023 3452 3076 parvam,
3484 3017 3539 3064 et
3571 3025 3677 3064 att-

2084 3116 2310 3172 geamus
2351 3098 2588 3168 pondus,
2641 3097 3016 3166 Iaciamusque
3067 3105 3328 3152 stateram
3385 3100 3674 3168 injustam,

2087 3204 2146 3247 ut
2182 3193 2562 3264 possideumus
2609 3191 2841 3260 pecunia
2872 3205 3165 3259 pauperes,
3216 3199 3270 3246 ct
3313 3207 3546 3262 egenum
3575 3211 3678 3264 pro

2081 3284 2490 3345 calceamentis,
2529 3290 2583 3337 et
2621 3282 2772 3336 omni
2816 3281 3154 3338 venditionis
3188 3298 3388 3352 genere
3427 3290 3682 3356 negotie-

2082 3375 2237 3431 mur?
2285 3393 2304 3427 ι
2361 3373 2486 3429 Hice
2540 3373 2700 3428 vobis
2750 3373 2990 3428 maxime
3039 3374 3183 3427 dicta
3219 3376 3547 3434 existimate.
3581 3380 3680 3448 qui

2081 3469 2304 3539 injustis
2339 3482 2556 3538 semper
2599 3466 3055 3536 oppressionibus
3103 3483 3372 3536 pauperes
3415 3471 3673 3537 atteritis,

2075 3551 2464 3630 exspectantes
2489 3557 2762 3627 cujusque
2809 3557 3018 3612 mensis
3070 3557 3231 3611 tinem
3270 3558 3342 3613 ob
3375 3561 3680 3630 exigendos

2082 3651 2304 3721 iniquos
2355 3665 2654 3714 usurarum
2707 3657 3016 3704 vestrarum
3061 3660 3300 3719 qutestus
3340 3670 3354 3706 :
3391 3653 3483 3722 qui
3519 3653 3683 3724 132

2080 3745 2208 3799 item
2263 3745 2598 3814 exspectatis
2663 3741 2925 3803 Sabbata,
2978 3757 3088 3796 non
3141 3749 3200 3794 ιιι
3251 3740 3364 3797 Deo
3410 3760 3504 3814 per
3565 3746 3680 3800 lucc

2081 3836 2378 3902 feriemini,
2431 3836 2526 3892 sed
2578 3842 2640 3890 ut
2684 3834 2962 3889 utiliorem
3010 3842 3376 3888 mercaturam
3437 3835 3676 3899 faciatis,

2081 3933 2374 3986 abutentes
2420 3927 2596 3984 feslali
2653 3933 2932 3996 tempore;
2977 3936 3140 3996 atque
3185 3935 3243 3980 ut
3289 3926 3526 3995 iniustos
3561 3931 3680 3984 tlte»-

2083 4041 2281 4082 sauros
2311 4022 2468 4078 vobis
2497 4020 2863 4084 coacervetis,
2899 4025 2952 4071 et
2984 4033 3275 4072 mensuras
3315 4027 3482 4089 atque
3514 4029 3683 4078 ειειιει.

2084 4135 2175 4174 ras
2231 4129 2434 4188 parvas
2495 4127 2837 4186 magnasque
2895 4111 3138 4175 faciatis,
3195 4121 3255 4165 ut
3313 4113 3564 4182 utrisque
3624 4113 3689 4169 iu

2087 4209 2352 4265 nundinis
2406 4205 2605 4262 vestris
2652 4201 2884 4260 utamini
2921 4217 3074 4272 :quo
3107 4203 3401 4272 pecuniam
3441 4221 3506 4258 ex
3547 4221 3686 4276 pau-

2089 4316 2277 4372 perum
2314 4297 2677 4368 Oppressione
2714 4295 3047 4359 corradatis,
3079 4309 3147 4348 ne
3185 4309 3216 4348 a
3249 4295 3532 4351 viliSsitnis
3560 4297 3684 4365 qni-

2089 4394 2211 4450 (lem
2279 4389 2604 4446 muneribus
2671 4387 3048 4451 abstinentes;
3121 4384 3175 4439 id
3245 4386 3392 4440 enim
3457 4386 3684 4443 denotat

2021 4503 2063 4558 ι)
2091 4484 2284 4548 dictio,
2316 4496 2418 4552 pro
2445 4476 2873 4544 calceamentis;
2907 4485 3074 4545 atque
3107 4490 3172 4530 ex
3201 4475 3443 4544 qualibet
3472 4493 3690 4532 merca-

2091 4588 2216 4632 tura
2279 4572 2486 4644 aliquid
2541 4571 2744 4626 lucrari
2811 4574 3092 4624 curantes.
3143 4566 3200 4622 ld
3247 4567 3450 4638 quippe
3501 4570 3686 4625 valent

2089 4669 2256 4724 verba
2292 4683 2306 4721 :
2338 4663 2488 4720 omni
2529 4657 2864 4716 venditionis
2912 4672 3112 4730 genere
3148 4657 3512 4728 negotiemur.
3562 4656 3687 4712 Iam

2093 4760 2363 4815 adversus
2388 4755 2529 4810 hanc
2553 4759 2788 4808 vestram
2821 4749 3135 4820 superbiam
3171 4748 3509 4820 (superbiam
3537 4751 3687 4804 enim

2095 4851 2346 4906 nominat
2391 4844 2720 4916 iniustitiam
2771 4850 2970 4898 contra
3024 4856 3316 4913 pauperes,
3353 4855 3518 4911 quam
3557 4856 3686 4912 per-

2098 4941 2410 5016 petrabant,
2448 4938 2517 4994 de
2541 4935 2634 4992 Dei
2663 4935 2907 4990 vindicta
2957 4949 3068 4989 non
3099 4932 3430 5004 cogitantes)
3469 4933 3690 4988 Iirmum

2100 5034 2228 5090 tulit
2257 5031 2403 5086 Deus
2431 5029 2718 5085 decretum
2745 5034 2913 5096 atque
2935 5025 3301 5080 immutabile.
3323 5023 3459 5078 Nam
3493 5023 3686 5084 dictio,

2095 5125 2249 5197 jurat
2299 5121 2588 5180 Dominus,
2627 5117 2732 5172 hoc
2778 5113 3072 5186 signiﬁcat,
3107 5111 3253 5182 quod
3297 5109 3524 5164 omnino
3550 5109 3693 5162 obli-

2099 5217 2251 5274 vioni
2299 5229 2410 5270 non
2463 5211 2648 5266 tradet
2691 5207 2834 5264 facta
2891 5207 3112 5262 illorum
3147 5223 3160 5260 :
3195 5204 3305 5258 imo
3356 5210 3473 5256 toto
3519 5199 3690 5256 veluti

2100 5319 2373 5366 terrarum
2407 5302 2542 5359 orbe
2579 5306 2879 5358 commoto,
2932 5296 3104 5351 tantis
3150 5310 3247 5350 eos
3301 5308 3398 5362 per
3447 5289 3691 5346 hostium

2096 5397 2473 5457 incursionem
2507 5393 2706 5448 obruet
2755 5387 2937 5450 malis,
2986 5393 3046 5439 ut
3089 5397 3281 5437 omnes
3325 5381 3380 5434 in
3418 5381 3569 5435 luctu
3601 5376 3693 5433 fu-

2099 5493 2206 5548 turi
2272 5489 2406 5548 sint.
2468 5479 2849 5554 magnitudine
2906 5474 3085 5547 pressi
3136 5468 3694 5528 calamitatis.'LIore

386 5565 754 5670 τὰς’κακοῖς,
783 5593 928 5648 ὥστε
959 5587 1148 5643 πένθει
1175 5580 1506 5654 κατέχεσθαι
1543 5581 1768 5647 πάντας,
1805 5580 1898 5634 ἐπὶ
1922 5579 1979 5650 τι]

2099 5583 2246 5638 enim
2281 5571 2594 5650 Egyptiaci
2640 5568 2886 5624 ﬂuminis
2920 5565 3242 5622 inundantis
3279 5571 3334 5620 et
3367 5579 3492 5620 mox
3539 5577 3694 5618 rece-

391 5697 623 5774 μεγέθει
644 5691 745 5762 τῆς
769 5683 1110 5753 ἐπελθούσης
1137 5679 1323 5774 αὐτοις
1353 5676 1672 5774 συμφοραῖ-
1705 5675 1862 5774 δίκην
1891 5671 2002 5774 γὰρ

550 5785 670 5844 κατ’
715 5782 996 5851 Αιγυπτον
1039 5770 1286 5844 ποταμοῦ
1317 5765 1780 5842 πλημμυροῦντός
1813 5781 1870 5819 τε
1902 5765 1996 5818 καὶ¹

2099 5671 2307 5733 dentis,
2361 5665 2584 5723 invadet
2639 5677 2738 5718 vos
2813 5658 2990 5714 hostis
3053 5657 3385 5729 generaliter
3443 5663 3690 5718 vastans,

2107 5759 2690 5834 comprehendensque
2751 5753 3002 5824 captivos
3069 5751 3134 5806 ad
3204 5764 3360 5807 suam
3415 5747 3700 5820 regionem
