4102 6486
499 522 606 583 9.99

1700 508 2050 568 THEODORI
2083 505 2570 563 MOPSUESTENI

3670 507 3770 563 300

490 615 505 626 ’
572 636 742 693 Vens.
788 634 837 687 7.
876 664 938 672 —
977 629 1287 701 «Nunquid
1319 627 1399 683 'ut
1449 625 1548 683 lilii
1603 625 1927 697 Ethiopum
1979 636 2077 678 vos

2254 622 2400 692 Στίχ.
2436 620 2498 686 ζ’.
2537 653 2601 661 ο-
2663 639 2680 671 (
2706 621 2815 690 Οὐχ
2852 623 2930 680 ὡς
2981 620 3085 673 υίο¹ι
3115 620 3389 675 Αἰθιόπων
3441 620 3602 692 ὑμεῖς
3650 621 3770 675 ἐστέ

504 730 640 788 estis
667 725 933 792 Inihi,lilii
961 722 1214 779 Israelis?
1240 741 1259 773 ι
1300 720 1441 775 Νυηι
1475 719 1683 777 similes
1707 718 1833 772 liliis
1865 715 2083 770 [Ethio-

504 840 632 896 pnm
668 820 810 892 apud
853 833 938 873 mc
973 833 1070 871 vos
1098 814 1409 882 constitui;
1465 812 1669 883 quibus
1709 826 1810 881 ego
1862 808 2082 879 quidem

507 914 639 972 nihil
672 911 948 983 peculiare
966 909 1273 967 contulisse
1297 906 1510 962 videor.
1549 923 1566 955 ι
1593 901 1789 957 Nonne
1827 899 2084 956 lsraelem

507 1005 570 1061 dc
603 1014 745 1058 terra
779 999 1003 1071 ASgypti
1051 997 1257 1053 eduxi?
1288 1015 1306 1048 ι
1339 995 1528 1066 Neque
1556 993 1725 1057 enim,
1778 990 1943 1047 sicuti
1987 1004 2086 1044 vos

506 1098 571 1151 dc
598 1092 833 1165 ZEgypto
885 1106 1132 1154 sumens,
1194 1088 1395 1144 acerbo
1450 1087 1548 1141 illo
1606 1083 1837 1142 servitio
1887 1083 2084 1143 exemi,

506 1188 740 1259 talisque
769 1199 834 1240 ac
865 1191 1029 1238 tanta:
1053 1190 1105 1239 et
1127 1183 1263 1237 nihil
1288 1181 1354 1237 ad
1375 1195 1471 1237 vos
1496 1176 1823 1251 pertinentis
1846 1174 2087 1246 regionis

505 1279 758 1335 dominos
791 1275 929 1343 feci;
988 1275 1060 1329 ita
1095 1289 1194 1345 par
1231 1271 1441 1344 aliquid
1481 1270 1840 1340 {Ethiopihus
1888 1266 2088 1323 fecisse

511 1369 657 1427 Visus
691 1382 833 1424 sum.
870 1384 888 1418 ι
919 1364 984 1418 Et
1013 1365 1344 1435 alienigenas
1364 1360 1812 1433 deCappadocia,
1848 1370 1901 1414 et
1921 1360 2090 1429 Syros

511 1465 574 1517 d2
601 1460 881 1515 Bothro?»
942 1458 1207 1515 Bothrum
1264 1456 1515 1512 nonnulli
1552 1455 1705 1509 aiunt
1764 1453 1925 1524 136
1979 1450 2087 1506 dici

506 1569 606 1624 pro
658 1554 725 1608 iis
770 1567 892 1623 quae
947 1566 1093 1605 nunc
1146 1550 1492 1622 appellantur
1542 1548 1716 1610 Carae,
1776 1546 1914 1602 alias
1959 1559 2089 1602 vero

506 1644 773 1701 Charran.
832 1642 945 1713 Ego
1004 1657 1134 1697 vero
1188 1644 1291 1697 hac
1365 1640 1641 1712 superﬂua
1698 1640 2090 1711 disquisitione

507 1737 731 1799 omissa,
795 1751 915 1805 qua:
968 1733 1109 1789 nihil
1163 1733 1349 1790 sensui
1418 1733 1778 1804 intelligendo
1841 1730 2086 1803 prodest,

506 1825 821 1896 quicunque
844 1825 1063 1879 demum
1105 1824 1193 1879 hic
1238 1824 1534 1880 denotetur
1577 1825 1755 1889 locus,
1807 1821 2090 1892 praesentis

508 1924 689 1971 textus
721 1912 1087 1988 signiﬁcatum
1138 1927 1429 1984 exponam.
1479 1913 1691 1984 Quippe
1738 1912 1884 1966 haud
1917 1910 2084 1965 dicit:

506 2009 852 2080 Alienigenas
914 2022 980 2061 ex
1035 2005 1384 2077 Cappadocia
1438 2006 1626 2070 eduxi,
1683 2012 1740 2061 et
1796 2002 1965 2074 Syros
2020 2018 2086 2057 ex

506 2099 739 2166 Bothro;
783 2097 878 2155 sed
912 2099 1253 2154 contrarium
1296 2097 1484 2170 potius
1508 2096 1763 2161 afﬁrmat,
1803 2110 1862 2152 se
1894 2110 2091 2165 nempe

503 2193 714 2248 nullum
748 2190 1020 2261 ejusmodi
1047 2189 1376 2246 beneﬁcium
1408 2189 1531 2245 aliis
1557 2188 2091 2259 contulisse,cujus-

503 2282 649 2337 modi
702 2279 1004 2346 lsraelitis;
1056 2279 1131 2333 ita
1170 2286 1231 2333 ut
1272 2279 1373 2334 bos
1421 2280 1760 2351 oportuisset
1794 2277 2090 2350 gratiorem

507 2390 617 2446 prae
646 2373 858 2439 ceteris
891 2372 1137 2428 animum
1172 2388 1303 2445 erga
1339 2372 1506 2429 Deum
1546 2387 1897 2429 conservare.
1918 2370 2087 2426 Nam-

503 2482 612 2539 que
643 2474 698 2523 et
737 2465 870 2521 illud
904 2465 1250 2538 exploratum
1299 2475 1406 2528 est,
1470 2464 1618 2536 quod
1647 2465 1693 2522 si
1732 2464 1874 2520 forte
1920 2462 2088 2520 etiam

505 2558 628 2614 illos
652 2556 769 2627 pari
804 2555 965 2611 modo
1014 2556 1068 2610 in
1106 2556 1415 2611 libertatem
1450 2554 1810 2619 vindicasset,
1861 2553 2090 2611 omnino

504 2651 904 2723 providentiam
961 2650 1258 2721 quamdam
1302 2650 1452 2704 circa
1494 2649 1716 2705 eosdem
1764 2647 2091 2703 adhibuisse

502 2745 734 2809 diceret,
790 2742 952 2817 cujus
1008 2741 1367 2813 providentiae
1423 2755 1626 2811 seopus
1667 2741 1885 2796 cunctis
1930 2739 2089 2794 facile

502 2844 651 2892 esset
676 2842 1015 2911 compertus.
1066 2832 1175 2889 Sed
1207 2832 1355 2887 enim
1388 2831 1667 2899 Israelem,
1725 2848 1833 2887 non
1872 2832 2087 2904 simpli-

505 2929 645 2983 citer
690 2933 903 3001 tantum
950 2940 1014 2981 ex
1055 2923 1295 2997 [Egypto
1336 2923 1547 2991 eduxit,
1597 2923 1693 2979 sed
1747 2925 1917 2979 multa
1955 2938 2089 2981 cura

504 3020 585 3074 illi
643 3018 879 3085 adstitit,
951 3031 1063 3088 quo
1112 3017 1371 3071 idoneum
1425 3015 1702 3081 redderet,
1764 3025 1825 3072 ut
1855 3033 1921 3073 ex
1967 3017 2090 3087 ipso

510 3111 656 3168 salus
692 3109 1022 3165 universalis
1069 3116 1357 3180 appareret
1391 3106 1648 3164 Christus
1694 3107 1980 3169 Dominus.

578 3381 722 3453 Ergo
789 3381 920 3453 quid
982 3379 1202 3437 demum
1266 3380 1436 3437 dicit?
1489 3380 1844 3452 Iligrationes
1900 3384 2086 3440 multa:

503 3475 572 3531 de
603 3474 742 3530 locis
788 3474 843 3528 in
885 3471 992 3528 alia
1027 3473 1148 3528 loca
1184 3471 1443 3543 fuerunt;
1482 3464 1651 3530 veluti
1696 3474 1943 3540 Tharrae,
1995 3478 2089 3549 qui
2127 3531 2132 3536 .

504 3565 650 3621 beati
700 3563 996 3619 Abrahami
1055 3569 1209 3634 pater
1272 3563 1414 3628 fuit,
1487 3567 1691 3637 quique
1741 3567 1810 3623 de
1870 3570 2091 3640 regione

504 3656 888 3711 Chaldaeorum
937 3667 1229 3725 egressus,
1274 3652 1329 3707 in
1373 3651 1623 3709 Charran
1680 3654 1969 3726 migravit,
2010 3665 2092 3712 at-

504 3762 610 3819 que
641 3748 714 3801 ibi
755 3745 956 3802 deinde
989 3753 1242 3801 mortuus
1286 3756 1388 3802 est.
1462 3743 1620 3802 Unde
1662 3754 1715 3802 et
1755 3748 1984 3820 contigit
2034 3759 2093 3805 ut

506 3844 694 3909 postea
722 3835 1068 3890 Abrahamus
1101 3834 1360 3890 transiret
1383 3834 1441 3888 in
1473 3833 1839 3892 Palaestinam.
1862 3835 2091 3893 Constat

506 3929 671 3985 etiam
736 3926 955 3983 beatum
1005 3922 1176 3981 Jacob
1230 3941 1357 3981 cum
1404 3927 1659 3982 universa
1702 3930 1963 4000 progenie
2035 3932 2091 3986 in

508 4017 805 4088 [Egyptum
863 4014 1162 4070 ineolatum
1220 4031 1383 4072 suum
1441 4017 1818 4073 transtulisse.
1900 4016 2093 4076 Simile

507 4107 766 4179 quiddam
787 4113 842 4161 et
864 4105 991 4160 aliis
1019 4106 1275 4178 contigit,
1312 4114 1372 4162 ut
1401 4107 1669 4165 credibile
1703 4118 1788 4166 est
1826 4129 1839 4166 :
1867 4120 1923 4167 et
1963 4111 2089 4183 qui-

508 4202 634 4257 dam
654 4196 1070 4271 deCappadocia
1090 4199 1317 4271 egressi,
1343 4207 1397 4255 et
1425 4199 1495 4255 ad
1517 4200 1639 4256 loca
1660 4202 2089 4275 alienigenarum

512 4294 835 4366 migrantes,
869 4291 1016 4347 misti
1051 4301 1177 4348 sunt
1206 4292 1335 4358 illis,
1390 4309 1627 4365 parsque
1665 4276 1857 4352 eorum
1901 4312 2093 4354 evase-

505 4393 659 4443 runt.
710 4384 785 4439 Ex
832 4383 1035 4441 Bothro
1078 4384 1209 4439 item
1254 4385 1320 4441 ad
1376 4385 1547 4459 Syros
1595 4387 1689 4442 alii
1732 4391 2087 4462 transgressi,

506 4477 653 4550 apud
712 4491 809 4533 eos
877 4485 1223 4541 manserunt,
1281 4483 1335 4533 et
1366 4492 1492 4533 cum
1551 4480 1689 4550 ipsis
1743 4481 2086 4538 coaluerunt.

506 4567 713 4626 Valens
741 4568 929 4639 itaque
970 4567 1118 4624 Deus
1169 4566 1359 4624 dicere
1394 4568 1551 4641 137
1593 4572 1800 4626 nemini
1842 4587 1901 4628 se
1939 4580 2090 4629 tanta

518 4660 785 4717 oenellcia
823 4660 1330 4731 largitum,quanta
1376 4659 1661 4728 lsraelitis,
1704 4664 1881 4734 primo
1920 4667 1995 4720 ait
2028 4680 2086 4721 se
2117 4696 2165 4754 Β

509 4768 608 4809 eos
632 4752 780 4807 haud
805 4752 901 4807 illo
935 4750 1129 4807 ordine
1153 4752 1297 4823 apud
1321 4767 1381 4809 se
1402 4750 1691 4820 habuisse,
1726 4770 1836 4826 quo
1867 4756 2086 4823 (Ethio-

506 4857 626 4913 pes,
657 4857 688 4897 a
711 4849 867 4912 parte
912 4840 1124 4896 scilicet
1152 4852 1384 4899 cunctas
1425 4853 1616 4914 gentes
1648 4844 2086 4903 denotansztum

509 4935 694 4990 dicere
744 4935 922 5006 pergit
974 4949 1037 4990 se
1086 4936 1295 4990 nullius
1346 4951 1533 5007 parem
1589 4951 1831 5007 unquam
1896 4952 2086 4993 curam

508 5025 775 5095 gessisse;
805 5023 965 5082 Solos
989 5026 1133 5081 enim
1156 5040 1256 5083 vos
1279 5025 1519 5098 IEgypto
1546 5027 1713 5082 eduxi
1736 5029 1928 5084 multis
1960 5044 2084 5084 cum

507 5114 789 5170 miraculis
818 5122 873 5170 et
904 5115 1184 5184 insperato
1233 5131 1462 5187 prorsus
1507 5117 1701 5189 agendi
1743 5119 1906 5174 modo
1943 5138 1956 5174 :
1989 5119 2086 5174 de-

506 5206 748 5276 duxique
776 5206 833 5261 in
873 5207 1041 5262 talem
1077 5217 1399 5278 tantamque
1445 5209 1746 5281 regionem,
1795 5211 1955 5280 cujus
1991 5227 2087 5268 vos

506 5297 758 5353 dominos
806 5296 910 5354 l‘eei
954 5312 1267 5369 quanquam
1322 5300 1476 5355 nullo
1530 5300 1655 5370 jure
1685 5300 1753 5356 ad
1789 5317 1888 5358 vos
1922 5304 2091 5372 perti-

507 5386 712 5443 nentis.
740 5386 930 5459 Neque
956 5396 1141 5444 tamen
1170 5388 1236 5443 ad
1262 5390 1579 5459 praedictam
1607 5388 1812 5446 terram
1834 5407 1900 5449 eo
1924 5393 2088 5449 modo

511 5476 867 5544 pervenistis,
900 5492 1011 5547 quo
1037 5478 1359 5550 alienigenae
1375 5495 1445 5537 ex
1462 5480 1813 5552 Cappadocia
1832 5484 2087 5551 miscelli,

508 5564 592 5620 vel
621 5564 745 5637 Syri
771 5564 839 5622 de
860 5565 1084 5635 Botbro,
1109 5577 1414 5639 venerunt;
1433 5571 1637 5627 etenim
1659 5572 1714 5627 bi
1729 5572 2085 5644 migrationes

576 5678 934 5762 (‘29)360993;
975 5681 1066 5738 hic
1109 5682 1439 5762 intelligere
1459 5685 1679 5741 videtur
1718 5701 2082 5762 nomen_pro-

506 5751 687 5821 prium
707 5751 1034 5826 Theodorus
1056 5755 1392 5826 probabilius
1416 5755 1670 5826 fortasse,
1707 5760 1869 5826 quam
1896 5751 2082 5815 Hiero-

509 5836 743 5892 nymus,
788 5823 879 5896 qui
921 5823 1987 5896 appellativumuapud'LXXjudicabat
2027 5833 2079 5884 in

507 5908 709 5968 comm.
754 5893 821 5948 ad
859 5893 1011 5949 hunc
1047 5895 1251 5968 locum.
1277 5965 1286 5968 _
1312 5893 1639 5951 En'verba:
1690 5893 1797 5952 Pro
1855 5898 2076 5968 Cyrene,

513 5963 700 6028 Aquila
746 5975 794 6019 et
824 5968 1009 6034 quinta
1063 5965 1226 6020 editio
1269 5965 1441 6035 ipsum
1499 5967 1707 6021 verbum
1761 5963 2077 6026 llebrizicuni

2189 729 2300 782 μοι,
2335 714 2441 767 uici
2484 712 2716 783 Ἰσραὴλ,
2756 712 2900 781 λέγει
2933 712 3214 784 Κύριος;›
3254 712 3328 766 Ού
3359 711 3770 784 παραπλησίους

2182 798 2429 868 Αἰθίοψιν
2469 800 2673 871 ἐθέμην
2714 802 2857 871 ὑμᾶς
2897 800 3155 872 ἐμαυτῷ;
3206 796 3289 865 οἷς
3333 818 3396 870 γε
3432 801 3553 855 οὐδὲ
3590 801 3771 871 φαίνο-

2189 892 2283 961 μαί
2317 908 2369 944 τι
2403 892 2597 963 νείμας
2643 892 2923 962 ἐξαίρετον
2951 892 3082 962 ἐγὼ.
3127 913 3144 945 ι
3175 894 3254 947 Ού
3287 893 3379 946 τὸν
3423 892 3641 965 Ἰσραὴλ
3677 896 3770 948 ἀν-

2187 985 2394 1054 ήγαγον
2424 986 2487 1038 ἐκ
2518 984 2623 1055 γῆς
2668 984 2944 1053 Αἰγύπτου
2966 1001 2981 1050 ;
3007 1004 3026 1036 ι
3075 984 3210 1038 Οὐδὲ
3247 984 3357 1056 γὰρ
3403 983 3593 1057 ὥσπερ
3632 986 3771 1055 ὑμᾶς

2187 1075 2296 1130 ἀπὸ
2324 1075 2424 1143 τῆς
2454 1074 2732 1145 Αἰγύπτου
2757 1074 2956 1141 λαϐὼν,
2994 1076 3095 1147 τῆς
3140 1068 3203 1129 τε
3225 1075 3467 1140 δουλείας
3489 1076 3772 1148 ἀπήλλαξα

2187 1170 2286 1241 τῆς
2319 1152 2520 1241 πικρᾶς
2562 1168 2798 1240 ἐκείνης,
2832 1170 2928 1222 καὶ
2972 1168 3077 1239 γῆς
3128 1169 3388 1240 ἀπέφηνα
3417 1169 3685 1239 τοσαύτης
3714 1188 3770 1224 τε

2189 1261 2285 1315 καὶ
2310 1262 2564 1332 τοιαύτης
2592 1261 2811 1333 κυρίους
2833 1261 2934 1330 τῆς
2963 1262 3023 1315 οὐ
3047 1260 3433 1335 προσηκούσης
3462 1262 3611 1332 ὑμῖν,
3632 1261 3772 1316 οὕτω

2186 1353 2250 1425 δή
2283 1370 2335 1407 τι
2370 1354 2496 1425 περὶ
2524 1353 2788 1418 Αἰθίοπας
2835 1353 3023 1425 ὤφθην
3065 1351 3400 1425 πεποιηκώς.
3461 1352 3612 1414 «Καὶ
3650 1354 3772 1417 τοὺς

2189 1446 2519 1517 ἀλλοφύλους
2542 1447 2608 1500 ἐκ
2628 1446 3050 1511 Καππαδοκίας,
3078 1446 3173 1501 καὶ
3195 1446 3322 1509 τοὺς
3344 1445 3552 1516 Σύρους
3588 1447 3651 1499 ἐκ
3678 1446 3774 1499 Βό-

2191 1539 2321 1611 θρου
2340 1540 2450 1612 (29)
2474 1558 2488 1602 ;
2515 1560 2533 1592 ι
2572 1540 2645 1593 Τὸ
2684 1541 2786 1611 μὲν
2814 1543 2878 1594 ἐκ
2907 1539 3207 1609 Βόθρουφ.
3241 1538 3369 1607 206)
3393 1539 3773 1609 τινὲςέφασαν

2191 1632 2463 1702 λέγεσθαι,
2504 1634 2801 1698 τουτέστιν,
2829 1634 2893 1687 ἐκ
2918 1631 3122 1705 Καρῶν
3153 1630 3264 1703 (50)
3287 1631 3388 1702 τῆς
3412 1631 3507 1686 νῦν
3530 1631 3671 1685 οὕτω
3690 1631 3774 1684 λε-

2190 1726 2450 1798 γομένης,
2494 1726 2622 1779 ποτὲ
2678 1725 2737 1779 δὲ
2766 1726 2991 1797 Χαρῤἀν
3019 1744 3033 1757 ·
3085 1724 3348 1797 περιττὴν
3389 1724 3447 1778 δὲ
3484 1720 3648 1778 οὖσαν
3674 1724 3774 1795 τὴν

2191 1818 2573 1890 ἀκριϐολογίαν
2595 1816 2799 1888 ταύτην
2824 1818 3004 1887 ἀφεὶς,
3046 1816 3123 1887 τῷ
3156 1816 3319 1887 μηδὲν
3353 1816 3490 1887 πρὸς
3516 1817 3578 1870 τὸ
3599 1816 3775 1887 νόημα

2195 1910 2487 1974 συντελεῖν,
2518 1911 2667 1973 ὅστις
2692 1910 2822 1963 ποτέ
2860 1909 2926 1963 ἂν
2955 1910 2984 1963 ὀ
3008 1908 3338 1979 δηλούμενος
3359 1908 3521 1971 τόπος
3538 1910 3606 1961 ἐν
3652 1907 3776 1960 τού-

2189 2019 2301 2065 τοις
2332 1999 2389 2074 ᾖ,
2423 2001 2484 2056 τὸ
2522 2000 2919 2073 σημαινόμενον
2950 2000 3043 2053 ἐπὶ
3070 1997 3166 2052 τοῦ
3211 1999 3481 2069 παρόντος
3516 1998 3625 2068 ἐρῶ
3648 2015 3661 2027 ·
3713 1999 3775 2051 ού

2191 2096 2300 2168 γὰρ
2344 2096 2502 2149 τοῦτο
2536 2094 2705 2164 λέγει,
2737 2096 2819 2149 ὅτι
2860 2093 3000 2157 Τοὺς
3038 2091 3369 2160 ἀλλοφύλους
3406 2091 3679 2162 ἀνήγαγον
3712 2092 3778 2143 ἐκ

2191 2188 2609 2251 Καππαδοκίας,
2664 2189 2758 2241 καὶ
2799 2187 2924 2250 τοὺς
2950 2184 3157 2257 Σύρους
3193 2186 3259 2238 ἐκ
3298 2184 3500 2256 Βόθρου
3526 2200 3539 2213 ·
3574 2185 3636 2237 τὸ
3666 2185 3779 2258 γὰρ

2190 2281 2431 2339 ἐναντίον
2463 2280 2712 2351 βούλεται
2756 2277 3056 2341 δεικνύναι,
3089 2279 3172 2332 ὅτι
3205 2277 3360 2331 οὐθὲν
3389 2276 3598 2331 τοιοῦτο
3636 2294 3780 2350 παρη

2193 2375 2425 2447 έσχηκεν
2456 2374 2684 2447 ἑτέροις,
2729 2367 2841 2426 οἷον
2875 2373 2940 2445 δη
2979 2370 3210 2437 τούτοις,
3252 2370 3396 2424 ὥστε
3429 2371 3649 2442 μείζονα
3683 2372 3780 2424 καὶ

2191 2467 2345 2538 παρά
2366 2466 2571 2521 τούτων
2600 2467 2698 2537 τὴν
2725 2465 3145 2537 εὐγνωμοσύνην
3175 2466 3255 2528 είς
3277 2464 3439 2517 αὑτὸν
3468 2464 3619 2535 παρὰ
3640 2464 3781 2517 πάν-

2189 2580 2288 2631 τας
2331 2561 2528 2634 χρῆναι
2576 2558 2972 2630 φυλάττεσθαι·
3023 2557 3185 2628 δήλου
3215 2556 3465 2626 γειὸντος
3497 2556 3777 2621 κάκείνου,

2189 2656 2267 2720 ὡς
2296 2654 2455 2725 εἴπερ
2476 2652 2768 2723 ἀναγαγὼν
2794 2647 2863 2722 ἦν
2893 2651 2988 2705 καὶ
3008 2650 3229 2721 ἐτέρους
3256 2648 3649 2721 παραπλησίως
3663 2648 3785 2701 τού-

2189 2766 2324 2814 τοις,
2351 2749 2567 2811 πάντως
2596 2748 2660 2802 ἀν
2679 2763 2799 2800 τινα
2826 2746 2921 2799 καὶ
2950 2745 3207 2816 πρόνοιαν
3234 2741 3389 2811 ἔλεγε
3416 2742 3547 2813 περὶ
3570 2742 3774 2804 αὐτοὺς

2192 2839 2541 2912 γεγενῆσθαι,
2579 2838 2717 2910 μετὰ
2748 2836 2839 2891 τοῦ
2877 2836 2972 2891 καὶ
3016 2836 3114 2908 τῆς
3163 2834 3420 2907 προνοίας
3448 2833 3540 2887 τὸν
3577 2833 3783 2886 σκοπὸν

2192 2926 2493 3004 εὔγνωστον
2540 2932 2744 2986 ἅπασιν
2785 2926 2924 2983 εἶναι
2951 2944 2964 2960 ·
3011 2929 3134 2985 ἐπεὶ
3161 2927 3255 2981 καὶ
3283 2927 3376 2980 τὸν
3421 2925 3633 2997 Ἰσραὴλ
3678 2924 3782 2993 ούχ

2192 3025 2380 3089 ἁπλῶς
2425 3025 2670 3095 ἀνήγαγε
2697 3024 2796 3094 τῆς
2826 3020 3128 3090 Αἰγύπτου,
3151 3018 3265 3073 ἀλλ’
3296 3018 3437 3073 ὥστε
3463 3018 3550 3072 διὰ
3578 3018 3784 3088 πολλῆς

2192 3118 2422 3191 ἀγαγὼν
2454 3119 2553 3191 τῆς
2591 3114 2931 3188 ἐπιμελείας,
2963 3113 3263 3185 ἐπιτήδειον
3280 3111 3617 3185 ἐργάσασθαι
3643 3110 3786 3183 πρὸς

2193 3213 2256 3266 τὸ
2284 3210 2491 3266 ἐκεῖθεν
2530 3211 2628 3281 τὴν
2667 3208 2923 3264 ἁπάντων
2962 3205 3199 3276 φανῆναι
3225 3204 3519 3275 σωτηρίαν,
3551 3203 3642 3257 τὸν
3680 3205 3786 3256 Δε-

2113 3336 2158 3398 c
2201 3292 2684 3398 σπότην.Χρισ·ι’όν.

2263 3393 2331 3446 Τί
2364 3387 2458 3447 οὖν
2500 3392 2651 3446 ἐστιν
2681 3390 2708 3445 ὅ
2737 3405 2903 3461 φησι;
2943 3388 3315 3451 Μεταστάσεις
3348 3386 3595 3441 πλεῖσται
3622 3386 3788 3457 γεγό-

2193 3502 2314 3539 νασι
2353 3485 2419 3538 ἐκ
2456 3484 2637 3538 τόπων
2678 3484 2758 3546 εἰς
2787 3482 3019 3545 τόπουςο
3052 3474 3164 3533 οἷον
3197 3480 3261 3551 δή
3296 3497 3347 3533 τι
3377 3480 3471 3534 καὶ
3504 3479 3654 3552 παρὰ
3682 3477 3785 3533 τοῦ

2191 3577 2381 3647 Θάῤῥα
2428 3573 2522 3628 τοῦ
2564 3572 2774 3644 πατρὸς
2802 3570 2895 3625 τοῦ
2931 3570 3202 3643 μακαρίου
3244 3569 3469 3638 γέγονεν
3506 3569 3784 3640 Ἀϐραὰμ,

2192 3667 2498 3734 ἐξελθόντος
2527 3666 2623 3737 μὲν
2672 3666 2737 3719 ἐκ
2765 3663 2869 3735 γῆς
2891 3662 3195 3726 Χαλδαίων,
3234 3661 3555 3733 ἐληλυθότος
3593 3661 3649 3714 δὲ
3698 3663 3786 3724 είς

2192 3758 2441 3833 Χαρρὰν,
2491 3753 2611 3812 εἶτα
2659 3755 3107 3827 τετελευτηκότος
3152 3753 3373 3807 αύτόθι’
3422 3753 3545 3807 ὅθεν
3578 3752 3641 3824 δὴ
3683 3752 3787 3806 καὶ

2197 3851 2527 3923 μεταστῆναι
2560 3849 2750 3919 γέγονε
2784 3847 2971 3902 λοιπὸν
2995 3847 3085 3900 τὸν
3125 3846 3379 3921 Ἀϐραὰμ
3414 3846 3507 3900 ἐπὶ
3544 3844 3641 3917 τὴν
3664 3846 3788 3898 Πα-

2192 3942 2471 4012 λαιστίνην
2492 3960 2503 3971 ’
2539 3941 2640 3994 ούκ
2671 3939 2866 4011 ἄδηλον
2888 3939 2946 3993 δέ
2986 3940 3061 4000 ὡς
3088 3939 3182 3991 καὶ
3216 3940 3245 3991 ὁ
3274 3938 3543 4010 μακάριος
3581 3934 3788 4000 Ἰακὼϐ

2196 4033 2334 4106 μετὰ
2372 4034 2591 4089 πάντων
2627 4034 2704 4103 (p.
2731 4030 2859 4102 207)
2898 4030 3007 4084 τῶν
3060 4031 3447 4102 προσηκόντων
3496 4028 3645 4100 αὐτῷ
3684 4029 3789 4083 ἐπὶ

2192 4128 2291 4199 τὴν
2315 4126 2586 4195 Αἴγυπτον
2614 4124 2870 4195 μετέστη.
2899 4122 3135 4177 Τοσοῦτο
3163 4123 3223 4192 δή
3253 4140 3307 4175 τι
3324 4122 3512 4191 γέγονε
3535 4121 3626 4175 καὶ
3650 4122 3786 4191 mf):

2193 4209 2416 4288 ἐτέρους
2441 4215 2516 4279 ὡς
2540 4214 2687 4278 εἰκός
2709 4229 2721 4241 ·
2774 4212 2869 4267 καί
2897 4229 3042 4275 τινες
3064 4212 3129 4266 ἐκ
3152 4211 3567 4274 »Καππαδοκίας
3596 4210 3790 4281 ὁρμώ-

2197 4326 2367 4381 μενοι,
2399 4308 2493 4362 ἐπὶ
2519 4306 2646 4371 τοὺς
2671 4304 2869 4368 τόπους
2901 4304 3008 4357 τῶν
3040 4302 3356 4373 ἀλλοφύλων
3387 4302 3782 4375 μεταστάντες,

2192 4398 2634 4471 ἐγκατεμίγησαν
2660 4394 2891 4459 ἐκείνοις
2925 4394 3020 4447 καὶ
3049 4393 3336 4463 γεγόνασιν
3359 4392 3541 4446 αὐτῶν
3576 4390 3741 4462 μέρος
3762 4406 3778 4418 ·

2192 4493 2258 4546 ἐκ
2272 4490 2374 4545 Βόθ
2383 4507 2474 4562 ρου
2491 4505 2551 4542 τε
2567 4487 2819 4550 πάλινέίς
2837 4484 3043 4557 Σύρους
3058 4485 3233 4556 ἕτεροι
3249 4482 3783 4555 μεταστάντες,παρ’

2191 4583 2374 4645 αὐτοῖς
2397 4597 2458 4632 τε
2486 4578 2779 4649 διέμειναν,
2808 4577 2899 4629 καὶ
2939 4574 3038 4646 τὴν
3083 4572 3362 4645 ἐπιμιξίαν
3396 4572 3645 4637 ἐδέξαντο
3676 4572 3786 4643 τὴν

2192 4672 2329 4745 πρὸς
2360 4669 2604 4731 ἐκείνους
2629 4685 2640 4700 ·
2697 4666 3020 4737 βουλόμενος
3050 4664 3229 4719 τοίνυν
3262 4665 3434 4717 εἰπεῖν
3463 4665 3492 4717 ὁ
3519 4661 3672 4728 Θεὸς,
3694 4664 3787 4716 ὅτι

2198 4759 2384 4834 μηδενὶ
2422 4756 2645 4813 τοιαῦτα
2697 4753 3016 4829 δεδώρηται,
3055 4754 3215 4809 ὁποῖά
3261 4771 3367 4826 περ
3408 4753 3611 4817 αὐτοῖς,
3651 4749 3785 4806 εἷπε

2198 4853 2318 4925 μὲν,
2342 4850 2556 4905 ὅτιούκ
2584 4849 2642 4901 ἐν
2659 4847 2809 4915 τάξει
2826 4848 2982 4919 ἔσχον
3010 4847 3544 4920 ὑμᾶςΔίθιόπων,ἐκ
3573 4847 3788 4917 μέρους

2194 4945 2261 4999 τὰ
2293 4942 2422 5013 ἔθνη
2461 4939 2781 5013 βουλόμενος
2811 4939 3028 4994 ἅπαντα
3073 4941 3279 4994 εἰπεῖν·
3323 4938 3416 4993 καὶ⁵
3448 4939 3531 4993 ὅτι
3570 4938 3789 5010 μηδένα

2191 5034 2300 5089 τῶν
2332 5031 2512 5087 αὐτῶν
2541 5029 2777 5096 ἀξιώσας
2792 5023 2972 5084 ὦπταί
2995 5046 3147 5085 ποτε⁹
3191 5030 3487 5102 ’Λνήγαγον
3508 5030 3639 5102 γὰρ,
3674 5022 3790 5100 φη-

2196 5127 2299 5191 σίν,
2333 5125 2475 5197 ὑμᾶς
2501 5123 2693 5195 μόνους
2723 5125 2787 5178 ἐκ
2813 5123 2914 5193 τῆς
2936 5123 3237 5191 Αἰγύπτου,
3277 5122 3417 5193 μετὰ
3444 5122 3653 5179 πολλῶν
3676 5123 3791 5193 μὲν

2192 5217 2508 5292 θαυμάτων,
2559 5215 2762 5286 πολλῆς
2786 5216 2842 5269 δὲ
2872 5214 3330 5286 παραδοξοποιίας
3348 5233 3359 5244 ·
3381 5216 3584 5285 ἦγαγόν
3606 5232 3683 5283 τε,
3699 5216 3789 5292 είς

2190 5290 2591 5385 γῆνντοσαύτην
2615 5309 2706 5367 καὶ
2731 5307 3086 5379 τηλικαύτην,
3116 5301 3182 5379 ἦς
3213 5307 3359 5378 ὑμᾶς
3385 5307 3644 5378 ἀπέφηνα
3676 5290 3787 5361 κυ-

2197 5405 2342 5476 ρίους
2365 5402 2516 5457 οὐδὲν
2546 5401 2675 5472 ὑμῖν
2705 5398 3090 5473 προσηκούσης
3113 5414 3126 5428 ⁸
3161 5400 3223 5452 οὐ
3258 5400 3365 5470 μὴν
3387 5398 3508 5453 οὐδὲ
3537 5400 3618 5464 εἰς
3644 5399 3781 5453 ταύ-

2191 5512 2292 5566 την
2334 5491 2506 5555 οὕτως
2551 5488 2871 5560 ἐληλύθατε,
2907 5487 3096 5559 ὥσπερ
3125 5489 3175 5541 oi
3207 5487 3491 5557 ἀλλόφυλοι
3523 5489 3587 5541 ἐκ
3614 5487 3787 5539 Καπ-

2194 5585 2456 5648 παδοκίας
2499 5580 2944 5655 ἐπιμεμιγμένοι,
2978 5581 3013 5653 ἢ
3057 5584 3119 5635 ἐκ
3151 5581 3354 5654 Βόθρου
3382 5583 3493 5647 τοῖς
3540 5579 3733 5651 Σύροις
3768 5596 3786 5609 ·

2191 5708 2479 5770 posuerunt
2506 5696 2663 5754 CIR:
2709 5699 3041 5770 septuaginta
3072 5698 3301 5770 foveant,
3339 5696 3394 5750 id
3437 5706 3516 5750 est
3553 5694 3785 5766 βόθρονξ

2197 5767 2485 5829 Theodotio
2513 5767 2801 5838 parietem:
2830 5767 3195 5838 .Sgimmachus
3220 5767 3497 5840 Cyrenenz,
3541 5781 3695 5838 quem
3728 5774 3793 5821 et

2192 5859 2285 5896 nos
2316 5843 2369 5895 in
2398 5841 2494 5894 hoc
2521 5841 2633 5893 loto
2657 5842 2823 5896 secuti
2861 5856 3064 5895 sunms.

2216 5936 2219 5939 -
2266 5913 2378 5983 (‘50)
2415 5910 2677 5967 Videlicet
2708 5927 2773 5967 ex
2810 5907 3077 5965 Hebraico
