2051 3229
219 235 273 263 30!

725 232 999 262 COMMENTARIUS
1018 232 1051 260 IN
1072 231 1178 263 AMOSI
1197 233 1273 261 CAP.
1288 233 1333 261 1X.

1816 231 1870 259 302

219 291 406 328 μεταστάσεις
423 290 478 327 γάρ
494 298 571 323 τινας
588 291 833 327 ύπομεμενήκασιν
854 292 964 325 ἐκεῖνοι,
982 291 1017 317 οὐ·

1077 291 1211 326 quasdam
1230 290 1369 322 fecerunt.
1398 290 1467 318 nihil
1482 290 1608 319 mirabile
1621 289 1764 322 trahentes,
1780 297 1870 326 neque

217 337 266 364 δὲν
291 337 408 372 ἐχούσας
433 336 601 372 παράδοξον,
624 336 686 363 οὐδέ
705 344 766 363 τινα
790 336 860 372 ἐμὴν
886 336 1024 372 ἐξαίρετον

217 383 384 418 ἐπιμέλειαν
403 381 548 414 δεικνύσας
568 382 633 418 περὶ
658 381 756 414 αὐτούς
769 390 776 397 ·
798 382 866 418 πρὸς
878 382 918 418 τῷ
933 382 981 408 καὶ
994 382 1024 408 ὲν

217 428 404 466 προσηλύτων
416 427 492 460 τάξει
506 428 610 462 διάγειν
625 428 733 460 αὐτοὺς,
751 429 815 463 παρ’
828 425 926 463 οἷσπέρ
937 429 1006 454 εἰσιν
1015 436 1022 443 ·

216 475 296 511 ὑμᾶς
313 475 342 502 δὲ
356 475 435 510 δῆλον
449 474 500 510 μὲν
523 474 581 509 μεθ’
596 475 665 502 ὅσων
688 474 815 507 ἐξέϐαλον
838 474 893 500 τῶν
918 474 1023 509 Θαυμά-

216 529 292 548 των·
312 521 386 552 ὅπως
400 520 428 546 δὲ
446 520 576 554 διήγαγον
588 520 636 554 τὴν
651 520 763 555 ἔρημον,
782 520 857 550 ὅπως
869 518 896 545 δὲ
912 519 1023 554 εἰσήγα-

216 575 271 601 γον
296 567 337 598 εἰς
358 566 407 602 τὴν
432 566 484 601 γῆν
508 566 559 600 τῆς
581 565 758 599 ἐπαγγελίας,
780 565 817 600 (p.
834 565 897 600 208)
915 565 979 600 ὅσης
994 566 1022 592 δὲ

216 612 297 648 ὑμᾶς
309 612 362 647 γῆς
376 611 518 646 πεποίηκα
530 610 652 646 κυρίους,
669 611 792 642 ἅπαντας
804 612 866 643 τοὺς
881 611 924 637 ἐπ’
938 612 1022 647 αὐτῆς

216 658 359 695 πρότερον
368 658 450 689 ὄντας
464 656 567 684 ἀνελών
578 666 584 673 ·
603 657 668 691 ὅσης
685 657 712 683 δὲ
727 658 774 684 καὶ
785 657 922 684 διετέλεσα
940 666 1022 693 μετα-

215 704 312 737 διδοὺς
334 704 398 740 ὑμῖν
423 703 583 739 ἐπιμελείας
609 703 685 739 παρὰ
707 704 810 735 πάντας
840 703 1021 739 ἀνθρώπους·

215 751 295 787 ὑπὲρ
304 747 342 778 ὧν
356 751 426 785 ἄγαν
438 750 592 785 ὀφείλοντες
610 749 676 776 αἰδῶ
687 758 731 785 μοι
744 751 836 785 νέμειν
848 749 1021 781 τινὰ,οὐδένα

215 798 302 834 λόγον
319 798 373 826 τῶν
388 798 418 830 ἐξ
435 797 501 833 ἐμοῦ
521 797 713 833 γεγενημένων
738 799 777 829 εἰς
798 798 870 833 ὑμᾶς
892 798 1021 824 ἐπιδεδει-

215 843 319 880 γμένοι
331 839 470 879 φαίνεσθε.
486 843 518 868 Τί
532 841 593 874 οὖν;

256 937 334 973 Στίχ.
351 939 422 973 η’-ι’.
436 952 472 957 --
485 945 494 961 ι
511 936 575 962 ’ἰδοὺ
591 936 615 962 οἱ
626 935 762 970 ὀφθαλμοὶ
776 935 879 970 Κυρίου
893 935 938 962 τοῦ
952 936 1019 962 (Ξ)εοῦ

216 984 270 1012 ἐπὶ
283 984 334 1020 τὴν
350 982 490 1019 βασιλείαν
506 982 554 1018 τὴν
575 981 737 1017 ἁμαρτωλὸν
749 990 755 996 ·
775 981 822 1007 καὶ
834 981 922 1017 ὲξαρῶ
937 982 1021 1018 αὐτὴν

214 1030 279 1058 ἀπὺ
299 1029 446 1066 προσώπου
466 1029 515 1064 τῆς
538 1028 609 1063 γῆς·
637 1027 707 1063 πλὴν
724 1028 764 1054 ὅτι
779 1028 819 1059 εις
835 1027 911 1059 τέλος
937 1028 967 1054 οὐ
985 1029 1021 1064 μὴ

215 1076 314 1111 ὲξαρῶ
328 1076 373 1102 τὸν
391 1074 465 1102 οἷκον
486 1074 595 1105 Ἰακὼϐ,
614 1073 688 1108 λέγει
705 1073 818 1108 Κύριος.
834 1082 842 1099 ι
871 1073 957 1108 Ὑπὲρ
972 1074 1021 1108 μὲν

215 1119 269 1149 οὖν
283 1121 383 1156 ταύτης
395 1121 445 1156 τῆς
455 1119 651 1155 ἀγνωμοσύνης
662 1119 753 1153 ἀίξελῶ
765 1128 794 1145 τε
808 1120 879 1154 ὑμᾶς
894 1120 941 1154 τῆς
959 1120 1019 1154 γῆς,

216 1168 270 1196 καὶ
289 1168 330 1199 είς
346 1166 536 1203 αἰχμαλωσίαν
551 1165 648 1198 ἀπάξω
659 1165 708 1199 τὴν
723 1164 793 1191 οὕτω
808 1165 928 1200 πονηρὰν
943 1166 1020 1200 βασι-

215 1212 297 1240 λείαν
310 1221 316 1227 ·
326 1213 356 1239 οὐ
372 1212 424 1247 μὴν
438 1211 569 1246 ἀνέξομαι
584 1210 704 1244 παντελῆ
719 1210 764 1236 τὸν
777 1211 930 1245 ἀφανισμὸν
943 1211 1020 1245 ὑμῶν

216 1258 444 1295 ἀπεργάσεσθαι,
477 1257 653 1292 μεμνημένος
678 1256 726 1291 τῆς
751 1256 864 1291 γνώμης
884 1257 932 1292 τῆς
951 1258 1020 1293 ἐμῆς

217 1304 283 1340 μεθ’
296 1301 331 1341 ἧς
343 1303 478 1338 τοσαύτην
492 1302 589 1337 ἔνειμα
603 1302 652 1337 τὴν
664 1301 832 1337 ἐπιμέλειαν.
857 1310 865 1325 ι
879 1301 950 1327 Διότι
964 1302 1018 1328 ἰδοὺ

213 1350 277 1385 ἐγὼ
299 1349 469 1385 ἐντέλλομαι,
494 1349 540 1376 καὶ
562 1349 689 1385 λικμήσω
711 1349 739 1375 δὲ
759 1347 832 1385 οἷκον
856 1349 963 1384 Ἰσραὴλ
992 1350 1019 1375 ἐν

214 1397 291 1424 πᾶσι
305 1397 362 1428 τοῖς
383 1395 499 1427 ἔθνεσιν,
515 1395 545 1422 ὂν
559 1396 659 1431 τρόπον
673 1395 803 1430 λικμᾶται
820 1396 847 1421 ἐν
859 1395 896 1430 τῷ
911 1395 1001 1431 λικμῷ
1011 1404 1017 1410 ·

214 1442 266 1468 καὶ
282 1441 312 1467 οὒ
329 1440 365 1476 μὴ
379 1440 451 1477 πέσῃ
466 1440 626 1476 σύντριμμα
636 1441 682 1466 ἐπὶ
692 1441 741 1475 τὴν
759 1441 819 1475 γῆν.
836 1450 845 1466 ι
867 1441 950 1475 Δίκην
965 1441 1018 1477 γὰρ

213 1487 276 1514 τῶν
292 1486 455 1522 λικμώντων
478 1486 570 1513 ἅλωνα
590 1486 637 1513 καὶ
655 1486 824 1522 χωριζόντων
846 1487 893 1514 τοῦ
916 1487 1017 1523 ἀκύρου

212 1533 264 1560 τὸν
280 1534 363 1564 σῖτον,
382 1532 537 1568 παραδώσω
554 1533 602 1567 μὲν
615 1533 687 1568 ὑμᾶς
707 1533 746 1564 εἰς
758 1534 946 1568 αἰχμαλωσίαν
963 1535 1018 1566 τοῖς

214 1578 312 1606 ἔθνεσι
323 1586 330 1593 ’
348 1578 469 1613 παντελῆ
488 1578 517 1605 δὲ
534 1578 611 1613 ὑμῶν
632 1579 677 1615 cev
695 1580 848 1615 ἀφανισμὸν
868 1580 917 1607 οὐκ
934 1580 1017 1616 ἐργά-

216 1633 317 1661 σομαι,
336 1625 497 1660 περισὼζων
516 1624 563 1656 οὓς
583 1625 616 1652 ἂν
639 1625 729 1658 ἀξίους
751 1626 891 1661 δοκιμὰσω
906 1627 953 1653 τοῦ
968 1627 1018 1662 τῆς

215 1671 360 1707 σωτηρίας
372 1670 474 1705 ταύτης
489 1671 590 1706 τυχεῖν.
612 1670 675 1698 (Ἐν
691 1671 813 1707 ῥομφαίᾳ
827 1672 1018 1707 τελευτήσουσι

214 1717 323 1747 πάντες
343 1715 501 1751 ἁμαρτωλοὶ
518 1715 564 1741 τοῦ
585 1714 649 1741 λαοῦ
668 1723 730 1750 μου,
751 1717 789 1750 (p.
809 1716 871 1751 209)
887 1717 911 1742 οἱ
925 1716 1016 1750 λέγον-

213 1771 278 1795 τες,
295 1762 333 1789 Οὐ
350 1762 388 1797 μὴ
403 1761 503 1797 ὲγγίσῃ
516 1761 576 1787 οὐδὲ
595 1761 632 1796 μὴ
645 1761 710 1797 ἕλοῃ
723 1761 765 1796 ἐφ’
775 1762 848 1796 ἡμᾶς
865 1762 899 1788 τὰ
913 1763 995 1790 κακά.
1006 1773 1014 1788 ι

221 1809 348 1844 ’Δφανιῶ
359 1808 414 1843 γὰρ
430 1807 469 1843 τῷ
489 1807 601 1842 πολέμῳ
616 1808 679 1839 τοὺς
695 1807 763 1841 πρὸς
780 1807 809 1833 τὸ
828 1809 918 1842 χεῖρον
930 1808 1019 1835 νεύον-

214 1863 282 1887 τας,
295 1854 344 1882 καὶ
355 1854 406 1881 οὐκ
424 1854 564 1889 οἰομένους
578 1853 648 1880 κατὰ
667 1853 715 1884 τὰς
730 1854 783 1879 τῶν
800 1854 949 1889 προφητῶν
966 1863 1018 1890 μη-

213 1903 314 1934 νύσεις
327 1900 523 1928 ὲπελεύσεσθαί
534 1909 559 1926 τι
575 1900 627 1927 τῶν
640 1900 796 1926 λυπούντων
814 1900 921 1932 αὐτούς.
941 1900 1018 1927 Οὕτω

212 1947 263 1976 διὰ
274 1947 386 1974 πάντων
400 1946 434 1973 τὰ
452 1946 654 1981 ὲπελευσὸμενα
665 1945 703 1980 τῷ
714 1945 771 1981 λαῷ
797 1945 918 1980 μηνύσας
933 1946 1016 1978 κακὰ,

215 1994 268 2022 ἅτε
283 1993 360 2028 παρὰ
383 1993 438 2020 τῶν
463 1992 614 2027 Ἀσσυρίων
627 1992 691 2026 περὶ
716 1991 765 2023 τὰς
779 1991 846 2018 δέκα
860 1992 1017 2026 συμϐαίνειν

213 2040 322 2077 ῆμελλε
338 2038 435 2074 φυλὰς,
446 2038 493 2066 ἇτε
508 2037 584 2074 παρὰ
598 2038 652 2064 τῶν
663 2037 841 2064 Βαϐυλωνίων
852 2037 965 2073 ὕστερον
979 2039 1018 2070 εἰς

212 2085 283 2117 τοὺς
295 2083 417 2116 λοιποὺς,
444 2079 540 2119 μηνύει
554 2082 603 2109 καὶ
616 2082 666 2117 τὴν
680 2083 726 2109 ἐπὶ
745 2082 775 2109 τὸ
790 2083 913 2119 κρεῖττον
928 2083 1018 2110 αὐτῶν

216 2131 281 2166 μετ’
296 2131 385 2157 ἐκεῖνο
402 2129 564 2165 μεταῦολὴν,
580 2128 626 2155 καὶ
641 2129 722 2163 φησίν
735 2137 740 2143 ·

253 2176 331 2212 Στίχ.
349 2178 393 2207 ια’,
413 2174 457 2209 ιβ’.
474 2190 507 2195 -
521 2184 530 2200 ι
549 2175 593 2201 Ἐν
610 2175 642 2209 τῇ
660 2174 751 2210 ἡμέρᾳ
770 2174 860 2210 ἐκείνῃ
875 2175 1018 2209 ἀναστήσω

214 2222 267 2259 τὴν
284 2221 388 2258 σκηνὴν
399 2221 481 2248 Δαυτδ
493 2221 543 2256 τὴν
558 2222 744 2253 πεπτωκυῖαν,
757 2221 803 2247 καὶ
815 2220 1017 2256 ἀνοικοδομήσω

213 2268 319 2304 αὐτὴν,
334 2266 426 2299 καθὼς
443 2267 473 2294 αἱ
487 2266 589 2302 ἡμέραι
610 2266 657 2294 τοῦ
673 2266 789 2298 αίῶνος’
811 2266 885 2298 ὅπως
902 2266 1017 2302 ἐκζητή-

1040 976 1058 1003 ll

1076 337 1161 365 ullum
1182 344 1272 365 meum
1284 344 1340 372 prae
1357 344 1387 364 se
1410 336 1529 364 ferentes
1546 337 1710 371 peculiarem
1729 336 1866 364 favorem:

1075 387 1258 419 praeterquam
1270 383 1344 418 quod
1364 382 1410 410 isti
1428 383 1455 410 in
1478 382 1677 417 proselytorum
1694 382 1789 410 ordine
1802 386 1869 409 sunt

1075 430 1146 465 apud
1176 430 1249 462 illos,
1274 429 1439 464 quibuscum
1476 434 1630 456 versantur.
1660 428 1693 454 At
1717 428 1788 455 enim
1815 436 1865 455 vos

1075 476 1186 511 quantis
1202 484 1252 512 ego
1268 475 1400 511 prodigiis
1415 475 1600 505 liberaverim.
1611 475 1786 502 notissimum
1804 479 1862 502 est:

1075 522 1214 557 quomodo
1239 531 1288 558 per
1317 522 1456 550 desertum
1484 522 1657 553 deluxcrim,
1682 521 1820 556 quomodo
1837 522 1865 548 in

1075 568 1240 603 promissam
1263 572 1364 595 terram
1398 568 1606 598 introduxerint.
1638 570 1665 594 et
1693 571 1802 602 quanta:
1817 575 1866 594 vos

1076 623 1251 650 possessores
1285 615 1406 651 regionis
1430 615 1554 646 fecerim,
1583 614 1712 641 omnibus
1727 614 1774 648 qui
1792 614 1865 640 illam

1075 666 1154 688 antea
1172 661 1330 688 incolebant
1351 661 1501 696 peremptis
1516 669 1523 687 :
1537 664 1669 695 quantam
1684 659 1801 694 denique
1818 668 1861 688 vo»:

1074 706 1115 733 bis
1133 713 1189 741 prae
1212 707 1321 734 cunctis
1352 706 1509 734 hominibus
1536 710 1563 732 ct
1586 713 1666 740 quant
1691 708 1862 733 constanteu

1073 760 1167 779 curam
1187 753 1378 788 impenderim.
1398 753 1520 786 Quorum
1542 752 1665 779 omnium
1687 759 1782 783 causa,
1804 759 1857 778 cuu

1073 799 1204 826 eximium
1220 799 1286 827 mihi
1304 800 1442 828 deberetis
1457 799 1631 834 obsequium,
1650 799 1757 826 nullum
1776 804 1855 826 tamet

1076 845 1274 873 beneficiorum
1298 853 1362 881 erga
1385 854 1433 874 vos
1450 853 1572 873 meorum
1598 849 1752 880 respectum
1775 849 1866 873 osten-

1071 892 1162 918 distis.
1179 891 1250 924 Quid
1279 892 1364 928 ergo?

1106 936 1186 965 Vens.
1197 937 1213 964 8
1220 938 1324 965 -l0.—(
1334 937 1403 965 Ecce
1410 938 1482 965 oeuli
1493 937 1600 965 Domini
1607 937 1654 964 Dei
1662 944 1745 972 super
1753 944 1865 972 regnum

1075 991 1203 1018 peccans,
1228 987 1254 1011 et
1272 983 1393 1011 auferam
1422 983 1490 1010 illud
1508 991 1522 1010 a
1539 983 1609 1011 facie
1625 988 1706 1011 terra:
1730 993 1736 1010 :
1755 990 1865 1010 verum-

1074 1033 1164 1056 tamen
1184 1037 1237 1056 non
1255 1029 1282 1056 in
1302 1029 1383 1056 finem
1397 1029 1519 1056 auferam
1542 1029 1653 1056 domum
1671 1028 1777 1060 Jacob,’
1795 1028 1864 1055 dicit

1074 1075 1215 1102 Dominus.
1232 1085 1241 1100 ›
1259 1075 1374 1110 Propter
1394 1075 1467 1102 hunc
1486 1082 1550 1102 sane
1567 1075 1706 1109 ingratum
1730 1075 1863 1106 animum,

1073 1122 1194 1148 auferam
1211 1129 1260 1149 vos
1276 1122 1310 1149 de
1329 1126 1412 1154 terra.
1434 1126 1460 1148 ct
1481 1122 1506 1148 in
1524 1122 1706 1156 captivitatem
1729 1121 1861 1156 expellam

1073 1172 1126 1194 tam
1152 1176 1268 1203 nequam
1289 1176 1403 1204 regnum
1422 1177 1428 1201 ;
1453 1176 1507 1195 non
1529 1172 1618 1195 tamen
1646 1168 1733 1203 patiar
1751 1168 1861 1202 plenum

1072 1215 1155 1241 vostri
1195 1216 1384 1243 consummari
1414 1215 1541 1247 exitium,
1579 1223 1685 1242 memor
1713 1215 1863 1242 voluntatis

1072 1269 1148 1292 mete,
1167 1269 1222 1297 qua
1237 1265 1341 1289 tantam
1362 1262 1439 1289 vobis
1462 1269 1557 1289 curam
1583 1261 1713 1296 impendi.
1731 1271 1740 1287 ί
1758 1261 1795 1288 En
1811 1269 1861 1296 ego

1071 1307 1238 1342 prreipiam,
1254 1312 1280 1335 et
1297 1308 1433 1334 ventilabo
1448 1307 1559 1334 domum
1583 1307 1706 1339 lsraelis,
1726 1307 1860 1342 quemad-

1071 1352 1181 1378 modum
1209 1352 1358 1379 ventilatur
1390 1352 1416 1378 in
1445 1352 1609 1384 ventilabro,
1643 1355 1670 1379 et.
1699 1360 1752 1378 non
1782 1352 1860 1379 cadet

1072 1397 1254 1432 fragmentum
1273 1406 1356 1433 super
1373 1403 1486 1426 tetram.
1500 1408 1508 1424 ι
1530 1398 1591 1425 llitu
1617 1398 1805 1424 ventilantium
1833 1398 1859 1424 iu

1071 1451 1144 1475 area,
1170 1448 1198 1471 et
1228 1446 1431 1472 secerncntinm
1453 1453 1468 1472 a
1495 1445 1571 1480 palea
1600 1444 1732 1477 triticum,
1755 1444 1861 1470 tradam

1070 1498 1119 1517 vos
1136 1491 1263 1525 gentibus
1281 1492 1309 1518 in
1324 1491 1611 1526 captivitatcm;hand
1628 1498 1691 1517 vero
1704 1491 1857 1517 absolutam

1069 1536 1154 1563 vestri
1181 1537 1330 1571 perniciem
1364 1537 1444 1572 138
1467 1537 1575 1568 faciam,
1607 1545 1773 1564 conservans
1798 1537 1860 1564 illos

1070 1590 1138 1617 quos
1165 1584 1235 1610 hanc
1266 1584 1428 1619 impetrandi
1461 1584 1575 1611 salutem
1598 1584 1694 1618 dignos
1718 1583 1858 1618 judicabo.

1032 1647 1053 1674 (Σ
1073 1638 1081 1654 ι
1101 1628 1197 1655 Gladio
1219 1629 1370 1656 morientur
1393 1637 1488 1657 omnes
1505 1634 1661 1664 peccatures
1687 1629 1776 1664 populi
1796 1630 1859 1661 mei,

1069 1675 1116 1709 qui
1144 1675 1239 1702 dicunt
1265 1685 1271 1702 :
1288 1675 1347 1703 Non
1367 1677 1625 1711 appropinquabant
1647 1684 1734 1711 neque
1752 1677 1862 1704 venient

1070 1728 1153 1755 super
1166 1728 1216 1748 nos
1233 1721 1313 1748 mala.
1326 1731 1334 1747 ι
1353 1721 1426 1749 Bello
1441 1722 1514 1749 enim
1537 1730 1584 1750 eos
1600 1723 1722 1758 perdam.
1746 1726 1791 1760 qui
1809 1727 1860 1753 im-

1071 1767 1199 1802 probitati
1216 1772 1280 1794 sunt
1297 1767 1393 1800 dediti,
1420 1771 1445 1794 et
1461 1776 1515 1795 non
1529 1769 1646 1796 credunt.
1659 1769 1716 1797 fore
1732 1775 1762 1797 ut
1782 1771 1861 1806 juxta

1072 1812 1266 1847 prophetarum
1284 1814 1414 1841 vaticinia
1444 1814 1522 1842 triste
1545 1815 1648 1850 aliquid
1672 1816 1723 1844 sibi
1741 1818 1858 1845 eveniat.

1070 1858 1220 1892 P0stquam
1246 1859 1287 1886 sic
1315 1859 1460 1892 hactenus,
1498 1864 1628 1888 eventura
1662 1863 1762 1896 populo
1787 1864 1857 1891 mala

1071 1903 1206 1938 propheta
1234 1904 1370 1938 praedixit,
1401 1909 1458 1931 tum
1474 1913 1534 1940 quae
1561 1906 1595 1933 ab
1618 1907 1738 1942 Assyriis
1763 1908 1858 1937 decem

1070 1949 1160 1976 tribus
1182 1957 1305 1984 passm-1e
1324 1955 1412 1983 erant,
1443 1957 1499 1977 tum
1520 1960 1579 1987 qua:
1598 1957 1694 1988 postea
1716 1954 1814 1990 reliqui
1842 1964 1857 1983 τι

1070 1995 1240 2030 Babyloniis,
1273 1996 1397 2030 przedicit
1422 1998 1504 2024 etiam
1530 1998 1651 2032 ipsorum
1676 2003 1740 2035 post
1757 2000 1803 2028 illa
1827 2000 1855 2028 iu

1070 2041 1169 2068 melius
1184 2042 1403 2077 conversionem,
1420 2044 1510 2079 aitque
1525 2053 1531 2071 :

1105 2178 1189 2206 Vens.
1206 2179 1250 2212 ll,
1262 2179 1306 2206 12.
1316 2194 1351 2199 -
1362 2189 1370 2206 ι
1381 2178 1429 2207 Die
1444 2179 1489 2207 illa
1501 2181 1641 2209 suscitabo
1651 2181 1858 2214 tabernaculum

1071 2222 1181 2251 Davidis
1194 2224 1266 2259 quod
1281 2224 1390 2256 cecidit,
1401 2228 1428 2255 et
1444 2225 1616 2254 reuadificabo
1632 2227 1698 2255 illud
1716 2229 1786 2257 sicut
1802 2231 1861 2259 dies

1070 2270 1174 2300 szeculi,
1191 2275 1219 2296 ut
1235 2270 1379 2304 exquirant
1389 2278 1433 2297 me
1447 2271 1544 2306 reliqui
1565 2272 1718 2308 hominum,
1728 2280 1858 2311 etgentcs

215 2314 290 2342 σωσί
308 2321 342 2349 με
353 2314 378 2339 οἱ
393 2312 555 2339 κατάλοιποι
572 2312 625 2339 τῶν
639 2311 801 2348 ἀνθρώπων,
818 2312 865 2338 καὶ
882 2311 970 2338 πάντα
982 2311 1016 2338 τὰ

1070 2322 1175 2346 omnes,
1196 2323 1278 2349 super
1294 2316 1394 2350 quibus
1409 2316 1565 2344 invocatum
1577 2321 1619 2346 est
1635 2326 1735 2347 nomen
1754 2329 1857 2356 meum,

214 2359 285 2395 ἔθνη
300 2359 343 2393 ἐφ’
355 2357 374 2386 ἃ
391 2357 570 2394 ἐπικέκληται
586 2358 615 2384 τὸ
629 2357 714 2393 ὄνομά
728 2366 778 2393 μου
792 2358 835 2384 ἐπ’
848 2357 927 2389 αὐτὰ,
941 2357 1015 2392 λέγει

214 2405 324 2441 Κύριος
334 2405 348 2431 ὸ
366 2404 452 2431 ποιῶν
472 2405 560 2431 πάντα
575 2404 671 2431 ταῦτα.
681 2414 691 2430 ι
721 2404 800 2431 Ἀλλὰ
812 2403 865 2439 γὰρ
884 2404 953 2439 μετὰ
967 2404 1016 2439 τὴν

213 2449 273 2477 τῶν
290 2449 421 2485 λυπηρῶν
443 2449 541 2485 πεῖραν
561 2449 704 2484 μεταϐαλῶ
722 2449 810 2476 πάντα
824 2449 869 2475 ἐπὶ
884 2450 913 2475 τὸ
926 2451 1017 2485 κρεῖτ-

213 2504 276 2526 τον.
299 2495 348 2522 καὶ
366 2494 491 2531 ἁνεγερῶ
510 2494 556 2522 τοῦ
578 2495 660 2522 Δαυῒδ
679 2495 728 2530 τὴν
748 2496 924 2522 πεπτωκυῖαν
944 2495 1017 2530 βασι-

212 2541 313 2569 λείαν·
342 2542 389 2568 καὶ
411 2541 493 2568 πάλιν
518 2541 547 2573 ὲξ
565 2541 649 2576 αὐτῆς
672 2541 822 2576 ἡγούμενον
837 2540 914 2567 δώσω
935 2542 1016 2568 παντὶ

211 2587 256 2623 τῷ
270 2587 329 2625 λαῷ
340 2595 349 2603 ⁸
369 2586 408 2619 ὠς
429 2586 468 2625 μὴ
493 2587 573 2622 μόνον
589 2587 693 2614 τούτων
715 2587 778 2620 τοὺς
793 2587 1015 2621 ὑπολειφθέντας,

212 2633 288 2661 ἀλλὰ
301 2632 357 2669 γὰρ
371 2633 419 2667 καὶ
429 2631 547 2664 πολλοὺς
561 2632 615 2659 τῶν
630 2632 760 2660 ἐναντίων
775 2632 827 2659 ὑπὸ
843 2632 894 2668 τῆς
908 2633 1002 2669 γινομέ

213 2687 272 2707 νων
299 2679 459 2714 ἐκπλήξεως
487 2679 663 2714 κινουμένους
686 2678 752 2705 Θεὸν
778 2678 946 2714 ὁμολογῆσαι
969 2679 1015 2705 τὸν

212 2725 265 2754 τοῦ
277 2725 379 2756 παντὸς
395 2725 511 2760 ποιητήν
533 2733 562 2751 τε
577 2725 624 2752 καὶ
641 2724 759 2760 Κύριον·
774 2724 860 2750 ταῦτα
874 2725 929 2760 γὰρ
947 2725 1016 2751 ἀπο-

214 2769 343 2807 φαίνεται
356 2771 371 2797 ὁ
387 2769 435 2796 καὶ
449 2769 519 2805 πρὸς
534 2769 621 2804 πέρας
631 2769 702 2801 ἄξων
718 2769 788 2795 αὐτὰ
801 2769 879 2801 Θεός⁶
899 2769 1015 2796 ἐνταῦθα

214 2817 270 2854 μὲν
287 2814 336 2844 οὖν
346 2815 383 2843 τὰ
404 2816 478 2843 κατὰ
498 2816 549 2852 τὴν
567 2816 696 2842 ἐπάνοδον
721 2816 770 2850 τὴν
788 2815 842 2842 ἀπὸ
856 2815 1015 2848 Βαϐυλῶνος

211 2863 302 2898 λέγει,
313 2863 355 2890 ὅτι
365 2863 398 2898 δὴ
409 2862 522 2898 βασιλέα
536 2863 568 2888 ἐκ
578 2861 625 2888 τοῦ
638 2861 720 2888 Δαυῒδ
731 2861 795 2889 ὅντα
810 2862 854 2888 τὸν
863 2862 1015 2897 Ζοροϐάϐελ

211 2908 377 2940 ὲπανύντες
397 2908 445 2935 litt
458 2909 492 2936 τὰ
519 2909 607 2935 οἰκεῖα
633 2908 749 2943 ἤμελλον
775 2909 894 2940 ἅπαντες
921 2909 1012 2944 ἔχειν·

212 2952 353 2990 (p.210)6
361 2952 486 2989 μέντοιγε
495 2953 629 2989 μακάριος
647 2953 773 2986 Ἰάκωεος
782 2954 811 2980 ἐν
820 2956 879 2986 ταῖς
893 2954 1012 2990 Ιῐράξεσι

1070 2360 1138 2388 dicit
1161 2360 1294 2389 Dominus
1323 2364 1370 2397 qui
1396 2362 1454 2390 hac
1469 2363 1561 2390 omnia
1585 2363 1659 2392 facit.
1676 2375 1685 2392 ι
1707 2365 1764 2402 Age
1791 2376 1860 2396 vero

1071 2411 1132 2441 post
1143 2407 1331 2434 molestiarum
1349 2409 1569 2443 perpessionem,
1598 2411 1690 2439 omnia
1719 2412 1746 2440 in
1762 2415 1861 2443 melius

1070 2453 1192 2485 mutabo,
1203 2457 1229 2480 et
1244 2458 1410 2488 prostratum
1438 2454 1548 2483 Davidis
1577 2464 1690 2493 regnum
1707 2460 1832 2489 excitabo
1852 2471 1858 2489 :

1071 2504 1222 2532 rursusque
1236 2506 1269 2525 ex
1287 2499 1347 2533 ipso
1365 2500 1436 2527 dabo
1461 2501 1559 2529 ducem
1581 2503 1709 2531 universo
1728 2507 1829 2540 populo
1852 2517 1857 2534 :

1070 2543 1107 2570 ita
1133 2549 1162 2570 ut
1179 2551 1233 2570 non
1251 2544 1277 2571 hi
1308 2545 1398 2572 solum
1422 2546 1509 2574 ruina:
1533 2549 1706 2582 superstites,
1738 2551 1785 2577 sed
1813 2552 1859 2579 alii

1070 2589 1147 2616 multi
1160 2590 1193 2617 de
1211 2598 1326 2618 numero
1345 2592 1560 2625 contrariorum,
1581 2601 1672 2621 rerum
1687 2594 1783 2623 harum
1801 2600 1861 2625 stu-

1070 2642 1133 2666 pore
1143 2636 1274 2670 perculsi,
1289 2631 1373 2664 Deum
1388 2637 1544 2666 confessuri
1565 2639 1747 2669 sintuniversi
1765 2645 1859 2672 mundi

1068 2679 1200 2708 factorem
1218 2688 1249 2715 ac
1267 2681 1421 2710 Dominum.
1439 2683 1544 2718 Quippe
1561 2684 1619 2712 haec
1635 2685 1725 2720 palam
1737 2687 1860 2717 decernit

1070 2726 1093 2752 is
1109 2725 1156 2760 qui
1172 2726 1267 2754 eadem
1290 2726 1323 2754 ad
1335 2727 1438 2754 exitum
1456 2729 1587 2762 perducet
1601 2730 1683 2758 Deus.
1714 2731 1765 2760 Hic
1776 2733 1861 2769 igitur

1069 2777 1113 2798 res
1126 2770 1198 2798 circa
1215 2772 1330 2799 reditum
1351 2771 1489 2808 Babylone
1502 2774 1622 2808 agendas
1639 2776 1721 2811 dicit;
1736 2781 1762 2805 et
1786 2779 1858 2815 quod

1069 2823 1159 2852 regem
1188 2817 1290 2844 Davide
1311 2818 1459 2845 oriundum
1490 2819 1687 2850 Zorobabelem
1708 2831 1805 2853 omnes
1832 2827 1860 2852 in

1070 2862 1178 2897 propria
1204 2863 1320 2891 reduces
1346 2864 1465 2892 habituri
1491 2866 1556 2893 sint.
1580 2867 1691 2895 Beatum
1709 2870 1858 2904 quinetiam

1068 2908 1199 2937 Jacobum
1224 2910 1251 2937 in
1279 2916 1438 2940 sanctorum
1466 2914 1654 2948 apostolorum
1678 2916 1794 2943 Actibus
1825 2916 1859 2943 de

1068 2955 1177 2984 Christo
1197 2956 1312 2984 Domino
1335 2957 1406 2986 hanc
1432 2960 1556 2988 eamdem
1580 2961 1745 2989 locutionem
1777 2969 1858 2990 usur-
