4102 6462
433 475 538 534 303

1633 467 1984 524 THEODORI
2024 469 2510 528 MOPSI‘ESTENI

3586 469 3691 524 30b

437 581 595 638 passe
625 570 846 636 apparet
863 563 927 630 ",
983 564 1240 634 quoniam
1277 577 1339 621 ea
1388 577 1573 618 verum
1622 564 1827 618 exitum
1871 571 2003 617 tunc

2115 565 2218 618 τῶν
2245 567 2415 636 ἀγίων
2440 567 2750 622 ἀποστόλων
2778 566 2892 639 (59)
2924 563 3017 618 ἐπὶ
3046 560 3134 616 τοῦ
3161 563 3430 616 Δεσπότου
3455 563 3690 634 Χριστοῦ

437 659 701 714 habuerat
747 670 872 710 eum
924 669 1115 724 reapse
1165 654 1467 724 collapsum
1514 653 1736 708 Davidis
1772 668 2000 723 regnum

434 747 759 816 resurrexit,
817 747 1080 818 omnique
1151 753 1336 802 vetere
1387 746 1698 816 corruptela
1761 745 2003 816 abjecta,

433 840 732 914 perfectum
755 849 955 894 statum
982 838 1348 908 recuperavit.
1405 837 1561 894 Tunc
1601 838 1881 893 enimvero
1916 852 2007 892 ce-

435 935 512 1004 pit
541 949 766 1005 regnum
814 941 1162 1004 posterorum
1196 931 1418 988 Davidis
1452 932 1785 996 ﬁrmitatem,
1819 944 2006 1000 parem

432 1026 626 1081 diebus
654 1025 893 1090 a-ternis,
927 1024 1086 1096 139
1121 1025 1250 1095 quia
1273 1031 1597 1096 perpetuum
1633 1033 1835 1079 statum
1865 1023 2009 1078 obti-

433 1119 573 1174 nuit.
601 1117 868 1173 Praeterea
889 1126 944 1173 et
976 1117 1066 1172 Dei
1085 1132 1303 1188 quoque
1331 1117 1582 1172 notitiam
1603 1117 1746 1187 apud
1764 1116 2008 1186 reliquos

409 1203 686 1266 homines
734 1218 1078 1280 cunctasque
1134 1219 1324 1279 gentes
1371 1209 1778 1265 diﬂ‘undendam
1817 1209 2004 1274 fuisse,

433 1318 524 1358 res
557 1303 689 1372 ipsae
721 1311 886 1373 gestae
913 1317 1100 1358 verum
1124 1302 1594 1358 demonstrarunt.
1636 1301 2004 1369 Quamobrem

433 1395 713 1467 propheta:
755 1394 973 1466 quidem
1000 1409 1105 1451 vox
1131 1411 1218 1451 res
1262 1403 1387 1466 post
1427 1397 1664 1452 reditum
1720 1406 2011 1452 eventuras

435 1487 705 1542 hactenus
733 1485 872 1545 dixit
907 1503 921 1540 :
971 1495 1208 1542 attamen
1255 1487 1528 1543 dictorum
1571 1487 1795 1552 veritas,
1837 1495 1891 1542 et
1921 1486 2012 1540 ﬁr-

435 1579 622 1642 mitas,
661 1587 714 1632 et
763 1577 1138 1641 immobilitas,
1199 1592 1265 1632 ac
1295 1578 1656 1649 perpetuitas,
1687 1578 1749 1633 in
1791 1577 2012 1634 Christo

435 1669 668 1725 Domino
710 1678 930 1726 ostensa
959 1679 1013 1726 et
1044 1670 1376 1737 consistens,
1409 1671 1616 1743 justam
1647 1671 1786 1727 beati
1821 1669 2011 1726 Jacobi

438 1763 590 1820 dicto
620 1763 999 1818 auctoritatem
1032 1764 1280 1834 praabuit.

2106 658 2353 726 φαίνεται
2372 665 2436 732 τῇ
2467 666 2617 734 φωνῇ
2651 657 3092 732 συγκεχρημένος
3119 654 3314 726 ταύτῃ,
3339 653 3436 708 ἅτε
3471 653 3566 707 καὶ
3594 653 3691 724 τὴν

2109 751 2330 806 ἔκϐασιν
2361 753 2534 825 ἀληθῆ
2566 754 2804 825 λαόούσῃ
2832 751 2952 804 τότε
2990 748 3225 821 ὁπηνίκα
3271 747 3442 810 ὅντως
3469 748 3503 817 ἡ
3535 745 3690 817 βασι-

2108 841 2227 895 λεία
2259 847 2578 898 πεπτωκυῖα
2598 844 2691 898 τοῦ
2717 843 2882 898 Δαυῖδ
2909 842 3130 910 ἀνέστη,
3157 839 3253 893 καὶ
3279 841 3458 892 πᾶσαν
3485 837 3692 891 ἀποδα-

2109 935 2275 990 λοῦσα
2323 937 2593 1009 σάθρωσιν
2614 939 2670 991 ὲν
2698 935 2993 1006 τελειότητι
3018 932 3253 1002 κατέστη
3275 947 3288 959 ·
3345 929 3465 984 τότε
3503 929 3567 999 δὴ
3596 929 3692 983 καὶ

2110 1028 2208 1098 τὴν
2229 1027 2515 1099 βεϐαίωσιν
2541 1029 2760 1100 εἴληφεν
2779 1030 2813 1098 ἡ
2839 1026 3084 1096 βασιλεία
3098 1024 3198 1095 τῆς
3214 1023 3309 1076 τοῦ
3329 1019 3491 1075 Δαυῖδ
3506 1019 3690 1074 διαδο-

2112 1121 2236 1193 χῆς,
2269 1121 2658 1193 παραπλησίαν
2675 1123 2795 1184 ταῖς
2812 1117 2905 1172 τοῦ
2931 1117 3124 1181 αἰῶνος
3145 1116 3402 1187 ἡμέραις,
3426 1114 3693 1183 ὄτεπερὲν

2112 1214 2351 1286 διηνεκεῖ
2393 1215 2492 1286 τὴν
2540 1214 2800 1268 σύστασιν
2851 1207 3028 1283 εῖχεν·
3083 1211 3178 1264 καὶ
3222 1209 3320 1280 μὲν
3363 1206 3550 1261 καὶτὸ
3592 1207 3693 1277 τὴν

2117 1307 2409 1376 ἐπίγνωσιν
2438 1307 2537 1378 τὴν
2570 1307 2718 1361 Θείαν
2748 1303 3068 1374 ἐγγενέσθαι
3087 1304 3202 1365 τοῖς
3230 1300 3434 1362 λοιποῖς
3461 1297 3568 1351 τῶν
3599 1299 3691 1350 ἁν-

2109 1395 2344 1466 θρώπων
2385 1396 2479 1449 καὶ
2523 1398 2659 1450 πᾶσι
2691 1395 2747 1447 δὲ
2782 1397 2894 1458 τοῖς
2920 1392 3149 1453 ἔθνεσιν,
3195 1391 3279 1442 ἐπ’
3314 1389 3491 1442 αὐτῶν
3513 1381 3691 1440 ὦπται

2108 1487 2216 1540 τῶν
2245 1488 2588 1558 πραγμάτων
2615 1486 2676 1540 τὸ
2700 1485 2898 1557 ἀληθές
2918 1501 2931 1515 ·
2963 1483 3103 1537 ὥστε
3129 1480 3378 1554 εἰρῆσθαι
3413 1480 3512 1550 μὲν
3542 1477 3692 1548 παρὰ

2107 1578 2203 1632 τοῦ
2243 1582 2524 1653 προφήτου
2553 1579 2651 1651 τὴν
2687 1577 2869 1650 φωνὴν
2897 1577 2965 1630 τὰ
2997 1576 3138 1630 κατά
3165 1574 3264 1646 τὴν
3291 1572 3546 1627 ἐπάνοδον
3571 1569 3691 1624 ἐσό-

2112 1689 2248 1742 μενα
2295 1673 2587 1744 μηνύοντος
2615 1671 2752 1735 τέως
2771 1688 2783 1701 ·
2839 1670 2902 1723 τὸ
2929 1670 2985 1722 δὲ
3017 1668 3125 1722 τῶν
3159 1666 3463 1738 εἰρημένων
3496 1663 3693 1734 ἀληθὲς

2110 1764 2206 1818 καὶ
2237 1764 2452 1834 βέϐαιον
2486 1766 2580 1819 καὶ
2605 1764 2899 1818 ἀσάλευτον
2929 1762 3021 1816 ἐπὶ
3044 1760 3137 1815 τοῦ
3159 1759 3432 1812 Δεσπότου
3455 1755 3692 1830 Χριστοῦ

433 1856 778 1929 δεικνύμενόν
801 1875 860 1911 τε
894 1857 987 1910 καὶ
1026 1857 1225 1911 συστὰν
1253 1853 1466 1912 δικαίαν
1496 1857 1772 1929 εἰληφέναι
1799 1859 1862 1912 ὲκ
1890 1857 1984 1912 τοῦ
2009 1858 2278 1931 μακαρίου
2322 1857 2579 1912 Ἰακώϐου
2615 1859 2715 1928 τῆς
2750 1857 2934 1928 φωνῆς
2960 1856 3062 1928 τὴν
3099 1855 3293 1927 χρῆσιν
3312 1853 3446 1919 (δι).

508 1951 709 2005 Deinde
736 1957 789 2005 et
818 1948 1144 2019 generaliter
1170 1948 1471 2018 prazdicens
1505 1963 1626 2020 quae
1659 1959 1792 2004 tunc
1823 1950 2006 2004 Israe—

2182 1947 2314 2003 Εἶτα
2362 1949 2455 2002 καὶ
2503 1948 2727 2003 καθόλου
2777 1947 2995 2019 μηνύων
3048 1945 3118 1999 τά
3152 1946 3271 2000 τότε
3321 1945 3504 2006 αὐτοῖς
3541 1961 3696 2013 περι-

435 2044 547 2098 litis
575 2049 848 2098 eventura:
879 2048 1037 2096 erant
1080 2042 1500 2111 prosperitates,
1537 2049 1865 2097 ceterorum
1895 2042 2008 2098 ritu

2115 2043 2343 2113 εσόμενα
2367 2041 2530 2104 καλὰ,
2567 2040 2965 2112 παραπλησίως
3007 2041 3120 2102 τοῖς
3154 2037 3358 2100 λοιποῖς
3389 2037 3695 2107 προφήταις

435 2126 819 2206 prophetarum
847 2132 1001 2196 dicit,
1028 2133 1218 2188 adfore
1249 2132 1356 2188 illis
1385 2133 1758 2188 omnimodam
1789 2132 2004 2204 frugum

433 2224 670 2294 copiam,
721 2222 798 2276 ita
833 2228 892 2275 ut
925 2226 1278 2291 coacervatas
1318 2235 1460 2276 areae
1497 2219 1680 2291 fruges
1713 2227 2008 2291 exceptura

434 2316 505 2370 sit
531 2312 828 2376 vindemia,
863 2311 1098 2366 maturis
1135 2325 1352 2381 semper
1381 2312 1663 2367 concessis
1693 2310 2003 2380 fructibus;

434 2415 490 2462 et
516 2405 650 2474 ipsis
677 2403 1068 2475 propemodum
1110 2403 1387 2458 montibus
1421 2403 1765 2474 collibusque
1793 2404 2006 2475 copiam

435 2495 934 2568 suppeditantibus,
1003 2503 1058 2548 et
1086 2493 1235 2548 omni
1300 2509 1360 2549 re
1422 2495 1567 2548 bona
1636 2493 2012 2550 afﬂuentibus.

435 2588 815 2658 Captivitatem
873 2585 1057 2656 populi
1103 2583 1426 2650 dissolvam,
1477 2592 1536 2639 ut
1575 2585 1759 2641 securi
1792 2585 1924 2650 sint,
1962 2594 2015 2640 et

435 2676 772 2748 postliminio
820 2675 1093 2740 fruantur,
1153 2683 1207 2729 et
1245 2689 1378 2731 suas
1428 2675 1594 2732 urbes
1623 2675 1685 2729 in
1733 2675 2017 2746 antiquam

439 2772 667 2824 formam
696 2775 1033 2832 restaurcnt,
1098 2774 1152 2820 et
1181 2766 1436 2836 agricolae
1463 2773 1623 2822 terrae
1670 2781 1701 2821 a
1739 2781 1799 2823 se
1852 2767 2016 2822 culta:

436 2862 650 2919 fructus
681 2861 1008 2933 percipiant.
1050 2856 1305 2914 Firmiter
1331 2874 1424 2914 eos
1455 2859 1511 2914 in
1552 2872 1651 2914 sua
1690 2858 1867 2928 patria
1899 2867 2016 2913 sta-

437 2957 658 3022 biliam;
689 2955 744 3009 id
775 2954 919 3009 enim
950 2959 1111 3009 sonat
1163 2951 1366 3006 dictio:
1391 2951 1772 3020 «Etplantabo
1811 2965 1908 3006 eos
1961 2950 2016 3005 in

439 3056 587 3102 terra
614 3058 804 3099 eorum
828 3060 842 3110 ;
865 3054 1067 3101 ietnon
1097 3041 1274 3098 sinam
1323 3034 1553 3098 ulterius
1587 3050 1742 3098 extra
1781 3044 2014 3114 patriam

441 3137 718 3207 regionem
754 3133 896 3199 ﬁeri,
927 3134 1086 3204 cujus
1120 3132 1271 3204 ipsos
1314 3134 1382 3188 ab
1409 3134 1564 3190 initio
1595 3133 1848 3191 dominos
1885 3134 2014 3193 feci.

2113 2134 2259 2204 λέγει
2287 2135 2348 2187 τὸ
2381 2133 2473 2187 κει)⁸
2504 2133 2612 2186 τῶν
2645 2131 2868 2204 καρπῶν
2899 2132 2998 2201 τὴν
3030 2129 3290 2200 ἀφθονίαν
3319 2129 3501 2191 αὐτοῖς
3531 2145 3695 2199 προσο

2116 2224 2338 2279 έσεσθαι
2367 2224 2662 2290 παντελῶς,
2687 2225 2763 2287 ὼς
2795 2224 2918 2287 τοὺς
2946 2223 3006 2288 ἐξ
3038 2223 3242 2287 ἅλωνος
3272 2220 3695 2293 συλλεγομένους

2119 2316 2363 2386 καρποὺς
2391 2314 2729 2386 διαδέχεσθαι
2757 2314 2855 2387 τὴν
2887 2313 3115 2387 τρύγην,
3131 2314 3362 2386 -ὠρίμων
3387 2312 3484 2383 μὲν
3514 2311 3697 2373 αὐτοῖς
3766 2353 3786 2368 .

2117 2407 2513 2478 ἀποδιδομένων
2554 2407 2661 2460 τῶν
2701 2406 2948 2479 καρπῶν,
2996 2409 3071 2477 (p.
3112 2405 3238 2476 2H)
3285 2405 3445 2475 μόνον
3481 2405 3539 2458 δὲ
3577 2404 3698 2474 οὐχὶ

2113 2499 2208 2552 καὶ
2240 2499 2347 2553 τῶν
2395 2499 2536 2571 όρῶν
2586 2500 2680 2553 καί⁸
2721 2500 2829 2553 τῶν
2863 2498 3067 2571 βουνῶν
3107 2497 3307 2569 πολλὴν
3340 2497 3522 2560 αὐτοῖς
3551 2512 3697 2565 παρα

2113 2592 2345 2664 σχόντων
2388 2593 2489 2664 τὴν
2547 2593 2826 2662 ἀφθονίαν,
2881 2591 3110 2646 πλε-ἴστά
3148 2609 3208 2644 τε
3252 2592 3350 2644 ὅσα
3388 2588 3698 2660 ὲκφυόντων

2113 2685 2282 2740 καλά.
2320 2685 2429 2740 Καὶ
2475 2685 2574 2757 τὴν
2625 2685 2722 2756 μὲν
2763 2685 3137 2755 αἰχμαλωσίαν
3192 2684 3359 2748 λύσω,
3397 2682 3578 2752 φησὶν,
3619 2679 3699 2750 τῷ

2114 2776 2248 2846 λαῷ,
2277 2775 2418 2829 ὥστε
2440 2775 2703 2838 λαὸόντας
2729 2792 2789 2828 τε
2819 2775 3022 2840 ἄδειαν,
3055 2775 3148 2828 καὶ
3178 2773 3470 2840 γεγονότας
3498 2773 3556 2824 ὲν
3587 2771 3699 2833 τοῖς

2114 2868 2358 2933 οἰκείοις,
2387 2870 2481 2922 καὶ
2512 2867 2611 2932 τὰς
2642 2868 2819 2932 οἰκίας
2863 2867 3003 2922 κατά
3040 2866 3100 2919 τὸ
3141 2863 3367 2919 παλαιὸν
3392 2861 3699 2935 ἀωρθῶσαι

2117 2961 2326 3032 σχῆμα,
2371 2962 2464 3014 καὶ
2496 2960 2592 3032 τὴν
2608 2961 2712 3030 γῆν
2740 2958 3255 3032 κατεργασαμένους
3301 2955 3392 3009 τὸν
3434 2953 3496 3019 ἐξ
3529 2954 3700 3025 αὐτῆς

2115 3050 2434 3122 κομίζεσθαι
2466 3051 2697 3123 καρπόν.
2728 3045 2816 3102 Ἐν
2831 3049 3029 3120 βεϐαίῳ
3053 3065 3111 3102 τε
3145 3048 3342 3110 αὐτοὺς
3376 3045 3702 3114 καταστήσω

2114 3143 2215 3213 τῆς
2242 3142 2447 3208 οἰκείας
2475 3143 2578 3213 γῆς
2597 3159 2612 3172 “
2642 3139 2800 3194 τοῦτο
2825 3141 2936 3212 γὰρ
2963 3139 3111 3210 λέγει
3129 3139 3209 3206 τὸ,
3241 3158 3258 3190 ‹
3294 3135 3705 3206 Καταφυτεύσω

439 3227 577 3283 Nam
609 3227 796 3292 verba,
831 3245 849 3278 ι
885 3225 953 3280 Et
978 3241 1088 3281 non
1123 3227 1426 3281 evellentur
1456 3227 1600 3282 ultra
1629 3227 1696 3283 de
1713 3234 1859 3282 terra
1885 3241 2007 3294 sua,

2117 3231 2314 3295 αὐτοὺς
2339 3234 2396 3285 ὲν
2436 3233 2502 3302 τῇ
2527 3234 2598 3304 γῇ
2642 3230 2840 3298 αὐτῶν,
2868 3251 2887 3285 ι
2913 3232 3008 3286 καὶ
3028 3229 3128 3283 οὐκ
3164 3230 3310 3282 ὲάσω
3351 3227 3454 3297 τῆς
3497 3225 3704 3288 οἰκείας
3795 3246 3800 3250 ·

440 3334 604 3389 quam
625 3318 706 3374 eis
729 3316 877 3382 dedi,
904 3335 922 3367 ι
945 3317 1049 3371 hoc
1069 3315 1400 3387 signiﬁcant;
1421 3316 1474 3369 id
1494 3325 1578 3371 est
1596 3319 1785 3388 procul
1802 3319 1894 3374 illa
1909 3333 2013 3376 non

2117 3323 2224 3390 ἔξω
2256 3322 2506 3392 γενέσθαι
2535 3322 2717 3394 χώρας
2759 3321 2862 3385 ἔτι,
2903 3316 3085 3394 ἧσπερ
3116 3316 3209 3374 οὖν
3249 3319 3445 3383 αὐτοὺς
3482 3316 3706 3388 κυρίους

441 3410 903 3474 amandabuntur,
922 3417 1084 3480 prout
1100 3415 1232 3462 tunc
1243 3417 1500 3464 evenerat
1513 3424 1635 3464 cum
1649 3410 1869 3481 propria
1885 3425 2013 3482 cap-

2117 3413 2372 3485 ἀπέφηνα
2418 3415 2516 3485 τὴν
2543 3415 2748 3486 ἀρχὴν·
2783 3413 2844 3467 τὺ
2873 3413 3001 3485 γὰρ,
3049 3430 3068 3465 ι
3106 3413 3182 3466 Ού
3213 3411 3289 3483 μὴ
3327 3409 3704 3464 ὲκσπασθῶσιν
3757 3474 3761 3477 _

443 3503 657 3564 tivitate
672 3509 936 3572 tanquam
955 3501 1225 3557 velamine
1241 3500 1506 3572 impediti,
1532 3517 1601 3558 ne
1623 3503 1868 3572 aspicere
1889 3503 2013 3573 qui-

2118 3505 2302 3559 οὐκέτι
2333 3507 2440 3559 ἀπὸ
2477 3506 2575 3577 τῆς
2608 3506 2712 3576 γῆς
2743 3505 2921 3560 αὐτῶν
2956 3501 3024 3577 ἦς
3053 3503 3228 3558 ἔδωκα
3263 3503 3466 3566 αὐτοῖς,
3503 3519 3521 3552 ι
3549 3499 3708 3553 τοῦτο

438 3597 561 3651 dem
585 3596 818 3666 patriam
842 3608 1000 3650 suam
1030 3599 1308 3664 poterant.
1331 3591 1448 3648 Hoc
1465 3600 1570 3660 est,
1596 3594 1794 3664 inquit,
1821 3593 2013 3651 decre-

2119 3598 2299 3669 δηλοῖ’
2333 3598 2418 3652 ἴνα
2447 3598 2576 3672 εἴπῃ
2607 3600 2688 3652 ὅτι
2729 3597 2789 3651 ού
2821 3598 3137 3669 γενήσονται
3163 3595 3333 3665 αὐτῆς
3368 3595 3449 3649 ἔτι
3481 3594 3669 3664 πόρρω
3693 3609 3705 3620 ·

437 3698 552 3743 tum
573 3702 820 3759 opusque
841 3686 935 3743 Dei
956 3701 1136 3742 rerum
1154 3685 1398 3742 omnium
1412 3686 1679 3742 creatoris
1699 3701 1761 3741 ac
1774 3684 2010 3742 Domini.

2123 3689 2263 3744 ὥστε
2289 3692 2355 3761 τῇ
2380 3690 2728 3762 αἰχμαλωσίᾳ
2767 3689 2956 3761 ὥσπερ
2982 3689 3089 3742 τινὶ
3120 3686 3474 3758 κατεχόμενοι
3509 3685 3706 3756 σκέπῃ.

449 3784 581 3854 μηδὲ
617 3783 749 3854 όρᾷν
773 3779 1028 3834 δύνασθαι
1059 3778 1158 3851 τὴν
1185 3779 1394 3835 οἰκείαν
1427 3779 1554 3850 γῆν,
1602 3779 1791 3836 Ταῦτα
1832 3783 2100 3854 δὲ,φησὶν,
2144 3785 2417 3855 ἀπόφασίς
2442 3803 2501 3838 τε
2532 3785 2625 3839 καὶ
2661 3785 2820 3856 ἔργον
2844 3783 2980 3838 Θεοῦ
3017 3782 3111 3837 τοῦ
3142 3781 3368 3853 ποιητοῦ
3397 3798 3456 3834 τε
3491 3778 3710 3833 πάντων

448 3880 542 3934 καὶ
572 3879 798 3950 Κυρίου.

519 3997 563 4028 δ’
588 3996 708 4048 Act.
743 4009 835 4058 xv,
871 3991 951 4047 l6.

517 4109 631 4179 (5t)
664 4105 782 4179 llic,
805 4113 860 4160 et
894 4105 1043 4179 al_ibi,
1074 4111 1127 4179 et
1149 4105 1446 4174 praesertim
1488 4106 1542 4161 in
1574 4103 1802 4179 Prologo
1835 4106 1908 4160 ad
1921 4109 2027 4179 Jo-

448 4175 882 4244 ηαὶη,’νίἀεῑηυε
925 4175 1272 4230 Theodorum
1305 4183 1554 4231 nostrum
1597 4175 1748 4232 haud
1786 4180 1860 4232 ita
1917 4178 2027 4232 ἰου-

446 4250 740 4321 δαιόφρονα
764 4261 904 4311 esse,
931 4254 988 4300 ut
1019 4245 1347 4317 quibusdam
1397 4246 1669 4302 interdum
1724 4248 1876 4304 visus
1910 4253 2034 4320 fuit,

2131 4109 2226 4166 sed
2274 4108 2664 4233 prlophetarum
2715 4108 2785 4164 de
2820 4105 3040 4163 Christo
3094 4103 3354 4162 vaticinia
3413 4115 3711 4174 agnoscere

2131 4189 2183 4234 et
2219 4195 2326 4234 exn
2351 4194 2518 4234 mare.

2129 4194 2183 4236 et
2219 4194 2518 4250 explicare.

584 4530 3704 4580 Μ

1050 4727 1614 4824 EPMHNEIA
1678 4727 2013 4816 ΑΒΔΙΟ

2151 4726 2379 4813 ΤΟΥ
2445 4723 3096 4811 ΠΡΟΦΗΤΟΥ.

585 5105 1718 5279 COMMENTARIUS
1803 5153 1947 5268 IN
2022 5148 2572 5266 ABDIAM
2655 5145 3574 5266 PROPHETAM.

532 5607 688 5680 ιω
707 5604 915 5660 Inimici
945 5601 1155 5674 jamdiu
1185 5600 1557 5656 lsraelitarum
1586 5597 1810 5652 ldumaei
1843 5605 2001 5652 erant

2221 5592 2498 5664 Ἀπεχθῶς
2543 5592 2747 5648 ἀνωθεν
2782 5591 3066 5661 Ἰδουμαῖοι
3129 5588 3266 5660 πρὸς
3296 5587 3420 5649 τοὺς
3457 5587 3721 5657 Ἰσραηλί-

457 5702 721 5771 valdeque
784 5697 838 5750 hi
901 5695 1160 5767 optabant
1223 5693 1441 5747 illorum
1497 5688 1792 5753 excidium,
1863 5699 2031 5760 atque

457 5787 772 5843 earumdem
815 5784 1057 5840 adversis
1083 5782 1304 5838 casibus
1351 5781 1715 5836 laetabantur:
1751 5779 1858 5834 imo
1905 5793 2032 5833 cum

461 5884 699 5949 ipsorum
749 5891 964 5948 quoque
1014 5876 1264 5931 hostibus
1311 5881 1575 5945 perpetuo
1619 5871 2029 5944 conspirabant,

2135 5703 2231 5749 τας
2287 5685 2463 5754 ἔσχον,
2505 5685 2635 5756 περὶ
2687 5682 2883 5736 πολλοῦ
2931 5699 2989 5734 τε
3029 5681 3210 5734 αὐτῶν
3263 5678 3579 5748 ποιούμενοι
3628 5678 3726 5748 τὴν

2137 5777 2433 5837 ἀπώλειαν,
2469 5776 2563 5827 καὶ
2597 5774 2690 5828 ἐπὶ
2714 5777 2834 5838 ταῖς
2864 5773 3359 5845 προσγιγνομέναις
3390 5771 3573 5833 αὐτοῖς
3602 5769 3722 5838 ¹ἡδό-

2142 5885 2292 5939 μενοι
2344 5867 2668 5938 συμφοραῖς,
2723 5864 2863 5918 (Ima
2918 5865 3010 5917 καὶ
3065 5862 3440 5934 συμπράττειν
3485 5861 3563 5929 (p.
3597 5856 3726 5930 219.)
