2051 3234
221 169 281 199 505

813 171 1105 201 .COMMENTARIUS
1121 171 1156 200 IN
1172 169 1311 199 ABDIAM.

1828 170 1880 199 306

225 227 296 264 πρὸς
320 226 429 254 ἅπαντα
452 229 508 260 τοῖς
531 228 655 256 ἐπιοῦσιν
679 229 782 261 αὐτοῖς,
806 228 857 264 ἤδη
873 229 942 257 ποτὲ
963 228 1034 257 κατὰ

1090 234 1232 265 postquam
1249 227 1304 256 Deo
1319 227 1495 263 permittente
1508 226 1640 256 israeiitae
1654 227 1740 255 variis
1755 226 1882 256 cladibus

222 273 302 301 θείαν
320 273 496 311 συγχώρησιν
512 275 541 302 ὲν
557 274 641 311 πείρᾳ
655 274 817 303 καθίσταντο
831 276 926 303 κακῶν
935 284 941 291 ·
952 276 1033 311 γεγύ-

221 330 313 348 νεσαν
325 321 381 356 γὰρ
395 322 563 358 ιισραηλίται
579 322 628 357 μὲν
640 323 673 349 ἐκ
686 322 733 349 τοῦ
750 321 850 349 Ἰακὼϐ
866 323 1033 358 κατάγοντες

222 366 254 393 τὺ
278 367 369 401 γένος,
391 367 542 402 Ἰδουμαῖοι
562 367 592 395 δὲ
621 369 653 395 ὲκ
676 367 724 395 τοῦ
742 367 842 400 Ἡσαῦ,
870 368 981 403 ἀῶλφοὶ
1003 368 1033 396 δὲ

221 410 297 449 ἦσαν
318 409 392 440 οὗτοι
420 413 479 440 υἱοὶ.⁴
496 413 544 441 τοῦ
566 414 675 441 Ἰσαάκ·
700 415 748 441 καὶ
760 414 855 450 ἐπειδὴ
871 414 942 442 κατὰ
957 414 1033 442 Θείαν

222 459 320 495 κρίσιν
340 459 396 486 τῶν
419 459 614 496 πρωτοτοκίων
637 460 683 486 ἐπὶ
702 460 747 486 τὸν
767 460 864 487 Ἰακὼϐ
885 460 1033 496 μετεληλυ-

222 505 326 536 θότων,
354 505 400 532 διὰ
426 505 522 541 μίσους
545 514 574 532 τε
604 505 677 541 εἶχεν
710 506 791 533 αὐτὸν
817 507 831 533 ὁ
860 507 956 540 Ἠσαῦ,
985 507 1033 534 καὶ

221 551 333 579 ἀνελεῖν
359 552 458 589 καιροῦ
484 552 635 588 λαϐόμενος
659 552 801 587 ἠϐούλετο,
826 553 1033 589 παρασκευάζει

223 599 279 633 μὲν
297 597 343 624 τὸν
362 597 462 625 Ἰακὼϐ
477 599 517 630 είς
536 598 584 634 τὴν
596 598 718 635 ’Χαρρὰν
740 598 868 625 ἀπελθεῖν
891 600 907 634 ἡ
929 599 1032 634 μήτηρ,

221 645 263 677 ὡς
279 644 314 672 ἂν
330 645 426 681 «opem
439 645 581 680 γεγονότος
591 646 742 681 λωφήσειεν
759 646 775 682 ἡ
791 646 859 682 ὀργὴ
873 646 921 673 τοῦ
937 646 1032 673 Ἡσαῦν

222 691 276 718 καὶ
291 690 324 727 δὴ
344 691 390 718 καὶ
408 690 484 723 θείας
511 692 640 727 προνοίας
661 691 789 726 ἀξιωθεὶς
815 693 830 718 ὁ
848 692 946 721 Ἰακὼϐ
967 702 1034 720 παν-

220 736 313 769 τελῶς
326 737 440 773 διέφυγε
462 738 509 765 τοῦ
525 738 641 773 ἀδελφοῦ
662 740 712 775 τὴν
730 738 832 774 βλάϐην
843 748 849 754 ·
869 739 1034 774 μετελήλυθε

221 783 253 811 δὲ
270 784 348 820 ὅμως
363 785 403 816 είς
419 785 483 816 τοὺς
500 785 530 818 ἐξ
546 785 637 812 αὐτῶν
655 786 672 821 ἡ
694 785 790 822 ἔχθρα·
809 786 948 822 διέμεινάν
964 795 993 813 τε
1010 788 1034 813 oi

222 832 259 858 ἐκ
279 830 330 858 τοῦ
348 830 433 858 Ἦσαῠ
451 834 617 866 κατάγοντες
639 832 670 858 τὺ
692 832 771 867 γένος
789 833 935 868 Ἰδουμαῖοι
956 833 1035 859 πολε-

225 876 300 912 μίως
321 877 391 914 πρὸς
411 878 476 910 τοὺς
506 878 679 914 Ἰσραηλίτας
693 878 801 914 ἔχοντες
820 879 853 905 ὲκ
867 878 915 905 τοῦ
937 878 1034 906 Ἰακὼϐ

222 923 443 959 καταγομένους,
470 924 508 957 ὡς
532 924 600 961 ἔφην
621 925 687 961 ἤδη·
714 925 844 957 ποικίλως
865 926 956 952 τοίνυν
984 926 1035 962 τὴν

222 970 291 997 κατ’
306 969 397 997 αὐτῶν
412 970 516 1006 ἔχθραν
539 971 768 1007 ἐπιδεικνύμενοι,
784 972 862 999 οὐθὲν
884 970 965 1008 ἦττον
985 973 1035 1008 τὴν

222 1015 315 1052 αὐτὴν
332 1016 507 1049 ἐπεδείξαντο
515 1016 633 1052 »γνώμην
650 1018 695 1044 καὶ
710 1017 780 1044 κατὰ
795 1017 840 1044 τὸν
853 1018 951 1053 καιρὸν
965 1018 1035 1044 ἐκεῖ·

222 1070 284 1095 νον,
301 1061 363 1089 καθ’
376 1061 405 1088 ὃν
426 1063 588 1098 Ἀσσυρίους
610 1072 640 1089 τε
665 1063 856 1099 Ἰσραηλίταις,
880 1064 927 1091 καὶ
949 1064 1036 1090 Βαϐυ-

223 1108 345 1140 λωνίους
362 1107 477 1144 ὕστερον
502 1111 535 1145 τῇ
562 1118 591 1136 τε
622 1110 799 1146 Ἰερουσαλὴμ
824 1110 871 1137 καὶ
901 1112 958 1142 τοῖς
985 1111 1035 1146 τῆς

231 1153 323 1180 Ἰούδα
350 1154 436 1191 φυλῆς
464 1154 587 1183 ἐπελθεῖν
617 1156 731 1192 συνέϐη·
754 1156 824 1183 ὥστε
848 1156 895 1183 καὶ
921 1156 1037 1183 πλεῖστα

223 1199 281 1226 ὅσα
294 1199 341 1226 ἐπί
360 1209 390 1226 τε
400 1200 455 1227 τῶν
480 1200 614 1228 Ἰουδαίων
634 1201 758 1237 ἀπωλείᾳ
780 1203 837 1234 τοῖς
855 1196 1037 1234 Βαϐυλωνίοις

226 1246 394 1281 συμπράξαι
404 1254 410 1261 ’
426 1246 551 1274 ἐντεῦθεν
565 1247 579 1274 ό
595 1248 728 1283 μακάριος
741 1247 822 1274 Δαυῖδ
837 1247 871 1274 τὰ
895 1248 964 1275 κατὰ
980 1249 1035 1276 Βα-

225 1291 340 1320 ϐυλῶνα
350 1293 530 1329 προφητεύων
547 1294 624 1330 λέγει
635 1294 695 1330 μέν·
720 1303 729 1319 ι
741 1292 803 1320 Ἐπὶ
823 1295 880 1322 τῶν
906 1295 1037 1331 ποταμῶν

225 1338 394 1371 Βαϐυλῶνος
418 1340 478 1366 ἐκεῖ
499 1340 665 1376 έκαθίσαμεν
690 1341 735 1367 καὶ
757 1340 940 1376 ἑκλαύσαμεν,
962 1351 970 1367 ι
990 1342 1037 1368 καὶ

224 1383 265 1411 τὰ
283 1383 365 1419 ἑξῆς·
390 1384 423 1411 δι’
438 1382 476 1412 ὧν
497 1385 603 1413 ἐδείκνυ
631 1387 666 1414 τὰ
685 1387 755 1414 κατὰ
779 1387 828 1423 τὴν
848 1388 1038 1422 αἰχμαλωσίαν

226 1430 343 1467 ἐκείνην
356 1431 449 1463 αὐτοῖς
468 1431 660 1468 συμϐεϐηκότα
684 1434 772 1461 κακά·
791 1434 829 1470 (p.
854 1434 918 1467 215)
943 1435 1037 1470 ἐπειδὴ

225 1477 258 1504 δὲ
270 1477 321 1504 καὶ
336 1476 384 1513 τὴν
399 1478 445 1504 ἐπὶ
467 1478 499 1504 τὸ
521 1479 646 1514 κρεῖττον
658 1480 748 1507 αὐτῶν
770 1481 920 1517 μεταϐολὴν
937 1481 1038 1517 ἤμελλε

228 1522 350 1559 μηνύειν
363 1543 370 1555 ,
399 1524 512 1558 ὲπάγεν
531 1534 540 1550 ι
560 1525 705 1561 Μνήσθητι
718 1548 725 1559 ,
754 1526 861 1563 Κύριε,
889 1527 943 1554 τῶν
971 1528 1037 1554 υἱῶν

1085 274 1155 302 allici
1172 277 1314 310 ceperant.
1330 272 1418 301 Porro
1439 272 1568 301 Israelita
1589 280 1606 300 a
1620 272 1706 300 Iacob
1723 280 1811 309 genus
1823 276 1882 300 tra-

1083 321 1198 353 hebant,
1219 319 1329 347 ldumai
1349 319 1384 347 ab
1402 318 1485 352 Esau,
1499 319 1544 354 qui
1566 320 1665 347 fratres
1689 322 1769 347 erant
1789 318 1883 347 lsaaco

1085 367 1182 403 geniti.
1205 366 1265 394 Iam
1282 366 1347 402 quia
1371 365 1465 393 divino
1489 365 1594 401 judicio
1608 365 1654 401 jus
1670 369 1737 393 natu
1767 365 1882 401 majoris

1085 414 1118 441 ad
1135 412 1221 441 Iacob
1236 412 1394 445 transierat,
1420 415 1504 447 atque
1518 411 1554 439 ob
1570 411 1597 438 id
1621 411 1741 439 invisum
1764 410 1884 438 habebat

1085 459 1219 487 Jacobum
1241 459 1323 491 Esau,
1345 466 1462 494 eumque
1477 457 1642 489 interﬁcere,
1666 457 1693 485 si
1705 457 1816 484 occasio
1838 462 1882 484 tu-

1087 508 1175 539 lisset.
1197 507 1372 540 moliebatur,
1404 505 1479 533 dedit
1495 513 1607 540 operam
1637 509 1724 532 mater
1748 509 1777 531 ut
1798 504 1883 531 Iacob

1087 553 1207 581 Charras
1228 553 1460 588 peregrinaretur,
1489 551 1555 578 dum
1573 550 1684 578 interim
1706 558 1738 578 eo
1756 551 1884 578 submoto

1087 599 1242 635 quiesceret
1271 598 1343 626 Esau
1371 598 1457 625 furor.
1488 596 1522 624 Et
1545 596 1631 624 Iacob
1651 596 1762 632 quidem
1790 595 1883 623 divina

1088 647 1258 683 providentia
1271 650 1360 674 tectus
1382 646 1463 681 plane
1483 644 1581 672 vitavit
1601 643 1765 679 impendens
1785 650 1799 669 a
1823 650 1885 678 ger—

1087 700 1170 721 mano
1199 692 1328 724 exitium;
1358 691 1406 720 sed
1433 695 1524 718 tamen
1541 690 1664 717 manavit
1694 689 1722 717 in
1758 693 1885 723 posteros

1087 740 1186 767 borum
1227 738 1319 766 odium
1344 748 1350 765 :
1373 737 1602 772 ret'mueruntque
1638 735 1709 764 Esau
1739 735 1885 771 progenies

1087 785 1199 814 Μυωωὶ
1227 784 1342 812 hostiles
1371 783 1480 811 animos
1502 782 1650 810 adversum
1682 780 1823 809 lsraelitas
1852 779 1887 807 de

1087 832 1184 865 Iacob,
1216 830 1327 861 utdixi.
1360 829 1532 865 progenitos.
1553 828 1679 863 Cumque
1706 826 1886 854 multifariam

1084 879 1140 913 jam
1156 877 1344 913 prodidissent
1360 875 1528 904 simultatem
1546 874 1632 908 illam,
1640 877 1698 901 tum
1712 873 1794 901 etiam
1809 880 1888 900 men-

1088 930 1141 953 tem
1160 932 1238 953 snam
1255 928 1424 959 aperuerunt
1437 930 1492 958 quo
1514 925 1638 957 tempore
1662 920 1769 956 Assyrii
1789 923 1887 947 contra

1087 970 1278 1005 Hierosolyma
1291 968 1425 1004 Iudeeque
1441 967 1557 1001 tribum,
1585 966 1788 1001 expeditionem
1811 964 1886 992 fece-

1087 1022 1162 1045 runt.
1181 1017 1259 1044 Tunc
1277 1023 1344 1043 sane
1367 1015 1485 1051 plurima
1503 1013 1537 1041 ad
1554 1013 1712 1040 Iudaeorum
1735 1011 1885 1047 perniciem

1089 1064 1225 1093 fecerunt,
1249 1070 1312 1090 cum
1339 1060 1499 1097 Babyloniis
1528 1059 1731 1094 conspirantes.
1753 1057 1845 1090 Quare
1859 1060 1886 1083 et

1088 1112 1184 1139 beatus
1201 1108 1287 1137 David
1302 1116 1346 1136 res
1363 1106 1544 1143 Babylonicas
1561 1104 1715 1141 praedicens
1730 1103 1768 1131 ait
1783 1112 1789 1130 :
1810 1112 1819 1128 ι
1833 1101 1886 1129 Su-

1088 1166 1137 1194 per
1151 1156 1264 1184 ﬁumina
1276 1153 1435 1191 Babylonis,
1458 1152 1515 1180 illic
1531 1152 1655 1179 ﬁevimus
1671 1150 1704 1183 θ’,
1714 1162 1723 1178 ι
1735 1155 1761 1178 et
1769 1148 1884 1184 reliqua.

1088 1204 1195 1238 Quibus
1213 1202 1305 1231 verbis
1325 1200 1397 1228 mala
1419 1207 1468 1235 per
1487 1199 1561 1226 illam
1586 1197 1774 1232 captivitatem
1785 1194 1888 1223 Iudaeis

1088 1254 1220 1280 eventura
1235 1247 1412 1285 signiﬁcavit.
1445 1245 1640 1274 Verumtatueu
1651 1243 1717 1279 quia
1740 1242 1885 1270 meliorem

1088 1304 1198 1334 quoque
1208 1303 1301 1324 rerum
1317 1294 1442 1322 ordinem
1457 1291 1661 1320 restituendum
1670 1290 1797 1318 dicturus
1809 1292 1868 1317 erat
1878 1308 1885 1320 ,

1090 1344 1196 1373 addidit
1210 1352 1216 1371 :
1237 1342 1393 1370 «Memento
1407 1339 1523 1368 Domine
1539 1338 1658 1366 liliorum
1675 1337 1786 1370 Edonii,
1800 1336 1847 1371 qui
1860 1336 1887 1362 in

1089 1392 1133 1419 die
1156 1389 1410 1425 Hierosolymorum
1439 1386 1572 1414 aiebant:
1617 1381 1760 1410 Exinanite
1778 1404 1785 1415 ,
1807 1380 1885 1417 141

1090 1437 1229 1466 exinanite
1246 1444 1261 1463 a
1280 1433 1467 1462 fundamentis
1494 1432 1601 1459 urbem.
1616 1439 1625 1455 ι
1646 1427 1825 1462 Perspicuum
1845 1432 1887 1454 est

1091 1483 1161 1511 ﬁlios
1177 1481 1274 1518 Edomi
1289 1488 1303 1507 a
1318 1479 1421 1506 Davide
1433 1477 1549 1513 intelligi
1571 1476 1720 1509 idumazos,
1746 1474 1790 1508 qui
1810 1476 1887 1499 utra-

1090 1537 1143 1565 que
1156 1527 1342 1564 appellatione
1360 1525 1519 1556 utebantur,
1540 1527 1571 1550 ut
1586 1528 1775 1557 saepenumero
1798 1527 1831 1547 ex
1846 1518 1889 1545 di-

234 1569 330 1618 “EBt‘qp
343 1570 391 1618 την
407 1570 515 1618 ἡμέραν
535 1572 723 1608 Ἰερουσαλὴμ,
740 1573 795 1600 τῶν
811 1574 955 1608 λεγόντων·
975 1575 1037 1601 Ἐκ-

1093 1577 1156 1604 vitta
1179 1575 1323 1610 Scriptura
1351 1578 1520 1608 cognoscere
1551 1570 1632 1602 licet;
1661 1567 1823 1603 etquidem
1855 1573 1887 1592 ex

227 1615 355 1649 κενοῦτε,
371 1617 516 1644 ὲκκενοῦτε
538 1617 590 1650 ἕως
611 1618 666 1645 τῶν
689 1618 823 1654 θεμελίων
842 1621 927 1656 αὐτῆς
939 1629 947 1637 ³
968 1631 976 1647 ι
992 1620 1038 1647 εὖ-

228 1662 313 1698 δηλον
331 1662 386 1699 γὰρ
407 1663 448 1690 ὅτι
474 1664 548 1696 υἱοὺς
568 1664 658 1700 Ἐδὼμ
682 1665 746 1698 τοὺς
767 1666 935 1702 Ἰδουμαίους
952 1667 1038 1701 λέγει,

228 1707 407 1744 ἀμφοτέραις
422 1709 535 1741 ταύταις
555 1710 739 1745 καλουμένους
756 1712 816 1743 ταῖς
830 1713 1038 1749 προσηγορίαις,

228 1753 270 1786 ὡς
286 1753 423 1790 πολλαχοῦ
439 1764 470 1782 τε
486 1757 518 1783 ὲκ
530 1756 580 1792 τῆς
596 1757 671 1789 θείας
691 1757 780 1784 ἔνεστι
798 1759 895 1793 μαθεῖν
909 1759 1020 1796 Γραφῆς
1031 1768 1037 1775 '

229 1799 281 1827 καὶ
295 1800 372 1826 οὐδὲν
386 1797 467 1837 ἦττον
481 1802 513 1828 ἐκ
536 1802 586 1837 τῆς
597 1802 652 1829 τῶν
670 1803 818 1830 Βασιλειῶν
842 1805 980 1841 ἱστοριῶν,
998 1807 1038 1833 ὅτι

235 1845 373 1882 Ἀμεσίας
389 1847 508 1881 ὲπάταξε
528 1849 573 1875 τὸν
595 1848 685 1885 Ἐδὼμ
702 1850 731 1877 ἐν
752 1850 879 1887 πολέμῳ·
903 1851 963 1879 εἶτα
985 1853 1039 1880 ἁπ-

230 1892 342 1920 ἐστειλε
366 1893 417 1928 μὲν
430 1894 500 1930 πρὸς
512 1895 559 1922 τὸν
584 1896 694 1931 Ἰσραὴλ
718 1896 841 1932 βασιλέα,
854 1898 901 1924 ἐπὶ
922 1899 1040 1935 πόλεμον

229 1939 318 1966 αὑτὸν
330 1939 547 1975 ἐκκαλούμενος·
562 1942 576 1967 ὁ
592 1942 620 1968 δὲ
640 1942 807 1977 ὑϐριστικῶς
822 1944 1041 1981 ἀποκρινάμενος

229 1985 306 2021 πρὸς
320 1985 493 2021 αὐτὸν,πρὸς
510 1987 568 2019 τοῖς
583 1986 689 2018 λοιποῖς
710 1987 757 2014 καὶ
774 1989 853 2016 τοῦτό
870 1999 952 2027 φησι·
970 1993 1041 2019 «Πα-

229 2031 321 2064 τάξας
334 2031 470 2064 ὲπάταξες
481 2032 531 2067 τὴν
551 2032 705 2067 Ἰδουμαίαν
714 2041 720 2048 ·
738 2034 784 2060 καὶ
798 2035 885 2071 ἐπῆρε
901 2045 930 2062 σε
943 2037 959 2072 ἡ
974 2045 1041 2073 καρ-

229 2077 279 2105 δία
298 2085 346 2104 σου
363 2078 380 2113 ὴ
395 2078 508 2113 βαρεῖα·
526 2088 534 2104 ι
550 2077 596 2110 οὒς
615 2079 644 2105 ἐν
665 2081 720 2111 τοῖς
744 2080 890 2116 ἀνωτέροις
909 2081 977 2110 εἴναι
994 2083 1041 2111 τοῦ

237 2123 335 2160 Ἐδὼμ
357 2124 421 2160 ἔφη,
443 2124 613 2160 Ἰδουμαίους
635 2126 665 2152 ὲν
687 2125 791 2159 τούτοις
818 2127 919 2155 είπών·
965 2130 1042 2165 Μνή-

233 2172 318 2207 σθητι
334 2171 435 2204 τοίνυν,
456 2172 533 2207 φησὶ,
549 2171 604 2198 τῶν
627 2172 795 2208 Ἰδουμαίων,
819 2175 898 2201 ὁποῖα
923 2175 955 2211 δὴ
980 2176 1042 2204 καθ’

232 2217 318 2254 ἡμῶν
332 2218 526 2253 πεποιήκασιν,
540 2218 566 2245 οἳ
582 2218 628 2245 τὸν
647 2219 743 2255 καιρὸν
762 2220 811 2255 τῆς
831 2222 975 2256 συμφορᾶς
993 2222 1043 2257 τῆς

1091 1623 1248 1659 Regnorum
1262 1617 1493 1648 librisbistoricis
1503 1617 1536 1643 θ’.
1555 1615 1658 1649 Quarta
1678 1614 1750 1642 enim
1773 1611 1889 1639 historia

1091 1670 1157 1698 dicit
1171 1670 1205 1696 ab
1227 1665 1340 1694 Amesia
1363 1672 1464 1693 emsum
1491 1663 1577 1691 fuisse
1599 1662 1626 1689 in
1651 1660 1718 1688 aeie-
1742 1659 1888 1689 Edomum,

1091 1715 1189 1745 deinde
1204 1714 1316 1742 missam
1332 1712 1365 1740 ab
1382 1719 1416 1739 eo
1431 1710 1596 1747 legationem
1607 1708 1640 1736 ad
1659 1707 1767 1735 lsraelis
1784 1712 1888 1741 regem.

1091 1768 1122 1792 ut
1136 1762 1170 1790 ad
1187 1761 1311 1798 prazlium
1324 1767 1387 1787 cum
1401 1760 1583 1794 provocaret;
1619 1755 1693 1782 hunc
1719 1758 1810 1780 autem
1827 1758 1889 1778 cum

1092 1797 1235 1837 stomacho
1259 1804 1437 1841 respondisse
1459 1803 1498 1830 illi
1527 1803 1599 1829 inter
1618 1804 1740 1828 Cretera:
1762 1807 1770 1823 ι
1786 1797 1892 1824 Extulit

1093 1860 1119 1883 te
1135 1854 1265 1890 superbia
1292 1851 1386 1880 cordis
1400 1851 1450 1883 tui,
1480 1853 1626 1885 propterea
1643 1846 1716 1882 quod
1729 1844 1808 1872 clade
1825 1843 1892 1870 aﬁ'e-

1093 1903 1163 1931 ceris
1172 1901 1329 1928 idumazam.
1346 1908 1354 1925 ι
1371 1897 1483 1931 Quosin
1500 1894 1688 1930 superioribus
1706 1892 1775 1920 dixit
1794 1890 1891 1918 Edomi

1094 1950 1176 1982 ﬁlios,
1191 1955 1265 1975 nunc
1280 1945 1415 1974 Idumaeos
1437 1943 1505 1971 dicit
1526 1941 1654 1970 historia.
1678 1939 1773 1974 Itaque
1793 1936 1891 1969 David,

1094 1996 1242 2026 Memento,
1257 1994 1305 2025 ait,
1323 1996 1426 2028 quanta
1440 1989 1550 2018 Μυηιωί
1562 1992 1659 2016 contra
1684 1994 1735 2014 nos
1757 1984 1887 2016 fecerint,

1093 2041 1139 2077 qui
1154 2038 1316 2068 calamitatis
1332 2042 1434 2065 nostra:
1444 2040 1568 2070 tempore
1590 2032 1669 2061 abusi
1678 2034 1742 2059 sunt
1760 2034 1892 2065 tanquam

1094 2076 1160 2114 ansa
1173 2086 1205 2112 ad
1223 2091 1302 2112 suam
1314 2081 1532 2118 expromendam
1551 2079 1700 2111 malitiam;
1715 2077 1816 2113 quique
1828 2076 1894 2103 hos-

1094 2131 1168 2158 tibus
1196 2128 1301 2156 nostris
1331 2128 1405 2155 vires
1428 2126 1607 2156 addiderunt,
1636 2127 1674 2151 utv
1688 2122 1846 2150 universam
1877 2128 1892 2147 ιι

1095 2175 1282 2204 fundamentis
1294 2177 1422 2202 eruerent
1432 2173 1537 2205 urbem,
1545 2171 1669 2206 nihilque
1678 2170 1705 2197 in
1717 2176 1748 2197 ea
1757 2168 1892 2203 reliquum

1095 2231 1156 2251 esse
1172 2225 1345 2258 paterentur.
1358 2219 1545 2255 Addiditque:
1562 2227 1572 2244 ι
1585 2217 1659 2245 Ειίιὶιι-
1677 2215 1824 2251 Babylonis
1840 2213 1892 2241 mi-

232 2262 390 2300 ήμετέρας,
402 2263 540 2299 πρόφασιν
557 2264 608 2299 τῆς
628 2264 910 2301 ἑαυτῶνιὲποιήσαντο
927 2266 1037 2299 κακίας·

1095 2269 1175 2297 sera!
1209 2267 1285 2295 Felix
1313 2267 1360 2302 qui
1387 2265 1484 2293 reddet
1505 2263 1555 2291 tibi
1578 2261 1790 2291 retributionem
1810 2266 1893 2295 quam

232 2309 311 2336 ὥστε
334 2309 392 2340 τοῖς
413 2308 607 2344 ὲπεληλυθόσιν
630 2310 695 2345 ἡμῖν
717 2311 920 2345 συνεπιτχύειν,
941 2311 968 2338 εἴ
983 2321 1042 2344 πως

233 2355 352 2383 ἃπασαν
365 2356 398 2382 ὲκ
415 2354 524 2391 βάθρων
538 2355 724 2383 ἀνασπάσειαν
738 2357 787 2391 τὴν
804 2357 891 2388 πόλιν,
908 2358 954 2384 καὶ
974 2359 1042 2394 μηδὲ

233 2401 366 2436 λείψανον
417 2400 502 2436 αὐτῆς
522 2409 549 2428 τι
573 2401 748 2429 καταλίποιεν
769 2402 826 2429 Ξτι-
854 2403 901 2430 καὶ
922 2403 1037 2440 ἐπάγει·

236 2445 388 2481 «Θυγάτηρ
397 2445 557 2478 Βαϐυλῶνος
567 2448 583 2482 ἡ
593 2446 778 2484 ταλαίπωρος,
791 2449 927 2485 μακάριος
934 2450 964 2482 ὃς
977 2452 1041 2478 ἀντ-

233 2490 377 2518 αποδὼσει
391 2500 432 2518 σοι
445 2492 476 2518 τὸ
493 2492 669 2530 ἀνταπόδομά
685 2503 742 2527 σου,
765 2496 803 2530 (p.
824 2495 886 2531 2H)
904 2497 918 2522 ὃ
934 2497 1039 2524 ἀνταπ-

235 2538 346 2570 έδωκας
366 2540 448 2575 ἡμῖν·
473 2549 482 2566 ι
500 2540 606 2573 δεικνὺς
633 2542 674 2568 ὅτι
697 2541 759 2568 τότε
773 2542 805 2578 δὴ
820 2543 867 2569 καὶ
884 2543 1044 2579 Ἰδουμαίοις

234 2583 313 2620 ὑπὲρ
335 2584 386 2620 τῆς
410 2585 525 2621 γνώμης
547 2587 656 2623 ἐκείνης
683 2587 778 2619 ἐπάξει
802 2588 852 2623 τὴν
877 2590 1012 2625 τιμωρίαν
1029 2592 1044 2618 ὁ

234 2629 322 2662 Θεὸς·
336 2631 456 2666 ὁπηνίκα
472 2631 508 2668 δὴ
528 2633 577 2668 τὴν
596 2633 646 2668 μὲν
670 2633 847 2660 Βαϐυλωνίων
871 2637 1044 2664 κατασπάσει

235 2676 413 2709 δυναστείαν,
427 2677 477 2713 τὴν
495 2677 709 2714 βασιλευομένην
724 2679 800 2705 πόλιν
821 2680 911 2707 αὐτῶν
930 2681 988 2718 ἅμα
1007 2685 1045 2720 τῷ

1097 2315 1177 2342 nobis
1193 2313 1367 2341 relribuisti‘.
1383 2321 1391 2338 ι
1409 2310 1570 2347 signiﬁcans
1586 2308 1645 2336 fore
1660 2311 1690 2335 ut
1707 2306 1803 2335 eodem
1825 2309 1895 2332 tetu-

1098 2369 1163 2396 pore
1174 2360 1301 2388 ldumaﬁs
1314 2365 1425 2394 quoque
1441 2357 1477 2385 ob
1491 2355 1650 2392 hujusmodi
1668 2355 1792 2390 ipsorum
1817 2359 1895 2379 men—

1097 2414 1151 2437 tem
1177 2416 1274 2443 poenas
1294 2408 1366 2435 Deus
1397 2407 1551 2441 imponeret
1567 2413 1574 2432 :
1590 2404 1721 2432 nimirum
1745 2409 1800 2438 quo
1824 2404 1896 2428 tem-

1097 2462 1163 2491 pore
1174 2454 1246 2482 Deus
1261 2453 1475 2489 Babyloniorum
1494 2450 1640 2487 imperium
1655 2455 1805 2478 eversurus
1824 2450 1895 2477 erat,

1098 2501 1256 2536 regiamque
1272 2500 1370 2526 horum
1390 2498 1484 2526 urbem
1504 2505 1566 2525 cum
1589 2504 1653 2532 rege
1671 2494 1835 2528 cunctisque
1851 2492 1895 2518 in-

1097 2545 1179 2577 colis,
1197 2544 1343 2572 Persarum
1369 2543 1500 2578 potestati
1521 2542 1687 2572 traditurus,
1709 2543 1739 2566 ut
1754 2538 1788 2565 ab
1806 2536 1849 2563 his
1863 2542 1897 2562 eo

1095 2591 1158 2626 jure
1173 2595 1368 2622 tractarentur,
1395 2589 1468 2625 quod
1487 2589 1539 2624 ipsi
1563 2587 1668 2623 pridem
1683 2589 1779 2612 contra
1799 2581 1897 2609 Iliero-

1100 2638 1205 2674 solyma
1221 2640 1407 2665 exercuerant
1422 2645 1428 2663 :
1448 2635 1584 2671 expeditis
1600 2631 1710 2660 interim
1737 2628 1897 2665 captivitate

1099 2684 1235 2713 lsraelitis
1248 2687 1331 2719 atque
1347 2683 1375 2709 in
1389 2682 1506 2717 patriam
1521 2678 1668 2708 restitutis.

235 2729 269 2749 τε
290 2721 398 2757 βασιλεῖ
418 2724 464 2750 καὶ
478 2724 547 2750 πᾶσι
559 2726 615 2756 τοῖς
628 2724 748 2751 οἰκοῦσιν
765 2724 849 2760 αὐτὴν
861 2727 998 2762 παραδοὺς
1009 2732 1065 2763 τοῖς
1078 2731 1196 2767 Πέρσαις
1210 2729 1353 2766 (Ξὲἢβητε
1371 2728 1418 2755 καὶ
1434 2727 1530 2754 παθεῖν
1541 2726 1605 2759 παρ’
1616 2722 1706 2751 αὐτῶν
1718 2722 1810 2748 ἐκεῖνα
1825 2720 1897 2755 ειπερ

235 2768 289 2798 οὖν
305 2770 377 2798 κατά
390 2770 440 2806 τῆς
461 2771 641 2808 Ἰερουσαλὴμ
659 2773 845 2799 “namcf-15le
867 2773 931 2809 ἥδτγ
952 2776 1122 2813 Ἰσραηλίτας
1135 2779 1163 2805 δὲ
1177 2779 1227 2814 τῆς
1244 2776 1412 2812 κατεχούσης
1425 2773 1584 2807 ἀπαλλάξας
1594 2770 1783 2808 αἰχμαλωσίας
1795 2770 1835 2802 εἰς
1846 2769 1898 2804 τὴν

235 2817 345 2845 οἰκείαν
357 2817 450 2855 χώραν
461 2820 622 2856 ἐπαναγάγῃ
635 2820 725 2847 πάλιν.

278 2879 303 2896 ⁸⁸
333 2879 406 2909 Psal.
429 2889 541 2915 cum,
566 2882 590 2910 ί.
631 2884 650 2899 “
673 2882 705 2909 IV
721 2882 786 2918 Reg.
810 2891 865 2916 xiv,
890 2883 929 2911 l0.

280 2926 339 2963 (32)
356 2926 411 2956 Sui
435 2929 517 2963 Cyro.

971 2885 991 2899 ”
1012 2883 1206 2915 I‘sai.cnxn,
1228 2887 1253 2910 δ.
