4102 6458
426 296 522 367 sor

418 520 563 575 mala
607 522 996 592 prophetarum
1045 538 1142 581 ore
1193 540 1340 596 sape
1387 527 1756 597 praedixerat,
1809 530 1990 600 primo

414 608 637 677 quidem
672 611 740 665 ab
772 611 1013 683 Assyriis
1047 614 1374 685 imponenda
1398 660 1413 685 ,
1454 617 1651 674 iterum
1684 635 1715 674 a
1755 619 1990 692 Babylo-

418 700 524 755 niis
541 717 664 755 cum
696 703 985 762 universus
1016 703 1185 763 Israel
1208 709 1442 780 migrare
1467 711 1646 780 patria
1661 712 1849 781 jussus
1874 721 1989 779 est;

414 801 468 847 et
492 792 620 861 quia
639 794 797 851 valde
820 837 835 862 ,
861 805 923 861 ut
970 797 1082 853 disi
1107 839 1122 865 ,
1150 814 1249 869 per
1273 800 1326 856 id
1365 812 1580 873 tempus
1611 801 1834 858 Idumaei
1864 817 1991 858 cum

418 882 665 941 hostibus
708 897 1136 956 consenserunt,
1178 891 1309 947 dum
1349 893 1600 950 idoneam
1655 895 1798 951 nacti
1832 908 1993 950 occa-

417 974 627 1029 sionem
691 992 752 1034 se
808 980 1097 1038 crederent
1166 984 1433 1054 perdendi
1505 986 1753 1044 funditus
1802 1002 1992 1044 omnes

417 1066 731 1137 quicunque
763 1068 830 1125 de
864 1069 1161 1128 Israelitica
1195 1074 1367 1145 stirpe
1391 1083 1577 1133 essent
1606 1075 1753 1153 (qua
1772 1078 1828 1132 in
1858 1092 1920 1134 re
1938 1085 1993 1133 et

416 1154 638 1212 Idumaei
687 1159 807 1214 sine
832 1160 999 1216 dubio
1042 1164 1150 1222 Deo
1189 1164 1624 1224 adversabantur
1647 1207 1663 1234 ,
1703 1168 1797 1237 qui
1831 1166 1993 1223 Jaco-

420 1246 546 1298 bum
586 1246 812 1317 majoris
842 1259 971 1306 natu
992 1305 997 1309 ,
1020 1254 1306 1327 privilegio
1335 1256 1594 1328 dignatus
1622 1256 1803 1312 fuerat
1835 1255 1992 1329 142

415 1345 754 1408 cunctosque
770 1341 934 1411 hujus
956 1352 1208 1414 posteros
1228 1348 1494 1418 peculiari
1521 1363 1827 1420 magnaque
1862 1362 1994 1404 cura

416 1431 919 1502 complectebatur;
981 1446 1035 1493 et
1103 1439 1258 1511 ipsos
1325 1439 1607 1499 lsraelitas
1665 1456 1995 1515 magnopere

418 1535 652 1577 moerere
701 1540 803 1594 par
843 1536 982 1592 erat,
1020 1530 1151 1599 quia
1228 1532 1435 1600 posteri
1489 1532 1612 1602 ejus
1667 1533 1761 1603 qui
1810 1532 1994 1588 divino

417 1612 640 1668 decreto
692 1616 1043 1688 primogeniti
1104 1621 1306 1678 tulerat
1368 1624 1827 1688 benedictionem,
1880 1624 1993 1678 haec

420 1706 765 1775 patiebantur
787 1712 854 1767 ab
877 1712 945 1768 iis
970 1713 1063 1783 qui
1090 1729 1215 1770 cum
1232 1730 1335 1771 suo
1370 1726 1595 1786 parente
1616 1715 1994 1771 benedictione

1576 321 1927 378 THEODORI
1954 320 2434 380 HOPSUESTESI

488 431 941 503 Quandoquidem
981 447 1111 506 ergo
1158 434 1305 492 Deus
1345 446 1666 508 correptura
1708 438 1978 497 lsraelitas
2010 444 2064 502 Δ

3581 323 3689 380 308

2172 441 2389 512 Ἐπειδὴ
2412 440 2592 494 τοίνυν
2620 440 2877 503 πολλάκις
2913 441 3000 494 διὰ
3032 441 3142 495 τῶν
3170 438 3470 510 προφητῶν
3499 440 3528 492 6
3555 439 3688 503 Θεὸς

2098 532 2166 585 τὰ
2202 531 2624 603 καταληψόμενα
2661 532 2785 594 τοὺς
2823 530 3159 603 Ἰσραηλίτας
3206 530 3308 602 ἔφη
3354 529 3518 595 κακὰ,
3550 531 3688 602 πρό-

2098 640 2255 695 τερον
2294 622 2394 694 μὲν
2431 624 2536 676 ὑπὸ
2570 622 2886 691 Ἀσσυρίων,
2937 622 3042 677 ὐπὸ
3084 621 3440 675 Βαϐυλωνίων
3473 620 3530 674 δέ
3572 621 3688 691 μετ’

2098 715 2294 779 ἐκεῖνο,
2339 714 2421 768 ὅτι
2474 728 2533 766 τε
2587 712 2926 783 αἰχμάλωτος
2982 713 3127 774 ἅπας
3174 714 3204 764 ὁ
3246 710 3461 781 Ἰσραὴλ
3501 710 3690 764 τοῦτον

2098 805 2476 877 ἀπαχθήσεται
2522 804 2613 859 τὸν
2664 804 2898 875 τρόπον⁸
2933 801 3133 873 πολλὴν
3177 801 3254 863 δὲ,
3293 800 3369 865 ὡς
3409 801 3564 872 ἔφην,
3596 800 3689 853 ἐπὶ

2097 898 2207 951 τῶν
2250 897 2458 969 καιρῶν
2499 897 2720 952 ἐκείνων
2742 896 2841 965 τὴν
2880 893 3087 948 οἰκείαν
3130 893 3470 960 ἐπεδείξαντο
3501 909 3690 963 συνερ-

2098 989 2223 1058 γίαν
2257 990 2572 1060 Ἰδουμαῖοι,
2615 987 2806 1059 καιρὸν
2860 986 3163 1056 ἐπιτήδειον
3202 984 3479 1054 εἰληφέναι
3533 984 3687 1053 νομί-

2101 1097 2290 1144 σαντες
2335 1082 2414 1144 εἰς
2452 1081 2514 1135 τὸ
2563 1078 2869 1149 πανωλεθρὶ
2902 1077 3108 1141 πάντας
3149 1075 3407 1130 ἀπολέσαι
3454 1076 3580 1138 τούς
3626 1076 3690 1127 ἐκ

2098 1170 2196 1241 τῆς
2257 1168 2652 1241 Ἰσραηλιτικῆς
2716 1168 3077 1239 ὡρμημένους
3136 1165 3491 1234 συγγενείας·
3547 1165 3684 1235 ὅπερ

2097 1258 2164 1332 ἦν
2343 1259 2719 1331 πολεμούντων
2749 1257 3050 1329 προδήλως,
3077 1256 3135 1319 ὃς
3159 1256 3249 1308 τόν
3280 1272 3337 1307 τε
3371 1251 3565 1307 Ἰακὼὸ
3587 1253 3687 1321 τῆς

2097 1354 2206 1407 τῶν
2236 1352 2614 1428 πρωτατοκίων
2645 1349 2875 1420 ἠξίωσεν
2910 1347 3179 1417 εὐλογίας,
3216 1348 3310 1401 καὶ
3342 1347 3556 1401 πάντων
3579 1344 3688 1396 τῶν

2100 1446 2305 1501 ἐκεῖθεν
2360 1444 2744 1513 καταγομένων
2808 1440 3008 1512 πολλήν
3079 1456 3203 1493 τινα
3260 1439 3352 1492 καὶ
3415 1436 3689 1507 ἐξαίρετον

2102 1535 2469 1608 πεποιημένος
2495 1533 2830 1588 διατετέλεκε
2847 1532 2943 1605 τὴν
2974 1530 3290 1601 ἐπιμέλειαν
3310 1547 3322 1560 ·
3370 1528 3597 1601 ἀθυμεῖν
3626 1543 3687 1580 τε

2101 1630 2193 1686 ἐπὶ
2221 1629 2428 1692 τούτοις
2452 1628 2597 1691 εἰκὸς
2634 1622 2702 1698 ἦν
2742 1626 2869 1689 τούς
2908 1623 3266 1694 Ἰσραηλίτας,
3298 1622 3347 1674 εί
3377 1622 3441 1673 ἐκ
3473 1619 3565 1673 τοῦ
3590 1620 3689 1690 τὴν

2100 1723 2349 1791 εὐλογίαν
2381 1719 2488 1775 τῶν
2523 1716 2907 1791 πρωτοτοκίων
2944 1714 3085 1768 κατὰ
3133 1713 3284 1767 θείαν
3317 1710 3688 1783 κομισαμένου

415 1797 603 1854 divina
658 1801 1021 1874 exciderant),
1066 1806 1138 1862 ob
1191 1807 1328 1872 hare,
1370 1808 1616 1879 inquam,
1681 1806 1994 1865 necessario

2103 1814 2271 1885 ψῆφον
2303 1811 2686 1882 καταγόμενοι,
2721 1809 2796 1881 (p.
2819 1807 2946 1877 215)
2990 1804 3215 1859 τοιαῦτα
3260 1804 3515 1872 πάσχοιεν
3542 1801 3690 1872 παρά

418 1887 563 1946 Deus
615 1891 834 1947 beatum
881 1895 1202 1965 prophetam
1253 1898 1514 1955 excitavit
1570 1897 1840 1963 Abdiam,
1895 1897 1991 1968 qui

419 1982 678 2038 universo
709 1999 810 2040 suo
832 1987 1096 2042 vaticinio
1126 1996 1450 2044 eventuram
1482 1988 1735 2044 ldumaeis
1773 2003 1990 2059 poenam

416 2070 771 2141 signiﬁcaret,
812 2088 939 2129 cum
990 2074 1102 2131 Deo
1141 2077 1441 2147 aliquando
1487 2077 1667 2133 visum
1718 2076 1858 2132 foret
1904 2093 1993 2135 res

416 2158 788 2221 Israelitarum
823 2167 877 2222 in
909 2167 1202 2238 pristinam
1231 2169 1654 2240 prosperitatem
1690 2169 1990 2238 vindicare;

417 2274 450 2313 a
492 2258 717 2315 servitio
766 2260 979 2319 scilicet
1032 2260 1311 2331 expedire,
1359 2277 1583 2333 suaeque
1627 2262 1818 2332 patriae
1872 2264 1995 2318 red-

417 2350 569 2413 dere,
628 2358 689 2405 ut
754 2350 1132 2425 Hierosolyma
1188 2354 1563 2410 instaurarent
1622 2355 1995 2426 templumque

419 2442 750 2498 reﬁcerent:
786 2442 843 2498 in
876 2459 988 2513 quo
1017 2448 1256 2502 maxime
1289 2446 1520 2502 decebat
1546 2447 1748 2501 iterum
1769 2461 1995 2517 congre-

419 2532 537 2602 gari
572 2548 689 2598 eos,
733 2542 792 2589 ut
833 2535 907 2590 ibi
942 2536 1201 2607 legitimis
1240 2553 1372 2609 erga
1413 2536 1584 2593 Deum
1639 2538 1997 2609 religionibus

418 2635 799 2694 operarentur.
837 2625 903 2680 Et
933 2628 1152 2697 quidem
1190 2643 1338 2684 nunc
1366 2628 1514 2684 haud
1541 2629 1740 2700 exiguo
1768 2643 1999 2682 mmren-

419 2717 570 2774 tibus
619 2718 816 2774 solatio
884 2726 1003 2775 erat
1069 2719 1269 2775 borum
1336 2730 1632 2777 eventuum
1683 2720 1996 2790 praedictio;

421 2818 538 2863 tum
567 2825 700 2865 vero
751 2821 876 2881 post
915 2811 1300 2867 vaticiniorum
1351 2812 1561 2867 exitum
1605 2813 1781 2867 multo
1826 2813 2000 2883 magis

422 2898 684 2955 credituri
723 2910 917 2962 erant,
948 2901 1061 2956 haec
1094 2901 1224 2956 olim
1263 2899 1355 2956 Dei
1394 2902 1675 2957 voluntate
1705 2902 1962 2972 przedicta
1986 2947 1999 2967 ,

422 3003 476 3045 et
519 2991 717 3047 deinde
759 2993 925 3048 verba
988 2994 1045 3049 in
1098 3007 1212 3048 rem
1260 2992 1459 3048 collata
1508 2988 1698 3049 fuisse'.
1744 2993 1877 3059 Quae
1916 3011 2003 3051 res

424 3089 656 3152 utraque
701 3084 1094 3154 comprobabat
1128 3082 1225 3140 Dei
1256 3099 1389 3155 erga
1429 3100 1525 3141 eos
1558 3087 1957 3156 providentiam
1985 3108 1999 3158 ;

422 3174 797 3245 certioresque
828 3177 1051 3232 eosdem
1080 3175 1318 3231 faciebat
1339 3214 1354 3241 ,
1386 3176 1503 3233 haec
1531 3193 1561 3232 a
1597 3176 1709 3234 Deo
1738 3181 1998 3235 vaticinia

424 3265 599 3323 fuisse
635 3267 783 3323 edita
833 3267 1014 3339 gentis
1060 3267 1257 3337 gratia,
1295 3268 1364 3324 de
1410 3268 1570 3339 cujus
1623 3271 1999 3332 incolumitate

425 3373 700 3431 magnam,
734 3367 795 3414 ut
823 3374 967 3430 saepe
993 3358 1125 3425 dixi,
1163 3376 1350 3416 curam
1381 3362 1623 3433 gerebat.

2097 1906 2201 1959 τῶν
2239 1908 2304 1959 ἐκ
2345 1903 2439 1957 τοῦ
2483 1901 2823 1973 προπάτορος
2865 1897 3063 1952 οἰκείου
3104 1896 3201 1966 τῆς
3243 1894 3501 1962 εὐλογίας
3553 1894 3684 1945 ἀπο-

2094 1990 2398 2062 ϐληθέντων
2424 1989 2522 2060 τῆς
2562 1988 2741 2052 θείας·
2774 1987 3088 2057 ἀναγκαίως
3129 1984 3221 2039 τὸν
3260 1983 3525 2054 μακάριον
3554 1998 3687 2050 τερο-

2095 2086 2271 2156 φήτην
2311 2082 2521 2135 Ἀὃδίαν
2571 2080 2663 2133 ἐπὶ
2708 2078 2880 2149 τούτῳ
2926 2077 3215 2148 κεκίνηκεν
3252 2075 3280 2127 6
3306 2074 3459 2137 Θεὸς,
3499 2073 3574 2135 ὠς
3624 2070 3689 2125 ἂν

2095 2175 2182 2230 διὰ
2226 2175 2406 2245 πάσης
2448 2171 2610 2227 αὐτοῦ
2650 2170 2751 2240 τῆς
2789 2170 3144 2242 προρρήσεως
3176 2166 3275 2238 τὴν
3302 2163 3686 2235 καταληψομέ-

2096 2285 2192 2339 νην
2226 2265 2553 2336 Ἰδουμαίους
2586 2263 2876 2335 μηνύσειεν
2910 2260 3177 2332 τιμωρίαν
3196 2278 3209 2290 ’
3238 2259 3473 2331 ὁπηνίκα
3496 2257 3560 2312 ἂν
3590 2260 3680 2310 ἐπι

2094 2361 2157 2414 τὸ
2209 2362 2453 2431 κρεῖττον
2514 2357 2840 2427 μεταγαγεῖν
2907 2354 2974 2407 τὰ
3017 2352 3364 2424 Ἰσραηλιτῶν
3415 2351 3685 2423 δοκιμάσῃ

2097 2452 2248 2517 Θεὸς,
2273 2447 2633 2519 ἐπαναγαγὼν
2652 2465 2711 2501 τε
2745 2446 2942 2510 αὐτοὺς
2966 2447 3031 2506 ἐκ
3070 2446 3170 2516 τῆς
3193 2443 3567 2516 αἰχμαλωσίας
3593 2442 3685 2496 καὶ

2097 2548 2163 2616 τῇ
2200 2544 2352 2615 χώρᾳ
2383 2541 2544 2598 πάλιν
2590 2539 2874 2601 ἀποδιδοὺς
2917 2540 2982 2609 τῇ
3033 2537 3228 2607 οἰκείᾳ,
3275 2535 3416 2588 ὥστε
3460 2534 3553 2588 καὶ
3594 2533 3692 2604 τὴν

2109 2634 2462 2706 Ἰερουσαλὴμ
2503 2631 2942 2701 ἀνοικοδομῆσαι,
2985 2630 3080 2682 καὶ
3124 2628 3214 2681 τὸν
3266 2626 3391 2679 ναὸν
3444 2627 3501 2678 ἐν
3550 2625 3687 2695 αὐτῇ

2101 2726 2528 2787 κατασκευάσαι,
2576 2726 2634 2776 ἐν
2682 2719 2726 2790 ᾧ
2771 2721 2835 2792 δὴ
2885 2720 3116 2792 μάλιστα
3172 2718 3450 2789 προσῆκεν
3494 2716 3692 2780 αὐτοὺς

2103 2818 2340 2873 συνιέναι
2392 2817 2588 2878 πάλιν,
2646 2815 2743 2885 τὴν
2800 2812 3149 2884 καθήκουσαν
3200 2812 3263 2862 ἐκ
3311 2809 3409 2877 τῆς
3464 2808 3692 2877 νομικῆς

2102 2910 2394 2977 διατάξεως
2425 2904 2879 2977 ἀποπληροῦντας
2903 2902 3091 2957 αὐτόθι
3125 2899 3201 2972 τῷ
3236 2899 3351 2970 Θεῷ
3375 2897 3694 2969 θρησκείανξ

2104 3002 2197 3055 νῦν
2228 3019 2286 3054 τε
2327 3000 2434 3070 γάρ
2464 2999 2523 3051 οὐ
2570 2995 2772 3068 μικρὰν
2794 2997 2836 3064 ,ἡ
2873 2994 3079 3048 τούτων
3123 2995 3353 3064 μήνυσις
3392 2989 3488 3061 τὴν
3517 2990 3693 3059 ψυχα-

2106 3092 2310 3163 γωγίαν
2350 3089 2638 3161 παρείχετο
2684 3089 2797 3150 τοῖς
2842 3085 3247 3155 ἀδικουμένοις·
3289 3082 3383 3135 καὶ
3422 3079 3559 3149 μετά
3594 3079 3692 3150 τὴν

2090 3188 2211 3252 ,τῶν
2263 3181 2605 3256 μηνυθέντων
2653 3178 2912 3241 ἔκϐασιν,
2961 3177 3040 3231 ἔτι
3077 3175 3274 3246 μᾶλλον
3312 3171 3587 3225 ἐπείθοντο
3632 3169 3694 3222 τὸ

2105 3276 2296 3345 γνώμη
2320 3271 2455 3326 Θεοῦ
2481 3270 2644 3325 πάλαι
2685 3286 2744 3322 τε
2791 3267 2958 3321 ταῦτα
2990 3265 3241 3339 εἰρῆσθαι
3264 3281 3276 3292 ·
3311 3262 3404 3316 καὶ
3442 3259 3577 3333 πρὸς
3604 3259 3692 3331 ἕρ-

2107 3386 2201 3436 γον
2244 3364 2468 3436 ὕστερον
2521 3358 2899 3431 ἐκϐεϐηκέναι,
2948 3357 3091 3427 ἅπερ
3130 3352 3196 3428 ῆν
3238 3355 3403 3426 ἄμφω
3436 3352 3533 3422 τῆς
3566 3351 3692 3422 περὶ

424 3450 621 3513 αὐτοὺς
649 3450 970 3521 κηδεμονίας
1000 3450 1215 3522 ἐλεγχος
1245 3451 1337 3505 τοῦ
1372 3452 1506 3506 Θεοῦ
1526 3471 1543 3490 ο
1570 3453 1709 3509 ὥστε
1739 3456 1839 3511 οὐκ
1874 3458 2069 3532 ἄδηλον
2097 3453 2234 3512 εἶναι
2265 3456 2346 3508 ὅτι
2371 3451 2682 3525 προμηθείᾳ
2708 3450 2801 3504 τοῦ
2830 3447 2959 3503 λαοῦ
2985 3448 3076 3503 καὶ
3104 3447 3305 3516 ταύτην
3335 3445 3567 3497 ἐποιεῖτο
3593 3441 3689 3513 τὴν

429 3545 657 3615 μήνυσιν
678 3561 690 3574 ·
731 3539 793 3599 οῦ
837 3545 899 3615 δὴ
934 3545 1131 3617 πολλὴν
1164 3547 1304 3619 ὑπὲρ
1342 3552 1438 3621 τῆς
1471 3552 1763 3624 σωτηρίας,
1804 3554 1879 3620 ὡς
1913 3555 2171 3617 πολλάκις
2199 3551 2354 3622 ἔφην,
2388 3549 2624 3603 ἐποιεῖτο
2655 3546 2753 3618 τὴν
2782 3545 3099 3617 ἐπιμέλειαν
3127 3545 3155 3595 6
3188 3541 3341 3603 Θεός.

496 3638 666 3696 Vens.
696 3641 744 3694 1.
772 3670 840 3679 -
861 3658 879 3692 ι
914 3639 1067 3697 Visio
1095 3642 1303 3698 Abdiae.
1339 3663 1358 3695 ι
1378 3642 1522 3698 Nihil
1551 3640 1721 3717 hujus"
1743 3651 1999 3705 vocabuli

427 3734 510 3789 vis
536 3732 772 3789 differta
804 3732 1044 3790 dictione
1086 3754 1097 3788 :
1146 3753 1166 3787 ι
1200 3735 1395 3791 Sermo
1432 3735 1670 3794 Domini.
1712 3758 1731 3791 ι
1791 3736 2002 3811 Quippe

428 3839 737 3879 sermonem
787 3824 1074 3895 Scriptura
1123 3827 1359 3897 appellat
1403 3843 1522 3883 eam
1573 3831 1871 3898 virtutem,
1908 3849 2002 3903 per

428 3931 589 3986 quam
633 3916 861 3986 spiritali
903 3933 1129 3974 munere
1174 3920 1424 3974 notitiam
1461 3936 1645 3976 rerum
1689 3923 2000 3980 futurarum

429 4007 709 4077 prophetae
747 4009 1114 4078 excipiebant.
1161 4009 1443 4066 Visionem
1489 4012 1701 4070 scilicet
1732 4015 1865 4070 dicit
1906 4033 2003 4086 pro

428 4097 612 4152 divina
654 4098 1022 4165 revelatione,
1055 4100 1216 4170 cujus
1245 4117 1348 4173 ope
1382 4102 1492 4158 illis
1523 4104 1867 4175 contingebat
1896 4145 1910 4167 ,
1946 4115 2004 4159 ut

430 4205 758 4246 arcanorum
794 4193 1080 4248 scientiam
1111 4205 1598 4265 consequerentur.
1632 4195 1766 4251 Nam
1796 4199 1923 4268 quia
1949 4205 2002 4253 et

431 4282 675 4339 tbeorias
700 4283 968 4355 quasdam
1002 4285 1451 4341 inenarrabiliter
1480 4286 1714 4357 spiritali
1751 4303 1916 4359 opera
1945 4288 1998 4342 in

432 4374 669 4429 animam
701 4375 1051 4446 excipiebant
1090 4377 1405 4448 propheta,
1445 4385 1559 4433 tum
1592 4378 1758 4433 etiam
1795 4378 1999 4435 doctri-

431 4479 557 4519 nam
594 4464 900 4521 futnrarum
925 4481 1107 4521 rerum
1138 4474 1399 4537 tanquam
1425 4468 1494 4523 ab
1530 4468 1715 4539 aliquo
1750 4468 2004 4538 loquente

2176 3647 2323 3717 Στίχ.
2352 3650 2420 3699 α’.
2457 3671 2527 3681 -—
2565 3659 2583 3691 ι
2625 3636 2855 3711 Ὅρασις
2895 3637 3131 3692 ’Λὸδιοῦ.
3170 3656 3187 3689 ι
3220 3635 3385 3690 Οὐδὲν
3424 3634 3565 3690 κατά
3596 3634 3692 3707 τὴν

2105 3739 2330 3809 δύναμιν
2379 3732 2682 3789 διαλλάττει
2741 3728 2918 3798 τοῦτο,
2974 3731 3050 3800 (p.
3109 3729 3234 3800 216)
3289 3730 3404 3795 τοῦ,
3453 3749 3472 3783 ι
3523 3728 3693 3796 Λόγος

2107 3829 2332 3901 Κυρίου.
2386 3846 2404 3880 ι
2443 3826 2616 3894 Λόγον
2643 3824 2748 3895 γάρ
2784 3840 2844 3877 τε
2876 3822 3081 3891 Κυρίου
3127 3822 3225 3892 τὴν
3264 3822 3542 3894 ἐνέργειαν
3580 3820 3694 3873 ὀνο-

2114 3920 2274 3993 μάζει
2302 3917 2396 3971 τοῦ
2439 3915 2597 3981 Θεοῦ,
2623 3914 2744 3969 καθ’
2787 3913 2855 3985 ἣν
2887 3915 2953 3985 τῇ
3000 3916 3341 3984 πνευματικῇ
3388 3913 3567 3983 χάριτι
3595 3910 3693 3973 τὰς

2109 4010 2477 4080 ἀποκαλύψεις
2519 4009 2568 4061 οί
2618 4007 2888 4079 προφῆται
2931 4004 3040 4057 τῶν
3095 4005 3366 4076 ἐσομένων
3419 4003 3689 4074 ἐδέχοντο’

2109 4103 2200 4155 καὶ
2237 4101 2424 4173 ὅρασιν
2451 4098 2512 4151 τὸ
2558 4095 2692 4150 αὐτὸ
2726 4094 2791 4165 δὴ
2824 4092 2983 4148 τοῦτο
3025 4093 3178 4148 καλεῖ
3224 4095 3322 4164 τὴν
3351 4092 3693 4161 ἀποκάλυψιν

2107 4194 2205 4265 τὴν
2244 4191 2414 4256 θείαν,
2470 4189 2592 4243 καθ’
2639 4187 2706 4259 ἢν
2750 4186 2968 4253 ἐγένετο
3012 4185 3194 4250 αὐτοῖς
3222 4184 3330 4238 τῶν
3357 4184 3567 4256 ἀδήλων
3609 4182 3694 4236 δέ·

2106 4285 2295 4358 χεςθαι
2332 4283 2430 4354 τὴν
2468 4280 2703 4350 γνῶσιν
2739 4276 2926 4349 ἐπειδὴ
2966 4276 3072 4346 γὰρ
3118 4277 3211 4331 καὶ
3259 4276 3490 4348 θεωρίας
3537 4273 3687 4338 τινὰς

2108 4379 2433 4451 ἀπορῥήτως
2472 4374 2561 4429 διὰ
2597 4375 2696 4445 τῆς
2725 4370 3099 4442 πνευματικῆς
3139 4369 3414 4441 ἐνεργείας
3456 4369 3548 4422 ἐπὶ
3586 4368 3685 4438 τῆς

2107 4470 2285 4541 ψυχῆς
2332 4469 2576 4539 ἐδέχοντο
2622 4466 2720 4535 τῆς
2768 4464 2976 4526 οἰκείας
3022 4463 3072 4515 οί
3122 4461 3416 4532 προφῆται,
3445 4460 3540 4513 καὶ
3587 4460 3684 4532 τὴν

433 4552 749 4623 riudiebant,
800 4573 900 4626 pro
944 4558 1122 4613 sancti
1174 4556 1416 4630 Spiritus
1447 4567 1641 4629 agente
1680 4558 1737 4614 in
1778 4559 1843 4615 iis
1887 4558 1999 4615 vir-

2107 4560 2449 4617 διδασκαλίαν
2472 4556 2579 4611 τῶν
2605 4556 2879 4627 ἐρομένων
2923 4552 2997 4616 ὡς
3032 4554 3183 4623 παρά
3223 4569 3366 4615 τινος
3408 4549 3688 4615 λαλοῦντος

431 4654 586 4715 tute;
616 4648 820 4703 idcirco
848 4657 902 4704 et
930 4650 1198 4707 visionem
1223 4650 1360 4707 dicit
1391 4651 1676 4721 Scriptura
1711 4659 1766 4708 et
1793 4667 2003 4709 sermo-

436 4752 556 4791 nem
584 4736 836 4805 Domini;
863 4739 973 4793 imo
992 4741 1178 4803 etiam,
1205 4746 1267 4795 ut
1296 4740 1427 4796 mihi
1451 4741 1689 4807 videtur,
1712 4741 1955 4797 auditum
1985 4759 1999 4794 :

434 4836 723 4897 propterea
747 4829 892 4898 quod
928 4830 1084 4902 143
1140 4831 1407 4901 spiritalis
1430 4832 1698 4890 doctrina:
1729 4835 2001 4900 notitiam,

433 4920 730 4975 auditionis
772 4921 1061 4988 cujusdam
1117 4922 1336 4991 instar,
1414 4923 1771 4996 recipiebant.
1825 4926 2004 4994 Quare

433 5011 627 5065 beatus
655 5025 873 5080 quoque
908 5009 1076 5067 lsaias
1107 5013 1374 5083 prepheta
1403 5016 1479 5069 ait
1513 5032 1527 5068 :
1568 5036 1585 5068 ι
1615 5019 2005 5092 nomine,qttis

432 5102 668 5156 credidit
705 5101 914 5157 auditui
947 5111 1139 5158 nostro
1169 5105 1255 5157 ‘3?
1291 5123 1311 5157 ι
1356 5121 1551 5177 nempe
1580 5108 1787 5162 notitiae
1819 5123 2003 5163 rerum

434 5195 593 5250 nobis
654 5194 1177 5259 demonstraturum,
1235 5204 1289 5252 et
1330 5212 1470 5267 quas
1509 5197 1776 5255 divinitus
1826 5197 2005 5253 edocti

435 5302 646 5341 sumus.
676 5286 1207 5344 Convenientissime
1240 5288 1368 5344 item
1410 5290 1604 5345 beatus
1636 5288 1842 5345 Paulus
1863 5289 2008 5343 hanc

435 5376 698 5432 divinitus
739 5380 964 5447 protulit
1010 5380 1384 5435 locutionem:
1431 5398 1449 5430 ι
1493 5380 1653 5436 Fides
1680 5397 1747 5436 ex
1793 5380 2005 5447 auditu,

438 5466 660 5521 auditus
710 5475 890 5522 autem
935 5484 1030 5538 per
1071 5473 1300 5525 verbum
1343 5470 1434 5525 Dei
1482 5471 1571 5524 διε
1614 5490 1631 5522 ι
1676 5471 2003 5540 signiﬁcans

440 5556 582 5610 haud
632 5556 789 5610 aliter
834 5558 1082 5614 accidere
1136 5577 1297 5629 posse
1343 5550 1623 5631 prophetis
1675 5560 2051 5617 auditionem"

512 5737 557 5777 ⁶³
595 5734 697 5792 isa.
738 5751 854 5804 Lm,
895 5739 942 5792 l.
1020 5739 1062 5772 ⁸⁵
1096 5738 1250 5793 Rom.
1296 5756 1346 5805 κ,
1392 5742 1473 5794 l7.

2111 4654 2404 4725 ὑπήκουον,
2458 4648 2602 4704 κατὰ
2639 4649 2739 4718 τὴν
2788 4646 3143 4717 ἐγγινομένην
3184 4645 3366 4708 αὐτοῖς
3414 4642 3693 4712 ἐνέργειαν

2112 4745 2217 4800 ὑπὸ
2247 4744 2342 4798 τοῦ
2370 4741 2685 4813 Πνεύματος
2702 4740 2807 4819 λτοῦ
2837 4740 2992 4808 ἁγίου
3013 4755 3027 4769 ·
3057 4738 3144 4793 διὰ
3185 4738 3343 4792 τοῦτο
3384 4738 3475 4792 καὶ
3506 4738 3694 4807 ὅρασιν

2111 4836 2245 4892 αὐτὸ
2275 4834 2371 4888 καὶ
2395 4833 2550 4902 λόγον
2580 4830 2786 4901 Κυρίου
2813 4830 2998 4887 καλεῖ·
3030 4829 3124 4883 καὶ
3149 4829 3316 4901 ἀκοὴν
3344 4829 3401 4882 δέ
3424 4828 3498 4893 ὡς
3525 4827 3690 4895 εἰκὸς,

2112 4925 2209 4981 ἅτε
2238 4925 2339 4995 τῆς
2366 4921 2739 4992 πνευματικῆς
2779 4919 3144 4985 διδασκαλίας,
3171 4918 3358 4989 ὥσπερ
3396 4919 3530 4989 ἀκοῇ
3566 4934 3689 4982 τινι,

2112 5015 2414 5087 δεχομένων
2441 5013 2538 5085 τὴν
2566 5011 2768 5081 γνῶσιν
2789 5026 2802 5042 '
2832 5011 2954 5065 ὅθεν
2979 5011 3070 5065 καὶ
3099 5012 3127 5063 ὁ
3161 5009 3426 5081 μακάριος
3465 5010 3690 5073 Ἠσαίας

2113 5109 2142 5160 6
2212 5107 2494 5181 προφήτης
2537 5107 2707 5180 φησί·
2758 5127 2777 5161 ι
2822 5107 2993 5180 Κύριε
3019 5140 3042 5173 ,
3073 5103 3154 5165 τίς
3172 5103 3457 5156 ἐπίστευσε
3473 5104 3535 5172 τῇ
3554 5103 3688 5172 ἀκοῇ

2114 5196 2304 5267 ἡμῶν;
2328 5214 2347 5246 ι
2373 5194 2461 5247 ἴνα
2481 5194 2630 5265 εἴπῃ,
2657 5198 2723 5265 τῇ
2756 5193 2952 5263 γνώσει
2967 5193 3073 5246 τῶν
3095 5193 3411 5264 δειχθέντων
3430 5196 3580 5264 ἡμῖν,
3600 5194 3692 5246 καὶ

2114 5281 2189 5343 ὧν
2222 5286 2575 5357 ἐδιδάχθημεν
2624 5283 2805 5361 θεόθεν
2825 5303 2838 5316 ·
2885 5284 3279 5339 ἀκολουθότατα
3313 5284 3367 5338 δέ
3413 5285 3503 5339 καὶ
3535 5286 3564 5336 ὁ
3590 5300 3687 5355 μα-

2114 5377 2305 5449 κάριος
2338 5374 2545 5438 Παῦλος
2573 5373 2789 5447 ταύτην
2814 5392 2871 5428 τε
2905 5374 3099 5437 θεῖκῶς
3126 5374 3225 5443 τὴν
3272 5372 3452 5444 φωνὴν
3483 5373 3691 5443 ἐπήγα-

2113 5486 2229 5538 γενο
2276 5492 2297 5526 ι
2335 5469 2479 5540 "Aput
2515 5463 2549 5532 ὴ
2582 5464 2761 5532 πίστις
2803 5466 2862 5532 ἐξ
2892 5468 3088 5541 ἀκοῆς,
3133 5463 3238 5535 ἡδὲ
3255 5461 3397 5533 ἀκοὴ
3414 5460 3500 5515 διὰ
3515 5462 3690 5534 ῥημα-

2116 5578 2204 5624 τος
2235 5559 2368 5614 Θεοῦ
2386 5577 2399 5590 ’
2415 5580 2431 5611 υ
2475 5558 2687 5623 δεικνὺς
2719 5557 2800 5611 ὅτι
2827 5557 2926 5611 οὐκ
2948 5555 3121 5619 ἄλλως
3147 5550 3370 5608 δυνατὸν
3396 5549 3494 5624 τὴν
3511 5546 3691 5606 τοιαύς
