4102 6514
368 261 466 317 3H
1542 263 1891 321 THEODORI
1929 265 2415 325 MOPSUESTENI
3533 264 3639 320 3ίῖ

366 378 512 438 bello
541 382 710 439 veluti
740 381 969 448 indicto,
1010 382 1188 454 pergit
1230 384 1375 452 loqui
1413 392 1605 438 contra
1633 383 1944 442 Idumaeam.

2052 383 2146 442 οὖν
2189 386 2467 441 κάνταῦθα
2510 385 2693 455 λέγει·
2744 402 2763 436 ι
2829 385 2955 438 Ὅτι
2991 382 3270 449 συνέλεξεν
3320 384 3350 436 ὀ
3392 381 3526 446 Θεὸς
3569 381 3641 437 τὰ

368 472 495 540 ἔθνη
516 513 533 536 ,
554 473 773 546 »ὥσπερ
805 474 911 527 τινὶ
947 475 1098 544 φωνῇ
1138 472 1218 544 τῷ
1261 474 1592 546 ἐπιτάγματι
1635 476 1713 547 τῷ
1749 478 1935 548 οἰκείῳ
1965 476 2244 548 διεγείρων
2268 475 2465 539 αὐτοὺς
2495 477 2575 539 είς
2600 475 2692 531 τὸν
2720 473 2863 529 κατά
2903 475 3003 544 τῆς
3042 472 3343 544 Ἰδουμαίας
3379 471 3634 543 πόλεμον·

368 559 491 618 είτα
522 563 599 628 ὡς
627 563 719 617 τὸν
752 563 986 635 πόλεμον
1020 564 1288 635 δηλώσας,
1319 567 1517 635 ἐπάγει
1542 567 1680 641 πρὸς
1704 568 1802 640 τὴν
1842 567 2148 639 Ἰδουμαίαν
2182 569 2374 639 αὐτήν.

448 659 613 716 Vens.
643 660 762 715 2-4.
791 691 861 701 -
893 677 912 711 ι
954 657 1094 715 Ecce
1125 661 1405 717 minimam
1431 660 1556 717 dedi
1602 671 1655 717 te
1688 662 1742 717 in
1772 662 1951 732 genti-

372 754 505 819 bus;
546 752 898 807 vehementer
940 760 1253 821 contempta
1287 768 1370 809 es.
1417 773 1438 805 ι
1469 752 1660 824 Magna
1710 753 1825 817 lui,
1862 753 1950 808 in-

371 844 527 913 quit,
554 841 703 898 cattle
734 841 913 906 edita,
949 842 1019 897 ad
1051 843 1321 899 modicam
1355 854 1409 900 te
1432 858 1648 916 gentem
1684 844 1947 915 redigam,

373 936 447 990 ita
488 941 550 989 ut
585 933 832 990 omnium
886 934 1114 991 minima
1169 936 1287 1001 llas,
1333 936 1613 1007 multaque
1651 936 1948 1009 ignominia

373 1026 619 1089 noteris;
654 1025 895 1081 hostium
926 1041 1156 1083 numero
1185 1042 1468 1097 oppressa,
1499 1036 1663 1099 atque
1696 1028 1948 1084 innume-

370 1120 450 1173 ris
493 1119 654 1174 malis
687 1118 905 1174 obruta.
943 1116 1202 1184 Quaenam
1246 1135 1410 1191 porro
1464 1121 1545 1175 rei
1593 1135 1762 1176 causa
1806 1118 1951 1175 fuit?

377 1231 394 1259 ς
434 1209 700 1280 Superbia
728 1209 910 1266 cordis
950 1211 1029 1265 tui
1059 1217 1112 1266 te
1142 1211 1337 1267 extulit
1366 1211 1692 1268 incolentem
1726 1213 1945 1284 rupium

374 1298 532 1370 145
572 1315 794 1371 specus,
829 1301 885 1356 in
924 1301 1149 1357 sublimi
1175 1301 1493 1358 babitaculo
1527 1309 1789 1367 stantem,
1824 1302 1947 1357 ani-

371 1407 570 1461 moque
607 1399 703 1447 tuo
740 1393 1094 1448 volutantem.
1124 1392 1261 1460 Quis
1303 1409 1390 1449 me
1425 1394 1481 1449 in
1516 1401 1717 1449 terram
1758 1392 1944 1449 detra-

372 1482 501 1539 het?
527 1503 546 1536 ο
592 1483 1050 1554 Quandoquidem
1082 1484 1302 1541 Idumaei
1333 1493 1596 1542 montana
1629 1485 1686 1540 in
1723 1485 1946 1557 regione

371 1574 663 1646 degebant,
690 1575 795 1632 hoc
820 1575 937 1632 fere
958 1576 1128 1632 dicit:
1163 1577 1416 1650 Ingentes
1444 1576 1737 1634 admodum
1778 1577 1946 1648 spiri-

372 1676 464 1722 tus
481 1667 648 1738 geris,
672 1667 800 1738 quia
822 1668 1173 1738 scopulorum
1200 1682 1456 1725 recessus
1478 1681 1739 1739 occupas,
1764 1669 1950 1738 ibique

375 1756 677 1824 spatiosam
711 1769 777 1811 ac
804 1755 1118 1820 maximam,
1153 1762 1215 1809 ut
1240 1761 1389 1811 certe
1413 1754 1725 1819 arbitraris,
1757 1757 1949 1811 statio-

374 1861 503 1901 nem
558 1854 757 1903 tenes:
803 1857 856 1902 et
898 1861 1034 1902 sane
1064 1846 1340 1903 neminem
1386 1845 1504 1902 fore
1540 1847 1721 1903 credis
1761 1847 1857 1918 qui
1897 1857 1951 1903 te

381 1937 640 2006 praesenti
678 1938 1045 2008 prosperitate
1073 1936 1311 2006 dejicere
1349 1943 1535 2008 queat.
1581 1936 1948 2002 Quamobrem

373 2044 498 2099 qua:
548 2029 692 2084 dicta
729 2040 880 2093 sunt,
929 2028 1182 2100 patieris;
1216 2038 1275 2115 ut
1304 2027 1511 2115 sentias
1552 2026 1755 2083 frustra
1786 2036 1951 2083 temet

377 2119 586 2189 aliquid
611 2133 734 2176 esse
761 2127 1004 2190 putasse,
1028 2119 1198 2175 invita
1222 2104 1319 2174 Dei
1344 2104 1643 2174 voluntate.
1674 2136 1693 2170 ι
1723 2116 1950 2174 Etiamsi

374 2211 571 2282 aquilae
598 2211 772 2267 instar
798 2211 907 2266 alta
946 2219 1102 2281 petas
1125 2249 1142 2274 ,
1175 2217 1233 2266 et
1265 2208 1313 2265 si
1341 2207 1537 2265 mediis
1582 2209 1639 2267 in
1666 2207 1832 2265 astris
1861 2208 1949 2263 ni-

372 2301 505 2356 dum
535 2309 782 2367 statuas,
816 2301 968 2358 illinc
1001 2315 1101 2373 ego
1151 2308 1207 2356 te
1245 2299 1563 2364 detraham,
1605 2297 1740 2355 dicit
1771 2297 1949 2354 Domi-

374 2408 500 2448 nus.
544 2411 563 2444 ι
600 2393 862 2450 Sublimis
922 2392 1118 2448 feraris
1166 2393 1318 2457 licet,
1377 2392 1574 2463 aquila:
1619 2405 1772 2446 more
1827 2406 1949 2460 qua:

374 2490 590 2538 montes
615 2484 973 2553 supervolare
1002 2482 1193 2554 procul
1221 2481 1394 2549 solet;
1433 2481 1489 2535 in
1519 2480 1715 2537 mediis
1753 2494 1947 2552 quam-

374 2575 460 2629 vis
488 2573 765 2631 sideribus
793 2574 979 2648 gloria:
1007 2580 1115 2630 tua:
1146 2571 1465 2644 magnitudo
1507 2581 1561 2627 te
1583 2571 1833 2638 collocet,
1864 2571 1946 2626 vi-

372 2665 529 2722 ribus
551 2665 690 2725 meis
725 2665 950 2725 minimc
977 2664 1240 2730 obsistcs,
1267 2663 1453 2727 statim
1485 2677 1549 2723 ac
1579 2670 1632 2721 te
1655 2662 1947 2725 deturbare

372 2756 614 2815 voluero.

2129 663 2275 734 Στίχ.
2306 663 2448 733 pne.
2476 691 2548 703 -—
2581 680 2601 713 ι
2654 662 2787 717 Ἰδοὺ
2819 660 3096 730 ὀλιγοστὸν
3114 659 3321 714 δέδωκά
3341 675 3402 712 σε
3429 659 3488 712 ἐν
3521 659 3638 724 τοῖς

2058 756 2301 811 ἔθνεσιν·
2343 755 2687 828 ἠτιμωμένος
2719 750 2773 807 εί
2824 753 2889 809 σὺ
2934 753 3157 824 σφόδρα.
3208 771 3225 806 ο
3270 751 3477 822 Πολλὴν
3515 768 3633 819 σου,

2057 847 2212 919 φησι,
2250 845 2338 899 διὰ
2377 846 2486 899 τῶν
2525 843 2800 915 πολεμίων
2844 841 2943 915 τὴν
2986 841 3201 912 σφαγὴν
3238 840 3633 913 ἐργασάμενος,

2055 940 2137 1003 είς
2173 938 2387 1007 ὀλίγους
2430 953 2523 989 σου
2562 935 2877 1008 περιστήσω
2911 932 2973 986 τὸ
3015 931 3200 996 ἔθνος·
3238 932 3380 986 ὥστε
3417 932 3634 986 πάντων

2055 1032 2344 1095 ἐλάττονας
2387 1026 2527 1085 εἶναι
2572 1031 2668 1083 καὶ
2702 1031 2760 1083 ἐν
2802 1028 3000 1099 ἀτιμίᾳ
3051 1026 3381 1081 καθεστάναι
3428 1026 3631 1099 πολλῇ·

2052 1122 2129 1187 ὡς
2155 1123 2260 1176 ὑπὸ
2291 1122 2502 1177 πολλῶν
2530 1139 2590 1176 τε
2625 1119 3129 1191 πεπολιορκημὲνον
3167 1118 3261 1171 καὶ
3285 1117 3499 1189 μυρίοις
3536 1135 3636 1171 πε·

2056 1211 2379 1283 ριόληθέντα
2418 1213 2640 1276 κακοῖς·
2685 1205 2803 1264 εἶτα
2842 1208 2928 1274 τίς
2986 1209 3019 1279 ἡ
3056 1207 3239 1273 αίτία;
3280 1226 3299 1258 ι
3347 1206 3413 1259 Ἡ
3465 1206 3634 1274 ύπερ-

2052 1303 2259 1375 ηφανία
2289 1302 2390 1373 τῆς
2414 1300 2642 1372 καρδίας
2673 1317 2767 1353 σου
2814 1299 2985 1370 ἐπῆρέ
3009 1313 3067 1350 σε
3091 1292 3538 1366 κατασκηνούντα
3574 1295 3632 1345 ἐν

2051 1397 2171 1458 ταῖς
2197 1394 2358 1458 ὀπαῖς
2375 1392 2485 1447 τῶν
2511 1391 2744 1463 πετρῶν,
2781 1389 2932 1461 ὑψῶν
2969 1390 3069 1461 τὴν
3106 1387 3385 1442 κατοικίαν
3425 1383 3590 1440 αὐτοῦ
3612 1401 3627 1415 ·

2051 1486 2224 1557 λέγων
2257 1487 2316 1539 ἐν
2345 1488 2413 1557 τῇ
2449 1483 2647 1555 καρδίᾳ
2676 1481 2870 1538 αὐτοῦ·
2900 1480 2997 1545 Τίς
3034 1498 3103 1552 με
3140 1478 3365 1544 κατάξει
3402 1478 3497 1531 ἐπὶ
3531 1476 3631 1548 τὴν

2051 1578 2190 1651 γῆνς
2225 1596 2246 1632 t
2278 1574 2492 1646 Ἐπειδὴ
2511 1575 2618 1646 γὰρ
2641 1572 2818 1644 ὅρειον
2836 1571 3014 1643 ᾤκουν
3038 1570 3222 1643 χώραν
3246 1572 3296 1624 οἱ
3322 1569 3628 1640 Ἰδουμαῖοι,

1980 1632 2022 1687 Β
2053 1632 2253 1740 μέλλον
2284 1667 2441 1722 τοῦτο
2663 1632 2745 1719 δτι
2776 1632 3338 1734 ’Λμέτρωξὲίπήρθης
3371 1632 3474 1732 acip.
3505 1659 3626 1713 διά-

2049 1777 2218 1825 νοιαν,
2256 1760 2314 1811 ἐν
2343 1757 2668 1812 καταδύσεσι
2705 1756 2804 1827 μὲν
2839 1753 3004 1809 οίκῶν
3042 1753 3281 1824 πετρῶν,
3328 1749 3525 1823 πολλὴν
3571 1751 3630 1805 δέ

2050 1868 2146 1911 σου
2180 1850 2275 1904 καὶ
2315 1849 2599 1921 μεγίστην,
2630 1848 2708 1913 ὡς
2733 1848 2867 1919 ῷου,
2893 1843 3210 1916 πεποιηκὼς
3246 1844 3346 1916 τὴν
3374 1844 3585 1913 οἴκησιν
3610 1857 3627 1875 ·

2050 1944 2144 1998 καὶ
2162 1943 2228 2015 δὴ
2255 1942 2350 1996 καὶ
2367 1942 2612 2013 οἰόμενος
2640 1941 2737 1996 οὐκ
2771 1941 2837 1996 ἄν
2871 1956 3008 1993 ποτε
3040 1936 3259 1992 ἔσεσθαι
3282 1936 3373 1990 τὸν
3398 1933 3631 2005 δυνάμε-

2049 2035 2139 2091 νόν
2166 2051 2225 2088 σε
2256 2035 2354 2106 τῆς
2373 2032 2684 2105 προσούσης
2716 2030 2967 2086 ἐκϐαλεῖν
2990 2028 3330 2099 εὐπραγίας·
3377 2026 3518 2096 ὑπὲρ
3553 2015 3629 2079 ὧν

2048 2127 2113 2198 δὴ
2134 2126 2298 2198 πείσῃ
2321 2125 2391 2179 τὰ
2409 2122 2700 2195 εἰρημένα,
2724 2122 2810 2176 ἵνα
2830 2120 2993 2194 αἴσθῃ
3016 2120 3192 2192 μάτην
3227 2120 3471 2190 οἰόμενος
3490 2110 3628 2169 εἶναί

2048 2236 2100 2272 τι
2137 2217 2288 2281 θείας
2326 2216 2797 2289 ἀντιπραττούσης
2845 2213 3062 2287 βουλῆς.
3109 2211 3185 2284 (ρ.
3232 2210 3358 2281 2‘20)
3412 2229 3430 2261 ι
3500 2208 3627 2262 Ἐὰν

2051 2306 2423 2380 μετεωρισθῇς
2479 2308 2557 2371 ὡς
2608 2307 2785 2373 ἀετὸς,
2847 2306 2941 2362 καὶ
2988 2303 3083 2361 ἐὰν
3144 2303 3245 2357 ἁνά
3306 2303 3467 2373 μέσον
3518 2298 3627 2352 τῶν

2047 2401 2263 2472 ἄστρων
2301 2399 2401 2471 θῇς
2444 2398 2663 2453 νοσσιὰν
2696 2415 2813 2461 σου,
2852 2396 3060 2450 ἐκεῖθεν
3110 2393 3326 2460 κατάξω
3361 2409 3441 2458 σε,
3482 2391 3629 2459 λέγει

2047 2491 2272 2564 Κύριος.
2310 2510 2330 2543 ι
2363 2491 2526 2545 ’Ὥστε
2559 2489 2661 2545 κᾶν
2689 2488 2846 2543 ἀετοῦ
2867 2488 3022 2559 δίκην
3058 2488 3140 2551 εἱς
3168 2485 3300 2556 ὕψος
3334 2484 3531 2556 ἀρθῇς,
3569 2482 3630 2541 ὃς

2049 2583 2184 2639 πολὺ
2221 2582 2331 2636 τῶν
2365 2580 2509 2653 ὁρῶν
2547 2579 2952 2653 ύπερίπτασθαι
2986 2578 3217 2647 πέφυκε,
3251 2577 3343 2633 καὶ
3374 2578 3432 2630 ἐν
3477 2574 3626 2645 μέσῳ

2046 2674 2157 2733 τῶν
2174 2675 2389 2748 ἄστρων
2407 2673 2496 2731 διὰ
2512 2673 2611 2749 τὴν
2626 2672 2930 2747 ὑπερϐολὴν
2946 2672 3044 2742 τῆς
3061 2667 3413 2742 περιφανείας
3434 2665 3627 2721 σαυτὸν

2049 2768 2428 2839 καταστήσῃς,
2474 2766 2577 2823 οὐκ
2623 2765 2879 2836 ἀρκέσεις
2927 2762 3065 2833 πρὸς
3110 2762 3211 2833 τὴν
3258 2759 3492 2829 δύναμιν
3529 2756 3626 2827 τὴν

2048 2859 2208 2930 ἐμὴν,
2239 2859 2313 2912 ὅτ’
2339 2859 2404 2913 ἀν
2433 2874 2493 2911 σε
2522 2858 2808 2927 κατασπᾷν
2848 2853 3034 2908 ἐθέλω.

450 2944 613 3001 Vsus.
649 2943 768 3000 5-7.
793 2971 861 2984 —
894 2961 914 2994 ι
958 2940 1017 2997 Si
1057 2940 1207 2998 fures
1226 2941 1295 2997 ad
1336 2949 1389 2997 te
1409 2940 1689 2998 venissent
1722 2947 1948 2995 noctur-

2120 2951 2267 3021 Στιχ.
2305 2930 2446 3014 ε’ίξκ
2485 2978 2558 2987 -
2595 2966 2615 2999 ι
2667 2948 2731 3001 El
2759 2945 2987 3004 κλέπται
3022 2942 3269 3015 εἰσῆλθον
3309 2940 3443 3012 πρὸς
3470 2938 3549 3003 σὲ,
3579 2940 3629 2991 εἰ

375 3039 502 3094 nive
554 3038 830 3100 latrones,
892 3033 1114 3089 ubinam
1163 3032 1407 3102 proiecta
1472 3031 1716 3088 fuisses?
1767 3046 1950 3087 nonne

377 3127 541 3183 furati
580 3133 766 3183 essent
813 3123 1141 3181 sufﬁcientia
1164 3124 1313 3180 sibi?
1343 3123 1409 3177 Et
1445 3123 1492 3177 si
1524 3122 1949 3179 vindemiatores

376 3220 444 3275 ad
480 3228 534 3275 te
565 3217 801 3291 ingressi
848 3216 1113 3280 fuissent,
1146 3231 1330 3271 nonne
1362 3215 1461 3271 tibi
1511 3230 1788 3271 racemum
1825 3214 1951 3270 reli-

375 3311 668 3383 quissent?
690 3307 976 3376 Quomodo
998 3308 1261 3362 lustratus
1279 3314 1364 3362 est
1389 3304 1556 3372 Esau,
1581 3305 1949 3376 deprehensa-

375 3421 483 3472 que
539 3409 669 3458 sunt
714 3400 930 3455 occulta
968 3397 1183 3468 ejus?»
1221 3396 1281 3452 Si
1343 3396 1493 3453 fures
1547 3396 1753 3467 aliqui,
1809 3396 1949 3451 clam

376 3504 541 3549 noctu
589 3492 763 3547 furari
814 3489 964 3546 soliti
1004 3489 1060 3544 in
1112 3487 1337 3544 domum
1389 3495 1540 3542 tuam
1596 3486 1948 3558 irrupissent,

378 3584 569 3652 paucis
612 3581 842 3653 direptis
899 3580 1136 3635 fortasse
1180 3578 1606 3647 discessissent;
1657 3586 1715 3634 tu
1766 3585 1948 3633 tamen

376 3675 799 3746 haudquaquam
829 3671 1038 3728 aedibus
1083 3671 1274 3741 pulsus
1309 3670 1543 3738 fuisses;
1580 3669 1688 3725 tuis
1718 3669 1866 3724 enim
1898 3676 1952 3724 te

377 3767 582 3823 laribus
626 3766 662 3821 ii
712 3765 806 3837 qui
859 3764 1006 3819 furto
1039 3761 1400 3819 tumultuario
1444 3760 1655 3833 aliquid
1684 3760 1953 3831 diripiunt

376 3860 615 3930 spoliare
653 3873 764 3913 non
810 3866 1055 3928 possent.
1105 3855 1236 3911 item
1280 3855 1426 3926 siqui
1463 3854 1752 3911 vindemia
1783 3869 1951 3909 causa

377 3956 593 4007 vineam
641 3950 988 4012 introissent,
1040 3947 1402 4006 nihilominus
1449 3952 1660 4017 partem
1708 3944 1950 4015 aliquam

377 4044 590 4098 fructus
625 4042 682 4096 in
717 4039 825 4095 vite
856 4039 1231 4110 reliquissent.
1281 4035 1669 4092 Verumtamen
1697 4036 1774 4091 rei
1802 4049 1953 4090 nunc

377 4138 475 4191 tibi
513 4143 791 4191 eventum
832 4133 939 4187 alia
988 4131 1127 4187 ratio
1170 4138 1256 4186 est
1296 4148 1310 4183 :
1357 4127 1744 4199 supervenient
1803 4127 1951 4184 enim

2049 3041 2246 3113 λῃσταὶ
2284 3040 2497 3106 νυκτὸς,
2538 3038 2641 3093 ποῦ
2676 3037 2742 3092 ἂν
2781 3036 3128 3109 ἀπεῤῥίφηςς
3170 3033 3271 3091 οὐκ
3297 3032 3364 3087 ἂν
3395 3030 3628 3102 ἔκλεψαν

2050 3132 2120 3191 τὰ
2142 3132 2304 3187 ίκανά
2335 3131 2557 3199 αύτοϊς;
2584 3129 2679 3184 καὶ
2715 3131 2764 3182 εί
2795 3126 3065 3201 τρυγηταὶ
3101 3123 3349 3193 εἰσῆλθον
3371 3122 3507 3194 πρὸς
3545 3121 3628 3183 σέ,

2049 3226 2151 3285 οὐκ
2204 3225 2271 3281 ἂν
2328 3224 2653 3278 ὑπελίποντο
2719 3219 3068 3290 ἐπιψυλλίδα;
3128 3218 3244 3281 πῶς
3305 3213 3630 3288 ἐξερευνήθη

2062 3318 2257 3379 Ἠσαῦ,
2284 3318 2377 3372 καὶ
2416 3315 2731 3388 κατελήφθη
2770 3313 2937 3368 αὑτοῦ
2975 3312 3042 3366 τὰ
3079 3309 3473 3383 κεκρυμμένα;
3515 3325 3535 3359 t
3567 3307 3631 3359 Et

2054 3409 2152 3481 μὲν
2184 3404 2276 3462 οὖν
2306 3409 2533 3463 κλέπται
2569 3407 2712 3472 τινὲς
2741 3408 2791 3460 oi
2814 3404 3112 3477 λεληθότως
3137 3405 3195 3457 ἐν
3218 3404 3341 3467 ταῖς
3376 3400 3496 3464 νυξὶ
3534 3399 3631 3471 λῃ-

2052 3501 2263 3557 στεύειν
2301 3499 2545 3564 εἰωθότες
2572 3501 2651 3562 είς
2682 3497 2780 3570 τὴν
2836 3496 3010 3551 οἰκίαν
3049 3492 3370 3563 ἐπεισῆλθον
3389 3490 3486 3563 τὴν
3510 3489 3629 3561 σὴν,

2053 3591 2260 3664 βραχέα
2294 3591 2415 3645 τινά
2456 3590 2734 3654 λαϐόντες,
2770 3588 2933 3659 τυχὸν
2962 3586 3185 3657 ἐξῆλθον
3217 3584 3282 3640 ἀν
3304 3602 3319 3616 ·
3360 3584 3425 3638 σὺ
3448 3582 3505 3638 δέ
3530 3583 3631 3635 οὐκ

2053 3685 2121 3739 ἂν
2155 3684 2468 3757 ἀπερῥίερης
2503 3683 2601 3750 τῆς
2641 3682 2839 3747 οἰκίας,
2885 3677 3075 3750 ἐπειδὴ
3109 3678 3206 3748 τῆς
3256 3672 3524 3746 οἰκήσεώς
3570 3690 3630 3728 σε

2052 3777 2373 3848 ἀποστερεῖν
2412 3775 2460 3829 οἱ
2493 3774 2582 3829 διὰ
2625 3772 2877 3846 λῃστείας
2913 3771 2982 3825 τά
3027 3769 3401 3843 προστυχόντα
3439 3765 3627 3835 ἀφελό-

2056 3885 2207 3940 μενοι
2256 3868 2360 3921 οὐκ
2399 3865 2694 3937 ἠδύναντο·
2737 3864 2833 3919 καὶ
2875 3862 2968 3916 ἐπὶ
3009 3860 3216 3933 τρύγην
3273 3859 3326 3913 δέ
3367 3875 3511 3922 τινες
3553 3859 3632 3920 εἰς

2054 3960 2355 4032 ἀμπελῶνα
2400 3956 2832 4029 εἰσεληλυθότες,
2879 3956 3097 4017 πάντως
3148 3954 3214 4010 ἀν
3270 3969 3390 4007 τινα
3420 3948 3633 4022 καρπὸν

2054 4053 2344 4108 κατέλιπον
2376 4055 2436 4107 ἐν
2461 4054 2583 4115 ταῖς
2605 4050 2870 4122 ἀμπέλοις
2888 4063 2905 4079 ·
2933 4048 2995 4101 τὸ
3020 4048 3078 4101 δέ
3104 4064 3167 4113 γε
3188 4045 3285 4099 νῦν
3305 4061 3386 4099 σοι
3416 4042 3628 4113 συμϐη-

2055 4142 2282 4214 σόμενον
2322 4143 2386 4195 ού
2431 4139 2675 4196 τοιοῦτον
2702 4139 2890 4193 ἔσται·
2916 4136 3297 4191 ἐπελεύσονται
3333 4133 3441 4206 γὰρ
3475 4132 3631 4186 πολέ-

344 4233 597 4294 διοδιθδν
629 4226 726 4299 qni
759 4234 1048 4297 ιεηίορθτθ
1094 4224 1176 4279 mi
1216 4225 1530 4295 Ροῑῖθηῑυνν
1560 4232 1621 4279 ιιι
1642 4223 1828 4277 omnia
1859 4233 1950 4276 "'3
1984 4302 2012 4306 Α
2059 4250 2171 4306 μιοι
2198 4233 2249 4287 οἳ
2275 4231 2530 4288 τοσοῦτόν
2559 4249 2654 4286 σου
2685 4230 3216 4301 κατακρατήσουσιν,
3248 4226 3391 4280 ὥστε
3416 4224 3630 4279 ἅπαντα

377 4321 633 4384 scrutati,
656 4318 797 4374 nihil
821 4317 941 4383 tibi,
970 4316 1317 4373 reconditum
1343 4315 1491 4379 licet,
1521 4315 1797 4371 incolume
1824 4329 1950 4370 esse

2055 4302 2508 4397 ἐξερευνήσαντες
2533 4324 2603 4377 τά
2627 4322 2901 4396 προσόντα
2929 4338 3032 4387 σοι,
3084 4319 3218 4392 μηδὲ
3250 4318 3359 4372 τῶν
3383 4333 3627 4386 κεκρυμ-

364 4415 582 4470 sinant.
636 4411 784 4468 Adeo
830 4417 1032 4467 cuncta
1076 4409 1132 4463 in
1174 4422 1365 4464 eorum
1413 4414 1738 4478 potestatem
1789 4407 1951 4463 deve-

377 4507 550 4572 nient,
583 4505 678 4576 qui
712 4502 977 4576 quidquid
1005 4501 1222 4557 libitum
1257 4500 1422 4556 fuerit
1450 4498 1798 4571 depopulati,
1833 4509 1950 4555 tum

375 4600 596 4654 demum
664 4595 983 4652 abscedent.
1039 4593 1246 4650 Deinde
1315 4595 1388 4649 ob
1440 4592 1571 4647 mali
1628 4593 1953 4663 gravitatem

376 4688 760 4746 declarandam
784 4689 860 4742 ait
894 4706 910 4743 :
947 4705 967 4738 ι
998 4686 1190 4756 Usque
1218 4684 1287 4740 ad
1323 4684 1593 4742 terminos
1626 4692 1754 4739 tuos
1789 4684 1955 4739 dimi-

378 4789 570 4836 serunt
596 4785 649 4833 te
671 4777 779 4832 viri
813 4792 1008 4833 omnes
1040 4775 1264 4831 ftederis
1300 4776 1421 4843 tui;
1449 4775 1790 4832 obstiterunt
1822 4775 1951 4841 tibi;

380 4872 526 4927 vires
551 4885 681 4926 suas
712 4876 908 4923 contra
942 4877 994 4924 te
1032 4868 1410 4924 intenderunt.
1450 4886 1468 4919 ο
1502 4866 1605 4933 Qui
1637 4867 1762 4936 jure
1795 4864 1956 4936 ιω

380 4962 635 5018 amicitia:
682 4959 970 5031 mutuique
1006 4958 1247 5030 pnesidii
1302 4967 1482 5015 tecum
1517 4965 1677 5012 antea
1715 4957 1952 5026 copulati

378 5064 559 5121 erant,
591 5054 777 5111 statim
812 5067 878 5108 ac
903 5052 1233 5109 calamitatis
1269 5060 1377 5108 tua:
1402 5052 1723 5123 gravitatem
1765 5065 1953 5106 sense-

379 5148 512 5210 rint,
560 5146 629 5201 ad
676 5144 916 5200 hostium
965 5152 1151 5215 partes
1192 5143 1537 5209 transibunt;
1566 5157 1821 5212 .cumque
1867 5141 1954 5197 his

380 5235 768 5307 conspirantes
794 5234 996 5291 finibus
1027 5234 1139 5290 tuis
1169 5243 1222 5290 te
1248 5234 1590 5305 propellent,
1619 5233 1748 5289 dum
1785 5231 1957 5288 hosti-

383 5328 487 5380 bus
522 5325 921 5395 gratiﬁcantur,
951 5336 1116 5398 atque
1148 5325 1206 5381 in
1227 5324 1599 5396 captivitatem
1631 5324 1951 5381 extrudent.

384 5417 450 5471 lii
479 5418 610 5474 totis
631 5419 843 5474 viribus
868 5419 1329 5483 adversabuntur,
1361 5425 1527 5488 atque
1551 5416 1806 5474 hostibus
1828 5432 1955 5486 sup-

384 5512 559 5578 petias
584 5508 781 5564 ferent.
817 5508 875 5565 Id
898 5510 1076 5581 ipsum
1114 5509 1244 5565 alibi
1279 5509 1462 5565 denuo
1496 5508 1671 5564 dicit:
1709 5527 1728 5559 ι
1761 5507 1951 5563 llomi-

387 5618 485 5655 nes
536 5603 614 5656 tui
657 5602 904 5671 paciﬁci,
961 5602 1055 5672 qui
1099 5610 1277 5655 tecum
1317 5602 1496 5673 epulis
1533 5600 1952 5663 accumbebant,

389 5690 621 5751 insidias
678 5692 775 5746 tibi
833 5692 1256 5748 collocaverunt.
1313 5691 1471 5746 Nulla
1527 5701 1610 5747 cst
1665 5690 1955 5763 prudentia

2058 4417 2236 4489 μένων
2274 4418 2532 4488 ἀκέραιον
2565 4414 2785 4484 ἀφεῖναί
2824 4431 2879 4467 τι
2927 4410 3080 4484 παρά
3129 4411 3242 4464 σοί·
3278 4409 3420 4465 οὕτω
3453 4408 3631 4462 πάντα

2055 4510 2162 4563 ὑπὸ
2191 4511 2294 4583 τὴν
2342 4507 2601 4576 ἐξουσίαν’
2626 4507 2779 4561 ἔσται
2823 4505 2923 4577 τὴν
2966 4504 3209 4566 ἐκείνων,
3252 4502 3329 4573 (p.
3374 4500 3502 4571 ττι)
3535 4501 3631 4554 καὶ

2056 4601 2234 4656 πάντα
2281 4599 2545 4655 δοκοῦντα
2604 4595 2998 4652 ἀπελεύσονται
3047 4594 3334 4658 λαϐόντες·
3384 4588 3504 4646 εἶτα
3552 4594 3630 4655 εἰς

2054 4693 2276 4764 ἔλεγχον
2319 4691 2418 4762 τῆς
2467 4690 2775 4753 ἐπιτάσεως
2833 4688 2929 4742 τοῦ
2988 4687 3191 4743 κακοῦ·
3248 4704 3266 4737 ι
3323 4685 3470 4749 Ἕως
3523 4683 3631 4737 τῶν

2057 4784 2222 4855 ὁρίων
2249 4800 2342 4836 σου
2377 4779 2761 4848 ἐξαπέστειλαν
2793 4796 2854 4831 σε
2881 4779 3079 4842 πάντες
3102 4779 3150 4831 οἱ
3183 4776 3373 4847 ἄνδρες
3397 4774 3496 4845 τῆς
3512 4773 3631 4828 δια-

2060 4872 2234 4943 θήκης
2265 4885 2390 4926 σου·
2429 4869 2764 4938 ἀντέστησάν
2798 4885 2900 4934 σοι,
2942 4866 3284 4938 ἠδυνήθησαν
3321 4863 3457 4935 πρὸς
3478 4863 3558 4919 σέ.
3606 4881 3626 4914 ι

2059 4965 2170 5020 Καὶ
2218 4962 2326 5033 γὰρ
2365 4962 2458 5015 καὶ
2502 4964 2551 5015 οἱ
2597 4961 2860 5033 πρότερον
2897 4960 3187 5028 συνθήκας,
3211 4957 3393 5027 φιλίας
3437 4974 3497 5009 τε
3540 4957 3634 5010 καὶ

2061 5053 2374 5124 συμμαχίας
2393 5051 2607 5122 ἔχοντες
2627 5051 2763 5124 πρὸς
2790 5051 2870 5116 σὲ,
2892 5048 3217 5120 θεασάμενοί
3245 5066 3340 5102 σου
3361 5047 3458 5119 τῆς
3489 5064 3631 5116 συμ-

2060 5144 2233 5213 φορᾶς
2257 5142 2319 5196 τὸ
2353 5141 2601 5213 μέγεθος,
2648 5141 2792 5197 οὕτω
2820 5142 2921 5214 τῆς
2968 5140 3079 5195 τῶν
3120 5139 3374 5195 ἐναντίων
3418 5138 3634 5193 ἔσονται

2062 5237 2277 5306 μοίρας,
2310 5234 2450 5291 ὥστε
2498 5251 2558 5288 σε
2590 5236 2686 5289 σὺν
2719 5235 2949 5297 ἐκείνοις
2978 5233 3195 5289 πάντων
3227 5231 3496 5303 ἐξωθῆναι
3525 5230 3635 5286 τῶν

2056 5327 2219 5397 ὁρίων
2250 5327 2359 5381 τῶν
2385 5326 2514 5391 σῶν,
2536 5329 2719 5399 χάριτι
2749 5325 3152 5396 τῶν”πολεμίων
3179 5325 3275 5380 ἐπὶ
3303 5326 3404 5397 τὴν
3432 5327 3634 5396 αἰχμα-

2059 5420 2260 5474 λωσίαν
2310 5418 2616 5482 ὠθοῦντας·
2676 5419 2726 5473 οἳ
2780 5422 2875 5472 καὶ
2927 5418 3336 5489 ἀντιστήσονταί
3376 5436 3488 5485 σοι,
3542 5420 3633 5474 καί

2059 5510 2378 5581 δυνήσονται
2407 5514 2519 5575 τοῖς
2556 5511 2832 5581 πολεμίοις
2861 5509 3304 5581 συμπράττοντες
3344 5506 3461 5572 τοῖς
3486 5510 3631 5573 σοῖς·

2064 5603 2155 5655 καὶ
2184 5602 2243 5655 τὸ
2272 5603 2403 5657 αὐτὸ
2436 5602 2598 5655 πάλιν
2626 5605 2829 5673 ἑτέρως
2874 5600 3073 5671 λέγων·
3115 5620 3133 5654 ι
3179 5600 3404 5671 Ἄνδρες
3430 5601 3634 5670 εἰρηνι-

2065 5692 2149 5748 xci
2184 5710 2275 5747 σου
2304 5695 2351 5747 οἱ
2383 5693 2753 5757 συνεσθίοντὲς
2782 5711 2884 5761 σοι,
2920 5694 3123 5765 ἔθηκαν
3161 5691 3351 5763 ἔνεδρα
3378 5688 3635 5744 ὑποκάτω
