2051 3229
125 134 184 163 315

737 137 1017 167 COMMENTARIUS
1036 137 1070 166 IN
1086 138 1228 167 ABDIAH.

1736 144 1791 172 5N

125 204 177 223 σου
190 204 199 211 ·
216 195 273 223 οὐκ
288 195 348 223 ἔστι
370 195 496 229 σύνθεσις
511 196 542 224 ὲν
556 197 643 233 αὐτῷ.
668 208 678 224 ι
696 199 727 225 Οί
743 199 834 233 φιλίαν
853 200 938 226 ἀσπα-

994 198 1067 234 ejus.
1086 208 1096 224 ι
1113 198 1166 232 Qui
1182 203 1272 226 tecutn
1288 199 1411 227 anticitia
1421 198 1524 235 juncti,
1536 201 1679 228 communi
1695 208 1790 230 mensa

125 241 243 278 ζόμενοι
251 242 324 278 πρὸς
335 243 366 270 σὲ
381 243 428 271 και¹
444 243 516 271 ἁλῶν
528 253 570 271 σοι
584 245 786 279 κοινωνοῦντες,
804 246 882 273 αὐτοί
899 255 941 273 σοι

123 288 228 325 λόχους
244 289 409 325 ὑφανοῦσιν,
436 290 477 323 είς
495 290 634 319 ἀπώλειαν
653 291 776 326 ἄγοντες,
795 292 890 327 ἐπειδὴ
906 292 941 320 δι’

124 336 363 372 ὑπερϐάλλουσαν
385 336 479 363 ἄνοιαν
502 337 562 364 οὐδὲ
583 337 733 374 διακρίνειν
763 339 827 371 τοὺς
855 339 941 371 ὅντως

123 382 227 418 ςρίλους
244 382 397 409 ἐπίστασαι
416 382 473 409 τῶν
489 383 606 418 ἐχθρῶν.

159 428 245 465 Στίχ.
268 430 463 465 η’-;α¹.-‹Ἑν
488 430 580 466 ἐκείνῃ
600 432 632 466 τῇ
656 431 760 467 ἡμέρα,
784 431 859 466 λέγει
883 433 940 459 Κύ-

123 482 196 510 ριος,
214 474 317 502 ἀπολῶ
339 475 440 510 σοφοὺς
456 475 489 502 ἐκ
512 476 561 511 τῆς
579 476 742 512 Ἰδουμαίας,
765 478 813 505 καὶ
831 478 939 506 σύνεσιν

123 521 153 554 ἐξ
167 519 261 556 ὅρους
290 521 396 548 Ἡσαῦ*
422 521 471 549 καὶ
485 522 685 558 πτοηϐήσονται
706 524 731 550 οἱ
749 526 871 560 μαχηταί
893 534 939 552 σου

126 568 156 594 ὲκ
171 566 306 603 Θαιμὰν,
319 567 395 599 ὅπως
409 567 512 604 ἐξαρθῇ
527 568 671 604 ἄνθρωπος
688 570 718 603 ἐξ
737 571 818 606 ὅρους
840 571 938 604 Ἠσαῦ,

125 612 165 640 διὰ
184 612 243 650 τὴν
260 614 372 649 σφαγὴν
393 614 440 641 καὶ
454 615 504 649 τὴν
519 615 646 642 ἀσέϐειαν
668 616 718 652 τὴν
737 618 777 649 είς
799 617 845 644 τὸν
863 618 939 645 ἀδελ-

121 658 174 693 φόν
191 667 246 686 σου
273 658 391 686 Ἰακώϐ·
409 660 458 686 καὶ
475 659 592 695 καλύψει
613 669 643 687 σε
665 661 792 697 αἰσχύνη,
818 662 856 696 (ι).
874 662 938 697 2‘22)

119 705 174 732 καὶ
188 704 343 742 ὲξαρθήσῃ
359 707 399 737 εἰς
414 706 461 733 τὸν
475 706 571 733 αίῶνα.
595 718 604 733 ι
630 707 807 735 ’Δπολοῦνται
820 708 852 744 δὴ
870 708 939 735 πάν-

119 752 205 783 aco!
222 751 255 778 ὲν
274 751 341 788 ὑμῖν
357 752 423 788 περὶ
436 752 470 780 τὰ
486 753 623 789 πολεμικὰ
638 754 715 789 σοφοί
731 763 761 781 τε
772 755 819 781 καὶ
830 755 939 782 δυνατοί

117 806 199 831 τινες
220 797 377 834 αὐχοῦντες
396 797 484 826 εἶναι·
513 799 539 826 οῖ
562 808 592 826 τε
617 800 689 835 μέγα
709 800 872 836 φρονοῦντες
893 802 939 828 ἐπὶ

119 844 188 876 ταῖς
205 844 316 879 μάχαις
335 844 364 870 ἐν
377 844 498 880 Θαιμὰν,
511 846 528 880 ἢ
547 846 662 881 μεγίστη
680 846 735 872 τῶν
750 847 853 874 πόλεων
869 845 938 874 εἶναι

117 891 202 917 δοκεῖ
216 890 277 918 τῶν
295 891 455 927 ὑμετέρων·
480 892 639 927 νικηθέντες
667 893 706 929 τῷ
720 894 795 929 φόόῳ
816 894 870 921 τῶν
891 896 939 922 ὲπ-
957 881 977 909 Β

118 935 307 970 εληλυθότων
337 936 432 963 κακῶν
455 938 495 969 είς
511 938 626 973 πτόησιν
650 940 868 976 καταστήαονται
892 942 940 969 καὶ

117 981 252 1009 δειλίαν·
270 982 391 1019 τοσαύτη
409 983 464 1011 τῶν
479 983 633 1020 ἀνθρώπων
655 986 778 1013 ἀπώλεια
795 988 940 1023 γενήσεται

116 1027 179 1055 τῶν
196 1028 363 1065 ὑμετέρων,
387 1030 460 1066 ὑπὲρ
478 1027 515 1057 ὧν
541 1031 619 1058 αὐτοὶ
635 1033 698 1064 τοὺς
723 1033 855 1068 ἀδελφοὺς
877 1036 939 1067 τοὺς

119 1073 214 1106 ἰδίους
231 1075 268 1101 ἐκ
281 1074 331 1101 τοῦ
355 1075 456 1102 Ἰακὼό
476 1076 648 1111 κατάγοντας
664 1078 695 1104 τὺ
716 1078 803 1113 γένος,
818 1079 847 1111 ὃς
861 1080 939 1106 ἀδελ-

116 1120 174 1155 φὸς
185 1117 228 1156 ἦν
242 1120 295 1148 τοῦ
311 1121 456 1162 ὑμετέρου.
469 1124 615 1159 προγόνου,
636 1125 805 1160 παρανόμοις
826 1126 940 1152 ἐκδεδώι

116 1176 191 1195 κατι
231 1169 293 1200 ταῖς
317 1170 452 1205 σφαγαῖς·
483 1171 554 1206 ὑπὲρ
578 1170 610 1206 δὴ
639 1171 742 1198 τούτων
770 1172 886 1208 αἰσχύνη
909 1182 939 1200 τε

116 1213 346 1251 περιϐληθήοῃ,
376 1215 424 1242 καὶ
447 1215 567 1251 παντελῆ
593 1215 643 1251 τὴν
673 1216 813 1243 ἀπώλειαν
834 1217 940 1252 ὑπομε-

114 1261 192 1294 νεῖς.
224 1271 236 1287 σ
271 1262 334 1297 Ἀφ’
356 1260 391 1299 ἧς
411 1262 520 1299 ἡμέρας
545 1262 678 1299 ἀντέστης
700 1264 729 1297 ἐξ
756 1264 880 1296 ἐναντίας
909 1264 938 1290 ἐν

115 1308 224 1345 ἡμέρᾳ.
246 1308 514 1344 αἰχμαλωτευόντων
531 1309 684 1344 ἀλλογενῶν
699 1309 813 1346 δύναμιν
836 1310 919 1337 αὑτοῦ
931 1318 937 1324 ·

114 1355 170 1381 καὶ
193 1354 343 1391 ἀλλότριοι
354 1355 531 1391 ιίσῆλοονείς
550 1356 637 1387 πύλας
652 1356 745 1390 αὑτοῦ,
766 1356 812 1383 ἐπὶ
839 1357 939 1392 Ἰερου-

116 1400 224 1438 σαλὴμ
242 1401 344 1429 ἒὸαλον
359 1402 490 1439 κλήρους,
507 1405 552 1432 καὶ
565 1403 597 1430 σὺ
609 1401 643 1439 ἧς
655 1403 693 1435 ὡς
709 1402 750 1435 εἷς
763 1404 792 1437 ἐξ
809 1404 909 1431 αὐτῶν.
927 1414 935 1429 ι

115 1447 187 1475 Τῶν
205 1447 240 1474 δὲ
257 1447 487 1484 ἑπελευσομένων
498 1457 539 1475 σοι
551 1449 644 1476 κακῶν
661 1449 691 1482 ἐξ
707 1450 813 1476 ἐκείνου
833 1449 938 1482 δέδεξαι

115 1495 173 1531 τὴν
186 1494 349 1530 ἀπόφασιν,
368 1495 444 1529 ἐξότε
458 1504 513 1532 περ
526 1496 637 1523 τοιαῦτα
657 1496 728 1524 κατὰ
740 1496 794 1524 τῶν
815 1496 938 1531 ἀδελφῶν

113 1542 309 1578 τετόλμηκας
326 1541 380 1569 τῶν
402 1542 513 1569 οἰκείων
526 1551 532 1558 ’
549 1543 595 1569 ὅτε
613 1543 663 1578 μὲν
683 1543 818 1578 ἀλλότριοι
839 1543 938 1574 αὐτοὺς
952 1563 973 1591 C

114 1587 328 1624 αἰχμαλώτους
337 1587 503 1624 ἐλάμϐανον,
515 1588 547 1614 σὺ
561 1588 589 1614 δὲ
604 1589 736 1624 ἀντέστης
751 1589 781 1621 ἐξ
794 1590 919 1620 ἐναντίας
930 1598 936 1603 ·

115 1637 168 1662 ἵνα
185 1635 272 1671 εἴπῃ·
300 1633 346 1661 Ἐν
361 1635 395 1670 τῇ
418 1633 473 1661 τῶν
484 1634 590 1670 ἐχθρῶν
604 1634 703 1668 ἔταξας
720 1635 817 1662 σαυτὸν
830 1635 919 1671 μερίδι
931 1641 937 1649 ⁸

115 1683 172 1709 καὶ
190 1680 358 1715 ἀλληενεῖς
378 1680 428 1716 μὲν
445 1680 536 1707 αὐτῶν
553 1680 593 1713 είς
609 1690 638 1708 τε
658 1681 708 1713 τὰς
732 1681 829 1712 λοιπὰς
849 1681 940 1712 πόλεις

114 1728 274 1765 εἰσῄεσαν,
297 1727 431 1763 καὶπρὸς
451 1729 511 1760 ταῖς
527 1727 648 1761 λοιπαῖς,
665 1729 713 1755 καὶ
736 1728 786 1764 τὴν
808 1730 941 1765 Ἰερουσα-

115 1776 203 1811 λήμ·
243 1775 295 1802 καὶ
321 1774 354 1810 δὴ
380 1774 427 1801 καὶ
452 1773 546 1810 κλήρῳ
575 1774 610 1801 τὰ
640 1775 735 1801 ἐνόντα
770 1774 940 1811 διενείμαντο

117 1822 222 1848 tim
233 1827 241 1836 ‘
259 1820 296 1847 σὺ
311 1820 340 1847 δὲ
354 1819 509 1851 ὲκοινώνεις
527 1821 584 1852 τοῖς
601 1819 715 1847 τοιαῦτα
737 1820 884 1856 τολμῶσιν.

157 1868 245 1904 Στίχ.
263 1867 357 1903 ιβ’-ιδ’.
372 1873 408 1890 -δ
424 1877 434 1893 ι
455 1867 511 1893 Καὶ
525 1867 563 1903 μὴ
581 1867 677 1903 anan;
698 1867 806 1903 ἡμέραν
822 1867 938 1903 ἀδελφοῦ

120 1923 172 1942 σου
188 1915 225 1941 ὲν
240 1913 338 1949 ἡμέρᾳ
360 1913 520 1949 ἀλλοτρίων·
549 1920 590 1949 (p,
604 1913 671 1948 225)
690 1915 738 1941 καὶ
757 1914 793 1949 μὴ
811 1914 938 1950 ὲπίχαιρε

115 1960 171 1988 ἐπὶ
181 1960 258 1991 τοὺς
274 1958 352 1991 υἱοὺς
371 1958 456 1986 Ἰούδα
471 1959 501 1986 ὲν
515 1959 607 1995 ἡμέρᾳ
621 1958 760 1989 ἀπωλείας
775 1959 876 1985 αὐτῶν·
893 1960 940 1986 καὶ

117 2007 161 2044 μὴ
191 2005 489 2043 μεγαλοῇημονήσῃς
519 2006 549 2032 ἐν
578 2005 672 2041 ἡμέρα
696 2005 812 2040 θλίψεως
837 2005 939 2032 αὐτῶν·

118 2054 196 2091 μηδὲ
208 2052 344 2090 εἰσέλθῃς
358 2054 397 2085 εἰς
414 2052 503 2083 πύλας
512 2051 584 2079 λαῶν
594 2053 623 2079 ἐν
634 2052 726 2088 ἡμέρα
739 2051 827 2078 πόνων
838 2052 938 2079 αὐτῶν·

115 2102 170 2130 καὶ
190 2101 238 2137 μὴ
252 2099 353 2137 ὲπίδῃς
377 2100 424 2127 καὶ
439 2100 472 2126 σὺ
488 2099 534 2126 ἐπὶ
556 2099 606 2136 τὴν
622 2099 784 2133 συναγωγὴν
802 2099 893 2125 αὐτῶν
910 2099 939 2125 ἐν

115 2148 225 2184 ἡμέρᾳ
237 2145 354 2182 ὀλέθρου
369 2145 471 2178 αὐτῶν,
494 2145 563 2181 μηδὲ
590 2144 721 2180 συνεπιοῇ
739 2144 786 2170 ἐπὶ
801 2144 848 2180 τὴν
859 2143 938 2171 δύνα-

117 2204 170 2231 μιν
184 2191 289 2220 αὐτῶν
302 2192 331 2218 ἐν
341 2191 435 2228 ἡμέρα
446 2191 586 2223 ἀπωλείας
599 2190 689 2217 αὐτῶν
702 2199 708 2206 ·
729 2191 798 2226 μηδὲ
823 2191 938 2226 ὲπιοτῇς

995 244 1154 277 utebantur,
1184 244 1403 274 machinationes
1423 246 1472 274 tibi
1497 250 1660 275 struxerunt
1680 255 1742 281 quae
1761 248 1790 275 in

993 291 1145 327 perniciem
1157 291 1372 328 ducerent,quia
1379 300 1429 327 pro
1441 296 1488 320 tua
1501 301 1608 321 summa
1624 294 1742 321 stultitia
1756 302 1792 322 ne

992 346 1143 375 germanos
1171 338 1283 375 quidem
1305 339 1410 368 amicos
1432 340 1467 368 ab
1489 339 1611 368 inimicis
1631 340 1791 369 discernere

993 386 1076 413 nosti.

1029 431 1112 459 Vens.
1128 432 1254 459 8-l’l.—
1272 441 1281 457 ι
1303 431 1351 460 illa
1374 432 1429 465 die,
1454 432 1545 468 inquit
1569 432 1714 464 Dominus,
1728 440 1791 467 pes-

992 486 1054 506 sutn
1080 478 1151 505 dabo
1178 477 1316 513 sapientes
1341 478 1368 505 in
1392 478 1531 511 ldumaza,
1560 478 1730 505 intellectum
1762 479 1788 505 in

992 529 1085 553 monte
1102 525 1174 552 Esau
1191 535 1196 552 :
1213 525 1311 552 cadent
1326 526 1475 554 bellatores
1495 526 1536 552 tui
1559 534 1574 553 e
1597 525 1737 556 Tha2man,
1754 526 1790 552 ita

992 575 1023 598 ut
1048 571 1250 599 exterminetur
1278 572 1360 599 homo
1383 580 1417 599 ex
1444 576 1538 599 monte
1569 571 1652 603 Esau,
1679 576 1792 606 propter

992 618 1093 645 caedem
1120 622 1203 652 atque
1224 618 1375 653 nequitiam
1403 625 1485 653 quam
1513 618 1539 645 in
1564 617 1651 645 Jaeob
1677 617 1790 644 fratrem

993 669 1069 692 tuum
1095 665 1243 694 exseruisti
1261 675 1267 692 :
1287 665 1438 700 ignominia
1464 665 1620 700 oppleberis
1633 684 1640 696 ,
1664 668 1746 698 atque
1762 664 1789 690 in

991 714 1126 738 aeternum
1150 710 1297 739 deleberis.
1322 720 1331 736 ι
1356 710 1424 737 Leto
1447 710 1614 738 occumbant
1633 710 1792 745 quicunque

992 757 1063 792 apud
1079 765 1127 785 vos
1142 758 1180 785 rei
1198 757 1302 785 bellicae
1322 755 1403 790 periti
1416 755 1590 783 ferunturvel
1602 755 1791 784 fortitudinem

990 803 1114 838 jactant;
1140 805 1242 839 quique
1268 804 1369 840 pt‘witis
1391 803 1418 830 in
1436 802 1567 830 Tbazman
1588 802 1715 838 pugnatis
1735 802 1792 837 glo-

992 850 1116 883 riantur,
1134 858 1195 886 quae
1216 851 1337 877 maxima
1360 849 1468 877 videtur
1486 849 1597 877 urbium
1618 852 1791 878 vestrarum;

992 896 1019 923 hi
1042 901 1116 925 metu
1135 897 1300 925 instantium
1317 896 1454 923 malorum
1476 895 1576 928 fracti,
1592 895 1701 923 animos
1719 895 1792 922 ultro

991 943 1210 978 despondehunt.
1238 942 1328 970 Tanta
1356 943 1403 970 fiet
1430 942 1531 970 civium
1551 946 1708 970 vestrorum
1731 941 1791 968 ela—

991 991 1060 1019 desl
1078 995 1222 1026 propterea
1240 991 1314 1026 quod
1332 991 1384 1026 ipsi
1407 991 1508 1018 fratres
1520 994 1642 1021 vestros,
1661 997 1693 1016 ex
1706 987 1792 1023 Jacoh

992 1038 1161 1073 progenitos,
1179 1037 1228 1073 qui
1247 1037 1330 1065 vestri
1356 1036 1543 1073 progenitoris
1564 1043 1712 1071 germanus
1728 1035 1790 1065 fuit,

992 1083 1138 1110 immeritis
1154 1082 1280 1110 cladibus
1294 1082 1435 1110 all‘ecistis.
1452 1082 1568 1113 Idcirco,
1584 1081 1709 1115 inquam,
1727 1088 1791 1115 pro-

992 1129 1042 1156 bro
1058 1129 1268 1161 suifundemini,
1285 1136 1504 1164 supremumque
1519 1129 1633 1156 exitium
1666 1127 1790 1154 adibitis.

994 1184 1003 1200 ‹
1032 1174 1070 1201 Ex
1096 1183 1151 1209 quo
1178 1174 1223 1202 die
1252 1175 1428 1202 adversarius
1457 1174 1629 1205 constitisti;
1664 1180 1719 1208 quo
1747 1173 1793 1200 die

991 1220 1151 1256 alienigena:
1182 1220 1209 1248 in
1237 1221 1424 1256 captivitatem
1456 1221 1616 1257 redigebant
1640 1219 1791 1255 potentiam

990 1266 1074 1301 ejus;
1108 1266 1288 1301 extraneique
1322 1267 1550 1302 ingrediebantur
1584 1271 1679 1302 portas
1715 1265 1791 1300 ejus.

990 1321 1129 1348 superque
1144 1312 1336 1349 Hierosolyma
1352 1318 1442 1342 sortes
1455 1313 1619 1347 mittebant;
1637 1317 1668 1339 tu
1680 1320 1792 1348 quoque

990 1368 1052 1387 eras
1081 1364 1213 1395 tanquam
1236 1368 1308 1388 unus
1332 1368 1365 1387 ex
1388 1360 1454 1387 illis.
1483 1370 1492 1385 ι
1512 1359 1714 1387 Eventurorum
1742 1359 1791 1385 tibi

991 1406 1127 1433 malorum
1148 1414 1181 1434 eo
1210 1411 1334 1441 tempore
1354 1413 1467 1433 causam
1493 1406 1542 1433 tibi
1566 1405 1733 1436 conciliasti,
1757 1412 1790 1431 ex

990 1460 1045 1488 quo
1068 1452 1203 1480 adversus
1224 1452 1325 1480 fratres
1353 1457 1416 1480 tuos
1438 1452 1502 1479 talia
1521 1451 1611 1479 facere
1632 1459 1717 1478 ausus
1735 1459 1765 1478 es
1783 1460 1789 1476 :

991 1507 1053 1527 cum
1073 1499 1200 1527 extranei
1220 1499 1335 1527 servitio
1358 1507 1406 1526 eos
1433 1499 1639 1533 mancipabant,
1660 1497 1738 1533 147
1763 1502 1791 1524 ta

990 1553 1024 1573 ex
1037 1545 1155 1572 adverso
1169 1545 1337 1573 constiteras
1347 1565 1353 1576 ,
1371 1545 1397 1572 id
1412 1548 1455 1572 est
1470 1547 1497 1571 te
1512 1544 1540 1570 in
1561 1544 1683 1571 hosﬁum
1700 1545 1792 1578 partes

991 1593 1164 1627 conjeceras.
1182 1592 1285 1626 Utique
1298 1590 1460 1627 alienigena:
1472 1594 1588 1618 cunctas
1604 1590 1697 1622 urbes,
1710 1594 1792 1624 atque

991 1639 1018 1666 in
1041 1639 1084 1666 his
1108 1638 1315 1674 Hierosolyma,
1340 1640 1563 1673 occupaverunt;
1591 1627 1792 1669 manubiasque

992 1685 1118 1713 sortibus
1129 1685 1303 1718 diviserunt;
1322 1688 1350 1711 tu
1365 1691 1430 1711 vero
1445 1683 1513 1710 talia
1528 1683 1690 1710 audentium
1707 1682 1793 1717 parti-

991 1739 1056 1766 ceps
1068 1738 1142 1759 eras.

1029 1869 1113 1896 Vens.
1143 1868 1237 1896 12-14.
1253 1882 1289 1888 -—
1306 1876 1316 1893 ι
1335 1865 1430 1902 Neque
1459 1865 1599 1901 despicias
1629 1864 1725 1893 fratris
1752 1864 1792 1892 tui

993 1917 1076 1949 diem,
1105 1917 1133 1943 in
1150 1915 1195 1943 die
1215 1915 1454 1950 alienigenarum;
1473 1920 1564 1948 neque
1584 1912 1684 1940 laeteris
1707 1918 1791 1946 super

989 1964 1068 1992 Iuda:
1102 1963 1167 1990 ﬁliis
1186 1962 1213 1989 in
1231 1961 1276 1989 die
1296 1960 1374 1988 ferali
1388 1967 1496 1992 eorum;
1514 1967 1603 1994 neque
1614 1958 1733 1993 superbe
1752 1957 1793 1984 lo—

990 2010 1088 2046 quaris
1104 2009 1132 2036 in
1146 2008 1192 2035 die
1208 2007 1377 2035 calamitatis
1389 2013 1504 2039 eorum;
1522 2013 1612 2041 neque
1628 2003 1795 2041 ingrediaris

995 2060 1090 2092 portas
1110 2055 1277 2091 populorum
1292 2054 1322 2080 in
1337 2053 1383 2080 die
1403 2052 1491 2081 cladis
1510 2060 1624 2085 eorum;
1642 2059 1732 2086 neque
1750 2049 1795 2078 de-

992 2103 1097 2138 spicias
1119 2101 1366 2137 congregationem
1387 2107 1485 2128 eorum
1506 2100 1535 2126 in
1555 2099 1600 2126 die
1625 2106 1680 2133 quo
1699 2097 1795 2125 interi-

994 2150 1081 2182 bunt;
1103 2155 1194 2182 neque
1212 2147 1354 2174 inveharis
1374 2146 1402 2174 in
1423 2146 1575 2182 potentiam
1590 2152 1686 2172 eorum
1703 2144 1731 2172 in
1748 2143 1794 2171 die

992 2203 1048 2231 quo
1065 2195 1211 2230 peribunt;
1231 2202 1321 2229 neque
1335 2195 1447 2222 steteris
1462 2195 1490 2220 in
1504 2193 1625 2221 exitibus
1639 2199 1747 2223 eorum,
1764 2195 1795 2218 ut
1833 2186 1838 2222 ἱ

113 2242 168 2269 ἐπὶ
191 2240 251 2272 τὰς
270 2238 415 2270 διεκὸολάς
436 2237 528 2265 αὐτῶν
545 2237 734 2273 ὲξολοθρεῦσαι
751 2238 814 2269 τοὺς
833 2238 938 2264 ἀνασω-

992 2241 1142 2269 evadentes
1158 2239 1274 2274 perdas;
1290 2246 1380 2274 neque
1395 2239 1486 2273 fugam
1502 2245 1598 2266 eorum
1616 2236 1752 2272 impedias
1765 2235 1795 2262 in

113 2287 266 2323 ζομένους
277 2285 310 2318 ἐξ
321 2284 422 2317 αὐτῶν,
438 2284 507 2320 μηδὲ
532 2283 697 2320 συγκλείσῃς
710 2284 774 2315 τοὺς
789 2282 940 2318 φεύγοντας

113 2334 221 2362 αὐτῶν
243 2333 275 2359 ὲν
295 2324 389 2368 ἡμέρα
405 2331 534 2366 θλίψεως.
557 2340 566 2357 ι
591 2330 628 2357 Τὸ
653 2339 662 2355 ι
683 2330 720 2365 μὴ
737 2330 832 2366 ἐπίδῃς
850 2339 858 2354 ι
879 2329 940 2355 ἀντὶ

112 2381 182 2415 τοῦ,
199 2379 267 2408 Ἰνα
283 2379 322 2415 μὴ
339 2378 478 2414 ἐφησθῇς,
494 2377 586 2412 λέγει·
605 2377 663 2403 Ἵνα
681 2377 718 2412 μὴ
736 2376 834 2408 ταῦτα,
852 2377 935 2411 φησὶ,

114 2429 222 2464 ποιῇς·
235 2425 394 2457 ἀκολούθως
407 2424 462 2461 γὰρ
472 2425 528 2457 τοῖς
540 2424 688 2459 ἁνωτέροις
703 2423 790 2450 εἰπεῖν
804 2423 938 2457 βούλεται,

113 2477 165 2503 ὅτι
192 2472 290 2509 ’Υπὲρ
308 2471 411 2499 τούτων
426 2470 524 2503 δώσεις
537 2470 626 2505 δίκην,
641 2470 688 2496 καὶ
703 2469 752 2505 τὴν
766 2469 940 2505 μηνυομένην

115 2520 285 2557 ὑπομενεῖς
293 2517 430 2554 τιμωρίαν
439 2526 446 2531 ·
463 2516 559 2552 ἐπειδὴ
571 2516 719 2552 ὲπέχαιρες
730 2516 791 2547 ταῖς
800 2515 848 2542 τοῦ
862 2515 940 2541 ἁδελ-

119 2568 176 2604 φοῦ
194 2565 372 2602 συμφοραῖς·
389 2563 452 2591 καθ’
468 2563 498 2591 ὃν
511 2564 613 2590 ἐκεῖνοι
632 2562 728 2597 καιρὸν
746 2562 796 2597 τὴν
816 2561 869 2588 ὑπὸ
885 2561 939 2588 τῶν

114 2613 286 2649 ἀλλοτρίων
302 2610 440 2647 ὑπέμενον
460 2609 610 2637 ἀπώλειαν·
629 2609 677 2636 καὶ
694 2609 723 2635 ἐν
739 2609 872 2643 ἀνάγκαις
888 2608 938 2634 αὐ-

114 2661 178 2690 τῶν
196 2658 410 2694 ἐξεταζομένων
423 2657 560 2692 ὲφθέγγου
575 2657 698 2692 ῥήματα,
707 2653 750 2682 οἶα
764 2655 838 2686 εἰκὸς
849 2655 896 2682 ἐπὶ
905 2656 938 2691 τῇ

115 2707 223 2736 αὐτῶν
239 2705 376 2742 ἡδόμενος
400 2703 536 2739 ἀπωλείᾳ
568 2704 598 2730 τὸ
617 2703 672 2739 γὰρ
698 2713 706 2728 ι
730 2702 940 2738 μεγαλορρημο-

115 2755 216 2790 νὴοῃς
236 2762 245 2778 ι
263 2751 346 2778 τοῦτο
362 2750 449 2785 λέγει·
465 2750 514 2777 καὶ
527 2750 556 2776 ἐν
573 2750 708 2784 ἀνάγκαις
724 2749 808 2775 ὅντων
826 2749 939 2775 ἐκείνων

117 2800 237 2837 chr-fiat;
256 2798 306 2825 καὶ
318 2797 401 2829 αὐτὸς
421 2797 462 2828 εἰς
477 2797 527 2832 τὴν
538 2796 616 2823 πόλιν
630 2796 699 2832 μετὰ
712 2796 766 2822 τῶν
780 2795 894 2827 λοιπῶν,
905 2796 940 2821 τὰ

118 2846 301 2882 ἐνδεχόμενα
321 2845 396 2872 κακὰ
419 2843 558 2880 διαθήσω-φ
579 2843 689 2875 αὐτούς’
707 2842 758 2869 κᾶν
778 2842 806 2868 εἴ
824 2851 896 2874 τινες
911 2842 939 2869 δὲ

120 2893 222 2922 αὑτῶν
233 2892 380 2926 διαφυγεῖν
395 2899 454 2923 πως
469 2890 611 2926 ἠδύναντο,
631 2889 680 2926 τὴν
701 2889 837 2925 ςωτηρέαν
852 2889 938 2924 τούτῳ

993 2286 1038 2314 die
1054 2285 1216 2313 calamitose
1229 2292 1337 2311 eorum.
1358 2293 1366 2309 ›
1386 2283 1504 2311 Verbum
1521 2292 1530 2309 ι
1548 2282 1686 2317 despicias
1703 2292 1712 2308 ι
1731 2289 1793 2316 pro,

993 2332 1033 2360 Ne
1051 2331 1209 2364 delecteris,
1226 2334 1353 2365 usurpat,
1381 2330 1408 2357 id
1428 2333 1489 2357 est:
1511 2329 1584 2356 Cave
1606 2328 1672 2355 talia
1695 2327 1792 2355 facias.

995 2378 1194 2413 Superioribus
1208 2377 1282 2405 enim
1299 2384 1458 2404 consonans
1473 2375 1566 2408 dictis,
1582 2375 1722 2411 significat
1735 2374 1794 2402 fore

994 2429 1024 2452 ut
1050 2433 1148 2460 pinnas
1173 2432 1223 2460 pro
1250 2424 1294 2451 his
1322 2423 1466 2450 maleficiis
1491 2422 1551 2452 des.
1578 2421 1795 2457 prazdietamque

994 2471 1264 2498 animadversionem
1280 2470 1415 2505 perferas,
1428 2469 1492 2504 quia
1507 2468 1615 2496 laztatus
1627 2475 1657 2495 es
1675 2467 1794 2494 fratrum

994 2522 1105 2545 tuorum
1123 2517 1250 2545 adversis
1265 2516 1391 2549 casibus,
1408 2523 1465 2551 quo
1481 2519 1605 2550 tempore
1618 2514 1645 2541 hi
1660 2514 1696 2541 ab
1710 2513 1795 2540 hosti-

993 2565 1045 2592 bus
1070 2564 1255 2591 vastabantur
1277 2572 1285 2591 :
1310 2562 1433 2598 dumque
1457 2562 1594 2598 angustiis
1614 2564 1792 2590 vexarentur.

993 2611 1076 2639 verba
1096 2610 1254 2644 elIutiebas,
1276 2617 1339 2645 quae
1356 2610 1447 2638 solent
1468 2610 1487 2637 ii
1515 2609 1563 2644 qui
1591 2608 1683 2635 alieno
1707 2606 1794 2634 exitio

994 2658 1124 2693 gaudent.
1155 2656 1214 2684 Hoc
1240 2656 1314 2684 enim
1337 2655 1477 2691 significat
1502 2665 1512 2681 ι
1531 2653 1651 2690 superbe
1675 2653 1761 2688 loqui.
1782 2663 1790 2678 ι

994 2704 1083 2738 Atque
1099 2703 1128 2730 iu
1145 2709 1243 2731 eorum
1267 2702 1408 2737 pressuris
1426 2705 1456 2729 tu
1473 2701 1569 2728 urbem
1584 2707 1647 2726 cum
1666 2699 1793 2728 hostibus

995 2749 1208 2785 ingrediebaris,
1225 2754 1255 2776 ut
1271 2748 1387 2775 fratrum
1405 2747 1511 2775 cladem
1530 2753 1656 2782 augeres.
1672 2745 1751 2779 Quod
1768 2746 1792 2774 si

994 2797 1041 2831 qui
1066 2796 1136 2824 forte
1152 2796 1223 2822 viam
1242 2795 1312 2830 fuga:
1331 2794 1571 2825 nanciscerentur,
1587 2793 1614 2820 in
1635 2801 1690 2828 qua
1710 2793 1792 2820 unice

995 2850 1070 2877 spem
1090 2842 1189 2869 salutis
1210 2842 1397 2873 collocabant,
1421 2841 1471 2869 hos
1492 2844 1521 2868 tu
1546 2849 1657 2876 quoque
1676 2840 1792 2876 perdere

995 2888 1140 2923 satagebas
1155 2896 1161 2921 ;
1175 2888 1289 2923 capiens
1308 2888 1438 2916 nimirum
1463 2888 1607 2924 profugos,
1628 2895 1659 2914 ac
1675 2886 1794 2922 punien~
