4102 6458
603 309 711 366 315

1756 307 1847 362 T11
1856 305 2109 363 EODORI
2148 306 2637 363 MOPSUESTENI
3763 311 3851 371 316

605 427 758 482 tibus
786 425 1028 483 tradens.
1061 425 1175 483 Hoc
1198 427 1344 484 enim
1371 429 1662 501 signiﬁcat,
1696 448 1713 479 ι
1742 427 1929 501 Neque
1959 431 2180 486 steteris

2307 430 2605 503 τορίζεσθαι
2656 428 3096 502 προσδοκῶντες,
3158 428 3250 480 καὶ
3302 425 3523 490 τούτους
3583 425 3853 482 ἀπολλύειν

606 519 666 572 in
710 518 950 574 exitibus
984 533 1197 585 eorum,
1232 527 1289 574 ut
1320 521 1613 577 evadentes
1644 521 1859 591 perdas,
1892 536 2068 592 neque
2091 523 2179 576 fu—

606 621 729 676 gam
769 622 958 663 eorum
1007 609 1274 679 impedias
1312 610 1368 664 in
1407 609 1499 665 die
1546 611 1873 665 calamitatis
1901 626 2107 666 eorum.
2156 629 2175 662 ι

607 696 787 767 Atque
843 698 1039 752 horum
1086 698 1360 756 dictorum
1420 700 1695 769 generalis
1743 698 2017 754 sententia
2066 698 2181 752 haec

606 794 711 852 est,
744 788 870 857 quia
911 788 1142 843 fratrum
1189 798 1407 845 tuorum
1440 790 1808 845 lsraelitarum
1838 790 2006 843 exitio
2030 790 2181 842 lzrta-

608 889 698 934 tus
735 894 830 946 es;
883 881 1011 951 quia
1057 883 1338 953 suppetias
1390 884 1643 939 hostibus
1695 891 1887 937 contra
1930 882 2053 937 illos
2098 893 2181 934 tu-

2282 521 2608 587 ἐσπούδαζες
2634 561 2649 585 ,
2682 518 3188 590 συλλαμϐανόμενός
3232 534 3291 570 τε
3322 518 3447 580 τοὺς
3478 514 3776 585 φεύγοντας
3804 518 3857 585 ἐξ

2282 608 2461 661 αὐτῶν
2488 610 2579 662 καὶ
2610 608 2939 679 παραδιδοὺς
2984 607 3247 678 τιμωρίαθ
3292 604 3450 659 τοῦτο
3481 604 3591 676 γὰρ
3620 606 3765 674 λέγει
3784 612 3854 674 τὸ,

2290 718 2307 751 ι
2353 699 2445 770 Μὴ
2477 701 2703 771 ὲπιστῇς
2728 701 2822 754 ἐπὶ
2844 700 2941 763 τὰς
2972 698 3255 761 διεκϐολὰς
3277 696 3456 750 αὐτῶν
3491 695 3858 768 ὲξολοθρεῦσαι

2282 791 2406 854 τοὺς
2431 791 2875 867 ἀνασωζομένους
2905 790 2963 857 ἐξ
2990 788 3276 859 αὑτῶν,(ρ.
3300 788 3428 859 224)
3461 788 3594 859 μηδὲ
3620 787 3862 857 συγκλεί-

2289 896 2388 953 σῃς
2440 882 2564 946 τοὺς
2592 882 2891 953 φεύγοντας
2939 881 3118 936 αὐτῶν
3150 884 3207 933 ὲν
3244 879 3430 952 ἡμέρᾳ
3469 878 3721 950 θλίψεως
3750 870 3864 933 »δι’

609 970 761 1033 listi,
801 971 1071 1042 malisque
1115 974 1431 1029 eorumdem
1472 974 1695 1044 gavisus
1743 988 1843 1039 es;
1881 979 2043 1042 atque
2087 984 2182 1025 eos

2307 972 2421 1026 ἱλων
2448 972 2766 1045 βουλόμενος
2799 975 2990 1039 είπεῖν,
3022 976 3102 1027 ὅτι
3154 973 3320 1045 ’Υπὲρ
3357 966 3430 1027 ὧν
3463 970 3637 1043 ἥσθης
3690 974 3781 1026 ἐπὶ
3803 975 3865 1045 τῇ

611 1074 714 1128 pro
748 1061 1012 1118 facultate
1040 1074 1133 1119 tua
1167 1065 1507 1122 detrimentis
1546 1065 1813 1132 all‘ecisti;
1845 1064 2054 1119 idcirco
2086 1077 2181 1132 pa-

612 1158 793 1205 ratum
834 1155 932 1209 tibi
959 1157 1076 1210 lues
1098 1156 1449 1226 supplicium.
1477 1155 1660 1222 Quare
1688 1155 1838 1210 addit
1865 1173 1878 1208 :

2287 1062 2394 1115 τῶν
2441 1062 2803 1136 Ἰσραηλιτῶν
2823 1066 3068 1137 ἀπωλείᾳ
3096 1064 3338 1135 ἀδελφῶν
3394 1064 3563 1119 ὄντων
3608 1063 3737 1128 σῶν,
3783 1065 3870 1118 καὶ

2298 1155 2365 1225 δή
2397 1157 2495 1209 καὶ
2524 1160 2635 1221 τοῖς
2664 1156 2941 1227 πολεμίοις
2993 1154 3336 1228 συνέπραξας
3371 1157 3493 1209 κατ’
3527 1153 3735 1219 αὐτῶν,
3781 1155 3873 1209 καὶ

619 1239 793 1313 ήσθης
829 1242 923 1295 ἐπὶ
966 1244 1079 1305 τοῖς
1120 1242 1302 1296 αὐτῶν
1351 1247 1574 1310 κακοῖς,
1626 1244 1907 1315 διαφόροις
1947 1258 2006 1295 τε
2042 1240 2239 1304 αὐτοὺς
2283 1244 2377 1295 καὶ
2422 1246 2582 1311 αὐτὸς
2624 1246 2768 1300 κατά
2817 1248 2918 1316 τὴν
2965 1247 3172 1300 οἰκείαν
3215 1246 3443 1317 δύναμιν
3478 1247 3874 1318 περιϐέϐληκας

619 1337 731 1397 τοῖς
769 1336 991 1397 κακοῖς,
1026 1334 1167 1404 ὑπὲρ
1196 1333 1401 1387 τούτων
1432 1334 1496 1406 δή
1522 1335 1618 1405 τὴν
1663 1335 1961 1406 μέλλουσαν
1990 1325 2279 1400 ὑπομενεῖς
2308 1336 2595 1407 τιμωρίαν.
2628 1337 2789 1391 Ὅθεν
2817 1339 3045 1407 ἐπάγει*

694 1428 854 1500 148
882 1427 1049 1483 Vens.
1094 1429 1277 1483 15-17.
1312 1459 1378 1468 —
1407 1447 1425 1481 ι
1464 1429 1601 1495 Quia
1633 1444 1800 1500 prope
1833 1436 1915 1483 est
1943 1428 2060 1482 dies
2090 1425 2195 1479 Do-

2363 1404 2511 1501 Στίᾷε.
2545 1430 2721 1496 ιε’-ις’.
2754 1463 2823 1472 --
2873 1450 2892 1483 ι
2929 1404 3071 1485 Ᾰιότι
3099 1432 3266 1500 ἐγγὺς
3305 1431 3489 1502 ήμέρα
3533 1404 3737 1500 Κυρίου
3783 1431 3877 1485 ἐπὶ

618 1522 753 1574 mini
781 1535 945 1589 super
972 1532 1164 1576 omnes
1193 1530 1403 1591 gentes.
1437 1520 1569 1587 Quae
1603 1522 1727 1575 aliis
1761 1520 1964 1586 fecisti,
1998 1518 2188 1573 eadem

2307 1520 2466 1575 πάντα
2490 1523 2558 1575 τὰ
2590 1522 2739 1593 ἔθνη’
2769 1523 2828 1577 ὃν
2851 1525 3051 1594 τρόπον
3082 1523 3366 1594 ἐποίησας,
3394 1520 3539 1573 οὕτω
3577 1521 3730 1574 ἔσται
3761 1536 3865 1575 σοι·

621 1610 719 1665 tibi
779 1610 948 1676 ﬁent;
1016 1611 1306 1667 retributio
1369 1619 1460 1666 tua
1517 1612 1851 1667 retribuetur
1919 1611 1973 1665 in
2027 1613 2193 1678 caput

2307 1612 2350 1666 τὸ
2370 1614 2717 1686 ἀνταπόδομά
2751 1632 2843 1669 σου
2873 1612 3368 1685 ἀνταποδοθήσεταί
3399 1629 3481 1666 σοι
3524 1615 3605 1676 είς
3638 1613 3881 1685 κεφαλήν

620 1708 796 1758 tuum.
838 1722 856 1755 ι
892 1703 1065 1759 Adest
1095 1705 1240 1758 enim
1274 1710 1490 1775 tempus
1523 1721 1634 1776 quo
1676 1704 1819 1760 Deus
1855 1703 2044 1775 puniet
2081 1717 2194 1757 om-

2293 1722 2406 1759 σου.
2449 1727 2464 1757 ι
2506 1707 2815 1779 Ἤκει-γάρ
2849 1710 2877 1762 ὁ
2911 1708 3102 1779 καιρὸς
3135 1705 3258 1760 καθ’
3301 1705 3359 1760 δν
3392 1706 3639 1775 ᾇπαντας
3670 1705 3768 1775 μὲν
3795 1723 3883 1759 τι-

621 1811 722 1849 ncs
781 1795 875 1865 qui
943 1794 1240 1865 aliquando
1298 1795 1561 1852 Israelitis
1610 1796 1751 1852 male
1805 1796 2074 1851 fecerunt.
2128 1790 2194 1845 Et

2307 1800 2612 1870 μωρήσεται
2638 1801 2765 1863 τοὺς
2811 1799 3096 1870 ὁτιδήποτε
3148 1797 3503 1868 πεπραχότας
3528 1798 3608 1860 είς
3639 1797 3840 1861 αὐτοὺς
3865 1840 3881 1864 ,

622 1885 839 1954 quidem
874 1884 970 1939 tibi
1016 1896 1129 1954 prae
1158 1884 1385 1942 caeteris
1411 1900 1630 1956 gravem
1670 1885 1913 1956 imponet
1953 1900 2192 1956 poenam,

624 1990 921 2044 paremque
952 1974 1231 2030 maleﬁciis
1260 1989 1382 2046 quae
1418 1977 1476 2030 in
1523 1975 1720 2032 fratres
1753 1986 1878 2032 tuos
1914 1975 2197 2033 commisi-

624 2066 717 2120 sti.
771 2083 791 2116 ι
822 2064 963 2130 Quia
1014 2064 1479 2136 quemadmodum
1521 2066 1707 2122 bibisti
1748 2081 1913 2136 super
1956 2076 2199 2123 montem

626 2165 878 2213 sanctum
922 2172 1128 2225 meum,
1167 2157 1249 2214 sic
1294 2158 1483 2213 bibent
1511 2172 1705 2214 omnes
1749 2160 1933 2229 populi
1964 2160 2195 2215 vinum:

624 2248 813 2303 bibent
840 2254 897 2302 et
927 2247 1262 2315 ascenderit;
1289 2258 1560 2319 eruntque
1591 2251 1738 2305 sicut
1778 2265 1888 2305 non
1928 2251 2201 2307 exsisten-

612 2336 730 2393 ‘tes.
765 2357 783 2389 ι
816 2336 952 2392 Nam
989 2345 1045 2393 et
1077 2340 1195 2409 ipse
1221 2348 1509 2410 propterea
1545 2341 1689 2412 quod
1732 2351 1923 2396 contra
1956 2351 2199 2398 montem

625 2444 809 2484 meum
845 2430 1168 2501 incolasque
1211 2431 1332 2501 ejus
1365 2433 1614 2488 invectus
1656 2449 1736 2500 cs,
1783 2434 2057 2504 supplicio
2092 2449 2201 2489 non

626 2521 865 2581 carebis.
899 2523 1000 2589 Qui
1035 2526 1321 2579 sententiae
1366 2533 1471 2579 tuce
1502 2524 1880 2595 factorumque
1908 2526 2203 2596 participes

628 2612 853 2681 fuerint,
897 2614 1060 2669 iidem
1094 2629 1271 2685 poenae
1306 2630 1527 2686 quoque
1558 2616 1696 2671 socii
1744 2624 1928 2682 erunt,
1959 2617 2204 2672 interne-

627 2704 752 2758 civo
793 2706 978 2761 traditi
1012 2706 1201 2771 exitio,
1252 2707 1325 2761 ita
1358 2716 1417 2761 ut
1466 2708 1535 2762 ab
1575 2708 1643 2763 iis
1677 2723 1788 2763 non
1818 2707 2072 2764 diﬁ‘erant
2109 2710 2205 2780 qui

629 2795 768 2849 nulli
818 2805 968 2851 sunt.
1020 2795 1158 2852 Nam
1211 2799 1376 2853 verba
1427 2816 1447 2849 ‹
1481 2798 1666 2854 bibisti
1703 2818 1721 2851 ι
1769 2807 1826 2854 et
1876 2818 1896 2850 ι
1933 2800 2141 2866 bibent,
2181 2820 2200 2853 ι

628 2884 1165 2941 animadversionem
1200 2886 1512 2957 signiﬁcant
1557 2886 1612 2942 in
1643 2887 1931 2944 idumaeam
1960 2889 2207 2960 aliosque

630 2975 818 3029 hostes
858 2977 1306 3045 expromendam.
1336 2977 1536 3045 Veluti,
1572 2997 1590 3030 ‹
1625 2979 1781 3034 Calix
1807 2980 1862 3034 in
1909 2994 2076 3035 manu
2102 2980 2208 3037 Do-

631 3061 766 3116 mini
812 3063 1006 3132 plenus
1059 3065 1241 3119 misto.
1277 3066 1345 3120 Et
1384 3067 1672 3122 inclinavit
1710 3083 1775 3124 ex
1825 3069 1931 3125 hoc
1969 3070 2027 3125 in
2068 3071 2205 3140 hoc;

2301 1887 2533 1957 μάλιστα
2559 1888 2616 1942 δὲ
2638 1888 2854 1943 πάντων
2885 1889 3110 1960 βαρεῖαν
3139 1886 3329 1953 ἐπάξει
3353 1903 3433 1939 σοι
3462 1885 3558 1956 τὴν
3580 1886 3877 1956 τιμωρίαν,

2300 1980 2558 2049 ἀνάλογόν
2598 1997 2679 2034 σοι
2720 1981 2816 2051 τὴν
2860 1978 3145 2050 συμφορὰν
3190 1978 3413 2046 ὲπάγων
3458 1970 3540 2040 οἷς
3575 1976 3882 2047 πεποίηκας

2300 2073 2419 2126 κατ’
2447 2072 2646 2127 αὐτῶν.
2686 2091 2705 2123 ι
2741 2072 2959 2126 Διότιόν
2991 2072 3191 2142 τρόπον
3225 2070 3381 2133 ἔπιες
3407 2068 3499 2123 ἐπὶ
3535 2070 3597 2123 τὸ
3617 2068 3742 2139 ὅρος
3780 2086 3885 2138 μου

2298 2164 2360 2216 τὸ
2389 2163 2572 2232 ἅγιον,
2609 2164 2821 2217 πίονται
2858 2165 3036 2218 πάντα
3076 2162 3144 2215 τὰ
3174 2162 3302 2233 ἔθνη
3336 2157 3500 2215 οῐνοψ
3540 2161 3756 2214 πίονται
3792 2161 3894 2215 mi.

2288 2256 2681 2326 ἀναϐήσονται,
2717 2257 2812 2310 καὶ
2850 2255 3063 2310 ἔσονται
3094 2252 3280 2318 καθὼς
3311 2255 3411 2325 οὐχ
3459 2253 3820 2324 ὑπάρχοντες.
3866 2271 3888 2305 ι

2302 2348 2481 2411 Αὐτός·
2500 2364 2559 2401 τε
2596 2348 2704 2421 γάρ
2737 2348 2878 2418 ὑπὲρ
2908 2339 2986 2402 ὧν
3018 2349 3097 2405 είς
3129 2346 3189 2400 τὸ
3218 2342 3342 2417 ὅρος
3369 2345 3429 2398 τὸ
3468 2345 3600 2416 ἐμὸν
3630 2346 3761 2407 τοὺς
3807 2344 3897 2397 οῖ-

2304 2439 2534 2504 κοῦντας
2580 2440 2639 2492 ὲν
2673 2437 2821 2509 αὐτῷ
2861 2438 3088 2492 τοιαῦτα
3132 2436 3507 2508 τετόλμηκας,
3543 2435 3749 2500 δέδεξαι
3786 2435 3899 2504 τὴν

2304 2532 2592 2604 τιμωρίαν·
2617 2533 2667 2586 οί
2699 2531 3127 2603 κοινωνήσαντες
3152 2529 3212 2583 τέ
3250 2546 3331 2583 σοι
3371 2531 3468 2600 τῆς
3495 2529 3720 2599 γνώμης
3752 2527 3900 2580 ταύ-

2303 2641 2405 2694 της
2442 2622 2674 2678 καὶτῶν
2722 2622 2997 2695 πράξεων,
3048 2606 3151 2686 ὡςθ
3173 2621 3318 2684 είκδς
3365 2620 3754 2690 κοινωνήσουσι
3794 2618 3905 2688 τῆς

2304 2716 2596 2786 τιμωρίας,
2625 2715 2879 2768 παντελεῖ
2910 2712 3207 2785 ληφθέντες
3237 2711 3505 2783 ἀπωλείᾳ,
3539 2710 3614 2783 (p.
3653 2710 3782 2785 2‘25)
3818 2710 3904 2773 ὡς

2310 2807 2474 2877 μηδὲν
2506 2807 2823 2860 ἀπεοικέναι
2869 2805 2973 2858 τῶν
3004 2805 3256 2871 καθάπαξ
3308 2805 3408 2857 οὐκ
3451 2803 3643 2857 ὄντων’
3691 2801 3751 2855 τὸ
3791 2801 3906 2872 μὲν

2308 2898 2416 2969 γὰρ
2437 2917 2457 2950 ‹
2486 2898 2638 2962 ἔπιες
2677 2917 2696 2949 ι
2719 2898 2812 2952 καὶ
2838 2917 2855 2949 ι
2887 2897 3122 2963 πίονται,
3151 2915 3169 2947 ι
3202 2895 3302 2966 τὴν
3331 2894 3598 2967 τιμωρίαν
3610 2891 3761 2964 δηλοῖ
3790 2892 3906 2963 τὴν

2308 2989 2492 3052 αὺτοῖς
2533 3005 2593 3040 τε
2635 2988 3088 3061 ὲπαχθησομένην
3121 2986 3215 3040 καὶ
3259 2988 3369 3048 τοῖς
3410 2984 3652 3049 λοιποῖς·
3696 2984 3772 3047 ὡς
3806 2985 3904 3050 τὺ,

2324 3093 2343 3127 ι
2384 3074 2649 3148 Ποτήριον
2692 3077 2752 3131 ὲν
2797 3074 2942 3148 χειρὶ
3002 3075 3389 3147 Κυρίου,οῖνου
3407 3073 3909 3146 ἀκράτου,πλῆρες

631 3163 1011 3212 verumtamen
1050 3157 1151 3212 faex
1196 3158 1318 3228 ejus
1366 3175 1475 3216 non
1521 3172 1605 3217 est
1648 3163 1925 3219 exinanita
1973 3165 2204 3222 :bibent

2311 3171 2675 3242 κεράσματος⁶
2710 3170 2806 3222 καὶ
2829 3168 3036 3221 ἔκλινεν
3067 3170 3130 3221 ὲκ
3157 3168 3347 3222 τούτου
3378 3169 3459 3231 είς
3480 3166 3664 3220 τοῦτο’
3694 3165 3842 3237 πλὴν
3870 3168 3910 3219 ὁ

632 3259 827 3301 omnes
863 3258 1178 3315 peccatores
1213 3261 1371 3307 terrae
1394 3251 1457 3306 ⁸⁸.
1490 3270 1510 3305 ι
1543 3252 1807 3309 Memorat
1839 3263 2019 3310 autem
2054 3272 2210 3312 mon-

635 3348 743 3391 tem
792 3346 1044 3394 sanctum
1102 3357 1287 3407 suum,
1351 3344 1677 3415 signiﬁcans
1721 3347 1837 3403 fore
1880 3355 1940 3403 ut
1989 3356 2210 3419 propter

635 3427 870 3484 crimina
928 3431 1194 3489 adversus
1243 3450 1368 3489 eum
1422 3445 1663 3492 montem
1726 3439 2048 3511 incolasque
2090 3440 2211 3510 ejus

634 3525 869 3588 patrata,
922 3535 1098 3591 preme
1137 3524 1363 3580 obnoxii
1408 3526 1541 3582 ﬁant
1567 3527 1787 3585 Idumaei
1816 3549 1828 3585 :
1861 3539 1915 3586 et
1948 3532 2043 3602 qui
2086 3547 2210 3586 cum

633 3623 825 3665 eorum
872 3613 1120 3669 consiliis
1179 3616 1451 3687 rebusque
1503 3621 1674 3689 gestis
1732 3623 2208 3692 conspiraverunt,

637 3698 801 3755 iidem
832 3700 900 3757 ad
921 3704 1180 3773 supplicii
1214 3707 1535 3764 societatem
1566 3719 1852 3776 vocentur,
1883 3713 2213 3784 capitalique

634 3792 872 3849 vindicta
917 3797 1235 3864 puniantur.
1277 3820 1295 3851 ι
1326 3799 1384 3855 ln
1439 3800 1574 3856 Sion
1605 3812 1788 3859 autem
1838 3808 2023 3861 monte
2061 3808 2212 3864 salus

635 3884 744 3939 erit
764 3892 818 3940 et
852 3889 1137 3953 sanctitas,
1169 3901 1223 3945 et
1257 3893 1562 3961 possidebit
1588 3892 1762 3950 Iacob
1787 3895 1883 3965 qui
1926 3911 1985 3952 se
2019 3913 2212 3968 posse-

639 3976 851 4029 derant.
893 3994 913 4029 ι
967 3976 1139 4034 Vobis
1189 3982 1374 4051 itaque
1412 3982 1688 4054 sociisque
1720 3986 2078 4043 consiliorum
2122 4005 2214 4045 ve-

641 4070 882 4119 strorum
931 4066 1046 4121 haec
1103 4070 1373 4125 accident.
1416 4070 1721 4129 Incolumes
1775 4084 1954 4130 autem
2014 4087 2211 4142 erunt,

641 4161 805 4223 atque
849 4155 998 4210 omni
1044 4156 1374 4216 adversitate
1428 4162 1695 4218 carebunt
1734 4163 1792 4219 in
1839 4174 2025 4222 monte
2084 4166 2215 4224 Sion

640 4244 736 4315 qui
762 4253 925 4301 antea
964 4246 1121 4303 bellis
1158 4252 1598 4320 appetebantur:
1630 4263 1794 4325 atque
1828 4257 1903 4311 ita
1934 4273 2094 4315 mons
2122 4260 2216 4315 ille

641 4342 865 4406 propter
892 4337 1090 4394 borum
1117 4341 1471 4397 securitatem
1505 4351 1732 4401 sanctus
1761 4347 2036 4403 videbitur
2062 4366 2076 4402 :
2103 4350 2214 4405 imo

639 4444 773 4485 vero
805 4430 1020 4488 cunctis
1053 4431 1508 4502 dominabuntur,
1547 4437 1747 4507 quise
1794 4447 1956 4495 antea
1993 4441 2212 4497 device-

2310 3282 2340 3317 τ
2348 3263 2536 3336 ρυγίας
2553 3261 2717 3316 αὐτοῦ
2730 3261 2830 3315 οὐκ
2844 3259 3165 3330 ἐξεκενώθη·
3193 3258 3400 3312 πίονται
3430 3256 3628 3320 πάντες
3647 3259 3695 3310 oi
3712 3258 3911 3327 ἀμαρ-

2309 3353 2470 3407 τωλοὶ
2495 3353 2594 3422 τῆς
2620 3353 2745 3423 γῆς·
2783 3372 2800 3403 ι
2830 3352 2891 3405 τὸ
2912 3352 2969 3405 δὲ
2992 3371 3010 3404 ι
3036 3352 3127 3405 ἐπὶ
3154 3351 3215 3404 τὸ
3242 3350 3364 3421 ὅρος
3389 3349 3746 3421 μουτὺᾶγιον,
3763 3368 3781 3400 ι
3810 3351 3911 3404 ἵνα.

2311 3443 2460 3514 εἴπῃ·
2501 3442 2672 3512 ’Υπὲρ
2696 3434 2771 3495 ὧν
2791 3443 2870 3504 είς
2883 3438 2945 3493 τὸ
2964 3439 3168 3506 ὅρος-τὸ
3192 3440 3322 3510 ἐμὸν
3349 3441 3429 3503 εἰς
3452 3456 3510 3492 τε
3527 3440 3652 3500 τοὺς
3676 3439 3912 3494 οίκοῦν-

2311 3548 2411 3595 τας
2433 3532 2491 3584 ὲν
2512 3529 2661 3600 αὐτῷ
2684 3526 2907 3583 τοιαῦτα
2930 3528 3301 3600 τετολμήκατε
3323 3569 3338 3594 ,
3364 3527 3572 3592 δέδεξαι
3597 3527 3692 3600 τὴν
3723 3545 3906 3599 τιμω-

2316 3623 2455 3695 ρίαν’
2492 3621 2542 3675 οί
2586 3620 3014 3692 κοινωνήσαντες
3053 3619 3114 3672 τέ
3149 3636 3230 3672 σοι
3269 3621 3369 3689 τῆς
3412 3618 3639 3690 γνώμης
3683 3618 3909 3690 ταύτης

2314 3711 2408 3766 καὶ
2432 3708 2539 3764 τῶν
2568 3708 2848 3779 πράξεων,
2877 3707 2954 3770 ὡς
2982 3707 3127 3771 εἰκὸς
3158 3708 3543 3775 κοινωνθσουσι
3581 3707 3680 3777 τῆς
3718 3723 3910 3776 τιμω-

2317 3800 2438 3870 ρίας
2459 3839 2473 3863 ,
2520 3795 2773 3851 παντελεῖ
2814 3794 3109 3864 ληφθέντες
3153 3792 3421 3864 ἀπωλείᾳ.
3479 3812 3495 3844 ι
3573 3794 3661 3846 Ἐν
3712 3793 3769 3847 δὲ
3819 3794 3912 3865 τῷ

2313 3886 2430 3957 ὄρει
2474 3882 2611 3938 Σιὼν
2663 3882 2813 3937 ἔσται
2859 3884 2893 3952 ή
2919 3880 3181 3952 σωτηρία,
3227 3881 3325 3934 καὶ
3371 3879 3525 3932 ἔσται
3571 3881 3748 3948 ἅγιον,
3801 3881 3912 3934 καὶ

2315 3976 2948 4048 κατακληρονομήσουσιν
2997 3974 3028 4026 ὁ
3072 3969 3219 4037 οἶκος
3273 3971 3467 4047 Ἰακὼϐ
3506 3972 3633 4036 τοὺς
3693 3972 3909 4043 κληρο-

2314 4070 2649 4141 νομήσοντας
2707 4065 2924 4130 αὐτούς.
2963 4084 2982 4119 ι
3042 4065 3180 4135 Περὶ
3228 4064 3329 4134 μὲν
3374 4058 3468 4118 οὖν
3511 4064 3653 4135 ὑμᾶς
3693 4079 3755 4116 τε
3806 4063 3915 4116 καὶ

2314 4162 2440 4224 τοὺς
2470 4157 2935 4229 κεκοινωνηκότας
2977 4157 3106 4227 ὑμῖν
3153 4156 3253 4226 τῆς
3294 4155 3541 4226 γνώμης,
3589 4153 3763 4208 ταῦτα
3805 4170 3918 4221 γε·

2316 4252 2558 4321 νήσεται·
2618 4244 3085 4317 περισωθήσονται
3152 4244 3210 4297 δὲ
3267 4244 3362 4297 καὶ
3421 4242 3603 4313 πάσης
3648 4241 3921 4311 ἀνάγκης

2318 4338 2421 4407 ἔξω
2448 4337 2768 4407 γενήσονται
2801 4335 2858 4388 ὲν
2886 4332 2965 4404 τῷ
2998 4332 3113 4405 ὄρει
3140 4332 3218 4404 τῷ
3261 4331 3399 4386 Σιὼν
3434 4332 3699 4402 πρότερον
3730 4329 3917 4382 πολε-

2296 4429 2603 4502 μηθέντες·
2631 4426 2773 4482 ὥστε
2799 4424 2966 4488 ὄντως
3002 4425 3133 4479 αὐτὸ
3162 4423 3251 4477 διὰ
3287 4425 3385 4495 τῆς
3405 4423 3611 4478 τούτων
3643 4423 3915 4495 βοηθείας

639 4530 786 4584 rant,
835 4518 1007 4576 Jacob
1052 4523 1290 4591 posteri;
1340 4524 1542 4594 quibus
1590 4526 1850 4583 nimirum
1892 4544 1993 4584 vos
2039 4545 2204 4601 nuper

2320 4521 2473 4590 ἅγιον
2498 4518 2753 4589 φανῆναι·
2786 4518 2911 4571 ἐπεὶ
2940 4516 3033 4571 καὶ
3058 4516 3261 4579 πάντας
3283 4517 3410 4579 τοὺς
3430 4516 3694 4588 πρότερον
3717 4514 3913 4568 αὐτῶν

640 4610 919 4679 vestrique
953 4612 1087 4666 socii
1121 4613 1337 4670 molesti
1366 4614 1537 4672 armis
1567 4614 1774 4672 fuistis.

718 4703 879 4756 Vens.
921 4702 1113 4759 18-21.
1145 4723 1259 4785 -ιι
1301 4705 1368 4761 Ει
1389 4707 1494 4761 erit
1542 4707 1740 4766 domus
1774 4708 1945 4765 Jacob
1974 4710 2140 4780 ignis,
2163 4719 2219 4767 et

641 4792 839 4873 domus
883 4791 1084 4865 Joseph
1125 4793 1380 4857 ﬂamma:
1434 4809 1489 4854 et
1537 4800 1733 4855 domus
1778 4799 1921 4856 Esau
1968 4801 2213 4871 stipula:

648 4881 892 4953 159a
938 4887 1341 4942 suecendentur
1382 4889 1439 4943 in
1483 4890 1585 4954 eis,
1627 4892 2005 4961 vorabuntque
2040 4909 2157 4951 eos.
2195 4914 2212 4946 ι

645 4972 761 5039 Sic,
795 4975 993 5045 inquit,
1031 4977 1299 5036 Idumaeos
1324 4996 1517 5059 omnes
1554 4983 1894 5052 superabunt
1932 4984 2213 5051 Israelita,

644 5073 704 5119 ut
734 5067 912 5122 instar
953 5068 1096 5138 ignis
1127 5070 1387 5141 stipulam
1419 5072 1781 5142 absumentis,
1823 5074 2043 5131 eosdem
2089 5077 2215 5132 belli

641 5158 694 5211 vi
729 5158 960 5214 deleturi
989 5160 1123 5216 sint.
1178 5178 1198 5213 ι
1234 5160 1301 5216 Et
1342 5177 1453 5217 non
1491 5163 1597 5219 erit
1634 5163 1941 5235 ﬂammiger
1985 5167 2041 5231 in
2071 5165 2215 5222 Esau

640 5251 824 5316 domo,
854 5252 983 5323 quia
1008 5252 1274 5310 Dominus
1296 5255 1511 5312 locutus
1540 5262 1646 5311 est.
1685 5275 1703 5308 ι
1739 5255 2010 5322 Quoniam
2036 5257 2216 5326 ignem

640 5341 779 5395 dixit
802 5342 1053 5401 lsraelem
1086 5344 1230 5401 Esau
1268 5344 1404 5411 fore,
1450 5347 1617 5402 veluti
1645 5347 1689 5403 si
1723 5364 1916 5405 omnes
1942 5351 2064 5419 ejus
2086 5365 2217 5419 opes

644 5429 785 5505 bello
814 5442 962 5488 esset
991 5445 1444 5507 consumpturus,
1474 5437 1683 5508 ideirco
1710 5455 1829 5493 non
1853 5439 1977 5505 erit,
2019 5440 2213 5511 inquit,

643 5514 945 5591 ﬁniiiniigcr
991 5523 1044 5576 in
1103 5523 1245 5580 Esau
1272 5527 1476 5583 domo:
1515 5527 1565 5582 id
1613 5535 1695 5583 est
1735 5527 1939 5583 nemini
1983 5526 2217 5585 ldumaeo

724 5734 770 5765 ⁸⁸
807 5732 946 5792 Psal-
963 5754 1142 5802 ινιτ,
1184 5742 1235 5795 9.

2318 4610 2727 4683 κεκρατηκότας
2778 4608 3121 4679 ὑποχειρίους
3158 4606 3372 4673 ἕξουσιν
3411 4610 3471 4661 οῖ’
3505 4607 3766 4674 ἀπόγονοι
3800 4604 3913 4658 τοῦ

2330 4702 2546 4768 Ἰακὼϐ,
2568 4701 2663 4766 οὓς
2678 4702 2995 4771 ἐπολεμεῖτε
3017 4699 3169 4754 ἐνθεν
3190 4700 3350 4768 ὑμεῖς
3377 4697 3516 4769 μετά
3538 4697 3646 4750 τῶν
3671 4695 3908 4751 λοιπῶν.

2387 4795 2535 4865 Στίχ.
2572 4801 2780 4865 ιη’-κα’.
2808 4827 2876 4835 -
2914 4813 2933 4847 ι
2966 4793 3077 4847 Καὶ
3110 4792 3264 4845 ἔσται
3291 4792 3318 4844 ὁ
3344 4780 3497 4852 οἶκος
3534 4789 3728 4844 Ἰακὼϐ
3763 4789 3910 4860 πῦρ,

2317 4887 2411 4940 καὶ
2432 4887 2460 4939 ὁ
2488 4880 2635 4949 οἶκος
2680 4884 2878 4955 Ἰωσὴφ
2913 4882 3064 4953 φλὸξ,
3089 4884 3117 4935 ὁ
3142 4882 3198 4934 δὲ
3225 4876 3372 4944 οἶκος
3411 4878 3582 4932 Ἡσαῦ
3618 4880 3696 4940 είς
3721 4877 3906 4932 καλά-ρ

2323 4993 2450 5049 μην·
2483 4976 2577 5030 κοιλ⁵
2606 4975 3038 5045 ἐκκαυθήσονται
3076 4974 3155 5035 είς
3178 4972 3396 5035 αὐτοὺς,
3426 4971 3520 5024 καὶ
3553 4969 3909 5038 καταφάγον-

2319 5086 2408 5122 ται
2438 5068 2654 5131 αὐτούς.
2689 5087 2706 5118 ι
2752 5067 2826 5137 (p.
2860 5065 2985 5134 296)
3016 5063 3170 5118 Οὕτω
3204 5062 3312 5134 γὰρ
3342 5063 3701 5134 κρατήσουσιν
3726 5061 3917 5116 ἀπάν-

2319 5180 2425 5216 των
2450 5163 2498 5215 οί
2534 5161 2861 5232 Ἰσραηλῖται
2883 5159 2992 5212 τῶν
3027 5155 3356 5227 Ἰδουμαίων,
3383 5154 3520 5208 ὥστε
3541 5154 3697 5224 δίκην
3725 5155 3917 5224 πυρὸς

2320 5251 2573 5324 καλάμην
2600 5250 2982 5313 ἀναλίσκοντος
3027 5247 3276 5307 ἅπαντας
3307 5244 3503 5308 αὐτοὺς
3531 5244 3791 5313 ἀφανίσαι
3822 5244 3919 5314 τῷ

2324 5344 2516 5415 κράτει
2548 5342 2640 5397 τοῦ
2676 5342 2933 5411 πολέμου.
2984 5360 3003 5391 ι
3055 5339 3166 5392 Καὶ
3195 5338 3295 5391 οὐκ
3321 5336 3474 5390 ἔσται
3506 5336 3783 5407 πυρφόρος
3825 5336 3918 5408 τῷ

2323 5435 2458 5506 οἴκῳ
2509 5432 2704 5497 Ἠσαῦ,
2736 5434 2818 5485 ὅτι
2853 5429 3059 5501 Κύριος
3107 5427 3394 5498 ἐλάλησενο
3450 5445 3469 5479 ³
3523 5422 3745 5496 Ἑπὲιδὴ
3790 5425 3922 5501 πῦρ

2322 5528 2426 5598 ἔφη
2454 5526 2544 5581 τὸν
2584 5525 2799 5596 Ἰσραὴλ
2828 5523 3045 5579 ἔσεσθαι
3084 5521 3163 5594 τῷ
3204 5518 3397 5589 Ἠσαῦ,
3436 5520 3566 5573 ὡσεὶ
3597 5519 3804 5584 πάντας
3839 5519 3919 5575 ἂν
