4102 6478
236 339 395 396 ⁷317

1482 343 2032 401 COMMENTARIUS
2063 344 2133 400 IN
2158 344 2404 402 JONAM.

3476 352 3595 410 513

271 457 499 524 αὐτοὺς
538 457 860 513 ἀναλίσκειν
891 459 1155 530 μέλλοντα
1198 459 1276 531 τῷ
1310 461 1567 534 πολέμῳ,
1607 463 1695 516 διὰ
1741 460 1899 517 τοῦτο

2005 464 2190 523 licebit
2219 464 2364 520 male
2389 463 2575 519 facere
2598 463 2867 519 lsraclitis
2892 483 2908 531 ;
2939 465 3033 520 sed
3064 465 3139 520 illi
3171 466 3394 537 quidem
3417 471 3487 525 ab
3513 472 3596 530 his

269 551 384 602 οὐκ
413 548 583 604 ἔσται
610 549 917 621 πυρφόρος,
951 550 1104 621 φησὶ,
1128 548 1207 622 τῷ
1234 551 1368 623 οἴκῳ
1413 552 1605 608 Ἦσαῖν
1638 555 1759 608 ἀντὶ
1783 553 1901 620 τοῦ,

270 640 493 705 Οὐδεὶς
523 640 686 697 ἔσται
713 643 774 696 έν
802 642 994 707 αὐτοῖς
1018 643 1076 708 ὃς
1106 644 1371 700 διαθεῖναί
1395 663 1448 701 τι
1467 644 1757 718 δυνήσεται
1777 648 1904 710 τοὺς

284 732 663 804 Ἰσραηλίτας
689 734 901 812 ’κακόνο
935 734 1072 790 ἀλλὰ
1111 735 1392 792 πείσονται
1428 739 1527 810 μὲν
1553 742 1685 812 παρ’
1724 739 1903 794 αὐτῶν

267 823 335 875 οὗ
372 824 450 876 τὰ
480 825 751 894 τυχόνταο
782 824 993 896 ἀμύναι
1019 826 1078 880 δὲ
1105 829 1338 895 ἑαυτοῖς,
1372 828 1406 900 ἢ
1433 830 1659 901 ποιῆσαί
1684 848 1739 884 τι
1766 830 1905 901 πρὸς

271 914 499 987 βλάϐην
538 916 798 982 ἐκείνων,
848 918 909 972 οὐ
949 918 1270 989 δυνήσονται
1300 920 1556 986 καθάπαξ
1578 921 1750 977 οὐδέν·
1777 923 1814 977 ἀ
1839 923 1903 996 δὴ

269 1009 467 1062 πάντα
499 1010 811 1080 γενήσεται
842 1011 1086 1076 πάντως,
1121 1012 1315 1084 ἐπειδὴ
1345 1012 1480 1078 Θεός
1505 1016 1653 1069 ἐστιν
1689 1016 1719 1069 6
1763 1017 1903 1070 ἀπο-

273 1098 616 1169 ’φη-ψάμενος
640 1100 920 1169 γενέσθαι·
948 1103 1042 1156 καὶ
1067 1103 1369 1177 ἐπειδήπερ
1393 1106 1452 1159 ὲν
1469 1108 1583 1171 τοῖς
1607 1108 1902 1179 ἀνωτέροις

280 1191 377 1263 ἔφη
430 1192 525 1246 ὅτι
572 1190 1229 1267 κατακληρονομήσουσιν
1272 1201 1301 1251 6
1336 1194 1486 1263 οἶκος
1538 1200 1734 1254 Ἰακὼϐ
1774 1202 1905 1266 τοὺς

271 1283 969 1357 κατακληρονομήσοντας
996 1288 1216 1356 αὐτοὺς,
1251 1290 1589 1363 πλατύτερον
1614 1292 1746 1347 αὐτὸ
1777 1292 1902 1364 βου-

269 1375 521 1447 λόμενος
544 1380 753 1445 εἰπεῖν,
783 1379 932 1450 λέγει
962 1382 1044 1436 ὅτι
1065 1384 1114 1437 οἱ
1145 1382 1244 1456 μὲν
1267 1386 1325 1438 ἐν
1348 1385 1536 1455 Ναγὲϐ
1572 1386 1901 1457 Ἰσραηλῖται

270 1469 923 1543 κατακληρονομήσουσι
974 1472 1100 1538 τοὺς
1148 1475 1527 1546 προσήκοντας
1570 1477 1773 1542 τόπους
1823 1478 1902 1551 τῷ

282 1558 496 1614 Ἡσαῦ·
520 1563 576 1614 οί
608 1564 671 1615 ἐν
695 1562 979 1635 Σιφηλᾷδὲ
1003 1566 1129 1628 τοὺς
1153 1564 1263 1620 τῶν
1285 1566 1619 1636 ἀλλοφύλωνη
1639 1568 1900 1640 κομιοῦν-

266 1669 367 1705 ται
402 1653 469 1707 δὲ
503 1655 610 1708 καὶ
642 1654 745 1726 τὴν
775 1657 987 1711 οἰκείαν
1029 1656 1214 1728 χώραν
1250 1657 1326 1723 ὡς
1358 1660 1504 1724 εἰκός
1528 1679 1542 1693 ’
1577 1660 1629 1715 οἱ
1670 1662 1771 1734 μὲν
1804 1661 1899 1716 τοῦ

284 1744 554 1816 Ἐφραῖμ
586 1745 653 1799 τὸ
684 1746 791 1816 τῆς
820 1748 1138 1820 Σαμαρείας
1182 1749 1363 1805 πεδίον
1386 1769 1400 1783 ·
1446 1751 1545 1824 τὴν
1577 1753 1900 1808 Γαλααδίτιν

268 1840 331 1892 δὲ
377 1841 410 1893 6
443 1839 745 1912 Βενιαμίνο
784 1841 888 1913 τῆς
920 1858 982 1894 τε
1037 1843 1318 1913 μετοικίας
1354 1844 1534 1900 αὐτῶν
1573 1846 1675 1916 τῆς
1703 1846 1797 1900 ἐπὶ
1833 1847 1901 1904 τά

269 1934 487 1998 οἰκεῖα,
520 1933 673 2004 ἀρχὴ
704 1933 805 2003 μὲν
826 1935 1011 1999 αὐτοῖς
1029 1936 1319 2007 γενήσεται
1344 1938 1379 2009 ἡ
1406 1937 1702 2009 Σαρεφθῶν
1722 1938 1897 2012 χώραο

270 2025 440 2088 τέλος
470 2023 533 2077 δὲ
577 2025 612 2095 ἡ
667 2023 936 2096 Ἐφραθάο
972 2026 1220 2096 βούλεται
1261 2026 1319 2082 δὲ
1358 2029 1534 2081 εἰπεῖν
1561 2029 1644 2082 ὅτι
1687 2030 1900 2095 πάντας

269 2116 390 2171 τῶν
417 2116 766 2172 Χαναναίων
791 2118 921 2182 τοὺς
951 2120 1010 2171 ὲν
1042 2104 1192 2191 μέσῴ
1221 2120 1511 2186 καθέξουσι
1535 2122 1756 2188 τόπους,
1780 2121 1902 2176 οὕσ-

271 2221 389 2275 περ
423 2200 528 2259 οὖν
560 2205 661 2259 καὶ
698 2206 967 2279 πρότερον
996 2208 1163 2280 εἶχονο
1189 2209 1267 2281 (p.
1292 2211 1418 2283 227)
1440 2211 1584 2265 οὕτω
1606 2211 1664 2266 δὲ
1688 2212 1902 2279 καὶτὰς

276 2297 340 2347 ἐν
378 2294 591 2363 Ναγὲϐ
618 2295 806 2359 πόλεις
838 2297 1052 2351 ἑαυτῶν
1080 2299 1428 2365 ὑποδέξονται
1460 2301 1679 2365 ἁπάσας
1720 2300 1899 2356 ἃπαν-

268 2405 397 2465 τες,
434 2388 732 2460 συντόμως
758 2392 954 2457 εἰπεῖν,
980 2392 1030 2445 οἱ
1059 2391 1139 2464 τῷ
1168 2392 1309 2447 Σιὼν
1340 2393 1458 2466 ὄρει
1492 2395 1898 2466 προσήκοντες,

270 2482 374 2535 καὶ
400 2482 511 2554 τὴν
533 2483 729 2538 αὐτόθι
761 2483 839 2556 τῷ
868 2485 990 2557 Θεῷ
1019 2489 1402 2559 προσήκουσαν
1424 2488 1723 2560 θρησκείαν
1752 2491 1901 2545 ὲκτε-

270 2573 536 2639 λοῦπες·
596 2574 753 2630 αὐτοί
796 2594 859 2630 τε
906 2578 1090 2651 πάσης
1132 2578 1411 2644 τεύξονται
1452 2581 1747 2654 σωτηρίαςο
1804 2585 1901 2637 καὶ

275 2668 568 2738 μεγίστην
606 2667 733 2723 τινά
759 2671 876 2733 τοῖς
901 2668 999 2724 τοῦ
1043 2669 1213 2725 Ἠσαῦ
1240 2670 1340 2743 τὴν
1364 2672 1638 2745 τιμωρίαν
1660 2673 1900 2739 ἐπάξου-

273 2776 389 2828 σιν,
446 2760 574 2817 ἀνθ’
603 2756 685 2817 ὧν
720 2762 1061 2819 πεπόνθασιν
1101 2764 1235 2837 παρ’
1255 2766 1458 2820 αὐτῶνθ
1495 2761 1579 2829 οἷς
1614 2767 1897 2838 ἐπήγαγεν

272 2852 499 2906 ἅπασιν
533 2855 596 2907 έν
621 2853 772 2923 αὐτῷ
812 2855 1176 2926 συμπεράνας
1204 2856 1304 2928 τὴν
1333 2858 1696 2930 προφητείαν·
1734 2878 1753 2910 ι
1786 2859 1897 2913 Καὶ

271 2943 441 2998 ἔσται
487 2944 575 3014 τῷ
626 2946 820 3018 Κυρίῳ
934 2945 1203 3017 βασιλεία.
1244 2967 1265 3001 ι
1321 2949 1441 3004 Ἵνα
1483 2949 1652 3022 εἴπῃ,
1688 2951 1770 3021 ὅτι
1804 2951 1894 3005 διά

2009 554 2270 627 quaelibet
2309 555 2710 628 perpetientur,
2741 556 2873 626 quin
2914 564 3091 613 tamen
3125 558 3361 628 injurias
3399 563 3595 621 ulcisci

2006 655 2233 716 queant,
2264 648 2351 703 vel
2381 646 2686 718 quidquam
2714 646 2780 701 ad
2810 648 3030 702 illorum
3059 651 3355 725 perniciem
3390 654 3592 710 moliri.

2008 735 2136 793 Hmc
2160 739 2497 795 adamussim
2526 739 2711 793 omnia
2743 738 2910 805 ﬁent;
2936 738 3033 794 Dei
3058 740 3205 796 enim
3248 745 3475 799 oraculo
3510 745 3595 800 l‘u-

2007 838 2132 887 tura
2184 831 2641 909 essedicuntur.
2694 830 2763 885 Et
2808 832 3070 901 quoniam
3112 833 3171 888 in
3215 836 3593 906 superioribus

2008 922 2166 987 dixit,
2218 923 2337 978 fore
2362 930 2422 978 ut
2470 924 2671 979 domus
2699 922 2875 979 Jacob
2924 938 3021 981 eos
3062 925 3363 995 possideat,
3399 928 3491 998 qui
3533 944 3594 984 se

2009 1014 2409 1086 possederant;
2439 1016 2771 1087 explicatius
2808 1017 2924 1088 jam
2959 1016 3015 1071 id
3053 1016 3239 1073 dicere
3272 1019 3465 1075 volens
3494 1022 3589 1085 ait,

2008 1107 2288 1163 Israelitas
2327 1104 2532 1177 Nagebi
2578 1108 2791 1163 incolas
2828 1107 3166 1163 haereditatis
3187 1107 3312 1178 jure
3334 1117 3593 1180 capturos

2008 1196 2294 1270 proximos
2321 1198 2468 1255 Esau
2491 1198 2674 1266 locos;
2701 1197 2936 1269 Siphclae
2958 1197 3092 1254 item
3117 1199 3265 1255 cives
3290 1197 3588 1265 lsraelitas,

2003 1291 2288 1363 regionem
2316 1290 2749 1362 alienigenarum
2780 1298 3148 1363 occupaturos
3175 1310 3188 1347 :
3225 1301 3589 1364 praeterquam

2003 1382 2151 1454 quod
2184 1381 2420 1455 patriam
2457 1395 2682 1453 quoque
2714 1381 3018 1451 regionem,
3059 1380 3138 1435 uti
3173 1396 3272 1452 par
3311 1389 3419 1446 est,
3458 1381 3595 1436 obti-

2003 1472 2249 1541 uehunt;
2307 1486 2505 1543 nempe
2551 1467 2911 1543 Ephraimiue
2959 1469 3224 1526 Samaria:
3271 1471 3589 1541 planitiem,

2003 1565 2322 1636 Benjamita:
2362 1562 2787 1619 Galaaditidem.
2827 1561 3083 1619 Jamvero
3130 1563 3449 1633 postliminii
3498 1576 3593 1619 eo—

2003 1673 2127 1714 rum
2178 1656 2396 1712 initium
2438 1655 2590 1727 regio
2635 1653 2880 1727 Sarepta:
2930 1657 3058 1721 erit,
3108 1656 3235 1712 linis
3284 1655 3588 1726 Ephratha.

2002 1748 2211 1819 Nempe
2267 1747 2347 1802 ait
2390 1760 2749 1818 possessuros
2796 1760 2894 1802 eos
2936 1744 3323 1802 intermediam
3374 1758 3592 1800 omnem

1933 1811 1977 1872 Β
2005 1840 2447 1897 Οιιεηειιαιοωω
2507 1839 2808 1910 regionem.
2850 1837 3093 1894 Cunctas
3138 1838 3269 1894 item
3330 1837 3593 1893 ﬁnitimas

2006 1933 2214 2007 Nagebi
2246 1933 2416 1989 urbes
2452 1933 2863 2004 recuperabunt
2891 1946 3087 1988 omnes
3123 1933 3201 2000 hi,
3252 1940 3312 1988 ut
3349 1945 3594 1988 summa-

2007 2027 2106 2082 tim
2136 2024 2339 2091 dieam,
2381 2026 2478 2096 qui
2527 2025 2662 2080 Sion
2709 2024 2882 2080 monti
2929 2033 3062 2081 sunt
3097 2025 3356 2097 proximi,
3405 2025 3593 2096 ibique

2008 2119 2316 2193 legitimam
2364 2117 2693 2189 persolvunt
2745 2117 2858 2174 Deo
2904 2118 3248 2189 religionem.
3304 2120 3485 2188 Atque
3533 2119 3591 2174 hi

2010 2226 2285 2271 summam
2315 2211 2552 2268 salutem
2580 2208 2784 2280 adepti,
2809 2210 3076 2265 maximas
3099 2210 3167 2264 ab
3187 2208 3330 2264 Esau
3357 2214 3591 2275 posteris

2005 2302 2341 2372 iniuriarum
2375 2309 2623 2358 veterum
2659 2309 2946 2372 reposcent
2976 2288 3190 2370 poenas.
3222 2300 3433 2367 Quibus
3474 2315 3592 2356 om-

2005 2394 2172 2452 nibus
2197 2393 2682 2464 addit'prophetiae
2707 2392 3014 2448 clausulam
3042 2411 3057 2446 :
3093 2411 3112 2445 ι
3141 2391 3209 2447 Ει
3228 2393 3332 2448 erit
3361 2391 3593 2449 Domino

2004 2502 2260 2560 regnum.
2293 2506 2313 2540 ι
2344 2486 2618 2543 Videlicet
2640 2494 2765 2541 tum
2799 2485 3174 2542 lsraelitarum
3203 2486 3591 2557 prosperitate,

2004 2590 2121 2638 tum
2170 2583 2469 2653 impiorum
2520 2581 2767 2638 hostium
2816 2579 3107 2652 supplicio,
3150 2578 3295 2634 Deus
3324 2593 3452 2635 vere
3494 2594 3591 2635 rex

2003 2675 2480 2747 comprobabitur,
2535 2673 2916 2743 Dominusque
2964 2682 3020 2728 et
3066 2681 3282 2727 creator
3321 2672 3590 2734 omnium,

2004 2766 2101 2837 qui
2151 2781 2250 2821 seu
2287 2780 2541 2830 suorum,
2579 2780 2677 2821 seu
2723 2764 2891 2820 etiam
2926 2763 3167 2828 illorum,
3201 2762 3296 2832 qui
3337 2761 3592 2817 videntur

2003 2860 2189 2925 alieni,
2216 2874 2316 2930 pro
2346 2873 2460 2916 suae
2484 2858 2788 2915 voluntatis
2816 2855 3066 2922 arbitrio,
3097 2855 3263 2910 vitam
3325 2854 3591 2911 fortunas-

2002 2966 2110 3022 que
2141 2959 2432 3021 temperat.

274 3039 519 3094 πάντων
549 3032 631 3093 ὧν
658 3056 720 3093 τε
743 3035 803 3095 εὖ
834 3041 1143 3113 πάσχουσιν
1181 3044 1512 3116 Ἰσραηλῖται
1538 3046 1635 3099 καὶ
1664 3039 1739 3101 ὧν
1780 3046 2138 3119 ὑπομένουσι,
2168 3047 2327 3111 δίκας
2355 3046 2595 3110 διδόντες
2639 3048 2686 3100 οἱ
2723 3038 3237 3118 παρανενομηκότες
3264 3043 3345 3107 είς
3372 3042 3591 3107 αὐτοὺς,

272 3134 547 3201 φανεῖται
583 3131 837 3202 βασιλεὺς
857 3136 1114 3207 ἀληθὴςό
1141 3137 1295 3206 Θεὸς,
1339 3140 1369 3192 6
1399 3138 1605 3211 Κύριός
1641 3157 1701 3193 τε
1739 3141 1836 3194 καὶ
1871 3141 2102 3219 ποιητὴς
2129 3140 2239 3194 τῶν
2269 3140 2550 3207 ἁπάντων,
2590 3140 2712 3194 κατ’
2751 3138 2997 3207 ἐξουσίαν
3019 3136 3055 3192 ἀ
3088 3134 3338 3208 βούλεται
3371 3134 3498 3205 περί
3531 3150 3592 3187 τε

268 3226 408 3289 τοὺς
433 3222 680 3289 οἰκείους
716 3228 814 3283 καὶ
843 3229 973 3301 περὶ
1000 3230 1126 3293 τοὺς
1151 3229 1468 3301 ἀλλοτρίους
1496 3228 1633 3286 εἶναι
1662 3232 1954 3298 δοκοῦντας
1984 3222 2173 3293 ποιῶν,
2706 3260 2711 3263 ·

290 3439 3566 3479 W

1008 3610 1576 3702 EPMHNEIA
1647 3608 1912 3701 ΙΩΝΑ
1989 3612 2220 3705 ΤΟΥ
2268 3610 2918 3699 ΙΙΡΟΦΗΤΟΥ.

453 3926 1619 4113 COMMENTARIUS
1717 3994 1868 4109 IN
1962 3991 2438 4111 JONAM
2498 3986 3426 4106 PBOPHETAM.

1914 4263 1987 4280 w

352 4411 462 4481 Εἷς
484 4414 588 4468 καὶ
618 4415 649 4468 6
673 4413 834 4477 αὐτὸς
852 4412 955 4484 τῆς
979 4430 1038 4466 τε
1058 4413 1303 4477 Παλαιᾶς
1333 4414 1428 4467 καὶ
1455 4414 1603 4478 Νέας
1629 4413 1900 4486 Διαθήκης

2087 4410 2248 4482 150
2284 4408 2439 4464 Unus
2470 4408 2726 4476 idemque
2752 4405 2962 4462 Veteris
2988 4419 3054 4459 ac
3080 4403 3218 4460 Novi
3244 4405 3582 4462 Testamenti

277 4514 569 4582 ὑπάρχων
592 4508 724 4571 Θεὸς
744 4510 773 4561 6
797 4507 1078 4579 Δεσπότης
1101 4507 1196 4562 καὶ
1225 4506 1465 4578 Ποιητής
1492 4505 1602 4559 τῶν
1620 4506 1901 4573 ἁπάντων,

277 4604 431 4676 πρὸς
462 4601 566 4655 ἕνα
597 4600 801 4654 σκοπὸν
825 4598 990 4669 όρῶν,
1017 4599 1086 4653 τά
1111 4614 1172 4651 τε
1204 4597 1559 4669 κατ’ὲκείνην
1584 4597 1902 4669 ᾠκονόμησε

279 4699 383 4753 καὶ
431 4695 510 4748 τά
551 4694 673 4748 κατ’
714 4692 907 4762 αὐτήν·
945 4690 1114 4744 πάλαι
1152 4690 1251 4761 μὲν
1291 4688 1432 4761 ἔχων
1472 4688 1904 4761 βεϐουλευμένον

278 4790 422 4860 παρ’
474 4784 660 4856 ἑαυτῷ
696 4784 761 4838 τὸ
792 4783 892 4855 τὴν
933 4782 1235 4853 μέλλουσαν
1268 4782 1502 4853 ἐκφῆναι
1539 4780 1900 4847 κατάστασιν,

281 4881 363 4951 (p.
401 4877 539 4949 228)
575 4872 760 4951 ἧσπερ
791 4876 893 4947 τὴν
924 4873 1098 4945 ἀρχὴν
1137 4876 1194 4928 ὲν
1225 4876 1292 4945 τῇ
1325 4873 1469 4927 κατὰ
1503 4872 1594 4927 τὸν
1627 4872 1904 4943 Δεσπότην

281 4969 535 5043 Χριστὸν
561 4966 834 5033 ἀνέδειξεν
871 4963 1176 5035 οἰκονομίᾳ·
1207 4965 1507 5032 ἀναγκαῖον
1546 4963 1602 5017 δὲ
1631 4963 1865 5034 νομίσας
1884 5002 1899 5027 ,

282 5064 342 5116 έν
369 5058 559 5129 ταύτῃ
601 5056 767 5130 δὴ,τῇ
796 5053 1050 5127 παρούσῃ
1075 5053 1242 5123 λέγω,
1272 5054 1538 5126 πρότερον
1567 5055 1715 5125 ἡμᾶς
1751 5044 1904 5123 γενέ-

288 5154 445 5215 σθαι,
477 5145 586 5204 εἷθ’
620 5147 849 5220 ὕστερον
869 5148 948 5211 εἰς
982 5146 1199 5218 ἐκείνην
1235 5146 1569 5217 μεταστῆναι
1595 5144 1684 5200 διὰ
1705 5147 1801 5216 τῆς
1837 5146 1902 5198 ὲκ

286 5242 512 5317 νεκρῶν
562 5238 941 5303 ἀναστάσεως·
997 5237 1072 5302 ὡς
1119 5235 1185 5292 ἂν
1218 5240 1282 5291 ὲκ
1312 5236 1672 5309 παραθέσεως
1699 5235 1901 5307 μᾶλλον

283 5337 562 5410 γνοίημεν
591 5331 700 5386 τῶν
729 5349 790 5384 τε
820 5330 1262 5402 δειχθησομένων
1285 5330 1346 5383 τὸ
1375 5329 1606 5400 μέγεθος
1650 5329 1897 5399 ἀγαθῶνο

283 5424 389 5485 εἶθ’
422 5425 502 5491 ὡς
539 5425 607 5481 ἂν
637 5422 800 5478 τοῦτο
823 5412 1049 5494 γένηται
1082 5422 1262 5494 δῆλον,
1287 5422 1384 5476 καλ⁵
1408 5421 1486 5494 μὴ
1518 5421 1705 5476 καινόν
1736 5438 1787 5475 τι
1816 5438 1902 5475 νο-

290 5521 510 5593 μίζοιτο
546 5516 779 5588 ὕστερον
830 5508 1225 5585 βεϐουλεῦσθαι
1257 5530 1320 5567 τε
1352 5512 1449 5566 καὶ
1482 5511 1899 5583 δεδοκιμακέναι

285 5612 423 5684 περὶ
454 5608 640 5682 ἡμῶν,
675 5606 769 5661 διά
805 5603 1021 5660 πολλῶν
1065 5605 1162 5675 μὲν
1194 5605 1295 5676 ἤδη
1328 5604 1419 5657 καὶ
1454 5601 1659 5674 ἑτέρων
1724 5602 1897 5656 ἐναπ-

288 5703 447 5760 έθετο
471 5703 587 5765 τοῖς
609 5696 929 5771 ἀνθρώποις
948 5697 1042 5750 τοῦ
1069 5697 1342 5751 Δεσπότου
1366 5693 1602 5767 Χριστοῦ
1626 5694 1722 5765 τὴν
1747 5712 1890 5765 παρ⁴

288 5792 504 5861 ουσίαν,
536 5792 678 5849 ὥστε
715 5790 927 5856 πάντας
975 5782 1261 5853 Ἰουδαίους
1298 5788 1579 5861 πόρρωθεν
1610 5786 1901 5860 ἀπεκδέχε·

2006 4501 2172 4567 Deus,
2208 4499 2474 4554 Dominus
2490 4505 2545 4553 et
2581 4506 2798 4552 creator
2832 4496 3104 4558 omnium,
3135 4512 3245 4550 uno
3293 4510 3461 4567 θεορο
3484 4496 3590 4552 sibi

2006 4592 2316 4665 proposito,
2336 4589 2483 4644 illius
2518 4586 2723 4658 pariter
2741 4594 2905 4655 atque
2932 4585 3096 4655 hujus
3118 4584 3377 4653 temporis
3400 4598 3590 4639 curam

2007 4687 2177 4760 gessit
2202 4704 2219 4754 ;
2258 4684 2392 4740 olim
2434 4680 2658 4752 quidem
2706 4680 2916 4736 habens
2950 4678 3169 4734 ﬁrmum
3203 4676 3347 4748 apud
3376 4693 3433 4734 se
3460 4693 3590 4750 pro-

2007 4778 2250 4851 positum
2286 4775 2536 4830 futurum
2579 4788 2763 4829 rerum
2795 4778 3000 4829 statum
3045 4770 3115 4825 ad
3144 4770 3350 4826 exitum
3386 4771 3592 4842 perdu-

2007 4867 2203 4935 cendi;
2249 4865 2411 4935 cujus
2457 4863 2677 4919 initium
2706 4860 2913 4918 Christi
2943 4858 3162 4916 Domini
3210 4859 3593 4915 incarnatione

2008 4959 2183 5016 fecit:
2228 4956 2606 5014 necessarium
2667 4964 2850 5011 tamen
2896 4952 3203 5024 judicavit,
3263 4961 3588 5023 praesentem

2007 5059 2168 5108 antea
2213 5039 2589 5107 conditionem
2640 5062 2742 5105 nos
2786 5046 3046 5117 experiri,
3080 5055 3195 5101 tum
3237 5049 3304 5101 ad
3348 5044 3588 5111 futuram

2007 5143 2297 5200 transferri
2328 5158 2427 5213 per
2456 5139 2928 5198 resurrectionem
2955 5153 2986 5192 a
3014 5139 3270 5202 mortuis,
3306 5150 3501 5205 nempe
3531 5141 3591 5188 ut

2004 5255 2074 5296 ex
2095 5235 2514 5308 comparatione
2544 5234 2722 5304 magis
2752 5233 2914 5290 nobis
2946 5232 3314 5287 innotesceret
3351 5227 3589 5298 promis-

2005 5344 2194 5387 sorum
2226 5327 2548 5401 magnitudo
2584 5327 2876 5384 bonorum.
2924 5323 3128 5394 Deinde
3155 5337 3274 5391 quo
3303 5318 3359 5373 id
3408 5318 3592 5374 consi-

2005 5421 2139 5477 lium
2172 5419 2354 5492 palam
2400 5406 2575 5484 (ieret,
2614 5431 2792 5488 neque
2821 5413 3029 5485 aliquid
3061 5411 3190 5467 novi
3220 5408 3590 5480 excogitatum

2004 5521 2193 5585 postea
2227 5513 2620 5581 decretumque
2672 5507 2971 5573 videretur,
3030 5504 3155 5559 aliis
3206 5517 3428 5575 quoque
3464 5516 3588 5571 per.

2004 5604 2195 5659 multis
2224 5603 2446 5661 indiciis
2466 5600 2674 5658 Christi
2698 5599 2914 5654 Domini
2947 5598 3243 5654 adventum
3268 5595 3588 5653 hominibus

2008 5696 2392 5770 portenderat,
2451 5695 2525 5749 ita
2596 5703 2653 5749 ut
2713 5692 2886 5748 Judaei
2936 5707 3128 5748 omnes
3183 5692 3331 5747 hunc
3369 5689 3584 5760 jamdiu

2007 5794 2410 5869 exspectarent.
2452 5785 2640 5856 Neque
2693 5785 2747 5841 id
2794 5785 2978 5842 minus
3017 5800 3083 5842 ex
3133 5784 3374 5842 oraculis
3410 5781 3586 5837 Abra-
