4102 6494
599 351 705 410 3l9
1758 340 2114 401 THEODOBl

2191 336 2674 396 IIOPSUESTENI

3767 333 3888 392 320

604 467 768 521 hamo
813 466 1117 539 Davidique
1156 465 1323 522 editis
1357 461 1772 524 conﬁciebatur,
1818 459 2020 529 quibus
2052 473 2178 527 pro-

2297 454 2401 507 τθαι
2448 454 2671 524 ταύτην·
2707 449 2919 515 οὐδενὸς
2963 449 3021 503 δὲ
3053 444 3217 520 ἦττον
3247 445 3311 501 ἔκ
3360 465 3418 501 τε
3450 448 3560 501 τῶν
3607 447 3750 502 κατά
3781 449 3887 502 τὸν

605 557 862 624 miserat;
911 557 988 613 illi
1029 557 1275 628 quidem,
1310 556 1426 610 fore
1467 560 1530 607 ut
1563 565 1754 606 omnes
1782 555 1974 620 gentes
2015 543 2078 601 in'
2103 562 2185 601 se-

606 648 754 702 mine
797 649 921 716 ejus
980 648 1475 710 benedicerentur;
1519 645 1649 698 huic
1687 651 1894 706 autem,
1950 639 2070 694 fore
2125 646 2185 694 ut

604 738 842 804 posteris
903 740 1024 809 ejus
1089 745 1413 809 perpetuum
1474 749 1704 804 regnum
1763 731 2182 786 attribueretur.

604 828 739 894 Quze
780 831 969 900 itaque
1021 830 1324 885 secundum
1360 827 1546 898 populi
1599 823 2066 880 existimationem
2111 821 2191 876 si-

607 918 941 987 gniﬁcabant
992 921 1169 984 illum,
1217 918 1377 986 cujus
1419 931 1585 971 causa
1632 915 1714 969 ha:
1763 928 1853 968 res
1895 910 2188 967 eﬂiciendaz

609 1019 789 1074 erant,
838 1026 902 1064 ea
953 1026 1147 1081 reapse
1189 1010 1244 1063 in
1299 1008 1501 1064 Christi
1548 1004 1760 1061 Domini
1812 1004 2191 1058 incarnatione

609 1106 891 1168 comperta
921 1106 1049 1153 sunt
1087 1099 1294 1153 exitum
1321 1097 1522 1152 habere
1548 1113 1562 1149 :
1602 1095 1656 1148 in
1687 1110 1796 1163 quo
1821 1093 1988 1148 etiam
2016 1091 2188 1163 genti-

613 1192 716 1244 bus
756 1205 883 1245 vere
929 1190 1159 1260 contigit
1197 1188 1468 1250 benedici,
1524 1196 1580 1242 et
1631 1192 1954 1256 perpetuum
1997 1184 2190 1240 incon—

611 1293 948 1349 cussumque
983 1279 1202 1348 generis
1240 1293 1467 1348 regnum
1517 1278 1654 1331 ﬁeri.
1694 1276 1991 1346 Propterea
2024 1276 2188 1329 etiam

615 1369 710 1424 Dei
743 1371 1082 1441 providentia
1114 1371 1262 1424 circa
1285 1369 1547 1441 populum
1577 1368 1750 1424 multa
1774 1367 1901 1431 fuit,
1929 1366 2190 1436 quoniam

612 1476 804 1516 omnes
838 1460 1268 1530 promissionum
1309 1460 1582 1514 dietarum
1625 1473 1921 1523 memores,
1966 1465 2193 1528 exopta-

614 1561 731 1607 tum
787 1551 991 1609 Christi
1056 1551 1277 1611 Domini
1346 1551 1807 1623 praestolabantur
1875 1548 2188 1605 adventum.

613 1644 795 1714 Atque
826 1642 941 1698 hate
982 1658 1150 1700 causa
1193 1642 1316 1708 fuit,
1354 1659 1454 1698 cur
1486 1643 1724 1715 plurima
1768 1644 1824 1697 in
1852 1641 2049 1698 Vetere
2084 1642 2192 1697 Te-

2299 538 2548 617 Ἀϐραὰμ
2582 545 2675 598 καί⁵
2711 545 2804 596 τὸν
2848 541 3015 596 Δαυῒδ
3045 540 3333 613 εἴργασται
3373 536 3554 605 τοῦτο,
3597 539 3737 610 πρὸς
3778 537 3885 602 οὓς

2284 635 2612 705 ἐπαγγελίας
2644 635 2957 706 ἐποιήσατο,
2996 633 3086 687 τὸν
3119 633 3237 702 μὲν,
3269 633 3351 686 ὅτι
3436 630 3881 701 ὲνευλογηθήσεο

2285 745 2376 782 ται
2405 730 2462 781 ὲν
2490 726 2566 797 τῷ
2596 727 2870 798 σπέρματι
2896 724 3063 778 αύτοῦ
3089 725 3268 778 πάντα
3287 722 3354 776 τὰ
3383 721 3531 793 ἔθνη·
3568 721 3660 774 τὸν
3684 722 3763 785 δὲ,
3789 723 3881 775 ὅτι

2286 820 2510 890 διηνεκῆ
2543 817 2773 890 παρέξει
2799 820 2909 881 τοῖς
2939 816 2999 881 ἐξ
3043 814 3208 869 αὐτοῦ
3247 815 3347 885 τὴν
3379 811 3680 883 βασιλείαν·
3723 813 3879 884 ειπερ

2285 903 2380 961 οὖν
2414 907 2492 978 τῷ
2527 907 2626 978 μὲν
2659 907 2834 960 δοκεῖν
2884 907 2975 960 τὸν
3017 905 3145 957 λαὸν
3193 905 3397 974 ἐμήνυε
3435 902 3527 955 τὸν
3581 902 3666 972 ἐφ’
3705 897 3890 974 οὗπερ

2288 994 2465 1050 ταῦτα
2507 993 2847 1068 πληροῦσθαι
2893 993 3148 1065 ήμελλεν·
3202 995 3236 1062 ἡ
3286 991 3344 1044 δὲ
3382 990 3490 1044 τῶν
3531 993 3879 1062 πραγμάτων

2291 1087 2517 1160 ἀλήθεια
2543 1089 2637 1142 ἐπει
2664 1086 2773 1140 τῶν
2802 1085 2945 1139 κατὰ
2980 1085 3072 1138 τὸν
3098 1083 3376 1154 Δεσπότην
3399 1083 3638 1154 Χριστὸν
3668 1086 3882 1136 οἰκονο-

2293 1181 2575 1252 μηθέντων
2615 1179 2889 1233 ἐδείκνυτο
2932 1175 3176 1230 λαϐοῦσα
3216 1176 3278 1229 τὸ
3327 1175 3522 1246 πέρας,
3565 1177 3650 1244 ἐφ’
3699 1167 3879 1246 οὗπερ

2292 1275 2386 1329 καὶ
2429 1273 2490 1328 τὸ
2519 1270 2941 1341 ὲνευλογηθῆναι
2984 1269 3054 1323 τὰ
3080 1268 3207 1340 ἔθνη
3237 1268 3462 1338 γέγονεν
3493 1267 3710 1340 ἀληθῶς
3732 1309 3748 1332 ,
3781 1270 3885 1322 καὶ

2290 1364 2511 1435 διηνεκῆ
2536 1363 2592 1418 δὲ
2629 1362 2722 1416 καὶ⁹
2743 1356 3204 1416 ἀσάλευτονςεῖναι
3232 1359 3310 1432 τῷ
3342 1360 3622 1432 σπέρματι
3649 1359 3752 1430 τὴν
3793 1360 3887 1431 βα-

2295 1457 2521 1513 σιλείαν*
2563 1456 2651 1510 διὰ
2685 1455 2747 1510 δὲ
2766 1453 2922 1508 τοῦτο
2962 1455 3056 1508 καὶ
3092 1455 3126 1525 ή
3159 1452 3287 1525 περὶ
3312 1453 3403 1506 τὸν
3435 1451 3566 1506 λαὸν
3593 1453 3888 1524 ἐπιμέλεια

2292 1550 2386 1604 τοῦ
2417 1548 2553 1603 Θεοῦ
2587 1547 2756 1619 πολλή
2785 1565 2869 1610 τις
2894 1547 3137 1616 γέγονεν,
3169 1547 3246 1617 (p.
3281 1545 3409 1616 2‘29)
3457 1544 3643 1616 ἐπειδὴ
3685 1545 3892 1609 πάντες

2295 1642 2387 1694 ἐπὶ
2412 1643 2534 1704 ταῖς
2565 1638 2920 1708 ἐπαγγελίαις
2955 1637 3354 1708 φυλαττόμενοι
3376 1639 3500 1700 ταῖς
3542 1639 3662 1709 εἰρη
3674 1637 3892 1708 μέναισς,

614 1742 888 1791 stamento
912 1735 1059 1791 Deus
1089 1735 1394 1791 secundum
1421 1735 1695 1805 ejusmodi
1721 1734 2194 1790 administraverit

2298 1736 2397 1806 τὴν
2429 1733 2891 1806 προσδοκωμένην
2911 1731 3214 1804 παρουσίαν
3256 1731 3521 1802 ἀνέμενον
3555 1730 3652 1783 τοῦ
3678 1731 3891 1784 Δεσπό-

615 1828 884 1882 rationem
931 1847 946 1881 :
992 1828 1066 1882 ita
1121 1836 1181 1882 ut
1228 1835 1383 1897 gesta
1438 1801 1532 1882 illa
1591 1836 1708 1882 tum
1761 1827 1881 1897 ejus
1938 1829 2194 1896 temporis

2299 1801 2392 1881 του
2443 1801 3035 1895 Χριστοῦίὰλλάγάρ
3085 1823 3291 1894 ταύτης
3329 1801 3518 1876 ἕνεκεν
3566 1823 3666 1893 τῆς
3706 1823 3893 1887 αἰτίας

619 1914 772 1986 15],
800 1917 1116 1975 hominibus
1166 1920 1461 1974 maximam
1510 1921 1821 1988 praeberent
1877 1919 2191 1983 utilitatem,

615 2015 732 2063 tum
794 2011 959 2065 etiam
1015 2011 1471 2082 signiﬁcationem
1526 2011 1793 2065 haberent
1831 2009 2192 2081 gerendarum

613 2109 800 2171 postea
848 2118 1032 2158 rerum
1077 2122 1093 2159 :
1145 2112 1505 2174 praeterquam
1553 2103 1700 2173 quod
1743 2103 2068 2159 excellentia
2119 2103 2194 2157 si-

614 2192 729 2246 mul
776 2207 942 2263 quam
985 2193 1226 2263 plurima-
1264 2191 1402 2248 Novi
1453 2208 1564 2263 pra
1610 2191 1808 2248 Vetere
1845 2193 2194 2247 Testamento

614 2282 934 2350 apparitura
961 2291 1100 2337 erat.
1147 2281 1498 2354 Compertum
1544 2291 1633 2338 est
1671 2283 1842 2356 igitur
1875 2285 1979 2340 hoc
2008 2283 2190 2349 modo,

616 2378 805 2426 vetera
838 2387 962 2428 esse
985 2381 1173 2444 typum
1205 2374 1500 2442 quemdam
1523 2373 1909 2444 posteriorum,
1944 2390 2051 2430 non
2075 2375 2195 2430 sine

616 2461 799 2532 aliqua
847 2464 1164 2519 eornmdem
1207 2465 1534 2530 imitatione,
1581 2471 1797 2521 etcum
1831 2465 2032 2522 idoneo
2071 2467 2192 2523 suis

614 2553 962 2624 temporibus
1005 2571 1113 2610 usu
1142 2575 1155 2610 :
1187 2556 1282 2612 sed
1326 2563 1509 2612 tamen
1547 2571 1607 2612 re
1645 2557 1764 2628 ipsa
1807 2556 2192 2613 demonstran-

615 2643 713 2707 tia,
739 2654 1077 2717 quanmpere
1108 2647 1201 2702 illa
1229 2648 1595 2718 praesentibus
1627 2648 1842 2704 minora
1872 2649 2100 2705 fuerint.

685 2930 830 2988 Deus
859 2930 1027 3002 igitur
1051 2947 1115 2987 ex
1145 2931 1379 3004 Egypto
1415 2933 1666 2990 lsraelem
1697 2934 1908 3002 eduxit,
1941 2937 2202 3009 omnique

616 3021 710 3076 illa
735 3023 928 3078 acerba
955 3025 1230 3080 servitute
1246 3027 1551 3097 expedivit;
1577 3029 1831 3098 editaque
1851 3029 2057 3102 ingenti
2087 3034 2199 3101 pri-

615 3115 1020 3184 mogenitorum
1047 3116 1233 3184 caede,
1276 3118 1405 3173 hlnc
1435 3134 1548 3174 rem
1581 3120 1936 3177 lsraeliticam
1978 3123 2201 3192 integra:

615 3203 781 3258 saluti
819 3206 1090 3261 restituit:
1129 3223 1269 3277 quos
1305 3210 1537 3279 populos
1581 3211 1848 3266 miraculo
1893 3212 2060 3268 etiam
2090 3216 2204 3270 dis-

615 3297 964 3362 criminavit,
1005 3298 1134 3354 dum
1171 3299 1456 3366 Hebraeos,
1509 3303 1645 3356 nihil
1695 3303 1874 3360 simile
1923 3303 2204 3377 JEgyptiis

617 3390 732 3457 pati
762 3389 969 3444 voluit:
1005 3391 1058 3445 id
1091 3392 1238 3462 quod
1271 3393 1473 3448 accidit
1505 3394 1576 3449 ob
1608 3396 1828 3453 cruoris
1863 3397 1918 3452 in
1955 3400 2206 3468 postibus

615 3481 1011 3550 a5persionem.
1066 3481 1223 3550 Haec,
1277 3485 1530 3556 inquam,
1577 3489 1810 3543 multum
1855 3491 1978 3556 ejus
2026 3495 2205 3551 aetatis

615 3574 881 3631 lsraelitis
902 3576 1329 3632 emolumentum
1347 3581 1929 3656 exhilmcrunt.quibus
1951 3588 2164 3658 ejusmo
2179 3619 2200 3628 —

609 3661 1140 3724 dibonol'rnidatum
1173 3669 1295 3726 fuit.
1343 3670 1395 3726 Id
1439 3679 1618 3727 autem
1667 3674 2057 3742 portendebat,
2090 3677 2204 3748 typi

614 3753 826 3809 scilicet
877 3758 1073 3822 instar,
1108 3757 1222 3813 fore
1255 3768 1314 3813 ut
1341 3760 1593 3817 Christus
1636 3761 1903 3820 Dominus
1947 3765 2206 3821 liberaret

613 3859 715 3898 nos
745 3843 887 3898 haud
916 3863 979 3901 ex
1011 3845 1228 3918 Egypti
1266 3849 1516 3912 servitio,
1546 3849 1640 3904 sed
1668 3851 1860 3906 mortis
1891 3861 2056 3923 atque
2077 3868 2204 3923 pec-

613 3932 760 3986 cati:
789 3935 934 4002 quod
968 3935 1188 4003 quidem
1231 3936 1389 3991 nobis
1429 3937 1681 3994 Christus
1715 3941 1968 4009 praestitit
2000 3943 2201 4013 proprii

613 4024 901 4094 sanguinis
937 4027 1274 4096 aspersione.
1324 4027 1436 4083 Hoc
1487 4029 1632 4084 enim
1667 4031 1756 4085 ille
1798 4047 1898 4101 pro
1943 4034 2202 4090 eninibus

615 4113 761 4179 fuso,
794 4125 848 4170 et
876 4132 1009 4172 nece
1040 4134 1137 4182 pro
1167 4119 1324 4175 nobis
1347 4119 1516 4186 obita,
1548 4132 1893 4178 mortuorum
1920 4140 2202 4182 resurrec-

614 4203 815 4260 tionem
850 4208 1116 4276 patravit;
1151 4207 1394 4278 fecitquc
1419 4219 1478 4265 ut
1505 4227 1606 4268 nos
1630 4215 1777 4268 onmi
1811 4215 1912 4269 hac
1941 4216 2203 4272 servitute

612 4296 800 4362 soluti,
828 4297 1257 4360 immortalitatis
1278 4313 1332 4360 et
1353 4305 1896 4376 incorruptibilitatis
1921 4318 1977 4364 et
2005 4311 2203 4381 impec-

611 4387 808 4443 cantize
843 4389 1045 4446 bonum
1087 4394 1499 4466 reciperemus:
1542 4413 1652 4467 quo
1692 4401 2005 4471 impetrato,
2055 4403 2199 4460 haud

2301 1919 2530 1973 πλεῖστα
2562 1918 2662 1970 ὅσα
2691 1916 2784 1968 ἐπὶ
2810 1918 2910 1987 τῆς
2937 1917 3179 1978 Παλαιᾶς
3203 1915 3480 1988 Διαθήκης
3513 1915 3656 1969 κατά
3684 1914 3876 1968 τοῦτον

2301 2010 2621 2083 ᾠκονόμησε
2645 2010 2736 2063 τὸν
2761 2009 2982 2079 τρόπον,
3010 2010 3087 2073 ὡς
3109 2009 3176 2064 ἂν
3199 2009 3296 2062 καὶ
3323 2012 3436 2072 τοῖς
3467 2009 3588 2062 τότε
3626 2010 3890 2080 μεγίστην

2301 2101 2371 2155 τὰ
2410 2102 2674 2172 γινόμενα
2708 2101 3011 2172 παρέχοιτο
3039 2099 3138 2170 τὴν
3178 2099 3466 2169 ὠφέλειαν,
3508 2099 3604 2152 καὶ
3652 2099 3895 2171 μήνυσιν

2300 2210 2423 2247 τινα
2441 2193 2550 2246 τῶν
2575 2193 2919 2264 πραγμάτων
2941 2191 3040 2264 ἔχῃ
3055 2191 3162 2248 τῶν
3185 2191 3410 2263 ὕστερον
3429 2190 3682 2264 δειχθησο
3690 2191 3896 2261 μένων·

2297 2285 2436 2356 μετά
2477 2282 2571 2338 τοῦ
2599 2285 2691 2338 καὶ
2734 2285 2834 2355 τὴν
2885 2284 3174 2356 ὑπεροχὴν.
3201 2283 3310 2336 τῶν
3354 2284 3624 2365 δευτέρων
3659 2283 3802 2354 πρὸς
3826 2284 3903 2336 τὰ

2291 2379 2534 2451 πρότερα
2561 2377 2816 2448 πλείστην
2842 2375 2964 2429 τινὰ
2995 2375 3331 2447 φανήσεσθαι
3367 2373 3553 2428 οὖσανο
3606 2373 3907 2446 εὸρίσκετό

2288 2489 2350 2525 τε
2375 2471 2516 2525 κατὰ
2543 2471 2732 2525 τοῦτον
2761 2469 2854 2525 τὸν
2887 2469 3087 2542 τρόπον
3111 2468 3282 2532 τύπος
3318 2485 3410 2532 τις
3455 2470 3525 2521 τά
3554 2469 3760 2522 παλαιὰ
3786 2467 3926 2522 τῶν·

2291 2565 2542 2639 ὕστερον,
2582 2564 2776 2637 ἔχοντα
2824 2563 2925 2635 μέν
2947 2581 3066 2618 τινα
3102 2563 3336 2634 μίμησιν
3366 2561 3500 2633 πρὸς
3535 2560 3728 2625 ταῦτα,
3756 2561 3911 2634 μετὰ

2300 2657 2395 2710 τοῦ
2425 2657 2521 2710 καὶ
2559 2656 2748 2728 χρείαν
2780 2656 2838 2708 ὲν
2865 2657 2980 2718 τοῖς
3014 2654 3238 2717 οἰκείοις
3284 2653 3623 2724 παρέχεσθαι
3650 2658 3903 2726 καιροῖςο

2301 2746 2606 2819 δηλούμενα
2629 2746 2686 2799 δὲ
2716 2743 2776 2811 ἐξ
2803 2743 2980 2800 αὐτῶν
3011 2744 3118 2798 τῶν
3145 2744 3490 2815 πραγμάτων
3511 2743 3708 2798 ὁπόσον
3728 2745 3915 2817 ήλάτ-

2307 2855 2504 2894 τωνται
2531 2838 2724 2895 ταῦτα.

2388 2932 2657 3004 Ἐξήγαγε
2712 2930 2811 3003 μὲν
2865 2926 2958 2984 οὖν
3001 2929 3100 3002 τῆς
3149 2929 3429 2999 Αἰγύπτου
3476 2929 3567 2986 τὸν
3618 2929 3841 3003 Ἰσραὴλ
3880 2932 3917 2984 ὁ

2305 3025 2439 3090 Θεὸς
2467 3027 2566 3079 καὶ
2595 3024 2776 3095 πάσης
2805 3027 2902 3094 τῆς
2942 3025 3146 3095 πικρᾶς
3192 3023 3409 3096 ἐκείνης
3456 3023 3732 3097 ἀπήλλαξε
3772 3024 3918 3079 δου-

2307 3119 2475 3183 λείας·
2503 3118 2874 3190 ἐργασάμενος
2899 3116 2956 3171 δὲ
2997 3117 3241 3171 θάνατον·
3267 3116 3376 3170 τῶν
3407 3117 3769 3190 πρωτοτόκων
3808 3136 3923 3171 πυ-

2308 3210 2424 3275 λὺν,
2451 3206 2542 3262 διὰ
2565 3206 2724 3260 τοῦτο
2744 3207 2811 3260 τὰ
2833 3207 2940 3261 τῶν
2980 3205 3336 3277 Ἰσραηλιτῶν
3367 3207 3671 3278 περιέσωσε
3697 3224 3921 3262 παντε-

2306 3301 2435 3367 λῶς·
2480 3300 2622 3372 ἅπερ
2661 3293 2754 3354 οὗν
2795 3299 2887 3353 καὶ
2929 3299 3140 3370 σημείῳ
3172 3298 3406 3370 διέκρινε
3451 3299 3587 3370 πρὸς
3624 3299 3686 3352 τὸ
3726 3301 3920 3372 μηδὲν

2308 3394 2689 3466 παραπλήσιον
2725 3395 2838 3456 τοῖς
2866 3392 3187 3461 Αἰγυπτίοις
3219 3391 3433 3445 παθεῖνξ
3464 3387 3533 3463 ἦν
3577 3392 3634 3445 δὲ
3667 3393 3835 3446 τοῦτο
3869 3395 3916 3466 ἡ

2305 3482 2400 3536 ἐπὶ
2426 3481 2535 3534 τῶν
2572 3479 2743 3550 φλιῶν
2773 3478 2869 3532 τοῦ
2909 3479 3144 3551 αἵματος
3173 3479 3371 3552 χρίσις·
3401 3480 3577 3536 ταῦτα
3605 3481 3660 3535 δὲ
3693 3481 3917 3554 πολλὴν

2310 3573 2408 3645 μὲν
2436 3576 2547 3635 τοῖς
2600 3570 2962 3644 Ἰσραηλίταις
3005 3572 3266 3644 γινόμενα
3317 3573 3438 3627 τότε
3473 3577 3764 3646 παρείχετο
3794 3577 3915 3644 τὴν

2306 3666 2745 3736 ὼφέλειανντοῖς
2775 3682 2840 3734 γε
2872 3664 2966 3719 καὶ
3007 3665 3066 3718 ὲν
3105 3665 3404 3720 ἀπολαύσει
3442 3667 3698 3722 τοιούτων
3758 3671 3903 3724 καθ.

2309 3777 2429 3814 ιστα
2438 3760 2638 3831 μένοις·
2661 3775 2865 3830 προεση
2876 3758 3098 3830 μαίνετο
3117 3758 3175 3812 δέ
3194 3776 3310 3822 πως
3331 3758 3407 3823 ὡς
3431 3762 3488 3813 ὲν
3513 3760 3704 3824 τύποις
3723 3761 3786 3814 τὸ
3806 3763 3914 3818 καὶ

2305 3852 2396 3904 τὸν
2452 3849 2727 3921 Δεσπότην
2772 3849 3005 3922 Χριστὸν
3063 3848 3238 3914 οὕτως
3282 3851 3434 3921 ήμᾶς
3484 3852 3905 3924 ἀφαιρήσεσθαι

2304 3941 2365 3994 οὐ
2396 3941 2494 4012 τῆς
2521 3940 2800 4011 Αἰγύπτου
2833 3939 3101 4005 δουλείας,
3134 3940 3269 3994 ἀλλὰ
3309 3941 3412 4012 τῆς
3448 3960 3508 3996 τε
3535 3943 3630 3996 τοῦ
3659 3943 3906 3999 θανάτου

2305 4033 2398 4086 καὶ
2431 4033 2532 4102 τῆς
2562 4031 2858 4104 ἁμαρτίας·
2891 4034 2966 4103 (p-.
3001 4032 3129 4101 250)
3164 4033 3309 4104 ειπερ
3341 4029 3435 4087 οὖν
3479 4037 3609 4105 ἡμῖν
3649 4036 3910 4109 παρέσχε

2303 4127 2368 4196 τῇ
2412 4125 2591 4196 χρίσει
2629 4123 2723 4178 τοῦ
2767 4124 3003 4196 αἵματος
3033 4122 3127 4177 τοῦ
3161 4125 3384 4178 οἰκείου·
3421 4125 3581 4180 τοῦτο
3609 4127 3717 4198 γὰρ
3753 4129 3909 4201 ὑπὲρ

2302 4218 2562 4272 ἁπάντων
2591 4216 2809 4288 ἐκχέας,
2841 4217 2936 4270 καὶ
2967 4217 3058 4271 τὸν
3086 4216 3314 4272 θάνατον
3345 4218 3587 4282 ὑποστὰς
3620 4219 3708 4272 τὸν
3752 4220 3906 4294 ὑπὲρ

2303 4308 2482 4379 ήμῶν,
2517 4307 2814 4380 εἰργάσατό
2842 4325 2903 4362 τε
2939 4306 3046 4361 τῶν
3078 4306 3287 4378 νεκρῶν
3314 4307 3414 4380 τὴν
3452 4309 3765 4377 ἀνάστασιν,
3800 4314 3906 4366 καὶ

2305 4399 2587 4470 παρέσχεν
2608 4399 2812 4452 ἅπασιν
2838 4400 2975 4469 ἡμῖν
3019 4398 3103 4462 τὸ,
3140 4399 3322 4471 πάσης
3363 4400 3462 4471 τῆς
3491 4400 3728 4455 ἐνταῦθα
3769 4401 3904 4456 δου-

604 4480 718 4548 jatn
752 4484 1079 4551 promissam
1109 4493 1337 4558 terram,
1375 4499 1435 4545 ut
1465 4491 1566 4560 illi,
1596 4493 1985 4562 incoleremus,
2018 4499 2115 4554 sed
2143 4500 2194 4554 in

2305 4489 2456 4554 λείας
2488 4490 2903 4558 ἀπαλλαγεῖσιν,
2936 4490 3334 4562 ἀπεκδέχεσθαι
3359 4491 3460 4563 τῆς
3489 4510 3550 4546 τε
3589 4494 3900 4560 ἀθανασίας

607 4592 778 4648 regno
805 4597 1154 4637 versaremur
1186 4585 1472 4640 caelorum.
1504 4585 1625 4643 Jam
1665 4597 1933 4659 quantum
1974 4592 2089 4648 haec
2125 4597 2193 4650 ab

609 4669 720 4725 illis
750 4671 1043 4727 diil‘erunt!
1075 4671 1343 4730 Israelita:
1376 4676 1444 4730 ad
1467 4677 1632 4734 breve
1661 4681 1925 4750 temporis
1955 4683 2190 4753 spatium

608 4761 752 4815 bona
785 4762 877 4816 illa
899 4765 1411 4834 consequebantur;
1438 4784 1536 4823 nos
1565 4770 1698 4834 hrcc,
1727 4787 1848 4840 qua:
1872 4773 2037 4827 multa
2063 4783 2193 4828 sunt

607 4861 664 4907 et
688 4853 947 4921 maxima,
972 4871 1098 4910 cum
1128 4867 1331 4912 aeterna
1364 4861 1600 4916 utilitate
1629 4869 1914 4918 tenemus:
1955 4865 2006 4919 id
2044 4867 2188 4937 quod

608 4960 675 5000 ex
707 4945 854 5000 omni
881 4962 1063 5003 rerum
1093 4949 1337 5020 ipsarum
1371 4961 1566 5007 natura
1594 4965 1932 5024 compertum
1955 4941 2068 5012 est.
2096 4959 2189 5014 Sic

607 5037 770 5092 etiam
805 5047 1095 5108 peccantes
1136 5041 1191 5095 in
1231 5057 1416 5098 eremo
1449 5041 1723 5100 lsraelitas
1743 5061 1918 5115 paenae
1957 5049 2196 5117 subjecit

605 5126 774 5196 Deus,
810 5139 869 5184 ut
903 5130 990 5185 his
1024 5133 1191 5188 veluti
1230 5135 1644 5205 exemplaribus
1683 5147 2036 5208 peccatorum
2079 5141 2192 5196 for-

609 5221 868 5276 midinem
899 5222 1058 5280 nobis
1080 5225 1374 5292 incuteret,
1411 5241 1644 5296 quorum
1674 5243 1842 5285 causa
1873 5231 1928 5285 in
1957 5231 2192 5289 deterio-

609 5325 720 5364 rem
753 5305 994 5369 solenius
1031 5315 1401 5371 conditionem
1436 5316 1699 5376 incidere.

2297 4583 2392 4636 καὶ
2434 4583 2533 4653 τῆς
2560 4581 2874 4652 ἀφθαρσίας
2913 4582 3008 4636 καὶ
3040 4582 3144 4653 τῆς
3173 4584 3591 4655 ἀναμαρτησίας
3632 4587 3730 4657 τὴν
3759 4588 3895 4642 ἀπό-

2296 4675 2510 4728 λαυσινο
2537 4673 2655 4744 μεθ’
2701 4667 2775 4727 ὧν
2817 4674 2878 4727 οὐ
2926 4677 3030 4746 γῆν
3070 4675 3407 4744 ἐπαγγελίας
3445 4678 3764 4749 οἰκήσομεν,
3812 4680 3891 4745 ὡς

2297 4767 2517 4829 ἐκεῖνοι,
2556 4765 2670 4818 ἀλλ’
2701 4767 2760 4817 ὲν
2790 4768 2861 4837 τῇ
2895 4765 3006 4820 τῶν
3048 4767 3295 4838 οὐρανῶν
3335 4769 3575 4839 ἐσόμεθα
3615 4770 3887 4844 βασιλεία·

2293 4859 2491 4912 ὁπόσον
2518 4857 2574 4910 δὲ
2605 4857 2809 4910 τούτων
2841 4859 2979 4930 πρὸς
3008 4861 3185 4914 έκεῖνο
3233 4859 3306 4914 τὸ»
3333 4861 3611 4933 διάφορον,
3661 4865 3755 4917 καὶ
3801 4866 3888 4920 ὅτι

2295 4949 2520 5003 ἐκείνων
2549 4949 2647 5019 μὲν
2673 4950 2760 5003 ἐπ’
2794 4950 2974 5020 ὀλίγον
3003 4951 3221 5021 ἐγένετο
3258 4951 3318 5006 τὸ
3339 4953 3552 5024 κέρδος,
3585 4954 3788 5009 τούτων
3826 4957 3888 5010 δὲ

2298 5041 2574 5113 μεγίστων
2616 5060 2675 5095 τε
2718 5043 2886 5098 ὄντων
2917 5046 3011 5098 καὶ
3041 5044 3253 5098 πολλῶν
3281 5045 3534 5118 διηνεκὴς
3578 5050 3611 5119 ή
3646 5047 3886 5118 ὠφέλεια

2289 5139 2404 5198 τοῖς
2433 5135 2684 5189 λαϐοῦσιν
2713 5137 3030 5208 προσέσται,
3063 5137 3122 5202 ἐξ
3151 5138 3329 5191 αὐτῶν
3367 5140 3538 5194 ἅπασι
3567 5141 3724 5213 δῆλον
3753 5144 3884 5199 καθ·

2294 5230 2492 5300 έστηκε
2541 5228 2651 5282 τῶν
2683 5229 3049 5300 πραγμάτων
3083 5229 3226 5282 οὕτω
3262 5231 3356 5284 καὶ
3385 5231 3513 5296 τοὺς
3553 5235 3884 5304 ὲπταικὸτας

2292 5322 2403 5376 τῶν
2449 5321 2800 5394 Ἰσραηλιτῶν
2831 5321 3125 5394 τιμωρίαις
3165 5322 3432 5377 ἐπέϐαλεν
3478 5326 3571 5378 ἐπὶ
3613 5327 3710 5398 τῆς
3753 5330 3884 5402 ὲρή-

611 5425 732 5476 μου·
763 5409 837 5473 ὡς
872 5412 938 5464 ἂν
966 5411 1022 5465 ἕν
1051 5429 1160 5468 τισι
1190 5412 1382 5477 τύποις
1406 5415 1677 5469 παιδεύων
1711 5417 1858 5488 ἡμᾶς
1896 5417 2192 5474 δεδοικέναι
2229 5418 2329 5492 τὴν
2349 5419 2647 5492 ἁμαρτίαν,
2671 5418 2747 5482 ὡς
2773 5418 2968 5490 ἱκανήν
2991 5434 3051 5472 τε
3109 5413 3275 5472 οὖσαν
3311 5421 3422 5483 τοῖς
3447 5420 3688 5491 χείροσιν
3732 5424 3884 5494 ἡμᾶς

607 5516 673 5552 πε
684 5501 942 5569 ριϐαλεῖν.

683 5591 839 5661 152
879 5591 933 5648 ld
975 5596 1120 5664 quod
1169 5597 1361 5655 beatus
1412 5600 1573 5657 docet
1629 5601 1831 5656 Paulus
1888 5603 2016 5659 dum
2071 5606 2181 5660 ait:

615 5700 634 5731 ‹
664 5680 790 5736 "ait:
833 5685 1016 5740 omnia
1081 5689 1186 5745 illis
1227 5691 1279 5745 in
1326 5692 1562 5763 imagine
1598 5695 2022 5767 contingebant;
2058 5698 2188 5751 scri-

612 5781 701 5845 pta
749 5781 928 5831 autem
973 5785 1102 5832 sunt
1133 5777 1208 5834 ad
1254 5783 1613 5840 eruditionem
1663 5794 1928 5856 nostram,
1971 5787 2025 5844 in
2050 5805 2188 5857 quos

2363 5598 2534 5653 Τοῦτο
2558 5596 2614 5650 δὲ
2643 5597 2672 5649 ὁ
2698 5595 2966 5666 μακάριος
2989 5594 3140 5667 δηλοῖ
3167 5595 3375 5659 Παῦλος
3396 5595 3597 5664 λέγων·
3643 5614 3660 5646 ι
3693 5594 3882 5650 Ταῦτα

2293 5695 2350 5748 δὲ
2379 5691 2551 5744 πάντα
2580 5689 2739 5743 τύποι
2767 5688 3080 5742 συνέϐαινον
3103 5689 3355 5752 ἐκείνοιςο
3399 5689 3614 5760 ἐγράφη
3651 5689 3708 5741 δὲ
3743 5689 3878 5759 πρὸς

2293 5783 2571 5841 νουθεσίαν
2605 5782 2782 5854 ἡμῶν,
2819 5782 2898 5847 εἰς
2925 5780 3016 5844 οὒς
3045 5781 3114 5835 τὰ
3142 5780 3270 5853 τέλη
3293 5781 3400 5835 τῶν
3438 5778 3645 5836 αἰώνων
3679 5781 3884 5852 κατήν-
