  <div class='ocr_page' id='page_1' title='image "/cluster/home/n/w/nwhite01/storage/ocr_20150623/66/coo.31924054869676/168.png"; bbox 0 0 4102 6490; ppageno 0'>
   <div class='ocr_carea' id='block_1_1' title="bbox 222 439 322 496">
    <p class='ocr_par' dir='ltr' id='par_1_1' title="bbox 222 439 322 496">
     <span class='ocr_line' id='line_1_1' title="bbox 222 439 322 496; baseline 0.02 -2"><span class='ocrx_word' id='word_1_1' title='bbox 222 439 322 496; x_wconf 67' lang='grc' dir='ltr'><strong>εει</strong></span> 
     </span>
    </p>
   </div>
   <div class='ocr_carea' id='block_1_2' title="bbox 220 558 1849 633">
    <p class='ocr_par' dir='ltr' id='par_1_2' title="bbox 220 558 1849 633">
     <span class='ocr_line' id='line_1_2' title="bbox 220 558 1849 633; baseline 0.001 -22"><span class='ocrx_word' id='word_1_2' title='bbox 220 574 424 629; x_wconf 78' lang='grc' dir='ltr'>τησεν.</span> <span class='ocrx_word' id='word_1_3' title='bbox 462 575 482 609; x_wconf 71' lang='grc' dir='ltr'><strong>ι</strong></span> <span class='ocrx_word' id='word_1_4' title='bbox 539 558 704 613; x_wconf 74' lang='grc' dir='ltr'>Οὕτω</span> <span class='ocrx_word' id='word_1_5' title='bbox 748 560 837 615; x_wconf 78' lang='grc' dir='ltr'>διὰ</span> <span class='ocrx_word' id='word_1_6' title='bbox 876 561 975 632; x_wconf 78' lang='grc' dir='ltr'>τῆς</span> <span class='ocrx_word' id='word_1_7' title='bbox 1006 560 1237 633; x_wconf 81' lang='grc' dir='ltr'><strong>νομικῆς</strong></span> <span class='ocrx_word' id='word_1_8' title='bbox 1268 560 1597 629; x_wconf 80' lang='grc' dir='ltr'><strong>διατάξεως,</strong></span> <span class='ocrx_word' id='word_1_9' title='bbox 1627 564 1749 624; x_wconf 85' lang='grc' dir='ltr'>ταῖς</span> <span class='ocrx_word' id='word_1_10' title='bbox 1789 578 1849 613; x_wconf 92' lang='grc' dir='ltr'><strong>τε</strong></span> 
     </span>
    </p>
   </div>
   <div class='ocr_carea' id='block_1_3' title="bbox 222 650 1857 723">
    <p class='ocr_par' dir='ltr' id='par_1_3' title="bbox 222 650 1857 723">
     <span class='ocr_line' id='line_1_3' title="bbox 222 650 1857 723; baseline 0.001 -20"><span class='ocrx_word' id='word_1_11' title='bbox 222 650 455 713; x_wconf 81' lang='grc' dir='ltr'>θυσίαις</span> <span class='ocrx_word' id='word_1_12' title='bbox 489 652 593 704; x_wconf 71' lang='grc' dir='ltr'><strong>καὶ</strong></span> <span class='ocrx_word' id='word_1_13' title='bbox 618 651 700 722; x_wconf 81' lang='grc' dir='ltr'>τῷ</span> <span class='ocrx_word' id='word_1_14' title='bbox 726 654 926 723; x_wconf 83' lang='grc' dir='ltr'>αἵματι</span> <span class='ocrx_word' id='word_1_15' title='bbox 953 652 1059 707; x_wconf 86' lang='grc' dir='ltr'><strong>τῶν</strong></span> <span class='ocrx_word' id='word_1_16' title='bbox 1082 653 1295 722; x_wconf 80' lang='grc' dir='ltr'><strong>ἀλόγων</strong></span> <span class='ocrx_word' id='word_1_17' title='bbox 1318 652 1476 717; x_wconf 81' lang='grc' dir='ltr'>ζώων</span> <span class='ocrx_word' id='word_1_18' title='bbox 1500 653 1690 719; x_wconf 77' lang='grc' dir='ltr'>ἔταξεν</span> <span class='ocrx_word' id='word_1_19' title='bbox 1713 652 1857 722; x_wconf 79' lang='grc' dir='ltr'><strong>ὠφε-</strong></span> 
     </span>
    </p>
   </div>
   <div class='ocr_carea' id='block_1_4' title="bbox 224 742 1857 817">
    <p class='ocr_par' dir='ltr' id='par_1_4' title="bbox 224 742 1857 817">
     <span class='ocr_line' id='line_1_4' title="bbox 224 742 1857 817; baseline 0.001 -22"><span class='ocrx_word' id='word_1_20' title='bbox 224 742 449 796; x_wconf 78' lang='grc' dir='ltr'>λεῖσθαι</span> <span class='ocrx_word' id='word_1_21' title='bbox 472 744 612 807; x_wconf 78' lang='grc' dir='ltr'>τοὺς</span> <span class='ocrx_word' id='word_1_22' title='bbox 640 744 988 816; x_wconf 79' lang='grc' dir='ltr'><strong>χρωμένους·</strong></span> <span class='ocrx_word' id='word_1_23' title='bbox 1020 746 1094 816; x_wconf 87' lang='lat' dir='ltr'><strong>(p.</strong></span> <span class='ocrx_word' id='word_1_24' title='bbox 1130 746 1256 817; x_wconf 73' lang='lat'><strong>25!)</strong></span> <span class='ocrx_word' id='word_1_25' title='bbox 1285 746 1351 799; x_wconf 73' lang='grc' dir='ltr'><strong>ἵν’</strong></span> <span class='ocrx_word' id='word_1_26' title='bbox 1385 746 1450 798; x_wconf 80' lang='grc' dir='ltr'>ὲκ</span> <span class='ocrx_word' id='word_1_27' title='bbox 1497 743 1857 815; x_wconf 80' lang='grc' dir='ltr'><strong>παραθέσεως</strong></span> 
     </span>
    </p>
   </div>
   <div class='ocr_carea' id='block_1_5' title="bbox 228 836 1856 909">
    <p class='ocr_par' dir='ltr' id='par_1_5' title="bbox 228 836 1856 909">
     <span class='ocr_line' id='line_1_5' title="bbox 228 836 1856 909; baseline 0.001 -22"><span class='ocrx_word' id='word_1_28' title='bbox 228 836 362 907; x_wconf 72' lang='grc' dir='ltr'>ἡμῖν</span> <span class='ocrx_word' id='word_1_29' title='bbox 411 836 477 888; x_wconf 76' lang='grc' dir='ltr'>τὸ</span> <span class='ocrx_word' id='word_1_30' title='bbox 529 836 821 889; x_wconf 80' lang='grc' dir='ltr'><strong>πιστεύειν</strong></span> <span class='ocrx_word' id='word_1_31' title='bbox 870 837 1137 907; x_wconf 81' lang='grc' dir='ltr'><strong>μειζόνως</strong></span> <span class='ocrx_word' id='word_1_32' title='bbox 1182 839 1397 909; x_wconf 77' lang='grc' dir='ltr'>προσῇ,</span> <span class='ocrx_word' id='word_1_33' title='bbox 1446 838 1526 891; x_wconf 81' lang='grc' dir='ltr'>ὅτι</span> <span class='ocrx_word' id='word_1_34' title='bbox 1582 838 1856 907; x_wconf 84' lang='grc' dir='ltr'>μεγίστων</span> 
     </span>
    </p>
   </div>
   <div class='ocr_carea' id='block_1_6' title="bbox 230 929 1869 1001">
    <p class='ocr_par' dir='ltr' id='par_1_6' title="bbox 230 929 1869 1001">
     <span class='ocr_line' id='line_1_6' title="bbox 230 929 1869 1001; baseline -0.002 -16"><span class='ocrx_word' id='word_1_35' title='bbox 230 930 463 997; x_wconf 80' lang='grc' dir='ltr'>ἀγαθῶν</span> <span class='ocrx_word' id='word_1_36' title='bbox 496 932 561 983; x_wconf 83' lang='grc' dir='ltr'>ὲν</span> <span class='ocrx_word' id='word_1_37' title='bbox 594 929 679 1000; x_wconf 81' lang='grc' dir='ltr'>τῷ</span> <span class='ocrx_word' id='word_1_38' title='bbox 713 930 913 1000; x_wconf 83' lang='grc' dir='ltr'>αἵματι</span> <span class='ocrx_word' id='word_1_39' title='bbox 940 929 1246 1001; x_wconf 81' lang='grc' dir='ltr'>τευξόμεθα</span> <span class='ocrx_word' id='word_1_40' title='bbox 1283 930 1381 983; x_wconf 88' lang='grc' dir='ltr'><strong>τοῦ</strong></span> <span class='ocrx_word' id='word_1_41' title='bbox 1413 930 1687 982; x_wconf 88' lang='grc' dir='ltr'>Δεσπότου</span> <span class='ocrx_word' id='word_1_42' title='bbox 1721 929 1869 999; x_wconf 52' lang='grc' dir='ltr'>Χριτ</span> 
     </span>
    </p>
   </div>
   <div class='ocr_carea' id='block_1_7' title="bbox 232 1020 1855 1093">
    <p class='ocr_par' dir='ltr' id='par_1_7' title="bbox 232 1020 1855 1093">
     <span class='ocr_line' id='line_1_7' title="bbox 232 1020 1855 1093; baseline 0 -18"><span class='ocrx_word' id='word_1_43' title='bbox 232 1022 383 1075; x_wconf 83' lang='grc' dir='ltr'>στοῦ·</span> <span class='ocrx_word' id='word_1_44' title='bbox 417 1020 557 1075; x_wconf 82' lang='grc' dir='ltr'>ὅθεν</span> <span class='ocrx_word' id='word_1_45' title='bbox 596 1022 626 1074; x_wconf 85' lang='grc' dir='ltr'><strong>ό</strong></span> <span class='ocrx_word' id='word_1_46' title='bbox 677 1022 953 1093; x_wconf 88' lang='grc' dir='ltr'>μακάριος</span> <span class='ocrx_word' id='word_1_47' title='bbox 998 1024 1148 1092; x_wconf 85' lang='grc' dir='ltr'>λέγει</span> <span class='ocrx_word' id='word_1_48' title='bbox 1204 1023 1455 1086; x_wconf 53' lang='grc' dir='ltr'>Παῦλορ</span> <span class='ocrx_word' id='word_1_49' title='bbox 1496 1041 1514 1074; x_wconf 84' lang='grc' dir='ltr'><strong>ι</strong></span> <span class='ocrx_word' id='word_1_50' title='bbox 1562 1023 1624 1075; x_wconf 88' lang='grc' dir='ltr'><strong>Εἰ</strong></span> <span class='ocrx_word' id='word_1_51' title='bbox 1655 1021 1764 1093; x_wconf 86' lang='grc' dir='ltr'>γὰρ</span> <span class='ocrx_word' id='word_1_52' title='bbox 1795 1021 1855 1075; x_wconf 82' lang='grc' dir='ltr'><strong>τὸ</strong></span> 
     </span>
    </p>
   </div>
   <div class='ocr_carea' id='block_1_8' title="bbox 236 1108 1857 1184">
    <p class='ocr_par' dir='ltr' id='par_1_8' title="bbox 236 1108 1857 1184">
     <span class='ocr_line' id='line_1_8' title="bbox 236 1108 1857 1184; baseline 0 -19"><span class='ocrx_word' id='word_1_53' title='bbox 236 1108 370 1182; x_wconf 77' lang='grc' dir='ltr'>αἷμα</span> <span class='ocrx_word' id='word_1_54' title='bbox 414 1113 655 1184; x_wconf 78' lang='grc' dir='ltr'>ταύρων</span> <span class='ocrx_word' id='word_1_55' title='bbox 685 1116 780 1168; x_wconf 77' lang='grc' dir='ltr'><strong>καὶ</strong></span> <span class='ocrx_word' id='word_1_56' title='bbox 812 1115 1035 1184; x_wconf 86' lang='grc' dir='ltr'>τράγων</span> <span class='ocrx_word' id='word_1_57' title='bbox 1074 1113 1170 1166; x_wconf 81' lang='grc' dir='ltr'><strong>καὶ</strong></span> <span class='ocrx_word' id='word_1_58' title='bbox 1197 1113 1391 1175; x_wconf 80' lang='grc' dir='ltr'>σποδὸς</span> <span class='ocrx_word' id='word_1_59' title='bbox 1421 1112 1706 1182; x_wconf 82' lang='grc' dir='ltr'>δαμάλεως</span> <span class='ocrx_word' id='word_1_60' title='bbox 1730 1114 1857 1181; x_wconf 78' lang='grc' dir='ltr'>ῥαν-</span> 
     </span>
    </p>
   </div>
   <div class='ocr_carea' id='block_1_9' title="bbox 242 1204 1854 1277">
    <p class='ocr_par' dir='ltr' id='par_1_9' title="bbox 242 1204 1854 1277">
     <span class='ocr_line' id='line_1_9' title="bbox 242 1204 1854 1277; baseline -0.019 -4"><span class='ocrx_word' id='word_1_61' title='bbox 242 1204 471 1271; x_wconf 70' lang='grc' dir='ltr'>τίζουσα</span> <span class='ocrx_word' id='word_1_62' title='bbox 499 1208 641 1270; x_wconf 82' lang='grc' dir='ltr'>τοὺς</span> <span class='ocrx_word' id='word_1_63' title='bbox 688 1206 1127 1277; x_wconf 82' lang='grc' dir='ltr'><strong>κεκοινωμένους</strong></span> <span class='ocrx_word' id='word_1_64' title='bbox 1169 1204 1388 1274; x_wconf 78' lang='grc' dir='ltr'><strong>ἁγιάζει</strong></span> <span class='ocrx_word' id='word_1_65' title='bbox 1437 1205 1572 1277; x_wconf 72' lang='grc' dir='ltr'>πρὸς</span> <span class='ocrx_word' id='word_1_66' title='bbox 1611 1206 1711 1276; x_wconf 76' lang='grc' dir='ltr'><strong>τὴν</strong></span> <span class='ocrx_word' id='word_1_67' title='bbox 1756 1205 1854 1275; x_wconf 76' lang='grc' dir='ltr'><strong>τῆς</strong></span> 
     </span>
    </p>
   </div>
   <div class='ocr_carea' id='block_1_10' title="bbox 234 1294 1854 1372">
    <p class='ocr_par' dir='ltr' id='par_1_10' title="bbox 234 1294 1854 1372">
     <span class='ocr_line' id='line_1_10' title="bbox 234 1294 1854 1372; baseline -0.001 -19"><span class='ocrx_word' id='word_1_68' title='bbox 234 1301 446 1369; x_wconf 80' lang='grc' dir='ltr'>σαρκὸς</span> <span class='ocrx_word' id='word_1_69' title='bbox 479 1300 867 1372; x_wconf 84' lang='grc' dir='ltr'>καθαρότητα,</span> <span class='ocrx_word' id='word_1_70' title='bbox 895 1300 1046 1369; x_wconf 82' lang='grc' dir='ltr'>πόσῳ</span> <span class='ocrx_word' id='word_1_71' title='bbox 1076 1298 1276 1368; x_wconf 85' lang='grc' dir='ltr'>μᾶλλον</span> <span class='ocrx_word' id='word_1_72' title='bbox 1309 1297 1370 1351; x_wconf 82' lang='grc' dir='ltr'>τὸ</span> <span class='ocrx_word' id='word_1_73' title='bbox 1407 1294 1547 1367; x_wconf 82' lang='grc' dir='ltr'>αἷμα</span> <span class='ocrx_word' id='word_1_74' title='bbox 1574 1297 1669 1350; x_wconf 87' lang='grc' dir='ltr'><strong>τοῦ</strong></span> <span class='ocrx_word' id='word_1_75' title='bbox 1721 1296 1854 1369; x_wconf 80' lang='grc' dir='ltr'>Χρι-</span> 
     </span>
    </p>
   </div>
   <div class='ocr_carea' id='block_1_11' title="bbox 230 1389 1854 1463">
    <p class='ocr_par' dir='ltr' id='par_1_11' title="bbox 230 1389 1854 1463">
     <span class='ocr_line' id='line_1_11' title="bbox 230 1389 1854 1463; baseline -0.002 -17"><span class='ocrx_word' id='word_1_76' title='bbox 230 1394 387 1456; x_wconf 81' lang='grc' dir='ltr'>στοῦ,</span> <span class='ocrx_word' id='word_1_77' title='bbox 426 1393 489 1456; x_wconf 78' lang='grc' dir='ltr'>ὃς</span> <span class='ocrx_word' id='word_1_78' title='bbox 520 1393 617 1446; x_wconf 81' lang='grc' dir='ltr'>διὰ</span> <span class='ocrx_word' id='word_1_79' title='bbox 645 1393 955 1463; x_wconf 87' lang='grc' dir='ltr'>πνεύματος</span> <span class='ocrx_word' id='word_1_80' title='bbox 979 1389 1200 1445; x_wconf 78' lang='grc' dir='ltr'>αἰωνίου</span> <span class='ocrx_word' id='word_1_81' title='bbox 1217 1390 1447 1461; x_wconf 82' lang='grc' dir='ltr'>ἄμωμον</span> <span class='ocrx_word' id='word_1_82' title='bbox 1470 1390 1661 1444; x_wconf 79' lang='grc' dir='ltr'>ἑαυτὸν</span> <span class='ocrx_word' id='word_1_83' title='bbox 1682 1407 1854 1461; x_wconf 84' lang='grc' dir='ltr'>προσ-</span> 
     </span>
    </p>
   </div>
   <div class='ocr_carea' id='block_1_12' title="bbox 228 1468 1856 1558">
    <p class='ocr_par' dir='ltr' id='par_1_12' title="bbox 228 1468 1856 1558">
     <span class='ocr_line' id='line_1_12' title="bbox 228 1468 1856 1558; baseline -0.002 -19"><span class='ocrx_word' id='word_1_84' title='bbox 228 1488 443 1557; x_wconf 69' lang='grc' dir='ltr'>ἠνεγκε</span> <span class='ocrx_word' id='word_1_85' title='bbox 490 1485 580 1558; x_wconf 85' lang='grc' dir='ltr'>τῷ</span> <span class='ocrx_word' id='word_1_86' title='bbox 620 1485 765 1556; x_wconf 85' lang='grc' dir='ltr'>Θεῷ,</span> <span class='ocrx_word' id='word_1_87' title='bbox 799 1485 1064 1557; x_wconf 77' lang='grc' dir='ltr'>καθαριεῖ</span> <span class='ocrx_word' id='word_1_88' title='bbox 1094 1485 1194 1557; x_wconf 81' lang='grc' dir='ltr'>τὴν</span> <span class='ocrx_word' id='word_1_89' title='bbox 1225 1485 1529 1556; x_wconf 78' lang='grc' dir='ltr'>συνείδησιν</span> <span class='ocrx_word' id='word_1_90' title='bbox 1563 1484 1720 1555; x_wconf 80' lang='grc' dir='ltr'>ἡμῶν</span> <span class='ocrx_word' id='word_1_91' title='bbox 1746 1468 1856 1538; x_wconf 84' lang='grc' dir='ltr'>ἀπὸ</span> 
     </span>
    </p>
   </div>
   <div class='ocr_carea' id='block_1_13' title="bbox 226 1572 1852 1648">
    <p class='ocr_par' dir='ltr' id='par_1_13' title="bbox 226 1572 1852 1648">
     <span class='ocr_line' id='line_1_13' title="bbox 226 1572 1852 1648; baseline -0.002 -17"><span class='ocrx_word' id='word_1_92' title='bbox 226 1576 455 1648; x_wconf 76' lang='grc' dir='ltr'>νεκρῶν</span> <span class='ocrx_word' id='word_1_93' title='bbox 490 1576 713 1648; x_wconf 84' lang='grc' dir='ltr'>ἕργων;</span> <span class='ocrx_word' id='word_1_94' title='bbox 735 1573 864 1629; x_wconf 78' lang='grc' dir='ltr'>»Ἐκ</span> <span class='ocrx_word' id='word_1_95' title='bbox 891 1577 1001 1648; x_wconf 87' lang='grc' dir='ltr'>γὰρ</span> <span class='ocrx_word' id='word_1_96' title='bbox 1038 1576 1139 1647; x_wconf 86' lang='grc' dir='ltr'>τῆς</span> <span class='ocrx_word' id='word_1_97' title='bbox 1170 1575 1267 1629; x_wconf 88' lang='grc' dir='ltr'><strong>τοῦ</strong></span> <span class='ocrx_word' id='word_1_98' title='bbox 1302 1575 1574 1629; x_wconf 87' lang='grc' dir='ltr'>Δεσπότου</span> <span class='ocrx_word' id='word_1_99' title='bbox 1612 1572 1852 1645; x_wconf 82' lang='grc' dir='ltr'>Χριστοῦ</span> 
     </span>
    </p>
   </div>
   <div class='ocr_carea' id='block_1_14' title="bbox 223 1667 1857 1740">
    <p class='ocr_par' dir='ltr' id='par_1_14' title="bbox 223 1667 1857 1740">
     <span class='ocr_line' id='line_1_14' title="bbox 223 1667 1857 1740; baseline -0.001 -19"><span class='ocrx_word' id='word_1_100' title='bbox 223 1668 513 1738; x_wconf 72' lang='grc' dir='ltr'>διαφορᾶς</span> <span class='ocrx_word' id='word_1_101' title='bbox 554 1669 697 1740; x_wconf 76' lang='grc' dir='ltr'>πρὸς</span> <span class='ocrx_word' id='word_1_102' title='bbox 730 1668 799 1722; x_wconf 79' lang='grc' dir='ltr'>τὰ</span> <span class='ocrx_word' id='word_1_103' title='bbox 837 1668 1009 1738; x_wconf 80' lang='grc' dir='ltr'>ἄλογα</span> <span class='ocrx_word' id='word_1_104' title='bbox 1039 1668 1176 1737; x_wconf 82' lang='grc' dir='ltr'>ζῶα,</span> <span class='ocrx_word' id='word_1_105' title='bbox 1210 1667 1528 1739; x_wconf 85' lang='grc' dir='ltr'>ἀρκούντως</span> <span class='ocrx_word' id='word_1_106' title='bbox 1551 1670 1701 1739; x_wconf 86' lang='grc' dir='ltr'>ἡμᾶς</span> <span class='ocrx_word' id='word_1_107' title='bbox 1734 1669 1857 1721; x_wconf 63' lang='grc' dir='ltr'>ἐπι-</span> 
     </span>
    </p>
   </div>
   <div class='ocr_carea' id='block_1_15' title="bbox 227 1760 1854 1833">
    <p class='ocr_par' dir='ltr' id='par_1_15' title="bbox 227 1760 1854 1833">
     <span class='ocr_line' id='line_1_15' title="bbox 227 1760 1854 1833; baseline -0.002 -19"><span class='ocrx_word' id='word_1_108' title='bbox 227 1760 529 1826; x_wconf 81' lang='grc' dir='ltr'>στὼσατο,</span> <span class='ocrx_word' id='word_1_109' title='bbox 586 1762 673 1814; x_wconf 82' lang='grc' dir='ltr'>ὅτι</span> <span class='ocrx_word' id='word_1_110' title='bbox 722 1760 905 1832; x_wconf 83' lang='grc' dir='ltr'>πολλῷ</span> <span class='ocrx_word' id='word_1_111' title='bbox 960 1761 1123 1815; x_wconf 82' lang='grc' dir='ltr'>πλέον</span> <span class='ocrx_word' id='word_1_112' title='bbox 1167 1762 1315 1833; x_wconf 79' lang='grc' dir='ltr'>ἡμᾶς</span> <span class='ocrx_word' id='word_1_113' title='bbox 1341 1760 1555 1824; x_wconf 82' lang='grc' dir='ltr'>τούτοις</span> <span class='ocrx_word' id='word_1_114' title='bbox 1606 1760 1854 1832; x_wconf 83' lang='grc' dir='ltr'>προσῆκε</span> 
     </span>
    </p>
   </div>
   <div class='ocr_carea' id='block_1_16' title="bbox 224 1848 1851 1922">
    <p class='ocr_par' dir='ltr' id='par_1_16' title="bbox 224 1848 1851 1922">
     <span class='ocr_line' id='line_1_16' title="bbox 224 1848 1851 1922; baseline -0.001 -17"><span class='ocrx_word' id='word_1_115' title='bbox 224 1852 532 1905; x_wconf 74' lang='grc' dir='ltr'>πιστεύειν</span> <span class='ocrx_word' id='word_1_116' title='bbox 564 1851 597 1922; x_wconf 82' lang='grc' dir='ltr'><strong>ἢ</strong></span> <span class='ocrx_word' id='word_1_117' title='bbox 623 1852 709 1904; x_wconf 76' lang='grc' dir='ltr'>ἐπ’</span> <span class='ocrx_word' id='word_1_118' title='bbox 739 1852 973 1915; x_wconf 78' lang='grc' dir='ltr'>ἐκείνοις</span> <span class='ocrx_word' id='word_1_119' title='bbox 1005 1851 1293 1911; x_wconf 75' lang='grc' dir='ltr'>ἐπίστευον</span> <span class='ocrx_word' id='word_1_120' title='bbox 1326 1852 1374 1904; x_wconf 86' lang='grc' dir='ltr'><strong>οί</strong></span> <span class='ocrx_word' id='word_1_121' title='bbox 1401 1850 1521 1903; x_wconf 87' lang='grc' dir='ltr'>τότε</span> <span class='ocrx_word' id='word_1_122' title='bbox 1545 1867 1557 1880; x_wconf 94' lang='grc'><strong>·</strong></span> <span class='ocrx_word' id='word_1_123' title='bbox 1594 1849 1688 1903; x_wconf 73' lang='grc' dir='ltr'>καὶ</span> <span class='ocrx_word' id='word_1_124' title='bbox 1710 1848 1851 1903; x_wconf 83' lang='grc' dir='ltr'>κατὰ</span> 
     </span>
    </p>
   </div>
   <div class='ocr_carea' id='block_1_17' title="bbox 224 1942 1849 2015">
    <p class='ocr_par' dir='ltr' id='par_1_17' title="bbox 224 1942 1849 2015">
     <span class='ocr_line' id='line_1_17' title="bbox 224 1942 1849 2015; baseline 0 -20"><span class='ocrx_word' id='word_1_125' title='bbox 224 1945 325 2015; x_wconf 72' lang='grc' dir='ltr'>τὴν</span> <span class='ocrx_word' id='word_1_126' title='bbox 364 1942 596 2015; x_wconf 73' lang='grc' dir='ltr'>ἔρημον</span> <span class='ocrx_word' id='word_1_127' title='bbox 634 1944 693 1997; x_wconf 86' lang='grc' dir='ltr'>δὲ</span> <span class='ocrx_word' id='word_1_128' title='bbox 736 1943 844 1997; x_wconf 89' lang='grc' dir='ltr'><strong>τῶν</strong></span> <span class='ocrx_word' id='word_1_129' title='bbox 907 1942 1263 2015; x_wconf 81' lang='grc' dir='ltr'>Ἰσραηλιτῶν</span> <span class='ocrx_word' id='word_1_130' title='bbox 1300 1944 1367 1996; x_wconf 86' lang='grc' dir='ltr'>δι’</span> <span class='ocrx_word' id='word_1_131' title='bbox 1414 1942 1700 1997; x_wconf 84' lang='grc' dir='ltr'>ἀπείθειαν</span> <span class='ocrx_word' id='word_1_132' title='bbox 1729 1943 1849 2006; x_wconf 89' lang='grc' dir='ltr'>ταῖς</span> 
     </span>
    </p>
   </div>
   <div class='ocr_carea' id='block_1_18' title="bbox 223 2033 1850 2107">
    <p class='ocr_par' dir='ltr' id='par_1_18' title="bbox 223 2033 1850 2107">
     <span class='ocr_line' id='line_1_18' title="bbox 223 2033 1850 2107; baseline -0.001 -19"><span class='ocrx_word' id='word_1_133' title='bbox 223 2036 339 2089; x_wconf 85' lang='grc' dir='ltr'><strong>τῶν</strong></span> <span class='ocrx_word' id='word_1_134' title='bbox 380 2037 579 2106; x_wconf 71' lang='grc' dir='ltr'>ὃςρεων</span> <span class='ocrx_word' id='word_1_135' title='bbox 618 2035 1012 2107; x_wconf 80' lang='grc' dir='ltr'>ἀπολλυμένων</span> <span class='ocrx_word' id='word_1_136' title='bbox 1042 2036 1301 2107; x_wconf 81' lang='grc' dir='ltr'>πληγαῖς,</span> <span class='ocrx_word' id='word_1_137' title='bbox 1332 2035 1618 2089; x_wconf 78' lang='grc' dir='ltr'>ἐκέλευσεν</span> <span class='ocrx_word' id='word_1_138' title='bbox 1650 2035 1679 2087; x_wconf 90' lang='grc' dir='ltr'><strong>ό</strong></span> <span class='ocrx_word' id='word_1_139' title='bbox 1715 2033 1850 2097; x_wconf 80' lang='grc' dir='ltr'>Θεὸς</span> 
     </span>
    </p>
   </div>
   <div class='ocr_carea' id='block_1_19' title="bbox 220 2123 1846 2199">
    <p class='ocr_par' dir='ltr' id='par_1_19' title="bbox 220 2123 1846 2199">
     <span class='ocr_line' id='line_1_19' title="bbox 220 2123 1846 2199; baseline -0.001 -20"><span class='ocrx_word' id='word_1_140' title='bbox 220 2128 305 2197; x_wconf 80' lang='grc' dir='ltr'>τῷ</span> <span class='ocrx_word' id='word_1_141' title='bbox 342 2126 625 2199; x_wconf 80' lang='grc' dir='ltr'>μακαρίῳ</span> <span class='ocrx_word' id='word_1_142' title='bbox 656 2128 828 2197; x_wconf 80' lang='grc' dir='ltr'>Μωσῇ</span> <span class='ocrx_word' id='word_1_143' title='bbox 866 2126 1102 2197; x_wconf 80' lang='grc' dir='ltr'>χαλκοῦν</span> <span class='ocrx_word' id='word_1_144' title='bbox 1131 2125 1551 2197; x_wconf 83' lang='grc' dir='ltr'>ἀπεργάσασθαι</span> <span class='ocrx_word' id='word_1_145' title='bbox 1590 2124 1736 2193; x_wconf 79' lang='grc' dir='ltr'>ὅφιν,</span> <span class='ocrx_word' id='word_1_146' title='bbox 1770 2123 1846 2189; x_wconf 86' lang='grc' dir='ltr'><strong>ὡς</strong></span> 
     </span>
    </p>
   </div>
   <div class='ocr_carea' id='block_1_20' title="bbox 219 2216 1851 2289">
    <p class='ocr_par' dir='ltr' id='par_1_20' title="bbox 219 2216 1851 2289">
     <span class='ocr_line' id='line_1_20' title="bbox 219 2216 1851 2289; baseline -0.002 -16"><span class='ocrx_word' id='word_1_147' title='bbox 219 2218 293 2273; x_wconf 73' lang='grc' dir='ltr'>ἂν</span> <span class='ocrx_word' id='word_1_148' title='bbox 324 2219 428 2273; x_wconf 78' lang='grc' dir='ltr'><strong>ἐπ’</strong></span> <span class='ocrx_word' id='word_1_149' title='bbox 470 2218 644 2272; x_wconf 82' lang='grc' dir='ltr'>αὐτὸν</span> <span class='ocrx_word' id='word_1_150' title='bbox 672 2218 1081 2283; x_wconf 83' lang='grc' dir='ltr'>ἀποϐλέποντες</span> <span class='ocrx_word' id='word_1_151' title='bbox 1113 2223 1167 2277; x_wconf 78' lang='lat' dir='ltr'><strong>oi</strong></span> <span class='ocrx_word' id='word_1_152' title='bbox 1200 2217 1559 2289; x_wconf 88' lang='grc' dir='ltr'>πληττόμενοι</span> <span class='ocrx_word' id='word_1_153' title='bbox 1583 2217 1683 2286; x_wconf 76' lang='grc' dir='ltr'>τῆς</span> <span class='ocrx_word' id='word_1_154' title='bbox 1723 2216 1851 2287; x_wconf 87' lang='grc' dir='ltr'>βλά-</span> 
     </span>
    </p>
   </div>
   <div class='ocr_carea' id='block_1_21' title="bbox 222 2307 1851 2383">
    <p class='ocr_par' dir='ltr' id='par_1_21' title="bbox 222 2307 1851 2383">
     <span class='ocr_line' id='line_1_21' title="bbox 222 2307 1851 2383; baseline -0.002 -19"><span class='ocrx_word' id='word_1_155' title='bbox 222 2312 334 2382; x_wconf 82' lang='grc' dir='ltr'><strong>ϐης</strong></span> <span class='ocrx_word' id='word_1_156' title='bbox 374 2311 502 2364; x_wconf 89' lang='grc' dir='ltr'><strong>τῶν</strong></span> <span class='ocrx_word' id='word_1_157' title='bbox 538 2310 897 2381; x_wconf 86' lang='grc' dir='ltr'>πληττόντων</span> <span class='ocrx_word' id='word_1_158' title='bbox 935 2310 1123 2383; x_wconf 76' lang='grc' dir='ltr'>ῥᾳδίαν</span> <span class='ocrx_word' id='word_1_159' title='bbox 1155 2310 1393 2381; x_wconf 80' lang='grc' dir='ltr'>δέχοιντο</span> <span class='ocrx_word' id='word_1_160' title='bbox 1421 2309 1522 2381; x_wconf 79' lang='grc' dir='ltr'>τὴν</span> <span class='ocrx_word' id='word_1_161' title='bbox 1553 2307 1727 2362; x_wconf 68' lang='grc' dir='ltr'>λύσιν*</span> <span class='ocrx_word' id='word_1_162' title='bbox 1758 2308 1851 2362; x_wconf 86' lang='grc' dir='ltr'>δυ-</span> 
     </span>
    </p>
   </div>
   <div class='ocr_carea' id='block_1_22' title="bbox 222 2397 1848 2473">
    <p class='ocr_par' dir='ltr' id='par_1_22' title="bbox 222 2397 1848 2473">
     <span class='ocr_line' id='line_1_22' title="bbox 222 2397 1848 2473; baseline -0.004 -17"><span class='ocrx_word' id='word_1_163' title='bbox 222 2403 485 2473; x_wconf 78' lang='grc' dir='ltr'>ναμένου</span> <span class='ocrx_word' id='word_1_164' title='bbox 524 2401 627 2473; x_wconf 85' lang='grc' dir='ltr'><strong>μὲν</strong></span> <span class='ocrx_word' id='word_1_165' title='bbox 664 2400 763 2455; x_wconf 91' lang='grc' dir='ltr'><strong>τοῦ</strong></span> <span class='ocrx_word' id='word_1_166' title='bbox 791 2400 931 2454; x_wconf 89' lang='grc' dir='ltr'>Θεοῦ</span> <span class='ocrx_word' id='word_1_167' title='bbox 962 2400 1059 2454; x_wconf 82' lang='grc' dir='ltr'><strong>καὶ</strong></span> <span class='ocrx_word' id='word_1_168' title='bbox 1086 2399 1179 2453; x_wconf 89' lang='grc' dir='ltr'><strong>τοῦ</strong></span> <span class='ocrx_word' id='word_1_169' title='bbox 1209 2398 1542 2471; x_wconf 84' lang='grc' dir='ltr'>πλήττεσθαι</span> <span class='ocrx_word' id='word_1_170' title='bbox 1570 2397 1848 2462; x_wconf 86' lang='grc' dir='ltr'>παντελῶς</span> 
     </span>
    </p>
   </div>
   <div class='ocr_carea' id='block_1_23' title="bbox 220 2491 1849 2567">
    <p class='ocr_par' dir='ltr' id='par_1_23' title="bbox 220 2491 1849 2567">
     <span class='ocr_line' id='line_1_23' title="bbox 220 2491 1849 2567; baseline -0.004 -16"><span class='ocrx_word' id='word_1_171' title='bbox 220 2497 338 2561; x_wconf 76' lang='grc' dir='ltr'>ἔξω</span> <span class='ocrx_word' id='word_1_172' title='bbox 374 2496 643 2566; x_wconf 80' lang='grc' dir='ltr'>ποιῆσαι,</span> <span class='ocrx_word' id='word_1_173' title='bbox 672 2496 705 2567; x_wconf 80' lang='grc' dir='ltr'><strong>ἢ</strong></span> <span class='ocrx_word' id='word_1_174' title='bbox 744 2495 942 2566; x_wconf 80' lang='grc' dir='ltr'>ἑτέραν</span> <span class='ocrx_word' id='word_1_175' title='bbox 970 2493 1102 2564; x_wconf 92' lang='grc' dir='ltr'>γοῦν</span> <span class='ocrx_word' id='word_1_176' title='bbox 1128 2510 1254 2547; x_wconf 88' lang='grc' dir='ltr'>τινα</span> <span class='ocrx_word' id='word_1_177' title='bbox 1285 2492 1549 2565; x_wconf 82' lang='grc' dir='ltr'>εὑρέσθαι</span> <span class='ocrx_word' id='word_1_178' title='bbox 1576 2492 1679 2562; x_wconf 81' lang='grc' dir='ltr'>τῆς</span> <span class='ocrx_word' id='word_1_179' title='bbox 1707 2491 1849 2561; x_wconf 76' lang='grc' dir='ltr'>πλη-</span> 
     </span>
    </p>
   </div>
   <div class='ocr_carea' id='block_1_24' title="bbox 220 2585 1852 2660">
    <p class='ocr_par' dir='ltr' id='par_1_24' title="bbox 220 2585 1852 2660">
     <span class='ocr_line' id='line_1_24' title="bbox 220 2585 1852 2660; baseline -0.004 -17"><span class='ocrx_word' id='word_1_180' title='bbox 220 2590 333 2660; x_wconf 78' lang='grc' dir='ltr'>γῆς</span> <span class='ocrx_word' id='word_1_181' title='bbox 380 2587 670 2659; x_wconf 73' lang='grc' dir='ltr'>ἰατρείανο</span> <span class='ocrx_word' id='word_1_182' title='bbox 709 2586 1064 2659; x_wconf 81' lang='grc' dir='ltr'>βουληθέντος</span> <span class='ocrx_word' id='word_1_183' title='bbox 1103 2586 1163 2641; x_wconf 84' lang='grc' dir='ltr'>δὲ</span> <span class='ocrx_word' id='word_1_184' title='bbox 1206 2588 1265 2640; x_wconf 87' lang='grc' dir='ltr'><strong>ὲν</strong></span> <span class='ocrx_word' id='word_1_185' title='bbox 1292 2586 1715 2657; x_wconf 85' lang='grc' dir='ltr'>ἀπεικονίσματι</span> <span class='ocrx_word' id='word_1_186' title='bbox 1742 2585 1852 2639; x_wconf 88' lang='grc' dir='ltr'><strong>τῶν</strong></span> 
     </span>
    </p>
   </div>
   <div class='ocr_carea' id='block_1_25' title="bbox 223 2676 1848 2755">
    <p class='ocr_par' dir='ltr' id='par_1_25' title="bbox 223 2676 1848 2755">
     <span class='ocr_line' id='line_1_25' title="bbox 223 2676 1848 2755; baseline -0.004 -20"><span class='ocrx_word' id='word_1_187' title='bbox 223 2682 605 2755; x_wconf 73' lang='grc' dir='ltr'>πληττόντων</span> <span class='ocrx_word' id='word_1_188' title='bbox 632 2680 734 2751; x_wconf 81' lang='grc' dir='ltr'><strong>τῆς</strong></span> <span class='ocrx_word' id='word_1_189' title='bbox 768 2678 973 2749; x_wconf 84' lang='grc' dir='ltr'>βλάϐης</span> <span class='ocrx_word' id='word_1_190' title='bbox 1012 2677 1263 2748; x_wconf 81' lang='grc' dir='ltr'>δέχεσθαι</span> <span class='ocrx_word' id='word_1_191' title='bbox 1298 2678 1498 2741; x_wconf 78' lang='grc' dir='ltr'>αὐτοὺς</span> <span class='ocrx_word' id='word_1_192' title='bbox 1531 2676 1630 2749; x_wconf 83' lang='grc' dir='ltr'>τὴν</span> <span class='ocrx_word' id='word_1_193' title='bbox 1673 2676 1848 2730; x_wconf 82' lang='grc' dir='ltr'>λύσιν’</span> 
     </span>
    </p>
   </div>
   <div class='ocr_carea' id='block_1_26' title="bbox 222 2768 1854 2847">
    <p class='ocr_par' dir='ltr' id='par_1_26' title="bbox 222 2768 1854 2847">
     <span class='ocr_line' id='line_1_26' title="bbox 222 2768 1854 2847; baseline -0.005 -18"><span class='ocrx_word' id='word_1_194' title='bbox 222 2778 317 2829; x_wconf 77' lang='grc' dir='ltr'><strong>ἵνα</strong></span> <span class='ocrx_word' id='word_1_195' title='bbox 349 2775 439 2847; x_wconf 83' lang='grc' dir='ltr'>μὴ</span> <span class='ocrx_word' id='word_1_196' title='bbox 476 2773 693 2843; x_wconf 74' lang='grc' dir='ltr'>σφόδρα</span> <span class='ocrx_word' id='word_1_197' title='bbox 742 2768 1118 2842; x_wconf 74' lang='grc' dir='ltr'>θαυμάζωμεν</span> <span class='ocrx_word' id='word_1_198' title='bbox 1160 2770 1209 2823; x_wconf 83' lang='grc' dir='ltr'><strong>εί</strong></span> <span class='ocrx_word' id='word_1_199' title='bbox 1241 2768 1321 2840; x_wconf 85' lang='grc' dir='ltr'>τῷ</span> <span class='ocrx_word' id='word_1_200' title='bbox 1359 2770 1577 2842; x_wconf 87' lang='grc' dir='ltr'>θανάτῳ</span> <span class='ocrx_word' id='word_1_201' title='bbox 1610 2769 1705 2823; x_wconf 89' lang='grc' dir='ltr'><strong>τοῦ</strong></span> <span class='ocrx_word' id='word_1_202' title='bbox 1756 2775 1854 2822; x_wconf 90' lang='grc' dir='ltr'><strong>Δε-</strong></span> 
     </span>
    </p>
   </div>
   <div class='ocr_carea' id='block_1_27' title="bbox 235 2860 1851 2937">
    <p class='ocr_par' dir='ltr' id='par_1_27' title="bbox 235 2860 1851 2937">
     <span class='ocr_line' id='line_1_27' title="bbox 235 2860 1851 2937; baseline -0.004 -15"><span class='ocrx_word' id='word_1_203' title='bbox 235 2870 461 2922; x_wconf 76' lang='grc' dir='ltr'>σπότου</span> <span class='ocrx_word' id='word_1_204' title='bbox 511 2862 759 2937; x_wconf 81' lang='grc' dir='ltr'>Χριστοῦ</span> <span class='ocrx_word' id='word_1_205' title='bbox 790 2862 936 2917; x_wconf 84' lang='grc' dir='ltr'>λύων</span> <span class='ocrx_word' id='word_1_206' title='bbox 972 2863 1061 2916; x_wconf 78' lang='grc' dir='ltr'><strong>τὸν</strong></span> <span class='ocrx_word' id='word_1_207' title='bbox 1093 2860 1324 2915; x_wconf 89' lang='grc' dir='ltr'>θάνατον</span> <span class='ocrx_word' id='word_1_208' title='bbox 1355 2863 1384 2915; x_wconf 87' lang='grc' dir='ltr'><strong>ό</strong></span> <span class='ocrx_word' id='word_1_209' title='bbox 1417 2860 1581 2927; x_wconf 80' lang='grc' dir='ltr'>Θεὸς,</span> <span class='ocrx_word' id='word_1_210' title='bbox 1616 2864 1694 2932; x_wconf 83' lang='grc' dir='ltr'><strong>(ρ.</strong></span> <span class='ocrx_word' id='word_1_211' title='bbox 1723 2861 1851 2930; x_wconf 74' lang='grc'><strong>252)</strong></span> 
     </span>
    </p>
   </div>
   <div class='ocr_carea' id='block_1_28' title="bbox 223 2953 1853 3028">
    <p class='ocr_par' dir='ltr' id='par_1_28' title="bbox 223 2953 1853 3028">
     <span class='ocr_line' id='line_1_28' title="bbox 223 2953 1853 3028; baseline -0.004 -15"><span class='ocrx_word' id='word_1_212' title='bbox 223 2961 523 3015; x_wconf 79' lang='grc' dir='ltr'>ἀθάνατον</span> <span class='ocrx_word' id='word_1_213' title='bbox 560 2959 694 3028; x_wconf 80' lang='grc' dir='ltr'>ἡμῖν</span> <span class='ocrx_word' id='word_1_214' title='bbox 736 2955 827 3009; x_wconf 86' lang='grc' dir='ltr'>διὰ</span> <span class='ocrx_word' id='word_1_215' title='bbox 862 2954 963 3025; x_wconf 83' lang='grc' dir='ltr'>τῆς</span> <span class='ocrx_word' id='word_1_216' title='bbox 1012 2953 1364 3018; x_wconf 83' lang='grc' dir='ltr'>ἀναστάσεως</span> <span class='ocrx_word' id='word_1_217' title='bbox 1411 2953 1713 3027; x_wconf 85' lang='grc' dir='ltr'>παρέχεται</span> <span class='ocrx_word' id='word_1_218' title='bbox 1752 2954 1853 3026; x_wconf 80' lang='grc' dir='ltr'>τὴν</span> 
     </span>
    </p>
   </div>
   <div class='ocr_carea' id='block_1_29' title="bbox 224 3045 1855 3123">
    <p class='ocr_par' dir='ltr' id='par_1_29' title="bbox 224 3045 1855 3123">
     <span class='ocr_line' id='line_1_29' title="bbox 224 3045 1855 3123; baseline -0.005 -16"><span class='ocrx_word' id='word_1_219' title='bbox 224 3051 415 3123; x_wconf 72' lang='grc' dir='ltr'><strong>ζωήψ</strong></span> <span class='ocrx_word' id='word_1_220' title='bbox 447 3049 577 3104; x_wconf 83' lang='grc' dir='ltr'>ὅθεν</span> <span class='ocrx_word' id='word_1_221' title='bbox 607 3048 703 3102; x_wconf 72' lang='grc' dir='ltr'><strong>καὶ</strong></span> <span class='ocrx_word' id='word_1_222' title='bbox 745 3049 773 3101; x_wconf 89' lang='grc' dir='ltr'><strong>ό</strong></span> <span class='ocrx_word' id='word_1_223' title='bbox 802 3045 1011 3118; x_wconf 81' lang='grc' dir='ltr'>Κύριός</span> <span class='ocrx_word' id='word_1_224' title='bbox 1045 3059 1201 3116; x_wconf 84' lang='grc' dir='ltr'>φησι’</span> <span class='ocrx_word' id='word_1_225' title='bbox 1236 3063 1255 3098; x_wconf 83' lang='grc' dir='ltr'><strong>ι</strong></span> <span class='ocrx_word' id='word_1_226' title='bbox 1298 3045 1407 3099; x_wconf 75' lang='grc' dir='ltr'>Καὶ</span> <span class='ocrx_word' id='word_1_227' title='bbox 1438 3045 1619 3110; x_wconf 84' lang='grc' dir='ltr'>καθὼς</span> <span class='ocrx_word' id='word_1_228' title='bbox 1646 3045 1855 3119; x_wconf 83' lang='grc' dir='ltr'>Μωσῆς</span> 
     </span>
    </p>
   </div>
   <div class='ocr_carea' id='block_1_30' title="bbox 226 3138 1857 3215">
    <p class='ocr_par' dir='ltr' id='par_1_30' title="bbox 226 3138 1857 3215">
     <span class='ocr_line' id='line_1_30' title="bbox 226 3138 1857 3215; baseline -0.003 -18"><span class='ocrx_word' id='word_1_229' title='bbox 226 3142 436 3215; x_wconf 79' lang='grc' dir='ltr'>ὖψωσε</span> <span class='ocrx_word' id='word_1_230' title='bbox 460 3142 561 3196; x_wconf 78' lang='grc' dir='ltr'>τὸν</span> <span class='ocrx_word' id='word_1_231' title='bbox 589 3142 716 3211; x_wconf 78' lang='grc' dir='ltr'>ὅφιν</span> <span class='ocrx_word' id='word_1_232' title='bbox 758 3141 817 3193; x_wconf 84' lang='grc' dir='ltr'>ὲν</span> <span class='ocrx_word' id='word_1_233' title='bbox 846 3142 915 3211; x_wconf 81' lang='grc' dir='ltr'>τῇ</span> <span class='ocrx_word' id='word_1_234' title='bbox 951 3138 1168 3210; x_wconf 72' lang='grc' dir='ltr'>ἐρήμῳ,</span> <span class='ocrx_word' id='word_1_235' title='bbox 1233 3138 1407 3203; x_wconf 80' lang='grc' dir='ltr'>οὕτως</span> <span class='ocrx_word' id='word_1_236' title='bbox 1451 3139 1731 3212; x_wconf 76' lang='grc' dir='ltr'>ὑψωθῆναι</span> <span class='ocrx_word' id='word_1_237' title='bbox 1776 3139 1857 3193; x_wconf 85' lang='grc' dir='ltr'><strong>δεῖ</strong></span> 
     </span>
    </p>
   </div>
   <div class='ocr_carea' id='block_1_31' title="bbox 222 3230 1853 3305">
    <p class='ocr_par' dir='ltr' id='par_1_31' title="bbox 222 3230 1853 3305">
     <span class='ocr_line' id='line_1_31' title="bbox 222 3230 1853 3305; baseline -0.004 -15"><span class='ocrx_word' id='word_1_238' title='bbox 222 3236 324 3290; x_wconf 81' lang='grc' dir='ltr'>τὺν</span> <span class='ocrx_word' id='word_1_239' title='bbox 347 3234 496 3289; x_wconf 81' lang='grc' dir='ltr'>Υἱὸν</span> <span class='ocrx_word' id='word_1_240' title='bbox 523 3233 621 3287; x_wconf 87' lang='grc' dir='ltr'><strong>τοῦ</strong></span> <span class='ocrx_word' id='word_1_241' title='bbox 645 3230 964 3305; x_wconf 83' lang='grc' dir='ltr'>ἀνθρώπου,</span> <span class='ocrx_word' id='word_1_242' title='bbox 996 3231 1082 3284; x_wconf 76' lang='grc' dir='ltr'>ἵνα</span> <span class='ocrx_word' id='word_1_243' title='bbox 1103 3232 1256 3295; x_wconf 82' lang='grc' dir='ltr'>πᾶςό</span> <span class='ocrx_word' id='word_1_244' title='bbox 1278 3230 1552 3285; x_wconf 85' lang='grc' dir='ltr'>πιστεύων</span> <span class='ocrx_word' id='word_1_245' title='bbox 1581 3231 1670 3283; x_wconf 74' lang='grc' dir='ltr'><strong>ἐπ’</strong></span> <span class='ocrx_word' id='word_1_246' title='bbox 1690 3230 1853 3285; x_wconf 80' lang='grc' dir='ltr'>αὑτὸν</span> 
     </span>
    </p>
   </div>
   <div class='ocr_carea' id='block_1_32' title="bbox 232 3284 1923 3401">
    <p class='ocr_par' dir='ltr' id='par_1_32' title="bbox 232 3284 1923 3401">
     <span class='ocr_line' id='line_1_32' title="bbox 232 3284 1923 3401; baseline -0.004 -19"><span class='ocrx_word' id='word_1_247' title='bbox 337 3284 818 3398; x_wconf 60' lang='grc' dir='ltr'>ἀπόληται.νάλῖ</span> <span class='ocrx_word' id='word_1_248' title='bbox 856 3284 962 3398; x_wconf 42' lang='lat' dir='ltr'><strong>Em.</strong></span> <span class='ocrx_word' id='word_1_249' title='bbox 992 3284 1417 3397; x_wconf 76' lang='grc' dir='ltr'>ζωὴνάίὼνιονο</span> <span class='ocrx_word' id='word_1_250' title='bbox 1462 3323 1733 3387; x_wconf 78' lang='grc' dir='ltr'>»δεικνὺς</span> <span class='ocrx_word' id='word_1_251' title='bbox 1770 3323 1852 3377; x_wconf 84' lang='grc' dir='ltr'>ὅτι</span> <span class='ocrx_word' id='word_1_252' title='bbox 1881 3284 1923 3341; x_wconf 76' lang='lat' dir='ltr'><strong>C</strong></span> 
     </span>
    </p>
   </div>
   <div class='ocr_carea' id='block_1_33' title="bbox 226 3412 1856 3493">
    <p class='ocr_par' dir='ltr' id='par_1_33' title="bbox 226 3412 1856 3493">
     <span class='ocr_line' id='line_1_33' title="bbox 226 3412 1856 3493; baseline -0.006 -18"><span class='ocrx_word' id='word_1_253' title='bbox 226 3423 418 3493; x_wconf 79' lang='grc' dir='ltr'>ὅνπερ</span> <span class='ocrx_word' id='word_1_254' title='bbox 469 3418 679 3491; x_wconf 86' lang='grc' dir='ltr'>τρόπον</span> <span class='ocrx_word' id='word_1_255' title='bbox 710 3417 833 3471; x_wconf 91' lang='grc' dir='ltr'>τότε</span> <span class='ocrx_word' id='word_1_256' title='bbox 862 3416 975 3472; x_wconf 87' lang='grc' dir='ltr'><strong>τῶν</strong></span> <span class='ocrx_word' id='word_1_257' title='bbox 1008 3416 1355 3489; x_wconf 87' lang='grc' dir='ltr'>πληττόντων</span> <span class='ocrx_word' id='word_1_258' title='bbox 1384 3414 1445 3468; x_wconf 83' lang='grc' dir='ltr'><strong>τὸ</strong></span> <span class='ocrx_word' id='word_1_259' title='bbox 1495 3413 1723 3485; x_wconf 82' lang='grc' dir='ltr'>μίμημα</span> <span class='ocrx_word' id='word_1_260' title='bbox 1755 3412 1856 3485; x_wconf 83' lang='grc' dir='ltr'><strong>τὴν</strong></span> 
     </span>
    </p>
   </div>
   <div class='ocr_carea' id='block_1_34' title="bbox 228 3503 1857 3580">
    <p class='ocr_par' dir='ltr' id='par_1_34' title="bbox 228 3503 1857 3580">
     <span class='ocr_line' id='line_1_34' title="bbox 228 3503 1857 3580; baseline -0.005 -15"><span class='ocrx_word' id='word_1_261' title='bbox 228 3511 346 3565; x_wconf 70' lang='grc' dir='ltr'><strong>ἀπὸ</strong></span> <span class='ocrx_word' id='word_1_262' title='bbox 390 3509 504 3580; x_wconf 77' lang='grc' dir='ltr'>τῆς</span> <span class='ocrx_word' id='word_1_263' title='bbox 556 3507 773 3578; x_wconf 83' lang='grc' dir='ltr'>πληγῆς</span> <span class='ocrx_word' id='word_1_264' title='bbox 806 3507 924 3561; x_wconf 77' lang='grc' dir='ltr'>ἰᾶτο</span> <span class='ocrx_word' id='word_1_265' title='bbox 957 3505 1186 3579; x_wconf 85' lang='grc' dir='ltr'>βλάϐην,</span> <span class='ocrx_word' id='word_1_266' title='bbox 1230 3506 1323 3561; x_wconf 84' lang='grc' dir='ltr'><strong>τὸν</strong></span> <span class='ocrx_word' id='word_1_267' title='bbox 1350 3504 1515 3558; x_wconf 80' lang='grc' dir='ltr'>αὐτὸν</span> <span class='ocrx_word' id='word_1_268' title='bbox 1556 3504 1621 3575; x_wconf 86' lang='grc' dir='ltr'>δὴ</span> <span class='ocrx_word' id='word_1_269' title='bbox 1654 3503 1857 3576; x_wconf 85' lang='grc' dir='ltr'>τρόπον</span> 
     </span>
    </p>
   </div>
   <div class='ocr_carea' id='block_1_35' title="bbox 229 3597 1852 3669">
    <p class='ocr_par' dir='ltr' id='par_1_35' title="bbox 229 3597 1852 3669">
     <span class='ocr_line' id='line_1_35' title="bbox 229 3597 1852 3669; baseline -0.005 -12"><span class='ocrx_word' id='word_1_270' title='bbox 229 3604 331 3657; x_wconf 72' lang='grc' dir='ltr'>καὶ</span> <span class='ocrx_word' id='word_1_271' title='bbox 368 3600 477 3656; x_wconf 77' lang='grc' dir='ltr'><strong>νῦν</strong></span> <span class='ocrx_word' id='word_1_272' title='bbox 503 3602 534 3654; x_wconf 87' lang='grc' dir='ltr'><strong>ό</strong></span> <span class='ocrx_word' id='word_1_273' title='bbox 565 3600 776 3664; x_wconf 85' lang='grc' dir='ltr'>πάντας</span> <span class='ocrx_word' id='word_1_274' title='bbox 812 3597 1144 3669; x_wconf 85' lang='grc' dir='ltr'>ἀνθρώπους</span> <span class='ocrx_word' id='word_1_275' title='bbox 1176 3597 1574 3669; x_wconf 83' lang='grc' dir='ltr'>έπινεμόμενος</span> <span class='ocrx_word' id='word_1_276' title='bbox 1599 3597 1852 3662; x_wconf 86' lang='grc' dir='ltr'>θάνατος,</span> 
     </span>
    </p>
   </div>
   <div class='ocr_carea' id='block_1_36' title="bbox 231 3687 1856 3761">
    <p class='ocr_par' dir='ltr' id='par_1_36' title="bbox 231 3687 1856 3761">
     <span class='ocr_line' id='line_1_36' title="bbox 231 3687 1856 3761; baseline -0.006 -10"><span class='ocrx_word' id='word_1_277' title='bbox 231 3698 331 3752; x_wconf 66' lang='grc' dir='ltr'>ἐπὶ</span> <span class='ocrx_word' id='word_1_278' title='bbox 366 3693 472 3749; x_wconf 75' lang='grc' dir='ltr'><strong>τοῦ</strong></span> <span class='ocrx_word' id='word_1_279' title='bbox 507 3692 787 3746; x_wconf 86' lang='grc' dir='ltr'>Δεσπότου</span> <span class='ocrx_word' id='word_1_280' title='bbox 814 3690 1053 3761; x_wconf 87' lang='grc' dir='ltr'>Χριστοῦ</span> <span class='ocrx_word' id='word_1_281' title='bbox 1080 3691 1343 3760; x_wconf 87' lang='grc' dir='ltr'>γεγονὼς,</span> <span class='ocrx_word' id='word_1_282' title='bbox 1370 3690 1470 3744; x_wconf 85' lang='grc' dir='ltr'><strong>οὐκ</strong></span> <span class='ocrx_word' id='word_1_283' title='bbox 1496 3687 1646 3759; x_wconf 80' lang='grc' dir='ltr'>αὐτῷ</span> <span class='ocrx_word' id='word_1_284' title='bbox 1671 3688 1856 3759; x_wconf 89' lang='grc' dir='ltr'>μόνον,</span> 
     </span>
    </p>
   </div>
   <div class='ocr_carea' id='block_1_37' title="bbox 234 3780 1858 3859">
    <p class='ocr_par' dir='ltr' id='par_1_37' title="bbox 234 3780 1858 3859">
     <span class='ocr_line' id='line_1_37' title="bbox 234 3780 1858 3859; baseline -0.006 -14"><span class='ocrx_word' id='word_1_285' title='bbox 234 3791 379 3845; x_wconf 80' lang='grc' dir='ltr'><strong>ἀλλά</strong></span> <span class='ocrx_word' id='word_1_286' title='bbox 413 3787 533 3859; x_wconf 76' lang='grc' dir='ltr'><strong>γὰρ</strong></span> <span class='ocrx_word' id='word_1_287' title='bbox 564 3785 660 3839; x_wconf 70' lang='grc' dir='ltr'><strong>καὶ</strong></span> <span class='ocrx_word' id='word_1_288' title='bbox 690 3785 858 3839; x_wconf 81' lang='grc' dir='ltr'>πᾶσιν</span> <span class='ocrx_word' id='word_1_289' title='bbox 883 3782 1199 3855; x_wconf 84' lang='grc' dir='ltr'>ἀνθρώποις</span> <span class='ocrx_word' id='word_1_290' title='bbox 1231 3783 1325 3838; x_wconf 89' lang='grc' dir='ltr'><strong>τοῦ</strong></span> <span class='ocrx_word' id='word_1_291' title='bbox 1356 3782 1589 3838; x_wconf 84' lang='grc' dir='ltr'>θανάτου</span> <span class='ocrx_word' id='word_1_292' title='bbox 1630 3780 1858 3855; x_wconf 86' lang='grc' dir='ltr'>παρέξει</span> 
     </span>
    </p>
   </div>
   <div class='ocr_carea' id='block_1_38' title="bbox 235 3877 560 3953">
    <p class='ocr_par' dir='ltr' id='par_1_38' title="bbox 235 3877 560 3953">
     <span class='ocr_line' id='line_1_38' title="bbox 235 3877 560 3953; baseline -0.009 -19"><span class='ocrx_word' id='word_1_293' title='bbox 235 3881 335 3953; x_wconf 71' lang='grc' dir='ltr'>τὴν</span> <span class='ocrx_word' id='word_1_294' title='bbox 360 3877 560 3932; x_wconf 81' lang='grc' dir='ltr'>λύσιν.</span> 
     </span>
    </p>
   </div>
   <div class='ocr_carea' id='block_1_39' title="bbox 306 3966 1860 4041">
    <p class='ocr_par' dir='ltr' id='par_1_39' title="bbox 306 3966 1860 4041">
     <span class='ocr_line' id='line_1_39' title="bbox 306 3966 1860 4041; baseline 0 -16"><span class='ocrx_word' id='word_1_295' title='bbox 306 3972 484 4025; x_wconf 75' lang='grc' dir='ltr'>υῦτω</span> <span class='ocrx_word' id='word_1_296' title='bbox 509 3968 571 4022; x_wconf 82' lang='grc' dir='ltr'>δὲ</span> <span class='ocrx_word' id='word_1_297' title='bbox 604 3967 701 4021; x_wconf 71' lang='grc' dir='ltr'>καὶ</span> <span class='ocrx_word' id='word_1_298' title='bbox 733 3966 803 4023; x_wconf 85' lang='grc' dir='ltr'><strong>τά</strong></span> <span class='ocrx_word' id='word_1_299' title='bbox 830 3967 972 4022; x_wconf 82' lang='grc' dir='ltr'><strong>κατά</strong></span> <span class='ocrx_word' id='word_1_300' title='bbox 1000 3968 1092 4023; x_wconf 85' lang='grc' dir='ltr'>τὸν</span> <span class='ocrx_word' id='word_1_301' title='bbox 1120 3970 1391 4041; x_wconf 85' lang='grc' dir='ltr'>μακάριον</span> <span class='ocrx_word' id='word_1_302' title='bbox 1414 3970 1639 4040; x_wconf 84' lang='grc' dir='ltr'>γέγονεν</span> <span class='ocrx_word' id='word_1_303' title='bbox 1672 3971 1860 4025; x_wconf 80' lang='grc' dir='ltr'><strong>Ίωνᾶν</strong></span> 
     </span>
    </p>
   </div>
   <div class='ocr_carea' id='block_1_40' title="bbox 230 4059 1863 4137">
    <p class='ocr_par' dir='ltr' id='par_1_40' title="bbox 230 4059 1863 4137">
     <span class='ocr_line' id='line_1_40' title="bbox 230 4059 1863 4137; baseline 0 -19"><span class='ocrx_word' id='word_1_304' title='bbox 230 4067 331 4121; x_wconf 65' lang='grc' dir='ltr'><strong>τὸν</strong></span> <span class='ocrx_word' id='word_1_305' title='bbox 356 4062 692 4137; x_wconf 73' lang='grc' dir='ltr'>προφήτην,</span> <span class='ocrx_word' id='word_1_306' title='bbox 722 4059 809 4124; x_wconf 87' lang='grc' dir='ltr'><strong>ὃν,</strong></span> <span class='ocrx_word' id='word_1_307' title='bbox 845 4060 1114 4115; x_wconf 85' lang='grc' dir='ltr'>Ἰουδαίων</span> <span class='ocrx_word' id='word_1_308' title='bbox 1128 4062 1500 4116; x_wconf 80' lang='grc' dir='ltr'>ἀπειθούντων</span> <span class='ocrx_word' id='word_1_309' title='bbox 1523 4065 1616 4118; x_wconf 71' lang='grc' dir='ltr'><strong>καὶ</strong></span> <span class='ocrx_word' id='word_1_310' title='bbox 1639 4065 1863 4136; x_wconf 85' lang='grc' dir='ltr'>προσίε-</span> 
     </span>
    </p>
   </div>
   <div class='ocr_carea' id='block_1_41' title="bbox 235 4154 1861 4229">
    <p class='ocr_par' dir='ltr' id='par_1_41' title="bbox 235 4154 1861 4229">
     <span class='ocr_line' id='line_1_41' title="bbox 235 4154 1861 4229; baseline -0.002 -15"><span class='ocrx_word' id='word_1_311' title='bbox 235 4159 373 4214; x_wconf 81' lang='grc' dir='ltr'>σθαι</span> <span class='ocrx_word' id='word_1_312' title='bbox 409 4156 518 4219; x_wconf 78' lang='grc' dir='ltr'>τὰς</span> <span class='ocrx_word' id='word_1_313' title='bbox 577 4154 917 4227; x_wconf 70' lang='grc' dir='ltr'>προφητείας</span> <span class='ocrx_word' id='word_1_314' title='bbox 970 4154 1070 4207; x_wconf 81' lang='grc' dir='ltr'>οὐκ</span> <span class='ocrx_word' id='word_1_315' title='bbox 1122 4154 1442 4220; x_wconf 77' lang='grc' dir='ltr'>ἐθελόντων,</span> <span class='ocrx_word' id='word_1_316' title='bbox 1487 4157 1581 4210; x_wconf 75' lang='grc' dir='ltr'>ἐπὶ</span> <span class='ocrx_word' id='word_1_317' title='bbox 1626 4158 1696 4211; x_wconf 83' lang='grc' dir='ltr'><strong>τὰ</strong></span> <span class='ocrx_word' id='word_1_318' title='bbox 1732 4157 1861 4229; x_wconf 77' lang='grc' dir='ltr'>ἔθνη</span> 
     </span>
    </p>
   </div>
   <div class='ocr_carea' id='block_1_42' title="bbox 240 4242 1859 4320">
    <p class='ocr_par' dir='ltr' id='par_1_42' title="bbox 240 4242 1859 4320">
     <span class='ocr_line' id='line_1_42' title="bbox 240 4242 1859 4320; baseline -0.001 -17"><span class='ocrx_word' id='word_1_319' title='bbox 240 4248 545 4320; x_wconf 72' lang='grc' dir='ltr'>μετελθεῖν</span> <span class='ocrx_word' id='word_1_320' title='bbox 581 4244 1002 4317; x_wconf 86' lang='grc' dir='ltr'>παρεσκεύασεν</span> <span class='ocrx_word' id='word_1_321' title='bbox 1041 4245 1070 4297; x_wconf 88' lang='grc' dir='ltr'><strong>ό</strong></span> <span class='ocrx_word' id='word_1_322' title='bbox 1098 4244 1231 4310; x_wconf 85' lang='grc' dir='ltr'>Θεός</span> <span class='ocrx_word' id='word_1_323' title='bbox 1259 4264 1272 4277; x_wconf 90' lang='grc'>·</span> <span class='ocrx_word' id='word_1_324' title='bbox 1317 4242 1435 4300; x_wconf 79' lang='grc' dir='ltr'>εἶτα</span> <span class='ocrx_word' id='word_1_325' title='bbox 1465 4247 1552 4300; x_wconf 82' lang='grc' dir='ltr'>διὰ</span> <span class='ocrx_word' id='word_1_326' title='bbox 1599 4247 1769 4319; x_wconf 83' lang='grc' dir='ltr'>τριῶν</span> <span class='ocrx_word' id='word_1_327' title='bbox 1801 4265 1859 4301; x_wconf 88' lang='grc' dir='ltr'><strong>τε</strong></span> 
     </span>
    </p>
   </div>
   <div class='ocr_carea' id='block_1_43' title="bbox 238 4337 1861 4415">
    <p class='ocr_par' dir='ltr' id='par_1_43' title="bbox 238 4337 1861 4415">
     <span class='ocr_line' id='line_1_43' title="bbox 238 4337 1861 4415; baseline 0 -22"><span class='ocrx_word' id='word_1_328' title='bbox 238 4346 272 4412; x_wconf 70' lang='grc' dir='ltr'><strong>ἦ</strong></span> <span class='ocrx_word' id='word_1_329' title='bbox 280 4361 351 4415; x_wconf 82' lang='grc' dir='ltr'><strong>με</strong></span> <span class='ocrx_word' id='word_1_330' title='bbox 360 4341 482 4413; x_wconf 81' lang='grc' dir='ltr'><strong>ρῶν</strong></span> <span class='ocrx_word' id='word_1_331' title='bbox 506 4340 606 4394; x_wconf 79' lang='grc' dir='ltr'><strong>καὶ</strong></span> <span class='ocrx_word' id='word_1_332' title='bbox 629 4337 842 4392; x_wconf 88' lang='grc' dir='ltr'>νυκτῶν</span> <span class='ocrx_word' id='word_1_333' title='bbox 863 4337 1185 4410; x_wconf 80' lang='grc' dir='ltr'>παραδόξως</span> <span class='ocrx_word' id='word_1_334' title='bbox 1206 4338 1301 4391; x_wconf 76' lang='grc' dir='ltr'><strong>ἐπὶ</strong></span> <span class='ocrx_word' id='word_1_335' title='bbox 1327 4339 1422 4392; x_wconf 91' lang='grc' dir='ltr'><strong>τοῦ</strong></span> <span class='ocrx_word' id='word_1_336' title='bbox 1457 4340 1662 4412; x_wconf 79' lang='grc' dir='ltr'>κήτους</span> <span class='ocrx_word' id='word_1_337' title='bbox 1699 4340 1861 4394; x_wconf 78' lang='grc' dir='ltr'>αὐτὸν</span> 
     </span>
    </p>
   </div>
   <div class='ocr_carea' id='block_1_44' title="bbox 235 4430 1859 4504">
    <p class='ocr_par' dir='ltr' id='par_1_44' title="bbox 235 4430 1859 4504">
     <span class='ocr_line' id='line_1_44' title="bbox 235 4430 1859 4504; baseline 0.01 -15"><span class='ocrx_word' id='word_1_338' title='bbox 235 4433 561 4497; x_wconf 78' lang='grc' dir='ltr'>διασώσας,</span> <span class='ocrx_word' id='word_1_339' title='bbox 596 4431 775 4503; x_wconf 70' lang='grc' dir='ltr'>ἤγαγέ</span> <span class='ocrx_word' id='word_1_340' title='bbox 795 4448 856 4484; x_wconf 85' lang='grc' dir='ltr'><strong>τε</strong></span> <span class='ocrx_word' id='word_1_341' title='bbox 883 4432 964 4495; x_wconf 77' lang='grc' dir='ltr'>εις</span> <span class='ocrx_word' id='word_1_342' title='bbox 990 4430 1089 4501; x_wconf 79' lang='grc' dir='ltr'>τὴν</span> <span class='ocrx_word' id='word_1_343' title='bbox 1118 4430 1272 4484; x_wconf 72' lang='grc' dir='ltr'>πόλιν</span> <span class='ocrx_word' id='word_1_344' title='bbox 1297 4431 1396 4502; x_wconf 77' lang='grc' dir='ltr'>τὴν</span> <span class='ocrx_word' id='word_1_345' title='bbox 1439 4433 1649 4504; x_wconf 79' lang='grc' dir='ltr'>μυρίων</span> <span class='ocrx_word' id='word_1_346' title='bbox 1677 4432 1859 4504; x_wconf 82' lang='grc' dir='ltr'>πλήρη</span> 
     </span>
    </p>
   </div>
   <div class='ocr_carea' id='block_1_45' title="bbox 237 4518 1860 4593">
    <p class='ocr_par' dir='ltr' id='par_1_45' title="bbox 237 4518 1860 4593">
     <span class='ocr_line' id='line_1_45' title="bbox 237 4518 1860 4593; baseline -0.004 -12"><span class='ocrx_word' id='word_1_347' title='bbox 237 4526 443 4581; x_wconf 82' lang='grc' dir='ltr'>κακῶν</span> <span class='ocrx_word' id='word_1_348' title='bbox 464 4540 479 4553; x_wconf 71' lang='grc' dir='ltr'><strong>ο</strong></span> <span class='ocrx_word' id='word_1_349' title='bbox 508 4523 608 4577; x_wconf 81' lang='grc' dir='ltr'>καὶ</span> <span class='ocrx_word' id='word_1_350' title='bbox 648 4520 1032 4593; x_wconf 83' lang='grc' dir='ltr'>παρεσκεύασε</span> <span class='ocrx_word' id='word_1_351' title='bbox 1064 4518 1378 4592; x_wconf 80' lang='grc' dir='ltr'>κηρύξαντα</span> <span class='ocrx_word' id='word_1_352' title='bbox 1401 4522 1503 4593; x_wconf 80' lang='grc' dir='ltr'>τὴν</span> <span class='ocrx_word' id='word_1_353' title='bbox 1548 4520 1860 4592; x_wconf 85' lang='grc' dir='ltr'>μετάνοιαν,</span> 
     </span>
    </p>
   </div>
   <div class='ocr_carea' id='block_1_46' title="bbox 239 4610 1860 4689">
    <p class='ocr_par' dir='ltr' id='par_1_46' title="bbox 239 4610 1860 4689">
     <span class='ocr_line' id='line_1_46' title="bbox 239 4610 1860 4689; baseline -0.002 -20"><span class='ocrx_word' id='word_1_354' title='bbox 239 4616 541 4689; x_wconf 76' lang='grc' dir='ltr'>σωτηρίας</span> <span class='ocrx_word' id='word_1_355' title='bbox 588 4614 762 4668; x_wconf 73' lang='grc' dir='ltr'>ἅπασι</span> <span class='ocrx_word' id='word_1_356' title='bbox 795 4614 910 4677; x_wconf 89' lang='grc' dir='ltr'>τοῖς</span> <span class='ocrx_word' id='word_1_357' title='bbox 943 4610 1133 4664; x_wconf 85' lang='grc' dir='ltr'>αὐτόθι</span> <span class='ocrx_word' id='word_1_358' title='bbox 1166 4611 1429 4683; x_wconf 80' lang='grc' dir='ltr'>πρόξενον</span> <span class='ocrx_word' id='word_1_359' title='bbox 1466 4611 1722 4681; x_wconf 86' lang='grc' dir='ltr'>γενέσθαι</span> <span class='ocrx_word' id='word_1_360' title='bbox 1754 4628 1767 4642; x_wconf 88' lang='grc'><strong>·</strong></span> <span class='ocrx_word' id='word_1_361' title='bbox 1794 4611 1860 4665; x_wconf 81' lang='grc' dir='ltr'><strong>ἵν’</strong></span> 
     </span>
    </p>
   </div>
   <div class='ocr_carea' id='block_1_47' title="bbox 236 4704 1858 4780">
    <p class='ocr_par' dir='ltr' id='par_1_47' title="bbox 236 4704 1858 4780">
     <span class='ocr_line' id='line_1_47' title="bbox 236 4704 1858 4780; baseline -0.006 -14"><span class='ocrx_word' id='word_1_362' title='bbox 236 4714 307 4766; x_wconf 80' lang='grc' dir='ltr'>ὲκ</span> <span class='ocrx_word' id='word_1_363' title='bbox 340 4707 724 4780; x_wconf 83' lang='grc' dir='ltr'>παραθέσεως</span> <span class='ocrx_word' id='word_1_364' title='bbox 760 4706 835 4777; x_wconf 82' lang='grc' dir='ltr'>μὴ</span> <span class='ocrx_word' id='word_1_365' title='bbox 869 4705 1234 4776; x_wconf 84' lang='grc' dir='ltr'>ἀπιστοίημεν</span> <span class='ocrx_word' id='word_1_366' title='bbox 1255 4744 1271 4767; x_wconf 88' lang='grc'><strong>,</strong></span> <span class='ocrx_word' id='word_1_367' title='bbox 1302 4707 1351 4757; x_wconf 84' lang='grc' dir='ltr'>εὶ</span> <span class='ocrx_word' id='word_1_368' title='bbox 1385 4706 1480 4758; x_wconf 55' lang='grc' dir='ltr'><strong>καὶ⁸</strong></span> <span class='ocrx_word' id='word_1_369' title='bbox 1520 4707 1549 4759; x_wconf 88' lang='grc' dir='ltr'>ὁ</span> <span class='ocrx_word' id='word_1_370' title='bbox 1579 4704 1858 4776; x_wconf 88' lang='grc' dir='ltr'>Δεσπότης</span> 
     </span>
    </p>
   </div>
   <div class='ocr_carea' id='block_1_48' title="bbox 235 4797 1855 4877">
    <p class='ocr_par' dir='ltr' id='par_1_48' title="bbox 235 4797 1855 4877">
     <span class='ocr_line' id='line_1_48' title="bbox 235 4797 1855 4877; baseline -0.006 -18"><span class='ocrx_word' id='word_1_371' title='bbox 235 4803 496 4877; x_wconf 81' lang='grc' dir='ltr'>Χριστὸς</span> <span class='ocrx_word' id='word_1_372' title='bbox 525 4800 617 4854; x_wconf 81' lang='grc' dir='ltr'><strong>διὰ</strong></span> <span class='ocrx_word' id='word_1_373' title='bbox 651 4800 759 4853; x_wconf 92' lang='grc' dir='ltr'><strong>τῶν</strong></span> <span class='ocrx_word' id='word_1_374' title='bbox 786 4799 917 4852; x_wconf 82' lang='grc' dir='ltr'>ἴσων</span> <span class='ocrx_word' id='word_1_375' title='bbox 944 4797 1155 4870; x_wconf 89' lang='grc' dir='ltr'>καιρῶν</span> <span class='ocrx_word' id='word_1_376' title='bbox 1184 4797 1513 4871; x_wconf 78' lang='grc' dir='ltr'>ἀδιάφθορος</span> <span class='ocrx_word' id='word_1_377' title='bbox 1540 4797 1855 4869; x_wconf 73' lang='grc' dir='ltr'>φυλαχθεὶς,</span> 
     </span>
    </p>
   </div>
   <div class='ocr_carea' id='block_1_49' title="bbox 240 4889 1859 4965">
    <p class='ocr_par' dir='ltr' id='par_1_49' title="bbox 240 4889 1859 4965">
     <span class='ocr_line' id='line_1_49' title="bbox 240 4889 1859 4965; baseline -0.006 -13"><span class='ocrx_word' id='word_1_378' title='bbox 240 4898 344 4953; x_wconf 76' lang='grc' dir='ltr'>καὶ</span> <span class='ocrx_word' id='word_1_379' title='bbox 411 4897 481 4949; x_wconf 82' lang='grc' dir='ltr'>ὲκ</span> <span class='ocrx_word' id='word_1_380' title='bbox 539 4892 751 4965; x_wconf 86' lang='grc' dir='ltr'>νεκρῶν</span> <span class='ocrx_word' id='word_1_381' title='bbox 789 4890 1059 4954; x_wconf 87' lang='grc' dir='ltr'>ἀναστὰς,</span> <span class='ocrx_word' id='word_1_382' title='bbox 1094 4890 1152 4943; x_wconf 79' lang='grc' dir='ltr'>ἐν</span> <span class='ocrx_word' id='word_1_383' title='bbox 1208 4889 1463 4960; x_wconf 85' lang='grc' dir='ltr'>ἀθανάτῳ</span> <span class='ocrx_word' id='word_1_384' title='bbox 1511 4890 1623 4961; x_wconf 75' lang='grc' dir='ltr'><strong>ζωῇ</strong></span> <span class='ocrx_word' id='word_1_385' title='bbox 1672 4890 1859 4959; x_wconf 78' lang='grc' dir='ltr'>κοινὴν</span> 
     </span>
    </p>
   </div>
   <div class='ocr_carea' id='block_1_50' title="bbox 242 4980 1864 5050">
    <p class='ocr_par' dir='ltr' id='par_1_50' title="bbox 242 4980 1864 5050">
     <span class='ocr_line' id='line_1_50' title="bbox 242 4980 1864 5050; baseline -0.007 -6"><span class='ocrx_word' id='word_1_386' title='bbox 242 4993 430 5045; x_wconf 78' lang='grc' dir='ltr'>ἆπασι</span> <span class='ocrx_word' id='word_1_387' title='bbox 462 4987 580 5049; x_wconf 87' lang='grc' dir='ltr'>τοῖς</span> <span class='ocrx_word' id='word_1_388' title='bbox 631 4985 831 5049; x_wconf 76' lang='grc' dir='ltr'>ἔθνεσι,</span> <span class='ocrx_word' id='word_1_389' title='bbox 869 4984 963 5036; x_wconf 79' lang='grc' dir='ltr'><strong>καὶ</strong></span> <span class='ocrx_word' id='word_1_390' title='bbox 992 4980 1170 5036; x_wconf 88' lang='grc' dir='ltr'>ταῦτά</span> <span class='ocrx_word' id='word_1_391' title='bbox 1214 4999 1277 5050; x_wconf 90' lang='grc' dir='ltr'><strong>γε</strong></span> <span class='ocrx_word' id='word_1_392' title='bbox 1321 4980 1693 5035; x_wconf 84' lang='grc' dir='ltr'>ἀπειθούντων</span> <span class='ocrx_word' id='word_1_393' title='bbox 1730 4982 1864 5033; x_wconf 84' lang='grc' dir='ltr'>Ἰου-</span> 
     </span>
    </p>
   </div>
   <div class='ocr_carea' id='block_1_51' title="bbox 244 5068 1861 5147">
    <p class='ocr_par' dir='ltr' id='par_1_51' title="bbox 244 5068 1861 5147">
     <span class='ocr_line' id='line_1_51' title="bbox 244 5068 1861 5147; baseline -0.008 -12"><span class='ocrx_word' id='word_1_394' title='bbox 244 5082 443 5145; x_wconf 77' lang='grc' dir='ltr'>δαίων,</span> <span class='ocrx_word' id='word_1_395' title='bbox 464 5076 569 5147; x_wconf 81' lang='grc' dir='ltr'><strong>τὴν</strong></span> <span class='ocrx_word' id='word_1_396' title='bbox 588 5077 651 5129; x_wconf 80' lang='grc' dir='ltr'><strong>ἐκ</strong></span> <span class='ocrx_word' id='word_1_397' title='bbox 666 5075 765 5145; x_wconf 81' lang='grc' dir='ltr'>τῆς</span> <span class='ocrx_word' id='word_1_398' title='bbox 787 5072 1078 5145; x_wconf 82' lang='grc' dir='ltr'>μετανοίας</span> <span class='ocrx_word' id='word_1_399' title='bbox 1098 5072 1402 5143; x_wconf 87' lang='grc' dir='ltr'>παρέχεται</span> <span class='ocrx_word' id='word_1_400' title='bbox 1422 5071 1718 5142; x_wconf 75' lang='grc' dir='ltr'>σωτηρίανο</span> <span class='ocrx_word' id='word_1_401' title='bbox 1736 5068 1861 5123; x_wconf 82' lang='grc' dir='ltr'>ὅθεν</span> 
     </span>
    </p>
   </div>
   <div class='ocr_carea' id='block_1_52' title="bbox 244 5163 1862 5239">
    <p class='ocr_par' dir='ltr' id='par_1_52' title="bbox 244 5163 1862 5239">
     <span class='ocr_line' id='line_1_52' title="bbox 244 5163 1862 5239; baseline -0.007 -11"><span class='ocrx_word' id='word_1_402' title='bbox 244 5175 340 5229; x_wconf 86' lang='grc' dir='ltr'><strong>καί</strong></span> <span class='ocrx_word' id='word_1_403' title='bbox 364 5174 397 5226; x_wconf 85' lang='grc' dir='ltr'><strong>ό</strong></span> <span class='ocrx_word' id='word_1_404' title='bbox 421 5169 638 5239; x_wconf 81' lang='grc' dir='ltr'>Κύριος</span> <span class='ocrx_word' id='word_1_405' title='bbox 672 5167 802 5221; x_wconf 80' lang='grc' dir='ltr'>ποτὲ</span> <span class='ocrx_word' id='word_1_406' title='bbox 832 5166 931 5238; x_wconf 84' lang='grc' dir='ltr'><strong>μέν</strong></span> <span class='ocrx_word' id='word_1_407' title='bbox 960 5182 1125 5237; x_wconf 81' lang='grc' dir='ltr'>φησιν</span> <span class='ocrx_word' id='word_1_408' title='bbox 1152 5178 1166 5195; x_wconf 83' lang='lat'><strong><em>°</em></strong></span> <span class='ocrx_word' id='word_1_409' title='bbox 1198 5182 1217 5216; x_wconf 84' lang='grc' dir='ltr'><strong>ι</strong></span> <span class='ocrx_word' id='word_1_410' title='bbox 1249 5164 1461 5235; x_wconf 80' lang='grc' dir='ltr'>Ὥσπερ</span> <span class='ocrx_word' id='word_1_411' title='bbox 1483 5163 1590 5234; x_wconf 85' lang='grc' dir='ltr'><strong>γάρ</strong></span> <span class='ocrx_word' id='word_1_412' title='bbox 1618 5166 1647 5217; x_wconf 89' lang='grc' dir='ltr'><strong>ό</strong></span> <span class='ocrx_word' id='word_1_413' title='bbox 1676 5163 1862 5226; x_wconf 83' lang='grc' dir='ltr'>Ἰωνᾶς</span> 
     </span>
    </p>
   </div>
   <div class='ocr_carea' id='block_1_53' title="bbox 243 5254 1859 5337">
    <p class='ocr_par' dir='ltr' id='par_1_53' title="bbox 243 5254 1859 5337">
     <span class='ocr_line' id='line_1_53' title="bbox 243 5254 1859 5337; baseline -0.009 -15"><span class='ocrx_word' id='word_1_414' title='bbox 243 5270 303 5322; x_wconf 77' lang='grc' dir='ltr'><strong>έν</strong></span> <span class='ocrx_word' id='word_1_415' title='bbox 338 5268 411 5337; x_wconf 76' lang='grc' dir='ltr'>τῇ</span> <span class='ocrx_word' id='word_1_416' title='bbox 448 5261 638 5333; x_wconf 79' lang='grc' dir='ltr'>κοιλίᾳ</span> <span class='ocrx_word' id='word_1_417' title='bbox 670 5259 765 5314; x_wconf 87' lang='grc' dir='ltr'><strong>τοῦ</strong></span> <span class='ocrx_word' id='word_1_418' title='bbox 797 5261 1000 5328; x_wconf 85' lang='grc' dir='ltr'>κήτους</span> <span class='ocrx_word' id='word_1_419' title='bbox 1047 5259 1198 5329; x_wconf 84' lang='grc' dir='ltr'>τρεῖς</span> <span class='ocrx_word' id='word_1_420' title='bbox 1233 5256 1449 5328; x_wconf 83' lang='grc' dir='ltr'>ἡμέρας</span> <span class='ocrx_word' id='word_1_421' title='bbox 1487 5254 1712 5327; x_wconf 78' lang='grc' dir='ltr'>ἐποίησε</span> <span class='ocrx_word' id='word_1_422' title='bbox 1763 5255 1859 5308; x_wconf 78' lang='grc' dir='ltr'><strong>καὶ</strong></span> 
     </span>
    </p>
   </div>
   <div class='ocr_carea' id='block_1_54' title="bbox 242 5347 1858 5432">
    <p class='ocr_par' dir='ltr' id='par_1_54' title="bbox 242 5347 1858 5432">
     <span class='ocr_line' id='line_1_54' title="bbox 242 5347 1858 5432; baseline -0.008 -18"><span class='ocrx_word' id='word_1_423' title='bbox 242 5362 403 5432; x_wconf 83' lang='grc' dir='ltr'>τρεῖς</span> <span class='ocrx_word' id='word_1_424' title='bbox 418 5358 653 5419; x_wconf 86' lang='grc' dir='ltr'>νύκτας,</span> <span class='ocrx_word' id='word_1_425' title='bbox 675 5353 751 5424; x_wconf 87' lang='lat' dir='ltr'><strong>(p.</strong></span> <span class='ocrx_word' id='word_1_426' title='bbox 770 5352 899 5422; x_wconf 69' lang='grc'><strong>255)</strong></span> <span class='ocrx_word' id='word_1_427' title='bbox 920 5351 1064 5405; x_wconf 75' lang='grc' dir='ltr'>οὕτω</span> <span class='ocrx_word' id='word_1_428' title='bbox 1083 5351 1164 5404; x_wconf 89' lang='grc' dir='ltr'><strong>δεῖ</strong></span> <span class='ocrx_word' id='word_1_429' title='bbox 1178 5349 1271 5403; x_wconf 86' lang='grc' dir='ltr'>τὸν</span> <span class='ocrx_word' id='word_1_430' title='bbox 1295 5349 1423 5402; x_wconf 80' lang='grc' dir='ltr'>Υίὸν</span> <span class='ocrx_word' id='word_1_431' title='bbox 1440 5347 1535 5400; x_wconf 87' lang='grc' dir='ltr'><strong>τοῦ</strong></span> <span class='ocrx_word' id='word_1_432' title='bbox 1567 5347 1858 5418; x_wconf 84' lang='grc' dir='ltr'>ἀνθρώπου</span> 
     </span>
    </p>
   </div>
   <div class='ocr_carea' id='block_1_55' title="bbox 245 5440 1864 5523">
    <p class='ocr_par' dir='ltr' id='par_1_55' title="bbox 245 5440 1864 5523">
     <span class='ocr_line' id='line_1_55' title="bbox 245 5440 1864 5523; baseline -0.009 -16"><span class='ocrx_word' id='word_1_433' title='bbox 245 5457 307 5509; x_wconf 76' lang='lat' dir='ltr'><strong>tv</strong></span> <span class='ocrx_word' id='word_1_434' title='bbox 330 5454 404 5523; x_wconf 74' lang='grc' dir='ltr'>τῇ</span> <span class='ocrx_word' id='word_1_435' title='bbox 436 5448 644 5519; x_wconf 78' lang='grc' dir='ltr'>καρδίᾳ</span> <span class='ocrx_word' id='word_1_436' title='bbox 664 5447 766 5516; x_wconf 82' lang='grc' dir='ltr'>τῆς</span> <span class='ocrx_word' id='word_1_437' title='bbox 801 5445 905 5515; x_wconf 83' lang='grc' dir='ltr'>γῆς</span> <span class='ocrx_word' id='word_1_438' title='bbox 941 5447 1164 5515; x_wconf 78' lang='grc' dir='ltr'>ποιῆσαι</span> <span class='ocrx_word' id='word_1_439' title='bbox 1188 5444 1339 5515; x_wconf 88' lang='grc' dir='ltr'>τρεῖς</span> <span class='ocrx_word' id='word_1_440' title='bbox 1359 5440 1574 5513; x_wconf 83' lang='grc' dir='ltr'>ἡμέρας</span> <span class='ocrx_word' id='word_1_441' title='bbox 1602 5441 1694 5494; x_wconf 73' lang='grc' dir='ltr'><strong>καὶ</strong></span> <span class='ocrx_word' id='word_1_442' title='bbox 1714 5442 1864 5511; x_wconf 88' lang='grc' dir='ltr'>τρεῖς</span> 
     </span>
    </p>
   </div>
   <div class='ocr_carea' id='block_1_56' title="bbox 246 5532 1865 5608">
    <p class='ocr_par' dir='ltr' id='par_1_56' title="bbox 246 5532 1865 5608">
     <span class='ocr_line' id='line_1_56' title="bbox 246 5532 1865 5608; baseline -0.009 -7"><span class='ocrx_word' id='word_1_443' title='bbox 246 5548 460 5607; x_wconf 81' lang='grc' dir='ltr'>νύκτας</span> <span class='ocrx_word' id='word_1_444' title='bbox 483 5561 533 5594; x_wconf 77' lang='grc'><strong>⁸)</strong></span> <span class='ocrx_word' id='word_1_445' title='bbox 562 5540 692 5593; x_wconf 84' lang='grc' dir='ltr'>ποτὲ</span> <span class='ocrx_word' id='word_1_446' title='bbox 718 5539 775 5592; x_wconf 77' lang='grc' dir='ltr'><strong>δέ</strong></span> <span class='ocrx_word' id='word_1_447' title='bbox 803 5554 819 5569; x_wconf 73' lang='grc' dir='ltr'><strong>ο</strong></span> <span class='ocrx_word' id='word_1_448' title='bbox 852 5556 871 5589; x_wconf 81' lang='grc' dir='ltr'><strong>ι</strong></span> <span class='ocrx_word' id='word_1_449' title='bbox 889 5538 1114 5608; x_wconf 75' lang='grc' dir='ltr'>’Ἄνδρες</span> <span class='ocrx_word' id='word_1_450' title='bbox 1145 5532 1427 5589; x_wconf 79' lang='grc' dir='ltr'>Νινευῗται</span> <span class='ocrx_word' id='word_1_451' title='bbox 1464 5535 1865 5605; x_wconf 81' lang='grc' dir='ltr'>ἀναστήσονται</span> 
     </span>
    </p>
   </div>
   <div class='ocr_carea' id='block_1_57' title="bbox 248 5623 1861 5704">
    <p class='ocr_par' dir='ltr' id='par_1_57' title="bbox 248 5623 1861 5704">
     <span class='ocr_line' id='line_1_57' title="bbox 248 5623 1861 5704; baseline -0.01 -11"><span class='ocrx_word' id='word_1_452' title='bbox 248 5638 346 5693; x_wconf 71' lang='grc' dir='ltr'>καὶ</span> <span class='ocrx_word' id='word_1_453' title='bbox 371 5629 771 5704; x_wconf 78' lang='grc' dir='ltr'>κατακρινοῦσι</span> <span class='ocrx_word' id='word_1_454' title='bbox 803 5629 902 5700; x_wconf 84' lang='grc' dir='ltr'>τὴν</span> <span class='ocrx_word' id='word_1_455' title='bbox 921 5628 1115 5697; x_wconf 84' lang='grc' dir='ltr'>γενεὰν</span> <span class='ocrx_word' id='word_1_456' title='bbox 1137 5626 1365 5698; x_wconf 87' lang='grc' dir='ltr'>ταύτην,</span> <span class='ocrx_word' id='word_1_457' title='bbox 1398 5627 1478 5679; x_wconf 82' lang='grc' dir='ltr'>ὅτι</span> <span class='ocrx_word' id='word_1_458' title='bbox 1509 5626 1746 5696; x_wconf 75' lang='grc' dir='ltr'>ἥκουσαν</span> <span class='ocrx_word' id='word_1_459' title='bbox 1767 5623 1861 5678; x_wconf 88' lang='grc' dir='ltr'><strong>τοῦ</strong></span> 
     </span>
    </p>
   </div>
   <div class='ocr_carea' id='block_1_58' title="bbox 251 5712 1856 5805">
    <p class='ocr_par' dir='ltr' id='par_1_58' title="bbox 251 5712 1856 5805">
     <span class='ocr_line' id='line_1_58' title="bbox 251 5712 1856 5805; baseline -0.006 -23"><span class='ocrx_word' id='word_1_460' title='bbox 251 5728 623 5805; x_wconf 73' lang='grc' dir='ltr'>κηρύγματος</span> <span class='ocrx_word' id='word_1_461' title='bbox 675 5723 832 5778; x_wconf 80' lang='grc' dir='ltr'>Ἰωνᾶ</span> <span class='ocrx_word' id='word_1_462' title='bbox 871 5737 884 5749; x_wconf 91' lang='grc'><strong>·</strong></span> <span class='ocrx_word' id='word_1_463' title='bbox 918 5723 1010 5775; x_wconf 68' lang='grc' dir='ltr'><strong>καὶ</strong></span> <span class='ocrx_word' id='word_1_464' title='bbox 1047 5721 1154 5774; x_wconf 83' lang='grc' dir='ltr'>ἰδοὺ</span> <span class='ocrx_word' id='word_1_465' title='bbox 1216 5719 1399 5774; x_wconf 85' lang='grc' dir='ltr'>πλεῖον</span> <span class='ocrx_word' id='word_1_466' title='bbox 1451 5719 1604 5772; x_wconf 82' lang='grc' dir='ltr'>Ἰωνᾶ</span> <span class='ocrx_word' id='word_1_467' title='bbox 1654 5712 1755 5773; x_wconf 82' lang='grc' dir='ltr'>ὧδε</span> <span class='ocrx_word' id='word_1_468' title='bbox 1780 5736 1796 5751; x_wconf 71' lang='grc' dir='ltr'><strong>ο</strong></span> <span class='ocrx_word' id='word_1_469' title='bbox 1837 5738 1856 5772; x_wconf 73' lang='grc' dir='ltr'><strong>ι</strong></span> 
     </span>
    </p>
   </div>
   <div class='ocr_carea' id='block_1_59' title="bbox 330 5918 1449 5987">
    <p class='ocr_par' dir='ltr' id='par_1_59' title="bbox 330 5918 1449 5987">
     <span class='ocr_line' id='line_1_59' title="bbox 330 5918 1449 5987; baseline -0.006 -6"><span class='ocrx_word' id='word_1_470' title='bbox 330 5929 377 5961; x_wconf 68' lang='grc' dir='ltr'>κ</span> <span class='ocrx_word' id='word_1_471' title='bbox 416 5927 434 5980; x_wconf 84' lang='grc' dir='ltr'><strong>ι</strong></span> <span class='ocrx_word' id='word_1_472' title='bbox 468 5923 601 5979; x_wconf 88' lang='lat' dir='ltr'><strong>Cor.</strong></span> <span class='ocrx_word' id='word_1_473' title='bbox 663 5938 719 5987; x_wconf 69' lang='grc' dir='ltr'>Χ,</span> <span class='ocrx_word' id='word_1_474' title='bbox 763 5922 849 5977; x_wconf 82' lang='lat' dir='ltr'><strong>ll.</strong></span> <span class='ocrx_word' id='word_1_475' title='bbox 928 5921 975 5952; x_wconf 81' lang='grc'><strong>⁷⁸</strong></span> <span class='ocrx_word' id='word_1_476' title='bbox 1014 5918 1178 5975; x_wconf 82' lang='lat' dir='ltr'>Hebr.</span> <span class='ocrx_word' id='word_1_477' title='bbox 1232 5936 1306 5984; x_wconf 72' lang='grc' dir='ltr'><strong>εχ,</strong></span> <span class='ocrx_word' id='word_1_478' title='bbox 1360 5921 1449 5974; x_wconf 69' lang='grc'><strong>15.</strong></span> 
     </span>
    </p>
   </div>
   <div class='ocr_carea' id='block_1_60' title="bbox 1463 439 2407 502">
    <p class='ocr_par' dir='ltr' id='par_1_60' title="bbox 1463 439 2407 502">
     <span class='ocr_line' id='line_1_60' title="bbox 1463 439 2407 502; baseline 0.004 -4"><span class='ocrx_word' id='word_1_479' title='bbox 1463 439 2021 499; x_wconf 73' lang='lat' dir='ltr'><strong>COMMENTARIUS</strong></span> <span class='ocrx_word' id='word_1_480' title='bbox 2054 441 2122 498; x_wconf 86' lang='lat' dir='ltr'><strong>IN</strong></span> <span class='ocrx_word' id='word_1_481' title='bbox 2158 444 2407 502; x_wconf 69' lang='lat' dir='ltr'><strong>JONAM.</strong></span> 
     </span>
    </p>
   </div>
   <div class='ocr_carea' id='block_1_61' title="bbox 3452 463 3558 522">
    <p class='ocr_par' dir='ltr' id='par_1_61' title="bbox 3452 463 3558 522">
     <span class='ocr_line' id='line_1_61' title="bbox 3452 463 3558 522; baseline 0.047 -5"><span class='ocrx_word' id='word_1_482' title='bbox 3452 463 3558 522; x_wconf 67' lang='grc'><strong>52⁸2</strong></span> 
     </span>
    </p>
   </div>
   <div class='ocr_carea' id='block_1_62' title="bbox 1881 563 3556 647">
    <p class='ocr_par' dir='ltr' id='par_1_62' title="bbox 1881 563 3556 647">
     <span class='ocr_line' id='line_1_62' title="bbox 1881 563 3556 647; baseline 0.007 -27"><span class='ocrx_word' id='word_1_483' title='bbox 1881 564 1924 620; x_wconf 78' lang='grc' dir='ltr'><strong>Α</strong></span> <span class='ocrx_word' id='word_1_484' title='bbox 1957 563 2173 619; x_wconf 87' lang='lat' dir='ltr'><strong>termini</strong></span> <span class='ocrx_word' id='word_1_485' title='bbox 2205 566 2533 620; x_wconf 70' lang='lat' dir='ltr'><strong>saeculorum</strong></span> <span class='ocrx_word' id='word_1_486' title='bbox 2560 566 2990 626; x_wconf 77' lang='lat' dir='ltr'><strong>devenerunt&quot;.</strong></span> <span class='ocrx_word' id='word_1_487' title='bbox 3020 592 3038 624; x_wconf 76' lang='grc' dir='ltr'><strong>ι</strong></span> <span class='ocrx_word' id='word_1_488' title='bbox 3065 572 3243 643; x_wconf 75' lang='lat' dir='ltr'><strong>Atque</strong></span> <span class='ocrx_word' id='word_1_489' title='bbox 3271 573 3346 629; x_wconf 88' lang='lat' dir='ltr'><strong>ita</strong></span> <span class='ocrx_word' id='word_1_490' title='bbox 3372 573 3556 647; x_wconf 80' lang='lat' dir='ltr'><strong>legali—</strong></span> 
     </span>
    </p>
   </div>
   <div class='ocr_carea' id='block_1_63' title="bbox 1956 654 3556 731">
    <p class='ocr_par' dir='ltr' id='par_1_63' title="bbox 1956 654 3556 731">
     <span class='ocr_line' id='line_1_63' title="bbox 1956 654 3556 731; baseline 0.009 -24"><span class='ocrx_word' id='word_1_491' title='bbox 1956 654 2062 708; x_wconf 89' lang='lat' dir='ltr'><strong>bus</strong></span> <span class='ocrx_word' id='word_1_492' title='bbox 2085 654 2357 710; x_wconf 91' lang='lat' dir='ltr'><strong>institutis</strong></span> <span class='ocrx_word' id='word_1_493' title='bbox 2382 659 2616 721; x_wconf 78' lang='lat' dir='ltr'><strong>curavit,</strong></span> <span class='ocrx_word' id='word_1_494' title='bbox 2648 666 2707 712; x_wconf 92' lang='lat' dir='ltr'><strong>ut</strong></span> <span class='ocrx_word' id='word_1_495' title='bbox 2735 660 2810 713; x_wconf 85' lang='lat' dir='ltr'><strong>illi</strong></span> <span class='ocrx_word' id='word_1_496' title='bbox 2842 676 2966 715; x_wconf 90' lang='lat' dir='ltr'><strong>cum</strong></span> <span class='ocrx_word' id='word_1_497' title='bbox 2995 662 3198 731; x_wconf 81' lang='lat' dir='ltr'><strong>fructu,</strong></span> <span class='ocrx_word' id='word_1_498' title='bbox 3234 667 3473 724; x_wconf 82' lang='lat' dir='ltr'><strong>victimis</strong></span> <span class='ocrx_word' id='word_1_499' title='bbox 3500 680 3556 722; x_wconf 86' lang='lat' dir='ltr'><strong>ct</strong></span> 
     </span>
    </p>
   </div>
   <div class='ocr_carea' id='block_1_64' title="bbox 1957 745 3547 830">
    <p class='ocr_par' dir='ltr' id='par_1_64' title="bbox 1957 745 3547 830">
     <span class='ocr_line' id='line_1_64' title="bbox 1957 745 3547 830; baseline 0.011 -31"><span class='ocrx_word' id='word_1_500' title='bbox 1957 745 2248 801; x_wconf 86' lang='lat' dir='ltr'><strong>brutorum</strong></span> <span class='ocrx_word' id='word_1_501' title='bbox 2273 749 2632 804; x_wconf 88' lang='lat' dir='ltr'><strong>animantium</strong></span> <span class='ocrx_word' id='word_1_502' title='bbox 2652 753 2919 822; x_wconf 89' lang='lat' dir='ltr'><strong>sanguine</strong></span> <span class='ocrx_word' id='word_1_503' title='bbox 2946 762 3263 815; x_wconf 81' lang='lat' dir='ltr'><strong>uterentur:</strong></span> <span class='ocrx_word' id='word_1_504' title='bbox 3291 768 3454 830; x_wconf 80' lang='lat' dir='ltr'><strong>atque</strong></span> <span class='ocrx_word' id='word_1_505' title='bbox 3489 774 3547 816; x_wconf 89' lang='lat' dir='ltr'><strong>ut</strong></span> 
     </span>
    </p>
   </div>
   <div class='ocr_carea' id='block_1_65' title="bbox 1953 837 3543 909">
    <p class='ocr_par' dir='ltr' id='par_1_65' title="bbox 1953 837 3543 909">
     <span class='ocr_line' id='line_1_65' title="bbox 1953 837 3543 909; baseline 0.011 -21"><span class='ocrx_word' id='word_1_506' title='bbox 1953 848 2021 888; x_wconf 91' lang='lat' dir='ltr'><strong>eo</strong></span> <span class='ocrx_word' id='word_1_507' title='bbox 2050 837 2302 907; x_wconf 79' lang='lat' dir='ltr'><strong>exemplo</strong></span> <span class='ocrx_word' id='word_1_508' title='bbox 2333 838 2466 895; x_wconf 90' lang='lat' dir='ltr'><strong>ﬁdes</strong></span> <span class='ocrx_word' id='word_1_509' title='bbox 2501 850 2692 896; x_wconf 85' lang='lat' dir='ltr'><strong>nostra</strong></span> <span class='ocrx_word' id='word_1_510' title='bbox 2725 844 3104 909; x_wconf 87' lang='lat' dir='ltr'><strong>roboraretur,</strong></span> <span class='ocrx_word' id='word_1_511' title='bbox 3142 848 3255 903; x_wconf 81' lang='lat' dir='ltr'><strong>fore</strong></span> <span class='ocrx_word' id='word_1_512' title='bbox 3282 851 3543 905; x_wconf 90' lang='lat' dir='ltr'><strong>nimirum</strong></span> 
     </span>
    </p>
   </div>
   <div class='ocr_carea' id='block_1_66' title="bbox 1956 928 3548 1011">
    <p class='ocr_par' dir='ltr' id='par_1_66' title="bbox 1956 928 3548 1011">
     <span class='ocr_line' id='line_1_66' title="bbox 1956 928 3548 1011; baseline 0.011 -32"><span class='ocrx_word' id='word_1_513' title='bbox 1956 936 2015 980; x_wconf 90' lang='lat' dir='ltr'><strong>ut</strong></span> <span class='ocrx_word' id='word_1_514' title='bbox 2068 928 2213 982; x_wconf 90' lang='lat' dir='ltr'><strong>bona</strong></span> <span class='ocrx_word' id='word_1_515' title='bbox 2266 931 2504 984; x_wconf 83' lang='lat' dir='ltr'><strong>maxima</strong></span> <span class='ocrx_word' id='word_1_516' title='bbox 2558 947 2654 1001; x_wconf 88' lang='lat' dir='ltr'><strong>per</strong></span> <span class='ocrx_word' id='word_1_517' title='bbox 2696 932 2903 989; x_wconf 82' lang='lat' dir='ltr'><strong>Christi</strong></span> <span class='ocrx_word' id='word_1_518' title='bbox 2949 936 3162 992; x_wconf 91' lang='lat' dir='ltr'><strong>Domini</strong></span> <span class='ocrx_word' id='word_1_519' title='bbox 3222 942 3548 1011; x_wconf 86' lang='lat' dir='ltr'><strong>sanguinem</strong></span> 
     </span>
    </p>
   </div>
   <div class='ocr_carea' id='block_1_67' title="bbox 1954 1024 3553 1093">
    <p class='ocr_par' dir='ltr' id='par_1_67' title="bbox 1954 1024 3553 1093">
     <span class='ocr_line' id='line_1_67' title="bbox 1954 1024 3553 1093; baseline 0.008 -20"><span class='ocrx_word' id='word_1_520' title='bbox 1954 1033 2446 1093; x_wconf 88' lang='lat' dir='ltr'><strong>consequeremur.</strong></span> <span class='ocrx_word' id='word_1_521' title='bbox 2473 1024 2656 1091; x_wconf 81' lang='lat' dir='ltr'><strong>Quare</strong></span> <span class='ocrx_word' id='word_1_522' title='bbox 2679 1027 2874 1084; x_wconf 86' lang='lat' dir='ltr'><strong>beatus</strong></span> <span class='ocrx_word' id='word_1_523' title='bbox 2904 1029 2981 1084; x_wconf 86' lang='lat' dir='ltr'><strong>ait</strong></span> <span class='ocrx_word' id='word_1_524' title='bbox 3006 1029 3241 1086; x_wconf 85' lang='lat' dir='ltr'><strong>Paulus:</strong></span> <span class='ocrx_word' id='word_1_525' title='bbox 3282 1052 3299 1083; x_wconf 83' lang='grc' dir='ltr'><strong>ι</strong></span> <span class='ocrx_word' id='word_1_526' title='bbox 3328 1033 3383 1087; x_wconf 91' lang='lat' dir='ltr'><strong>Si</strong></span> <span class='ocrx_word' id='word_1_527' title='bbox 3406 1035 3553 1089; x_wconf 89' lang='lat' dir='ltr'><strong>enim</strong></span> 
     </span>
    </p>
   </div>
   <div class='ocr_carea' id='block_1_68' title="bbox 1955 1112 3552 1185">
    <p class='ocr_par' dir='ltr' id='par_1_68' title="bbox 1955 1112 3552 1185">
     <span class='ocr_line' id='line_1_68' title="bbox 1955 1112 3552 1185; baseline 0.009 -21"><span class='ocrx_word' id='word_1_528' title='bbox 1955 1112 2185 1182; x_wconf 74' lang='lat' dir='ltr'><strong>sanguis</strong></span> <span class='ocrx_word' id='word_1_529' title='bbox 2217 1122 2501 1168; x_wconf 91' lang='lat' dir='ltr'><strong>taurorum</strong></span> <span class='ocrx_word' id='word_1_530' title='bbox 2532 1124 2585 1170; x_wconf 90' lang='lat' dir='ltr'><strong>et</strong></span> <span class='ocrx_word' id='word_1_531' title='bbox 2626 1116 2926 1185; x_wconf 88' lang='lat' dir='ltr'><strong>hircorum,</strong></span> <span class='ocrx_word' id='word_1_532' title='bbox 2963 1127 3018 1173; x_wconf 85' lang='lat' dir='ltr'><strong>ct</strong></span> <span class='ocrx_word' id='word_1_533' title='bbox 3057 1120 3200 1175; x_wconf 87' lang='lat' dir='ltr'><strong>cinis</strong></span> <span class='ocrx_word' id='word_1_534' title='bbox 3236 1121 3421 1177; x_wconf 63' lang='lat' dir='ltr'><strong>vitula:</strong></span> <span class='ocrx_word' id='word_1_535' title='bbox 3459 1138 3552 1179; x_wconf 88' lang='lat' dir='ltr'><strong>as-</strong></span> 
     </span>
    </p>
   </div>
   <div class='ocr_carea' id='block_1_69' title="bbox 1956 1203 3556 1273">
    <p class='ocr_par' dir='ltr' id='par_1_69' title="bbox 1956 1203 3556 1273">
     <span class='ocr_line' id='line_1_69' title="bbox 1956 1203 3556 1273; baseline 0.007 -17"><span class='ocrx_word' id='word_1_536' title='bbox 1956 1215 2176 1270; x_wconf 90' lang='lat' dir='ltr'><strong>persus,</strong></span> <span class='ocrx_word' id='word_1_537' title='bbox 2210 1203 2304 1273; x_wconf 87' lang='lat' dir='ltr'><strong>qui</strong></span> <span class='ocrx_word' id='word_1_538' title='bbox 2339 1218 2406 1258; x_wconf 91' lang='lat' dir='ltr'><strong>eo</strong></span> <span class='ocrx_word' id='word_1_539' title='bbox 2444 1212 2674 1259; x_wconf 91' lang='lat' dir='ltr'><strong>utuntur</strong></span> <span class='ocrx_word' id='word_1_540' title='bbox 2705 1207 3013 1262; x_wconf 87' lang='lat' dir='ltr'><strong>sanctiﬁcat</strong></span> <span class='ocrx_word' id='word_1_541' title='bbox 3042 1209 3108 1263; x_wconf 91' lang='lat' dir='ltr'><strong>ad</strong></span> <span class='ocrx_word' id='word_1_542' title='bbox 3145 1211 3328 1265; x_wconf 85' lang='lat' dir='ltr'><strong>carnis</strong></span> <span class='ocrx_word' id='word_1_543' title='bbox 3360 1226 3556 1267; x_wconf 90' lang='lat' dir='ltr'><strong>emun-</strong></span> 
     </span>
    </p>
   </div>
   <div class='ocr_carea' id='block_1_70' title="bbox 1959 1293 3556 1373">
    <p class='ocr_par' dir='ltr' id='par_1_70' title="bbox 1959 1293 3556 1373">
     <span class='ocr_line' id='line_1_70' title="bbox 1959 1293 3556 1373; baseline 0.004 -25"><span class='ocrx_word' id='word_1_544' title='bbox 1959 1293 2274 1351; x_wconf 87' lang='lat' dir='ltr'><strong>dationem:</strong></span> <span class='ocrx_word' id='word_1_545' title='bbox 2311 1303 2518 1364; x_wconf 85' lang='lat' dir='ltr'><strong>quanto</strong></span> <span class='ocrx_word' id='word_1_546' title='bbox 2562 1298 2737 1367; x_wconf 83' lang='lat' dir='ltr'><strong>magis</strong></span> <span class='ocrx_word' id='word_1_547' title='bbox 2775 1300 2998 1370; x_wconf 79' lang='lat' dir='ltr'><strong>sanguis</strong></span> <span class='ocrx_word' id='word_1_548' title='bbox 3042 1300 3289 1365; x_wconf 90' lang='lat' dir='ltr'><strong>Christi,</strong></span> <span class='ocrx_word' id='word_1_549' title='bbox 3328 1302 3419 1373; x_wconf 89' lang='lat' dir='ltr'><strong>qui</strong></span> <span class='ocrx_word' id='word_1_550' title='bbox 3458 1316 3556 1373; x_wconf 80' lang='lat' dir='ltr'><strong>per</strong></span> 
     </span>
    </p>
   </div>
   <div class='ocr_carea' id='block_1_71' title="bbox 1957 1385 3548 1457">
    <p class='ocr_par' dir='ltr' id='par_1_71' title="bbox 1957 1385 3548 1457">
     <span class='ocr_line' id='line_1_71' title="bbox 1957 1385 3548 1457; baseline 0.006 -18"><span class='ocrx_word' id='word_1_551' title='bbox 1957 1392 2223 1440; x_wconf 79' lang='lat' dir='ltr'><strong>aeternum</strong></span> <span class='ocrx_word' id='word_1_552' title='bbox 2275 1388 2528 1456; x_wconf 90' lang='lat' dir='ltr'><strong>spiritum</strong></span> <span class='ocrx_word' id='word_1_553' title='bbox 2568 1385 2680 1442; x_wconf 91' lang='lat' dir='ltr'><strong>Deo</strong></span> <span class='ocrx_word' id='word_1_554' title='bbox 2730 1404 2789 1445; x_wconf 87' lang='lat' dir='ltr'><strong>se</strong></span> <span class='ocrx_word' id='word_1_555' title='bbox 2841 1390 3042 1446; x_wconf 86' lang='lat' dir='ltr'><strong>obtulit</strong></span> <span class='ocrx_word' id='word_1_556' title='bbox 3096 1392 3548 1457; x_wconf 85' lang='lat' dir='ltr'><strong>immaculatum,</strong></span> 
     </span>
    </p>
   </div>
   <div class='ocr_carea' id='block_1_72' title="bbox 1955 1478 3555 1554">
    <p class='ocr_par' dir='ltr' id='par_1_72' title="bbox 1955 1478 3555 1554">
     <span class='ocr_line' id='line_1_72' title="bbox 1955 1478 3555 1554; baseline 0.004 -23"><span class='ocrx_word' id='word_1_557' title='bbox 1955 1478 2349 1533; x_wconf 84' lang='lat' dir='ltr'><strong>conscientiam</strong></span> <span class='ocrx_word' id='word_1_558' title='bbox 2388 1489 2633 1535; x_wconf 89' lang='lat' dir='ltr'><strong>nostram</strong></span> <span class='ocrx_word' id='word_1_559' title='bbox 2676 1496 2704 1535; x_wconf 77' lang='grc' dir='ltr'><strong>ιι</strong></span> <span class='ocrx_word' id='word_1_560' title='bbox 2746 1483 2978 1538; x_wconf 87' lang='lat' dir='ltr'><strong>mortuis</strong></span> <span class='ocrx_word' id='word_1_561' title='bbox 3016 1485 3279 1553; x_wconf 84' lang='lat' dir='ltr'><strong>operibus</strong></span> <span class='ocrx_word' id='word_1_562' title='bbox 3318 1500 3555 1554; x_wconf 87' lang='lat' dir='ltr'><strong>perpur-</strong></span> 
     </span>
    </p>
   </div>
   <div class='ocr_carea' id='block_1_73' title="bbox 1954 1566 3552 1644">
    <p class='ocr_par' dir='ltr' id='par_1_73' title="bbox 1954 1566 3552 1644">
     <span class='ocr_line' id='line_1_73' title="bbox 1954 1566 3552 1644; baseline 0.007 -21"><span class='ocrx_word' id='word_1_563' title='bbox 1954 1566 2205 1641; x_wconf 78' lang='lat' dir='ltr'><strong>gabit&quot;?</strong></span> <span class='ocrx_word' id='word_1_564' title='bbox 2236 1590 2255 1621; x_wconf 74' lang='grc' dir='ltr'><strong>ι</strong></span> <span class='ocrx_word' id='word_1_565' title='bbox 2301 1570 2436 1625; x_wconf 79' lang='lat' dir='ltr'><strong>Nam</strong></span> <span class='ocrx_word' id='word_1_566' title='bbox 2478 1571 2624 1628; x_wconf 92' lang='lat' dir='ltr'><strong>Deus</strong></span> <span class='ocrx_word' id='word_1_567' title='bbox 2667 1590 2760 1644; x_wconf 84' lang='lat' dir='ltr'><strong>per</strong></span> <span class='ocrx_word' id='word_1_568' title='bbox 2797 1574 3005 1630; x_wconf 84' lang='lat' dir='ltr'><strong>Christi</strong></span> <span class='ocrx_word' id='word_1_569' title='bbox 3046 1575 3261 1631; x_wconf 90' lang='lat' dir='ltr'><strong>Domini</strong></span> <span class='ocrx_word' id='word_1_570' title='bbox 3304 1593 3333 1632; x_wconf 88' lang='lat' dir='ltr'><strong>a</strong></span> <span class='ocrx_word' id='word_1_571' title='bbox 3377 1579 3552 1634; x_wconf 81' lang='lat' dir='ltr'><strong>brutis</strong></span> 
     </span>
    </p>
   </div>
   <div class='ocr_carea' id='block_1_74' title="bbox 1955 1662 3549 1733">
    <p class='ocr_par' dir='ltr' id='par_1_74' title="bbox 1955 1662 3549 1733">
     <span class='ocr_line' id='line_1_74' title="bbox 1955 1662 3549 1733; baseline 0.006 -17"><span class='ocrx_word' id='word_1_572' title='bbox 1955 1662 2330 1720; x_wconf 84' lang='lat' dir='ltr'><strong>animantibus</strong></span> <span class='ocrx_word' id='word_1_573' title='bbox 2369 1664 2733 1721; x_wconf 64' lang='lat' dir='ltr'><strong>differentiam</strong></span> <span class='ocrx_word' id='word_1_574' title='bbox 2770 1668 2905 1723; x_wconf 88' lang='lat' dir='ltr'><strong>satis</strong></span> <span class='ocrx_word' id='word_1_575' title='bbox 2937 1684 3037 1723; x_wconf 93' lang='lat' dir='ltr'><strong>nos</strong></span> <span class='ocrx_word' id='word_1_576' title='bbox 3080 1668 3211 1723; x_wconf 78' lang='lat' dir='ltr'><strong>iacit</strong></span> <span class='ocrx_word' id='word_1_577' title='bbox 3254 1672 3549 1733; x_wconf 87' lang='lat' dir='ltr'><strong>certiores.</strong></span> 
     </span>
    </p>
   </div>
   <div class='ocr_carea' id='block_1_75' title="bbox 1957 1755 3549 1832">
    <p class='ocr_par' dir='ltr' id='par_1_75' title="bbox 1957 1755 3549 1832">
     <span class='ocr_line' id='line_1_75' title="bbox 1957 1755 3549 1832; baseline 0.005 -25"><span class='ocrx_word' id='word_1_578' title='bbox 1957 1755 2133 1809; x_wconf 90' lang='lat' dir='ltr'><strong>multo</strong></span> <span class='ocrx_word' id='word_1_579' title='bbox 2166 1770 2270 1811; x_wconf 91' lang='lat' dir='ltr'><strong>nos</strong></span> <span class='ocrx_word' id='word_1_580' title='bbox 2306 1758 2479 1828; x_wconf 84' lang='lat' dir='ltr'><strong>magis</strong></span> <span class='ocrx_word' id='word_1_581' title='bbox 2508 1760 2665 1815; x_wconf 89' lang='lat' dir='ltr'><strong>novis</strong></span> <span class='ocrx_word' id='word_1_582' title='bbox 2695 1760 2782 1813; x_wconf 92' lang='lat' dir='ltr'><strong>his</strong></span> <span class='ocrx_word' id='word_1_583' title='bbox 2818 1760 3019 1815; x_wconf 81' lang='lat' dir='ltr'><strong>debere</strong></span> <span class='ocrx_word' id='word_1_584' title='bbox 3048 1760 3346 1824; x_wconf 88' lang='lat' dir='ltr'><strong>conﬁdere,</strong></span> <span class='ocrx_word' id='word_1_585' title='bbox 3381 1776 3549 1832; x_wconf 89' lang='lat' dir='ltr'><strong>quam</strong></span> 
     </span>
    </p>
   </div>
   <div class='ocr_carea' id='block_1_76' title="bbox 1960 1844 3550 1906">
    <p class='ocr_par' dir='ltr' id='par_1_76' title="bbox 1960 1844 3550 1906">
     <span class='ocr_line' id='line_1_76' title="bbox 1960 1844 3550 1906; baseline 0.003 -7"><span class='ocrx_word' id='word_1_586' title='bbox 1960 1844 2038 1900; x_wconf 89' lang='lat' dir='ltr'><strong>illi</strong></span> <span class='ocrx_word' id='word_1_587' title='bbox 2086 1846 2363 1903; x_wconf 80' lang='lat' dir='ltr'><strong>veteribus</strong></span> <span class='ocrx_word' id='word_1_588' title='bbox 2420 1848 2789 1904; x_wconf 88' lang='lat' dir='ltr'><strong>conﬁdebant.</strong></span> <span class='ocrx_word' id='word_1_589' title='bbox 2836 1848 2956 1904; x_wconf 84' lang='lat' dir='ltr'><strong>Jam</strong></span> <span class='ocrx_word' id='word_1_590' title='bbox 3008 1865 3134 1904; x_wconf 83' lang='lat' dir='ltr'><strong>cum</strong></span> <span class='ocrx_word' id='word_1_591' title='bbox 3184 1849 3447 1906; x_wconf 71' lang='lat' dir='ltr'><strong>Israelita:</strong></span> <span class='ocrx_word' id='word_1_592' title='bbox 3494 1850 3550 1904; x_wconf 89' lang='lat' dir='ltr'><strong>in</strong></span> 
     </span>
    </p>
   </div>
   <div class='ocr_carea' id='block_1_77' title="bbox 1880 1920 3546 2010">
    <p class='ocr_par' dir='ltr' id='par_1_77' title="bbox 1880 1920 3546 2010">
     <span class='ocr_line' id='line_1_77' title="bbox 1880 1920 3546 2010; baseline 0.001 -16"><span class='ocrx_word' id='word_1_593' title='bbox 1880 1920 2139 1994; x_wconf 89' lang='lat' dir='ltr'><strong>Beremo</strong></span> <span class='ocrx_word' id='word_1_594' title='bbox 2197 1947 2421 2010; x_wconf 85' lang='lat' dir='ltr'><strong>propter</strong></span> <span class='ocrx_word' id='word_1_595' title='bbox 2475 1956 2630 1995; x_wconf 90' lang='lat' dir='ltr'><strong>suam</strong></span> <span class='ocrx_word' id='word_1_596' title='bbox 2693 1941 3130 1996; x_wconf 88' lang='lat' dir='ltr'><strong>incredulitatem</strong></span> <span class='ocrx_word' id='word_1_597' title='bbox 3186 1942 3546 1997; x_wconf 90' lang='lat' dir='ltr'><strong>colubrorum</strong></span> 
     </span>
    </p>
   </div>
   <div class='ocr_carea' id='block_1_78' title="bbox 1950 2032 3547 2106">
    <p class='ocr_par' dir='ltr' id='par_1_78' title="bbox 1950 2032 3547 2106">
     <span class='ocr_line' id='line_1_78' title="bbox 1950 2032 3547 2106; baseline 0.001 -20"><span class='ocrx_word' id='word_1_598' title='bbox 1950 2032 2230 2088; x_wconf 90' lang='lat' dir='ltr'><strong>morsibus</strong></span> <span class='ocrx_word' id='word_1_599' title='bbox 2264 2034 2584 2100; x_wconf 88' lang='lat' dir='ltr'><strong>interirent,</strong></span> <span class='ocrx_word' id='word_1_600' title='bbox 2619 2034 2898 2089; x_wconf 86' lang='lat' dir='ltr'><strong>mandavit</strong></span> <span class='ocrx_word' id='word_1_601' title='bbox 2939 2034 3083 2091; x_wconf 92' lang='lat' dir='ltr'><strong>Deus</strong></span> <span class='ocrx_word' id='word_1_602' title='bbox 3118 2035 3277 2090; x_wconf 86' lang='lat' dir='ltr'><strong>beato</strong></span> <span class='ocrx_word' id='word_1_603' title='bbox 3326 2035 3495 2106; x_wconf 79' lang='lat' dir='ltr'><strong>Moysi</strong></span> <span class='ocrx_word' id='word_1_604' title='bbox 3533 2075 3547 2095; x_wconf 90' lang='lat'><strong>,</strong></span> 
     </span>
    </p>
   </div>
   <div class='ocr_carea' id='block_1_79' title="bbox 1951 2124 3539 2197">
    <p class='ocr_par' dir='ltr' id='par_1_79' title="bbox 1951 2124 3539 2197">
     <span class='ocr_line' id='line_1_79' title="bbox 1951 2124 3539 2197; baseline 0 -18"><span class='ocrx_word' id='word_1_605' title='bbox 1951 2137 2010 2179; x_wconf 85' lang='lat' dir='ltr'><strong>ut</strong></span> <span class='ocrx_word' id='word_1_606' title='bbox 2041 2139 2252 2180; x_wconf 79' lang='lat' dir='ltr'><strong>ameum</strong></span> <span class='ocrx_word' id='word_1_607' title='bbox 2284 2124 2548 2180; x_wconf 84' lang='lat' dir='ltr'><strong>conﬁaret</strong></span> <span class='ocrx_word' id='word_1_608' title='bbox 2579 2126 2901 2193; x_wconf 90' lang='lat' dir='ltr'><strong>colubrum;</strong></span> <span class='ocrx_word' id='word_1_609' title='bbox 2935 2142 3094 2197; x_wconf 90' lang='lat' dir='ltr'><strong>quem</strong></span> <span class='ocrx_word' id='word_1_610' title='bbox 3135 2127 3231 2197; x_wconf 93' lang='lat' dir='ltr'><strong>qui</strong></span> <span class='ocrx_word' id='word_1_611' title='bbox 3265 2127 3539 2181; x_wconf 83' lang='lat' dir='ltr'><strong>vulnerati</strong></span> 
     </span>
    </p>
   </div>
   <div class='ocr_carea' id='block_1_80' title="bbox 1951 2214 3547 2286">
    <p class='ocr_par' dir='ltr' id='par_1_80' title="bbox 1951 2214 3547 2286">
     <span class='ocr_line' id='line_1_80' title="bbox 1951 2214 3547 2286; baseline 0.001 -18"><span class='ocrx_word' id='word_1_612' title='bbox 1951 2214 2313 2284; x_wconf 86' lang='lat' dir='ltr'><strong>respicerent,</strong></span> <span class='ocrx_word' id='word_1_613' title='bbox 2347 2216 2531 2270; x_wconf 89' lang='lat' dir='ltr'><strong>damni</strong></span> <span class='ocrx_word' id='word_1_614' title='bbox 2560 2216 2644 2270; x_wconf 92' lang='lat' dir='ltr'><strong>sui</strong></span> <span class='ocrx_word' id='word_1_615' title='bbox 2671 2216 2998 2271; x_wconf 89' lang='lat' dir='ltr'><strong>medicinam</strong></span> <span class='ocrx_word' id='word_1_616' title='bbox 3029 2214 3245 2272; x_wconf 82' lang='lat' dir='ltr'><strong>facilem</strong></span> <span class='ocrx_word' id='word_1_617' title='bbox 3270 2218 3547 2286; x_wconf 81' lang='lat' dir='ltr'><strong>recepturi</strong></span> 
     </span>
    </p>
   </div>
   <div class='ocr_carea' id='block_1_81' title="bbox 1948 2308 3551 2379">
    <p class='ocr_par' dir='ltr' id='par_1_81' title="bbox 1948 2308 3551 2379">
     <span class='ocr_line' id='line_1_81' title="bbox 1948 2308 3551 2379; baseline -0.001 -15"><span class='ocrx_word' id='word_1_618' title='bbox 1948 2318 2127 2364; x_wconf 85' lang='lat' dir='ltr'><strong>erant.</strong></span> <span class='ocrx_word' id='word_1_619' title='bbox 2164 2309 2331 2379; x_wconf 79' lang='lat' dir='ltr'><strong>Atqui</strong></span> <span class='ocrx_word' id='word_1_620' title='bbox 2378 2323 2501 2363; x_wconf 93' lang='lat' dir='ltr'><strong>cum</strong></span> <span class='ocrx_word' id='word_1_621' title='bbox 2538 2310 2653 2363; x_wconf 91' lang='lat' dir='ltr'><strong>Deo</strong></span> <span class='ocrx_word' id='word_1_622' title='bbox 2686 2309 2879 2365; x_wconf 89' lang='lat' dir='ltr'><strong>liceret</strong></span> <span class='ocrx_word' id='word_1_623' title='bbox 2909 2309 2996 2365; x_wconf 84' lang='lat' dir='ltr'><strong>vel</strong></span> <span class='ocrx_word' id='word_1_624' title='bbox 3028 2308 3305 2365; x_wconf 89' lang='lat' dir='ltr'><strong>Israelitas</strong></span> <span class='ocrx_word' id='word_1_625' title='bbox 3339 2324 3369 2362; x_wconf 91' lang='lat' dir='ltr'><strong>a</strong></span> <span class='ocrx_word' id='word_1_626' title='bbox 3404 2324 3551 2362; x_wconf 85' lang='lat' dir='ltr'><strong>rnor-</strong></span> 
     </span>
    </p>
   </div>
   <div class='ocr_carea' id='block_1_82' title="bbox 1950 2400 3595 2473">
    <p class='ocr_par' dir='ltr' id='par_1_82' title="bbox 1950 2400 3595 2473">
     <span class='ocr_line' id='line_1_82' title="bbox 1950 2400 3595 2473; baseline -0.001 -18"><span class='ocrx_word' id='word_1_627' title='bbox 1950 2400 2105 2455; x_wconf 87' lang='lat' dir='ltr'><strong>sibus</strong></span> <span class='ocrx_word' id='word_1_628' title='bbox 2129 2402 2355 2455; x_wconf 90' lang='lat' dir='ltr'><strong>omnino</strong></span> <span class='ocrx_word' id='word_1_629' title='bbox 2382 2400 2700 2467; x_wconf 83' lang='lat' dir='ltr'><strong>defendere,</strong></span> <span class='ocrx_word' id='word_1_630' title='bbox 2728 2402 2812 2456; x_wconf 89' lang='lat' dir='ltr'><strong>vel</strong></span> <span class='ocrx_word' id='word_1_631' title='bbox 2834 2401 2998 2455; x_wconf 88' lang='lat' dir='ltr'><strong>aliam</strong></span> <span class='ocrx_word' id='word_1_632' title='bbox 3021 2401 3324 2473; x_wconf 85' lang='lat' dir='ltr'><strong>quamlibet</strong></span> <span class='ocrx_word' id='word_1_633' title='bbox 3351 2416 3553 2471; x_wconf 85' lang='lat' dir='ltr'><strong>suppe-</strong></span> <span class='ocrx_word' id='word_1_634' title='bbox 3590 2402 3595 2405; x_wconf 84' lang='grc'><em>’</em></span> 
     </span>
    </p>
   </div>
   <div class='ocr_carea' id='block_1_83' title="bbox 1950 2493 3552 2561">
    <p class='ocr_par' dir='ltr' id='par_1_83' title="bbox 1950 2493 3552 2561">
     <span class='ocr_line' id='line_1_83' title="bbox 1950 2493 3552 2561; baseline -0.001 -13"><span class='ocrx_word' id='word_1_635' title='bbox 1950 2493 2128 2549; x_wconf 90' lang='lat' dir='ltr'><strong>ditare</strong></span> <span class='ocrx_word' id='word_1_636' title='bbox 2186 2493 2333 2549; x_wconf 89' lang='lat' dir='ltr'><strong>ictus</strong></span> <span class='ocrx_word' id='word_1_637' title='bbox 2383 2494 2688 2561; x_wconf 87' lang='lat' dir='ltr'><strong>medelam;</strong></span> <span class='ocrx_word' id='word_1_638' title='bbox 2745 2494 3107 2549; x_wconf 87' lang='lat' dir='ltr'><strong>nihilominus</strong></span> <span class='ocrx_word' id='word_1_639' title='bbox 3153 2509 3250 2549; x_wconf 89' lang='lat' dir='ltr'><strong>eos</strong></span> <span class='ocrx_word' id='word_1_640' title='bbox 3303 2493 3474 2547; x_wconf 86' lang='lat' dir='ltr'><strong>voluit</strong></span> <span class='ocrx_word' id='word_1_641' title='bbox 3522 2509 3552 2547; x_wconf 88' lang='lat' dir='ltr'><strong>a</strong></span> 
     </span>
    </p>
   </div>
   <div class='ocr_carea' id='block_1_84' title="bbox 1952 2584 3555 2656">
    <p class='ocr_par' dir='ltr' id='par_1_84' title="bbox 1952 2584 3555 2656">
     <span class='ocr_line' id='line_1_84' title="bbox 1952 2584 3555 2656; baseline 0 -17"><span class='ocrx_word' id='word_1_642' title='bbox 1952 2584 2320 2640; x_wconf 84' lang='lat' dir='ltr'><strong>mordentium</strong></span> <span class='ocrx_word' id='word_1_643' title='bbox 2341 2586 2580 2656; x_wconf 75' lang='lat' dir='ltr'><strong>imagine</strong></span> <span class='ocrx_word' id='word_1_644' title='bbox 2602 2585 2904 2641; x_wconf 84' lang='lat' dir='ltr'><strong>remedium</strong></span> <span class='ocrx_word' id='word_1_645' title='bbox 2930 2585 3138 2639; x_wconf 81' lang='lat' dir='ltr'><strong>referre</strong></span> <span class='ocrx_word' id='word_1_646' title='bbox 3160 2604 3173 2639; x_wconf 87' lang='lat'><strong>:</strong></span> <span class='ocrx_word' id='word_1_647' title='bbox 3198 2600 3307 2655; x_wconf 90' lang='lat' dir='ltr'><strong>quo</strong></span> <span class='ocrx_word' id='word_1_648' title='bbox 3330 2584 3555 2639; x_wconf 87' lang='lat' dir='ltr'><strong>minime</strong></span> 
     </span>
    </p>
   </div>
   <div class='ocr_carea' id='block_1_85' title="bbox 1952 2675 3550 2742">
    <p class='ocr_par' dir='ltr' id='par_1_85' title="bbox 1952 2675 3550 2742">
     <span class='ocr_line' id='line_1_85' title="bbox 1952 2675 3550 2742; baseline -0.001 -11"><span class='ocrx_word' id='word_1_649' title='bbox 1952 2677 2309 2742; x_wconf 87' lang='lat' dir='ltr'><strong>miraremur,</strong></span> <span class='ocrx_word' id='word_1_650' title='bbox 2342 2678 2387 2732; x_wconf 92' lang='lat' dir='ltr'><strong>si</strong></span> <span class='ocrx_word' id='word_1_651' title='bbox 2431 2685 2604 2733; x_wconf 90' lang='lat' dir='ltr'><strong>morte</strong></span> <span class='ocrx_word' id='word_1_652' title='bbox 2638 2676 2844 2732; x_wconf 89' lang='lat' dir='ltr'><strong>Christi</strong></span> <span class='ocrx_word' id='word_1_653' title='bbox 2880 2675 3095 2731; x_wconf 90' lang='lat' dir='ltr'><strong>Domini</strong></span> <span class='ocrx_word' id='word_1_654' title='bbox 3130 2675 3277 2732; x_wconf 92' lang='lat' dir='ltr'><strong>Deus</strong></span> <span class='ocrx_word' id='word_1_655' title='bbox 3312 2684 3550 2731; x_wconf 90' lang='lat' dir='ltr'><strong>mortem</strong></span> 
     </span>
    </p>
   </div>
   <div class='ocr_carea' id='block_1_86' title="bbox 1952 2767 3551 2839">
    <p class='ocr_par' dir='ltr' id='par_1_86' title="bbox 1952 2767 3551 2839">
     <span class='ocr_line' id='line_1_86' title="bbox 1952 2767 3551 2839; baseline -0.001 -16"><span class='ocrx_word' id='word_1_656' title='bbox 1952 2767 2262 2834; x_wconf 88' lang='lat' dir='ltr'><strong>destruens,</strong></span> <span class='ocrx_word' id='word_1_657' title='bbox 2296 2769 2664 2824; x_wconf 85' lang='lat' dir='ltr'><strong>immortalem</strong></span> <span class='ocrx_word' id='word_1_658' title='bbox 2703 2769 2866 2824; x_wconf 89' lang='lat' dir='ltr'><strong>nobis</strong></span> <span class='ocrx_word' id='word_1_659' title='bbox 2897 2784 2994 2838; x_wconf 88' lang='lat' dir='ltr'><strong>per</strong></span> <span class='ocrx_word' id='word_1_660' title='bbox 3025 2783 3320 2839; x_wconf 88' lang='lat' dir='ltr'><strong>corporum</strong></span> <span class='ocrx_word' id='word_1_661' title='bbox 3359 2783 3551 2823; x_wconf 84' lang='lat' dir='ltr'><strong>resur-</strong></span> 
     </span>
    </p>
   </div>
   <div class='ocr_carea' id='block_1_87' title="bbox 1953 2861 3553 2933">
    <p class='ocr_par' dir='ltr' id='par_1_87' title="bbox 1953 2861 3553 2933">
     <span class='ocr_line' id='line_1_87' title="bbox 1953 2861 3553 2933; baseline -0.001 -17"><span class='ocrx_word' id='word_1_662' title='bbox 1953 2863 2258 2918; x_wconf 89' lang='lat' dir='ltr'><strong>rectionem</strong></span> <span class='ocrx_word' id='word_1_663' title='bbox 2337 2871 2688 2933; x_wconf 88' lang='lat' dir='ltr'><strong>compararet</strong></span> <span class='ocrx_word' id='word_1_664' title='bbox 2734 2863 2924 2917; x_wconf 86' lang='lat' dir='ltr'><strong>vitam.</strong></span> <span class='ocrx_word' id='word_1_665' title='bbox 2957 2861 3141 2928; x_wconf 83' lang='lat' dir='ltr'><strong>Quare</strong></span> <span class='ocrx_word' id='word_1_666' title='bbox 3188 2872 3242 2917; x_wconf 88' lang='lat' dir='ltr'><strong>et</strong></span> <span class='ocrx_word' id='word_1_667' title='bbox 3288 2861 3553 2916; x_wconf 89' lang='lat' dir='ltr'><strong>Dominus</strong></span> 
     </span>
    </p>
   </div>
   <div class='ocr_carea' id='block_1_88' title="bbox 1955 2952 3554 3025">
    <p class='ocr_par' dir='ltr' id='par_1_88' title="bbox 1955 2952 3554 3025">
     <span class='ocr_line' id='line_1_88' title="bbox 1955 2952 3554 3025; baseline -0.001 -19"><span class='ocrx_word' id='word_1_668' title='bbox 1955 2952 2069 3006; x_wconf 90' lang='lat' dir='ltr'><strong>ait:</strong></span> <span class='ocrx_word' id='word_1_669' title='bbox 2119 2972 2137 3005; x_wconf 83' lang='grc' dir='ltr'><strong>ι</strong></span> <span class='ocrx_word' id='word_1_670' title='bbox 2167 2952 2343 3009; x_wconf 89' lang='lat' dir='ltr'><strong>Sicuti</strong></span> <span class='ocrx_word' id='word_1_671' title='bbox 2390 2952 2607 3025; x_wconf 80' lang='lat' dir='ltr'><strong>Moyses</strong></span> <span class='ocrx_word' id='word_1_672' title='bbox 2636 2953 2900 3007; x_wconf 84' lang='lat' dir='ltr'><strong>exaltavit</strong></span> <span class='ocrx_word' id='word_1_673' title='bbox 2926 2961 3238 3024; x_wconf 90' lang='lat' dir='ltr'><strong>serpentem</strong></span> <span class='ocrx_word' id='word_1_674' title='bbox 3270 2953 3326 3007; x_wconf 89' lang='lat' dir='ltr'><strong>in</strong></span> <span class='ocrx_word' id='word_1_675' title='bbox 3357 2953 3554 3009; x_wconf 89' lang='lat' dir='ltr'><strong>solitu-</strong></span> 
     </span>
    </p>
   </div>
   <div class='ocr_carea' id='block_1_89' title="bbox 1955 3044 3552 3117">
    <p class='ocr_par' dir='ltr' id='par_1_89' title="bbox 1955 3044 3552 3117">
     <span class='ocr_line' id='line_1_89' title="bbox 1955 3044 3552 3117; baseline 0 -17"><span class='ocrx_word' id='word_1_676' title='bbox 1955 3046 2105 3112; x_wconf 83' lang='lat' dir='ltr'><strong>dine,</strong></span> <span class='ocrx_word' id='word_1_677' title='bbox 2138 3046 2211 3101; x_wconf 88' lang='lat' dir='ltr'><strong>ita</strong></span> <span class='ocrx_word' id='word_1_678' title='bbox 2237 3046 2467 3102; x_wconf 82' lang='lat' dir='ltr'><strong>exaltari</strong></span> <span class='ocrx_word' id='word_1_679' title='bbox 2500 3054 2717 3117; x_wconf 83' lang='lat' dir='ltr'><strong>oportet</strong></span> <span class='ocrx_word' id='word_1_680' title='bbox 2744 3044 2942 3100; x_wconf 87' lang='lat' dir='ltr'><strong>Filium</strong></span> <span class='ocrx_word' id='word_1_681' title='bbox 2978 3046 3240 3112; x_wconf 91' lang='lat' dir='ltr'><strong>hominis,</strong></span> <span class='ocrx_word' id='word_1_682' title='bbox 3280 3052 3341 3099; x_wconf 89' lang='lat' dir='ltr'><strong>ut</strong></span> <span class='ocrx_word' id='word_1_683' title='bbox 3368 3046 3552 3100; x_wconf 89' lang='lat' dir='ltr'><strong>omnis</strong></span> 
     </span>
    </p>
   </div>
   <div class='ocr_carea' id='block_1_90' title="bbox 1956 3139 3551 3209">
    <p class='ocr_par' dir='ltr' id='par_1_90' title="bbox 1956 3139 3551 3209">
     <span class='ocr_line' id='line_1_90' title="bbox 1956 3139 3551 3209; baseline 0 -16"><span class='ocrx_word' id='word_1_684' title='bbox 1956 3139 2048 3209; x_wconf 79' lang='lat' dir='ltr'><strong>qui</strong></span> <span class='ocrx_word' id='word_1_685' title='bbox 2082 3139 2259 3194; x_wconf 88' lang='lat' dir='ltr'><strong>credit</strong></span> <span class='ocrx_word' id='word_1_686' title='bbox 2286 3140 2340 3193; x_wconf 93' lang='lat' dir='ltr'><strong>in</strong></span> <span class='ocrx_word' id='word_1_687' title='bbox 2382 3139 2537 3193; x_wconf 93' lang='lat' dir='ltr'><strong>illum</strong></span> <span class='ocrx_word' id='word_1_688' title='bbox 2582 3154 2693 3193; x_wconf 90' lang='lat' dir='ltr'><strong>non</strong></span> <span class='ocrx_word' id='word_1_689' title='bbox 2741 3146 2948 3209; x_wconf 88' lang='lat' dir='ltr'><strong>pereat,</strong></span> <span class='ocrx_word' id='word_1_690' title='bbox 2993 3140 3088 3195; x_wconf 90' lang='lat' dir='ltr'><strong>sed</strong></span> <span class='ocrx_word' id='word_1_691' title='bbox 3136 3140 3335 3195; x_wconf 88' lang='lat' dir='ltr'><strong>habeat</strong></span> <span class='ocrx_word' id='word_1_692' title='bbox 3382 3139 3551 3194; x_wconf 84' lang='lat' dir='ltr'><strong>vitam</strong></span> 
     </span>
    </p>
   </div>
   <div class='ocr_carea' id='block_1_91' title="bbox 1957 3224 3553 3297">
    <p class='ocr_par' dir='ltr' id='par_1_91' title="bbox 1957 3224 3553 3297">
     <span class='ocr_line' id='line_1_91' title="bbox 1957 3224 3553 3297; baseline -0.001 -11"><span class='ocrx_word' id='word_1_693' title='bbox 1957 3224 2293 3287; x_wconf 68' lang='lat' dir='ltr'><strong>aeternam“.</strong></span> <span class='ocrx_word' id='word_1_694' title='bbox 2327 3248 2346 3284; x_wconf 72' lang='grc' dir='ltr'><strong>ι</strong></span> <span class='ocrx_word' id='word_1_695' title='bbox 2383 3230 2596 3297; x_wconf 86' lang='lat' dir='ltr'><strong>Quibus</strong></span> <span class='ocrx_word' id='word_1_696' title='bbox 2628 3231 2813 3286; x_wconf 86' lang='lat' dir='ltr'><strong>verbis</strong></span> <span class='ocrx_word' id='word_1_697' title='bbox 2840 3231 3021 3296; x_wconf 87' lang='lat' dir='ltr'><strong>docet,</strong></span> <span class='ocrx_word' id='word_1_698' title='bbox 3055 3232 3202 3287; x_wconf 91' lang='lat' dir='ltr'><strong>sicut</strong></span> <span class='ocrx_word' id='word_1_699' title='bbox 3233 3232 3363 3286; x_wconf 89' lang='lat' dir='ltr'><strong>olim</strong></span> <span class='ocrx_word' id='word_1_700' title='bbox 3397 3246 3553 3286; x_wconf 85' lang='lat' dir='ltr'><strong>mor-</strong></span> 
     </span>
    </p>
   </div>
   <div class='ocr_carea' id='block_1_92' title="bbox 1959 3320 3554 3393">
    <p class='ocr_par' dir='ltr' id='par_1_92' title="bbox 1959 3320 3554 3393">
     <span class='ocr_line' id='line_1_92' title="bbox 1959 3320 3554 3393; baseline -0.001 -18"><span class='ocrx_word' id='word_1_701' title='bbox 1959 3321 2206 3376; x_wconf 85' lang='lat' dir='ltr'><strong>dentium</strong></span> <span class='ocrx_word' id='word_1_702' title='bbox 2255 3320 2437 3393; x_wconf 82' lang='lat' dir='ltr'><strong>imago</strong></span> <span class='ocrx_word' id='word_1_703' title='bbox 2460 3321 2723 3376; x_wconf 92' lang='lat' dir='ltr'><strong>damnum</strong></span> <span class='ocrx_word' id='word_1_704' title='bbox 2754 3320 3000 3377; x_wconf 85' lang='lat' dir='ltr'><strong>vulneris</strong></span> <span class='ocrx_word' id='word_1_705' title='bbox 3048 3322 3418 3391; x_wconf 85' lang='lat' dir='ltr'><strong>persanabat,</strong></span> <span class='ocrx_word' id='word_1_706' title='bbox 3473 3323 3554 3378; x_wconf 87' lang='lat' dir='ltr'><strong>sic</strong></span> 
     </span>
    </p>
   </div>
   <div class='ocr_carea' id='block_1_93' title="bbox 1959 3412 3555 3483">
    <p class='ocr_par' dir='ltr' id='par_1_93' title="bbox 1959 3412 3555 3483">
     <span class='ocr_line' id='line_1_93' title="bbox 1959 3412 3555 3483; baseline 0 -16"><span class='ocrx_word' id='word_1_707' title='bbox 1959 3427 2108 3467; x_wconf 88' lang='lat' dir='ltr'><strong>nunc</strong></span> <span class='ocrx_word' id='word_1_708' title='bbox 2137 3420 2393 3478; x_wconf 87' lang='lat' dir='ltr'><strong>mortem,</strong></span> <span class='ocrx_word' id='word_1_709' title='bbox 2426 3427 2549 3483; x_wconf 69' lang='lat' dir='ltr'><strong>quae</strong></span> <span class='ocrx_word' id='word_1_710' title='bbox 2582 3426 2775 3468; x_wconf 90' lang='lat' dir='ltr'><strong>omnes</strong></span> <span class='ocrx_word' id='word_1_711' title='bbox 2807 3412 3061 3468; x_wconf 89' lang='lat' dir='ltr'><strong>homines</strong></span> <span class='ocrx_word' id='word_1_712' title='bbox 3098 3413 3255 3483; x_wconf 80' lang='lat'><strong>153</strong></span> <span class='ocrx_word' id='word_1_713' title='bbox 3287 3414 3555 3483; x_wconf 83' lang='lat' dir='ltr'><strong>depasce-</strong></span> 
     </span>
    </p>
   </div>
   <div class='ocr_carea' id='block_1_94' title="bbox 1961 3502 3554 3574">
    <p class='ocr_par' dir='ltr' id='par_1_94' title="bbox 1961 3502 3554 3574">
     <span class='ocr_line' id='line_1_94' title="bbox 1961 3502 3554 3574; baseline -0.001 -14"><span class='ocrx_word' id='word_1_714' title='bbox 1961 3504 2141 3571; x_wconf 89' lang='lat' dir='ltr'><strong>batur,</strong></span> <span class='ocrx_word' id='word_1_715' title='bbox 2175 3512 2466 3574; x_wconf 89' lang='lat' dir='ltr'><strong>postquam</strong></span> <span class='ocrx_word' id='word_1_716' title='bbox 2501 3519 2564 3560; x_wconf 85' lang='lat' dir='ltr'><strong>ea</strong></span> <span class='ocrx_word' id='word_1_717' title='bbox 2612 3502 2838 3560; x_wconf 88' lang='lat' dir='ltr'><strong>Christo</strong></span> <span class='ocrx_word' id='word_1_718' title='bbox 2888 3503 3122 3560; x_wconf 92' lang='lat' dir='ltr'><strong>Domino</strong></span> <span class='ocrx_word' id='word_1_719' title='bbox 3172 3505 3393 3567; x_wconf 84' lang='lat' dir='ltr'><strong>accidit,</strong></span> <span class='ocrx_word' id='word_1_720' title='bbox 3444 3521 3554 3561; x_wconf 91' lang='lat' dir='ltr'><strong>non</strong></span> 
     </span>
    </p>
   </div>
   <div class='ocr_carea' id='block_1_95' title="bbox 1960 3594 3553 3661">
    <p class='ocr_par' dir='ltr' id='par_1_95' title="bbox 1960 3594 3553 3661">
     <span class='ocr_line' id='line_1_95' title="bbox 1960 3594 3553 3661; baseline -0.001 -11"><span class='ocrx_word' id='word_1_721' title='bbox 1960 3596 2091 3651; x_wconf 84' lang='lat' dir='ltr'><strong>huic</strong></span> <span class='ocrx_word' id='word_1_722' title='bbox 2113 3596 2311 3661; x_wconf 88' lang='lat' dir='ltr'><strong>solum,</strong></span> <span class='ocrx_word' id='word_1_723' title='bbox 2340 3595 2437 3651; x_wconf 91' lang='lat' dir='ltr'><strong>sed</strong></span> <span class='ocrx_word' id='word_1_724' title='bbox 2454 3594 2671 3651; x_wconf 90' lang='lat' dir='ltr'><strong>cunctis</strong></span> <span class='ocrx_word' id='word_1_725' title='bbox 2692 3594 3010 3651; x_wconf 88' lang='lat' dir='ltr'><strong>hominibus</strong></span> <span class='ocrx_word' id='word_1_726' title='bbox 3034 3594 3229 3651; x_wconf 88' lang='lat' dir='ltr'><strong>mortis</strong></span> <span class='ocrx_word' id='word_1_727' title='bbox 3252 3596 3553 3651; x_wconf 89' lang='lat' dir='ltr'><strong>remedium</strong></span> 
     </span>
    </p>
   </div>
   <div class='ocr_carea' id='block_1_96' title="bbox 1960 3688 2430 3746">
    <p class='ocr_par' dir='ltr' id='par_1_96' title="bbox 1960 3688 2430 3746">
     <span class='ocr_line' id='line_1_96' title="bbox 1960 3688 2430 3746; baseline -0.009 0"><span class='ocrx_word' id='word_1_728' title='bbox 1960 3704 2084 3746; x_wconf 90' lang='lat' dir='ltr'><strong>esse</strong></span> <span class='ocrx_word' id='word_1_729' title='bbox 2118 3688 2430 3744; x_wconf 88' lang='lat' dir='ltr'><strong>allaturam.</strong></span> 
     </span>
    </p>
   </div>
   <div class='ocr_carea' id='block_1_97' title="bbox 2037 3971 3553 4046">
    <p class='ocr_par' dir='ltr' id='par_1_97' title="bbox 2037 3971 3553 4046">
     <span class='ocr_line' id='line_1_97' title="bbox 2037 3971 3553 4046; baseline -0.003 -13"><span class='ocrx_word' id='word_1_730' title='bbox 2037 3977 2131 4033; x_wconf 91' lang='lat' dir='ltr'><strong>Sic</strong></span> <span class='ocrx_word' id='word_1_731' title='bbox 2161 3976 2327 4034; x_wconf 84' lang='lat' dir='ltr'><strong>etiam</strong></span> <span class='ocrx_word' id='word_1_732' title='bbox 2361 3974 2591 4046; x_wconf 77' lang='lat' dir='ltr'><strong>contigit</strong></span> <span class='ocrx_word' id='word_1_733' title='bbox 2628 3974 2791 4031; x_wconf 87' lang='lat' dir='ltr'><strong>beato</strong></span> <span class='ocrx_word' id='word_1_734' title='bbox 2837 3975 3119 4045; x_wconf 79' lang='lat' dir='ltr'><strong>prOpbetae</strong></span> <span class='ocrx_word' id='word_1_735' title='bbox 3160 3971 3334 4040; x_wconf 66' lang='lat' dir='ltr'><strong>Jonae,</strong></span> <span class='ocrx_word' id='word_1_736' title='bbox 3390 3989 3553 4045; x_wconf 82' lang='lat' dir='ltr'><strong>quem</strong></span> 
     </span>
    </p>
   </div>
   <div class='ocr_carea' id='block_1_98' title="bbox 1961 4062 3552 4135">
    <p class='ocr_par' dir='ltr' id='par_1_98' title="bbox 1961 4062 3552 4135">
     <span class='ocr_line' id='line_1_98' title="bbox 1961 4062 3552 4135; baseline -0.003 -12"><span class='ocrx_word' id='word_1_737' title='bbox 1961 4066 2168 4123; x_wconf 70' lang='lat' dir='ltr'><strong>Judaeis</strong></span> <span class='ocrx_word' id='word_1_738' title='bbox 2192 4065 2517 4130; x_wconf 86' lang='lat' dir='ltr'><strong>incredulis,</strong></span> <span class='ocrx_word' id='word_1_739' title='bbox 2545 4079 2725 4135; x_wconf 87' lang='lat' dir='ltr'><strong>neque</strong></span> <span class='ocrx_word' id='word_1_740' title='bbox 2747 4063 2867 4133; x_wconf 75' lang='lat' dir='ltr'><strong>ejus</strong></span> <span class='ocrx_word' id='word_1_741' title='bbox 2890 4063 3112 4118; x_wconf 86' lang='lat' dir='ltr'><strong>oracula</strong></span> <span class='ocrx_word' id='word_1_742' title='bbox 3141 4062 3552 4133; x_wconf 87' lang='lat' dir='ltr'><strong>recipientibus,</strong></span> 
     </span>
    </p>
   </div>
   <div class='ocr_carea' id='block_1_99' title="bbox 1964 4154 3555 4231">
    <p class='ocr_par' dir='ltr' id='par_1_99' title="bbox 1964 4154 3555 4231">
     <span class='ocr_line' id='line_1_99' title="bbox 1964 4154 3555 4231; baseline -0.004 -16"><span class='ocrx_word' id='word_1_743' title='bbox 1964 4158 2031 4215; x_wconf 88' lang='lat' dir='ltr'><strong>ad</strong></span> <span class='ocrx_word' id='word_1_744' title='bbox 2045 4169 2234 4231; x_wconf 89' lang='lat' dir='ltr'><strong>gentes</strong></span> <span class='ocrx_word' id='word_1_745' title='bbox 2254 4156 2561 4228; x_wconf 78' lang='lat' dir='ltr'><strong>transgredi</strong></span> <span class='ocrx_word' id='word_1_746' title='bbox 2576 4156 2748 4228; x_wconf 87' lang='lat' dir='ltr'><strong>jussit</strong></span> <span class='ocrx_word' id='word_1_747' title='bbox 2762 4156 2903 4212; x_wconf 90' lang='lat' dir='ltr'><strong>Deus</strong></span> <span class='ocrx_word' id='word_1_748' title='bbox 2918 4174 2936 4223; x_wconf 87' lang='lat'><strong>;</strong></span> <span class='ocrx_word' id='word_1_749' title='bbox 2951 4154 3148 4212; x_wconf 88' lang='lat' dir='ltr'><strong>deinde</strong></span> <span class='ocrx_word' id='word_1_750' title='bbox 3166 4156 3343 4211; x_wconf 89' lang='lat' dir='ltr'><strong>tribus</strong></span> <span class='ocrx_word' id='word_1_751' title='bbox 3359 4155 3555 4211; x_wconf 86' lang='lat' dir='ltr'><strong>diebus</strong></span> 
     </span>
    </p>
   </div>
   <div class='ocr_carea' id='block_1_100' title="bbox 1963 4248 3554 4322">
    <p class='ocr_par' dir='ltr' id='par_1_100' title="bbox 1963 4248 3554 4322">
     <span class='ocr_line' id='line_1_100' title="bbox 1963 4248 3554 4322; baseline -0.003 -15"><span class='ocrx_word' id='word_1_752' title='bbox 1963 4252 2306 4322; x_wconf 84' lang='lat' dir='ltr'><strong>totidemque</strong></span> <span class='ocrx_word' id='word_1_753' title='bbox 2347 4251 2607 4305; x_wconf 89' lang='lat' dir='ltr'><strong>noctibus</strong></span> <span class='ocrx_word' id='word_1_754' title='bbox 2646 4249 2973 4304; x_wconf 87' lang='lat' dir='ltr'><strong>mirabiliter</strong></span> <span class='ocrx_word' id='word_1_755' title='bbox 3016 4248 3159 4303; x_wconf 86' lang='lat' dir='ltr'><strong>intra</strong></span> <span class='ocrx_word' id='word_1_756' title='bbox 3197 4255 3378 4304; x_wconf 87' lang='lat' dir='ltr'><strong>cetum</strong></span> <span class='ocrx_word' id='word_1_757' title='bbox 3418 4264 3554 4305; x_wconf 88' lang='lat' dir='ltr'><strong>con-</strong></span> 
     </span>
    </p>
   </div>
   <div class='ocr_carea' id='block_1_101' title="bbox 1965 4338 3552 4410">
    <p class='ocr_par' dir='ltr' id='par_1_101' title="bbox 1965 4338 3552 4410">
     <span class='ocr_line' id='line_1_101' title="bbox 1965 4338 3552 4410; baseline -0.004 -9"><span class='ocrx_word' id='word_1_758' title='bbox 1965 4345 2204 4401; x_wconf 82' lang='lat' dir='ltr'><strong>servavit</strong></span> <span class='ocrx_word' id='word_1_759' title='bbox 2238 4343 2610 4407; x_wconf 88' lang='lat' dir='ltr'><strong>incolumem,</strong></span> <span class='ocrx_word' id='word_1_760' title='bbox 2654 4340 3021 4410; x_wconf 84' lang='lat' dir='ltr'><strong>perduxitque</strong></span> <span class='ocrx_word' id='word_1_761' title='bbox 3063 4339 3119 4394; x_wconf 87' lang='lat' dir='ltr'><strong>in</strong></span> <span class='ocrx_word' id='word_1_762' title='bbox 3155 4340 3345 4395; x_wconf 88' lang='lat' dir='ltr'><strong>urbem</strong></span> <span class='ocrx_word' id='word_1_763' title='bbox 3391 4338 3552 4394; x_wconf 85' lang='lat' dir='ltr'><strong>innu-</strong></span> 
     </span>
    </p>
   </div>
   <div class='ocr_carea' id='block_1_102' title="bbox 1965 4428 3550 4498">
    <p class='ocr_par' dir='ltr' id='par_1_102' title="bbox 1965 4428 3550 4498">
     <span class='ocr_line' id='line_1_102' title="bbox 1965 4428 3550 4498; baseline -0.004 -8"><span class='ocrx_word' id='word_1_764' title='bbox 1965 4436 2135 4490; x_wconf 89' lang='lat' dir='ltr'><strong>meris</strong></span> <span class='ocrx_word' id='word_1_765' title='bbox 2173 4432 2474 4489; x_wconf 84' lang='lat' dir='ltr'><strong>sceleribus</strong></span> <span class='ocrx_word' id='word_1_766' title='bbox 2521 4429 2919 4485; x_wconf 86' lang='lat' dir='ltr'><strong>redundantem</strong></span> <span class='ocrx_word' id='word_1_767' title='bbox 2957 4450 2970 4482; x_wconf 87' lang='lat'><strong>:</strong></span> <span class='ocrx_word' id='word_1_768' title='bbox 3012 4442 3207 4498; x_wconf 89' lang='lat' dir='ltr'><strong>nempe</strong></span> <span class='ocrx_word' id='word_1_769' title='bbox 3245 4436 3307 4482; x_wconf 91' lang='lat' dir='ltr'><strong>ut</strong></span> <span class='ocrx_word' id='word_1_770' title='bbox 3358 4428 3407 4483; x_wconf 90' lang='lat' dir='ltr'><strong>is</strong></span> <span class='ocrx_word' id='word_1_771' title='bbox 3434 4442 3550 4498; x_wconf 73' lang='lat' dir='ltr'><strong>pm-</strong></span> 
     </span>
    </p>
   </div>
   <div class='ocr_carea' id='block_1_103' title="bbox 1965 4517 3553 4594">
    <p class='ocr_par' dir='ltr' id='par_1_103' title="bbox 1965 4517 3553 4594">
     <span class='ocr_line' id='line_1_103' title="bbox 1965 4517 3553 4594; baseline -0.006 -13"><span class='ocrx_word' id='word_1_772' title='bbox 1965 4526 2253 4582; x_wconf 84' lang='lat' dir='ltr'><strong>nitentiam</strong></span> <span class='ocrx_word' id='word_1_773' title='bbox 2312 4521 2649 4594; x_wconf 69' lang='lat' dir='ltr'><strong>praedicans,</strong></span> <span class='ocrx_word' id='word_1_774' title='bbox 2725 4517 3052 4574; x_wconf 88' lang='lat' dir='ltr'><strong>conciliator</strong></span> <span class='ocrx_word' id='word_1_775' title='bbox 3106 4518 3300 4574; x_wconf 91' lang='lat' dir='ltr'><strong>salutis</strong></span> <span class='ocrx_word' id='word_1_776' title='bbox 3357 4518 3553 4573; x_wconf 87' lang='lat' dir='ltr'><strong>incolis</strong></span> 
     </span>
    </p>
   </div>
   <div class='ocr_carea' id='block_1_104' title="bbox 1892 4608 3555 4698">
    <p class='ocr_par' dir='ltr' id='par_1_104' title="bbox 1892 4608 3555 4698">
     <span class='ocr_line' id='line_1_104' title="bbox 1892 4608 3555 4698; baseline -0.005 -24"><span class='ocrx_word' id='word_1_777' title='bbox 1892 4643 1936 4698; x_wconf 71' lang='grc' dir='ltr'><strong>ι)</strong></span> <span class='ocrx_word' id='word_1_778' title='bbox 1971 4618 2164 4683; x_wconf 82' lang='lat' dir='ltr'><strong>ﬂeret;</strong></span> <span class='ocrx_word' id='word_1_779' title='bbox 2197 4630 2301 4671; x_wconf 90' lang='lat' dir='ltr'><strong>nos</strong></span> <span class='ocrx_word' id='word_1_780' title='bbox 2334 4622 2517 4670; x_wconf 90' lang='lat' dir='ltr'><strong>autem</strong></span> <span class='ocrx_word' id='word_1_781' title='bbox 2554 4614 2660 4671; x_wconf 90' lang='lat' dir='ltr'><strong>hoc</strong></span> <span class='ocrx_word' id='word_1_782' title='bbox 2693 4611 2945 4681; x_wconf 81' lang='lat' dir='ltr'><strong>exemplo</strong></span> <span class='ocrx_word' id='word_1_783' title='bbox 2978 4608 3179 4665; x_wconf 89' lang='lat' dir='ltr'><strong>eruditi</strong></span> <span class='ocrx_word' id='word_1_784' title='bbox 3206 4609 3434 4664; x_wconf 81' lang='lat' dir='ltr'><strong>minime</strong></span> <span class='ocrx_word' id='word_1_785' title='bbox 3462 4625 3555 4665; x_wconf 89' lang='lat' dir='ltr'><strong>ne-</strong></span> 
     </span>
    </p>
   </div>
   <div class='ocr_carea' id='block_1_105' title="bbox 1968 4699 3553 4779">
    <p class='ocr_par' dir='ltr' id='par_1_105' title="bbox 1968 4699 3553 4779">
     <span class='ocr_line' id='line_1_105' title="bbox 1968 4699 3553 4779; baseline -0.004 -18"><span class='ocrx_word' id='word_1_786' title='bbox 1968 4720 2250 4779; x_wconf 90' lang='lat' dir='ltr'><strong>garemus,</strong></span> <span class='ocrx_word' id='word_1_787' title='bbox 2282 4704 2566 4760; x_wconf 87' lang='lat' dir='ltr'><strong>Christum</strong></span> <span class='ocrx_word' id='word_1_788' title='bbox 2586 4702 2888 4758; x_wconf 89' lang='lat' dir='ltr'><strong>Dominum</strong></span> <span class='ocrx_word' id='word_1_789' title='bbox 2920 4700 3037 4770; x_wconf 88' lang='lat' dir='ltr'><strong>pari</strong></span> <span class='ocrx_word' id='word_1_790' title='bbox 3069 4699 3337 4770; x_wconf 87' lang='lat' dir='ltr'><strong>temporis</strong></span> <span class='ocrx_word' id='word_1_791' title='bbox 3372 4700 3553 4769; x_wconf 89' lang='lat' dir='ltr'><strong>spatio</strong></span> 
     </span>
    </p>
   </div>
   <div class='ocr_carea' id='block_1_106' title="bbox 1968 4791 3555 4869">
    <p class='ocr_par' dir='ltr' id='par_1_106' title="bbox 1968 4791 3555 4869">
     <span class='ocr_line' id='line_1_106' title="bbox 1968 4791 3555 4869; baseline -0.006 -13"><span class='ocrx_word' id='word_1_792' title='bbox 1968 4803 2088 4858; x_wconf 90' lang='lat' dir='ltr'><strong>sine</strong></span> <span class='ocrx_word' id='word_1_793' title='bbox 2114 4799 2473 4869; x_wconf 89' lang='lat' dir='ltr'><strong>corruptione</strong></span> <span class='ocrx_word' id='word_1_794' title='bbox 2505 4803 2826 4860; x_wconf 89' lang='lat' dir='ltr'><strong>servatum;</strong></span> <span class='ocrx_word' id='word_1_795' title='bbox 2864 4791 2959 4863; x_wconf 92' lang='lat' dir='ltr'><strong>qui</strong></span> <span class='ocrx_word' id='word_1_796' title='bbox 2990 4806 3116 4845; x_wconf 85' lang='lat' dir='ltr'><strong>mox</strong></span> <span class='ocrx_word' id='word_1_797' title='bbox 3152 4805 3183 4845; x_wconf 90' lang='lat' dir='ltr'><strong>e</strong></span> <span class='ocrx_word' id='word_1_798' title='bbox 3219 4791 3454 4845; x_wconf 84' lang='lat' dir='ltr'><strong>mortuis</strong></span> <span class='ocrx_word' id='word_1_799' title='bbox 3486 4792 3555 4846; x_wconf 91' lang='lat' dir='ltr'><strong>ad</strong></span> 
     </span>
    </p>
   </div>
   <div class='ocr_carea' id='block_1_107' title="bbox 1967 4884 3556 4953">
    <p class='ocr_par' dir='ltr' id='par_1_107' title="bbox 1967 4884 3556 4953">
     <span class='ocr_line' id='line_1_107' title="bbox 1967 4884 3556 4953; baseline -0.006 -4"><span class='ocrx_word' id='word_1_800' title='bbox 1967 4890 2338 4949; x_wconf 87' lang='lat' dir='ltr'><strong>immortalem</strong></span> <span class='ocrx_word' id='word_1_801' title='bbox 2384 4888 2555 4943; x_wconf 88' lang='lat' dir='ltr'><strong>vitam</strong></span> <span class='ocrx_word' id='word_1_802' title='bbox 2606 4895 2923 4953; x_wconf 89' lang='lat' dir='ltr'><strong>revocatus,</strong></span> <span class='ocrx_word' id='word_1_803' title='bbox 2956 4899 3306 4941; x_wconf 90' lang='lat' dir='ltr'><strong>communem</strong></span> <span class='ocrx_word' id='word_1_804' title='bbox 3338 4884 3556 4940; x_wconf 90' lang='lat' dir='ltr'><strong>cunctis</strong></span> 
     </span>
    </p>
   </div>
   <div class='ocr_carea' id='block_1_108' title="bbox 1967 4978 3556 5046">
    <p class='ocr_par' dir='ltr' id='par_1_108' title="bbox 1967 4978 3556 5046">
     <span class='ocr_line' id='line_1_108' title="bbox 1967 4978 3556 5046; baseline -0.004 -6"><span class='ocrx_word' id='word_1_805' title='bbox 1967 4982 2213 5040; x_wconf 85' lang='lat' dir='ltr'><strong>ethnicis</strong></span> <span class='ocrx_word' id='word_1_806' title='bbox 2258 4979 2487 5046; x_wconf 67' lang='lat' dir='ltr'><strong>(Judaeis</strong></span> <span class='ocrx_word' id='word_1_807' title='bbox 2523 4979 2743 5035; x_wconf 86' lang='lat' dir='ltr'><strong>interim</strong></span> <span class='ocrx_word' id='word_1_808' title='bbox 2780 4978 3222 5036; x_wconf 89' lang='lat' dir='ltr'><strong>incredulitatem</strong></span> <span class='ocrx_word' id='word_1_809' title='bbox 3262 4979 3556 5034; x_wconf 87' lang='lat' dir='ltr'><strong>retinenti—</strong></span> 
     </span>
    </p>
   </div>
   <div class='ocr_carea' id='block_1_109' title="bbox 1968 5068 3558 5144">
    <p class='ocr_par' dir='ltr' id='par_1_109' title="bbox 1968 5068 3558 5144">
     <span class='ocr_line' id='line_1_109' title="bbox 1968 5068 3558 5144; baseline -0.004 -15"><span class='ocrx_word' id='word_1_810' title='bbox 1968 5074 2095 5144; x_wconf 89' lang='lat' dir='ltr'><strong>bus)</strong></span> <span class='ocrx_word' id='word_1_811' title='bbox 2122 5071 2460 5144; x_wconf 75' lang='lat' dir='ltr'><strong>ptenitentiae</strong></span> <span class='ocrx_word' id='word_1_812' title='bbox 2502 5071 2702 5127; x_wconf 90' lang='lat' dir='ltr'><strong>merito</strong></span> <span class='ocrx_word' id='word_1_813' title='bbox 2735 5074 2971 5126; x_wconf 88' lang='lat' dir='ltr'><strong>salutem</strong></span> <span class='ocrx_word' id='word_1_814' title='bbox 2996 5070 3272 5127; x_wconf 82' lang='lat' dir='ltr'><strong>exhibuit.</strong></span> <span class='ocrx_word' id='word_1_815' title='bbox 3306 5068 3465 5125; x_wconf 88' lang='lat' dir='ltr'><strong>Unde</strong></span> <span class='ocrx_word' id='word_1_816' title='bbox 3503 5077 3558 5124; x_wconf 87' lang='lat' dir='ltr'><strong>et</strong></span> 
     </span>
    </p>
   </div>
   <div class='ocr_carea' id='block_1_110' title="bbox 1968 5159 3557 5235">
    <p class='ocr_par' dir='ltr' id='par_1_110' title="bbox 1968 5159 3557 5235">
     <span class='ocr_line' id='line_1_110' title="bbox 1968 5159 3557 5235; baseline -0.004 -15"><span class='ocrx_word' id='word_1_817' title='bbox 1968 5166 2238 5222; x_wconf 88' lang='lat' dir='ltr'><strong>Dominus</strong></span> <span class='ocrx_word' id='word_1_818' title='bbox 2270 5162 2569 5235; x_wconf 88' lang='lat' dir='ltr'><strong>aliquando</strong></span> <span class='ocrx_word' id='word_1_819' title='bbox 2604 5163 2743 5218; x_wconf 77' lang='lat' dir='ltr'><strong>dixit</strong></span> <span class='ocrx_word' id='word_1_820' title='bbox 2776 5181 2790 5219; x_wconf 91' lang='lat'><strong>:</strong></span> <span class='ocrx_word' id='word_1_821' title='bbox 2852 5182 2871 5215; x_wconf 79' lang='grc' dir='ltr'><strong>ι</strong></span> <span class='ocrx_word' id='word_1_822' title='bbox 2921 5161 3078 5218; x_wconf 90' lang='lat' dir='ltr'><strong>Sicut</strong></span> <span class='ocrx_word' id='word_1_823' title='bbox 3119 5163 3265 5218; x_wconf 90' lang='lat' dir='ltr'><strong>enim</strong></span> <span class='ocrx_word' id='word_1_824' title='bbox 3294 5159 3464 5216; x_wconf 87' lang='lat' dir='ltr'><strong>Jonas</strong></span> <span class='ocrx_word' id='word_1_825' title='bbox 3500 5161 3557 5214; x_wconf 89' lang='lat' dir='ltr'><strong>in</strong></span> 
     </span>
    </p>
   </div>
   <div class='ocr_carea' id='block_1_111' title="bbox 1965 5252 3555 5325">
    <p class='ocr_par' dir='ltr' id='par_1_111' title="bbox 1965 5252 3555 5325">
     <span class='ocr_line' id='line_1_111' title="bbox 1965 5252 3555 5325; baseline -0.005 -10"><span class='ocrx_word' id='word_1_826' title='bbox 1965 5267 2159 5316; x_wconf 88' lang='lat' dir='ltr'><strong>ventre</strong></span> <span class='ocrx_word' id='word_1_827' title='bbox 2186 5258 2291 5314; x_wconf 92' lang='lat' dir='ltr'><strong>ceti</strong></span> <span class='ocrx_word' id='word_1_828' title='bbox 2338 5265 2456 5311; x_wconf 83' lang='lat' dir='ltr'><strong>tres</strong></span> <span class='ocrx_word' id='word_1_829' title='bbox 2481 5254 2601 5312; x_wconf 90' lang='lat' dir='ltr'><strong>dies</strong></span> <span class='ocrx_word' id='word_1_830' title='bbox 2642 5254 2983 5325; x_wconf 88' lang='lat' dir='ltr'><strong>totidemque</strong></span> <span class='ocrx_word' id='word_1_831' title='bbox 3027 5262 3222 5310; x_wconf 91' lang='lat' dir='ltr'><strong>noctes</strong></span> <span class='ocrx_word' id='word_1_832' title='bbox 3253 5252 3555 5322; x_wconf 84' lang='lat' dir='ltr'><strong>transegit:</strong></span> 
     </span>
    </p>
   </div>
   <div class='ocr_carea' id='block_1_112' title="bbox 1968 5339 3559 5421">
    <p class='ocr_par' dir='ltr' id='par_1_112' title="bbox 1968 5339 3559 5421">
     <span class='ocr_line' id='line_1_112' title="bbox 1968 5339 3559 5421; baseline -0.006 -16"><span class='ocrx_word' id='word_1_833' title='bbox 1968 5352 2043 5405; x_wconf 91' lang='lat' dir='ltr'><strong>ita</strong></span> <span class='ocrx_word' id='word_1_834' title='bbox 2085 5344 2509 5421; x_wconf 84' lang='lat' dir='ltr'><strong>oportetFilium</strong></span> <span class='ocrx_word' id='word_1_835' title='bbox 2541 5344 2784 5399; x_wconf 90' lang='lat' dir='ltr'><strong>hominis</strong></span> <span class='ocrx_word' id='word_1_836' title='bbox 2821 5351 2934 5399; x_wconf 87' lang='lat' dir='ltr'><strong>tres</strong></span> <span class='ocrx_word' id='word_1_837' title='bbox 2970 5344 3089 5398; x_wconf 88' lang='lat' dir='ltr'><strong>dies</strong></span> <span class='ocrx_word' id='word_1_838' title='bbox 3127 5340 3181 5395; x_wconf 91' lang='lat' dir='ltr'><strong>in</strong></span> <span class='ocrx_word' id='word_1_839' title='bbox 3206 5339 3369 5395; x_wconf 87' lang='lat' dir='ltr'><strong>corde</strong></span> <span class='ocrx_word' id='word_1_840' title='bbox 3399 5350 3559 5396; x_wconf 67' lang='lat' dir='ltr'><strong>terra:</strong></span> 
     </span>
    </p>
   </div>
   <div class='ocr_carea' id='block_1_113' title="bbox 1967 5431 3552 5511">
    <p class='ocr_par' dir='ltr' id='par_1_113' title="bbox 1967 5431 3552 5511">
     <span class='ocr_line' id='line_1_113' title="bbox 1967 5431 3552 5511; baseline -0.008 -14"><span class='ocrx_word' id='word_1_841' title='bbox 1967 5441 2312 5511; x_wconf 89' lang='lat' dir='ltr'><strong>totidemque</strong></span> <span class='ocrx_word' id='word_1_842' title='bbox 2354 5444 2547 5493; x_wconf 89' lang='lat' dir='ltr'><strong>noctes</strong></span> <span class='ocrx_word' id='word_1_843' title='bbox 2586 5450 2810 5491; x_wconf 89' lang='lat' dir='ltr'><strong>manere</strong></span> <span class='ocrx_word' id='word_1_844' title='bbox 2843 5436 2911 5487; x_wconf 77' lang='grc' dir='ltr'><strong>τ’.</strong></span> <span class='ocrx_word' id='word_1_845' title='bbox 2964 5453 2982 5485; x_wconf 75' lang='grc' dir='ltr'><strong>ι</strong></span> <span class='ocrx_word' id='word_1_846' title='bbox 3018 5431 3330 5502; x_wconf 79' lang='lat' dir='ltr'><strong>Aliquando</strong></span> <span class='ocrx_word' id='word_1_847' title='bbox 3371 5448 3504 5488; x_wconf 84' lang='lat' dir='ltr'><strong>vero</strong></span> <span class='ocrx_word' id='word_1_848' title='bbox 3540 5452 3552 5486; x_wconf 89' lang='lat'><strong>:</strong></span> 
     </span>
    </p>
   </div>
   <div class='ocr_carea' id='block_1_114' title="bbox 1975 5522 3556 5599">
    <p class='ocr_par' dir='ltr' id='par_1_114' title="bbox 1975 5522 3556 5599">
     <span class='ocr_line' id='line_1_114' title="bbox 1975 5522 3556 5599; baseline -0.008 -11"><span class='ocrx_word' id='word_1_849' title='bbox 1975 5555 1994 5587; x_wconf 82' lang='grc' dir='ltr'><strong>ι</strong></span> <span class='ocrx_word' id='word_1_850' title='bbox 2029 5533 2145 5588; x_wconf 79' lang='lat' dir='ltr'><strong>Viri</strong></span> <span class='ocrx_word' id='word_1_851' title='bbox 2196 5530 2457 5587; x_wconf 69' lang='lat' dir='ltr'><strong>Ninivitaa</strong></span> <span class='ocrx_word' id='word_1_852' title='bbox 2489 5535 2851 5599; x_wconf 82' lang='lat' dir='ltr'><strong>consurgent,</strong></span> <span class='ocrx_word' id='word_1_853' title='bbox 2885 5533 2939 5580; x_wconf 92' lang='lat' dir='ltr'><strong>et</strong></span> <span class='ocrx_word' id='word_1_854' title='bbox 2966 5525 3378 5596; x_wconf 84' lang='lat' dir='ltr'><strong>generationem</strong></span> <span class='ocrx_word' id='word_1_855' title='bbox 3415 5522 3556 5579; x_wconf 78' lang='lat' dir='ltr'><strong>hanc</strong></span> 
     </span>
    </p>
   </div>
   <div class='ocr_carea' id='block_1_115' title="bbox 1968 5618 3561 5696">
    <p class='ocr_par' dir='ltr' id='par_1_115' title="bbox 1968 5618 3561 5696">
     <span class='ocr_line' id='line_1_115' title="bbox 1968 5618 3561 5696; baseline -0.008 -11"><span class='ocrx_word' id='word_1_856' title='bbox 1968 5627 2456 5689; x_wconf 85' lang='lat' dir='ltr'><strong>condemnabunt;</strong></span> <span class='ocrx_word' id='word_1_857' title='bbox 2503 5632 2794 5696; x_wconf 85' lang='lat' dir='ltr'><strong>propterea</strong></span> <span class='ocrx_word' id='word_1_858' title='bbox 2834 5618 2982 5689; x_wconf 86' lang='lat' dir='ltr'><strong>quod</strong></span> <span class='ocrx_word' id='word_1_859' title='bbox 3012 5618 3118 5690; x_wconf 90' lang='lat' dir='ltr'><strong>ipsi</strong></span> <span class='ocrx_word' id='word_1_860' title='bbox 3159 5632 3365 5688; x_wconf 85' lang='lat' dir='ltr'><strong>pronas</strong></span> <span class='ocrx_word' id='word_1_861' title='bbox 3394 5630 3561 5672; x_wconf 83' lang='lat' dir='ltr'><strong>aures</strong></span> 
     </span>
    </p>
   </div>
   <div class='ocr_carea' id='block_1_116' title="bbox 1971 5710 3561 5793">
    <p class='ocr_par' dir='ltr' id='par_1_116' title="bbox 1971 5710 3561 5793">
     <span class='ocr_line' id='line_1_116' title="bbox 1971 5710 3561 5793; baseline -0.008 -15"><span class='ocrx_word' id='word_1_862' title='bbox 1971 5719 2291 5793; x_wconf 56' lang='lat' dir='ltr'><strong>pradicanti</strong></span> <span class='ocrx_word' id='word_1_863' title='bbox 2337 5716 2492 5773; x_wconf 73' lang='lat' dir='ltr'><strong>Jonae</strong></span> <span class='ocrx_word' id='word_1_864' title='bbox 2541 5712 2891 5785; x_wconf 76' lang='lat' dir='ltr'><strong>praebuerunt</strong></span> <span class='ocrx_word' id='word_1_865' title='bbox 2937 5731 2951 5767; x_wconf 90' lang='lat'><strong>:</strong></span> <span class='ocrx_word' id='word_1_866' title='bbox 3017 5725 3149 5768; x_wconf 88' lang='lat' dir='ltr'><strong>ecce</strong></span> <span class='ocrx_word' id='word_1_867' title='bbox 3201 5718 3381 5766; x_wconf 85' lang='lat' dir='ltr'><strong>autem</strong></span> <span class='ocrx_word' id='word_1_868' title='bbox 3435 5710 3561 5781; x_wconf 88' lang='lat' dir='ltr'><strong>plus</strong></span> 
     </span>
    </p>
   </div>
   <div class='ocr_carea' id='block_1_117' title="bbox 1527 5919 2653 5993">
    <p class='ocr_par' dir='ltr' id='par_1_117' title="bbox 1527 5919 2653 5993">
     <span class='ocr_line' id='line_1_117' title="bbox 1527 5919 2653 5993; baseline -0.004 -16"><span class='ocrx_word' id='word_1_869' title='bbox 1527 5922 1569 5952; x_wconf 89' lang='grc'>⁷¹</span> <span class='ocrx_word' id='word_1_870' title='bbox 1645 5920 1804 5977; x_wconf 80' lang='lat' dir='ltr'><strong>Joan.</strong></span> <span class='ocrx_word' id='word_1_871' title='bbox 1872 5939 1956 5993; x_wconf 84' lang='lat' dir='ltr'><strong>In,</strong></span> <span class='ocrx_word' id='word_1_872' title='bbox 1996 5925 2050 5979; x_wconf 73' lang='grc'><strong>4.</strong></span> <span class='ocrx_word' id='word_1_873' title='bbox 2126 5923 2173 5955; x_wconf 78' lang='grc'><strong>’⁸</strong></span> <span class='ocrx_word' id='word_1_874' title='bbox 2208 5919 2399 5976; x_wconf 76' lang='lat' dir='ltr'><strong>Matth.</strong></span> <span class='ocrx_word' id='word_1_875' title='bbox 2430 5934 2531 5985; x_wconf 83' lang='lat' dir='ltr'><strong>xu,</strong></span> <span class='ocrx_word' id='word_1_876' title='bbox 2564 5919 2653 5973; x_wconf 74' lang='grc'><strong>40.</strong></span> 
     </span>
    </p>
   </div>
  </div>
