4102 6472
624 439 730 495 525

1788 431 1876 487 Tll
1888 425 2135 491 EODORI
2180 432 2312 488 ΜΟῘ
2324 432 2410 489 SU
2422 431 2671 488 ESTENI

3797 438 3920 496 5‘23

626 565 789 622 quam
828 551 1000 607 Jonas
1048 550 1137 605 hic
1190 558 1294 603 est.
1337 567 1354 599 ι
1404 547 1575 603 Porro
1606 562 1790 603 rerum
1829 549 2062 603 imitatio
2096 547 2205 601 evi—

2314 545 2474 615 δῆλον
2500 546 2583 598 ὅτι
2605 545 2719 597 ἔστι
2759 545 2858 614 μέν
2879 562 2962 608 τις
2984 547 3217 616 μίμησις
3248 548 3355 600 τῶν
3386 549 3747 620 πραγμάτων,
3768 554 3917 608 πολὺ

622 647 816 701 denter
844 651 1095 711 constat;
1130 657 1446 713 quanquam
1494 642 1664 696 multa
1710 650 1795 697 est
1832 641 2141 710 priscarum
2178 654 2208 692 a

625 737 784 792 novis
808 737 1203 806 discrepantia.
1236 734 1487 790 Profecto
1513 733 1689 789 Judaei
1713 740 2031 802 praesentes,
2062 730 2206 786 haud

624 844 786 885 secus
835 843 999 898 quam
1033 828 1109 882 illi
1154 836 1389 892 veteres,
1430 828 1484 881 in
1529 825 1914 881 incredulitate
1954 838 2210 894 perseve-

626 930 783 987 rant;
813 918 943 972 dun:
999 918 1292 974 salutarem
1326 925 1516 987 gentes
1553 915 1826 985 recipiunt
1856 913 2208 983 praedicatio-

625 1025 773 1064 nem.
822 1007 917 1063 His
962 1008 1248 1063 evidenter
1277 1008 1344 1063 de
1375 1006 1561 1061 causis
1608 1005 1753 1060 beati
1785 1003 1936 1060 Iona:
1975 1017 2210 1073 persona

623 1099 859 1153 excitata
915 1106 1021 1153 est.
1080 1097 1300 1168 Alioqui
1351 1097 1500 1151 enim
1559 1109 1666 1149 non
1726 1104 1835 1148 tam
1894 1092 2211 1147 incredulus

625 1190 739 1247 Deo
783 1192 1120 1262 perstitisset
1162 1190 1452 1260 propheta,
1495 1196 1554 1241 ut
1594 1187 1730 1241 nihil
1770 1200 1962 1241 eorum
2007 1185 2213 1241 faceret

625 1299 747 1355 qua:
775 1283 1095 1352 jubebatur,
1137 1282 1659 1351 prtesertim'quum
1693 1277 1758 1333 ad
1804 1283 1885 1332 tot
1924 1275 2207 1331 hominum

626 1379 923 1432 curandam
954 1376 1186 1431 salutem
1221 1374 1549 1429 mitteretur.
1586 1371 1693 1428 Sed
1725 1384 1905 1440 neque
1934 1369 2007 1424 ita
2041 1369 2213 1423 incre-

624 1465 814 1519 dulum
846 1464 1083 1532 experiri
1116 1478 1239 1518 eum
1275 1477 1413 1533 Opus
1440 1470 1560 1518 erat
1589 1460 2034 1515 marinamillam
2062 1459 2212 1513 cala-

624 1554 899 1620 mitatem,
957 1562 1080 1609 ceto
1133 1554 1395 1608 nimirum
1455 1553 1644 1622 objici,
1702 1550 2018 1621 prodigiose
2059 1551 2205 1603 intra

626 1645 773 1700 hunc
799 1646 1030 1712 servari,
1066 1645 1239 1700 multo
1271 1659 1401 1699 vero
1423 1642 1975 1714 prodigiosiusillinc
2001 1641 2209 1697 exitum

625 1738 902 1793 nancisci.
939 1737 1154 1807 Quippe
1194 1735 1306 1791 Deo
1335 1736 1538 1792 licebat
1565 1736 1725 1791 aliter
1757 1735 1824 1791 ad
1858 1733 2212 1790 oti‘icium'co-

624 1849 753 1903 gere
798 1842 1118 1887 renuentem
1164 1831 1628 1901 incredttlumque
1662 1830 2026 1900 prophetam:
2064 1827 2210 1882 sicut

2311 638 2370 691 δὲ
2400 638 2461 691 τὸ
2485 638 2744 710 διάφορον
2783 637 2994 719 τούτων.
3045 639 3180 710 πρὸς
3232 640 3418 694 ἐκεῖνα
3453 658 3466 671 ο
3501 642 3595 696 καὶ
3622 643 3706 696 ὅτι
3728 661 3913 719 παρεξ-

2318 732 2566 803 πλησίως
2600 732 2699 803 μὲν
2722 724 2871 785 οὗτοι
2903 714 3019 795 τοίς
3063 732 3185 785 τότε
3228 731 3504 798 Ἰουδαίοις
3547 714 3919 801 ἀπιστοῦντες

2313 823 2553 896 μενοῦσι,
2599 823 2811 890 δέξεται
2839 823 2897 877 δὲ
2921 824 2989 876 τὰ.
3014 822 3140 896 ἔθνη
3188 823 3287 895 τὴν
3319 826 3383 878 ὲκ
3424 825 3521 879 τοῦ
3551 825 3918 900 κηρύγματος

2310 916 2613 986 σωτηρίαν.
2663 914 2789 969 Ἐπὶ
2832 914 2896 986 δὴ
2938 915 3148 978 τούτοις
3182 915 3369 985 σαφῶς
3399 918 3426 969 ὁ
3467 918 3737 987 μακάριος
3772 936 3890 990 πρυ

2310 1007 2573 1079 ϐέϐληται
2620 1008 2806 1070 Ἰωνᾶς
2835 1023 2849 1038 ·
2881 1006 3004 1060 οὐδὲ
3049 1006 3161 1078 γάρ
3214 1006 3281 1060 ἂν
3315 1008 3343 1060 ὁ
3392 1010 3679 1082 προφήτης
3728 1010 3912 1075 οὕτως

2311 1099 2524 1170 ἔμεινεν
2547 1098 2778 1169 ἀπειθὴς
2813 1097 2894 1169 τῷ
2919 1097 3060 1170 Θεῷ,
3091 1099 3167 1163 ὡς
3206 1099 3279 1170 μὴ
3328 1101 3547 1155 ἑλέσθαι
3576 1121 3630 1156 τι
3677 1106 3913 1175 ποιῆσαι

2311 1186 2419 1243 τῶν
2447 1189 2752 1261 εἰρημένων
2778 1189 2928 1260 αὐτῷ
2949 1207 2962 1221 ·
2990 1191 3084 1246 καί¹
3110 1191 3287 1245 ταῦτα
3310 1193 3402 1245 ἐπὶ
3424 1194 3669 1265 σωτηρίᾳ
3689 1212 3753 1264 γε
3780 1213 3914 1250 τοσ-

2310 1278 2482 1333 ούτων
2516 1276 2869 1351 πεμπόμενος
2901 1279 3235 1352 ἀνθρώπων·
3269 1281 3388 1334 ἀλλ’
3415 1283 3538 1337 οὐδὲ
3576 1286 3915 1341 ἀπειθοῦντα

2312 1371 2639 1442 πειραθῆναι
2662 1370 2882 1433 πάντως
2899 1370 3009 1423 τῶν
3029 1372 3174 1425 κατά
3191 1373 3290 1444 τὴν
3307 1373 3581 1428 θάλατταν
3601 1371 3670 1446 ἧν
3687 1377 3910 1448 ἀνάγκη

2310 1462 2518 1517 κακῶν·
2537 1461 2679 1516 ὥστε
2695 1464 2790 1516 καλ⁸
2805 1461 3143 1534 ἐμϐληθῆναι
3168 1465 3344 1535 κήτει,
3377 1465 3473 1519 καὶ
3498 1466 3585 1518 ἐπ’
3604 1465 3717 1538 (55)
3739 1468 3911 1521 αὐτοῦ

2310 1553 2631 1625 παραδόξως
2650 1554 2912 1625 σωθῆναι,
2938 1557 3032 1610 καὶ
3056 1557 3489 1628 παραδοξότερον
3518 1557 3598 1610 ἔτι
3630 1557 3731 1629 τὴν
3760 1561 3915 1613 ἐκείο

2308 1647 2402 1701 θεν
2427 1648 2685 1703 ἀνάδυσιν
2715 1650 3031 1720 ὑπομεῖναν
3062 1650 3363 1722 δυναμένου
3394 1668 3459 1719 γε
3491 1650 3586 1705 τοῦ
3618 1651 3754 1706 Θεοῦ
3784 1653 3913 1706 ἑτέ-

2313 1755 2422 1810 ρως
2456 1737 2721 1793 ὀκνοῦντα
2752 1740 2847 1792 καὶ
2877 1739 3207 1795 ἀπειθοῦντα
3247 1741 3342 1794 τὸν
3376 1742 3665 1812 προφήτην
3702 1743 3800 1796 ἐπὶ
3845 1743 3917 1794 τὸ

2309 1829 2428 1883 δέον
2459 1831 2664 1901 ἐγεῖραι
2699 1845 2713 1860 ·
2751 1829 2943 1903 ὥσπερ
2972 1826 3065 1885 οὖν
3113 1830 3277 1885 αὐτὸν
3314 1831 3405 1885 ἐπί
3434 1849 3495 1885 τε
3534 1832 3628 1884 τοῦ
3654 1832 3912 1896 Μωσέως

626 1924 694 1979 ab
719 1940 783 1981 eo
813 1924 1122 1978 factitatum
1155 1923 1410 1979 novimus
1444 1923 1512 1989 ⁷⁸,
1557 1898 1675 1993 quo
1703 1898 1950 1991 tempore
1998 1918 2205 1991 Moyses

2312 1922 2560 1993 ἔγνωμεν
2594 1922 2849 1976 ποιοῦντα
2869 1922 3154 1986 ὀκνοῦντος
3184 1923 3321 1996 πρὸς
3347 1924 3447 1995 τήν
3474 1924 3777 1994 ὑπουργίαν
3799 1925 3905 1995 τῆς

624 2018 967 2088 apostolatus
991 2015 1363 2071 ministerium
1385 2013 1548 2086 154
1574 2013 1889 2078 devitahat;
1918 2012 2214 2081 itidemque

623 2124 748 2164 cum
779 2108 1048 2163 Jeremias
1079 2107 1328 2177 ejusdem
1383 2106 1566 2176 operis
1600 2103 2040 2176 magnitudinem
2076 2104 2216 2158 exti-

622 2202 904 2258 mescebat
952 2202 1020 2255 ⁷⁵.
1064 2200 1233 2279 Plane
1285 2199 1453 2268 igitur
1495 2184 1733 2279 constat,
1788 2195 2001 2251 libitum
2046 2195 2217 2252 fuisse

562 2356 586 2380 .
624 2294 736 2351 Deo
795 2303 906 2349 tam
968 2276 1212 2349 insolitis
1264 2283 1488 2362 tamque
1543 2276 1704 2345 miris
1747 2289 1970 2345 casibus
2012 2286 2208 2342 Jonam

622 2400 904 2451 exercere,
958 2399 1069 2455 quo
1104 2392 1291 2461 typum
1338 2397 1463 2437 eum
1513 2380 1796 2436 exhiberet
1846 2378 2204 2449 gerendarum

621 2478 679 2533 in
707 2477 928 2533 Christo
970 2475 1205 2530 Domino
1240 2488 1446 2536 rerum,
1486 2473 1561 2526 ita
1593 2478 1653 2526 ut
1695 2472 1838 2526 hanc
1878 2470 1950 2525 ob
1981 2482 2205 2525 causam

622 2583 718 2639 per
756 2576 865 2621 tam
913 2564 1290 2621 incredibilem
1336 2563 1635 2617 novitatem
1677 2559 1970 2623 deductus,
2004 2558 2204 2627 dignus

621 2658 727 2713 fide
764 2657 1042 2722 evaderet,
1071 2662 1361 2726 propterea
1395 2654 1541 2723 quod
1576 2652 1718 2707 tanti
1758 2653 1944 2723 operis
1970 2651 2200 2721 figuram

619 2754 675 2809 in
704 2750 1001 2825 semetipso
1030 2748 1271 2821 gerebat.

687 2839 1028 2910 Praecipuam
1063 2839 1248 2907 itaque
1279 2834 1679 2907 prodigiorum,
1714 2849 1836 2906 qua:
1859 2834 2022 2890 beato
2054 2832 2204 2889 J0me

528 2950 535 2959 “
621 2933 966 2996 acciderunt,
1014 2944 1239 2985 causam
1270 2924 1416 2982 hanc
1459 2926 1645 2983 dicere
1678 2928 1845 2983 licet:
1896 2926 2199 2996 proximam

620 3026 872 3088 alteram,
897 3037 1019 3094 quae
1041 3022 1107 3076 de
1130 3028 1260 3091 typo
1283 3019 1539 3073 similiter
1566 3024 1773 3072 manat.
1801 3014 2037 3072 Necesse
2056 3017 2201 3071 enim

621 3122 742 3171 erat
770 3113 914 3169 haud
941 3112 1298 3169 mediocriter
1329 3110 1573 3164 animum
1604 3108 1947 3178 despondere
1967 3106 2201 3179 prophe-
2244 3164 2249 3171 ,

620 3216 728 3269 tas,
762 3205 854 3274 qui
884 3203 1232 3257 continenter
1266 3199 1332 3253 ad
1358 3199 1616 3268 populum
1646 3212 1675 3250 a
1698 3197 1806 3252 Deo
1830 3196 1984 3252 missi
2022 3195 2202 3250 futura

621 3296 912 3359 canebant,
955 3289 1424 3361 imponendasque
1461 3301 1655 3359 pinnas
1687 3286 2103 3355 minitabantur,
2147 3293 2202 3342 et

622 3387 891 3460 quidquid
926 3386 1147 3441 demum
1188 3382 1549 3439 emendandis
1572 3380 1819 3436 moribus
1847 3379 2199 3445 conduceret,

626 3489 821 3544 magna
851 3472 1142 3528 sedulitate
1175 3471 1551 3542 praestabant:
1585 3470 1879 3540 ceteroqui
1913 3470 2046 3526 nihil
2075 3483 2202 3539 pro-

628 3567 898 3633 ficiebant,
944 3565 1228 3620 obtinente
1274 3562 1645 3620 lsraelitarum
1691 3563 1902 3618 malitia
1937 3561 2202 3618 adversus

618 3677 681 3715 ea
714 3660 893 3716 studia
943 3658 1358 3730 prephetarum,
1408 3672 1549 3728 quos
1581 3656 1727 3713 Deus
1777 3656 1995 3711 illorum
2035 3669 2203 3711 causa

619 3752 975 3806 excitaverat.
1025 3732 1393 3815 Quamobrem
1447 3748 1503 3801 hi
1563 3747 1761 3803 merito
1809 3746 1922 3817 jam
1954 3745 2200 3801 inutilem

618 3843 1009 3899 existimabant
1041 3841 1284 3897 laborem
1317 3854 1499 3902 suum,
1544 3854 1609 3893 ac
1641 3837 1709 3894 de
1750 3837 1916 3894 rebus
1946 3834 2202 3891 humanis

620 3949 850 4006 prorsus
882 3932 1269 4003 desperabant,
1310 3946 1525 4003 nempe,
1569 3929 1699 4001 quia
1742 3927 1948 3985 ethnici
1978 3925 2201 3998 quidem

622 4029 677 4082 in
716 4027 847 4081 vitia
895 4031 1218 4080 constanter
1257 4032 1520 4085 ruerent:
1574 4022 1665 4077 ille
1714 4027 1897 4075 autem
1940 4019 2199 4089 populus,

620 4118 715 4190 qui
748 4117 815 4171 ad
849 4104 1087 4171 divinam
1125 4114 1417 4170 videbatur
1455 4114 1704 4170 delectus
1749 4113 2062 4179 scientiam,
2094 4110 2200 4164 imr-

621 4211 825 4282 pietate
855 4218 910 4263 et
940 4221 1156 4263 morum
1203 4205 1440 4260 colluvie
1484 4203 1631 4261 haud
1676 4203 1911 4259 ethnicis
1956 4200 2199 4256 cederet.

623 4302 848 4357 Mmstos
896 4302 1080 4371 itaque
1129 4297 1274 4355 Deus
1317 4298 1617 4370 prophetas
1666 4305 1723 4352 ut
1770 4302 2066 4359 recrearet,
2105 4292 2199 4364 qui

620 4391 867 4448 omnium
910 4392 1098 4462 utique
1120 4389 1405 4444 hominum
1432 4384 1658 4444 multam
1696 4389 1837 4458 gerit
1872 4400 2088 4451 curam,
2114 4400 2203 4455 pe-

620 4483 887 4540 culiarem
918 4488 1106 4537 tamen
1132 4480 1541 4552 providentiam
1565 4480 1755 4535 electis
1780 4476 2065 4549 impendit,
2101 4492 2202 4532 sat-

2308 2015 2617 2085 ἀποστολῆς
2639 2030 2653 2046 ο
2690 2015 2785 2068 ἐπί
2822 2030 2881 2067 τε
2926 2014 3016 2071 τοῦ
3068 2016 3330 2087 Ἰερεμίου
3367 2016 3660 2086 φεύγοντος
3699 2016 3909 2087 ὁμοίως

2313 2105 2569 2159 κάκείνου
2598 2104 2700 2175 τῆς
2744 2105 3046 2177 ὑπουργίας
3077 2106 3137 2159 τὸ
3198 2106 3427 2176 μέγεθος
3451 2123 3465 2136 ’
3499 2109 3575 2176 (p.
3605 2106 3735 2177 254)
3762 2105 3915 2159 ἀλλὰ

2312 2197 2421 2270 γὰρ
2452 2196 2541 2251 διὰ
2566 2197 2910 2268 πραγμάτων
2950 2196 3094 2252 οὕτω
3134 2196 3337 2252 καινῶν
3365 2215 3427 2251 τε
3453 2199 3551 2252 καὶ
3580 2197 3915 2269 παραδόξων

2314 2289 2597 2361 προδήλως
2642 2284 2735 2342 τὸν
2793 2288 3062 2361 μακάριον
3098 2289 3283 2343 Ἰωνᾶν
3328 2291 3555 2359 ἀγαγεῖν
3605 2288 3909 2359 ἐϐουλήθη,

2311 2381 2497 2451 ἐπειδὴ
2535 2381 2703 2434 τύπον
2734 2379 2896 2435 αὑτὸν
2924 2379 3034 2433 τῶν
3071 2381 3214 2435 κατὰ
3245 2381 3337 2434 τὸν
3368 2381 3645 2451 Δεσπότην
3665 2382 3916 2452 Χριστὸν

2309 2473 2542 2546 ἤμελλεν
2559 2464 2881 2542 ἀποφαίνειν
2908 2488 2921 2503 ·
2945 2472 3022 2535 ὡς
3052 2472 3260 2543 ταύτης
3284 2473 3471 2526 ἕνεκεν
3490 2472 3593 2542 τῆς
3611 2471 3789 2535 αἰτίας
3810 2470 3912 2524 διὰ

2309 2564 2578 2633 τοσαύτης
2631 2566 2860 2619 ἀπίστου
2906 2566 3224 2637 καινότητος
3271 2565 3545 2636 ἐνεχθεὶς,
3581 2566 3909 2633 ἀξιόπιστος

2308 2658 2540 2727 γένοιτο,
2562 2657 2658 2711 τοῦ
2678 2658 2933 2712 τοσούτου
2960 2657 3284 2729 πράγματος
3311 2657 3405 2713 τὸν
3430 2658 3600 2712 τύπον
3618 2658 3909 2727 ὲκφαίνων

2310 2750 2368 2801 ὲν
2389 2747 2556 2818 αὐτῷ.

2379 2838 2806 2911 Προηγουμένην
2841 2839 2939 2910 μὲν
2992 2832 3087 2892 οὖν
3130 2837 3242 2893 τῶν
3292 2840 3435 2894 κατά
3482 2840 3573 2903 τὸν
3629 2838 3913 2911 μακάριον

2321 2932 2505 2985 Ἰωνᾶν
2550 2929 2724 2996 οὕτως
2758 2929 3078 3002 παραδόξων
3130 2930 3431 3000 γεγονότων
3478 2930 3682 3002 ταύτην
3719 2932 3908 2987 αἰτίαν

2308 3024 2452 3077 εἴποι
2477 3040 2564 3087 τις
2596 3023 2661 3077 ἄν
2680 3039 2695 3054 ο
2732 3016 3007 3094 ἑπομένην
3028 3022 3085 3076 δὲ
3109 3022 3370 3092 κάκείνην
3391 3024 3457 3075 ὲκ
3486 3022 3581 3076 τοῦ
3604 3022 3777 3079 τύπου
3800 3023 3907 3095 τὴν

2308 3114 2481 3186 ἀρχὴν
2500 3114 2797 3169 λαϐοῦσαν·
2830 3115 3061 3184 ἀθυμεῖν
3091 3113 3202 3185 γὰρ
3233 3116 3331 3185 οὐχ
3353 3114 3429 3178 ὡς
3456 3114 3646 3185 ἔτυχεν
3683 3114 3902 3185 ἀνάγκη

2307 3193 2435 3270 τοὺς
2459 3209 2742 3279 προφήτας
2773 3202 2841 3278 ἦν
2861 3245 2876 3270 ,
2903 3207 2988 3260 δτι
3031 3207 3269 3277 συνεχῶς
3295 3206 3433 3278 πρὸς
3461 3207 3552 3261 τὸν
3584 3207 3710 3260 λαὸν
3745 3207 3904 3277 παρᾶ

2308 3297 2403 3350 τοῦ
2435 3298 2570 3352 Θεοῦ
2606 3299 2972 3369 πεμπόμενοι,
2990 3298 3224 3370 ὲμήνυόν
3246 3314 3307 3350 τε
3333 3298 3518 3362 αὐτοῖς
3537 3296 3609 3352 τὰ
3639 3298 3904 3367 ἐσόμενα.

2309 3389 2404 3442 καὶ
2460 3389 2559 3453 τὰς
2615 3390 3065 3460 ὲπαχθησομένας
3130 3390 3403 3463 τιμωρίας
3459 3389 3720 3459 ἠπείλουν
3751 3405 3766 3419 ·
3805 3390 3905 3443 καὶ

2310 3467 2487 3533 πάντα
2507 3480 2571 3552 δὴ
2605 3480 2673 3533 τὰ
2704 3480 2837 3551 πρὸς
2860 3480 3145 3551 διόρθωσιν
3167 3481 3348 3535 αὐτῶν
3375 3481 3728 3536 συντελοῦντα
3756 3481 3902 3537 κατὰ

2310 3571 2512 3643 πολλῆς
2554 3560 2944 3642 διεπράττοντο
2987 3572 3087 3643 τῆς
3137 3572 3407 3643 σπουδῆςο
3441 3574 3603 3645 ήνυον
3635 3574 3691 3627 δὲ
3734 3573 3908 3626 πλέον

2309 3663 2480 3728 οὐδὲν,
2502 3662 2605 3732 τῆς
2648 3663 2758 3717 τῶν
2803 3662 3152 3736 Ἰσραηλιτῶν
3185 3663 3385 3728 κακίας
3426 3664 3902 3736 ἀντιπραττούσης

2309 3758 2375 3829 τῇ
2407 3755 2495 3810 διὰ
2522 3755 2632 3810 τῶν
2668 3757 2967 3828 προφητῶν
2996 3756 3285 3827 ἐπιμελείᾳ
3312 3757 3464 3828 παρὰ
3488 3757 3582 3811 τοῦ
3608 3757 3745 3810 Θεοῦ
3769 3758 3902 3830 περὶ

2310 3848 2509 3911 αὐτοὺς
2537 3848 2822 3921 γινομένῃ·
2868 3847 2964 3918 ἀφ’
2989 3839 3051 3900 οὗ
3079 3848 3144 3919 δὴ
3185 3848 3282 3901 καὶ
3324 3848 3580 3917 περιττὸν
3627 3849 3701 3911 ὡς
3746 3850 3904 3910 εἰκὸς

2308 3929 2478 4010 ᾤοντο
2529 3937 2619 3992 τὸν
2663 3939 2871 3993 ἑαυτῶν
2921 3935 3061 3992 εἶναι
3114 3938 3275 3993 πόνον
3310 3956 3323 3969 ·
3357 3941 3449 3993 καὶ
3498 3940 3563 4011 δὴ
3615 3940 3710 3993 καὶ
3760 3941 3905 4012 πρὸς

2309 4031 2618 4099 ἀπόγνωσιν
2651 4030 2888 4101 παντελῆ
2924 4030 3036 4084 τῶν
3082 4028 3439 4101 ἀνθρωπείων
3471 4031 3710 4102 ἐχώρουν
3753 4046 3906 4100 πρα-

2308 4121 2569 4191 γμάτωνο
2600 4120 2675 4185 ὡς
2712 4120 2819 4175 τῶν
2869 4119 2966 4190 μὲν
3023 4118 3192 4173 ὲθνῶν
3216 4119 3382 4190 νιπρὺς
3420 4119 3486 4172 τὸ
3522 4123 3705 4192 χεῖρον
3742 4119 3903 4175 ἅπαξ

2309 4212 2593 4277 νευόντων,
2647 4211 2756 4264 τῶν
2804 4212 3102 4264 δοκούντων
3146 4211 3206 4264 δὲ
3244 4204 3326 4273 εἷς
3371 4211 3471 4282 τὴν
3505 4211 3707 4279 γνῶσιν
3755 4210 3909 4275 ἐξει-

2308 4305 2497 4376 λέχθαι
2519 4305 2620 4374 τὴν
2655 4303 2824 4368 θείαν,
2850 4306 2925 4374 (p.
2955 4304 3084 4370 2'55)
3118 4303 3271 4358 οὐδὲν
3313 4302 3720 4373 ἐλαττουμένων
3741 4304 3808 4373 τῇ
3836 4319 3897 4356 τε

2309 4398 2533 4469 ἀσεϐείᾳ
2570 4397 2665 4451 καὶ
2690 4398 2753 4467 τῇ
2780 4396 2889 4450 τῶν
2921 4396 3138 4468 τρόπων
3171 4397 3443 4468 μοχθηρία
3468 4396 3691 4451 ἐκείνων
3710 4413 3725 4427 ⁸
3750 4394 3897 4453 οὗτοι

2309 4491 2375 4562 δὴ
2398 4489 2779 4561 διακειμένους
2819 4490 3018 4552 αὐτοὺς
3061 4476 3461 4560 ψυχαγωγῆσαι
3513 4487 3840 4561 βουλόμενος
3873 4491 3903 4541 ό

621 4588 921 4645 penumero
966 4570 1295 4644 signiﬁcavit
1329 4572 1440 4627 illis
1487 4572 1729 4626 futuram
1760 4571 1816 4625 in
1860 4569 2064 4626 Christi
2093 4567 2201 4624 Do-

2309 4582 2469 4646 Θεὸς,
2507 4584 2536 4635 ό
2568 4580 2769 4649 πολλὴν
2808 4579 2906 4650 μὲν
2953 4579 3174 4633 πάντων
3224 4578 3529 4651 ἀνθρώπων
3575 4577 3897 4649 ἐπιμέλειαν

621 4666 756 4720 mini
801 4665 1036 4742 adventu
1073 4664 1489 4719 conversionem
1534 4663 1901 4718 humanorum
1944 4675 2197 4716 morum:

620 4769 732 4829 quo
764 4765 1010 4825 tempore
1036 4770 1229 4812 omnes
1260 4754 1461 4811 divina:
1493 4755 1682 4826 gratis:
1711 4754 1978 4811 instinctu
2015 4768 2046 4807 a
2069 4754 2203 4808 vitio

621 4846 690 4902 ad
731 4845 993 4901 virtutem
1022 4846 1335 4918 respecturi
1383 4853 1562 4901 erant.
1599 4844 1739 4900 Tum
1784 4844 1852 4899 ad
1895 4851 2201 4899 extremum

621 4943 727 4997 hoc
766 4954 986 5011 quoque
1034 4940 1356 4997 admirabile
1388 4941 1443 4995 in
1491 4940 1755 5011 propheta
1797 4938 1936 4994 Jona
1963 4935 2203 5008 patravit

606 5020 759 5102 'opus
804 5031 869 5105 ad
908 5032 1151 5109 omnium
1184 5033 1579 5105 prephetarum
1630 5031 1997 5087 eruditionem
2037 5035 2201 5099 atque

620 5126 878 5182 solatium
909 5142 923 5179 :
954 5141 1094 5196 quos
1125 5141 1186 5182 re
1230 5127 1348 5197 ipsa
1393 5124 1657 5181 certiores
1697 5122 1825 5180 fecit
1861 5122 1929 5178 de
1969 5121 2201 5177 indubio

620 5214 825 5270 Christi
854 5214 1011 5286 155
1038 5215 1297 5282 adventu,
1330 5223 1386 5271 et
1413 5214 1482 5271 de
1510 5217 1756 5295 omnium
1791 5212 2078 5271 hominum
2109 5227 2202 5283 per

623 5306 675 5361 id
708 5302 926 5378 tempus
961 5306 1029 5362 ad
1070 5308 1271 5364 bonam
1314 5307 1523 5379 frugem
1555 5308 1768 5376 reditu;
1806 5304 2013 5362 Iudaeis
2056 5306 2198 5360 inte-

624 5402 727 5475 rim
753 5399 913 5455 valde
938 5401 1005 5455 ad
1039 5402 1171 5455 vitia
1205 5390 1674 5467 incumbentibus,
1722 5398 1833 5455 Deo
1871 5399 1944 5454 ita
1981 5398 2203 5468 permit-

624 5498 770 5545 tente
794 5488 863 5545 ob
906 5490 1397 5549 demonstrandum
1440 5492 1640 5548 mentis
1683 5492 1938 5546 humanae
1965 5478 2198 5546 liberum

624 5583 911 5638 arbitrium
951 5576 1015 5640 ac
1043 5585 1434 5657 fragilitatem;
1473 5585 1569 5641 sed
1597 5583 1835 5667 denique
1870 5586 1975 5642 sub
1999 5572 2200 5640 Christi

694 5719 741 5750 ’³
770 5717 1038 5787 Εκοιίέίι,
1084 5727 1107 5776 l
1222 5726 1267 5757 ⁷⁸
1304 5725 1415 5782 Jer.
1461 5742 1499 5792 ι,
1541 5727 1596 5782 0.

702 5852 810 5923 (5'5)
852 5854 927 5909 ita
965 5859 1084 5913 cod.
1113 5876 1219 5915 non
1247 5862 1357 5918 ὑπ’.

2306 4671 2648 4743 ποιούμενος,
2690 4670 2970 4743 ἐξαίρετον
2992 4670 3052 4723 δέ
3089 4687 3213 4724 τινα
3250 4671 3431 4742 νέμων
3453 4672 3567 4734 τοῖς
3596 4669 3761 4725 αὐτοῦ
3793 4670 3897 4741 τὴν

2306 4763 2654 4834 κηδεμονίαν,
2689 4760 2952 4825 πολλάκις
2987 4759 3086 4831 μὲν
3127 4760 3396 4831 ἐδήλωσεν
3435 4756 3618 4824 αὐτοῖς
3667 4760 3767 4831 τὴν
3799 4760 3898 4813 ἐπὶ

2303 4854 2404 4924 τῆς
2424 4853 2641 4919 δείξεως
2672 4852 2766 4906 τοῦ
2801 4852 3074 4907 Δεσπότου
3108 4852 3351 4924 Χριστοῦ
3378 4853 3756 4923 γενησομένην
3788 4867 3891 4922 με-

2304 4944 2537 5016 ταϐολὴν
2567 4944 2676 4997 τῶν
2700 4945 3054 5017 ἀνθρωπείων
3086 4945 3453 5017 πραγμάτων,
3478 4946 3567 4998 ὅτε
3603 4944 3667 5015 δὴ
3690 4945 3897 5008 πάντες

2305 5032 2537 5110 ήμελλον
2575 5039 2642 5092 ὲκ
2686 5038 2778 5092 τοῦ
2829 5039 3070 5111 χείρονος
3113 5039 3235 5112 θείᾳ
3267 5040 3450 5111 χάριτι
3492 5038 3668 5094 νεύειν
3710 5038 3805 5091 ἐπὶ
3833 5040 3900 5092 τὸ

2305 5133 2552 5202 κρεῖττον
2591 5148 2604 5161 ’
2646 5132 2952 5185 τελευταῖον
2980 5131 3037 5184 δὲ
3076 5132 3170 5185 καὶ
3202 5132 3301 5203 τὴν
3350 5131 3652 5202 παράδοξον
3683 5129 3896 5201 ταύτην

2306 5222 2568 5291 ἐργασίαν
2600 5222 2699 5293 τὴν
2736 5223 2879 5276 κατά
2901 5222 2990 5275 τὸν
3024 5223 3313 5294 προφήτην
3362 5223 3548 5276 Ἰωνᾶν
3575 5221 3896 5289 πεποίηται,

2308 5315 2386 5376 εἰς
2423 5313 2770 5367 διδασκαλίαν
2821 5308 2903 5366 τε
2941 5314 3034 5367 καὶ
3090 5314 3452 5384 ψυχαγωγίαν
3509 5315 3728 5368 πάντων
3781 5314 3899 5365 τῶν

2308 5405 2604 5477 προφητῶν
2644 5406 2711 5459 δι’
2744 5398 2820 5459 ὧν
2867 5405 3050 5476 ἔργοις
3100 5405 3315 5458 ἔπειθεν
3360 5405 3578 5468 αὐτοὺς,
3612 5403 3686 5466 ὡς
3712 5400 3897 5471 ἀληθῆ

2313 5495 2409 5566 μὲν
2441 5496 2592 5549 ἔσται
2635 5496 2703 5549 τὰ
2734 5496 2875 5550 κατά
2919 5496 3011 5550 τὸν
3051 5497 3331 5569 Δεσπότην
3369 5495 3605 5566 Χριστόν
3629 5511 3642 5525 ·
3670 5492 3763 5547 καὶ
3809 5493 3898 5546 ὅτι

2311 5589 2510 5654 πάντες
2537 5589 2811 5661 ἄνθρωποι
2833 5589 2952 5662 θείᾳ
2974 5589 3157 5661 χάριτι
3179 5590 3299 5643 τότε
3323 5586 3737 5661 μετελεύσονται
3754 5583 3899 5655 πρὸς
