4102 6538
291 461 409 519 39.5

1506 462 2062 520 COMMENTARIUS
2102 466 2171 521 ΙΝ
2214 466 2459 524 ΙΟΝΑΜ.

3516 480 3627 541 “5%

288 576 352 629 τὸ
402 577 533 631 δέον
558 595 574 609 ·
609 577 711 631 νῦν
746 579 847 649 μὲν
888 577 1156 632 Ἰουδαίων
1182 577 1474 643 ἀνενδότως
1518 580 1749 650 ἐχόντων
1805 598 1907 652 περ

2037 582 2350 646 adventum,
2381 600 2491 654 quo
2524 590 2772 655 tempere
2808 589 3150 657 suam‘Deus
3193 592 3427 664 gratiam
3473 604 3626 666 pate-

289 669 395 736 τὴν
427 668 531 723 τοῦ
573 670 829 742 χείρονος
855 670 1092 741 αἵρεσιν,
1123 668 1213 721 διὰ
1238 669 1300 721 τὸ
1329 672 1635 741 συγχωρεῖν
1663 669 1808 723 οὕτω
1832 670 1923 724 τὸν

289 759 437 812 Θεὸν
461 801 475 821 ,
505 760 595 825 είς
629 760 863 831 ἔλεγχον
895 761 993 833 τῆς
1046 760 1396 832 ἀνθρωπίνης
1451 760 1826 833 προαιρέσεώς
1863 778 1922 814 τε

290 851 392 903 καὶ
431 851 776 916 ἀσθενείας·
828 853 925 906 ἐπὶ
978 853 1034 905 δὲ
1087 853 1186 924 τῆς
1225 853 1319 907 τοῦ
1369 854 1644 907 Δεσπότου
1682 852 1921 925 Χριστοῦ

289 948 628 1016 παρουσίας
679 949 766 1003 ὅτι
820 949 889 1002 ἂν
943 951 1042 1020 τὴν
1076 949 1285 1002 οἰκείαν
1338 948 1597 1021 βούληται
1640 948 1924 1004 δεικνύναι

2031 672 2282 731 facturus
2325 685 2462 739 erat,
2495 679 2679 732 cuncti
2732 678 3003 747 homines,
3055 683 3147 752 qui
3196 700 3342 739 nunc
3391 702 3624 756 prorsus

2030 764 2301 836 impietati
2322 766 2494 822 dediti
2517 776 2697 835 erant,
2730 769 2798 824 ad
2822 771 3078 827 virtutem
3106 790 3333 831 cursum
3358 778 3623 834 directuri

2028 868 2206 914 erant.
2245 858 2428 926 Quare
2471 863 2636 917 etiam
2672 864 2866 919 beatus
2903 864 3110 925 Paulus
3140 869 3237 935 ait,
3280 872 3624 928 eonclusisse

2029 948 2198 1005 Deum
2245 953 2430 1007 omnia
2470 954 2575 1009 sub
2623 966 2868 1026 peccato,
2912 967 2971 1015 ut
3015 959 3118 1015 (ide
3156 959 3620 1030 justiticemur”,

288 1040 464 1109 χάριν
505 1041 539 1094 ὁ
573 1040 737 1108 Θεὸς,
796 1041 1056 1095 ἁπάντων
1110 1041 1415 1115 ἀνθρώπων
1462 1043 1571 1096 τῶν
1629 1041 1910 1102 διαπαντὸς

2022 1044 2342 1115 signiﬁcans
2390 1050 2855 1116 quemadmodum
2885 1067 2915 1105 a
2963 1052 3272 1122 majoribus
3305 1056 3515 1111 nostris
3548 1058 3621 1113 ad

292 1132 433 1204 πρὸς
490 1133 768 1187 ἀσέϐειαν
820 1134 1112 1197 νευόντων,
1142 1132 1240 1205 τὴν
1276 1134 1371 1187 ἐπὶ
1410 1133 1473 1187 τὸ
1506 1137 1761 1205 κρεῖττον
1793 1133 1925 1203 λαμ-

2023 1137 2284 1191 sectanda
2318 1138 2450 1191 vitia
2492 1139 2741 1194 inclinati
2783 1141 3091 1210 fuerimus;
3123 1160 3234 1214 quo
3278 1146 3492 1202 scilicet
3521 1162 3619 1209 ρο·-

290 1223 586 1278 όανόντων
627 1227 810 1298 ῥοπήν
830 1242 843 1256 ·
884 1226 962 1290 ὡς
996 1227 1108 1289 ,καὶ
1142 1228 1170 1280 ό
1207 1229 1477 1300 μακάριος
1493 1222 1707 1287 Παῦλός
1736 1241 1910 1296 φησιν,

2027 1242 2425 1298 gnosceremus
2450 1233 2632 1301 gratia
2665 1234 2824 1290 nobis
2853 1251 2994 1305 opus
3027 1252 3147 1292 esse
3190 1238 3257 1292 ad
3292 1237 3618 1296 discernen-

284 1314 368 1367 ὅτι
416 1333 439 1367 ι
494 1317 874 1371 Συνέκλεισεν
908 1320 942 1389 ἡ
970 1318 1163 1391 Γραφὴ
1193 1320 1262 1374 τὰ
1291 1321 1467 1375 πάντα
1490 1321 1594 1374 ὑπὸ
1622 1319 1920 1388 ἁμαρτίαν,

2028 1317 2154 1373 dam
2183 1327 2349 1389 atque
2384 1324 2828 1393 anteponendam
2864 1328 3042 1383 cuivis
3078 1330 3156 1385 rei
3190 1330 3473 1389 virtutem.

280 1411 375 1465 ἵνα
398 1412 473 1464 ἐκ
505 1412 761 1478 πίστεως
786 1414 1169 1487 δικαιωθῶμεν
1201 1432 1212 1445 ·
1256 1435 1275 1468 ι
1309 1416 1387 1487 (p.
1418 1416 1545 1487 2’56)
1567 1417 1783 1479 δεικνὺς
1807 1416 1891 1468 ὅτι
1933 1416 1997 1468 ὲκ
2029 1415 2137 1468 τῶν
2179 1413 2584 1489 προειληφότων
2621 1420 2720 1493 τὴν
2748 1421 2841 1476 ἐπὶ
2871 1422 2933 1475 τὸ
2954 1426 3136 1496 χεῖρον
3170 1424 3279 1478 τῶν
3317 1424 3621 1496 ἀνθρώπων

279 1504 719 1577 ἐπαιδεύθημεν
751 1507 948 1579 ῥοπὴν,
977 1508 1063 1563 ἵνα
1089 1507 1352 1579 μάθωμεν
1386 1510 1476 1562 ὅτι
1516 1510 1665 1573 θείας
1706 1509 1927 1580 χάριτος
1974 1508 2208 1579 δεόμεθα
2241 1512 2378 1580 πρὸς
2430 1512 2491 1566 τὸ
2522 1502 2815 1585 διαγνῶναί
2851 1532 2910 1569 τε
2957 1517 3051 1575 καὶ
3088 1516 3370 1588 προθεῖναι
3401 1517 3625 1571 πάντων.

277 1599 343 1651 τὺ
379 1602 674 1667 κρεῖττον.

355 1690 587 1744 Τούτου
618 1710 685 1761 γε
704 1693 990 1761 ἀπόδειξιν
1023 1693 1273 1766 αὐτάρκη
1309 1693 1613 1766 παρέσχετο
1645 1695 1759 1757 τοῖς
1778 1711 1913 1768 προ-

280 1783 501 1852 ςὴταις
528 1785 604 1837 τὰ
640 1785 912 1856 παρόντα,
945 1788 1000 1839 ἐν
1033 1789 1147 1849 τοῖς
1164 1786 1306 1839 κατά
1328 1786 1419 1838 τὸν
1457 1786 1640 1839 Ἰωνᾶν
1677 1785 1913 1856 μάλιστα

2090 1695 2335 1760 Quarum
2364 1710 2550 1750 rerum
2580 1694 2830 1749 idoneam
2864 1694 2920 1750 in
2965 1694 3224 1765 praesenti
3267 1693 3619 1750 demonstra-

2017 1787 2222 1843 tionem
2248 1788 2530 1858 prophetis
2547 1789 2816 1853 exhibuit,
2837 1803 2958 1843 eam
2994 1789 3207 1853 scilicet
3235 1803 3403 1857 quam
3432 1787 3486 1842 in
3516 1785 3614 1842 Jo-

278 1873 456 1926 τοῦτο
489 1874 700 1944 χρῆναι
730 1875 1012 1946 δειχθῆναι
1038 1875 1303 1946 νομίζωψ
1333 1875 1393 1938 ὃς
1436 1876 1608 1928 τύπον
1645 1877 1702 1929 ἐν
1733 1876 1910 1946 ἐαυτῷ

2018 1895 2104 1935 na:
2155 1880 2433 1950 praecipue
2484 1882 2708 1937 casibus
2759 1880 3177 1950 exprimendam
3220 1881 3468 1945 curavit,
3520 1880 3613 1948 qui

276 1982 412 2018 τινα
454 1965 572 2020 τῶν
613 1967 747 2038 περὶ
778 1967 871 2020 τὸν
909 1968 1187 2038 Δεσπότην
1228 1969 1503 2039 ἐσομένων
1551 1969 1792 2041 παρέσχε
1824 1969 1915 2023 τὸν

280 2058 549 2130 Χριστόν
578 2075 589 2090 ·
625 2058 954 2112 ἀποστέλλει
989 2060 1087 2131 μὲν
1122 2060 1230 2131 γὰρ
1263 2060 1429 2115 αὑτὸν
1473 2063 1554 2125 είς
1584 2061 1785 2134 Νινευὴ
1817 2061 1915 2131 τὴν

278 2154 480 2216 πόλιν,
529 2154 783 2226 μεγάλην
839 2150 1003 2210 οὖσαν
1043 2155 1138 2208 καὶ
1193 2155 1774 2226 πολυανθρωποτάτην,
1821 2157 1914 2210 καὶ

277 2248 398 2301 τῶν
428 2248 494 2299 ὲν
543 2249 861 2319 Ἀσσυρίοις
918 2247 1167 2318 βασιλίδα
1202 2249 1583 2319 τυγχάνουσαν
1603 2267 1615 2282 ·
1641 2244 1755 2322 ἐνῇ
1785 2250 1915 2303 πάν-

275 2358 374 2403 τες
413 2340 570 2410 πρὸς
616 2339 885 2393 ἀσέϐειάν
915 2357 975 2392 τε
1014 2339 1235 2411 ἐώρων,
1272 2341 1368 2395 καὶ
1414 2340 1675 2413 μοχθηρῴ
1735 2359 1908 2413 προσ-

286 2437 537 2504 ανεῖχον
595 2434 719 2504 βίῳ,
751 2436 988 2504 τρυφαῖς
1012 2450 1072 2486 τε
1107 2434 1200 2488 καὶ
1226 2435 1445 2489 ἀνέσεσι
1471 2436 1565 2489 καὶ
1597 2435 1912 2500 ἀκολασίαις

278 2525 388 2576 καὶ
443 2524 605 2595 πάσῃ
640 2523 914 2589 συζῶντες
944 2526 1285 2597 παρανομίᾳ
1308 2544 1322 2558 ·
1360 2526 1569 2580 κελεύει
1606 2528 1662 2581 δὲ
1686 2527 1783 2598 τὴν
1811 2528 1912 2598 τῆς

279 2617 518 2680 πόλεως
549 2617 793 2687 μηνύσαι
824 2618 1170 2690 καθαίρεσιν,
1210 2623 1259 2674 εί
1292 2621 1366 2691 μὴ
1398 2619 1649 2675 νεύσειαν
1679 2620 1817 2691 πρὸς
1848 2620 1911 2673 τὸ

277 2711 412 2764 δέον
441 2728 457 2741 ο
492 2708 621 2765 εἶτα
652 2711 1036 2781 παρεσκεύασε
1068 2714 1278 2778 πάντας
1303 2714 1549 2777 ἐκείνους
1582 2713 1776 2785 ἀθρόον
1797 2732 1910 2782 φω-

279 2803 387 2873 νῆς
415 2802 741 2871 ἀκηκοότας
773 2801 869 2855 τοῦ
899 2803 1204 2875 προφήτου,
1240 2803 1301 2858 ὃν
1345 2804 1444 2874 ούχ
1485 2804 1632 2866 ὅστις
1669 2799 1736 2875 ἦν
1776 2804 1907 2873 ἠπί-

279 2910 524 2957 σταντο,
554 2892 676 2946 ἀλλ’
732 2893 856 2947 οὐδὲ
906 2895 1047 2963 μετὰ
1102 2894 1396 2966 θαυμάτων
1451 2896 1690 2965 φανέντα
1747 2892 1906 2961 εἶδον,

276 2986 445 3041 ὥστε
473 2985 745 3056 ἔκπληξιν
785 2986 953 3040 αὑτοῦ
1004 3004 1131 3041 τινα
1162 2987 1347 3041 λαϐεῖν
1369 3005 1382 3016 ·
1408 2988 1657 3045 ἐντεῦθεν
1681 2989 1911 3061 μεταθε-

280 3078 507 3145 μένους
541 3077 645 3147 τῆς
692 3077 929 3148 πρόσθεν
956 3076 1185 3149 γνώμης
1211 3079 1322 3134 ἀπὸ
1354 3080 1526 3151 μόνης
1552 3081 1648 3152 τῆς
1680 3080 1911 3152 ἀπειλῆς

279 3170 443 3242 πρὸς
480 3171 545 3223 τὸ
579 3172 832 3241 κρεῖττον
869 3170 1018 3236 ἰδεῖν,
1050 3170 1297 3235 ὲθνικούς
1324 3189 1384 3224 τε
1425 3172 1588 3236 ὄντας
1618 3173 1712 3227 καὶ
1757 3174 1909 3227 οὐδὲν

2020 1974 2315 2045 quamdam
2356 1989 2542 2028 rerum
2582 1975 2634 2028 in
2664 1974 2886 2030 Christo
2936 1973 3171 2027 Domino
3204 1972 3612 2039 elﬁciendaruin

2020 2067 2311 2138 imaginem
2358 2067 2412 2121 in
2464 2082 2525 2121 se
2569 2066 2689 2136 ipso
2740 2066 2996 2137 gestavit.
3053 2065 3224 2121 Mittit
3280 2068 3427 2122 enim
3486 2083 3609 2122 eum

2017 2158 2163 2213 Deus
2194 2160 2248 2212 in
2299 2172 2552 2227 magnam
2580 2158 2783 2235 urbem
2817 2156 3070 2224 Niniven,
3104 2159 3309 2228 populo
3339 2159 3615 2228 c0piosis«

2018 2250 2240 2313 simam,
2282 2249 2640 2320 Assyriorum
2687 2248 2891 2319 regiam
2941 2247 3166 2315 sedem;
3221 2248 3380 2317 cujus
3423 2249 3609 2303 cuncti

2016 2341 2165 2398 cives
2209 2356 2318 2395 non
2355 2336 2479 2401 Sine
2529 2341 2811 2410 religionis
2859 2348 3177 2411 contemptu
3220 2356 3450 2411 pravum
3484 2341 3612 2393 vitm.

2015 2448 2189 2503 genus
2212 2433 2517 2503 agitabant,
2545 2434 2680 2493 otio,
2707 2434 2943 2501 luxuria,
2970 2434 3420 2505 intemperantia,
3447 2443 3613 2504 atque

2015 2522 2350 2581 omnimodis
2405 2526 2561 2581 vitiis
2611 2525 2972 2593 diﬂluentes:
3028 2527 3294 2597 jubetque
3344 2536 3404 2581 ut
3458 2529 3614 2582 urbis

2013 2619 2286 2673 excidium
2335 2619 2574 2682 nuntiet,
2609 2618 2716 2673 nisi
2752 2619 2949 2673 incolae
2989 2618 3058 2673 ad
3105 2619 3343 2687 oﬂicium
3377 2636 3615 2677 conver-

2014 2715 2225 2763 tantur.
2277 2708 2413 2763 Exin
2469 2707 2684 2762 curavit
2735 2706 2899 2772 Deus,
2935 2714 2993 2761 ut
3039 2708 3075 2761 ii
3132 2717 3358 2784 repente
3414 2725 3608 2765 omnes

2013 2802 2201 2855 audita
2248 2800 2533 2870 propheta:
2578 2813 2712 2854 voce
2746 2799 2929 2867 (quem
2959 2806 3119 2852 antea
3164 2800 3394 2855 minime
3442 2816 3610 2856 nove-

2011 2903 2161 2959 rant,
2187 2909 2366 2964 neque
2396 2908 2543 2951 nunc
2566 2892 2835 2963 prodigiis
2857 2892 3254 2947 communitum
3281 2894 3605 2956 cernebant,
3674 2940 3679 2943 Α

2011 2988 2087 3041 ita
2117 2994 2179 3042 ut
2201 2987 2325 3057 ejus
2352 2970 2719 3042 admiratione
2745 2985 2929 3055 aliqua
2962 2985 3606 3057 percellerentur),cura-

2011 3080 2109 3144 vit,
2144 3080 2389 3149 inquam,
2426 3078 2572 3133 Deus
2595 3084 2656 3131 ut
2690 3077 2876 3148 priore
2908 3075 3132 3148 ingenio
3170 3084 3400 3144 mutato,
3430 3078 3608 3132 mina-

2014 3186 2250 3241 rumque
2294 3171 2344 3225 vi
2400 3170 2647 3240 impulsi,
2706 3170 2773 3223 ad
2819 3169 3044 3225 saniora
3097 3169 3327 3227 consilia
3368 3177 3607 3226 mentem

276 3262 659 3326 διδασκαλίας
701 3257 842 3327 εἶδος
876 3264 957 3325 εἰς
1008 3261 1323 3316 θεοσέϐειαν
1356 3263 1600 3335 ἡκούσης
1640 3266 1906 3336 πρότερον

2015 3263 2363 3321 intenderent
2385 3261 2743 3333 quantumvis
2771 3261 2997 3328 ethnici,
3025 3269 3083 3321 et
3118 3261 3212 3333 qui
3259 3261 3466 3316 nullam
3508 3277 3605 3316 vc-

276 3355 687 3424 δεδ-ειγμένους
728 3371 740 3384 ο
771 3353 850 3418 ὡς
878 3353 945 3408 ἂν
994 3354 1293 3426 δηλώσειεν
1337 3357 1402 3408 ὲκ
1449 3355 1558 3410 τῶν
1599 3355 1907 3427 παρόντων,

278 3447 370 3519 (p.
406 3448 553 3517 257)
596 3448 681 3500 ὅτι
738 3445 884 3501 κατά
936 3448 1126 3501 τοῦτον
1164 3449 1256 3500 τὸν
1300 3447 1502 3518 τρόπον
1533 3449 1626 3503 ἐπὶ
1669 3448 1768 3519 τῆς
1813 3449 1911 3503 τοῦ

277 3540 585 3594 Δεσπότου
639 3540 881 3611 Χριστοῦ
935 3541 1244 3611 παρουσίας
1289 3541 1508 3595 ἅπαντα
1559 3543 1628 3597 τὰ
1665 3543 1792 3615 ἔθνη
1840 3547 1909 3617 τῇ

277 3631 480 3703 οἰκείᾳ
502 3630 693 3701 χάριτι
725 3631 914 3683 νεῦσαι
952 3635 1372 3705 παρασκευάσει
1400 3634 1534 3707 πρὸς
1559 3635 1619 3688 τὸ
1639 3638 1906 3705 κρεῖττον,

280 3723 400 3778 κᾶν
456 3722 717 3777 ἀπειθεῖν
768 3723 1028 3779 ἐθέλωσιν
1075 3727 1317 3781 Ἰουδαῖοι
1358 3730 1426 3799 τῇ
1482 3728 1582 3791 sic
1626 3728 1908 3794 εὐσεϐείας

279 3817 644 3887 διδασκαλία.

375 3908 678 3963 Ἐντεῦθεν
710 3910 740 3961 ό
776 3909 1048 3983 μακάριος
1078 3912 1368 3983 προφήτης
1393 3910 1457 3967 ἐκ
1483 3928 1545 3967 τε
1564 3911 1674 3967 τῶν
1701 3913 1908 3987 παρόν-

279 4023 408 4059 των
445 4001 713 4067 συνειδὼς
741 4003 817 4067 ὼς
846 4003 946 4074 τῆς
992 4004 1229 4077 ἐσχάτης
1249 4005 1389 4070 ἄξιοι
1426 4004 1720 4075 φανοῦνται
1744 4023 1910 4074 τιμω-

284 4098 427 4170 ρίας
474 4095 746 4161 Ἰουδαῖοι,
794 4096 861 4150 ὲκ
909 4080 1182 4169 τοσαύτης
1234 4097 1585 4162 διδασκαλίας
1637 4098 1909 4170 μηδεμίαν

278 4189 594 4261 δεξάμενοι
626 4188 938 4261 διόρθωσιν,
978 4191 1027 4244 εἰ
1068 4189 1351 4245 Νινευῗται
1378 4191 1604 4262 ἀσεϐείᾳ
1636 4189 1906 4256 συζῶντες

280 4285 392 4339 καὶ
429 4281 832 4354 στρεφόμενοι,
868 4280 1066 4353 ἀθρόον
1103 4283 1168 4336 ἐκ
1211 4282 1499 4354 μηνύσεως
1530 4282 1698 4353 μόνης
1735 4300 1900 4353 μετα-

283 4376 525 4447 θέμενοι
565 4373 842 4443 φαίνοιντο
890 4372 1027 4446 πρὺς
1054 4374 1115 4427 τὸ
1140 4376 1390 4446 κρεῖττον
1420 4391 1434 4406 ο
1460 4374 1554 4428 καὶ
1589 4374 1671 4428 ὅτι
1700 4374 1906 4429 τούτων

282 4469 357 4539 δὴ
386 4466 537 4538 πρὸς
563 4465 841 4531 ἀπόδειξιν
869 4465 1209 4535 γιγνομένων
1247 4465 1357 4521 τῶν
1398 4465 1539 4519 κατὰ
1579 4466 1670 4519 τὸν
1695 4468 1905 4530 Δεσπό-

2013 3374 2088 3412 ra:
2131 3354 2350 3426 pietatis
2390 3356 2629 3424 speciem
2663 3353 2931 3409 hactenus
2962 3368 3075 3423 prae
3114 3368 3176 3409 se
3203 3353 3463 3408 tulerant.
3497 3352 3607 3409 Res

2010 3463 2139 3517 ergo
2178 3461 2420 3518 praesens
2444 3443 2858 3513 docebat,,fore
2892 3452 2959 3511 ut
2985 3443 3173 3500 eadem
3220 3444 3434 3499 ratione
3455 3445 3606 3499 circa

2013 3538 2229 3595 Domhi
2256 3537 2462 3597 Christi
2505 3536 2802 3605 adventum
2847 3535 3035 3609 populi
3064 3550 3290 3616 omnes,
3334 3536 3384 3590 vi
3417 3537 3609 3607 gratia:

2010 3632 2150 3702 ejus,
2204 3632 2278 3687 de
2334 3630 2556 3698 virtutis
2601 3629 2786 3684 studio
2843 3630 3183 3701 cogitarent:
3236 3628 3442 3684 Judmis
3477 3630 3609 3685 licet

2010 3714 2294 3782 obstinata
2322 3721 2713 3779 incredulitate
2743 3719 3050 3775 doctrinam
3082 3712 3303 3791 pietatis
3339 3736 3605 3792 respuen-

2011 3817 2179 3872 tibus.

2087 3908 2253 3983 156
2296 3906 2667 3975 Quamobrem
2714 3906 2910 3965 beatus
2936 3898 3202 3976 preplie'ta
3234 3920 3301 3960 ex
3346 3906 3602 3976 praesenti

2008 4020 2067 4060 re
2094 4003 2484 4073 cognoscebat,
2531 4000 2650 4058 tore
2669 4010 2738 4075 θυι
2769 4009 3016 4058 extremo
3043 3998 3362 4054 viderentur
3390 3998 3604 4068 suppli-

2009 4097 2099 4153 cio
2126 4096 2279 4167 digni
2300 4094 2499 4161 Judaei,
2531 4094 2627 4166 qui
2665 4104 2821 4149 tanto
2842 4107 2872 4146 a
2900 4091 3219 4165 magisterio
3244 4091 3448 4146 nullam
3479 4090 3604 4146 vitae

2008 4188 2449 4244 emendationem
2478 4193 2909 4251 contraxerant;
2937 4185 3067 4240 dum
3101 4183 3321 4239 interim
3346 4181 3605 4237 Ninivitze

2008 4279 2174 4357 omni
2198 4277 2479 4349 quondam
2526 4277 2881 4347 improbitate
2908 4273 3222 4357 rpollutiac
3261 4273 3600 4339 volutantes,

2008 4354 2194 4430 statim
2228 4371 2346 4428 solo
2380 4369 2794 4441 praedicationis
2818 4354 3030 4423 terrore
3068 4367 3136 4421 ad
3175 4367 3455 4421 meliorem
3488 4365 3603 4421 [ru-

2007 4479 2128 4536 gem
2186 4462 2430 4517 traducti
2486 4459 2748 4516 fuissent.
2812 4458 3063 4528 Cumque
3108 4458 3224 4512 haec
3267 4457 3602 4528 intelligeret

282 4577 400 4631 την
462 4559 751 4629 ἐσομένων
811 4557 1083 4629 Χριστὸν,
1116 4559 1177 4611 τὸ
1221 4558 1357 4613 αὐτὸ
1410 4559 1466 4612 δὲ
1513 4558 1668 4612 τοῦτο
1720 4559 1905 4632 πολλῷ

2014 4555 2150 4623 ﬁeri,
2178 4554 2250 4609 ob
2283 4567 2347 4608 ea
2377 4550 2741 4620 signiﬁcanda
2778 4566 2902 4621 quae
2946 4548 3092 4604 circa
3132 4547 3340 4603 Christi
3385 4548 3597 4603 Domini

286 4652 466 4708 πλέον
491 4649 1034 4722 συμϐήσεται,όπότ’
1056 4649 1122 4704 ἂν
1150 4650 1219 4703 τά
1254 4650 1354 4720 μὲν
1382 4648 1519 4722 ἔθνη
1546 4652 1613 4722 τῇ
1649 4650 1769 4723 θεία⁷
1802 4668 1905 4705 κα-

288 4744 549 4817 λούμενα
600 4742 785 4815 χάριτι
822 4740 1137 4817 ρέπῃνπρὸς
1164 4741 1263 4812 τὴν
1316 4741 1621 4807 εὐσέϐειαν,
1666 4742 1911 4796 Ἰουδαῖοι

288 4838 353 4893 δὲ
386 4816 638 4908 μένωσιν
663 4833 915 4898 ἀπειθεῖς
950 4816 1043 4887 καὶ
1081 4835 1157 4904 μὴ
1194 4833 1474 4904 δεχόμενοι
1498 4833 1592 4887 τὸν
1628 4833 1908 4906 Δεσπότην

290 4928 564 5003 Χριστὸν,
584 4919 647 4981 οὗ
677 4926 781 4999 τὴν
808 4926 1046 4997 μήνυσιν
1071 4925 1167 4979 καὶ
1196 4925 1295 4996 τὴν
1324 4925 1909 4982 διδασκαλίαν-ἄνωθεν

290 5024 621 5097 φερομένην
650 5018 801 5093 εῐχον
834 5020 965 5093 παρ’
998 5021 1246 5085 ἑαυτοῖς·
1270 5020 1353 5074 ὅτι
1386 5022 1446 5074 τε
1495 5021 1744 5075 ἐντεῦθεν
1779 5021 1910 5093 κλη-

294 5117 531 5193 ρονόμοι
571 5115 673 5187 μὲν
718 5113 1206 5186 ἀποφανθήσονται
1246 5115 1344 5183 τῆς
1377 5112 1654 5182 βασιλείας
1676 5112 1788 5168 τῶν
1816 5115 1908 5167 οὺ-

293 5213 485 5288 ρανῶν
519 5212 571 5266 οἱ
618 5207 904 5279 πανταχοῦ
945 5208 1050 5279 γῆς
1097 5207 1378 5270 οἰκοῦντες
1423 5207 1735 5279 ἄνθρωποι,
1772 5206 1907 5274 ἔξω·

295 5309 602 5378 σθήσονται
652 5304 711 5357 δὲ
753 5304 855 5375 τῆς
900 5303 1112 5374 δωρεᾶς
1160 5301 1367 5372 ταύτης
1412 5301 1502 5357 διὰ
1550 5300 1649 5372 τὴν
1699 5300 1905 5355 οἰκείαν

292 5396 590 5453 ἀπείθειαν
608 5410 670 5447 τε
697 5394 794 5447 καὶ
827 5391 1089 5446 ἀσέϐειαν
1123 5391 1387 5455 Ἰουδαῖοι,
1418 5390 1596 5445 καίτοι
1621 5407 1686 5460 γε
1713 5391 1903 5456 δόξαν·

294 5504 389 5550 τες
422 5488 487 5540 ὲν
524 5482 770 5554 τοσαύτῃ
804 5481 1131 5554 διδασκαλίᾳ
1174 5480 1270 5534 τοῦ
1321 5480 1630 5552 κρείττονος
1676 5480 1906 5551 γεγενῆ-

298 5580 451 5642 σθαι,
485 5575 809 5644 ἀναγκαίως
845 5572 1071 5645 ἠθύμει,
1104 5572 1336 5637 πένθους
1365 5573 1516 5638 ἀξιον
1565 5571 1904 5643 πανταχόθεν

298 5672 445 5745 ὀρῶν
472 5668 534 5723 τὸ
566 5669 827 5739 πρᾶγμα,
858 5666 956 5721 καὶ
986 5666 1275 5737 συναλγῶν
1310 5669 1410 5738 μὲν
1443 5665 1722 5731 Ἰουδαίοις
1762 5666 1905 5721 εἰκό-

294 5780 442 5825 τως,
474 5762 554 5832 (p.
610 5759 743 5829 258)
782 5757 1050 5823 τοιούτοις
1102 5777 1162 5814 τε
1198 5754 1318 5814 οῦσι
1357 5758 1453 5812 καὶ
1492 5756 1731 5813 τοσαῦτα
1779 5757 1907 5829 μέλ-

373 5933 423 5968 "
467 5937 609 5993 Rom
672 5936 875 6007 x1,52.

2012 4650 2303 4713 adventum
2333 4644 2520 4700 futura
2540 4651 2733 4709 erant;
2760 4659 2870 4700 rem
2896 4642 3072 4697 multo
3098 4640 3405 4712 graviorem
3434 4656 3602 4697 even-

2011 4751 2190 4797 turam
2240 4738 2488 4803 videbat,
2532 4751 2658 4811 cum
2711 4734 2921 4790 ethnici
2964 4732 3150 4787 divina
3193 4732 3370 4804 gratia
3422 4733 3602 4789 vocati

2013 4835 2081 4889 ad
2107 4834 2366 4904 pietatem
2399 4826 2774 4890 conﬂuerent;
2803 4825 3010 4883 Judaeis
3034 4824 3395 4880 nihilominus
3420 4825 3602 4880 incre-

2012 4927 2298 4991 dulitatem
2327 4938 2482 4979 suam
2534 4919 2923 4987 retinentibus,
2960 4932 3138 4987 neque
3171 4916 3455 4991 Christum
3496 4918 3607 4972 Do-

2014 5020 2226 5075 minum
2254 5014 2670 5086 recipientibus,
2715 5012 2875 5082 cujus
2912 5009 3209 5085 caeteroqui
3239 5009 3601 5080 signiﬁcatio-

2016 5127 2139 5168 nem
2175 5119 2342 5181 atque
2389 5107 2699 5164 doctrinam
2752 5106 2970 5162 coalitus
3010 5103 3315 5160 immissam
3358 5103 3499 5173 apud
3541 5118 3607 5159 se

2016 5202 2329 5269 habebant;
2381 5207 2547 5271 atque
2586 5198 2715 5267 hinc
2743 5198 2900 5269 regni
2949 5196 3185 5251 rmlrstis
3226 5195 3466 5250 lizeredes
3500 5194 3599 5249 de-

2015 5297 2286 5352 claratum
2323 5293 2390 5348 iri
2424 5291 2701 5355 homines,
2730 5290 2825 5360 qui
2856 5289 3059 5359 ubique
3085 5295 3356 5343 terrarum
3388 5284 3602 5340 habita-

2014 5394 2177 5455 rent;
2225 5386 2510 5442 exclusum
2547 5391 2730 5438 autem
2764 5382 2832 5437 iri
2884 5380 2953 5436 ab
2992 5380 3096 5433 hac
3133 5377 3428 5432 donatione
3475 5392 3603 5445 pro-

2017 5489 2137 5551 pter
2171 5494 2326 5534 suam
2372 5475 2812 5543 incredulitatem
2861 5470 3309 5539 impietatemque
3356 5467 3602 5537 Judacos,

2015 5572 2109 5644 qui
2151 5580 2333 5626 tamen
2368 5568 2698 5624 videbantur
2745 5565 2803 5617 in
2848 5570 2956 5617 tam
2994 5560 3198 5633 inclyto
3228 5562 3448 5618 virtutis
3486 5578 3604 5617 ma-

2014 5663 2243 5738 gisterio
2273 5659 2508 5717 versari.
2541 5656 2669 5714 Haec
2702 5654 3020 5711 necessario
3050 5652 3328 5727 prophetae
3358 5655 3602 5710 animum

2014 5756 2385 5829 torquebant,
2459 5753 2768 5808 luctuosum
2853 5761 3250 5821 usquequaque
3322 5748 3603 5821 negotium
