  <div class='ocr_page' id='page_1' title='image "/cluster/home/n/w/nwhite01/storage/ocr_20150623/66/coo.31924054869676/171.png"; bbox 0 0 4102 6528; ppageno 0'>
   <div class='ocr_carea' id='block_1_1' title="bbox 528 486 632 548">
    <p class='ocr_par' dir='ltr' id='par_1_1' title="bbox 528 486 632 548">
     <span class='ocr_line' id='line_1_1' title="bbox 528 486 632 548; baseline -0.087 0"><span class='ocrx_word' id='word_1_1' title='bbox 528 486 632 548; x_wconf 73' lang='lat'><strong>321</strong></span> 
     </span>
    </p>
   </div>
   <div class='ocr_carea' id='block_1_2' title="bbox 1721 478 2592 536">
    <p class='ocr_par' dir='ltr' id='par_1_2' title="bbox 1721 478 2592 536">
     <span class='ocr_line' id='line_1_2' title="bbox 1721 478 2592 536; baseline -0.002 -2"><span class='ocrx_word' id='word_1_2' title='bbox 1721 479 2074 536; x_wconf 81' lang='lat' dir='ltr'><strong>THEODORI</strong></span> <span class='ocrx_word' id='word_1_3' title='bbox 2109 478 2337 535; x_wconf 77' lang='lat' dir='ltr'><strong>MOPSU</strong></span> <span class='ocrx_word' id='word_1_4' title='bbox 2353 478 2592 534; x_wconf 58' lang='lat' dir='ltr'><strong>l-ZSTENI</strong></span> 
     </span>
    </p>
   </div>
   <div class='ocr_carea' id='block_1_3' title="bbox 3685 483 3794 540">
    <p class='ocr_par' dir='ltr' id='par_1_3' title="bbox 3685 483 3794 540">
     <span class='ocr_line' id='line_1_3' title="bbox 3685 483 3794 540; baseline 0.018 -2"><span class='ocrx_word' id='word_1_5' title='bbox 3685 483 3794 540; x_wconf 69' lang='lat'><strong>328</strong></span> 
     </span>
    </p>
   </div>
   <div class='ocr_carea' id='block_1_4' title="bbox 527 595 2117 674">
    <p class='ocr_par' dir='ltr' id='par_1_4' title="bbox 527 595 2104 669">
     <span class='ocr_line' id='line_1_4' title="bbox 527 595 2104 669; baseline -0.007 -10"><span class='ocrx_word' id='word_1_6' title='bbox 527 599 824 665; x_wconf 86' lang='lat' dir='ltr'><strong>cernentis,</strong></span> <span class='ocrx_word' id='word_1_7' title='bbox 864 599 1148 669; x_wconf 75' lang='lat' dir='ltr'><strong>vicemque</strong></span> <span class='ocrx_word' id='word_1_8' title='bbox 1179 598 1492 654; x_wconf 65' lang='lat' dir='ltr'><strong>Iudaeorum</strong></span> <span class='ocrx_word' id='word_1_9' title='bbox 1523 606 1581 649; x_wconf 91' lang='lat' dir='ltr'><strong>ut</strong></span> <span class='ocrx_word' id='word_1_10' title='bbox 1617 611 1714 666; x_wconf 81' lang='lat' dir='ltr'><strong>par</strong></span> <span class='ocrx_word' id='word_1_11' title='bbox 1755 606 1874 650; x_wconf 87' lang='lat' dir='ltr'><strong>erat</strong></span> <span class='ocrx_word' id='word_1_12' title='bbox 1911 595 2104 650; x_wconf 81' lang='lat' dir='ltr'><strong>dolen—</strong></span> 
     </span>
    </p>
   </div>
   <div class='ocr_carea' id='block_1_5' title="bbox 2216 595 3799 674">
    <p class='ocr_par' dir='ltr' id='par_1_5' title="bbox 2216 595 3799 674">
     <span class='ocr_line' id='line_1_5' title="bbox 2216 595 3799 674; baseline 0.005 -28"><span class='ocrx_word' id='word_1_13' title='bbox 2216 595 2361 648; x_wconf 82' lang='grc' dir='ltr'>λουσι</span> <span class='ocrx_word' id='word_1_14' title='bbox 2425 596 2748 666; x_wconf 59' lang='grc' dir='ltr'>ὑπομένειν</span> <span class='ocrx_word' id='word_1_15' title='bbox 2779 596 3099 669; x_wconf 76' lang='grc' dir='ltr'><strong>ὀδυρόμενος</strong></span> <span class='ocrx_word' id='word_1_16' title='bbox 3149 597 3202 651; x_wconf 78' lang='grc' dir='ltr'>δὲ</span> <span class='ocrx_word' id='word_1_17' title='bbox 3261 599 3309 652; x_wconf 85' lang='grc' dir='ltr'><strong>εί</strong></span> <span class='ocrx_word' id='word_1_18' title='bbox 3343 599 3435 652; x_wconf 71' lang='grc' dir='ltr'><strong>καὶ</strong></span> <span class='ocrx_word' id='word_1_19' title='bbox 3467 599 3562 652; x_wconf 76' lang='grc' dir='ltr'><strong>νῦν</strong></span> <span class='ocrx_word' id='word_1_20' title='bbox 3591 599 3656 653; x_wconf 80' lang='grc' dir='ltr'><strong>ἐκ</strong></span> <span class='ocrx_word' id='word_1_21' title='bbox 3692 605 3799 674; x_wconf 81' lang='grc' dir='ltr'><strong>τῆς</strong></span> 
     </span>
    </p>
   </div>
   <div class='ocr_carea' id='block_1_6' title="bbox 528 685 2113 763">
    <p class='ocr_par' dir='ltr' id='par_1_6' title="bbox 528 685 2113 763">
     <span class='ocr_line' id='line_1_6' title="bbox 528 685 2113 763; baseline -0.007 -15"><span class='ocrx_word' id='word_1_22' title='bbox 528 695 624 756; x_wconf 86' lang='lat' dir='ltr'><strong>tis.</strong></span> <span class='ocrx_word' id='word_1_23' title='bbox 663 695 756 763; x_wconf 85' lang='lat' dir='ltr'><strong>qui</strong></span> <span class='ocrx_word' id='word_1_24' title='bbox 805 701 953 745; x_wconf 90' lang='lat' dir='ltr'><strong>tanta</strong></span> <span class='ocrx_word' id='word_1_25' title='bbox 989 692 1257 760; x_wconf 89' lang='lat' dir='ltr'><strong>dignitate</strong></span> <span class='ocrx_word' id='word_1_26' title='bbox 1301 705 1427 743; x_wconf 85' lang='lat' dir='ltr'><strong>eum</strong></span> <span class='ocrx_word' id='word_1_27' title='bbox 1473 699 1680 749; x_wconf 84' lang='lat' dir='ltr'><strong>essent,</strong></span> <span class='ocrx_word' id='word_1_28' title='bbox 1728 687 1782 739; x_wconf 91' lang='lat' dir='ltr'><strong>in</strong></span> <span class='ocrx_word' id='word_1_29' title='bbox 1832 687 1962 738; x_wconf 88' lang='lat' dir='ltr'><strong>talia</strong></span> <span class='ocrx_word' id='word_1_30' title='bbox 1999 685 2113 738; x_wconf 88' lang='lat' dir='ltr'><strong>rui-</strong></span> 
     </span>
    </p>
   </div>
   <div class='ocr_carea' id='block_1_7' title="bbox 529 777 2116 852">
    <p class='ocr_par' dir='ltr' id='par_1_7' title="bbox 529 777 2116 852">
     <span class='ocr_line' id='line_1_7' title="bbox 529 777 2116 852; baseline -0.006 -13"><span class='ocrx_word' id='word_1_31' title='bbox 529 787 640 839; x_wconf 89' lang='lat' dir='ltr'><strong>turi</strong></span> <span class='ocrx_word' id='word_1_32' title='bbox 682 791 861 837; x_wconf 88' lang='lat' dir='ltr'><strong>erant.</strong></span> <span class='ocrx_word' id='word_1_33' title='bbox 911 782 1126 836; x_wconf 81' lang='lat' dir='ltr'><strong>Rursus</strong></span> <span class='ocrx_word' id='word_1_34' title='bbox 1160 781 1427 852; x_wconf 82' lang='lat' dir='ltr'><strong>propheta</strong></span> <span class='ocrx_word' id='word_1_35' title='bbox 1476 779 1760 842; x_wconf 59' lang='lat' dir='ltr'><strong>maerebat,</strong></span> <span class='ocrx_word' id='word_1_36' title='bbox 1809 777 1938 847; x_wconf 86' lang='lat' dir='ltr'><strong>quia</strong></span> <span class='ocrx_word' id='word_1_37' title='bbox 1977 791 2116 846; x_wconf 64' lang='lat' dir='ltr'><strong>prae-</strong></span> 
     </span>
    </p>
   </div>
   <div class='ocr_carea' id='block_1_8' title="bbox 531 868 2115 943">
    <p class='ocr_par' dir='ltr' id='par_1_8' title="bbox 531 868 2115 943">
     <span class='ocr_line' id='line_1_8' title="bbox 531 868 2115 943; baseline -0.008 -11"><span class='ocrx_word' id='word_1_38' title='bbox 531 876 672 933; x_wconf 91' lang='lat' dir='ltr'><strong>senti</strong></span> <span class='ocrx_word' id='word_1_39' title='bbox 722 873 1086 928; x_wconf 83' lang='lat' dir='ltr'><strong>Ninivitarum</strong></span> <span class='ocrx_word' id='word_1_40' title='bbox 1153 872 1562 943; x_wconf 82' lang='lat' dir='ltr'><strong>comparatione</strong></span> <span class='ocrx_word' id='word_1_41' title='bbox 1615 868 1892 939; x_wconf 81' lang='lat' dir='ltr'><strong>digniores</strong></span> <span class='ocrx_word' id='word_1_42' title='bbox 1954 881 2115 938; x_wconf 85' lang='lat' dir='ltr'><strong>pcena</strong></span> 
     </span>
    </p>
   </div>
   <div class='ocr_carea' id='block_1_9' title="bbox 532 959 2116 1034">
    <p class='ocr_par' dir='ltr' id='par_1_9' title="bbox 532 959 2116 1034">
     <span class='ocr_line' id='line_1_9' title="bbox 532 959 2116 1034; baseline -0.005 -14"><span class='ocrx_word' id='word_1_43' title='bbox 532 963 930 1022; x_wconf 61' lang='lat' dir='ltr'><strong>ﬁebantJudmi</strong></span> <span class='ocrx_word' id='word_1_44' title='bbox 965 983 978 1020; x_wconf 90' lang='lat'>:</span> <span class='ocrx_word' id='word_1_45' title='bbox 1019 974 1134 1018; x_wconf 89' lang='lat' dir='ltr'><strong>tum</strong></span> <span class='ocrx_word' id='word_1_46' title='bbox 1179 964 1232 1018; x_wconf 89' lang='lat' dir='ltr'><strong>in</strong></span> <span class='ocrx_word' id='word_1_47' title='bbox 1267 972 1547 1034; x_wconf 90' lang='lat' dir='ltr'><strong>posterum</strong></span> <span class='ocrx_word' id='word_1_48' title='bbox 1596 959 1848 1015; x_wconf 87' lang='lat' dir='ltr'><strong>districto</strong></span> <span class='ocrx_word' id='word_1_49' title='bbox 1886 959 2116 1029; x_wconf 90' lang='lat' dir='ltr'><strong>repudio</strong></span> 
     </span>
    </p>
   </div>
   <div class='ocr_carea' id='block_1_10' title="bbox 529 1050 2114 1124">
    <p class='ocr_par' dir='ltr' id='par_1_10' title="bbox 529 1050 2114 1124">
     <span class='ocr_line' id='line_1_10' title="bbox 529 1050 2114 1124; baseline -0.005 -14"><span class='ocrx_word' id='word_1_50' title='bbox 529 1055 846 1111; x_wconf 89' lang='lat' dir='ltr'><strong>dimittendi</strong></span> <span class='ocrx_word' id='word_1_51' title='bbox 905 1062 1083 1117; x_wconf 91' lang='lat' dir='ltr'><strong>erant,</strong></span> <span class='ocrx_word' id='word_1_52' title='bbox 1135 1069 1247 1124; x_wconf 68' lang='lat' dir='ltr'><strong>pra:</strong></span> <span class='ocrx_word' id='word_1_53' title='bbox 1293 1053 1521 1122; x_wconf 90' lang='lat' dir='ltr'><strong>reliquis</strong></span> <span class='ocrx_word' id='word_1_54' title='bbox 1579 1050 1782 1120; x_wconf 90' lang='lat' dir='ltr'><strong>ubique</strong></span> <span class='ocrx_word' id='word_1_55' title='bbox 1842 1057 2114 1104; x_wconf 86' lang='lat' dir='ltr'><strong>terrarum</strong></span> 
     </span>
    </p>
   </div>
   <div class='ocr_carea' id='block_1_11' title="bbox 530 1140 2115 1215">
    <p class='ocr_par' dir='ltr' id='par_1_11' title="bbox 530 1140 2115 1215">
     <span class='ocr_line' id='line_1_11' title="bbox 530 1140 2115 1215; baseline -0.006 -14"><span class='ocrx_word' id='word_1_56' title='bbox 530 1147 924 1201; x_wconf 80' lang='lat' dir='ltr'><strong>exsistentibus</strong></span> <span class='ocrx_word' id='word_1_57' title='bbox 961 1145 1179 1215; x_wconf 89' lang='lat' dir='ltr'><strong>populis</strong></span> <span class='ocrx_word' id='word_1_58' title='bbox 1220 1145 1287 1199; x_wconf 85' lang='lat' dir='ltr'><strong>ad</strong></span> <span class='ocrx_word' id='word_1_59' title='bbox 1319 1143 1601 1213; x_wconf 81' lang='lat' dir='ltr'><strong>religionis</strong></span> <span class='ocrx_word' id='word_1_60' title='bbox 1629 1156 1772 1195; x_wconf 66' lang='lat' dir='ltr'><strong>verse</strong></span> <span class='ocrx_word' id='word_1_61' title='bbox 1804 1140 2115 1194; x_wconf 86' lang='lat' dir='ltr'><strong>doctrinam</strong></span> 
     </span>
    </p>
   </div>
   <div class='ocr_carea' id='block_1_12' title="bbox 532 1230 2116 1300">
    <p class='ocr_par' dir='ltr' id='par_1_12' title="bbox 532 1230 2116 1300">
     <span class='ocr_line' id='line_1_12' title="bbox 532 1230 2116 1300; baseline -0.003 -14"><span class='ocrx_word' id='word_1_62' title='bbox 532 1235 861 1289; x_wconf 74' lang='lat' dir='ltr'><strong>accesseris.</strong></span> <span class='ocrx_word' id='word_1_63' title='bbox 895 1232 1029 1286; x_wconf 84' lang='lat' dir='ltr'><strong>Nam</strong></span> <span class='ocrx_word' id='word_1_64' title='bbox 1060 1232 1108 1286; x_wconf 87' lang='lat' dir='ltr'><strong>si</strong></span> <span class='ocrx_word' id='word_1_65' title='bbox 1155 1233 1348 1288; x_wconf 89' lang='lat' dir='ltr'><strong>beatus</strong></span> <span class='ocrx_word' id='word_1_66' title='bbox 1394 1230 1597 1285; x_wconf 81' lang='lat' dir='ltr'><strong>Paulus</strong></span> <span class='ocrx_word' id='word_1_67' title='bbox 1628 1231 1775 1300; x_wconf 85' lang='lat' dir='ltr'><strong>luget</strong></span> <span class='ocrx_word' id='word_1_68' title='bbox 1803 1244 1993 1283; x_wconf 89' lang='lat' dir='ltr'><strong>eorum</strong></span> <span class='ocrx_word' id='word_1_69' title='bbox 2024 1244 2116 1282; x_wconf 89' lang='lat' dir='ltr'><strong>re-</strong></span> 
     </span>
    </p>
   </div>
   <div class='ocr_carea' id='block_1_13' title="bbox 525 1322 2118 1395">
    <p class='ocr_par' dir='ltr' id='par_1_13' title="bbox 525 1322 2118 1395">
     <span class='ocr_line' id='line_1_13' title="bbox 525 1322 2118 1395; baseline -0.003 -15"><span class='ocrx_word' id='word_1_70' title='bbox 525 1326 841 1395; x_wconf 87' lang='lat' dir='ltr'><strong>jectionem,</strong></span> <span class='ocrx_word' id='word_1_71' title='bbox 894 1340 959 1379; x_wconf 88' lang='lat' dir='ltr'><strong>ac</strong></span> <span class='ocrx_word' id='word_1_72' title='bbox 999 1339 1258 1394; x_wconf 86' lang='lat' dir='ltr'><strong>supremo</strong></span> <span class='ocrx_word' id='word_1_73' title='bbox 1309 1340 1369 1380; x_wconf 90' lang='lat' dir='ltr'><strong>se</strong></span> <span class='ocrx_word' id='word_1_74' title='bbox 1420 1338 1785 1379; x_wconf 90' lang='lat' dir='ltr'><strong>occursurum</strong></span> <span class='ocrx_word' id='word_1_75' title='bbox 1845 1322 2118 1392; x_wconf 86' lang='lat' dir='ltr'><strong>supplicio</strong></span> 
     </span>
    </p>
   </div>
   <div class='ocr_carea' id='block_1_14' title="bbox 530 1413 2118 1479">
    <p class='ocr_par' dir='ltr' id='par_1_14' title="bbox 530 1413 2118 1479">
     <span class='ocr_line' id='line_1_14' title="bbox 530 1413 2118 1479; baseline -0.001 -10"><span class='ocrx_word' id='word_1_76' title='bbox 530 1417 768 1471; x_wconf 85' lang='lat' dir='ltr'><strong>libenter</strong></span> <span class='ocrx_word' id='word_1_77' title='bbox 809 1431 1000 1471; x_wconf 91' lang='lat' dir='ltr'><strong>eorum</strong></span> <span class='ocrx_word' id='word_1_78' title='bbox 1047 1431 1217 1471; x_wconf 89' lang='lat' dir='ltr'><strong>causa</strong></span> <span class='ocrx_word' id='word_1_79' title='bbox 1247 1415 1346 1479; x_wconf 88' lang='lat' dir='ltr'><strong>ait,</strong></span> <span class='ocrx_word' id='word_1_80' title='bbox 1386 1423 1447 1469; x_wconf 88' lang='lat' dir='ltr'><strong>ut</strong></span> <span class='ocrx_word' id='word_1_81' title='bbox 1475 1415 1562 1471; x_wconf 90' lang='lat' dir='ltr'><strong>his</strong></span> <span class='ocrx_word' id='word_1_82' title='bbox 1591 1415 1656 1469; x_wconf 87' lang='lat' dir='ltr'><strong>ad</strong></span> <span class='ocrx_word' id='word_1_83' title='bbox 1694 1413 1933 1468; x_wconf 71' lang='lat' dir='ltr'><strong>officium</strong></span> <span class='ocrx_word' id='word_1_84' title='bbox 1961 1428 2118 1468; x_wconf 87' lang='lat' dir='ltr'><strong>revo-</strong></span> 
     </span>
    </p>
   </div>
   <div class='ocr_carea' id='block_1_15' title="bbox 529 1505 2119 1576">
    <p class='ocr_par' dir='ltr' id='par_1_15' title="bbox 529 1505 2119 1576">
     <span class='ocr_line' id='line_1_15' title="bbox 529 1505 2119 1576; baseline -0.003 -11"><span class='ocrx_word' id='word_1_85' title='bbox 529 1510 669 1565; x_wconf 86' lang='lat' dir='ltr'><strong>catis</strong></span> <span class='ocrx_word' id='word_1_86' title='bbox 710 1508 946 1564; x_wconf 81' lang='lat' dir='ltr'><strong>efliceret</strong></span> <span class='ocrx_word' id='word_1_87' title='bbox 985 1523 1095 1564; x_wconf 88' lang='lat' dir='ltr'><strong>non</strong></span> <span class='ocrx_word' id='word_1_88' title='bbox 1136 1509 1386 1563; x_wconf 87' lang='lat' dir='ltr'><strong>inutilem</strong></span> <span class='ocrx_word' id='word_1_89' title='bbox 1432 1518 1641 1562; x_wconf 83' lang='lat' dir='ltr'><strong>tantam</strong></span> <span class='ocrx_word' id='word_1_90' title='bbox 1683 1505 1776 1562; x_wconf 85' lang='lat' dir='ltr'><strong>Dei</strong></span> <span class='ocrx_word' id='word_1_91' title='bbox 1826 1505 2119 1576; x_wconf 80' lang='lat' dir='ltr'><strong>providen-</strong></span> 
     </span>
    </p>
   </div>
   <div class='ocr_carea' id='block_1_16' title="bbox 529 1597 2114 1661">
    <p class='ocr_par' dir='ltr' id='par_1_16' title="bbox 529 1597 2114 1661">
     <span class='ocr_line' id='line_1_16' title="bbox 529 1597 2114 1661; baseline -0.003 -7"><span class='ocrx_word' id='word_1_92' title='bbox 529 1601 662 1654; x_wconf 84' lang='lat' dir='ltr'><strong>tiam</strong></span> <span class='ocrx_word' id='word_1_93' title='bbox 691 1619 705 1656; x_wconf 93' lang='lat'>:</span> <span class='ocrx_word' id='word_1_94' title='bbox 749 1619 769 1651; x_wconf 75' lang='grc' dir='ltr'><strong>ι</strong></span> <span class='ocrx_word' id='word_1_95' title='bbox 804 1599 943 1655; x_wconf 86' lang='lat' dir='ltr'><strong>Vere</strong></span> <span class='ocrx_word' id='word_1_96' title='bbox 991 1602 1137 1654; x_wconf 91' lang='lat' dir='ltr'><strong>enim</strong></span> <span class='ocrx_word' id='word_1_97' title='bbox 1191 1601 1247 1654; x_wconf 90' lang='lat' dir='ltr'><strong>in</strong></span> <span class='ocrx_word' id='word_1_98' title='bbox 1280 1599 1502 1655; x_wconf 87' lang='lat' dir='ltr'><strong>Christo</strong></span> <span class='ocrx_word' id='word_1_99' title='bbox 1535 1598 1678 1661; x_wconf 89' lang='lat' dir='ltr'><strong>dico,</strong></span> <span class='ocrx_word' id='word_1_100' title='bbox 1715 1613 1824 1652; x_wconf 92' lang='lat' dir='ltr'><strong>non</strong></span> <span class='ocrx_word' id='word_1_101' title='bbox 1857 1597 2114 1659; x_wconf 87' lang='lat' dir='ltr'><strong>mentior,</strong></span> 
     </span>
    </p>
   </div>
   <div class='ocr_carea' id='block_1_17' title="bbox 535 1687 2116 1762">
    <p class='ocr_par' dir='ltr' id='par_1_17' title="bbox 535 1687 2116 1762">
     <span class='ocr_line' id='line_1_17' title="bbox 535 1687 2116 1762; baseline -0.003 -18"><span class='ocrx_word' id='word_1_102' title='bbox 535 1691 913 1745; x_wconf 90' lang='lat' dir='ltr'><strong>testimonium</strong></span> <span class='ocrx_word' id='word_1_103' title='bbox 956 1692 1274 1762; x_wconf 89' lang='lat' dir='ltr'><strong>perhibente</strong></span> <span class='ocrx_word' id='word_1_104' title='bbox 1323 1691 1458 1745; x_wconf 88' lang='lat' dir='ltr'><strong>mihi</strong></span> <span class='ocrx_word' id='word_1_105' title='bbox 1510 1688 1848 1746; x_wconf 88' lang='lat' dir='ltr'><strong>conscientia</strong></span> <span class='ocrx_word' id='word_1_106' title='bbox 1895 1703 2016 1743; x_wconf 88' lang='lat' dir='ltr'><strong>mea</strong></span> <span class='ocrx_word' id='word_1_107' title='bbox 2061 1687 2116 1741; x_wconf 90' lang='lat' dir='ltr'><strong>in</strong></span> 
     </span>
    </p>
   </div>
   <div class='ocr_carea' id='block_1_18' title="bbox 535 1780 2114 1854">
    <p class='ocr_par' dir='ltr' id='par_1_18' title="bbox 535 1780 2114 1854">
     <span class='ocr_line' id='line_1_18' title="bbox 535 1780 2114 1854; baseline -0.004 -16"><span class='ocrx_word' id='word_1_108' title='bbox 535 1782 743 1851; x_wconf 87' lang='lat' dir='ltr'><strong>Spiritu</strong></span> <span class='ocrx_word' id='word_1_109' title='bbox 773 1793 986 1848; x_wconf 85' lang='lat' dir='ltr'><strong>sancto,</strong></span> <span class='ocrx_word' id='word_1_110' title='bbox 1019 1785 1295 1854; x_wconf 83' lang='lat' dir='ltr'><strong>quoniam</strong></span> <span class='ocrx_word' id='word_1_111' title='bbox 1352 1783 1578 1849; x_wconf 86' lang='lat' dir='ltr'><strong>tristitia</strong></span> <span class='ocrx_word' id='word_1_112' title='bbox 1628 1790 1711 1837; x_wconf 89' lang='lat' dir='ltr'><strong>est</strong></span> <span class='ocrx_word' id='word_1_113' title='bbox 1746 1780 1878 1835; x_wconf 90' lang='lat' dir='ltr'><strong>mihi</strong></span> <span class='ocrx_word' id='word_1_114' title='bbox 1920 1793 2114 1850; x_wconf 86' lang='lat' dir='ltr'><strong>magna</strong></span> 
     </span>
    </p>
   </div>
   <div class='ocr_carea' id='block_1_19' title="bbox 533 1871 2116 1943">
    <p class='ocr_par' dir='ltr' id='par_1_19' title="bbox 533 1871 2116 1943">
     <span class='ocr_line' id='line_1_19' title="bbox 533 1871 2116 1943; baseline -0.005 -12"><span class='ocrx_word' id='word_1_115' title='bbox 533 1885 588 1931; x_wconf 88' lang='lat' dir='ltr'><strong>et</strong></span> <span class='ocrx_word' id='word_1_116' title='bbox 617 1876 915 1931; x_wconf 88' lang='lat' dir='ltr'><strong>continuus</strong></span> <span class='ocrx_word' id='word_1_117' title='bbox 943 1876 1099 1931; x_wconf 90' lang='lat' dir='ltr'><strong>dolor</strong></span> <span class='ocrx_word' id='word_1_118' title='bbox 1143 1875 1294 1931; x_wconf 89' lang='lat' dir='ltr'><strong>cordi</strong></span> <span class='ocrx_word' id='word_1_119' title='bbox 1335 1889 1478 1932; x_wconf 87' lang='lat' dir='ltr'><strong>meo.</strong></span> <span class='ocrx_word' id='word_1_120' title='bbox 1527 1873 1792 1943; x_wconf 86' lang='lat' dir='ltr'><strong>Optabam</strong></span> <span class='ocrx_word' id='word_1_121' title='bbox 1833 1871 1979 1925; x_wconf 89' lang='lat' dir='ltr'><strong>enim</strong></span> <span class='ocrx_word' id='word_1_122' title='bbox 2015 1884 2116 1939; x_wconf 89' lang='lat' dir='ltr'><strong>ego</strong></span> 
     </span>
    </p>
   </div>
   <div class='ocr_carea' id='block_1_20' title="bbox 533 1965 2113 2041">
    <p class='ocr_par' dir='ltr' id='par_1_20' title="bbox 533 1965 2113 2041">
     <span class='ocr_line' id='line_1_20' title="bbox 533 1965 2113 2041; baseline -0.003 -17"><span class='ocrx_word' id='word_1_123' title='bbox 533 1969 650 2041; x_wconf 90' lang='lat' dir='ltr'><strong>ipse</strong></span> <span class='ocrx_word' id='word_1_124' title='bbox 683 1972 976 2028; x_wconf 85' lang='lat' dir='ltr'><strong>anathema</strong></span> <span class='ocrx_word' id='word_1_125' title='bbox 1016 1987 1139 2028; x_wconf 90' lang='lat' dir='ltr'><strong>esse</strong></span> <span class='ocrx_word' id='word_1_126' title='bbox 1179 1988 1206 2027; x_wconf 90' lang='lat' dir='ltr'><strong>a</strong></span> <span class='ocrx_word' id='word_1_127' title='bbox 1241 1971 1463 2026; x_wconf 84' lang='lat' dir='ltr'><strong>Christo</strong></span> <span class='ocrx_word' id='word_1_128' title='bbox 1511 1984 1612 2040; x_wconf 91' lang='lat' dir='ltr'><strong>pro</strong></span> <span class='ocrx_word' id='word_1_129' title='bbox 1661 1967 1924 2023; x_wconf 82' lang='lat' dir='ltr'><strong>fratribus</strong></span> <span class='ocrx_word' id='word_1_130' title='bbox 1954 1965 2113 2031; x_wconf 89' lang='lat' dir='ltr'><strong>meis,</strong></span> 
     </span>
    </p>
   </div>
   <div class='ocr_carea' id='block_1_21' title="bbox 530 2058 2114 2136">
    <p class='ocr_par' dir='ltr' id='par_1_21' title="bbox 530 2058 2114 2136">
     <span class='ocr_line' id='line_1_21' title="bbox 530 2058 2114 2136; baseline -0.006 -17"><span class='ocrx_word' id='word_1_131' title='bbox 530 2065 626 2133; x_wconf 86' lang='lat' dir='ltr'><strong>qui</strong></span> <span class='ocrx_word' id='word_1_132' title='bbox 665 2077 792 2121; x_wconf 88' lang='lat' dir='ltr'><strong>sunt</strong></span> <span class='ocrx_word' id='word_1_133' title='bbox 820 2067 1037 2136; x_wconf 77' lang='lat' dir='ltr'><strong>cognati</strong></span> <span class='ocrx_word' id='word_1_134' title='bbox 1085 2065 1190 2120; x_wconf 90' lang='lat' dir='ltr'><strong>mei</strong></span> <span class='ocrx_word' id='word_1_135' title='bbox 1229 2063 1534 2120; x_wconf 86' lang='lat' dir='ltr'><strong>secundum</strong></span> <span class='ocrx_word' id='word_1_136' title='bbox 1569 2076 1817 2121; x_wconf 86' lang='lat' dir='ltr'><strong>carnem,</strong></span> <span class='ocrx_word' id='word_1_137' title='bbox 1862 2058 1954 2129; x_wconf 90' lang='lat' dir='ltr'><strong>qui</strong></span> <span class='ocrx_word' id='word_1_138' title='bbox 1984 2065 2114 2114; x_wconf 90' lang='lat' dir='ltr'><strong>sunt</strong></span> 
     </span>
    </p>
   </div>
   <div class='ocr_carea' id='block_1_22' title="bbox 530 2149 2117 2226">
    <p class='ocr_par' dir='ltr' id='par_1_22' title="bbox 530 2149 2117 2226">
     <span class='ocr_line' id='line_1_22' title="bbox 530 2149 2117 2226; baseline -0.004 -18"><span class='ocrx_word' id='word_1_139' title='bbox 530 2154 823 2216; x_wconf 62' lang='lat' dir='ltr'><strong>Israelita:</strong></span> <span class='ocrx_word' id='word_1_140' title='bbox 873 2171 1106 2226; x_wconf 90' lang='lat' dir='ltr'><strong>quorum</strong></span> <span class='ocrx_word' id='word_1_141' title='bbox 1146 2155 1304 2226; x_wconf 80' lang='lat'><strong>157</strong></span> <span class='ocrx_word' id='word_1_142' title='bbox 1353 2152 1574 2223; x_wconf 90' lang='lat' dir='ltr'><strong>adoptio</strong></span> <span class='ocrx_word' id='word_1_143' title='bbox 1622 2160 1706 2206; x_wconf 87' lang='lat' dir='ltr'><strong>est</strong></span> <span class='ocrx_word' id='word_1_144' title='bbox 1748 2152 1800 2204; x_wconf 93' lang='lat' dir='ltr'><strong>in</strong></span> <span class='ocrx_word' id='word_1_145' title='bbox 1852 2149 2014 2212; x_wconf 86' lang='lat' dir='ltr'><strong>ﬁlios,</strong></span> <span class='ocrx_word' id='word_1_146' title='bbox 2063 2157 2117 2203; x_wconf 87' lang='lat' dir='ltr'><strong>et</strong></span> 
     </span>
    </p>
   </div>
   <div class='ocr_carea' id='block_1_23' title="bbox 530 2241 2118 2316">
    <p class='ocr_par' dir='ltr' id='par_1_23' title="bbox 530 2241 2118 2316">
     <span class='ocr_line' id='line_1_23' title="bbox 530 2241 2118 2316; baseline -0.004 -17"><span class='ocrx_word' id='word_1_147' title='bbox 530 2247 702 2316; x_wconf 90' lang='lat' dir='ltr'><strong>gloria</strong></span> <span class='ocrx_word' id='word_1_148' title='bbox 751 2255 804 2302; x_wconf 88' lang='lat' dir='ltr'><strong>et</strong></span> <span class='ocrx_word' id='word_1_149' title='bbox 855 2253 1244 2302; x_wconf 84' lang='lat' dir='ltr'><strong>testamentum</strong></span> <span class='ocrx_word' id='word_1_150' title='bbox 1297 2252 1351 2300; x_wconf 89' lang='lat' dir='ltr'><strong>et</strong></span> <span class='ocrx_word' id='word_1_151' title='bbox 1402 2243 1672 2316; x_wconf 86' lang='lat' dir='ltr'><strong>legislatio</strong></span> <span class='ocrx_word' id='word_1_152' title='bbox 1717 2250 1772 2298; x_wconf 89' lang='lat' dir='ltr'><strong>et</strong></span> <span class='ocrx_word' id='word_1_153' title='bbox 1821 2241 2004 2294; x_wconf 88' lang='lat' dir='ltr'><strong>cultus</strong></span> <span class='ocrx_word' id='word_1_154' title='bbox 2063 2248 2118 2292; x_wconf 85' lang='lat' dir='ltr'><strong>et</strong></span> 
     </span>
    </p>
   </div>
   <div class='ocr_carea' id='block_1_24' title="bbox 530 2331 2117 2408">
    <p class='ocr_par' dir='ltr' id='par_1_24' title="bbox 530 2331 2117 2408">
     <span class='ocr_line' id='line_1_24' title="bbox 530 2331 2117 2408; baseline -0.006 -17"><span class='ocrx_word' id='word_1_155' title='bbox 530 2338 973 2407; x_wconf 87' lang='lat' dir='ltr'><strong>promissiones;</strong></span> <span class='ocrx_word' id='word_1_156' title='bbox 1023 2351 1259 2408; x_wconf 92' lang='lat' dir='ltr'><strong>quorum</strong></span> <span class='ocrx_word' id='word_1_157' title='bbox 1317 2343 1522 2405; x_wconf 87' lang='lat' dir='ltr'><strong>patres,</strong></span> <span class='ocrx_word' id='word_1_158' title='bbox 1563 2343 1619 2390; x_wconf 89' lang='lat' dir='ltr'><strong>et</strong></span> <span class='ocrx_word' id='word_1_159' title='bbox 1666 2348 1732 2388; x_wconf 77' lang='lat' dir='ltr'><strong>ex</strong></span> <span class='ocrx_word' id='word_1_160' title='bbox 1785 2331 1985 2401; x_wconf 88' lang='lat' dir='ltr'><strong>quibus</strong></span> <span class='ocrx_word' id='word_1_161' title='bbox 2035 2335 2117 2382; x_wconf 84' lang='lat' dir='ltr'><strong>est</strong></span> 
     </span>
    </p>
   </div>
   <div class='ocr_carea' id='block_1_25' title="bbox 532 2420 2110 2497">
    <p class='ocr_par' dir='ltr' id='par_1_25' title="bbox 532 2420 2110 2497">
     <span class='ocr_line' id='line_1_25' title="bbox 532 2420 2110 2497; baseline -0.005 -15"><span class='ocrx_word' id='word_1_162' title='bbox 532 2429 785 2484; x_wconf 81' lang='lat' dir='ltr'><strong>Christus</strong></span> <span class='ocrx_word' id='word_1_163' title='bbox 823 2429 1125 2486; x_wconf 87' lang='lat' dir='ltr'><strong>secundum</strong></span> <span class='ocrx_word' id='word_1_164' title='bbox 1161 2443 1406 2490; x_wconf 87' lang='lat' dir='ltr'><strong>carnem,</strong></span> <span class='ocrx_word' id='word_1_165' title='bbox 1448 2427 1541 2497; x_wconf 92' lang='lat' dir='ltr'><strong>qui</strong></span> <span class='ocrx_word' id='word_1_166' title='bbox 1589 2433 1675 2480; x_wconf 89' lang='lat' dir='ltr'><strong>est</strong></span> <span class='ocrx_word' id='word_1_167' title='bbox 1721 2435 1886 2493; x_wconf 87' lang='lat' dir='ltr'><strong>super</strong></span> <span class='ocrx_word' id='word_1_168' title='bbox 1924 2420 2110 2475; x_wconf 83' lang='lat' dir='ltr'><strong>omnia</strong></span> 
     </span>
    </p>
   </div>
   <div class='ocr_carea' id='block_1_26' title="bbox 533 2510 2114 2583">
    <p class='ocr_par' dir='ltr' id='par_1_26' title="bbox 533 2510 2114 2583">
     <span class='ocr_line' id='line_1_26' title="bbox 533 2510 2114 2583; baseline -0.006 -11"><span class='ocrx_word' id='word_1_169' title='bbox 533 2519 676 2576; x_wconf 79' lang='lat' dir='ltr'><strong>Deus</strong></span> <span class='ocrx_word' id='word_1_170' title='bbox 734 2521 1060 2578; x_wconf 88' lang='lat' dir='ltr'><strong>benedictus</strong></span> <span class='ocrx_word' id='word_1_171' title='bbox 1110 2520 1166 2576; x_wconf 91' lang='lat' dir='ltr'><strong>in</strong></span> <span class='ocrx_word' id='word_1_172' title='bbox 1231 2519 1470 2583; x_wconf 65' lang='lat' dir='ltr'><strong>saeula,</strong></span> <span class='ocrx_word' id='word_1_173' title='bbox 1518 2532 1678 2571; x_wconf 88' lang='lat' dir='ltr'><strong>amen</strong></span> <span class='ocrx_word' id='word_1_174' title='bbox 1722 2516 1790 2568; x_wconf 85' lang='lat'><strong>&quot;.</strong></span> <span class='ocrx_word' id='word_1_175' title='bbox 1844 2531 1864 2565; x_wconf 72' lang='grc' dir='ltr'><strong>ι</strong></span> <span class='ocrx_word' id='word_1_176' title='bbox 1918 2510 2114 2566; x_wconf 84' lang='lat' dir='ltr'><strong>Nonne</strong></span> 
     </span>
    </p>
   </div>
   <div class='ocr_carea' id='block_1_27' title="bbox 533 2600 2116 2685">
    <p class='ocr_par' dir='ltr' id='par_1_27' title="bbox 533 2600 2116 2685">
     <span class='ocr_line' id='line_1_27' title="bbox 533 2600 2116 2685; baseline -0.007 -21"><span class='ocrx_word' id='word_1_177' title='bbox 533 2613 661 2667; x_wconf 85' lang='lat' dir='ltr'><strong>hinc</strong></span> <span class='ocrx_word' id='word_1_178' title='bbox 696 2621 932 2679; x_wconf 89' lang='lat' dir='ltr'><strong>constat,</strong></span> <span class='ocrx_word' id='word_1_179' title='bbox 982 2611 1277 2685; x_wconf 86' lang='lat' dir='ltr'><strong>prophetas</strong></span> <span class='ocrx_word' id='word_1_180' title='bbox 1307 2624 1528 2682; x_wconf 86' lang='lat' dir='ltr'><strong>quoque</strong></span> <span class='ocrx_word' id='word_1_181' title='bbox 1560 2607 1750 2664; x_wconf 85' lang='lat' dir='ltr'><strong>eadem</strong></span> <span class='ocrx_word' id='word_1_182' title='bbox 1781 2603 1948 2660; x_wconf 88' lang='lat' dir='ltr'><strong>animi</strong></span> <span class='ocrx_word' id='word_1_183' title='bbox 1981 2600 2116 2654; x_wconf 75' lang='lat' dir='ltr'><strong>atre-</strong></span> 
     </span>
    </p>
   </div>
   <div class='ocr_carea' id='block_1_28' title="bbox 531 2693 2182 2775">
    <p class='ocr_par' dir='ltr' id='par_1_28' title="bbox 531 2693 2182 2775">
     <span class='ocr_line' id='line_1_28' title="bbox 531 2693 2182 2775; baseline -0.003 -17"><span class='ocrx_word' id='word_1_184' title='bbox 531 2705 710 2759; x_wconf 84' lang='lat' dir='ltr'><strong>ctione</strong></span> <span class='ocrx_word' id='word_1_185' title='bbox 740 2705 1016 2775; x_wconf 82' lang='lat' dir='ltr'><strong>praeditos,</strong></span> <span class='ocrx_word' id='word_1_186' title='bbox 1059 2704 1391 2775; x_wconf 72' lang='lat' dir='ltr'><strong>ingemuisse</strong></span> <span class='ocrx_word' id='word_1_187' title='bbox 1421 2717 1586 2774; x_wconf 88' lang='lat' dir='ltr'><strong>super</strong></span> <span class='ocrx_word' id='word_1_188' title='bbox 1619 2699 1708 2756; x_wconf 86' lang='lat' dir='ltr'><strong>his</strong></span> <span class='ocrx_word' id='word_1_189' title='bbox 1749 2705 1917 2767; x_wconf 86' lang='lat' dir='ltr'><strong>atque</strong></span> <span class='ocrx_word' id='word_1_190' title='bbox 1952 2693 2182 2755; x_wconf 76' lang='lat' dir='ltr'><strong>luxisse.</strong></span> 
     </span>
    </p>
   </div>
   <div class='ocr_carea' id='block_1_29' title="bbox 531 2794 831 2850">
    <p class='ocr_par' dir='ltr' id='par_1_29' title="bbox 531 2794 831 2850">
     <span class='ocr_line' id='line_1_29' title="bbox 531 2794 831 2850; baseline -0.01 0"><span class='ocrx_word' id='word_1_191' title='bbox 531 2794 831 2850; x_wconf 84' lang='lat' dir='ltr'><strong>debantur?</strong></span> 
     </span>
    </p>
   </div>
   <div class='ocr_carea' id='block_1_30' title="bbox 603 2877 2108 2958">
    <p class='ocr_par' dir='ltr' id='par_1_30' title="bbox 603 2877 2108 2958">
     <span class='ocr_line' id='line_1_30' title="bbox 603 2877 2108 2958; baseline -0.007 -18"><span class='ocrx_word' id='word_1_192' title='bbox 603 2886 830 2958; x_wconf 75' lang='lat' dir='ltr'><strong>Propter</strong></span> <span class='ocrx_word' id='word_1_193' title='bbox 865 2886 968 2942; x_wconf 90' lang='lat' dir='ltr'><strong>hoc</strong></span> <span class='ocrx_word' id='word_1_194' title='bbox 1011 2885 1194 2958; x_wconf 89' lang='lat' dir='ltr'><strong>fugam</strong></span> <span class='ocrx_word' id='word_1_195' title='bbox 1226 2901 1446 2958; x_wconf 86' lang='lat' dir='ltr'><strong>quoque</strong></span> <span class='ocrx_word' id='word_1_196' title='bbox 1485 2883 1753 2955; x_wconf 89' lang='lat' dir='ltr'><strong>propheta</strong></span> <span class='ocrx_word' id='word_1_197' title='bbox 1788 2877 2108 2939; x_wconf 86' lang='lat' dir='ltr'><strong>maturavit,</strong></span> 
     </span>
    </p>
   </div>
   <div class='ocr_carea' id='block_1_31' title="bbox 535 2967 2111 3051">
    <p class='ocr_par' dir='ltr' id='par_1_31' title="bbox 535 2967 2111 3051">
     <span class='ocr_line' id='line_1_31' title="bbox 535 2967 2111 3051; baseline -0.008 -17"><span class='ocrx_word' id='word_1_198' title='bbox 535 2995 768 3051; x_wconf 86' lang='lat' dir='ltr'><strong>sperans</strong></span> <span class='ocrx_word' id='word_1_199' title='bbox 798 2994 858 3034; x_wconf 90' lang='lat' dir='ltr'><strong>se</strong></span> <span class='ocrx_word' id='word_1_200' title='bbox 887 2980 1271 3034; x_wconf 85' lang='lat' dir='ltr'><strong>necessitatem</strong></span> <span class='ocrx_word' id='word_1_201' title='bbox 1299 2979 1600 3034; x_wconf 86' lang='lat' dir='ltr'><strong>vitaturum</strong></span> <span class='ocrx_word' id='word_1_202' title='bbox 1633 2970 1896 3029; x_wconf 73' lang='lat' dir='ltr'><strong>facienda:</strong></span> <span class='ocrx_word' id='word_1_203' title='bbox 1926 2969 1993 3024; x_wconf 89' lang='lat' dir='ltr'><strong>ad</strong></span> <span class='ocrx_word' id='word_1_204' title='bbox 2014 2967 2111 3022; x_wconf 79' lang='lat' dir='ltr'><strong>Ni-</strong></span> 
     </span>
    </p>
   </div>
   <div class='ocr_carea' id='block_1_32' title="bbox 533 3066 2114 3142">
    <p class='ocr_par' dir='ltr' id='par_1_32' title="bbox 533 3066 2114 3142">
     <span class='ocr_line' id='line_1_32' title="bbox 533 3066 2114 3142; baseline -0.008 -16"><span class='ocrx_word' id='word_1_205' title='bbox 533 3072 736 3128; x_wconf 88' lang='lat' dir='ltr'><strong>nivitas</strong></span> <span class='ocrx_word' id='word_1_206' title='bbox 771 3071 1165 3142; x_wconf 71' lang='lat' dir='ltr'><strong>praedictionis,</strong></span> <span class='ocrx_word' id='word_1_207' title='bbox 1195 3081 1360 3142; x_wconf 89' lang='lat' dir='ltr'><strong>atque</strong></span> <span class='ocrx_word' id='word_1_208' title='bbox 1396 3072 1522 3125; x_wconf 82' lang='lat' dir='ltr'><strong>hinc</strong></span> <span class='ocrx_word' id='word_1_209' title='bbox 1557 3066 1947 3139; x_wconf 89' lang='lat' dir='ltr'><strong>impediturum</strong></span> <span class='ocrx_word' id='word_1_210' title='bbox 1975 3075 2114 3132; x_wconf 90' lang='lat' dir='ltr'><strong>quo-</strong></span> 
     </span>
    </p>
   </div>
   <div class='ocr_carea' id='block_1_33' title="bbox 534 3154 2189 3252">
    <p class='ocr_par' dir='ltr' id='par_1_33' title="bbox 534 3154 2189 3252">
     <span class='ocr_line' id='line_1_33' title="bbox 534 3154 2189 3252; baseline -0.007 -34"><span class='ocrx_word' id='word_1_211' title='bbox 534 3163 720 3218; x_wconf 86' lang='lat' dir='ltr'><strong>minus</strong></span> <span class='ocrx_word' id='word_1_212' title='bbox 753 3178 816 3217; x_wconf 91' lang='lat' dir='ltr'><strong>ea</strong></span> <span class='ocrx_word' id='word_1_213' title='bbox 865 3163 1268 3234; x_wconf 84' lang='lat' dir='ltr'><strong>contingerent,</strong></span> <span class='ocrx_word' id='word_1_214' title='bbox 1301 3177 1424 3233; x_wconf 72' lang='lat' dir='ltr'><strong>qua:</strong></span> <span class='ocrx_word' id='word_1_215' title='bbox 1478 3160 1824 3215; x_wconf 82' lang='lat' dir='ltr'><strong>manifestam</strong></span> <span class='ocrx_word' id='word_1_216' title='bbox 1878 3154 2116 3211; x_wconf 66' lang='lat' dir='ltr'><strong>Iudaicae</strong></span> <span class='ocrx_word' id='word_1_217' title='bbox 2140 3188 2189 3252; x_wconf 65' lang='grc' dir='ltr'>ο</span> 
     </span>
    </p>
   </div>
   <div class='ocr_carea' id='block_1_34' title="bbox 533 3247 2119 3326">
    <p class='ocr_par' dir='ltr' id='par_1_34' title="bbox 533 3247 2119 3326">
     <span class='ocr_line' id='line_1_34' title="bbox 533 3247 2119 3326; baseline -0.007 -16"><span class='ocrx_word' id='word_1_218' title='bbox 533 3256 756 3311; x_wconf 71' lang='lat' dir='ltr'><strong>malitia:</strong></span> <span class='ocrx_word' id='word_1_219' title='bbox 781 3253 1200 3326; x_wconf 87' lang='lat' dir='ltr'><strong>patefactionem</strong></span> <span class='ocrx_word' id='word_1_220' title='bbox 1231 3253 1466 3308; x_wconf 89' lang='lat' dir='ltr'><strong>allatura</strong></span> <span class='ocrx_word' id='word_1_221' title='bbox 1495 3258 1670 3307; x_wconf 86' lang='lat' dir='ltr'><strong>erant.</strong></span> <span class='ocrx_word' id='word_1_222' title='bbox 1702 3247 1820 3303; x_wconf 88' lang='lat' dir='ltr'><strong>Jam</strong></span> <span class='ocrx_word' id='word_1_223' title='bbox 1849 3260 1970 3318; x_wconf 66' lang='lat' dir='ltr'><strong>qua:</strong></span> <span class='ocrx_word' id='word_1_224' title='bbox 1990 3259 2119 3301; x_wconf 87' lang='lat' dir='ltr'><strong>con-</strong></span> 
     </span>
    </p>
   </div>
   <div class='ocr_carea' id='block_1_35' title="bbox 534 3335 2119 3414">
    <p class='ocr_par' dir='ltr' id='par_1_35' title="bbox 534 3335 2119 3414">
     <span class='ocr_line' id='line_1_35' title="bbox 534 3335 2119 3414; baseline -0.008 -12"><span class='ocrx_word' id='word_1_225' title='bbox 534 3356 723 3402; x_wconf 87' lang='lat' dir='ltr'><strong>secuta</strong></span> <span class='ocrx_word' id='word_1_226' title='bbox 755 3355 905 3409; x_wconf 89' lang='lat' dir='ltr'><strong>sunt,</strong></span> <span class='ocrx_word' id='word_1_227' title='bbox 951 3343 1118 3400; x_wconf 88' lang='lat' dir='ltr'><strong>dictis</strong></span> <span class='ocrx_word' id='word_1_228' title='bbox 1165 3344 1302 3399; x_wconf 87' lang='lat' dir='ltr'><strong>meis</strong></span> <span class='ocrx_word' id='word_1_229' title='bbox 1327 3343 1646 3414; x_wconf 76' lang='lat' dir='ltr'><strong>suffragium</strong></span> <span class='ocrx_word' id='word_1_230' title='bbox 1683 3338 1912 3394; x_wconf 90' lang='lat' dir='ltr'><strong>addunt.</strong></span> <span class='ocrx_word' id='word_1_231' title='bbox 1951 3335 2119 3390; x_wconf 84' lang='lat' dir='ltr'><strong>Nam-</strong></span> 
     </span>
    </p>
   </div>
   <div class='ocr_carea' id='block_1_36' title="bbox 475 3421 2121 3509">
    <p class='ocr_par' dir='ltr' id='par_1_36' title="bbox 475 3421 2121 3509">
     <span class='ocr_line' id='line_1_36' title="bbox 475 3421 2121 3509; baseline -0.007 -17"><span class='ocrx_word' id='word_1_232' title='bbox 475 3421 477 3424; x_wconf 6' lang='grc' dir='ltr'><strong>ί</strong></span> <span class='ocrx_word' id='word_1_233' title='bbox 533 3454 640 3509; x_wconf 91' lang='lat' dir='ltr'><strong>que</strong></span> <span class='ocrx_word' id='word_1_234' title='bbox 678 3437 950 3504; x_wconf 62' lang='lat' dir='ltr'><strong>Ninivitae,</strong></span> <span class='ocrx_word' id='word_1_235' title='bbox 981 3435 1073 3507; x_wconf 91' lang='lat' dir='ltr'><strong>qui</strong></span> <span class='ocrx_word' id='word_1_236' title='bbox 1112 3442 1260 3490; x_wconf 86' lang='lat' dir='ltr'><strong>tanta</strong></span> <span class='ocrx_word' id='word_1_237' title='bbox 1290 3435 1572 3491; x_wconf 89' lang='lat' dir='ltr'><strong>alacritate</strong></span> <span class='ocrx_word' id='word_1_238' title='bbox 1599 3431 1666 3488; x_wconf 90' lang='lat' dir='ltr'><strong>ad</strong></span> <span class='ocrx_word' id='word_1_239' title='bbox 1689 3431 1946 3485; x_wconf 85' lang='lat' dir='ltr'><strong>virtutem</strong></span> <span class='ocrx_word' id='word_1_240' title='bbox 1975 3442 2121 3482; x_wconf 90' lang='lat' dir='ltr'><strong>men-</strong></span> 
     </span>
    </p>
   </div>
   <div class='ocr_carea' id='block_1_37' title="bbox 534 3519 2118 3596">
    <p class='ocr_par' dir='ltr' id='par_1_37' title="bbox 534 3519 2118 3596">
     <span class='ocr_line' id='line_1_37' title="bbox 534 3519 2118 3596; baseline -0.006 -13"><span class='ocrx_word' id='word_1_241' title='bbox 534 3541 643 3586; x_wconf 90' lang='lat' dir='ltr'><strong>tem</strong></span> <span class='ocrx_word' id='word_1_242' title='bbox 677 3535 1086 3593; x_wconf 81' lang='lat' dir='ltr'><strong>converterant,</strong></span> <span class='ocrx_word' id='word_1_243' title='bbox 1134 3526 1389 3582; x_wconf 88' lang='lat' dir='ltr'><strong>bellicam</strong></span> <span class='ocrx_word' id='word_1_244' title='bbox 1421 3523 1823 3596; x_wconf 78' lang='lat' dir='ltr'><strong>expeditionem</strong></span> <span class='ocrx_word' id='word_1_245' title='bbox 1853 3519 2118 3575; x_wconf 73' lang='lat' dir='ltr'><strong>adversus</strong></span> 
     </span>
    </p>
   </div>
   <div class='ocr_carea' id='block_1_38' title="bbox 537 3609 2119 3687">
    <p class='ocr_par' dir='ltr' id='par_1_38' title="bbox 537 3609 2119 3687">
     <span class='ocr_line' id='line_1_38' title="bbox 537 3609 2119 3687; baseline -0.006 -15"><span class='ocrx_word' id='word_1_246' title='bbox 537 3620 812 3676; x_wconf 89' lang='lat' dir='ltr'><strong>lsraelitas</strong></span> <span class='ocrx_word' id='word_1_247' title='bbox 869 3617 1032 3687; x_wconf 88' lang='lat' dir='ltr'><strong>paulo</strong></span> <span class='ocrx_word' id='word_1_248' title='bbox 1100 3624 1229 3687; x_wconf 90' lang='lat' dir='ltr'><strong>post</strong></span> <span class='ocrx_word' id='word_1_249' title='bbox 1293 3619 1700 3686; x_wconf 85' lang='lat' dir='ltr'><strong>susceperunt;</strong></span> <span class='ocrx_word' id='word_1_250' title='bbox 1781 3609 2119 3680; x_wconf 85' lang='lat' dir='ltr'><strong>reliquisque</strong></span> 
     </span>
    </p>
   </div>
   <div class='ocr_carea' id='block_1_39' title="bbox 530 3703 2116 3782">
    <p class='ocr_par' dir='ltr' id='par_1_39' title="bbox 530 3703 2116 3782">
     <span class='ocr_line' id='line_1_39' title="bbox 530 3703 2116 3782; baseline -0.008 -15"><span class='ocrx_word' id='word_1_251' title='bbox 530 3715 693 3767; x_wconf 85' lang='lat' dir='ltr'><strong>etiam</strong></span> <span class='ocrx_word' id='word_1_252' title='bbox 729 3712 784 3767; x_wconf 92' lang='lat' dir='ltr'><strong>in</strong></span> <span class='ocrx_word' id='word_1_253' title='bbox 811 3711 1184 3782; x_wconf 87' lang='lat' dir='ltr'><strong>captivitatem</strong></span> <span class='ocrx_word' id='word_1_254' title='bbox 1217 3707 1449 3775; x_wconf 84' lang='lat' dir='ltr'><strong>abactis,</strong></span> <span class='ocrx_word' id='word_1_255' title='bbox 1475 3720 1695 3763; x_wconf 84' lang='lat' dir='ltr'><strong>summa</strong></span> <span class='ocrx_word' id='word_1_256' title='bbox 1724 3703 1774 3758; x_wconf 91' lang='lat' dir='ltr'><strong>vi</strong></span> <span class='ocrx_word' id='word_1_257' title='bbox 1805 3703 2116 3758; x_wconf 74' lang='lat' dir='ltr'><strong>vastitatem</strong></span> 
     </span>
    </p>
   </div>
   <div class='ocr_carea' id='block_1_40' title="bbox 535 3793 2116 3874">
    <p class='ocr_par' dir='ltr' id='par_1_40' title="bbox 535 3793 2116 3874">
     <span class='ocr_line' id='line_1_40' title="bbox 535 3793 2116 3874; baseline -0.006 -18"><span class='ocrx_word' id='word_1_258' title='bbox 535 3802 930 3874; x_wconf 82' lang='lat' dir='ltr'><strong>Hierosolymis</strong></span> <span class='ocrx_word' id='word_1_259' title='bbox 971 3802 1108 3872; x_wconf 90' lang='lat' dir='ltr'><strong>ipsis</strong></span> <span class='ocrx_word' id='word_1_260' title='bbox 1161 3799 1368 3855; x_wconf 90' lang='lat' dir='ltr'><strong>inferre</strong></span> <span class='ocrx_word' id='word_1_261' title='bbox 1401 3797 1586 3854; x_wconf 88' lang='lat' dir='ltr'><strong>conati</strong></span> <span class='ocrx_word' id='word_1_262' title='bbox 1629 3805 1761 3853; x_wconf 90' lang='lat' dir='ltr'><strong>sunt</strong></span> <span class='ocrx_word' id='word_1_263' title='bbox 1795 3813 1810 3850; x_wconf 90' lang='lat'>:</span> <span class='ocrx_word' id='word_1_264' title='bbox 1846 3809 2009 3865; x_wconf 90' lang='lat' dir='ltr'><strong>quam</strong></span> <span class='ocrx_word' id='word_1_265' title='bbox 2045 3793 2116 3848; x_wconf 88' lang='lat' dir='ltr'><strong>ob</strong></span> 
     </span>
    </p>
   </div>
   <div class='ocr_carea' id='block_1_41' title="bbox 532 3883 2112 3966">
    <p class='ocr_par' dir='ltr' id='par_1_41' title="bbox 532 3883 2112 3966">
     <span class='ocr_line' id='line_1_41' title="bbox 532 3883 2112 3966; baseline -0.007 -18"><span class='ocrx_word' id='word_1_266' title='bbox 532 3911 645 3951; x_wconf 88' lang='lat' dir='ltr'><strong>rem</strong></span> <span class='ocrx_word' id='word_1_267' title='bbox 673 3909 867 3966; x_wconf 73' lang='lat' dir='ltr'><strong>pmnas</strong></span> <span class='ocrx_word' id='word_1_268' title='bbox 895 3908 1116 3966; x_wconf 88' lang='lat' dir='ltr'><strong>quoque</strong></span> <span class='ocrx_word' id='word_1_269' title='bbox 1137 3892 1408 3948; x_wconf 84' lang='lat' dir='ltr'><strong>maximas</strong></span> <span class='ocrx_word' id='word_1_270' title='bbox 1438 3890 1550 3946; x_wconf 89' lang='lat' dir='ltr'><strong>Deo</strong></span> <span class='ocrx_word' id='word_1_271' title='bbox 1579 3889 1822 3953; x_wconf 90' lang='lat' dir='ltr'><strong>luerunt,</strong></span> <span class='ocrx_word' id='word_1_272' title='bbox 1859 3901 1998 3956; x_wconf 89' lang='lat' dir='ltr'><strong>quas</strong></span> <span class='ocrx_word' id='word_1_273' title='bbox 2019 3883 2112 3956; x_wconf 94' lang='lat' dir='ltr'><strong>qui</strong></span> 
     </span>
    </p>
   </div>
   <div class='ocr_carea' id='block_1_42' title="bbox 531 3981 2116 4060">
    <p class='ocr_par' dir='ltr' id='par_1_42' title="bbox 531 3981 2116 4060">
     <span class='ocr_line' id='line_1_42' title="bbox 531 3981 2116 4060; baseline -0.008 -16"><span class='ocrx_word' id='word_1_274' title='bbox 531 3989 856 4060; x_wconf 66' lang='lat' dir='ltr'><strong>praedixerat</strong></span> <span class='ocrx_word' id='word_1_275' title='bbox 880 3985 1166 4041; x_wconf 81' lang='lat' dir='ltr'><strong>Nahumus</strong></span> <span class='ocrx_word' id='word_1_276' title='bbox 1192 3981 1701 4056; x_wconf 88' lang='lat' dir='ltr'><strong>propheta,scriptis</strong></span> <span class='ocrx_word' id='word_1_277' title='bbox 1722 3994 1939 4050; x_wconf 90' lang='lat' dir='ltr'><strong>quoque</strong></span> <span class='ocrx_word' id='word_1_278' title='bbox 1963 3992 2116 4034; x_wconf 90' lang='lat' dir='ltr'><strong>com-</strong></span> 
     </span>
    </p>
   </div>
   <div class='ocr_carea' id='block_1_43' title="bbox 533 4073 2116 4147">
    <p class='ocr_par' dir='ltr' id='par_1_43' title="bbox 533 4073 2116 4147">
     <span class='ocr_line' id='line_1_43' title="bbox 533 4073 2116 4147; baseline -0.007 -13"><span class='ocrx_word' id='word_1_279' title='bbox 533 4077 832 4135; x_wconf 87' lang='lat' dir='ltr'><strong>mendavit.</strong></span> <span class='ocrx_word' id='word_1_280' title='bbox 882 4076 1054 4147; x_wconf 88' lang='lat' dir='ltr'><strong>Igitur</strong></span> <span class='ocrx_word' id='word_1_281' title='bbox 1093 4075 1246 4131; x_wconf 72' lang='lat' dir='ltr'><strong>Jonze</strong></span> <span class='ocrx_word' id='word_1_282' title='bbox 1298 4073 1601 4147; x_wconf 89' lang='lat' dir='ltr'><strong>prophetia,</strong></span> <span class='ocrx_word' id='word_1_283' title='bbox 1650 4085 1862 4128; x_wconf 88' lang='lat' dir='ltr'><strong>necnon</strong></span> <span class='ocrx_word' id='word_1_284' title='bbox 1901 4085 1964 4126; x_wconf 87' lang='lat' dir='ltr'><strong>ea</strong></span> <span class='ocrx_word' id='word_1_285' title='bbox 1993 4082 2116 4141; x_wconf 63' lang='lat' dir='ltr'><strong>qua</strong></span> 
     </span>
    </p>
   </div>
   <div class='ocr_carea' id='block_1_44' title="bbox 532 4161 2112 4245">
    <p class='ocr_par' dir='ltr' id='par_1_44' title="bbox 532 4161 2112 4245">
     <span class='ocr_line' id='line_1_44' title="bbox 532 4161 2112 4245; baseline -0.007 -18"><span class='ocrx_word' id='word_1_286' title='bbox 532 4187 630 4245; x_wconf 88' lang='lat' dir='ltr'><strong>per</strong></span> <span class='ocrx_word' id='word_1_287' title='bbox 667 4171 721 4226; x_wconf 90' lang='lat' dir='ltr'><strong>id</strong></span> <span class='ocrx_word' id='word_1_288' title='bbox 755 4181 970 4240; x_wconf 90' lang='lat' dir='ltr'><strong>tempus</strong></span> <span class='ocrx_word' id='word_1_289' title='bbox 1015 4168 1274 4224; x_wconf 83' lang='lat' dir='ltr'><strong>Ninivitis</strong></span> <span class='ocrx_word' id='word_1_290' title='bbox 1300 4167 1638 4226; x_wconf 87' lang='lat' dir='ltr'><strong>acciderunt,</strong></span> <span class='ocrx_word' id='word_1_291' title='bbox 1686 4161 2112 4235; x_wconf 81' lang='lat' dir='ltr'><strong>significationes</strong></span> 
     </span>
    </p>
   </div>
   <div class='ocr_carea' id='block_1_45' title="bbox 532 4253 2111 4333">
    <p class='ocr_par' dir='ltr' id='par_1_45' title="bbox 532 4253 2111 4333">
     <span class='ocr_line' id='line_1_45' title="bbox 532 4253 2111 4333; baseline -0.006 -16"><span class='ocrx_word' id='word_1_292' title='bbox 532 4261 736 4317; x_wconf 67' lang='lat' dir='ltr'><strong>divinae</strong></span> <span class='ocrx_word' id='word_1_293' title='bbox 764 4263 954 4333; x_wconf 62' lang='lat' dir='ltr'><strong>gratiae</strong></span> <span class='ocrx_word' id='word_1_294' title='bbox 995 4261 1239 4328; x_wconf 88' lang='lat' dir='ltr'><strong>fuerunt,</strong></span> <span class='ocrx_word' id='word_1_295' title='bbox 1281 4259 1444 4330; x_wconf 89' lang='lat' dir='ltr'><strong>cujus</strong></span> <span class='ocrx_word' id='word_1_296' title='bbox 1492 4257 1731 4328; x_wconf 91' lang='lat' dir='ltr'><strong>impulsu</strong></span> <span class='ocrx_word' id='word_1_297' title='bbox 1760 4263 1870 4310; x_wconf 88' lang='lat' dir='ltr'><strong>tam</strong></span> <span class='ocrx_word' id='word_1_298' title='bbox 1911 4253 2111 4325; x_wconf 92' lang='lat' dir='ltr'><strong>procli-</strong></span> 
     </span>
    </p>
   </div>
   <div class='ocr_carea' id='block_1_46' title="bbox 533 4345 2108 4426">
    <p class='ocr_par' dir='ltr' id='par_1_46' title="bbox 533 4345 2108 4426">
     <span class='ocr_line' id='line_1_46' title="bbox 533 4345 2108 4426; baseline -0.004 -22"><span class='ocrx_word' id='word_1_299' title='bbox 533 4367 653 4409; x_wconf 84' lang='lat' dir='ltr'><strong>vem</strong></span> <span class='ocrx_word' id='word_1_300' title='bbox 676 4353 857 4408; x_wconf 87' lang='lat' dir='ltr'><strong>cuncti</strong></span> <span class='ocrx_word' id='word_1_301' title='bbox 891 4353 958 4407; x_wconf 89' lang='lat' dir='ltr'><strong>ad</strong></span> <span class='ocrx_word' id='word_1_302' title='bbox 984 4353 1244 4426; x_wconf 78' lang='lat' dir='ltr'><strong>virtutem</strong></span> <span class='ocrx_word' id='word_1_303' title='bbox 1273 4348 1689 4406; x_wconf 87' lang='lat' dir='ltr'><strong>conversionem</strong></span> <span class='ocrx_word' id='word_1_304' title='bbox 1717 4345 1931 4416; x_wconf 79' lang='lat' dir='ltr'><strong>experti</strong></span> <span class='ocrx_word' id='word_1_305' title='bbox 1959 4352 2108 4400; x_wconf 93' lang='lat' dir='ltr'><strong>sunt.</strong></span> 
     </span>
    </p>
   </div>
   <div class='ocr_carea' id='block_1_47' title="bbox 531 4435 2110 4517">
    <p class='ocr_par' dir='ltr' id='par_1_47' title="bbox 531 4435 2110 4517">
     <span class='ocr_line' id='line_1_47' title="bbox 531 4435 2110 4517; baseline -0.006 -17"><span class='ocrx_word' id='word_1_306' title='bbox 531 4443 764 4500; x_wconf 87' lang='lat' dir='ltr'><strong>Nahumi</strong></span> <span class='ocrx_word' id='word_1_307' title='bbox 801 4461 930 4501; x_wconf 89' lang='lat' dir='ltr'><strong>vero</strong></span> <span class='ocrx_word' id='word_1_308' title='bbox 966 4443 1253 4517; x_wconf 89' lang='lat' dir='ltr'><strong>prophetia</strong></span> <span class='ocrx_word' id='word_1_309' title='bbox 1293 4441 1639 4499; x_wconf 88' lang='lat' dir='ltr'><strong>demonstrat</strong></span> <span class='ocrx_word' id='word_1_310' title='bbox 1667 4438 1986 4496; x_wconf 78' lang='lat' dir='ltr'><strong>earumdem</strong></span> <span class='ocrx_word' id='word_1_311' title='bbox 2014 4435 2110 4491; x_wconf 87' lang='lat' dir='ltr'><strong>Ni-</strong></span> 
     </span>
    </p>
   </div>
   <div class='ocr_carea' id='block_1_48' title="bbox 2214 686 3798 761">
    <p class='ocr_par' dir='ltr' id='par_1_48' title="bbox 2214 686 3798 761">
     <span class='ocr_line' id='line_1_48' title="bbox 2214 686 3798 761; baseline 0.006 -24"><span class='ocrx_word' id='word_1_312' title='bbox 2214 686 2321 738; x_wconf 84' lang='grc' dir='ltr'><strong>τῶν</strong></span> <span class='ocrx_word' id='word_1_313' title='bbox 2343 686 2636 738; x_wconf 81' lang='grc' dir='ltr'>Νινευῖτῶν</span> <span class='ocrx_word' id='word_1_314' title='bbox 2653 687 3024 756; x_wconf 82' lang='grc' dir='ltr'>παραθέσεως,</span> <span class='ocrx_word' id='word_1_315' title='bbox 3043 692 3312 761; x_wconf 87' lang='grc' dir='ltr'>τιμωρίας</span> <span class='ocrx_word' id='word_1_316' title='bbox 3335 690 3472 755; x_wconf 78' lang='grc' dir='ltr'>ἄξιοι</span> <span class='ocrx_word' id='word_1_317' title='bbox 3497 691 3798 760; x_wconf 71' lang='grc' dir='ltr'><strong>φαίνοιντο·</strong></span> 
     </span>
    </p>
   </div>
   <div class='ocr_carea' id='block_1_49' title="bbox 2216 775 3798 852">
    <p class='ocr_par' dir='ltr' id='par_1_49' title="bbox 2216 775 3798 852">
     <span class='ocr_line' id='line_1_49' title="bbox 2216 775 3798 852; baseline 0.006 -24"><span class='ocrx_word' id='word_1_318' title='bbox 2216 776 2308 828; x_wconf 70' lang='grc' dir='ltr'><strong>καὶ</strong></span> <span class='ocrx_word' id='word_1_319' title='bbox 2337 775 2473 844; x_wconf 75' lang='grc' dir='ltr'>μετὰ</span> <span class='ocrx_word' id='word_1_320' title='bbox 2503 775 2661 828; x_wconf 79' lang='grc' dir='ltr'>τοῦτό</span> <span class='ocrx_word' id='word_1_321' title='bbox 2685 793 2747 844; x_wconf 92' lang='grc' dir='ltr'><strong>γε</strong></span> <span class='ocrx_word' id='word_1_322' title='bbox 2774 777 3009 848; x_wconf 82' lang='grc' dir='ltr'><strong>παντελῆ</strong></span> <span class='ocrx_word' id='word_1_323' title='bbox 3032 778 3128 849; x_wconf 80' lang='grc' dir='ltr'><strong>τὴν</strong></span> <span class='ocrx_word' id='word_1_324' title='bbox 3154 779 3426 849; x_wconf 76' lang='grc' dir='ltr'>ἀποϐολὴν</span> <span class='ocrx_word' id='word_1_325' title='bbox 3447 781 3798 852; x_wconf 79' lang='grc' dir='ltr'><strong>ὑπομένοιεν,</strong></span> 
     </span>
    </p>
   </div>
   <div class='ocr_carea' id='block_1_50' title="bbox 2216 864 3802 945">
    <p class='ocr_par' dir='ltr' id='par_1_50' title="bbox 2216 864 3802 945">
     <span class='ocr_line' id='line_1_50' title="bbox 2216 864 3802 945; baseline 0.007 -27"><span class='ocrx_word' id='word_1_326' title='bbox 2216 864 2515 936; x_wconf 80' lang='grc' dir='ltr'><strong>παραθέσει</strong></span> <span class='ocrx_word' id='word_1_327' title='bbox 2538 865 2646 920; x_wconf 80' lang='grc' dir='ltr'>τῶν</span> <span class='ocrx_word' id='word_1_328' title='bbox 2677 884 2734 919; x_wconf 89' lang='grc' dir='ltr'><strong>τε</strong></span> <span class='ocrx_word' id='word_1_329' title='bbox 2765 868 3073 938; x_wconf 78' lang='grc' dir='ltr'>ἁπανταχοῦ</span> <span class='ocrx_word' id='word_1_330' title='bbox 3105 870 3204 940; x_wconf 82' lang='grc' dir='ltr'>γῆς</span> <span class='ocrx_word' id='word_1_331' title='bbox 3225 870 3395 924; x_wconf 78' lang='grc' dir='ltr'>ὄντων</span> <span class='ocrx_word' id='word_1_332' title='bbox 3427 872 3596 927; x_wconf 81' lang='grc' dir='ltr'>ἐθνῶν</span> <span class='ocrx_word' id='word_1_333' title='bbox 3625 891 3802 945; x_wconf 88' lang='grc' dir='ltr'>προσ-</span> 
     </span>
    </p>
   </div>
   <div class='ocr_carea' id='block_1_51' title="bbox 2221 955 3803 1034">
    <p class='ocr_par' dir='ltr' id='par_1_51' title="bbox 2221 955 3803 1034">
     <span class='ocr_line' id='line_1_51' title="bbox 2221 955 3803 1034; baseline 0.007 -27"><span class='ocrx_word' id='word_1_334' title='bbox 2221 955 2359 1008; x_wconf 83' lang='grc' dir='ltr'>ιέναι</span> <span class='ocrx_word' id='word_1_335' title='bbox 2387 958 2453 1027; x_wconf 79' lang='grc' dir='ltr'>τῇ</span> <span class='ocrx_word' id='word_1_336' title='bbox 2495 957 2596 1028; x_wconf 84' lang='grc' dir='ltr'>τῆς</span> <span class='ocrx_word' id='word_1_337' title='bbox 2647 958 2931 1020; x_wconf 84' lang='grc' dir='ltr'>εὐσεϐείας</span> <span class='ocrx_word' id='word_1_338' title='bbox 2991 959 3292 1029; x_wconf 81' lang='grc' dir='ltr'><strong>μελλόντων</strong></span> <span class='ocrx_word' id='word_1_339' title='bbox 3345 963 3665 1034; x_wconf 72' lang='grc' dir='ltr'>διδασκαλία</span> <span class='ocrx_word' id='word_1_340' title='bbox 3695 981 3710 996; x_wconf 85' lang='grc'><strong>·</strong></span> <span class='ocrx_word' id='word_1_341' title='bbox 3749 967 3803 1018; x_wconf 84' lang='grc' dir='ltr'>εἰ</span> 
     </span>
    </p>
   </div>
   <div class='ocr_carea' id='block_1_52' title="bbox 2215 1048 3800 1127">
    <p class='ocr_par' dir='ltr' id='par_1_52' title="bbox 2215 1048 3800 1127">
     <span class='ocr_line' id='line_1_52' title="bbox 2215 1048 3800 1127; baseline 0.005 -26"><span class='ocrx_word' id='word_1_342' title='bbox 2215 1048 2325 1118; x_wconf 84' lang='grc' dir='ltr'><strong>γάρ</strong></span> <span class='ocrx_word' id='word_1_343' title='bbox 2351 1050 2379 1102; x_wconf 87' lang='grc' dir='ltr'><strong>ό</strong></span> <span class='ocrx_word' id='word_1_344' title='bbox 2419 1050 2688 1118; x_wconf 88' lang='grc' dir='ltr'>μακάριος</span> <span class='ocrx_word' id='word_1_345' title='bbox 2733 1049 2945 1114; x_wconf 84' lang='grc' dir='ltr'><strong>Παῦλος</strong></span> <span class='ocrx_word' id='word_1_346' title='bbox 2979 1050 3232 1124; x_wconf 72' lang='grc' dir='ltr'>ὀδύρεται</span> <span class='ocrx_word' id='word_1_347' title='bbox 3289 1054 3467 1108; x_wconf 82' lang='grc' dir='ltr'>αὐτῶν</span> <span class='ocrx_word' id='word_1_348' title='bbox 3498 1056 3800 1127; x_wconf 84' lang='grc' dir='ltr'>ἀποϐολὴν,</span> 
     </span>
    </p>
   </div>
   <div class='ocr_carea' id='block_1_53' title="bbox 2217 1139 3801 1218">
    <p class='ocr_par' dir='ltr' id='par_1_53' title="bbox 2217 1139 3801 1218">
     <span class='ocr_line' id='line_1_53' title="bbox 2217 1139 3801 1218; baseline 0.006 -27"><span class='ocrx_word' id='word_1_349' title='bbox 2217 1139 2313 1192; x_wconf 73' lang='grc' dir='ltr'>καὶ</span> <span class='ocrx_word' id='word_1_350' title='bbox 2340 1139 2440 1199; x_wconf 75' lang='grc' dir='ltr'>τὴν</span> <span class='ocrx_word' id='word_1_351' title='bbox 2470 1142 2704 1211; x_wconf 79' lang='grc' dir='ltr'><strong>ἐσχάτην</strong></span> <span class='ocrx_word' id='word_1_352' title='bbox 2734 1141 2939 1210; x_wconf 74' lang='grc' dir='ltr'>ἔφασκε</span> <span class='ocrx_word' id='word_1_353' title='bbox 2970 1143 3241 1214; x_wconf 78' lang='grc' dir='ltr'><strong>τιμωρίαν</strong></span> <span class='ocrx_word' id='word_1_354' title='bbox 3271 1146 3568 1216; x_wconf 85' lang='grc' dir='ltr'>ὑπομενεῖν</span> <span class='ocrx_word' id='word_1_355' title='bbox 3600 1147 3801 1218; x_wconf 78' lang='grc' dir='ltr'>ἡδέως,</span> 
     </span>
    </p>
   </div>
   <div class='ocr_carea' id='block_1_54' title="bbox 2216 1230 3804 1308">
    <p class='ocr_par' dir='ltr' id='par_1_54' title="bbox 2216 1230 3804 1308">
     <span class='ocr_line' id='line_1_54' title="bbox 2216 1230 3804 1308; baseline 0.004 -24"><span class='ocrx_word' id='word_1_356' title='bbox 2216 1231 2358 1285; x_wconf 85' lang='grc' dir='ltr'>ὥστε</span> <span class='ocrx_word' id='word_1_357' title='bbox 2387 1230 2612 1295; x_wconf 82' lang='grc' dir='ltr'><strong>τούτους</strong></span> <span class='ocrx_word' id='word_1_358' title='bbox 2649 1232 2786 1304; x_wconf 82' lang='grc' dir='ltr'>πρὸς</span> <span class='ocrx_word' id='word_1_359' title='bbox 2812 1233 2872 1286; x_wconf 85' lang='grc' dir='ltr'><strong>τὸ</strong></span> <span class='ocrx_word' id='word_1_360' title='bbox 2893 1233 3012 1286; x_wconf 90' lang='grc' dir='ltr'>δέον</span> <span class='ocrx_word' id='word_1_361' title='bbox 3046 1235 3273 1299; x_wconf 75' lang='grc' dir='ltr'>ἰδόντας,</span> <span class='ocrx_word' id='word_1_362' title='bbox 3304 1236 3378 1307; x_wconf 82' lang='grc' dir='ltr'>μὴ</span> <span class='ocrx_word' id='word_1_363' title='bbox 3399 1237 3498 1308; x_wconf 77' lang='grc' dir='ltr'><strong>τὴν</strong></span> <span class='ocrx_word' id='word_1_364' title='bbox 3525 1238 3804 1307; x_wconf 79' lang='grc' dir='ltr'>τοσαύτην</span> 
     </span>
    </p>
   </div>
   <div class='ocr_carea' id='block_1_55' title="bbox 2216 1321 3802 1397">
    <p class='ocr_par' dir='ltr' id='par_1_55' title="bbox 2216 1321 3802 1397">
     <span class='ocr_line' id='line_1_55' title="bbox 2216 1321 3802 1397; baseline 0.004 -24"><span class='ocrx_word' id='word_1_365' title='bbox 2216 1323 2304 1374; x_wconf 86' lang='grc' dir='ltr'>ἐπ’</span> <span class='ocrx_word' id='word_1_366' title='bbox 2348 1321 2532 1386; x_wconf 78' lang='grc' dir='ltr'>αὐτοῖς</span> <span class='ocrx_word' id='word_1_367' title='bbox 2585 1325 2955 1394; x_wconf 78' lang='grc' dir='ltr'><strong>γεγενημένην</strong></span> <span class='ocrx_word' id='word_1_368' title='bbox 2992 1325 3309 1395; x_wconf 82' lang='grc' dir='ltr'>ἐπιμέλειαν</span> <span class='ocrx_word' id='word_1_369' title='bbox 3339 1326 3491 1397; x_wconf 87' lang='grc' dir='ltr'><strong>παρὰ</strong></span> <span class='ocrx_word' id='word_1_370' title='bbox 3523 1327 3617 1381; x_wconf 83' lang='grc' dir='ltr'>τοῦ</span> <span class='ocrx_word' id='word_1_371' title='bbox 3657 1328 3802 1382; x_wconf 73' lang='grc' dir='ltr'>Θεοῦ</span> 
     </span>
    </p>
   </div>
   <div class='ocr_carea' id='block_1_56' title="bbox 2218 1413 3803 1492">
    <p class='ocr_par' dir='ltr' id='par_1_56' title="bbox 2218 1413 3803 1492">
     <span class='ocr_line' id='line_1_56' title="bbox 2218 1413 3803 1492; baseline 0.007 -28"><span class='ocrx_word' id='word_1_372' title='bbox 2218 1413 2478 1484; x_wconf 83' lang='grc' dir='ltr'>περιττὴν</span> <span class='ocrx_word' id='word_1_373' title='bbox 2521 1414 2861 1485; x_wconf 82' lang='grc' dir='ltr'>ἀποφῆναι·‹</span> <span class='ocrx_word' id='word_1_374' title='bbox 2906 1415 3188 1488; x_wconf 80' lang='grc' dir='ltr'><strong>Ἀλήθειαν</strong></span> <span class='ocrx_word' id='word_1_375' title='bbox 3235 1420 3342 1490; x_wconf 81' lang='grc' dir='ltr'>γὰρ</span> <span class='ocrx_word' id='word_1_376' title='bbox 3389 1421 3529 1488; x_wconf 86' lang='grc' dir='ltr'>λέγω</span> <span class='ocrx_word' id='word_1_377' title='bbox 3571 1423 3625 1474; x_wconf 85' lang='grc' dir='ltr'>ἐν</span> <span class='ocrx_word' id='word_1_378' title='bbox 3661 1423 3803 1492; x_wconf 77' lang='grc' dir='ltr'>Χρι·</span> 
     </span>
    </p>
   </div>
   <div class='ocr_carea' id='block_1_57' title="bbox 2219 1504 3802 1582">
    <p class='ocr_par' dir='ltr' id='par_1_57' title="bbox 2219 1504 3802 1582">
     <span class='ocr_line' id='line_1_57' title="bbox 2219 1504 3802 1582; baseline 0.005 -24"><span class='ocrx_word' id='word_1_379' title='bbox 2219 1504 2349 1574; x_wconf 83' lang='grc' dir='ltr'>στῷ,</span> <span class='ocrx_word' id='word_1_380' title='bbox 2385 1506 2447 1558; x_wconf 86' lang='grc' dir='ltr'><strong>οὐ</strong></span> <span class='ocrx_word' id='word_1_381' title='bbox 2498 1505 2784 1578; x_wconf 81' lang='grc' dir='ltr'>ψεύδομαι,</span> <span class='ocrx_word' id='word_1_382' title='bbox 2819 1511 3318 1582; x_wconf 83' lang='grc' dir='ltr'>συμμαρτυρούσης</span> <span class='ocrx_word' id='word_1_383' title='bbox 3359 1529 3448 1580; x_wconf 90' lang='grc' dir='ltr'><strong>μοι</strong></span> <span class='ocrx_word' id='word_1_384' title='bbox 3477 1512 3578 1582; x_wconf 85' lang='grc' dir='ltr'>τῆς</span> <span class='ocrx_word' id='word_1_385' title='bbox 3617 1530 3802 1566; x_wconf 85' lang='grc' dir='ltr'>συνει-</span> 
     </span>
    </p>
   </div>
   <div class='ocr_carea' id='block_1_58' title="bbox 2217 1595 3803 1674">
    <p class='ocr_par' dir='ltr' id='par_1_58' title="bbox 2217 1595 3803 1674">
     <span class='ocr_line' id='line_1_58' title="bbox 2217 1595 3803 1674; baseline 0.006 -26"><span class='ocrx_word' id='word_1_386' title='bbox 2217 1595 2422 1668; x_wconf 81' lang='grc' dir='ltr'>δήσεώς</span> <span class='ocrx_word' id='word_1_387' title='bbox 2455 1615 2556 1668; x_wconf 87' lang='grc' dir='ltr'><strong>μου</strong></span> <span class='ocrx_word' id='word_1_388' title='bbox 2609 1600 2666 1651; x_wconf 85' lang='grc' dir='ltr'>ἐν</span> <span class='ocrx_word' id='word_1_389' title='bbox 2718 1600 2995 1670; x_wconf 90' lang='grc' dir='ltr'>Πνεύματι</span> <span class='ocrx_word' id='word_1_390' title='bbox 3029 1602 3189 1673; x_wconf 85' lang='grc' dir='ltr'>ἁγίῳ,</span> <span class='ocrx_word' id='word_1_391' title='bbox 3214 1603 3296 1656; x_wconf 85' lang='grc' dir='ltr'><strong>δτι</strong></span> <span class='ocrx_word' id='word_1_392' title='bbox 3345 1603 3490 1674; x_wconf 89' lang='grc' dir='ltr'>λύπη</span> <span class='ocrx_word' id='word_1_393' title='bbox 3541 1621 3631 1674; x_wconf 91' lang='grc' dir='ltr'><strong>μοι</strong></span> <span class='ocrx_word' id='word_1_394' title='bbox 3678 1605 3803 1658; x_wconf 70' lang='grc' dir='ltr'>ἐστὶ</span> 
     </span>
    </p>
   </div>
   <div class='ocr_carea' id='block_1_59' title="bbox 2221 1688 3807 1767">
    <p class='ocr_par' dir='ltr' id='par_1_59' title="bbox 2221 1688 3807 1767">
     <span class='ocr_line' id='line_1_59' title="bbox 2221 1688 3807 1767; baseline 0.004 -25"><span class='ocrx_word' id='word_1_395' title='bbox 2221 1688 2434 1760; x_wconf 81' lang='grc' dir='ltr'><strong>μεγάλη</strong></span> <span class='ocrx_word' id='word_1_396' title='bbox 2462 1690 2555 1744; x_wconf 79' lang='grc' dir='ltr'>καὶ</span> <span class='ocrx_word' id='word_1_397' title='bbox 2585 1691 2926 1756; x_wconf 81' lang='grc' dir='ltr'><strong>ἀδιάλειπτος</strong></span> <span class='ocrx_word' id='word_1_398' title='bbox 2955 1693 3114 1765; x_wconf 80' lang='grc' dir='ltr'><strong>ὀδύνη</strong></span> <span class='ocrx_word' id='word_1_399' title='bbox 3148 1697 3214 1765; x_wconf 83' lang='grc' dir='ltr'>τῇ</span> <span class='ocrx_word' id='word_1_400' title='bbox 3235 1695 3432 1766; x_wconf 83' lang='grc' dir='ltr'>καρδίᾳ</span> <span class='ocrx_word' id='word_1_401' title='bbox 3467 1714 3567 1766; x_wconf 88' lang='grc' dir='ltr'><strong>μου</strong></span> <span class='ocrx_word' id='word_1_402' title='bbox 3593 1710 3606 1724; x_wconf 87' lang='grc'><strong>·</strong></span> <span class='ocrx_word' id='word_1_403' title='bbox 3633 1697 3773 1767; x_wconf 85' lang='grc' dir='ltr'>ηὐχό</span> <span class='ocrx_word' id='word_1_404' title='bbox 3791 1727 3807 1737; x_wconf 89' lang='grc'><strong>-</strong></span> 
     </span>
    </p>
   </div>
   <div class='ocr_carea' id='block_1_60' title="bbox 2223 1779 3802 1860">
    <p class='ocr_par' dir='ltr' id='par_1_60' title="bbox 2223 1779 3802 1860">
     <span class='ocr_line' id='line_1_60' title="bbox 2223 1779 3802 1860; baseline 0.006 -27"><span class='ocrx_word' id='word_1_405' title='bbox 2223 1799 2328 1852; x_wconf 89' lang='grc' dir='ltr'><strong>μην</strong></span> <span class='ocrx_word' id='word_1_406' title='bbox 2345 1782 2454 1853; x_wconf 82' lang='grc' dir='ltr'><strong>γὰρ</strong></span> <span class='ocrx_word' id='word_1_407' title='bbox 2485 1782 2734 1854; x_wconf 83' lang='grc' dir='ltr'>ἀνάθεμα</span> <span class='ocrx_word' id='word_1_408' title='bbox 2766 1779 2904 1839; x_wconf 81' lang='grc' dir='ltr'>εἶναι</span> <span class='ocrx_word' id='word_1_409' title='bbox 2949 1786 3110 1850; x_wconf 81' lang='grc' dir='ltr'>αὐτὸς</span> <span class='ocrx_word' id='word_1_410' title='bbox 3149 1787 3260 1855; x_wconf 86' lang='grc' dir='ltr'>ἐγὼ</span> <span class='ocrx_word' id='word_1_411' title='bbox 3288 1787 3397 1840; x_wconf 80' lang='grc' dir='ltr'><strong>άπὸ</strong></span> <span class='ocrx_word' id='word_1_412' title='bbox 3431 1787 3527 1841; x_wconf 79' lang='grc' dir='ltr'>τοῦ</span> <span class='ocrx_word' id='word_1_413' title='bbox 3560 1789 3802 1860; x_wconf 72' lang='grc' dir='ltr'>Χριστοῦ</span> 
     </span>
    </p>
   </div>
   <div class='ocr_carea' id='block_1_61' title="bbox 2220 1869 3797 1951">
    <p class='ocr_par' dir='ltr' id='par_1_61' title="bbox 2220 1869 3797 1951">
     <span class='ocr_line' id='line_1_61' title="bbox 2220 1869 3797 1951; baseline 0.006 -29"><span class='ocrx_word' id='word_1_414' title='bbox 2220 1869 2321 1922; x_wconf 87' lang='grc' dir='ltr'><strong>ὑπέ</strong></span> <span class='ocrx_word' id='word_1_415' title='bbox 2328 1887 2360 1940; x_wconf 87' lang='grc' dir='ltr'><strong>ρ</strong></span> <span class='ocrx_word' id='word_1_416' title='bbox 2375 1871 2482 1923; x_wconf 86' lang='grc' dir='ltr'><strong>τῶν</strong></span> <span class='ocrx_word' id='word_1_417' title='bbox 2501 1872 2746 1941; x_wconf 82' lang='grc' dir='ltr'><strong>ἀδελφῶν</strong></span> <span class='ocrx_word' id='word_1_418' title='bbox 2765 1891 2865 1944; x_wconf 85' lang='grc' dir='ltr'><strong>μου</strong></span> <span class='ocrx_word' id='word_1_419' title='bbox 2885 1874 2995 1929; x_wconf 88' lang='grc' dir='ltr'>τῶν</span> <span class='ocrx_word' id='word_1_420' title='bbox 3013 1876 3291 1945; x_wconf 83' lang='grc' dir='ltr'><strong>συγγενῶν</strong></span> <span class='ocrx_word' id='word_1_421' title='bbox 3317 1895 3417 1947; x_wconf 88' lang='grc' dir='ltr'><strong>μου</strong></span> <span class='ocrx_word' id='word_1_422' title='bbox 3435 1878 3576 1932; x_wconf 85' lang='grc' dir='ltr'>κατὰ</span> <span class='ocrx_word' id='word_1_423' title='bbox 3593 1879 3771 1951; x_wconf 80' lang='grc' dir='ltr'>σάρκα</span> <span class='ocrx_word' id='word_1_424' title='bbox 3783 1922 3797 1945; x_wconf 92' lang='grc'><strong>,</strong></span> 
     </span>
    </p>
   </div>
   <div class='ocr_carea' id='block_1_62' title="bbox 2217 1959 3797 2039">
    <p class='ocr_par' dir='ltr' id='par_1_62' title="bbox 2217 1959 3797 2039">
     <span class='ocr_line' id='line_1_62' title="bbox 2217 1959 3797 2039; baseline 0.007 -27"><span class='ocrx_word' id='word_1_425' title='bbox 2217 1960 2410 2025; x_wconf 78' lang='grc' dir='ltr'>οἵτινές</span> <span class='ocrx_word' id='word_1_426' title='bbox 2437 1963 2574 2015; x_wconf 87' lang='grc' dir='ltr'>είσιν</span> <span class='ocrx_word' id='word_1_427' title='bbox 2620 1964 2947 2036; x_wconf 83' lang='grc' dir='ltr'>Ἰσραηλῖται</span> <span class='ocrx_word' id='word_1_428' title='bbox 2979 1981 2992 1994; x_wconf 91' lang='grc'><strong>·</strong></span> <span class='ocrx_word' id='word_1_429' title='bbox 3032 1959 3108 2020; x_wconf 79' lang='grc' dir='ltr'>ὧν</span> <span class='ocrx_word' id='word_1_430' title='bbox 3148 1968 3181 2037; x_wconf 77' lang='grc' dir='ltr'>ἡ</span> <span class='ocrx_word' id='word_1_431' title='bbox 3210 1968 3447 2022; x_wconf 85' lang='grc' dir='ltr'>υἱοθεσία</span> <span class='ocrx_word' id='word_1_432' title='bbox 3480 1970 3575 2022; x_wconf 72' lang='grc' dir='ltr'><strong>καὶ</strong></span> <span class='ocrx_word' id='word_1_433' title='bbox 3600 1971 3634 2039; x_wconf 84' lang='grc' dir='ltr'><strong>ἡ</strong></span> <span class='ocrx_word' id='word_1_434' title='bbox 3670 1970 3797 2034; x_wconf 83' lang='grc' dir='ltr'>δόξα</span> 
     </span>
    </p>
   </div>
   <div class='ocr_carea' id='block_1_63' title="bbox 2219 2051 3798 2135">
    <p class='ocr_par' dir='ltr' id='par_1_63' title="bbox 2219 2051 3798 2135">
     <span class='ocr_line' id='line_1_63' title="bbox 2219 2051 3798 2135; baseline 0.011 -33"><span class='ocrx_word' id='word_1_435' title='bbox 2219 2051 2368 2121; x_wconf 82' lang='grc' dir='ltr'>καὶὴ</span> <span class='ocrx_word' id='word_1_436' title='bbox 2399 2051 2630 2125; x_wconf 84' lang='grc' dir='ltr'>διαθήκη</span> <span class='ocrx_word' id='word_1_437' title='bbox 2661 2059 2756 2110; x_wconf 73' lang='grc' dir='ltr'><strong>καὶ</strong></span> <span class='ocrx_word' id='word_1_438' title='bbox 2785 2059 2818 2128; x_wconf 79' lang='grc' dir='ltr'><strong>ἠ</strong></span> <span class='ocrx_word' id='word_1_439' title='bbox 2843 2060 3133 2131; x_wconf 81' lang='grc' dir='ltr'>νομοθεσία</span> <span class='ocrx_word' id='word_1_440' title='bbox 3163 2062 3256 2116; x_wconf 72' lang='grc' dir='ltr'><strong>καὶ</strong></span> <span class='ocrx_word' id='word_1_441' title='bbox 3281 2065 3314 2134; x_wconf 81' lang='grc' dir='ltr'>ἡ</span> <span class='ocrx_word' id='word_1_442' title='bbox 3355 2063 3580 2135; x_wconf 86' lang='grc' dir='ltr'>λατρεία</span> <span class='ocrx_word' id='word_1_443' title='bbox 3611 2067 3703 2119; x_wconf 72' lang='grc' dir='ltr'><strong>καὶ</strong></span> <span class='ocrx_word' id='word_1_444' title='bbox 3735 2068 3798 2119; x_wconf 74' lang='grc' dir='ltr'><strong>οἱ</strong></span> 
     </span>
    </p>
   </div>
   <div class='ocr_carea' id='block_1_64' title="bbox 2218 2143 3802 2229">
    <p class='ocr_par' dir='ltr' id='par_1_64' title="bbox 2218 2143 3802 2229">
     <span class='ocr_line' id='line_1_64' title="bbox 2218 2143 3802 2229; baseline 0.009 -34"><span class='ocrx_word' id='word_1_445' title='bbox 2218 2144 2540 2212; x_wconf 77' lang='grc' dir='ltr'>ἐπαγγελίαι</span> <span class='ocrx_word' id='word_1_446' title='bbox 2559 2161 2572 2174; x_wconf 91' lang='grc'><strong>·</strong></span> <span class='ocrx_word' id='word_1_447' title='bbox 2601 2143 2676 2203; x_wconf 84' lang='grc' dir='ltr'>ὧν</span> <span class='ocrx_word' id='word_1_448' title='bbox 2709 2151 2758 2203; x_wconf 87' lang='grc' dir='ltr'>οἱ</span> <span class='ocrx_word' id='word_1_449' title='bbox 2797 2153 3054 2225; x_wconf 83' lang='grc' dir='ltr'>πατέρες,</span> <span class='ocrx_word' id='word_1_450' title='bbox 3086 2156 3180 2208; x_wconf 74' lang='grc' dir='ltr'><strong>καὶ</strong></span> <span class='ocrx_word' id='word_1_451' title='bbox 3211 2155 3269 2220; x_wconf 76' lang='grc' dir='ltr'>ἐξ</span> <span class='ocrx_word' id='word_1_452' title='bbox 3297 2151 3372 2210; x_wconf 83' lang='grc' dir='ltr'>ὧν</span> <span class='ocrx_word' id='word_1_453' title='bbox 3401 2158 3428 2209; x_wconf 85' lang='grc' dir='ltr'><strong>ό</strong></span> <span class='ocrx_word' id='word_1_454' title='bbox 3471 2159 3701 2229; x_wconf 80' lang='grc' dir='ltr'>Χριστὸς</span> <span class='ocrx_word' id='word_1_455' title='bbox 3731 2159 3802 2210; x_wconf 78' lang='grc' dir='ltr'><strong>τὸ</strong></span> 
     </span>
    </p>
   </div>
   <div class='ocr_carea' id='block_1_65' title="bbox 2218 2235 3802 2320">
    <p class='ocr_par' dir='ltr' id='par_1_65' title="bbox 2218 2235 3802 2320">
     <span class='ocr_line' id='line_1_65' title="bbox 2218 2235 3802 2320; baseline 0.011 -34"><span class='ocrx_word' id='word_1_456' title='bbox 2218 2235 2360 2288; x_wconf 86' lang='grc' dir='ltr'>κατὰ</span> <span class='ocrx_word' id='word_1_457' title='bbox 2403 2236 2580 2308; x_wconf 81' lang='grc' dir='ltr'>σάρκα</span> <span class='ocrx_word' id='word_1_458' title='bbox 2600 2279 2616 2304; x_wconf 90' lang='grc'><strong>,</strong></span> <span class='ocrx_word' id='word_1_459' title='bbox 2642 2243 2672 2295; x_wconf 91' lang='grc' dir='ltr'><strong>ό</strong></span> <span class='ocrx_word' id='word_1_460' title='bbox 2699 2241 2775 2295; x_wconf 82' lang='grc' dir='ltr'><strong>ὣν</strong></span> <span class='ocrx_word' id='word_1_461' title='bbox 2817 2244 2909 2297; x_wconf 79' lang='grc' dir='ltr'>ἐπὶ</span> <span class='ocrx_word' id='word_1_462' title='bbox 2963 2246 3182 2300; x_wconf 86' lang='grc' dir='ltr'>πάντων</span> <span class='ocrx_word' id='word_1_463' title='bbox 3231 2248 3361 2312; x_wconf 87' lang='grc' dir='ltr'>Θεὸς</span> <span class='ocrx_word' id='word_1_464' title='bbox 3394 2249 3683 2320; x_wconf 73' lang='grc' dir='ltr'>εὐλογητὸς</span> <span class='ocrx_word' id='word_1_465' title='bbox 3715 2253 3802 2315; x_wconf 84' lang='grc' dir='ltr'>εἰς</span> 
     </span>
    </p>
   </div>
   <div class='ocr_carea' id='block_1_66' title="bbox 2217 2326 3802 2412">
    <p class='ocr_par' dir='ltr' id='par_1_66' title="bbox 2217 2326 3802 2412">
     <span class='ocr_line' id='line_1_66' title="bbox 2217 2326 3802 2412; baseline 0.011 -35"><span class='ocrx_word' id='word_1_466' title='bbox 2217 2326 2343 2390; x_wconf 75' lang='grc' dir='ltr'>τοὺς</span> <span class='ocrx_word' id='word_1_467' title='bbox 2367 2328 2778 2403; x_wconf 72' lang='grc' dir='ltr'>αἰῶνας,ἀμήνο</span> <span class='ocrx_word' id='word_1_468' title='bbox 2819 2354 2836 2386; x_wconf 73' lang='grc' dir='ltr'><strong>ι</strong></span> <span class='ocrx_word' id='word_1_469' title='bbox 2875 2337 2993 2400; x_wconf 83' lang='grc' dir='ltr'>πῶς</span> <span class='ocrx_word' id='word_1_470' title='bbox 3029 2340 3088 2391; x_wconf 84' lang='grc' dir='ltr'><strong>ού</strong></span> <span class='ocrx_word' id='word_1_471' title='bbox 3136 2341 3402 2412; x_wconf 80' lang='grc' dir='ltr'>πρόδηλον</span> <span class='ocrx_word' id='word_1_472' title='bbox 3437 2345 3518 2397; x_wconf 82' lang='grc' dir='ltr'><strong>δτι</strong></span> <span class='ocrx_word' id='word_1_473' title='bbox 3556 2342 3652 2412; x_wconf 80' lang='grc' dir='ltr'>τὴν</span> <span class='ocrx_word' id='word_1_474' title='bbox 3697 2343 3802 2396; x_wconf 83' lang='grc' dir='ltr'>αύ-</span> 
     </span>
    </p>
   </div>
   <div class='ocr_carea' id='block_1_67' title="bbox 2218 2416 3800 2507">
    <p class='ocr_par' dir='ltr' id='par_1_67' title="bbox 2218 2416 3800 2507">
     <span class='ocr_line' id='line_1_67' title="bbox 2218 2416 3800 2507; baseline 0.014 -38"><span class='ocrx_word' id='word_1_475' title='bbox 2218 2416 2318 2487; x_wconf 82' lang='grc' dir='ltr'>τὴν</span> <span class='ocrx_word' id='word_1_476' title='bbox 2357 2417 2569 2488; x_wconf 80' lang='grc' dir='ltr'>ἔχοντες</span> <span class='ocrx_word' id='word_1_477' title='bbox 2599 2425 2692 2476; x_wconf 77' lang='grc' dir='ltr'>καὶ</span> <span class='ocrx_word' id='word_1_478' title='bbox 2724 2427 2770 2477; x_wconf 86' lang='grc' dir='ltr'><strong>οί</strong></span> <span class='ocrx_word' id='word_1_479' title='bbox 2822 2429 3097 2499; x_wconf 80' lang='grc' dir='ltr'>προφῆται</span> <span class='ocrx_word' id='word_1_480' title='bbox 3140 2433 3386 2504; x_wconf 78' lang='grc' dir='ltr'><strong>γνώμην,</strong></span> <span class='ocrx_word' id='word_1_481' title='bbox 3424 2435 3693 2507; x_wconf 81' lang='grc' dir='ltr'>ὠδύροντό</span> <span class='ocrx_word' id='word_1_482' title='bbox 3735 2453 3800 2490; x_wconf 70' lang='grc' dir='ltr'><strong>τε</strong></span> 
     </span>
    </p>
   </div>
   <div class='ocr_carea' id='block_1_68' title="bbox 2219 2509 3802 2600">
    <p class='ocr_par' dir='ltr' id='par_1_68' title="bbox 2219 2509 3802 2600">
     <span class='ocr_line' id='line_1_68' title="bbox 2219 2509 3802 2600; baseline 0.015 -39"><span class='ocrx_word' id='word_1_483' title='bbox 2219 2509 2311 2600; x_wconf 66' lang='grc' dir='ltr'>ἐπὶ</span> <span class='ocrx_word' id='word_1_484' title='bbox 2335 2511 2544 2578; x_wconf 80' lang='grc' dir='ltr'>τούτοις</span> <span class='ocrx_word' id='word_1_485' title='bbox 2569 2517 2662 2570; x_wconf 71' lang='grc' dir='ltr'><strong>καὶ</strong></span> <span class='ocrx_word' id='word_1_486' title='bbox 2685 2519 2944 2590; x_wconf 76' lang='grc' dir='ltr'>ἐθρήνουν</span> <span class='ocrx_word' id='word_1_487' title='bbox 2963 2562 2978 2582; x_wconf 83' lang='lat'><strong>,</strong></span> <span class='ocrx_word' id='word_1_488' title='bbox 3027 2525 3137 2577; x_wconf 75' lang='grc' dir='ltr'>εἴτε</span> <span class='ocrx_word' id='word_1_489' title='bbox 3174 2527 3284 2580; x_wconf 79' lang='grc' dir='ltr'>τῶν</span> <span class='ocrx_word' id='word_1_490' title='bbox 3303 2528 3424 2581; x_wconf 82' lang='grc' dir='ltr'>τότε</span> <span class='ocrx_word' id='word_1_491' title='bbox 3463 2530 3802 2600; x_wconf 83' lang='grc' dir='ltr'>γιγνομένων</span> 
     </span>
    </p>
   </div>
   <div class='ocr_carea' id='block_1_69' title="bbox 2218 2597 3743 2691">
    <p class='ocr_par' dir='ltr' id='par_1_69' title="bbox 2218 2597 3743 2691">
     <span class='ocr_line' id='line_1_69' title="bbox 2218 2597 3743 2691; baseline 0.014 -40"><span class='ocrx_word' id='word_1_492' title='bbox 2218 2597 2424 2666; x_wconf 69' lang='grc' dir='ltr'>ἕνεκεν,</span> <span class='ocrx_word' id='word_1_493' title='bbox 2456 2605 2565 2658; x_wconf 78' lang='grc' dir='ltr'>εἴτε</span> <span class='ocrx_word' id='word_1_494' title='bbox 2598 2608 2824 2663; x_wconf 76' lang='grc' dir='ltr'>καὶτῶν</span> <span class='ocrx_word' id='word_1_495' title='bbox 2856 2615 3207 2684; x_wconf 76' lang='grc' dir='ltr'>μηνυομένων</span> <span class='ocrx_word' id='word_1_496' title='bbox 3236 2617 3452 2671; x_wconf 79' lang='grc' dir='ltr'>ἔσεσθαι</span> <span class='ocrx_word' id='word_1_497' title='bbox 3486 2619 3743 2691; x_wconf 83' lang='grc' dir='ltr'>ὖστερον;</span> 
     </span>
    </p>
   </div>
   <div class='ocr_carea' id='block_1_70' title="bbox 2219 2691 3800 2783">
    <p class='ocr_par' dir='ltr' id='par_1_70' title="bbox 2219 2691 3800 2783">
     <span class='ocr_line' id='line_1_70' title="bbox 2219 2691 3800 2783; baseline 0.011 -35"><span class='ocrx_word' id='word_1_498' title='bbox 2219 2691 2335 2750; x_wconf 85' lang='lat' dir='ltr'><strong>sive</strong></span> <span class='ocrx_word' id='word_1_499' title='bbox 2365 2696 2436 2752; x_wconf 89' lang='lat' dir='ltr'><strong>ob</strong></span> <span class='ocrx_word' id='word_1_500' title='bbox 2469 2713 2532 2754; x_wconf 88' lang='lat' dir='ltr'><strong>ea</strong></span> <span class='ocrx_word' id='word_1_501' title='bbox 2571 2715 2692 2772; x_wconf 64' lang='lat' dir='ltr'><strong>quae</strong></span> <span class='ocrx_word' id='word_1_502' title='bbox 2723 2714 3037 2771; x_wconf 86' lang='lat' dir='ltr'><strong>evenerant,</strong></span> <span class='ocrx_word' id='word_1_503' title='bbox 3090 2708 3205 2763; x_wconf 83' lang='lat' dir='ltr'><strong>sive</strong></span> <span class='ocrx_word' id='word_1_504' title='bbox 3232 2710 3302 2764; x_wconf 90' lang='lat' dir='ltr'><strong>ob</strong></span> <span class='ocrx_word' id='word_1_505' title='bbox 3332 2727 3394 2766; x_wconf 89' lang='lat' dir='ltr'><strong>ea</strong></span> <span class='ocrx_word' id='word_1_506' title='bbox 3423 2727 3543 2782; x_wconf 70' lang='lat' dir='ltr'><strong>quae</strong></span> <span class='ocrx_word' id='word_1_507' title='bbox 3573 2721 3800 2783; x_wconf 87' lang='lat' dir='ltr'><strong>porten-</strong></span> 
     </span>
    </p>
   </div>
   <div class='ocr_carea' id='block_1_71' title="bbox 2299 2876 3800 2962">
    <p class='ocr_par' dir='ltr' id='par_1_71' title="bbox 2299 2876 3800 2962">
     <span class='ocr_line' id='line_1_71' title="bbox 2299 2876 3800 2962; baseline 0.01 -33"><span class='ocrx_word' id='word_1_508' title='bbox 2299 2876 2471 2949; x_wconf 82' lang='grc' dir='ltr'>Ὑπὲρ</span> <span class='ocrx_word' id='word_1_509' title='bbox 2503 2879 2615 2952; x_wconf 81' lang='grc' dir='ltr'><strong>γὰρ</strong></span> <span class='ocrx_word' id='word_1_510' title='bbox 2654 2882 2842 2936; x_wconf 88' lang='grc' dir='ltr'>τούτου</span> <span class='ocrx_word' id='word_1_511' title='bbox 2891 2886 2984 2938; x_wconf 75' lang='grc' dir='ltr'>καὶ</span> <span class='ocrx_word' id='word_1_512' title='bbox 3029 2886 3125 2958; x_wconf 76' lang='grc' dir='ltr'>τὴν</span> <span class='ocrx_word' id='word_1_513' title='bbox 3154 2887 3330 2958; x_wconf 77' lang='grc' dir='ltr'><strong>φυγὴν</strong></span> <span class='ocrx_word' id='word_1_514' title='bbox 3353 2889 3380 2942; x_wconf 86' lang='grc' dir='ltr'><strong>ό</strong></span> <span class='ocrx_word' id='word_1_515' title='bbox 3409 2889 3692 2962; x_wconf 79' lang='grc' dir='ltr'>προφήτης</span> <span class='ocrx_word' id='word_1_516' title='bbox 3719 2891 3800 2944; x_wconf 82' lang='grc' dir='ltr'><strong>εἴ-</strong></span> 
     </span>
    </p>
   </div>
   <div class='ocr_carea' id='block_1_72' title="bbox 2217 2968 3798 3050">
    <p class='ocr_par' dir='ltr' id='par_1_72' title="bbox 2217 2968 3798 3050">
     <span class='ocr_line' id='line_1_72' title="bbox 2217 2968 3798 3050; baseline 0.008 -28"><span class='ocrx_word' id='word_1_517' title='bbox 2217 2968 2359 3034; x_wconf 84' lang='grc' dir='ltr'>λετο,</span> <span class='ocrx_word' id='word_1_518' title='bbox 2389 2972 2633 3042; x_wconf 85' lang='grc' dir='ltr'>οἰόμενος</span> <span class='ocrx_word' id='word_1_519' title='bbox 2655 2971 3039 3044; x_wconf 78' lang='grc' dir='ltr'>διαφεύξεσθαί</span> <span class='ocrx_word' id='word_1_520' title='bbox 3066 2995 3122 3030; x_wconf 85' lang='grc' dir='ltr'><strong>τε</strong></span> <span class='ocrx_word' id='word_1_521' title='bbox 3143 2979 3241 3048; x_wconf 78' lang='grc' dir='ltr'>τὴν</span> <span class='ocrx_word' id='word_1_522' title='bbox 3263 2979 3399 3050; x_wconf 83' lang='grc' dir='ltr'>πρὸς</span> <span class='ocrx_word' id='word_1_523' title='bbox 3429 2981 3553 3044; x_wconf 74' lang='grc' dir='ltr'>τοὺς</span> <span class='ocrx_word' id='word_1_524' title='bbox 3583 2982 3798 3035; x_wconf 81' lang='grc' dir='ltr'>Νινευῖ-</span> 
     </span>
    </p>
   </div>
   <div class='ocr_carea' id='block_1_73' title="bbox 2217 3062 3794 3143">
    <p class='ocr_par' dir='ltr' id='par_1_73' title="bbox 2217 3062 3794 3143">
     <span class='ocr_line' id='line_1_73' title="bbox 2217 3062 3794 3143; baseline 0.009 -31"><span class='ocrx_word' id='word_1_525' title='bbox 2217 3076 2316 3124; x_wconf 88' lang='grc' dir='ltr'><strong>τας</strong></span> <span class='ocrx_word' id='word_1_526' title='bbox 2345 3062 2594 3132; x_wconf 81' lang='grc' dir='ltr'>μήνυσιν,</span> <span class='ocrx_word' id='word_1_527' title='bbox 2627 3063 2720 3117; x_wconf 74' lang='grc' dir='ltr'><strong>καὶ</strong></span> <span class='ocrx_word' id='word_1_528' title='bbox 2761 3065 3023 3120; x_wconf 84' lang='grc' dir='ltr'>κωλύσειν</span> <span class='ocrx_word' id='word_1_529' title='bbox 3065 3066 3132 3120; x_wconf 84' lang='grc' dir='ltr'>τὰ</span> <span class='ocrx_word' id='word_1_530' title='bbox 3164 3069 3410 3122; x_wconf 79' lang='grc' dir='ltr'>ἐντεῦθεν</span> <span class='ocrx_word' id='word_1_531' title='bbox 3435 3071 3684 3141; x_wconf 84' lang='grc' dir='ltr'>ἐσόμενα,</span> <span class='ocrx_word' id='word_1_532' title='bbox 3715 3074 3794 3143; x_wconf 87' lang='lat' dir='ltr'><strong>(p.</strong></span> 
     </span>
    </p>
   </div>
   <div class='ocr_carea' id='block_1_74' title="bbox 2217 3146 3797 3232">
    <p class='ocr_par' dir='ltr' id='par_1_74' title="bbox 2217 3146 3797 3232">
     <span class='ocr_line' id='line_1_74' title="bbox 2217 3146 3797 3232; baseline 0.008 -27"><span class='ocrx_word' id='word_1_533' title='bbox 2217 3150 2346 3224; x_wconf 65' lang='lat'><strong>239)</strong></span> <span class='ocrx_word' id='word_1_534' title='bbox 2379 3154 2473 3223; x_wconf 75' lang='grc' dir='ltr'><strong>ἀφ’</strong></span> <span class='ocrx_word' id='word_1_535' title='bbox 2504 3146 2578 3206; x_wconf 83' lang='grc' dir='ltr'><strong>ὧν</strong></span> <span class='ocrx_word' id='word_1_536' title='bbox 2696 3155 2883 3226; x_wconf 80' lang='grc' dir='ltr'>σαφῶς</span> <span class='ocrx_word' id='word_1_537' title='bbox 2923 3159 2955 3227; x_wconf 82' lang='grc' dir='ltr'>ἡ</span> <span class='ocrx_word' id='word_1_538' title='bbox 2986 3157 3092 3210; x_wconf 84' lang='grc' dir='ltr'>τῶν</span> <span class='ocrx_word' id='word_1_539' title='bbox 3139 3159 3410 3214; x_wconf 87' lang='grc' dir='ltr'>Ἰουδαίων</span> <span class='ocrx_word' id='word_1_540' title='bbox 3453 3163 3797 3218; x_wconf 76' lang='grc' dir='ltr'>ἐπεδείκνυτο</span> 
     </span>
    </p>
   </div>
   <div class='ocr_carea' id='block_1_75' title="bbox 2222 3246 3793 3327">
    <p class='ocr_par' dir='ltr' id='par_1_75' title="bbox 2222 3246 3793 3327">
     <span class='ocr_line' id='line_1_75' title="bbox 2222 3246 3793 3327; baseline 0.01 -29"><span class='ocrx_word' id='word_1_541' title='bbox 2222 3246 2389 3299; x_wconf 82' lang='grc' dir='ltr'>κακία</span> <span class='ocrx_word' id='word_1_542' title='bbox 2413 3263 2425 3276; x_wconf 92' lang='grc'><strong>·</strong></span> <span class='ocrx_word' id='word_1_543' title='bbox 2452 3247 2670 3318; x_wconf 75' lang='grc' dir='ltr'>ἐλεγχος</span> <span class='ocrx_word' id='word_1_544' title='bbox 2697 3249 2754 3302; x_wconf 83' lang='grc' dir='ltr'><strong>δὲ</strong></span> <span class='ocrx_word' id='word_1_545' title='bbox 2792 3251 2899 3305; x_wconf 80' lang='grc' dir='ltr'>τῶν</span> <span class='ocrx_word' id='word_1_546' title='bbox 2935 3253 3240 3325; x_wconf 80' lang='grc' dir='ltr'>εἰρημένων</span> <span class='ocrx_word' id='word_1_547' title='bbox 3275 3255 3345 3308; x_wconf 79' lang='grc' dir='ltr'><strong>τά</strong></span> <span class='ocrx_word' id='word_1_548' title='bbox 3391 3257 3528 3327; x_wconf 86' lang='grc' dir='ltr'><strong>μετά</strong></span> <span class='ocrx_word' id='word_1_549' title='bbox 3575 3259 3746 3313; x_wconf 74' lang='grc' dir='ltr'>ταῦτα</span> <span class='ocrx_word' id='word_1_550' title='bbox 3780 3277 3793 3287; x_wconf 85' lang='grc'>·</span> 
     </span>
    </p>
   </div>
   <div class='ocr_carea' id='block_1_76' title="bbox 2221 3335 3798 3418">
    <p class='ocr_par' dir='ltr' id='par_1_76' title="bbox 2221 3335 3798 3418">
     <span class='ocr_line' id='line_1_76' title="bbox 2221 3335 3798 3418; baseline 0.008 -29"><span class='ocrx_word' id='word_1_551' title='bbox 2221 3335 2496 3390; x_wconf 80' lang='grc' dir='ltr'>Νινευῗται</span> <span class='ocrx_word' id='word_1_552' title='bbox 2525 3339 2633 3410; x_wconf 84' lang='grc' dir='ltr'>γὰρ</span> <span class='ocrx_word' id='word_1_553' title='bbox 2666 3341 2714 3393; x_wconf 82' lang='lat' dir='ltr'><strong>oi</strong></span> <span class='ocrx_word' id='word_1_554' title='bbox 2748 3341 2884 3411; x_wconf 82' lang='grc' dir='ltr'>μετὰ</span> <span class='ocrx_word' id='word_1_555' title='bbox 2911 3343 3176 3411; x_wconf 83' lang='grc' dir='ltr'>τοσαύτης</span> <span class='ocrx_word' id='word_1_556' title='bbox 3213 3345 3558 3416; x_wconf 80' lang='grc' dir='ltr'>ἑτοιμότητος</span> <span class='ocrx_word' id='word_1_557' title='bbox 3583 3348 3680 3418; x_wconf 81' lang='grc' dir='ltr'>τὴν</span> <span class='ocrx_word' id='word_1_558' title='bbox 3703 3347 3798 3402; x_wconf 77' lang='grc' dir='ltr'>ἐπὶ</span> 
     </span>
    </p>
   </div>
   <div class='ocr_carea' id='block_1_77' title="bbox 2219 3429 3796 3510">
    <p class='ocr_par' dir='ltr' id='par_1_77' title="bbox 2219 3429 3796 3510">
     <span class='ocr_line' id='line_1_77' title="bbox 2219 3429 3796 3510; baseline 0.006 -28"><span class='ocrx_word' id='word_1_559' title='bbox 2219 3429 2280 3482; x_wconf 87' lang='grc' dir='ltr'><strong>τὸ</strong></span> <span class='ocrx_word' id='word_1_560' title='bbox 2308 3433 2556 3503; x_wconf 88' lang='grc' dir='ltr'>κρεῖττον</span> <span class='ocrx_word' id='word_1_561' title='bbox 2593 3429 2877 3502; x_wconf 82' lang='grc' dir='ltr'>δεξάμενοι</span> <span class='ocrx_word' id='word_1_562' title='bbox 2914 3434 3234 3506; x_wconf 82' lang='grc' dir='ltr'>μεταϐολὴν,</span> <span class='ocrx_word' id='word_1_563' title='bbox 3272 3438 3708 3510; x_wconf 82' lang='grc' dir='ltr'>ἐπεστράτευσάν</span> <span class='ocrx_word' id='word_1_564' title='bbox 3735 3457 3796 3492; x_wconf 88' lang='grc' dir='ltr'><strong>τε</strong></span> 
     </span>
    </p>
   </div>
   <div class='ocr_carea' id='block_1_78' title="bbox 2221 3521 3799 3596">
    <p class='ocr_par' dir='ltr' id='par_1_78' title="bbox 2221 3521 3799 3596">
     <span class='ocr_line' id='line_1_78' title="bbox 2221 3521 3799 3596; baseline 0.007 -22"><span class='ocrx_word' id='word_1_565' title='bbox 2221 3523 2340 3591; x_wconf 82' lang='grc' dir='ltr'>μετ’</span> <span class='ocrx_word' id='word_1_566' title='bbox 2365 3523 2427 3576; x_wconf 83' lang='grc' dir='ltr'><strong>οὐ</strong></span> <span class='ocrx_word' id='word_1_567' title='bbox 2461 3521 2594 3576; x_wconf 73' lang='grc' dir='ltr'>πολὺ</span> <span class='ocrx_word' id='word_1_568' title='bbox 2627 3527 2741 3587; x_wconf 84' lang='grc' dir='ltr'>τοῖς</span> <span class='ocrx_word' id='word_1_569' title='bbox 2785 3525 3278 3596; x_wconf 74' lang='grc' dir='ltr'>Ίσραηλίταις,καὶ</span> <span class='ocrx_word' id='word_1_570' title='bbox 3311 3530 3436 3592; x_wconf 78' lang='grc' dir='ltr'>τοὺς</span> <span class='ocrx_word' id='word_1_571' title='bbox 3460 3529 3678 3595; x_wconf 75' lang='grc' dir='ltr'>λοιποὺς</span> <span class='ocrx_word' id='word_1_572' title='bbox 3714 3534 3799 3584; x_wconf 61' lang='grc' dir='ltr'><strong>αἱ»</strong></span> 
     </span>
    </p>
   </div>
   <div class='ocr_carea' id='block_1_79' title="bbox 2219 3612 3793 3695">
    <p class='ocr_par' dir='ltr' id='par_1_79' title="bbox 2219 3612 3793 3695">
     <span class='ocr_line' id='line_1_79' title="bbox 2219 3612 3793 3695; baseline 0.008 -31"><span class='ocrx_word' id='word_1_573' title='bbox 2219 3612 2537 3682; x_wconf 78' lang='grc' dir='ltr'>χμαλὼτους</span> <span class='ocrx_word' id='word_1_574' title='bbox 2584 3615 2858 3680; x_wconf 89' lang='grc' dir='ltr'>λαϐόντες,</span> <span class='ocrx_word' id='word_1_575' title='bbox 2901 3618 3161 3690; x_wconf 84' lang='grc' dir='ltr'>πλείστην</span> <span class='ocrx_word' id='word_1_576' title='bbox 3189 3619 3345 3690; x_wconf 82' lang='grc' dir='ltr'>ἔσχον</span> <span class='ocrx_word' id='word_1_577' title='bbox 3393 3622 3488 3675; x_wconf 75' lang='grc' dir='ltr'><strong>καὶ</strong></span> <span class='ocrx_word' id='word_1_578' title='bbox 3521 3622 3588 3675; x_wconf 87' lang='grc' dir='ltr'><strong>τά</strong></span> <span class='ocrx_word' id='word_1_579' title='bbox 3629 3624 3793 3695; x_wconf 80' lang='grc' dir='ltr'>Ἱερο-</span> 
     </span>
    </p>
   </div>
   <div class='ocr_carea' id='block_1_80' title="bbox 2220 3703 3799 3782">
    <p class='ocr_par' dir='ltr' id='par_1_80' title="bbox 2220 3703 3799 3782">
     <span class='ocr_line' id='line_1_80' title="bbox 2220 3703 3799 3782; baseline 0.006 -26"><span class='ocrx_word' id='word_1_580' title='bbox 2220 3703 2428 3776; x_wconf 90' lang='grc' dir='ltr'>σόλυμα</span> <span class='ocrx_word' id='word_1_581' title='bbox 2469 3706 2740 3778; x_wconf 83' lang='grc' dir='ltr'>πορθῆσαι</span> <span class='ocrx_word' id='word_1_582' title='bbox 2793 3708 3057 3780; x_wconf 88' lang='grc' dir='ltr'>σπουδήν·</span> <span class='ocrx_word' id='word_1_583' title='bbox 3093 3709 3234 3782; x_wconf 83' lang='grc' dir='ltr'>ὑπὲρ</span> <span class='ocrx_word' id='word_1_584' title='bbox 3267 3706 3340 3762; x_wconf 85' lang='grc' dir='ltr'><strong>ὦν</strong></span> <span class='ocrx_word' id='word_1_585' title='bbox 3391 3710 3454 3782; x_wconf 80' lang='grc' dir='ltr'>δὴ</span> <span class='ocrx_word' id='word_1_586' title='bbox 3491 3712 3584 3764; x_wconf 77' lang='grc' dir='ltr'><strong>καὶ</strong></span> <span class='ocrx_word' id='word_1_587' title='bbox 3624 3729 3799 3782; x_wconf 81' lang='grc' dir='ltr'>τιμω-</span> 
     </span>
    </p>
   </div>
   <div class='ocr_carea' id='block_1_81' title="bbox 2220 3796 3798 3874">
    <p class='ocr_par' dir='ltr' id='par_1_81' title="bbox 2220 3796 3798 3874">
     <span class='ocr_line' id='line_1_81' title="bbox 2220 3796 3798 3874; baseline 0.006 -25"><span class='ocrx_word' id='word_1_588' title='bbox 2220 3797 2341 3866; x_wconf 92' lang='grc' dir='ltr'>ρίαν</span> <span class='ocrx_word' id='word_1_589' title='bbox 2391 3796 2638 3863; x_wconf 82' lang='grc' dir='ltr'>ἐδέξαντο</span> <span class='ocrx_word' id='word_1_590' title='bbox 2670 3800 2820 3871; x_wconf 74' lang='grc' dir='ltr'>παρὰ</span> <span class='ocrx_word' id='word_1_591' title='bbox 2842 3799 2936 3854; x_wconf 83' lang='grc' dir='ltr'>τοῦ</span> <span class='ocrx_word' id='word_1_592' title='bbox 2993 3801 3128 3856; x_wconf 87' lang='grc' dir='ltr'><strong>Θεοῦ</strong></span> <span class='ocrx_word' id='word_1_593' title='bbox 3159 3802 3454 3874; x_wconf 87' lang='grc' dir='ltr'>μεγίστην,</span> <span class='ocrx_word' id='word_1_594' title='bbox 3489 3804 3556 3874; x_wconf 78' lang='grc' dir='ltr'><strong>ἢν</strong></span> <span class='ocrx_word' id='word_1_595' title='bbox 3600 3803 3798 3874; x_wconf 73' lang='grc' dir='ltr'>Ναοὺμ</span> 
     </span>
    </p>
   </div>
   <div class='ocr_carea' id='block_1_82' title="bbox 2215 3890 3794 3962">
    <p class='ocr_par' dir='ltr' id='par_1_82' title="bbox 2215 3890 3794 3962">
     <span class='ocr_line' id='line_1_82' title="bbox 2215 3890 3794 3962; baseline -0.005 -10"><span class='ocrx_word' id='word_1_596' title='bbox 2215 3890 2246 3942; x_wconf 75' lang='grc' dir='ltr'>ὁ</span> <span class='ocrx_word' id='word_1_597' title='bbox 2293 3890 2580 3962; x_wconf 81' lang='grc' dir='ltr'>προφήτης</span> <span class='ocrx_word' id='word_1_598' title='bbox 2626 3891 2957 3961; x_wconf 82' lang='grc' dir='ltr'>μεμηνυκὼς</span> <span class='ocrx_word' id='word_1_599' title='bbox 3000 3891 3388 3945; x_wconf 83' lang='grc' dir='ltr'>καταλέλοιπεν</span> <span class='ocrx_word' id='word_1_600' title='bbox 3428 3895 3486 3947; x_wconf 91' lang='grc' dir='ltr'><strong>ἐν</strong></span> <span class='ocrx_word' id='word_1_601' title='bbox 3525 3892 3749 3962; x_wconf 86' lang='grc' dir='ltr'>βιϐλίοις</span> <span class='ocrx_word' id='word_1_602' title='bbox 3778 3909 3794 3924; x_wconf 76' lang='grc' dir='ltr'><strong>ο</strong></span> 
     </span>
    </p>
   </div>
   <div class='ocr_carea' id='block_1_83' title="bbox 2214 3978 3797 4057">
    <p class='ocr_par' dir='ltr' id='par_1_83' title="bbox 2214 3978 3797 4057">
     <span class='ocr_line' id='line_1_83' title="bbox 2214 3978 3797 4057; baseline 0.006 -25"><span class='ocrx_word' id='word_1_603' title='bbox 2214 3978 2356 4036; x_wconf 84' lang='grc' dir='ltr'>ὥστε</span> <span class='ocrx_word' id='word_1_604' title='bbox 2404 3981 2503 4052; x_wconf 83' lang='grc' dir='ltr'>τὴν</span> <span class='ocrx_word' id='word_1_605' title='bbox 2549 3981 2648 4052; x_wconf 83' lang='grc' dir='ltr'><strong>μὲν</strong></span> <span class='ocrx_word' id='word_1_606' title='bbox 2693 3981 2790 4035; x_wconf 80' lang='grc' dir='ltr'>τοῦ</span> <span class='ocrx_word' id='word_1_607' title='bbox 2837 3984 2993 4038; x_wconf 83' lang='grc' dir='ltr'>Ἰωνᾶ</span> <span class='ocrx_word' id='word_1_608' title='bbox 3034 3985 3370 4057; x_wconf 82' lang='grc' dir='ltr'>προφητείαν</span> <span class='ocrx_word' id='word_1_609' title='bbox 3395 4025 3409 4048; x_wconf 86' lang='grc'><strong>,</strong></span> <span class='ocrx_word' id='word_1_610' title='bbox 3440 3987 3535 4040; x_wconf 70' lang='grc' dir='ltr'><strong>καὶ</strong></span> <span class='ocrx_word' id='word_1_611' title='bbox 3573 3985 3642 4039; x_wconf 79' lang='grc' dir='ltr'>τὰ</span> <span class='ocrx_word' id='word_1_612' title='bbox 3674 3986 3797 4041; x_wconf 68' lang='grc' dir='ltr'>τότε</span> 
     </span>
    </p>
   </div>
   <div class='ocr_carea' id='block_1_84' title="bbox 2215 4073 3798 4150">
    <p class='ocr_par' dir='ltr' id='par_1_84' title="bbox 2215 4073 3798 4150">
     <span class='ocr_line' id='line_1_84' title="bbox 2215 4073 3798 4150; baseline 0.005 -25"><span class='ocrx_word' id='word_1_613' title='bbox 2215 4073 2346 4143; x_wconf 79' lang='grc' dir='ltr'>περὶ</span> <span class='ocrx_word' id='word_1_614' title='bbox 2398 4076 2526 4138; x_wconf 78' lang='grc' dir='ltr'>τοὺς</span> <span class='ocrx_word' id='word_1_615' title='bbox 2570 4075 2864 4142; x_wconf 81' lang='grc' dir='ltr'>Νινευῒτας</span> <span class='ocrx_word' id='word_1_616' title='bbox 2914 4078 3194 4146; x_wconf 86' lang='grc' dir='ltr'>γεγονότα,</span> <span class='ocrx_word' id='word_1_617' title='bbox 3243 4079 3470 4149; x_wconf 89' lang='grc' dir='ltr'>μήνυσιν</span> <span class='ocrx_word' id='word_1_618' title='bbox 3507 4081 3606 4150; x_wconf 79' lang='grc' dir='ltr'>τῆς</span> <span class='ocrx_word' id='word_1_619' title='bbox 3647 4077 3798 4142; x_wconf 72' lang='grc' dir='ltr'>θείας</span> 
     </span>
    </p>
   </div>
   <div class='ocr_carea' id='block_1_85' title="bbox 2213 4161 3798 4242">
    <p class='ocr_par' dir='ltr' id='par_1_85' title="bbox 2213 4161 3798 4242">
     <span class='ocr_line' id='line_1_85' title="bbox 2213 4161 3798 4242; baseline 0.003 -23"><span class='ocrx_word' id='word_1_620' title='bbox 2213 4165 2433 4236; x_wconf 82' lang='grc' dir='ltr'>χάριτος</span> <span class='ocrx_word' id='word_1_621' title='bbox 2467 4161 2622 4230; x_wconf 80' lang='grc' dir='ltr'>εἶναι,</span> <span class='ocrx_word' id='word_1_622' title='bbox 2651 4167 2773 4221; x_wconf 78' lang='grc' dir='ltr'>καθ’</span> <span class='ocrx_word' id='word_1_623' title='bbox 2795 4169 2862 4240; x_wconf 78' lang='grc' dir='ltr'><strong>ἢν</strong></span> <span class='ocrx_word' id='word_1_624' title='bbox 2891 4168 3032 4222; x_wconf 76' lang='grc' dir='ltr'>οὕτω</span> <span class='ocrx_word' id='word_1_625' title='bbox 3059 4170 3246 4240; x_wconf 77' lang='grc' dir='ltr'>ῥᾳδίαν</span> <span class='ocrx_word' id='word_1_626' title='bbox 3270 4170 3369 4242; x_wconf 85' lang='grc' dir='ltr'>τὴν</span> <span class='ocrx_word' id='word_1_627' title='bbox 3392 4170 3484 4223; x_wconf 79' lang='grc' dir='ltr'><strong>ἐπὶ</strong></span> <span class='ocrx_word' id='word_1_628' title='bbox 3515 4169 3575 4223; x_wconf 76' lang='grc' dir='ltr'><strong>τὸ</strong></span> <span class='ocrx_word' id='word_1_629' title='bbox 3614 4172 3798 4241; x_wconf 82' lang='grc' dir='ltr'>κρεῖτ-</span> 
     </span>
    </p>
   </div>
   <div class='ocr_carea' id='block_1_86' title="bbox 2211 4259 3794 4333">
    <p class='ocr_par' dir='ltr' id='par_1_86' title="bbox 2211 4259 3794 4333">
     <span class='ocr_line' id='line_1_86' title="bbox 2211 4259 3794 4333; baseline 0.003 -23"><span class='ocrx_word' id='word_1_630' title='bbox 2211 4273 2303 4311; x_wconf 90' lang='grc' dir='ltr'><strong>τον</strong></span> <span class='ocrx_word' id='word_1_631' title='bbox 2344 4259 2645 4330; x_wconf 78' lang='grc' dir='ltr'>μεταϐολὴν</span> <span class='ocrx_word' id='word_1_632' title='bbox 2689 4260 2934 4325; x_wconf 83' lang='grc' dir='ltr'>ἐδέξαντο</span> <span class='ocrx_word' id='word_1_633' title='bbox 2981 4262 3179 4325; x_wconf 81' lang='grc' dir='ltr'>πάντες</span> <span class='ocrx_word' id='word_1_634' title='bbox 3203 4280 3215 4292; x_wconf 91' lang='grc'><strong>·</strong></span> <span class='ocrx_word' id='word_1_635' title='bbox 3258 4263 3358 4333; x_wconf 79' lang='grc' dir='ltr'>τὴν</span> <span class='ocrx_word' id='word_1_636' title='bbox 3384 4263 3441 4315; x_wconf 83' lang='grc' dir='ltr'><strong>δὲ</strong></span> <span class='ocrx_word' id='word_1_637' title='bbox 3475 4262 3568 4316; x_wconf 81' lang='grc' dir='ltr'>τοῦ</span> <span class='ocrx_word' id='word_1_638' title='bbox 3599 4263 3794 4332; x_wconf 75' lang='grc' dir='ltr'>Ναοὺμ</span> 
     </span>
    </p>
   </div>
   <div class='ocr_carea' id='block_1_87' title="bbox 2211 4349 3793 4426">
    <p class='ocr_par' dir='ltr' id='par_1_87' title="bbox 2211 4349 3793 4426">
     <span class='ocr_line' id='line_1_87' title="bbox 2211 4349 3793 4426; baseline 0.003 -23"><span class='ocrx_word' id='word_1_639' title='bbox 2211 4350 2440 4415; x_wconf 82' lang='grc' dir='ltr'>δήλωσιν</span> <span class='ocrx_word' id='word_1_640' title='bbox 2496 4352 2642 4423; x_wconf 78' lang='grc' dir='ltr'>ἔχειν</span> <span class='ocrx_word' id='word_1_641' title='bbox 2695 4354 2794 4424; x_wconf 80' lang='grc' dir='ltr'><strong>τῆς</strong></span> <span class='ocrx_word' id='word_1_642' title='bbox 2831 4355 3010 4406; x_wconf 81' lang='grc' dir='ltr'>αὐτῶν</span> <span class='ocrx_word' id='word_1_643' title='bbox 3044 4355 3267 4408; x_wconf 75' lang='grc' dir='ltr'>ἐκείνων</span> <span class='ocrx_word' id='word_1_644' title='bbox 3320 4355 3657 4426; x_wconf 87' lang='grc' dir='ltr'>μοχθηρίας,</span> <span class='ocrx_word' id='word_1_645' title='bbox 3697 4349 3793 4424; x_wconf 81' lang='grc' dir='ltr'><strong>ἀφ’</strong></span> 
     </span>
    </p>
   </div>
   <div class='ocr_carea' id='block_1_88' title="bbox 2209 4439 3796 4521">
    <p class='ocr_par' dir='ltr' id='par_1_88' title="bbox 2209 4439 3796 4521">
     <span class='ocr_line' id='line_1_88' title="bbox 2209 4439 3796 4521; baseline 0.003 -23"><span class='ocrx_word' id='word_1_646' title='bbox 2209 4439 2279 4518; x_wconf 81' lang='grc' dir='ltr'>ἦς</span> <span class='ocrx_word' id='word_1_647' title='bbox 2299 4446 2746 4518; x_wconf 81' lang='grc' dir='ltr'>ἐπικεχειρήκασί</span> <span class='ocrx_word' id='word_1_648' title='bbox 2768 4466 2826 4500; x_wconf 82' lang='grc' dir='ltr'><strong>τε</strong></span> <span class='ocrx_word' id='word_1_649' title='bbox 2854 4449 3130 4512; x_wconf 84' lang='grc' dir='ltr'>τοσούτοις</span> <span class='ocrx_word' id='word_1_650' title='bbox 3159 4451 3370 4513; x_wconf 88' lang='grc' dir='ltr'>κακοῖς,</span> <span class='ocrx_word' id='word_1_651' title='bbox 3404 4450 3498 4502; x_wconf 79' lang='grc' dir='ltr'><strong>καὶ</strong></span> <span class='ocrx_word' id='word_1_652' title='bbox 3520 4449 3796 4521; x_wconf 88' lang='grc' dir='ltr'>τιμωρίαν</span> 
     </span>
    </p>
   </div>
   <div class='ocr_carea' id='block_1_89' title="bbox 532 4527 2117 4612">
    <p class='ocr_par' dir='ltr' id='par_1_89' title="bbox 532 4531 2108 4608">
     <span class='ocr_line' id='line_1_89' title="bbox 532 4531 2108 4608; baseline -0.004 -16"><span class='ocrx_word' id='word_1_653' title='bbox 532 4536 826 4592; x_wconf 85' lang='lat' dir='ltr'><strong>nivitarum</strong></span> <span class='ocrx_word' id='word_1_654' title='bbox 860 4537 1288 4608; x_wconf 88' lang='lat' dir='ltr'><strong>improbitatem,</strong></span> <span class='ocrx_word' id='word_1_655' title='bbox 1316 4537 1475 4606; x_wconf 84' lang='lat' dir='ltr'><strong>cujus</strong></span> <span class='ocrx_word' id='word_1_656' title='bbox 1503 4534 1762 4590; x_wconf 89' lang='lat' dir='ltr'><strong>instinctu</strong></span> <span class='ocrx_word' id='word_1_657' title='bbox 1789 4542 1936 4587; x_wconf 88' lang='lat' dir='ltr'><strong>tanta</strong></span> <span class='ocrx_word' id='word_1_658' title='bbox 1966 4531 2108 4586; x_wconf 87' lang='lat' dir='ltr'><strong>mala</strong></span> 
     </span>
    </p>
   </div>
   <div class='ocr_carea' id='block_1_90' title="bbox 2216 4527 3796 4612">
    <p class='ocr_par' dir='ltr' id='par_1_90' title="bbox 2216 4539 3796 4612">
     <span class='ocr_line' id='line_1_90' title="bbox 2216 4539 3796 4612; baseline 0.003 -23"><span class='ocrx_word' id='word_1_659' title='bbox 2216 4539 2354 4610; x_wconf 83' lang='grc' dir='ltr'>ὑπὲρ</span> <span class='ocrx_word' id='word_1_660' title='bbox 2395 4541 2646 4594; x_wconf 79' lang='grc' dir='ltr'>ἁπάντων</span> <span class='ocrx_word' id='word_1_661' title='bbox 2697 4541 2942 4606; x_wconf 80' lang='grc' dir='ltr'>ἐδέξαντο</span> <span class='ocrx_word' id='word_1_662' title='bbox 2975 4542 3071 4612; x_wconf 80' lang='grc' dir='ltr'><strong>τὴν</strong></span> <span class='ocrx_word' id='word_1_663' title='bbox 3123 4541 3278 4606; x_wconf 79' lang='grc' dir='ltr'>ἀξίαν</span> <span class='ocrx_word' id='word_1_664' title='bbox 3312 4558 3325 4574; x_wconf 89' lang='grc'><strong>·</strong></span> <span class='ocrx_word' id='word_1_665' title='bbox 3359 4542 3456 4595; x_wconf 69' lang='grc' dir='ltr'><strong>καὶ</strong></span> <span class='ocrx_word' id='word_1_666' title='bbox 3489 4541 3662 4595; x_wconf 74' lang='grc' dir='ltr'>ταῦτα</span> <span class='ocrx_word' id='word_1_667' title='bbox 3695 4542 3796 4612; x_wconf 82' lang='grc' dir='ltr'><strong>μὲν</strong></span> 
     </span>
    </p>
   </div>
   <div class='ocr_carea' id='block_1_91' title="bbox 532 4625 2108 4701">
    <p class='ocr_par' dir='ltr' id='par_1_91' title="bbox 532 4625 2108 4701">
     <span class='ocr_line' id='line_1_91' title="bbox 532 4625 2108 4701; baseline -0.004 -18"><span class='ocrx_word' id='word_1_668' title='bbox 532 4630 969 4701; x_wconf 87' lang='lat' dir='ltr'><strong>capessiverunt,</strong></span> <span class='ocrx_word' id='word_1_669' title='bbox 999 4632 1288 4700; x_wconf 85' lang='lat' dir='ltr'><strong>justasque</strong></span> <span class='ocrx_word' id='word_1_670' title='bbox 1310 4628 1528 4684; x_wconf 90' lang='lat' dir='ltr'><strong>demum</strong></span> <span class='ocrx_word' id='word_1_671' title='bbox 1558 4627 1826 4684; x_wconf 88' lang='lat' dir='ltr'><strong>scelerum</strong></span> <span class='ocrx_word' id='word_1_672' title='bbox 1864 4625 2108 4680; x_wconf 91' lang='lat' dir='ltr'><strong>omnium</strong></span> 
     </span>
    </p>
   </div>
   <div class='ocr_carea' id='block_1_92' title="bbox 532 4715 2112 4791">
    <p class='ocr_par' dir='ltr' id='par_1_92' title="bbox 532 4715 2112 4791">
     <span class='ocr_line' id='line_1_92' title="bbox 532 4715 2112 4791; baseline -0.003 -15"><span class='ocrx_word' id='word_1_673' title='bbox 532 4735 723 4791; x_wconf 75' lang='lat' dir='ltr'><strong>pmuas</strong></span> <span class='ocrx_word' id='word_1_674' title='bbox 758 4723 1159 4777; x_wconf 88' lang='lat' dir='ltr'><strong>sustinuerunt.</strong></span> <span class='ocrx_word' id='word_1_675' title='bbox 1201 4719 1382 4790; x_wconf 88' lang='lat' dir='ltr'><strong>Atque</strong></span> <span class='ocrx_word' id='word_1_676' title='bbox 1414 4721 1551 4784; x_wconf 65' lang='lat' dir='ltr'><strong>haec,</strong></span> <span class='ocrx_word' id='word_1_677' title='bbox 1591 4735 1714 4790; x_wconf 72' lang='lat' dir='ltr'><strong>qua:</strong></span> <span class='ocrx_word' id='word_1_678' title='bbox 1760 4717 1924 4773; x_wconf 88' lang='lat' dir='ltr'><strong>beato</strong></span> <span class='ocrx_word' id='word_1_679' title='bbox 1959 4715 2112 4772; x_wconf 74' lang='lat' dir='ltr'><strong>Jonze</strong></span> 
     </span>
    </p>
   </div>
   <div class='ocr_carea' id='block_1_93' title="bbox 532 4809 2107 4875">
    <p class='ocr_par' dir='ltr' id='par_1_93' title="bbox 532 4809 2107 4875">
     <span class='ocr_line' id='line_1_93' title="bbox 532 4809 2107 4875; baseline -0.004 -7"><span class='ocrx_word' id='word_1_680' title='bbox 532 4813 663 4868; x_wconf 88' lang='lat' dir='ltr'><strong>olim</strong></span> <span class='ocrx_word' id='word_1_681' title='bbox 691 4812 1029 4875; x_wconf 84' lang='lat' dir='ltr'><strong>acciderunt,</strong></span> <span class='ocrx_word' id='word_1_682' title='bbox 1065 4813 1149 4867; x_wconf 86' lang='lat' dir='ltr'><strong>vel</strong></span> <span class='ocrx_word' id='word_1_683' title='bbox 1188 4811 1257 4867; x_wconf 93' lang='lat' dir='ltr'><strong>de</strong></span> <span class='ocrx_word' id='word_1_684' title='bbox 1278 4811 1468 4867; x_wconf 89' lang='lat' dir='ltr'><strong>eodem</strong></span> <span class='ocrx_word' id='word_1_685' title='bbox 1515 4811 1662 4866; x_wconf 87' lang='lat' dir='ltr'><strong>dicta</strong></span> <span class='ocrx_word' id='word_1_686' title='bbox 1704 4818 1853 4871; x_wconf 91' lang='lat' dir='ltr'><strong>sunt.</strong></span> <span class='ocrx_word' id='word_1_687' title='bbox 1894 4823 1984 4873; x_wconf 89' lang='lat' dir='ltr'><strong>ea,</strong></span> <span class='ocrx_word' id='word_1_688' title='bbox 2020 4809 2107 4863; x_wconf 87' lang='lat' dir='ltr'><strong>in-</strong></span> 
     </span>
    </p>
   </div>
   <div class='ocr_carea' id='block_1_94' title="bbox 532 4898 2109 4971">
    <p class='ocr_par' dir='ltr' id='par_1_94' title="bbox 532 4898 2109 4971">
     <span class='ocr_line' id='line_1_94' title="bbox 532 4898 2109 4971; baseline -0.001 -19"><span class='ocrx_word' id='word_1_689' title='bbox 532 4913 716 4968; x_wconf 87' lang='lat' dir='ltr'><strong>quam,</strong></span> <span class='ocrx_word' id='word_1_690' title='bbox 749 4900 928 4954; x_wconf 85' lang='lat' dir='ltr'><strong>omnia</strong></span> <span class='ocrx_word' id='word_1_691' title='bbox 947 4901 1001 4954; x_wconf 86' lang='lat' dir='ltr'><strong>in</strong></span> <span class='ocrx_word' id='word_1_692' title='bbox 1023 4898 1172 4954; x_wconf 85' lang='lat' dir='ltr'><strong>Novo</strong></span> <span class='ocrx_word' id='word_1_693' title='bbox 1193 4909 1380 4971; x_wconf 86' lang='lat' dir='ltr'><strong>postea</strong></span> <span class='ocrx_word' id='word_1_694' title='bbox 1412 4902 1765 4956; x_wconf 89' lang='lat' dir='ltr'><strong>Testamento</strong></span> <span class='ocrx_word' id='word_1_695' title='bbox 1782 4899 2109 4963; x_wconf 87' lang='lat' dir='ltr'><strong>instaurata,</strong></span> 
     </span>
    </p>
   </div>
   <div class='ocr_carea' id='block_1_95' title="bbox 533 4989 2113 5062">
    <p class='ocr_par' dir='ltr' id='par_1_95' title="bbox 533 4989 2113 5062">
     <span class='ocr_line' id='line_1_95' title="bbox 533 4989 2113 5062; baseline -0.001 -17"><span class='ocrx_word' id='word_1_696' title='bbox 533 4990 696 5046; x_wconf 90' lang='lat' dir='ltr'><strong>sicuti</strong></span> <span class='ocrx_word' id='word_1_697' title='bbox 726 4990 840 5058; x_wconf 83' lang='lat' dir='ltr'><strong>jam</strong></span> <span class='ocrx_word' id='word_1_698' title='bbox 901 4989 1037 5055; x_wconf 82' lang='lat' dir='ltr'><strong>dixi,</strong></span> <span class='ocrx_word' id='word_1_699' title='bbox 1088 4990 1212 5060; x_wconf 86' lang='lat' dir='ltr'><strong>jure</strong></span> <span class='ocrx_word' id='word_1_700' title='bbox 1247 4991 1554 5062; x_wconf 85' lang='lat' dir='ltr'><strong>meritoque</strong></span> <span class='ocrx_word' id='word_1_701' title='bbox 1604 4992 1794 5048; x_wconf 87' lang='lat' dir='ltr'><strong>videre</strong></span> <span class='ocrx_word' id='word_1_702' title='bbox 1842 4998 1949 5048; x_wconf 84' lang='lat' dir='ltr'><strong>est.</strong></span> <span class='ocrx_word' id='word_1_703' title='bbox 2000 4992 2113 5062; x_wconf 87' lang='lat' dir='ltr'><strong>Age</strong></span> 
     </span>
    </p>
   </div>
   <div class='ocr_carea' id='block_1_96' title="bbox 533 5082 2114 5155">
    <p class='ocr_par' dir='ltr' id='par_1_96' title="bbox 533 5082 2114 5155">
     <span class='ocr_line' id='line_1_96' title="bbox 533 5082 2114 5155; baseline -0.001 -19"><span class='ocrx_word' id='word_1_704' title='bbox 533 5098 664 5137; x_wconf 84' lang='lat' dir='ltr'><strong>vero</strong></span> <span class='ocrx_word' id='word_1_705' title='bbox 699 5099 789 5138; x_wconf 91' lang='lat' dir='ltr'><strong>res</strong></span> <span class='ocrx_word' id='word_1_706' title='bbox 825 5082 972 5150; x_wconf 88' lang='lat' dir='ltr'><strong>illas,</strong></span> <span class='ocrx_word' id='word_1_707' title='bbox 1012 5099 1133 5152; x_wconf 68' lang='lat' dir='ltr'><strong>quae</strong></span> <span class='ocrx_word' id='word_1_708' title='bbox 1162 5091 1293 5138; x_wconf 86' lang='lat' dir='ltr'><strong>tunc</strong></span> <span class='ocrx_word' id='word_1_709' title='bbox 1323 5092 1489 5154; x_wconf 72' lang='lat' dir='ltr'><strong>gesta:</strong></span> <span class='ocrx_word' id='word_1_710' title='bbox 1511 5084 1802 5155; x_wconf 88' lang='lat' dir='ltr'><strong>libelloque</strong></span> <span class='ocrx_word' id='word_1_711' title='bbox 1833 5098 2114 5139; x_wconf 90' lang='lat' dir='ltr'><strong>commen-</strong></span> 
     </span>
    </p>
   </div>
   <div class='ocr_carea' id='block_1_97' title="bbox 531 5174 2112 5247">
    <p class='ocr_par' dir='ltr' id='par_1_97' title="bbox 531 5174 2112 5247">
     <span class='ocr_line' id='line_1_97' title="bbox 531 5174 2112 5247; baseline 0 -19"><span class='ocrx_word' id='word_1_712' title='bbox 531 5174 672 5230; x_wconf 65' lang='lat' dir='ltr'><strong>data:</strong></span> <span class='ocrx_word' id='word_1_713' title='bbox 701 5174 946 5242; x_wconf 84' lang='lat' dir='ltr'><strong>fuerunt,</strong></span> <span class='ocrx_word' id='word_1_714' title='bbox 983 5184 1036 5231; x_wconf 89' lang='lat' dir='ltr'><strong>et</strong></span> <span class='ocrx_word' id='word_1_715' title='bbox 1065 5192 1185 5246; x_wconf 66' lang='lat' dir='ltr'><strong>quae</strong></span> <span class='ocrx_word' id='word_1_716' title='bbox 1222 5177 1271 5230; x_wconf 89' lang='lat' dir='ltr'><strong>ei</strong></span> <span class='ocrx_word' id='word_1_717' title='bbox 1310 5176 1541 5246; x_wconf 91' lang='lat' dir='ltr'><strong>tempori</strong></span> <span class='ocrx_word' id='word_1_718' title='bbox 1571 5176 1868 5247; x_wconf 89' lang='lat' dir='ltr'><strong>plurimum</strong></span> <span class='ocrx_word' id='word_1_719' title='bbox 1903 5175 2112 5230; x_wconf 84' lang='lat' dir='ltr'><strong>emolu-</strong></span> 
     </span>
    </p>
   </div>
   <div class='ocr_carea' id='block_1_98' title="bbox 532 5264 2111 5340">
    <p class='ocr_par' dir='ltr' id='par_1_98' title="bbox 532 5264 2111 5340">
     <span class='ocr_line' id='line_1_98' title="bbox 532 5264 2111 5340; baseline 0 -22"><span class='ocrx_word' id='word_1_720' title='bbox 532 5274 772 5322; x_wconf 89' lang='lat' dir='ltr'><strong>mentum</strong></span> <span class='ocrx_word' id='word_1_721' title='bbox 809 5275 974 5340; x_wconf 90' lang='lat' dir='ltr'><strong>atque</strong></span> <span class='ocrx_word' id='word_1_722' title='bbox 1007 5283 1166 5322; x_wconf 91' lang='lat' dir='ltr'><strong>usum</strong></span> <span class='ocrx_word' id='word_1_723' title='bbox 1203 5267 1595 5335; x_wconf 80' lang='lat' dir='ltr'><strong>exhibuerunt,</strong></span> <span class='ocrx_word' id='word_1_724' title='bbox 1645 5283 1709 5323; x_wconf 83' lang='lat' dir='ltr'><strong>ex</strong></span> <span class='ocrx_word' id='word_1_725' title='bbox 1745 5267 1949 5323; x_wconf 90' lang='lat' dir='ltr'><strong>eisdem</strong></span> <span class='ocrx_word' id='word_1_726' title='bbox 1995 5264 2111 5321; x_wconf 92' lang='lat' dir='ltr'><strong>sin-</strong></span> 
     </span>
    </p>
   </div>
   <div class='ocr_carea' id='block_1_99' title="bbox 530 5355 2113 5429">
    <p class='ocr_par' dir='ltr' id='par_1_99' title="bbox 530 5355 2113 5429">
     <span class='ocr_line' id='line_1_99' title="bbox 530 5355 2113 5429; baseline -0.001 -18"><span class='ocrx_word' id='word_1_727' title='bbox 530 5358 766 5411; x_wconf 68' lang='lat' dir='ltr'><strong>2illatim</strong></span> <span class='ocrx_word' id='word_1_728' title='bbox 819 5374 1236 5429; x_wconf 86' lang='lat' dir='ltr'><strong>cognoscemus,</strong></span> <span class='ocrx_word' id='word_1_729' title='bbox 1287 5374 1520 5429; x_wconf 84' lang='lat' dir='ltr'><strong>quarum</strong></span> <span class='ocrx_word' id='word_1_730' title='bbox 1552 5359 1666 5429; x_wconf 85' lang='lat' dir='ltr'><strong>jam</strong></span> <span class='ocrx_word' id='word_1_731' title='bbox 1707 5355 2113 5426; x_wconf 57' lang='lat' dir='ltr'><strong>interpretatio.</strong></span> 
     </span>
    </p>
   </div>
   <div class='ocr_carea' id='block_1_100' title="bbox 533 5445 1494 5518">
    <p class='ocr_par' dir='ltr' id='par_1_100' title="bbox 533 5445 1494 5518">
     <span class='ocr_line' id='line_1_100' title="bbox 533 5445 1494 5518; baseline 0.005 -20"><span class='ocrx_word' id='word_1_732' title='bbox 533 5458 654 5500; x_wconf 77' lang='lat' dir='ltr'><strong>nem</strong></span> <span class='ocrx_word' id='word_1_733' title='bbox 691 5445 799 5502; x_wconf 89' lang='lat' dir='ltr'><strong>Deo</strong></span> <span class='ocrx_word' id='word_1_734' title='bbox 832 5449 1056 5517; x_wconf 80' lang='lat' dir='ltr'><strong>auspice</strong></span> <span class='ocrx_word' id='word_1_735' title='bbox 1090 5447 1494 5518; x_wconf 84' lang='lat' dir='ltr'><strong>aggrediemur.</strong></span> 
     </span>
    </p>
   </div>
   <div class='ocr_carea' id='block_1_101' title="bbox 1204 5538 1982 5594">
    <p class='ocr_par' dir='ltr' id='par_1_101' title="bbox 1204 5538 1982 5594">
     <span class='ocr_line' id='line_1_101' title="bbox 1204 5538 1982 5594; baseline -0.003 0"><span class='ocrx_word' id='word_1_736' title='bbox 1204 5538 1357 5594; x_wconf 81' lang='lat' dir='ltr'><strong>CAP.</strong></span> <span class='ocrx_word' id='word_1_737' title='bbox 1401 5538 1440 5594; x_wconf 92' lang='grc' dir='ltr'><strong>Ι.</strong></span> <span class='ocrx_word' id='word_1_738' title='bbox 1953 5540 1982 5570; x_wconf 79' lang='grc'><strong><em>⁸</em></strong></span> 
     </span>
    </p>
   </div>
   <div class='ocr_carea' id='block_1_102' title="bbox 605 5625 2112 5697">
    <p class='ocr_par' dir='ltr' id='par_1_102' title="bbox 605 5625 2112 5697">
     <span class='ocr_line' id='line_1_102' title="bbox 605 5625 2112 5697; baseline 0.001 -14"><span class='ocrx_word' id='word_1_739' title='bbox 605 5625 769 5697; x_wconf 75' lang='lat'><strong>158</strong></span> <span class='ocrx_word' id='word_1_740' title='bbox 797 5625 960 5683; x_wconf 77' lang='lat' dir='ltr'><strong>Vsus.</strong></span> <span class='ocrx_word' id='word_1_741' title='bbox 1015 5629 1064 5684; x_wconf 81' lang='grc' dir='ltr'>ι.</span> <span class='ocrx_word' id='word_1_742' title='bbox 1101 5633 1152 5682; x_wconf 71' lang='lat'><strong>2.</strong></span> <span class='ocrx_word' id='word_1_743' title='bbox 1192 5661 1261 5670; x_wconf 94' lang='grc'><strong>--</strong></span> <span class='ocrx_word' id='word_1_744' title='bbox 1316 5651 1335 5681; x_wconf 72' lang='grc' dir='ltr'><strong>ι</strong></span> <span class='ocrx_word' id='word_1_745' title='bbox 1386 5629 1450 5684; x_wconf 86' lang='lat' dir='ltr'><strong>Et</strong></span> <span class='ocrx_word' id='word_1_746' title='bbox 1499 5629 1700 5685; x_wconf 87' lang='lat' dir='ltr'><strong>factum</strong></span> <span class='ocrx_word' id='word_1_747' title='bbox 1749 5643 1832 5686; x_wconf 83' lang='lat' dir='ltr'><strong>est</strong></span> <span class='ocrx_word' id='word_1_748' title='bbox 1887 5633 2112 5686; x_wconf 91' lang='lat' dir='ltr'><strong>verbum</strong></span> 
     </span>
    </p>
   </div>
   <div class='ocr_carea' id='block_1_103' title="bbox 535 5715 2114 5794">
    <p class='ocr_par' dir='ltr' id='par_1_103' title="bbox 535 5715 2114 5794">
     <span class='ocr_line' id='line_1_103' title="bbox 535 5715 2114 5794; baseline 0.004 -24"><span class='ocrx_word' id='word_1_749' title='bbox 535 5715 747 5772; x_wconf 85' lang='lat' dir='ltr'><strong>Domini</strong></span> <span class='ocrx_word' id='word_1_750' title='bbox 789 5719 856 5774; x_wconf 86' lang='lat' dir='ltr'><strong>ad</strong></span> <span class='ocrx_word' id='word_1_751' title='bbox 888 5718 1080 5775; x_wconf 88' lang='lat' dir='ltr'><strong>Jonam</strong></span> <span class='ocrx_word' id='word_1_752' title='bbox 1115 5722 1335 5777; x_wconf 82' lang='lat' dir='ltr'><strong>Amathi</strong></span> <span class='ocrx_word' id='word_1_753' title='bbox 1366 5721 1537 5777; x_wconf 75' lang='lat' dir='ltr'><strong>illium</strong></span> <span class='ocrx_word' id='word_1_754' title='bbox 1573 5724 1765 5778; x_wconf 89' lang='lat' dir='ltr'><strong>dicens</strong></span> <span class='ocrx_word' id='word_1_755' title='bbox 1798 5741 1811 5777; x_wconf 88' lang='lat'><strong>:</strong></span> <span class='ocrx_word' id='word_1_756' title='bbox 1849 5723 2023 5794; x_wconf 84' lang='lat' dir='ltr'><strong>Surge</strong></span> <span class='ocrx_word' id='word_1_757' title='bbox 2061 5731 2114 5777; x_wconf 88' lang='lat' dir='ltr'><strong>et</strong></span> 
     </span>
    </p>
   </div>
   <div class='ocr_carea' id='block_1_104' title="bbox 533 5810 2114 5889">
    <p class='ocr_par' dir='ltr' id='par_1_104' title="bbox 533 5810 2114 5889">
     <span class='ocr_line' id='line_1_104' title="bbox 533 5810 2114 5889; baseline 0.006 -29"><span class='ocrx_word' id='word_1_758' title='bbox 533 5811 670 5866; x_wconf 85' lang='lat' dir='ltr'><strong>vade</strong></span> <span class='ocrx_word' id='word_1_759' title='bbox 703 5810 930 5869; x_wconf 87' lang='lat' dir='ltr'><strong>Niniven</strong></span> <span class='ocrx_word' id='word_1_760' title='bbox 953 5814 1004 5869; x_wconf 89' lang='lat' dir='ltr'><strong>in</strong></span> <span class='ocrx_word' id='word_1_761' title='bbox 1030 5815 1221 5870; x_wconf 88' lang='lat' dir='ltr'><strong>urbem</strong></span> <span class='ocrx_word' id='word_1_762' title='bbox 1256 5831 1531 5889; x_wconf 87' lang='lat' dir='ltr'><strong>magnam,</strong></span> <span class='ocrx_word' id='word_1_763' title='bbox 1555 5825 1718 5887; x_wconf 87' lang='lat' dir='ltr'><strong>atque</strong></span> <span class='ocrx_word' id='word_1_764' title='bbox 1749 5816 1820 5870; x_wconf 86' lang='lat' dir='ltr'><strong>ibi</strong></span> <span class='ocrx_word' id='word_1_765' title='bbox 1851 5815 2114 5886; x_wconf 66' lang='lat' dir='ltr'><strong>praedica-</strong></span> 
     </span>
    </p>
   </div>
   <div class='ocr_carea' id='block_1_105' title="bbox 604 5926 1159 6001">
    <p class='ocr_par' dir='ltr' id='par_1_105' title="bbox 604 5926 1159 6001">
     <span class='ocr_line' id='line_1_105' title="bbox 604 5926 1159 6001; baseline 0 -19"><span class='ocrx_word' id='word_1_766' title='bbox 604 5926 650 5961; x_wconf 84' lang='lat'>&quot;</span> <span class='ocrx_word' id='word_1_767' title='bbox 676 5926 834 5984; x_wconf 79' lang='lat' dir='ltr'><strong>Rom.</strong></span> <span class='ocrx_word' id='word_1_768' title='bbox 867 5945 945 5995; x_wconf 72' lang='grc' dir='ltr'>ιι,</span> <span class='ocrx_word' id='word_1_769' title='bbox 974 5931 996 5985; x_wconf 76' lang='grc'><strong>1</strong></span> <span class='ocrx_word' id='word_1_770' title='bbox 1037 5946 1159 6001; x_wconf 84' lang='lat' dir='ltr'><strong>sqq.</strong></span> 
     </span>
    </p>
   </div>
   <div class='ocr_carea' id='block_1_106' title="bbox 2219 4629 3799 4704">
    <p class='ocr_par' dir='ltr' id='par_1_106' title="bbox 2219 4629 3799 4704">
     <span class='ocr_line' id='line_1_106' title="bbox 2219 4629 3799 4704; baseline 0.001 -20"><span class='ocrx_word' id='word_1_771' title='bbox 2219 4629 2278 4695; x_wconf 82' lang='grc' dir='ltr'><strong>ἐξ</strong></span> <span class='ocrx_word' id='word_1_772' title='bbox 2304 4631 2557 4685; x_wconf 83' lang='grc' dir='ltr'>ἁπάντων</span> <span class='ocrx_word' id='word_1_773' title='bbox 2593 4630 2701 4684; x_wconf 82' lang='grc' dir='ltr'>τῶν</span> <span class='ocrx_word' id='word_1_774' title='bbox 2739 4634 2868 4703; x_wconf 69' lang='grc' dir='ltr'>περὶ</span> <span class='ocrx_word' id='word_1_775' title='bbox 2909 4633 3000 4686; x_wconf 83' lang='grc' dir='ltr'>τὸν</span> <span class='ocrx_word' id='word_1_776' title='bbox 3053 4633 3323 4704; x_wconf 87' lang='grc' dir='ltr'>μακάριον</span> <span class='ocrx_word' id='word_1_777' title='bbox 3367 4635 3551 4686; x_wconf 86' lang='grc' dir='ltr'><strong>Ίωνᾶν</strong></span> <span class='ocrx_word' id='word_1_778' title='bbox 3580 4634 3799 4702; x_wconf 87' lang='grc' dir='ltr'>γεγονό-</span> 
     </span>
    </p>
   </div>
   <div class='ocr_carea' id='block_1_107' title="bbox 2215 4721 3799 4793">
    <p class='ocr_par' dir='ltr' id='par_1_107' title="bbox 2215 4721 3799 4793">
     <span class='ocr_line' id='line_1_107' title="bbox 2215 4721 3799 4793; baseline 0 -19"><span class='ocrx_word' id='word_1_779' title='bbox 2215 4738 2323 4774; x_wconf 89' lang='grc' dir='ltr'>των</span> <span class='ocrx_word' id='word_1_780' title='bbox 2375 4737 2435 4772; x_wconf 87' lang='grc' dir='ltr'><strong>τε</strong></span> <span class='ocrx_word' id='word_1_781' title='bbox 2487 4721 2750 4791; x_wconf 87' lang='grc' dir='ltr'>πρότερον</span> <span class='ocrx_word' id='word_1_782' title='bbox 2795 4721 2888 4774; x_wconf 69' lang='grc' dir='ltr'><strong>καὶ</strong></span> <span class='ocrx_word' id='word_1_783' title='bbox 2929 4721 3256 4793; x_wconf 82' lang='grc' dir='ltr'>εἰρημένων,</span> <span class='ocrx_word' id='word_1_784' title='bbox 3289 4722 3514 4792; x_wconf 77' lang='grc' dir='ltr'>ὕστερον</span> <span class='ocrx_word' id='word_1_785' title='bbox 3547 4722 3641 4774; x_wconf 70' lang='grc' dir='ltr'><strong>ἐπὶ</strong></span> <span class='ocrx_word' id='word_1_786' title='bbox 3695 4721 3799 4790; x_wconf 76' lang='grc' dir='ltr'><strong>τῆς</strong></span> 
     </span>
    </p>
   </div>
   <div class='ocr_carea' id='block_1_108' title="bbox 2216 4811 3800 4883">
    <p class='ocr_par' dir='ltr' id='par_1_108' title="bbox 2216 4811 3800 4883">
     <span class='ocr_line' id='line_1_108' title="bbox 2216 4811 3800 4883; baseline 0.001 -20"><span class='ocrx_word' id='word_1_787' title='bbox 2216 4811 2425 4881; x_wconf 79' lang='grc' dir='ltr'>Καινῆς</span> <span class='ocrx_word' id='word_1_788' title='bbox 2459 4811 2754 4882; x_wconf 87' lang='grc' dir='ltr'>Διαθήκης,</span> <span class='ocrx_word' id='word_1_789' title='bbox 2774 4812 2915 4865; x_wconf 84' lang='grc' dir='ltr'>καθὰ</span> <span class='ocrx_word' id='word_1_790' title='bbox 2949 4812 3182 4883; x_wconf 88' lang='grc' dir='ltr'>πρόσθεν</span> <span class='ocrx_word' id='word_1_791' title='bbox 3207 4813 3542 4883; x_wconf 87' lang='grc' dir='ltr'>ἐδείκνυμεν,</span> <span class='ocrx_word' id='word_1_792' title='bbox 3573 4812 3800 4874; x_wconf 82' lang='grc' dir='ltr'>εἰκότως</span> 
     </span>
    </p>
   </div>
   <div class='ocr_carea' id='block_1_109' title="bbox 2217 4902 3799 4974">
    <p class='ocr_par' dir='ltr' id='par_1_109' title="bbox 2217 4902 3799 4974">
     <span class='ocr_line' id='line_1_109' title="bbox 2217 4902 3799 4974; baseline -0.014 1"><span class='ocrx_word' id='word_1_793' title='bbox 2217 4902 2369 4973; x_wconf 78' lang='grc' dir='ltr'><strong>γνοίη</strong></span> <span class='ocrx_word' id='word_1_794' title='bbox 2399 4920 2483 4966; x_wconf 78' lang='grc' dir='ltr'><strong>τις</strong></span> <span class='ocrx_word' id='word_1_795' title='bbox 2515 4903 2613 4956; x_wconf 69' lang='grc' dir='ltr'><strong>ἀν’</strong></span> <span class='ocrx_word' id='word_1_796' title='bbox 2642 4903 2711 4957; x_wconf 79' lang='grc' dir='ltr'>τὰ</span> <span class='ocrx_word' id='word_1_797' title='bbox 2742 4904 2801 4958; x_wconf 75' lang='grc' dir='ltr'><strong>δέ</strong></span> <span class='ocrx_word' id='word_1_798' title='bbox 2829 4921 2889 4973; x_wconf 79' lang='grc' dir='ltr'>γε</span> <span class='ocrx_word' id='word_1_799' title='bbox 2916 4906 3034 4958; x_wconf 89' lang='grc' dir='ltr'>τότε</span> <span class='ocrx_word' id='word_1_800' title='bbox 3059 4907 3321 4974; x_wconf 71' lang='grc' dir='ltr'>γεγονότα</span> <span class='ocrx_word' id='word_1_801' title='bbox 3353 4921 3412 4958; x_wconf 85' lang='grc' dir='ltr'><strong>τε</strong></span> <span class='ocrx_word' id='word_1_802' title='bbox 3446 4905 3540 4957; x_wconf 73' lang='grc' dir='ltr'><strong>καὶ</strong></span> <span class='ocrx_word' id='word_1_803' title='bbox 3573 4902 3659 4957; x_wconf 84' lang='grc' dir='ltr'>διὰ</span> <span class='ocrx_word' id='word_1_804' title='bbox 3697 4906 3799 4973; x_wconf 84' lang='grc' dir='ltr'>τῆς</span> 
     </span>
    </p>
   </div>
   <div class='ocr_carea' id='block_1_110' title="bbox 2215 4993 3799 5066">
    <p class='ocr_par' dir='ltr' id='par_1_110' title="bbox 2215 4993 3799 5066">
     <span class='ocr_line' id='line_1_110' title="bbox 2215 4993 3799 5066; baseline 0.001 -19"><span class='ocrx_word' id='word_1_805' title='bbox 2215 4993 2309 5047; x_wconf 83' lang='grc' dir='ltr'>τοῦ</span> <span class='ocrx_word' id='word_1_806' title='bbox 2358 4993 2562 5063; x_wconf 83' lang='grc' dir='ltr'>βιϐλίου</span> <span class='ocrx_word' id='word_1_807' title='bbox 2605 4993 2906 5066; x_wconf 87' lang='grc' dir='ltr'>δηλούμενα</span> <span class='ocrx_word' id='word_1_808' title='bbox 2963 4996 3311 5066; x_wconf 80' lang='grc' dir='ltr'>συγγραφῆς,</span> <span class='ocrx_word' id='word_1_809' title='bbox 3350 4995 3386 5049; x_wconf 79' lang='grc' dir='ltr'>ἃ</span> <span class='ocrx_word' id='word_1_810' title='bbox 3424 4996 3487 5066; x_wconf 84' lang='grc' dir='ltr'>δὴ</span> <span class='ocrx_word' id='word_1_811' title='bbox 3526 4995 3621 5048; x_wconf 78' lang='grc' dir='ltr'>καὶ</span> <span class='ocrx_word' id='word_1_812' title='bbox 3656 4995 3799 5048; x_wconf 84' lang='grc' dir='ltr'>κατὰ</span> 
     </span>
    </p>
   </div>
   <div class='ocr_carea' id='block_1_111' title="bbox 2215 5083 3799 5157">
    <p class='ocr_par' dir='ltr' id='par_1_111' title="bbox 2215 5083 3799 5157">
     <span class='ocr_line' id='line_1_111' title="bbox 2215 5083 3799 5157; baseline 0 -21"><span class='ocrx_word' id='word_1_813' title='bbox 2215 5083 2309 5138; x_wconf 85' lang='grc' dir='ltr'><strong>τδν</strong></span> <span class='ocrx_word' id='word_1_814' title='bbox 2337 5084 2528 5156; x_wconf 84' lang='grc' dir='ltr'>καιρὸν</span> <span class='ocrx_word' id='word_1_815' title='bbox 2575 5086 2779 5139; x_wconf 78' lang='grc' dir='ltr'>ἐκεῖνον</span> <span class='ocrx_word' id='word_1_816' title='bbox 2815 5085 3079 5157; x_wconf 79' lang='grc' dir='ltr'>μεγίστην</span> <span class='ocrx_word' id='word_1_817' title='bbox 3126 5089 3238 5149; x_wconf 86' lang='grc' dir='ltr'>τοῖς</span> <span class='ocrx_word' id='word_1_818' title='bbox 3275 5085 3395 5138; x_wconf 83' lang='grc' dir='ltr'>τότε</span> <span class='ocrx_word' id='word_1_819' title='bbox 3419 5086 3520 5155; x_wconf 86' lang='grc' dir='ltr'><strong>τήν</strong></span> <span class='ocrx_word' id='word_1_820' title='bbox 3553 5101 3611 5137; x_wconf 88' lang='grc' dir='ltr'><strong>τε</strong></span> <span class='ocrx_word' id='word_1_821' title='bbox 3650 5083 3799 5153; x_wconf 79' lang='grc' dir='ltr'><strong>ὠφέ-</strong></span> 
     </span>
    </p>
   </div>
   <div class='ocr_carea' id='block_1_112' title="bbox 2216 5175 3799 5249">
    <p class='ocr_par' dir='ltr' id='par_1_112' title="bbox 2216 5175 3799 5249">
     <span class='ocr_line' id='line_1_112' title="bbox 2216 5175 3799 5249; baseline -0.001 -21"><span class='ocrx_word' id='word_1_822' title='bbox 2216 5175 2368 5229; x_wconf 89' lang='grc' dir='ltr'>λειαν</span> <span class='ocrx_word' id='word_1_823' title='bbox 2399 5177 2702 5249; x_wconf 87' lang='grc' dir='ltr'>παρέσχετο</span> <span class='ocrx_word' id='word_1_824' title='bbox 2733 5179 2826 5232; x_wconf 78' lang='grc' dir='ltr'><strong>καὶ</strong></span> <span class='ocrx_word' id='word_1_825' title='bbox 2861 5177 3071 5249; x_wconf 80' lang='grc' dir='ltr'>χρείαν,</span> <span class='ocrx_word' id='word_1_826' title='bbox 3104 5177 3162 5244; x_wconf 83' lang='grc' dir='ltr'>ἐξ</span> <span class='ocrx_word' id='word_1_827' title='bbox 3193 5177 3371 5231; x_wconf 81' lang='grc' dir='ltr'>αὐτῶν</span> <span class='ocrx_word' id='word_1_828' title='bbox 3397 5175 3658 5247; x_wconf 75' lang='grc' dir='ltr'>εἰσόμεθα</span> <span class='ocrx_word' id='word_1_829' title='bbox 3687 5175 3799 5230; x_wconf 83' lang='grc' dir='ltr'><strong>τῶν</strong></span> 
     </span>
    </p>
   </div>
   <div class='ocr_carea' id='block_1_113' title="bbox 2218 5265 3796 5341">
    <p class='ocr_par' dir='ltr' id='par_1_113' title="bbox 2218 5265 3796 5341">
     <span class='ocr_line' id='line_1_113' title="bbox 2218 5265 3796 5341; baseline -0.001 -19"><span class='ocrx_word' id='word_1_830' title='bbox 2218 5269 2360 5323; x_wconf 74' lang='grc' dir='ltr'>κατὰ</span> <span class='ocrx_word' id='word_1_831' title='bbox 2390 5269 2574 5340; x_wconf 84' lang='grc' dir='ltr'>μέρος,</span> <span class='ocrx_word' id='word_1_832' title='bbox 2596 5265 2780 5341; x_wconf 84' lang='grc' dir='ltr'>ὧνπερ</span> <span class='ocrx_word' id='word_1_833' title='bbox 2799 5266 2890 5324; x_wconf 78' lang='grc' dir='ltr'><strong>οὖν</strong></span> <span class='ocrx_word' id='word_1_834' title='bbox 2918 5270 3008 5323; x_wconf 83' lang='grc' dir='ltr'>καὶ</span> <span class='ocrx_word' id='word_1_835' title='bbox 3046 5269 3336 5339; x_wconf 78' lang='grc' dir='ltr'>ἑρμηνείας</span> <span class='ocrx_word' id='word_1_836' title='bbox 3377 5268 3624 5339; x_wconf 73' lang='grc' dir='ltr'>ἀψόμεθα</span> <span class='ocrx_word' id='word_1_837' title='bbox 3658 5267 3796 5320; x_wconf 83' lang='grc' dir='ltr'>Θεοῦ</span> 
     </span>
    </p>
   </div>
   <div class='ocr_carea' id='block_1_114' title="bbox 2219 5362 2472 5425">
    <p class='ocr_par' dir='ltr' id='par_1_114' title="bbox 2219 5362 2472 5425">
     <span class='ocr_line' id='line_1_114' title="bbox 2219 5362 2472 5425; baseline 0.008 -11"><span class='ocrx_word' id='word_1_838' title='bbox 2219 5362 2472 5425; x_wconf 79' lang='grc' dir='ltr'>διδόντος.</span> 
     </span>
    </p>
   </div>
   <div class='ocr_carea' id='block_1_115' title="bbox 2872 5541 3142 5594">
    <p class='ocr_par' dir='ltr' id='par_1_115' title="bbox 2872 5541 3142 5594">
     <span class='ocr_line' id='line_1_115' title="bbox 2872 5541 3142 5594; baseline 0.004 -2"><span class='ocrx_word' id='word_1_839' title='bbox 2872 5541 3032 5594; x_wconf 80' lang='grc' dir='ltr'><strong>ΚΕΦ.</strong></span> <span class='ocrx_word' id='word_1_840' title='bbox 3066 5541 3142 5593; x_wconf 82' lang='lat' dir='ltr'><strong>A&#39;.</strong></span> 
     </span>
    </p>
   </div>
   <div class='ocr_carea' id='block_1_116' title="bbox 2290 5627 3798 5702">
    <p class='ocr_par' dir='ltr' id='par_1_116' title="bbox 2290 5627 3798 5702">
     <span class='ocr_line' id='line_1_116' title="bbox 2290 5627 3798 5702; baseline -0.001 -20"><span class='ocrx_word' id='word_1_841' title='bbox 2290 5631 2436 5701; x_wconf 82' lang='grc' dir='ltr'>Στίχ.</span> <span class='ocrx_word' id='word_1_842' title='bbox 2462 5637 2528 5695; x_wconf 81' lang='grc' dir='ltr'>α’,</span> <span class='ocrx_word' id='word_1_843' title='bbox 2558 5631 2697 5701; x_wconf 80' lang='grc' dir='ltr'><strong>β¹.-</strong></span> <span class='ocrx_word' id='word_1_844' title='bbox 2727 5630 2802 5701; x_wconf 79' lang='lat' dir='ltr'><strong>(p.</strong></span> <span class='ocrx_word' id='word_1_845' title='bbox 2833 5631 2961 5702; x_wconf 64' lang='grc'><strong>240)</strong></span> <span class='ocrx_word' id='word_1_846' title='bbox 2991 5652 3007 5682; x_wconf 76' lang='grc' dir='ltr'><strong>ι</strong></span> <span class='ocrx_word' id='word_1_847' title='bbox 3033 5631 3143 5684; x_wconf 72' lang='grc' dir='ltr'><strong>Καὶ</strong></span> <span class='ocrx_word' id='word_1_848' title='bbox 3165 5630 3378 5700; x_wconf 82' lang='grc' dir='ltr'>ἐγένετο</span> <span class='ocrx_word' id='word_1_849' title='bbox 3409 5630 3564 5698; x_wconf 84' lang='grc' dir='ltr'>λόγος</span> <span class='ocrx_word' id='word_1_850' title='bbox 3587 5627 3798 5698; x_wconf 78' lang='grc' dir='ltr'>Κυρίου</span> 
     </span>
    </p>
   </div>
   <div class='ocr_carea' id='block_1_117' title="bbox 2219 5719 3800 5794">
    <p class='ocr_par' dir='ltr' id='par_1_117' title="bbox 2219 5719 3800 5794">
     <span class='ocr_line' id='line_1_117' title="bbox 2219 5719 3800 5794; baseline -0.003 -18"><span class='ocrx_word' id='word_1_851' title='bbox 2219 5724 2354 5794; x_wconf 80' lang='grc' dir='ltr'>πρὸς</span> <span class='ocrx_word' id='word_1_852' title='bbox 2398 5722 2580 5776; x_wconf 82' lang='grc' dir='ltr'><strong>Ἰωνᾶν</strong></span> <span class='ocrx_word' id='word_1_853' title='bbox 2613 5723 2702 5776; x_wconf 86' lang='grc' dir='ltr'>τὸν</span> <span class='ocrx_word' id='word_1_854' title='bbox 2741 5723 2834 5776; x_wconf 81' lang='grc' dir='ltr'>τοῦ</span> <span class='ocrx_word' id='word_1_855' title='bbox 2881 5721 3077 5793; x_wconf 79' lang='grc' dir='ltr'>Ἀμαθὶ</span> <span class='ocrx_word' id='word_1_856' title='bbox 3111 5722 3316 5791; x_wconf 89' lang='grc' dir='ltr'>λέγων·</span> <span class='ocrx_word' id='word_1_857' title='bbox 3367 5719 3655 5791; x_wconf 82' lang='grc' dir='ltr'>Ἀνάστηθι</span> <span class='ocrx_word' id='word_1_858' title='bbox 3703 5721 3800 5772; x_wconf 75' lang='grc' dir='ltr'><strong>καὶ</strong></span> 
     </span>
    </p>
   </div>
   <div class='ocr_carea' id='block_1_118' title="bbox 2183 5800 3800 5888">
    <p class='ocr_par' dir='ltr' id='par_1_118' title="bbox 2183 5800 3800 5888">
     <span class='ocr_line' id='line_1_118' title="bbox 2183 5800 3800 5888; baseline -0.002 -20"><span class='ocrx_word' id='word_1_859' title='bbox 2183 5800 2187 5803; x_wconf 48' lang='grc'><em>’</em></span> <span class='ocrx_word' id='word_1_860' title='bbox 2219 5814 2514 5888; x_wconf 83' lang='grc' dir='ltr'>πορεύθητι</span> <span class='ocrx_word' id='word_1_861' title='bbox 2561 5816 2640 5879; x_wconf 83' lang='grc' dir='ltr'><strong>είς</strong></span> <span class='ocrx_word' id='word_1_862' title='bbox 2693 5813 2894 5885; x_wconf 74' lang='grc' dir='ltr'>Νινευὴ</span> <span class='ocrx_word' id='word_1_863' title='bbox 2948 5813 3047 5884; x_wconf 79' lang='grc' dir='ltr'><strong>τὴν</strong></span> <span class='ocrx_word' id='word_1_864' title='bbox 3080 5814 3234 5867; x_wconf 77' lang='grc' dir='ltr'>πόλιν</span> <span class='ocrx_word' id='word_1_865' title='bbox 3265 5813 3364 5884; x_wconf 74' lang='grc' dir='ltr'><strong>τὴν</strong></span> <span class='ocrx_word' id='word_1_866' title='bbox 3411 5812 3671 5884; x_wconf 69' lang='grc' dir='ltr'>μεγάλτν,</span> <span class='ocrx_word' id='word_1_867' title='bbox 3703 5812 3800 5866; x_wconf 82' lang='grc' dir='ltr'>καὶ</span> 
     </span>
    </p>
   </div>
  </div>
