4102 6474
364 294 487 355 319

1456 296 2014 356 COMMENTARIUS
2049 298 2116 355 ΙΝ
2156 298 2352 358 IGNE
2392 301 2547 359 CAP.
2576 301 2616 362 l.

3586 305 3694 362 5'30

339 413 629 494 ’κήρυξον
654 415 714 470 ὲν
748 413 910 488 αὐτῇ,
927 416 1009 471 ὅτι
1030 414 1198 489 ἀνέϐη
1233 417 1452 489 κραυγὴ
1475 417 1576 489 τῆς
1601 417 1802 481 κακίας
1820 417 2001 471 αὐτῶν

2107 433 2195 486 ca,
2227 419 2373 490 quod
2404 419 2526 491 ejus
2554 420 2827 476 scelerum
2865 419 3072 478 clamor
3108 421 3174 476 ad
3212 434 3300 477 me
3343 434 3519 492 usque
3555 438 3692 478 con-

366 509 525 580 πρός
560 524 652 579 με.
705 527 725 559 ι
768 509 1142 580 Ἀποκάλυψιν
1181 508 1333 563 θείαν
1372 509 1614 576 ἐδέξατο,
1658 510 1844 580 φησὶν,
1883 509 1998 563 ἰω-

367 602 482 664 vi;
513 602 548 654 ὁ
586 601 881 672 προφήτης
930 602 1013 665 είς
1042 600 1249 672 Νινευὴ
1298 600 1399 671 τὴν
1435 600 1591 655 πόλιν
1638 601 1995 667 ἀπελθεῖντε

364 692 476 746 καὶ
508 689 758 769 κηρύξαι
790 693 850 745 ὲν
877 692 1018 764 αὐτῇ
1039 733 1054 757 ,
1081 691 1157 755 ὡς
1203 691 1420 762 μεγάλα
1464 709 1528 761 γε
1573 691 1757 745 αὐτῶν
1814 709 1997 763 παρα-

364 784 725 856 νομούντων,
752 783 848 838 καὶ⁹
887 784 1118 839 τοιαῦτα
1148 777 1236 839 οἷα
1287 784 1449 838 ἱκανὰ
1495 782 1576 855 τῷ
1609 783 1832 855 μεγέθει
1860 801 1996 853 συγ-

364 872 613 946 κινῆσαι
640 872 735 928 τὸν
768 873 903 927 Θεόν
924 891 937 904 ·
979 874 1245 945 μεγίστην
1276 873 1334 927 δὲ
1377 872 1518 942 ἄγαν
1556 867 1723 927 οὖσαν
1767 873 1867 946 τὴν
1894 874 1996 927 πό-

362 965 461 1018 λιν
493 965 599 1018 καὶ
625 962 733 1019 ὑπὸ
780 962 1025 1034 πλήθους
1074 962 1618 1035 στενοχωρουμένην,
1654 965 1750 1018 καὶ
1794 963 1904 1017 τῶν
1936 966 1997 1017 ὲν

375 1056 712 1129 Ἀσσυρίοις
732 1055 965 1111 ἀπασῶν
989 1057 1111 1110 τότε
1133 1056 1602 1130 περιφανεστέραν
1619 1052 1807 1120 οὖσαν,
1833 1058 1999 1127 ἀναγ-

360 1151 541 1205 καῖον
571 1146 643 1222 ἦν
672 1150 731 1216 ἐξ
760 1148 932 1221 ἀκοῆς
969 1152 1083 1213 τοῖς
1118 1149 1262 1205 κατὰ
1291 1151 1391 1221 τὴν
1422 1149 1680 1204 Ἰουδαίαν
1701 1150 1992 1220 ἐγνῶσθαι·

359 1240 503 1296 ὅθεν
531 1241 603 1311 δὴ
624 1241 721 1293 καὶ
748 1241 826 1304 ὼς
856 1241 950 1293 ἐπὶ
977 1240 1265 1311 γνωρίμην
1285 1239 1450 1293 αὐτὸν
1469 1238 1793 1295 ἀποστέλλει
1818 1240 1995 1306 πόλιν,

360 1331 453 1398 ὡς
499 1334 612 1388 οὐκ
640 1331 764 1402 ὄψει
802 1349 867 1402 γε
910 1331 1027 1385 ἀλλ’
1064 1333 1202 1403 ἀκοῇ
1246 1331 1409 1403 μόνον
1462 1333 1635 1406 αὐτὴν
1670 1334 1875 1388 εἰδὸταο
1912 1336 1997 1388 ὲν-

361 1428 564 1482 ταῦθα
596 1430 699 1500 μὲν
725 1421 821 1481 οὖν
867 1426 1029 1480 τοῦτο
1059 1426 1219 1497 μόνον
1255 1426 1443 1498 φησὶν,
1480 1429 1563 1481 ὅτι
1599 1446 1617 1479 ι
1651 1427 1901 1500 Κήρυξον
1940 1428 1998 1481 ἐν

366 1522 525 1592 αὐτῇ
546 1539 561 1553 ·
604 1540 623 1573 ›
652 1520 814 1592 δῆλον
840 1520 897 1573 δὲ
926 1519 1004 1584 ὡς
1033 1519 1125 1572 ἐπὶ
1172 1519 1349 1591 τούτῳ
1378 1536 1441 1589 γε
1476 1520 1780 1591 ἐπέμπετο,
1800 1522 1891 1574 ἐπὶ
1919 1519 1998 1590 τῷ

367 1616 477 1669 καὶ
506 1613 613 1687 τὴν
640 1615 1034 1686 καταστροφὴν
1073 1613 1371 1684 ἀπειλῆσαι
1420 1616 1487 1686 τῇ
1524 1615 1713 1680 πόλει,
1755 1617 1848 1667 καὶ
1878 1632 1997 1667 vou-

369 1706 620 1777 θετῆσαι
674 1706 805 1770 τοὺς
854 1704 1142 1771 οἰκοῦντας
1190 1706 1439 1773 ἅπαντας
1507 1707 1646 1778 πρὸς
1705 1707 1997 1779 μετάνοιαν

2099 508 2400 564 scenderit.
2438 527 2456 561 ι
2493 507 2813 575 Oraculum,
2846 510 3051 581 inquit,
3084 512 3332 568 divinum
3362 508 3532 568 Jonas
3563 528 3694 585 pro-

2097 600 2259 672 pheta
2298 602 2535 672 accepit,
2570 609 2631 657 ut
2666 603 2844 658 abiret
2889 603 2944 657 in
2984 604 3171 659 urbem
3216 604 3475 671 Niniven,
3508 607 3697 678 ibique

2097 692 2466 763 praedicaret;
2503 692 2666 761 cujus
2699 693 2851 749 cives
2887 702 3174 773 tantopere
3206 704 3431 767 tamque
3453 698 3697 768 graviter

2098 781 2424 852 peccabant,
2464 791 2525 836 ut
2570 782 2669 839 Dei
2704 784 3051 840 iracundiam
3098 787 3520 843 commoverint.
3570 786 3695 843 Jam

2099 889 2224 928 cum
2262 874 2356 929 illa
2390 874 2525 931 urbs
2567 875 2807 930 maxima
2839 883 2987 932 esset
3019 882 3075 930 et
3114 876 3319 947 populo
3347 877 3697 951 confertissi-

2099 983 2210 1034 ma,
2238 976 2406 1039 atque
2434 968 2859 1041 Arssyriacarum
2894 971 3141 1024 omnium
3172 969 3571 1038 illustrissima,
3597 986 3697 1026 ne-

2099 1077 2255 1117 cesse
2284 1069 2405 1117 erat
2438 1076 2558 1131 eam
2592 1061 2736 1117 fama
2772 1061 2979 1121 Iudaeis
3016 1064 3327 1120 innotuissc
3372 1082 3386 1119 :
3435 1079 3607 1134 quare
3642 1072 3698 1119 et

2098 1150 2246 1209 Deus
2283 1153 2609 1224 prophetam
2643 1154 2814 1209 veluti
2849 1154 2916 1211 ad
2953 1154 3234 1225 cegnitam
3274 1156 3464 1210 urbem
3503 1156 3696 1222 mittit,

2099 1244 2244 1300 haud
2288 1246 2408 1301 visu
2452 1253 2636 1301 tamen
2670 1248 2769 1302 sed
2817 1248 3007 1303 auditu
3052 1247 3439 1303 tantummodo
3485 1256 3696 1303 notam.

2100 1333 2201 1389 Hic
2227 1341 2409 1389 autem
2437 1351 2607 1390 unum
2648 1336 2749 1392 hoc
2783 1336 2942 1401 dicit,
2985 1352 3184 1407 nempe
3219 1345 3277 1391 ut
3309 1338 3363 1392 in
3397 1353 3460 1393 ea
3492 1337 3698 1408 praedi-

2098 1428 2207 1477 cet.
2247 1422 2413 1492 Atqui
2458 1422 2683 1493 insuper
2717 1434 2937 1481 constat
2970 1425 3202 1482 missum
3242 1442 3368 1482 eum
3419 1426 3591 1483 fuisse
3630 1428 3701 1482 ad

2099 1510 2469 1569 minitantium
2526 1532 2747 1587 quoque
2795 1519 2916 1574 urbi
2947 1518 3248 1581 excidium.
3287 1519 3698 1575 admonendos-

2099 1621 2208 1677 que
2264 1605 2478 1663 incolas
2517 1620 2732 1672 omnes,
2790 1618 2851 1664 ut
2899 1610 2966 1666 de
2999 1612 3322 1683 paenitentia
3369 1610 3697 1683 cogitarent,

2101 1714 2201 1754 ceu
2240 1698 2286 1753 si
2328 1699 2434 1754 hoc
2463 1711 2626 1771 pacto
2658 1702 2816 1757 urbis
2844 1704 3190 1759 eversionem
3235 1703 3455 1758 vitaturi
3491 1712 3699 1759 essent.

372 1797 543 1861 ἰδεῖν,
572 1797 651 1862 ὡς
680 1797 826 1851 οὕτω
850 1814 915 1867 γε
954 1794 1354 1870 κερδανοῦντας
1388 1797 1488 1869 τῆς
1532 1797 1745 1863 πόλεως
1770 1799 1873 1866 τὴν
1900 1815 2000 1851 κα-

2107 1791 2301 1847 Solent
2331 1792 2479 1848 enim
2514 1793 2717 1848 divina:
2748 1791 3050 1865 Scriptum
3077 1794 3249 1848 multa
3282 1795 3586 1867 congestim
3616 1794 3702 1853 di—

367 1892 712 1963 ταστροςρήν
734 1908 749 1923 ⁸
773 1891 874 1961 τῆς
907 1889 1058 1955 θείας
1103 1890 1330 1962 Γραφῆς
1363 1890 1433 1945 τὰ
1463 1890 1639 1945 πολλὰ
1682 1892 2001 1963 συντέμνειν

369 1983 674 2047 εἰωθυίας,
693 1983 771 2037 ὅτ’
794 1981 861 2037 ἂν
884 1984 1000 2046 τοῖς
1021 1968 1458 2051 ἀναγινώσκουσι
1481 1981 1550 2036 τὰ
1577 1983 1848 2039 ἀκόλουθα
1878 1985 2002 2037 συλ-

368 2075 709 2145 λογίζεσθαι
739 2074 967 2128 δυνατὸν
989 2075 1210 2148 ὑπάρχῃ
1230 2092 1245 2106 ·
1265 2074 1388 2128 οὔτε
1411 2075 1518 2147 γὰρ
1544 2075 1731 2147 ἐπειδὴ
1767 2076 2000 2130 ἐνταῦθα

370 2159 533 2231 εἷπε,
571 2185 591 2216 ι
629 2163 886 2236 Κήρυξον
924 2165 984 2217 ὲν
1022 2163 1185 2234 αὐτῇ,
1219 2182 1239 2216 ι
1276 2163 1565 2217 ἀπέστειλε
1595 2165 1685 2217 τὸν
1715 2167 2001 2239 προφήτην

368 2258 551 2313 τοῦτο
591 2257 757 2328 μόνον
815 2252 991 2309 εἰπὼν
1020 2254 1049 2307 ὁ
1084 2252 1236 2318 Θεὸς,
1281 2253 1356 2323 (p.
1392 2252 1518 2323 2M)
1548 2253 1643 2307 καὶ
1691 2255 1752 2307 οὐ
1783 2253 2001 2321 διδάξας

370 2351 405 2404 ὃ
436 2366 498 2402 τι
544 2346 681 2400 ποτὲ
730 2344 968 2418 κηρύξαι
1013 2343 1293 2414 προσῆκον
1336 2338 1405 2414 ἦν
1455 2343 1647 2397 αὐτόν·
1685 2341 1799 2396 οὗθ’
1825 2344 1903 2397 ὅτ’
1935 2344 2001 2398 ἂν

371 2441 553 2513 λέγῃ,
593 2457 612 2490 ι
651 2439 775 2491 Ἔτι
806 2437 957 2507 τρεῖς
999 2433 1225 2506 ἡμέραι,
1269 2434 1365 2487 καὶ
1400 2433 1603 2503 Νινευὴ
1635 2434 2001 2505 κατασκαφη-

374 2550 584 2596 σεται,
621 2551 640 2583 ι
678 2530 855 2584 ἐκεῖνο
889 2527 1051 2599 μόνον
1082 2529 1257 2581 εἰπεῖν
1283 2527 1311 2580 ὁ
1353 2528 1641 2598 προφήτης
1682 2525 1999 2597 ἐκελεύσθη,

370 2627 507 2683 ἀλλ’
533 2625 682 2679 ὥστε
701 2625 768 2694 τῇ
797 2620 1031 2695 μηνύσει
1058 2620 1159 2691 τῆς
1184 2620 1570 2691 καταστροφῆς
1595 2619 1872 2691 βελτίονας
1904 2620 2003 2674 αὖ-

370 2720 517 2782 τοὺς
576 2713 1005 2787 ἀπεργάσασθαι
1041 2729 1056 2745 ’
1099 2712 1292 2767 ἐλπίδα
1321 2712 1589 2776 λαϐόντας
1610 2711 1729 2777 τοῦ,
1761 2714 1809 2766 εί
1834 2729 2003 2784 μετα-

374 2809 711 2884 μεληθείεν,
749 2807 1008 2880 κερδᾶναι
1036 2805 1134 2875 τὴν
1176 2804 1412 2875 ἀπειλήν
1431 2820 1444 2833 ·
1476 2805 1599 2857 ἐπεὶ
1627 2804 1722 2858 καὶ
1742 2804 2001 2877 περιττὸν

368 2903 452 2978 ἦν
483 2905 746 2961 ἀπειλεῖν
788 2903 888 2975 τὴν
934 2900 1347 2974 καταστροφὴν,
1379 2903 1428 2955 εί
1473 2900 1730 2970 γενέσθαι
1780 2901 2002 2966 πάντως

370 2999 570 3070 αὐτὴν
594 2995 786 3069 ἐχρῆν,
809 2994 969 3049 οὐθὲν
988 2993 1089 3065 τῆς
1123 2992 1358 3065 ἀπειλῆς
1407 2992 1618 3065 κέρδοςο
1659 2992 1804 3048 ὥστε
1836 2994 1868 3066 ἢ
1906 3011 2002 3064 με-

367 3090 803 3161 ταϐαλομένους
851 3088 986 3159 γοῦν
1044 3087 1303 3160 κερδᾶναι
1349 3086 1448 3161 τὴν
1494 3087 1800 3160 τιμωρίαν,
1842 3089 1876 3159 ἢ
1927 3086 2002 3160 μὴ

2103 1899 2256 1948 cere,
2295 1885 2737 1956 quotiescunque
2773 1886 3085 1955 legentibus
3116 1885 3410 1942 ratiocinio
3440 1885 3702 1957 colligere

2103 1979 2497 2049 consequentia
2545 1975 2696 2036 licet.
2752 1979 2940 2050 Neque
2990 1995 3123 2035 sane
3156 1994 3299 2035 cum
3336 1979 3393 2036 in
3439 1979 3702 2052 praesenti

2103 2068 2268 2132 dixit,
2300 2086 2319 2121 ι
2347 2066 2599 2139 Praedica,
2623 2090 2641 2123 ι
2672 2070 2776 2127 hoc
2805 2088 2911 2129 uno
2937 2072 3106 2128 verbo
3131 2075 3450 2144 prophetam
3490 2074 3702 2129 instru-

2105 2170 2253 2215 ctum
2286 2161 2437 2215 misit
2471 2159 2635 2222 Deus,
2671 2159 2804 2228 quin
2837 2158 3004 2235 simul
3050 2162 3295 2227 doceret,
3340 2179 3593 2234 quaenam
3628 2167 3700 2221 ab

2106 2267 2175 2307 eo
2204 2252 2463 2323 posthinc
2516 2251 2864 2322 praedicanda
2906 2260 3118 2308 essent.
3155 2252 3340 2324 Neque
3372 2271 3498 2311 cum
3534 2257 3700 2323 dixit,

2104 2364 2121 2398 ι
2148 2347 2281 2402 Tres
2300 2347 2476 2403 adhuc
2497 2347 2631 2411 dies,
2660 2350 2715 2399 et
2736 2340 2928 2398 Ninive
2945 2343 3307 2419 subvertetur,
3333 2364 3350 2396 ι
3371 2346 3423 2401 id
3458 2352 3705 2402 tantum-

2105 2435 2268 2491 modo
2297 2437 2565 2507 propheta
2597 2438 2785 2493 dicere
2808 2437 3004 2508 jussus
3037 2438 3160 2505 fuit,
3187 2438 3282 2495 sed
3309 2437 3445 2494 dare
3473 2454 3701 2511 operam

2105 2534 2166 2581 ut
2212 2527 2570 2597 praedictione
2622 2529 2824 2584 excidii
2857 2529 2928 2584 ad
2985 2530 3264 2588 saniorem
3317 2546 3414 2587 eos
3465 2542 3705 2588 mentem

2105 2628 2426 2688 revocaret;
2471 2636 2569 2691 spe
2598 2621 2806 2686 oblata,
2855 2622 2904 2678 si
2936 2623 3088 2693 ipsos
3134 2624 3446 2695 pmniteret,
3481 2623 3599 2679 fore
3643 2631 3705 2677 ut

2105 2713 2285 2768 minas
2318 2712 2508 2768 irritas
2544 2713 2863 2769 redderent.
2896 2715 3116 2785 Alioqui
3147 2716 3343 2772 inutile
3376 2716 3573 2773 fuisset
3606 2715 3707 2770 mi-

2105 2807 2271 2863 nitari
2326 2807 2579 2873 exitium,
2627 2807 2673 2862 si
2723 2807 2776 2861 id
2824 2809 3142 2864 necessario
3183 2819 3509 2864 eventurum
3560 2816 3702 2865 erat.

2105 2896 2207 2954 llic
2237 2906 2357 2954 erat
2380 2913 2512 2969 ergo
2544 2898 2818 2952 minarum
2871 2897 3107 2963 fructus,
3150 2914 3345 2970 nempe
3375 2906 3435 2955 ut
3466 2899 3551 2955 vel
3588 2913 3707 2971 pm-

2105 2974 2347 3049 nitentes
2375 2992 2641 3047 ultionem
2673 2990 2997 3061 eﬂ‘ugerent,
3036 2991 3118 3047 vel
3152 2992 3467 3062 pertinaces
3492 3006 3704 3062 cogno-

2107 3094 2328 3141 scerent
2365 3085 2519 3156 juste
2551 3083 2793 3139 inﬂictas
2822 3099 2850 3137 a
2883 3083 2995 3140 Deo
3028 3099 3220 3155 poenas
3252 3084 3323 3141 ob
3353 3085 3494 3141 hanc
3527 3085 3704 3157 ipsam

373 3151 875 3258 μεταϐαλομένοις·
895 3151 1311 3251 δικαίωςαύτὴν
1334 3151 1667 3253 ἐπαχθεέσαν
1692 3151 1844 3253 παρὰ

2108 3158 2327 3236 illorum
2357 3151 2797 3250 improbitatem.

369 3285 451 3337 ὲκ
477 3279 583 3350 τῆς
616 3275 797 3331 αὐτῶν
825 3272 1140 3330 δείκνυσθαι
1175 3272 1398 3337 κακίας.

458 3370 622 3441 Στίχ.
673 3374 745 3438 γ’.
795 3397 866 3408 --
913 3364 1104 3420 Ταῦτα
1149 3363 1206 3417 δὲ
1263 3362 1357 3419 καὶ
1400 3363 1431 3416 ὁ
1481 3362 1771 3434 προφήτης
1824 3360 2003 3426 εἰδὼς,

372 3461 680 3533 Θαρσεῖς,
729 3460 930 3530 φησιν,
972 3458 1200 3527 ἔφυγεν
1243 3454 1313 3525 ἐκ
1363 3453 1693 3524 προσώπου
1736 3453 1963 3522 Κυρίου
1988 3471 2002 3483 ’

371 3558 495 3611 οὐκ
525 3555 599 3610 ἄν
627 3570 693 3624 γε
722 3551 884 3607 τοῦτο
913 3547 1232 3621 πεποιηκὼς
1266 3549 1314 3602 εἱ
1340 3546 1437 3618 τὴν
1470 3545 1853 3619 καταστροφὴν
1883 3546 2005 3599 ὲσο-

377 3646 573 3720 μένην
611 3644 830 3708 πάντως
854 3640 1148 3714 ἠπίστατο,
1182 3639 1276 3693 καὶ
1303 3638 1396 3693 ἐπὶ
1424 3637 1601 3709 τούτῳ
1629 3655 1692 3707 γε
1733 3636 2008 3693 ἀπεστάλ-

372 3741 508 3803 θαι,
536 3737 619 3801 ὡς
644 3734 710 3801 ἂν
741 3733 1034 3807 μηνύσειεν
1068 3731 1229 3804 μόνον
1260 3731 1519 3801 ἐσόμενον
1559 3728 1622 3780 τὸ
1649 3725 1874 3782 τοσοῦτο
1906 3744 2009 3780 κα-

372 3834 514 3897 κὸν,
550 3828 775 3892 οὐθενὸς
822 3826 1084 3899 ἐσομένου
1128 3823 1385 3890 καθάπαξ
1434 3821 1703 3894 βελτίονος
1734 3819 2006 3876 ἐντεῦθεν.

371 3925 638 3998 Θαρσεῖς
669 3922 727 3977 δὲ
755 3921 807 3975 οἱ
838 3921 939 3992 μὲν
969 3919 1180 3988 ἔφασαν
1207 3915 1468 3986 λέγεσθαι
1497 3915 1607 3987 τῆν’
1627 3912 1863 3986 Ταρσὸν,
1899 3911 2010 3967 ἀπὸ

372 4017 496 4087 τῆς
523 4010 673 4067 κατὰ
699 4010 800 4080 τὴν
823 4010 1134 4079 ὲκφωνησιν
1155 4008 1476 4077 ὲγγυτητος,
1497 4005 1575 4069 ὡς
1604 4004 1769 4069 ἔοικε,
1793 4000 2000 4076 πλανη-

375 4109 613 4171 θέντες.
657 4099 872 4167 Ταρσὸς
920 4099 1019 4170 μὲν
1064 4097 1174 4167 γὰρ
1223 4096 1645 4169 παραθαλασσία
1696 4096 1850 4162 πόλις
1899 4094 2000 4152 οὐκ

377 4201 550 4254 ἐστιν
573 4213 589 4227 ·
621 4196 721 4265 τὴν
746 4193 804 4247 δὲ
826 4189 1204 4264 προσηγορίαν
1234 4189 1438 4255 ταύτην
1456 4192 1535 4254 είς
1563 4190 1796 4262 δήλωσιν
1827 4209 1999 4264 παρα-

391 4287 733 4347 θαλασσίων
770 4286 982 4340 πόλεων
1016 4283 1207 4339 εἴωθεν
1236 4284 1270 4356 ἡ
1302 4281 1423 4337 θεία
1449 4283 1626 4352 λέγειν
1656 4283 1849 4357 Γραφή
1873 4301 1888 4317 ο
1925 4285 2001 4349 ὼς

376 4381 556 4454 παρὰ
596 4378 675 4450 τῷ
722 4377 981 4451 μακαρίῳ
1025 4374 1189 4432 Δαυῒδ
1218 4375 1302 4441 τὸ,
1346 4375 1449 4429 Ἔν
1493 4377 1783 4446 πνεύματι
1820 4377 2002 4444 ,ϐιαίῳ

432 4471 768 4529 υντοίύεις
807 4468 998 4524 πλοῖα
1037 4466 1291 4529 Θαρσεῖς
1311 4483 1324 4496 ο
1359 4465 1497 4529 ὅπερ
1526 4461 1619 4521 οὖν
1650 4468 1741 4520 ἐπὶ
1774 4468 1874 4529 μὲν
1901 4469 2001 4529 τῆς

374 4484 768 4542 συντρίψας
807 4484 998 4524 aucta
1037 4484 1291 4537 υαρσεις
1311 4484 1324 4496 ⁸
1359 4484 1497 4537 οπερ
1526 4484 1619 4521 ουν
1650 4484 1741 4520 επι
1774 4485 1874 4538 μεν
1901 4486 2001 4538 της
2040 4502 2083 4557 D
2115 4484 2216 4522 ceu
2255 4484 2457 4519 tarsus
2486 4484 2593 4528 εει,
2632 4484 2661 4515 a
2685 4484 2967 4527 utalt,uuu
3014 4484 3292 4530 cuugruu.
3324 4484 3429 4513 mu
3457 4484 3713 4513 nuuuum

377 4562 854 4625 παραθαλασσίου
893 4563 1009 4625 (54)
1051 4561 1259 4625 πόλεως
1283 4560 1376 4615 καὶ
1410 4561 1540 4625 παρ’
1569 4554 1741 4625 αὐτὴν
1770 4558 2001 4625 ἐχούσης
2063 4588 2071 4595 ~
2116 4555 2461 4625 intelligunt.
2521 4552 2635 4622 Ego
2683 4566 2813 4606 vero
2863 4565 3084 4606 omnem
3140 4550 3283 4605 hanc
3337 4549 3714 4605 curiositatem

377 4562 854 4639 παραθαλασσίου
893 4563 1009 4634 (54)
1051 4561 1259 4625 πόλεως
1283 4560 1376 4615 καὶ
1410 4561 1540 4633 παρ’
1569 4554 1741 4630 αὐτὴν
1770 4558 2001 4633 ἐχούσης

383 4661 626 4718 ἑστῶτα
649 4659 721 4712 τὰ
748 4657 911 4712 πλοῖα
944 4656 1021 4727 (p.
1061 4655 1191 4722 2i?)
1233 4653 1486 4723 λέγεσθαι
1522 4653 1764 4716 δυνατὸν,
1809 4654 1902 4708 ἐπὶ
1944 4654 2000 4708 δὲ

376 4754 495 4825 τῆς
528 4748 936 4822 ἀπῳκισμένης
963 4747 1087 4801 ὅσον
1115 4762 1221 4818 περ
1255 4746 1288 4816 ἡ
1313 4745 1524 4815 Ταρσὸς
1550 4744 1843 4812 ἀφεστῶσα
1872 4745 1998 4815 φαί-

380 4862 556 4905 νεται
603 4843 708 4912 τῆς
749 4840 1052 4911 θαλάσσης,
1102 4836 1355 4908 οὐδαμῶς
1399 4837 1698 4909 ἁρμόττον
1741 4838 1919 4911 ἕτεροι
1945 4837 2003 4892 δὲ

380 4942 461 5010 τὴ
465 4957 497 4991 ν
547 4935 734 4991 Ῥόδον
758 4933 970 5003 ἔφασαν
994 4950 1009 4964 ο
1038 4931 1154 4986 ἀλλ’
1178 4930 1355 5001 ἔγωγε
1380 4932 1557 4985 πᾶσαν
1582 4930 1681 5001 τὴν
1718 4928 2006 5002 ἀκριϐολο-

379 5030 527 5103 γίαν
564 5027 780 5099 ταύτην
812 5022 1079 5096 περιττὴν
1118 5016 1259 5076 εἶναι
1288 5021 1426 5093 πρὸς
1452 5020 1514 5074 τὸ
1537 5019 1898 5091 προκείμενον
1926 5036 2005 5073 νο-

385 5124 576 5199 μίζω,
611 5120 710 5175 ἅτε
735 5115 832 5191 τοῦ
866 5115 1011 5170 κατὰ
1036 5114 1128 5168 τὸν
1157 5112 1444 5186 προφήτην
1479 5110 1812 5183 διηγήματος
1841 5111 2006 5185 ὲῤῥω.

388 5220 581 5294 μένου
615 5213 683 5283 δὴ
730 5212 955 5273 πάντως
984 5206 1213 5294 ὁμοίως,
1244 5207 1438 5277 ἥντινα
1457 5203 1655 5274 δήποτε
1681 5203 1735 5256 εῐ
1755 5219 1838 5289 τις
1865 5199 2005 5258 εἶναι

384 5290 624 5384 νομίζοι
649 5306 750 5375 τὴν
784 5302 943 5357 πόλιν
968 5317 983 5330 ·
1028 5290 1432 5370 ἔπισημαντέον
1476 5297 1535 5350 δὲ
1572 5299 1749 5351 ἐκεῖνο
1785 5296 2004 5368 μᾶλλον,

356 5408 483 5459 ⁶ὅτι
508 5399 618 5453 οὐκ
641 5391 822 5461 εἶπεν,
863 5394 1111 5462 Ἔφυγεν
1153 5391 1220 5444 ὲκ
1248 5388 1339 5443 τοῦ
1375 5388 1532 5454 Θεοῦ,
1556 5389 1670 5443 ἀλλ’
1710 5389 1805 5444 Ἐκ
1822 5404 2008 5459 προσ-

384 5497 577 5550 ώπου
624 5488 886 5557 Κυρίου·
916 5484 981 5538 οὐ
1025 5482 1135 5556 γὰρ
1186 5481 1321 5535 Θεὸν
1379 5480 1599 5551 φεύγειν
1640 5482 1670 5534 ὁ
1721 5482 2007 5555 προφήτης

496 5644 556 5671 ’τ’
588 5646 734 5702 Psal.
776 5658 945 5704 van,
977 5639 1034 5694 8.

470 5785 596 5857 (34)
627 5784 707 5840 Ita
742 5781 834 5838 hic
866 5778 992 5836 cod.
1027 5794 1130 5831 ιου.
1165 5780 1234 5851 At
1264 5791 1429 5846 supra
1474 5791 1540 5829 ια.

747 5873 1028 5935 Ρηιιοι.
1065 5867 1186 5928 Gn.
1222 5866 1440 5927 LXV].

2185 3358 2346 3431 159
2382 3357 2651 3415 Vens..5.
2688 3388 2755 3401 —
2801 3356 3031 3421 llarum,
3092 3356 3293 3428 inquit,
3342 3347 3526 3411 rerum
3576 3369 3708 3425 pro-

2109 3449 2273 3520 pheta
2307 3463 2538 3515 gnarus,
2583 3471 2603 3504 ι
2630 3448 2867 3522 fugiebat
2893 3465 2921 3506 a
2953 3448 3087 3506 facie
3111 3447 3319 3504 Domini
3350 3446 3402 3500 in
3434 3443 3657 3503 Tharsis
3682 3466 3700 3497 ι

2109 3538 2285 3597 Porro
2326 3540 2381 3596 id
2415 3541 2642 3595 omnino
2675 3556 2785 3596 non
2820 3540 3205 3604 factitavisset,
3248 3540 3293 3595 si
3327 3538 3553 3594 exitium
3588 3538 3713 3593 sine

2110 3632 2281 3689 dubio
2310 3632 2561 3690 futurum
2592 3639 2804 3698 nosset,
2847 3640 2903 3688 et
2950 3635 2999 3688 si
3049 3632 3209 3688 unice
3247 3632 3312 3686 ad
3339 3630 3711 3685 calamitatem

2109 3727 2474 3784 nuntiandam
2499 3729 2706 3784 missus
2735 3725 2954 3791 fuisset,
2990 3727 3064 3781 ita
3089 3733 3150 3779 ut
3180 3724 3319 3780 nihil
3352 3723 3481 3779 boni
3508 3736 3713 3777 conse-

2111 3827 2399 3890 queretur.
2442 3817 2563 3874 Jam
2615 3818 2849 3874 Tharsis
2894 3816 3151 3873 nonnulli
3198 3816 3354 3870 aiunt
3399 3814 3713 3886 significare

2112 3908 2374 3974 Tarsum,
2416 3908 2660 3965 nominis
2686 3908 3100 3979 propinquitate
3146 3914 3205 3961 ut
3232 3906 3453 3962 videtur
3474 3904 3711 3975 decepti.

2113 4001 2326 4058 Tarsus
2353 4003 2501 4058 enim
2539 4000 2687 4057 haud
2737 4009 2823 4057 est
2857 4002 3136 4056 maritima
3177 4000 3311 4056 urbs
3347 4018 3359 4053 :
3398 4000 3495 4052 illn
3525 4007 3714 4054 autem

2112 4096 2337 4151 nomine
2364 4094 2673 4151 maritimas
2706 4093 2873 4149 urbes
2903 4093 3197 4162 designare
3232 4093 3517 4162 Scriptura
3549 4090 3712 4154 solet,

2113 4187 2288 4241 veluti
2325 4186 2468 4257 apud
2505 4186 2729 4242 beatum
2759 4184 3019 4240 Davidem
3057 4203 3071 4242 :
3113 4204 3130 4237 ι
3164 4182 3342 4241 Vento
3379 4183 3558 4238 valido
3585 4197 3717 4237 con-

2117 4290 2264 4335 teres
2297 4294 2470 4334 naves
2492 4276 2725 4333 Tharsis
2752 4277 2797 4310 ⁷⁷
2824 4296 2838 4332 :
2877 4296 2895 4330 ι
2933 4277 2985 4329 id
3015 4276 3160 4347 quod
3185 4277 3252 4332 de
3269 4277 3549 4331 maritima
3575 4275 3714 4331 urbe

2113 4387 2286 4427 naves
2327 4370 2475 4441 apud
2509 4385 2569 4425 se
2599 4369 2839 4424 habente
2873 4367 2982 4423 dici
3010 4378 3225 4439 potest;
3260 4378 3485 4424 remota:
3507 4374 3712 4430 autem,

2115 4479 2216 4522 ceu
2246 4463 2457 4519 Tarsus
2486 4468 2593 4528 est,
2632 4475 2661 4515 a
2685 4461 2967 4527 mari,non
3014 4460 3292 4530 congruit.
3324 4459 3429 4513 Alii
3456 4457 3713 4513 Rhodum

2122 4648 2386 4706 existimo
2444 4656 2934 4715 supervacaneam,
2983 4657 3047 4697 ac
3091 4641 3373 4712 prophetae
3429 4640 3716 4697 historiam

2117 4754 2273 4809 aeque
2304 4736 2559 4809 ﬁrmam,
2587 4732 2896 4804 quamlibet
2919 4733 3157 4803 quisque
3183 4733 3461 4789 civitatem
3486 4730 3717 4802 cogitet.

2120 4830 2256 4885 lilnd
2294 4828 2476 4899 potius
2512 4825 2992 4882 animadversione
3020 4823 3248 4895 dignum
3281 4833 3391 4890 est,
3421 4822 3567 4895 quod
3609 4835 3723 4877 non.

2121 4923 2344 4987 dixerit,
2393 4919 2558 4991 Fugit
2603 4934 2634 4972 a
2685 4916 2818 4982 Deo,
2858 4916 2978 4983 sed,
3011 4935 3044 4972 α
3076 4917 3216 4984 facie
3261 4917 3494 4975 Domini.
3531 4914 3721 4985 Neque

2117 5016 2263 5070 enim
2288 5015 2562 5086 propheta
2608 5026 2669 5069 se
2709 5026 2740 5065 a
2784 5009 2898 5067 Deo
2943 5009 3133 5084 fugere
3171 5013 3526 5084 opinabatur,
3550 5032 3717 5086 quem

2117 5111 2363 5164 omnium
2425 5107 2719 5163 Dominum
2772 5093 3199 5178 {creatoremque
3264 5107 3494 5171 sciebat,
3552 5117 3719 5180 atque

2117 5202 2324 5273 ubique
2350 5206 2683 5272 praesentem
2733 5198 3013 5256 credebat.
3050 5197 3156 5255 Sed
3185 5201 3443 5269 quoniam
3491 5200 3544 5254 in
3581 5198 3717 5256 Sion
3779 5247 3783 5253 .

2117 5303 2304 5350 monte
2336 5293 2657 5347 universum
2706 5290 2811 5345 sibi
2858 5293 3068 5346 cultum
3114 5290 3359 5346 adhiberi
3410 5289 3555 5353 Deus
3589 5293 3716 5363 jus-

2117 5396 2286 5451 serat,
2313 5385 2574 5456 Opinione
2603 5382 2845 5453 quadam
2885 5379 3092 5437 Iudaeis
3136 5381 3411 5447 immissa,
3448 5385 3608 5454 quasi
3640 5384 3717 5439 ibi

2118 5479 2405 5543 incoleret,
2469 5491 2739 5547 suumque
2804 5473 3007 5530 ibidem
3087 5483 3373 5546 aspectum
3447 5478 3720 5534 revelaret

3315 5859 3387 5923 11
