4102 6510
420 317 518 374 551

1577 318 1667 377 ΤΗ
1678 320 1931 380 EODORI
1960 323 2005 381 Μ
2013 323 2189 385 OPSU
2201 325 2445 383 ES’I‘ENI

3577 342 3685 400 552

419 434 613 506 (quare
656 442 711 493 et
754 433 1131 507 Hierosolyma
1181 441 1236 491 et
1283 433 1432 505 regio
1491 435 1672 492 omnis
1720 438 1994 507 promissa

2104 438 2254 511 ᾤετο,
2285 441 2502 496 πάντων
2540 440 2702 496 αὐτὸν
2730 443 3006 516 Δεσπότην
3038 445 3131 500 καὶ
3166 448 3393 522 ποιητήν
3430 448 3569 508 εἶναι
3593 473 3684 509 νο-

418 526 708 584 dieebatur
754 527 827 583 ob
866 541 984 582 eam
1039 541 1266 580 causam
1322 526 1617 581 tentorium
1658 526 1771 591 Dei,
1820 543 1918 583 ceu
1952 529 1999 584 si

420 622 565 676 hanc
596 620 907 675 universam
936 628 1232 690 occuparet
1256 620 1493 674 incolatu
1522 635 1623 674 suo
1660 618 1821 685 Deus,
1851 635 2001 675 eam-

418 712 653 781 demque
682 712 859 767 oculis
929 711 1351 782 perlustraret);
1396 712 1602 767 idcirco
1645 728 1674 767 a
1712 712 1850 769 facie
1892 712 2003 769 Do-

420 805 552 858 'nini
594 804 801 876 fugisse
839 804 1156 874 prophetam
1188 805 1263 858 ait
1298 803 1601 876 Scriptura,
1633 808 1730 877 qui
1759 821 2004 863 excesse-

416 903 504 949 rat
566 910 630 951 ea
701 896 942 968 regione,
1006 895 1059 949 in
1118 910 1227 965 qua
1292 903 1465 952 semet
1509 896 1654 952 Deus
1701 898 1998 954 revelabat.

416 986 621 1058 Nempe
654 988 738 1042 his
774 988 957 1044 verbis
1002 988 1056 1042 in
1095 988 1257 1041 aliam
1303 988 1553 1057 quamvis
1594 996 1859 1043 remotam
1893 999 2002 1046 ter-

417 1095 535 1135 ram
570 1082 871 1136 secessisse
907 1080 1171 1150 prOpheta
1204 1079 1407 1135 dicitur
1441 1098 1454 1135 :
1487 1081 1581 1151 qui
1612 1096 1803 1153 reapse
1837 1083 1908 1137 ita
1942 1099 2002 1140 se
2036 1084 2071 1093 θ’

416 1177 684 1242 gesserat,
713 1185 811 1226 ceu
843 1171 888 1226 si
923 1172 977 1224 in
1005 1169 1226 1240 judaica
1260 1172 1486 1242 regione
1517 1174 1755 1228 manenti
1783 1175 2004 1244 appari-

418 1270 578 1319 turus
602 1263 828 1318 omnino
878 1262 1018 1319 Deus
1056 1270 1222 1329 esset,
1259 1278 1426 1333 seque
1464 1264 1530 1319 ad
1568 1263 1723 1333 jussa
1756 1263 2001 1320 facienda

416 1356 802 1410 excitaturus:
833 1368 1022 1410 contra
1068 1356 1111 1410 si
1158 1356 1345 1425 procul
1390 1357 1562 1419 licret,
1605 1358 1908 1411 cariturum
1943 1373 2003 1414 se

419 1447 671 1502 molestia
719 1447 972 1516 sperabat
1018 1464 1032 1501 :
1074 1447 1233 1517 160
1270 1447 1429 1518 quasi
1484 1448 1743 1502 nimirum
1787 1449 1910 1516 aliis
1946 1450 2001 1504 in

419 1539 559 1594 locis
594 1538 736 1594 Deus
761 1546 933 1594 semet
956 1538 1202 1593 revelare
1235 1553 1342 1591 non
1380 1545 1679 1608 pateretur.
1715 1538 1895 1610 Atque
1926 1541 2001 1594 ita

415 1625 613 1693 Judzei,
649 1629 777 1684 dum
819 1629 1017 1699 captivi
1062 1629 1458 1693 detinerentur,
1491 1629 1840 1684 victimarum
1865 1646 2003 1700 quo—

416 1736 525 1792 que
548 1721 633 1776 vel
661 1719 909 1791 cujusvis
948 1721 1253 1792 religionis
1281 1720 1393 1777 Deo
1426 1721 1745 1777 exhibenda
1789 1722 1999 1777 nullum

420 1814 660 1869 fructum
701 1829 824 1869 esse
860 1814 1125 1891 putabant
1159 1832 1172 1868 :
1216 1829 1315 1869 ceu
1366 1815 1412 1868 si
1458 1812 1602 1869 Deus
1635 1814 1744 1869 illis
1775 1814 1830 1868 in
1865 1814 1999 1868 locis

416 1918 594 1975 neque
643 1918 909 1976 apparere
964 1920 1143 1976 neque
1192 1904 1453 1961 honorem
1515 1904 1833 1975 religiosum
1892 1905 1999 1962 sibi

417 1997 720 2051 adhibitum
750 1997 947 2051 soleret
979 1996 1281 2051 admittere.
1331 1995 1692 2067 Perspicuum
1723 2011 1890 2067 porro
1914 2005 1998 2053 est

415 2088 736 2158 prophetam
800 2087 868 2142 ad
918 2087 973 2142 id
1031 2090 1307 2159 negotium
1361 2090 1653 2160 torpuisse,
1708 2098 1997 2159 propterea

416 2179 562 2249 quod
594 2195 717 2235 eum
751 2179 893 2236 Deus
925 2180 1146 2251 quidem
1180 2196 1289 2235 non
1314 2181 1433 2236 sine
1458 2182 1721 2251 praeclara
1752 2197 1848 2252 spe
1870 2183 2000 2236 mit-

415 2272 563 2327 tebat
597 2272 797 2342 (neque
842 2272 991 2327 enim
1029 2273 1192 2327 unius
1237 2273 1438 2327 excidii
1496 2287 1663 2329 causa
1716 2273 2004 2328 nuntiandi

415 2363 682 2426 misisset,
723 2364 831 2420 nisi
881 2364 1012 2419 hinc
1050 2379 1268 2435 quoque
1316 2364 1443 2419 boni
1481 2365 1685 2434 aliquid
1721 2366 2007 2421 moliretur

416 2454 776 2524 extundere);
818 2456 913 2511 sed
957 2465 1137 2511 tamen
1174 2456 1291 2526 ipse
1327 2456 1483 2511 valde
1518 2457 1818 2512 absurdum
1848 2464 2007 2527 puta-

415 2547 533 2610 bat,
567 2547 612 2601 si
649 2545 788 2603 forte
836 2547 1001 2603 homo
1041 2547 1228 2603 subito
1268 2549 1661 2619 superveniens
1695 2548 1781 2605 his
1810 2550 1903 2621 qui
1941 2566 2000 2605 se

417 2647 577 2692 antea
607 2653 717 2693 non
761 2649 1047 2705 noverant,
1080 2641 1343 2696 continuo
1378 2640 1669 2697 nebulonis
1710 2642 1998 2711 cujusdam

416 2737 473 2782 ct
502 2729 852 2785 circulatoris
904 2729 1102 2784 famam
1134 2730 1530 2786 contraheret:
1578 2729 1631 2784 id
1679 2728 1825 2799 quod
1857 2730 2005 2799 ipse—

417 2826 527 2875 met
584 2820 638 2875 in
704 2822 1172 2893 consequentibus
1245 2837 1371 2876 mox
1447 2821 1799 2877 sermonibus
1863 2821 2002 2876 satis

415 2909 677 2966 ostendit.

2031 1786 2123 1885 Β(

2106 532 2299 603 μίζων,
2331 534 2424 587 καὶ
2456 536 2732 606 πανταχοῦ
2769 539 3022 608 παρεῖναι
3058 541 3363 596 πιστεύων·
3408 545 3593 619 ἐπειδὴ
3626 548 3685 602 δὲ

2102 623 2194 677 ἐπὶ
2226 622 2319 676 τοῦ
2351 624 2490 678 Σιὼν
2540 626 2701 698 ὅρους
2744 627 2962 682 ἃπασαν
2991 630 3139 702 αύτῷ
3170 633 3543 703 προσάγεσθαι
3588 638 3688 708 τὴν

2102 716 2358 788 λατρείαν
2393 718 2725 790 προσέταξεν
2753 721 2781 774 6
2812 720 2967 787 Θεὸς,
3001 723 3256 779 ὑπόνοιαν
3297 726 3571 793 Ἰουδαίοις
3598 732 3688 785 ἐν-

2100 807 2363 873 τεθεικὼς
2390 809 2465 875 ὡς
2495 811 2683 886 αὐτόθι
2710 830 2774 881 γε
2807 814 2902 868 καὶ
2926 816 3092 871 οίκῶν
3122 819 3215 870 κοιλ⁵
3243 818 3340 891 τὴν
3364 820 3691 889 ἐπιφάνειαν

2103 900 2422 972 ποιούμενος
2446 903 2544 974 τὴν
2574 905 2795 958 οἰκείαν·
2827 907 2919 959 καὶ
2952 909 3214 980 σκήνωμα
3235 910 3290 964 δέ
3319 912 3412 966 τοῦ
3443 912 3576 967 Θεοῦ
3602 915 3693 970 διὰ

2102 994 2305 1067 ταύτην
2340 996 2436 1068 τὴν
2480 998 2661 1051 αἰτίαν
2695 999 2728 1071 ἦ
2762 1017 2820 1052 τε
2854 1001 3006 1064 πόλις
3051 1002 3405 1076 Ἰερουσαλὴμ
3447 1006 3688 1077 ἐλέγετο,

2104 1083 2196 1139 καὶ
2227 1087 2259 1156 ή
2286 1085 2359 1155 γῆ
2387 1086 2443 1139 δέ
2473 1088 2622 1141 πᾶσα
2656 1089 2754 1159 τῆς
2782 1088 3132 1158 ἐπαγγελίας,
3205 1092 3281 1156 ὠς
3310 1094 3374 1148 ἂν
3403 1094 3460 1148 ἐν
3499 1096 3692 1171 ἁπάσῃ

2101 1193 2162 1229 τε
2190 1175 2467 1240 οἰκοῦντος
2496 1177 2589 1230 τοῦ
2624 1176 2761 1231 Θεοῦ
2793 1180 2886 1232 καὶ
2921 1181 3100 1233 πᾶσαν
3131 1180 3302 1252 αὐτὴν
3347 1183 3686 1254 ἐφορῶντος·

2101 1266 2189 1320 διὰ
2215 1265 2374 1320 τοῦτο
2401 1268 2466 1320 ἐκ
2500 1267 2790 1339 προσώπου
2824 1268 2915 1322 τοῦ
2947 1268 3152 1340 Κυρίου
3181 1271 3513 1339 πεφευγέναι
3543 1272 3693 1340 λέγει

2101 1357 2194 1411 τὸν
2254 1359 2559 1430 προφήτην,
2612 1358 2704 1413 τὸν
2764 1359 2863 1430 τῆς
2916 1360 3102 1432 χώρας
3166 1362 3382 1432 ἐκείνης
3433 1362 3491 1414 ἐν
3546 1357 3690 1436 ᾗπερ

2103 1450 2337 1503 ἐποιεῖτο
2374 1449 2472 1521 τὴν
2501 1449 2707 1503 οἰκείαν
2742 1451 3065 1521 ἐπιφάνειαν
3097 1453 3125 1505 6
3154 1451 3286 1516 Θεὸς
3316 1454 3575 1515 ἐκϐάντα,
3611 1456 3691 1518 εἰς
3783 1509 3789 1513 .

2104 1542 2297 1612 ἑτέραν
2328 1541 2448 1595 τινὰ
2479 1542 2572 1595 καὶ
2614 1543 3011 1614 ἀπῳκισμένην
3044 1542 3229 1615 χώραν
3259 1545 3515 1598 ἀπελθεῖν
3548 1545 3693 1599 οὕτω

2102 1634 2276 1707 δηλῶν
2314 1652 2326 1665 ·
2373 1633 2530 1688 τοῦτο
2564 1634 2675 1706 γὰρ
2704 1636 2731 1687 6
2762 1635 3048 1706 προφήτης
3082 1636 3277 1689 ἐποίει·
3312 1635 3386 1700 ὡς
3430 1636 3557 1707 ἄχρι
3590 1635 3691 1706 μὲν

2103 1727 2162 1779 ἐν
2229 1725 2409 1798 ἐκείνῃ
2466 1726 2616 1797 διῆγε
2664 1729 2732 1798 τῇ
2792 1726 2943 1798 χώρᾳ
2998 1727 3420 1799 ἐπιφαινομένου
3472 1729 3691 1792 πάντως

2132 1830 2164 1885 p
2206 1815 2335 1886 245)
2382 1814 2533 1886 αὐτῷ
2570 1815 2663 1869 τοῦ
2696 1815 2828 1869 Θεοῦ
2874 1818 2965 1871 καὶ
2996 1816 3353 1888 διεγείροντος
3401 1817 3563 1870 αὐτὸν
3605 1819 3693 1887 ἐφ’

2103 1908 2239 1979 ὅπερ
2263 1908 2528 1961 ’ἐϐούλετο
2548 1924 2561 1937 ·
2607 1911 2653 1963 εἰ
2682 1908 2737 1962 δέ
2772 1910 2962 1982 πόρρω
2988 1911 3217 1979 γένοιτο,
3249 1910 3549 1982 κερδαίνων
3590 1911 3691 1982 τὴν

2106 1997 2383 2067 ἐνόχλησιν
2413 1998 2657 2069 ἐκείνην·
2692 1998 2769 2062 ώς
2803 1998 2867 2052 ἂν
2904 1999 3036 2070 μηδέ
3072 1999 3454 2068 ἐπιφαίνεσθαι
3481 2002 3538 2052 ἐν
3568 2001 3690 2054 ἐτέ-

2106 2106 2223 2160 ροις
2246 2090 2431 2151 τόποις
2460 2092 2785 2162 ἀνεχομένου
2816 2090 2908 2144 τοῦ
2936 2092 3111 2144 Θείου·
3141 2091 3284 2145 οὕτω
3315 2093 3409 2146 καὶ
3448 2093 3690 2147 Ἰουδαῖοι

2103 2182 2198 2234 ἐπὶ
2242 2181 2341 2251 τῆς
2384 2182 2763 2253 αἰχμαλωσίας
2795 2184 2949 2246 ὄντες
2972 2223 2986 2249 ,
3040 2184 3300 2256 περιττὰς
3335 2186 3565 2257 ἡγοῦντο
3592 2188 3689 2241 καὶ

2102 2272 2201 2336 τὰς
2249 2273 2441 2337 θυσίας
2490 2276 2582 2327 καὶ
2628 2274 2728 2347 τὴν
2756 2274 3014 2346 λατρείαν
3044 2276 3263 2331 ἅπασαν
3309 2279 3409 2348 τὴν
3447 2278 3525 2349 τῷ
3569 2279 3688 2350 Θεῷ

2104 2364 2544 2436 προσαγομένην,
2579 2366 2654 2430 ώς
2695 2359 2861 2421 αὑτοῦ
2918 2368 2992 2441 μὴ
3038 2368 3421 2437 ἐπιφαίνεσθαι
3471 2371 3528 2423 ἐν
3575 2373 3689 2436 τοῖς

2104 2457 2220 2509 ἐκεῖ
2244 2455 2449 2521 τόποις,
2489 2458 2624 2530 μηδέ
2661 2459 2913 2530 δέχεσθαι
2949 2459 3019 2514 τά
3049 2460 3236 2514 αὐτόθι
3281 2464 3361 2526 εἰς
3391 2462 3489 2533 τὴν
3522 2462 3690 2516 αὐτοῦ

2104 2546 2453 2620 πληρούμενα
2468 2549 2648 2621 τιμὴν
2679 2550 3024 2621 ἀνεχομένου·
3058 2552 3216 2622 δῆλος
3241 2553 3297 2607 δέ
3325 2550 3393 2625 ἦν
3420 2554 3447 2606 6
3477 2556 3691 2623 προφήα

2101 2654 2201 2708 της
2230 2638 2366 2708 πρδς
2392 2638 2453 2691 τὸ
2487 2641 2720 2710 πρᾶγμα
2756 2640 2930 2693 ὀκνῶν
2952 2685 2966 2706 ,
3015 2641 3103 2696 διά
3132 2643 3193 2696 τὸ
3228 2646 3456 2716 συνορᾷν
3492 2645 3586 2715 μὲν
3614 2644 3692 2709 ὡς

2102 2724 2195 2777 ἐπί
2215 2742 2355 2778 τισιν
2387 2726 2546 2781 αὑτὸν
2568 2728 2887 2782 ἀποστέλλει
2919 2731 3135 2797 πάντως
3166 2737 3431 2806 χρησταῖς
3454 2735 3688 2788 ἐλπίσιν·

2107 2816 2207 2870 οὐκ
2240 2817 2303 2871 ἄν
2331 2835 2393 2888 γε
2423 2821 2515 2872 ἐπὶ
2547 2819 2610 2891 δὴ
2648 2821 2815 2892 μόνης
2845 2824 3063 2893 πέμψας
3096 2826 3257 2879 αὐτὸν
3284 2827 3697 2899 καταστροφῆς,

2110 2912 2155 2963 εἰ
2194 2912 2266 2982 μή
2297 2927 2351 2964 τι
2386 2912 2479 2965 καὶ
2525 2912 2727 2982 ἀγαθὸν
2758 2913 3009 2969 ἐντεῦθεν
3046 2919 3350 2988 οἰκονομεῖν
3398 2920 3649 2972 ἐϐούλετο
3671 2935 3686 2951 ·

415 3004 524 3057 τῶν
560 3003 701 3071 ἄγαν
734 3004 791 3057 δέ
855 3004 1074 3057 ἀτόπων
1121 2998 1260 3054 εἶναι
1336 3001 1564 3074 νομίσας
1611 3003 1660 3055 εἰ
1712 3000 1927 3071 πρῶτον
2001 2999 2312 3073 ἀνθρώποις
2356 3002 2540 3073 ὀφθεὶς
2582 3006 2692 3068 τοῖς
2751 3006 2811 3058 οὐ
2866 3007 3127 3079 πρότερον
3192 3009 3354 3062 αὐτὸν
3397 3008 3693 3080 ἐπισταμέο

415 3115 546 3163 νοις,
582 3098 710 3153 εὐθύ
745 3114 889 3162 τινος
915 3096 1149 3166 ψεύστου
1181 3098 1276 3149 καὶ
1297 3095 1612 3160 ἀπατεῶνος
1637 3095 1996 3163 ἀπενέγκοιτο
2024 3095 2200 3162 δόξαν·
2230 3099 2386 3152 τοῦτο
2430 3099 2483 3152 δέ
2527 3102 2617 3154 καὶ
2646 3101 2807 3167 αὐτὸς
2849 3105 2905 3156 ἐν
2941 3105 3053 3166 τοῖς
3112 3104 3403 3175 μετέπειτα
3445 3107 3533 3161 διὰ
3583 3108 3693 3160 τῶν

414 3189 632 3243 οἰκείων
665 3188 840 3260 δηλῶν
869 3182 1121 3258 φαίνεται
1151 3187 1433 3259 ῥημάτων.

490 3280 657 3339 Vens.
705 3282 822 3337 4-6.
854 3312 925 3322 -—
962 3279 1076 3336 llac
1128 3280 1195 3336 de
1236 3295 1407 3337 causa
1459 3281 1746 3338 descendit
1792 3280 2001 3353 Joppen

2179 3281 2327 3351 Στίχ.
2361 3281 2500 3345 δ’-ς’.
2551 3308 2618 3319 -α-
2645 3280 2869 3348 Κατέϐη
2902 3280 3000 3346 μὲν
3030 3276 3121 3334 οὖν
3150 3281 3229 3344 εἰς
3266 3281 3362 3353 τὴν
3409 3283 3630 3354 Ἰόππην
3664 3287 3694 3337 6
3740 3302 3751 3315 ·

418 3375 708 3448 propheta,
736 3374 1186 3446 deprehensaque
1215 3376 1338 3431 navi
1379 3375 1609 3433 Tharsis
1649 3391 1844 3432 versus
1878 3383 2001 3431 ten-

416 3472 599 3535 dente,
640 3468 864 3523 naulum
917 3469 1149 3524 exsolvit
1203 3470 1562 3525 eontumacite
1602 3484 1735 3532 suae,
1778 3475 1833 3523 et
1877 3483 1999 3523 cum

418 3560 630 3630 reliqua
664 3561 820 3615 turba
871 3559 1245 3616 conscendens
1283 3559 1513 3617 Tharsis
1556 3560 1867 3631 navigabat,
1903 3574 1998 3614 ceu

421 3652 466 3707 si
498 3652 573 3707 ibi
599 3651 780 3708 divina
811 3653 1063 3708 molestia
1095 3652 1229 3707 liber
1256 3662 1404 3709 esset
1433 3651 1672 3727 futurus,
1699 3653 1829 3723 quia
1856 3649 2002 3705 Deus

422 3744 616 3801 aiienis
636 3745 694 3799 in
722 3745 1040 3816 regionibus
1072 3745 1297 3800 minime
1335 3744 1438 3802 sibi
1467 3736 1803 3800 occursurus
1834 3753 1999 3807 esset,

418 3854 596 3908 neque
622 3840 1011 3895 necessitatem
1050 3840 1182 3894 certi
1221 3839 1326 3893 loci
1351 3839 1584 3894 adeundi
1618 3837 1999 3907 impositurus.

416 3927 538 3984 Jam
576 3929 667 3983 ubi
712 3929 766 3983 in
820 3929 992 3983 altum
1041 3943 1369 3999 progressus
1420 3928 1539 3993 fuit,
1594 3926 1892 3982 declaravit
1925 3925 2000 3980 illi

418 4020 564 4077 Deus
603 4035 765 4091 quam
816 4020 1064 4076 inutilem
1103 4036 1379 4092 quamque
1426 4021 1649 4075 stultam
1693 4016 1875 4089 fugam
1909 4033 2002 4071 ca-

417 4113 774 4183 pessivisset;
811 4112 1115 4185 graviorem
1166 4114 1309 4168 enim
1366 4125 1719 4167 commovens
1755 4116 1997 4172 ventum,

417 4212 626 4260 tantam
659 4207 713 4259 in
759 4204 895 4259 mari
925 4206 1182 4260 conﬂavit
1218 4202 1536 4274 procellam,
1565 4210 1624 4256 ut
1651 4197 1874 4270 infringi
1902 4214 2002 4254 na—

414 4300 500 4354 vis
526 4279 954 4368 periclitaretur,
1003 4314 1127 4368 qua:
1159 4297 1266 4353 vim
1302 4296 1566 4350 ﬂuctuum
1613 4310 1721 4350 non
1770 4291 1995 4350 ferebat.

416 4391 559 4445 Hinc
588 4405 756 4460 pavor
786 4391 1130 4461 navigantes,
1183 4397 1241 4444 ut
1289 4404 1387 4461 par
1435 4395 1573 4454 erat,
1617 4386 1915 4459 corripuit;
1946 4393 2000 4442 et

416 4484 559 4554 apud
590 4496 751 4539 suum
798 4485 1031 4556 quisque
1075 4482 1344 4539 creditum
1401 4481 1581 4547 deum,
1628 4496 1788 4553 quem
1824 4479 1997 4552 patria

416 4576 683 4645 religione
733 4577 985 4642 colebat,
1035 4590 1277 4647 praesens
1323 4576 1446 4629 vita:
1489 4574 1789 4633 discrimen
1836 4572 2000 4627 elatis

2108 3374 2391 3445 προφήτης
2422 3370 2624 3443 ταύτης
2653 3370 2815 3424 ἕνεκα
2847 3371 2945 3441 τῆς
2975 3371 3174 3437 αἰτίας·
3214 3373 3396 3425 αὐτόθι
3426 3372 3482 3426 δὲ
3509 3374 3695 3428 πλοῖον

2106 3466 2200 3518 ἐπὶ
2237 3465 2470 3536 Θαρσεῖς
2509 3463 2671 3517 ἀπιὸν
2706 3461 2899 3533 εὑρὼν,
2931 3463 3024 3517 τόν
3056 3480 3115 3516 τε
3148 3463 3338 3535 μισθὸν
3365 3464 3561 3518 δέδωκε
3592 3466 3691 3536 τῆς

2104 3557 2361 3619 ἀπονοίας
2387 3596 2400 3620 ,
2437 3556 2532 3608 καὶ
2572 3555 2746 3626 ἐμϐὰς
2783 3556 2921 3625 μετά
2944 3555 3052 3607 τῶν
3084 3554 3285 3609 λοιπῶν
3334 3557 3407 3626 (p.
3431 3556 3559 3625 2M}
3596 3559 3690 3612 ἐπὶ

2104 3648 2339 3718 Θαρσεῖς
2385 3645 2633 3710 ἐξέπλει·
2677 3646 2752 3711 ώς
2791 3646 2856 3699 ἂν
2886 3647 3070 3699 αὐτόθι
3117 3646 3213 3717 τὴν
3249 3647 3529 3718 ἐνόχλησιν
3563 3648 3691 3717 μέλ-

2103 3737 2209 3793 λων
2240 3737 2505 3791 ἐκκλίνειν
2535 3736 2632 3808 τὴν
2661 3736 2830 3803 θείαν,
2871 3738 2970 3791 οὐκ
3005 3739 3427 3809 ἐπιφαινομένου
3453 3757 3510 3792 τε
3541 3739 3691 3811 αὐτῷ

2105 3833 2163 3885 ἐν
2207 3830 2504 3903 ἀλλοτρίοις
2550 3832 2735 3895 τόποις
2780 3830 2873 3884 τοῦ
2929 3831 3087 3895 Θεοῦ,
3127 3834 3217 3885 καὶ
3249 3833 3561 3901 ἐπείγοντος
3592 3835 3691 3887 ἐπὶ

2104 3923 2164 3977 τὸ
2194 3920 2552 3998 προκείμενον
2578 3922 2854 3998 ἀπελθεῖν·
2887 3922 3074 3993 ἐπειδὴ
3101 3923 3155 3976 δέ
3193 3924 3334 3977 κατά
3363 3924 3460 3994 τὴν
3488 3923 3687 3979 θάλατ-

2103 4033 2200 4070 ταν
2231 3996 2446 4086 ἐγένετο
2476 3996 2675 4079 πλέων,
2705 4015 2861 4086 δῆλον
2889 4015 3050 4068 αὑτὸν
3090 4013 3199 4068 οῖον
3242 4014 3353 4087 (55)
3391 4018 3419 4068 6
3446 4016 3575 4078 Θεὸς
3606 4017 3688 4070 ὅτι

2104 4109 2363 4179 περιττήν
2395 4125 2519 4161 τινα
2545 4108 2636 4159 καὶ
2670 4104 2901 4175 ματαίαν
2934 4104 3171 4177 ὑπέμενε
3206 4105 3305 4178 τὴν
3333 4106 3529 4177 φυγὴν,
3559 4123 3687 4175 σφο-

2101 4199 2229 4271 δρὸν
2278 4197 2495 4269 πνεῦμα
2544 4200 2793 4266 κινήσας,
2836 4196 3086 4251 τοσοῦτον
3122 4197 3214 4251 ἐπὶ
3264 4198 3361 4269 τῆς
3412 4197 3687 4270 θαλάσσης

2103 4295 2398 4366 εἰργάσατο
2439 4292 2530 4345 τὸν
2566 4291 2831 4353 κλύδωνα,
2869 4291 3008 4345 ὥστε
3044 4292 3137 4346 καὶ
3178 4292 3527 4363 συντριϐῆναι
3572 4310 3687 4346 κιν-

2101 4386 2343 4441 δυνεύειν
2376 4384 2437 4439 τὸ
2465 4384 2645 4438 πλοῖον
2675 4383 2945 4455 ού,φέρον
2972 4382 3081 4437 τῶν
3111 4384 3371 4454 κυμάτων
3396 4383 3494 4454 τὴν
3521 4384 3642 4453 βίαν
3665 4399 3685 4417 ⁸

2103 4477 2266 4549 φόϐος
2310 4478 2375 4530 ἐκ
2417 4474 2609 4529 τούτου
2658 4475 2781 4538 τοὺς
2825 4476 2882 4528 ἐν
2928 4472 3077 4544 αὐτῷ
3109 4472 3329 4544 εἴληφεν
3377 4473 3453 4536 ὡς
3499 4473 3643 4536 εἰκός
3669 4490 3687 4504 ·

2102 4570 2329 4632 ἔκαστός
2357 4585 2416 4621 τε
2444 4567 2578 4639 πρὸς
2610 4565 2670 4621 ὃν
2700 4567 2884 4638 ἡγεῖτο
2924 4565 3063 4631 θεὸν,
3099 4566 3193 4620 καί
3235 4559 3388 4638 ᾧπερ
3418 4565 3687 4639 θρησκεύέ

416 4633 753 4723 clamoribus
782 4633 1198 4740 deprecabatur.
1232 4666 1371 4721 Tum
1422 4681 1482 4721 se
1524 4666 1840 4721 intendente
1871 4678 2001 4734 pro-

2104 4680 2185 4715 ειν
2216 4659 2418 4727 εἰώθει,
2446 4633 2512 4730 vii
2534 4660 2693 4728 φωνῇ
2723 4633 3066 4728 κεχρημένος
3095 4633 3415 4730 ἀπαλλαγην
3444 4633 3563 4728 ᾔτει
3590 4654 3686 4711 τοῦ

416 4758 577 4826 cella,
610 4759 860 4815 sarcinas
895 4774 1115 4830 quoque
1146 4765 1418 4829 quotquot
1465 4758 1739 4827 impositae
1781 4755 2000 4809 fuerant

2104 4752 2364 4824 παρόντος
2411 4749 2664 4819 γενέσθαι
2712 4749 2956 4803 κινδύνου
2983 4766 2995 4781 ·
3049 4750 3456 4820 ἐπιτεινομένου
3490 4750 3548 4803 δέ
3585 4751 3681 4804 τοῦ

416 4848 485 4904 de
518 4863 668 4904 more
697 4849 754 4904 in
778 4866 930 4908 mare
972 4849 1275 4922 iaciebant,
1320 4848 1366 4903 si
1418 4845 1559 4902 forte
1600 4862 1770 4904 onere
1825 4847 2000 4900 levata

2104 4843 2368 4906 κλύδωνος
2389 4883 2403 4906 ,
2453 4841 2547 4894 καὶ
2573 4840 2643 4893 τὰ
2674 4840 2863 4895 ἐνόντα
2893 4840 2970 4914 τῷ
3006 4841 3175 4912 πλοίῳ
3208 4840 3346 4894 κατὰ
3378 4841 3444 4893 τίς
3491 4841 3683 4906 εἰωθὸς

392 4940 572 5017 ,ηονίε
620 4943 927 5013 periculum
983 4941 1259 4997 evaderet.
1312 4939 1410 4995 His
1454 4939 1607 4994 addit
1663 4938 1999 5008 Scriptura:

400 5020 442 5084 ἰ
473 5031 643 5089 Jonas
697 5044 881 5090 autem
938 5035 994 5089 in
1054 5034 1328 5089 sentinam
1388 5031 1543 5086 navis
1590 5029 1999 5092 descenderat,

416 5120 606 5193 ibique
651 5123 929 5179 dormiens
958 5120 1113 5194 161
1149 5120 1432 5177 stertebat.
1474 5140 1491 5172 ι
1527 5119 1646 5175 Non
1686 5119 1832 5189 quod
1877 5126 2001 5189 post

416 5223 751 5271 commotam
798 5221 1178 5286 tempestatem
1213 5214 1270 5267 in
1304 5211 1564 5266 inferiora
1598 5212 1754 5268 navis
1793 5210 2000 5266 dormi-

417 5315 535 5360 tum
578 5305 969 5363 descenderit:
1003 5312 1153 5360 esset
1204 5303 1352 5358 enim
1400 5302 1718 5366 ridiculum,
1764 5302 1810 5359 si
1844 5310 1995 5356 tanta

418 5394 831 5466 penurbatione
882 5401 1090 5458 coorta,
1143 5392 1473 5462 cunctisque
1512 5391 1580 5449 de
1626 5394 1806 5450 salute
1845 5394 1993 5464 peri-

417 5488 759 5551 ctitantibus,
807 5487 926 5557 ipse
973 5500 1185 5541 somno-
1209 5500 1271 5541 se
1324 5483 1644 5541 tradidisset
1677 5503 1689 5539 :
1723 5496 1994 5541 verumta-

418 5593 544 5633 men
594 5576 647 5634 id
702 5585 890 5649 egerat
944 5578 1127 5633 statim
1178 5590 1244 5632 ac
1282 5575 1468 5632 navim
1534 5577 1896 5643 conscendit;
1943 5586 1999 5633 at

490 5759 603 5835 (εὖ)
624 5759 702 5816 Ita
739 5758 872 5816 Cod.

2098 4936 2210 4997 τοῖς
2239 4930 2658 5003 χειμαζομένοις
2697 4931 3009 5003 ἀπέρριψαν
3050 4934 3131 4996 εἰς
3166 4933 3265 5003 τὴν
3298 4932 3590 4997 θάλασσαν,
3634 4934 3689 4988 εί

2101 5042 2218 5089 πως
2240 5022 2529 5092 κουφισθέν
2554 5022 2805 5092 διαφύγοι
2833 5023 2925 5077 τὸν
2951 5022 3193 5077 κίνδυνον
3224 5024 3283 5076 τὸ
3314 5023 3516 5079 πλοῖον.
3549 5022 3684 5078 Τού-

2107 5135 2220 5181 τοις
2260 5114 2476 5184 ἐπάγει·
2538 5133 2555 5166 ‹
2595 5114 2773 5177 Ἰωνᾶς
2801 5114 2857 5167 δὲ
2889 5113 3094 5185 κατέϐη
3127 5114 3205 5178 εἰς
3236 5114 3333 5186 τὴν
3379 5114 3568 5186 κοίλην
3589 5114 3682 5168 τοῦ

2105 5209 2313 5274 πλοίου,
2341 5207 2435 5260 καὶ
2461 5205 2748 5260 ἐκάθευδεν
2789 5206 2908 5258 ἐκεῖ
2947 5204 3042 5258 καὶ
3080 5203 3326 5276 ἕρεγχεν.
3368 5225 3385 5256 ι
3449 5206 3561 5276 Οὐχ
3602 5206 3686 5258 ὅτι

2107 5301 2244 5375 μετά
2271 5299 2333 5354 τὸ
2361 5290 2542 5353 ἐκεῖνα
2572 5297 2822 5367 γενέσθαι
2847 5299 2925 5360 εἰς
2956 5297 3015 5351 τὸ
3049 5298 3231 5354 πλοῖον
3255 5297 3531 5352 κατελθὼν
3556 5298 3686 5352 ἐκά·

2103 5393 2308 5448 θευδεν·
2343 5390 2549 5461 γελοῖον
2586 5390 2698 5460 γὰρ
2728 5390 2777 5442 εἰ
2810 5389 3056 5461 ταραχῆς
3088 5388 3357 5460 τοσαύτης
3387 5387 3685 5460 γενομένης

2106 5486 2200 5541 καὶ
2234 5485 2449 5540 πάντων
2493 5483 2622 5555 περὶ
2664 5483 2761 5553 τῆς
2804 5483 3077 5554 σωτηρίας
3119 5483 3537 5538 κινδυνευόντων
3582 5481 3684 5546 τῆς
3764 5538 3783 5551 _

2104 5576 2329 5643 οἰκείας,
2362 5570 2442 5640 είς
2482 5574 2648 5633 ῠπνον
2680 5573 2873 5629 ἑαυτὸν
2903 5575 3111 5639 ἐκεῖνος
3142 5573 3309 5629 ἐδίδου
3335 5589 3349 5604 ·
3405 5572 3540 5629 ἀλλά
3574 5582 3685 5646 γάρ
