4102 6508
407 303 529 362 333
1489 300 2030 361 COMMENTARIUS

2134 301 2374 360 ΗΟΝιΕ
2412 303 2568 361 CAP.
2608 317 2648 360 ι.
3602 304 3718 361 σπι

409 423 580 480 τοῦτο
608 423 708 496 μὲν
742 420 907 487 εὐθὺς
955 421 1154 487 ἐπιϐὰς
1195 422 1463 496 πεποίηκε
1493 423 1590 477 τοῦ
1632 424 1820 479 πλοίου
1847 440 1860 453 ·
1895 424 1929 494 ή
1962 421 2019 476 δὲ

2134 419 2415 493 Scriptura
2461 429 2753 494 postquam
2785 424 3087 495 procellam
3120 424 3389 493 narravit,
3433 432 3716 497 postremo
3746 420 3761 431 '

410 514 616 588 Ρραφὴ
659 514 730 569 τά
758 512 900 569 κατά
926 513 1017 566 τὸν
1053 511 1299 569 κλύδωνα
1329 514 1712 587 διηγησαμένη
1733 553 1750 579 ,
1794 513 2020 585 ὓστερον

2134 517 2245 571 [οοο
2285 514 2446 583 dixit,
2494 532 2616 588 quae
2660 518 2933 590 propheta
2963 519 3150 589 priere
3192 526 3440 588 tempore
3484 516 3714 574 fecerat.

411 608 673 679 ἐπήγαγε
703 606 773 660 τὰ
804 605 954 678 παρά
982 605 1076 661 τοῦ
1104 608 1386 679 προφήτου
1418 609 1536 662 κατ’
1565 608 1774 661 ἐκεῖνον
1795 608 1873 678 (p.
1891 604 2020 677 245)

2134 606 2309 679 Pergit
2349 623 2518 678 porro
2555 607 2764 676 dicere,
2810 617 2869 666 ut
2904 610 3243 682 gubernator
3272 612 3341 668 ad
3388 610 3717 683 prophetam

410 699 691 769 γενόμενα
714 698 808 753 τὸν
836 697 1049 768 καιρόν·
1077 699 1160 753 δτι
1193 716 1251 753 τε
1280 701 1309 754 ὁ
1343 700 1598 772 πρωρεὺς
1618 699 1694 763 ὡς
1728 700 1785 753 ἐν
1804 702 2020 773 ταραχῇ

408 789 662 861 τοσαύτῃ
684 789 1022 845 καθεύδοντα
1048 790 1142 845 τὸν
1172 793 1461 864 προφήτην
1488 793 1616 846 ἰδεῖν
1642 791 2019 864 ἀπεληλυθὼς,

407 881 671 954 διήγειρέ
702 899 761 934 τε
790 881 978 950 αὑτὸν,
1007 884 1105 937 καὶ
1132 882 1442 955 ἐθαύμαζεν
1471 884 1553 938 ὅτι
1588 883 1845 937 τοσούτου
1874 900 2023 953 γινο-

410 970 591 1043 μένου
654 971 871 1038 κακοῦ,
933 971 1204 1045 μηδεμίαν
1266 973 1521 1044 αἴσθησιν
1576 973 1691 1045 ἔχοι
1735 973 1845 1026 τῶν
1885 990 2022 1029 κατ-

404 1063 658 1135 εχόντων
680 1064 883 1129 αὐτοὺς
908 1065 1118 1138 κακῶν,
1150 1065 1266 1121 ἀλλ’
1293 1067 1369 1132 ὡς
1398 1066 1553 1141 ἀδείᾳ
1581 1066 1750 1139 πολλῇ
1773 1067 2023 1122 καθεύδει

401 1171 473 1207 τε
515 1154 614 1208 καί
644 1145 855 1226 ῥέγχει·
892 1154 1285 1227 ὑπεμίμνησκε
1317 1158 1375 1212 δὲ
1403 1158 1569 1213 αὐτὸν
1599 1159 1909 1214 ἀναστάντα
1932 1159 2025 1214 τὸν

400 1246 545 1302 θεὸν
573 1246 762 1302 καλεῖν
791 1248 884 1302 τδν
922 1247 1076 1316 ἴδιον,
1111 1250 1164 1303 εἴ
1190 1267 1309 1316 πως
1333 1251 1427 1306 ὑπ’
1466 1250 1633 1306 αὐτοῦ
1663 1251 1791 1323 γοῦν
1821 1253 2025 1308 διασω-

409 1337 474 1392 Os
485 1342 572 1394 ἴεν
584 1379 595 1394 .

487 1433 646 1504 Στίχ.
694 1432 834 1499 ιζ’-θ’.
873 1462 948 1476 -
976 1426 1079 1488 Ὧν
1124 1435 1181 1488 δὲ
1223 1439 1250 1489 ὁ
1291 1434 1390 1506 μὲν
1426 1442 1713 1509 προφήτης
1753 1437 1909 1491 οὐδὲν
1948 1437 2027 1492 δι-
2064 1452 2069 1467 '

402 1525 762 1597 επράττετο·
802 1524 1014 1579 τοιοῦτο
1054 1526 1323 1598 σφαλερὸν
1372 1522 1512 1581 εἶναι
1551 1528 1788 1600 νομίζων
1814 1529 2026 1600 δεήσεις

406 1617 724 1687 προσάγειν
754 1616 931 1688 τούτῳ
961 1612 1133 1690 οὗπερ
1162 1618 1448 1688 πεφεύγει.
1490 1620 1827 1674 Ἐπετείνετο
1850 1621 1907 1675 δὲ
1931 1619 2026 1674 τοῦ

407 1706 697 1771 κλύδωνος
743 1708 805 1760 τὸ
851 1708 1022 1761 κακόν
1051 1725 1063 1737 ·
1094 1707 1428 1778 ἐδοκίμασαν
1457 1708 1644 1763 λοιπὸν
1689 1708 1876 1781 κλήρῳ
1912 1710 2028 1764 δια-

2123 700 2421 757 videndum
2461 702 2697 768 venerit,
2740 702 2837 774 qui
2881 703 2937 757 in
2984 711 3139 759 tanta
3185 704 3431 761 omnium
3473 703 3733 775 trepida-.

2124 792 2274 847 tione
2307 791 2659 861 dormiebat;
2698 809 2940 866 eumque
2982 795 3330 860 excitaverit,
3374 795 3720 865 miratusque

2127 884 2314 948 fuerit,
2343 884 2494 957 quod
2528 885 2584 940 in
2615 901 2683 941 eo
2720 887 3012 956 procinctu
3049 887 3261 943 nullum
3301 887 3419 958 ipse
3454 887 3721 959 ingruen-

2128 977 2266 1032 tium
2309 976 2581 1032 malorum
2612 993 2838 1035 sensum
2870 978 3216 1051 perciperet;
3270 976 3368 1033 sed
3400 977 3563 1033 veluti
3588 991 3721 1047 pro-

2131 1068 2303 1126 funda
2364 1070 2670 1126 securitate
2725 1077 2969 1128 stertens
3018 1070 3306 1127 dormiret.
3371 1068 3515 1141 Ergo
3565 1070 3721 1125 illum

2126 1163 2434 1229 admonuit,
2477 1171 2540 1218 ut
2569 1163 2964 1234 expergiscens
3002 1163 3166 1219 deum
3209 1178 3373 1219 suum
3414 1163 3720 1228 invocaret,

2127 1257 2175 1317 si
2203 1256 2344 1313 forte
2373 1256 2448 1313 ab
2478 1271 2547 1313 eo
2573 1263 2952 1312 servarentur.

2200 1433 2373 1491 Vens.
2407 1435 2523 1491 7—9.
2549 1465 2613 1476 —
2643 1434 2750 1491 Sed
2781 1434 2927 1491 enim
2956 1451 3080 1492 cum
3110 1435 3375 1506 propheta
3409 1434 3547 1489 nihil
3568 1435 3723 1504 ejus-

2130 1526 2281 1582 modi
2331 1533 2536 1598 ageret,
2592 1528 2725 1599 quia
2773 1527 3015 1581 intutum
3065 1526 3417 1582 existimabat
3460 1526 3723 1596 precibus

2130 1635 2256 1677 eum
2280 1621 2688 1686 'ohlundere_a
2729 1635 2841 1691 quo
2881 1618 3158 1689 fugiebat;
3190 1634 3430 1689 cumque
3472 1621 3555 1675 vis
3591 1626 3726 1674 tem-

2132 1715 2362 1784 pestatis
2400 1720 2754 1786 augesceret,
2805 1712 3170 1770 decreverunt
3213 1720 3413 1776 nautae,
3466 1714 3723 1783 quisnam

404 1797 628 1868 γνῶναι
659 1798 751 1852 τὸν
774 1795 871 1853 τοῦ
893 1797 1160 1871 παρόντος
1189 1799 1362 1852 αἴτιον
1399 1798 1594 1853 κακοῦ·
1625 1800 1786 1853 τοῦτο
1818 1800 1876 1853 δὲ
1907 1801 2030 1873 ὲδή·

2134 1812 2283 1862 esset
2311 1805 2434 1877 ejus
2466 1806 2599 1861 mali
2629 1814 2846 1871 auctor,
2885 1806 3082 1862 sortito
3107 1805 3421 1875 exquirere.
3454 1804 3594 1859 Hinc
3628 1820 3723 1861 sa-

370 1884 513 1945 ’λου
560 1890 641 1961 μὴ
684 1890 862 1945 κοινὸν
892 1890 1037 1945 κατά
1075 1891 1257 1963 πάσης
1296 1890 1575 1964 Θαλάσσης
1606 1886 1747 1946 εἶναι
1789 1891 1879 1945 τὸν
1913 1910 2027 1963 χει-

409 1983 599 2055 μῶνα,
624 1982 760 2036 ἀλλά
776 1984 907 2056 περὶ
924 1983 1057 2036 αὐτό
1091 2000 1154 2052 γε
1188 1983 1347 2055 μόνον
1373 1982 1433 2037 τὸ
1468 1983 1650 2038 πλοῖον
1679 1984 1779 2056 τὴν
1808 1984 2027 2055 σύμπα-

407 2095 522 2132 σαν
550 2075 801 2149 ταραχὴν
832 2078 1123 2132 κινεῖσθαι·
1151 2077 1248 2147 ἀφ’
1276 2071 1445 2151 οὗπερ
1472 2079 1522 2132 οἱ
1548 2079 1606 2132 ὲν
1633 2077 1782 2149 αὐτῷ
1809 2077 2025 2147 λογιζό-

409 2186 577 2239 μενοι
605 2168 706 2240 τὴν
728 2169 933 2241 αίτίαν,
954 2168 1144 2241 κλήρῳ
1168 2167 1548 2238 διαγινώσκειν
1575 2168 1664 2223 τὸν
1686 2169 1856 2224 αἴτιον
1876 2169 2028 2223 ἐϐού-

406 2263 575 2316 λοντο
598 2263 709 2315 τῶν
730 2262 936 2317 κακῶν·
960 2263 1123 2334 τυχὸν
1142 2262 1349 2317 καὶτοῦ
1370 2262 1640 2317 Δεσπότου
1664 2261 1800 2316 Θεοῦ
1820 2262 2028 2336 ταύτην

406 2355 606 2420 αὐτοῖς
640 2355 1044 2426 ἐμϐεϐληκότος
1085 2354 1185 2428 τὴν
1221 2355 1491 2421 διάνοιαν,
1525 2354 1600 2418 ὡς
1627 2355 1694 2410 ἂν
1718 2356 2028 2421 ἀκολούθως

408 2447 487 2501 τὰ
518 2448 688 2501 λοιπά
708 2464 772 2516 γε
800 2447 1094 2520 πραχθείη·
1118 2449 1168 2501 οἱ
1192 2449 1290 2519 μὲν
1309 2448 1418 2519 γὰρ
1441 2450 1747 2520 ἐχρήσαντο
1766 2451 1879 2513 τοῖς
1903 2449 2028 2521 κλή-

412 2556 558 2610 ροις·
595 2539 873 2593 ἐδείκνυτο
904 2540 961 2594 δὲ
990 2543 1019 2592 ὁ
1058 2541 1329 2612 μακάριος
1369 2541 1555 2603 Ἰωνᾶς
1583 2539 1694 2594 τῶν
1725 2539 2026 2609 γεγονότων

410 2633 618 2697 αἴτιος·
653 2633 739 2703 ἐφ’
770 2626 816 2701 ᾧ
836 2632 901 2705 δὴ
926 2633 1022 2687 καὶ
1045 2631 1427 2704 θαυμάσαντες
1457 2632 1507 2685 οἱ
1537 2634 1781 2686 ναυτικοὶ
1814 2631 2024 2697 λοιπὸν,

406 2729 464 2779 εἰ
504 2724 722 2779 τοιοῦτό
756 2743 809 2780 τι
847 2724 1239 2797 πεπραγμένον
1272 2724 1424 2796 αὐτῷ
1466 2724 1723 2795 τυγχάνοι
1762 2723 1902 2779 ὥστε
1934 2726 2028 2777 καὶ

411 2819 681 2874 τοσοῦτον
709 2818 970 2889 γεννῆσαι
1006 2818 1198 2879 κακὸν,
1245 2817 1383 2890 μετά
1430 2818 1665 2889 σφοδρᾶς
1710 2818 1809 2888 τῆς
1852 2819 2030 2871 ἐπιτι-

414 2914 650 2985 μήσεως
678 2911 775 2965 καὶ
821 2911 1107 2983 μονονουχὶ
1139 2908 1440 2980 δικαστικῷ
1473 2909 1659 2969 λοιπὸν
1693 2910 2027 2981 κεχρημένοι

412 3006 498 3078 τῷ
534 3009 800 3077 σχήματι,
837 3009 915 3076 (p.
945 3002 1074 3074 246)
1104 3002 1194 3067 ’ὡς
1221 3002 1286 3057 ἂν
1322 3002 1456 3074 πρὸς
1482 3002 1770 3074 ἄνθρωπον
1800 3002 2028 3055 καταδε-

409 3095 754 3166 δικασμένον
802 3094 903 3167 ήδη
956 3093 1033 3165 τῷ
1083 3092 1271 3166 κλήρῳ
1318 3093 1731 3164 διαλεγόμενοι,
1780 3094 2025 3171 ἀπῄτουν

414 3189 625 3262 μαθεῖν
653 3189 682 3242 ὃ
698 3188 750 3241 τί
778 3202 884 3258 περ
913 3186 1063 3258 αύτῷ
1087 3187 1477 3258 πεπραγμένον
1501 3187 1608 3258 εἴη,
1637 3186 1689 3240 τί
1709 3187 1764 3241 δὲ
1788 3187 1881 3242 καὶ
1904 3189 2027 3240 ἐπι-

412 3282 672 3354 τήδευμα
699 3279 913 3352 μετῄει,
942 3278 1063 3335 ὅθεν
1087 3296 1145 3333 τε
1180 3278 1411 3352 ἔρχοιτο,
1445 3279 1539 3332 καὶ
1578 3280 1700 3333 ὅποι
1739 3297 1846 3352 περ
1873 3281 2030 3335 ἄπει-

416 3393 533 3440 σιν,
582 3376 648 3427 ὲκ
694 3375 854 3437 ποίας
899 3391 959 3429 τε
997 3374 1236 3446 ὁρμᾶται
1282 3371 1500 3444 χώρας,
1546 3373 1641 3427 καὶ
1687 3364 1837 3441 ᾧτινι
1886 3372 2029 3427 ἔθνει

413 3469 679 3541 προσῆκε
698 3467 807 3522 τῶν
828 3447 1155 3538 ἀνθρώπων·
1186 3464 1323 3537 πρὸς
1347 3463 1441 3530 οὓς
1470 3465 1657 3534 σαφῶς
1678 3462 2026 3537 ἀπεκρίνετο·

419 3583 443 3616 ο
466 3562 676 3626 Δοῦλος
710 3560 922 3631 Κυρίου
961 3558 1072 3629 ὲγὼ
1103 3560 1239 3630 είμι,
1277 3559 1372 3612 καὶ
1404 3558 1612 3630 Κύριον
1640 3557 1731 3613 τὸν
1766 3557 1899 3611 Θεὸν
1933 3557 2029 3611 τοῦ

411 3653 666 3727 ούρανοῦ
697 3652 811 3722 ἐγὼ
845 3650 1100 3721 σέϐομαι,
1131 3650 1190 3714 ὃς
1224 3650 1450 3722 ἐποίησε
1496 3649 1596 3720 τὴν
1626 3649 1904 3703 θάλασσαν
1934 3649 2030 3703 καὶ¹

413 3748 525 3819 τὴν
554 3747 750 3819 ξηράν.
780 3765 800 3798 ι
847 3743 936 3807 Ὠς
962 3742 1069 3813 γὰρ
1112 3743 1337 3797 ἐκείνων
1373 3742 1504 3814 περὶ
1547 3740 1743 3795 εἴδωλα
1773 3741 2027 3812 ἐχόντων,

414 3839 589 3905 αὐτὸς
633 3840 694 3892 τὸ
726 3838 830 3909 τῆς
871 3839 1078 3902 οἰκείας
1110 3836 1411 3910 θρησκείας
1439 3833 1717 3906 ἐξαίρετον
1756 3834 2029 3906 ἐδήλωσεν

416 3934 602 3989 εἰπὼν
645 3934 728 3987 ὅτι
776 3932 961 3997 δοῦλος
1005 3930 1092 4000 εἴη
1139 3931 1234 3983 τοῦ
1280 3925 1418 3981 Θεοῦ
1444 3926 1731 3992 ,τουτέστι
1775 3925 2032 3998 φροντίδα

414 4027 570 4098 ἔχων
602 4027 786 4080 πᾶσαν
813 4025 911 4095 τῆς
941 4022 1240 4095 θεραπείας
1271 4020 1650 4092 ἐπιμελεῖσθαι
1683 4018 1779 4073 τοῦ
1820 4017 1987 4073 αὑτοῦ
2014 4034 2028 4048 ·

417 4119 483 4172 οὐ
518 4119 632 4188 γάρ
659 4115 725 4187 δὴ
762 4115 907 4170 κατά
941 4114 1001 4168 τὸ
1032 4113 1210 4168 κοινὸν
1252 4106 1396 4179 εἷπε,
1433 4112 1683 4180 Δοῦλος,
1714 4112 1835 4167 καθ’
1876 4112 1904 4166 ὃ
1935 4112 2032 4167 καὶ

415 4213 556 4275 τοὺς
597 4210 801 4274 ναύτας
832 4204 900 4280 ἦν
947 4208 1162 4277 ἀνάγκη
1206 4205 1427 4270 δούλους
1478 4200 1616 4259 εἶναι
1645 4205 1742 4259 τοῦ
1773 4204 1909 4260 Θεοῦ
1939 4207 2031 4260 ὑπ’

418 4305 599 4362 αὐτοῦ
634 4301 951 4372 γεγονότας·
981 4295 1102 4354 εἶτα
1129 4299 1223 4354 καὶ
1249 4299 1310 4351 τὸ
1344 4298 1544 4363 ἰδιάζον
1565 4296 1740 4367 λέγων
1769 4297 1864 4352 τοῦ
1894 4298 2030 4352 Θεοῦ

415 4398 486 4453 ὃν
530 4395 836 4467 ὲθρήσκευε
862 4433 877 4457 ,
927 4392 1033 4445 Τὸν
1066 4390 1160 4445 τοῦ
1203 4391 1427 4455 παντὸς,
1473 4390 1628 4461 φησὶ,
1661 4388 1890 4462 ποιητὴν
1920 4388 2032 4457 ἐγὼ

2128 1895 2203 1952 tis
2244 1895 2603 1967 intelligimus
2646 1894 3157 1967 haud‘generalem
3204 1897 3376 1953 fuisse
3417 1904 3532 1952 toto
3580 1897 3724 1954 mari

2128 1988 2450 2060 procellam,
2497 1987 2593 2045 sed
2633 1991 2781 2048 circa
2828 1991 2962 2047 illud
3007 2006 3177 2046 unum
3229 1989 3507 2061 navigium
3550 1987 3726 2043 unda-

2128 2096 2254 2137 rum
2294 2081 2589 2152 strepitum
2614 2083 2912 2143 desset-isse
2947 2102 2962 2139 :
2999 2099 3108 2155 qua
3139 2098 3198 2140 re
3233 2082 3303 2138 ad
3328 2082 3722 2153 suspicandam

2118 2185 2358 2227 causam
2419 2175 2683 2230 commoti
2746 2183 2951 2239 nautae,
3006 2173 3341 2230 calamitatis
3397 2172 3519 2242 ejus
3568 2187 3725 2227 reum

2129 2263 2235 2319 sibi
2287 2262 2718 2322 discernendum
2769 2268 3016 2324 sortibus
3057 2274 3388 2338 putaverunt
3437 2263 3727 2322 :Domino

2130 2356 2370 2414 fortasse
2413 2357 2527 2414 Deo
2566 2359 2708 2415 hanc
2748 2362 2859 2417 illis
2890 2361 3279 2431 cogitationem
3321 2359 3629 2430 ingerente,
3665 2365 3727 2411 ut

2128 2460 2543 2522 consequenter
2568 2454 2784 2523 reliqua
2810 2461 3229 2526 peragerentur.
3263 2451 3406 2524 Ergo
3437 2467 3560 2508 cum
3591 2466 3729 2506 nau-

2128 2547 2198 2595 tre
2230 2550 2410 2596 sortes
2442 2542 2734 2612 jecissent,
2771 2544 2964 2600 beatus
3002 2542 3173 2599 Jonas
3218 2542 3509 2613 praesentis
3537 2541 3729 2597 adver-

2130 2633 2313 2689 sitatis
2368 2649 2541 2690 causa
2596 2635 3012 2692 demonstratus
3069 2646 3174 2691 est.
3226 2629 3282 2689 ld
3337 2635 3483 2706 quod
3530 2634 3730 2691 deinde

2128 2731 2312 2778 nautae
2350 2712 2639 2787 mirantes,
2692 2723 2972 2796 quodnam
3022 2726 3236 2781 scilicet
3273 2724 3365 2780 ille
3412 2731 3524 2779 tam
3562 2740 3730 2797 grave

2134 2812 2355 2870 facinus
2380 2815 2722 2881 admisisset,
2759 2824 2818 2872 ut
2846 2816 2984 2870 tanti
3020 2817 3148 2870 mali
3183 2824 3380 2872 auctor
3409 2818 3726 2883 exsisteret,

2128 2913 2183 2959 et
2217 2903 2333 2973 jam
2367 2904 2680 2962 vehementi
2729 2906 3117 2976 objurgatione
3150 2921 3214 2962 ac
3256 2922 3426 2978 prope
3473 2907 3729 2976 judiciali

2130 2994 2376 3052 formula
2430 3005 2669 3066 utentes,
2718 3007 2895 3069 atque
2936 2998 3214 3053 hominem
3277 3014 3377 3054 ceu
3420 2999 3533 3069 jam
3577 3009 3729 3055 sorte

2129 3089 2463 3163 damnatum,
2525 3102 2856 3162 arguentes,
2929 3091 3196 3167 certiores
3258 3090 3373 3147 fieri
3433 3093 3726 3160 volebant,

2134 3182 2400 3254 quidnam
2433 3184 2550 3254 ipse
2592 3190 2887 3255 patrasset,
2935 3200 3099 3255 quam
3133 3193 3305 3239 artem
3352 3184 3727 3255 proﬁteretur,

2133 3275 2282 3330 unde
2329 3274 2732 3346 digrederetur,
2781 3290 3021 3346 quonam
3077 3277 3347 3342 tenderet,
3388 3294 3495 3348 qua
3550 3281 3730 3349 patria

2133 3367 2409 3439 oriundus
2439 3376 2608 3433 esset,
2646 3369 2733 3424 vel
2761 3369 2852 3424 cui
2885 3369 3171 3424 hominum
3195 3372 3342 3442 genti
3365 3370 3563 3441 afﬁnis.
3596 3370 3731 3438 Qui-

2132 3459 2238 3515 bus
2283 3459 2376 3515 ille
2422 3466 2613 3530 aperte
2656 3459 2944 3531 respondit
2986 3479 2999 3514 :
3040 3479 3060 3512 ι
3097 3459 3303 3517 Servus
3359 3462 3577 3517 Domini
3630 3479 3733 3535 ego

2132 3566 2278 3616 sum,
2308 3550 2602 3607 Dominum
2637 3551 2805 3608 Deum
2830 3542 2954 3609 (ἰαιιί
2984 3555 3126 3619 colo,
3171 3555 3265 3624 qui
3301 3554 3461 3626 162
3495 3570 3647 3610 mare
3674 3566 3731 3611 et

2136 3642 2534 3699 aridamfecit.
2569 3663 2589 3696 ι
2623 3643 2761 3699 Nam
2796 3646 2927 3716 quia
2961 3646 3042 3700 illi
3075 3645 3384 3701 idololatrae
3409 3656 3589 3715 erant,
3635 3663 3730 3719 pe-

2135 3733 2404 3788 culiarem
2433 3733 2552 3803 ipse
2579 3734 2900 3806 religionem
2946 3750 3105 3790 suam
3136 3735 3464 3804 declaravit,
3503 3736 3635 3793 dum
3669 3755 3732 3795 se

2136 3822 2234 3880 Dei
2293 3840 2514 3880 servum
2560 3825 2737 3892 dixit;
2789 3828 3100 3882 studiosum
3147 3843 3343 3898 nempe
3380 3844 3734 3901 summopere

2135 3918 2342 3980 cultus,
2380 3918 2474 3989 qui
2512 3934 2637 3974 eum
2687 3918 2938 3985 decebat,
2990 3920 3310 3990 praestandi.
3348 3919 3535 3992 Neque
3583 3927 3733 3985 enim

2136 4008 2380 4079 generali
2414 4008 2653 4079 quadam
2707 4009 2924 4066 ratione
2973 4026 3031 4067 se
3070 4011 3209 4066 dixit
3240 4030 3260 4063 ι
3300 4027 3543 4080 servum,
3581 4034 3602 4067 ι
3640 4030 3737 4071 cu-

2131 4096 2378 4168 jusmodi
2427 4099 2566 4156 alios
2612 4115 2832 4170 quoque
2872 4108 3072 4159 nautas
3122 4117 3260 4173 opus
3296 4111 3414 4161 erat
3465 4102 3560 4159 Dei
3607 4120 3734 4163 esse

2138 4205 2351 4257 servos,
2378 4207 2408 4245 a
2446 4208 2556 4262 quo
2585 4192 2805 4248 fuerant
2838 4195 3034 4250 creati.
3068 4194 3276 4252 Deinde
3302 4203 3357 4252 et
3395 4197 3732 4269 singularem

2137 4282 2420 4337 notionem
2444 4280 2627 4339 edidit
2644 4284 2767 4355 ejus
2795 4283 2889 4341 Dei
2913 4286 3004 4341 cui
3032 4295 3152 4342 erat
3172 4289 3434 4358 devotus;
3469 4291 3730 4346 nimirum

2138 4376 2212 4430 ait
2264 4393 2324 4432 se
2386 4378 2566 4434 colere
2608 4377 2779 4434 Deum
2841 4395 2872 4435 a
2908 4396 3020 4450 quo
3071 4384 3294 4449 coelum,
3340 4392 3508 4448 terra,
3555 4369 3731 4450 mare,

424 4488 691 4560 σέϐομαι,
742 4485 803 4550 ὃς
849 4484 945 4539 καὶ
986 4483 1218 4555 ούρανοῦ
1247 4483 1341 4538 καὶ
1370 4482 1647 4555 θαλάσσης
1680 4481 1777 4536 καὶ
1812 4482 2033 4536 πάντων
2063 4497 2113 4557 ι)
2140 4483 2340 4539 res‘ll'e
2366 4483 2560 4525 omnes
2589 4481 2789 4525 (³1⁵6³133
2816 4471 3060 4527 fuerunt.

421 4584 668 4656 ποιητής
696 4583 866 4637 ἐστιν.

503 4684 660 4753 Στίχ.
694 4686 852 4750 ι’-ιγ’.
898 4710 965 4720 --
1005 4678 1384 4751 Ἑφοθόήθησαν
1414 4679 1465 4732 οί
1510 4679 1703 4752 ἄνδρες
1736 4679 2039 4749 ἀκηκοότες

420 4772 633 4838 ταῦτα,
655 4770 733 4837 ὡς
756 4770 824 4824 ἂν
848 4768 944 4823 τοῦ
971 4768 1188 4823 πάντων
1216 4767 1442 4840 ποιητοῦ
1469 4768 1590 4822 κατ’
1615 4767 1795 4822 αὐτῶν
1818 4783 2039 4838 κεκινη-

429 4867 605 4940 μένου
632 4880 647 4894 ·
680 4863 805 4918 ὅθεν
851 4852 950 4929 καὶ
992 4862 1086 4916 τὸν
1134 4862 1421 4934 προφήτην
1467 4860 1696 4932 ἠρώτων
1718 4877 1731 4890 ·
1767 4859 1832 4912 Τί
1880 4858 2040 4913 τοῦτο

424 4959 739 5030 ὲποίησαςς
773 4957 869 5012 καὶ
894 4955 1195 5029 ἐπειδήπερ
1222 4954 1466 5025 ἔγνωσαν
1498 4953 1661 5010 αὐτὸν
1689 4954 1755 5009 ὲκ
1781 4950 1876 5006 τοῦ
1902 4950 2038 5006 Θεοῦ

426 5050 770 5120 πεφευγέναι
828 5050 929 5123 τὴν
980 5049 1288 5120 ὑπόμνησιν
1332 5045 1649 5101 ἐκκλίνοντα
1677 5046 1777 5117 τὴν
1808 5044 2038 5111 ἐκεῖθεν,

428 5142 561 5199 εἶτα
602 5142 681 5214 τῷ
731 5142 960 5215 παρόντι
992 5140 1090 5196 σὺν
1119 5141 1304 5201 αὐτοῖς
1335 5139 1819 5211 περιπεπτωκέναι
1860 5137 2038 5209 κακῷ,

433 5238 520 5306 (p.
545 5234 675 5307 247)
705 5233 783 5297 ὼς
815 5234 882 5288 ἂν
914 5233 1069 5304 γνοίη
1104 5230 1381 5303 πανταχοῦ
1415 5230 1658 5303 παρόντα
1685 5247 1746 5284 τε
1771 5230 1862 5285 τὸν
1885 5229 2038 5294 Θεὸν,

431 5304 765 5396 καιὸμοίως
799 5324 1114 5396 ἁπανταχοῦ
1141 5323 1211 5379 τὰ
1238 5321 1500 5378 δοκοῦντα
1526 5323 1915 5395 ἐργαζόμενον,
1948 5321 2044 5376 καὶ

434 5419 582 5492 μηδὲ
628 5413 740 5472 οἷόν
779 5435 842 5473 τε
870 5414 1011 5472 εἶναι
1040 5418 1231 5488 φυγεῖν
1260 5416 1351 5471 τὸν
1383 5414 1628 5470 τοιοῦτον
1654 5432 1668 5447 ·
1714 5414 1851 5486 πρὸς
1880 5414 2043 5469 αὐτὸν

429 5511 507 5580 δὴ
533 5510 723 5565 λοιπὸν
752 5508 846 5564 τὸν
882 5510 1173 5582 προφήτην
1208 5506 1372 5579 φασίν
1392 5525 1407 5540 ·
1466 5525 1486 5559 ι
1513 5506 1579 5561 Τί
1607 5523 1689 5561 σοι
1718 5505 2042 5577 ποιήσομεν,

432 5602 541 5658 καὶ
570 5601 804 5656 κοπάσει
842 5602 877 5674 ἠ
909 5600 1155 5657 θάλασσα
1187 5600 1280 5670 ἀφ’
1316 5586 1509 5671 ήμῶν;
1545 5616 1562 5650 ι
1634 5597 1731 5653 Ἐκ
1773 5596 1882 5669 γὰρ
1933 5598 2044 5653 τῶν

435 5693 756 5766 εἰρημένων
788 5695 859 5749 τά
892 5692 1023 5766 περὶ
1050 5691 1214 5747 αὐτὸν
1249 5691 1574 5761 ἐγνωκότες.
1602 5690 1699 5744 καὶ
1723 5689 1804 5744 ὃτι
1833 5689 2047 5763 ὑπηρέ-

2211 4664 2380 4720 Vsns.
2430 4666 2619 4724 l0-l5.
2642 4666 2852 4735 ——Quo
2891 4669 3102 4738 audito,
3177 4682 3518 4743 expaverunt
3554 4674 3736 4732 homi-

2140 4776 2280 4827 nes,
2343 4760 2493 4832 quod
2554 4761 2816 4817 nimirum
2871 4763 3146 4819 universa:
3205 4773 3418 4822 naturae
3478 4769 3734 4826 conditor

2141 4865 2339 4909 contra
2379 4868 2439 4909 se
2470 4862 2789 4911 commotus
2830 4855 3049 4913 fuisset.
3085 4857 3455 4925 Quamobrem
3494 4865 3735 4936 prophe-

2143 4954 2255 5002 tam
2306 4946 2758 5015 sciscitabantur,
2804 4950 3084 5019 quodnam
3128 4953 3337 5011 crimen
3380 4958 3736 5024 patravisset.

2151 5039 2276 5096 Ποῖ
2314 5039 2405 5096 ubi
2444 5040 2591 5097 hunc
2623 5041 2810 5114 fugere
2840 5059 2871 5097 a
2904 5043 3014 5099 Deo
3036 5058 3432 5117 cognoverunt,
3474 5056 3640 5119 atque
3666 5051 3738 5106 ab

2143 5132 2265 5204 ejus
2297 5133 2766 5191 admonitionibus
2792 5134 3102 5204 declinare;
3142 5137 3377 5207 ideoque
3408 5139 3462 5192 in
3491 5154 3739 5209 przesen-

2149 5233 2260 5279 tem
2312 5239 2438 5280 cum
2475 5224 2616 5295 ipsis
2658 5226 3028 5282 calamitatem
3071 5229 3395 5294 incurrisse,
3430 5237 3491 5284 ut
3532 5246 3740 5302 cogno-

2147 5327 2328 5373 sceret
2373 5316 2546 5372 Deum
2590 5317 2794 5390 ubique
2833 5318 3123 5385 interesse,
3166 5320 3433 5391 nulloque
3475 5321 3600 5379 loco
3625 5339 3737 5378 non
3826 5378 3827 5381 η

2147 5424 2247 5465 sua
2296 5409 2500 5480 placita
2551 5409 2754 5475 facere,
2781 5426 2962 5483 neque
2993 5410 3108 5469 fieri
3160 5426 3346 5483 posse,
3391 5422 3451 5469 ut
3486 5416 3742 5473 mortalis

2146 5502 2442 5573 quisquam
2493 5503 2564 5561 ab
2604 5504 2727 5574 ejus
2766 5514 3041 5575 potestate
3085 5505 3369 5576 discedat;
3410 5509 3738 5579 prophetam

2147 5595 2348 5654 deinde
2392 5603 2572 5653 nauta
2618 5597 2925 5667 rogabant:
2969 5617 2989 5651 ι
3020 5598 3163 5667 Quid
3212 5598 3310 5656 tibi
3363 5599 3630 5659 faciemus
3682 5610 3744 5658 ut

2147 5702 2301 5747 mare
2353 5685 2514 5742 nobis
2571 5687 2837 5744 sedetur?
2882 5708 2902 5742 ι
2966 5688 3103 5747 Nam
3164 5706 3231 5748 ex
3296 5690 3466 5750 dictis
3519 5696 3744 5766 cognita

433 5802 543 5856 της
576 5802 638 5841 τε
671 5786 769 5840 καὶ
818 5785 1111 5860 προφήτης
1156 5783 1271 5837 ἐστὶ⁵
1298 5781 1393 5837 τοῦ
1437 5780 1595 5850 Θεοῦ,
1627 5780 1722 5837 καὶ
1755 5780 1821 5853 δὴ
1852 5781 1946 5838 καὶ
1976 5781 2030 5836 τὲ

2151 5780 2392 5838 hominis
2417 5796 2676 5858 persona.
2720 5794 2915 5855 nempe
2941 5784 3088 5855 quod
3119 5785 3361 5847 famulus
3388 5792 3442 5844 et
3472 5786 3745 5859 propinata
