4102 6516
391 330 498 389 $35

1548 356 1555 363 -
1583 328 1934 388 TllEODORl
1974 330 2462 389 MOPSUESTENI

3158 269 3187 285 ,.
3234 274 3243 277 μ

3558 328 3666 392 356

394 444 486 500 Dei
531 452 708 507 esset:
760 461 884 501 cum
916 446 1059 500 facta
1114 459 1338 517 quoque
1381 446 1565 504 verbis
1607 457 1978 506 consentanea

2088 449 2386 521 πράγματα
2409 447 2700 518 συνᾴδοντα
2722 450 2833 515 τοῖς
2854 402 3170 523 λεγομένοις
3189 451 3510 522 ἐγνωκότες,
3536 458 3667 524 παρ’

392 539 817 611 comperissent,
861 539 930 594 ab
957 554 1023 595 eo
1060 537 1276 594 discere
1307 539 1621 603 voluerunt,
1668 541 1803 610 quid
1850 556 1881 595 a
1922 556 1982 597 se

397 630 508 685 fieri
544 638 818 701 oporteret
849 631 921 687 ob
948 631 1365 701 impetrandam'
1394 632 1685 702 praesentis
1723 632 1848 685 mali
1899 630 1984 685 fu-

392 737 538 792 gam.
580 719 754 775 Porro
803 720 955 775 addit
1013 719 1339 789 Scriptura,
1392 735 1542 774 mare
1598 719 1981 774 vehementius

395 813 686 875 ferbuisse,
721 811 1033 881 ﬂuctusque
1066 811 1307 881 majores
1337 812 1641 878 extulisse;
1677 819 1981 881 tempesta-

394 902 463 957 tis
507 903 720 957 scilicet
765 903 1160 956 incrementum
1211 901 1553 971 significans,
1606 902 1768 971 cujus
1811 915 1980 957 causa

394 1008 508 1047 rem
555 992 832 1062 negligere
862 998 1043 1045 nautae
1078 1005 1184 1045 non
1222 999 1498 1061 poterant.
1534 990 1741 1047 Deinde
1781 992 1933 1046 addit
1962 1011 1975 1047 :

398 1099 417 1132 ι
451 1080 705 1150 Dixitque
741 1082 822 1135 eis
851 1077 1257 1135 Jonas:Tollite
1280 1095 1366 1135 me
1402 1090 1457 1135 et
1494 1079 1664 1150 jaeite
1705 1081 1761 1134 in
1805 1064 1977 1146 nrare,

393 1169 540 1238 quod
572 1169 721 1223 illico
756 1168 916 1224 vobis
960 1168 1279 1224 sedabitur:
1327 1170 1453 1224 novi
1492 1171 1639 1225 enim
1678 1171 1977 1241 procellam

396 1262 672 1331 ingentem
713 1260 855 1315 hanc
886 1262 991 1316 mei
1023 1275 1192 1316 causa
1234 1261 1391 1316 vobis
1427 1262 1744 1317 excitatam.
1780 1282 1800 1316 ›
1847 1262 1976 1334 Ego,

388 1352 597 1422 inquit,
635 1352 835 1408 horum
881 1352 1039 1407 vobis
1088 1352 1245 1423 origo
1294 1356 1562 1409 malorum
1610 1371 1776 1410 sum:
1811 1372 1981 1426 quare

395 1442 602 1498 suadeo
649 1452 707 1498 ut
748 1459 833 1499 me
883 1445 939 1498 in
980 1442 1313 1513 profundum
1365 1446 1658 1516 mergatis,
1703 1461 1814 1516 quo
1860 1461 1979 1517 po:-

393 1550 493 1588 nas
527 1534 649 1588 dem
690 1535 863 1604 culpa:
912 1550 1047 1590 meae
1096 1536 1150 1590 in
1201 1536 1393 1601 Deum,
1446 1552 1652 1608 vosque
1692 1539 1844 1593 necis
1895 1539 1979 1592 la-

393 1641 537 1694 queo
583 1626 969 1696 expediamiui.
1030 1624 1415 1682 Verumtamen
1473 1628 1552 1682 illi
1605 1628 1978 1697 periculosum

398 1716 555 1788 163
582 1717 960 1771 existimantes
996 1715 1158 1769 talem
1202 1716 1377 1770 virum
1415 1717 1620 1786 Deique
1651 1717 1979 1771 familiarem

2083 541 2250 596 αὐτοῦ
2300 541 2493 613 μαθεῖν
2538 541 2907 614 ἐϐουλήθησαν
2949 544 3002 598 τί
3046 544 3111 616 δὴ
3160 548 3435 617 προσῆκεν
3470 545 3668 609 αὐτοὺς

2083 632 2483 704 διαπράξασθαι
2512 633 2607 688 καὶ
2633 633 3012 707 ἀπαλλαγῆναι
3045 637 3138 690 τοῦ
3175 637 3440 708 παρόντος
3468 634 3667 692 κακοῦ.

2081 728 2190 781 Kal
2213 728 2426 796 ἐπάγει·
2458 727 2539 781 ὃτι
2569 746 2588 779 ι
2626 727 2686 782 'H
2709 727 2953 783 θάλασσα
2978 729 3269 800 ἐπορεύετο
3295 729 3391 783 καὶ
3417 728 3667 798 ἐξήγειρε

2089 818 2289 888 μᾶλλον
2325 817 2588 872 κλύδωνα·
2620 839 2637 870 ι
2668 820 2881 882 δεικνὺς
2913 820 2995 873 ὅτι
3022 819 3338 890 προσθήκην
3370 819 3458 871 ἀεὶ
3481 819 3548 871 τὰ
3571 817 3665 871 τοῦ

2080 909 2349 980 χειμῶνος
2397 909 2628 980 ἐδέχετο,
2656 909 2731 973 ὡς
2776 910 2843 964 ἂν
2895 911 2969 982 μή
3014 912 3069 964 ἐν
3104 909 3332 981 ἀμελείᾳ
3361 911 3410 961 οἱ
3440 908 3579 963 κατὰ
3605 909 3666 961 τὸ

2082 1000 2263 1053 πλοῖον
2298 999 2439 1054 θεῖεν
2479 999 2540 1054 τὸ
2572 1002 2874 1071 γινόμενον.
2930 996 3063 1056 Εἶτά
3100 1016 3275 1072 φησι·
3319 1020 3336 1053 ι
3368 1002 3478 1054 Kal
3512 998 3667 1054 εἶπεν

2095 1094 2281 1158 Ἰωνᾶς
2305 1094 2443 1166 πρὸς
2474 1093 2689 1158 αύτούς·
2723 1096 2925 1165 ΙἌρατε
2958 1093 3051 1147 καὶ
3077 1091 3339 1164 ἐμϐάλετέ
3371 1109 3437 1163 με
3463 1094 3542 1156 είς
3568 1090 3667 1162 τῆν

2082 1185 2357 1240 θάλασσαν
2377 1226 2393 1250 ,
2440 1186 2534 1239 καὶ
2567 1186 2795 1240 κοπάσει
2827 1187 2860 1256 ή
2894 1185 3134 1240 θάλασσα
3166 1187 3257 1255 ἀφ’
3290 1183 3444 1254 ὑμῶν
3470 1199 3484 1214 ·
3533 1183 3665 1237 διότι

2081 1276 2294 1346 ἔγνωκα
2321 1275 2431 1346 ἐγὼ
2462 1277 2544 1331 ὅτι
2571 1277 2636 1331 δι’
2667 1277 2767 1347 ἐμὲ
2799 1279 2827 1330 ὁ
2851 1276 3056 1329 κλύδων
3083 1268 3238 1340 οὗτος
3265 1278 3294 1329 ό
3323 1275 3496 1345 μέγας
3516 1274 3666 1326 ἐστὶν

2081 1369 2165 1437 ἐφ’
2199 1369 2363 1439 ὑμᾶς.
2391 1388 2408 1420 ι
2458 1368 2599 1438 Ἐγὼ
2629 1369 2726 1439 μὲν
2755 1367 2885 1439 γάρ,
2904 1367 3079 1437 φησὶ.
3113 1367 3318 1419 τούτων
3345 1366 3516 1428 αῖτιος
3537 1364 3667 1434 ύμῖν

2081 1460 2198 1529 είμι
2226 1460 2335 1512 τῶν
2365 1460 2552 1514 κακῶν
2568 1479 2590 1532 ς
2644 1459 2998 1531 συμϐουλεύω
3027 1459 3083 1511 δέ
3116 1460 3246 1530 ὑμῖν
3293 1459 3447 1528 ῥῖψαί
3483 1476 3549 1529 με
3584 1461 3666 1522 είς

2079 1548 2177 1620 τὴν
2202 1549 2499 1617 θάλασσαν,
2535 1550 2610 1613 ὡς
2648 1549 2712 1604 ἂν
2742 1549 2853 1618 ἐγὼ
2878 1549 3029 1620 δοίην
3057 1550 3213 1613 δίκας
3241 1551 3381 1619 ὑπὲρ
3414 1548 3449 1602 ἀ
3478 1550 3663 1620 ἦμαρ-

2078 1659 2171 1696 τον
2198 1643 2276 1705 είς
2302 1641 2457 1705 Θεὸν,
2488 1643 2640 1696 αὐτοί
2666 1659 2725 1694 τε
2763 1642 2916 1695 λύσιν
2943 1642 3050 1695 τῶν
3079 1641 3415 1711 κατεχόντων
3447 1640 3663 1694 λάϐοιτε

2082 1734 2267 1789 κακῶν
2293 1751 2307 1766 ·
2363 1735 2478 1788 ἀλλ’
2524 1734 2721 1789 ἐκεῖνοί
2761 1751 2825 1804 γε
2877 1734 3143 1806 σφαλερὸν
3181 1729 3320 1787 εἶναι
3348 1731 3664 1803 νομίζοντες
3776 1782 3795 1789 -

396 1814 451 1865 in
488 1826 640 1865 mare
685 1820 888 1865 temere
931 1810 1193 1878 abjicere,
1233 1810 1439 1864 dabant
1468 1818 1696 1865 strenue
1725 1824 1972 1880 operam,

2082 1825 2245 1897 ἄνδρα
2287 1824 2539 1879 τοσοῦτον
2584 1826 2679 1879 καὶ
2724 1825 2842 1897 Θεῷ
2878 1824 3224 1897 προσήκοντα
3268 1824 3347 1887 είς
3391 1823 3662 1877 θάλατταν

394 1904 441 1957 si
490 1902 603 1957 fieri
637 1910 821 1971 posset
854 1909 911 1955 ut
961 1900 1028 1955 ad
1067 1900 1198 1957 litus
1233 1902 1412 1956 navim
1461 1903 1820 1972 appellentes,
1850 1916 1977 1971 pro.

394 1994 608 2062 phetam
636 2003 1004 2064 exponerent.
1063 1991 1169 2047 Sed
1223 2008 1348 2047 cum
1403 1991 1455 2047 id
1512 1994 1735 2065 assequi
1774 1994 1973 2064 nequi-

396 2085 623 2151 vissent,
657 2084 985 2155 graviorque
1009 2083 1179 2140 maris
1197 2091 1366 2139 aestus
1390 2084 1565 2149 fleret,
1590 2085 1803 2154 praefati
1829 2084 1974 2156 apud

397 2178 561 2230 Deum
605 2176 707 2241 rei,
754 2189 919 2245 quam
956 2175 1137 2230 acturi
1186 2182 1367 2239 erant,
1419 2176 1858 2242 excusationem,
1899 2177 1972 2232 ita

392 2268 609 2323 demum
633 2267 954 2340 prophetam
989 2266 1045 2321 in
1069 2280 1220 2320 mare
1241 2264 1582 2336 deiecerunt.

464 2559 633 2616 Vsus.
671 2560 862 2616 H-lli.
897 2590 965 2600 —
1004 2558 1219 2630 Quippe
1241 2559 1318 2614 ait
1344 2557 1670 2626 Scriptura:
1714 2574 1733 2608 ι
1771 2544 1972 2612 Excla-

390 2659 683 2705 maverunt
710 2649 776 2704 ad
809 2647 1098 2703 Dominum
1135 2644 1251 2704 :Ne
1280 2661 1586 2719 pereamus,
1619 2645 1869 2713 Domine,
1902 2647 1974 2703 ob

392 2742 556 2811 hujus
586 2740 822 2795 hominis
852 2741 1041 2805 vitam,
1080 2754 1256 2809 neque
1301 2739 1624 2808 sanguinem
1675 2737 1972 2792 innocuum

392 2834 552 2911 nobis
582 2834 841 2904 imputes,
870 2833 1000 2903 quia
1032 2842 1110 2897 tu,
1144 2831 1395 2895 Domine,
1426 2840 1590 2902 prout
1623 2830 1719 2887 tibi
1756 2831 1971 2885 libitum

391 2926 492 2980 fuit
526 2941 640 2980 rem
664 2926 905 2995 gessisti.
944 2942 962 2976 ι
999 2922 1077 2978 Ne
1118 2938 1332 2993 pcenas,
1371 2923 1651 2992 inquiunt,
1702 2921 1771 2977 de
1812 2922 1973 2978 nobis

391 3028 601 3076 sumas.
628 3013 782 3083 quasi
823 3012 1097 3067 hominem
1127 3011 1339 3079 justum
1380 3010 1502 3065 sine
1524 3026 1693 3065 causa
1725 3011 1779 3064 in
1824 3024 1974 3065 mare

388 3107 720 3179 jecerimus;
760 3105 923 3160 nobis
951 3104 1096 3158 enim
1115 3118 1447 3174 magnopere
1470 3104 1528 3158 in
1554 3105 1698 3159 votis
1728 3112 1846 3159 erat
1878 3105 1974 3159 ho-

2084 1917 2269 1980 ἁπλῶς
2300 1918 2600 1989 ἐκρίπτειν,
2633 1917 2995 1986 ἐφιλονείκουν
3023 1916 3078 1969 εί
3102 1932 3217 1980 πως
3243 1909 3354 1970 οἷόν
3372 1934 3430 1969 τε
3453 1915 3544 1969 ἐπὶ
3562 1914 3662 1986 τὴν

2082 2010 2185 2079 γῆν
2221 2009 2623 2073 ἐπανελθόντες,
2669 2007 2844 2072 οὕτως
2873 2006 2966 2061 τοῦ
3018 2008 3204 2061 πλοίου
3239 2007 3329 2061 τὸν
3379 2008 3663 2080 προφήτην

2082 2095 2396 2165 ἐξαγαγεῖν·
2461 2096 2481 2151 f
2504 2112 2555 2165 p.
2591 2096 2735 2166 248)
2789 2095 2976 2167 ἐπειδὴ
3028 2096 3085 2149 δέ
3137 2096 3296 2149 τοῦτο
3338 2099 3511 2150 ποιεῖν
3559 2097 3660 2155 οὐκ

2079 2188 2343 2260 ἠδύναντο
2388 2187 2763 2260 ἐπιτεινούσης
2805 2190 2990 2251 αὐτοῖς
3033 2188 3122 2240 τὺν
3159 2188 3401 2258 χειμῶνα
3426 2188 3532 2269 τῆς
3563 2189 3661 2242 θα-

2081 2281 2316 2353 λάσσης,
2370 2280 2838 2351 ἀπολογησάμενοι
2880 2281 2957 2351 τῷ
2996 2279 3115 2351 Θεῷ
3142 2281 3284 2352 ὑπὲρ
3311 2274 3372 2334 οὗ
3399 2281 3460 2353 δὴ
3492 2286 3662 2353 πράτ-

2080 2390 2195 2426 τειν
2238 2373 2503 2444 ήμελλον,
2554 2372 2697 2426 οὔτω
2727 2374 2793 2443 τῇ
2839 2370 3082 2447 θαλάσσῃ
3127 2372 3220 2427 τὸν
3259 2374 3541 2446 προφήτην
3573 2378 3658 2427 ἐν-

2081 2465 2293 2519 ἐϐαλον.

2150 2555 2299 2625 Στίχ.
2327 2554 2523 2620 ιδ’-ις’.
2550 2587 2617 2596 -
2639 2555 2801 2624 Λέγει
2826 2556 2937 2628 γὰρ
2964 2555 3158 2621 οὕτως·
3195 2556 3334 2609 «Καὶ
3361 2556 3661 2627 ἀνεϐόησαν

2081 2647 2217 2718 πρὸς
2245 2647 2450 2719 Κύριον
2495 2647 2590 2701 καὶ
2635 2644 2816 2701 εἶπαν·
2851 2648 3154 2720 Μηδαμῶς,
3189 2648 3380 2721 Κύριε,
3421 2650 3492 2719 μὴ
3527 2649 3661 2702 ἀποε-

2078 2734 2297 2807 λώμεθα
2329 2735 2515 2790 ἕνεκεν
2543 2739 2641 2806 τῆς
2670 2735 2848 2807 ψυχῆς
2877 2737 2968 2790 τοῦ
2997 2736 3285 2809 ἀνθρώπου
3314 2735 3522 2801 τούτου,
3565 2737 3661 2790 καὶ

2084 2827 2158 2900 μὴ
2182 2826 2323 2898 δῴης
2357 2828 2440 2896 ἐφ’
2469 2828 2619 2898 ἡμᾶς
2647 2823 2786 2897 αἷμα
2811 2826 3018 2882 δίκαιον
3041 2846 3053 2861 ο
3092 2829 3225 2882 διότι
3261 2830 3346 2892 σὺ,
3381 2825 3567 2898 Κύριε,
3601 2828 3662 2881 ὃν

2078 2921 2277 2990 τρόπον
2304 2918 2525 2973 ἐϐούλου
2554 2920 2877 2992 πεποίηκας.
2906 2940 2925 2973 ι
2961 2921 3053 2991 Μὴ
3074 2922 3183 2990 γὰρ
3206 2918 3305 2991 δὴ,
3322 2921 3476 2991 φησὶ,
3498 2938 3664 2990 τιμω-

2084 3010 2204 3083 ρίαν
2234 3013 2364 3083 ἡμῖν
2392 3012 2704 3083 ἐπαγάγῃς,
2736 3011 2812 3075 ὼς
2842 3011 2908 3065 ἂν
2936 3012 3142 3065 δίκαιον
3171 3012 3346 3082 μάτην
3378 3013 3661 3081 ῥίπτουσιν

2082 3106 2161 3167 είς
2191 3103 2485 3167 θάλασσαν,
2516 3105 2702 3174 ἐπειδὴ
2727 3106 2859 3174 ἡμῖν
2888 3104 2984 3174 μὲν
3012 3101 3080 3191 ᾖν
3115 3105 3241 3175 περὶ
3270 3105 3524 3159 πλείστου
3555 3121 3658 3156 σω-

391 3199 591 3255 minem
615 3190 982 3253 conservaret
1024 3195 1121 3252 sed
1161 3196 1320 3251 aliter
1348 3196 1445 3250 tibi
1476 3196 1652 3252 visum
1693 3196 1819 3252 inde
1841 3210 1973 3251 (ξοη-

2082 3196 2237 3267 θῆναι
2262 3194 2354 3248 τὸν
2379 3196 2566 3266 ἀνδρα·
2601 3197 2660 3249 ού
2690 3196 2878 3266 γέγονε
2905 3189 3166 3262 δέ·τοῦτο,
3200 3196 3275 3260 ὡς
3298 3197 3443 3249 ἐοικέ
3471 3212 3551 3249 σοι
3584 3195 3659 3266 μὴ

389 3298 522 3355 stat,
556 3290 702 3360 quod
749 3298 912 3343 aucta
945 3288 1209 3359 procella,
1238 3286 1388 3342 haud
1436 3303 1540 3343 nos
1580 3288 1757 3344 sivisti
1811 3289 1977 3344 saluti

390 3381 631 3438 hominis
662 3381 968 3435 consulere.
1003 3379 1101 3436 His
1128 3395 1226 3452 pro
1261 3394 1320 3435 se
1353 3379 1497 3449 apud
1523 3378 1695 3435 Deum
1734 3395 1978 3450 perora-

391 3475 483 3534 tis.
512 3470 707 3526 Ionam
756 3471 894 3525 mari
929 3479 1274 3538 merserunt;
1311 3481 1475 3542 atque
1533 3472 1679 3527 illico
1724 3474 1979 3543 procellae

392 3562 575 3618 omnis
592 3560 774 3617 fervor
798 3564 1008 3634 quievit
1030 3586 1041 3618 :
1066 3563 1214 3617 unde
1244 3571 1298 3617 et
1327 3563 1476 3633 gravi
1506 3571 1719 3619 terrore
1739 3563 1978 3635 correpti

392 3665 519 3711 sunt
551 3661 820 3722 vectores,
849 3655 1091 3726 supremi
1125 3653 1339 3709 Domini
1390 3655 1630 3724 potentia
1652 3656 1856 3727 agnita,
1883 3656 1976 3726 qui

394 3760 544 3803 mare
568 3761 669 3817 pro
700 3746 855 3802 libito
880 3756 1287 3812 commoverat,
1328 3746 1629 3818 eodemque
1662 3763 1787 3802 mox
1823 3748 1978 3804 libito

392 3841 641 3910 quietum
675 3838 1026 3910 praestiterat.
1078 3837 1216 3894 Exin
1252 3829 1492 3907 additur,
1530 3837 1676 3910 quod
1714 3857 1733 3890 ι
1779 3846 1834 3894 et
1868 3837 1977 3903 Do-~

393 3934 543 3987 mino
600 3932 1051 3995 saeritlcaverint,
1102 3939 1156 3987 et
1208 3941 1329 3987 vota
1379 3933 1754 4002 conceperint.
1786 3948 1805 3983 ι
1856 3926 1979 3984 Νοη

394 4025 539 4094 quod
569 4023 641 4079 ibi
674 4025 859 4080 statim
880 4023 1115 4080 Domino
1145 4040 1303 4079 sacra
1332 4023 1595 4089 fecerint;
1625 4037 1803 4092 neque
1831 4022 1977 4078 enim

397 4116 452 4170 in
491 4115 619 4169 navi
654 4115 866 4170 hostias
904 4115 1140 4171 oblaturi
1170 4123 1325 4171 erant
1363 4135 1376 4172 :
1420 4115 1514 4170 sed
1562 4111 1847 4184 Scriptura
1898 4113 1978 4169 si-

394 4206 635 4278 gnificat;
668 4214 915 4263 vectores
952 4206 1077 4263 illos
1099 4208 1259 4279 plane
1296 4205 1363 4263 ab
1386 4207 1547 4262 idolis
1567 4204 1859 4268 defecisse,
1895 4220 1980 4261 se-

394 4315 502 4368 que
534 4297 627 4353 Dei
659 4298 828 4353 cultui
863 4297 1178 4367 addixisse;
1211 4298 1317 4355 fide
1352 4298 1501 4364 data,
1537 4313 1597 4354 se
1626 4297 1883 4367 deinceps
1922 4298 1977 4353 in

393 4393 516 4461 ejus
545 4390 805 4446 famulatu
848 4391 1087 4458 futuros,
1115 4393 1438 4463 debitasque
1480 4389 1733 4446 victimas
1776 4391 1977 4448 immo-

397 4488 626 4542 laturos.
660 4486 716 4541 ld
746 4489 890 4542 enim
925 4486 1201 4557 significat
1227 4494 1354 4541 vota
1376 4483 1691 4554 concipere.

2078 3286 2271 3342 δοκοῦν
2290 3327 2305 3352 ,
2341 3288 2433 3358 ἀφ’
2465 3280 2541 3342 ὧν
2564 3289 2971 3360 ἐπιτεινόμενος
3005 3292 3034 3343 ό
3067 3288 3273 3343 κλύδων
3303 3291 3476 3343 ποιεῖν
3507 3290 3658 3360 ἡμᾶς

2077 3379 2147 3435 τὰ
2176 3383 2256 3443 είς
2287 3380 2560 3451 σωτηρίαν
2585 3380 2680 3435 τοῦ
2712 3381 3000 3453 ἀνθρώπου
3027 3383 3127 3436 οὐκ
3154 3382 3241 3437 εία
3263 3399 3277 3413 ο
3311 3381 3453 3435 οὕτω
3485 3399 3544 3435 τε
3570 3382 3658 3435 διὰ

2078 3470 2287 3523 τούτων
2337 3470 2865 3542 ἀπολογησάμενοι
2909 3472 2989 3538 τῷ
3038 3470 3160 3538 Θεῷ
3214 3473 3323 3526 τῶν
3374 3472 3659 3543 ῥημάτων,

2079 3561 2333 3617 ἐνέϐαλον
2374 3562 2465 3616 τὸν
2512 3563 2693 3617 Ἰωνᾶν
2742 3566 2823 3628 είς
2848 3565 2944 3635 τὴν
2980 3565 3285 3619 θάλασσαν·
3318 3565 3411 3617 καὶ
3445 3563 3606 3627 εὐθὺς
3630 3564 3660 3617 δ

2078 3651 2286 3707 κλύδων
2312 3653 2456 3716 ἅπας
2484 3653 2761 3709 ἐπαύσατο
2783 3672 2796 3685 ·
2840 3655 2980 3709 ὥστε
3016 3656 3111 3711 καὶ
3141 3657 3289 3728 φόϐῳ
3314 3657 3534 3728 μεγάλῳ
3560 3674 3661 3710 κα-

2078 3745 2408 3818 τασχεθῆναι
2444 3747 2568 3810 τοὺς
2600 3746 2830 3820 ἄνδρας,
2875 3748 3245 3820 θεασαμένους
3276 3748 3376 3821 τὴν
3410 3749 3661 3813 ἐξουσίαν

2076 3836 2173 3890 τοῦ
2204 3839 2420 3892 πάντων
2450 3840 2679 3911 Κυρίου,
2702 3839 2761 3904 ὃς
2791 3841 2883 3894 καὶ
2913 3842 3231 3913 συνεκίνησε
3260 3842 3358 3914 τήν
3383 3841 3657 3896 θάλασσαν

2078 3928 2155 3993 ὡς
2183 3929 2433 3984 ἐϐούλετο
2456 3971 2471 3993 ,
2518 3933 2613 3984 καὶ
2644 3931 2925 4002 βουληθεὶς
2955 3934 3125 4003 αὐτὴν
3170 3933 3298 3987 εὐθὺ
3341 3930 3434 3987 καὶ
3480 3949 3661 4005 παρα·

2079 4022 2270 4094 χρῆμα
2297 4024 2477 4076 πᾶσαν
2513 4025 2591 4088 εἰς
2624 4024 2865 4097 γαλήνην
2903 4026 3249 4099 μετέστησεν.
3283 4022 3418 4081 Εἶτα
3443 4028 3658 4095 ἐπάγει,

2078 4117 2160 4169 ὅτι
2201 4135 2220 4167 ι
2250 4117 2359 4171 Kal
2386 4116 2584 4171 ἔθυσαν
2618 4117 2696 4189 τῷ
2743 4120 2933 4191 Κυρίῳ
2978 4121 3072 4173 καὶ
3115 4119 3348 4191 ηὔξαντο
3392 4120 3554 4192 εύχάς
3580 4139 3595 4152 ·
3637 4141 3655 4173 ι

2078 4208 2176 4277 οὐχ
2204 4209 2285 4261 ὅτι
2318 4211 2468 4279 παρὰ
2502 4209 2643 4263 αὐτὰ
2667 4209 2867 4265 ἐθυσαν
2890 4211 2967 4281 τῷ
2995 4211 3185 4285 Κυρίῳ
3217 4212 3391 4281 λέγων
3410 4231 3423 4245 ε
3468 4216 3529 4267 ού
3553 4202 3673 4286 γὰρ’

2079 4300 2173 4355 ἐπὶ
2208 4299 2302 4354 τοῦ
2334 4300 2521 4354 πλοίου
2559 4301 2751 4367 θυσίας
2784 4303 3018 4374 ἤμελλον
3068 4303 3336 4358 ἐπιτελεῖν
3362 4321 3375 4335 ⁸
3424 4304 3537 4358 ἀλλ’
3574 4305 3662 4359 ἵνα

2081 4392 2210 4463 εἴπῃ
2256 4391 2338 4445 ὅτι
2383 4392 2491 4445 τῶν
2541 4393 2775 4447 εἰδώλων
2826 4393 3105 4456 παντελῶς
3152 4394 3482 4456 ἀποστάντες
3507 4433 3521 4458 ,
3571 4395 3662 4447 άν-

2081 4485 2273 4541 έθεσαν
2321 4488 2520 4551 αὐτοὺς
2564 4489 2629 4558 τῇ
2660 4485 2754 4539 τοῦ
2806 4484 2942 4538 Θεοῦ
2987 4484 3245 4557 λατρεία,
3295 4484 3370 4555 (p.
3395 4485 3521 4554 9.49)
3568 4487 3662 4538 καὶ

395 4583 694 4652 ὑπέσχοντο
714 4581 807 4635 τοῦ
837 4581 1027 4636 λοιποῦ
1048 4583 1148 4654 τῆς
1173 4581 1339 4636 αὐτοῦ
1366 4578 1611 4642 δουλείας
1638 4577 1979 4647 ἀνθέξεσθαι,
2014 4580 2165 4644 αύτῷ
2198 4599 2259 4635 τε
2286 4584 2380 4636 καὶ
2410 4583 2512 4645 τὰς
2541 4579 2891 4651 καθηκούσας
2927 4579 3220 4652 προσάξειν
3250 4578 3437 4642 θυσίας
3460 4597 3475 4611 ·
3504 4579 3664 4632 τοῦτο

394 4679 502 4749 γὰρ
529 4677 679 4746 λέγει
709 4677 790 4745 τὸ,
824 4677 1101 4745 Ηῦξαντο
1137 4676 1342 4747 εὐχάς.

1053 4768 1209 4824 CAP.
1232 4766 1319 4822 11.Δ

470 4860 616 4915 Vens
638 4859 752 4914 1-7.
779 4888 851 4900 —
878 4857 1051 4915 Porro
1077 4856 1248 4913 Jonas
1270 4857 1409 4913 mari
1432 4860 1622 4929 perdiu
1646 4847 1977 4932 iactabatur,

397 4948 575 5004 donec
613 4946 759 5005 Deus
780 4955 903 5004 ceto
953 4947 1148 5019 grandi
1184 4947 1491 5014 mandavit,
1537 4956 1599 5003 ut
1649 4946 1978 5016 naufragum

399 5043 721 5097 devoraret:
775 5040 936 5110 cujus
985 5040 1040 5095 in
1082 5046 1272 5093 ventre
1310 5046 1427 5096 tres
1476 5039 1595 5096 dies
1623 5039 1828 5095 mansit
1854 5047 1991 5092 tres-

400 5148 507 5201 que
527 5132 1108 5202 noctes-incorruptus
1138 5129 1300 5200 plane
1331 5131 1637 5201 propheta:
1676 5131 1749 5186 ita
1786 5137 1847 5184 ut
1871 5130 1989 5200 ipse

402 5227 615 5282 mirans
637 5239 794 5279 suam
826 5224 970 5278 intra
1004 5232 1184 5278 cetum
1203 5222 1638 5277 incolumitatem
1672 5229 1726 5277 et
1748 5220 1984 5292 integri-

401 5324 590 5381 tatem,
641 5313 801 5388 164
850 5314 980 5369 dum
1020 5314 1097 5369 ibi
1130 5328 1231 5368 ceu
1271 5313 1328 5367 in
1377 5313 1709 5369 domuncula
1750 5312 1988 5385 quadam

403 5419 517 5465 tute
540 5409 713 5480 degit,
744 5421 1048 5462 conversus
1079 5405 1146 5460 ad
1183 5420 1374 5474 preces
1419 5414 1528 5470 est,
1577 5422 1718 5477 quas
1751 5422 1817 5463 ex
1874 5406 1981 5461 ceti

402 5510 592 5557 ventre
627 5499 693 5554 ad
722 5498 893 5554 Deum
940 5497 1081 5552 fudit
1111 5517 1125 5554 :
1157 5513 1391 5567 quarum
1420 5514 1644 5571 precum
1678 5501 1793 5556 haec
1816 5499 1981 5555 verba

404 5600 536 5649 sunt
558 5606 573 5645 :
595 5609 615 5644 ι
646 5588 891 5646 Clamavi
927 5588 997 5644 ad
1024 5587 1316 5643 Dominum
1347 5589 1513 5646 Deum
1545 5606 1748 5657 meum,
1776 5592 1868 5661 qui
1896 5606 1982 5647 me

402 5681 722 5739 exaudivit:
757 5678 1015 5734 emissam
1050 5678 1118 5736 de
1150 5689 1342 5736 ventre
1383 5680 1546 5737 inferi
1575 5683 1835 5737 clamoris
1876 5681 1978 5736 mei

404 5786 593 5828 vocem
622 5769 966 5828 auscultasti.
1002 5789 1020 5824 ι
1059 5769 1397 5829 Gravissima
1428 5788 1687 5844 pressura
1710 5774 1978 5839 irretitus,

2010 4749 2057 4805 D

2738 4762 2895 4814 ΚΕΦ.
2939 4761 3016 4816 B'.

2157 4855 2305 4926 Στίχ.
2338 4855 2475 4921 α’-ξ,
2500 4884 2570 4896 —--
2607 4854 2666 4909 '0
2699 4856 2795 4927 μὲν
2823 4852 2917 4910 οὖν
2959 4857 3143 4920 Ἰωνᾶς
3173 4856 3266 4910 ἐπὶ
3296 4854 3543 4910 πλεῖστον
3573 4856 3664 4909 ἐπὶ

2086 4945 2189 5017 τῆς
2221 4945 2497 5019 θαλάσσης
2528 4946 2753 5017 ἐφέρετο
2775 4963 2792 4981 ο
2840 4946 3143 5019 προσέταξε
3173 4948 3231 5003 δέ
3274 4948 3303 5001 ό
3343 4948 3476 5012 Θεὸς
3498 4950 3664 5019 κήτει

2089 5037 2308 5109 μεγάλῳ
2351 5039 2443 5092 ἐπὶ
2469 5039 2570 5108 τῆς
2608 5038 2882 5111 θαλάσσης
2934 5040 3232 5111 φερόμενον
3260 5044 3546 5095 καταπιεῖν
3572 5041 3666 5094 τὸν

2098 5127 2301 5193 Ἰωνᾶν,
2333 5122 2501 5202 οὗπερ
2536 5129 2595 5184 ἐν
2625 5133 2693 5201 τῇ
2725 5130 2903 5203 κοιλίᾳ
2931 5133 3080 5204 τρεῖς
3111 5131 3325 5204 ἡμέρας
3362 5149 3421 5186 τε
3449 5132 3546 5186 xal
3569 5130 3664 5185 νύσ-

2086 5238 2219 5285 κτας
2263 5221 2926 5294 πεποίηκεν³ἀδιάφθορος
2956 5223 3235 5297 παντελῶς
3277 5225 3306 5276 ὁ
3334 5226 3620 5295 προφήτης
3648 5238 3675 5272 ἰ

2086 5311 2227 5366 ὥστε
2265 5313 2360 5366 καὶ
2390 5313 2551 5366 αὑτὸν
2580 5313 2939 5384 θαυμάσανπ
2959 5357 2974 5380 ,
3025 5313 3106 5367 ὃτι
3133 5313 3246 5383 ’περ
3289 5313 3530 5385 ἀϐλαϐής
3574 5314 3667 5367 ἐπὶ

2088 5403 2183 5459 τοῦ
2222 5406 2421 5476 κήτους
2466 5406 2808 5475 πεφύλακται
2856 5407 2951 5461 καὶ
2999 5406 3322 5478 ἀδιάφθορος
3368 5405 3675 5503 παντελῶς,ί

2089 5498 2164 5563 ὡς
2211 5500 2269 5553 ἐν
2318 5500 2547 5572 οἰκίσκῳ
2589 5502 2695 5554 τινὶ
2750 5499 2888 5572 μετὰ
2936 5500 3137 5571 πολλῆς
3185 5503 3522 5572 τυγχάνοντα
3570 5502 3668 5571 τῆς

2088 5590 2408 5661 ἀσφαλείας,
2433 5593 2524 5645 ἐπὶ
2554 5592 2862 5665 προσευχὴν
2890 5595 3161 5665 τραπῆναι
3183 5634 3196 5652 .
3233 5594 3300 5665 ἢν
3326 5595 3389 5648 ἐκ
3433 5594 3529 5666 τῆς
3561 5611 3677 5649 κοιη

2087 5681 2208 5747 λίας
2228 5683 2321 5737 τοῦ
2351 5685 2550 5755 κήτους
2566 5685 2849 5757 ἀνέπεμπε
2872 5686 2947 5758 τῷ
2973 5686 3110 5757 Θεῷ.
3141 5686 3223 5740 Τὰ
3243 5686 3299 5741 δὲ
3314 5685 3416 5757 τῆς
3437 5705 3678 5761 προσευοι

2088 5771 2192 5843 χῆς
2222 5773 2441 5845 ῥήματα
2465 5774 2652 5828 τοῦτον
2681 5774 2792 5845 ἔχει
2820 5775 2910 5830 τὸν
2936 5775 3136 5847 τρόπον
3157 5792 3171 5808 ο
3224 5794 3243 5829 ι
3266 5775 3500 5848 Ἐϐόησα
3530 5771 3675 5847 πρῦς
