4102 6526
232 545 334 606 537

1311 550 1871 612 COMMENTARIUS
1908 552 1977 609 IN
2000 552 2195 612 JONIE
2235 555 2390 614 CAP.
2431 556 2497 612 ll.

3433 550 3541 608 338

235 670 441 742 Κύριον
468 668 564 725 τὸν
585 668 721 725 Θεόν
748 688 880 744 μου,
919 670 1015 726 καί
1051 672 1342 746 εἰσήκουσέ
1372 691 1500 746 μου’
1530 677 1598 730 ἐκ
1629 675 1839 741 κοιλίας

1945 683 2109 748 atque
2144 677 2199 732 in
2225 676 2363 749 ipsis
2395 678 2614 743 inferis,
2640 674 2950 749 desperatis
2979 674 3194 732 scilicet
3219 673 3401 739 malis,
3423 688 3554 730 ver-

230 763 355 837 ᾅδου
386 762 647 835 κραυγῆς
685 779 787 833 μου
813 763 1077 835 ἤκουσας,
1106 764 1292 835 φωνῆς
1323 782 1446 837 μου.
1472 785 1490 818 ι
1543 767 1634 821 Ἐν
1666 766 1837 838 βαρυ-

230 850 368 926 τάτῃ
386 854 575 925 θλίψει
599 855 887 927 τυγχάνων
912 856 1008 911 καὶ
1030 857 1088 910 ἐν
1112 856 1261 929 αὐτῴ
1281 874 1345 927 γε
1370 858 1448 931 τῷ
1475 858 1577 933 ᾅδῃ
1600 859 1840 931 γεγονὼς

229 950 290 1019 τῇ
320 946 437 1001 τῶν
468 948 658 1002 κακῶν
680 947 1014 1019 ἀπογνώσει,
1045 949 1249 1021 ἐϐόησὰ
1277 969 1337 1005 τε
1368 936 1506 1023 πρὸς
1539 953 1599 1006 σὲ
1625 952 1721 1007 καὶ
1741 953 1842 1008 οὐκ

228 1038 508 1110 ἀπέτυχον
543 1038 655 1093 τῶν
684 1040 980 1111 αἰτήσεων.
1033 1057 1052 1091 ι
1093 1039 1435 1113 Ἀπέρριψάς
1471 1059 1538 1112 με
1587 1044 1667 1104 εἰς
1700 1042 1839 1114 βάθη

228 1131 464 1203 καρδίας
522 1131 808 1203 Θαλάσσης
835 1171 851 1196 ,
911 1133 1005 1187 καὶ
1056 1132 1294 1205 ποταμοί
1363 1151 1430 1206 με
1485 1134 1837 1189 ἐκύκλωσανσ

227 1225 431 1288 πάντες
482 1226 535 1278 οἱ
575 1225 951 1296 μετεωρισμοί
985 1243 1077 1280 σου
1119 1226 1215 1281 καὶ
1256 1227 1325 1282 τὰ
1356 1227 1583 1298 κύματά
1616 1245 1710 1281 σου
1753 1228 1839 1281 ἐπ’

226 1320 319 1391 ἐμὲ
346 1317 601 1391 διῆλθον.
632 1338 654 1371 ι
707 1319 1089 1388 Ἀποφυγόντα
1118 1320 1229 1392 γὰρ
1268 1321 1368 1392 τὴν
1408 1320 1713 1392 ὑπουργίαν
1741 1321 1841 1393 τὴν

227 1413 344 1485 σὴν,
372 1414 659 1483 ἐμπεσεῖν
690 1428 751 1463 τε
781 1413 850 1483 τῇ
879 1411 1123 1486 θαλάττῃ
1152 1413 1486 1484 πεποίηκας,
1517 1414 1612 1468 καὶ
1642 1413 1840 1467 πολλοῦ

225 1523 368 1570 τινος
402 1504 749 1577 πειραθῆναι
774 1503 869 1557 τοῦ
914 1505 1186 1570 κλύδωνος
1212 1524 1226 1538 ·
1256 1507 1367 1575 ,ὐφ’
1395 1501 1461 1561 οὗ
1494 1506 1560 1578 δὴ
1585 1505 1726 1575 ἄγαν
1746 1523 1841 1561 τα-

226 1596 580 1670 ραττομένης
618 1596 721 1665 τῆς
761 1595 1034 1668 θαλάττης
1082 1598 1345 1669 ποταμῶν
1388 1599 1546 1670 δίκην
1590 1597 1842 1652 ἐντεῦθεν

224 1689 458 1761 ἐπέρρει
498 1705 595 1759 μοι
624 1688 737 1743 τῶν
775 1691 1040 1761 κυμάτων
1068 1691 1139 1744 τὰ
1169 1689 1359 1745 ὕδατα.
1404 1693 1480 1762 (p.
1512 1691 1642 1762 250)
1678 1709 1696 1742 ι
1731 1690 1843 1745 Καὶ

222 1780 332 1849 ἐγὼ
365 1777 531 1834 εἶπον
558 1798 573 1810 ·
615 1781 908 1853 Ἀπῶσμαι
939 1781 1000 1848 ἐξ
1034 1782 1333 1852 ὀφθαλμῶν
1364 1800 1459 1837 σου
1482 1801 1496 1814 ·
1530 1780 1640 1856 ἆρα
1669 1799 1840 1856 προσ-

222 1873 376 1945 θήσω
423 1873 528 1926 τοῦ
551 1872 848 1943 ἐπιϐλέψαι
872 1874 1010 1945 πρὸς
1033 1875 1158 1931 ναὸν
1180 1875 1273 1929 τὸν
1294 1876 1450 1946 ἆγιόν
1475 1894 1568 1935 σου
1591 1894 1605 1943 ;
1642 1896 1660 1928 ι
1705 1876 1845 1931 Ὑπὸ

219 1969 351 2037 γοῦν
381 1969 493 2037 τῆς
518 1967 633 2021 τῶν
660 1968 850 2022 κακῶν
865 1969 1178 2042 ἀμηχανίας
1206 1969 1572 2043 ἐκϐεϐλῆσθαι
1594 1974 1695 2043 τῆς
1716 1989 1844 2045 προ-

1945 785 2098 837 sans,
2157 772 2391 828 clamavi
2445 770 2513 827 ad
2543 780 2638 838 te;
2678 784 2858 841 neque
2894 768 3052 824 irrita
3091 768 3195 823 fuit
3242 766 3544 840 postulatio

1946 876 2088 917 mea.
2128 881 2146 915 ι
2184 861 2478 934 Projecisti
2509 878 2599 918 me
2624 864 2678 917 in
2713 860 3048 932 profundum
3075 860 3247 914 maris
3282 874 3401 924 cor,
3439 874 3545 913 un-

1944 952 2138 1023 dazque
2171 968 2259 1008 tne
2279 954 2717 1019 concluserunt;
2753 966 2948 1007 omnes
2972 957 3141 1006 aestus
3186 950 3265 1004 tui
3313 948 3546 1004 ﬂuctus-

1946 1059 2052 1114 que
2074 1060 2243 1115 super
2273 1061 2362 1102 me
2392 1046 2753 1102 transierunt.
2787 1064 2805 1096 ι
2850 1043 2957 1109 Qui
3007 1041 3235 1113 perfuga
3283 1056 3435 1097 eram
3474 1040 3545 1096 ab

1946 1131 2259 1191 obedien’tia
2288 1146 2402 1205 tua,
2442 1137 2653 1193 curasti
2690 1133 2834 1190 utin
2867 1149 3022 1189 mare
3058 1132 3384 1199 inciderem,
3436 1132 3545 1186 ibi-

1944 1231 2345 1302 queingentem
2380 1230 2661 1299 experirer
2700 1226 3001 1298 procellam
3030 1241 3044 1277 :
3077 1240 3185 1296 qua
3206 1223 3337 1279 dum
3369 1238 3544 1286 mare,

1944 1323 2190 1379 ﬂuminis
2217 1323 2414 1387 instar,
2447 1323 2706 1393 agitatur,
2751 1334 2852 1390 ego
2884 1317 3109 1388 quidem
3133 1331 3400 1388 aquarum
3431 1331 3549 1369 vor-

1946 1417 2149 1473 ticibus
2185 1429 2603 1487 quaqueversus
2633 1412 2928 1467 obruebar.
2969 1430 2987 1463 ‹
3029 1410 3094 1463 Et
3117 1425 3219 1481 ego
3251 1408 3363 1465 dixi
3395 1428 3408 1463 :
3438 1406 3549 1463 Re-

1940 1510 2122 1582 jectus
2154 1525 2277 1566 sum
2307 1509 2499 1580 procul
2546 1506 2726 1563 oculis
2770 1507 2900 1561 tuis.
2939 1502 3082 1558 l‘tum
3136 1504 3320 1559 denuo
3351 1502 3548 1558 videbo

1946 1604 2207 1674 templum
2261 1609 2515 1659 sanetum
2567 1599 2769 1655 tuum?
2821 1618 2841 1651 ι
2900 1596 2999 1654 His
3058 1611 3145 1653 me
3208 1597 3369 1651 malis
3418 1612 3545 1651 cum

1944 1696 2204 1768 expedire
2258 1695 2594 1766 nequirem,
2645 1693 2931 1750 exclusum
2999 1706 3088 1746 me
3144 1689 3470 1761 reputabam
3517 1704 3549 1742 a

1944 1789 2290 1861 providentia
2321 1794 2451 1856 tua;
2492 1787 2816 1857 nullamque
2868 1792 3132 1857 praeterea
3176 1798 3332 1854 Spem
3397 1780 3551 1838 lme-

1946 1883 2095 1948 bam,
2139 1882 2257 1939 fore
2292 1892 2352 1937 ut
2393 1881 2449 1937 in
2502 1881 2771 1952 templum
2808 1888 2962 1935 tuum
2993 1893 3251 1935 reversus
3308 1876 3547 1948 legitima

1946 1973 2311 2046 perfungerer
2377 1972 2668 2044 religione.
2743 1970 2957 2042 Quippe
3010 1971 3165 2025 illinc
3228 1968 3550 2041 longissime

217 2060 372 2126 νοίας
406 2060 580 2133 ᾤμην
619 2061 725 2132 τῆς
756 2063 876 2134 σῆς,
915 2054 1011 2117 καὶ
1040 2063 1302 2136 οὐδεμίαν
1336 2062 1482 2137 εἶχον
1508 2065 1700 2119 ἐλπίδα
1728 2066 1842 2120 λοιτ

1945 2067 2191 2131 aberam,
2226 2065 2575 2138 gravissimis
2602 2065 2904 2136 implicitus
2928 2062 3362 2119 calamitatibus.
3408 2080 3427 2112 ιι
3452 2059 3550 2116 Ol-

216 2155 315 2208 πὸν
336 2154 439 2208 τοῦ
480 2154 782 2225 γενόμενος
810 2155 871 2209 ἐν
899 2155 979 2228 τῷ
1001 2155 1116 2229 ναῷ
1146 2174 1239 2211 σου
1268 2157 1348 2230 τῷ
1382 2158 1522 2230 ἁγίῳ
1547 2157 1645 2230 τὴν
1675 2156 1843 2230 καθή⁴

212 2264 426 2302 κουσαν
453 2250 722 2302 ἀποτῖσαι
752 2266 836 2303 σοι
869 2249 1173 2322 θρησκείαν
1193 2267 1205 2282 ⁸
1236 2249 1332 2305 ἅτε
1369 2252 1563 2323 πόρρω
1588 2268 1646 2304 τε
1673 2249 1841 2303 αὐτοῦ

211 2343 544 2413 τυγχάνων,
575 2343 672 2395 καὶ
700 2341 1027 2414 βαρυτάταις
1059 2344 1599 2415 περιεστοιχισμὲνος
1628 2345 1839 2407 κακοῖς.

215 2454 234 2483 ι
260 2432 596 2506 Περιεχύθη
626 2451 716 2505 μοι
750 2434 899 2507 ὕδωρ
924 2433 1029 2499 ἕως
1062 2435 1244 2508 ψυχῆς
1283 2453 1407 2507 μου.
1441 2454 1462 2488 ι
1522 2435 1704 2508 Αὐτῆς
1739 2452 1842 2506 μου

206 2530 308 2600 τῆς
340 2528 539 2599 ψυχῆς
586 2527 857 2605 καθίκετο
898 2527 1009 2582 τῶν
1046 2528 1563 2601 περικεχυμῶιωνή
1603 2530 1840 2603 ταραχή.

212 2642 233 2674 ι
258 2620 554 2683 Ἀϐυσσος
584 2619 871 2674 ἐκύκλωσέ
902 2638 968 2691 με
996 2620 1225 2693 ἐσχάτη.
1252 2640 1271 2673 ›
1310 2621 1384 2674 Τὸ
1416 2620 1725 2678 τελευταῖον
1749 2622 1842 2676 ὑπ’

203 2714 391 2784 αὐτῆς
420 2712 746 2785 κατεπόθην
779 2712 877 2782 τῆς
907 2711 1169 2767 ἀϐύσσου.
1217 2731 1235 2765 ι
1268 2712 1397 2766 Ἕδυ
1432 2714 1466 2784 ἡ
1493 2714 1705 2785 κεφαλὴ
1739 2729 1842 2785 μου

204 2809 288 2870 εἰς
337 2805 599 2877 σχισμὰς
652 2805 849 2873 ὀρέων.
887 2824 906 2856 ι
960 2804 1279 2860 Διαλάττειν
1324 2822 1386 2860 τε
1429 2806 1582 2861 οὐδὲν
1624 2807 1845 2861 ἐδόκουν

204 2898 450 2972 ἐμαυτῷ
486 2896 586 2953 τοῦ
640 2898 699 2949 ἐν
750 2896 1085 2969 διαιρέσεσιν
1140 2898 1314 2971 ὀρέων
1368 2898 1702 2970 βαρυτάταις
1743 2900 1842 2972 λη-

204 2994 475 3065 φθέντος,
516 2985 641 3043 εἶτα
677 2990 786 3043 τῶν
821 2992 996 3062 ὀρέων
1032 2992 1126 3044 ἐπὶ
1150 2991 1348 3044 ταυτὸν
1378 2991 1843 3063 συνεληλυθότων,

196 3084 483 3157 οὐδεμίαν
515 3081 816 3153 ἀποφυγῆς
854 3081 1168 3153 εὐρίσκοντι
1193 3081 1382 3135 λοιπὸν
1415 3083 1629 3140 ἐλπίδα.
1657 3104 1674 3137 ι
1701 3086 1847 3139 Κατ-

199 3180 345 3251 έϐην
380 3180 469 3242 εἰς
499 3176 634 3247 γῆν,
672 3171 741 3247 ἦς
782 3178 830 3229 οἰ
883 3175 1073 3247 μοχλοὶ
1102 3176 1275 3247 αὐτῆς
1308 3175 1531 3250 κάτοχοι
1562 3177 1793 3236 αἰώνιοι.
1821 3199 1839 3233 ι

199 3267 347 3325 Εἶτα
385 3268 614 3322 ἐκεῖθεν
661 3266 936 3334 διεδέξατό
968 3285 1036 3340 με
1086 3268 1148 3321 τὸ
1185 3269 1353 3339 κῆτος
1377 3310 1392 3334 ,
1448 3271 1543 3324 καὶ
1586 3272 1690 3344 γῆν
1722 3288 1847 3327 τινα

197 3366 386 3419 οἰκεῖν
444 3361 713 3426 ἐδόκουν,
773 3359 834 3424 ἐξ
885 3356 956 3432 ἦς
989 3361 1294 3431 ἀποφυγεῖν
1351 3361 1430 3432 τῷ
1486 3364 1845 3434 κατεχομένῳ

1947 2161 2084 2217 fusae
2123 2160 2259 2214 mihi
2284 2168 2417 2216 sunt
2447 2173 2605 2230 aqua:
2649 2174 2826 2230 usque
2854 2158 2922 2213 ad
2949 2158 3212 2212 animam.
3242 2174 3261 2208 ι
3302 2156 3550 2210 Circum-

1946 2253 2217 2309 stantium
2267 2253 2543 2307 malorum
2585 2260 2833 2308 terrores
2859 2251 2927 2306 ad
2967 2252 3143 2322 ipsam
3176 2248 3421 2303 animam
3451 2263 3548 2318 pe-

1946 2352 2331 2401 netraverunt.
2363 2345 2516 2399 tlma
2537 2359 2625 2401 me
2665 2344 2891 2400 vallavit
2928 2345 3187 2415 abyssus.
3233 2360 3253 2393 ι
3294 2340 3544 2412 Denique

1945 2438 2165 2510 gurgite
2199 2436 2501 2508 absorptus
2524 2452 2670 2492 sum.
2716 2455 2735 2489 ι
2777 2437 2956 2508 Caput
2993 2451 3173 2492 meum
3222 2435 3278 2490 in
3321 2434 3554 2491 ﬁssuras

1946 2532 2219 2586 montium
2253 2531 2557 2586 demissum
2589 2537 2695 2585 est.
2734 2549 2753 2582 ι
2798 2528 2950 2585 Nihil
2982 2530 3116 2585 mihi
3146 2529 3371 2584 differre
3403 2527 3555 2584 vide-

1946 2625 2048 2681 bar
2069 2624 2139 2679 ab
2172 2624 2242 2679 iis
2281 2623 2376 2695 qui
2417 2622 2473 2677 in
2510 2622 2766 2679 cavernis
2811 2623 3083 2678 montium
3126 2622 3414 2678 altissimis
3452 2619 3553 2675 de-

1947 2714 2216 2781 tinentur,
2258 2715 2333 2769 ita
2373 2720 2435 2769 ut
2475 2714 2805 2770 coeuntibus
2836 2713 2892 2769 in
2948 2729 3009 2770 se
3056 2714 3363 2779 montibus,
3400 2713 3554 2768 nulla

1947 2821 2076 2878 spes
2117 2805 2388 2862 evadendi
2442 2806 2658 2877 reliqua
2713 2807 2807 2862 sit.
2855 2823 2875 2858 c
2922 2804 3195 2862 Descendi
3248 2806 3397 2861 intra
3446 2806 3553 2860 liu-

1947 2914 2122 2965 mum,
2160 2900 2322 2971 cujus
2349 2908 2538 2956 vectes
2578 2906 2785 2955 aeterna
2812 2899 3119 2956 retinacula
3160 2907 3311 2955 sunt.
3356 2918 3374 2952 ι
3412 2898 3553 2954 Tum

1948 2994 2023 3050 ibi
2056 3010 2145 3049 me
2182 2993 2400 3069 excepit
2449 3005 2629 3062 cetus,
2689 2994 2837 3048 intra
2887 3008 3049 3062 quem
3106 2999 3313 3048 terram
3369 3007 3555 3062 quam-

1947 3088 2077 3143 dam
2119 3087 2349 3143 videbar
2397 3087 2679 3153 incolere,
2731 3085 2879 3142 unde
2917 3086 3155 3142 evadere
3194 3084 3418 3140 detento
3456 3084 3554 3138 ho-

1946 3179 2085 3233 mini
2150 3192 2384 3248 prorsus
2438 3192 2549 3233 non
2612 3178 2836 3235 licebat.
2902 3175 3217 3249 Caeteroqui
3255 3176 3555 3232 incolumis

1948 3271 2101 3327 intus
2142 3272 2331 3327 divino
2371 3279 2509 3327 nutu
2551 3286 2775 3340 servor,
2817 3286 3138 3343 quanquam
3184 3272 3392 3326 exitum
3432 3271 3550 3324 nul-

1950 3364 2063 3419 lum
2106 3368 2425 3421 nanciscor.

196 3458 448 3515 δυνατὸν
483 3453 747 3526 οὐδαμῶς
790 3453 1036 3526 ὑπῆρξεν
1059 3469 1072 3483 ⁸
1114 3452 1361 3527 ἀϐλαϐὴς
1403 3454 1501 3522 μὲν
1536 3453 1685 3509 ἔνδον
1712 3458 1778 3529 τῇ
1811 3454 1932 3529 θεία
1984 3460 2213 3533 προνοίᾳ
2247 3457 2674 3530 φυλαττόμενος,
2718 3457 2817 3530 τὴν
2850 3455 3063 3512 ἐκεῖθέν
3090 3471 3150 3509 τε
3182 3454 3404 3510 ἔκδυσιν
3437 3455 3557 3527 ἥτις
3588 3466 3599 3475 ‘

209 3555 283 3607 ἂν
315 3552 555 3621 γένοιτο
597 3550 700 3619 οὐχ
744 3547 1044 3620 εὑρίσκων.

273 3644 443 3715 Στίχ.
467 3648 665 3715 η’-ια’.
698 3671 771 3680 --
805 3659 823 3692 ι
865 3640 978 3693 Καὶ
1016 3640 1279 3713 ἁναϐήτω
1309 3641 1375 3694 ἐκ
1406 3641 1614 3713 φθορᾶς
1653 3643 1686 3714 ἡ
1728 3642 1842 3717 ζωή

2026 3641 2186 3715 165
2221 3639 2387 3697 Vens.
2420 3639 2577 3696 8-H.
2604 3669 2674 3680 —
2710 3657 2729 3691 ι
2753 3638 2980 3696 Utinam
3015 3652 3075 3694 se
3103 3647 3351 3711 emergat
3378 3654 3409 3693 a
3440 3654 3583 3701 cora

200 3756 312 3811 μου
340 3737 496 3810 πρὸς
537 3736 619 3794 σὲ.
659 3734 858 3806 Κύριε,
887 3732 1068 3798 ὐΘεύς
1103 3751 1229 3805 μου.
1271 3754 1291 3787 ι
1332 3735 1495 3788 Ἀλλά
1526 3737 1639 3807 γὰρ
1671 3739 1840 3809 μόνης

196 3832 303 3903 τῆς
363 3831 479 3902 σῆς
529 3831 654 3883 ἐστι
702 3826 992 3898 δυνάμεως
1035 3829 1137 3899 τῆς
1186 3828 1606 3901 ὑπειλημμένης
1649 3830 1841 3886 αὐτόθι

100 3938 115 3951 ο
203 3924 433 3997 φθορᾶς
482 3920 805 3988 ἀπαλλάξαι
861 3936 967 3991 μου
1002 3919 1102 3991 τὴν
1145 3918 1315 3993 ζωήν.
1376 3922 1449 3993 (ι).
1506 3921 1636 3994 251)
1680 3943 1698 3976 ι
1752 3925 1841 3979 Ἐν

22 6516 125 6526 his.--

193 4017 283 4086 τῷ
330 4015 637 4070 ἐκλείπειν
674 4012 768 4065 ἀπ’
805 4009 942 4083 ἐμοῦ
972 4010 1072 4084 τὴν
1103 4009 1284 4085 ψυχήν
1336 4030 1439 4084 μου
1463 4054 1478 4078 ,
1509 4013 1603 4068 τοῦ
1633 4014 1840 4087 Κυρίου

195 4105 537 4181 ἐμνήσθην.
590 4123 609 4156 ι
645 4103 860 4176 Μικροῦ
897 4103 1008 4177 γὰρ
1037 4106 1221 4174 ἀφιεὶς
1244 4107 1326 4177 -τῇ
1361 4104 1570 4178 ἀπορίᾳ
1602 4108 1703 4179 τὴν
1732 4102 1837 4176 ψὺ-

193 4200 327 4273 χὴν,
368 4199 483 4269 τὴν
518 4196 627 4268 σὴν
649 4196 815 4268 ᾔτουν
850 4195 1126 4270 βοήθειαν.
1168 4217 1187 4250 ‹
1229 4199 1339 4253 Καὶ
1365 4198 1512 4253 ἔλθοι
1545 4200 1685 4272 πρὸς
1720 4202 1841 4274 σέή

194 4291 513 4363 προσευχὴ
557 4306 663 4361 μου
708 4290 789 4354 είς
829 4288 958 4345 ναὸν
998 4289 1156 4359 ἆγιόν
1200 4307 1318 4346 σου.
1357 4309 1377 4342 ›
1416 4292 1591 4357 Αὐτός
1632 4293 1695 4346 τέ
1736 4311 1840 4365 μου

187 4383 355 4449 δέξαι
379 4383 494 4454 τὴν
522 4381 842 4453 προσευχὴν
869 4384 928 4436 ἐν
957 4381 1036 4454 τῷ
1064 4383 1177 4455 ναῷ
1207 4383 1495 4450 καθεστὼς
1521 4386 1600 4457 τῷ
1631 4388 1839 4458 οἰκείῳ,
1862 4411 1873 4415 -

189 4478 371 4532 οὐθέν
416 4493 488 4530 σε
544 4475 653 4546 τῆς
704 4476 1049 4543 διαστάσεως
1089 4478 1199 4532 τῶν
1243 4478 1427 4532 τόπων
1475 4480 1708 4551 ἀμύνειν
1751 4497 1843 4551 μοι

190 4569 576 4641 κωλυούσης.
608 4587 627 4619 ι
663 4568 1073 4640 Φυλασσόμενοι
1099 4569 1309 4640 μάταια
1335 4570 1431 4624 καὶ
1462 4569 1660 4643 ψεύδη,
1691 4569 1843 4625 ἔλεον

189 4664 395 4718 αὐτῶν
435 4659 842 4732 ἐγκατέλιπον.
884 4681 904 4714 ι
937 4664 1002 4717 Οἱ
1035 4663 1134 4734 μὲν
1167 4662 1279 4734 γὰρ
1309 4664 1413 4734 τὴν
1444 4662 1706 4736 ναυτικὴν
1744 4680 1843 4736 με·

187 4755 423 4814 τιὸντες
470 4751 773 4827 ἐργασίαν,
824 4753 1006 4808 καίτοι
1044 4770 1109 4822 γε
1149 4753 1391 4819 εἰδώλοις
1446 4736 1841 4827 προσέχοντες,

185 4854 295 4906 καὶ
326 4849 477 4921 περὶ
510 4848 620 4921 τὴν
649 4847 873 4918 ἀπάτην
904 4847 1124 4918 ἐκείνην
1159 4847 1530 4919 ήσχολημένοι
1556 4889 1572 4914 ,
1604 4847 1843 4922 ἠϐουλή-

185 4945 385 5019 θησαν
448 4942 562 5016 μού
611 4958 738 4995 τινα
787 4939 1123 5012 ποιήσασθαι
1169 4940 1376 5011 φειδῶο
1432 4941 1751 5015 νικηθέντες
1784 4943 1844 4997 δὲ

1944 3740 2201 3809 ruptinne
2223 3738 2335 3791 vita
2362 3749 2482 3792 mea
2506 3735 2573 3789 ad
2605 3743 2680 3802 te,
2708 3733 2935 3789 Domine
2971 3731 3114 3790 Deus
3139 3748 3295 3790 meus
3319 3734 3332 3787 ἰ
3364 3752 3384 3786 ι
3424 3731 3556 3789 Tuae

1943 3831 2196 3905 profecto
2225 3829 2611 3885 tantummodo
2632 3829 2856 3884 virtutis
2872 3834 2979 3893 est,
3012 3841 3043 3880 a
3067 3827 3247 3884 tenaci
3268 3827 3364 3882 illo
3383 3827 3556 3883 exitio

1942 3926 2159 3997 eripere
2209 3924 2451 3979 animam
2504 3936 2706 3978 meam.
2747 3939 2767 3974 ι
2795 3920 2934 3976 Cum
2977 3919 3093 3992 jam
3148 3935 3237 3977 me
3270 3920 3557 3978 desereret

1944 4001 2178 4092 spiritus
2231 4033 2411 4085 meus,
2453 4015 2674 4073 Domini
2722 4029 2933 4071 memor
2968 4014 3068 4070 fui.
3099 4034 3119 4068 ι
3166 4015 3306 4071 Cum
3346 4016 3462 4088 jam
3498 4019 3555 4072 in

1945 4113 2218 4185 angustiis
2272 4113 2514 4167 animam
2570 4124 2811 4182 agerem,
2874 4117 3025 4164 tuam
3084 4109 3311 4181 poposci
3365 4124 3553 4180 opem.

1952 4224 1969 4256 ι
1997 4201 2195 4260 Veniat
2217 4203 2428 4257 utinam
2451 4201 2519 4256 ad
2544 4210 2597 4256 te
2614 4201 2667 4255 in
2693 4202 2957 4271 templum
2978 4209 3131 4255 tuum
3151 4201 3332 4256 oratio
3353 4201 3504 4257 meai
3527 4221 3548 4255 ι

1944 4290 2066 4364 Ipse
2093 4293 2355 4364 excepisti
2408 4306 2603 4364 preces
2629 4306 2783 4347 meas
2811 4299 2905 4347 tuo
2935 4291 2991 4345 in
3019 4290 3225 4363 templo
3260 4291 3553 4362 residens;

1945 4388 2084 4443 nihil
2133 4397 2185 4443 te
2237 4389 2489 4443 locorum
2542 4384 2829 4449 distantia,
2865 4384 3166 4455 quominus
3208 4384 3343 4439 mihi
3377 4383 3552 4442 ferres

1946 4494 2132 4551 opem,
2183 4475 2493 4551 prohibuit.
2548 4475 2692 4545 «Qui
2728 4475 3075 4531 vanitatibus
3126 4475 3264 4530 dant
3321 4489 3552 4545 operam

1946 4580 2113 4641 atque
2167 4567 2499 4632 mendaciis,
2558 4564 3000 4622 misericordiam
3056 4566 3545 4637 dereliquerunt.»

1946 4659 2015 4715 Hi
2037 4661 2132 4731 qui
2161 4659 2442 4715 nauticam
2470 4659 2639 4713 vitam
2663 4666 2926 4714 exercent
2955 4666 3010 4713 et
3045 4656 3186 4715 idola
3219 4659 3545 4728 observant,

1947 4766 2113 4827 atque
2143 4753 2419 4827 ejusmodi
2453 4752 2848 4809 fraudulentiis
2883 4763 3105 4822 vacant,
3136 4763 3400 4825 optarunt
3430 4758 3556 4828 qui-

1948 4847 2079 4904 dem
2113 4848 2248 4903 ntihi
2274 4844 2688 4919 quodammodo
2727 4861 3001 4920 parcere:
3035 4858 3421 4906 verumtamen
3450 4852 3552 4907 ad-

1946 4944 2213 5000 versitate
2248 4942 2404 5007 victi,
2445 4942 2515 4998 de
2541 4943 2820 4999 sententia
2860 4957 2963 4997 sua
2995 4943 3398 5001 decesserunt:
3432 4961 3556 5002 cer-

182 5040 308 5095 ὕπὸ
342 5038 470 5093 τῶν
512 5033 746 5103 κακῶν,
800 5036 902 5106 τῆς
948 5032 1179 5106 γνώμης
1210 5032 1534 5106 ἀπέστησαν
1586 5035 1838 5108 ἐκείνης,

1950 5037 2122 5093 tiores
2158 5035 2290 5092 facti
2326 5035 2475 5092 haud
2518 5036 2625 5093 sibi
2665 5037 2833 5090 vitam
2885 5035 3323 5107 superfuturam,
3382 5038 3491 5094 nisi
3521 5053 3553 5093 a

186 5134 456 5205 δρῶντες
487 5129 601 5184 οὐκ
640 5129 701 5181 ἐν
738 5128 926 5190 αὐτοῖς
958 5125 1176 5196 βιωτὸν,
1220 5127 1268 5179 εί
1304 5125 1380 5199 μὴ
1411 5126 1511 5197 τῆς
1537 5126 1842 5203 ὲγγύτητος

185 5227 601 5295 ἀπαλλαγεῖεν
632 5221 737 5293 τῆς
770 5220 943 5292 ἐμῆςι
978 5238 997 5271 ι
1050 5217 1194 5289 Ἐγὼ
1227 5218 1285 5272 δὲ
1312 5219 1455 5291 μετά
1484 5216 1670 5297 φωνῆς
1698 5221 1845 5275 αἱνέ-

182 5337 344 5385 σεως
370 5320 484 5374 καί
507 5314 970 5388 ἐξομολογήσεως
994 5310 1144 5365 θύσω
1169 5328 1277 5377 σοι,
1306 5313 1408 5365 ὅσα
1426 5311 1684 5384 ηὐξάμην
1714 5314 1846 5368 ἀπο-

180 5412 363 5468 δώσω
394 5428 492 5466 σοι
519 5410 610 5474 είς
642 5408 917 5479 σωτήριον
946 5406 1027 5477 τῷ
1052 5405 1271 5479 Κυρίῳ.
1309 5424 1329 5457 ι
1369 5404 1534 5458 Ἀλλὰ
1565 5405 1676 5477 γὰρ
1703 5423 1843 5460 παν-

177 5508 450 5581 ταχόθεν
490 5503 640 5577 μόνῃ
689 5504 757 5575 τῇ
787 5502 978 5573 χάριτι
1010 5503 1079 5573 τῇ
1112 5502 1181 5572 σῇ
1211 5497 1512 5571 φυλαχθεὶς
1537 5538 1553 5563 ,
1597 5498 1695 5553 καὶ
1740 5498 1843 5571 τὴν

176 5602 556 5673 ἀπαλλαγὴν
589 5596 692 5652 τοῦ
733 5594 970 5650 θανάτου
1011 5594 1195 5649 λαϐὼν
1217 5632 1233 5659 ,
1270 5591 1476 5666 ὕμνους
1510 5609 1571 5647 τε
1614 5593 1708 5648 καὶ
1753 5592 1846 5646 εὐ-

180 5693 516 5770 χαριστίας
548 5690 806 5747 ἀποτίσω
852 5707 937 5744 σοι
965 5732 981 5759 ,
1012 5689 1157 5762 ὑπὲρ
1182 5680 1258 5744 ὧν
1288 5690 1355 5761 τῇ
1391 5686 1622 5761 προνοίᾳ
1658 5687 1842 5741 διασέ·

186 5805 448 5862 σωσμαι
482 5789 554 5860 τῇ
590 5788 685 5859 σῇ.
723 5784 806 5839 Τά
853 5785 954 5857 μὲν
984 5783 1050 5857 δὴ
1089 5783 1193 5854 τῆς
1230 5783 1399 5856 εὐχῆς
1429 5782 1524 5836 τοῦ
1556 5785 1841 5856 προφήτου

187 5883 453 5955 ῥήματα
482 5877 690 5934 ταῦτα’
716 5876 865 5932 τὸδὲ
894 5876 1063 5949 κῆτος
1084 5873 1363 5946 Πνεύματι
1387 5875 1517 5947 θείῳ
1538 5875 1631 5931 τὸν
1656 5875 1843 5931 Ἰωνᾶν

184 5974 299 6027 ἐπὶ
330 5975 451 6044 τὴν
480 5970 665 6045 ξηρὰν
694 5970 925 6042 ἤμεσεν,
965 5965 1152 6032 καθὼς
1191 5966 1368 6022 ἐδόκει
1394 5967 1554 6022 τοῦτο
1584 5967 1841 6038 γενέσθαι

186 6067 281 6138 τῷ
306 6065 441 6140 Θεῷ
463 6083 477 6097 ’
506 6066 609 6137 τῆς
642 6062 753 6134 γὰρ
776 6062 1017 6134 ἐσχάτης
1042 6060 1191 6115 ἐστὶν
1218 6060 1404 6124 ἀνοίας
1435 6059 1706 6115 τοσούτων
1735 6060 1842 6116 τῶν

1896 5174 1903 5179 .
1954 5143 2075 5183 mea
2123 5142 2184 5184 se
2217 5126 2421 5183 vicinia
2455 5128 2838 5198 sejungerent.
2895 5144 2917 5179 ο
2943 5126 3060 5198 Ego
3088 5143 3220 5183 vero
3249 5142 3376 5184 cum
3418 5144 3554 5186 voce

1948 5218 2132 5275 laudis
2164 5228 2329 5290 atque
2362 5219 2627 5291 praeconii
2662 5218 2993 5275 sacriﬁcabo
3042 5220 3169 5275 tibi:
3203 5235 3553 5292 quaecunque

1948 5314 2072 5371 vovi
2108 5315 2345 5379 solvam,
2401 5331 2503 5387 pro
2542 5316 2725 5371 salute
2781 5322 3025 5385 recepta,
3079 5314 3201 5381 tibi,
3240 5313 3494 5371 Domine.
3524 5335 3544 5370 ι

1951 5406 2219 5480 Equidem
2243 5415 2337 5461 tua
2360 5409 2476 5464 sola
2505 5407 2686 5480 gratia
2717 5416 2976 5463 servatus
3007 5413 3064 5462 et
3093 5414 3271 5462 morte
3301 5418 3549 5480 ereptus.

1953 5502 2189 5574 hymnos
2243 5501 2341 5556 tibi
2382 5508 2438 5557 et
2491 5500 2796 5572 gratiarum
2850 5499 3099 5555 actiones
3148 5498 3399 5567 reddam,
3453 5504 3550 5575 qui

1953 5610 2104 5651 curae
2134 5602 2244 5651 tua:
2283 5595 2522 5652 salutem
2569 5601 2854 5667 acceptam
2890 5591 3030 5650 fero.
3071 5593 3254 5666 Atque
3297 5594 3417 5651 hac
3444 5594 3551 5651 fuit

1951 5687 2236 5761 prophetae
2277 5689 2476 5745 oratio.
2515 5685 2687 5745 Cetus
2715 5696 2901 5745 autem
2929 5702 2960 5744 a
2987 5696 3184 5745 saneto
3214 5686 3424 5762 Spiritu
3458 5691 3549 5747 ἰο-

1946 5785 2183 5841 stinctus
2215 5780 2409 5838 Jonam
2448 5784 2505 5841 in
2542 5782 2728 5840 littore
2755 5782 3021 5850 evomuit,
3046 5783 3208 5839 sicuti
3235 5782 3346 5839 Deo
3367 5784 3548 5840 visum

1945 5884 2067 5933 erat
2096 5885 2153 5931 ut
2182 5877 2354 5933 ﬁeret.
2397 5873 2641 5934 Summae
2670 5878 2817 5932 enim
2849 5876 3082 5932 insania:
3124 5876 3285 5941 foret.
3320 5885 3447 5947 post
3470 5886 3549 5933 tot

1945 5971 2095 6041 circa
2141 5968 2335 6026 Ionam
2384 5980 2602 6043 patrata
2652 5971 2942 6037 miracula,
2983 5971 3371 6043 pracipueque
3423 5982 3548 6041 post

1949 6073 2218 6119 retentant
2250 6064 2397 6119 intra
2420 6065 2523 6119 ceti
2554 6065 2770 6121 viscera
2797 6065 2987 6133 vitam,
3017 6065 3296 6134 prophetae
3322 6060 3543 6117 domum
