4102 6522
547 518 652 576 $39

1749 476 2105 589 ΤΗὲΟΒΟΜ
2135 532 2623 596 MOPSUESTENI

3700 548 3788 608 340

549 632 740 688 eodem
772 647 837 687 ex
879 639 1003 688 ceto
1032 633 1238 690 exitum
1275 635 1517 693 humano
1551 637 1773 712 ingenio
1821 642 2139 717 intelligibi—

2252 652 2371 722 περὶ
2414 654 2577 709 αὐτὸν
2609 654 2927 728 παραδόξως
2974 659 3292 727 γεγονότων,
3337 663 3428 716 καί
3467 659 3703 733 μάλιστά
3738 681 3795 729 γε

550 723 682 787 lem,
722 732 818 778 aut
845 732 1035 780 nostra
1068 740 1204 783 voce
1234 727 1633 798 explicabilem,
1661 742 1935 804 reputare.

2242 742 2458 800 πάντων
2485 747 2584 816 τῆς
2611 749 2669 801 ὲν
2696 746 2774 819 τῷ
2813 751 2970 820 κήτει
2999 750 3293 821 σωτηρίας,
3329 752 3406 823 (p.
3446 752 3591 820 252)
3619 754 3710 824 τὴν
3738 760 3796 806 ὲκ

550 814 645 870 τοῦ
667 817 907 915 ’κήτουςῇ
930 817 1108 915 ἔξοδον
1145 821 1623 915 πολυπραγμονεῖν
1664 826 1759 881 τῠῦ
1791 830 2096 901 προφήτου,
2130 832 2374 909 λογισμῷ
2411 858 2470 894 τε
2510 814 2715 895 οίεσθαι
2744 814 3182 913 καταλαμϐάνειν
3220 814 3690 915 ἀνθρωπίνῳ-καλ.
3716 844 3795 899 διὰ

552 907 733 978 φωνῆς
757 908 855 979 τῆς
883 910 1157 982 ἡμετέρας
1190 911 1368 981 λέγειν
1390 914 1537 978 ὅπως
1559 916 1798 985 ἐγένετο.

1208 1001 1364 1057 CAP.
1394 1003 1487 1058 lii.

623 1084 790 1142 Vens.
824 1087 943 1143 1-4.
970 1116 1036 1129 --
1070 1087 1189 1145 Jam
1225 1093 1318 1147 ubi
1356 1093 1413 1148 in
1449 1095 1629 1152 littore
1660 1098 1924 1169 prepheta
1959 1102 2130 1167 stetit,

553 1194 771 1235 rursum
796 1178 938 1237 Deus
963 1186 1220 1255 praecepit
1251 1187 1328 1241 illi
1359 1196 1418 1242 ut
1441 1187 1671 1244 Niniven
1708 1192 1832 1255 iret,
1864 1193 2027 1264 idque
2058 1195 2135 1251 ibi

554 1269 880 1339 praedicaret
909 1274 1053 1342 quod
1077 1275 1250 1330 eidem
1278 1285 1438 1333 antea
1483 1280 1537 1334 in
1570 1283 1845 1340 mandatis
1889 1283 2133 1341 dederat.

557 1360 711 1417 Unde
742 1365 1091 1433 potissimum
1142 1368 1579 1438 demonstratur,
1617 1375 1778 1446 166
1813 1376 1958 1431 haud
1997 1378 2135 1433 sim-

553 1453 771 1523 pliciter
797 1452 947 1510 Jonae
974 1457 1140 1513 Deum
1166 1461 1516 1519 mandavisse
1546 1472 1607 1518 ut
1637 1465 1959 1535 praedicaret
1981 1469 2142 1525 ιιΛά·

553 1544 663 1598 huc
698 1553 808 1600 tres
855 1546 995 1611 dies,
1030 1556 1084 1603 et
1120 1548 1313 1608 Ninive
1352 1554 1704 1612 subvertetur
1737 1576 1757 1609 ι
1803 1559 2139 1629 (quanquam

551 1637 607 1693 id
648 1638 887 1694 breviter
939 1642 1018 1695 sic
1066 1642 1281 1699 videtur
1326 1644 1611 1716 Scriptura
1658 1648 1888 1721 dicere);
1940 1667 2134 1707 verum

550 1729 715 1803 etiam
753 1738 810 1784 ut
835 1732 1124 1787 minaciter
1154 1750 1275 1804 quae
1298 1745 1560 1791 eventura
1586 1748 1743 1793 erant
1773 1741 2131 1811 signilicaret,

552 1817 660 1874 nisi
700 1821 1028 1903 pmnitentes
1080 1824 1230 1880 cives
1260 1840 1290 1880 a
1342 1827 1488 1881 vitiis
1519 1829 1861 1885 recederent.
1925 1830 2134 1886 idcirco

2894 1013 3052 1067 ΚΕΦ.
3095 1012 3170 1068 Γ’.

2309 1100 2460 1171 Στίχ.
2487 1099 2628 1154 αὀδ¹.
2654 1130 2724 1141 -
2746 1101 2945 1155 Μέντοι
2975 1117 3037 1169 γε
3069 1101 3202 1164 Θεὸς
3233 1101 3326 1154 ἐπὶ
3346 1102 3445 1171 τῆς
3472 1100 3644 1172 ξηρᾶς
3662 1118 3801 1171 γεγο-

2239 1189 2352 1243 νότι
2381 1190 2458 1260 τῷ
2491 1191 2745 1263 προφήτῃ
2783 1190 2943 1243 πάλιν
2974 1189 3230 1245 ἀπελθεῖν
3253 1193 3332 1254 είς
3356 1192 3454 1262 τὴν
3485 1192 3683 1262 Νινευὴ
3713 1208 3799 1245 κε-

2239 1280 2406 1345 λεύει,
2433 1283 2525 1335 καὶ
2551 1284 2787 1355 κηρύξαι
2818 1283 2882 1355 δὴ
2915 1285 3099 1340 ἐκεῖνα
3124 1283 3162 1338 ἃ.
3192 1283 3422 1356 πρόσθεν
3449 1283 3598 1354 αὐτῷ
3630 1284 3800 1355 εἴρητο

2239 1370 2369 1441 παρ’
2411 1370 2575 1424 αὑτοῦ
2601 1390 2613 1402 ·
2663 1372 2756 1442 ἀφ’
2791 1367 2850 1427 οὗ
2882 1371 2946 1443 δὴ
2996 1372 3245 1443 μόιλιστα⁴
3279 1372 3553 1426 δείκνυται
3598 1375 3678 1429 ὅτι
3708 1375 3800 1444 οὐχ

2238 1460 2427 1524 ἁπλῶς
2451 1457 2605 1515 εἶπεν
2627 1461 2778 1533 αὐτῷ
2797 1463 3108 1533 κηρύττειν·
3122 1481 3141 1514 ι
3156 1463 3277 1515 Ἔτι
3300 1466 3450 1533 τρεῖς
3466 1463 3688 1535 ἡμέραι,
3714 1466 3803 1517 καὶ

2239 1550 2442 1620 Νινευὴ
2478 1553 2995 1623 καταστραφήσεται
3016 1569 3029 1582 °
3076 1571 3097 1605 ι
3132 1554 3182 1605 εί
3216 1553 3312 1606 καὶ
3347 1553 3486 1623 μετὰ
3521 1556 3802 1626 συντομίας

2240 1639 2373 1693 αὐτὸ
2400 1640 2579 1710 λέγειν
2624 1641 2797 1706 οὓτως
2846 1645 2879 1713 ἡ
2918 1642 3038 1696 θεία
3069 1643 3217 1696 δοκεῖ
3254 1644 3293 1695 Γ
3297 1649 3443 1716 ραφή
3470 1661 3483 1674 ·
3515 1644 3629 1699 ἀλλ’
3670 1645 3803 1699 ὥστε

2239 1731 2334 1785 καὶ
2378 1731 2618 1804 δηλῶσαι
2653 1733 2734 1786 ὅτι
2774 1733 2988 1787 ἀπειλεῖ
3020 1731 3191 1786 ταῦτα
3226 1731 3618 1804 συμϐήσεσθαι,
3652 1735 3697 1787 εί
3730 1734 3807 1807 μὴ

2242 1823 2663 1895 μεταμεληθεῖεν
2693 1824 3028 1888 ἀποστάντες
3054 1823 3148 1877 τοῦ
3182 1823 3422 1895 χείρονος
3441 1840 3453 1853 ·
3496 1824 3578 1877 διό
3626 1843 3799 1896 φησιν’

552 1910 663 1964 ait:
706 1911 987 1994 «Prregica
1036 1914 1110 1969 ibi
1159 1916 1627 1986 przedicationem,
1685 1920 1754 1976 de
1798 1937 1906 1991 qua
1949 1932 2131 1978 tecum

2252 1932 2263 1964 ι
2302 1913 2549 1986 Κήρυξον
2581 1917 2637 1967 ἐν
2664 1915 2800 1987 αύτῇ
2828 1916 2970 1975 κατά
2996 1916 3056 1967 τὸ
3083 1918 3345 1987 κήρυγμα
3374 1915 3435 1967 τὸ
3460 1914 3755 1987 ἔμπροσθεν
3775 1917 3804 1970 δ

553 2009 715 2058 antea
748 2004 962 2060 locutus
1001 2021 1144 2061 sum.
1172 2028 1191 2061 ι
1231 2008 1443 2075 Quibus
1492 2013 1674 2069 verbis
1707 2013 2020 2070 universam
2055 2017 2134 2070 illi

2252 2004 2352 2073 ἐγὼ
2405 2005 2643 2075 ἐλάλησα
2682 2006 2818 2076 πρὸς
2871 2006 2960 2058 σέ’
3007 2026 3025 2058 ι
3066 2006 3285 2060 ἅπασαν
3333 2005 3483 2076 αὐτῷ
3533 2008 3803 2077 σημαίνων

553 2095 860 2151 doctrinam
910 2099 1113 2167 innuit,
1164 2117 1270 2172 qua
1328 2104 1615 2173 superiore
1648 2121 1903 2162 sermone
1933 2122 2134 2178 praece-

553 2194 708 2256 perat
739 2196 797 2241 ut
825 2186 1093 2246 Ninivitas
1127 2190 1416 2247 imbueret.
1454 2193 1627 2249 Porro
1656 2206 1853 2263 autem.
1872 2197 2138 2267 pr0pheta

551 2276 891 2346 experientia
926 2293 1107 2333 rerum
1153 2283 1265 2349 jam
1312 2282 1561 2340 eruditus
1598 2283 1896 2340 festinabat
1930 2294 1989 2339 ut
2043 2284 2137 2341 Dei

550 2367 725 2438 jussis
770 2370 1191 2441 obtemperaret.
1248 2371 1339 2427 Ait
1392 2390 1520 2429 vero
1568 2374 1852 2447 Scriptura
1898 2394 1917 2427 ‹
1947 2377 2136 2431 urbem

558 2457 709 2510 illam
748 2458 919 2515 fuisse
951 2462 1243 2515 maximam
1275 2479 1461 2519 coram
1496 2464 1638 2520 Deo:
1665 2486 1684 2519 ι
1744 2483 1937 2537 nempe
1969 2468 2138 2539 signi-

556 2547 705 2612 ﬁcat,
739 2546 867 2604 eam
882 2550 1064 2605 divina
1093 2552 1435 2621 providentia
1464 2553 1637 2610 fuisse
1663 2568 1919 2611 auctam:
1975 2568 2140 2629 atque

556 2640 633 2695 ita
672 2656 776 2696 nos
808 2641 988 2707 docet,
1035 2645 1331 2714 quominus
1365 2645 1664 2701 humanum
1704 2649 2003 2719 quidquam
2036 2667 2139 2721 pu-

556 2741 736 2788 temus
769 2733 826 2787 in
870 2734 1097 2803 gloriam
1125 2737 1311 2793 venire
1340 2754 1523 2807 posse,
1579 2739 1686 2794 nisi
1745 2740 1797 2794 id
1832 2739 1975 2797 Deus
2006 2757 2140 2797 cura

556 2839 655 2880 sua
679 2825 952 2895 dignetur.
990 2843 1008 2878 ι
1036 2826 1163 2881 Erat
1194 2838 1400 2891 autem,
1426 2832 1626 2902 inquit,
1655 2832 1820 2887 veluti
1845 2833 1950 2887 iter
1973 2835 2137 2887 trium

557 2916 770 2970 dierum
798 2936 812 2971 :
836 2936 857 2970 ι
895 2918 1039 2974 haud
1072 2936 1205 2976 sane
1236 2922 1545 2992 intelligens
1578 2931 1784 2978 tantam
1819 2925 1942 2995 ejus
1971 2926 2142 2981 fuisse

559 3006 993 3078 longitudinem;
1033 3011 1128 3066 sed
1158 3012 1307 3082 quod
1360 3020 1440 3067 tot
1471 3014 1666 3069 diebus
1717 3029 1857 3086 opus
1902 3025 2046 3072 esset
2072 3016 2140 3071 ad

560 3112 681 3153 eam
721 3099 1188 3168 circumeundam,
1229 3110 1393 3175 atque
1421 3104 1488 3159 ad
1515 3106 1757 3175 ejusdem
1789 3110 2049 3178 speciem,
2093 3108 2143 3166 si

561 3187 687 3257 quis
739 3188 922 3254 vellet,
978 3192 1198 3247 curiose
1256 3194 1679 3250 observandam.
1723 3195 1922 3252 Subdit
1976 3215 2137 3271 ergo:

2242 2097 2339 2169 τὴν
2368 2097 2716 2151 διδασκαλίαν
2759 2103 2826 2171 ἢν
2853 2098 3113 2165 ἐπέταξεν
3153 2101 3211 2154 ἐν
3252 2101 3364 2162 τοῖς
3402 2100 3635 2170 πρόσθεν
3667 2100 3809 2171 αὐτῷ

2242 2188 2379 2259 πρὸς
2416 2188 2542 2250 τοὺς
2572 2188 2858 2251 Νινευῖτας
2891 2187 3238 2258 ποιήσασθαι.
3290 2188 3349 2240 '0
3382 2187 3571 2259 μὲνδὴ
3604 2191 3806 2258 προφήο

2240 2297 2340 2350 της
2368 2280 2462 2333 ἆτε
2491 2283 2557 2351 τῇ
2587 2279 2753 2351 πείρᾳ
2780 2278 2966 2333 λοιπὸν
2991 2276 3378 2351 σωφρονισθείς
3404 2278 3660 2347 ἠπείγετο
3680 2278 3811 2349 πρὸς

2243 2371 2421 2443 πέρας
2451 2372 2681 2439 ἀγαγεῖν
2708 2368 2779 2423 τὰ
2822 2370 2976 2441 παρά
3020 2368 3114 2422 τοῦ
3163 2366 3299 2421 Θεοῦ
3359 2367 3763 2441 προσταχθέντα.
3792 2382 3808 2397 θ

2245 2462 2396 2531 λέγει
2429 2462 2487 2516 δὲ
2521 2463 2602 2515 ὅτι
2622 2463 2690 2533 «ὴ
2720 2461 2874 2524 πόλις
2902 2458 2970 2533 ἦν
3002 2461 3237 2531 μεγίστη
3269 2460 3347 2534 τῷ
3368 2461 3537 2535 Θεῷ-ι
3562 2457 3646 2512 ἵνα
3685 2457 3817 2531 εἴπῃ

2244 2554 2326 2607 ὅτι
2352 2555 2419 2625 τῇ
2448 2553 2569 2624 θεία
2601 2553 2833 2625 προνοίᾳ
2857 2554 2934 2615 είς
2961 2551 3189 2622 μέγεθος
3219 2536 3513 2621 α’ὖξηθεῖσα
3540 2566 3551 2576 ·
3576 2548 3650 2611 ὼς
3674 2548 3815 2601 διδά-

2246 2640 2387 2712 ξειεν
2410 2643 2476 2699 ἂν
2509 2646 2654 2716 ἡμᾶς
2689 2644 2859 2716 μηδὲν,
2899 2642 3107 2696 οἴεσθαι
3134 2642 3356 2695 δυνατὸν
3384 2637 3524 2694 εἶναι
3554 2640 3696 2694 κατὰ
3720 2637 3813 2692 τὸν

2248 2736 2359 2809 βίον
2389 2737 2465 2808 (p.
2490 2736 2620 2808 253)
2642 2735 2831 2790 τοῦτον
2864 2737 2944 2798 είς
2971 2733 3328 2806 περιφάνειαν
3358 2730 3710 2800 καταστῆναι,
3738 2727 3817 2800 μὴ

2245 2830 2379 2884 Θευῦ
2419 2829 2751 2901 παρέχοντος
2781 2829 2879 2899 τὴν
2912 2828 3119 2882 οἰκείαν
3153 2825 3502 2898 κηδεμονίαν.
3557 2842 3575 2878 t
3610 2819 3713 2876 Ἤν
3737 2821 3817 2889 δὲ,

2248 2922 2434 2993 φησὶν,
2465 2921 2596 2973 ὡσεὶ
2615 2923 2648 2990 ὴ
2680 2919 2875 2991 πορεία
2902 2916 3023 2972 ὁδοῦ
3050 2917 3270 2989 ἡμερῶν
3314 2916 3503 2988 τριῶν.
3544 2934 3561 2968 ι
3602 2913 3729 2983 Οὐχὶ
3754 2910 3820 2965 τὸ

2252 3016 2424 3088 μῆκος
2448 3015 2617 3085 αὐτῆς
2641 3012 2896 3067 τοσοῦτον
2926 3006 3065 3065 εἶναι
3092 3009 3287 3078 λέγων,
3313 3007 3428 3061 ἀλλ’
3448 3006 3524 3069 ὡς
3552 3005 3819 3067 τοσούτων

2250 3106 2469 3180 ἡμερῶν
2487 3106 2744 3177 δεομένου
2767 3102 2863 3158 τοῦ
2888 3103 3066 3156 πᾶσαν
3096 3100 3264 3172 αὐτὴν
3294 3098 3666 3171 ἐκπεριελθεῖν
3681 3114 3737 3150 τε
3758 3099 3821 3151 ὲν

2251 3199 2437 3271 κύκλῳ
2469 3199 2565 3253 καὶ
2589 3197 2829 3252 κατιδεῖν
2851 3197 2939 3250 οἵα
2967 3196 3051 3258 τίς
3080 3196 3230 3247 εστιν
3265 3192 3589 3264 βουλομένου
3617 3190 3826 3259 σαφῶς.

569 3300 588 3331 ι
610 3279 895 3352 Coepitque
920 3280 1089 3340 Jonas
1111 3287 1364 3356 progredi
1390 3288 1528 3341 intra
1551 3289 1740 3343 urbem
1767 3292 1925 3360 quasi
1950 3290 2145 3348 itinere

2265 3292 2494 3359 Ἐπάγει
2519 3288 2650 3359 γοῦν
2673 3304 2687 3317 ’
2719 3308 2739 3341 ι
2781 3289 2891 3343 Καὶ
2923 3287 3127 3360 ἤρξατο
3163 3286 3347 3348 Ἰωνᾶς
3379 3283 3476 3337 τοῦ
3507 3283 3826 3356 εἰσπορεύε-

565 3372 731 3428 unius
762 3373 886 3429 diei.
914 3393 933 3426 ι
976 3373 1174 3430 Narrat
1203 3378 1432 3444 scilicet,
1467 3380 1787 3450 prephetam
1829 3382 2020 3437 urbem
2055 3383 2143 3439 in-

565 3466 836 3535 gressuri),
867 3474 1032 3538 atque
1063 3468 1119 3523 in
1154 3469 1400 3541 ejusdem
1423 3479 1577 3541 parte
1595 3472 1829 3541 quadam
1849 3475 2148 3544 praedicare

563 3568 778 3622 orsum,
818 3556 1139 3613 circumisse
1173 3559 1382 3623 tandiu,
1439 3561 1614 3615 donec
1641 3576 1807 3615 unam
1860 3563 2027 3618 veluti
2061 3565 2147 3619 in-

565 3649 800 3719 sumpsit
829 3649 994 3715 diem,
1023 3651 1327 3720 prae.2icans
1349 3660 1511 3722 amne
1532 3651 1719 3708 dicens
1745 3671 1759 3708 ε
1784 3654 2009 3710 «Adhuc
2033 3665 2145 3715 tres

565 3738 704 3809 dies,
736 3748 792 3795 et
835 3739 1030 3797 Ninive
1076 3743 1498 3811 subverteturp
1535 3750 1591 3799 et
1617 3745 1828 3815 reliqua
1882 3762 2145 3817 quaecun-

567 3846 675 3900 que
708 3833 777 3887 ab
803 3848 869 3887 eo
905 3833 1014 3888 dici
1049 3849 1148 3905 par
1177 3844 1296 3891 erat
1345 3837 1401 3891 in
1444 3836 1680 3907 singulis
1714 3838 1866 3894 urbis
1896 3840 2147 3911 partibus

570 3920 637 3976 ad
667 3923 871 3978 civium
905 3925 1295 3983 eruditionem.

646 4198 813 4256 Vens.
838 4201 959 4258 5—9.
986 4233 1056 4243 -—
1089 4201 1186 4262 His
1221 4203 1372 4260 addit
1397 4223 1412 4262 :
1445 4224 1465 4258 ι
1489 4203 1556 4261 Ει
1587 4206 1937 4263 crediderunt
1961 4208 2155 4265 incola

2254 3382 2377 3435 σθαι
2420 3382 2501 3443 είς
2546 3379 2645 3451 τὴν
2697 3377 2851 3431 πόλιν
2898 3377 3031 3430 ὡσεὶ¹
3075 3373 3301 3446 πορείαν
3340 3372 3555 3443 ἡμέρας
3604 3372 3728 3441 μιᾶς
3754 3385 3766 3397 ·
3804 3387 3826 3422 ι

2252 3470 2335 3523 ἵνα
2360 3471 2508 3541 εἴπῃ,
2543 3470 2626 3523 ὅτι
2653 3466 3016 3538 εἰσεληλυθὼς
3047 3468 3127 3529 είς
3148 3464 3247 3534 τὴν
3276 3463 3431 3515 πόλιν
3459 3464 3488 3515 ὁ
3517 3462 3830 3532 προφήτης,

2252 3551 2358 3615 καί
2391 3561 2535 3616 κατά
2564 3578 2709 3625 τινος
2758 3561 2962 3631 μέρους
3009 3558 3315 3628 ἀρξάμενος
3347 3554 3448 3625 τῆς
3494 3552 3699 3616 πόλεως
3737 3554 3837 3607 sx-

2252 3656 2470 3729 περιῄει
2514 3672 2571 3708 τε
2620 3652 2808 3724 αὐτὴν,
2840 3651 2935 3705 καὶ
2966 3651 3099 3704 ὡσεὶ
3154 3652 3284 3721 μίαν
3317 3650 3530 3720 ἡμέραν
3565 3646 3838 3715 πεποίηκε

2253 3745 2541 3817 κηρύττων
2569 3761 2627 3797 τε
2654 3743 2748 3797 καὶ
2772 3742 2968 3810 λέγων,
2994 3741 3076 3792 ὅτι
3113 3758 3131 3791 ι
3174 3739 3292 3791 Ἔτι
3320 3739 3468 3809 τρεῖς
3507 3735 3712 3807 ἡμέραι
3736 3733 3839 3786 καὶ

2253 3836 2452 3909 Νινευὴ
2492 3834 3041 3909 καταστραφήσεται,
3092 3850 3111 3882 ι
3147 3827 3330 3882 καὶτὰ
3364 3826 3528 3881 λοιπά
3570 3825 3636 3897 δὴ
3662 3822 3846 3877 ὁπόσα

2254 3928 2433 3998 λέγειν
2461 3925 2624 3980 αὑτὸν
2650 3924 2987 3978 καθέκαστον
3014 3920 3179 3993 μέρος
3201 3920 3301 3989 τῆς
3324 3918 3531 3982 πόλεως
3556 3916 3693 3989 πρὸς
3712 3915 3848 3982 τοὺς

2248 4019 2521 4089 παρόντας
2559 4016 2652 4070 ἐπὶ
2679 4012 2997 4084 διδασκαλίᾳ
3044 4010 3151 4065 τῶν
3181 4008 3491 4064 ἀκουόντων
3528 4004 3853 4070 ἀκολούθως

2251 4109 2470 4270 ait!»
2511 4197 2645 4252 ε’-θ’.
2673 4226 2743 4236 —-
2783 4194 3009 4259 Τούτοις
3038 4193 3273 4263 ἐπάγει·
3313 4210 3332 4243 t
3376 4191 3486 4245 Καὶ
3511 4189 3861 4244 ἐπίστευσαν

573 4288 828 4346 Ninivita:
854 4292 982 4350 Deo.
1008 4314 1027 4347 ι
1067 4294 1257 4366 Caspia
1308 4312 1406 4367 per
1454 4299 1777 4369 prophetam
1810 4300 1864 4353 in
1916 4300 2147 4371 quadam

2252 4296 2302 4347 oi
2326 4294 2517 4367 ἄνδρες
2548 4291 2754 4361 Νινευὴ
2782 4289 2860 4362 τῷ
2888 4287 3007 4359 Θεῷ
3031 4301 3047 4317 ⁸
3086 4307 3104 4340 ι
3137 4287 3353 4350 δεικνὺς
3387 4287 3469 4339 ὅτι
3496 4285 3561 4338 ὲκ
3608 4281 3705 4335 τοῦ
3743 4280 3855 4351 μέ-

572 4384 728 4440 urbis
762 4394 916 4455 parte
948 4387 1352 4456 praedicatione,
1401 4390 1653 4445 celeriter
1681 4390 1975 4447 admodum
2008 4394 2152 4448 inter

572 4490 766 4532 onlnes
796 4476 1003 4533 diditus
1038 4493 1221 4534 sermo
1255 4478 1630 4551 signiﬁcatur;
1665 4482 1739 4537 ita
1771 4491 1829 4537 ut
1868 4484 2027 4555 vulgo
2050 4484 2151 4539 ho-

575 4569 753 4625 mines
799 4580 1007 4625 cerlam
1059 4587 1123 4626 ex
1169 4572 1333 4627 dictis
1383 4574 1747 4645 suscipientes
1797 4578 2153 4643 sententiam,

2264 4404 2388 4460 pou;
2416 4386 2516 4457 τῆς
2542 4383 2751 4447 πόλεως
2776 4381 3089 4454 ἀρξαμένου
3132 4378 3226 4433 τοῦ
3255 4379 3537 4450 προφήτου
3566 4373 3863 4429 ποιεῖσθαι

2259 4480 2320 4533 τὸ
2360 4479 2659 4550 κήρυγμα,
2705 4476 2786 4538 είς
2825 4472 3074 4536 ἀπαντρις
3104 4464 3171 4525 ’τε
3203 4473 3231 4525 ὁ
3266 4468 3422 4538 λόγος
3455 4465 3664 4537 διεδόθη
3704 4465 3867 4537 μετὰ

2263 4570 2460 4624 πολλοῦ
2485 4568 2579 4622 τοῦ
2614 4568 2810 4639 τάχους
2832 4583 2845 4596 ·
2894 4564 2988 4619 καὶ
3020 4563 3085 4637 δὴ
3121 4563 3319 4627 πάντες
3349 4559 3720 4632 ἀναμφίδολον
3755 4557 3871 4613 ἐπὶ

575 4661 914 4716 consternati
978 4676 1308 4732 magnopere
1360 4664 1583 4721 monitis
1632 4666 2147 4738 obtemperaverint.

2262 4664 2375 4726 τοῖς
2405 4659 2718 4730 λεγομένοις
2750 4659 2849 4728 τὴν
2876 4656 3101 4728 γνώμην
3151 4654 3434 4725 δεξάμενοι
3475 4652 3616 4760 μετά
3645 4647 3876 4760 nulla?

490 4774 497 4799 π
578 4749 866 4813 Praeterea,
908 4751 1052 4820 quod
1099 4749 1354 4807 Ninivilte
1399 4755 1548 4811 cives
1571 4754 1680 4837 Deo
1711 4757 2064 4822 crediderint,
2101 4757 2147 4812 id

2260 4753 2355 4807 τοῦ
2408 4751 2573 4821 φόϐου
2619 4753 2734 4813 τοῖς
2773 4748 3088 4837 λεγομένοις
3141 4746 3457 4800 ἐπείθοντο·
3493 4744 3748 4798 δείκνυσι
3808 4742 3883 4795 δὲ

582 4839 720 4895 satis
742 4839 966 4904 iudicat,
1019 4839 1163 4895 haud
1207 4842 1531 4913 simpliciter
1577 4836 1783 4903 dixisse
1814 4849 2155 4919 prophetam,

585 4952 603 4983 ι
629 4932 821 5001 Adhuc
872 4939 985 4988 tres
1040 4933 1194 5002 dies,
1235 4928 1394 5009 167
1427 4945 1482 4994 et
1514 4937 1708 4996 Ninive
1741 4941 2109 4997 subvertetur.
2135 4960 2153 4992 ι

578 5024 767 5097 Neque
804 5027 946 5080 enim
983 5026 1055 5082 ob
1088 5026 1231 5083 hanc
1268 5044 1429 5083 unam
1479 5031 1731 5087 voculam
1783 5032 2010 5088 credere
2048 5031 2160 5087 Deo

581 5127 855 5190 poterant,
901 5119 948 5176 si
978 5119 1145 5176 homo
1190 5124 1509 5193 peregrinus
1539 5124 1785 5196 ipsisque
1813 5139 2041 5195 prorsus
2078 5125 2163 5179 in-

480 5249 497 5259 .
580 5215 835 5284 cognitus
872 5212 1100 5267 exitium
1142 5213 1385 5271 minatus
1416 5224 1582 5280 esset,
1636 5216 1774 5272 nihil
1805 5223 1987 5272 autem
2023 5232 2163 5289 prte—

582 5312 732 5359 terea
784 5303 1121 5361 addidisset:
1162 5320 1341 5376 neque
1384 5308 1661 5365 docuisset
1707 5309 2003 5377 auditores,
2054 5325 2163 5380 quo

583 5395 836 5452 mittente
865 5398 1127 5454 venisset.
1178 5397 1286 5454 Sed
1323 5400 1469 5455 enim
1503 5402 1844 5473 exploratum
1874 5409 1980 5469 est,
2035 5418 2167 5474 pro-

583 5486 803 5557 phetam
848 5495 903 5544 et
931 5488 1025 5546 Dei
1070 5492 1384 5550 meminisse
1430 5496 1674 5549 omnium
1704 5492 1943 5564 Domini,
2000 5504 2056 5552 et
2105 5511 2166 5553 se

585 5594 818 5634 missum
867 5582 937 5638 ab
962 5598 1029 5638 eo
1054 5585 1502 5642 conﬁrmavisse:
1559 5599 1614 5644 et
1648 5588 1981 5659 praeconium
2010 5589 2163 5646 exitii

586 5668 804 5738 fecisse,
857 5681 1023 5745 atque
1074 5677 1144 5732 ad
1178 5678 1566 5748 pmnitentiam
1614 5694 1737 5735 esse
1779 5679 2162 5735 adhortatum:

587 5777 820 5833 quarum
869 5781 1053 5822 rerum
1102 5770 1295 5824 noritia
1333 5769 1560 5838 imbuti,
1588 5772 1813 5828 \merito
1860 5773 1995 5829 dicti
2038 5781 2171 5830 sunt

588 5856 893 5916 credidisse
936 5858 1087 5929 Deo;
1139 5862 1299 5933 cujus
1346 5863 1625 5919 decretum
1684 5865 2169 5939 magisteriumque

591 5946 947 6021 excipientes,
979 5953 1263 6024 propheta;
1293 5969 1424 6013 voce
1450 5957 1780 6025 nuntiatum,
1811 5959 1876 6017 ad
1905 5959 2163 6015 virtutem

2261 4848 2358 4900 καὶ
2384 4845 2466 4911 τὸ,
2498 4863 2517 4896 ι
2539 4844 2899 4897 Ἐπίστευσαν
2927 4844 2977 4897 οἱ
3008 4840 3198 4914 ἀνδρες
3220 4839 3422 4911 Νινευὴ
3450 4838 3527 4910 τῷ
3555 4835 3701 4907 Θεῷ,
3725 4856 3743 4887 ι
3781 4836 3883 4889 ὅτι

2262 4935 2360 5005 οὐχ
2388 4932 2573 4996 ἀπλῶς
2596 4934 2753 4987 τοῦτο
2777 4933 2935 5005 μόνον
2958 4932 3162 5002 ἔλεγεν,
3184 4932 3267 4985 ὅτι
3289 4949 3308 4981 ι
3323 4930 3443 4983 Ἔτι
3472 4930 3620 5000 τρεῖς
3641 4926 3891 4999 ἡμέραι

2265 5027 2357 5079 καὶ
2382 5024 2584 5095 Νινευὴ
2628 5025 3148 5095 καταστραφήσεται
3173 5037 3189 5053 ⁸
3231 5040 3249 5073 ι
3290 5020 3351 5074 οὐ
3386 5020 3494 5091 γὰρ
3534 5019 3640 5072 ἀπὸ
3682 5017 3897 5088 μόνης

2261 5119 2469 5190 ταύτης
2494 5119 2597 5189 τῆς
2624 5117 2807 5188 φωνῆς
2840 5115 3118 5170 πιστεύειν
3157 5108 3304 5186 εἶχον
3328 5113 3406 5185 τῷ
3426 5112 3568 5184 Θεῷ,
3608 5112 3690 5182 (p.
3728 5108 3897 5180 254)

2263 5213 2455 5285 ἀνδρὸς
2479 5212 2631 5277 ξένου
2664 5212 2760 5265 καὶ
2778 5209 3060 5280 ἀγνώστου
3071 5196 3270 5272 ἀὐτοῖς
3296 5204 3575 5269 παντελῶς
3599 5204 3705 5275 τὴν
3768 5223 3902 5259 κα-

2265 5303 2567 5377 ταστροφὴν
2592 5304 2691 5378 μὲν
2735 5302 3113 5367 ἀπειλοῦντος,
3161 5299 3544 5373 προστιθέντος
3576 5297 3632 5351 δὲ
3674 5296 3899 5361 οὐδὲν,

2262 5399 2371 5453 οὐδ’
2394 5400 2484 5469 ὑφ’
2511 5400 2633 5452 ὅτου
2660 5414 2764 5468 περ
2793 5394 3202 5466 ἀπεσταλμένος
3230 5392 3316 5462 εἴη
3349 5389 3702 5452 διδάσκοντος
3731 5388 3906 5452 τοὺς

2264 5491 2561 5554 ἀκούοντας
2581 5506 2596 5520 ο
2632 5488 2748 5543 ἀλλ’
2780 5486 3003 5556 εὔδηλον
3030 5485 3113 5538 ὅτι
3142 5483 3237 5537 καὶ
3271 5480 3407 5535 Θεοῦ
3438 5480 3731 5551 ἐμέμνητο
3772 5478 3903 5532 τοῦ

2266 5582 2484 5638 πάντων
2508 5579 2713 5651 Κυρίου
2733 5618 2747 5644 ,
2778 5576 2870 5631 καὶ
2901 5573 3238 5630 ἀπεστάλθαι
3276 5572 3429 5655 ἔλεγε
3468 5570 3598 5641 παρ’
3637 5566 3845 5621 αὐτοῦ
3886 5582 3905 5599 ·

2265 5677 2362 5729 κα¹ι
2396 5674 2461 5726 τὸ
2503 5676 2769 5743 κήρυγμα
2818 5669 3055 5720 ἐποιεῖτο
3084 5666 3185 5737 τῆς
3231 5664 3658 5735 καταστροφῆς,
3721 5657 3911 5729 πρὸς

2270 5764 2633 5839 μεταμέλειαν
2661 5762 2857 5825 αὐτοὺς
2877 5757 3311 5830 ὲκκαλούμενος’
3349 5749 3538 5827 ὧνπερ
3574 5748 3669 5807 οὖν
3708 5749 3913 5817 δεξά-

2271 5877 2421 5932 μενοι
2463 5857 2561 5929 τὴν
2590 5852 2958 5919 διδασκαλίαν,
2997 5851 3221 5915 εἰκότως
3272 5846 3553 5903 πιστεύειν
3595 5842 3911 5910 ἐλέγοντο

2271 5950 2349 6023 τῷ
2382 5949 2533 6022 Θεῷ·
2565 5942 2625 6003 οὗ
2668 5948 2767 6019 τήν
2811 5963 2866 6001 τε
2910 5945 3185 6016 ἀπόφασιν
3223 5941 3316 5998 καὶ
3354 5939 3454 6014 τὴν
3496 5934 3915 5993 διδασκαλίαν
