4102 6528
263 503 360 561 εει

1318 503 1882 564 COMMENTARIUS
1918 500 1987 561 IN
2022 501 2220 560 «ΙΟΝῶ
2251 500 2403 559 CAP.
2443 501 2536 558 IV.

3456 499 3565 561 542

259 616 550 690 δεξάμενοι
587 619 730 675 κατά
784 619 886 694 τὴν
934 618 1030 676 τοῦ
1067 624 1348 694 προφήτου
1397 622 1583 694 φωνὴν
1627 623 1765 694 πρὸς
1804 621 1902 682 τὸ.

2003 617 2344 688 esipuerunt,
2381 618 2458 672 ita
2492 624 2551 671 ut
2584 615 2770 672 multa:
2803 616 3253 688 vehementisque
3285 618 3560 688 pmniten-

261 710 517 779 κρεῖττον
560 705 704 765 εἶδον
726 729 739 742 ο
780 712 923 765 ὥστε
965 711 1062 766 καὶ
1090 712 1291 784 πολλήν
1329 730 1450 766 τινα
1481 714 1576 767 καὶ
1616 713 1868 767 σύντονον

2003 714 2060 769 ia:
2090 713 2247 785 signa
2284 712 2572 769 ediderint;
2613 710 2892 781 Jejnnium
2939 713 3085 767 enim
3113 700 3210 782 per
3252 712 3556 780 civitatem,

258 801 363 872 τὴν
400 803 782 872 μεταμέλειαν
834 803 1244 869 ἐπιδείξασθαι·
1299 806 1555 877 νηστείαν
1610 804 1722 877 γάρ
1766 804 1870 859 ἀνὰ

2009 814 2031 859 t
2081 806 2175 872 ait,
2213 804 2550 870 indixerunt,
2600 820 2930 876 saccumque
2980 806 3161 861 omnis
3192 807 3551 869 eetasinduit.

257 893 357 964 τὴν
380 894 545 949 πόλιν
573 895 875 968 ἐκήρυξαν,
897 896 971 961 ὥς
994 915 1147 969 φησι,
1176 899 1271 951 καὶ
1303 899 1543 962 σάκκους
1567 898 1768 962 πάντες
1788 899 1870 952 ἔνο

256 984 566 1055 δυσάμενοι
592 986 783 1057 μικροί
804 1003 864 1039 τε
888 987 983 1039 καὶ
1004 986 1250 1057 μεγάλοι,
1273 986 1514 1056 πενθικῷ
1535 985 1871 1057 κεχρημένοι

257 1074 333 1146 τῷ
366 1078 646 1147 σχήματι,
674 1077 803 1131 ἵλεω
831 1078 1086 1147 γενέσθαι
1114 1079 1207 1131 τὸν
1240 1077 1372 1133 Θεὸν
1403 1080 1590 1142 αὐτοῖς
1622 1077 1868 1148 ἐξῄτουν·

258 1168 455 1239 ἐπειδὴ
487 1169 551 1222 δὲ
592 1168 688 1222 καὶ
719 1169 848 1242 ἄχρι
892 1169 988 1223 τοῦ
1027 1170 1294 1240 βασιλέως
1322 1170 1601 1243 ἐληλυθὼς
1632 1170 1662 1223 ὁ
1690 1169 1871 1238 λόγος,

256 1257 378 1311 οὖδὲ
402 1259 631 1321 ἐκεῖνος
655 1258 942 1329 ἀμελήσας
963 1260 1214 1329 φαίνεται
1235 1260 1328 1314 τοῦ
1350 1261 1679 1333 πράγματος
1698 1277 1712 1291 ⁸
1734 1258 1874 1314 ἀλλά

260 1352 443 1421 μικρά
483 1349 586 1402 τοῦ
635 1350 923 1420 βασιλικοῦ
956 1354 1254 1424 φροντίσας
1282 1353 1593 1424 ἀξιώματος
1616 1393 1631 1419 ,
1679 1353 1772 1407 τόν
1814 1344 1875 1406 τε

259 1436 460 1509 θρόνον
511 1439 680 1507 ἀφεὶς
726 1440 820 1493 τὸν
861 1441 1083 1506 οἰκεῖον,
1118 1442 1214 1496 καὶ
1245 1442 1344 1514 τὴν
1373 1440 1657 1514 βασιλικὴν
1683 1440 1878 1513 στολὴν

260 1528 613 1601 ἀπορρίψας,
646 1530 853 1585 σάκκον
879 1532 975 1586 καὶ
999 1532 1165 1597 αὐτὸς
1194 1533 1579 1606 περιθέμενος,
1612 1535 1705 1589 ἐπὶ
1738 1552 1876 1589 σπο-

260 1620 353 1675 δοῦ
406 1620 793 1692 καθεζόμενος
847 1622 1077 1677 διετέλει
1101 1640 1115 1655 ’
1179 1623 1590 1696 προστάγματά
1638 1642 1699 1679 τε
1751 1625 1879 1696 ἑξῆς

262 1713 497 1785 παράτε
512 1713 612 1767 τοῦ
628 1712 895 1783 βασιλέως
909 1717 1005 1768 καὶ
1023 1714 1131 1770 τῶν
1145 1718 1267 1771 κατ’
1282 1718 1349 1771 αύ
1359 1717 1455 1789 τὴν
1473 1718 1584 1789 (56)
1602 1719 1882 1790 ἀρχόντων

1970 895 2187 967 lugubri
2214 897 2401 952 habitu
2430 896 2524 951 Dei
2550 897 2894 952 clementiam
2916 898 3289 967 implorantes.
3317 896 3564 969 Cumque

1973 987 2041 1042 ad
2101 988 2279 1059 ipsum
2336 1004 2511 1059 usque
2552 1003 2734 1059 regem
2781 1003 2966 1044 sermo
3016 988 3351 1055 devenisset,
3410 1004 3479 1044 ne
3516 987 3565 1042 is

1973 1079 2198 1150 quidem
2223 1096 2337 1136 rem
2373 1081 2523 1151 parvi
2557 1080 2687 1136 fecit
2712 1096 2726 1147 ;
2755 1081 2850 1136 sed
2884 1081 3033 1155 regia
3064 1089 3244 1151 spreta
3277 1079 3563 1150 dignitate,

1974 1174 2177 1230 throno
2208 1175 2424 1243 relicto,
2475 1177 2755 1248 regalique
2789 1187 2939 1234 veste
2967 1177 3203 1248 abjecta,
3256 1191 3482 1233 saccum
3510 1186 3570 1234 et

1977 1263 2098 1336 ipse
2129 1265 2331 1334 induit,
2385 1260 2551 1337 atque
2582 1268 2636 1324 in
2687 1270 2874 1324 cinere
2902 1268 3084 1325 sedit:
3127 1269 3508 1341 scriptumque
3538 1285 3571 1324 a

1977 1374 2106 1431 rege
2134 1359 2375 1416 edictum
2412 1368 2498 1417 est
2531 1368 2585 1418 et
2618 1377 2649 1416 a
2683 1362 2926 1418 civitatis
2964 1362 3327 1434 principibus,
3364 1371 3425 1418 ut
3457 1378 3570 1418 non

1978 1450 2159 1507 solum
2189 1450 2468 1516 homines,
2488 1467 2689 1507 verum
2721 1454 2886 1509 etiam
2927 1452 3178 1524 jumenta
3209 1452 3429 1508 illorum
3459 1466 3578 1506 ser-

1978 1541 2116 1598 vitio
2143 1542 2361 1599 addicta
2389 1546 2541 1599 omni
2572 1546 2774 1616 pabulo
2803 1555 3045 1618 potuque
3073 1553 3351 1603 carerent.
3385 1544 3576 1616 Neque

1981 1636 2251 1693 hactenus
2296 1636 2513 1693 illorum
2549 1638 2869 1709 poenitentia
2896 1640 3082 1709 stetit;
3140 1639 3236 1695 sed
3269 1639 3416 1694 omni
3451 1644 3579 1693 ante

1985 1736 2123 1781 actae
2149 1726 2274 1781 vita:
2299 1726 2569 1783 maleﬁcio
2594 1728 2824 1793 omisso,
2860 1729 3178 1798 mutuisque
3204 1725 3460 1798 imposito
3490 1725 3577 1779 iu-

261 1804 501 1876 ἐξετέθη
536 1805 636 1858 τοῦ
670 1805 745 1878 μὴ
782 1809 910 1871 τοὺς
938 1807 1263 1880 ἀνθρώπους
1305 1808 1488 1881 μόνον,
1520 1809 1658 1875 ἀλλά
1690 1810 1785 1865 καὶ
1813 1810 1884 1864 τά

2003 1819 2147 1883 iuriis
2193 1819 2319 1886 line,
2353 1834 2687 1892 magnopere
2715 1820 3029 1891 sperabant,
3064 1819 3181 1876 fore
3215 1826 3276 1875 ut
3299 1819 3417 1890 ipse
3446 1833 3582 1889 quo-

262 1897 409 1970 πρὸς
444 1898 769 1971 ὑπηρεσίαν
799 1901 986 1965 αὐτοῖς
1020 1903 1335 1974 τεταγμένα
1368 1901 1486 1968 ζῶα
1527 1903 1791 1968 παντοίας
1822 1920 1882 1957 τε

2003 1926 2098 1982 que
2123 1910 2267 1966 Deus
2292 1911 2568 1982 pmnitens
2593 1913 2864 1982 perlatum
2896 1912 3176 1968 decretum
3205 1909 3460 1966 funditus
3488 1923 3585 1963 an-

261 1990 483 2061 τροφῆς
508 1990 608 2043 καὶ
630 1991 799 2044 ποτοῦ
820 1991 1099 2062 διαμένειν
1129 1994 1289 2058 ἐκτός
1307 2010 1322 2024 ·
1349 1995 1442 2047 καὶ
1470 1994 1530 2047 ού
1563 1993 1727 2067 μέχρι
1755 1993 1880 2049 τού-

2003 2004 2252 2074 liquaret.
2292 2022 2310 2055 ι
2338 2001 2477 2069 Quis
2501 2003 2674 2070 enim,
2716 2003 2895 2073 inquit
2926 2003 3232 2074 Scriptura,
3268 2000 3422 2058 novit
3451 2015 3582 2055 num

261 2099 377 2136 των
412 2082 493 2153 (p.
525 2081 660 2152 255)
681 2083 922 2155 ἔστησαν
940 2086 1040 2157 τὴν
1070 2087 1457 2158 μεταμέλειαν,
1488 2086 1625 2141 ἀλλά
1653 2086 1762 2158 γὰρ
1786 2086 1883 2141 καὶ

262 2176 378 2231 τῶν
414 2175 598 2229 πάλαι
643 2177 832 2241 κακῶς
874 2168 1073 2241 αὐτοῖς’
1097 2178 1489 2250 πραττομένων
1523 2176 1882 2242 ἀποστάντες,

262 2268 462 2338 πάσης
483 2284 551 2321 τε
582 2268 687 2339 τῆς
707 2269 789 2333 είς
821 2269 1044 2338 ἐτέρους
1066 2269 1283 2332 ἀδικίας
1305 2269 1641 2341 χωρίσαντες
1662 2269 1882 2335 αὐτοὺς,

264 2361 489 2431 σφόδρα
524 2377 591 2429 γε
627 2362 893 2432 ἀνέμενον
920 2361 981 2414 τὸ
1022 2361 1116 2415 καὶ
1146 2361 1238 2415 τὸν
1265 2362 1398 2416 Θεὸν
1435 2361 1521 2432 ἐφ’
1554 2356 1637 2426 οἷς
1667 2362 1887 2433 ἀπεφή-

263 2466 405 2505 νατο
438 2452 572 2506 κατ’
604 2451 787 2505 αὐτῶν
829 2452 1170 2522 μεταγνόντα
1202 2451 1361 2531 λῦσαι
1392 2451 1489 2522 τὴν
1510 2451 1886 2523 ἐξενεχθεῖσαν

265 2544 568 2614 ἀπόφασιν
598 2542 884 2607 παντελῶς
908 2562 921 2577 ο
973 2562 992 2597 ι
1026 2543 1122 2608 Τίς
1158 2543 1286 2616 γὰρ,
1323 2540 1663 2615 φησ“ιν,οῐδεν
1708 2544 1756 2597 εί
1790 2561 1887 2616 με-

265 2637 546 2707 τανοήσει
578 2637 678 2691 καὶ
704 2637 1193 2709 παρακληθήσεται
1229 2638 1259 2690 ό
1293 2636 1451 2702 Θεὸς,
1478 2637 1575 2692 καὶ
1604 2637 1887 2711 ἀποστρέ-

1982 2098 2125 2151 forte
2160 2097 2483 2152 immutetur
2516 2096 2908 2168 mitigeturque
2933 2094 3100 2160 Deus,
3133 2103 3300 2165 atque
3342 2094 3412 2149 ab
3442 2099 3584 2149 aestu

1983 2184 2192 2242 furoris
2227 2187 2316 2242 sui
2339 2188 2582 2255 recedat,
2615 2187 2778 2243 nobis
2804 2187 3213 2244 incolumibus?
3239 2205 3258 2238 ι
3293 2184 3427 2251 Quae
3452 2198 3588 2242 sane

1985 2274 2097 2331 dici
2128 2276 2199 2332 ab
2226 2276 2308 2333 eis
2335 2292 2443 2332 non
2488 2284 2809 2349 potuerunt,
2846 2277 2951 2332 nisi
2985 2274 3324 2347 propheticis
3353 2272 3589 2328 vocibus

1985 2363 2227 2422 fuissent
2260 2367 2474 2423 edocti:
2531 2367 2588 2423 id
2634 2367 2783 2438 quod
2836 2381 3032 2437 reapse
3076 2364 3281 2419 factum
3320 2361 3590 2434 propheta

1993 2460 2148 2516 dicit.
2184 2459 2305 2516 Jam
2338 2470 2636 2533 postquam
2665 2477 2760 2519 eos
2789 2460 3046 2535 cognovit
3078 2458 3223 2514 Deus
3249 2457 3400 2513 vitiis
3423 2456 3592 2512 mnis-.-

1994 2552 2072 2607 sis
2096 2551 2163 2606 ad
2186 2552 2448 2610 virtutem
2466 2554 2715 2619 tendere,
2744 2554 3025 2610 decretum
3054 2552 3170 2624 ipse
3195 2563 3417 2622 quoque
3445 2546 3593 2619 quod

1994 2642 2051 2698 in
2086 2658 2183 2701 eos
2214 2645 2418 2701 tulerat
2446 2646 2755 2717 abrogavit.
3466 2662 3471 2667 '

262 2730 363 2802 ψει
401 2730 522 2783 ἀπὸ
554 2729 729 2799 ὀργῆς
767 2729 941 2801 θυμοῦ
970 2728 1159 2794 αὐτοῦ,
1189 2732 1284 2783 καὶ
1324 2731 1385 2784 ού
1435 2730 1510 2801 μὴ
1540 2728 1911 2800 ἀπολιτ›μεθα;
1946 2751 1965 2784 ι
2008 2734 2154 2808 ἅπερ
2188 2734 2282 2793 οὖν
2320 2740 2420 2811 οὐχ
2451 2734 2566 2795 οἷόν
2599 2758 2659 2793 τε
2694 2740 2874 2809 λέγειν
2904 2738 3102 2801 αὐτοὺς
3137 2734 3213 2806 μὴ
3254 2735 3319 2787 ὲκ
3350 2730 3458 2786 τῶν
3499 2729 3594 2786 τοῦ
3695 2724 3699 2727 ⁷

265 2828 575 2899 προφήτου
638 2825 1055 2897 δεδιδαγμένους
1102 2826 1326 2896 φωνῶνο
1383 2826 1543 2880 τοῦτο
1610 2826 1675 2898 δὴ
1734 2828 1828 2880 καὶ
1873 2831 2206 2902 γεγενῆσθαί
2256 2851 2424 2906 φησιν
2477 2837 2506 2889 ό
2566 2837 2892 2909 προφήτης·
2952 2835 3046 2889 καὶ
3106 2831 3408 2902 ἐπειδήπερ
3456 2822 3597 2881 εἶδεν

267 2917 485 2978 αὐτοὺς
517 2914 548 2966 ὀ
573 2914 711 2978 Θεὸς
734 2915 1082 2981 ἀποστάντας
1115 2917 1215 2987 μὲν
1243 2917 1354 2972 τῶν
1384 2916 1669 2989 χειρόνων,
1706 2916 2008 2984 νεύσαντας
2036 2920 2094 2974 δὲ
2126 2924 2262 2995 πρὸς
2286 2925 2348 2979 τὸ
2378 2929 2650 2997 κρεῖττον,
2680 2927 2839 2980 ἔλυσε
2868 2926 2962 2981 καὶ
2988 2925 3152 2990 αὐτὸς
3179 2924 3279 2993 τὴν
3319 2920 3597 2990 ἀπόφασιν

261 3011 465 3080 ἥνπερ
495 3004 597 3061 οὖν
624 3006 935 3079 ἐξενηνόχει
965 3009 1089 3062 κατ’
1124 3009 1325 3064 αὐτῶν.
1485 3025 1514 3051 ο

959 3101 1120 3156 ΚΕΦ.
1157 3102 1231 3155 Δ’.

345 3195 509 3265 Στίχ.
548 3191 696 3248 (ι’-δ’.
723 3224 794 3234 -
827 3211 847 3245 t
912 3193 1037 3247 Ἐπὶ
1071 3193 1287 3258 τούτοις
1326 3193 1606 3266 ἐλυπήθη,
1637 3193 1828 3264 φησὶν,
1864 3192 1893 3246 ό

2077 3186 2240 3258 168
2271 3185 2440 3245 Vens.
2474 3188 2589 3244 1-4.
2613 3101 3077 3262 -Ῡῗῇἰέζεειίε,
3108 3191 3287 3263 pergit
3308 3187 3599 3261 Scriptura

282 3289 491 3352 Ἰωνᾶς
539 3288 727 3357 λύπην
786 3285 1035 3357 μεγάλην
1080 3286 1176 3340 καλ⁸
1219 3284 1510 3358 συνεχύθη.
1552 3304 1571 3337 ι
1616 3283 1897 3346 Εἰκότωςο

2004 3277 2208 3341 dicere,
2248 3294 2508 3352 maguum
2556 3282 2837 3337 contraxit
2866 3281 3041 3339 Jonas
3072 3296 3395 3347 maerorem,
3439 3282 3602 3353 eique

266 3379 684 3452 διεταράττετο
712 3376 823 3448 γὰρ
855 3378 933 3442 ὡς
979 3377 1303 3441 ἀπατεῶνος
1339 3378 1433 3430 καὶ
1457 3375 1699 3445 ψεύστου
1733 3371 1898 3437 δόξαν

275 3475 513 3547 μέλλων
566 3470 950 3542 ἀποφέρεσθαι
994 3472 1128 3542 παρ’
1169 3470 1361 3533 αὐτοῖς
1385 3511 1398 3535 ,
1441 3469 1524 3522 ὅτι
1562 3469 1591 3521 ὁ
1634 3466 1734 3538 μὲν
1770 3464 1903 3518 εῐσω

270 3566 464 3639 τριῶν
494 3561 734 3635 ἡμερῶν
765 3562 1065 3634 ἠπείλησεν
1096 3561 1317 3616 ἔσεσθαι
1349 3561 1450 3632 τὴν
1476 3557 1864 3630 καταστροφήν
1885 3573 1899 3589 ο

275 3658 518 3728 ἐγένετο
562 3655 622 3709 δὲ
655 3655 809 3710 οὐδέν
826 3671 841 3684 ·
873 3651 995 3708 εἶτα
1025 3655 1120 3709 καὶ¹
1146 3654 1284 3725 πρὸς
1310 3654 1402 3708 τὸν
1430 3653 1562 3706 Θεὸν
1591 3650 1904 3722 ἀποϐλέψας

276 3750 487 3821 ελεγεν
513 3765 527 3778 ·
572 3767 593 3801 t
631 3748 746 3819 Οὐχ
768 3741 915 3802 οὗτοι
940 3748 992 3800 oi
1022 3745 1174 3816 λόγοι
1206 3764 1307 3817 μου
1340 3741 1483 3818 ἦσαν
1512 3744 1594 3798 ἔτι
1619 3744 1773 3807 ὄντος
1804 3760 1904 3815 μου

278 3846 338 3899 ἓν
373 3846 455 3915 τῇ
486 3843 565 3912 γῇ
601 3857 740 3912 μου;
788 3840 877 3893 διὰ
906 3838 1066 3893 τοῦτο
1108 3838 1438 3910 προέφθασα
1465 3836 1561 3891 τοῦ
1603 3838 1796 3907 φυγεῖν
1826 3836 1908 3899 εἰς

280 3922 582 4007 Θαρσεῖς,
612 3932 752 3985 διότι
789 3931 966 4001 ἔγνων
997 3932 1078 3985 ὃτι
1106 3932 1171 3985 σὺ
1197 3932 1449 4002 ἐλεήμων
1482 3926 1535 3983 εἷ
1560 3931 1653 3983 καὶ
1701 3929 1909 3997 οἰκτίρ·

283 4047 440 4099 μων,
490 4024 860 4098 μακρόθυμος
900 4023 997 4076 καὶ
1030 4022 1325 4086 πολυέλεος
1351 4022 1447 4076 καλ⁹
1496 4019 1775 4091 μετανοῶν
1817 4020 1911 4073 ἐπὶ

279 4122 412 4179 ταῖς
452 4114 709 4177 κακίαις.
765 4132 786 4166 ι
818 4110 1017 4181 Σαφῶς
1059 4112 1168 4185 γὰρ
1199 4111 1471 4182 ἐδήλωσεν
1505 4109 1588 4163 ὅτι
1623 4107 1787 4161 τοῦτο
1816 4105 1913 4160 καὶ

280 4212 391 4282 τῆς
426 4209 625 4278 φυγῆς
653 4203 805 4276 αὐτῷ
832 4203 1058 4274 γέγονεν
1108 4204 1301 4266 αἴτιον,
1343 4200 1423 4272 (p.
1468 4199 1596 4273 956)
1623 4199 1686 4253 τὸ
1712 4197 1913 4252 εἰδέναι

278 4302 370 4355 ὅτι
404 4296 812 4370 φιλάνθρωπος
859 4293 958 4359 ὢν,
1017 4295 1065 4347 εἰ
1103 4292 1580 4365 μεταϐαλομένους
1630 4290 1765 4355 ῐδοι,
1812 4288 1914 4359 τὴν

284 4393 596 4459 ἀπόφασιν
634 4387 855 4451 πάντως
901 4385 1124 4451 ἀλλάξει
1161 4384 1262 4455 τὴν
1307 4383 1516 4439 οἰκείαν
1540 4398 1554 4411 ⁸
1605 4382 1689 4435 ὅτι
1727 4397 1789 4433 τε
1826 4380 1914 4431 ὲν-

286 4484 498 4541 τεῦθεν
542 4479 703 4552 αὐτῷ
742 4478 1031 4550 περιέσται
1064 4476 1126 4531 τὸ
1168 4475 1407 4546 ψεύστου
1453 4474 1600 4536 τινὸς
1630 4473 1726 4526 καὶ
1773 4472 1917 4525 ἀπαο

285 4577 512 4640 τεῶνος
565 4573 730 4639 δόξαν
782 4571 969 4626 λαϐεῖν
1030 4571 1163 4641 παρ’
1219 4569 1406 4633 αὐτοῖς
1432 4585 1447 4601 ·
1501 4566 1625 4621 ὅθεν
1679 4563 1877 4632 ἐπάγει
1900 4577 1911 4590 ·

293 4628 921 4731 ιννιξαὶσνῦν,.Δέσποτα
944 4628 1140 4735 Κύριε,
1169 4662 1304 4717 λάϐε
1336 4628 1435 4733 τήν
1460 4660 1641 4730 ψυχήν
1688 4628 1914 4728 μουτάτθ
1947 4628 1993 4685 Ῑ)

288 4761 442 4835 ἐμοῦ
469 4803 485 4827 ,
517 4762 607 4815 ὅτι
632 4759 800 4812 καλόν
840 4774 932 4830 μοι
962 4756 1025 4810 τὸ
1065 4755 1361 4810 ἀποθανεῖν
1396 4771 1475 4825 ⁸με
1514 4751 1718 4824 μᾶλλον
1750 4749 1785 4821 ἢ
1817 4747 1917 4820 ζῇν

295 4876 392 4929 με.
438 4874 462 4908 ι
502 4853 620 4937 Διά,
646 4852 705 4906 δὲ
731 4851 926 4910 τούτου
946 4893 962 4919 ,
989 4850 1149 4922 φησὶ,
1179 4849 1272 4903 τὸν
1298 4849 1529 4902 θάνατον
1552 4842 1919 4918 αἱρετώτερον

294 4948 485 5023 κρινῶ
533 4935 638 5001 τοῦ
689 4944 829 5016 μετὰ
872 4943 1034 5016 δόξης
1068 4941 1329 5013 τοιαύτης
1362 4940 1464 5011 ζῇν
1506 4938 1661 5011 παρὰ
1689 4938 1803 5000 τοῖς
1834 4935 1922 4989 ἀν-

294 5022 583 5114 θρώποις.
604 5036 666 5093 Ὀ
693 5038 793 5109 μὲν
817 5031 911 5091 οὖν
938 5036 1074 5100 Θεὸς
1103 5037 1132 5089 ὁ
1159 5034 1258 5089 καὶ
1282 5031 1418 5105 πρὸς
1439 5031 1567 5095 τοὺς
1595 5022 1929 5102 μετανοοῦν-’

295 5152 405 5198 τας
468 5128 874 5203 φιλάνθρωπος
920 5127 1019 5181 καὶ
1063 5128 1178 5189 τοῖς
1231 5123 1455 5187 οἰκείοις
1502 5123 1713 5194 ἥμερος
1758 5120 1922 5188 άγαν,

294 5221 700 5298 ὲντρεπτικῶς
756 5218 1036 5291 ἐπιτιμῶν
1084 5216 1164 5289 τῷ
1215 5218 1475 5290 προφήτῃ
1523 5213 1723 5285 φησιν·
1782 5230 1803 5264 ι
1861 5211 1926 5265 Εἰ

299 5322 530 5393 σφόδρα
581 5314 940 5386 λελύπησαι;
988 5332 1008 5366 ι
1060 5311 1209 5367 ἀντὶ
1238 5311 1336 5365 τοῦ
1362 5351 1377 5376 ,
1422 5311 1650 5372 Ἔοικας
1688 5306 1923 5377 ἀθυμεῖν

294 5412 600 5468 τοσούτων
662 5405 1034 5477 σεσωσμένων
1053 5421 1068 5437 ’
1104 5404 1226 5459 δέον
1254 5401 1586 5475 ἀντισηκοῦν
1617 5403 1686 5472 τῇ
1716 5396 1924 5471 ὑπολήο

294 5509 397 5577 ψει
419 5506 494 5575 τῇ
528 5498 738 5556 σαυτοῦ
761 5499 863 5572 τὴν
883 5498 1106 5553 πάντων
1131 5496 1428 5570 σωτηρίαν,
1448 5494 1544 5551 καὶ
1565 5491 1927 5567 αἱρετώτερον

296 5598 569 5672 νομίζειν
600 5592 767 5648 αὐτόν
800 5609 860 5647 σε
887 5591 1132 5647 τοιοῦτον
1163 5587 1569 5662 ὑποληφθῆναι,
1598 5587 1632 5659 ἢ
1655 5584 1927 5641 τοσούτων

296 5689 611 5749 ἀπώλειαν
643 5684 1006 5757 γεγενῆσθαι.

380 5781 552 5851 Στίχ.
587 5778 740 5850 ε’-η’.
779 5808 852 5820 -
901 5780 961 5832 '0
1007 5777 1065 5833 δὲ
1107 5777 1399 5849 προφήτης
1450 5771 1788 5845 ἐξεληλυθὼς
1835 5772 1936 5843 τῆς

385 5968 516 6045 (36)
550 5966 633 6024 Ita
662 5964 785 6023 cod.

2003 3369 2224 3425 animus
2247 3371 2601 3441 perturbatus
2623 3380 2726 3427 est.
2758 3390 2778 3425 ι
2805 3371 3000 3443 Neque
3026 3372 3322 3427 immerito.
3353 3371 3605 3427 Timebat

2005 3458 2150 3516 enim
2185 3476 2256 3516 ne
2287 3460 2412 3515 vani
2435 3467 2490 3516 et
2517 3461 2800 3517 mendacis
2820 3462 3137 3533 opinionem
3159 3460 3307 3533 apud
3331 3460 3604 3519 Ninivitas

2006 3551 2353 3623 acquireret:
2414 3553 2861 3625 quandoquidem
2916 3555 3034 3626 ipse
3074 3555 3298 3625 quidem
3350 3554 3603 3609 futurum

2007 3645 2251 3700 minatus
2278 3653 2398 3700 erat
2426 3645 2573 3700 intra
2603 3654 2717 3701 tres
2741 3645 2859 3701 dies
2887 3646 3162 3701 excidium
3188 3664 3207 3714 ;
3258 3645 3396 3700 nihil
3422 3654 3605 3702 autem

2008 3735 2137 3791 inde
2156 3743 2517 3813 consecutum
2539 3746 2644 3792 cst.
2675 3735 2800 3791 Mox
2833 3734 3001 3791 Deum
3042 3735 3355 3806 suspiciens
3382 3735 3563 3790 aiebat
3588 3752 3602 3789 :

2016 3848 2033 3881 ι
2077 3828 2271 3884 Nonne
2302 3829 2389 3885 hic
2411 3837 2531 3884 erat
2552 3844 2735 3884 sermo
2766 3843 2942 3894 meus,
2976 3827 3108 3883 dum
3137 3827 3319 3884 adhuc
3341 3829 3398 3884 in
3431 3830 3609 3899 patria

2010 3921 2234 3993 regione
2282 3922 2576 3978 versarer?
2637 3922 2872 3993 ideoque
2905 3922 3091 3994 fugam
3124 3923 3180 3978 in
3229 3921 3460 3979 Tharsis
3491 3938 3610 3976 ma-

2011 4022 2366 4083 turaveram;
2398 4013 2530 4085 quia
2566 4021 2621 4070 te
2651 4014 2976 4070 clementem
3012 4029 3274 4071 noveram
3302 4021 3359 4070 et
3388 4013 3612 4070 miseri-

2012 4107 2261 4171 cordem,
2288 4107 2585 4178 patientem
2611 4106 2910 4162 admodum
2932 4114 2987 4162 et
3020 4105 3419 4176 indulgentem,
3446 4111 3612 4176 atque

2013 4199 2407 4257 obliviscendis
2442 4198 2663 4270 injuriis
2713 4197 2952 4254 facilem.
2982 4217 3002 4251 ι
3039 4197 3339 4268 Perspicua
3382 4196 3614 4252 demon-

2014 4301 2155 4349 strat
2189 4293 2332 4347 hanc
2362 4284 2473 4347 rsibi
2505 4290 2647 4360 fuga:
2678 4305 2906 4345 causam
2948 4289 3144 4357 fuisse,
3174 4290 3301 4360 quia
3335 4296 3611 4343 mutatum

2016 4388 2082 4443 iri
2110 4385 2392 4442 decretum
2425 4392 2675 4449 noverat,
2716 4384 2765 4439 si
2819 4383 2964 4440 Deus
3011 4382 3477 4438 clementissimus
3502 4380 3615 4435 im-

2017 4478 2221 4533 mutari
2254 4476 2483 4534 vidisset
2527 4476 2813 4543 homines;
2875 4490 2936 4531 se
2966 4489 3095 4530 vero
3123 4472 3338 4529 fallacis
3372 4473 3612 4528 hominis

2020 4585 2085 4625 ac
2110 4570 2420 4640 deceptoris
2478 4568 2680 4623 famam
2750 4575 3173 4637 aucupaturum.
3254 4564 3438 4631 Quare
3494 4563 3610 4618 ait:

2030 4680 2049 4711 ι
2073 4658 2253 4725 Nunc,
2285 4668 2478 4729 potens
2510 4655 2766 4721 Domine,
2798 4655 3056 4726 spiritum
3096 4648 3235 4707 mihi
3260 4653 3433 4724 eripe,
3485 4651 3615 4723 quia

2026 4754 2167 4811 mori
2190 4753 2323 4808 mihi
2352 4766 2520 4823 quam
2541 4751 2727 4807 vivere
2749 4750 2925 4808 satius
2948 4756 3051 4805 est.
3086 4768 3106 4802 ι
3144 4746 3450 4818 Optahilior
3471 4748 3618 4803 enim

2028 4847 2185 4913 mihi,
2248 4845 2447 4916 inquit,
2496 4859 2647 4901 mors
2688 4852 2794 4909 est,
2848 4857 3014 4914 quam
3064 4841 3122 4897 in
3170 4840 3277 4896 hac
3334 4840 3621 4896 hominum

2030 4941 2289 5013 opinione
2332 4938 2563 4996 versari.
2601 4936 2740 4994 Tum
2772 4936 2921 4994 Deus
2963 4935 3350 5008 pmnitentium
3385 4942 3621 5000 amator,

2032 5035 2259 5104 suisque
2289 5031 2585 5087 admodum
2616 5031 2787 5094 mitis,
2842 5031 3106 5102 pudorem
3137 5026 3291 5085 Jonas
3324 5027 3621 5087 incutiens,
3682 5052 3689 5057 α

2033 5111 2309 5194 increpuit
2339 5125 2564 5181 dicens:
2605 5141 2624 5175 ι
2645 5121 2786 5178 Num
2817 5123 2918 5178 tibi
2964 5135 3297 5194 magnopere
3328 5119 3476 5174 dolet
3503 5117 3626 5171 ani»

2035 5235 2159 5277 mus
2181 5220 2240 5273 ί»
2269 5218 2477 5290 Nempe
2492 5232 2727 5275 moerere
2743 5216 2970 5280 videris,
2990 5215 3145 5288 quod
3171 5220 3322 5268 tanta
3340 5210 3623 5265 hominum

2034 5313 2331 5369 multitudo
2355 5320 2682 5370 conservata
2705 5311 2797 5367 sit.
2826 5311 2990 5382 Atqui
3023 5309 3254 5365 deberes
3276 5316 3624 5360 communem

2032 5406 2266 5462 salutem
2294 5405 2435 5477 aequi
2469 5404 2713 5476 bonique
2741 5403 3032 5459 consulere
3055 5412 3168 5471 prae
3196 5397 3339 5452 fama
3365 5402 3492 5461 tua;
3525 5391 3623 5449 lui-

2033 5510 2142 5568 que
2171 5494 2413 5587 nqminis
2431 5495 2730 5560 maculam,
2761 5506 2927 5565 quam
2954 5498 3035 5546 tot
3055 5488 3339 5546 hominum
3369 5486 3625 5550 exit-ium,

2034 5591 2215 5646 malle.

2111 5772 2280 5830 Vsus.
2309 5774 2432 5859 συθ.
2463 5801 2533 5813 -
2565 5756 2721 5827 Tunc
2801 5768 2939 5826 urbe
3003 5766 3273 5841 propheta
3339 5780 3621 5840 egressus,
