4102 6462
536 476 645 536 343

1710 467 2088 527 ,ΤΗΕΟΒΟΒΙ
2120 462 2606 523 MOPSUESTENI
2662 524 2667 529 _

534 586 720 629 coram
765 567 989 634 resedit,
1050 562 1323 637 tuguriolo
1377 562 1451 619 ibi
1499 570 1818 621 constructo
1854 581 1866 616 :
1902 563 1959 616 in
2001 575 2112 631 quo

2235 557 2442 622 πόλεως,
2491 552 2781 617 ἐκαθέζετο
2809 550 3165 620 καταντικρύ,
3199 548 3405 620 σκηνὴν
3434 544 3611 616 ἑαυτῷ
3636 547 3802 615 ποιή-

536 680 785 730 manens,
826 660 1074 733 nunquid
1105 665 1370 731 praeterea
1412 658 1620 712 civitati
1651 656 1823 723 fleret,
1858 655 2118 711 observa-

535 756 668 811 bat:
716 754 990 807 minarum
1032 750 1177 805 enim
1228 746 1549 818 gravitatem
1595 760 1781 801 secum
1832 752 2114 816 reputans,

538 835 889 891 existimabat
920 833 1047 887 hinc
1081 830 1287 900 aliquid
1319 837 1766 884 consecuturum.
1801 825 1922 881 Mox
1950 827 2119 896 jussit

536 919 682 973 Deus
713 925 773 971 ut
814 916 1101 972 cucurbita
1127 924 1349 983 repente
1376 919 1504 966 nata
1528 910 1805 980 tugurium
1832 916 2025 969 totum,
2061 909 2115 962 in

536 1017 646 1071 quo
695 999 960 1069 propheta
1000 997 1341 1058 versabatur,
1378 994 1572 1048 umbra
1606 993 1919 1060 obtegeret:
1958 989 2119 1061 169

536 1099 709 1154 quare
749 1081 918 1137 Jonas
957 1080 1182 1151 putabat
1218 1077 1508 1149 quamdam
1545 1092 1605 1130 se
1651 1074 1872 1128 domum
1920 1074 2120 1128 habere

536 1168 809 1223 densitate
839 1163 1092 1218 foliorum
1126 1162 1570 1230 cireumseptam.
1600 1156 1666 1210 Et
1688 1157 1908 1226 quidem
1957 1170 2118 1226 poma

537 1263 755 1320 quoque
791 1246 994 1300 ati'atim
1028 1245 1268 1315 undique
1286 1241 1650 1313 dependentia
1675 1242 1968 1294 maximam
1999 1239 2122 1293 ani-

538 1348 630 1389 mo
674 1331 984 1402 praebebant
1026 1329 1472 1383 oblectationem.
1517 1322 1647 1391 His,
1695 1326 1950 1394 inquam,
1988 1339 2118 1394 pro-

539 1416 703 1488 pheta
754 1427 1086 1483 magnopere
1141 1411 1442 1465 iatabatur.
1509 1405 1617 1462 Sed
1679 1409 1824 1461 enim
1876 1406 2005 1461 dum
2057 1420 2123 1461 eo

540 1499 831 1561 miraculo,
874 1497 1059 1565 reique
1092 1504 1312 1564 aspectu
1351 1501 1513 1560 atque
1573 1505 1679 1545 usu
1714 1488 1936 1551 fruitur,
1992 1489 2121 1544 dum

540 1582 712 1635 multa
774 1580 845 1635 ob
898 1579 951 1633 id
1009 1578 1284 1647 voluptate
1360 1573 1746 1645 perfunditur,
1810 1580 1974 1643 atque
2022 1572 2127 1626 hae

542 1663 648 1718 sibi
713 1662 1050 1717 recreatione
1113 1660 1304 1714 beatus
1349 1657 1609 1723 videtur;
1653 1656 1842 1715 divinp
1905 1662 2126 1725 repente

542 1755 676 1801 nutu
741 1744 1079 1799 vermiculus
1146 1743 1347 1813 plantae
1406 1741 1666 1804 innatus,
1745 1740 1887 1793 hanc
1938 1737 2127 1792 confe-

543 1829 672 1884 stim
725 1829 973 1897 corrupit
1011 1834 1174 1896 atque
1211 1823 1530 1878 exsiccavit.
1591 1820 1711 1876 Jam
1753 1820 1901 1875 hunc
1928 1820 2129 1874 venui—

2220 667 2338 715 σας,
2365 651 2458 703 καὶ
2490 638 2595 700 ὑπὸ
2625 645 2830 715 ταύτην
2855 644 3079 712 διάγων,
3110 642 3268 713 ἄχρις
3307 639 3405 693 ῖδοι
3439 639 3494 692 τί
3534 654 3664 691 ποτε
3695 638 3804 708 ἄρα

2218 741 2425 810 γένοιτο
2451 738 2613 791 πλέον
2632 754 2699 789 πε
2709 736 2761 809 pl.
2782 734 2881 806 τὴν
2901 734 3074 788 πόλιν⁸
3106 733 3204 804 τῆς
3223 731 3332 803 γὰρ
3364 728 3595 799 ἀπειλῆς
3622 728 3683 781 τὸ
3707 730 3805 797 μέ-

2222 830 2381 901 γεθος
2406 828 2857 898 ἀναλογιζόμενος
2880 823 3228 896 ὑπελάμσανέ
3248 839 3301 875 τι
3317 821 3377 874 τὸ
3394 821 3553 889 τυχὸν
3569 818 3663 872 καὶ
3683 817 3804 871 ἐσε-

2224 922 2348 976 σθαι
2379 920 2517 992 μετά
2545 919 2730 972 τοῦτο·
2770 913 2889 971 εἶτα
2917 913 3248 987 προσέταξεν
3270 914 3298 965 ὁ
3318 911 3450 975 Θεὸς
3470 908 3803 964 κολόκυνθαν

2223 1012 2417 1084 ἀθρόον
2450 1013 2768 1080 ὲκφυεῖσαν,
2806 1008 3026 1062 ἃπασαν
3058 1004 3155 1076 τὴν
3186 1002 3391 1074 σκηνὴν
3422 1004 3481 1055 ὲν
3504 994 3653 1074 ᾗπερ
3675 995 3744 1071 ἦν
3773 1000 3806 1052 ὁ

2220 1102 2506 1172 προφήτης
2553 1096 2841 1169 πληρῶσαι
2876 1097 3033 1158 σκιᾶς
3055 1110 3070 1124 ’
3107 1095 3125 1163 (
3150 1108 3202 1164 p.
3229 1092 3331 1147 25⁸1
3356 1092 3373 1162 )
3404 1091 3480 1154 ὡς
3512 1090 3609 1144 καὶ
3640 1087 3805 1142 αὐτὸν

2219 1193 2397 1247 δοκεῖν
2425 1191 2600 1253 οἰκίας
2628 1188 2771 1252 τινὸς
2799 1188 3009 1259 σκέπην
3036 1186 3185 1257 ἔχειν
3210 1182 3289 1254 τῷ
3316 1182 3508 1254 πλήθει
3534 1180 3642 1234 τῶν
3670 1180 3802 1248 φύλ-

2225 1283 2332 1337 λων
2352 1298 2364 1313 ·
2398 1282 2490 1335 καὶ
2515 1281 2579 1353 δὴ
2608 1280 2704 1335 καὶ
2746 1280 2837 1333 τὸν
2864 1278 3075 1350 καρπὸν
3110 1274 3449 1346 πανταχόθεν
3490 1273 3685 1347 ἀθρόον
3712 1272 3809 1325 ὲκε-

2226 1373 2598 1448 κρεμάμενον,
2636 1371 2896 1441 πλείστην
2924 1368 3048 1422 τινὰ
3076 1367 3336 1439 παρέχειν
3364 1362 3512 1434 αύτῴ
3539 1364 3639 1433 τὴν
3662 1361 3807 1432 ψυχ-

2224 1465 2505 1535 ικγωγίαν⁸
2560 1459 2662 1535 ἧσε
2712 1462 2871 1516 τοῦτο
2918 1461 3008 1515 τὸν
3052 1459 3338 1531 προφήτην
3377 1455 3454 1519 ὼς
3494 1454 3640 1515 εἰκὸς
3677 1470 3810 1523 τερ-

2226 1556 2426 1627 φθέντα
2452 1554 2530 1626 τῷ
2555 1553 2841 1626 παραδόξῳ
2864 1554 2962 1625 τῆς
2985 1568 3047 1605 τε
3076 1550 3203 1613 θέας
3232 1549 3328 1602 καὶ
3365 1547 3466 1617 τῆς
3493 1545 3680 1615 χρείας
3709 1544 3809 1598 τοῦ

2226 1648 2508 1719 γεγονότος
2531 1664 2545 1679 ·
2574 1646 2649 1710 ὡς
2670 1646 2727 1699 δὲ
2764 1644 2966 1717 πολλὴν
2999 1644 3093 1697 ἐπὶ
3123 1642 3201 1714 τῷ
3244 1639 3530 1711 πράγματι
3558 1636 3657 1708 τὴν
3684 1638 3812 1708 ἡδο-

2227 1739 2324 1809 νὴν
2351 1738 2500 1809 έσχε,
2528 1738 2622 1791 καὶ
2652 1736 2926 1807 ἀρκοῦσαν
2969 1752 3094 1789 τινα
3129 1731 3447 1805 κομίζεσθαι
3495 1728 3598 1800 τὴν
3636 1728 3813 1799 ψυχα-

2228 1829 2438 1899 γωγίαν
2486 1826 2737 1882 ἐντεῦθεν
2775 1826 2990 1894 ἐδόκει,
3022 1824 3217 1896 ἀθρόον
3259 1821 3423 1875 πάλιν
3468 1820 3810 1889 ὲπιτάγματι

542 1911 727 1966 culum
750 1910 1031 1980 Scriptura
1054 1908 1378 1961 matutinum
1399 1912 1579 1969 vocat,
1599 1914 1655 1958 ut
1672 1903 1939 1975 signiticet
1958 1918 2128 1973 genus

2235 1919 2359 1991 θείῳ
2386 1917 2602 1991 σκώληξ
2646 1916 2952 1986 ὲγγεγονὼς
2975 1914 3052 1986 τῷ
3091 1911 3242 1983 φυτῷ
3270 1912 3418 1965 ἅπαν
3450 1907 3645 1979 ἀθρόον
3674 1907 3808 1974 αὐτὸ

544 2001 815 2071 serpentis
848 1998 1121 2053 matutino
1144 2003 1399 2066 tempore
1434 1993 1546 2050 Deo
1576 1995 1791 2049 volente
1839 1993 1894 2046 in
1930 1993 2127 2047 arbore

543 2088 732 2159 geniti,
768 2087 907 2142 hanc
937 2087 1156 2157 penitus
1187 2083 1597 2139 exsiccavisse:
1656 2083 1731 2136 ita
1759 2089 1818 2135 ut
1849 2089 1970 2136 orto
2000 2095 2124 2134 max

544 2176 679 2239 sole,
715 2174 1010 2229 vehemens
1042 2174 1098 2227 in
1155 2169 1350 2227 Jonam
1380 2171 1580 2226 solaris
1606 2168 1838 2223 ﬂamma:
1876 2167 2129 2222 inciderit

545 2262 752 2317 radius.
806 2261 987 2332 Pergit
1036 2259 1319 2330 Scriptura
1364 2258 1586 2313 dicere:
1630 2255 1936 2326 «Praecepit
1987 2254 2128 2310 Deus

547 2350 763 2421 spiritui
794 2350 974 2404 calido
1003 2350 1180 2403 urenti
1212 2356 1271 2402 ut
1297 2347 1512 2403 saeviret
1541 2347 1595 2400 in
1624 2343 1776 2400 Jonze
1800 2352 1998 2414 caput;
2035 2343 2128 2412 qui

545 2438 730 2492 animo
772 2438 1070 2492 concidens
1097 2437 1208 2506 jam
1256 2437 1421 2490 vitam
1472 2434 1785 2504 respuebat.
1813 2451 1832 2485 ι
1877 2432 1954 2503 ita
2002 2445 2129 2486 vero

547 2525 905 2595 intelligimus
950 2524 1093 2579 haud
1122 2534 1446 2577 consuetum
1488 2522 1635 2575 hune
1675 2519 1846 2574 fuisse
1866 2519 2128 2584 calorem,

547 2612 643 2668 sed
682 2612 953 2666 ﬂammam
991 2610 1371 2680 gravissimam
1407 2608 1595 2663 divino
1631 2606 1866 2663 consilio
1918 2606 2131 2660 immis-

547 2714 700 2766 sam;
733 2699 891 2768 cujus
920 2711 1088 2753 causa
1113 2699 1374 2766 majorem
1412 2695 1575 2750 solito
1616 2695 1832 2764 patiens
1859 2694 2129 2763 propheta

546 2804 792 2851 sensum,
830 2787 1202 2843 vehementius
1237 2785 1560 2855 augebatur,
1598 2798 1902 2852 parumque
1923 2783 2130 2848 aberat,

549 2877 683 2947 quin
709 2876 875 2930 Vitam
903 2875 1178 2930 amitteret
1204 2874 1255 2928 vi
1291 2873 1516 2927 caloris.
1549 2870 1664 2926 lloc
1687 2872 1831 2926 enim
1863 2869 2134 2940 significat

553 2983 575 3017 ι
604 2966 766 3019 vitam
812 2964 1128 3035 respuebat.
1157 2982 1175 3014 ο
1216 2963 1303 3016 Ait
1345 2961 1508 3032 igitur
1545 2959 1694 3015 Deo:
1736 2979 1754 3010 ι
1780 2958 1969 3015 Melius
2001 2960 2159 3020 mihi.

551 3056 691 3111 mori
721 3070 887 3124 quam
946 3055 1148 3108 vivere.
1172 3072 1190 3104 ι
1228 3051 1440 3118 Quibus
1486 3050 1672 3105 verbis
1723 3049 1826 3104 hoc
1866 3049 2133 3119 quodam-

553 3143 717 3198 modo
745 3144 959 3198 aiebat:
1015 3141 1282 3196 Malorum
1339 3138 1471 3192 mihi
1508 3138 1755 3193 solamen
1808 3136 1922 3191 haec
1954 3138 2133 3207 planta

2231 2010 2508 2080 ἀνήλωσέν
2530 2026 2590 2062 τε
2616 2009 2708 2061 καὶ
2742 2008 3002 2078 ἐξήρανεν
3042 2002 3316 2065 παντελῶς
3339 2018 3354 2032 ο
3385 1999 3447 2052 τὸ
3473 1998 3582 2069 γὰρ
3611 2017 3629 2049 ι
3669 1995 3810 2050 σκώ-

2230 2101 2355 2172 ληκι
2387 2102 2583 2171 έωθινῇ
2617 2118 2636 2153 ι
2669 2098 2838 2167 λέγει,
2861 2097 2948 2151 ἵνα
2966 2096 3093 2166 εἴπῃ
3119 2095 3203 2148 ὅτι
3232 2091 3400 2146 ἕωθεν
3423 2087 3812 2162 προστάγματι

2231 2191 2359 2263 θείῳ
2393 2189 2609 2262 σκώληξ
2650 2187 2845 2260 ἀθρόον
2894 2184 3116 2255 ὲκφυεὶς
3144 2183 3236 2236 ἐπὶ
3264 2179 3359 2233 τοῦ
3402 2176 3569 2248 φυτοῦ
3599 2175 3811 2247 ἀπεξή-

2234 2299 2393 2353 ρανεν
2430 2281 2607 2335 ἔκταν’
2636 2277 2780 2334 ὥστε
2814 2275 3195 2336 ἀνατείλαντος
3241 2270 3336 2324 τοῦ
3384 2269 3534 2340 ἡλίου
3583 2266 3814 2337 σφοδρο-

2230 2375 2399 2444 τάτην
2433 2371 2584 2444 αὐτῷ
2617 2371 2710 2425 τοῦ
2763 2368 2991 2442 ἡλιακοῦ
3048 2366 3330 2427 καύσωνος
3373 2362 3654 2414 ἐπιπεσεῖν
3708 2357 3815 2428 τὴν

2233 2467 2445 2520 ἀκτῖνα.
2487 2464 2651 2530 Λέγει
2692 2462 2844 2531 γοῦν,
2881 2461 2964 2514 ὅτι
3001 2478 3018 2510 ι
3057 2453 3397 2529 Προσέταξεν
3429 2454 3458 2505 ό
3485 2450 3617 2513 Θεὸς
3646 2448 3816 2503 πνεύ⁴

2236 2575 2368 2629 ματι
2418 2554 2696 2616 καύσωνος
2753 2550 3088 2621 συγκαίοντι,
3133 2547 3229 2601 καὶ
3258 2540 3529 2606 ἐπάταξεν
3574 2541 3667 2594 ἐπὶ
3711 2540 3816 2611 τὴν

2235 2647 2477 2718 κεφαλὴν
2532 2646 2702 2709 Ἰωνᾶ,
2737 2644 2833 2697 καὶ
2864 2639 3212 2711 ὼλιγοψύχει,
3246 2636 3342 2691 καὶ
3376 2633 3673 2702 ἀπελέγετο
3710 2631 3816 2702 τὴν

2233 2739 2410 2811 ψυχὴν
2449 2735 2615 2793 αὐτοῦ
2639 2753 2650 2767 ·
2698 2755 2716 2787 ι
2751 2733 2964 2795 δεικνὺς
2992 2732 3074 2785 ὅτι
3112 2730 3173 2783 ού
3208 2727 3348 2782 κατά
3380 2725 3448 2809 ’τὸ
3474 2723 3664 2785 εἰωθὸς
3687 2721 3817 2775 οὐδὲ

2234 2833 2263 2886 ό
2297 2830 2514 2884 καύσων
2541 2827 2778 2896 ἐγένετο,
2815 2822 2951 2878 ἀλλὰ
2992 2819 3377 2893 προστάγματι
3421 2814 3551 2885 θείῳ
3581 2811 3819 2883 βαρυτά-

2235 2938 2335 2992 την
2368 2916 2516 2988 αύτῷ
2559 2915 2657 2986 τὴν
2697 2913 2871 2982 φλόγα
2901 2909 3171 2980 ἔπεμψεν,
3225 2908 3300 2969 ὡς
3346 2904 3411 2959 ἂν
3458 2902 3678 2974 μείζονα
3716 2900 3815 2953 τοῦ

2240 3010 2548 3084 συμδάντος
2574 3008 2672 3078 τὴν
2694 3004 2946 3073 αἴσθησιν
2976 3000 3155 3054 λαϐὼν
3184 2998 3263 3051 ἔτι
3295 2996 3493 3068 μᾶλλον
3523 2993 3818 3062 ἀλγήσειεν

2235 3105 2264 3156 ὁ
2304 3079 2620 3173 προφήτης,
2673 3094 2870 3166 μικροῦ
2914 3091 3045 3160 γοῦν
3095 3088 3313 3159 ἀφιέναι
3358 3085 3458 3155 τὴν
3495 3083 3673 3153 ψυχὴν
3708 3079 3819 3132 ὑπὸ

3695 451 3801 510 5M
3878 480 3889 485 κ

2237 3193 2331 3247 τοῦ
2362 3192 2636 3250 καύσωνος
2676 3184 3036 3240 κινδυνεύων·
3068 3180 3226 3234 τοῦτο
3249 3180 3356 3249 γάρ
3384 3179 3500 3230 ἐστι
3532 3174 3614 3241 τὸ,
3651 3192 3669 3225 ι
3704 3172 3821 3225 Καὶ

2167 3268 2211 3329 C
2242 3290 2541 3358 ἀπελέγετο
2572 3284 2672 3356 τὴν
2693 3282 2868 3353 ψυχὴν
2894 3280 3082 3335 αὑτοῦ.
3127 3297 3145 3332 ι
3180 3278 3326 3347 Ἔφη
3360 3272 3496 3345 πρὸς
3528 3270 3619 3323 τὸν
3644 3267 3776 3321 Θεόν
3803 3285 3821 3300 ο

727 3362 1038 3387 νυ--.--.-.-.,
1068 3362 1266 3371 -..--..-
1294 3362 1508 3384 νην-
1541 3362 1843 3367 φήμηημψ
1874 3362 1918 3367 -_
1953 3362 2113 3367 η---

555 3420 679 3460 men
720 3408 917 3475 patior.
951 3403 1151 3470 Quidni
1183 3403 1346 3474 igitur
1369 3400 1507 3454 mori
1530 3399 1711 3453 malim
1733 3412 1896 3469 quam
1927 3400 2129 3468 vivere,

2245 3404 2264 3438 ι
2305 3383 2477 3439 Καλόν
2516 3399 2607 3453 μοι
2633 3381 2693 3433 τὸ
2730 3377 3019 3431 ἀποθανεῖν
3045 3375 3079 3447 ἢ
3107 3373 3228 3445 ζῇν.
3275 3391 3294 3424 ι
3330 3371 3405 3441 (p.
3444 3365 3571 3437 258)
3596 3362 3822 3418 Τοιοῦτό

554 3497 648 3563 qui
683 3460 849 3548 tantis
877 3460 1154 3547 obtimdor
1187 3460 1393 3546 malis?
1748 3460 1768 3469 -
2115 3460 2127 3468 ’

2236 3502 2290 3537 τι
2317 3482 2513 3550 λέγων,
2535 3481 2619 3533 ὅτι
2640 3475 3013 3563 Ῐνυχαγωγίαν
3034 3473 3154 3526 τινά
3179 3470 3285 3523 τῶν
3312 3465 3640 3536 συνεχόντων
3662 3460 3824 3527 ἔδοξα

557 3558 741 3645 κακῶν
768 3589 910 3671 ἔχειν
938 3590 998 3644 τὸ
1027 3589 1193 3659 φυτόν
1213 3606 1226 3619 ·
1258 3585 1376 3641 εἶτα
1409 3586 1603 3659 ἀθρόον
1629 3584 1689 3639 τὸ
1727 3584 1825 3655 μὲν
1854 3584 2212 3656 ἀπελήλυθεν,
2245 3580 2356 3649 ἐγὼ
2388 3578 2444 3631 δὲ
2471 3579 2538 3648 τῇ
2568 3558 2840 3647 μοῇθηρίᾳ
2865 3573 2964 3643 τῆς
2994 3567 3315 3638 ὑπολήψεως
3354 3558 3822 3671 προὶσεκτηὶσάμην

557 3681 648 3736 τοῦ
668 3650 949 3744 καύσωνος
974 3681 1072 3751 τὴν
1096 3678 1376 3751 βαρύτητα
1408 3675 1614 3730 καὶτὸν
1640 3675 1957 3746 ἐνοχλοῦντα
1981 3676 2223 3729 κίνδυνον
2250 3668 2519 3725 ἐντεῦθεν·
2552 3666 2670 3730 πῶς
2710 3662 2802 3719 οὖν
2839 3664 2900 3717 οὐ
2935 3660 3028 3717 τοῦ
3068 3660 3165 3732 ζῇν
3191 3659 3399 3730 βέλτιον
3422 3653 3484 3707 τὸ
3506 3650 3821 3716 ἀποθανεῖν,

556 3774 605 3826 εί
624 3771 898 3836 τοσούτοις
931 3771 1179 3843 μέλλοιμι
1204 3770 1453 3824 παλαίειν
1485 3771 1711 3836 κακοῖςς

631 3866 800 3923 Vens.
842 3835 999 3923 97.1.1.
1024 3896 1094 3907 —
1116 3835 1484 3933 Quamobrem
1521 3862 1597 3917 ait
1634 3862 1713 3916 illi
1746 3860 1894 3917 Deus
1920 3878 1933 3915 :
1957 3879 1973 3911 ι
1996 3858 2134 3913 Νιιιη

2310 3850 2458 3921 Στίχ.
2500 3848 2667 3902 θ’-ια’.
2705 3877 2773 3889 -—
2804 3844 2894 3898 Διὸ
2931 3843 2993 3915 δή
3040 3858 3174 3912 φησι
3224 3838 3358 3911 πρὸς
3392 3836 3553 3893 αὑτὸν
3581 3838 3609 3890 ὀ
3648 3835 3780 3898 Θεός
3805 3854 3821 3868 ·

560 3968 619 4014 ιιι
670 3972 1004 4029 magnopere
1052 3971 1257 4011 mceres
1297 3967 1517 4026 propter
1552 3952 1944 4009 cucurbitam?
1976 3970 1994 4003 ι
2030 3965 2134 4021 quo

2243 3961 2262 3995 ί
2297 3943 2359 3997 Ei
2391 3940 2593 4012 σφόδρα
2620 3937 2921 4007 λελύπησαι
2952 3934 3043 3988 ἐπὶ
3076 3936 3142 4004 τῇ
3182 3928 3517 3998 κολοκύνθης
3557 3947 3575 3980 ι
3616 3926 3825 3981 Τούτου

562 4017 968 4122 respondente,
1009 4064 1069 4105 se
1105 4017 1415 4104 mortiferis
1453 4046 1580 4117 angi
1625 4045 1915 4100 doloribus
1961 4042 1981 4115 (
2004 4017 2134 4097 adeo

2236 4033 2293 4088 δὲ
2343 4032 2619 4095 εἰπόντος,
2677 4029 2782 4091 ἕως
2831 4025 3061 4079 θανάτου
3108 4021 3396 4077 λυπεῖσθαι
3440 4018 3635 4085 (οὔτως
3672 4017 3829 4088 αὐτῷ

557 4108 862 4215 jucundam
903 4142 1104 4198 fecerat
1146 4142 1427 4213 prephetae
1460 4108 1716 4195 arborem
1754 4139 1931 4203 Deus,
1966 4108 2134 4191 idem-

2239 4124 2335 4177 καὶ
2380 4122 2645 4193 ἐράσμιον
2675 4117 2842 4181 ἔδειξε
2863 4116 2924 4169 τὸ
2956 4114 3121 4185 φυτὸν
3142 4115 3169 4167 ό
3198 4111 3350 4176 Θεὸς,
3375 4111 3468 4164 καὶ
3495 4110 3596 4180 τὴν
3628 4108 3720 4162 ἐπὶ
3749 4111 3826 4181 τῇ

563 4253 672 4308 que
700 4244 912 4291 tantam
943 4234 1011 4289 de
1040 4235 1187 4289 illius
1215 4234 1383 4288 exitio
1413 4232 1693 4287 tristitiam
1721 4235 2006 4285 creaverat
2032 4268 2047 4292 ,
2080 4235 2134 4281 ul

2245 4213 2490 4285 ἀπωλείᾳ
2531 4210 2625 4264 τοῦ
2670 4207 2838 4279 φυτοῦ
2871 4208 3046 4277 λύπην
3084 4204 3230 4276 αὐτῷ
3262 4203 3485 4275 μείζονα
3524 4200 3829 4271 πεποίηκεν

563 4329 668 4385 hoc
706 4327 958 4398 exemplo
998 4339 1291 4383 maerorem
1332 4323 1573 4379 hominis
1597 4322 1665 4377 de
1697 4321 1933 4376 civitatis
1963 4320 2134 4375 salute

2246 4303 2597 4376 ἐγγενέσθαι,
2643 4302 2738 4355 ἐπὶ
2768 4300 2847 4372 τῷ
2876 4296 3175 4370 παραθέσει
3230 4295 3492 4366 μειζόνως
3531 4291 3695 4347 αὐτοῦ
3724 4291 3832 4362 τὴν

563 4385 990 4490 iniustissimum
1047 4416 1432 4486 coargueret);
1499 4412 1685 4468 subdit
1735 4410 1880 4466 Deus
1926 4426 1939 4462 :
1984 4408 2134 4478 170

2248 4398 2346 4452 ἐπὶ
2372 4400 2439 4468 τῇ
2472 4393 2733 4465 ησωτηρία
2773 4392 2871 4461 τῆς
2902 4391 3108 4452 πόλεως
3141 4388 3317 4457 λύπην
3343 4386 3559 4455 ἐλέγξαι
3589 4385 3835 4440 κάκιστα

569 4533 589 4565 ι
609 4512 764 4569 Tune
782 4519 1066 4580 tantopere
1098 4524 1239 4565 cucu
1249 4507 1403 4562 rbitre
1420 4520 1588 4561 causa
1606 4518 1826 4566 mmres,
1846 4501 1940 4572 qui
1965 4499 2134 4555 eidem

2249 4486 2675 4559 γεγενημένην),
2701 4483 2914 4552 ἐπάγειο
2948 4499 2966 4531 ι
2993 4476 3124 4533 Εἶτα
3157 4479 3219 4532 σὺ
3247 4479 3367 4549 μὲν,
3396 4477 3548 4547 φησὶ,
3573 4475 3833 4530 τοσοῦτον

563 4603 878 4660 excolendae
894 4602 1102 4656 nullum
1124 4600 1364 4655 laborem
1384 4596 1736 4669 impendisli?
1754 4610 1861 4650 una
1878 4594 2025 4649 enim
2045 4607 2134 4647 no-

2250 4581 2391 4651 ὑπὲρ
2420 4581 2519 4649 τῆς
2558 4573 2888 4645 κολοκύνθης
2932 4572 3196 4643 ήλγησας,
3241 4570 3430 4623 οὐδένα
3470 4570 3714 4639 κάματον
3749 4570 3835 4632 είς

566 4704 653 4750 cte
680 4701 903 4764 repente
947 4701 1093 4755 nata,
1141 4688 1301 4745 illico
1322 4703 1430 4743 una
1462 4661 1625 4743 nocte
1659 4687 1944 4742 interitum
1983 4697 2134 4754 passa

2249 4672 2350 4742 τὴν
2377 4672 2636 4724 σύστασιν
2657 4665 2826 4736 αὐτῆς
2849 4662 3209 4731 εἰσενεγκών;
3238 4664 3297 4715 ὲν
3321 4662 3476 4715 νυκτὶ
3503 4661 3612 4732 γάρ
3636 4661 3836 4731 ἀθρόον

568 4790 689 4852 est;
721 4798 809 4839 me
847 4796 975 4838 vero
1013 4796 1113 4836 cur
1145 4782 1318 4851 magis
1350 4795 1459 4835 non
1485 4778 1668 4834 decuit
1700 4775 1955 4833 miserari
1986 4771 2134 4827 Nini-

2250 4762 2539 4831 γεγονυῖα,
2589 4757 2784 4830 ἀθρόον
2828 4758 2886 4811 ὲν
2940 4754 3098 4808 νυκτὶ
3142 4754 3236 4807 καὶ
3288 4753 3387 4823 τὴν
3441 4752 3718 4834 ἀπωλειαν
3747 4752 3839 4805 δέ·

569 4893 702 4941 ven,
743 4876 877 4930 tanti
920 4874 1103 4946 populi
1144 4843 1453 4935 civitatem,
1497 4878 1555 4924 ut
1593 4868 1881 4924 duodecim
1921 4867 1996 4921 ibi
2038 4865 2134 4921 sinl

2250 4854 2469 4907 δεκται·
2524 4851 2647 4921 ἐμοὶ
2679 4850 2737 4904 δὲ
2782 4848 2899 4913 πῶς
2950 4848 3010 4900 οὐ
3066 4846 3288 4900 πλείονα
3345 4845 3615 4918 ἁρμόττον
3662 4843 3841 4912 φειδὼ

551 3229 689 3297 fuit;
737 3229 834 3285 sed
863 3230 1048 3284 eadem
1083 3242 1208 3282 mox
1243 3224 1463 3281 defecit.
1502 3223 1616 3294 Ego
1652 3238 1782 3279 vero
1818 3231 2012 3293 praeter
2056 3223 2136 3277 fa-

555 3333 696 3371 mam
726 3318 1038 3387 pessimam,
1065 3315 1268 3371 caloris
1292 3327 1511 3384 quoque
1541 3311 1843 3367 molestiam
1867 3323 1919 3367 et
1946 3310 2137 3367 discri-

570 4966 846 5040 myriades
869 4965 1172 5028 hominum,
1190 4963 1283 5034 qui
1307 4962 1493 5016 laevam
1513 4976 1542 5014 a
1565 4960 1790 5015 dextera
1811 4973 1917 5012 non
1941 4956 2152 5011 discer-

570 5060 758 5118 nunt?
784 5080 803 5113 ι
830 5059 993 5115 Pueri
1025 5056 1289 5113 nimirum
1324 5052 1568 5109 infantes
1602 5048 1945 5120 intelligendi
1979 5052 2152 5111 sunt,

570 5154 665 5223 qui
694 5167 888 5223 reapse
918 5150 1064 5205 laeva:
1084 5148 1399 5217 dextraeque
1424 5144 1722 5200 discrimen
1752 5141 1959 5195 nullum
1983 5152 2155 5208 agno-

574 5254 778 5304 scunt:
816 5245 1021 5317 quique
1061 5243 1133 5297 ob
1170 5240 1351 5295 aetatis
1394 5229 1770 5293 inﬁrmitatem
1806 5232 1960 5287 nulla
1991 5229 2059 5285 de
2095 5245 2155 5284 re

570 5337 820 5410 judicare
862 5339 1115 5404 queunt;
1174 5330 1410 5399 ideoque
1465 5342 1533 5382 ne
1572 5324 1746 5392 culpa:
1800 5320 2022 5392 quidem
2058 5319 2156 5373 ob-

576 5427 724 5482 noxii
759 5425 1018 5489 fuerunt,
1051 5428 1212 5477 aetate
1242 5417 1487 5474 nondum
1522 5415 1788 5487 patiente.
1835 5410 1929 5466 Sic
1968 5418 2153 5464 autem

577 5516 724 5573 Deus
752 5517 970 5570 loeutus
1001 5513 1171 5569 estob
1186 5509 1568 5568 declarandam
1600 5505 1898 5560 incolarum
1919 5502 2155 5571 capiam.

585 5604 680 5665 tibi
715 5606 861 5661 enim
893 5605 1185 5659 infantium
1216 5610 1404 5657 tantus
1429 5605 1550 5655 erat
1579 5610 1846 5651 numerus
1867 5634 1881 5658 ,
1912 5599 2159 5663 quantus

586 5696 802 5753 demum
826 5696 1138 5752 adulterum
1161 5691 1487 5764 cogitandus
1509 5688 1626 5745 est?
1644 5686 1761 5742 Jam
1787 5685 2004 5742 caeteris
2027 5699 2161 5753 prae-

584 5787 860 5845 termissis
883 5828 897 5854 ,
937 5787 1081 5847 Deus
1113 5784 1432 5841 lactentium
1473 5779 1799 5836 memoravit
1833 5790 2120 5832 numerum
2143 5814 2158 5837 ,

588 5894 822 5955 quorum
877 5879 996 5935 sine
1047 5876 1477 5947 dubio-propter
1525 5872 1896 5929 innocentiam
1941 5869 2156 5929 nullum

2253 4944 2456 5015 Νινευὴ
2502 4944 2602 5015 τῆς
2653 4943 2859 5006 πόλεως
2901 4941 3067 5013 ἔχειν,
3115 4940 3216 5010 τῆς
3263 4938 3406 4992 οὓτω
3438 4937 3720 5007 μεγίστης,
3754 4936 3842 5000 ὡς

2253 5034 2461 5090 δώδεκα
2496 5034 2761 5106 μυριάδας
2791 5033 2960 5105 αὐτὴν
2994 5034 3160 5085 οἰκεῖν
3183 5029 3489 5101 ἀνθρώπων
3529 5028 3631 5080 οὐκ
3663 5028 3845 5094 ἐγνω-

2256 5128 2428 5183 κότων
2461 5125 2664 5198 δεξιὰῆ
2693 5126 2989 5198 ἀριστερὰς
3023 5144 3041 5178 ι
3071 5124 3159 5195 ἵνα
3198 5123 3351 5194 εἴπῃ,
3380 5120 3634 5191 Νηπίωνσ
3657 5117 3846 5170 τοιού-

2255 5237 2381 5284 τους
2427 5218 2535 5290 γάρ
2576 5219 2678 5271 οὐκ
2720 5217 3028 5286 ἐγνωκότας
3084 5215 3295 5286 δεξιὰῆ
3338 5209 3603 5286 ἀριστερὰ
3642 5208 3843 5277 λέγει,

2258 5311 2382 5374 τοὺς
2405 5310 2493 5365 διὰ
2527 5309 2825 5381 νηπιότητα
2853 5309 2953 5362 οὐκ
2981 5306 3181 5379 ἀκριϐῆ
3217 5304 3326 5359 τῶν
3354 5303 3694 5376 πραγμάτων
3715 5301 3847 5356 διά⁹

2259 5418 2436 5473 κρισιν
2483 5400 2726 5471 ἔχοντας,
2757 5399 2878 5452 οὐδὲ
2930 5399 2988 5452 ὲν
3019 5398 3316 5468 ἁμαρτίαις
3350 5395 3478 5449 ποτὲ
3511 5394 3586 5458 ὠς
3612 5391 3852 5463 γεγονό-

2257 5510 2377 5561 τας,
2422 5492 2517 5547 διτε
2545 5493 2644 5563 τῆς
2687 5490 2903 5562 ἡλικίας
2927 5490 2989 5544 οὐ
3021 5488 3318 5560 δεχομένης
3356 5486 3545 5540 τοῦτο’
3574 5485 3663 5557 (p.
3694 5484 3849 5553 259)

2258 5582 2407 5651 λέγει
2438 5582 2536 5653 μὲν
2569 5581 2678 5653 γὰρ
2714 5579 2842 5633 αὐτὸ
2875 5581 2955 5645 είς
3003 5577 3275 5644 ἀπόδειξιν
3302 5574 3396 5629 τοῦ
3439 5574 3679 5646 πλήθους
3728 5571 3851 5627 τῶν

2261 5675 2551 5730 οἰκούντων
2586 5672 2684 5744 τὴν
2719 5672 2872 5727 πόλιν
2892 5687 2905 5703 °
2947 5671 3076 5725 ἔνθα
3100 5669 3209 5743 γὰρ
3236 5667 3462 5722 τοσοῦτο
3496 5667 3603 5720 τῶν
3628 5665 3853 5736 νηπίων

2262 5764 2330 5840 ἦν
2369 5769 2431 5824 τὸ
2463 5766 2666 5839 πλῆθος
2685 5808 2699 5833 ,
2732 5767 2897 5821 πόσον
2938 5766 3002 5838 δὴ
3035 5765 3096 5819 τὸ
3127 5765 3235 5820 τῶν
3266 5761 3491 5817 τελείων
3535 5758 3852 5832 ἀνθρώπων

2266 5854 2366 5931 ήνς
2393 5858 2530 5923 Τοὺς
2558 5857 2615 5912 δέ
2645 5875 2704 5929 γε
2739 5858 2957 5922 λοιποὺς
3004 5856 3246 5921 ἅπαντας
3276 5851 3599 5927 παραλιπὼν
3628 5852 3656 5904 ὁ
3683 5849 3852 5916 Θεὸς,
