4102 6506
136 649 163 665 ‘
270 644 625 714 ἐφαίνοντο,
679 646 784 700 οὐκ
833 645 990 712 ὄντες
1033 647 1175 717 ἄξιοι
1211 648 1308 703 τοῦ
1361 667 1414 703 τι
1459 650 1632 705 κακὸν
1685 648 1909 715 παθεῖν,

267 435 396 497 €55
1312 435 1866 495 COMMENTARIUS
1905 435 1972 492 lN
2004 434 2321 493 MlCHE/E
2362 433 2522 492 CAP.
2555 435 2598 490 ι.
3502 437 3613 496 ὅίϐ

265 553 382 615 τὸν
428 552 552 607 τῶν
596 553 814 626 νηπίων
859 550 1016 612 εἶπεν
1054 556 1325 629 ἀριθμόνο
1373 557 1423 612 οἳ
1461 545 1922 629 ὁμολογουμένως

2048 563 2144 610 :rat
2178 569 2360 627 poenae
2395 554 2678 610 meritum.
2726 550 2899 608 Nemo
2943 560 3097 609 certe
3141 550 3345 608 dixerit
3395 546 3613 623 simpli-

2017 648 2166 703 cium
2205 646 2567 719 parvulorum
2604 652 2815 699 tantam
2854 643 3265 700 multitudinem
3296 660 3454 719 aequo
3483 660 3613 713 iure

2017 738 2192 796 fuisse
2227 740 2589 810 perdendam.
2621 738 2992 807 Quamobrem
3024 737 3241 794 etiamsi
3276 737 3417 794 forte
3447 738 3611 793 adul-

2018 838 2204 886 torum
2242 831 2404 885 nulla
2451 828 2651 886 fuisset
2696 829 3024 893 miseratio,
3063 829 3369 899 puellorum
3419 843 3615 901 utique

2020 923 2345 978 meminisse
2383 922 2674 993 oportuit,
2731 936 2843 992 quo
2888 916 3029 976 nihil
3081 922 3211 976 mali
3263 922 3384 976 urbi
3434 922 3609 978 ﬁeret.
3672 934 3679 942 '

2019 1013 2240 1083 Adjecit
2279 1012 2426 1069 Deus
2451 1053 2466 1078 ,
2502 1016 2531 1065 ‹“
2558 1020 2613 1067 et
2644 1013 2897 1083 jumenta
2942 1011 3154 1081 multa;
3191 1032 3210 1065 ι
3242 1027 3343 1067 ceu
3398 1011 3443 1068 si
3499 1029 3616 1070 me-

2021 1104 2129 1159 rito
2163 1104 2283 1160 haec
2315 1120 2539 1175 quoque
2573 1106 2786 1161 servari
2817 1104 3118 1159 incolumia
3155 1103 3513 1172 debuissent,
3545 1105 3617 1162 ob

2021 1196 2263 1267 civium,
2295 1198 2503 1271 quibus
2530 1205 2651 1256 erat
2683 1197 2962 1271 parcitum
2982 1237 3000 1267 ,
3031 1196 3506 1265 commoditatem.

272 735 385 790 ac:
423 735 572 807 μηδὲ
599 737 992 808 ἡμαρτηκότες
1024 755 1077 792 τι
1117 738 1287 803 τέωςο
1343 739 1403 792 οὐ
1449 738 1560 811 γὰρ
1589 740 1675 810 δὴ,
1724 740 1911 810 φησιν,

272 825 472 889 εἴποις
518 826 593 881 ἂν
638 829 724 881 ὅτι
771 830 869 883 καὶ
911 829 1165 884 τοσοῦτον
1224 830 1459 903 ἀριθμὸν
1504 830 1713 904 νηπίων
1757 831 1914 885 οὐθὲν

271 920 716 991 ἡμαρτηκότων
763 921 1066 976 ἀπολέσθαι
1107 923 1388 995 προσῆκον
1430 919 1528 996 ἦν’
1558 922 1702 978 ὥστε
1731 923 1838 979 κᾶν
1864 925 1914 978 εί

276 1009 359 1082 μὴ
392 1008 518 1064 τῶν
557 1010 789 1065 τελείων
824 1012 1014 1082 φειδὼ,
1044 1012 1178 1082 γοῦν
1213 1013 1321 1067 τῶν
1362 1015 1574 1086 νηπίων
1607 1015 1913 1085 μνησθῆναι

279 1100 503 1171 μᾶλλον
534 1103 734 1174 ἐχρῆν,
761 1103 855 1157 ἐπὶ
875 1103 960 1176 ,τῷ
985 1104 1153 1177 μηδὲν
1182 1104 1353 1160 κακὸν
1376 1106 1475 1175 τὴν
1502 1105 1658 1161 πόλιν
1693 1106 1910 1162 παθεῖν.

278 1190 633 1264 Προσέθηκε
662 1191 721 1245 δὲ
748 1191 833 1257 τὸ,
883 1210 904 1245 ι
946 1193 1042 1246 καὶ
1071 1194 1246 1266 κτήνη
1290 1193 1492 1249 πολλά·
1534 1213 1554 1247 ι
1591 1193 1669 1259 ὡς
1713 1194 1780 1249 ἂν
1817 1196 1915 1250 καὶ

275 1281 505 1337 τούτων
560 1282 825 1337 ὰϐλαϐὧν
871 1283 1243 1354 φυλάττεσθαι
1303 1285 1632 1355 ὀφειλόντων
1687 1286 1914 1351 δικαίως

275 1377 396 1439 τοῖς
428 1375 536 1429 ἐπὶ
590 1375 700 1446 τῆς
744 1374 956 1439 πόλεως
992 1375 1417 1448 διασωζομένοις
1447 1376 1560 1432 τῶν
1584 1375 1914 1448 ἀνθρώπων.

279 1592 3594 1627 W

888 1790 1464 1891 EPMHNEIA
1535 1798 2026 1889 ΜΙΧΑΙΟΥ
2097 1804 2329 1894 ΤΟΥ
2398 1806 3050 1895 ΠΡΟΦΗΤΟΥ.

282 2222 1484 2346 COMMENTARIUS
1596 2230 1744 2346 IN
1852 2224 2576 2349 MICH/EAM
2684 2194 3617 2369 PROPHETAM.

532 2750 549 2759 ,
987 2692 1147 2747 ΚΕΦ.
1189 2694 1261 2750 A'.
1961 2709 2005 2769 Β

370 2781 540 2856 Στίχ.
581 2789 657 2852 α’,
693 2781 761 2854 β’.
798 2783 1264 2858 -Παραπλήσια
1302 2784 1419 2853 τοῖς
1459 2787 1590 2862 περί
1640 2805 1702 2842 τε
1767 2789 1926 2862 Ὠσηέ

294 2877 404 2930 καὶ
453 2874 646 2946 ’Δμὼς
692 2876 788 2930 καὶ
832 2878 961 2943 τοὺς
1008 2876 1232 2944 λοιποὺς
1263 2879 1457 2934 ὁπόσοι
1495 2881 1674 2955 ταυτα
1714 2881 1927 2948 τούτοις

295 2970 762 3041 προεφήτευσαν,
810 2969 970 3042 δῆλός
1014 2971 1133 3025 ἐστι
1167 2972 1265 3025 καὶ
1311 2973 1340 3025 6
1393 2973 1667 3047 μακάριος
1717 2991 1933 3048 προφη-

293 3062 488 3116 τεύων
518 3063 768 3134 Μιχαίας
786 3080 803 3094 θ
836 3064 907 3118 τὰ
938 3066 1047 3138 γὰρ
1074 3066 1208 3139 περὶ
1233 3064 1325 3121 τὸν
1359 3065 1487 3123 λαὸν
1513 3068 1752 3140 ἐσόμενα
1778 3069 1934 3138 παρά

292 3172 362 3208 τε
411 3152 531 3209 τῶν
570 3154 879 3227 Ἀσσυρίων
919 3156 1014 3211 καὶ
1048 3156 1157 3210 τῶν
1185 3157 1549 3215 Βαϐυλωνίων
1583 3162 1931 3233 πνευματικῇ

297 3247 642 3320 κινούμενος
682 3251 751 3320 τῇ
783 3249 968 3321 χάριτι
1015 3250 1109 3304 καὶ
1156 3250 1321 3315 αὐτὸς
1366 3253 1764 3325 προαγορεύειν
1812 3270 1935 3306 πει-

302 3344 506 3414 ρᾶται,
552 3341 723 3406 εὐθὺς
749 3342 817 3395 ἐκ
853 3342 1156 3414 προοιμίων
1204 3345 1387 3400 κοινὸν
1432 3346 1563 3417 περὶ
1596 3344 1799 3409 παντὸς
1838 3343 1933 3398 τοῦ

313 3434 559 3507 Ἰσραὴλ
589 3436 609 3506 (
632 3449 685 3505 p.
712 3433 858 3505 260)
887 3434 1215 3507 ποιούμενος
1249 3434 1342 3491 τὸν
1369 3437 1550 3508 λόγον,
1584 3437 1695 3491 τῶν
1719 3455 1780 3491 τε
1805 3437 1938 3493 δέκα

301 3528 466 3599 λέγω
509 3526 723 3596 φυλῶν,
760 3518 838 3580 ὧν
866 3527 967 3597 τὴν
995 3527 1315 3603 Σαμάρειαν
1349 3530 1601 3603 ἐξάρχειν
1628 3529 1934 3598 συνέϐαινε,

2048 3550 2273 3607 quarum
2299 3533 2620 3604 metropolis
2651 3531 3016 3588 Hierusalem.
3044 3528 3202 3586 Patet
3234 3538 3415 3583 autem
3448 3526 3645 3583 iisdem

303 3625 413 3679 καὶ
442 3621 561 3675 τῶν
593 3620 689 3675 δύο
718 3614 906 3692 ὧνπερ
949 3612 1120 3694 οὖν⁶ἡ
1161 3623 1522 3696 Ἰερουσαλὴμ
1556 3626 1775 3698 ήγείτο·
1812 3624 1935 3696 φαί-

2048 3626 2245 3699 quibus
2275 3624 2592 3695 superiores
2621 3625 3039 3695 prophetavisse
3070 3619 3413 3691 temporibus
3434 3662 3448 3686 ,
3478 3619 3530 3673 id
3560 3626 3647 3674 est

305 3732 476 3770 νεται
508 3714 570 3768 δέ
598 3714 696 3768 καὶ
732 3714 876 3767 κατὰ
926 3716 1053 3780 τοὺς
1081 3717 1282 3781 αὐτοὺς
1313 3716 1540 3789 καιροὺς
1577 3716 1939 3789 προφητεύων

2048 3719 2240 3775 diebus
2263 3714 2538 3772 Joathami
2566 3757 2580 3782 ,
2613 3714 2851 3769 Acbaazi
2870 3754 2885 3777 ,
2901 3720 2955 3767 et
2974 3711 3218 3766 Ezechiie
3244 3723 3432 3781 regum
3453 3705 3644 3772 Judat;

308 3810 595 3875 ἐκείνοις,
627 3809 913 3862 τουτέστιν
962 3810 1021 3863 ἐν
1053 3811 1297 3884 ἡμέραις
1339 3810 1581 3882 Ἰωάθαμ
1632 3810 1727 3865 καὶ
1765 3809 1940 3882 Ἀχαζ

2048 3810 2247 3868 etenim
2286 3829 2304 3862 ι
2327 3810 2415 3866 his
2441 3809 2637 3865 diebus
2668 3807 2745 3861 ait
2774 3805 2980 3861 factum
3014 3818 3137 3858 esse
3166 3801 3395 3857 verbum
3426 3796 3648 3854 Domini

308 3905 418 3959 καὶ
459 3901 715 3968 Ἐζεκίου
746 3900 857 3954 τῶν
898 3900 1163 3972 βασιλέων
1225 3901 1419 3956 Ἰούδα.
1469 3920 1488 3955 ι
1536 3902 1626 3957 Ἐν
1672 3903 1783 3977 γὰρ
1812 3902 1940 3956 ταύ-

2048 3904 2116 3960 ad
2150 3903 2434 3960 Michaeam
2475 3899 2868 3962 Moraithitem,
2902 3915 2921 3947 ›
2946 3894 3003 3950 id
3041 3900 3128 3950 est
3169 3908 3230 3948 se
3267 3890 3510 3947 divinam
3550 3902 3650 3942 ex—

309 4015 445 4063 ταις
482 3997 611 4059 ταῖς
653 3994 894 4066 ἡμέραις
940 3994 1270 4065 γεγενῆσθαι
1328 3995 1487 4066 λόγον
1520 3995 1730 4067 Κυρίου
1791 3987 1938 4062 ,φησὶ

2048 4007 2262 4073 pertum
2288 4011 2414 4053 esse
2441 3992 2839 4065 operationem.
2864 3987 3008 4045 Cur?
3035 4004 3054 4038 ι
3084 3985 3167 4041 Ob
3197 3999 3260 4040 ea
3278 3998 3400 4055 quae
3420 3980 3555 4034 vidit
3581 3978 3651 4035 de

311 4091 467 4165 πρὸς
492 4063 743 4162 Μιχαίαν
770 4063 867 4146 τὸν
893 4063 1234 4164 Μοραῖθίτην
1253 4107 1265 4118 ·
1298 4107 1318 4140 ι
1356 4063 1634 4142 τουτέστιν
1659 4087 1940 4160 ἐνεργείας

2050 4063 2299 4148 Samaria
2325 4098 2379 4145 et
2404 4085 2767 4146 Hierusalem,
2797 4100 2815 4134 ι
2841 4080 2909 4137 de
2943 4079 3205 4134 universo
3238 4073 3456 4131 “scilicet
3476 4069 3653 4126 lsrae-

312 4182 729 4254 τετευχηκέναι
764 4182 937 4247 Θείας.
979 4182 1139 4246 Τίνος
1172 4180 1391 4247 ἐνεκεν;
1436 4197 1455 4231 ι
1503 4178 1679 4250 Ὑπὲρ
1711 4172 1786 4232 ὧν
1834 4173 1945 4232 εἶδε

316 4279 463 4350 περὶ
497 4277 823 4348 Σαμαρείας
863 4275 960 4330 καὶ
997 4275 1129 4347 περὶ
1169 4271 1566 4344 Ἰερουσαλήμ’
1608 4292 1626 4325 ι
1664 4271 1752 4326 ἵνα
1780 4270 1943 4347 εἴπῃ,

318 4370 551 4434 Παντὸς
606 4367 705 4423 τοῦ
763 4366 1166 4441 Ἰσραηλιτικοῦ
1210 4363 1374 4433 λαοῦ,
1419 4364 1522 4436 τῆς
1557 4381 1620 4418 τε
1668 4363 1947 4436 βασιλείας

315 4464 440 4520 τῶν
471 4461 614 4516 δέκα
654 4459 859 4531 φυλῶν,
892 4458 989 4513 καὶ
1032 4459 1133 4530 τῆς
1183 4456 1293 4512 τῶν
1333 4456 1430 4510 δύο
1473 4449 1661 4528 ὧνπερ
1694 4455 1947 4527 ἡγεῖσθαι

316 4557 429 4628 τὴν
473 4553 653 4609 Ἰούδα
700 4552 987 4607 συνέϐαινε
1023 4551 1221 4623 φυλὴν,
1251 4549 1363 4603 τῶν
1412 4552 1477 4603 ἐκ
1519 4548 1617 4602 τοῦ
1672 4546 1947 4620 μακαρίου

318 4648 505 4705 Δαυῖδ
537 4646 683 4703 κατὰ
711 4647 813 4718 τὴν
854 4645 992 4717 πρὸς
1019 4644 1183 4698 αὐτὸν
1207 4641 1586 4714 γεγενημένην
1617 4638 1950 4710 ἐπαγγελίαν

2716 2697 2871 2753 CAP.
2914 2698 2955 2754 Ι.

2106 2788 2272 2847 γωδ.
2309 2791 2362 2856 1,
2384 2788 2754 2844 2.-—Similia
2784 2787 2945 2845 Oseae
2977 2791 3254 2846 etAmoso
3293 2797 3351 2846 et
3380 2790 3632 2863 reliquis,

2032 2892 2304 2955 quotquot
2337 2884 2424 2939 bis
2455 2883 2607 2953 paria
2637 2883 3129 2953 prophetaverunt,
3152 2890 3378 2953 apparet
3411 2885 3634 2939 beatum

2033 2994 2255 3051 quoque
2290 2976 2585 3033 vaticinari
2628 2975 2933 3031 Michaeam.
2971 2974 3188 3030 Etenim
3231 2984 3494 3031 eventura
3538 2992 3637 3047 po-

2034 3072 2166 3145 pulo
2209 3071 2280 3127 ab
2310 3071 2556 3144 Assyriis
2599 3081 2765 3141 atque
2800 3070 2956 3140 171
3001 3068 3318 3140 Babyloniis
3362 3070 3639 3140 spirituali

2037 3172 2321 3236 permotus
2350 3165 2526 3237 gratia
2560 3165 2679 3235 ipse
2711 3178 2931 3234 quoque
2961 3162 3258 3233 praidicere
3287 3162 3503 3228 nititur,
3527 3170 3642 3219 sta-

2038 3261 2134 3316 tim
2159 3259 2228 3315 ab
2253 3258 2481 3316 exordio
2511 3273 2858 3313 communem
2895 3256 2963 3313 de
2994 3256 3257 3312 universo
3289 3255 3493 3311 lsraele
3527 3270 3652 3311 sen-

2039 3368 2255 3408 monem
2303 3352 2636 3418 instituens,
2690 3350 2759 3407 de
2804 3350 3080 3413 tribubus,
3117 3348 3366 3420 inquam,
3410 3346 3640 3409 decem,

2039 3457 2274 3517 quarum
2311 3443 2466 3514 regni
2513 3447 2678 3512 caput
2724 3447 2844 3495 erat
2888 3437 3171 3499 Samaria,
3220 3445 3275 3492 et
3315 3436 3383 3491 de
3427 3435 3644 3491 duabus

2047 4186 2198 4241 litico
2227 4181 2431 4255 populo
2453 4182 2599 4246 ,‘seu
2633 4175 2702 4232 de
2738 4176 2930 4231 decem
2972 4173 3215 4228 tribuum
3256 4182 3462 4240 regno,
3497 4171 3552 4219 et
3585 4162 3653 4218 de

2047 4280 2263 4336 duabus
2288 4291 2520 4347 quarum
2553 4271 2923 4344 principatum
2952 4266 3175 4322 tenebat
3203 4264 3322 4335 ipsa
3349 4259 3503 4317 Iuda;
3546 4257 3652 4313 tri-

2049 4372 2175 4439 bus,
2212 4370 2357 4427 beati
2394 4367 2619 4422 Davidis
2650 4362 2884 4435 posteris
2908 4360 3067 4432 juxta
3098 4357 3194 4412 Dei
3229 4353 3564 4427 promissum
3596 4351 3655 4406 in

2049 4478 2115 4519 ea
2135 4459 2494 4531 regnantibus
2518 4476 2532 4512 :
2557 4454 2627 4511 de
2647 4453 2851 4525 quibus
2881 4463 3185 4518 eorumque
3210 4447 3400 4507 rebus,
3429 4450 3655 4513 accepta

2050 4553 2317 4612 divinitus
2346 4548 2685 4604 revelatione
2712 4544 2968 4600 Michaeas
2994 4543 3110 4596 haec
3142 4539 3310 4605 dicit,
3343 4552 3468 4606 qua:
3495 4534 3607 4590 Deo
3630 4573 3646 4598 ,

2052 4653 2113 4702 ut
2167 4644 2444 4705 diximus,
2495 4637 2779 4695 revelante
2823 4633 3124 4699 didicerat,
3179 4630 3262 4686 sic
3315 4626 3653 4684 exordiens:

326 4740 742 4817 βασιλευόντων
783 4739 956 4812 αὐτῆς
977 4755 991 4769 ·
1046 4736 1188 4808 ὑπὲρ
1219 4736 1284 4808 δὴ
1326 4735 1533 4790 τούτων
1559 4735 1656 4789 καὶ
1684 4734 1792 4788 τῶν
1823 4733 1953 4805 περὶ

327 4837 544 4898 αὐτοὺς
572 4834 851 4904 ἐσομένων
873 4829 1129 4903 ἐνεργείᾳ
1150 4829 1274 4901 θείᾳ
1296 4829 1399 4900 τὴν
1428 4826 1771 4898 ἀποκάλυψιν
1800 4825 1955 4892 δεξά-

332 4943 510 5002 μενος
553 4927 584 4978 6
614 4923 859 4995 Μιχαίας
899 4921 1051 4990 λέγει
1086 4920 1263 4975 ταῦτα
1284 4962 1299 4986 ,
1333 4918 1479 4992 ἅπερ
1513 4914 1607 4974 οὖν
1653 4921 1827 4972 εἰπεῖν
1862 4918 1956 4972 ἐπὶ

326 5020 437 5091 τῆς
460 5013 873 5084 ἀποκαλύψεως
910 5010 1164 5085 ἐδιδάχθη
1195 5012 1294 5082 τῆς
1323 5010 1494 5076 θείας,
1526 5009 1835 5083 ἀρξάμενος
1864 5008 1955 5063 οῦ..

322 5129 468 5175 τως·
523 5129 543 5162 ι
609 5106 951 5170 Ἀκούσατε,
1003 5103 1127 5159 λαοὶ
1167 5104 1404 5181 πάντες,
1437 5102 1651 5172 λόγους.
1715 5121 1734 5155 ι
1797 5102 1959 5156 Ἀκο-

326 5204 555 5268 λούθως
584 5201 645 5257 τὸ
674 5220 695 5255 ι
736 5200 859 5255 λαοὶ
885 5198 1111 5263 πάντες,
1154 5215 1174 5250 ι
1214 5197 1305 5251 ἵνα
1335 5195 1487 5268 εἴπῃ,
1525 5197 1642 5260 Πᾶς
1670 5196 1700 5248 6
1739 5193 1956 5265 Ἰσραὴλ

329 5306 364 5359 6
415 5301 549 5362 ταῖς
602 5295 699 5351 δύο
741 5292 1047 5367 βασιλείαις
1094 5291 1430 5365 προσήκων
1488 5287 1614 5342 ὅθεν
1667 5288 1954 5358 ἐπήγαγε.

340 5417 361 5450 ι
411 5394 534 5449 Καὶ
592 5386 914 5463 προσεχέτω
958 5386 994 5458 ἡ
1039 5384 1113 5456 γῆ
1155 5384 1252 5437 καὶ
1284 5385 1486 5443 πάντες
1531 5382 1584 5433 oi
1627 5382 1686 5436 ἐν
1716 5382 1854 5452 αὐτῇ
1875 5395 1890 5411 ·
1933 5397 1953 5431 ι

334 5488 633 5549 τουτέστιν
672 5485 707 5556 ἡ
762 5477 1140 5556 Ἰσραηλιτικὴ
1192 5476 1349 5550 χώρα
1403 5476 1587 5529 πᾶσα·
1627 5475 1724 5529 εἴτ’
1769 5471 1864 5529 οὖν
1910 5475 1961 5527 οί

336 5586 558 5658 ταύτην
598 5574 901 5645 οίκοῦντες,
937 5574 1148 5632 ἄνωθεν
1177 5575 1243 5626 ἐκ
1266 5571 1368 5643 τῆς
1399 5569 1539 5642 πρὸς
1562 5568 1691 5632 τοὺς
1716 5566 1963 5640 πατέρας

341 5677 694 5749 ἐπαγγελίας
740 5673 837 5729 τοῦ
891 5669 1029 5726 Θεοῦ
1074 5667 1370 5741 δεδομένης
1416 5665 1621 5727 αὐτοῖς.
1679 5661 1769 5735 (p.
1814 5660 1962 5733 26l)

348 5794 370 5828 ι
409 5771 530 5829 Καὶ
553 5768 711 5824 ἔσται
750 5765 958 5839 Κύριος
987 5765 1017 5818 6
1039 5761 1172 5826 Θεὸς
1205 5762 1264 5815 ἐν
1303 5761 1433 5830 ὑμῖν
1460 5758 1542 5821 είς
1584 5755 1903 5830 μαρτύριον.
1941 5775 1959 5806 ι

343 5862 680 5932 Διαλέγεται
704 5858 793 5924 δέ,
834 5848 1021 5928 φησιν,
1050 5854 1182 5926 ὑμῖν
1206 5851 1274 5905 δι’
1305 5849 1465 5922 ἡμῶν
1488 5850 1517 5903 ὁ
1545 5847 1699 5914 Θεὸς,
1723 5848 1965 5919 διαμαρ-

344 5959 551 6037 τυρίαν
595 5958 719 6016 τινὰ
765 5952 897 6029 περὶ
936 5950 1044 6009 τῶν
1080 5946 1356 6022 ἐσομένων
1387 5943 1739 6016 ποιούμενος·
1778 5940 1969 6015 ἐπειδὴ

2060 4757 2078 4790 ι
2123 4735 2323 4792 Audite
2379 4731 2586 4797 verba,
2649 4726 2840 4800 pepuli
2895 4739 3113 4781 omnes.
3168 4742 3187 4776 ι
3228 4722 3653 4781 Consentanee,

2063 4849 2081 4883 ι
2109 4826 2288 4902 populi
2310 4836 2519 4889 omnes,
2547 4841 2565 4874 ι
2592 4828 2650 4876 ιιι
2677 4820 2988 4876 universum
3017 4814 3265 4871 lsraelem
3297 4804 3522 4872 denotet
3558 4811 3654 4883 qui

2056 4926 2127 4981 ad
2184 4935 2359 4993 regna
2412 4919 2526 4975 duo
2583 4915 2920 4988 pertinebat.
2978 4909 3346 4979 Quamobrem
3402 4905 3653 4962 addidit:

2062 5036 2082 5071 ι
2113 5015 2490 5085 Attendatque
2526 5021 2695 5076 terra,
2725 5018 2780 5067 ct
2819 5022 3013 5065 omnes
3043 5003 3139 5078 qui
3174 5003 3230 5058 in
3262 5017 3326 5059 ea
3357 5008 3506 5066 sunt,
3544 5018 3562 5051 ›
3601 4997 3656 5053 id

2057 5118 2143 5169 est
2175 5107 2483 5167 Israelitica
2519 5112 2635 5160 tota
2664 5103 2855 5174 regio,
2910 5102 3028 5157 sive
3070 5098 3195 5168 ejus
3246 5094 3476 5159 incolae,
3524 5105 3664 5161 quo-

2058 5220 2183 5261 rum
2239 5202 2334 5257 illa
2385 5198 2642 5271 patribus
2695 5196 2888 5253 divino
2940 5192 3219 5264 promisso
3270 5184 3477 5240 tradita
3531 5180 3656 5236 fuit.

2067 5316 2086 5353 ι
2118 5297 2187 5352 Et
2234 5295 2340 5353 erit
2385 5292 2654 5347 Dominus
2705 5288 2870 5363 Deus.
2897 5286 3055 5342 vobis
3102 5283 3158 5338 in
3195 5276 3603 5336 testimonium.
3639 5292 3658 5326 ι

2069 5389 2345 5461 Loquitur
2375 5385 2538 5442 vobis
2575 5398 2673 5455 per
2708 5397 2812 5438 nos
2849 5379 3026 5460 Deus,
3063 5368 3450 5430 testimonium
3487 5365 3668 5436 quod-

2072 5459 2202 5541 dam
2231 5481 2401 5538 rebus
2434 5476 2642 5534 futuris
2671 5474 2854 5540 dans;
2887 5486 2955 5525 ex
2990 5459 3102 5539 Quo
3139 5479 3241 5522 vos
3274 5478 3421 5535 saepe
3460 5461 3527 5516 ad
3567 5459 3668 5515 bo-

2071 5582 2231 5633 nesta
2267 5573 2594 5628 adhortatus
2616 5606 2630 5633 ,
2669 5565 2882 5621 nullam
2915 5562 2973 5617 in
3006 5558 3208 5615 melius
3249 5552 3669 5612 conversionem

2073 5661 2604 5741 perspexithQuare
2644 5663 2876 5730 apparet
2914 5654 3071 5710 illum
3113 5649 3341 5723 quidem
3382 5644 3671 5741 nihiluve-

2075 5735 2493 5818 straejutilitatis
2523 5767 2696 5810 causa
2726 5765 2839 5806 non
2874 5746 3133 5804 molitum
3154 5782 3172 5809 ,
3204 5758 3304 5800 vos
3329 5754 3463 5796 vero
3498 5735 3674 5793 nihilo

2077 5849 2333 5907 meliores
2384 5845 2499 5902 ﬂeri
2546 5841 2819 5906 voluisse,
2867 5838 2963 5896 sed
3014 5837 3156 5893 mala
3201 5836 3258 5891 in
3289 5847 3390 5889 vos
3427 5836 3671 5887 tantum-

2076 5942 2242 6003 modo
2264 5954 2621 6015 provocasse.
2648 5958 2665 5994 ι
2694 5934 2964 5996 Dominus
2991 5933 3058 5992 de
3081 5932 3245 5990 domo
3274 5934 3466 5985 sancta
3496 5934 3624 5979 sua.
3649 5940 3668 5975 ι
