4102 6536
502 424 605 487 3H

1709 428 2061 488 THEODORI
2082 429 2561 489 MOPSUESTENI

3138 360 3223 377 -w'

3656 431 3787 488 διε

498 546 880 601 Necessarium
902 545 1335 603 additamentum
1363 564 1382 599 ι
1409 554 1595 604 sancta
1611 566 1628 618 ;
1654 567 1672 601 ι
1700 566 1821 604 nam
1840 551 1965 621 quia
1985 566 2071 622 ge-

2182 551 2439 613 πολλάκις
2469 550 2594 621 ὑμῖν
2623 548 2691 604 τά
2734 538 3086 620 προσήκοντα
3110 546 3431 618 διαλεχθεὶς,
3471 548 3593 602 οὐδὲ
3624 549 3783 619 μίαν

498 637 737 693 neratim
777 652 967 693 omnes
1001 638 1318 709 alloquitur,
1353 641 1555 697 multus
1580 649 1757 696 autem
1782 652 1901 697 erat
1932 642 2076 712 apud

500 729 690 786 decem
722 728 899 784 tribus
942 727 1214 785 idolorum
1260 733 1478 797 cultus,
1525 732 1686 800 cujus
1727 747 1893 787 causa
1934 733 2077 789 fanis

499 824 664 873 etiam
701 821 1037 876 constructis
1061 861 1074 885 ,
1109 808 1401 879 daemones
1420 824 1722 880 honoribus
1750 825 1952 880 divinis
1980 840 2075 879 co-

496 911 692 967 lendos
737 914 1025 978 curabant,
1055 923 1201 971 recte
1248 917 1385 972 dixit
1414 935 1427 971 :
1467 918 1623 987 172
1654 938 1672 969 ι
1702 917 1963 973 Dominus
2006 918 2073 974 de

498 1000 661 1056 domo
684 1011 877 1057 sancta
905 1018 1026 1070 sua,
1054 1024 1072 1057 ι
1101 1005 1483 1062 demonstrans
1510 1023 1568 1062 se
1598 1007 1664 1061 ad
1696 1020 1887 1063 omnes
1917 1023 2070 1063 com-

498 1093 741 1147 muniter
768 1095 929 1149 verba
962 1092 1172 1159 facere,
1206 1097 1278 1150 ob
1308 1097 1360 1151 id
1392 1112 1421 1150 a
1458 1096 1566 1153 Deo
1594 1099 1798 1153 missus
1828 1099 1920 1168 qui
1952 1097 2071 1153 llic-

498 1184 792 1254 rosolymis
851 1186 1070 1240 domum
1133 1187 1295 1243 habet
1346 1205 1537 1256 suam,
1594 1206 1759 1260 quam
1817 1201 2067 1246 sanctam

496 1282 719 1343 propter
753 1273 975 1329 insitam
1009 1275 1060 1331 ei
1090 1274 1347 1331 virtutem
1381 1277 1590 1334 definit.
1641 1277 1838 1335 Postea
1887 1281 2067 1353 pergit

496 1368 708 1425 dicere:

2180 640 2481 714 μεταϐολὴν
2526 641 2849 712 δεξαμένους
2891 642 2984 694 ἐπὶ
3011 641 3071 693 τὸ
3103 643 3346 710 κρεῖττον
3378 634 3518 695 εἶδεν
3539 656 3552 670 ⁸
3581 640 3658 704 ὡς
3693 641 3781 695 ἂν

2177 735 2417 804 φαίνοιτο
2447 736 2475 785 ὁ
2514 734 2612 804 μὲν
2656 733 2834 788 πάντα
2868 732 2939 786 τά
2972 730 3109 802 πρὸς
3141 731 3412 802 ὑμετέραν
3442 731 3781 801 πεποιηκὼς

2173 826 2474 895 ὠφέλειαν,
2518 825 2675 894 ὑμεῖς
2713 822 2770 876 δὲ
2802 823 2949 877 οὐδὲν
2980 821 3305 894 θελήσαντες
3354 821 3563 876 ἑαυτῶν
3600 823 3780 891 γενέ-

2181 915 2305 969 σθαι
2338 915 2613 986 βελτίους,
2653 896 3082 983 ἐφελκυσάμενοι
3120 913 3177 965 δὲ
3220 913 3379 983 μόνον
3422 913 3505 980 ἐφ’
3531 914 3777 975 ἑαυτοὺς

2178 1008 2245 1061 τὰ
2274 1007 2439 1062 κακά.
2465 1024 2483 1057 ι
2517 1005 2719 1077 Κύριος
2746 1004 2805 1071 ἐξ
2831 1004 2982 1058 οἴκου
3006 1004 3162 1074 ἁγίου
3194 1003 3379 1058 αὑτοῦ.
3413 1023 3431 1057 ι
3462 1003 3785 1072 Ἀναγκαία.

2177 1099 2211 1168 ή
2252 1097 2564 1168 προσθήκη·
2612 1096 2799 1166 ἐπειδὴ
2840 1096 2950 1167 γὰρ
2982 1096 3119 1166 πρὸς
3158 1097 3407 1159 ἅπαντας
3450 1099 3603 1166 κοινῇ
3637 1096 3776 1150 δια-

2175 1189 2429 1256 λέγεται,
2484 1187 2655 1258 πολλὴ
2695 1186 2752 1241 δὲ
2801 1182 2868 1258 ἦν
2915 1189 2948 1257 ἡ
2984 1188 3112 1258 περὶ
3151 1190 3221 1241 τά
3259 1188 3457 1242 εἴδωλα
3479 1189 3589 1240 τῶν
3625 1187 3781 1242 δέκα.

2176 1279 2359 1350 φυλῶν
2387 1279 2672 1351 θεραπεία,
2705 1280 2790 1349 ἐφ’
2892 1280 2985 1332 καὶ
3014 1280 3197 1341 οἴκους
3226 1280 3777 1343 κατασκευάσαντες,

2176 1372 2252 1434 ὡς
2303 1371 2459 1434 θεοὺς
2505 1371 2593 1424 διὰ
2640 1370 2750 1424 τῶν
2805 1368 3037 1424 εἰδώλων
3080 1370 3405 1441 θεραπεύειν
3458 1370 3777 1441 ἐπειρῶντο

496 1462 622 1525 τοὺς
640 1462 916 1533 δαίμονας,
940 1464 1117 1528 καλῶς
1139 1465 1443 1536 προσέθηκε
1466 1467 1546 1533 τὸ,
1585 1487 1603 1518 ι
1629 1468 1832 1539 Κύριος
1868 1466 1927 1532 ἐξ
1948 1466 2099 1520 οἴκου
2134 1466 2290 1535 ἁγίου
2322 1464 2507 1519 αὑτοῦ·
2549 1484 2567 1516 ι
2596 1464 2769 1535 δηλῶν
2790 1465 2872 1519 ὅτι
2902 1468 3053 1535 κοινῇ
3106 1465 3244 1536 πρὸς
3297 1464 3540 1529 ἅπαντας
3586 1467 3773 1518 ποιεῖ-

494 1568 585 1605 ται
633 1556 757 1617 τοῦς
795 1554 1012 1622 λόγους,
1045 1556 1192 1626 παρά
1219 1554 1351 1608 Θεοῦ
1380 1556 1553 1612 ταῦτα
1581 1561 1752 1612 εἰπεῖν
1790 1556 2196 1627 ἀπεσταλμένος
2239 1555 2330 1609 τοῦ
2373 1557 2430 1609 ἐν
2462 1554 2815 1625 Ἰερουσαλὴμ
2860 1554 2951 1607 τὸν
2999 1548 3150 1608 οἷκον
3180 1553 3413 1624 ἔχοντοξ
3442 1554 3534 1607 τὸν
3584 1553 3718 1606 ίδιον
3742 1569 3761 1583 ’

494 1649 553 1703 δν
581 1652 672 1703 καὶ
706 1650 860 1718 ἅγιον
888 1652 974 1705 διά
1000 1651 1101 1722 τῆς
1127 1653 1404 1722 ἐνεργείας
1432 1655 1676 1727 ἀπέφηνε
1703 1657 1801 1726 τῆς
1825 1654 2051 1718 οἰκείας.
2097 1650 2230 1706 Εἶτα
2262 1654 2357 1706 καὶ
2391 1652 2735 1722 προστίθησι·

572 1737 738 1793 Υειιε.
776 1739 898 1795 3-5.
924 1769 992 1778 —
1016 1759 1035 1792 ι
1073 1742 1211 1806 Quia
1245 1758 1373 1798 ecce
1406 1743 1668 1801 Dominus
1697 1746 1972 1816 egreditur
2002 1745 2071 1800 de

495 1834 618 1888 loco
648 1848 750 1888 suo
780 1853 792 1888 :
827 1842 881 1889 et
913 1834 1212 1891 descendet
1260 1846 1425 1909 atque
1464 1842 1726 1898 ascendet
1775 1858 1943 1913 super
1975 1860 2073 1898 ex-

2247 1742 2395 1812 Στίχ.
2426 1740 2564 1810 γ’-ε’.
2593 1769 2665 1781 --
2695 1758 2713 1791 ι
2747 1739 2891 1793 Διότι
2934 1739 3041 1792 ἰδοὺ
3071 1737 3275 1809 Κύριος
3305 1738 3659 1806 ἐκπορεύεται
3693 1741 3775 1792 ἐκ

2176 1831 2267 1885 τοῦ
2316 1831 2482 1884 τόπου
2526 1830 2723 1884 αὑτοῦ·
2776 1831 2870 1884 καὶ
2899 1830 3270 1901 καταδήσετοιι
3309 1831 3403 1884 καί.
3442 1832 3772 1900 ἐπιϐήσεται

495 1923 639 1979 celsa
676 1933 854 1979 terrae.
890 1925 954 1978 Et
975 1930 1693 1989 commovebunturmontes
1717 1935 1900 1989 subter
1924 1951 2070 2001 eum,

2175 1922 2268 1976 ἐπὶ
2288 1922 2357 1975 τὰ
2387 1922 2495 1993 ὕψη
2524 1922 2625 1991 τῆς
2653 1922 2756 1992 γῆς
2783 1938 2793 1949 ·
2829 1923 2924 1975 καὶ
2952 1921 3342 1994 σαλευθήσεται
3382 1923 3451 1976 τά
3489 1924 3591 1994 ὅρη
3624 1925 3767 1977 ὑπο-

491 2022 548 2070 et
580 2015 749 2071 valles
783 2015 1087 2085 liquescent
1120 2020 1262 2075 sicut
1291 2036 1417 2076 cera
1445 2038 1472 2076 a
1505 2022 1641 2077 facie
1674 2025 1838 2094 ignis,
1861 2033 1916 2080 et
1937 2027 2071 2081 sicut

2180 2014 2421 2067 κάτωθεν
2459 2014 2651 2067 αὑτοῦ·
2697 2014 2790 2067 καὶ
2823 2016 2878 2066 αἱ
2911 2013 3155 2078 κοιλάδες
3194 2016 3525 2085 τακήσονται
3554 2016 3629 2079 ώς
3657 2033 3767 2088 κη-

493 2121 637 2176 aqua
671 2123 792 2177 quae
837 2109 1082 2163 decurrit
1126 2110 1182 2164 in
1228 2128 1487 2183 praeceps.
1523 2134 1542 2167 ι
1570 2113 1880 2171 Procedens
1926 2120 2073 2171 enim

492 2215 557 2255 ex
589 2201 717 2262 illo,
754 2202 964 2271 inquit,
1002 2212 1189 2257 monte
1226 2203 1371 2260 Deus
1394 2245 1410 2271 ,
1445 2206 1804 2263 habitationis
1843 2225 1957 2264 sua:
1992 2210 2075 2263 lo-

491 2303 618 2344 cum
660 2293 942 2360 ostendit,
991 2308 1227 2364 eumque
1257 2296 1532 2351 universae
1577 2297 1951 2352 lsraelitarum
1989 2312 2076 2352 re-

497 2384 649 2453 gioni
685 2385 962 2439 dominari
1005 2386 1178 2451 dicit,
1221 2402 1385 2457 quam
1438 2388 1700 2458 propheta
1748 2390 2071 2459 alloquitur.

491 2471 852 2529 Conturbabit
874 2484 1055 2531 autem
1076 2493 1329 2547 proceres
1359 2480 1479 2548 ejus
1505 2499 1519 2547 ;
1554 2481 1653 2535 hos
1682 2481 1829 2535 enim
1859 2490 2075 2535 montes

491 2568 565 2621 ob
596 2582 750 2621 suam
783 2569 1135 2630 eminentiam
1172 2574 1446 2642 appellat;
1481 2588 1691 2627 necnon
1733 2581 1787 2628 et
1834 2573 2074 2643 reliquos

490 2671 686 2713 onmes
716 2676 731 2712 :
770 2675 894 2713 nam
928 2661 1098 2714 valles
1126 2662 1359 2718 classem
1397 2663 1679 2717 hominum
1720 2664 2071 2717 humiliorum

490 2751 756 2804 noininat.
789 2749 941 2805 Patet
972 2758 1164 2806 autem
1200 2753 1342 2806 haud
1376 2753 1597 2808 divisim
1637 2754 1820 2807 dicere
1859 2762 2074 2809 montes

490 2849 801 2896 commotos
828 2848 883 2896 et
913 2841 1238 2912 liquefactas
1270 2844 1439 2898 valles
1462 2884 1477 2908 ,
1512 2843 1607 2898 sed
1641 2842 1908 2900 Hebraico
1935 2845 2076 2900 idio-

489 2930 656 2985 tismo
701 2946 863 3000 quem
916 2945 1060 3001 saepe
1110 2931 1433 2998 docuimus,
1481 2949 1578 3003 per
1630 2933 1901 2989 diaeresin)
1940 2935 2075 2990 dicit

492 3034 816 3086 commune,
849 3021 998 3090 quod
1030 3038 1224 3093 nempe
1259 3040 1451 3078 omnes
1484 3040 1741 3095 proceres
1777 3025 2075 3096 reliquam-

491 3126 603 3180 que
632 3111 847 3180 plebem
891 3111 1076 3166 divina
1118 3113 1197 3166 ira
1235 3114 1525 3183 corripiet,
1576 3130 1927 3171 commovens
1977 3117 2073 3171 de-

491 3210 823 3272 struensque
852 3218 991 3258 cera:
1019 3219 1171 3260 more
1210 3206 1319 3275 igni
1361 3205 1633 3260 admotae:
1678 3207 2073 3276 pertrahetque

2181 2104 2273 2176 ρὸς
2318 2105 2425 2158 ἀπὸ
2482 2105 2776 2175 προσώπου
2819 2106 2990 2177 πυρὸς
3046 2106 3130 2176 (p.
3180 2105 3321 2176 262)
3370 2107 3463 2159 καὶ
3506 2107 3581 2170 ὡς
3614 2107 3768 2178 ὕδωρ

2178 2198 2621 2268 καταφερόμενον
2668 2199 2726 2249 ἐν
2772 2198 3088 2253 καταϐάσει.
3125 2216 3144 2250 ι
3194 2197 3410 2267 Προϊὼν
3436 2200 3544 2272 γάρ
3572 2200 3636 2253 ἐκ
3663 2200 3766 2254 τοῦ

2177 2288 2334 2357 ὅρους
2387 2288 2631 2354 ἐκείνου,
2674 2290 2873 2360 φησὶν,
2933 2293 2962 2344 ὁ
3008 2289 3169 2355 Θεὸς,
3214 2290 3315 2360 τῆς
3357 2291 3624 2361 οἰκήσεως
3659 2292 3767 2361 τῆς

2175 2381 2378 2443 οἰκείας
2423 2380 2586 2433 τόπον
2632 2382 2936 2451 ἀπέφηνεν,
2972 2382 3189 2452 ἀπάσης
3223 2382 3323 2452 μὲν
3349 2386 3766 2455 κατακρατήσει

2176 2471 2275 2540 τῆς
2304 2472 2405 2540 γῆς
2430 2471 2525 2541 τῆς
2566 2471 2986 2542 Ἰσραηλιτικῆς,
3032 2469 3227 2538 λέγων,
3274 2470 3411 2542 πρὸς
3437 2472 3504 2541 ἢν
3541 2476 3568 2524 ὁ
3602 2472 3766 2540 λόγος

2176 2560 2356 2632 αὐτῷ,
2392 2563 2449 2613 ἐν
2490 2565 2701 2633 ταραχῇ
2735 2560 2791 2627 δέ
2834 2563 2960 2623 τοὺς
2987 2562 3044 2614 ἐν
3070 2563 3207 2630 αὐτῇ
3239 2566 3572 2633 καταστήσει
3597 2563 3762 2615 δυνα-

2175 2652 2331 2716 τοὺς,
2374 2652 2597 2715 τούτους
2630 2653 2738 2724 γὰρ
2765 2654 2865 2725 ὅρη
2906 2652 2996 2706 διά
3035 2653 3097 2706 τὸ
3145 2654 3411 2724 ὑπερέχον
3450 2653 3627 2717 καλεῖ,
3663 2656 3763 2707 καὶ

2174 2745 2300 2807 τοὺς
2327 2743 2547 2807 λοιποὺς
2570 2744 2628 2796 δὲ
2669 2745 2944 2807 ἅπαντας·
2976 2743 3227 2808 κοιλάδας
3273 2745 3381 2815 γὰρ
3410 2748 3536 2809 τοὺς
3562 2762 3759 2799 ταπει-

2176 2831 2429 2902 νοτέρους
2473 2833 2765 2902 ὀνομάζει,
2811 2832 2967 2904 δίκην
3020 2833 3190 2904 κηροῦ
3231 2835 3365 2905 πυρὶ
3406 2835 3758 2907 προσωμιλη-

2177 2922 2332 2984 κότος
2363 2924 2777 2977 καταναλίσκων
2806 2924 3002 2989 αύτούς
3024 2943 3039 2956 ·
3066 2925 3228 2995 δήλου
3262 2943 3325 2995 γε
3353 2925 3504 2989 ὄντος
3536 2928 3618 2979 ὅτι
3653 2926 3753 2983 οὐκ

2178 3013 2415 3078 ἐκείνους
2471 3014 2570 3086 μὲν
2630 3014 2951 3069 σαλεύεσθαι
3018 3015 3201 3085 λέγει,
3256 3016 3351 3080 τὰς
3404 3017 3655 3081 κοιλάδας
3693 3017 3749 3072 δὲ

2175 3103 2455 3176 τήκεσθαι,
2485 3104 2620 3158 ἀλλὰ
2645 3106 2783 3158 κατά
2817 3105 2877 3158 τὸ
2913 3106 3109 3176 ἰδίωμα
3128 3108 3189 3159 τὸ
3222 3107 3530 3179 Ἑϐραῖκὸν,
3564 3108 3593 3161 ὃ
3628 3107 3753 3161 πολ-

2175 3194 2331 3259 λάκις
2359 3196 2750 3266 ἀπεδείξαμεν,
2785 3196 2928 3249 κατά
2958 3196 3220 3269 διαίρεσιν
3253 3198 3424 3267 λέγων
3449 3198 3509 3251 τὸ
3556 3200 3749 3263 κοινὸν,

496 3292 565 3345 ad
603 3308 820 3363 pmnam
855 3296 1029 3349 instar
1078 3310 1231 3365 aqum
1276 3296 1619 3352 vehementis
1661 3298 1965 3368 impetuose
2002 3315 2067 3352 ex

2174 3291 2256 3345 ὅτι
2301 3289 2509 3350 πάντας
2548 3290 2641 3342 καὶ
2680 3289 2938 3353 δυνατοὺς
2973 3292 3065 3343 καὶ
3103 3290 3194 3344 τὸν
3240 3290 3420 3344 λοιπὸν
3459 3291 3627 3363 δῆμον
3653 3294 3749 3347 έπ-

496 3387 609 3441 alto
636 3387 705 3440 ad
735 3386 997 3441 inferiora
1028 3390 1257 3447 ruentis.
1292 3378 1496 3445 Horum
1532 3401 1714 3446 autem
1752 3409 1917 3448 causa
1944 3401 2066 3448 est:

498 3496 518 3530 ι
548 3476 782 3549 Propter
813 3482 994 3536 scelus
1026 3480 1197 3537 Jacob
1226 3484 1341 3538 haec
1370 3485 1551 3538 omnia
1573 3525 1587 3549 ,
1620 3494 1675 3539 et
1706 3495 1927 3557 propter
1953 3503 2074 3557 pec-

490 3578 678 3623 eatum
733 3571 927 3626 domus
979 3572 1214 3629 lsraelis.
1267 3593 1285 3626 ι
1321 3574 1441 3629 Mox
1497 3576 1691 3632 addit:
1729 3598 1746 3630 ι
1783 3579 2070 3644 Quodnam

493 3663 678 3717 scelus
706 3660 918 3719 Jacob?
949 3680 1131 3721 nonne
1167 3664 1461 3722 Samaria?
1510 3668 1576 3721 Et
1617 3670 1894 3739 quodnam
1941 3684 2068 3740 pec-

490 3762 674 3809 catum
708 3755 906 3811 domus
934 3754 1087 3810 Iudae
1113 3757 1137 3811 ?
1171 3771 1353 3813 nonne
1386 3757 1771 3816 Hierusalem?
1801 3778 1820 3811 ι
1848 3739 2091 3813 illorum.

489 3846 709 3917 quidem
747 3848 1037 3903 manifesta
1071 3857 1189 3904 erat
1216 3850 1469 3922 impietas
1506 3853 1600 3923 qui
1637 3850 1899 3907 Samaria:
1933 3867 2071 3906 con-

487 3937 855 4007 gregabantur
891 3939 957 3992 ad
994 3939 1266 3995 idolorum
1304 3943 1554 4006 cultum,
1597 3944 1758 4011 cujus
1796 3945 2072 4014 praecipue

484 4042 658 4084 causa
698 4028 809 4083 illic
840 4029 1103 4087 aedificata
1146 4031 1270 4086 fana
1302 4033 1600 4091 habebant.
1639 4034 1744 4089 Sed
1781 4045 1835 4089 et
1865 4034 2062 4091 horum

490 4119 758 4190 iniquitas
790 4120 1152 4179 liaud'minus
1182 4127 1508 4190 constabat,
1545 4128 1636 4196 qui
1673 4124 2067 4199 Hierosolymis

485 4211 748 4281 templum
789 4214 931 4282 apud
974 4229 1033 4269 se
1063 4214 1330 4271 habentes
1350 4256 1364 4281 ,
1404 4217 1507 4271 hoc
1541 4219 1799 4288 despecto
1819 4260 1832 4283 ,
1854 4220 1923 4273 ab
1953 4219 2068 4274 ido-

485 4301 662 4355 lorum
712 4303 863 4357 cultu
918 4318 1028 4359 non
1081 4304 1453 4361 abstinebant.
1503 4308 1707 4365 Deinde
1753 4312 2068 4380 punitiones

485 4406 813 4448 enumerans
847 4412 858 4446 ζ

2178 3380 2453 3435 ελεύσεται
2495 3383 2527 3452 ἡ
2560 3381 2696 3453 ὀργὴ
2732 3382 2764 3453 ἡ
2799 3380 2938 3451 θεία,
2976 3380 3276 3436 σαλεύουσά
3318 3399 3378 3436 τε
3426 3384 3622 3448 αὐτοὺς
3659 3385 3751 3438 καὶ

2178 3471 2515 3540 ἀφανίζουσα
2546 3472 2701 3542 δίκην
2737 3469 2909 3545 κηροῦ
2944 3472 3079 3543 πυρί
3111 3473 3617 3544 προσωμιληκὸτος·
3652 3491 3749 3528 κα-

2177 3567 2444 3619 τασπάσει
2474 3583 2531 3618 τε
2559 3567 2755 3629 αὐτοὺς
2789 3567 2866 3629 είς
2894 3567 3184 3637 τιμωρίαν,
3219 3566 3372 3637 δίκην
3401 3566 3591 3631 ὓδατος
3620 3584 3746 3637 σφο-

2178 3656 2306 3728 δροῦ
2357 3673 2414 3710 τε
2458 3657 2554 3709 καὶ
2606 3657 2864 3727 ῥαγδαίου
2921 3656 2980 3724 ἐξ
3028 3656 3197 3726 ὕψους
3229 3658 3320 3710 ἐπὶ
3370 3657 3437 3711 τά
3470 3659 3750 3729 κατώτερα

2170 3748 2491 3818 φερομένου.
2533 3747 2597 3801 Ἦ
2628 3746 2683 3801 δὲ
2714 3748 2918 3801 τούτων
2955 3748 3102 3801 αἰτία
3126 3788 3141 3813 ,
3180 3766 3198 3799 ι
3237 3749 3314 3801 Δι’
3347 3747 3605 3802 ἀσέσειαν
3648 3750 3746 3804 Ἰα-

2169 3839 2284 3894 κὼ6
2312 3840 2489 3893 πάντα
2519 3838 2692 3893 ταῦτα
2710 3881 2723 3904 ,
2754 3840 2849 3893 καὶ
2872 3840 2937 3892 δι’
2962 3840 3235 3911 ἁμαρτίαν
3259 3840 3407 3893 οἴκου
3447 3839 3684 3911 Ἰσραήλ.
3722 3859 3741 3892 ι

2171 3927 2306 3985 Εἶτα
2341 3931 2555 3999 ἐπάγει·
2591 3949 2609 3981 ι
2647 3930 2796 4001 Τίςὴ
2826 3930 3048 3984 ἀσέϐεια
3099 3929 3329 3997 Ἰακώ6;
3359 3931 3457 4001 οὑχ
3489 3932 3520 4002 ἡ
3569 3932 3747 4002 Σαμά-

2176 4040 2326 4097 ρεια;
2360 4024 2453 4077 καί
2484 4023 2566 4087 τίς
2592 4025 2624 4093 ἡ
2656 4023 2904 4094 ἁμαρτία
2923 4024 3073 4077 οἴκου
3116 4021 3319 4089 Ἰούδα;
3350 4023 3450 4095 οὐχ
3482 4026 3515 4094 ἡ
3556 4024 3746 4096 Ἰερου-

2176 4115 2390 4187 camp;
2427 4134 2445 4167 ι
2489 4115 2744 4169 Ἐκείνων
2772 4131 2831 4166 τε
2868 4114 3030 4186 γάρὴ
3058 4114 3283 4169 ἀσέϐεια
3306 4116 3441 4187 δήλη
3470 4117 3530 4169 ὲν
3562 4117 3744 4185 Σαμα-
3839 4108 3851 4116 ’

2178 4206 2299 4278 ρείᾳ
2322 4205 2727 4276 συλλεγομένων
2777 4207 2870 4258 ἐπὶ
2898 4208 2964 4277 τῇ
3017 4206 3124 4260 τῶν
3162 4206 3396 4260 είδώλων
3439 4207 3742 4280 θεραπείᾳ,

2173 4293 2234 4353 οὗ
2279 4298 2343 4369 δὴ
2395 4298 2627 4369 μάλιστα
2675 4298 2799 4361 τοὺς
2849 4298 2943 4351 ἐπὶ
2992 4297 3165 4367 τούτῳ
3214 4301 3745 4371 κατεσκευασμένους

2174 4390 2318 4463 εἴχον
2359 4389 2545 4454 ναούς·
2585 4390 2679 4442 καὶ
2720 4388 2922 4444 τούτων
2956 4390 3013 4444 δὲ
3038 4392 3071 4460 ἡ
3115 4391 3430 4462 παρανομία
3456 4393 3554 4463 οὐχ
3584 4385 3743 4462 ἧττον

481 4481 637 4552 δήλη,
664 4484 710 4536 οἱ
742 4482 840 4554 τὴν
874 4483 1231 4557 Ἰερουσαλὴμ
1264 4485 1478 4556 ἔχοντες
1505 4485 1562 4539 ἐν
1600 4487 1831 4554 ἑαυτοῖς,
1862 4488 1947 4560 (p.
1969 4489 2098 4559 263)
2137 4489 2257 4544 οὐδὲ
2299 4486 2394 4539 τὸν
2443 4481 2569 4537 ναὸν
2608 4481 2985 4553 αἰσχυνόμενοι
3022 4482 3121 4552 τῆς
3163 4482 3270 4535 τῶν
3310 4481 3541 4537 εἰδώλων
3585 4483 3743 4537 ἀπείη

481 4587 637 4644 χοντο
683 4573 1003 4644 θεραπείαςο
1054 4573 1172 4631 είτα
1231 4577 1330 4641 τάς
1373 4578 1661 4648 τιμωρίας.
1703 4579 2204 4652 ἀπαριθμούμενος·

560 4662 716 4734 173
741 4663 908 4720 Vens.
934 4666 1049 4722 6-9.
1074 4697 1142 4707 —
1180 4685 1199 4719 ι
1242 4666 1307 4719 Et
1336 4681 1535 4737 ponam
1567 4667 1870 4724 Samariam
1906 4670 2064 4738 quasi

2237 4670 2388 4739 Στίχ.
2419 4675 2500 4734 ς’·
2527 4666 2592 4723 θ’.
2616 4696 2685 4707 --
2712 4686 2731 4718 ι
2765 4666 2876 4719 Καὶ
2899 4665 3135 4737 θήσομαι
3158 4664 3468 4738 Σαμάρειαν
3492 4669 3571 4732 εἰς
3598 4670 3744 4724 ὀπω-

483 4770 773 4826 pomorum
803 4758 1133 4822 custodiam,
1159 4766 1214 4812 et
1233 4759 1392 4828 quasi
1420 4758 2019 4827 plautationem~vinem
2048 4779 2062 4816 :

484 4854 542 4903 et
566 4847 848 4902 detraham
878 4849 933 4903 in
977 4849 1294 4920 voraginem
1343 4849 1551 4919 lapides
1589 4849 1709 4919 ejus
1762 4857 1816 4905 et
1869 4851 2068 4905 tunda-

486 4946 671 4995 menta
709 4940 830 5009 ejus
876 4941 1151 4996 revelaho.
1206 4956 1225 4992 ι
1268 4939 1614 4995 Constituam
1661 4939 1962 4996 Samariam
2013 4941 2069 4997 in

487 5032 834 5089 solitudinem
854 5041 1087 5098 vastam,
1120 5035 1195 5086 ita
1230 5038 1290 5086 ut
1317 5033 1493 5101 campi
1547 5033 1722 5087 instar
1756 5033 1809 5087 in
1832 5048 1896 5087 ea
1925 5034 2071 5105 agri-

487 5124 719 5193 coletur,
749 5133 802 5181 et
823 5126 1041 5196 tuguria
1067 5124 1143 5178 ibi
1167 5122 1295 5177 ﬁant
1318 5123 1391 5178 ob
1411 5138 1693 5192 pomorum
1721 5126 2023 5182 custodiam
2054 5147 2067 5183 :

487 5217 691 5272 etenim
736 5231 837 5286 ego
868 5214 1097 5270 aedilicia
1128 5211 1248 5280 ejus
1277 5213 1460 5267 omnia
1493 5213 1773 5289 destruant
1809 5231 1837 5269 a
1872 5217 2073 5272 funda-

487 5307 688 5362 mentis
710 5317 993 5370 evertens-;
1026 5319 1095 5357 ex
1124 5316 1234 5372 quo
1256 5302 1345 5355 illa
1374 5302 1558 5357 omnia
1587 5313 1903 5376 sequentur.
1933 5326 1954 5360 ι
2003 5308 2070 5364 Et

489 5398 673 5451 omnia
713 5398 988 5468 sculptilia
1037 5394 1159 5463 ejus
1204 5393 1584 5449 concidentur.
1648 5415 1666 5449 ι
1700 5398 1856 5455 Tunc
1902 5402 2065 5458 etiam

2171 4760 2496 4841 ροφυλάκιον
2526 4758 2718 4830 ἀγροῦ,
2763 4758 2855 4812 καὶ
2895 4759 2974 4821 εἰς
3011 4757 3234 4828 φυτείαν
3267 4759 3617 4829 ἀμπελῶνος·
3652 4762 3743 4814 καὶ

2170 4854 2505 4911 κατασπάσω
2531 4854 2610 4918 εἰς
2661 4853 2792 4923 χάος
2823 4854 2950 4918 τοὺς
2990 4852 3170 4918 λίθους
3210 4855 3400 4926 αὐτῆς,
3435 4854 3530 4907 καὶ
3560 4855 3628 4909 τά
3659 4854 3744 4908 θε-

2143 4992 2150 5019 ,
2174 4946 2334 5017 μέλια
2359 4944 2527 5016 αὐτῆς
2554 4945 2910 5016 ἀποκαλύψω.
2943 4966 2961 4999 ι
2987 4947 3332 5016 Καταστήσω
3354 4946 3409 4999 δὲ
3434 4948 3744 5018 Σαμάρειαν

2172 5037 2251 5101 εἰς
2272 5035 2552 5106 ἐρήμωσιν
2581 5032 2800 5105 πολλὴν,
2826 5034 2966 5088 ὥστε
2987 5036 3172 5107 χώρας
3192 5036 3347 5106 δίκην
3364 5037 3742 5107 γεωργεῖσθαι,

2174 5127 2377 5197 σκηνάς
2423 5143 2483 5180 τε
2508 5127 2596 5180 ἐπ’
2631 5127 2801 5198 αὐτῆς
2848 5128 3017 5181 θεῖναι
3066 5129 3161 5181 ἐπὶ
3206 5127 3422 5201 φυλακῇ
3463 5129 3572 5182 τῶν
3608 5148 3743 5202 καρ-

2172 5217 2327 5272 πῶνο
2361 5217 2574 5287 ἀφανιῶ
2622 5219 2730 5291 γάρ
2775 5220 2944 5291 αὐτῆς
2991 5218 3087 5285 τάς
3134 5219 3422 5291 οἰκοδομὰς
3470 5221 3744 5289 παντελῶς

2171 5311 2235 5363 ἐκ
2287 5309 2502 5381 βάθρων
2549 5312 2718 5378 αὐτὰς
2774 5312 3127 5376 ἀνασπάσαςο
3176 5313 3266 5381 ἀφ’
3299 5306 3360 5368 οὗ
3408 5312 3471 5385 δὴ
3529 5314 3743 5378 πάντως

2169 5402 2357 5472 ἕψεται
2405 5405 2651 5459 κάκεῖνα.
2690 5423 2708 5456 ι
2745 5405 2853 5457 Καὶ
2901 5404 3076 5458 πάντα
3104 5406 3172 5458 τά
3206 5405 3420 5474 γλυπτά
3448 5408 3619 5479 αὐτῆς
3648 5424 3743 5462 κα-

490 5500 755 5541 vanorum
787 5486 1132 5556 opiﬁciorum
1151 5495 1376 5537 suarum
1396 5486 1668 5542 excidium
1700 5501 1945 5558 cernent,
1971 5493 2068 5549 de-

2174 5495 2481 5565 τακόψουσι.
2524 5516 2540 5547 ι
2571 5496 2705 5549 Τότε
2740 5494 2804 5568 δὴ
2851 5497 2945 5550 καὶ
2978 5496 3087 5549 τῶν
3121 5498 3368 5568 ματαίων
3415 5499 3595 5553 πόνων
3622 5500 3743 5553 ἐαυ-

491 5575 599 5631 leta
637 5578 847 5633 scilicet
865 5583 1094 5631 cernent
1147 5573 1216 5627 ab
1248 5574 1498 5636 hostibus
1526 5582 2069 5653 quaelabricaverant

496 5666 662 5722 idola.
697 5685 714 5718 ι
744 5668 806 5721 Et
846 5682 1036 5722 omnes
1088 5666 1366 5726 meroedes
1388 5672 1506 5742 ejus
1576 5673 1699 5747 igne
1754 5678 2073 5736 comburen—

494 5763 603 5810 tur.
650 5778 668 5809 ι
706 5756 975 5814 Exuretur
1008 5757 1132 5830 igne
1161 5768 1388 5845 ornatus
1431 5767 1606 5823 omnis
1639 5767 1797 5827 idolis
1832 5772 2067 5829 cireum-

497 5849 708 5919 positus
744 5858 905 5922 atque
958 5852 1193 5924 templis,
1233 5870 1391 5927 quem
1435 5859 1511 5918 illi
1546 5863 1709 5935 quasi
1762 5865 2063 5924 mercedem

2169 5584 2278 5638 τῶν
2322 5584 2541 5654 ὄψονται
2586 5585 2684 5656 τὴν
2719 5585 3015 5649 ἀπώλειαν,
3051 5585 3455 5659 καθαιρούμενα
3490 5589 3593 5641 ὑπὸ
3638 5587 3743 5642 τῶν

2173 5674 2445 5747 πολεμίων
2492 5675 2727 5750 ὁρῶντες
2778 5675 2814 5729 ἃ
2865 5677 3276 5731 κατεσκεύασαν
3324 5677 3538 5736 εἴδωλα.
3578 5696 3596 5731 t
3638 5677 3743 5733 Kal.

2173 5769 2350 5822 πάντα
2376 5767 2444 5822 τὰ
2476 5766 2801 5838 μισθώματα
2831 5769 3004 5838 αὐτῆς
3032 5770 3409 5840 ἐμπρήσουσιν
3437 5769 3495 5822 ὲν
3528 5767 3682 5839 πυρί.
3718 5786 3737 5820 ι

2179 5856 2363 5915 Πάντα
2388 5859 2477 5916 τὸν
2510 5860 2708 5933 κόσμον
2747 5860 2837 5914 τὸν
2866 5862 3247 5933 περικείμενον
3280 5862 3390 5925 τοῖς
3417 5877 3477 5916 τε
3511 5860 3741 5927 εἰδώλοις
