4102 6542
278 450 415 510 319
1388 465 1950 527 COMMENTARIUS

2098 474 2409 535 ΜΙΩΗΔΕΑΕ
2448 480 2602 537 CAP.
2644 483 2687 538 1.
3541 492 3648 548 350

292 572 411 625 καὶ
620 574 772 670 ναοῖς
820 574 1148 645 άφανιοῦσιν
1194 578 1254 632 ὲν
1289 585 1444 653 πυρὶ,
1489 584 1548 637 ὃν
1596 585 1788 659 ὥσπερ
1822 589 1944 643 τινὰ

2058 597 2343 665 quamdam
2387 597 2733 654 daemonibus
2792 600 3198 670 persolvebant.
3253 622 3271 655 ι
3326 602 3391 659 Et
3460 605 3645 662 omnia

304 660 528 735 μισθὸν
556 661 784 720 ἐτέλουν
815 667 932 730 τοῖς
974 666 1214 738 δαίμοσι.
1246 688 1265 723 ι
1298 672 1411 726 Καὶ
1434 674 1613 729 πάντα
1635 677 1705 731 τά
1746 679 1945 733 εἴδωλα

2058 688 2192 743 idola
2220 689 2342 760 ejus
2376 705 2576 762 ponam
2604 693 2659 747 in
2712 691 3095 763 perditionem,
3150 695 3280 765 quia
3323 712 3386 751 ex
3429 713 3644 754 merce-

304 756 506 854 αῦτῆς
536 756 790 829 θήσομαι
822 760 904 822 είς
931 759 1241 832 ἀφανισμόν
1265 776 1279 792 ·
1310 762 1448 818 διότι
1474 767 1540 819 ἐκ
1570 768 1945 841 μισθωμάτων

2058 776 2211 834 dibus
2237 781 2546 837 meretricis
2567 784 2938 854 congregavit,
2968 792 3026 839 et
3055 798 3121 839 ex
3154 785 3501 842 mercedibus
3526 802 3643 843 me-

304 847 545 919 πόρνης
577 851 884 920 συνήγαγε,
937 851 1034 904 καὶ
1068 853 1133 906 ἑκ
1169 853 1543 927 μισθωμάτων
1583 858 1791 932 πόρνης
1822 879 1947 917 συν-

2058 870 2267 927 retricis
2302 874 2592 929 convertit.
2626 892 2644 926 ι
2678 873 2984 929 Meretricia
3008 882 3189 930 mente
3219 890 3250 929 a
3275 891 3361 930 me
3380 877 3644 932 receden-

302 938 596 1009 έστρεψε.
632 940 924 1060 ἒΠορνικῇ
955 941 1067 1013 γὰρ
1095 944 1433 1016 χρησάμενοι
1454 946 1671 1021 γνώμῃ.
1694 953 1790 1005 καὶ
1812 954 1946 1007 ἀπο-

306 1031 569 1060 ...ζουσι--
600 1049 632 1060 ..
674 1049 703 1060 ..
736 1031 869 1060 τηυξ-ξ
942 1033 1235 1060 ..-.ι-....---
1266 1036 1318 1060 nx
1348 1038 1481 1060 _-x_
1507 1039 1573 1060 -L
1607 1040 1682 1060 ,η
1729 1041 1747 1060 ς

2058 971 2152 1028 tes,
2183 971 2237 1019 et
2265 963 2332 1018 ad
2376 964 2520 1019 idola
2573 965 2918 1045 accedentes,
2969 967 3251 1022 mercedes
3277 967 3542 1037 quasdam
3575 984 3644 1024 ex

305 1031 569 1096 στάντες
597 1030 703 1103 μὲν
733 1031 895 1104 ἐμοῦ,
942 1033 1235 1100 νεύσαντες
1262 1036 1320 1089 δὲ
1345 1038 1481 1109 πρὸς
1504 1039 1576 1094 τά
1601 1040 1819 1106 εἰδωλα,
1858 1061 1946 1114 μι-

2058 1055 2296 1124 ipsorum
2326 1063 2720 1111 coacervantes
2749 1040 3136 1124 fornicatione,
3169 1058 3440 1113 idolorum
3471 1059 3645 1115 cultui

307 1122 608 1194 σθώματά
635 1140 762 1177 τινα
783 1124 886 1196 τῆς
912 1126 1124 1181 ἑαυτῶν
1134 1127 1477 1200 ἀθροίζοντες
1490 1132 1769 1206 πορνείας,
1786 1152 1947 1208 προσ-

2058 1144 2353 1200 olferebant
2386 1161 2399 1198 :
2425 1160 2548 1215 quae
2570 1160 2670 1215 ego
2691 1146 3061 1220 omniasimul
3091 1145 3427 1215 disperdam.
3456 1166 3475 1199 ι
3509 1147 3648 1203 Pro-

307 1218 533 1287 έφερον
564 1217 756 1270 ὲκεῖνα
788 1220 855 1289 τῇ
899 1217 1009 1271 τῶν
1043 1217 1279 1273 εἰδώλων
1300 1219 1590 1294 θεραπείᾳ,
1620 1223 1656 1278 ἃ
1676 1224 1741 1297 δὴ
1768 1227 1947 1282 πάντα

2058 1244 2172 1308 pter
2212 1235 2315 1291 hoc
2354 1236 2572 1306 planget
2612 1246 2668 1291 et
2709 1215 3115 1305 lamentabitur,
3160 1238 3260 1292 ibit
3310 1240 3645 1295 discalceata

305 1307 475 1360 κατὰ
524 1308 735 1362 ταυτὸν
785 1309 1025 1378 ἀφανιῶ.
1061 1330 1081 1363 ι
1103 1311 1333 1366 Ἕνεκεν
1374 1314 1568 1369 τούτου
1595 1316 1818 1388 κόψεται
1851 1321 1947 1374 καὶ

2058 1307 2103 1384 et
2134 1328 2299 1383 nuda.
2341 1346 2360 1379 ι
2415 1327 2475 1382 in
2507 1329 2761 1384 lamentis
2812 1330 2918 1383 erit
2952 1338 3007 1384 et
3036 1330 3281 1384 luctibus
3333 1334 3645 1402 captivitati

310 1396 509 1468 θρηνή
520 1396 978 1471 σει,’πορεύσεται
996 1402 1323 1467 ἀνυπόδετος
1337 1406 1431 1460 καὶ
1451 1410 1660 1479 γυμνή.
1683 1428 1702 1460 ι
1725 1411 1800 1480 (p.
1816 1411 1945 1481 264)

2058 1420 2301 1476 maxima
2322 1420 2550 1488 tradita;
2577 1420 2629 1475 id
2651 1421 2795 1476 enim
2825 1421 3137 1491 signiﬁcant
3168 1422 3336 1476 verba
3369 1441 3387 1473 ι
3407 1396 3570 1477 ἰιιιιίο
3592 1434 3649 1479 et

338 1492 429 1543 Εν
460 1490 696 1563 θρήνοις
733 1492 889 1546 ἔσται
919 1496 1015 1547 καὶ
1058 1501 1310 1560 κοπετοῖς
1357 1501 1711 1574 αἰχμαλωσίᾳ
1758 1522 1954 1576 παρα-

2058 1513 2416 1581 iliscalceata;
2460 1532 2478 1564 ι
2521 1518 2719 1583 nempe
2758 1490 2906 1584 quod
2942 1513 3046 1568 hoc
3086 1512 3249 1568 modo
3289 1515 3503 1584 captiva
3553 1516 3647 1569 ab-

307 1581 556 1692 δοθεῖσα
592 1585 866 1683 μεγίστῃο
896 1586 1058 1642 τοῦτο
1096 1588 1204 1661 γὰρ
1251 1589 1400 1658 λέγει
1440 1591 1520 1660 τὸ,
1562 1614 1581 1646 ι
1628 1598 1812 1669 γυμνὴ
1852 1599 1949 1652 καὶ

2058 1604 2300 1671 ducetur,
2354 1605 2504 1659 omni
2554 1619 2655 1660 suo
2705 1615 3028 1661 ornamento
3080 1606 3335 1676 spoliata.
3390 1626 3407 1657 ι
3465 1605 3649 1662 Faciet

309 1674 695 1741 ὰνυπόδετος,
724 1674 761 1728 “›
799 1678 885 1731 ὅτι
937 1678 1113 1743 οὕτως
1146 1682 1497 1753 αἰχμάλωτος
1542 1688 1944 1761 άπαχθήσεται,

2058 1697 2327 1767 planctum
2355 1696 2511 1767 quasi
2531 1696 2858 1761 draconum,
2898 1705 2951 1752 et
2986 1698 3193 1752 luctum
3221 1698 3380 1769 quasi
3414 1700 3647 1753 ﬁliarum

310 1770 544 1833 παντὸς
602 1770 974 1843 ἀφαιρεθεῖσα
1027 1771 1122 1826 τοῦ
1171 1776 1467 1847 προσόντος
1521 1780 1661 1852 αὐτῇ
1714 1783 1944 1854 κόσμου.

2058 1788 2377 1843 sirenarum.
2427 1806 2446 1838 ι
2486 1784 2659 1842 Verba
2687 1787 2844 1856 quasi
2876 1788 3174 1841 draconum
3206 1795 3260 1841 et
3312 1786 3645 1852 sirenarum,

314 1881 338 1912 ι
384 1861 706 1932 Ποιήσεται
742 1863 977 1918 κοπετὸν
1025 1864 1101 1929 ὡς
1136 1864 1470 1937 δρακόντων,
1507 1872 1603 1925 καὶ
1649 1874 1843 1938 πένθος
1871 1876 1948 1940 ὡς

2058 1879 2129 1932 ait
2160 1878 2466 1934 secundum
2524 1877 2918 1933 nonnullorum
2957 1877 3202 1945 fabulas;
3248 1876 3431 1932 dicere
3466 1878 3653 1934 volens

310 1952 668 2026 θυγατέρων
719 1957 1030 2028 σειρήνων·
1084 1958 1167 2011 ὅτι
1211 1961 1624 2033 κατεκράτησεν
1670 1967 1703 2035 ἡ
1760 1966 1944 2039 πληγὴ

2058 1969 2171 2024 fore
2221 1977 2281 2022 ut
2316 1968 2409 2022 illa
2440 1982 2562 2039 quae
2609 1969 2663 2022 in
2695 1968 2898 2024 fabulis
2937 1969 3078 2037 apud
3116 1968 3649 2037 multosjactantnr,

307 2046 545 2117 αὐτῆς·
581 2046 719 2101 διότι
751 2043 919 2118 ἦλθεν
941 2048 1048 2113 ἕως
1094 2047 1287 2116 Ἰούδα,
1310 2052 1403 2104 καὶ
1433 2052 1610 2123 ἥψατο
1633 2055 1739 2119 ἕως
1771 2056 1947 2129 πύλης

2058 2063 2158 2133 ipsi
2182 2077 2240 2117 re
2265 2076 2391 2116 vera
2428 2061 2761 2126 sustineant,
2788 2059 2916 2114 dum
2938 2075 3041 2129 ego
3074 2074 3292 2129 gravem
3332 2060 3400 2115 iis
3432 2075 3651 2130 pinnam

307 2137 464 2190 λαοῦ
501 2153 614 2207 μου
648 2137 755 2202 ἓως
789 2138 1168 2212 Ἰερουσαλήμ.
1199 2160 1219 2193 ι
1251 2141 1324 2195 Τὸ
1360 2162 1379 2195 ι
1414 2144 1490 2207 ὼς
1510 2144 1820 2216 δρακόντων
1849 2152 1945 2204 καὶ

2058 2151 2352 2222 imponam,
2386 2165 2508 2221 qua:
2539 2164 2569 2204 a
2599 2149 2850 2204 Samaria
2886 2149 3180 2218 incipiens,
3204 2146 3270 2202 ad
3304 2146 3497 2203 Judam
3528 2164 3652 2219 per-

311 2228 613 2299 σειρήνων
647 2247 666 2280 ι
692 2229 840 2298 λέγει
858 2230 1003 2284 κατὰ
1029 2231 1088 2285 τὸ
1106 2232 1575 2306 μυθολογούμενον
1592 2238 1726 2310 παρ’
1748 2241 1912 2302 ἐνίοις
1929 2259 1944 2274 ο

2058 2244 2256 2309 veniet,
2280 2251 2337 2299 et
2372 2243 2548 2313 ipsam
2592 2243 2823 2312 attinget
2855 2240 3235 2309 Hierusalem;
3293 2240 3553 2311 quoniam
3597 2248 3656 2297 et

308 2320 496 2373 τοῦτο
553 2320 886 2392 βουλόμενος
920 2324 1118 2403 είπεῖν,
1156 2323 1237 2377 ὅτι
1278 2327 1465 2379 ἐκεῖνα
1493 2325 1557 2399 δὴ
1589 2330 1658 2383 τὰ
1695 2330 1754 2383 ὲν
1793 2331 1951 2406 μύθῳ

2060 2336 2205 2390 hanc
2236 2348 2515 2407 postremo
2548 2334 2838 2406 Babylonii
2866 2342 3153 2404 ceperunt.

311 2413 646 2521 negatam,
667 2412 883 2521 πολλῶν
920 2413 1213 2521 λεγόμενα,
1252 2418 1341 2521 ἐπ’
1371 2420 1554 2521 αύτῶν
1579 2422 1913 2492 ὑπομενοῦσι
1946 2427 2054 2481 τῶν
2091 2428 2290 2500 ἔργων,
2312 2428 2393 2499 τῷ
2424 2427 2649 2499 βαρεῖαν
2676 2427 2864 2492 αὐτοῖς
2893 2426 3198 2498 ἐπαχθῆναι
3229 2427 3360 2499 παρ’
3390 2425 3527 2496 ἐμοῦ
3553 2427 3654 2499 τὴν

310 2504 580 2577 πληγὴν,
619 2506 742 2575 ἣτις
775 2504 883 2558 ἀπὸ
920 2505 1022 2575 τῆς
1059 2506 1375 2579 Σαμαρείας
1415 2510 1702 2584 ἀρξαμένη
1732 2514 1826 2567 ἐπὶ
1859 2516 1952 2570 τὸν
1989 2516 2195 2572 Ἰούδαν
2240 2517 2626 2590 μετελεύσεται
2667 2515 2950 2588 ἁπτομένη
2999 2515 3095 2571 καὶ
3126 2516 3225 2587 τῆς
3269 2514 3650 2587 Ἰερουσαλήμ·

314 2599 456 2654 ἐπεὶ
479 2597 750 2667 κάκείνην
779 2596 1008 2668 ὕστερον
1035 2593 1180 2654 εἷλον
1210 2600 1561 2658 Βαϐυλώνιοι,

401 2692 566 2763 Στίχ.
614 2697 772 2761 ι’-ιγ’.
804 2722 879 2732 --
913 2694 1039 2768 «σοι
1071 2695 1130 2747 ὲν
1160 2694 1289 2759 Γὲθ,
1316 2695 1392 2768 μὴ
1429 2696 1821 2768 μεγαλύνεσθε,
1859 2700 1955 2756 καὶ

2129 2698 2292 2770 174
2323 2697 2491 2755 Vens.
2526 2698 2708 2755 i045.
2738 2726 2810 2739 -—-
2850 2716 2867 2749 ι
2913 2696 3019 2764 Qui
3052 2697 3107 2752 in
3133 2696 3296 2760 Getb,
3328 2696 3499 2750 nolite
3534 2710 3654 2748 ma-

314 2788 375 2841 οἱ
404 2789 467 2840 ὲν
495 2786 721 2857 Ἀκεὶμ,
746 2786 823 2858 μὴ
848 2785 1253 2858 άνοικοδομεῖτε
1283 2787 1344 2853 ἐξ
1359 2790 1508 2843 οἴκου
1535 2792 1946 2860 καταγέλωτα.»

2058 2793 2345 2863 gniﬁcari;
2384 2800 2439 2847 et
2497 2791 2591 2860 qui
2627 2791 2695 2863 in.
2729 2789 2911 2855 Acim,
2973 2788 3148 2843 nolite
3196 2785 3534 2842 reaedilicare
3586 2800 3657 2839 ex

332 2878 477 2931 Ἐπὶ
509 2878 643 2941 τοὺς
694 2878 1010 2950 περιοίκους
1040 2879 1149 2934 τῶν
1179 2880 1350 2934 ἐθνῶν
1396 2883 1591 2954 τρέπει
1629 2886 1723 2938 τὸν
1753 2885 1912 2955 λόγον
1937 2904 1952 2921 ο

2058 2887 2300 2942 domoin
2356 2872 2552 2940 risum.
2610 2902 2630 2936 ι
2678 2881 2972 2937 Finitimos
3024 2878 3256 2951 populos
3290 2877 3378 2933 bie
3418 2875 3651 2946 respicit

321 2972 471 3040 περὶ
499 2965 579 3026 ὧν
610 2971 706 3026 καὶ
726 2972 754 3025 ὁ
788 2971 1063 3044 μακάριος
1105 2973 1290 3043 Ἀμὼς
1313 2973 1440 3046 ἔφη,
1469 2976 1545 3041 ὡς
1571 2978 1643 3032 τὰ
1667 2979 1811 3035 αὐτὰ
1838 2984 1953 3045 τοῖς

2058 2993 2256 3045 sermo,
2289 2982 2359 3033 de
2400 2976 2605 3047 quibus
2652 2974 2818 3029 etiam
2865 2972 3061 3026 beatus
3100 2973 3269 3025 Useas
3294 2967 3499 3031 aiebat,
3529 2965 3648 3021 fore

338 3064 728 3136 Ἰσραηλίταις
787 3065 1130 3137 πεισομένων
1176 3067 1284 3121 ὑπὸ
1327 3068 1437 3122 τῶν
1495 3069 1799 3142 Ἀσσυρίων
1845 3072 1950 3125 κά-

2058 3084 2117 3131 ut
2144 3075 2296 3146 paria
2327 3071 2592 3129 lsraelitis
2622 3071 2657 3126 ii
2684 3083 2904 3140 quoque
2932 3067 3003 3123 ab
3027 3064 3269 3136 Assyriis
3311 3069 3652 3134 paterentur.

322 3157 569 3245 κείνωνο
594 3158 660 3213 Ol
692 3156 896 3222 τοίνυν,
923 3158 1112 3229 φησὶν,
1141 3160 1199 3212 ἐν
1223 3159 1462 3225 ἐκείναις
1486 3162 1606 3225 ταῖς
1631 3162 1841 3227 πόλεσι,
1875 3162 1950 3235 μὴ

2058 3167 2163 3235 Qui
2183 3182 2335 3237 ergo,
2365 3165 2561 3235 inquit,
2590 3163 2646 3217 in
2689 3161 2918 3216 urbibus
2959 3158 3070 3215 illis
3094 3155 3418 3217 versamini,
3451 3168 3521 3209 ne
3561 3166 3657 3206 su-

329 3249 564 3321 μεγὰλα
600 3251 875 3320 φρονεῖτε,
900 3249 1001 3313 τὰς
1026 3248 1235 3303 τούτων
1258 3250 1495 3322 ὁρῶντες
1518 3254 1827 3324 συμφορὰς,
1850 3270 1954 3325 μη-

2058 3259 2325 3332 perbiatis
2350 3259 2481 3314 dum
2514 3255 2887 3312 lsraelitarum
2934 3263 3212 3306 aerumnas
3237 3245 3523 3317 spectatis,
3556 3258 3657 3298 ne-

325 3342 393 3395 δὲ
428 3339 611 3411 πολὴν
652 3341 743 3394 ἐπ’
775 3340 963 3405 αὐτοῖς
1014 3341 1261 3413 ἐγείρετε
1294 3343 1531 3412 γέλωτα.
1568 3363 1587 3396 ι
1628 3345 1739 3416 Γῆν
1776 3362 1951 3399 κατα-

2058 3325 2164 3425 que
2197 3353 2370 3407 altum
2399 3349 2733 3405 cachinnum
2764 3343 3040 3416 superbis
3084 3341 3381 3398 extollatis.
3425 3354 3444 3389 ι
3485 3335 3657 3391 Terra

330 3434 634 3489 σπάσασθε
659 3436 740 3498 εἰς
765 3435 1147 3503 καταγέλωτα.
1181 3456 1200 3488 ι
1246 3436 1543 3508 Ἀρμόττον
1568 3437 1678 3509 γὰρ
1705 3439 1833 3507 ὑμῖν
1860 3440 1955 3492 κα-

2062 3443 2341 3515 aspergite
2380 3441 2716 3497 derisionem
2764 3446 3026 3494 veStram.
3063 3454 3081 3488 ι
3126 3433 3440 3501 Congruum
3502 3429 3657 3484 vobis

326 3526 735 3582 τασπάσασθαι
766 3527 938 3594 κόνιν,
972 3527 1048 3599 (p.
1077 3527 1204 3601 265)
1247 3530 1387 3602 ὑπὲρ
1418 3522 1493 3583 ὧν
1516 3529 1727 3600 ἑτέροις
1762 3530 1952 3584 ἔσεσθε

2058 3535 2331 3610 aspergite
2378 3532 2684 3603 pulverem,
2722 3529 2850 3600 quia
2885 3527 3104 3582 caeteris
3146 3524 3283 3578 risui
3315 3521 3493 3578 eritis.
3519 3520 3653 3585 Cur,

326 3620 542 3691 γέλως.
585 3620 713 3685 Πῶς
767 3621 865 3674 καὶ
918 3619 1043 3675 τίνα
1096 3621 1188 3676 τὸν
1232 3622 1476 3693 τρόπον;
1519 3640 1537 3674 ι
1575 3621 1955 3692 Κατοικούσης

2058 3634 2153 3680 aut
2180 3621 2494 3695 quomodo?
2523 3642 2541 3673 ι
2580 3621 2868 3677 Destruam
2903 3617 3158 3672 civitates
3185 3615 3329 3685 ejus,
3357 3628 3478 3682 quae
3518 3612 3659 3667 bene

330 3710 554 3775 καλῶς,
600 3708 816 3764 καθελῶ
849 3709 951 3774 τὰς
993 3709 1176 3774 πόλεις
1218 3711 1408 3781 αὐτῆς.
1445 3728 1464 3764 ι
1504 3711 1693 3774 Ὅπως
1737 3711 1849 3782 γὰρ
1884 3712 1951 3767 ἂν

328 3803 613 3875 νομίσητε
644 3799 705 3856 εὖ
733 3800 834 3867 τὰς
867 3788 1052 3867 πόλεις
1076 3805 1249 3857 οίκεῖν
1273 3802 1376 3868 τὰς
1420 3803 1559 3867 ἰδίας
1582 3804 1659 3868 ὡς
1691 3805 1749 3858 έν
1776 3805 1956 3874 ἀσφα-

331 3895 422 3948 λεῖ
445 3893 824 3958 καθεστῶτες,
849 3892 1050 3963 ὄψεσθε
1070 3892 1264 3948 πασῶν
1286 3893 1386 3965 τὴν
1416 3893 1764 3966 καθαίρεσιν.
1792 3913 1811 3947 ι
1841 3896 1956 3950 Οὐκ

332 3987 545 4058 ἐξῆλθε
603 3985 939 4041 κατοικοῦσα
978 3986 1148 4041 Αίνάν
1191 3985 1457 4057 κόψεσθαι
1487 3980 1636 4041 οἷκον
1695 3987 1954 4058 ἐχόμενον

331 4080 543 4149 αὐτῆς.
592 4098 613 4132 ι
665 4078 828 4134 Ἀλλὰ
871 4078 1139 4144 κάκεῖνοι,
1171 4079 1360 4149 φησιν,
1390 4078 1628 4149 ὁρῶντες
1676 4080 1742 4133 ὲκ
1771 4080 1955 4149 γειτό-⁵

337 4190 455 4227 νων
503 4172 667 4235 ὄντας
700 4172 830 4235 τοὺς
871 4169 1233 4243 Ἰσραηλίτας,
1268 4171 1364 4223 καὶ
1409 4168 1676 4233 τοιούτοις
1722 4187 1956 4242 περιπε-

340 4265 647 4330 πτωκότας
682 4268 902 4333 κακοῖς,
929 4266 1032 4318 οὐκ
1055 4264 1434 4337 ἐϐουλήθησαν
1462 4264 1824 4336 προελθόντες
1845 4264 1956 4319 τῶν

339 4358 521 4417 ἰδίων,
559 4356 891 4428 κοινωνῆσαι
932 4355 1029 4409 τοῦ
1073 4354 1307 4420 πένθους
1352 4356 1562 4424 αὐτοῖς,
1596 4356 1852 4427 ἡδόμενοι
1898 4354 1958 4408 δὲ

339 4450 443 4504 ἐπὶ
481 4450 606 4512 ταῖς
660 4449 969 4521 συμφοραῖς
1007 4438 1191 4503 αὐτῶν
1237 4447 1510 4502 διετέλουν
1570 4448 1841 4502 κάκεῖνοι.
1890 4446 1957 4500 Τί

335 4538 476 4606 οὖνς
532 4559 550 4594 ι
587 4539 842 4613 Λήψεσθε
894 4538 954 4607 ἐξ
1003 4536 1159 4610 ὑμῶν
1211 4538 1431 4612 πληγὴν
1487 4538 1700 4609 ὀδύνης.
1749 4557 1769 4591 ι
1816 4538 1955 4593 Ἀλλ’

2055 3719 2290 3774 habitat.
2332 3736 2352 3769 ι
2391 3715 2497 3782 Qui
2527 3715 2665 3770 bene
2690 3710 2916 3767 creditis
2947 3702 3202 3764 civitatbs
3233 3712 3450 3760 vestras
3498 3703 3660 3757 babi-

2056 3822 2193 3876 tare,
2243 3809 2405 3881 quasi
2434 3817 2554 3864 tuto
2580 3807 2634 3861 in
2666 3805 2787 3860 loco
2830 3800 3141 3863 constituti,
3179 3799 3373 3853 harum
3405 3796 3656 3851 omnium

2055 3902 2489 3961 destructionem
2545 3896 2823 3955 videbitis.
2876 3914 2894 3947 ι
2930 3893 3049 3949 Non
3090 3901 3177 3948 est
3221 3907 3442 3963 egressa
3501 3890 3661 3946 habi-

2058 4000 2226 4054 tatrix
2264 3994 2485 4058 Euan,
2526 3992 2816 4062 deplorare
2855 3987 3078 4049 domum
3120 3985 3427 4056 proximam
3463 3983 3590 4039 sibi.
3632 4002 3652 4035 ι

2057 4085 2140 4140 Illi
2197 4084 2418 4155 quidem
2466 4081 2713 4137 videntes
2768 4077 3107 4150 propinquos
3158 4091 3292 4131 suos
3344 4072 3654 4137 lsraelitas,

2057 4177 2226 4233 tantis
2275 4175 2437 4231 malis
2485 4187 2739 4237 mersos,
2787 4170 2873 4226 bis
2928 4168 3270 4240 gratulantes
3312 4166 3656 4238 perstabant.

2058 4268 2198 4337 Quid
2227 4267 2392 4339 ergo?
2421 4284 2439 4318 ι
2477 4263 2778 4335 Accipietis
2807 4277 2876 4317 ex
2916 4260 3074 4316 vobis
3120 4260 3334 4330 plagam
3358 4255 3588 4312 doloris.
3629 4273 3650 4307 ι

2060 4361 2165 4417 Sed
2185 4361 2313 4431 quia
2336 4357 2533 4413 alienis
2558 4371 2670 4411 non
2698 4352 3067 4409 condoluistis
3090 4350 3271 4415 malis,
3295 4349 3400 4420 ipsi
3437 4362 3659 4418 quoque

2058 4442 2312 4509 acerbam
2354 4448 2692 4519 accipientes
2717 4445 2954 4515 plagam,
2986 4457 3180 4512 poenas
3216 4440 3480 4512 improbae
3511 4439 3660 4494 illius

2058 4541 2261 4598 mentis
2287 4538 2514 4605 dabitis,
2547 4552 2657 4609 qua
2679 4535 2876 4591 alienis
2889 4533 3063 4604 gavisi
3092 4533 3228 4587 estis
3263 4531 3442 4585 malis.
3474 4548 3493 4582 ι
3524 4530 3660 4596 Quis

337 4633 546 4706 ἐπειδὴ
576 4635 690 4696 τοῖς
715 4630 1023 4703 ἀλλοτρίοις
1049 4631 1111 4685 ού
1137 4630 1515 4705 συνηλγήσατε
1546 4633 1760 4696 κακοῖς,
1791 4631 1954 4686 αὐτοὶ

2063 4631 2227 4689 faciet
2274 4632 2549 4687 bonorum
2591 4626 2830 4692 initium,
2861 4625 2907 4678 si
2939 4623 3148 4706 habitet
3185 4622 3239 4677 in
3267 4621 3595 4677 doloribus?
3631 4639 3653 4672 ι

338 4681 568 4798 ἷηῖξιξῆζ
588 4681 871 4796 sim
885 4681 1195 4796 signa};
1215 4681 1377 4796 έίέέιε
1391 4681 1736 4795 sese;
1747 4681 1955 4796 ὶιξέόζιζ

2061 4723 2319 4781 Profecto
2365 4720 2481 4776 ﬁeri
2516 4719 2726 4789 nequit,
2781 4681 2842 4773 ut
2890 4714 2930 4769 ii
2963 4702 3150 4785 aliquo
3193 4713 3338 4768 bono
3371 4709 3656 4778 fruantur,

341 4822 453 4893 ρᾶς
476 4817 708 4891 γνώμης
735 4816 977 4888 ἐκείνης,
1009 4814 1135 4870 καθ’
1163 4814 1233 4888 ἢν
1272 4817 1389 4880 τοῖς
1418 4815 1726 4889 ἀλλοτρίοις
1762 4816 1958 4888 ἐφήδε-

340 4912 447 4968 σθε
477 4912 688 4975 κακοῖς.
733 4927 754 4963 ι
792 4908 891 4972 Τίς
923 4906 1131 4980 ἤρξατο
1154 4909 1234 4971 είς
1259 4905 1442 4978 ἀγαθά
1471 4907 1802 4980 κατοικούσῃ
1836 4907 1956 4962 ὀδύ-

338 5020 486 5072 νας;
523 5022 546 5057 ι
577 5003 688 5057 Καὶ
731 5001 844 5074 γὰρ
875 5001 999 5055 οὐδὲ
1026 4996 1139 5054 οἷόν
1169 5016 1228 5056 τε
1260 5000 1471 5071 ἀγαθοῦ
1514 5017 1662 5066 τινος
1701 5000 1952 5077 μετέχειν

337 5100 477 5163 τοὺς
508 5100 570 5152 ὲν
596 5095 813 5160 ὀδύναις
842 5093 1168 5159 οἰκοῦντας,
1211 5094 1301 5149 διὰ
1340 5093 1403 5148 τὸ
1435 5092 1666 5166 μέγεθος
1708 5092 1817 5148 τῶν
1848 5094 1952 5148 ὲπ·

340 5190 683 5263 ενεχθέντων
733 5190 921 5252 αὐτοῖς
977 5186 1189 5243 κακῶν.
1236 5183 1372 5241 Εἶτα
1425 5190 1504 5252 εις
1551 5188 1828 5257 ἀπόδειξιν
1855 5185 1956 5243 τοῦ

341 5285 617 5360 ῥηθέντος
645 5300 660 5317 ⁸
704 5303 722 5337 ι
768 5283 893 5337 Ὅτι
946 5282 1154 5353 κατέϐη
1206 5280 1354 5335 κακὰ
1395 5281 1548 5353 παρὰ
1597 5282 1806 5355 Κυρίου
1861 5282 1956 5336 ἐπὶ

343 5380 555 5445 πύλαις
598 5374 985 5451 Ἰερουσαλὴμ,
1029 5374 1204 5446 ψόφος
1248 5372 1514 5446 ἁρμάτων
1550 5370 1665 5429 καῖ
1692 5374 1954 5428 ἱππευόν-

2059 4818 2154 4891 qui
2190 4817 2247 4871 in
2280 4813 2567 4870 doloribus
2589 4816 2904 4872 versantur,
2936 4806 3293 4861 incumbente
3313 4804 3450 4876 ipsis
3480 4805 3658 4859 malo-

2058 4926 2182 4968 rum
2215 4910 2379 4965 mole.
2412 4905 2538 4962 Mox
2570 4905 2719 4961 dicta
2762 4901 3100 4959 conﬁrmans
3133 4915 3149 4952 :
3183 4918 3202 4952 ι
3239 4898 3378 4967 Quia
3421 4899 3654 4955 descen-

2056 5004 2256 5060 derunt
2283 4999 2423 5077 mala
2456 5012 2487 5052 a
2514 4995 2747 5051 Domino
2806 4993 2860 5048 in
2892 4999 3080 5064 portas
3129 4988 3494 5056 Hierusalem,
3523 4994 3659 5043 stre-

2059 5098 2210 5170 pitus
2233 5108 2496 5151 curruum
2523 5098 2572 5147 et
2598 5089 2900 5160 equitatus.
2945 5107 2965 5140 ›
2989 5087 3188 5151 Tanta,
3209 5083 3408 5154 inquit,
3440 5083 3656 5154 ingruet

2061 5188 2119 5245 ἵιι
2144 5202 2338 5244 omnes
2374 5186 2454 5241 ira
2487 5183 2604 5248 Dei,
2642 5190 2702 5237 ut
2750 5195 2820 5237 ne
2843 5176 3242 5249 Hierosolymis
3276 5174 3497 5244 quidem
3531 5188 3658 5244 par-

2062 5281 2298 5339 cendum
2329 5280 2424 5346 sit,
2449 5277 2709 5335 curribus
2734 5283 2790 5333 et
2839 5275 3089 5347 equitatu
3118 5278 3174 5329 et
3210 5270 3359 5329 omni
3388 5269 3575 5325 hostili
3605 5268 3656 5323 vi

2062 5373 2329 5432 obsessis.

338 5496 477 5536 των.
514 5496 536 5532 ι
562 5474 816 5546 Τοσαύτη
841 5473 971 5545 γάρ,
1003 5472 1190 5544 φησιν,
1221 5470 1316 5525 ἐπὶ
1337 5470 1548 5536 πάντας
1581 5470 1736 5526 ἔσται
1774 5474 1807 5545 ή
1848 5472 1987 5545 ὀργὴ
2026 5470 2120 5527 τοῦ
2158 5468 2316 5537 Θεοῦ,
2351 5466 2494 5522 ὥστε
2534 5462 2672 5538 μηδὲ
2715 5463 2815 5535 τῆς
2859 5458 3215 5534 Ἰερουσαλὴμ
3253 5457 3376 5513 τότε
3407 5452 3660 5523 γενέσθαι

346 5571 524 5646 φειδὼ
553 5569 758 5626 κυκλου
768 5569 940 5641 μένης
970 5568 1077 5623 ὑπό
1097 5584 1158 5621 τε
1192 5564 1457 5639 ἁρμάτων
1488 5567 1584 5620 καὶ
1618 5566 1802 5622 ἵππων
1825 5568 1922 5622 καὶ
1956 5565 2138 5637 πάσης
2168 5563 2270 5635 τῆς
2282 5560 2561 5632 πολεμίας
2585 5557 2789 5630 χειρός.

421 5670 576 5740 Στὶχ.
600 5673 789 5738 ιγ’-ιε’.
806 5693 876 5706 --
901 5665 976 5736 (p.
995 5663 1125 5735 266)
1155 5657 1294 5717 Εἶτα
1322 5662 1659 5733 ἀποστρέφει
1682 5662 1775 5717 τὸν
1797 5661 1956 5731 λόγον

349 5767 451 5819 ἐπὶ
477 5763 581 5835 τὴν
609 5759 815 5831 Λάχεις
841 5757 998 5812 πόλιν
1025 5751 1191 5812 οὖσαν
1217 5756 1319 5827 τῆς
1359 5753 1532 5809 Ἰούδα
1555 5753 1834 5825 βασιλείας
1861 5755 1957 5808 καὶ

352 5850 571 5908 πολλῶν
623 5848 986 5923 παρανομιῶν
1043 5846 1270 5919 μεστὴν,
1324 5846 1418 5900 καί
1464 5861 1662 5918 φησιν’
1694 5863 1713 5897 ι
1750 5846 1954 5901 Κατοι-

355 5945 537 6003 πιοῦσα
567 5944 793 6018 Λάχεις,
822 5942 1067 6017 ἀρχηγὸς
1105 5941 1381 6014 ἁμαρτίας
1412 5939 1554 6010 αὕτη
1598 5938 1714 5993 ἐστὶ
1757 5941 1825 6011 τῇ
1861 5937 1956 5993 θυ-

2137 5659 2305 5716 Vsas.
2331 5654 2521 5711 13-15.
2561 5681 2634 5694 —
2662 5651 2861 5708 Postea
2913 5663 3223 5707 sermonem
3275 5644 3549 5702 convertit
3586 5643 3658 5702 ad

2063 5754 2267 5812 Lachis
2297 5751 2489 5809 urbem
2528 5746 2682 5821 regni
2711 5744 2891 5819 ludar,
2916 5750 3271 5816 peccatorum
3300 5738 3660 5796 multitudine

2064 5845 2487 5910 redundantem,
2528 5841 2752 5913 aitque:
2783 5857 2802 5891 ι
2837 5837 2972 5906 Quae
3002 5834 3218 5892 habitas
3249 5832 3467 5897 Lachis,
3504 5831 3660 5902 prin-

2064 5953 2193 6012 ceps
2224 5936 2432 6010 peccati
2465 5936 2580 5995 llaec
2602 5941 2685 5991 cst
2709 5931 2837 5989 illia:
2871 5929 3084 5997 Sionis;
3106 5925 3237 5999 quia
3271 5924 3327 5983 in
3353 5931 3408 5982 te
3429 5922 3656 5979 inventa
