4102 6610
504 470 606 530 ’ΚΜ

1694 477 2043 537 THEODORI
2081 479 2569 541 MOPSUESTENI

3660 491 3779 548 352

508 594 637 642 sunt
663 585 871 642 scelera
903 585 1142 643 lsraelis.
1183 606 1202 640 ι
1227 587 1376 645 Scito
1412 597 1465 647 et
1500 600 1579 658 tu,
1608 592 1816 664 inquit,
1838 610 1959 665 quae
1982 596 2079 651 tibi

2196 599 2348 669 γατρὶ
2404 598 2577 653 Σιών·
2605 599 2687 654 ὅτι
2716 599 2773 652 ἐν
2825 599 2907 654 σοὶ
2953 599 3256 672 εὑρέθησαν
3293 603 3349 655 αἱ
3395 602 3641 658 ἀσέϐειαι
3668 607 3778 660 τοό

512 678 670 748 175
696 678 948 733 evenient
994 680 1171 745 mala,
1217 696 1340 752 quae
1376 683 1590 740 malitia:
1627 686 1738 740 dux
1760 686 1911 742 fuisti
1963 686 2082 742 urbi

506 768 847 825 Hierusalem
894 772 1065 843 (nam
1127 771 1291 827 ﬁliam
1333 772 1512 830 Sionis
1575 777 1718 833 hanc
1774 779 2079 850 nominat),

508 859 644 913 nihil
672 861 927 917 differens
955 878 984 916 a
1011 864 1256 918 Samaria
1304 868 1498 923 mentis
1548 876 1654 923 tuae
1706 872 2083 940 perversitate.

514 969 534 1002 ι
581 950 872 1022 Propterea
917 957 1074 1011 dabis
1120 958 1438 1013 emissarios
1478 972 1644 1030 super
1713 962 2085 1017 [nereditatem

510 1040 668 1102 Gelli.
704 1045 895 1099 domos
925 1063 1091 1102 vanas
1139 1067 1153 1102 :
1213 1051 1407 1104 demus
1464 1067 1724 1107 vanorum
1762 1055 1815 1107 in
1857 1069 2086 1109 vacuum

511 1133 667 1188 facta:
696 1144 823 1189 sunt
858 1138 1077 1206 regibus
1115 1138 1353 1196 lsraelis.
1390 1161 1410 1194 ›
1444 1142 1741 1213 Eapropter
1782 1153 1838 1199 tu
1869 1162 2089 1216 quoque

510 1226 883 1294 captivitatem
933 1232 1213 1296 sustines;
1264 1248 1389 1286 nam
1428 1252 1447 1286 ι
1501 1234 1657 1289 dabis
1709 1237 2026 1293 emissarios
2063 1258 2082 1291 ι

512 1314 644 1368 dicit
667 1331 784 1385 pro,
822 1317 984 1372 Mittis
1010 1322 1066 1375 in
1096 1322 1488 1391 captivitatem,
1525 1324 1600 1378 tui
1631 1340 1797 1379 causa
1824 1329 1974 1396 paria
2005 1328 2089 1382 in-

510 1404 648 1457 colis
702 1403 838 1458 Geth
883 1421 1134 1475 passura,
1192 1412 1409 1467 cunctis
1467 1428 1588 1483 quae
1639 1415 1707 1467 ad
1757 1416 2088 1486 impietatem

510 1494 755 1548 struxisti
802 1495 1046 1554 aediﬁciis
1082 1499 1177 1553 tibi
1209 1503 1604 1570 pereuntibus;
1631 1508 2088 1575 quemadmodum

511 1585 654 1654 apud
688 1586 987 1643 Samariam
1012 1606 1226 1661 quoque
1246 1593 1454 1664 dejecta
1477 1605 1606 1651 sunt
1641 1597 1763 1652 fana
1794 1600 2086 1657 idolorum.

516 1694 535 1726 ι
584 1676 765 1747 Usque
798 1682 863 1734 ad
888 1682 1129 1739 haeredes
1157 1692 1279 1740 tuos
1307 1694 1361 1741 te
1389 1688 1676 1745 adducam.
1722 1709 1740 1742 ι
1780 1690 1905 1746 Haec
1939 1701 2093 1761 pate-

512 1768 608 1834 ris,
637 1786 723 1826 me
750 1772 845 1826 tibi
882 1773 1068 1830 hostes
1107 1777 1431 1844 adducente,
1476 1782 1568 1851 qui
1604 1783 1681 1836 tui
1719 1793 1880 1839 erunt
1918 1786 2091 1840 haere-

510 1860 627 1917 des.
683 1880 702 1913 ι
744 1865 875 1931 Quae
921 1866 1133 1923 habitas
1184 1868 1399 1939 Lachis,
1469 1873 1759 1941 haereditas
1799 1892 1975 1945 usque
2023 1878 2089 1933 ad

2202 687 2436 761 Ἰσραήλ.
2479 708 2500 742 ι
2536 689 2673 744 Ἴσθι
2706 690 2770 761 δὴ
2817 691 2910 744 καὶ
2943 692 3029 756 σὺ,
3066 693 3222 762 φησι,
3260 691 3330 746 τὰ
3376 694 3783 768 συμϐησόμενὰ

2190 796 2272 833 σοι
2320 780 2555 852 κακὰ,ή
2602 784 2668 853 τῇ
2716 782 3069 854 Ἰερουσαλὴμ
3128 784 3425 855 (θυγατέρα
3473 787 3581 857 γὰρ
3627 787 3781 841 Σιὼν

2186 871 2392 942 ταύτην
2423 873 2701 943 ὀνομάζει)
2751 874 2973 945 ἡγεμὼν
3016 871 3160 945 ἦσθα
3194 875 3303 929 τῶν
3350 877 3559 941 κακῶν,
3613 879 3781 933 οὐδέν

2189 962 2577 1016 διαλλάττουσα
2609 964 2719 1017 τῶν
2750 965 2877 1036 περὶ
2905 958 3003 1036 τὴν
3046 967 3361 1037 Σαμάρειαν
3392 971 3455 1038 τῇ
3486 969 3584 1039 τῆς
3635 972 3782 1023 ἀσεο

2191 1053 2341 1117 6είας
2370 1054 2583 1127 γνώμῃ.
2626 1073 2646 1107 ι
2677 1055 2776 1108 Διὰ
2804 1055 2963 1109 τοῦτο
2987 1055 3175 1119 δώσεις
3207 1055 3783 1130 ὲξαποστελλομένους

2189 1144 2294 1210 ἕως
2316 1145 2682 1217 κληρονομίας
2697 1147 2821 1214 Γὲθ,
2846 1148 3029 1212 οἴκους
3048 1149 3309 1219 ματαίους
3325 1167 3338 1182 ο
3361 1147 3498 1204 οἶκοι
3526 1153 3785 1223 ματαίων

2189 1239 2271 1301 εἰς
2299 1238 2452 1291 κενὸν
2488 1239 2736 1307 ἐγένοντο
2763 1242 2877 1302 τοῖς
2901 1239 3211 1309 βασιλεῦσιν
3250 1242 3487 1313 Ἰσραήλ.
3530 1262 3549 1294 ι
3595 1244 3784 1315 ’Υπὲρ

2188 1326 2254 1399 δὴ
2286 1327 2491 1383 τούτων
2510 1330 2608 1400 τὴν
2633 1330 2805 1400 αὐτὴν
2834 1331 3213 1400 αἰχμαλωσίαν
3244 1332 3534 1402 ὑπομένεις
3555 1334 3649 1387 καὶ
3680 1334 3781 1388 σὺο

2190 1418 2250 1471 τὸ
2282 1418 2390 1489 γὰρ
2418 1436 2436 1469 ι
2467 1418 2657 1481 δώσεις
2684 1417 3262 1490 ὲξαποστελλομένους,
3298 1439 3314 1471 ι
3333 1421 3481 1489 λέγει
3509 1424 3629 1476 ἀντὶ
3650 1423 3785 1490 τοῦ,

2203 1509 2575 1573 ’Δποστέλλεις
2607 1512 2688 1572 είς
2733 1510 3128 1581 αἰχμαλωσίαν,
3166 1510 3225 1574 ἐξ
3267 1513 3465 1582 ἑαυτῆς
3510 1513 3579 1566 τά
3629 1514 3786 1568 αὐτὰ

2195 1601 2293 1672 μὲν
2330 1601 2628 1671 πεισομένη
2661 1605 2774 1664 τοῖς
2801 1603 2898 1672 τήν
2919 1602 3017 1655 Γὲθ
3053 1604 3316 1667 οἰκοῦσιν,
3350 1605 3567 1658 πάντων
3591 1605 3646 1658 δέ
3687 1624 3786 1661 σοι

2189 1689 2300 1743 τῶν
2332 1691 2419 1742 ἐπ’
2447 1690 2672 1762 ἀσεϐείᾳ
2703 1692 3228 1762 κατεσκευασμένων
3259 1674 3425 1746 οἴκων
3465 1694 3788 1765 διαφθειρο-

2196 1781 2401 1850 μένων·
2431 1782 2597 1853 ὃνπερ
2623 1782 2687 1854 δὴ
2716 1783 2916 1852 τρόπον
2946 1784 3039 1836 καὶ
3070 1786 3120 1835 οἱ
3151 1784 3291 1838 κατὰ
3320 1786 3419 1857 τήν
3457 1785 3785 1856 Σαμάρειαν

2191 1869 2559 1942 διεφθάρησαν
2602 1866 2740 1925 οἶκοι
2769 1871 2877 1925 τῶν
2928 1871 3183 1937 εἰδώλων.
3230 1891 3251 1927 ι
3296 1872 3443 1937 Ἕως
3488 1876 3613 1938 τοὺς
3638 1875 3784 1946 κλη-

511 1954 759 2009 Odollam
821 1960 1023 2026 veniet,
1064 1963 1235 2032 gloria
1288 1966 1409 2019 ﬁlia;
1452 1963 1654 2022 Sionis.
1694 1987 1713 2019 ι
1768 1968 1831 2022 lli
1893 1968 2091 2029 Lachis

2196 1963 2455 2034 ρονόμους
2501 1964 2695 2032 ἀγάγω
2732 1980 2847 2018 σου.
2886 1982 2904 2015 ι
2951 1964 3278 2035 Ύπομένεις
3313 1964 3378 2035 δὴ
3414 1965 3590 2019 ταῦτα
3635 1966 3781 2036 ὲμοιῖ

510 2046 685 2116 ipsam
730 2052 1009 2119 tenebunt,
1057 2063 1112 2109 et
1166 2072 1340 2127 usque
1384 2060 1452 2112 ad
1501 2058 1747 2114 Odollam
1795 2065 2091 2120 extendent

511 2137 883 2197 liaaredilatem
913 2158 1092 2208 suam,
1124 2147 1176 2201 id
1212 2155 1297 2204 est
1349 2156 1521 2204 totam
1570 2153 1922 2222 occupabunt
1960 2170 2087 2224 pro-

510 2231 733 2285 missam
765 2237 1060 2304 regionem.
1088 2239 1151 2293 Et
1171 2253 1336 2308 super
1362 2240 1502 2307 haec,
1538 2242 1627 2296 illa
1660 2244 1819 2297 etiam
1844 2246 2087 2315 gloriosa

510 2330 733 2393 pr0pter
762 2327 1038 2382 conditum
1062 2331 1117 2384 in
1156 2345 1218 2386 ea
1254 2333 1535 2403 templum,
1563 2336 1809 2406 capietur
1834 2336 2092 2392 Hierusa-

511 2417 639 2469 lem.

2190 2056 2318 2118 τοὺς
2347 2054 2639 2124 πολεμίους
2667 2055 2910 2124 ἄγοντος,
2945 2055 2995 2108 οἳ
3032 2056 3141 2109 τῶν
3172 2055 3280 2109 σῶν
3309 2057 3531 2125 ἀγαθῶν
3560 2057 3782 2111 ἔσονται

2192 2146 2536 2218 κληρονόμοι.
2574 2166 2595 2197 ι
2643 2148 2985 2201 Κατοικοῦσα
3031 2148 3253 2219 Λάχεις,
3297 2149 3631 2220 κληρονομία
3667 2150 3785 2216 ἓως

2205 2238 2467 2307 Ὀδολλὰμ
2487 2238 2626 2307 ἥξει,
2653 2238 2780 2305 δόξα
2804 2240 2904 2310 τῆς
2935 2238 3203 2308 θυγατρὸς
3229 2239 3386 2294 Σιών.
3424 2259 3441 2292 ι
3474 2240 3537 2294 Οἳ
3565 2242 3657 2295 καὶ
3675 2242 3786 2312 τὴν

2191 2331 2392 2401 Λάχεις
2427 2334 2738 2403 κτήσονται,
2774 2332 2868 2384 καὶ
2897 2330 3057 2402 ἄχρις
3096 2330 3359 2402 Ὀδολλὰμ
3389 2332 3488 2403 τὴν
3519 2332 3785 2403 κληρονο-

2204 2424 2333 2495 μίαν
2367 2425 2645 2478 ἐκτενοῦσι
2694 2423 2793 2495 τὴν
2839 2424 3076 2477 οἰκείαν·
3114 2421 3199 2476 ῐνα
3240 2424 3390 2496 εἴπῃ,
3416 2425 3601 2479 Πᾶσαν
3646 2425 3785 2478 καθ·-

513 2510 690 2576 έξουσι
730 2514 829 2587 τὴν
877 2508 982 2586 γῆν
1025 2516 1125 2587 τῆς
1166 2517 1528 2587 ἐπαγγελίας·
1562 2519 1636 2590 (p.
1672 2519 1800 2590 267)
1848 2519 1983 2590 πρὸς
2023 2513 2105 2584 οἷς
2153 2517 2248 2571 καὶ
2291 2518 2324 2587 ἡ
2367 2516 2611 2583 ἐπίδοξος
2651 2513 2789 2570 εἶναι
2833 2515 3065 2569 δοκοῦσα
3107 2514 3195 2569 διὰ
3232 2515 3324 2567 τὸν
3358 2516 3416 2568 ὲν
3462 2519 3599 2588 αὐτῇ
3648 2518 3780 2570 ναὸν

510 2607 849 2681 ληφθήσεται
883 2614 915 2682 ή
954 2613 1331 2685 Ἰερουσαλήμ.

2260 2704 2417 2767 Τινὲς
2445 2704 2502 2757 δὲ
2532 2701 2740 2771 ἔφασαν
2763 2703 2898 2773 πρὸς
2925 2702 3025 2773 τὴν
3054 2702 3253 2772 Λάχεις
3284 2703 3460 2772 λέγειν
3480 2702 3653 2756 ταῦτα
3679 2702 3777 2756 τὸν

582 2703 837 2760 Nonnulli
880 2708 1153 2773 dixerunt,
1191 2709 1305 2766 haec
1344 2712 1488 2782 loqui
1531 2712 1848 2783 prophetam
1901 2722 2091 2768 contra

511 2794 729 2860 Lachis,
767 2799 894 2867 quia
922 2813 1100 2867 regem
1130 2799 1431 2856 Amessiam
1473 2802 1748 2857 occiderat
1781 2821 1795 2857 :
1828 2818 1952 2857 nam
1986 2805 2090 2873 pri-

2196 2794 2500 2865 προφήτην,
2529 2792 2604 2854 ὡς
2628 2792 2731 2887 τὸν1⁸
2762 2791 3053 2862 Ἀμεσσίαν
3077 2791 3371 2845 ἀνελοῦσαν
3394 2793 3482 2844 τὸν
3512 2791 3773 2861 βασιλέα·

511 2901 601 2941 mo
628 2887 896 2956 ejusmodi
940 2891 992 2943 in
1024 2892 1113 2945 illa
1153 2892 1290 2947 urbe
1318 2892 1532 2948 facinus
1580 2892 1681 2948 fuit
1711 2895 1914 2965 proprii
1948 2895 2092 2961 regis

2196 2884 2378 2954 ἐπειδὴ
2404 2884 2561 2936 τοῦτο
2592 2882 2804 2955 πρῶτον
2836 2882 3105 2954 ἐτολμήθη
3137 2886 3268 2955 παρ’
3292 2887 3475 2948 αὐτοῖς
3495 2885 3557 2937 τὸ
3575 2886 3776 2937 οἰκεῖον

511 2979 827 3047 occidendi;
867 2996 990 3034 cum
1032 2982 1174 3052 apud
1226 2983 1413 3039 decem
1472 2985 1712 3041 tribuum
1764 3002 1987 3056 regnum
2040 2988 2093 3043 id

2196 2979 2396 3033 ἀνελεῖν
2429 2978 2672 3049 βασιλέα,
2706 2978 2970 3049 πρότερόν
3008 2995 3071 3047 γε
3111 2980 3169 3030 ὲν
3203 2979 3270 3049 τῇ
3301 2977 3407 3030 τῶν
3438 2978 3569 3029 δέκα
3595 2976 3776 3045 φυλῶν

514 3086 659 3140 saepe
694 3071 806 3141 jam
848 3073 1159 3129 accidisset.
1202 3076 1363 3144 Atqui
1406 3076 1510 3132 hoc
1556 3084 1729 3132 totum
1779 3079 2088 3136 fabulosum

2197 3068 2444 3140 βασιλείᾳ
2471 3069 2660 3123 τούτου
2687 3069 2969 3138 γεγονότος
3003 3068 3264 3133 πολλάκις
3283 3085 3295 3098 ’
3329 3068 3443 3121 ἔστι
3470 3068 3526 3121 δὲ
3570 3084 3777 3122 παντα-

516 3161 823 3232 falsumque
849 3164 1031 3219 videre
1068 3174 1184 3228 est,
1217 3166 1285 3219 ab
1324 3166 1391 3223 iis
1435 3168 1797 3238 excogitatum
1828 3171 1922 3240 qui
1966 3187 2093 3240 pro-

2196 3160 2354 3230 χόθεν
2388 3161 2554 3231 μῦθον
2588 3163 2681 3214 καὶ
2723 3160 2948 3230 πλάσμα
2979 3159 3041 3213 τὸ
3082 3159 3244 3230 ῥηθὲν
3289 3160 3438 3223 ἰδεῖν,
3472 3160 3776 3231 ηὑρημένρν

513 3254 729 3324 pheiica
770 3256 936 3309 verba
970 3271 1079 3310 non
1120 3257 1522 3312 intellexerunt.
1552 3258 1686 3313 Nam
1737 3275 1839 3316 nec
1884 3262 2093 3332 primus

2198 3252 2308 3306 ἀπὸ
2357 3252 2465 3305 τῶν
2510 3251 2610 3323 τὴν
2674 3254 3021 3324 προφητικὴν
3066 3252 3126 3305 οὐ
3180 3251 3515 3322 νενοηκότων
3561 3255 3773 3321 φωνήν·

509 3343 669 3401 Ιιιίιειι
689 3346 865 3402 tribus
895 3363 1080 3417 regum
1119 3349 1397 3404 Amessias
1440 3350 1744 3416 proditione
1782 3328 2093 3407 fuit-inter-

2196 3341 2318 3395 οὔτε
2346 3343 2453 3414 γὰρ
2497 3344 2788 3416 Ἀμεσσίας
2826 3344 3041 3416 πρῶτος
3084 3346 3149 3397 ὲκ
3195 3344 3303 3399 τῶν
3338 3343 3645 3415 τῆς”Ιούδα
3675 3343 3776 3413 βα-

514 3449 762 3509 cmptus;
813 3453 939 3492 nam
977 3436 1175 3495 Joasus
1216 3449 1370 3510 pater
1413 3441 1533 3511 ejus
1573 3451 1734 3498 antea
1786 3443 1888 3498 hoc
1933 3426 2097 3499 modo

515 3532 696 3585 fuerat
725 3531 1062 3598 exstinctus,
1093 3539 1149 3585 ut
1192 3530 1397 3602 Regum
1432 3534 1661 3589 historia
1702 3537 1869 3590 tradit
1905 3537 1971 3600 ⁷⁸,
2011 3537 2096 3593 di-

515 3637 648 3677 cens
680 3640 693 3676 :
728 3641 746 3675 ι
788 3621 1203 3678 lnsurrexerunt
1243 3625 1383 3679 servi
1425 3624 1595 3690 Joasi,
1628 3634 1682 3682 et
1719 3628 2097 3697 conjuratione

517 3718 573 3772 in
597 3730 718 3771 eum
759 3722 988 3778 structa,
1027 3726 1564 3786 percusserunteum
1601 3736 1614 3771 :
1656 3737 1674 3770 ι
1711 3735 1848 3789 quos
1876 3721 2095 3790 quidem

517 3810 636 3878 ipse
683 3807 981 3873 Amessias,
1032 3807 1179 3862 illius
1213 3808 1377 3874 ﬁlius,
1435 3824 1605 3879 regno
1652 3813 1855 3879 potitus
1910 3816 2097 3880 postea

515 3897 679 3967 cepit,
708 3904 915 3966 patrem
941 3911 1097 3950 suum
1122 3897 1392 3953 ulciscens
1418 3913 1432 3951 :
1462 3898 1530 3953 de
1552 3914 1662 3969 quo
1681 3900 1799 3969 ipso
1811 3899 1887 3953 ait
1912 3898 2098 3968 Scrip-

515 3996 639 4043 tura
668 4003 682 4040 :
714 3990 777 4041 Et
809 3984 1013 4041 factum
1041 3996 1146 4051 est,
1179 3997 1464 4058 postquam
1492 4005 1721 4061 regnum
1753 3992 1806 4045 in
1834 3990 2097 4047 Amessiaa

518 4093 681 4132 manu
709 4078 1091 4132 conﬁrmatum
1146 4078 1268 4142 fuit,
1301 4081 1575 4150 percussit
1606 4094 1807 4155 servos
1841 4098 1970 4137 suos
2002 4082 2095 4154 qui

446 4232 449 4233 ν
519 4169 694 4240 ipsius
735 4169 895 4238 176
930 4177 1314 4238 percusserant
1356 4169 1424 4222 ⁷⁸.
1480 4168 1747 4225 Praeterea
1788 4174 2094 4231 Amessiam

516 4278 630 4316 non
682 4263 936 4315 videntur
982 4258 1180 4315 Lachis
1242 4262 1391 4316 cives
1439 4261 1730 4317 occidisse.
1795 4262 1886 4319 Sic
1950 4268 2094 4322 enim

517 4355 784 4424 scriptum
816 4360 899 4409 est
936 4371 948 4407 :
998 4351 1064 4407 Et
1102 4354 1350 4407 revoluta
1401 4360 1486 4407 est
1531 4354 1790 4409 contritio
1835 4356 2097 4417 adversus

518 4448 821 4502 Amessiam
885 4447 941 4502 in
988 4444 1351 4514 Hierusalem,
1417 4446 1510 4517 qui
1574 4446 1712 4520 fugit
1772 4450 1827 4505 in
1875 4449 2093 4508 Lacliis.

519 4540 781 4611 Missique
836 4546 966 4596 sunt
1020 4547 1142 4610 post
1170 4554 1296 4593 eum
1348 4537 1599 4596 homines
1632 4540 1701 4595 ad
1741 4539 1960 4611 Lachis,
2002 4544 2097 4615 qui

515 4633 696 4702 ipsum
751 4632 825 4688 ibi
882 4631 1292 4697 interfecerunt,
1359 4630 1747 4704 sublatumque
1817 4636 1873 4690 in
1928 4651 2093 4706 equo,

518 4722 912 4795 Hierosolymis
939 4725 1291 4793 sepelierunt.
1345 4723 1424 4779 Ex
1451 4742 1560 4796 quo
1588 4728 1879 4785 manifeste
1905 4737 2096 4785 osten-

516 4814 668 4870 ditur
711 4817 1126 4871 consurrexisse
1191 4817 1452 4875 adversus
1518 4836 1643 4875 eum
1693 4821 1962 4890 quosdam
2027 4823 2096 4878 de

518 4905 935 4978 Hierosolymis.
989 4907 1396 4979 fugientemque
1445 4910 1499 4964 in
1531 4910 1727 4967 Lachis
1769 4913 1954 4968 missis
2003 4914 2094 4969 ho-

518 4998 761 5053 minibus
790 4999 1080 5054 occidisse.
1104 4996 1196 5054 Sic
1217 5015 1348 5071 ergo
1368 5002 1594 5058 evidens
1626 5002 1809 5058 fabula
1838 5004 2092 5058 convicta

511 5099 623 5149 est.
663 5091 831 5146 Porro
858 5089 1055 5145 Lacliis
1075 5092 1338 5161 propheta
1375 5094 1692 5165 alloquitur,
1742 5095 1798 5148 in
1831 5095 1951 5164 ejus
1995 5111 2095 5150 no-

515 5186 683 5251 mine,
711 5193 972 5255 tanquam
1007 5184 1062 5238 in
1094 5196 1272 5255 parte,
1299 5201 1389 5243 res
1418 5183 1574 5243 Judae
1601 5203 1771 5259 regno
1802 5197 2093 5246 eventuras

517 5293 751 5333 narrans
779 5295 793 5331 :
823 5276 1278 5347 quemadmodum
1303 5285 1359 5334 et
1391 5279 1458 5333 de
1479 5278 1726 5333 Samaria
1761 5279 1974 5336 locutus
1988 5292 2093 5349 est;

519 5377 703 5441 utpote
732 5370 824 5438 qui
846 5368 913 5423 de
947 5376 1177 5439 utroque
1206 5370 1370 5425 simul
1421 5383 1592 5437 regno
1627 5379 1680 5424 et
1713 5369 1982 5426 visionem
2010 5372 2102 5448 vi-.

517 5462 674 5518 derat
711 5469 766 5517 et
795 5460 1137 5530 loquebatur,
1191 5461 1335 5516 sicut
1372 5459 1615 5514 vaticinii
1657 5461 1942 5517 exordium
1973 5478 2102 5534 per-

520 5554 708 5623 spicue
736 5550 995 5607 ostendit.
1023 5548 1143 5607 Jam
1174 5551 1241 5605 de
1272 5548 1471 5604 Lachis
1500 5549 1579 5604 sic
1623 5551 1797 5623 pergil
1835 5554 2098 5625 ιπουιιειει

513 5643 700 5700 dicere
730 5666 743 5702 :

592 5732 758 5788 Vitas.
816 5730 898 5787 l6.
947 5763 1020 5775 —-
1064 5749 1084 5784 ι
1150 5728 1468 5785 Decalvator
1517 5736 1573 5786 et
1627 5731 1878 5791 tondetor
1932 5752 2097 5809 super
2160 5763 2169 5768 ’

588 5911 636 5944 ’⁸
658 5908 727 5966 ιν
760 5910 892 5983 Reg.
928 5925 1025 5977 ιη,
1056 5910 1126 5964 20
1235 5909 1280 5943 ⁷⁸
1310 5909 1376 5966 lV
1407 5907 1538 5983 Reg.
1568 5926 1676 5979 inv,
1708 5911 1756 5970 5.

2197 3435 2558 3491 σιλευσάντων
2590 3436 2761 3506 φυλῆς
2793 3436 2853 3500 ἐξ
2879 3436 3172 3506 ἐπιϐουλῆς
3195 3436 3455 3508 ἀνῃρέθη,
3500 3435 3651 3498 Ἰώας
3681 3436 3776 3488 τοῦ

2195 3527 2403 3598 πατρὸς
2451 3527 2616 3581 αὐτοῦ
2670 3528 2933 3598 πρότερον
2973 3528 3349 3598 ἀναιρεθέντος
3399 3526 3591 3591 οὕτως,
3624 3527 3700 3591 ὡς
3739 3530 3775 3600 ή

2195 3618 2303 3672 τῶν
2318 3618 2616 3673 Βασιλειῶν
2639 3619 2847 3689 ἱστορία
2870 3618 3019 3689 δηλοῖ
3039 3618 3290 3687 λέγουσα,
3308 3620 3389 3671 ὅτι
3412 3638 3429 3669 ι
3453 3614 3778 3689 Ἀνέστησαν

2195 3710 2246 3762 oi
2279 3709 2456 3763 δοῦλοι
2503 3709 2598 3763 τοῦ
2649 3709 2821 3774 Ἱώας,
2870 3710 2964 3763 καὶ
3013 3710 3277 3781 ἐποίησαν
3323 3710 3639 3780 σύνδεσμον,
3682 3711 3779 3764 καὶ

2200 3804 2441 3876 συνῆψαν
2458 3805 2544 3857 ἐπ’
2562 3803 2744 3871 αὑτὸν,
2764 3803 2858 3857 καὶ
2870 3804 3145 3868 ἐπάταξαν
3158 3801 3339 3857 σίὐτόν·
3361 3802 3569 3874 οὕσπερ
3581 3799 3671 3856 οὖν
3685 3803 3781 3856 καὶ
3896 3842 3913 3853 ,

2211 3896 2505 3967 Ἀμεσσίας
2533 3898 2561 3949 ὁ
2588 3894 2777 3949 τούτου
2800 3896 2914 3958 υίὸς
2941 3894 3224 3966 παρελθὼν
3254 3898 3334 3959 εἰς
3368 3898 3466 3967 τὴν
3498 3893 3774 3964 βασιλείαν
3811 3964 3815 3968 Α

2195 3982 2341 4041 εἶλεν
2393 3986 2641 4059 ὕστερον,
2677 3986 2769 4040 τὸν
2815 3987 2974 4056 φόνον
3018 3986 3249 4040 ἐκδικῶν
3284 3985 3380 4040 τοῦ
3428 3987 3634 4058 πατρὸς
3682 3985 3781 4039 τοῦ

2197 4080 2396 4133 οίκείου
2420 4097 2433 4111 ·
2489 4080 2617 4153 περὶ
2668 4072 2730 4132 οὗ
2769 4080 2863 4133 καὶ
2895 4078 3060 4132 αὐτοῦ
3096 4095 3228 4149 φησι
3253 4096 3266 4109 ·
3304 4080 3415 4132 Καὶ
3463 4080 3678 4148 ἐγένετο
3704 4078 3779 4142 ὡς

2197 4170 2541 4241 ὲκραταιώθη
2568 4173 2601 4243 ὴ
2632 4171 2880 4241 βασιλεία
2914 4172 2972 4223 ὲν
3005 4174 3069 4242 τῇ
3107 4171 3252 4242 χειρί¹
3297 4171 3612 4242 Ἀμεσσίου,
3646 4171 3779 4223 ἐπά-

2196 4265 2324 4330 ταξε
2348 4267 2473 4329 τοὺς
2504 4266 2701 4330 παῖδας
2725 4266 2891 4320 αὑτοῦ
2920 4268 3046 4329 τοὺς
3077 4267 3423 4333 ποι-τάξαντας
3453 4266 3543 4321 τὸν
3567 4267 3779 4339 πατέρα

2197 4358 2393 4414 αὑτοῦ·
2438 4361 2533 4414 καὶ
2580 4360 2672 4415 τὸν
2719 4359 3013 4431 ’Λμεσσίαν
3060 4360 3117 4413 δὲ
3144 4359 3247 4430 οὐχ
3284 4362 3331 4413 οἱ
3368 4361 3425 4413 ὲν
3460 4360 3657 4431 Λάχεις
3690 4361 3778 4412 ἀν-

2196 4452 2407 4517 ελόντες
2440 4452 2739 4521 φαίνονται*
2767 4451 2914 4520 λέγει
2936 4450 3045 4522 γάρ
3065 4450 3256 4514 οὕτως’
3296 4452 3405 4504 Καὶ
3434 4452 3777 4522 συνεπράὶπλ

2198 4544 2512 4616 σύντριμμα
2539 4545 2634 4596 ἐπὶ
2683 4543 2976 4615 Ἀμεσσίαν
3003 4546 3062 4597 ὲν
3102 4542 3488 4616 Ἰερουσαλήμ·
3531 4545 3624 4598 καὶ
3650 4544 3777 4613 ἔφυ-

2197 4651 2293 4703 γεν
2322 4635 2401 4697 είς
2428 4635 2646 4703 Λάχεις,
2672 4634 2769 4686 καὶ
2791 4633 3141 4687 ἐθανάτωσαν
3165 4633 3325 4686 αὑτὸν
3353 4636 3496 4687 ἐκεῖ·
3522 4636 3617 4689 καὶ
3638 4631 3776 4707 ἦραν

2178 4725 2295 4778 ιὲπὶ
2317 4725 2411 4778 τὸν
2440 4725 2639 4791 ἵππον,
2683 4724 2760 4794 (p.
2788 4723 2918 4795 268)
2962 4725 3058 4778 καὶ
3092 4725 3266 4796 ἐτάφη
3303 4726 3361 4778 ὲν
3400 4726 3772 4799 Ἰερουσαλήμ·

2202 4814 2389 4885 σαφῶς
2415 4813 2665 4886 δηλώσας
2692 4815 2774 4868 ὄτι
2806 4816 3187 4888 ἐπανέστησαν
3212 4816 3360 4887 αὐτῷ
3392 4834 3537 4881 τινες
3566 4819 3659 4872 ἐπὶ
3684 4820 3776 4889 τῆς

2210 4907 2586 4979 Ἰερουσαλὴμ,
2617 4906 2668 4959 οἳ
2727 4909 3111 4977 καταφυγόντα
3142 4911 3220 4972 εἰς
3263 4910 3362 4978 τὴν
3398 4909 3600 4980 Λάχεις
3650 4910 3777 4963 ἁπο-

2200 4998 2506 5063 στείλαντες
2535 4997 2766 5054 ἀνεῖλον.
2799 5000 2969 5054 Τοῦτο
2995 5001 3094 5072 μὲν
3121 4997 3213 5054 οὖν
3247 4999 3507 5072 ἄντικρυς
3534 5003 3775 5071 φαίνεται

2200 5091 2459 5161 πλάσμα·
2489 5091 2626 5163 πρὸς
2676 5092 2732 5146 δὲ
2768 5093 2868 5163 τήν
2919 5094 3119 5164 Λάχεις
3145 5092 3174 5146 ὁ
3225 5095 3511 5165 προφήτης
3548 5096 3775 5147 ποιεῖται

2198 5184 2291 5236 τὸν
2335 5183 2513 5251 λόγον,
2553 5182 2613 5249 ἐξ
2665 5186 2881 5257 ἐκείνης
2905 5186 2981 5249 ὡς
3015 5184 3123 5239 ἀπὸ
3155 5184 3356 5257 μέρους
3407 5188 3476 5240 τά
3510 5188 3640 5258 περὶ
3684 5186 3775 5257 τὴν

2214 5274 2383 5330 Ἰούδα
2409 5276 2684 5347 βασιλείαν
2707 5278 3096 5351 συμϐησόμενα
3122 5278 3297 5347 λέγων
3313 5296 3326 5308 ·
3346 5280 3514 5351 ὅνπερ
3540 5274 3633 5331 οὖν
3656 5278 3775 5349 τρό-

2198 5386 2299 5424 πον
2336 5371 2430 5424 καὶ
2457 5369 2527 5424 τὰ
2551 5373 2677 5443 περὶ
2707 5371 3020 5442 Σαμάρειαν
3042 5366 3194 5424 εἶπεν
3214 5387 3227 5399 ’
3264 5369 3341 5434 ὼς
3368 5369 3510 5441 ὑπὲρ
3544 5369 3777 5440 ἀμφοτέ-

2202 5478 2310 5533 ρων
2357 5464 2452 5516 καὶ
2487 5463 2770 5532 ἑωρακὼς,
2806 5464 2900 5516 καὶ
2954 5461 3149 5531 λέγων,
3198 5460 3342 5515 καθὰ
3387 5460 3449 5513 τὸ
3486 5460 3775 5531 προοίμιον

2198 5550 2388 5624 ἐδήλου
2457 5552 2642 5622 σαφῶς
2665 5571 2680 5584 ·
2732 5548 2869 5625 πρὸς
2923 5554 2990 5624 ἦν
3050 5552 3359 5608 ἀκολουθῶν
3415 5552 3444 5606 ὁ
3499 5552 3775 5626 προφήτης

2199 5644 2376 5716 ἐαυτῷ
2408 5662 2541 5717 φησι
2561 5662 2575 5676 ·

2275 5738 2424 5810 Στίχ.
2463 5747 2657 5805 ις¹.--ι
2682 5737 2924 5811 Ξύρησαι
2952 5737 3048 5794 καὶ
3080 5738 3262 5809 κεῖραι
3289 5735 3382 5790 ἐπὶ
3407 5732 3476 5790 τά
3500 5732 3667 5790 τέκνα
3687 5748 3772 5788 σου
