4102 6458
174 308 284 370 353
1204 322 1759 386 COMMENTARIUS
1796 326 1866 386 IN
1903 328 2214 392 MICHEIE
2249 337 2404 396 CAP.
2446 341 2516 399 Il.
3400 348 3508 410 555

174 427 241 482 τὰ
273 426 578 500 τρυφερά·
617 428 965 501 ἐμπλάτυνον
992 432 1092 509 τὴν
1126 437 1356 511 ξύρησίν
1386 461 1481 498 σου
1511 446 1588 511 ὡς
1623 447 1781 510 ἀετὸς

1915 449 2054 505 tilios
2079 452 2345 511 delicatos
2374 462 2537 514 tuos:
2580 454 2747 513 dilata
2806 457 3085 514 calvitium
3121 464 3300 529 tuum,
3355 465 3506 520 sicut

173 521 258 575 δτι
298 521 839 596 ᾐχμαλωτεύθησαν
888 528 999 583 ἀπὺ
1047 530 1164 587 σοῦ.
1214 552 1233 585 ι
1273 535 1500 593 Πενθεῖν
1543 538 1652 611 γάρ
1700 555 1781 592 σοι

1911 540 2115 610 aquila.
2151 544 2412 613 quoniam
2464 547 2666 617 captivi
2700 547 2921 603 abducti
2948 557 3080 605 sunt
3108 566 3174 606 ex
3198 521 3336 610 text
3393 552 3508 610 Lu-

174 614 369 684 φησὶν,
406 615 699 687 ἁρμόττον
723 617 822 691 τὴν
848 621 1230 692 αἰχμαλωσίαν
1270 627 1382 680 τῶν
1409 629 1519 683 σῶν
1545 643 1558 657 ·
1586 628 1640 684 οἳ
1671 631 1781 701 πρό

1908 648 2036 701 gere
2064 635 2209 689 enim
2243 644 2294 693 te
2320 614 2930 711 oportet—captivitatem
2949 654 3189 710 tuorum,
3216 649 3308 718 qui
3338 658 3502 706 antea

170 716 337 776 τερον
387 705 502 775 μὲν
534 706 619 770 ὡς
670 709 729 761 ὲν
770 712 995 775 οἰκείοις
1036 714 1191 783 μετὰ
1234 717 1438 787 πολλῆς
1476 718 1661 790 διῆγον
1703 721 1781 790 τῆι

1914 732 2173 794 tanquam
2207 726 2264 782 in
2322 705 2499 798 patria
2554 705 2787 788 delicate
2829 736 3105 802 vivebant,
3163 705 3308 796 nunc
3369 758 3502 800 vero

172 796 417 866 τρυφῆς,
447 796 555 851 νῦν
595 799 654 852 δὲ
698 800 809 854 τῶν
839 806 941 874 τῆς
961 805 1341 876 αἰχμαλωσίας
1378 812 1803 883 πειραθήσονται

175 889 366 942 κακῶν
384 908 397 917 ο
419 889 491 941 τὸ
513 889 596 955 δὲ,
641 910 661 945 ι
693 893 971 949 Πλάτυνον
992 898 1091 968 τὴν
1121 898 1349 971 ξύρησίν
1367 918 1461 955 σου
1486 903 1563 967 ὡς
1586 903 1796 969 de:ng

178 979 348 1048 λέγει,
384 981 598 1055 ἐπειδὴ
627 983 849 1039 ἅπαντα
877 988 1019 1041 κατὰ
1064 992 1257 1065 καιρὸν
1293 994 1620 1049 ἀποϐάλλειν
1651 998 1803 1051 τουτὶ

177 1072 230 1124 τὸ
257 1074 462 1144 ὄρνεον
512 1075 588 1129 τὰ
624 1077 802 1130 οίκεϊα
849 1077 1068 1147 λέγεται
1095 1083 1290 1153 πτερά.
1322 1078 1458 1139 Εἶτα
1502 1086 1598 1140 καὶ
1628 1087 1799 1156 λέγει,

188 1167 313 1220 κατὰ
337 1166 410 1219 τὸ
440 1166 673 1234 είωθὸς,
706 1168 818 1222 τῶν
842 1171 1032 1226 κακῶν
1062 1173 1160 1245 τὴν
1194 1175 1397 1233 αἰτίαν.

859 1265 1020 1319 ΚΕΦ.
1063 1266 1139 1319 B’.

236 1349 396 1421 Στίχ.
458 1358 627 1423 α’-γ’.
674 1384 748 1395 -
788 1372 809 1407 ι
852 1357 1133 1426 Ἐγένοντο
1171 1360 1511 1435 λογιζόμενοι
1570 1366 1795 1433 κόπους,

169 1442 257 1494 καὶ
311 1444 706 1515 ἐργαζόμενοι
751 1448 901 1502 κακὰ
934 1450 992 1503 ὲν
1024 1452 1145 1516 ταῖς
1194 1454 1404 1519 κοίταις
1445 1456 1625 1510 αὐτῶν
1651 1474 1667 1490 ο
1702 1459 1799 1513 καὶ

169 1534 281 1596 ἅμα
328 1537 404 1604 τῇ
464 1535 665 1607 ἡμέρᾳ
718 1538 1040 1594 συνετέλουν
1087 1542 1264 1598 αὐτά·
1305 1562 1325 1595 ι
1378 1546 1452 1617 (p.
1506 1546 1634 1616 269)
1675 1548 1797 1604 ἀντὶ

163 1625 279 1687 τοῦ,
316 1628 634 1682 Διετέλουν
664 1630 924 1696 τοιαύτας
949 1634 1008 1686 ἐν
1037 1634 1252 1700 ἑαυτοῖς
1282 1638 1679 1711 συστρέφοντες
1702 1642 1795 1696 ὲν-

161 1717 332 1781 νοίας,
372 1721 481 1787 ἀφ’
525 1714 608 1774 ὧν
648 1721 872 1789 τούτους
900 1726 1115 1790 ἑαυτοῖς
1139 1728 1519 1802 ἀπεγέννησαν
1545 1734 1674 1798 τοὺς
1699 1735 1794 1801 κό-

162 1826 315 1877 πους,
349 1812 784 1879 ἁνατυποῦντες
816 1817 917 1885 μὲν
939 1820 1032 1874 ἐπὶ
1062 1822 1161 1893 τῆς
1183 1796 1368 1893 κοίτης
1393 1796 1495 1893 τῆς
1520 1796 1665 1890 ἰδίας
1684 1796 1792 1880 τῶν
1826 1796 1868 1852 Β

161 1905 388 1958 ἀτόπων
428 1905 544 1978 τὴν
586 1910 891 1979 ἐργασίαν
924 1914 1135 1983 ἡμέρας
1164 1913 1222 1967 δὲ
1258 1917 1581 1989 γενομένης,
1619 1919 1792 1990 πέρας

161 1998 267 2057 τοῖς
295 1998 628 2071 μοχθηροῖς
652 2000 838 2055 αὐτῶν
858 2004 1195 2070 ἐπιτιθέντες
1217 2005 1568 2078 βουλεύμασι.
1598 2028 1618 2061 ι
1646 2010 1792 2063 Διό-τι

159 2088 256 2140 οὐκ
283 2083 447 2159 ἦραν
480 2090 633 2162 πρὸς
669 2094 762 2146 τὸν
803 2093 938 2148 Θεὸν
986 2098 1176 2168 χεῖρας
1217 2098 1399 2154 αὐτῶν
1425 2115 1439 2130 ·
1468 2099 1564 2153 καὶ
1596 2101 1792 2154 ἐπεθύ-

160 2195 292 2251 μουν
329 2182 586 2252 ἀγροὺς,
628 2184 724 2238 καὶ
765 2185 1068 2257 διήρπαζον
1111 2189 1406 2261 ὀρφανοὺς,
1460 2192 1556 2246 καὶ
1605 2192 1791 2256 οἴκους

157 2272 676 2340 κατεδυνάστευον,
709 2279 804 2332 καὶ
837 2278 1138 2349 διήρπαζον
1165 2281 1357 2357 ἄνδρα,
1384 2284 1481 2337 καὶ
1516 2285 1609 2338 τὸν
1640 2281 1789 2338 οἷκον

158 2364 347 2428 αὐτοῦ,
378 2367 568 2439 ἄνδρα
604 2370 701 2422 καὶ
722 2370 823 2441 τὴν
846 2371 1212 2444 κληρονομίαν
1235 2375 1426 2430 αὑτοῦ.
1461 2394 1482 2427 ι
1515 2376 1660 2447 Πρὸς
1688 2378 1787 2448 μὲν

155 2456 263 2527 γὰρ
294 2456 447 2511 Θεὸν
474 2459 698 2532 ἀφορᾷν
725 2462 827 2515 οὐκ
858 2462 1162 2527 ἐϐούλοντο.
1193 2466 1314 2520 οὐδέ
1343 2485 1464 2521 τινα
1492 2467 1648 2537 λόγον
1678 2469 1787 2522 τῶν

159 2552 289 2622 παρ’
320 2550 509 2604 αὑτοῦ
542 2552 1063 2627 νενομοθετημένων
1096 2559 1402 2613 ποιεῖσθαι·
1435 2560 1565 2633 περὶ
1599 2560 1655 2613 δὲ
1682 2560 1787 2624 τὰς

154 2641 265 2697 τῶν
285 2643 618 2715 ἀλλοτρίων
642 2646 941 2717 ἐπιθυμίας
974 2649 1321 2720 ἠσχολοῦντο,
1343 2652 1444 2721 ’καὶ
1477 2652 1583 2705 τῶν
1610 2654 1783 2725 άπρο·

162 2739 531 2792 στασιάστων
569 2740 668 2793 καὶ
700 2742 954 2812 πενήτων
986 2743 1287 2814 διήρπαζον
1316 2745 1385 2799 τὰ
1406 2747 1683 2817 κτήματα,
1706 2747 1787 2811 είς

153 2829 365 2883 ἄτοπον
396 2834 470 2903 τῇ
504 2831 1233 2906 ἑαυτῶνπκατακεχρημένοι
1269 2836 1580 2909 δυναστείᾳ.
1615 2857 1635 2890 ι
1687 2840 1786 2893 Διὰ

155 2920 316 2976 τοῦτο
351 2924 494 2977 τάδε
554 2924 706 2994 λέγει
756 2925 993 2998 Κύριος·
1035 2928 1176 2984 Ἰδοὺ
1213 2928 1326 2998 ἐγὼ
1368 2930 1658 3001 λογίζομαι
1690 2932 1786 2986 ἐπὶ

152 3014 250 3085 τὴν
278 3016 475 3089 φυλὴν
508 3015 727 3089 ταύτην
755 3019 921 3084 κακὰ,
941 3019 1001 3085 ὲξ
1017 3015 1091 3074 ὧν
1110 3022 1172 3075 οὐ
1193 3022 1459 3095 μὴ-ἄρητε
1488 3026 1616 3088 τοὺς
1646 3042 1783 3097 τρα-

1908 817 2241 885 captivitatis
2278 821 2419 874 mala
2452 824 2771 892 gustabunt.
2799 827 2941 893 Jam,
2978 846 2996 880 ι
3022 827 3189 886 Dilata
3217 833 3500 890 calvitium

1908 914 2060 963 tuum
2098 918 2157 965 ut
2197 913 2405 983 aquila,
2435 934 2455 966 ι
2489 916 2585 983 ait,
2616 919 2746 988 quia
2774 918 2892 974 haec
2930 922 3049 978 avis
3071 932 3223 979 certo
3253 933 3342 980 ten
3366 942 3502 997 pore

1905 1010 2136 1059 cunctas
2189 1020 2321 1062 suas
2373 1008 2611 1079 abjicere
2667 1012 2904 1067 traditur
2953 1016 3170 1085 pmnas.
3228 1017 3498 1091 Deinceps

1904 1108 2058 1151 more
2086 1111 2186 1152 suo
2219 1113 2445 1157 causam
2475 1102 2744 1159 malorum
2776 1106 2993 1163 recitat.

2581 1288 2736 1347 CAP.
2780 1292 2869 1347 Ill.

1973 1369 2139 1429 Vens.
2169 1360 2282 1431 1-3.
2312 1408 2374 1417 —
2409 1396 2428 1430 ι
2462 1378 2614 1435 Facti
2654 1393 2782 1437 sunt
2812 1384 3120 1455 cogitantes
3156 1389 3391 1452 labores.
3439 1398 3495 1448 et

1900 1475 2193 1535 operantes
2222 1470 2362 1523 mala
2397 1470 2453 1525 in
2485 1458 2760 1530 eubilibus
2811 1477 2948 1539 suis,
2976 1487 3029 1533 et
3070 1480 3190 1536 lucc
3226 1486 3495 1540 matutina

1899 1562 2359 1618 consummabant
2392 1580 2476 1620 ea.
2531 1584 2550 1617 ι
2589 1566 2647 1621 ld
2681 1577 2794 1635 est,
2840 1570 2940 1625 has
2976 1574 3160 1628 animo
3203 1578 3495 1633 versabant

1899 1649 2284 1719 cogitationes,
2316 1654 2459 1712 unde
2500 1657 2633 1728 ipsis
2668 1659 2720 1713 hi
2754 1661 2894 1730 parti
2928 1671 3058 1717 sunt
3089 1664 3329 1730 labores,
3357 1669 3495 1724 ima-

1898 1741 2149 1812 ginantes
2187 1747 2242 1801 in
2276 1746 2416 1803 lecto
2466 1765 2567 1805 suo
2597 1761 2882 1822 protervos
2914 1763 3090 1820 actus,
3127 1766 3180 1812 et
3212 1775 3335 1814 mox
3370 1760 3495 1817 illu-

1898 1842 2153 1890 cescente
2184 1834 2273 1892 die
2294 1840 2523 1894 consilia
2555 1841 2801 1911 improba
2833 1843 2886 1898 in
2909 1861 3021 1901 rem
3053 1847 3489 1907 conferentibus.

1904 1944 1922 1976 ‹
1961 1923 2229 1991 Quoniam
2262 1944 2369 1984 non
2399 1933 2715 1988 extulerunt
2746 1935 2812 1989 ad
2840 1934 3008 1991 Deum
3032 1953 3229 1996 manus
3258 1958 3411 2008 suas,
3437 1951 3493 1998 et

1896 2021 2294 2090 concupiebant
2317 2038 2500 2093 agros,
2525 2032 2578 2080 et
2602 2025 2933 2096 diripiebant
2964 2030 3139 2086 virum
3170 2048 3235 2088 ac
3263 2035 3490 2091 domum

1895 2108 2036 2176 ejus,
2070 2111 2267 2177 virum,
2302 2113 2460 2184 177
2499 2114 2742 2187 inquam,
2778 2126 2832 2172 et
2871 2119 3238 2179 hereditatem
3276 2125 3419 2195 ejus.
3461 2145 3484 2179 ι

1895 2197 2143 2271 Namque
2176 2204 2241 2257 ad
2276 2203 2446 2288 Deum
2478 2209 2753 2278 respicere
2785 2212 3063 2277 nolebant,
3108 2231 3285 2288 neque
3320 2219 3486 2273 ullam

1895 2292 2282 2349 mandatorum
2316 2279 2437 2368 ejus
2469 2300 2739 2356 rationem
2768 2302 3064 2370 habebant,
3096 2316 3148 2361 et
3181 2309 3372 2363 alienzr.
3409 2311 3484 2364 rei

1893 2384 2212 2454 inhiabant,
2253 2396 2307 2442 et
2366 2406 2668 2460 pauperum
2715 2410 2778 2449 ac
2829 2399 3136 2467 patrocinio
3181 2402 3489 2455 carentium

1893 2473 2180 2534 facultates
2207 2479 2560 2550 diripiebant,
2595 2487 2837 2554 potentia
2878 2504 2979 2545 sua
3026 2490 3094 2544 ad
3142 2491 3487 2563 iniquitatem

1892 2566 2200 2624 abutentes.
2241 2589 2260 2621 ι
2312 2569 2608 2641 Propterea
2670 2576 2787 2631 haec
2830 2577 2963 2633 dicit
2988 2579 3250 2636 Dominus
3299 2582 3485 2639 :i‘lcce

1890 2673 1992 2728 ego
2020 2660 2202 2730 cogito
2230 2676 2396 2731 super
2427 2664 2631 2719 tribum
2665 2666 2824 2722 istam
2842 2670 3007 2737 mala,
3031 2685 3096 2724 ex
3132 2673 3336 2740 quibus
3373 2689 3486 2728 non

1891 2754 2152 2811 auferetis
2210 2758 2350 2811 colla
2404 2768 2607 2826 vestra,
2656 2771 2711 2818 et
2758 2777 2868 2818 non
2912 2765 3264 2821 ambulabitis
3315 2768 3485 2823 erecti

1890 2846 2094 2912 subito,
2128 2848 2254 2919 quia
2317 2851 2518 2906 malum
2554 2860 2770 2925 tempus
2815 2864 2920 2911 est.
2960 2874 2979 2908 ι
3018 2855 3246 2928 Pr0pter
3302 2868 3486 2916 vestra

1891 2936 2262 2993 haecconsilia
2306 2949 2362 2994 et
2396 2950 2574 3007 actus,
2622 2945 2786 3000 talem
2813 2947 2969 3002 vobis
2999 2962 3215 3016 puenam
3248 2950 3483 3018 edicam,

1887 3043 1953 3082 ex
1988 3045 2096 3100 qua
2128 3032 2404 3101 respirare
2431 3034 2586 3090 vobis
2617 3051 2727 3090 non
2787 3037 3010 3107 licebit;
3048 3040 3143 3095 sed
3164 3042 3327 3115 curvi
3362 3057 3484 3097 om-

153 3108 359 3177 Ζῆλους
387 3110 582 3179 ὑμῶν,
619 3111 716 3163 καὶ
740 3112 802 3163 οὑ
831 3111 907 3183 μὴ
937 3113 1245 3185 πορευθῆτε
1274 3116 1425 3187 ὀρθοί
1449 3133 1464 3147 °
1495 3116 1780 3190 ἐξαίφνης»

1889 3127 2022 3176 nino
2071 3124 2365 3182 manebitis
2394 3133 2451 3182 et
2497 3128 2666 3183 humo
2706 3131 2865 3200 proni
2905 3131 3008 3187 sub
3039 3132 3484 3190 incumbentium

152 3199 230 3253 ὅτι
263 3203 480 3274 καιρὸς
508 3203 752 3275 πονηρός
792 3207 959 3259 ἐστιν.
996 3224 1016 3258 ι
1061 3206 1233 3278 ’Υπὲρ
1260 3208 1324 3279 δὴ
1368 3208 1575 3262 τούτων
1621 3209 1777 3281 ὑμῶν

1887 3215 2157 3269 malorum
2196 3217 2455 3287 pondere.

151 3292 258 3348 τῶν
283 3312 353 3349 τε
411 3294 815 3366 βουλευμάτων
859 3298 1086 3352 καὶτῶν
1123 3300 1379 3371 πράξεων
1428 3300 1684 3373 τοιαύτην
1717 3304 1847 3375 ὑμῖν
1875 3305 2078 3361 ἔποίσω
2106 3309 2401 3382 τιμωρίαν,
2442 3312 2537 3381 ἀφ’
2565 3309 2635 3385 ἦς
2679 3313 2804 3368 οὐδὲ
2846 3317 3142 3373 ἀνανεῦσαι
3178 3316 3305 3391 ὑμῖν
3331 3321 3485 3377 ἔσται

150 3388 419 3444 δυνατόν·
467 3387 786 3458 διαμενεῖ-ιε
825 3387 884 3442 δὲ
935 3391 1386 3462 συγκεκαμμένοι
1420 3391 1701 3457 παντελῶς
1765 3393 1860 3447 καὶ
1890 3394 2041 3450 κάτω
2084 3397 2334 3464 νεύοντες
2376 3401 2483 3455 ὑπὸ
2528 3402 2624 3456 τοῦ
2662 3406 2930 3476 μεγέθους
2969 3408 3079 3463 τῶν
3118 3387 3484 3484 ἐπικειμένων

152 3498 363 3539 tam.
1384 3520 1397 3525 ’

220 3576 384 3646 Στίχ.
416 3569 490 3640 δ’,
517 3578 583 3627 ε’.
610 3601 684 3612 —
722 3589 741 3623 ι
784 3570 875 3626 Ἑν
900 3575 966 3644 τῇ
1006 3572 1194 3646 ἡμέρᾳ
1231 3573 1414 3646 ἐκείνῃ
1439 3573 1778 3646 ληφθήσεται

152 3668 238 3740 ἐφ’
281 3668 447 3740 ὑμᾶς
516 3662 810 3736 παραϐολὴ
862 3665 959 3718 καὶ
990 3664 1398 3737 θρηνηθήσεται
1454 3665 1672 3739 θρῆνος,
1719 3669 1778 3723 ἐν

158 3761 309 3833 μέλει
336 3758 652 3827 λεγόντωνο
693 3756 1057 3829 Ταλαιπωρίᾳ
1092 3757 1644 3830 ὲταλαιπωρήσαμεν,
1679 3776 1779 3830 με-

155 3855 235 3923 ρὶς
270 3853 417 3908 λαοῦ
451 3868 566 3925 μου
603 3849 996 3922 κατεμετρήθη
1026 3851 1101 3920 (p.
1132 3849 1261 3921 270)
1294 3854 1352 3905 ἐν
1395 3851 1646 3924 σχοινίῳ·
1681 3852 1779 3907 καὶ

146 3947 249 4003 οὐκ
290 3942 369 4019 ἦν
404 3946 437 3999 ὁ
472 3943 746 3998 κωλύσων
776 3942 944 3996 αὐτὸν
980 3940 1078 3995 τοῦ
1115 3943 1495 4014 ἀποστρέψαι·
1523 3946 1572 3998 οι
1615 3945 1779 4019 ἀγροὶ

150 4040 307 4110 ὐμῶν
338 4036 823 4109 διεμετρήθησαν.
848 4038 879 4087 ⁵)
916 4034 1052 4089 Τότε
1086 4034 1154 4107 δὴ
1188 4034 1387 4108 θρῆνος
1417 4038 1547 4109 ὑμῖν
1584 4037 1778 4110 ὀδυνη-

153 4133 241 4203 ρὸς
258 4129 543 4204 ἁρμόσει*
562 4128 628 4181 τὺ
646 4128 756 4201 γὰρ
784 4147 803 4179 ι
823 4130 881 4181 ὲν
902 4128 1055 4200 μέλει
1079 4146 1098 4179 ι
1120 4127 1282 4182 τοῦτο
1303 4129 1472 4199 λέγει.
1502 4132 1601 4185 Ὃν
1622 4133 1779 4204 ποιή-

152 4224 309 4278 σεσθε
326 4223 433 4295 τὴν
452 4220 674 4277 ἑαυτῶν
687 4220 716 4273 θ
725 4220 1012 4293 ρηνοῦντες
1025 4222 1660 4296 ταλαιπωρίαν,ὁρῶντες
1673 4225 1774 4298 τὴν

152 4314 349 4386 μερίδα
396 4312 509 4383 τὴν
535 4309 767 4374 οἰκείαν,
800 4311 1048 4364 τουτέστι
1080 4311 1178 4384 τὴν
1210 4312 1341 4383 ὑμῖν
1384 4315 1770 4387 προσήκουσαν

148 4404 248 4475 γῆν
276 4402 396 4457 ὑπὸ
443 4399 755 4470 ἀλλοτρίων
803 4400 1180 4473 κατεχομένην
1218 4420 1279 4456 τε
1322 4406 1422 4458 καὶ
1458 4404 1770 4479 διαιρουμέ-

148 4513 242 4565 νην
262 4494 505 4557 οὐδενὸς
520 4493 678 4556 ὄντος
706 4492 801 4546 τοῦ
835 4492 1067 4547 κωλύειν
1087 4493 1262 4549 ταῦτα
1290 4498 1591 4579 γιγνόμενα
1610 4500 1768 4554 δυνα-

1958 3572 2127 3631 Vans.
2159 3577 2214 3644 4,
2254 3578 2309 3634 5.
2343 3609 2416 3619 —
2449 3596 2468 3631 ι
2508 3579 2605 3635 Illa
2637 3581 2727 3637 die
2767 3592 3018 3640 sumetur
3062 3600 3230 3656 super
3262 3604 3359 3644 vos
3384 3605 3484 3661 pa.

1886 3666 2096 3731 rabola,
2136 3674 2192 3724 et
2231 3669 2486 3738 planctus
2521 3673 2812 3742 plangetur
2836 3675 2889 3728 in
2927 3677 3168 3742 cantico,
3196 3679 3433 3737 dicendo
3463 3703 3477 3739 :

1886 3759 2106 3839 Miseria
2139 3763 2326 3817 miseri
2367 3761 2495 3818 facti
2526 3779 2760 3823 sumus:
2797 3782 2923 3837 pars
2968 3771 3154 3839 p0puli
3192 3772 3297 3827 mei
3329 3773 3480 3830 funi-

1886 3837 2010 3907 culo
2040 3852 2291 3909 dimensa
2329 3863 2433 3920 est,
2486 3867 2540 3911 et
2571 3873 2680 3912 non
2724 3868 2842 3914 erat
2870 3859 2965 3930 qui
3001 3862 3313 3930 prohiberet
3351 3881 3476 3921 eum

1880 3954 1939 4000 ut
1976 3953 2336 4002 averteretur.
2366 3947 2496 4018 Agri
2547 3951 2711 4004 veStri
2773 3949 2935 4006 divisi
2977 3950 3221 4010 fuerunt.
3261 3974 3281 4008 ι
3317 3953 3478 4011 Tunc

1877 4049 1976 4090 vos
2005 4035 2204 4091 acerba
2241 4037 2557 4095 lamentatio
2581 4039 2832 4096 decebit:
2856 4055 2981 4097 nam
3014 4063 3032 4097 t
3056 4042 3326 4100 canticum
3348 4065 3367 4099 ι
3419 4047 3476 4104 id

1875 4126 2120 4195 denotat,
2179 4129 2324 4197 quod
2356 4132 2651 4188 cantabitis
2691 4142 2932 4189 vestram
2971 4135 3320 4207 deplorantes
3374 4141 3477 4195 mi-

1875 4219 2099 4285 seriam,
2141 4220 2451 4290 portioncm
2486 4233 2725 4278 vestram
2780 4225 3052 4292 videntes,
3089 4229 3142 4283 id
3169 4238 3256 4285 est
3304 4231 3473 4287 vestri

1873 4311 2018 4382 juris
2051 4313 2350 4383 regionem,
2400 4314 2470 4368 ab
2506 4315 2710 4370 alienis
2765 4328 3085 4388 occupatam
3123 4329 3289 4390 atque
3331 4324 3476 4379 divi-

1878 4419 2020 4469 sam,
2061 4404 2284 4459 nemine
2329 4403 2384 4459 id
2438 4405 2731 4473 prohibere
2762 4410 3014 4477 valente;
3049 4421 3103 4466 et
3136 4428 3297 4483 agros
3329 4430 3471 4483 quos

1878 4505 2246 4569 praepotentcr
2277 4496 2671 4565 obtinueratis,
2708 4500 2867 4556 vobis
2890 4509 3111 4572 ereptos
3152 4514 3466 4567 cernentes.

153 4590 334 4659 μένου,
352 4587 495 4653 τούς
516 4605 573 4643 τε
588 4588 791 4661 ἀγροὺς
803 4586 960 4657 ὑμῶν
974 4586 1069 4651 οὒς
1087 4591 1152 4643 ἐκ
1174 4589 1488 4658 πλεονεξίας
1511 4600 1778 4671 κατεσχή-

1885 4596 1933 4644 et
1968 4588 2108 4643 alios
2168 4587 2425 4643 dominos
2477 4597 2660 4645 vestra
2723 4590 2826 4646 sibi
2883 4594 3205 4661 partientes.
3263 4594 3471 4653 Deinde

150 4699 304 4749 κατε,
320 4680 578 4752 ὁρῶντες
596 4679 751 4749 ὑμῶν
777 4679 877 4750 μὲν
895 4680 1356 4753 ἀφαιρουμένους,
1377 4686 1436 4737 ὲν
1457 4684 1689 4765 διανομῇ
1715 4694 1774 4749 δὲ

146 4774 364 4844 ἑτέροις
394 4769 896 4843 παραδιδομένους.
919 4768 1054 4826 Εἶτα
1077 4774 1273 4844 ἐπάγει
1292 4792 1309 4806 ⁸
1344 4779 1475 4833 «Διὰ
1497 4780 1658 4837 τοῦτο
1672 4786 1774 4839 οὐκ

148 4867 303 4921 ἔσται
336 4884 429 4920 σοι
456 4864 677 4936 βάλλων
706 4866 945 4937 σχοινίον
968 4867 1179 4939 κλήρῳ.
1214 4888 1233 4921 ι
1283 4869 1504 4947 Ἐπειδὴ
1539 4876 1601 4930 τὸ
1628 4894 1775 4949 σχοι-

146 4958 257 5012 νίον
286 4959 390 5012 ἐπὶ
420 4957 534 5028 τῆς
562 4957 981 5030 διαμετρήσεως
1011 4959 1171 5013 εἴωθε
1200 4959 1403 5030 λέγειν,
1430 4965 1540 5019 ἀπὸ
1570 4967 1681 5021 τῶν
1713 4972 1772 5024 ἐν

148 5051 222 5121 τῷ
243 5055 484 5124 μετρεῖν
518 5053 632 5116 τιίς
655 5051 890 5123 σχοινσις
905 5054 1264 5123 κεχρημένων
1283 5070 1298 5084 '
1322 5054 1395 5120 ὡς
1414 5057 1491 5111 ὅτ’
1509 5059 1575 5113 ἂν
1597 5060 1767 5133 λέτῖΓ

156 5160 176 5194 ι
194 5144 425 5215 Σχοινία
452 5142 732 5197 ὲπέπεσόν
759 5160 852 5215 μοι
880 5146 939 5198 ὲν
956 5146 1070 5208 τοῖς
1098 5146 1436 5216 κρατίστοις*
1460 5168 1481 5201 ι
1501 5150 1587 5205 ἵνα
1615 5153 1766 5228 εἴπῃ,

147 5235 222 5288 ὅτι
252 5234 619 5307 Διεμετρήθη
665 5252 756 5307 μοι
785 5236 882 5290 κα¹1¹
924 5237 1192 5309 ὲπέλαχεν
1224 5241 1282 5293 ὲν
1314 5238 1502 5313 κλήρῳ
1539 5243 1600 5297 τὸ
1630 5245 1764 5300 κάλ-

147 5325 325 5381 λιστον
371 5326 554 5396 μέρος
592 5326 693 5397 τῆς
725 5326 867 5397 γῆς’
900 5327 1063 5382 τοῦτο
1100 5328 1271 5399 λέγει,
1311 5329 1396 5384 ὅτι
1428 5332 1664 5403 Ὄψεσθε
1695 5335 1768 5390 τὰ

144 5419 394 5492 ὑμέτερα
452 5418 683 5492 ἑτέρους
723 5419 824 5491 μὲν
858 5419 1240 5492 λαμϐάνοντας
1277 5423 1371 5476 καὶ¹
1400 5423 1766 5497 Δδιαμετροῦν-

142 5526 259 5579 τας,
289 5511 578 5582 ὑμέτερον
598 5510 657 5564 δὲ
686 5510 745 5577 ἐξ
779 5509 1039 5567 ἁπάντων
1067 5514 1313 5585 ὑπάρχον
1345 5512 1528 5567 οὐδέν’
1553 5516 1613 5569 ὲν
1635 5515 1764 5587 ὑμῖν

144 5597 231 5657 οὖν
254 5603 447 5668 οὐδεὶς
468 5601 629 5656 ἔσται
654 5603 894 5676 μετρῶν,
919 5603 1041 5659 οὐδὲ
1064 5605 1272 5681 κλῆρον
1296 5603 1510 5680 βάλλων
1526 5623 1541 5636 ·
1572 5606 1762 5681 ἐπειδὴ

201 5782 249 5818 ⁸⁸
282 5779 441 5839 Psal.
485 5795 576 5849 xv,
601 5781 659 5842 ϐο

1874 4682 2027 4739 addit
2056 4697 2071 4734 :
2106 4701 2126 4734 ι
2172 4680 2300 4737 Ideo
2330 4696 2437 4736 non
2477 4682 2582 4737 erit
2610 4682 2768 4738 vobis
2796 4685 3008 4752 jaciens
3043 4686 3096 4741 in
3150 4688 3471 4746 haereditate

1873 4772 2203 4828 funiculum.
2268 4792 2288 4824 ›
2343 4770 2613 4839 Quoniam
2668 4772 2948 4830 funiculus
3018 4776 3075 4830 in
3125 4777 3471 4837 dimensione

1871 4865 1978 4921 dici
2012 4865 2172 4927 solet,
2229 4865 2357 4934 quia
2388 4865 2482 4918 illo
2517 4873 2751 4920 utuntur
2796 4866 3049 4924 homines
3073 4868 3138 4923 ad
3169 4870 3467 4928 dimetien-

1872 4960 2034 5025 dum;
2067 4957 2215 5011 velut
2245 4957 2324 5011 ait
2367 4955 2665 5012 Psalmista
2695 4977 2707 5013 :
2747 4976 2766 5010 ι
2808 4956 3063 5013 Funieuli
3092 4962 3224 5015 mihi
3253 4964 3473 5020 cecide-

1871 5060 2003 5104 runt
2029 5049 2084 5103 in
2114 5048 2446 5119 optimis”;
2514 5067 2533 5101 ι
2562 5064 2626 5102 ac
2693 5051 2738 5107 si
2767 5049 2944 5107 dicat:
2971 5050 3285 5107 Dimensum
3335 5053 3470 5109 mihi

1871 5143 1995 5210 fuit,
2026 5152 2081 5198 et
2106 5140 2314 5213 optinia
2337 5149 2498 5196 terrae
2522 5156 2649 5212 pars
2671 5142 2975 5197 haereditati
3004 5141 3234 5213 obtigit;
3260 5143 3468 5200 idcirco

1871 5236 1989 5291 ait:
2022 5235 2171 5289 Bona
2218 5245 2398 5290 vestra
2447 5234 2686 5290 cernetis
2729 5233 2798 5287 ab
2829 5234 2952 5288 aliis
2985 5234 3106 5303 capi
3143 5240 3308 5305 atque
3351 5236 3469 5291 dis-

1871 5326 2255 5396 tribui;vobis
2276 5336 2456 5382 autem
2492 5326 2628 5382 nihil
2670 5334 2792 5382 eSSe
2824 5326 3119 5396 reliquum.
3181 5324 3273 5379 Sic
3299 5327 3469 5397 igitur

1870 5434 2034 5488 nemo
2057 5421 2201 5473 inter
2222 5432 2321 5474 vos
2343 5418 2450 5474 erit
2478 5418 2571 5488 qui
2630 5417 2950 5473 dimetiatur
2988 5417 3072 5472 vel
3138 5427 3341 5472 sortem
3385 5418 3469 5488 ja-

1872 5485 2004 5577 ciat,
2024 5511 2153 5580 quia
2180 5516 2361 5565 vestra
2408 5485 2591 5561 omnia
2637 5508 2978 5571 auferentur,
3021 5515 3075 5561 et
3104 5508 3281 5562 aliena
3314 5506 3464 5565 fient.

1871 5600 2006 5667 Vos,
2029 5602 2279 5675 inquam,
2305 5615 2374 5656 ex
2394 5607 2475 5656 tot
2494 5599 2694 5671 opibus
2721 5598 2930 5658 nullius
2952 5598 3029 5654 rei
3060 5599 3469 5670 possessionem
