4102 6538
581 358 692 416 3'55

1742 356 2098 416 THEODORI
2132 356 2616 416 MOPSUESTENI

3750 354 3842 414 356

583 468 913 533 retinebitis,
942 468 1037 526 sed
1062 467 1247 526 omnia
1272 466 1333 524 in
1365 467 1598 525 aliorum
1632 469 1796 541 178
1824 471 2164 528 dominatum

2270 470 2453 527 πάντα
2485 471 2585 543 μὲν
2624 469 2777 543 ὑμῶν
2819 468 3280 542 ἀφαιρηθήσεται,
3329 466 3481 522 ἔσται
3506 465 3565 522 δὲ
3610 465 3837 539 ἑτέρωψ

584 559 821 644 transire
842 554 1097 615 videbitis
1122 578 1136 614 :
1166 558 1326 620 alios.
1381 559 1633 630 inquam,
1682 574 1781 630 pro
1806 576 1909 617 suo
1940 562 2167 631 quaesito

583 650 728 721 jure,
750 653 890 708 bona
914 659 1095 707 vestra
1122 651 1268 708 inter
1298 668 1359 709 se
1389 653 1654 710 tribuere.

654 934 825 991 Vsus.
854 936 908 1001 6,
935 938 986 993 7.
1014 967 1086 978 —
1135 957 1155 990 ι
1192 937 1248 993 in
1279 937 1523 995 Ecclesia
1578 937 1794 992 Domini
1843 940 2010 995 nolite
2039 939 2169 997 ﬂere

584 1028 865 1098 lacrymis,
892 1043 1071 1098 neque
1097 1031 1471 1101 lacrymentur
1499 1046 1666 1101 super
1719 1032 1838 1098 his;
1870 1048 1980 1087 non
2021 1033 2167 1088 enim

585 1118 807 1186 objiciet
853 1121 1144 1188 opprobria
1178 1122 1270 1190 qui
1294 1122 1429 1176 dicit
1473 1141 1485 1177 :
1518 1122 1721 1178 Domus
1748 1122 1918 1179 Jacob
1941 1124 2007 1179 ad
2031 1124 2168 1181 iram

583 1208 900 1275 provocavit
926 1208 1189 1278 Spiritum
1216 1209 1454 1279 Domini.
1495 1230 1515 1262 ι
1548 1210 1726 1266 Nolite
1760 1227 1891 1281 ergo
1913 1213 1968 1267 in
2011 1215 2169 1269 coeti-

584 1295 689 1351 bus
719 1298 920 1353 vestris
948 1297 1237 1370 lacrymari
1263 1298 1384 1356 sine
1426 1302 1769 1370 paenitentia,
1797 1301 1891 1357 sed
1921 1303 2187 1360 dolentes-

584 1389 963 1443 tantummodo
996 1388 1064 1444 de
1093 1391 1360 1445 malorum
1389 1402 1695 1446 vestrorum
1744 1394 2014 1464 gravitate
2065 1411 2081 1452 :
2115 1404 2169 1450 et

582 1493 709 1532 cum
754 1478 864 1533 Deo
910 1481 1303 1549 propemodum
1368 1484 1787 1552 expustulando,
1844 1486 2090 1543 dicentes
2151 1504 2165 1541 :

583 1566 705 1622 Non
750 1584 852 1624 nos
881 1572 981 1625 soli
1019 1569 1186 1624 Deum
1240 1571 1597 1638 irritavimus,
1623 1589 1798 1644 neque
1834 1591 1935 1632 nos
1958 1584 2168 1633 tantum

583 1672 748 1729 ptave
799 1676 900 1715 nos
938 1661 1228 1730 gessimus.
1267 1662 1459 1728 Quid?
1501 1664 1699 1718 Caneri
1728 1665 1946 1734 quidem
1978 1680 2079 1736 pro
2102 1667 2170 1720 li-

583 1748 699 1803 bito
733 1764 832 1805 nos
867 1758 1086 1814 vexant,
1110 1765 1210 1805 nos
1231 1766 1358 1804 vero
1379 1750 1478 1805 soli
1506 1751 1751 1820 passivi?
1780 1752 1944 1822 Atqui
1973 1768 2039 1807 ex
2081 1752 2168 1809 his

2269 562 2363 615 ml.
2407 562 2565 631 ὑμεῖς
2602 561 2703 631 μὲν
2749 561 2813 615 ὲκ
2862 559 3072 613 πολλῶν
3126 559 3419 630 κτημάτων
3454 556 3642 611 ἔσεσθε
3679 557 3846 630 κύριοι

2267 652 2508 717 οὐδενὸς,
2547 654 2632 721 (p.
2674 652 2813 723 271)
2853 649 3053 723 ὕψεσθε
3099 651 3156 705 δὲ
3192 650 3332 704 αύτά
3364 648 3469 703 ὑπὸ
3511 648 3610 720 τὴν
3653 648 3846 716 ἑτέρων

2268 745 2567 814 γιγνόμενα
2585 744 2901 797 δεσποτείαν
2921 784 2936 809 ,
2962 744 3056 797 κει.)⁵
3081 742 3301 813 ἑτέρους
3329 743 3450 823 κατ’
3472 740 3724 808 ἐξουσίαν
3750 740 3847 796 δια·

2272 835 2607 905 νεμομένους
2636 834 2704 889 τὰ
2740 834 3000 905 ὑμέτερα.

2339 924 2487 995 Στίχ.
2515 932 2591 990 ς’,
2614 923 2678 989 ζ’.
2697 954 2761 964 ——
2789 943 2807 976 ι
2832 926 2919 978 Ἐν
2955 922 3247 995 Ἐκκλησία
3270 923 3475 995 Κυρίου
3500 922 3576 994 μὴ
3592 921 3850 994 δακρύετε

2268 1016 2550 1087 δάκρυσιν,
2603 1016 2740 1087 μηδὲ
2786 1015 3174 1086 δακρυέτωσαν
3221 1014 3315 1068 επὶ
3362 1014 3602 1077 τούτοις·
3645 1013 3706 1066 ού
3748 1013 3851 1084 γὰρ

2270 1107 2551 1162 ἀπώσεται
2579 1107 2756 1178 ὀνείδη
2794 1106 2997 1174 λέγων’
3040 1102 3203 1170 Οἶκος
3243 1105 3435 1159 Ἰακὼϐ
3507 1103 3852 1176 παρὼργισευ

2269 1198 2496 1270 Πνεῦμα
2550 1199 2797 1271 Κυρίου.
2842 1217 2862 1250 s
2915 1196 3009 1269 Μὴ
3066 1198 3247 1251 τοίνυν
3305 1198 3578 1262 συνιόντες
3627 1196 3851 1268 δάκρυσι

2270 1291 2542 1362 κέχρησθε
2586 1293 2650 1344 οὐ
2697 1289 3081 1361 μεταμελείας,
3119 1289 3236 1342 ἀλλ’
3278 1288 3570 1356 ἀλγοῦντες
3626 1288 3724 1359 μὲν
3763 1287 3852 1341 ὲπὶ

2269 1381 2347 1453 τῷ
2379 1382 2602 1452 μεγέθει
2632 1381 2740 1438 τῶν
2778 1381 3202 1453 συμϐεϐηκότων
3251 1382 3381 1450 ὑμῖν
3409 1379 3616 1440 κακῶν.
3656 1378 3853 1450 τρόπον

2267 1472 2327 1526 δέ
2366 1489 2487 1527 τινα
2522 1473 2617 1526 καὶ
2660 1471 2899 1526 αίτίασιν
2951 1471 3317 1543 προσάγοντες
3348 1467 3426 1539 τῷ
3458 1467 3597 1538 Θεῷ,
3624 1468 3719 1522 καὶ
3765 1467 3854 1520 λέ-

2269 1574 2481 1633 γοντες,
2503 1565 2584 1618 ὅτι
2606 1566 2718 1634 Οὐχ
2739 1566 2900 1636 ἡμεῖς
2929 1564 3088 1635 μόνον
3110 1562 3245 1617 Θεὸν
3267 1562 3721 1633 παρωργίσαμεν,
3736 1559 3855 1614 οὐδὲ

2271 1658 2400 1726 παρ’
2445 1654 2604 1725 ἡμῶν
2635 1654 2810 1726 μόνων
2849 1652 2920 1707 τά
2960 1654 3137 1708 ἄτοπα
3188 1651 3527 1722 πέπρακται.
3560 1650 3626 1702 Τί
3669 1650 3855 1720 δήποτ’

2266 1744 2393 1813 οὗν;
2426 1748 2603 1819 ἕτεροι
2659 1747 2758 1818 μὲν
2809 1745 2880 1800 τὰ
2931 1744 3190 1799 δοκοῦντα
3250 1744 3499 1801 ποιοῦσιν
3550 1743 3630 1805 είς
3681 1742 3856 1812 ἡμᾶς,

581 1840 766 1896 verbis
820 1841 1025 1895 nullam
1078 1854 1175 1894 vos
1240 1840 1525 1894 utilitatem
1576 1841 1834 1911 capietis;
1866 1854 2045 1912 neque
2092 1843 2165 1897 ob

2270 1840 2426 1909 ἡμεῖς
2451 1838 2509 1891 δὲ
2537 1839 2819 1908 πάσχομεν
2856 1836 3050 1906 μόνον;
3081 1836 3217 1888 Οὐδὲ
3243 1834 3353 1905 γὰρ
3383 1832 3536 1886 ἔσται
3567 1849 3642 1896 τι,
3667 1830 3857 1902 φησὶν,

582 1930 726 1987 hanc
778 1932 1054 2001 querelam
1101 1931 1345 1986 vitabilis
1390 1932 1660 1986 malorum
1711 1932 2165 2002 experimentum,

581 2030 748 2093 atque
770 2037 799 2076 a
827 2022 1200 2078 maledicendo
1222 2024 1293 2078 oh
1327 2025 1767 2092 supervenientia
1812 2024 1954 2079 mala
1981 2039 2169 2081 cessa-

583 2114 732 2168 bitis.
775 2112 919 2178 llaec,
964 2114 1162 2183 inquit,
1200 2113 1371 2169 nolite
1392 2112 1591 2169 facere.
1635 2132 1653 2165 ι
1697 2111 1754 2168 Si
1786 2114 1868 2168 hae
1897 2122 2028 2169 sunt
2080 2130 2172 2170 or-

582 2207 895 2263 dinationes
917 2206 1059 2276 ejus,
1090 2220 1274 2260 nonne
1294 2205 1421 2259 boni
1445 2212 1575 2259 sunt
1596 2221 1879 2261 sermones
1896 2205 2017 2275 ejus
2043 2220 2168 2262 cum

584 2298 725 2370 ipso,
756 2300 999 2368 rectique
1016 2297 1361 2368 procedunt?
1387 2316 1405 2350 ι
1431 2297 1565 2352 Illud
1585 2299 1767 2368 potius
1800 2298 2168 2363 considerate,

585 2391 752 2445 Deum
780 2391 872 2460 qui
900 2391 1025 2445 talia
1049 2391 1205 2446 vobis
1239 2390 1443 2453 intulit,
1468 2391 1603 2444 nihil
1621 2390 1868 2445 debitum
1890 2389 2167 2457 omisisse;

584 2484 678 2540 sed
706 2490 760 2539 et
790 2483 999 2538 idoneis
1046 2484 1230 2539 verbis
1284 2498 1381 2538 vos
1413 2498 1537 2539 esse
1580 2482 1904 2545 allocutum,
1934 2488 1991 2536 et
2027 2496 2172 2550 saepe

581 2572 815 2630 oﬂicium
863 2574 1136 2637 docuisse,
1191 2583 1245 2628 et
1290 2573 1485 2629 futth
1534 2588 1710 2644 poena:
1754 2574 2110 2644 praedictione
2139 2589 2170 2629 α

581 2664 865 2720 maleﬁciis
897 2681 994 2721 vos
1022 2666 1299 2721 retrahere
1325 2666 1588 2721 voluisse.
1637 2669 1707 2718 At
1750 2681 1848 2720 vos
1886 2666 2049 2721 dictis
2081 2680 2173 2719 au-

577 2757 817 2813 scultare
852 2767 1168 2825 renuentes,
1217 2758 1512 2813 verborum
1550 2757 1643 2812 Dei
1693 2757 2085 2813 reetitudinem
2117 2766 2173 2812 ct

578 2848 890 2917 aequitatem
914 2849 1204 2904 manifeste
1237 2849 1665 2920 comprobastis,
1708 2850 1801 2918 qui
1836 2849 2013 2919 primo
2045 2849 2170 2918 qui-

578 2938 704 2995 dem
738 2939 1031 2995 emendare
1050 2955 1149 2995 vos
1178 2940 1351 2994 voluit
1374 2940 1823 3010 praedictionibus
1861 2956 1877 3000 ;
1902 2940 1996 2995 sed
2023 2947 2174 3010 post—

577 3044 745 3099 quam
772 3046 884 3085 non
914 3030 1357 3099 obtemperastis,
1379 3032 1697 3086 necessario
1730 3031 1885 3086 vobis
1910 3046 2021 3086 non
2056 3047 2175 3103 pte-

579 3120 878 3177 nitentihus
920 3124 1205 3177 veritatem
1225 3122 1495 3179 dictorum
1523 3138 1744 3180 suorum
1770 3125 2172 3194 comprobavit.

2269 1929 2336 1983 ὲκ
2375 1927 2579 1982 τούτων
2623 1927 2732 1981 τῶν
2775 1925 3034 1999 ῥημάτων
3067 1925 3257 1994 ὄφελος
3288 1926 3449 1997 ὑμῖν,
3481 1923 3605 1977 οὐδὲ
3652 1924 3717 1976 ὲκ
3755 1921 3857 1989 τῆς

2270 2021 2563 2086 αἰτιάσεως
2607 2020 2811 2092 ταύτης
2838 2018 3191 2089 διαφεύξεσθε
3251 2018 3350 2089 μὲν
3379 2016 3489 2070 τῶν
3530 2014 3717 2070 κακῶν
3756 2012 3855 2084 τὴν

2271 2116 2489 2184 πεῖραν,
2518 2113 2793 2168 παύσεσθε
2819 2112 2877 2166 δὲ
2905 2112 2996 2165 ἐπὶ
3033 2114 3143 2176 τοῖς
3175 2109 3580 2181 συμϐεϐηκόσιν
3599 2103 3857 2171 ὀνειδιζόσι

2274 2222 2426 2277 μενοι
2469 2208 2658 2267 κακοῖς
2680 2219 2693 2236 ³
2722 2203 2893 2258 ταῦτα
2937 2204 3037 2274 μὲν
3062 2198 3175 2269 οὖν,
3212 2202 3366 2273 φησὶ,
3414 2202 3489 2271 μὴ
3534 2201 3760 2252 ποιεῖτε.
3791 2198 3862 2252 Τί

2271 2296 2364 2364 δέ;
2406 2316 2425 2349 ι
2459 2298 2522 2351 El
2564 2296 2735 2352 ταῦτα
2778 2295 3187 2369 ἐπιτηδεύματα
3229 2294 3395 2349 αὐτοῦ
3448 2295 3619 2356 ἐστιν,
3652 2292 3772 2362 οὐχὶ
3808 2290 3864 2344 oi

2271 2389 2421 2458 λόγοι
2447 2387 2614 2443 αὑτοῦ
2645 2389 2802 2442 καλοί
2840 2391 2944 2443 εἰσι
2994 2388 3109 2459 μετ’
3148 2387 3335 2451 αὑτοῦ,
3367 2387 3462 2440 καὶ
3494 2385 3644 2458 ὀρθοὶ
3688 2385 3867 2439 πεπό-

2274 2499 2525 2555 ρευνται;
2559 2501 2577 2533 s
2615 2483 2823 2535 Ἐκεῖνο
2842 2481 2897 2534 δὲ
2924 2480 3124 2551 μᾶλλον
3146 2479 3508 2549 ἀποϐλέψατε,
3526 2478 3609 2531 ὅτι
3636 2480 3663 2532 ό
3683 2477 3869 2531 ταῦτα

2273 2574 2498 2643 ἐπάγων
2533 2576 2660 2643 ὑμῖν
2691 2573 2844 2637 Θεὸς,
2879 2572 3032 2626 οὐδὲν
3061 2571 3430 2644 παραλέλοιπε
3466 2572 3571 2625 τῶν
3598 2572 3830 2626 δεόντων
3852 2592 3865 2605 ·

2274 2667 2410 2722 ἀλλά
2456 2667 2550 2720 καὶ
2601 2665 2783 2734 λόγοις
2838 2665 3107 2736 ἐχρήσατο
3159 2666 3271 2728 τοῖς
3330 2665 3669 2735 προσήκουσι
3723 2665 3870 2736 πρὸς

2275 2761 2449 2830 ὑμᾶς’
2485 2759 2580 2813 καλ⁵
2611 2756 2849 2821 ἐδίδαξεν
2890 2758 3035 2826 ὑμᾶς
3059 2756 3317 2820 πολλάκις
3345 2756 3382 2810 ἆ
3417 2757 3498 2810 δεῖ
3524 2759 3697 2810 ποιεῖν
3717 2771 3728 2783 ·
3765 2758 3873 2809 καὶ

2273 2855 2341 2924 τῇ
2381 2850 2609 2921 μηνύσει
2638 2851 2738 2920 τῆς
2775 2848 3072 2920 μελλούσης
3120 2850 3389 2920 τιμωρίας
3433 2849 3743 2919 ἀποστῆσαι
3762 2849 3873 2919 τῆς
3953 2835 3957 2838 ’

2276 2943 2658 3014 κακοπραγίας
2688 2942 2836 3013 ὑμᾶς
2891 2940 3201 3011 ἠϐουλήθηο
3238 2941 3397 3011 ὑμεῖς
3428 2940 3484 2992 δὲ
3530 2940 3630 2993 οὐκ
3673 2941 3872 3012 ἐθελή-

2277 3053 2470 3099 σαντες
2503 3035 2791 3107 προσέχειν
2820 3036 2933 3096 τοῖς
2961 3033 3305 3104 λεγομένοις,
3337 3035 3423 3102 (p.
3453 3032 3590 3104 ΞΗ)
3624 3033 3735 3086 τῶν
3764 3033 3870 3087 τοῦ

2277 3127 2414 3180 Θεοῦ
2455 3125 2628 3191 λόγων
2665 3123 2761 3196 τὴν
2786 3123 3052 3193 ὀρθότητα
3084 3124 3180 3175 καὶ
3218 3121 3315 3193 τὴν
3343 3122 3739 3193 δικαιοκρισίαν
3766 3125 3878 3176 ἐπ-

576 3214 814 3279 ιδείξατε
844 3218 1048 3286 σαφῶς,
1071 3219 1120 3272 οἳ
1154 3220 1417 3290 πρότερον
1446 3218 1541 3289 μὲν
1568 3219 1714 3290 ὑμᾶς
1745 3219 1986 3290 βελτιοῦν
2013 3220 2302 3291 ἠϐούλοντο
2347 3224 2415 3294 τῇ
2463 3220 2711 3294 μηνύσει,
2757 3218 2943 3290 ἐπειδὴ
2972 3217 3031 3272 δὲ
3057 3219 3157 3273 οὐκ
3201 3218 3511 3289 ἐπείσθητε,
3547 3220 3872 3288 ἀναγκαίως

577 3307 711 3375 ὑμῖν
743 3304 804 3356 οὐ
848 3305 1270 3377 μεταμεληθεῖσι
1310 3307 1409 3379 τὴν
1443 3307 1704 3379 ἀλήθειαν
1747 3309 2030 3374 ἐπέδειξαν
2058 3310 2159 3382 τὴν
2195 3311 2422 3367 οίκείαν.
2524 3337 2530 3345 ·

646 3394 814 3453 Vsus.
849 3399 1078 3453 8-l0.—
1101 3396 1303 3456 Deinde
1335 3401 2013 3470 ampliansinvectionem,
2041 3404 2153 3458 ait:

2332 3405 2481 3476 Στίχ.
2526 3409 2663 3474 ἠ’-ι’.
2697 3431 2754 3443 --
2787 3397 2919 3457 Εἶτα
2940 3401 3034 3455 καὶ
3062 3399 3320 3454 ἐκτείνων
3352 3400 3451 3472 τὴν
3487 3400 3870 3471 κατηγορίανο

584 3507 605 3539 ‹
643 3486 710 3542 Ει
767 3497 924 3544 antea
959 3490 1193 3561 populus
1248 3507 1400 3546 meus
1438 3508 1563 3547 cum
1630 3493 1915 3549 inimicitia
1960 3497 2162 3552 restitit

574 3586 765 3634 contra
802 3594 989 3649 pacem
1040 3597 1217 3637 suam.
1263 3600 1283 3635 ι
1319 3580 1425 3637 Sed
1461 3598 1559 3640 vos
1597 3584 1709 3653 jam
1738 3587 1870 3640 olim
1920 3587 2159 3642 inimici-

576 3670 706 3723 tiam
722 3672 1035 3739 quamdam,
1054 3672 1418 3743 hostilemquc
1441 3675 1706 3731 adversus
1722 3690 1809 3731 me
1832 3678 2160 3731 sententiam

522 3824 533 3831 ,
578 3763 921 3834 suscepistis,
951 3763 1175 3818 obedire
1197 3765 1361 3822 dictis
1386 3767 1663 3830 noluiStis,
1682 3776 1987 3837 vestraeque
2010 3769 2162 3838 pacis

578 3856 770 3925 magis,
796 3869 958 3924 quam
994 3854 1218 3910 alterius
1248 3855 1560 3925 cujuslibet,
1595 3857 1893 3913 adversarii
1917 3859 2162 3914 exstitis-

579 3946 671 4001 tis.
707 3946 847 4017 Ergo
872 3953 1066 4001 vestrae
1111 3948 1474 4002 contumaciae
1507 3948 1720 4002 lucrum
1757 3947 1919 4019 179
1939 3949 2162 4018 cepistis

577 4049 820 4105 praesens
881 4034 1102 4088 bellum.
1164 4052 1184 4086 ι
1223 4033 1423 4090 Pellem
1486 4036 2066 4105 ejusescoriaverunt,
2103 4047 2163 4092 ut

579 4140 731 4195 spem
764 4126 1062 4194 eriperent,
1092 4126 1474 4181 contritioncm
1509 4128 1654 4183 belli.
1696 4147 1714 4180 ι
1755 4127 2036 4200 Quidquid
2059 4130 2163 4185 fuit

580 4216 720 4285 apud
760 4231 1030 4286 pauperes
1067 4218 1369 4287 eripuistis,
1424 4234 1754 4291 omnemque
1798 4222 2018 4277 illorum
2066 4224 2163 4278 bo-

582 4323 705 4361 nam
737 4322 886 4377 spem
907 4308 1266 4378 praecidistis:
1303 4324 1466 4380 quam
1497 4312 1568 4365 oh
1594 4326 1816 4368 causam
1837 4312 1961 4368 belli
1995 4313 2161 4383 hujus

579 4399 965 4455 contritionem
984 4401 1248 4456 adversus
1267 4415 1361 4456 vos
1382 4404 1728 4459 concitastis.
1757 4403 1888 4471 Cur,
1919 4405 2002 4460 vel
2024 4419 2162 4475 quo-

581 4490 789 4546 modo?
823 4509 841 4543 ι
882 4490 1176 4563 PrOpterea
1210 4494 1379 4549 duces
1414 4496 1598 4564 populi
1627 4496 1731 4550 mei
1763 4496 2058 4565 ejicientur
2094 4513 2159 4553 ex

580 4582 788 4639 aedibus
814 4583 1134 4639 deliciarum
1170 4602 1413 4654 suarum,
1445 4598 1666 4659 prepter
1694 4590 1866 4644 malas
1900 4590 2164 4646 adiuven-

583 4674 760 4728 tiones
793 4689 923 4729 suas
943 4674 1103 4744 ejecti
1135 4685 1284 4731 sunt.
1322 4696 1340 4730 ι
1375 4677 1575 4733 Cuncti
1606 4680 1700 4749 qui
1746 4680 2046 4750 principari
2078 4682 2161 4736 vi-

2276 3512 2295 3546 t
2336 3494 2446 3546 Καὶ
2468 3490 2776 3563 ἔμπροσθεν
2799 3492 2827 3543 ό
2855 3489 2982 3552 λαός
3016 3505 3115 3560 μου
3139 3491 3218 3552 εἰς
3237 3488 3436 3561 ἔχθραν
3464 3490 3696 3561 ἀντέστη
3724 3508 3877 3546 κατ-

2270 3584 2450 3638 έναντι
2483 3584 2580 3653 τῆς
2613 3583 2836 3654 εἰρήνης
2862 3580 3046 3635 αὐτοῦ.
3078 3598 3098 3634 ι
3139 3581 3326 3652 Ὑμεῖς
3348 3581 3407 3655 δὲ
3432 3581 3636 3636 ἄνωθεν
3657 3582 3877 3655 ἔχθραν

2268 3677 2391 3730 τινὰ
2412 3676 2508 3729 καὶ
2530 3648 2803 3745 πολεμίαν.
2823 3672 3048 3743 γνώμην
3068 3648 3274 3726 εἵλεσθε
3299 3648 3435 3745 πρὸς
3464 3674 3584 3744 ἐμὲ,
3604 3648 3877 3729 πείθεσθε

2274 3768 2373 3840 μὲν
2394 3770 2506 3831 τοῖς
2536 3765 2850 3836 λεγομένοις
2874 3765 2977 3819 οὐκ
3006 3764 3298 3829 ἐθέλοντες,
3324 3764 3686 3835 πολεμοῦντες
3707 3766 3767 3819 δὲ
3795 3770 3874 3838 τῇ

2269 3861 2652 3932 οίκείᾳείρήνῃ
2681 3858 2879 3929 μᾶλλον
2905 3859 3049 3930 ἥπερ
3074 3857 3159 3910 ἑτέ
3170 3874 3248 3929 ρῳ
3269 3857 3368 3926 τῆς
3394 3857 3524 3925 γοῦν
3575 3856 3876 3920 ἀπειθείας

2268 3953 2366 4023 τῆς
2402 3951 2614 4004 ἑαυτῶν
2654 3950 2843 4020 κέρδος
2882 3949 3141 4021 εἰλήφατε
3189 3949 3279 4002 τὸν
3323 3950 3563 4019 παρόντα
3599 3950 3876 4022 πόλεμον.

2275 4060 2295 4094 ι
2325 4042 2435 4114 Τὴν
2460 4041 2623 4113 δορὰν
2654 4040 2818 4095 αὐτοῦ
2850 4039 3143 4110 ὲξέδειραν,
3171 4039 3266 4095 τοῦ
3310 4041 3602 4110 ἀφελέσθαι
3642 4042 3875 4110 ἐλπίδα,

2272 4134 2607 4205 συντριμμὸν
2639 4134 2897 4205 πολέμου.
2926 4153 2943 4185 ι
2968 4133 3153 4186 Πάντα
3183 4132 3253 4187 τὰ
3287 4134 3542 4203 περιόντα
3559 4137 3669 4198 τοῖς
3692 4136 3842 4206 πένῃ
3864 4167 3886 4177 ο

2271 4243 2356 4280 σιν
2385 4226 2710 4297 ἀφῃρεῖσθε,
2737 4225 2830 4279 καὶ
2862 4226 3043 4279 πᾶσαν
3072 4223 3254 4279 αὐτῶν
3288 4224 3499 4296 ἀγαθὴν
3528 4224 3884 4291 ἐξεκόπτετε

2269 4319 2488 4375 ἐλπίδα·
2521 4319 2662 4390 ὑπὲρ
2687 4314 2762 4373 ὧν
2799 4319 2865 4389 δὴ
2897 4316 2991 4371 τοῦ
3023 4317 3291 4387 παρόντος
3334 4318 3568 4388 πολέμου
3595 4317 3695 4387 τὴν
3725 4335 3842 4372 συν
3861 4350 3891 4362 ο

2267 4411 2461 4484 τριϐὴν
2495 4409 2862 4469 καθ”ὲαυτῶν
2910 4410 3262 4481 κεκινήκατε.
3310 4408 3431 4472 Πῶς
3478 4410 3573 4464 καὶ
3612 4408 3734 4462 τίνα
3769 4411 3891 4465 τὸν

2266 4504 2494 4575 τρόπον;
2523 4523 2541 4554 ι
2570 4502 2669 4556 Διὰ
2697 4502 2855 4555 τοῦτο
2882 4503 2931 4555 οἱ
2956 4494 3250 4572 ἡγούμενοι
3277 4500 3369 4554 τοῦ
3397 4500 3527 4554 λαοῦ
3553 4517 3653 4570 μου
3673 4502 3893 4575 ἀποῤ-

2271 4596 2593 4667 ριφήσονται
2652 4597 2716 4647 ἐκ
2754 4594 2865 4647 τῶν
2916 4593 3104 4648 οἰκιῶν
3153 4593 3367 4665 τρυφῆς
3421 4593 3620 4647 αὐτῶν
3652 4593 3744 4647 διὰ
3794 4596 3893 4650 τὰ

2269 4686 2483 4756 πονηρά
2516 4685 2920 4756 ἐπιτηδεύματα
2947 4684 3130 4739 αὐτῶν
3162 4683 3497 4755 ἐξώσθησαν.
3534 4702 3554 4736 ι
3581 4685 3893 4751 Ἅπαντες

581 4763 779 4818 dentur
815 4780 915 4843 sua
936 4766 990 4819 in
1023 4768 1280 4837 populum
1308 4769 1700 4836 dominatione,
1730 4777 1785 4825 et
1808 4771 1863 4825 in
1892 4786 2160 4841 pauperes

2270 4777 2374 4848 γὰρ
2401 4778 2452 4830 οἱ
2481 4775 2735 4848 ἐξάρχειν
2769 4776 3055 4842 δοκοῦντες
3085 4775 3175 4831 διὰ
3207 4776 3306 4847 τὴν
3344 4776 3659 4830 δυναστείαν
3687 4777 3750 4841 ὲν
3781 4777 3889 4846 τῷ

579 4856 886 4925 iniquitate,
915 4857 1205 4925 ejicientur
1227 4860 1478 4916 domibus
1500 4860 1557 4915 in
1592 4852 1797 4931 quibus
1818 4863 2158 4919 deliciaban-

2270 4865 2379 4936 λαῷ
2409 4865 2551 4936 ὑπὲρ
2581 4867 2680 4936 τῆς
2707 4868 2788 4930 είς
2826 4868 2952 4930 τοὺς
2974 4868 3212 4939 πένητας
3239 4866 3472 4932 ἀδικίας,
3512 4865 3884 4938 ὲξωσθήσον-

578 4957 685 5012 tur,
719 4949 810 5002 ubi
841 4949 1105 5019 plurimas
1151 4965 1475 5025 pauperum_
1498 4968 1630 5023 opes
1660 4965 2155 5023 coacervaverant;

2270 4973 2354 5011 ται
2384 4956 2495 5011 τῶν
2521 4956 2686 5011 οἴκων
2718 4952 2799 5021 οἷς
2824 4957 3155 5028 ἐνετρύφων,
3186 4956 3416 5011 πλοῦτον
3448 4959 3512 5011 ἐκ
3542 4957 3651 5011 τῶν
3686 4960 3842 5035 πενή
3862 4989 3894 5002 -

573 5048 629 5097 et
668 5041 813 5096 hanc
863 5042 1123 5113 nequitiae
1156 5059 1269 5098 suae
1299 5059 1516 5114 poenam
1568 5047 1743 5111 luent,
1775 5047 1921 5117 quod
1967 5062 2157 5103 earum

2270 5068 2371 5103 των
2429 5049 2780 5119 συλλέγοντες
2835 5050 3122 5105 πλεῖστον’
3160 5050 3237 5121 (p.
3276 5050 3406 5119 275)
3455 5050 3509 5104 οἳ
3556 5050 3649 5104 καὶ
3693 5036 3893 5119 δίκας

571 5126 754 5192 rerum
778 5150 1040 5207 possessu
1062 5138 1337 5203 excident,
1363 5137 1500 5208 quas
1544 5140 1751 5209 injuste
1776 5141 2155 5198 obtinuerant.

2270 5142 2359 5212 τῆς
2400 5142 2681 5214 μοχθηρᾶς
2729 5141 2982 5214 πράξεως
3033 5141 3286 5204 δώσουσι,
3319 5142 3381 5195 τὸ
3432 5141 3538 5207 ἔξω
3592 5141 3889 5212 γενέσθαι

572 5226 714 5294 Quid
772 5229 946 5299 ergo?
996 5246 1015 5280 ι
1078 5227 1450 5300 Pmpiuquate
1512 5231 1792 5287 montibus
1837 5231 2084 5287 aeternis.
2129 5249 2148 5282 ι

2270 5233 2464 5286 τούτων
2495 5232 2832 5296 δεσποτείας,
2865 5230 2901 5286 ἃ
2929 5230 3116 5295 κακῶς
3144 5233 3608 5302 προσεκτήσαντο.
3636 5230 3700 5284 Τί
3720 5227 3831 5287 οῦν
3858 5252 3884 5297 ;

573 5323 749 5396 Surge
804 5333 858 5381 et
919 5326 1294 5398 proﬁciscere,
1346 5327 1479 5398 quia
1534 5342 1643 5383 non
1676 5328 1764 5384 hic
1808 5329 1904 5384 tibi
1934 5329 2154 5399 requies

2270 5342 2286 5376 ι
2331 5323 2616 5393 Ἐγγίσατε
2653 5322 2839 5393 ὄρεσιν
2887 5321 3149 5381 αἰωνίοις.
3189 5340 3208 5372 ι
3261 5322 3549 5394 Ἀνάστηθι
3603 5324 3696 5377 καὶ
3755 5339 3889 5378 πο-

570 5428 796 5487 propter
845 5417 1252 5474 immunditiam
1310 5434 1322 5468 :
1369 5420 1615 5488 corrupti
1672 5419 1803 5476 estis
1824 5420 2147 5492 putredine:

2270 5408 2444 5481 ρεύου,
2475 5410 2558 5464 ὃτι
2585 5409 2686 5463 οὐκ
2726 5408 2843 5462 ἔστι
2872 5426 2955 5462 σοι
2984 5409 3127 5480 αὕτη
3160 5411 3467 5476 ἀνάπαυσις
3494 5412 3680 5467 ἕνεκεν
3708 5415 3885 5468 duae

574 5505 814 5577 fugistis.
888 5510 1109 5566 nemine
1189 5517 1571 5580 persequente.
1623 5505 1793 5563 Vobis
1850 5509 2035 5578 itaque
2089 5524 2159 5565 ne

2270 5501 2485 5574 inperia;
2505 5518 2518 5532 ·
2551 5500 2881 5574 διεφθάρητε
2933 5499 3107 5573 φθορᾷ
3126 5517 3140 5530 ο
3178 5502 3601 5575 κατεδιώχθητε,
3633 5502 3880 5571 οὐδενὸς

576 5599 849 5665 pugnandi
869 5600 1091 5668 quidem
1118 5600 1386 5655 adversus
1414 5600 1603 5655 hostes
1632 5606 1929 5669 prattextus
1960 5615 2159 5671 super-

2270 5593 2559 5657 ῑιώκοντος.
2592 5594 2704 5664 Οὐχ
2747 5591 3134 5648 ὑπολέλειπται
3167 5593 3348 5648 τοίνυν
3397 5595 3526 5666 ὑμῖν
3581 5593 3700 5648 οὐδὲ
3737 5596 3873 5665 μά-

572 5684 700 5748 erit,
729 5689 987 5755 quoniam
1012 5690 1099 5747 his
1121 5704 1152 5745 a
1168 5689 1279 5747 Deo
1298 5691 1372 5747 ob
1390 5688 1693 5762 nequitiam
1711 5698 1949 5746 vestram
1972 5692 2157 5748 traditi

2270 5705 2355 5758 mc
2394 5686 2531 5757 πρὸς
2557 5685 2685 5748 τοὺς
2710 5685 3005 5758 πολεμίους
3037 5687 3333 5758 πρόφασις,
3361 5686 3468 5743 ὑπὸ
3499 5682 3635 5742 Θεοῦ
3660 5703 3875 5758 παρα..

577 5771 777 5832 fuistis.
809 5774 1236 5843 Proﬁciscimini
1261 5796 1393 5852 ergo
1416 5781 1483 5837 ad
1537 5780 1776 5836 hostium
1804 5782 1961 5843 lines,
2012 5797 2154 5853 quos

2270 5776 2557 5848 ῑεδομένοιε
2584 5774 2672 5830 διὰ
2702 5775 2802 5849 τὴν
2852 5776 3154 5851 μοχθηρίαν
3182 5778 3282 5838 τὴν
3324 5782 3436 5834 οίκε
3448 5778 3534 5836 ίαν
3553 5796 3567 5810 ο
3596 5777 3759 5832 ἄπιτε
3788 5778 3869 5835 δὲ
