4102 6526
237 386 339 446 35'!

1217 346 1775 445 COMMENTARIUS
1813 379 1881 436 ιιι
1919 380 2235 440 meum
2272 386 2423 443 car.
2471 385 2558 442 ιιι.

3426 391 3533 449 558

238 501 329 556 ἐπὶ
355 499 425 556 τὰ
457 499 587 573 ὅρια
620 497 729 552 τῶν
758 496 1056 570 πολεμίων,
1084 496 1121 553 ἃ
1146 498 1432 572 πόρρωθεν
1473 497 1603 569 ὑμῖν
1637 497 1835 570 ηὐτρέ-

1940 503 2115 558 multo
2141 511 2304 561 antea
2332 506 2489 561 vobis
2516 504 2727 575 paravit
2780 503 2944 569 Deus,
2986 511 3048 559 ut
3077 502 3190 559 illic
3217 504 3421 576 captivi
3458 504 3542 559 iu-

236 607 388 644 πισεν
428 592 459 644 ό
493 588 649 652 Θεὸς,
684 586 760 651 ὡς
798 587 864 641 ἂν
904 585 1044 662 μετὰ
1083 586 1463 660 αἰχμαλωσίας
1498 586 1736 658 οἱκοίητε
1775 589 1834 639 ἐν

233 682 446 745 αὐτοῖς·
477 682 665 750 τυχεῖν
695 680 805 750 γάρ
828 695 888 731 σε
902 679 1011 749 τῆς
1040 678 1273 732 ἐνταῦθα
1310 678 1693 743 ἀναπαύσεως,
1722 676 1834 730 τῶν

234 773 542 828 ἀδυνάτων·
604 769 797 843 ἐπειδὴ
860 770 1001 841 ὑπὲρ
1055 763 1133 824 ὧν
1198 768 1512 842 ἀκαθαρσίᾳ
1572 766 1834 838 συνεζῆτε

236 863 399 934 πολλῇ
431 861 581 916 κατά
606 878 667 915 τε
712 860 811 931 τὴν
840 860 1120 927 ἀσέδειαν,
1150 860 1295 915 κατά
1331 878 1390 913 τε
1416 860 1515 934 τὴν
1550 859 1660 914 τῶν
1689 858 1834 931 πρᾶο

236 956 367 1023 ξεων
406 955 740 1029 μοχθηρίαν,
788 958 855 1026 τῇ
891 953 1000 1009 τῶν
1039 953 1317 1025 πολεμίων
1367 950 1638 1024 διαφθορᾷ
1694 968 1837 1023 παρ-

233 1051 447 1123 εδόθητε
503 1052 585 1115 εἰς
632 1050 699 1121 ἢν
731 1046 1147 1111 συνελαύνεσθε,
1192 1047 1293 1100 οὐκ
1340 1044 1645 1117 ἀνθρώπων
1691 1044 1836 1115 ὑμᾶς

234 1143 584 1211 ἀπαγόντων,
616 1141 755 1196 ἀλλὰ
793 1139 930 1194 Θεοῦ
976 1138 1072 1194 τοῦ
1112 1138 1212 1211 τὴν
1246 1137 1518 1210 τιμωρίαν
1549 1136 1836 1209 ὁρίσαντος

230 1233 434 1304 ταύτην
467 1231 624 1303 ὑμῖν.

298 1323 449 1394 Στίχ.
478 1329 676 1392 ια’-ιγ’.
706 1352 779 1362 -
804 1321 917 1377 Καὶ
946 1320 1045 1392 τὴν
1069 1320 1251 1375 αἰτίαν
1278 1320 1454 1390 λέγων
1482 1319 1583 1391 τῆς
1606 1317 1715 1372 τῶν
1746 1335 1839 1372 πε·

231 1417 570 1490 πραγμένων
627 1416 814 1479 αὐτοῖς
868 1414 1208 1485 διαφθορᾶς,
1271 1433 1291 1466 ι
1352 1412 1580 1484 Πνεῦμα
1639 1411 1835 1482 ἔστησε

227 1510 459 1580 ψευδές·
520 1528 539 1561 ι
594 1507 790 1577 γέγονε
842 1507 899 1561 δέ
935 1525 1041 1573 σοι,
1089 1507 1244 1577 φησί,
1283 1508 1504 1560 πάντων
1557 1504 1728 1558 αἴτιον
1776 1503 1838 1557 τὸ

227 1602 511 1657 πιστεύειν
555 1603 624 1672 τῇ
664 1600 776 1654 τῶν
808 1599 1276 1672 ψευδοπροφητῶν
1318 1600 1522 1670 ἀπάτη.
1566 1615 1586 1649 ι
1647 1597 1837 1651 Ἐστά-

224 1696 348 1762 λαξέ
376 1712 464 1748 σοι
494 1696 579 1759 είς
606 1688 751 1747 οἶνον
798 1694 891 1748 καὶ
937 1692 1210 1763 μέθυσμα.
1252 1712 1271 1745 ι
1312 1692 1556 1745 Ἐκείνου
1590 1689 1698 1762 γὰρ
1729 1690 1837 1743 ἁπ-

221 1786 492 1852 εστὰλαξέ
522 1804 607 1840 σοι
638 1787 867 1856 ταυτηνὶ
886 1786 985 1857 τὴν
1014 1786 1308 1857 τιμωρίαν,
1327 1785 1420 1855 ἀφ’
1444 1779 1511 1856 ἧς
1543 1783 1836 1855 μεθύοντος

220 1879 548 1949 διενήνοχας
578 1876 757 1942 οὐδὲν,
790 1880 855 1948 τῇ
886 1876 1130 1949 ποικιλίᾳ
1159 1877 1560 1949 περιαγόμενος
1587 1875 1694 1929 τῶν
1730 1894 1830 1929 κα-

220 1971 361 2024 κῶν·
395 1968 694 2039 ἐδείξαμεν
726 1974 803 2039 (p.
844 1968 972 2038 274)
1005 1968 1063 2023 δὲ
1088 1969 1179 2023 καὶ
1206 1969 1434 2040 ἑτέρωθι
1453 1969 1535 2023 ὅτι
1564 1968 1656 2022 τὸν
1682 1965 1833 2022 οἶνον

218 2061 311 2113 ἐπὶ
339 2064 451 2132 τῆς
472 2058 753 2132 τιμωρίας
782 2059 950 2128 λέγει.
986 2079 1005 2112 ι
1043 2060 1154 2115 Καὶ
1177 2059 1331 2116 ἔσται
1359 2062 1423 2115 ὲκ
1445 2061 1547 2133 τῆς
1574 2062 1834 2131 σταγόνος

214 2152 311 2207 τοῦ
347 2152 489 2207 λαοῦ
528 2151 723 2206 τούτου
773 2152 1143 2223 συναγόμενος
1181 2154 1577 2224 συναχθήσεται
1637 2152 1832 2206 Ἰακὼϐ

214 2249 316 2302 σὺν
347 2248 552 2300 πᾶσιν.
591 2265 610 2298 ι
656 2246 752 2299 Ἐκ
780 2246 837 2299 δὲ
860 2245 1063 2319 ταύτης
1098 2250 1196 2320 τῆς
1228 2249 1414 2313 κακῶς
1449 2249 1579 2320 ὑμῖν
1609 2250 1832 2317 ἐγγενο-

214 2342 393 2413 μένης
420 2341 653 2413 ἀπάτης
686 2341 797 2394 τῶν
824 2340 1288 2413 ψευδοπροφητῶν
1310 2385 1324 2409 ,
1350 2343 1591 2405 ἅπαντες
1621 2344 1702 2406 εἰς
1731 2343 1832 2413 τὴν

210 2434 514 2507 παροῦσαν
549 2432 881 2507 ἠθροίσθη-τε
912 2432 1183 2504 τιμωρίαν
1204 2474 1218 2498 ,
1254 2434 1319 2505 ἢν
1351 2433 1603 2504 οὐδαμῶς
1636 2434 1833 2504 διαφυ-

207 2529 333 2594 γεῖν
379 2527 520 2595 ὑμῖν
562 2524 808 2578 δυνατόν.
857 2542 876 2575 ι
940 2524 1326 2595 Ἐκδεχόμενος
1366 2524 1655 2596 ἐκδέξομαι
1706 2529 1832 2592 τοὺς

210 2618 601 2682 καταλοίπους
639 2617 733 2670 τοῦ
791 2616 1027 2688 Ἰσραὴλ,
1065 2618 1157 2670 ἐπὶ
1181 2617 1241 2670 τὸ
1278 2617 1411 2672 αὐτὸ
1461 2617 1699 2690 θήσομαι
1733 2620 1831 2691 τὴν

206 2712 587 2782 ἀποστροφὴν
612 2709 812 2763 αὐτῶν.
857 2729 875 2761 ι
911 2711 1198 2774 ’Ἃπαντας
1220 2710 1398 2764 τοίνυν
1427 2711 1596 2782 ὑμᾶς,
1624 2712 1751 2777 τούς
1772 2731 1831 2768 τε

207 2806 500 2878 πῴτερον
544 2802 856 2873 ληφθέντας
906 2803 1009 2857 ὑπὸ
1040 2802 1150 2855 τῶν
1192 2803 1525 2875 Ἀσσυρίων,
1563 2805 1658 2859 καὶ
1704 2807 1834 2871 τοὺς

206 2896 481 2969 ὕστερον.
516 2893 777 2965 ἀναμενῶ
806 2896 872 2965 τῇ
904 2894 1142 2966 τοσαύτη
1176 2895 1635 2968 παραδιδομένους
1663 2914 1837 2968 τιμω-

210 2989 331 3063 ρίᾳ,
359 2992 450 3053 εἰς
476 2988 544 3059 ἢν
565 2987 709 3040 κατὰ
733 2987 929 3040 ταυτὸν
957 2987 1067 3042 τῶν
1093 2988 1274 3042 τόπων
1300 2989 1700 3060 ἁφαιρηθὲντες
1726 2990 1835 3044 τῶν

207 3083 469 3146 οἰκείων,
503 3079 1006 3152 ἁποστρσιφήσεσθε
1036 3082 1115 3143 είς
1151 3081 1527 3151 αἰχμαλωσίαν
1558 3082 1837 3153 ἀπαγόμε,

1937 598 2163 667 colatis;
2189 614 2317 653 nam
2343 606 2395 653 te
2426 598 2530 653 hoc
2556 598 2680 653 loco
2707 597 2917 652 diutius
2940 599 3247 681 quiescere,
3271 597 3534 668 impossi-

1936 691 2046 747 bile
2074 699 2193 758 est;
2224 690 2671 761 quandoquidem
2717 697 2940 761 propter
2972 691 3094 745 vit-.e
3127 697 3321 746 vestra:
3350 692 3532 761 impu-

1939 786 2157 840 ritatem
2234 786 2365 840 sive.
2414 783 2723 854 irreligioso.
2790 782 2907 838 sive
2970 783 3219 852 improbe
3293 782 3529 851 agendo,

1941 877 2193 933 hostibus
2257 876 2458 934 vestris
2518 876 2585 929 ad
2645 875 2944 945 perniciem
2995 874 3181 928 traditi
3230 875 3400 936 estis,
3460 874 3529 928 ad

1938 983 2103 1039 quam
2135 966 2448 1031 ducemini;
2493 967 2640 1023 haud
2676 967 2994 1022 hominibus
3041 982 3138 1022 vos
3161 967 3527 1034 trahentibus,

1939 1060 2035 1117 sed
2065 1062 2189 1132 ipso
2222 1062 2330 1117 Deo
2361 1063 2453 1133 qui
2486 1063 2630 1117 hanc
2653 1061 2811 1117 vobis
2832 1075 3050 1131 pmnam
3078 1060 3342 1117 decrevit.

2011 1348 2179 1405 Vens.
2218 1348 2417 1402 ll-l3.
2438 1377 2510 1388 —-
2531 1347 2670 1409 Tum
2700 1360 2926 1403 causam
2956 1346 3282 1416 corruptelze
3312 1344 3529 1400 illorum

1939 1442 2133 1498 dicens
2166 1459 2179 1495 :
2216 1458 2234 1492 ι
2269 1438 2512 1510 Spiritus
2538 1482 2554 1508 ,
2596 1440 2819 1509 inquit,
2861 1439 3057 1495 statuit
3096 1438 3467 1493 mendacium.
3503 1458 3524 1491 ι

1938 1535 2119 1594 Causa
2156 1535 2256 1591 tibi
2286 1528 2486 1589 horum
2524 1533 2772 1589 omnium
2817 1532 2957 1594 fuit.
3001 1532 3162 1588 ﬁdem
3204 1533 3531 1587 adhibuisse

1941 1630 2208 1686 falsorum
2272 1629 2663 1700 prephetarum
2725 1627 2929 1682 fraudi.
2967 1645 2986 1677 ι
3020 1625 3261 1681 Stillavit
3316 1625 3414 1679 tibi
3472 1625 3529 1690 in

1938 1723 2125 1777 vinum
2158 1729 2212 1777 et
2241 1721 2586 1777 ebrietatem.
2618 1738 2636 1772 ι
2668 1718 2744 1774 Ex
2781 1718 2873 1773 illo
2912 1719 3008 1773 tibi
3059 1718 3346 1773 instillavit
3386 1717 3531 1771 hanc

1864 1847 1908 1906 Β
1939 1803 2285 1883 punitiouem
2311 1852 2325 1871 .
2359 1826 2467 1881 qua
2503 1810 2680 1864 factus
2711 1823 2771 1863 es
2798 1808 2954 1862 ebrio
2984 1806 3183 1862 similis
3206 1848 3219 1872 ,
3254 1805 3529 1860 malorum

1935 1907 2216 1960 variorum
2245 1903 2600 1958 multitudine
2627 1903 3018 1956 circumactus.
3051 1898 3118 1953 Et
3148 1899 3367 1968 quidem
3400 1896 3532 1953 alibi

1936 2014 2039 2054 nos
2067 1998 2447 2059 ostendimus,
2485 1997 2673 2050 vinum
2696 1995 2817 2049 'dici
2858 2009 2888 2048 a
2927 1992 3213 2064 Scriptura
3250 1992 3528 2047 interdum

1862 2148 1867 2155 _
1935 2107 2039 2163 pro
2069 2090 2377 2162 punitione.
2417 2089 2581 2159 180
2612 2106 2631 2140 ι
2655 2087 2719 2141 Ει
2749 2087 2893 2153 erit,
2937 2087 3005 2141 de
3037 2085 3184 2142 stilla
3212 2085 3398 2156 populi
3429 2084 3532 2138 hu-

1930 2184 2060 2254 jus,
2101 2181 2533 2251 congregatione
2569 2177 2996 2249 congregabitur
3029 2175 3200 2230 Jacoh
3241 2191 3365 2230 eum
3405 2191 3529 2229 om-

1935 2275 2123 2331 nibus.
2155 2293 2174 2327 ι
2206 2273 2291 2329 Ob
2330 2275 2473 2327 hane
2512 2281 2696 2326 autem
2740 2271 2879 2324 male
2920 2269 3078 2323 vobis
3118 2268 3451 2324 insinuatam
3498 2282 3531 2321 a

1936 2364 2093 2420 falsis
2145 2363 2431 2435 prophetis
2484 2361 2732 2416 fraudem
2762 2400 2776 2424 ,
2818 2360 3008 2414 cuncti
3059 2358 3223 2413 simul
3272 2358 3338 2412 ad
3390 2358 3534 2415 hanc

1936 2456 2119 2510 adacti
2168 2468 2385 2523 prunam
2436 2451 2653 2516 fuistis,
2710 2466 2874 2520 quam
2926 2464 3037 2505 non
3087 2449 3217 2503 licet
3268 2449 3530 2520 effugere.

1942 2569 1960 2602 ι
1975 2548 2338 2619 Suscipiendo
2355 2546 2655 2615 suscipiam
2677 2544 2919 2613 reliquos
2934 2542 3181 2603 lsraelis,
3199 2542 3252 2596 in
3278 2542 3329 2595 id
3351 2543 3533 2613 ipsum

1935 2657 2136 2713 ponam
2172 2640 2512 2695 aversionem
2546 2652 2760 2692 eorum.
2802 2656 2819 2688 ι
2849 2635 3095 2692 Cunctos
3125 2651 3257 2705 ergo
3288 2649 3385 2690 vos
3416 2643 3533 2689 tum

1937 2742 2096 2788 antea
2122 2740 2315 2801 captos
2347 2731 2417 2784 ab
2444 2729 2688 2800 Assyriis
2711 2771 2724 2792 ,
2760 2736 2874 2781 tum
2925 2735 3116 2797 postea
3141 2768 3155 2790 ,
3198 2724 3535 2796 exspectabo

1936 2827 2032 2882 tali
2063 2840 2238 2895 patum
2266 2822 2612 2879 contraditos
2632 2864 2647 2884 .
2678 2821 2745 2877 ad
2772 2837 2936 2891 quam
2970 2820 3215 2891 propriis
3247 2820 3423 2874 avulsi
3456 2835 3538 2874 se-

1937 2920 2102 2974 dibus
2140 2916 2503 2977 avertemini,
2551 2917 2605 2970 in
2639 2914 3012 2984 captivitatem
3057 2913 3293 2983 abrepti.
3327 2934 3344 2964 ‹
3379 2913 3537 2969 Sicut

1938 3026 2071 3066 oves
2104 3010 2159 3065 in
2195 3008 2558 3062 tribulatione
2579 3049 2592 3072 ,
2623 3006 2780 3077 quasi
2817 3022 3010 3076 greges
3042 3006 3095 3060 in
3126 3006 3307 3060 medio
3337 3006 3538 3061 cubiiis

1940 3104 2026 3161 sui
2054 3144 2069 3166 ,
2101 3102 2359 3159 evsilient
2384 3116 2449 3155 ex
2483 3099 2820 3153 hominibus.
2852 3098 3104 3153 i'l‘antus
3137 3098 3289 3154 vobis
3319 3100 3538 3169 ingruet

207 3193 314 3229 νοι.
369 3192 390 3226 ι
456 3172 547 3236 Ὠς
586 3171 838 3243 πρόὸατα
870 3172 927 3224 ὲν
959 3170 1157 3238 θλίψει,
1199 3172 1275 3236 ὡς
1322 3174 1549 3243 ποίμνια
1592 3177 1650 3228 ἐν
1686 3176 1836 3246 μέσῳ

1941 3210 2113 3267 pavor
2157 3195 2226 3250 ab
2267 3193 2508 3247 hostium
2539 3192 2802 3255 incursu,
2832 3199 2894 3245 ut
2935 3190 3081 3244 haud
3116 3190 3415 3245 dissimiles
3450 3190 3538 3245 fu-

207 3268 413 3338 κοίτης
450 3264 637 3319 αὖτῶν
683 3263 1001 3331 ὲξαλοῦνται
1043 3264 1101 3331 ἐξ
1143 3264 1467 3336 ἀνθρώπων.
1525 3287 1543 3319 ι
1598 3268 1836 3321 Τοσοῦτο

207 3362 326 3433 γὰρ
362 3362 504 3431 ύμῖν
541 3360 869 3429 ἐμπεσεῖται
900 3357 1017 3421 δέος
1066 3358 1131 3411 ἐκ
1170 3359 1266 3429 τῆς
1307 3338 1498 3429 ἐξόδου
1531 3361 1643 3414 τῶν
1677 3361 1837 3415 πολε-

211 3453 387 3524 μίων,
449 3449 600 3505 ὥστε
654 3449 823 3520 μηδὲν
875 3449 1021 3518 ὑμᾶς
1071 3449 1393 3507 ἁπεοικέναι
1431 3452 1754 3524 προϐάτων,
1800 3452 1837 3507 ἃ.

210 3541 570 3597 καθεύδοντα
595 3540 662 3594 ἁθ
673 3540 795 3612 ρόον
818 3539 1143 3603 ἐπιστάντος
1170 3540 1360 3608 λύκου,
1394 3544 1475 3607 εἰς
1500 3545 1748 3616 ταραχήν
1776 3561 1836 3598 τε

210 3634 603 3689 καθίστανται
645 3632 740 3685 καὶ
772 3631 926 3695 δέος,
980 3632 1109 3700 περὶ
1143 3632 1240 3702 τῆς
1274 3633 1551 3705 σωτηρίας
1596 3636 1837 3703 ἀγωνίαν

212 3723 668 3796 ἀναγκαζόμενα
699 3725 796 3795 τῆς
828 3724 1052 3787 οἰκείας.
1104 3742 1121 3775 ι
1189 3724 1451 3796 Ἀνὰὁηθι
1481 3725 1568 3780 διὰ
1609 3727 1708 3796 τῆς
1745 3744 1839 3780 κο-

214 3819 335 3888 πῆς
396 3816 513 3887 πρὸ
562 3813 863 3886 προσώπου
919 3814 1132 3868 αὐτῶν·
1183 3814 1440 3886 διέκοψαν
1483 3819 1575 3871 καὶ
1624 3819 1838 3889 διῆλθον

218 3910 435 3982 πύλην,
472 3910 571 3963 καὶ
594 3907 820 3979 ἐξῆλθον
839 3908 906 3962 δι’
933 3909 1122 3978 αὐτῆς·
1152 3908 1248 3963 καὶ
1276 3910 1497 3981 ἐξῆλθεν
1524 3912 1552 3964 ό
1582 3911 1840 3981 βασιλεὺς

216 4002 414 4057 αὐτῶν
452 4002 565 4072 πρὸ
595 3998 892 4070 προσώπου
924 3999 1123 4055 αὐτῶν.
1171 4019 1188 4053 ι
1242 4000 1463 4073 Ἐπειδὴ
1500 4003 1609 4076 γὰρ
1648 4006 1697 4057 οἱ
1735 4005 1841 4058 Βα-

216 4095 491 4151 θυλὼνιοι
526 4094 623 4147 ἐπὶ
670 4093 805 4147 πολὺ
844 4093 943 4165 τὴν
999 4093 1360 4166 Ἰερουσαλὴμ
1396 4097 1837 4169 πολιορκοῦντες,

218 4192 302 4258 (ιι.
341 4188 480 4259 275)
512 4187 878 4258 μηχανήμασι
914 4185 1011 4257 τὴν
1038 4187 1192 4241 πόλιν
1216 4188 1472 4254 λαϐόντες
1506 4191 1755 4262 διένεμον
1782 4193 1842 4247 τὸ

216 4283 443 4352 ταλαί·
492 4278 639 4332 οὕτω
680 4296 740 4332 τε
780 4278 879 4348 τὴν
915 4280 993 4343 εἰς
1033 4278 1133 4351 τὴν
1182 4279 1335 4334 πόλιν
1380 4282 1842 4349 εἴσοδονκὲαυτοῖς

219 4372 828 4445 πραγματευσάμενοι,
865 4370 1112 4436 ἅπαντας
1148 4373 1286 4443 μετὰ
1317 4373 1411 4428 τοῦ
1458 4375 1721 4446 βασιλέως
1753 4379 1844 4432 διὰ

218 4467 330 4536 τῆς
376 4463 563 4534 πύλης
611 4463 705 4516 ἐπὶ
750 4463 851 4535 τὴν
902 4465 1282 4535 αἰχμαλωσίαν
1338 4466 1646 4539 ἐξήγαγον·
1684 4470 1843 4525 τοῦτο

1940 3290 2048 3344 turi
2083 3289 2206 3343 sitis
2236 3286 2421 3340 ovium
2449 3301 2573 3355 quae
2601 3284 2970 3344 dormientes.
3017 3283 3265 3337 irruente
3314 3290 3541 3348 repente

1939 3380 2070 3450 lupo
2091 3420 2106 3445 ,
2139 3380 2379 3433 tumultu
2416 3385 2469 3431 et
2496 3380 2950 3432 consternatione
2983 3376 3302 3441 turbantur,
3345 3375 3413 3431 de
3449 3392 3541 3431 sae

1939 3472 2051 3527 lute
2076 3485 2176 3526 sua
2201 3469 2481 3540 trepidare
2508 3478 2733 3523 coacue.
2759 3487 2777 3520 ι
2808 3468 3060 3524 Asoende
3088 3484 3185 3539 per
3212 3469 3540 3524 divisionem

1941 3571 2068 3619 ante
2104 3562 2301 3618 faciem
2335 3577 2526 3617 eorum
2555 3580 2570 3629 ;
2604 3561 2919 3617 diviserunt
2953 3570 3008 3618 et
3037 3563 3381 3618 transierunt
3415 3578 3542 3633 por-

1941 3662 2054 3708 tam
2080 3693 2096 3716 ,
2128 3661 2183 3709 et
2217 3668 2314 3723 per
2342 3668 2465 3708 eam
2499 3663 2860 3709 excesserunt
2887 3671 2901 3708 :
2931 3662 2986 3709 et
3020 3669 3116 3708 rex
3145 3669 3336 3709 eorum
3373 3656 3541 3710 exivit

1942 3755 2071 3801 ante
2110 3746 2280 3816 ipsos.
2316 3764 2335 3798 ι
2361 3744 2663 3815 Postquam
2711 3745 2998 3818 Babylonii
3047 3745 3391 3802 Hierusalem
3443 3745 3540 3803 diu

1942 3840 2314 3903 obsederunt,
2357 3848 2783 3910 expugnataque
2814 3841 3035 3896 demum
3078 3841 3218 3895 urbe
3263 3838 3542 3894 machinis

1943 3934 2147 3988 muenia
2180 3932 2524 3997 diviserunt,
2562 3940 2726 4002 atque
2759 3932 3014 4003 ingressu
3068 3932 3173 3989 sibi
3223 3932 3501 4003 patefacto
3525 3976 3543 3999 ,

1944 4032 2177 4080 cunctos
2202 4040 2312 4079 una
2343 4039 2468 4079 cum
2503 4040 2629 4095 rege
2658 4040 2756 4093 per
2796 4033 3013 4095 portam
3061 4026 3113 4080 in
3161 4026 3541 4095 captivitatem

1945 4118 2317 4187 expulerunt;
2354 4116 2460 4172 hoe
2496 4117 2615 4171 ait:
2653 4117 2935 4183 Ascende,
2978 4119 3104 4174 vide
3135 4133 3355 4173 murum
3388 4124 3545 4173 tuum

1945 4207 2216 4273 divisum,
2252 4223 2415 4278 quem
2448 4207 2639 4263 hostes
2670 4208 3033 4265 demolientes
3062 4224 3261 4264 vanam
3297 4209 3394 4264 tibi
3428 4225 3549 4279 spe-

1944 4308 2122 4355 ratam
2157 4301 2228 4355 ab
2262 4302 2366 4355 hoc
2398 4301 2632 4355 salutem
2661 4300 2984 4356 effecerunt.
3014 4299 3285 4356 Omnibus
3313 4301 3456 4356 enim
3491 4302 3546 4356 in

1946 4393 2083 4449 urbe
2118 4392 2543 4462 superstitibus,
2579 4402 2706 4462 post
2742 4394 3063 4448 occisorum
3102 4401 3341 4463 stragem
3375 4396 3548 4461 capti.

1946 4484 2110 4548 vatis,
2140 4501 2239 4555 per
2270 4491 2485 4554 portam
2505 4500 2668 4555 quam
2691 4499 2945 4540 reserare
2964 4484 3247 4549 noluistis,
3267 4485 3545 4547 exierunt,

221 4558 418 4626 λέγει·
458 4554 644 4610 Ἀνιθι
680 4554 769 4626 δὴ,
805 4557 962 4624 φησι,
1010 4556 1104 4610 καὶ
1135 4557 1237 4628 δρα
1278 4558 1337 4611 τὸ
1376 4560 1556 4632 τεῖχός
1597 4577 1692 4614 σου
1734 4560 1838 4615 δια‹

1955 4585 2231 4648 praeeunte
2277 4578 2331 4632 in
2377 4578 2752 4648 captivitatem
2785 4578 2879 4632 illo
2910 4577 3002 4648 qui
3035 4589 3194 4633 antea
3218 4594 3316 4633 rex
3352 4593 3547 4633 eorum

221 4645 616 4718 τετμημένον,
648 4643 677 4697 ὃ
716 4644 1075 4715 διακόψαντες
1113 4648 1164 4699 oi
1199 4648 1449 4720 πολέμιοι
1486 4651 1725 4722 ματαίαν
1761 4669 1844 4707 σοι

223 4741 333 4814 τὴν
360 4741 828 4811 ὑποπτευομένην
856 4739 1110 4793 ἐντεῦθεν
1130 4741 1432 4812 ἅσρὰλειαν
1454 4747 1841 4819 πεποιήκασιν·

226 4833 498 4896 ἅπαντας
526 4832 637 4904 γὰρ
664 4834 791 4895 τοὺς
821 4832 877 4884 ὲν
909 4833 973 4903 τῇ
1004 4832 1155 4886 πόλει
1189 4834 1327 4902 μετὰ
1352 4836 1454 4908 τὴν
1487 4837 1596 4893 τῶν
1626 4857 1847 4895 πεπτω-

225 4927 419 4980 κότων
456 4924 783 4995 ἀναίρεσιν,
813 4922 906 4978 διὰ
952 4922 1055 4995 τῆς
1105 4925 1300 4996 πύλης,
1347 4928 1414 4999 ἢν
1469 4930 1694 5000 ἀνάγειν
1746 4933 1847 4987 οὐκ

1953 4688 2076 4729 esse
2099 4673 2408 4728 videbatur.
2434 4671 2500 4726 At
2519 4672 2663 4725 enim
2686 4671 2967 4741 quomodo
2985 4671 3101 4726 haec
3122 4671 3310 4727 hostes
3330 4678 3551 4740 patrare

1954 4764 2266 4834 poterunt?
2292 4782 2311 4815 ι
2348 4763 2615 4819 Do’minus
2640 4763 2753 4817 dux
2800 4762 3019 4817 illorum
3062 4763 3191 4819 erit.
3227 4782 3245 4815 ι
3283 4761 3552 4820 Dominus

1953 4851 2307 4923 imperatoris
2358 4854 2479 4908 vice
2524 4852 2776 4924 fungitur
2824 4852 2971 4923 apud
3022 4853 3281 4911 inimicos
3309 4860 3545 4913 vestros.

1954 4938 2162 4997 Deinde
2194 4957 2294 4998 cur
2325 4943 2443 4997 haec
2474 4943 2777 5013 patiantur.
2812 4958 3012 5000 rursus
3039 4945 3134 4999 ait.

225 5016 560 5082 ὶΰούλεσθε,
596 5015 858 5082 λαϐόντες
889 5016 1270 5088 αἰχμαλώτους
1299 5018 1554 5091 ἐξῆλθον,
1586 5027 2002 5097 προηγουμένου
2043 5032 2144 5102 τῆς
2191 5033 2571 5103 αἰχμαλωσίας
2622 5031 2716 5087 τοῦ
2768 5032 3073 5103 βασιλεύειν
3122 5035 3304 5090 αὐτῶν
3349 5034 3551 5106 πρότε-

231 5128 332 5180 ρον
398 5108 713 5175 δοκοῦντος.
769 5110 882 5164 Καὶ
925 5108 1045 5174 πῶς
1105 5110 1280 5167 ταῦτα
1338 5112 1565 5182 ποιῆσαι
1616 5115 1937 5188 δυνήσονται
1979 5125 2029 5177 οἱ
2081 5125 2367 5196 πολεμιοις
2418 5145 2436 5177 ι
2492 5126 2550 5179 Ὀ
2592 5125 2650 5179 δὲ
2691 5125 2899 5198 Κύριος
2950 5128 3219 5199 ⁴ἡγήσεται
3265 5128 3484 5182 αὐτῶν·
3523 5145 3547 5182 ι

229 5203 432 5274 ἐπειδὴ
479 5200 617 5264 Θεὸς
669 5202 858 5265 αὐτοῖς
906 5201 965 5254 ὲν
1011 5202 1127 5266 τοῖς
1174 5201 1297 5255 καθ’
1331 5202 1488 5274 ὑμῶν
1530 5213 1831 5280 στρατηγεῖ
1880 5213 2180 5285 πολεμίοις.
2236 5211 2367 5271 Εἶτα
2398 5216 2493 5271 καὶ
2544 5216 2688 5287 ὑπὲρ
2730 5210 2807 5271 ὧν
2843 5217 3015 5271 ταῦτα
3054 5220 3332 5273 πείσονται
3389 5221 3552 5276 πάλιν

227 5297 444 5367 λέγων·

856 5400 867 5407 “
914 5394 1073 5449 ΚΕΦ.
1120 5394 1191 5450 Γ’.

304 5483 474 5557 Στίχ.
518 5483 659 5537 α’-δ’.
684 5515 752 5524 -
782 5503 802 5536 ι
839 5485 950 5538 Καὶ
973 5487 1123 5557 ἐρεῖ·
1160 5486 1455 5540 Ἀκούσατε
1486 5486 1574 5559 δὴ,
1601 5489 1657 5542 αἱ
1691 5468 1859 5562 ἀρχαὶ

2513 5400 2669 5471 131
2690 5396 2865 5455 ων.
2908 5400 2994 5455 m.

2028 5491 2198 5547 Vsus.
2233 5490 2350 5545 1-4.
2382 5522 2446 5534 --
2474 5510 2494 5543 ι
2527 5491 2593 5545 Et
2619 5492 2804 5547 dicet:
2857 5493 3090 5560 Audite,
3143 5498 3426 5570 principes
3457 5498 3554 5557 Ja-

228 5576 335 5633 τοῦ
384 5573 595 5632 Ἰακὼὸ
615 5616 630 5642 ,
662 5577 760 5631 καὶ
791 5578 843 5630 οἰ
874 5577 1198 5633 κατάλοιποι
1248 5579 1400 5633 οἴκου
1456 5579 1678 5652 Ἰσραήλ
1698 5598 1712 5613 ·
1761 5583 1838 5654 οὐ]

1959 5583 2085 5650 cob,
2102 5590 2157 5640 et
2180 5584 2378 5654 reliqui
2401 5584 2600 5641 domus
2616 5583 2866 5641 lsraelis:
2892 5588 3142 5656 nunquid
3168 5605 3279 5645 non
3306 5602 3554 5652 vestrum

232 5671 385 5742 ὑμῖν
426 5669 554 5724 ἐστι
577 5668 674 5724 τοῦ
713 5671 921 5739 γνῶναι
954 5672 1016 5726 τὸ
1049 5673 1262 5746 κρῖμας
1314 5691 1333 5724 ι
1371 5672 1689 5744 Συμπράξει
1728 5674 1859 5746 γὰρ,

235 5760 413 5833 φησὶ,
462 5760 592 5816 καθ’
639 5761 795 5833 ὑμῶν
828 5766 943 5829 τοῖς
987 5764 1299 5838 πολεμίοις,
1347 5767 1551 5834 ταύτας
1592 5768 1721 5839 ὑμῖν
1761 5768 1863 5834 τὰς

240 5852 443 5922 alsia;
474 5853 725 5925 ἐπάγων.
761 5859 858 5914 καὶ
890 5857 1029 5939 πρὸς
1061 5858 1309 5925 ἅπαντας
1341 5858 1471 5925 τούς
1496 5879 1556 5918 τε
1603 5858 1862 5933 ἐξάρχον-

1962 5685 2047 5735 est
2092 5692 2427 5749 cognoscere
2469 5676 2794 5748 judicium?
2831 5697 2851 5731 ι
2885 5677 3277 5747 Auxiliabitur,
3336 5684 3550 5757 inquit.

1967 5766 2174 5825 vestris
2222 5766 2517 5833 hostibus;
2552 5765 2655 5823 has
2702 5766 2861 5824 vobis
2908 5765 3181 5838 objiciens
3223 5782 3454 5835 causas,
3493 5782 3552 5828 et

1969 5852 2188 5918 cunctis
2234 5858 2581 5932 principibus
2634 5860 2873 5928 vestris,
2928 5868 2978 5917 et
3030 5859 3300 5932 reliquis,
3360 5858 3554 5919 dicens
