4118 6464
595 380 702 441 ἓξὲξ)
1761 356 2123 418 THEODORI
2164 350 2395 414 MOPSU
2405 351 2536 412 EST
2545 348 2652 410 ΕΝἰ
3753 332 3863 397 ’ἀῦὒ

598 492 975 552 debuisse'vos
1004 483 1250 555 apprime
1279 480 1518 538 cilicium
1545 485 1791 536 vestrum
1824 478 2175 541 discernere,
2207 480 2224 535 Α

2328 488 2380 535 ις
2408 472 2466 525 ἐν
2497 472 2627 541 ὑμῖν
2655 466 2749 522 καὶ
2776 465 2902 529 τοὺς
2934 461 3153 525 λοιποὺς
3174 457 3369 529 λέγων,
3396 453 3478 511 δτι
3503 454 3727 516 Πάντων
3762 456 3867 527 μά-

599 583 789 639 vitinm
820 575 1095 637 aversari,
1129 575 1389 626 virtutem
1423 568 1717 639 amplecti,
1759 567 2017 636 quoniam
2063 565 2181 619 haec

2328 581 2439 617 ma.
2474 562 2619 632 ὑμᾶς
2652 559 2819 631 ἐχρῆν
2847 555 3145 626 διακρίνειν
3185 551 3247 605 τδ
3277 551 3430 614 δέον,
3465 546 3559 602 καὶ
3595 546 3870 639 ἀποτρέ-

600 671 782 729 omnia
813 683 916 738 ego
946 680 1042 719 vos
1069 664 1363 718 docuerant
1391 670 1509 716 tum
1555 658 1690 729 legis
1741 656 2144 713 constitutione
2164 692 2179 719 ,

2328 651 2481 705 εσθαι
2513 650 2612 722 μὲν
2643 649 2701 702 τὸ
2727 649 2931 718 χεῖρον,
2967 640 3242 715 αἱρεῖσθαι
3282 639 3338 693 δέ
3368 640 3426 692 τὸ
3458 638 3705 709 κρεῖττον
3727 673 3742 698 ,
3773 635 3870 689 ἀτε

600 769 714 817 tum
748 758 873 813 aliis
905 770 1026 825 quae
1055 768 1200 822 saepe
1231 750 1302 805 ob
1332 750 1483 828 hunc
1515 750 1677 803 linem
1705 745 1873 811 edixi,
1907 763 1926 796 ι
1959 742 2067 797 Vos
2094 756 2186 795 au-

2328 743 2541 797 πάντων
2575 741 2674 810 μὲν
2704 738 2862 793 τοῦτο
2908 734 3041 808 παρ’
3070 731 3204 805 ἐμοῦ
3235 729 3635 800 δεδιδαγμένων
3676 726 3768 780 διά
3808 741 3871 817 τε

598 860 711 909 tem
738 850 864 906 odio
896 817 1114 902 habetis
1135 817 1351 900 bonum
1374 817 1404 907 ,’
1419 848 1474 896 et
1503 838 1759 911 appetitis
1786 837 1987 891 malum
2009 874 2025 900 ,
2061 832 2186 888 diri-

2328 836 2384 906 ῆς
2424 834 2656 906 νομικῆς
2705 829 3002 894 διατάξεως
3043 827 3137 881 καὶ
3177 824 3287 878 τῶν
3326 821 3562 886 λοιπῶν,
3593 817 3875 911 όπόσαλδὴ

601 944 734 1014 pitis
760 955 948 996 eorum
976 937 1147 1008 pelles
1174 935 1409 1002 desuper
1432 932 1513 987 eis
1534 970 1549 995 ,
1572 938 1625 986 et
1658 943 1855 984 carnes
1875 943 1943 981 ex
1969 925 2187 981 ossibus

2328 926 2425 998 rpb;
2468 925 2627 979 τοῦτο
2668 921 2946 993 πεποίηκα
2977 916 3260 980 πολλάκις,
3302 915 3378 987 (p.
3410 912 3539 984 276)
3572 912 3667 966 ἐπὶ
3696 908 3876 978 τούτῳ

604 1001 816 1089 eorum.
850 1049 870 1083 ι
903 1029 1014 1083 Vos
1062 1042 1194 1082 vero
1246 1023 1590 1079 contrarium
1635 1020 1901 1075 doctrinae
1951 1028 2191 1087 acceptae

2328 1019 2347 1071 ὲ
2379 1015 2601 1071 καὶτῶν
2625 1015 2905 1086 ἀρχόντων
2925 1014 3005 1077 είς
3024 1013 3123 1084 τὴν
3146 1006 3398 1079 ἐξουσίαν
3419 1001 3877 1079 παρεληλυθότων

605 1125 823 1191 facitis,
858 1128 1176 1178 aversantes
1210 1120 1414 1173 bonum
1437 1154 1452 1180 ,
1488 1120 1873 1185 perpetrantes
1906 1110 2081 1174 maia,
2115 1116 2192 1161 to-

2328 1108 2518 1179 αύτην.
2552 1128 2570 1159 ι
2604 1109 2669 1161 Οἱ
2697 1107 2741 1161 δ’
2771 1106 2852 1159 ἔτι
2877 1104 3160 1177 μισοῦντες
3186 1103 3256 1157 τὰ
3276 1101 3438 1163 καλά,
3463 1097 3557 1153 καὶ
3587 1094 3879 1170 ζητοῦντες

607 1227 832 1286 tamque
863 1222 1105 1269 vestram
1154 1212 1210 1265 in
1255 1222 1524 1280 pauperes
1568 1204 1999 1271 humilioresque
2036 1214 2194 1254 exer-

2328 1201 2360 1255 ἀ
2384 1216 2517 1269 πονη
2528 1199 2615 1269 ρά,
2639 1197 2978 1270 ἁρπάζοντες
2996 1195 3067 1250 τὰ
3086 1195 3330 1266 δέρματα
3353 1190 3529 1246 αὐτῶν
3546 1188 3654 1243 ἀπὸ
3677 1185 3887 1250 αὐτῶν,

609 1278 801 1366 centes
830 1306 1178 1374 iniquitatem
1198 1341 1214 1366 ,
1246 1278 1481 1356 cunctas
1509 1311 1700 1352 eorum
1733 1290 2076 1348 multimodis
2106 1290 2192 1345 di-

2334 1293 2390 1345 αὶ
2416 1291 2516 1355 τὰς
2559 1291 2769 1362 σάρκας
2800 1288 2981 1344 αὐτῶν
3023 1288 3132 1342 ἀπὸ
3160 1285 3275 1340 τῶν
3306 1282 3479 1338 ὀστῶν
3513 1279 3712 1336 αὐτῶν.
3754 1297 3773 1332 ι
3813 1278 3881 1332 Οἱ

608 1400 864 1471 ripieudo
895 1371 1211 1452 facultates.
1242 1391 1390 1459 Quid
1421 1388 1593 1460 ergo?
1623 1405 1641 1438 ι
1673 1385 1832 1440 Sicut
1865 1382 2055 1454 populi
2087 1381 2193 1437 mei

2328 1383 2351 1436 ἐ
2377 1381 2689 1436 τούναντίον
2721 1373 2797 1434 ὧν
2820 1377 3136 1451 ἐδιδάχθητε
3168 1371 3585 1447 διαπράττεσθε,
3612 1372 3884 1442 ἀποστρε-

611 1507 808 1548 carnes
860 1488 1256 1553 comederunt,
1304 1494 1359 1540 et
1401 1476 1663 1554 pelles’ei
1710 1478 2107 1538 detraxerunt,
2142 1481 2196 1528 et

2328 1474 2521 1544 ιόμενοι
2567 1473 2665 1543 μὲν
2695 1473 2766 1525 τά
2788 1471 2930 1525 καλά
2951 1510 2965 1535 ,
2996 1468 3353 1541 ἐργαζόμενοι
3376 1466 3433 1519 δὲ
3471 1463 3540 1518 τὰ
3567 1462 3759 1534 χείρω,
3787 1460 3884 1513 καί⁵

613 1600 741 1640 ossa
771 1581 1247 1643 comminuerunt,
1274 1583 1329 1632 et
1356 1574 1722 1631 conciderunt
1745 1573 1888 1627 sicut
1914 1584 2110 1626 carnes
2140 1568 2195 1622 in

2328 1566 2482 1619 πᾶσαν
2511 1565 2592 1628 εἰς
2617 1565 2741 1627 τοὺς
2764 1561 3007 1634 πένητας
3028 1578 3088 1613 τε
3114 1561 3210 1614 καί
3229 1556 3642 1627 εὐτελεστέρους
3669 1551 3885 1606 ἀδικίαν

614 1675 825 1736 lebetc.
859 1681 913 1727 et
947 1674 1091 1727 sicut
1118 1684 1340 1725 carnem
1387 1668 1444 1723 in
1472 1667 1581 1721 olla
1609 1682 1624 1720 :
1673 1666 1756 1720 sic
1801 1663 1868 1717 ad
1903 1660 2195 1716 Dominum

2332 1655 2734 1725 πιδεικνύμενοι
2757 1654 2835 1726 τῷ
2865 1653 3045 1707 πάντα
3085 1652 3154 1706 τά
3194 1650 3467 1723 προσόντα
3495 1648 3677 1708 αὐτοῖς
3716 1645 3886 1713 ἀφαι-

615 1734 929 1819 clamabunt
950 1803 965 1828 ,
1013 1761 1107 1831 qui
1155 1770 1264 1814 nOn
1309 1756 1567 1814 exaudiet
1600 1768 1729 1818 eos,
1763 1759 2083 1821 avertetque
2114 1748 2198 1804 fa-

2328 1746 2514 1800 μεῖσθαι
2559 1744 2840 1808 ποικίλως.
2870 1744 2935 1797 Τί
2964 1739 3099 1810 οὖν;
3145 1760 3163 1794 ι
3207 1744 3305 1795 Ὃν
3344 1740 3542 1812 τρόπον
3575 1734 3888 1805 κατέφαγον

614 1855 752 1909 ciem
784 1868 938 1908 suam
970 1853 1037 1905 ab
1069 1850 1204 1921 ipsis
1232 1858 1479 1920 tempore
1505 1847 1630 1911 illo,
1657 1844 1919 1916 quoniam
1949 1842 2201 1912 nequiter

2328 1837 2402 1901 τάς
2430 1837 2640 1908 σάρκας
2663 1836 2758 1890 τοῦ
2787 1835 2917 1889 λαοῦ
2951 1853 3078 1907 μου,
3103 1836 3196 1889 καὶ
3226 1834 3292 1888 τά
3316 1834 3560 1906 δέρματα
3582 1829 3762 1883 αὐτῶν
3790 1828 3889 1883 ἀπ’

614 1952 843 2014 egerunt
872 1944 924 1996 in
955 1939 1438 1996 adinventionibus
1464 1938 1603 1993 suis.
1631 1954 1649 1987 ι
1682 1934 1821 2001 Quia
1851 1948 1971 1996 vos,
2002 1931 2202 2001 inquit,

2328 1929 2483 1983 ιύτῶν
2508 1928 2805 2001 ἐξέδειραν,
2837 1929 2932 1983 καί
2960 1927 3029 1981 τά
3052 1929 3188 1981 ὀστᾶ
3214 1927 3392 1981 αὐτῶν
3417 1923 3768 1988 συνέθλασαν,
3794 1921 3888 1975 xui.

615 2013 800 2084 omnia
842 2027 1180 2098 pauperibus
1221 2025 1545 2096 eripuistis,
1581 2022 1734 2077 varie
1773 2023 1897 2078 illos
1941 2020 2207 2075 fraudan-

2328 2020 2567 2091 pépts'av
2595 2020 2673 2084 ὡς
2706 2021 2916 2092 σάρκας
2964 2021 3045 2082 εἰς
3091 2018 3329 2089 λέϐητα,
3378 2017 3472 2070 καί
3515 2015 3590 2079 ὡς
3622 2013 3760 2087 κρέα
3807 2013 3887 2074 εἰς

614 2126 734 2182 tes,
795 2120 1171 2189 Opprimentes
1225 2126 1389 2187 atque
1443 2122 1829 2179 conterentes,
1892 2113 2015 2168 ideo
2062 2111 2206 2166 facta

2328 2112 2508 2184 [ύτραν
2533 2154 2548 2179 ,
2586 2111 2761 2176 οὕτως
2809 2110 3170 2184 κεκράξονται
3206 2110 3343 2181 πρὸς
3380 2108 3585 2181 Κύριον
3609 2146 3626 2172 ,
3663 2106 3756 2160 καὶ
3787 2107 3895 2159 οὐκ

617 2208 861 2264 hostium
902 2207 1223 2262 incursione
1257 2206 1585 2261 invocabitis
1614 2205 1837 2275 quidem
1873 2202 2209 2259 necessitate

619 2308 903 2370 premente
935 2298 1102 2353 Deum
1126 2339 1140 2362 ,
1176 2297 1389 2351 nullum
1425 2304 1607 2351 tamen
1643 2295 2012 2366 impetrabilis
2043 2294 2112 2348 ab
2138 2307 2204 2348 eo

618 2390 891 2443 auxilium
921 2407 933 2442 :
971 2390 1081 2443 imo
1113 2404 1181 2443 ne
1214 2388 1490 2458 respicere
1520 2386 1741 2456 quidem
1787 2400 1886 2441 vos
1930 2384 2107 2449 volet,
2149 2390 2207 2439 et

624 2471 961 2537 instantibus
1020 2481 1246 2535 omnino
1307 2479 1467 2533 malis
1525 2476 1861 2543 contradet,
1917 2482 2208 2547 propterea

623 2574 769 2646 quod
809 2582 916 2627 tam
950 2571 1173 2643 indigna
1194 2614 1210 2638 ,
1242 2581 1464 2641 tamque
1495 2570 1655 2641 plena
1683 2568 1970 2638 iujustitia:
1995 2568 2210 2639 operari

621 2682 722 2723 vos
769 2667 1040 2736 cognovit.
1092 2663 1212 2720 Jam
1262 2673 1552 2735 postquam
1600 2663 1737 2717 dixit
1786 2677 1910 2732 qua;
1941 2660 2211 2726 fecerint,

627 2756 788 2827 182
817 2765 872 2812 et
901 2770 1020 2827 quae
1049 2755 1161 2811 sint
1188 2763 1474 2825 propterea
1499 2755 1715 2824 passuri
1739 2795 1753 2820 ,
1777 2753 1907 2823 quia
1941 2753 2208 2808 falsorum

623 2850 1019 2920 prophetarum
1038 2847 1221 2903 verbis
1246 2845 1619 2911 crediderunt,
1636 2852 1827 2901 contra
1851 2845 2002 2915 ipsos
2027 2844 2212 2900 denuo

2306 2201 2688 2256 εἰσακούσεται
2734 2203 2935 2267 αὐτῶν,
2978 2204 3075 2257 καὶ
3122 2200 3458 2273 ἀποστρέψει
3496 2198 3559 2253 τὸ
3600 2199 3896 2271 πρόσωπον

2310 2290 2475 2345 αὑτοῦ
2509 2293 2603 2346 ἀπ’
2647 2291 2827 2346 αὐτῶν
2856 2294 2915 2347 ἐν
2949 2293 3028 2363 τῷ
3058 2293 3236 2365 καιρῷ
3264 2293 3487 2363 ἐκείνῳ,
3516 2291 3631 2345 ἀνθ’
3657 2284 3733 2345 ὧν
3760 2293 3898 2346 ἐποο

2312 2384 2646 2456 νηρεύσαντο
2697 2387 2755 2438 ἐν
2803 2387 2915 2449 τοῖς
2971 2384 3402 2456 ἐπιτηδεύμασιν
3443 2384 3622 2439 αὐτῶν
3664 2383 3750 2437 ἐπ’
3789 2383 3902 2438 αὖ·

2314 2479 2446 2541 τοῖς.
2491 2495 2510 2527 ι
2557 2476 2772 2549 Ἐπειδὴ
2809 2476 2948 2548 γὰρ,
2991 2478 3192 2548 φησὶν,
3236 2477 3397 2547 ὑμεῖς
3445 2476 3623 2530 πάντα
3669 2475 3737 2529 τά
3784 2474 3903 2528 τῶν

2318 2570 2567 2638 πενήτων
2596 2569 2917 2639 ἀφῃρεῖσθε,
2949 2568 3214 2633 ποικίλως
3241 2568 3436 2632 αὐτοὺς
3466 2564 3776 2629 ἀδικοῦντες
3803 2568 3908 2620 καὶ

2320 2658 2581 2731 ἄρχοντες
2604 2662 2700 2715 καὶ
2728 2661 3129 2732 συντρίὸοντες,
3155 2662 3243 2716 διὰ
3265 2660 3423 2715 τοῦτο
3449 2661 3546 2731 τῆς
3575 2660 3765 2731 ἐφόδου
3788 2660 3909 2712 τῶν

2318 2755 2596 2826 πολεμίων
2620 2756 2949 2828 γιγνομένης
2976 2757 3238 2811 καλέσετε
3269 2757 3368 2828 μὲν
3398 2757 3502 2810 ὑπὸ
3529 2757 3629 2826 τῆς
3653 2755 3912 2825 ἀνάγκης

2315 2847 2406 2900 τὸν
2433 2846 2587 2913 Θεὸν,
2621 2848 2879 2919 οὐδεμιᾶς
2898 2848 2955 2901 δὲ
2982 2848 3236 2916 τεύξεσθε
3262 2849 3364 2920 τῆς
3388 2848 3598 2902 ἐκεῖθεν
3626 2846 3905 2920 βοηθείας·

627 2941 797 2995 falsos
827 2940 1122 3010 prophetas
1151 2953 1462 2995 sermonem
1495 2938 1798 3002 convertit,
1831 2946 1885 2992 et
1918 2937 2029 2991 ait:

2328 2938 2441 2993 ιλλά
2485 2940 2583 3010 μὲν
2633 2941 2683 2992 εἰ
2741 2940 2878 3011 μηδὲ
2939 2940 3303 3011 προσϐλέπειν
3355 2942 3485 3013 ὑμῖν
3534 2940 3864 3013 αἱρούμενος
3892 2979 3911 3003 ,

627 3031 907 3095 παντελῶς
937 3030 994 3084 δὲ
1022 3032 1135 3092 τοῖς
1164 3028 1483 3099 κατέχουσιν
1511 3028 1752 3092 ἐκδιδοὺς
1775 3029 1986 3094 κακοῖς,
2027 3027 2213 3100 ἐπειδὴ
2272 3029 2500 3086 τοιαῦτα
2533 3032 2709 3087 ἄτοπα
2749 3032 2845 3085 καὶ
2903 3032 3171 3105 τοσαύτης
3228 3032 3442 3098 ἀδικίας
3477 3032 3651 3104 μεστά
3692 3051 3920 3105 πεπρα-

629 3125 747 3198 χόσι
779 3125 857 3196 (p.
882 3124 1009 3191 277)
1037 3121 1274 3176 σύνοιδεν
1305 3122 1466 3192 ὑμῖν·
1497 3120 1738 3193 εἰρηκὼς
1781 3120 1840 3174 δὲ
1865 3122 1901 3176 ἆ
1953 3139 2014 3175 τε
2047 3122 2335 3195 ἔπραττον,
2372 3125 2466 3179 καὶ
2506 3125 2543 3179 ἃ
2606 3126 2886 3182 πείσονται
2940 3127 3080 3199 ὑπὲρ
3130 3126 3367 3195 τούτων,
3407 3131 3519 3193 τοῖς
3556 3126 3667 3180 τῶν
3715 3128 3919 3197 ψευδο-

632 3218 925 3291 προφητῶν
953 3214 1381 3278 πεπιστευκότες
1418 3214 1620 3283 λόγοις,
1661 3214 1749 3267 ἐπ’
1793 3216 1994 3280 αὐτοὺς
2024 3217 2188 3270 πάλιν
2218 3220 2345 3284 τοὺς
2379 3218 2832 3291 ψευδοπροφήτας
2867 3221 3059 3292 τρέπει
3090 3220 3180 3274 τὸν
3219 3219 3407 3289 λόγον,
3443 3218 3537 3273 καί
3567 3235 3727 3290 φησι’

706 3308 870 3367 Vens.
904 3309 1103 3365 5-7.—
1133 3330 1151 3362 ‹
1180 3308 1306 3365 Haec
1336 3308 1471 3363 dicit
1503 3301 1768 3363 Dominus
1790 3324 1956 3379 super
1980 3310 2214 3379 prepheo

2388 3310 2538 3382 Στίχ’.
2572 3311 2709 3377 ε’-ζ.
2739 3337 2811 3354 -ν
2850 3331 2870 3364 ι
2907 3311 3044 3365 Τάδε
3073 3312 3222 3381 λέγει
3264 3311 3470 3384 Κύριος
3501 3312 3593 3365 ἐπὶ
3622 3311 3746 3375 τοὺς
3777 3328 3927 3383 προ-

632 3412 755 3468 tas,
803 3403 896 3474 qui
937 3403 1207 3460 seducunt
1248 3403 1508 3474 populum
1555 3418 1777 3467 meum,
1835 3401 1927 3473 qui
1968 3402 2221 3458 mordent

633 3494 890 3550 dentibus
917 3494 1034 3549 suis
1057 3534 1073 3559 ,
1105 3502 1158 3550 et
1188 3494 1488 3564 praedicant
1523 3492 1605 3549 eis
1650 3508 1880 3563 pacem;
1923 3492 2077 3562 atqui
2109 3492 2226 3547 haec

635 3586 828 3641 tradita
856 3602 967 3641 non
995 3592 1080 3643 est
1109 3586 1191 3641 ori
1226 3600 1442 3641 eorum.
1469 3583 1636 3639 :Haec
1657 3585 1726 3640 de
1750 3584 1905 3640 falsis
1936 3585 2225 3655 prophetis

635 3677 770 3733 dicit
802 3679 973 3743 Deus,
1005 3678 1097 3749 qui
1129 3677 1489 3732 multifariam
1523 3675 1812 3731 fraudibus
1844 3675 2107 3746 populum
2150 3675 2220 3731 ab

638 3771 871 3825 honesto
893 3769 1246 3835 abducentes,
1269 3784 1395 3824 eum
1419 3765 1817 3839 propemodum
1843 3773 2042 3820 vorant
2070 3765 2224 3821 fabu-

637 3861 936 3917 lationibus
980 3860 1097 3916 suis
1136 3866 1190 3914 et
1218 3860 1470 3924 actibus,
1504 3858 1573 3912 ad
1598 3872 1663 3913 ea
1695 3858 1822 3914 illos
1856 3866 2224 3928 provocantes

637 3969 877 4026 quorum
911 3967 1081 4007 causa
1127 3952 1401 4023 punitioni
1434 3952 1565 4006 lieut
1605 3950 1850 4005 obnoxii.
1890 3949 2228 4007 Constanter

641 4054 822 4102 autem
852 4060 1039 4117 pacem
1072 4045 1181 4100 illis
1211 4043 1535 4099 nuntiabant
1557 4083 1572 4109 ,
1601 4051 1654 4099 et
1689 4044 1839 4115 quod
1872 4052 2223 4115 peccatorum

644 4150 873 4192 suorum
927 4148 1097 4189 causa
1152 4132 1286 4187 nihil
1340 4131 1471 4186 mali
1527 4130 1708 4187 forent
1761 4130 2015 4202 passuri,
2076 4131 2227 4201 iuxta

643 4228 809 4283 verba
839 4227 1252 4297 prophetarum.
1287 4222 1396 4279 Sed
1422 4222 1570 4278 enim
1599 4222 1745 4277 haud
1778 4223 1995 4281 sincera
2041 4230 2229 4278 mente

644 4321 967 4391 loquentes,
1013 4331 1203 4388 pacem
1253 4329 1432 4371 meam
1473 4315 1841 4378 nuntiabant,
1887 4329 2052 4385 quam
2099 4329 2227 4385 pro-

643 4413 864 4467 mittere
893 4410 1070 4466 edocti
1102 4424 1132 4462 a
1158 4423 1247 4463 me
1277 4422 1385 4462 non
1418 4405 1657 4462 fuerant.
1690 4405 1850 4462 Unde
1872 4404 2006 4477 quid
2035 4404 2228 4461 confe-

644 4502 881 4561 cerunt?
905 4520 924 4556 ι
952 4500 1443 4556 Sanctiﬁcaverunt
1469 4513 1636 4568 super
1663 4513 1760 4553 eos
1786 4497 2011 4553 bellum.
2039 4515 2059 4550 ι
2085 4495 2225 4552 Dum

647 4611 835 4669 pacem
879 4594 1173 4656 nuntiant,
1219 4591 1424 4647 bellum
1475 4590 1582 4662 ipsi
1633 4591 2026 4655 concitarunt,
2080 4590 2225 4660 quod

2327 3405 2503 3477 φήτας
2523 3405 2650 3468 τοὺς
2678 3403 2998 3469 πλανῶντας
3024 3403 3116 3459 τὸν
3151 3403 3279 3457 λαόν
3315 3421 3438 3474 μου,
3466 3404 3590 3466 τοὺς
3615 3402 3925 3468 δάκνοντας

2323 3498 2383 3550 ἐν
2414 3500 2528 3563 τοῖς
2559 3497 2772 3553 ὀδοῦσιν
2806 3497 3009 3562 αὐτῶν,
3055 3498 3150 3552 καὶ
3183 3495 3559 3569 κηρύσσοντας
3595 3495 3681 3549 ἐπ’
3724 3497 3925 3563 αὐτοῖς

2325 3590 2549 3661 εἰρήνην
2568 3605 2583 3622 '
2615 3591 2709 3643 καὶ
2733 3590 2834 3644 οὐκ
2861 3589 3015 3661 ἐδόθη
3046 3590 3127 3652 είς
3152 3588 3214 3643 τὺ
3235 3588 3410 3658 στόμα
3430 3587 3629 3642 αὐτῶν.
3661 3606 3679 3638 ι
3725 3587 3927 3643 Ταῦτα
4022 3647 4041 3659 ί,

2325 3680 2401 3747 δὲ,
2424 3683 2578 3752 φησὶ,
2601 3682 2729 3754 περὶ
2753 3682 2860 3735 τῶν
2881 3680 3347 3754 ψευδοπροφητῶν
3374 3680 3526 3750 λέγει
3550 3678 3702 3744 Θεὸς,
3726 3679 3776 3733 οἳ
3803 3679 3927 3734 δια-

2327 3772 2509 3844 φόρως
2532 3775 2652 3838 ταῖς
2677 3772 2889 3828 ἑαυτῶν
2918 3774 3157 3838 ἀπάταις
3176 3773 3460 3842 ἐξάγοντες
3483 3770 3576 3826 τοῦ
3612 3772 3891 3843 προσῆκον
3906 3802 3927 3813 ο

2325 3880 2419 3928 τος
2454 3863 2546 3917 τὸν
2574 3864 2724 3930 λαὸν,
2765 3868 3047 3937 μονονουχὶ
3094 3864 3387 3937 κατήσθιον
3426 3864 3623 3928 αὐτοὺς
3653 3863 3806 3917 αὐτοὶ
3847 3861 3921 3917 δι’

2326 3948 2401 4009 ὧν
2421 3954 2606 4025 έλεγόν
2625 3974 2686 4010 τε
2710 3957 2806 4013 καὶ
2826 3957 3113 4030 ἔπραττον,
3138 3959 3232 4012 ἐπὶ
3252 3956 3422 4011 ταῦτα
3444 3957 3638 4021 αὐτοὺς
3658 3955 3930 4009 ἐκκαλού-

2332 4064 2483 4117 μενοι
2514 4047 2657 4120 ὑπέρ
2685 4041 2759 4103 ὧν
2787 4048 2885 4120 τὴν
2913 4049 3182 4120 τοσαύτην
3212 4049 3449 4120 ἦμελλον
3469 4045 3717 4120 δέχεσθαι
3742 4064 3929 4118 τιμω-

2332 4138 2454 4210 ρίαν
2474 4152 2488 4168 ’
2517 4137 2790 4193 διετέλουν
2818 4139 2926 4212 γὰρ
2959 4140 3187 4212 εἰρήνην
3216 4140 3401 4203 αὐτοῖς
3430 4137 3926 4209 ἐπαγγελλόμενοι,

2331 4229 2427 4283 καὶ⁸
2459 4229 2534 4294 ὡς
2559 4230 2712 4284 οὐδὲν
2741 4230 2883 4302 ὑπὲρ
2905 4225 2985 4289 ὧν
3010 4229 3384 4301 ἁμαρτάνουσι
3415 4229 3692 4282 πείσονται
3723 4227 3928 4293 κακὸν,

2331 4319 2473 4373 κατὰ
2493 4319 2561 4374 τά
2584 4320 2803 4392 ῥήματα
2823 4320 2931 4373 τῶν
2949 4319 3264 4391 προφητῶν*
3280 4318 3452 4373 ταῦτα
3467 4317 3524 4371 δὲ
3540 4318 3600 4371 οὐ
3622 4316 3762 4371 κατά
3777 4317 3895 4385 γνῶ
3907 4348 3931 4359 ο

2336 4425 2442 4480 μην
2469 4408 2569 4479 τὴν
2595 4407 2734 4481 ἐμὴν
2751 4408 3147 4479 ἐπηγγέλλοντο
3168 4409 3411 4481 εἰρήνην,
3435 4409 3500 4480 ἢν
3518 4408 3619 4462 οὐκ
3641 4407 3932 4479 ἐδιδάχθη-

2335 4516 2434 4554 σαν
2467 4500 2647 4567 λέγειν
2681 4500 2811 4571 παρ’
2838 4498 2996 4570 ἐμοῦ.
3040 4500 3157 4570 Ἀφ’
3195 4493 3270 4555 ὧν
3312 4500 3376 4572 δή
3419 4517 3471 4554 τι
3512 4500 3924 4571 πεποιήκασιν;

2339 4610 2356 4642 ι
2408 4591 2675 4660 Ἠγίασαν
2704 4592 2790 4643 ἐπ’
2829 4591 3007 4645 αὐτῶν
3048 4591 3302 4664 πόλεμον.
3353 4611 3371 4643 ι
3424 4590 3926 4662 Ἐπαγγελλόμενοι

647 4701 840 4744 contra
868 4702 965 4742 eos
1010 4686 1129 4741 ﬁeri
1163 4685 1513 4740 dellnierunt.
1546 4704 1565 4737 ι
1595 4684 1913 4755 Propterea
1936 4700 2045 4740 nox
2077 4686 2224 4740 vobis

2337 4681 2447 4755 γὰρ
2470 4682 2696 4753 εἰρήνην
2716 4721 2730 4739 .
2765 4681 3001 4754 πόλεμον
3034 4684 3216 4748 αὐτοῖς
3245 4684 3571 4757 ἐπήγειραν,
3606 4682 3668 4736 ὃν
3704 4681 3924 4755 ἀφώρι-

647 4796 715 4833 ex
746 4780 955 4833 visione
985 4777 1118 4841 erit,
1170 4783 1225 4831 et
1268 4775 1508 4830 tenebrae
1551 4775 1707 4831 vobis
1736 4782 1901 4831 erunt
1925 4790 1991 4830 ex
2023 4774 2235 4830 divina-

650 4869 835 4923 tione:
869 4875 924 4923 et
952 4866 1238 4921 occumbet
1269 4867 1352 4920 sol
1378 4880 1543 4936 super
1566 4866 1865 4935 prophetas
1886 4906 1901 4929 ,
1930 4873 1984 4920 et
2006 4865 2237 4920 ohtene-

649 4959 899 5014 brabitur
928 4972 1094 5027 super
1136 4970 1232 5012 eos
1269 4955 1409 5012 dies.
1460 4953 1524 5010 Et
1561 4954 1975 5010 confundentur
2009 4955 2103 5025 qui
2150 4955 2235 5008 vi-

649 5050 783 5106 dent
811 5048 1029 5104 somnia
1052 5086 1067 5113 ,
1096 5053 1151 5101 et
1182 5046 1320 5101 risui
1347 5052 1513 5101 erunt
1544 5042 1705 5101 arioli
1726 5085 1741 5110 ,
1764 5054 1820 5100 et
1849 5043 2239 5100 obtrectabunt

650 5143 719 5197 iis
745 5156 938 5197 omnes
964 5158 979 5208 ;
1011 5139 1139 5210 quia
1171 5154 1282 5193 non
1312 5138 1419 5194 erit
1448 5138 1543 5209 qui
1580 5138 1707 5194 illos
1737 5137 1943 5192 audiat.
1981 5155 1998 5188 ι
2030 5136 2136 5191 Pro
2165 5151 2231 5192 eo

649 5232 794 5303 quod
824 5247 883 5288 se
910 5229 1094 5286 videre
1121 5236 1176 5284 et
1219 5228 1468 5283 divinare
1487 5248 1528 5294 ,ο
1551 5227 1814 5300 pepulum
1858 5225 2230 5297 decipientes,

649 5325 1016 5388 simulabant,
1058 5320 1303 5379 tenebris
1335 5320 1442 5389 ipsi
1492 5328 1547 5375 et
1590 5318 1673 5374 eis
1716 5318 2010 5374 credentes
2048 5318 2234 5373 cuncti

650 5419 954 5474 obruentur
980 5431 995 5469 :
1025 5414 1164 5470 adeo
1189 5420 1250 5470 ut
1272 5426 1342 5469 ne
1367 5411 1450 5467 sol
1468 5410 1690 5482 quidem
1720 5409 2010 5481 splendere
2036 5410 2119 5465 eis
2146 5409 2233 5464 vi-

2336 4790 2436 4826 σαν
2466 4776 2548 4837 εἰς
2584 4772 2646 4826 τὸ
2690 4774 2812 4827 κατ’
2852 4774 3034 4830 αὐτῶν
3079 4774 3352 4844 γενέσθαι.
3409 4794 3427 4827 ι
3479 4774 3580 4828 Διά
3617 4772 3778 4829 τοῦτο
3821 4773 3921 4839 νὺξ

2335 4867 2465 4936 ὑμῖν
2512 4864 2665 4917 ἔσται
2710 4865 2769 4931 ἐξ
2808 4866 3088 4938 ὁράσεως,
3129 4867 3226 4920 καὶ
3269 4846 3625 4937 σκοτίαύμῖν
3660 4864 3812 4919 ἔσται
3856 4867 3931 4921 ἐκ

2340 4956 2625 5025 μαντείας·
2659 4956 2754 5009 καὶ
2788 4956 3008 5013 δύσεται
3043 4957 3071 5009 ὁ
3104 4957 3257 5028 ἥλιος
3295 4956 3387 5009 ἐπὶ
3429 4957 3557 5020 τοὺς
3610 4956 3928 5030 προφήτας,

2338 5050 2434 5104 καὶ
2465 5050 2795 5104 συσκοτάσει
2841 5051 2929 5103 ἐπ’
2968 5051 3168 5114 αὐτοὺς
3206 5050 3241 5121 ή
3275 5049 3486 5121 ἡμέρα·
3518 5052 3611 5119 (p.
3653 5049 3796 5120 978)
3827 5052 3934 5106 καὶ

2339 5139 2896 5210 καταισχυνθήσονται
2921 5140 2970 5193 οἱ
2996 5139 3232 5212 ὁρῶντες
3256 5139 3324 5194 τὰ
3354 5139 3603 5204 ἐνύπνια,
3631 5140 3726 5193 καὶ
3755 5156 3937 5194 κατα-

2338 5229 2764 5302 γελασθήσονται
2805 5232 2855 5285 οἰ
2896 5231 3154 5302 μάντεις,
3189 5232 3281 5285 καὶ
3320 5231 3759 5302 καταλαλήσουσι
3804 5237 3938 5286 κατ’

2339 5320 2519 5375 αὐτῶν
2563 5321 2767 5387 πάντες
2797 5322 2985 5376 αὐτοί·
3035 5324 3171 5378 διότι
3213 5325 3315 5378 οὐκ
3364 5323 3518 5378 ἔσται
3565 5326 3593 5378 ό
3637 5324 3940 5380 ἐπακούων

2340 5411 2542 5467 αὐτῶν.
2582 5429 2601 5465 ι
2655 5413 2830 5485 ’Υπὲρ
2856 5412 2922 5484 δὴ
2953 5412 3157 5468 τούτων
3188 5407 3263 5468 ὧν
3300 5415 3433 5487 όρᾷν
3473 5431 3533 5467 τε
3563 5415 3658 5469 καὶ
3690 5416 3936 5487 μαντεύ-

651 5510 863 5565 dendus
880 5510 952 5565 sit
966 5505 1343 5578 magnitudine
1361 5505 1633 5560 malorum
1653 5501 2026 5558 obtenebratis
2052 5518 2067 5557 :
2097 5508 2152 5557 et
2182 5502 2224 5556 b‘

2335 5503 2489 5558 εσθαι
2515 5503 2941 5576 προσεποιοῦντο
2969 5505 3061 5560 τὸν
3089 5505 3217 5560 λαὸν
3250 5505 3588 5573 ἀπατῶντες,
3617 5506 3806 5577 σκοτία
3824 5506 3936 5561 αὖ-

653 5603 746 5673 qui
773 5615 868 5655 eas
893 5599 1134 5655 visiones
1161 5599 1347 5655 videre
1375 5607 1432 5655 et
1457 5611 1684 5653 narrare
1711 5595 1997 5659 simulant,
2026 5595 2224 5664 pudore

2334 5595 2416 5648 τοί
2456 5612 2518 5673 τε
2548 5596 2644 5649 καὶ
2694 5597 2745 5649 oi
2790 5595 3107 5667 πειθόμενοι
3154 5596 3650 5669 περιϐληθήσονται
3687 5598 3933 5664 πάντες·

657 5690 1056 5756 suﬂ'undentur,
1107 5692 1272 5748 rebus
1301 5700 1497 5747 contra
1546 5689 1772 5745 illorum
1816 5687 2235 5744 aﬂirmationem

665 5784 1020 5842 testantibus:
1057 5794 1171 5840 tum
1215 5792 1267 5841 et
1306 5784 1511 5841 multus
1554 5783 1621 5840 de
1657 5783 1729 5839 iis
1777 5781 1927 5838 risus
1971 5782 2238 5844 exsistet,

2335 5671 2698 5751 ὦστεάὑτοῖς
2738 5688 2875 5758 μηδέ
2904 5687 2996 5742 τὸν
3024 5687 3178 5758 ἥλιον
3216 5688 3427 5759 φαίνειν
3456 5689 3634 5744 δοκεῖν
3674 5689 3779 5744 ὑπὸ
3823 5690 3933 5746 τοῦ

2338 5777 2600 5849 μεγέθους
2634 5779 2743 5835 τῶν
2771 5779 2958 5835 κακῶν
2987 5781 3395 5853 ἐσκοτισμένοις
3414 5798 3431 5816 ο
3464 5782 3639 5836 αὖτοῐκ
3653 5798 3712 5835 τε
3740 5778 3853 5851 γὰρ
3876 5782 3935 5836 ni
