4118 6498
295 416 408 474 σοι
1266 375 1824 474 COMMENTARIUS
1856 417 1921 472 IN
1966 418 2278 474 lillClleAS
2318 418 2469 475 car.
2513 419 2600 472 lll.
3302 457 3307 460 .
3505 425 3608 482 εδει

294 532 372 586 τὰ
435 528 670 585 τοιαῦτα
723 530 857 602 ὁρᾷν
911 548 970 583 τε
1028 531 1492 602 προσποιούμενοι
1545 530 1638 583 καὶ
1694 530 1907 598 λέγειν,

2015 533 2231 587 nemine
2259 532 2371 600 jam
2427 533 2606 586 verbis
2640 547 2828 586 eorum
2859 534 3098 603 praebere
3129 549 3318 589 aurem
3370 536 3611 604 volente,

297 623 545 697 αἰσχύνῃ
575 623 1096 694 περιϐληθήσονται,
1136 623 1244 675 τῶν
1275 624 1624 694 πραγμάτων
1648 623 1907 676 ἐναντίων

2017 634 2305 694 postquam
2353 626 2729 694 experimento
2770 624 3116 691 didicerunt,
3163 640 3496 698 quantarum
3529 631 3610 685 eis

294 714 383 784 οἷς
423 720 668 787 ἔφασκον
697 717 1065 787 δεικνυμένων
1087 733 1101 748 ⁶
1135 716 1309 784 γέλως
1331 733 1391 768 τε
1415 716 1582 779 πολὺς
1611 718 1699 768 ἐπ’
1725 716 1908 778 αὐτοῖς

1757 716 1908 778 ὐτοῖς
2017 732 2386 770 aerumnarum
2411 756 2425 780 ,
2463 718 2653 772 fraude
2685 733 2814 780 sua,
2850 733 3016 771 causa
3049 722 3383 779 exstiterint.

295 813 462 884 παρὰ
500 811 723 866 πάντων
777 812 1091 879 γενήσεται,
1127 809 1343 870 οὐδενὸς
1385 809 1507 862 οὐδέ
1553 809 1844 880 προσέχειν
1893 811 1985 862 ἐπὶ
2023 813 2133 871 τοῖς
2183 809 2313 878 παρ’
2357 809 2538 861 αὐτῶν
2582 809 2900 879 λεγομένοις
2951 810 3262 874 ἐθέλοντος,
3305 812 3391 865 διὰ
3439 814 3502 867 τὸ
3541 817 3610 885 τῇ

293 909 471 978 πείρᾳ
507 907 703 976 μαθεῖν
730 906 871 958 ὅσων
901 907 1085 967 αὐτοῖς
1119 904 1208 957 διά
1247 906 1346 974 τῆς
1376 906 1594 976 ἀπάτης
1625 906 1722 975 τῆς
1752 906 1889 967 ἰδίας
1919 906 2211 974 γεγόνασιν
2242 905 2403 959 αἴτιοι
2439 906 2647 961 κακῶν.

365 1000 530 1068 Στίχ.
594 1004 770 1068 ἠ’-ια’.
819 1027 892 1038 -—
944 1015 964 1047 ‹
1032 995 1196 1049 Ἀλλὰ
1258 998 1366 1068 μὴν
1415 997 1528 1066 ἐγὼ
1573 998 1914 1068 ἐνεπλήσθην

2088 998 2255 1055 Vens.
2299 1000 2455 1052 8-H.
2484 1030 2550 1040 -—
2583 1018 2600 1050 ι
2635 999 3021 1056 Verumtamen
3062 1019 3160 1074 ego
3202 1005 3441 1074 repletus
3481 1020 3601 1062 sum

293 1091 496 1160 ἰσχύος
527 1092 586 1141 ἐν
619 1087 897 1158 πνεύματι
927 1089 1160 1158 Κυρίου,
1194 1089 1287 1142 καὶ
1320 1090 1592 1160 κρίματος
1626 1091 1722 1143 καὶ
1750 1090 1911 1144 δυνα-

2114 1091 2341 1166 Litudine
2387 1093 2440 1147 in
2488 1094 2685 1163 spiritu
2733 1093 2977 1159 Domini,
3008 1101 3064 1151 et
3103 1096 3319 1165 judicio
3349 1113 3412 1153 ac
3443 1101 3601 1170 183
3732 1127 3740 1153 ι

289 1183 493 1244 στείας
537 1180 634 1234 τοῦ
683 1179 1022 1246 ἀπαγγεῖλαι
1056 1178 1133 1249 τῷ
1192 1178 1388 1232 Ἰακὼϐ
1428 1180 1684 1243 ἀσεϐείας
1717 1181 1908 1244 αὐτοῦ,

2012 1194 2282 1256 potestate
2318 1225 2332 1248 ,
2375 1194 2434 1239 ut
2485 1187 2807 1241 annuntiem
2857 1186 3029 1242 laeub
3082 1189 3394 1258 impietates
3447 1193 3601 1259 ejus.

288 1277 391 1329 καὶ
429 1275 514 1346 τῷ
573 1274 793 1344 Ἰσραὴλ
828 1273 1102 1344 ἁμαρτίας
1143 1273 1330 1327 αὑτοῦ.
1376 1291 1395 1325 ι
1451 1273 1594 1343 Ἐγὼ
1637 1274 1694 1327 δέ
1727 1277 1910 1327 πᾶσαν

2009 1286 2062 1331 et
2094 1276 2279 1332 lsraeli
2314 1285 2535 1346 peccata
2564 1277 2705 1345 ejus.
2736 1295 2754 1327 ι
2786 1276 2898 1347 Ego
2925 1293 3057 1334 vero
3089 1281 3238 1333 omni
3274 1281 3364 1333 illa
3413 1280 3605 1336 fraude

287 1369 525 1438 ἐκείνην
551 1365 654 1437 τὴν
689 1367 908 1436 ἀπάτην
938 1365 1119 1435 ἀφεὶς,
1161 1365 1463 1437 πνεύματος
1500 1367 1655 1434 ἁγίου
1692 1367 1906 1438 πλήρης

2011 1369 2269 1428 exclusa,
2314 1369 2514 1438 spiritu
2557 1369 2747 1423 divino
2791 1371 3024 1438 plenus,
3071 1371 3386 1427 discernere
3431 1373 3605 1427 hone-

284 1459 571 1530 γεγονὼς,
597 1458 903 1528 διακρίνειν
928 1475 986 1510 τε
1024 1458 1328 1528 ἐπίσταμαι
1357 1458 1419 1510 τὸ
1458 1459 1610 1525 δέον,
1640 1460 1732 1512 καὶ
1764 1459 1903 1530 μετά

2010 1467 2154 1514 stum
2186 1460 2338 1513 valeo
2363 1501 2376 1525 ,
2411 1460 2692 1528 multoque
2727 1474 2850 1514 cum
2889 1460 3085 1514 robore
3113 1476 3174 1514 ac
3210 1463 3404 1516 tiducia
3436 1478 3601 1534 pergo

249 1601 254 1604 _
287 1555 508 1624 πολλῆς
533 1553 635 1623 τῆς
661 1551 845 1623 ἰσχύος
873 1551 969 1604 καὶ
987 1552 1087 1620 τῆς
1109 1552 1424 1623 παρρησίας
1449 1553 1786 1623 προάγομαι,
1812 1552 1871 1605 τὸ

2010 1552 2272 1621 populum
2306 1550 2372 1606 de
2401 1553 2644 1620 peccatis
2673 1561 2835 1622 atque
2862 1554 3236 1624 impietatibus
3265 1570 3598 1626 coarguere;

284 1649 424 1701 λαὸν
461 1646 612 1718 ὑπὲρ
641 1639 716 1698 ὧν
745 1644 968 1716 ἦμαρτέ
1002 1663 1061 1697 τε
1099 1646 1195 1697 καὶ
1225 1646 1494 1715 ἠσέϐησεν
1525 1646 1772 1717 ἐλέγχειν
1791 1685 1806 1709 ,
1833 1647 1903 1698 εί·

2005 1645 2185 1699 scicns
2201 1645 2252 1698 id
2276 1644 2384 1699 illis
2403 1645 2468 1699 ad
2486 1646 2921 1701 emendationem
2945 1647 3310 1718 profuturum,
3329 1649 3454 1717 quia
3474 1664 3602 1718 pec—

284 1740 400 1802 δὼς
433 1741 521 1791 ὅτι
553 1737 716 1790 τοῦτο
743 1739 930 1800 αὐτοῖς
959 1736 1304 1806 λυσιτελήσει
1347 1737 1548 1806 μᾶλλον
1578 1740 1656 1802 εἰς
1688 1756 1898 1809 σωφρο,

2005 1745 2252 1790 calorum
2274 1738 2537 1792 memoria
2560 1747 2613 1793 et
2639 1738 2804 1793 futuri
2841 1741 3269 1795 comminatione
3299 1741 3365 1794 ad
3395 1742 3597 1796 bonam

283 1833 537 1904 W39)”,
599 1833 666 1902 τῇ
718 1848 778 1884 τε
835 1831 1024 1901 μνήμῃ
1072 1827 1182 1882 τῶν
1221 1830 1650 1902 ἁμαρτηθέντων
1698 1819 1793 1884 καλ
1838 1834 1902 1902 τῇ

1974 1828 1979 1868 ι
2011 1826 2218 1896 frugem
2234 1828 2456 1896 perduci
2485 1838 2762 1897 poterunt.
2797 1848 2814 1881 ε
2841 1831 3040 1886 Audite
3056 1831 3190 1896 haec,
3213 1831 3384 1888 duces
3400 1834 3600 1889 domus

282 1925 502 1996 ἀπειλῇ
537 1923 649 1976 τῶν
676 1922 976 1992 ἐσομένων,
1013 1922 1149 1994 πρὸς
1181 1922 1243 1975 τὸ
1276 1922 1394 1974 δέον
1424 1922 1715 1990 ἐνάγεσθαι
1744 1923 1906 1977 δυνα-

2008 1917 2176 1974 Jacob
2216 1928 2269 1974 et
2296 1922 2491 1991 reliqui
2534 1922 2731 1978 demus
2773 1921 3011 1979 lsraelis.
3046 1943 3062 1974 I
3094 1925 3166 1979 De
3192 1925 3293 1980 hoc
3320 1963 3337 1991 ,
3387 1928 3596 1997 inquit.

285 2021 512 2091 μένοις.
565 2037 583 2070 ‹
637 2016 937 2069 ’Λκούσατε
975 2015 1038 2086 δὴ
1081 2015 1274 2081 ταῦτα,
1324 2017 1374 2067 οἱ
1418 2016 1715 2086 ἡγούμενοι
1751 2019 1902 2071 οἴκου

2009 2027 2354 2068 communem
2385 2014 2691 2068 orationem
2726 2015 2790 2067 ad
2821 2015 2987 2070 duces
3026 2017 3378 2088 reliquosque
3407 2034 3597 2072 omnes

295 2109 534 2175 Ἰακὼϐ,
579 2111 656 2178 (p.
690 2107 819 2178 2'79)
855 2106 949 2159 κα)⁴
977 2107 1027 2158 οἰ
1059 2106 1382 2159 κατάλοιποι
1410 2107 1561 2159 οἴκου
1600 2107 1840 2178 Ἰσραήλ.
1881 2127 1899 2159 ι

2010 2106 2218 2169 habeo,
2278 2106 2417 2160 facta
2468 2115 2651 2161 vestra
2707 2106 2863 2161 vobis
2911 2109 3278 2178 exprobrans.
3329 2109 3594 2176 Quaenam

293 2204 486 2273 ’Υπὲρ
517 2201 586 2271 δὴ
620 2200 796 2253 ταῦτα
828 2199 1022 2252 τούτου
1044 2237 1058 2262 ,
1100 2199 1234 2269 φησι
1255 2238 1268 2261 ,
1304 2199 1486 2252 κοινὸν
1520 2201 1655 2270 πρός
1686 2218 1745 2252 τε
1780 2203 1908 2264 τοὺς

2009 2213 2138 2252 vero
2167 2197 2320 2253 haec?
2347 2219 2364 2249 ι
2394 2197 2496 2266 Qui
2528 2199 2923 2254 abominamini
2969 2202 3273 2269 judicium,
3311 2211 3364 2257 et
3409 2205 3596 2257 omnia

279 2294 644 2368 ἡγουμένους
682 2293 776 2346 καὶ
817 2293 946 2355 τοὺς
973 2292 1199 2356 λοιποὺς
1230 2293 1478 2357 ἅπαντας
1508 2294 1770 2365 ποιοῦμαι
1813 2294 1904 2348 τὸν

2009 2298 2156 2344 recta
2187 2292 2522 2362 pervertitis.
2564 2309 2581 2341 ι
2611 2291 2771 2357 Quia
2816 2294 2961 2347 malo
3005 2295 3206 2348 bonum
3256 2295 3597 2365 distinguere

277 2387 476 2455 λόγον,
499 2384 779 2448 ὀνειδίζων
799 2384 930 2453 ύμῖν
950 2383 1019 2436 τὰ
1043 2384 1430 2454 πεπραγμένα.
1457 2386 1590 2438 Ποῖα
1609 2385 1674 2456 δὴ
1697 2386 1901 2450 ταῦτα;

2007 2384 2312 2446 recusatis,
2378 2386 2784 2440 calumniantes
2857 2387 3084 2456 insuper
3166 2386 3400 2441 aliorum
3450 2396 3599 2441 recte

285 2497 305 2530 ε
351 2479 421 2530 Οί
464 2475 894 2546 βδελυσσόμενοι
929 2477 1129 2546 κρῖμα,
1175 2476 1357 2528 πάντα
1383 2476 1453 2529 τὰ
1491 2476 1628 2547 ὀρθὰ
1655 2477 1904 2548 διαστρέ-

2007 2473 2152 2528 dicta
2181 2485 2234 2528 et
2266 2476 2432 2542 facta,
2455 2492 2630 2546 usque
2654 2477 2790 2532 adeo
2814 2485 2874 2530 ut
2902 2494 2968 2533 ne
2994 2479 3204 2533 nostris
3238 2478 3597 2549 quidem,qui

279 2589 516 2640 φοντες.
562 2589 582 2620 ›
620 2571 685 2621 Οἱ
709 2569 770 2622 τὸ
801 2567 901 2639 μὲν
930 2569 1274 2639 κεκριμένως
1303 2570 1684 2638 διαγινώσκειν
1713 2572 1777 2623 ἐκ
1805 2571 1899 2625 τοῦ

2005 2567 2286 2636 propheta:
2326 2583 2552 2630 sumus,
2597 2569 2780 2624 verbis
2825 2568 3082 2624 credatis.
3116 2588 3132 2621 ι
3167 2570 3268 2635 Qui
3311 2571 3597 2625 azditicatis

277 2665 470 2721 κακοῦ
517 2666 581 2718 τὸ
605 2667 854 2736 κρεῖττον
877 2663 1370 2734 ἀποστρεφόμενοι,
1397 2663 1454 2715 ἐν
1477 2662 1695 2734 διαϐολῇ
1729 2662 1783 2714 δέ
1821 2680 1901 2716 τι-

2007 2657 2226 2712 Sionem
2257 2659 2312 2712 in
2345 2660 2710 2730 sanguinibus
2733 2701 2746 2721 ,
2781 2669 2834 2713 et
2867 2659 3211 2716 Hierusalem
3250 2663 3302 2715 in
3335 2663 3597 2731 iniquita-

279 2760 516 2828 θέμενοι
547 2758 643 2809 καὶ
670 2756 735 2808 τὰ
762 2756 893 2826 παρ’
926 2754 1130 2824 ἐτέρων
1153 2753 1425 2824 λεγόμενά
1457 2771 1514 2808 τε
1549 2755 1642 2807 καὶ
1671 2752 1902 2826 πραττό-

2003 2751 2170 2806 tibus.
2229 2769 2247 2802 ι
2295 2751 2397 2818 Qui
2444 2767 2564 2806 eam
2613 2754 2868 2820 replestis
2917 2754 3158 2809 caedibus
3209 2765 3264 2809 et
3297 2755 3590 2824 injustitia.

282 2867 432 2920 μενα
466 2852 552 2912 είς
587 2849 729 2911 δέον,
764 2847 904 2900 ὥστε
940 2848 1034 2899 καὶ
1065 2849 1179 2910 τοῖς
1216 2845 1372 2917 ἡμῶν
1405 2848 1700 2918 προφητῶν
1739 2848 1900 2902 ἀπει-

2010 2861 2028 2894 ‹
2062 2843 2345 2914 Principes
2374 2845 2494 2914 ejus
2522 2859 2647 2899 cum
2681 2847 3002 2902 muneribus
3025 2847 3384 2916 judicabant;
3418 2858 3469 2903 ct
3501 2864 3593 2903 sa—

279 2944 407 2997 Θείν
435 2943 648 3010 λόγοις.
691 2961 710 2992 ι
748 2941 810 2994 Οἱ
841 2939 1256 3010 οἰκοδομοῦντες
1292 2940 1430 2992 Σιὼν
1460 2941 1518 2992 ἐν
1559 2939 1777 3010 αἵμασι,
1808 2941 1900 2994 καὶ

2004 2939 2254 2994 ccrdotcs
2280 2939 2400 3007 ejus
2450 2953 2575 2992 cum
2617 2938 2871 2993 mercede
2906 2937 3351 3008 respondebant:
3384 2945 3437 2992 et
3468 2954 3595 3008 pro-

291 3033 676 3106 Ἷεῳυσαλὴμ
708 3035 762 3085 ἐν
801 3032 1062 3096 ἀδικίαις.
1101 3050 1119 3083 ›
1158 3030 1565 3103 Πεπληρώκατε
1599 3035 1778 3087 πᾶσαν
1802 3035 1900 3086 αὐ-

2002 3031 2180 3100 phctae
2223 3031 2342 3099 ejus
2374 3047 2497 3085 cum
2528 3041 2756 3102 argento
2786 3031 3140 3094 divinabam,
3187 3039 3240 3084 et
3280 3047 3447 3101 super
3491 3031 3595 3086 Do-

278 3131 390 3201 τὴν
420 3128 610 3196 φόνων
645 3127 739 3179 καὶ
780 3125 1018 3188 ἀδικίας.
1063 3144 1082 3176 ι
1129 3126 1194 3177 Οἱ
1225 3125 1519 3196 ἡγούμενοι
1556 3126 1725 3196 αὐτῆς
1759 3127 1898 3196 μετὰ

1967 3174 1968 3181 η
2005 3125 2214 3178 minum
2270 3125 2691 3195 requiescebant
2720 3125 2966 3180 dicentes
2997 3145 3010 3179 :
3034 3124 3224 3180 Nonne
3247 3126 3511 3180 Dominus
3539 3126 3593 3180 in

277 3221 489 3293 δώρων
523 3219 790 3288 ἔκρινον,
836 3217 933 3269 καὶ
971 3219 1019 3268 οἱ
1075 3217 1240 3286 ἱερεῖς
1289 3216 1463 3286 αὐτῆς
1515 3215 1653 3286 μετά
1704 3216 1896 3285 μισθοῦ

1967 3215 1968 3220 “
2008 3217 2165 3270 nobis
2193 3217 2323 3271 est?
2351 3230 2460 3270 non
2493 3217 2715 3271 venient
2747 3230 2915 3288 super
2945 3232 3047 3272 nos
3077 3221 3240 3272 mala.
3267 3237 3286 3271 ι
3312 3218 3593 3289 Principes

275 3312 683 3384 ἀπεκρίνοντο,
726 3310 822 3362 καὶ
859 3310 908 3362 οἱ
942 3309 1218 3379 προφῆται
1249 3309 1419 3378 αὐτῆς
1454 3308 1591 3378 μετὰ
1629 3308 1896 3378 ἀργυρίου

2003 3309 2211 3362 nullam
2248 3310 2388 3378 :cqui
2420 3309 2563 3377 juris
2611 3311 2878 3365 rationem
2911 3309 3114 3366 habere
3142 3311 3391 3366 ‘volentes
3414 3353 3428 3376 ,
3461 3327 3594 3365 ven-

276 3403 668 3479 ἐμαντεύοντο
692 3443 705 3466 ,
739 3402 835 3454 καὶ
871 3402 964 3453 ἐπὶ
993 3401 1085 3453 τὸν
1121 3401 1327 3470 Κύριον
1369 3399 1779 3452 ἐπανεπαύοντο
1806 3399 1896 3451 λέ-

2003 3401 2206 3457 debant
2233 3401 2286 3455 id
2321 3404 2373 3456 in
2402 3401 2646 3472 judiciis.
2681 3401 2821 3457 Tum
2853 3411 2905 3457 et
2935 3403 3273 3468 sacerdotes,
3303 3405 3590 3473 pecuniam

275 3513 509 3571 γοντες·
539 3497 679 3565 Οὐχὶ
706 3493 913 3565 Κύριος
941 3496 997 3545 ἐν
1023 3494 1154 3562 ἡμῖν
1178 3493 1356 3556 ἐστιν;
1385 3492 1445 3544 οὐ
1478 3491 1551 3562 μὴ
1583 3490 1786 3564 ἐπέλθῃ
1814 3493 1897 3559 ἐφ’

2003 3493 2262 3562 injustam
2283 3535 2296 3555 ,
2331 3493 2626 3548 sacerdotii
2652 3503 2917 3565 praetextu
2940 3537 2954 3561 ,
2984 3511 3082 3551 ceu
3114 3495 3398 3550 mercedes
3425 3502 3593 3564 quas-

276 3594 438 3664 ὴμᾶς
474 3589 646 3643 κακά.
699 3607 715 3638 ι
750 3588 813 3640 Οἱ
850 3586 949 3657 μὲν
981 3585 1090 3656 γὰρ
1124 3584 1448 3655 ἐξάρχοντες
1473 3583 1666 3637 οὐδένα
1691 3583 1784 3636 τοῦ
1816 3584 1896 3636 διο

2003 3585 2128 3638 dam
2162 3586 2421 3654 colligere
2462 3586 2795 3640 nitebantur.
2838 3587 3081 3656 Denique
3116 3585 3236 3641 falsi
3265 3587 3428 3641 etiam
3465 3603 3595 3656 pro-

276 3687 446 3739 καίοι)
487 3681 771 3736 ποιεῖσθαι
815 3681 976 3748 λόγον
1007 3680 1305 3743 ἐθέλοντες,
1343 3677 1643 3751 χρημάτων
1687 3681 1744 3731 ἐν
1780 3682 1902 3741 ταῖς

2001 3680 2212 3747 phetzc,
2275 3680 2511 3747 pecunia
2569 3679 2861 3744 delectati,
2923 3679 2988 3733 ad
3045 3678 3272 3750 gratiam
3327 3679 3591 3734 vaticinia

276 3776 546 3848 κρίσεσιν
577 3773 825 3827 ἐπώλουν
864 3772 922 3825 τὸ
951 3771 1182 3825 δίκαιον·
1221 3774 1270 3824 oi
1315 3772 1372 3824 δέ
1409 3773 1465 3824 ἐν
1494 3771 1572 3841 τῷ
1603 3770 1902 3842 ἱερατεύειν

2002 3769 2238 3822 edebant
2264 3770 2622 3826 donantibus.
2654 3769 2884 3826 Talibus
2915 3787 3044 3825 vero
3075 3787 3138 3825 ac
3181 3771 3347 3826 tantis
3379 3771 3591 3826 onerati

275 3869 666 3928 καθεστῶτες,
711 3865 771 3929 ἐξ
815 3865 1031 3927 ἀδικίας
1072 3866 1332 3936 χρήματα
1378 3868 1443 3935 τῇ
1485 3866 1756 3936 προφάσει
1802 3865 1901 3934 τῆς

2005 3862 2248 3930 peccatis
2271 3901 2283 3923 ,
2318 3862 2654 3916 simulabant
2686 3878 2744 3918 se
2771 3861 2880 3918 Deo
2910 3862 3162 3917 addictos
3184 3901 3198 3925 ,
3230 3860 3510 3931 Deumque
3537 3860 3591 3914 in

277 3962 595 4033 ἱερατείας,
625 3959 818 4030 ὥσπερ
841 3956 993 4019 τινὰς
1019 3958 1244 4028 μισθοὺς
1270 3958 1550 4026 συλλέγειν
1576 3956 1896 4028 ἐπειρῶντο·

2003 3971 2059 4009 se
2086 3955 2284 4008 habere
2311 3973 2323 4007 τ
2363 3965 2463 4010 ne’c
2492 3957 2608 4010 ﬁeri
2633 3967 2796 4025 posse
2826 3956 3043 4010 aiebant
3071 3962 3129 4008 ut
3165 3962 3316 4008 tanto
3346 3953 3440 4007 Dei
3474 3967 3597 4006 mu-

273 4056 380 4108 καὶ
414 4054 531 4124 μὴν
565 4051 660 4104 καὶ
688 4052 736 4102 οἱ
778 4049 1226 4119 ψευδοπροφῆται
1252 4052 1364 4113 τοῖς
1394 4050 1672 4120 χρήμασιν
1699 4049 1896 4120 ἡδόμε-

2006 4061 2134 4100 nerc
2169 4047 2382 4115 praediti
2419 4046 2562 4100 mala
2597 4049 2688 4101 illa
2739 4049 3123 4118 experirentur
3168 4059 3440 4116 unquam,
3475 4060 3596 4115 qua:

275 4166 395 4211 νοι,
435 4145 580 4214 πρὸς
623 4143 685 4195 τὸ
709 4143 1108 4211 κεχαρισμένον
1140 4145 1248 4204 τοῖς
1285 4143 1585 4212 παρέχουσι
1620 4142 1716 4205 τὰς
1764 4157 1899 4210 μαν-

1771 4157 1899 4210 μαν-
2009 4154 2038 4190 a
2071 4139 2232 4193 nobis
2269 4139 2554 4209 prophetis
2583 4143 3014 4211 portenduntur.
3049 4138 3190 4206 Quid
3222 4137 3397 4208 ergo?

271 4237 438 4298 τείας
481 4233 799 4285 ἐποιοῦντο·
847 4227 970 4286 εἶτα
998 4233 1237 4285 τοσαῦτα
1270 4233 1634 4304 ἐργαζόμενοι
1665 4231 1833 4297 κακὰ,
1868 4233 2298 4303 προσεποιοῦντο
2431 4233 2551 4304 Θεῷ
2577 4235 2806 4297 ἐαυτοὺς
2835 4234 3174 4304 ἐπιτρέπειν,
3210 4232 3286 4301 (p.
3313 4230 3440 4299 280)
3465 4229 3598 4282 Θεὸν

236 4334 337 4390 ,ὲν
371 4333 596 4391 ἑαυτοῖς
627 4328 772 4398 ἔχειν
814 4327 1067 4396 λέγοντες
1092 4345 1103 4355 ·
1141 4330 1236 4381 καὶ
1271 4330 1369 4398 οὐχ
1399 4324 1512 4382 οἷόν
1551 4346 1610 4380 τε
1657 4323 1793 4381 εἶναι
1822 4329 2078 4382 τοιούτων
2118 4328 2480 4399 ἠξιωμένους,
2525 4329 2854 4400 πειραθῆναι
2887 4329 2995 4382 τῶν
3027 4327 3166 4381 κατὰ
3199 4325 3424 4398 γνώμην
3459 4326 3596 4379 Θεοῦ

271 4427 416 4493 παρ’
453 4421 621 4491 ἡμῶν
654 4421 1012 4492 μηνυομένων
1044 4407 1250 4473 κακῶν.
1285 4419 1349 4471 Τί
1379 4417 1505 4483 οῦνῖ

349 4520 516 4589 Στίχ.
552 4517 640 4588 ιβ’.
672 4546 744 4556 -
776 4535 793 4567 ι
834 4515 935 4567 Διὰ
966 4506 1122 4568 τοῦτο
1163 4514 1228 4567 δι’
1253 4515 1397 4585 ὑμᾶς
1430 4514 1568 4567 Σιὼν
1612 4515 1689 4577 ὡς
1724 4513 1894 4585 ἀγρὸς
1929 4518 1971 4571 D

1969 4537 1971 4555 ι
2072 4496 2240 4564 Vens.
2275 4505 2366 4563 {2.
2405 4538 2475 4548 —
2528 4526 2546 4559 ε
2591 4505 2739 4566 ideo,
2796 4507 2966 4561 vestri
3011 4519 3199 4565 causa,
3255 4502 3386 4556 Sion
3435 4502 3595 4572 quasi

271 4609 780 4684 ἀροτριαθήσεται,
815 4608 911 4661 καὶ
957 4607 1313 4679 Ἰερουσαλὴμ
1339 4609 1419 4670 εἰς
1442 4607 1894 4677 ὀπωροφυλάκιον

2006 4619 2134 4674 ager
2177 4602 2444 4664 arabitur,
2490 4609 2541 4655 et
2584 4598 2890 4654 Jerusalem
2939 4598 3095 4667 quasi
3141 4591 3595 4664 Custodia'lsa

273 4705 463 4765 ἔσται,
524 4699 623 4754 xui.
655 4700 720 4754 τὸ
765 4699 893 4772 δρος
938 4687 1032 4752 τοῦ
1079 4700 1230 4753 οἴκου
1283 4702 1361 4763 είς
1394 4701 1558 4764 ἄλσος
1595 4699 1823 4770 δρυμοῦ,
1871 4718 1889 4749 ι

2002 4697 2233 4767 pomarii
2259 4698 2382 4760 erit,
2408 4704 2462 4750 et
2487 4709 2648 4748 mons
2681 4694 2867 4762 templi
2901 4692 3060 4762 quasi
3096 4691 3254 4744 lucus
3284 4689 3337 4741 in
3372 4688 3535 4742 saltu.
3572 4706 3588 4735 ι

284 4792 528 4863 Ἐπειδὴ
561 4784 746 4846 τοίνυν
784 4795 898 4855 τοῖς
931 4791 1030 4862 μὲν
1075 4790 1364 4863 ἡμετέροις
1394 4791 1673 4846 ἀπειθεῖτε
1715 4791 1897 4861 λόγοις

2001 4789 2273 4856 Quoniam
2306 4789 2494 4858 itaque
2533 4787 2740 4842 nostris
2770 4783 3089 4840 discrcditis
3126 4783 3337 4841 Verbis,
3373 4795 3494 4850 quae
3529 4795 3594 4833 ex

272 4887 428 4940 κατά
456 4883 693 4954 γνώμην
716 4880 857 4935 Θεοῦ
889 4883 1254 4951 γιγνομένοις,
1281 4883 1392 4944 τοῖς
1418 4882 1898 4955 ψευδοπροφήταις

2002 4884 2093 4938 Dei
2148 4883 2419 4937 sententia
2455 4881 2811 4951 protulimus,
2865 4885 2919 4933 et
2973 4876 3126 4931 falsis
3162 4873 3445 4944 prophetis
3497 4886 3588 4924 au-

270 4983 330 5034 δέ
373 4977 749 5051 προσέχοντες
793 4964 1066 5038 τοσαύτας
1108 4975 1365 5038 ἀσεϐείας
1421 4994 1480 5028 τε
1524 4979 1617 5030 καὶ
1660 4995 1896 5048 παρανο-

2005 4978 2334 5039 scullantcs,
2370 4985 2448 5029 tot
2486 4973 2812 5043 iniquitates
2847 4987 2908 5024 ac
2942 4969 3421 5040 prmvaricationes
3458 4980 3595 5034 quo-

276 5067 417 5142 μίας
449 5066 581 5122 καθ’
611 5065 856 5136 ἑκάστην
891 5065 1134 5130 ἅπαντες
1165 5067 1381 5138 ἡμέραν
1422 5069 1720 5122 ἐπι-τελεῖτε
1743 5112 1756 5135 ,
1804 5070 1892 5122 διὰ

2001 5069 2133 5123 tidie
2179 5067 2562 5132 committitis;
2607 5073 2896 5137 propterea
2939 5072 3255 5118 nostrorum
3299 5059 3591 5112 verborum

271 5163 444 5216 τοῦτο
493 5157 714 5212 εἴσεσθε
752 5158 864 5210 τῶν
911 5159 1198 5230 ἡμετέρων
1237 5159 1410 5226 λόγων
1462 5160 1560 5230 τὴν
1609 5160 1891 5231 ἀλήθειαν,

2001 5159 2288 5214 veritatem
2321 5157 2711 5228 cognochtis;
2766 5155 2895 5224 quia
2933 5161 3085 5211 tanta
3137 5160 3266 5204 tunc
3315 5150 3370 5202 in
3423 5145 3591 5200 Sioue

271 5254 377 5308 καὶ
407 5253 496 5304 δτι
537 5245 785 5318 τοσαύτη
819 5251 905 5311 τις
939 5248 1145 5320 ἐρημία
1182 5248 1561 5318 καταλήψεται
1603 5251 1722 5303 τότε
1757 5252 1896 5304 Σιὼν

2003 5257 2186 5303 monte
2219 5255 2274 5301 et
2321 5249 2373 5301 in
2421 5249 2676 5318 imposita
2714 5247 2761 5300 ei
2820 5245 3044 5298 civitate
3097 5240 3336 5296 solitudo
3387 5237 3494 5299 lict,
3535 5246 3591 5289 ut

271 5344 407 5414 ὅρος
435 5341 536 5395 καί
703 5329 794 5393 ίιτιιὁ
822 5337 991 5392 αὑτοῦ
1018 5340 1193 5406 πόλιν,
1221 5338 1295 5405 ὡς
1321 5339 1381 5393 τὸ
1412 5341 1512 5410 μὲν
1539 5343 1711 5413 ἀγροῦ
1737 5344 1894 5412 δίκην

2002 5343 2090 5396 ille
2113 5342 2330 5411 quidem
2361 5341 2476 5409 agri
2509 5341 2682 5394 instar
2706 5337 2948 5390 arandus
2977 5337 3068 5395 sit,
3096 5334 3207 5386 lucc
3233 5340 3414 5383 autem
3445 5329 3588 5381 haud

272 5421 684 5506 γεωργεῖσθαι,
729 5431 831 5504 τὴν
874 5432 931 5484 δὲ
971 5435 1177 5504 σκηνῆς
1219 5435 1561 5486 διαλλάττειν
1599 5435 1764 5505 μηδὲν
1803 5439 1895 5489 ἐπὶ

2000 5415 2287 5487 dissimilis
2341 5429 2526 5485 futura
2587 5433 2658 5484 sit
2710 5429 2926 5498 tugurio
2974 5422 3353 5479 custodiendis
3410 5420 3587 5490 pomis

269 5525 524 5598 ὀπωρῶν
554 5523 778 5596 φυλακῇ
818 5527 1362 5597 κατεσκευασμένης,
1396 5527 1503 5579 τῶν
1527 5528 1895 5599 οἰκοδομημά-

2000 5535 2215 5592 erecto;
2248 5523 2475 5580 urbanis
2501 5538 2695 5592 nempe
2723 5517 2972 5575 :cdiﬁdiis
3002 5519 3208 5588 ubique
3240 5514 3537 5587 prostratis
3569 5530 3581 5566 :

267 5636 387 5673 των
417 5618 566 5687 αὐτῇ
594 5615 940 5686 πανταχόθεν
969 5619 1447 5689 κατερριμμένων,
1475 5620 1581 5670 πᾶν
1597 5636 1677 5683 τε,
1706 5612 1893 5671 συντόο

2000 5628 2162 5690 atque
2210 5626 2270 5671 ut
2303 5617 2630 5687 compendio
2673 5612 2876 5677 dicam,
2933 5627 3092 5666 mons
3140 5612 3194 5664 in
3231 5625 3338 5679 quo
3389 5607 3605 5662 domus‘

273 5728 400 5782 μως
430 5709 642 5774 εἰπεῖν,
668 5705 735 5760 τὸ
767 5707 896 5778 ὅρος
922 5709 980 5762 ἐν
1008 5703 1161 5778 ᾧπερ
1193 5712 1221 5760 ὁ
1254 5709 1346 5762 τοῦ
1375 5709 1509 5762 Θεοῦ
1545 5705 1692 5773 οἶκός
1725 5713 1893 5773 ἐστιν,

2001 5713 2096 5767 Dei
2125 5720 2231 5776 est,
2264 5714 2400 5767 nihil
2432 5728 2461 5765 a
2496 5713 2736 5782 plantato
2770 5710 2889 5762 loco
2921 5706 3158 5769 dill‘eret,
3194 5713 3274 5758 tot
3313 5703 3422 5757 illis
3454 5718 3586 5771 prn-

266 5803 437 5858 ούδέν
493 5799 690 5854 διοίσει
744 5800 919 5855 τόπου
967 5802 1288 5872 συμφύτου,
1353 5803 1625 5857 τοσούτων
1677 5808 1741 5856 ἐκ
1795 5806 1892 5874 τῆς

2001 5815 2120 5876 pter
2160 5805 2512 5862 solitudinem
2565 5802 2960 5873 pullulantibus
3009 5800 3233 5870 plantis.
3285 5795 3402 5850 Jam
3456 5809 3587 5847 vero

269 5895 528 5968 ἐρημίας
552 5892 961 5964 ἀναδιδομένων
984 5895 1170 5946 αὐτόθι
1198 5896 1402 5964 φυτῶν.
1443 5897 1602 5949 ’Λλλά
1631 5896 1738 5967 γὰρ
1767 5898 1894 5968 ἄχρι

2001 5901 2240 5955 narratis
2289 5901 2555 5955 hactenus
2605 5897 2823 5951 inﬂictis
2879 5895 3138 5951 lsraelitis
3186 5895 3400 5964 poenis,
3455 5887 3587 5942 dicit

623 6007 880 6069 PATROL
911 6029 924 6040 ί
952 6011 1069 6069 Gn.
1122 6012 1343 6071 LXVI.
3152 6015 3225 6072 1'2
