4118 6498
519 410 636 476 ⁸565

1678 405 2029 465 THEODORI
2070 402 2556 463 MOPSUESTENI

3686 403 3793 460 se;

530 534 790 603 deinceps
821 545 911 587 res
937 543 1129 587 eorum
1172 538 1296 602 post
1329 537 1616 600 capturam
1652 525 1907 593 futuras;
1945 524 2108 580 nimi-

2218 523 2397 577 τούτου
2428 526 2529 587 τὰς
2568 522 2916 595 ἐπαγομένας
2959 507 3145 587 αὑτοῖς
3178 520 3477 597 ίσυλμφόρᾶς
3516 520 3790 595 εἰρηκὼς,

531 641 654 680 rum
680 630 941 692 quantam
972 620 1212 676 habituri
1235 620 1347 677 sint
1370 620 1424 674 in
1449 618 1645 675 melius
1668 616 2106 673 conversionem.

533 715 707 784 Quem
742 729 950 769 morem
983 712 1153 768 fuisse
1188 712 1524 783 reliquorum
1556 710 1971 781 prophetarum,
2008 721 2109 762 no-

531 806 893 876 minatimque
920 802 1068 860 beati
1119 802 1364 869 Davidis,
1400 817 1543 873 sape
1581 800 1925 856 ostendimus
1965 817 1979 853 :
2020 798 2111 853 ni-

533 896 733 948 mirum
760 893 1089 964 praedicendi
1126 900 1251 962 post
1282 906 1650 947 aerumnarum
1682 891 1985 945 cruciatum
2020 889 2109 959 ju-

533 985 743 1050 cunda;
783 983 981 1038 deinde
1026 997 1224 1038 rursus
1269 981 1448 1036 tristia
1485 979 1723 1043 dicendi,
1758 989 1815 1034 ut
1846 979 1950 1033 hac
1976 992 2112 1034 con-

533 1077 691 1129 tinua
718 1075 1000 1139 memoria,
1043 1083 1276 1142 utroque
1315 1071 1478 1126 modo
1524 1084 1621 1125 eos
1652 1068 1954 1133 erudirent,
1989 1085 2112 1125 cor-

533 1166 796 1236 ripientes
816 1165 1054 1219 tristium
1077 1162 1374 1226 mentione,
1397 1160 1688 1216 hortantes
1706 1165 1886 1214 autem
1911 1159 2112 1214 nuntio

533 1271 717 1312 rerum
754 1255 1156 1326 benigniorum,
1186 1268 1336 1323 spem
1371 1266 1503 1322 erga
1528 1250 1696 1306 Deum
1736 1249 1938 1306 fovere.
1970 1248 2113 1305 Dicit

532 1363 663 1420 ergo
694 1364 708 1402 :

1186 1520 1335 1577 CAP.
1375 1520 1465 1576 ιγ.

607 1612 775 1670 Vens.
811 1613 969 1668 1-5.
1008 1630 1027 1662 ι
1070 1610 1136 1665 Et
1170 1613 1274 1667 erit
1308 1613 1623 1670 novissimis
1665 1610 1860 1667 diebus
1888 1608 2113 1678 conspi-

535 1719 671 1759 cuus
715 1717 873 1758 mons
902 1701 1100 1756 domus
1131 1699 1374 1769 Domini,
1414 1710 1753 1773 praeparatus
1795 1701 1850 1756 in
1886 1698 2111 1755 vertici-

535 1800 640 1856 bus
672 1797 961 1862 montium,
990 1803 1043 1852 et
1070 1794 1322 1851 sublimis
1355 1808 1520 1864 super
1561 1793 1752 1849 colles.
1792 1790 1859 1845 Et
1913 1803 2113 1860 prope—

537 1893 736 1947 rabunt
775 1890 841 1945 ad
884 1904 1007 1945 eum
1051 1886 1262 1959 populi,
1296 1894 1631 1958 pergentque
1672 1892 1858 1956 gentes
1904 1882 2111 1948 multae,
2147 1875 2187 1930 Β

535 1993 590 2039 οι
622 1982 844 2039 dicent:
871 1979 1082 2045 Venite,
1119 1978 1485 2035 ascendamus
1514 1979 1570 2032 in
1602 1986 1841 2033 montem
1873 1974 2111 2041 Domini,

535 2084 589 2130 et
621 2074 688 2129 ad
718 2073 941 2129 domum
988 2071 1081 2127 Dei
1124 2069 1314 2127 Iacob.
1349 2069 1417 2124 Et
1459 2069 1915 2126 demonstrabunt
1955 2066 2115 2123 nobis

533 2167 679 2222 viam
711 2167 853 2237 ejus,
880 2175 934 2222 et
964 2165 1168 2222 ibimus
1195 2165 1252 2220 in
1279 2163 1493 2221 semitis
1519 2162 1642 2233 ejus
1670 2180 1683 2217 :
1707 2161 1836 2232 quia
1862 2160 1927 2217 de
1950 2159 2115 2217 Sione

532 2260 847 2332 egredietur
868 2260 983 2325 lex,
1014 2266 1068 2314 et
1101 2258 1329 2314 verbum
1364 2255 1578 2311 Domini
1606 2255 1673 2311 de
1698 2252 2023 2311 Jerusalem.
2049 2252 2117 2307 Et

531 2350 804 2422 iudicabit
824 2350 969 2405 inter
992 2347 1152 2420 185
1170 2346 1403 2419 populos
1424 2344 1649 2409 multos,
1684 2351 1738 2399 et
1770 2350 1961 2415 arguet
1989 2356 2118 2413 gen-

538 2454 621 2500 tes
676 2441 850 2511 fortes
909 2456 1084 2512 usque
1138 2425 1620 2509 in’longinquum.
1663 2455 1682 2489 ι
1723 2433 2115 2491 Verumtamen

536 2540 828 2605 postquam
856 2530 997 2586 mala
1029 2529 1275 2601 perpessi
1314 2525 1539 2589 fuerint,
1573 2523 1751 2596 primo
1795 2522 2015 2594 quidem
2046 2520 2116 2577 ab

536 2624 783 2698 Assyriis
816 2622 1098 2695 captivati,
1135 2619 1339 2677 deinde
1378 2633 1408 2673 a
1442 2615 1792 2690 Babyloniis;
1825 2622 1980 2670 tanta
2023 2612 2118 2669 ﬁet

537 2713 644 2769 hoc
665 2713 721 2769 in
751 2713 873 2768 loco
890 2725 1072 2767 rerum
1090 2707 1397 2774 conversio,
1420 2714 1483 2761 ut
1508 2703 1844 2775 conspicuus
1861 2700 2116 2757 omnibus

536 2804 759 2861 futurus
795 2804 867 2860 sit
893 2817 1073 2869 mons,
1093 2801 1149 2856 in
1172 2814 1282 2872 quo
1297 2798 1441 2855 Deus
1468 2796 1718 2853 habitare
1748 2794 2114 2859 existimatur,

537 2899 594 2946 et
633 2889 852 2945 cunctis
904 2886 1196 2943 sublimior
1248 2883 1531 2941 montibus
1566 2881 1970 2954 plurimumque
2018 2880 2118 2937 hos

538 2982 836 3047 excedens,
875 2993 1180 3050 omnesque
1209 2977 1401 3040 colles,
1448 2985 1672 3048 propter
1712 2973 2117 3029 manifestatam

540 3075 740 3131 divinae
770 3073 953 3129 tutelae
982 3072 1037 3127 in
1072 3086 1139 3127 eo
1170 3071 1424 3142 gloriam.
1455 3067 1610 3125 Multi
1631 3081 1849 3140 quoque
1873 3064 2118 3120 extranei

540 3165 729 3222 multis
757 3180 824 3221 ex
855 3163 992 3219 locis
1023 3168 1357 3219 concurrent
1380 3159 1446 3214 ad
1470 3157 1618 3213 hunc
1645 3154 1738 3213 Dei
1768 3161 2030 3217 montem,
2059 3154 2117 3210 in

2215 614 2361 684 λέγει
2388 613 2575 670 λοιπὸν
2604 617 2699 671 καὶ
2721 612 2811 671 οἶα
2831 617 2901 673 τὰ
2920 618 3050 689 περλ
3070 617 3268 681 αὐτοὺς
3299 616 3439 688 μετά
3460 617 3560 687 τὴν
3590 615 3794 671 ἅλωσιν

2213 704 2384 770 ἔσται,
2409 706 2541 777 ὅσην
2578 723 2639 759 τε
2669 704 2780 772 ἕξει
2805 707 2904 779 τὴν
2938 709 3033 763 ἐπὶ
3071 708 3135 762 τὸ
3163 711 3416 780 κρεῖττον
3456 707 3791 781 μεταϐολήν·

2212 795 2349 867 ὅπερ
2377 791 2470 849 οῦν
2499 796 2690 861 εἰωθὸς
2725 798 2785 853 ὃν
2820 801 2932 864 τοῖς
2975 799 3183 864 λοιποῖς
3215 800 3520 871 προφήταις
3547 801 3638 872 (p.
3663 799 3797 872 28!)

2213 885 2307 939 καί
2339 884 2419 956 τῷ
2449 887 2708 959 μακαρίῳ
2748 889 2933 954 Δαυῒδ,
2958 890 3216 953 πολλάκις
3258 890 3561 962 ἐδείξαμεν,
3589 892 3651 947 τὸ
3686 910 3797 965 μη-

2213 978 2359 1033 νὺειν
2390 981 2528 1050 μετά
2565 981 2667 1052 τὴν
2704 982 2815 1036 τῶν
2853 982 3107 1054 χαλεπῶν
3154 987 3348 1055 πεῖραν
3383 986 3452 1038 τὰ
3491 985 3643 1057 ἡδέα,
3676 982 3799 1041 εἷτα

2215 1070 2378 1126 πάλιν
2402 1072 2580 1141 λέγειν
2608 1073 2678 1128 τὰ
2702 1074 2939 1145 λυπηρὰ,
2969 1075 3054 1128 ἴνα
3077 1076 3143 1147 τῇ
3174 1075 3424 1148 συνεχείᾳ
3444 1077 3543 1146 τῆς
3575 1077 3798 1149 μνήμης

2212 1160 2281 1214 δι’
2301 1162 2628 1234 ἀμφοτέρων
2659 1164 2859 1229 αὐτοὺς
2885 1164 3210 1231 παιδεύωσι,
3236 1165 3663 1237 σωφρονίζοντες
3696 1168 3797 1238 μὲν

2213 1254 2280 1324 τῇ
2313 1254 2503 1325 μνήμῃ
2527 1254 2639 1309 τῶν
2669 1254 2950 1327 λυπηρῶν,
2979 1255 3412 1328 προτρεπόμενοι
3440 1257 3496 1310 δὲ
3525 1260 3591 1330 τῇ
3632 1259 3800 1330 μηνύ-

2217 1363 2301 1399 σει
2351 1346 2462 1400 τῶν
2512 1348 2895 1419 χρηστοτέρων
2932 1351 3033 1420 τῆς
3075 1349 3289 1413 ἐλπίδος
3336 1352 3661 1422 ἀντέχεσθαι
3699 1358 3799 1428 τῆς

2215 1434 2385 1501 θείας.
2417 1437 2578 1508 Λέγει
2605 1439 2784 1493 τοίνυν
2814 1456 2828 1471 ’

2874 1533 3033 1590 ΚΕΦ.
3063 1533 3138 1589 Δ’.

2283 1627 2608 1700 Στίχηαιγα
2645 1658 2713 1668 -
2754 1647 2771 1679 ι
2806 1628 2917 1681 Καὶ
2945 1629 3096 1683 ἐσται
3131 1629 3216 1681 ἐπ’
3243 1627 3485 1699 ἐσχάτων
3516 1628 3626 1682 τῶν
3656 1630 3800 1700 ἠμει-

2217 1718 2327 1791 ρῶν
2367 1720 2608 1792 ἐμφανὲς
2651 1720 2713 1774 τὸ
2738 1721 2863 1792 ὅρος
2890 1720 2985 1775 τοῦ
3013 1721 3166 1775 οῖκου
3190 1720 3396 1794 Κυρίου
3419 1761 3434 1785 ,
3458 1720 3675 1792 ἕτοιμον
3703 1720 3799 1776 ἐπὶ

2215 1810 2315 1875 τὰς
2370 1810 2614 1884 κορυφὰς
2671 1810 2783 1866 τῶν
2845 1812 3051 1884 ὀρέων,
3133 1813 3228 1867 καὶ
3296 1814 3798 1885 μετεωρισθήσεται

2216 1901 2471 1974 ὑπεράνω
2497 1902 2607 1956 τῶν
2630 1901 2835 1972 βουνῶν
2855 1921 2870 1934 ο
2897 1904 2993 1957 καὶ
3026 1905 3353 1958 σπεύσουσιν
3383 1905 3471 1959 ἐπ’
3495 1905 3627 1959 αὑτὸ
3654 1906 3798 1970 λαοὶ,

2215 1993 2311 2046 καὶ
2358 1992 2683 2065 πορεύσεται
2717 1993 2846 2065 ἔθνη
2891 1993 3091 2049 πολλά’
3125 1997 3220 2050 καί
3253 1994 3438 2066 ἐροῦσι
3459 2037 3472 2059 ,
3499 1994 3664 2050 Δεῦτε
3705 1998 3801 2051 καὶ

2216 2080 2506 2153 ἀναδῶμεν
2534 2083 2615 2145 εἰς
2641 2081 2702 2136 τὸ
2732 2083 2859 2154 ὅρος
2893 2084 3121 2155 Κυρίου,
3149 2083 3244 2138 καί
3272 2085 3353 2148 εἰς
3395 2083 3485 2138 τὸν
3524 2080 3672 2140 οἷκον
3702 2084 3799 2141 τοῦ

2215 2169 2352 2224 Θεοῦ
2415 2169 2610 2226 Ἰακώϐ
2630 2189 2643 2203 ·
2692 2172 2788 2225 καὶ
2827 2171 3095 2237 δείξουσιν
3132 2174 3264 2245 ἡμῖν
3308 2172 3408 2244 τὴν
3449 2174 3568 2227 ὁδὸν
3608 2173 3798 2240 αὑτοῦ,

2215 2262 2310 2317 καὶ
2338 2262 2718 2334 πορευσόμεθα
2750 2264 2809 2317 ἐν
2839 2266 2961 2328 ταῖς
2985 2264 3192 2335 τρίϐοις
3224 2264 3411 2318 αὑτοῦ·
3453 2266 3536 2318 ὅτι
3565 2265 3630 2318 ἐκ
3660 2263 3802 2319 Σιὼν

2217 2352 2559 2420 ἐξελεύσεται
2578 2353 2763 2425 νόμος,
2787 2354 2883 2408 καὶ
2904 2354 3061 2424 λόγος
3086 2355 3292 2426 Κυρίου
3320 2356 3380 2423 ἐξ
3413 2356 3724 2428 Ἱερουσαλή
3734 2373 3798 2428 μ·

2216 2445 2312 2499 καὶ
2342 2445 2520 2516 κρινεῖ
2541 2443 2646 2499 ἀνὰ
2673 2444 2837 2515 μέσον
2857 2445 3004 2499 λαῶν
3035 2445 3266 2511 πολλῶν,
3301 2446 3396 2500 καὶ
3424 2441 3637 2516 ἐλέγξει
3669 2446 3803 2520 ἔθνη

2220 2537 2416 2609 ἰσχυρὰ
2447 2537 2553 2602 ἕως
2601 2538 2840 2610 μακράν.
2883 2557 2903 2591 ι
2952 2538 3115 2593 Ἀλλά
3155 2538 3265 2609 γὰρ
3308 2540 3447 2610 μετὰ
3467 2539 3567 2610 τὴν
3598 2543 3803 2611 πεῖραν

2216 2626 2328 2680 τῶν
2370 2625 2560 2681 κακῶν
2605 2626 2665 2679 ἐν
2698 2621 2844 2701 ἥπερ
2887 2628 3228 2699 γενήσονται,
3259 2628 3521 2700 πρότερον
3562 2629 3659 2700 μὲν
3697 2628 3809 2684 ὑπὸ

2231 2713 2533 2786 Ἀσσυρίων
2582 2713 3151 2784 αἰχμαλωτισθέντες,
3195 2713 3301 2789 ὑπὸ
3348 2715 3704 2770 Βαϐυλωνίων
3743 2715 3808 2770 δὲ

2220 2803 2467 2877 ὕστερον,
2494 2803 2733 2877 τοσαύτη
2765 2803 3039 2875 μεταϐολὴ
3086 2805 3215 2877 περὶ
3240 2805 3335 2860 τὸν
3362 2805 3526 2861 τόπον
3567 2808 3805 2878 γενήσε-

2218 2910 2308 2948 ται
2342 2893 2550 2958 τοῦτον,
2588 2893 2731 2947 ὥστε
2770 2894 3069 2965 περιφανὲς
3097 2894 3269 2949 ἅπασι
3292 2894 3353 2948 τὸ
3373 2895 3499 2966 ὅρος
3526 2894 3803 2964 γενέσθαι,

2221 2985 2280 3039 ἐν
2311 2977 2465 3057 ᾧπερ
2496 2985 2665 3038 οἰκεῖν
2697 2985 3029 3055 ὑπείληπται
3068 2984 3222 3051 Θεὸς,
3247 2985 3500 3040 ἁπάντων
3539 3002 3600 3039 τε
3632 2986 3807 3057 ὑπερ-

2221 3075 2473 3147 κείμενον
2514 3075 2789 3148 δειχθῆναι
2836 3076 2946 3131 τῶν
2999 3075 3194 3148 ὀρέων,
3235 3076 3331 3130 καὶ
3376 3077 3628 3131 πλεῖστον
3679 3077 3811 3131 ὅσον

2224 3165 2520 3240 ὑπεραῖρον
2562 3168 2740 3224 πάντα
2786 3167 2886 3240 μὲν
2923 3168 3055 3240 ὅρη,
3107 3168 3317 3231 πάντας
3357 3167 3414 3222 δέ
3445 3167 3686 3239 βουνοὺς,
3714 3166 3811 3222 διὰ

539 3274 651 3331 quo
687 3256 941 3313 videlicet
985 3253 1237 3311 habitare
1282 3251 1428 3309 Deus
1471 3250 1731 3317 creditur,
1773 3256 1834 3304 ut
1862 3248 1992 3304 hinc
2018 3248 2118 3303 do.

2221 3259 2323 3331 τὴν
2354 3261 2419 3313 ἐκ
2444 3259 2545 3330 τῆς
2573 3258 2723 3322 θείας
2756 3259 3084 3330 κηδεμονίας
3123 3261 3180 3314 ἐν
3215 3257 3367 3330 αὑτῷ
3394 3258 3688 3330 γινομένην
3725 3258 3811 3312 δό-

426 3366 433 3379 ’
540 3362 768 3408 ceantur
813 3346 1090 3422 quomodo
1126 3361 1221 3402 eos
1256 3358 1587 3418 componere
1626 3356 1807 3399 mores
1844 3348 2116 3412 oporteat,

536 3452 593 3500 et
617 3458 681 3500 ex
717 3455 909 3499 norma
950 3436 1256 3513 honestatis
1288 3437 1508 3492 vivere:
1542 3437 1615 3489 ita
1642 3442 1703 3489 ut
1731 3435 1811 3489 lex
1838 3434 1930 3487 ﬁat
1952 3434 2115 3488 etiam

539 3531 839 3596 extraneis,
875 3528 967 3584 illa
993 3542 1113 3599 quae
1146 3527 1251 3581 hoc
1290 3526 1409 3580 loco
1438 3532 1627 3595 regnat
1668 3523 2117 3593 lex;putentque

418 3674 435 3693 π
541 3632 736 3674 omnes
767 3633 827 3673 se
856 3615 954 3671 Dei
997 3628 1185 3670 vocem
1220 3612 1430 3677 audire,
1454 3625 1585 3680 .qua
1629 3609 1890 3681 iubentur
1920 3623 2119 3663 secun-

540 3708 670 3766 dum
701 3708 954 3765 instituta
981 3704 1220 3761 civitatis
1241 3702 1543 3760 Jerusalem
1574 3701 1777 3757 vivere.
1813 3698 1907 3756 Sic
1935 3708 2114 3756 autem

540 3800 742 3857 merito
800 3797 1231 3862 existimabunt,
1290 3800 1603 3868 spectantes
1649 3791 1951 3848 evidentem
2020 3789 2115 3846 Dei

539 3889 862 3962 potentiam,
891 3887 1020 3943 dum
1046 3886 1250 3941 multos
1271 3900 1335 3941 ex
1364 3885 1432 3939 iis
1459 3883 1556 3954 qui
1597 3882 1739 3938 male
1772 3881 1933 3938 nobis
1972 3880 2118 3936 fece-

539 3987 672 4037 runt
694 3979 761 4034 ad
787 3993 949 4035 suum
970 3977 1237 4050 judicium
1265 3975 1556 4048 pertrahit,
1581 3972 1871 4045 arguitque
1891 3971 2117 4028 validis-

540 4073 713 4130 simos
746 4071 933 4138 etiam,
958 4070 1312 4142 quantumvis
1343 4067 1535 4138 procul
1578 4067 1774 4122 abesse
1802 4066 2112 4130 videantur,

539 4165 611 4219 ob
644 4162 824 4217 illatas
862 4161 1025 4217 nobis
1067 4159 1334 4231 injurias;
1382 4171 1683 4229 poenasque
1729 4154 1840 4210 illis
1884 4154 2118 4225 imponit

538 4251 876 4309 facinoribus
905 4251 1148 4321 ipsorum
1168 4249 1408 4319 dignam.

2222 3345 2350 3413 ξαν·
2394 3346 2821 3417 συναχθήσονται
2861 3346 2919 3400 δὲ
2966 3347 3152 3401 πολλοὶ
3199 3347 3530 3418 πολλαχόθεν
3566 3347 3806 3402 καὶτῶν

2220 3437 2517 3508 ἀλλοτρίων
2555 3438 2903 3508 ἐπειγόμενοι
2930 3438 3088 3493 τοῦτο
3110 3439 3175 3511 δὴ
3195 3439 3291 3494 τοῦ
3315 3440 3449 3493 Θεοῦ
3475 3438 3807 3493 καταλαϐεῖν

2217 3525 2278 3578 τὺ
2320 3525 2466 3597 ὄρος,
2504 3527 2578 3596 (p.
2617 3524 2744 3594 282)
2784 3527 2842 3578 ἐν
2893 3521 3046 3599 ᾧπερ
3092 3530 3263 3582 οἰκεῖν
3301 3528 3582 3594 δοξάζεται
3631 3527 3767 3592 Θεός

2185 3610 2453 3665 ,ἐνταῦθά
2476 3629 2535 3664 τε
2574 3610 2932 3681 παιδευθῆναι
2964 3612 3024 3666 ὃν
3066 3612 3132 3685 δὴ
3162 3614 3362 3686 τρόπον
3399 3614 3676 3686 προσῆκεν
3701 3614 3810 3669 αὑ-

2219 3701 2346 3764 τοὺς
2398 3701 2807 3767 πολιτεύεσθαι,
2846 3703 2996 3767 ὅπως
3044 3720 3106 3758 τε
3154 3704 3302 3775 βιοῦν
3352 3706 3493 3760 κατά
3542 3705 3605 3758 τὸ
3645 3705 3804 3760 δέον·

2219 3791 2359 3845 ὥστε
2389 3791 2551 3861 νόμον
2588 3787 2728 3845 εἶναι
2754 3793 2849 3848 καὶ
2887 3797 3001 3858 τοῖς
3026 3794 3254 3868 ἑτέρωθι
3281 3782 3374 3850 τὸν
3400 3796 3637 3851 ἐνταῦθα
3667 3814 3811 3870 κρα-

2216 3883 2415 3937 τοῦντα
2441 3883 2623 3955 νόμον,
2660 3886 2844 3957 φωνῆς
2876 3903 2936 3940 τε
2977 3887 3127 3952 θείας
3167 3888 3343 3942 δοκεῖν
3370 3889 3590 3944 ἀκούειν
3629 3890 3805 3945 ἅπαν-

2218 3994 2335 4043 τας,
2367 3977 2460 4045 ἀφ’
2489 3970 2559 4049 ἦς
2586 3978 2862 4049 προσῆκεν
2887 3982 2997 4043 τοῖς
3037 3980 3389 4053 Ἰερουσαλὴμ
3427 3981 3811 4038 πολιτεύεσθαι

2220 4066 2501 4138 νομίμοις
2544 4066 2719 4121 ταῦτα
2755 4068 2813 4122 δὲ
2844 4070 3122 4141 οἰήσονται
3158 4071 3416 4137 δικαίως,
3445 4072 3680 4145 ὁρῶντες
3706 4072 3810 4127 τοῦ

2222 4157 2358 4214 Θεοῦ
2387 4159 2484 4231 τὴν
2513 4158 2741 4232 δύναμιν
2762 4160 2832 4231 ἢν
2856 4161 3203 4227 ἐπιδείξεται,
3229 4162 3458 4227 πολλοὺς
3488 4164 3597 4217 τῶν
3618 4164 3813 4230 κακῶς

2223 4245 2633 4301 διατεθεικότων
2669 4247 2821 4319 ἡμᾶς
2872 4247 2978 4301 ὑπὸ
3021 4249 3122 4319 τὴν
3158 4249 3342 4320 κρίσιν
3386 4249 3536 4319 ἄγων
3573 4251 3671 4321 τὴν
3722 4252 3812 4304 οἰ-

538 4343 720 4410 κείαν,
763 4341 999 4413 ἐλέγχων
1042 4356 1103 4394 τε
1145 4340 1240 4394 καὶ
1285 4339 1411 4401 τοὺς
1467 4335 1606 4405 ἄγαν
1649 4330 1789 4389 εἶναι
1829 4334 2121 4402 δοκοῦντας
2172 4337 2459 4410 ἰσχυροὺς,
2492 4338 2599 4393 κᾶν
2643 4341 2694 4393 εἰ
2736 4339 3022 4411 πόρρωθεν
3070 4334 3210 4394 εἶναι
3261 4341 3503 4408 δοκοῖεν,
3545 4342 3685 4412 ὑπὲρ
3727 4334 3819 4398 ὧν

537 4438 618 4501 εἰς
655 4438 689 4508 ἡ
699 4434 806 4507 μᾶς
862 4429 1361 4503 πεπλημμελήκασι
1384 4473 1398 4493 ,
1429 4429 1525 4481 καὶ
1556 4426 1621 4499 δὴ
1662 4426 1756 4481 καὶ
1802 4426 2075 4500 τιμωρίαν
2121 4427 2305 4494 αὐτοῖς
2343 4428 2564 4499 ἐπάγων
2591 4428 2701 4484 τῶν
2731 4428 3147 4502 τετολμημένων
3175 4430 3351 4508 ἀξίαν,

610 4526 776 4582 Miror
822 4534 1003 4581 autem
1045 4537 1143 4580 eos
1184 4521 1276 4592 qui
1323 4519 1684 4584 allirmarunt,
1726 4519 1873 4576 dicta
1927 4522 2044 4577 haec
2090 4536 2120 4578 a
2153 4525 2198 4581 D

538 4620 805 4690 propheta
845 4617 914 4673 de
950 4616 1116 4671 rebus
1165 4612 1773 4686 lsraelitis_eventuris,
1820 4618 2113 4685 postquam

540 4712 814 4783 Babylone
840 4707 1049 4765 reversi
1086 4705 1357 4772 fuissent;
1399 4703 1663 4760 addentes
1701 4705 1888 4772 etiam,
1929 4715 2116 4778 typum

546 4796 830 4869 quemdam
855 4810 951 4851 eas
975 4792 1145 4849 fuisse
1171 4807 1353 4849 rerum
1377 4793 1481 4849 sub
1501 4792 1727 4849 Christo
1754 4792 1987 4850 Domino
2019 4811 2118 4864 geu

540 4887 858 4944 rendarum.
890 4884 1055 4957 Atqui
1085 4884 1187 4941 hos
1210 4898 1333 4956 ego,
1362 4889 1637 4954 quatenus
1668 4884 1854 4954 populi
1880 4884 2118 4942 reditum

539 4977 818 5050 Babylone
846 4976 930 5033 his
956 4976 1137 5032 verbis
1159 4975 1436 5047 designari
1462 4975 1638 5039 aiunt,
1674 4990 1773 5031 ceu
1798 4976 2005 5047 Optime
2034 4976 2120 5032 di-

541 5073 733 5122 centes
757 5064 942 5120 laudo.
972 5062 1130 5130 Quod
1163 5072 1341 5118 autem
1384 5070 1546 5133 typus
1575 5061 1797 5133 quidam
1833 5062 1889 5117 in
1920 5062 2116 5117 iisdem

543 5151 711 5206 lateat
733 5164 918 5207 rerum
940 5146 1147 5205 Christi
1173 5148 1413 5216 Domini,
1438 5148 1584 5205 haud
1614 5152 1731 5208 scio
1758 5152 2037 5222 quomodo
2063 5149 2118 5203 id

544 5240 812 5297 ailirmare
840 5240 1085 5297 animum
1114 5238 1432 5297 induxerint
1457 5259 1471 5297 :
1502 5251 1721 5297 constat
1751 5243 1896 5298 enim
1927 5250 2116 5315 typum

546 5328 903 5386 imitationem
928 5342 1050 5385 esse
1072 5329 1367 5399 quamdam
1395 5330 1515 5400 ejus
1559 5330 1658 5397 rei,
1687 5332 1846 5402 cujus
1884 5347 2008 5388 esse
2035 5331 2119 5386 di-

543 5420 688 5475 citur
722 5427 915 5491 typus;
951 5418 1125 5474 dictio
1169 5431 1351 5475 autem
1380 5438 1394 5475 :
1432 5440 1450 5474 ι
1493 5421 1570 5478 De
1613 5421 1780 5479 Sione
1808 5423 2119 5497 egredietur

544 5511 653 5577 lex,
686 5520 743 5566 et
779 5511 1004 5566 verbum
1052 5510 1266 5566 Domini
1315 5512 1383 5568 de
1437 5512 1766 5578 Jerusalem,
1812 5533 1832 5568 ι
1888 5515 2119 5569 multum

545 5606 700 5660 abest
732 5619 762 5659 a
787 5604 991 5661 Christi
1022 5603 1422 5676 propositione,
1452 5607 1548 5678 qui
1582 5606 1806 5663 disertis
1827 5607 2009 5662 verbis
2033 5604 2131 5661 Sa-

2310 4523 2629 4595 Ἐθαύμασα
2658 4522 2714 4577 δέ
2740 4524 2869 4588 τοὺς
2910 4524 3204 4597 εἰρηκότας
3233 4507 3481 4597 λελέχθαι
3506 4529 3604 4598 μὲν
3631 4528 3815 4586 ταῦτα

2222 4611 2300 4685 τῷ
2325 4615 2576 4686 προφήτῃ
2611 4614 2705 4667 ἐπὶ
2734 4613 2843 4667 τῶν
2884 4614 3014 4686 περὶ
3068 4615 3194 4678 τοὺς
3240 4614 3579 4687 Ἰσραηλίτας
3606 4619 3814 4689 ἐσομέ-

2221 4722 2348 4772 νων,
2377 4704 2547 4758 ἐπειδ’
2581 4704 2647 4759 ἂν
2675 4703 3049 4773 ἐπανάγεσθαι
3078 4704 3313 4776 μέλλωσι
3338 4707 3436 4778 τῆς
3464 4706 3813 4777 Βαϐυλῶνος,

2222 4795 2505 4867 φήσαντας
2558 4794 2616 4848 δέ
2664 4792 2835 4847 τύπον
2873 4794 3012 4849 αὐτά
3059 4810 3185 4847 τινα
3239 4794 3336 4849 καὶ
3377 4794 3487 4849 τῶν
3522 4794 3666 4849 κατὰ
3715 4796 3820 4851 τὸν

2220 4881 2499 4954 Δεσπότην
2546 4879 2688 4952 ἔχειν
2711 4880 2947 4952 Χριστόν
2977 4897 2989 4912 ⁸
3022 4880 3118 4945 οὓς
3156 4882 3237 4935 ὅτι
3267 4880 3368 4950 μὲν
3404 4882 3503 4953 τὴν
3529 4876 3594 4935 ἐκ
3627 4881 3820 4936 Βαϐυ-

2221 4971 2390 5037 λῶνος
2418 4972 2676 5028 ἐπάνοδον
2704 4973 2797 5027 τοῦ
2824 4972 2955 5029 λαοῦ
2974 4973 3341 5046 σημαίνεσθαι
3367 4974 3572 5046 ἔφασαν
3606 4977 3664 5030 ἐν
3682 4977 3816 5030 τού-

2224 5077 2359 5123 τοις,
2380 5060 2455 5124 ὡς
2479 5059 2739 5115 κάλλιστά
2768 5078 2830 5129 γε
2851 5061 3143 5133 εἰρηκότας
3170 5062 3381 5115 ἐπαινῶ
3404 5080 3416 5093 ·
3449 5065 3530 5118 ὅτι
3556 5062 3613 5117 δὲ
3637 5061 3820 5120 τύπον

2224 5152 2348 5208 τινὰ
2389 5152 2501 5209 τῶν
2527 5153 2669 5208 κατά
2692 5153 2784 5208 τὸν
2817 5153 3095 5224 Δεσπότην
3128 5153 3243 5225 ἔχει
3275 5154 3532 5226 Χριστὸν,
3564 5155 3666 5209 οὑκ
3690 5152 3817 5213 οἶδα

2224 5244 2372 5309 ὅπως
2393 5243 2745 5316 προήχθησαν
2757 5261 2781 5297 ε
2791 5242 2951 5306 ἱπετν,
2967 5242 3126 5315 δήλου
3140 5260 3204 5313 γε
3219 5243 3371 5309 ὄντος
3386 5244 3462 5308 ὡς
3480 5242 3627 5308 ἄπας
3637 5244 3823 5312 τύπος

2227 5330 2461 5403 μίμησιν
2492 5330 2605 5402 ἔχει
2630 5331 2753 5385 τινὰ
2781 5330 2918 5402 πρὸς
2954 5330 3131 5384 ἐκεῖνο
3156 5324 3328 5402 οὗπερ
3355 5330 3573 5401 λέγεται
3600 5331 3816 5396 τύπος·

2224 5423 2287 5477 τὸ
2310 5423 2367 5477 δὲ
2391 5425 2457 5477 ἐκ
2501 5421 2640 5477 Σιὼν
2671 5419 3050 5487 ἐξελεύσεσθαι
3087 5422 3272 5494 νόμον,
3294 5422 3388 5476 καὶ
3414 5422 3570 5492 λόγον
3599 5424 3819 5493 Κυρίου

2227 5514 2288 5581 ἐξ
2331 5513 2708 5586 Ἰερουσαλὴμ,
2742 5514 2819 5584 (p.
2841 5511 2970 5583 285)
2993 5513 3128 5567 πολύ
3158 5530 3222 5583 γε
3253 5515 3563 5586 ἀφέστηκεν
3592 5517 3689 5586 τῆς
3711 5516 3819 5571 τοῦ

2221 5604 2463 5678 Χριστοῦ
2488 5605 2805 5671 διατάξεως,
2830 5603 2889 5669 ὃς
2916 5604 3104 5674 σαφῶς
3118 5605 3309 5679 εἴρηκε
3338 5606 3476 5678 πρὸς
3498 5608 3599 5678 τὴν
3620 5607 3823 5678 Σαμα-

544 5694 826 5779 ωοτίιειιω
854 5694 994 5750 dixit
1017 5695 1060 5726 ⁸⁸
1091 5713 1105 5751 :
1138 5713 1156 5747 ι
1197 5694 1416 5763 Mulier,
1439 5698 1606 5755 crede
1638 5698 1792 5765 mihi,
1816 5699 1946 5771 quia
1976 5701 2118 5755 venit

2226 5701 2392 5772 ρεῖτιν
2413 5714 2426 5729 ο
2467 5716 2486 5751 ι
2517 5695 2749 5750 Πίστευέ
2801 5712 2915 5768 μοι,
2946 5695 3129 5766 γύναι,
3156 5699 3238 5754 ὅτι
3275 5696 3501 5771 ἔρχεται
3546 5696 3687 5770 ὥρα..
3717 5696 3817 5753 ὅτε

617 5826 659 5861 δ’
688 5826 845 5884 Joan.
885 5843 960 5899 tv,
994 5827 1086 5882 2i.
