4118 6542
279 502 393 561 565

1291 498 1845 558 COMMENTARIUS
1882 487 1950 555 IN
1994 498 2305 558 ΜΙαΗιΕΑΞ
2338 501 2490 556 CAP.
2533 490 2621 557 Ν.

3481 495 3585 563 363

278 622 411 678 οὔτε
462 622 526 677 ὲν
580 618 1005 695 Ἱεροσολύμοις,
1032 622 1153 678 οῦτε
1182 623 1241 678 ἐν
1269 623 1351 696 τῷ
1370 624 1488 696 ὄρει
1520 625 1695 697 τούτῳ
1717 639 1892 696 προσ-

2002 623 2156 688 hora,
2191 626 2415 695 quando
2447 636 2624 692 neque
2651 618 3067 692 llierosolymis,
3109 639 3288 696 neque
3332 626 3497 699 186
3529 638 3585 681 tn

280 713 562 786 κυνήσετε
587 714 667 785 τῷ
685 714 863 786 Πατρί
879 730 893 744 ⁸
924 734 943 767 ι
960 714 1054 769 καὶ
1082 715 1182 786 τὴν
1195 714 1377 769 αἰτίαν
1401 715 1596 785 λέγων,
1620 733 1639 767 ι
1664 713 1894 786 Πνεῦμα

274 806 309 861 ὀ
344 805 506 870 Θεὸς,
542 806 792 871 καὶτοὺς
833 805 1277 879 προσκυνοῦντας
1318 807 1501 873 αὑτὸν,
1541 809 1601 862 ὲν
1624 805 1894 876 πνεύματι

279 899 380 954 καὶ
403 897 642 970 ἀληθείᾳ
676 898 761 953 δεῖ
790 902 1117 972 προσκυνεῖν
1136 915 1149 929 ·
1179 919 1203 981 »ι
1230 899 1416 970 σαφῶς
1445 900 1555 972 γάρ
1577 899 1917 970 ἀπεφήνατοΙ

275 989 775 1062 καταλυθήσεσθαι
824 989 925 1064 τὴν
977 991 1108 1064 περὶ
1165 990 1258 1048 τὸν
1303 990 1468 1045 τόπον
1506 988 1894 1062 ἀκριϐολογίαν

278 1083 600 1148 παντελῶς,
634 1084 733 1137 καὶ
793 1082 997 1155 μηδένα
1019 1083 1178 1153 λόγον
1215 1082 1434 1137 ἔσεσθαι
1460 1082 1553 1138 τοῦ
1596 1084 1656 1136 ὲν
1690 1082 1896 1154 Ἰερου-

1995 721 2183 771 monte
2212 714 2317 770 hoc
2348 714 2655 772 adorabitis
2686 713 2922 771 Patrem.
2963 735 2981 768 ι
3019 712 3156 771 Tum
3185 732 3408 775 causam
3440 721 3582 776 assi-

1993 820 2211 877 gnans:
2248 821 2270 859 ι
2306 803 2569 878 Spiritus,
2604 825 2623 859 ι
2665 806 2864 878 inquit,
2905 825 2925 859 ι
2961 817 3046 862 est
3072 805 3240 875 Deus,
3282 817 3337 864 et
3362 825 3459 868 eos
3489 814 3583 882 qui

1993 898 2226 954 adorant
2254 913 2403 965 eum,
2444 898 2501 954 in
2534 899 2733 970 spiritu
2783 907 2838 955 et
2869 900 3095 955 veritate
3132 906 3347 971 oportet
3388 903 3589 959 adora-

1994 1004 2055 1044 re
2094 1006 2108 1044 :
2149 1007 2168 1042 »
2221 991 2515 1061 perspicue
2554 988 2762 1046 docens
2798 991 3041 1046 solutum
3098 990 3167 1047 iri
3208 993 3436 1049 omnino
3480 996 3585 1051 loci

1992 1076 2114 1149 ejus
2148 1079 2535 1150 scrupulosam
2573 1079 3032 1148 observantiam;
3087 1080 3339 1152 nullique
3383 1080 3438 1136 in
3486 1098 3587 1153 p0"-

276 1173 479 1246 σαλὴμ
509 1173 768 1246 μᾶλλονῆ
795 1172 1024 1247 ἑτέρωθι
1048 1176 1378 1247 προσκυνεῖν
1401 1188 1414 1203 ·
1441 1171 1631 1244 ἐπειδὴ
1653 1172 1895 1236 ἅπαντες

280 1265 646 1286 -μρηηιημ
670 1283 684 1286 _
718 1265 814 1286 ι-..
1195 1265 1242 1286 _\
1267 1265 1421 1286 ﬁ-.-“
1481 1264 1879 1286 ____L_-_~_.__-_

2002 1176 2205 1225 sterum
2232 1184 2382 1227 curae
2414 1169 2532 1228 fore
2564 1178 2751 1228 utrum
2779 1170 3178 1244 Hierosolymis
3213 1172 3394 1243 potius
3422 1188 3587 1244 quam

2002 1261 2122 1286 ..ηιξ
2155 1261 2443 1286 -Δ---ι--..1;
2482 1264 2602 1286 ---2-
2635 1279 2818 1286 -.....--
2851 1265 3239 1286 ε-Αρμι..-..ι--...
3278 1282 3388 1286 ,---
3419 1266 3563 1286 n-__

274 1265 685 1330 παιδευθέντες
710 1265 1005 1337 άσὼματον
1027 1260 1169 1320 εἶναι
1190 1265 1251 1319 τὸ
1265 1265 1442 1330 Θεῖον,
1478 1264 1892 1347 μετὰντοιαύτης

2002 1261 2123 1318 alibi
2154 1261 2445 1332 adoretur“;
2476 1264 2608 1335 quia
2629 1279 2823 1322 omnes
2850 1265 3244 1339 incorporeum
3269 1282 3395 1323 esse
3416 1266 3589 1323 Deum

272 1355 437 1428 αὐτῷ
505 1360 842 1428 προσκυνεῖν
901 1356 1157 1428 μέλλουσι
1185 1358 1286 1430 τῆς
1327 1357 1569 1420 διανοίας
1594 1373 1607 1386 ·
1643 1356 1720 1421 ὡς
1759 1357 1894 1410 ὅπου

274 1449 403 1502 ποτ’
466 1446 538 1502 ἂν
602 1446 739 1500 αὐτὸ
788 1446 1278 1520 διαπράττωνται,
1335 1449 1489 1503 οὐδὲν
1556 1448 1896 1521 ἀλλοιότερον

273 1539 578 1605 ¹ποιοῦντες
597 1556 611 1570 ⁶
638 1541 771 1609 περὶ
798 1540 901 1612 μὲν
926 1540 991 1612 δὴ
1007 1539 1110 1612 τῆς
1162 1540 1425 1595 ἐπανόδου
1460 1539 1561 1612 τῆς
1590 1542 1700 1595 άπὸ
1725 1541 1896 1596 Βαϐυ-

272 1633 455 1698 λῶνος
492 1634 878 1706 άρμοττόντως
908 1634 1122 1704 λέγοιτο
1156 1634 1245 1700 ἂν,
1277 1653 1296 1687 ι
1335 1633 1430 1688 Ἐκ
1453 1633 1591 1696 Σιὼν
1619 1634 1898 1702 ὲξελεύσε-
1922 1622 1937 1627 ”

270 1744 366 1781 ται
393 1718 595 1797 νόμος,
624 1727 721 1780 καὶ
745 1724 906 1795 λόγος
938 1726 1142 1799 Κυρίου
1182 1727 1241 1794 ἐξ
1276 1726 1655 1799 Ἰερουσαλὴμ,
1687 1746 1705 1779 ι
1745 1730 1897 1782 ἐπει-

270 1818 459 1891 δήπερ
478 1818 832 1889 ἀπεδόθησαν
856 1819 1189 1891 ’ῐσραηλϊται
1213 1818 1334 1872 τότε
1350 1818 1429 1890 τῷ
1450 1819 1604 1892 τόπῳ
1631 1817 1711 1890 τῷ
1733 1819 1892 1885 Σιὼν,

269 1912 424 1966 ὥστε
457 1911 610 1965 κατὰ
639 1911 741 1993 τὴν
772 1911 1006 1985 νομικὴν
1046 1908 1312 1977 διάταξιν,
1342 1913 1444 1984 τὴν
1465 1912 1895 1985 διατεταγμένην

1993 1350 2198 1419 edocti,
2253 1356 2348 1410 tali
2400 1372 2524 1412 eum
2573 1372 2700 1412 cum
2752 1369 2934 1416 mente
2984 1359 3268 1415 adoraturi
3322 1370 3484 1430 sunt;
3538 1374 3591 1415 et

1993 1446 2263 1518 quidquid
2291 1449 2472 1506 ubivis
2502 1448 2757 1516 fecerint,
2780 1453 3008 1524 perinde
3030 1453 3273 1510 alienum
3301 1463 3414 1509 non
3446 1454 3586 1511 fore.

2002 1535 2391 1596 Verumtamen
2440 1541 2510 1599 de
2557 1532 3338 1619 redituiquidemeBabylone
3387 1563 3593 1604 conve~

1996 1629 2213 1686 nienter
2246 1631 2354 1687 dici
2388 1641 2608 1705 potuit:
2666 1655 2685 1687 ι
2725 1634 2799 1693 De
2829 1634 2997 1693 Sione
3028 1639 3341 1710 egredietur
3385 1639 3499 1702 lex,
3536 1632 3592 1697 et

1996 1725 2223 1781 verbum
2257 1725 2473 1785 Domini
2529 1743 2592 1787 Ie
2635 1730 2940 1788 .erusalem
2963 1775 2978 1798 ,
3014 1747 3035 1783 δ
3073 1732 3203 1803 quia
3240 1741 3376 1788 tunc
3420 1732 3590 1790 resti~

1997 1820 2101 1905 tuti
2152 1819 2375 1877 fuerunt
2434 1821 2694 1880 lsraelitze
2738 1828 2795 1879 ln
2849 1823 3035 1881 Sionis
3082 1826 3472 1905 stationemmt
3517 1827 3591 1881 ibi

1998 1900 2195 1984 legalia
2247 1915 2500 1971 instituta
2557 1923 2616 1972 et
2672 1918 3055 1988 praescriptum
3095 1900 3303 1974 cultum
3349 1918 3594 1988 comple-

271 2002 596 2075 θρησκείαν
627 2002 818 2056 αὐτόθι
841 2001 1085 2075 πληροῦν
1103 2040 1117 2061 .
1138 2004 1205 2076 ἢν
1234 2004 1464 2075 ἑτέρωθί
1493 2020 1557 2074 γε
1585 2005 1737 2069 ὄντες
1762 2004 1901 2075 πλη-

2004 2013 2153 2071 rent,
2202 2022 2364 2076 quem
2419 2008 2551 2062 alibi
2605 2009 2771 2080 positi
2824 2008 3075 2066 factitare
3122 2025 3233 2066 non
3286 2018 3589 2079 poterant:

272 2096 412 2170 ροῦν
446 2096 555 2149 οὐκ
583 2094 877 2167 ἡδύναντοδ
905 2096 981 2162 ὡς
1005 2097 1101 2152 καὶ
1121 2097 1299 2166 λέγειν
1323 2096 1417 2151 ἐπὶ
1448 2098 1545 2169 τῆς
1578 2097 1899 2163 Βαϐυλῶνος

268 2193 467 2253 εντας·
509 2208 526 2241 ι
566 2188 695 2251 Πῶς
722 2187 931 2261 ᾄσομεν
954 2188 1053 2261 τὴν
1081 2187 1224 2261 ᾠδὴν
1253 2189 1461 2262 Κυρίου
1496 2189 1589 2243 ἐπὶ
1613 2192 1716 2261 γῆς
1739 2188 1898 2242 ἀλλο-

266 2280 476 2352 τρίας;
512 2299 532 2331 ι
557 2278 743 2347 Τόπον
774 2278 915 2355 δέγε
942 2278 1061 2345 πῶς
1091 2280 1157 2334 ἂν
1180 2279 1293 2352 ἔχοι
1324 2282 1459 2352 πρὸς
1482 2280 1551 2336 τά
1572 2280 1666 2337 τοῦ
1694 2281 1900 2334 Δεσπό-

264 2391 373 2427 του
410 2372 690 2446 Χριστοῦ,
730 2365 908 2447 οὗπερ
963 2374 998 2445 ἡ
1047 2372 1291 2440 διάταξις
1330 2374 1533 2446 ὁμοίως
1578 2372 1897 2446 ἁπανταχοῦ

270 2464 639 2538 πληροῦσθαι
668 2464 772 2537 τὴν
801 2464 954 2520 θείαν
984 2465 1237 2538 βούλεται
1268 2467 1545 2540 λατρείαν,
1573 2467 1782 2538 τρόπῳ,
1805 2467 1901 2521 καὶ

266 2558 333 2611 οὐ
385 2557 551 2628 τόπῳ
575 2556 1008 2631 διακρινομένων
1038 2557 1116 2631 (p.
1154 2551 1282 2629 εδδ)
1319 2558 1430 2615 τῶν
1453 2554 1511 2613 εὖ
1560 2576 1620 2614 τε
1666 2559 1762 2613 καὶ
1790 2559 1900 2629 χεῖ-

268 2662 371 2721 ρον
403 2648 586 2722 αὐτὴν
611 2638 966 2722 πληρούντιον
988 2668 1004 2720 ;

345 2763 513 2835 Στίχ.
552 2762 620 2829 δ’,
645 2762 710 2818 ε’.
737 2792 808 2805 -—-
841 2762 983 2841 Ἀλλ’
1011 2765 1041 2820 ὃ
1071 2781 1135 2835 γε
1170 2765 1459 2838 προφήτης
1494 2765 1562 2837 τῇ
1595 2762 1902 2836 προῤῥὴσει

2007 2097 2155 2153 unde
2199 2106 2254 2153 et
2298 2097 2575 2171 Babylone
2621 2099 2882 2170 degentes
2924 2100 3143 2155 aiebant
3183 2117 3197 2154 :
3239 2118 3258 2151 ι
3300 2094 3595 2166 Quomodo

2005 2191 2358 2247 cantabimus
2391 2192 2670 2248 canticum
2715 2190 2931 2247 Domini
2974 2191 3027 2246 in
3068 2191 3218 2246 terra
3263 2191 3440 2245 aliena
3466 2188 3586 2243 "ii

2007 2280 2294 2348 Quomodo
2340 2289 2525 2339 autem
2573 2281 2710 2350 haec,
2762 2281 3008 2352 inquam,
3052 2281 3222 2352 ﬁgura
3257 2281 3366 2336 sint
3408 2293 3595 2334 rerum

2004 2374 2212 2430 Christi
2248 2375 2492 2440 Domini,
2520 2374 2683 2445 cujus
2710 2375 2985 2431 institutio
3014 2376 3131 2446 pari
3154 2373 3356 2443 ubique
3384 2373 3597 2426 ratione

2010 2466 2106 2523 Dei
2135 2466 2511 2522 adorationem
2545 2466 2662 2522 ﬁeri
2690 2467 2833 2534 vult;
2860 2466 3025 2522 modo
3047 2474 3284 2531 tantum,
3310 2475 3419 2519 non
3451 2463 3594 2530 loco,

2007 2554 2393 2613 diﬁ‘erentibus
2438 2556 2670 2613 invicem
2716 2557 2810 2627 qui
2844 2557 2983 2613 bene
3012 2557 3097 2611 vel
3142 2564 3302 2617 deus
3339 2555 3393 2610 id
3435 2552 3596 2610 oﬁicii

2007 2654 2270 2718 praestant
2284 2645 2309 2703 ί

2081 2758 2245 2815 Vens.
2278 2758 2334 2829 4,
2371 2759 2425 2815 5.
2466 2790 2538 2804 -
2579 2748 2753 2817 Porro
2796 2769 2977 2818 autem
3028 2763 3290 2835 propheta
3336 2759 3597 2833 supradi-

2002 2862 2106 2909 cla:
2129 2852 2479 2924 praedictioni
2504 2853 2666 2909 aliam
2699 2854 3001 2919 subnectit,
3037 2869 3235 2924 nempe
3263 2870 3280 2909 :
3321 2872 3341 2907 ι
3373 2841 3442 2908 Et
3461 2868 3600 2909 con-

2003 2943 2192 2999 cident
2219 2942 2435 3015 gladios
2469 2959 2603 3001 suos
2651 2944 2709 2999 in
2741 2958 3016 3010 vomeres,
3053 2951 3109 3001 et
3143 2945 3333 3003 hastas
3379 2959 3511 3002 suas
3541 2945 3598 3000 in

2005 3036 2199 3103 falces,
2231 3044 2286 3093 et
2315 3053 2428 3093 non
2462 3037 2681 3094 discent
2712 3038 2859 3094 ultra
2897 3040 3226 3111 belligerare
3258 3058 3272 3096 :
3314 3058 3335 3092 ι
3369 3039 3599 3095 demon~

267 2855 389 2912 τῶν
405 2855 797 2929 προκειμένων
815 2858 1201 2914 ἐπισυνάπτων
1219 2859 1368 2922 τάδε,
1389 2858 1555 2932 φησὶν
1593 2858 1702 2912 ὅτι(
1725 2860 1908 2913 Κατα-

268 2947 519 3019 mea:
580 2946 685 3011 τὰς
737 2947 1018 3022 μαχαίρας
1059 2950 1240 3004 αὐτῶν
1294 2952 1376 3015 είς
1418 2949 1650 3022 ἄροτρα,
1695 2949 1793 3004 καὶ
1835 2947 1909 3003 τὰ

268 3039 487 3113 δόρατα
515 3039 706 3095 αὐτῶν
739 3042 821 3105 είς
843 3042 1111 3114 δρέπανα,
1150 3044 1245 3097 καὶ
1282 3042 1468 3098 οὐκέτι
1489 3042 1551 3097 οὐ
1582 3042 1658 3115 μὴ
1689 3042 1907 3114 μάθωσι

270 3133 576 3206 πολεμεῖν.
630 3153 649 3187 ι
682 3135 912 3200 Δεικνὺς
942 3135 1025 3189 ὅτι
1054 3136 1329 3191 παύσεται
1347 3134 1450 3206 μὲν
1475 3134 1621 3199 άπας
1645 3134 1902 3206 πόλεμος,

2007 3139 2195 3185 strans
2237 3128 2452 3185 scilicet
2496 3141 2662 3186 omne
2694 3128 2902 3187 bellum
2936 3131 3265 3198 desiturum,
3305 3137 3361 3187 et
3406 3142 3597 3203 pacem

270 3228 483 3300 εἰρήνη
550 3227 612 3280 δὲ
666 3225 849 3281 πάντα
904 3225 1123 3293 καθέξει
1152 3243 1166 3258 ·
1203 3225 1346 3280 ὥστε
1394 3226 1492 3283 καὶ
1519 3226 1587 3281 τά
1632 3224 1902 3296 πολεμικά

2004 3222 2207 3294 ubique
2231 3222 2350 3281 fore
2377 3242 2392 3280 :
2417 3225 2777 3295 quamobrem
2806 3226 2971 3282 etiam
3009 3220 3204 3282 bellica
3228 3228 3601 3283 instrumenta

270 3320 499 3392 ὄργανα
546 3320 631 3382 εἰς
659 3317 759 3391 τὴν
806 3318 919 3372 τῶν
951 3317 1278 3391 γεωργικῶν
1312 3317 1523 3374 σκευῶν
1548 3318 1746 3391 χρῆσιν
1774 3315 1902 3387 τρέ-

2005 3315 2060 3371 in
2088 3316 2304 3372 rustica
2352 3317 2616 3373 utensilia
2651 3333 2985 3376 conversum
3028 3320 3096 3375 iri
3148 3319 3431 3391 deinceps,
3482 3321 3607 3376 bela‘

272 3430 411 3468 πειν
433 3412 655 3477 λοιπὸν,
687 3411 882 3484 ῶσπερ
917 3407 1083 3486 ἦττον
1123 3412 1394 3484 μενόντων
1432 3411 1541 3466 τῶν
1568 3410 1902 3482 πολεμικῶν,

2010 3407 2121 3464 lico
2157 3409 2378 3464 illorum
2417 3426 2522 3466 usu
2563 3419 2840 3475 cessante,
2872 3412 3003 3483 quia
3037 3412 3206 3468 ﬁnitis
3237 3411 3418 3474 hellis,
3451 3411 3601 3483 agri-

273 3501 660 3572 πεπαυμένου
683 3500 782 3555 τοῦ
826 3502 1096 3574 πολέμου,
1134 3503 1234 3575 τῆς
1263 3501 1539 3575 γεωργίας
1562 3502 1618 3556 δὲ
1641 3501 1716 3566 ὡς
1740 3504 1799 3555 ἐν
1829 3501 1902 3555 εί-

2011 3500 2229 3555 cultura
2280 3500 2437 3571 pacis
2487 3516 2677 3558 comes
2722 3502 2929 3574 ubique
2979 3502 3260 3575 regnabit.
3307 3501 3434 3558 Mox
3477 3503 3599 3560 ait:

274 3598 429 3669 φήνῃ
460 3597 696 3667 κρατεῖν
725 3584 1073 3666 ὀφειλούσης.
1103 3590 1238 3649 Εἶτα
1274 3595 1448 3664 λέγει,
1479 3595 1564 3650 ὅτι
1591 3613 1609 3645 ι
1646 3594 1759 3647 Καὶ
1784 3594 1902 3647 άνα-

2017 3611 2035 3643 ι
2063 3593 2131 3648 Ει
2153 3594 2365 3649 sedebit
2389 3596 2774 3668 unusquisque
2793 3596 2898 3653 sub
2918 3596 3031 3654 vite
3058 3610 3180 3664 sua,
3209 3606 3266 3653 et
3294 3597 3604 3669 unusquisaL

275 3690 574 3746 παύσεται
597 3689 835 3754 ἕκαστος
858 3690 1120 3745 ὑποκάτω
1143 3688 1395 3761 ἀμπέλου
1423 3680 1612 3755 αὐτοῦ,
1648 3690 1744 3742 καὶ
1774 3688 1902 3741 ἕκα-

2012 3699 2119 3757 que
2156 3686 2261 3744 sub
2310 3686 2414 3743 ﬁcu
2466 3704 2599 3755 sua;
2640 3697 2696 3744 et
2738 3702 2851 3745 non
2894 3688 3004 3745 erit
3040 3690 3134 3761 qui
3175 3697 3423 3749 terreat:
3466 3711 3485 3744 ι
3524 3692 3603 3748 si—

278 3800 414 3849 στος
439 3785 714 3839 ὑποκάτω
753 3783 929 3855 συκῆς
985 3782 1153 3838 αὐτοῦ
1177 3799 1190 3814 ο
1224 3783 1318 3837 καὶ
1354 3783 1456 3838 οὐκ
1487 3780 1643 3836 ἔσται
1672 3782 1702 3835 ὁ
1739 3782 1902 3852 ὲκφοε

2008 3780 2307 3854 gniﬁcans,
2338 3789 2575 3839 cunctos
2606 3782 2892 3839 laboribus
2918 3781 3036 3838 suis
3057 3782 3347 3849 fruiturus,
3381 3784 3604 3848 nemine

276 3874 397 3929 ϐῶν
417 3887 433 3902 '
462 3894 483 3927 ι
512 3873 803 3945 σημαίνων
818 3874 901 3928 ὅτι
928 3874 1133 3939 πάντες
1150 3872 1522 3928 ἀπολαύσουσι
1554 3870 1664 3925 τῶν
1687 3871 1902 3925 οἰκείων

2013 3880 2071 3926 ut
2112 3872 2166 3928 in
2207 3884 2343 3943 pace
2374 3875 2634 3931 usuvenit
2656 3890 2753 3932 eos
2787 3882 2996 3932 terrere
3018 3884 3113 3931 aut
3135 3876 3462 3947 perturbare
3485 3876 3602 3947 jam

276 3969 490 4036 πόνων,
525 3969 605 4033 ὼς
644 3968 704 4022 ὲν
730 3968 925 4043 εἰρήνῃ
945 3968 1159 4033 οὐδενὸς
1189 3967 1343 4033 ὄντος
1364 3966 1456 4022 τοῦ
1477 3965 1667 4038 φοϐεῖν
1695 3966 1898 4030 αὐτοὺς

276 4064 383 4121 καὶ
410 4061 787 4135 ἐκταράττειν
815 4060 1122 4133 δυναμένου
1161 4059 1380 4124 λοιπδν,
1417 4060 1514 4114 καὶ
1550 4058 1909 4131 μεθιστάντος

273 4157 397 4212 τῶν
450 4156 649 4210 τόπων
697 4154 808 4209 τῶν
854 4153 1096 4208 οἰκείων.
1156 4152 1269 4206 Καὶ
1297 4151 1485 4223 ἐπειδὴ
1533 4150 1813 4223 παράδοξα
1838 4147 1910 4203 τά

273 4248 572 4321 λεγόμενα
632 4242 724 4319 ἦν,
776 4246 961 4311 καλῶς
1011 4246 1329 4317 ἐπήγαγεν·
1371 4261 1391 4296 ι
1429 4244 1503 4297 To
1558 4241 1668 4314 γὰρ
1732 4242 1909 4313 στόμα

220 4396 233 4399 ,
273 4341 509 4415 Κυρίου
554 4339 1001 4410 παντοκράτορος
1035 4336 1268 4408 ὲλάλησε
1301 4335 1474 4391 ταῦτα
1498 4353 1511 4366 °
1562 4356 1581 4389 ι
1618 4335 1707 4388 ἵνα
1752 4334 1905 4407 εἴπῃ,

273 4438 364 4491 ὅτι
421 4433 606 4488 ταῦτα
647 4432 969 4504 ἀπεφήνατο
1011 4429 1147 4495 Θεὸς
1191 4429 1467 4501 γενέσθαι,
1503 4429 1599 4483 καὶ
1616 4424 1908 4500 γενήσεται

275 4527 540 4590 πάντως.
575 4542 594 4575 ι
644 4523 767 4578 Ὀτι
805 4523 1009 4587 πάντες
1044 4523 1097 4577 et
1126 4522 1249 4577 λαοὶ
1278 4522 1637 4595 πορεύσονται
1678 4520 1910 4585 ἕκαστος

274 4620 386 4693 τὴν
445 4617 578 4673 ὁδὸν
631 4614 799 4669 αὐτοῦ
823 4630 836 4644 ⁸
871 4622 950 4686 (p.
979 4614 1110 4685 285)
1149 4616 1315 4686 ἡμεῖς
1342 4614 1399 4668 δὲ
1430 4611 1813 4686 πορευσόμεθα
1849 4613 1910 4665 ὲν

272 4716 525 4785 ὀνόματι
567 4709 781 4781 Κυρίου
822 4708 961 4763 Θεοῦ
1005 4708 1163 4781 ἡμῶν
1194 4711 1273 4772 είς
1308 4708 1401 4762 τὸν
1430 4709 1606 4762 αἰῶνα
1653 4706 1749 4761 καὶ
1778 4705 1902 4759 έπέ-

2014 4713 2220 4771 turam,
2258 4705 2354 4761 alii
2381 4706 2451 4763 ad
2482 4706 2820 4762 maritimam
2868 4706 3295 4777 negotiationem
3328 4708 3606 4769 conversi,

274 4823 473 4861 κεινα·
508 4823 530 4856 )
557 4802 769 4865 Πάντες
822 4801 1055 4874 μὲνγὰρ
1103 4798 1179 4865 ὡς
1215 4801 1273 4854 ὲν
1313 4800 1505 4872 εἰρήνῃ
1535 4799 1902 4867 καθεστῶτες,

2015 4798 2109 4854 alii
2137 4799 2204 4857 ad
2227 4800 2530 4871 quamlibet
2553 4807 2750 4865 artem,
2774 4811 2938 4871 quam
2974 4799 3208 4871 quisque
3242 4800 3606 4872 proﬁtendam

274 4900 351 4954 τά
392 4897 760 4970 προσήκοντα
790 4895 979 4958 αὐτοῖς
1013 4892 1152 4965 ἔργα
1175 4890 1567 4965 διαπράξονται
1595 4892 1785 4948 λοιπόν
1812 4908 1828 4924 ο
1858 4893 1902 4946 οΙ

2016 4892 2281 4964 delegerit
2332 4911 2347 4949 :
2379 4907 2674 4949 commune
2712 4901 2896 4947 tamen
2931 4907 3074 4964 opus
3122 4894 3308 4950 cuncti
3347 4893 3610 4965 deinceps

280 4987 393 5063 μὲν
435 4988 537 5041 ἐπὶ
576 4984 878 5058 γεωργίαν,
924 4984 975 5037 οἱ
1008 4983 1065 5037 δὲ
1099 4982 1192 5038 ἐπὶ
1234 4981 1667 5055 θαλαττουργίαν
1710 4983 1902 5055 τρεπόε

2017 4983 2380 5051 ltabebimUs,
2443 4985 2750 5042 secundum
2806 4982 2902 5041 Dei
2960 4987 3280 5058 praescripta
3340 4986 3398 5042 in
3446 5002 3612 5043 omne

281 5096 476 5153 μενοι,
501 5079 560 5134 οἱ
588 5077 647 5132 δὲ
672 5077 759 5149 ἐφ’
789 5078 983 5150 ἥντινα
1002 5076 1207 5147 δήποτε
1232 5074 1453 5148 τέχνην,
1478 5076 1547 5148 ἢν
1580 5075 1647 5130 ἂν
1679 5076 1902 5141 ἕκαστος

2019 5091 2199 5133 aevum
2226 5076 2476 5133 futurum
2502 5078 2709 5135 vivere.
2746 5078 2928 5151 Atque
2957 5079 3076 5136 hac
3113 5078 3449 5138 conﬁrmans
3488 5079 3604 5135 ait:

282 5171 505 5243 μετιὼν
530 5169 785 5243 τυγχάνῃ
810 5186 822 5199 ·
860 5170 1040 5224 κοινὸν
1086 5171 1173 5226 δὲ,
1208 5169 1451 5233 ἅπαντες
1511 5168 1708 5241 ἕξομεν
1763 5170 1927 5240 ἔργον
1960 5166 2022 5224 τὸ
2042 5170 2185 5225 κατὰ
2238 5171 2301 5225 τὸ
2342 5171 2553 5227 δοκοῦνκ
2594 5172 2672 5245 τῷ
2697 5172 2818 5245 Θεῷ
2865 5172 3245 5228 πολιτεύεσθαι
3298 5171 3485 5229 λοιτῖδν
3528 5175 3612 5238 είς

279 5268 519 5323 ἅπαντα
560 5263 656 5319 τὸν
679 5256 807 5334 ἑξῆς
826 5262 1040 5335 χρόνον.
1064 5263 1178 5318 Καὶ
1206 5261 1540 5318 ὲπιὸεϐαιῶν
1564 5262 1705 5318 αὐτὰ
1738 5262 1901 5317 πάλιν
1931 5262 2084 5333 λέγει
2106 5279 2121 5294 °
3342 5312 3345 5315 ,

353 5360 522 5435 Στίχ.
560 5361 830 5430 ς¹οη⁹ι--«
851 5359 940 5413 Ἐν
960 5360 1081 5423 ταῖς
1098 5357 1335 5431 ἡμέραις
1349 5346 1608 5424 ἐκείναις.
1626 5358 1775 5429 λέγει
1797 5360 1902 5414 Κύ-

2093 5353 2264 5415 Vens.
2299 5357 2409 5414 6-8.
2435 5387 2508 5399 ——
2539 5376 2558 5410 ι
2596 5356 2796 5413 Diebus
2819 5355 3097 5415 illisulicit
3130 5346 3397 5412 Demintts
3420 5398 3436 5427 ,
3474 5369 3614 5413 con-

281 5452 686 5530 ριος,συνάξω
718 5451 823 5524 τὴν
859 5452 1358 5526 συντετριμμένην,
1398 5453 1494 5507 καὶ
1521 5452 1623 5523 τὴν
1650 5452 1902 5524 ἀπωσμέι

2022 5449 2263 5521 gregabo
2292 5463 2415 5504 eam
2446 5461 2571 5518 quae
2608 5442 2847 5502 contrita
2880 5453 2999 5512 est,
3022 5451 3090 5501 et
3126 5458 3249 5502 eam
3274 5454 3401 5516 quae
3433 5445 3609 5513 ejecta

278 5565 389 5623 νην
415 5543 768 5615 εἰσδέξομαι,
799 5544 896 5598 καὶ
923 5542 1019 5608 οὒς
1052 5542 1367 5616 ἀπωσάμην
1388 5558 1403 5572 °
1433 5542 1531 5597 καὶ
1556 5541 1797 5615 θήσομαι
1814 5543 1902 5615 τὴν

2019 5540 2203 5598 fuerat
2236 5539 2539 5610 suscipiam
2558 5577 2576 5605 ,
2615 5551 2718 5594 nec
2745 5552 2857 5592 non
2883 5550 3025 5608 quos
3058 5534 3393 5609 repuleram.
3424 5535 3487 5594 Et
3511 5554 3614 5609 po-

282 5636 788 5712 συντετριμμένην
843 5636 925 5702 είς
961 5636 1308 5709 ὑπόλειμμα,
1342 5635 1440 5690 καὶ
1458 5632 1902 5707 τὴνάπωσμένηκ

2023 5649 2150 5689 nam
2185 5632 2485 5689 contritam
2520 5630 2577 5686 in
2600 5629 2912 5697 residuum,
2929 5635 2986 5685 et
3009 5630 3287 5701 repulsam
3310 5629 3366 5686 in
3390 5639 3611 5702 gentem

2010 3967 2248 4032 valente,
2271 3977 2326 4024 et
2355 3968 2549 4040 patriis
2574 3967 2710 4026 locis
2743 3969 3089 4027 abstrahere.
3121 3957 3262 4026 Tum
3284 3969 3411 4041 quia
3436 3983 3603 4041 para-

2011 4057 2154 4114 doxa
2185 4060 2333 4115 dicta
2367 4060 2484 4116 haec
2513 4068 2697 4122 erant.
2735 4069 2886 4118 recte
2915 4061 3175 4119 addidit:
3215 4080 3234 4116 ι
3276 4061 3352 4119 Os
3386 4061 3603 4118 Domini

2009 4153 2408 4225 omnipotentis
2439 4154 2600 4225 187
2635 4155 2749 4211 haec
2779 4155 3021 4212 locutum
3043 4164 3166 4213 est:
3198 4173 3219 4209 ι
3247 4155 3462 4212 scilicet
3488 4155 3606 4212 haec

2011 4244 2158 4302 Deus
2187 4245 2433 4302 decrevit
2457 4248 2597 4311 ﬁeri,
2632 4248 2873 4319 ﬁentque
2904 4249 3153 4304 omnino.
3186 4266 3204 4300 ι
3244 4247 3387 4316 Quia
3409 4263 3605 4303 omnes

2011 4339 2198 4410 populi
2243 4339 2607 4394 ambulabunt
2655 4340 3043 4410 unusquisque
3091 4341 3147 4395 in
3195 4339 3282 4394 via
3322 4354 3455 4408 sua;
3502 4356 3605 4395 nos

2010 4436 2195 4484 autem
2232 4428 2640 4485 ambulabimus
2674 4429 2729 4485 in
2781 4430 3006 4487 nomine
3037 4428 3250 4486 Domini
3297 4428 3391 4487 Dei
3429 4432 3603 4486 nostri

2010 4519 2067 4575 in
2093 4526 2361 4576 aeternum
2397 4522 2454 4575 et
2497 4521 2661 4574 ultra.
2696 4538 2714 4572 ι
2748 4519 2974 4586 Omnes,
3006 4528 3195 4590 utpote
3219 4520 3276 4575 in
3307 4535 3443 4593 pace
3469 4536 3608 4577 eone

2010 4613 2215 4681 stituti,
2247 4628 2495 4685 congrua
2526 4612 2633 4669 sibi
2661 4623 2829 4684 opera
2861 4613 3084 4677 facient,
3118 4614 3212 4669 alii
3237 4614 3304 4669 ad
3334 4615 3449 4686 agri
3484 4617 3607 4670 cul-

280 5734 370 5800 εἰς
395 5734 568 5796 ἔθνος
599 5729 826 5802 ισχυρόν
844 5746 858 5760 ο
886 5729 983 5783 καὶ
1014 5726 1326 5800 βασιλεύσει
1360 5725 1569 5800 Κύριος
1594 5725 1684 5780 ἐπ’
1712 5726 1902 5789 αὐτοὺς

2023 5726 2288 5783 validam.
2323 5724 2389 5780 Et
2419 5722 2671 5795 regnabit
2706 5721 2974 5778 Dominus
3008 5736 3178 5796 super
3205 5737 3305 5779 eos
3337 5721 3394 5779 in
3423 5731 3614 5779 monte

279 5828 344 5883 ἑν
384 5823 517 5898 ὅρει
554 5823 721 5887 Σιὼν,
743 5821 853 5877 ἀπὸ
883 5820 978 5876 τοῦ
1010 5820 1108 5876 νῦν
1139 5820 1234 5877 καὶ
1264 5820 1370 5885 ἕως
1408 5820 1489 5883 είς
1530 5818 1623 5873 τὸν
1655 5817 1852 5872 αἰῶνα.
1891 5834 1902 5869 l

2027 5813 2162 5872 Sion
2184 5854 2199 5879 ,
2242 5813 2445 5870 abhinc
2480 5821 2536 5869 et
2566 5826 2746 5884 usque
2777 5811 2835 5867 in
2865 5818 3154 5868 aeternum.
3199 5830 3218 5865 ι
3260 5811 3417 5870 Tunc
3453 5818 3611 5883 sane.
3706 5834 3709 5837 ·

361 6005 415 6036 ³³
448 5975 603 6058 Psal.
640 6014 860 6059 cunt.
885 5998 940 6053 4.
