4118 6534
522 448 627 507 367

1688 404 2037 498 Tuéouonl
2068 437 2552 496 MOPSUESTENI

3686 432 3788 497 368

540 564 736 632 inquit,
762 561 1011 616 maximis
1048 560 1206 614 malis
1236 559 1475 622 attritos,
1515 564 1675 628 atque
1703 572 1731 610 a
1760 555 2099 627 providentia

2204 555 2335 606 Τότε
2365 556 2448 626 δὴ,
2474 556 2626 626 φησι,
2659 554 2783 617 τοὺς
2807 555 2915 629 (me
2927 548 3033 606 τῶν
3061 552 3331 625 μεγίστων
3358 551 3544 607 κακῶν
3575 568 3788 624 συντρι-

524 672 646 711 mea
677 655 1029 726 propriisque
1058 653 1279 709 sedibus
1321 652 1603 707 submotos
1624 692 1636 713 ,
1673 664 1866 706 rursus
1894 651 1946 704 in
1980 666 2105 720 per-

529 749 795 801 tinentem
827 746 891 799 ad
919 760 1015 800 eos
1052 743 1327 815 regionem
1359 740 1647 808 reducam;
1676 749 1729 796 et
1751 757 1845 798 eos
1874 742 1965 810 qui
2003 756 2102 794 an-

530 848 617 893 tea
643 837 979 908 pessumdati
1014 844 1194 900 erant,
1221 834 1387 888 tutela
1420 848 1536 887 mea
1564 832 1644 887 sic
1673 830 1977 887 custodiam
2002 871 2015 893 ,
2045 838 2106 884 ut

529 948 593 985 ex
657 930 744 984 bis
798 927 1160 983 lsraeliticum
1228 933 1403 979 totum
1458 938 1630 993 genus
1692 921 2103 992 propagandum

529 1023 707 1076 denuo
739 1023 828 1077 sit.
874 1020 987 1073 lloc
1033 1020 1177 1073 enim
1214 1012 2108 1082 (licitiresiduunn;potentiores-

436 1138 445 1148 κ
528 1132 635 1184 que
662 1129 769 1183 prze
801 1112 988 1165 multis
1010 1111 1292 1166 ostendam
1320 1150 1336 1173 ,
1368 1110 1459 1180 qui
1492 1096 1562 1163 ob
1595 1120 1747 1161 suam
1782 1118 1926 1158 nunc
1954 1101 2106 1155 inﬁr-

530 1204 776 1256 mitatem
811 1200 985 1271 patria
1018 1206 1146 1253 sunt
1175 1207 1441 1253 extorres.
1482 1193 1933 1263 Permanebitque
1967 1193 2107 1248 Deus

530 1295 583 1345 in
618 1300 801 1345 monte
838 1290 997 1351 Sion,
1030 1289 1324 1360 potentiam
1358 1303 1513 1343 suam
1545 1285 1927 1341 demonstrans
1956 1284 2108 1339 inco-

528 1383 702 1435 larmu
758 1382 1044 1444 tutzunizze,
1086 1396 1185 1433 nec
1234 1395 1340 1434 non
1385 1394 1545 1448 poma
1587 1392 1750 1448 quam
1789 1377 1870 1431 eis
1905 1375 2110 1430 inferre

529 1476 730 1531 bellum
777 1475 1087 1528 volentibus
1138 1472 1496 1540 impositurus
1522 1480 1624 1523 est.
1667 1468 1802 1523 Nam
1847 1468 1993 1538 quod
2036 1468 2110 1524 ait

531 1568 619 1622 «in
639 1573 1107 1635 mterttnm,ipatct
1152 1566 1325 1617 totum
1371 1575 1545 1616 aevum
1594 1560 1775 1614 die-“re
1807 1574 1906 1629 pro
1955 1559 2110 1613 valde

528 1658 643 1712 diu.
686 1656 872 1727 Neque
914 1656 1058 1709 enim
1086 1658 1436 1726 ignaramus,
1480 1669 1675 1707 rursus
1714 1668 1809 1706 cos
1853 1650 1957 1706 sub
1998 1649 2112 1703 Ma-

457 1806 465 1811 ,
528 1748 769 1803 elialezeis
800 1747 1145 1801 eversionem
1178 1746 1469 1815 quamdam
1506 1752 1790 1813 expertos,
1816 1743 2107 1794 maximam

530 1856 659 1895 vero
693 1848 746 1895 et
771 1854 1000 1911 prorsus
1031 1837 1444 1907 irreparabilem
1480 1847 1767 1904 postquam
1790 1877 1803 1898 ,
1837 1833 1908 1886 ob
1943 1847 2102 1887 suum

529 1932 794 1985 adversus
835 1928 1117 1983 Christum
1167 1925 1459 1979 Dominum
1491 1924 1730 1986 facinus,
1774 1937 1801 1976 a
1840 1920 2104 1974 Romanis

526 2022 872 2093 pertulerunt
909 2018 1307 2089 captivitatem,
1335 2015 1511 2086 patria
1536 2015 1702 2083 pulsi,
1729 2021 1784 2067 et
1806 2014 1857 2065 iu
1888 2011 2103 2066 diutina

525 2114 789 2167 servitute
823 2110 1135 2166 constituti.
1167 2108 1449 2163 Hactenus
1484 2107 1703 2177 quidem
1735 2105 1973 2160 reditum
2000 2102 2106 2156 Ba-

526 2207 722 2277 bylone
760 2212 951 2260 narrat
977 2202 1182 2274 populi,
1214 2210 1269 2256 et
1298 2218 1418 2272 quze
1462 2217 1558 2272 per
1600 2198 1732 2256 illud
1775 2198 1938 2268 188
1976 2204 2106 2251 ῐΘῐὩ-

527 2311 631 2366 pus
688 2297 1028 2350 obvenerunt
1082 2292 1131 2346 ei
1188 2291 1599 2361 prosperitates.
1661 2287 1924 2341 Posthinc
1976 2301 2104 2339 vero

524 2400 725 2439 rursus
760 2383 1134 2438 molestiarum
1170 2381 1301 2435 facit
1335 2366 1687 2443 mentionem",
1724 2377 1935 2431 futuras
1967 2377 2102 2431 alias

524 2490 856 2529 enumerans
877 2473 1237 2528 calamitates.
1265 2470 1633 2537 Quamobrem
1669 2469 1733 2522 ad
1760 2467 2100 2522 Hierusalem

524 2568 830 2622 orationem
862 2572 1208 2623 convertens,
1242 2564 1324 2619 sic
1357 2564 1468 2616 ait:
1495 2581 1513 2612 ι
1551 2561 1617 2615 Ει
1649 2570 1739 2625 ιιι,
1772 2561 1943 2614 turris
1980 2574 2100 2630 gre-

524 2660 627 2729 gis,
680 2657 938 2728 squalens
995 2656 1105 2710 lilia
1160 2654 1363 2709 Sionis.
1418 2674 1435 2704 ι
1476 2651 1631 2719 Quod
1692 2651 1856 2705 tiliam
1916 2647 2102 2704 Sionis

526 2750 863 2805 Hierusalem
898 2747 1162 2813 nominet,
1196 2747 1539 2816 exploratum
1572 2751 1677 2807 est,
1710 2744 1789 2797 sic
1825 2757 1943 2796 eam
1978 2755 2101 2811 per—

524 2849 687 2913 petuo
711 2841 989 2912 prophetis
1011 2855 1074 2893 ac
1094 2839 1255 2892 beato
1279 2837 1479 2891 Davide
1500 2835 1919 2906 appellantibus;
1938 2828 2111 2887 veluti

522 2948 649 2987 cum
682 2932 769 2986 hic
799 2931 932 2985 dicit
967 2947 980 2983 :
1022 2948 1039 2980 ι
1078 2927 1147 2982 Ut
1176 2922 1493 2981 annuntiem
1530 2941 1722 2979 omnes
1758 2923 2099 2979 laudationes

523 3034 648 3078 tuas
680 3024 733 3077 in
764 3022 937 3092 portis
977 3020 1100 3075 tiliae
1135 3018 1319 3073 Sionis
1351 3018 1420 3071 ⁸³.
1468 3036 1487 3068 ι
1532 3017 1900 3085 Quamobrem
1938 3019 2100 3071 indu~

521 3116 672 3169 bium
703 3122 820 3179 est,
854 3127 961 3167 non
1002 3110 1067 3166 ad
1103 3110 1387 3165 Sedeeiam
1412 3151 1425 3173 ,
1459 3111 1603 3181 quod
1636 3110 1885 3164 nonnulli
1914 3111 2100 3164 nescio

2207 645 2445 713 δέπας..
2463 647 2556 700 καί
2575 648 2675 717 τῆς
2703 663 2761 699 τε
2788 644 3044 717 προνοίας
3065 646 3162 716 τῆς
3196 645 3333 716 ἐμῆς
3362 644 3456 699 καὶ
3481 644 3590 696 τῶν
3611 644 3790 697 τόπων

2207 737 2552 800 ἀποστάντας
2572 736 2677 789 τῶν
2710 737 2873 799 ἰδίων,
2904 736 3157 799 ἐπανάξω
3194 734 3352 788 πάλιν
3383 737 3463 797 εἰς
3494 734 3621 796 τοὺς
3660 731 3792 786 καθ-

2208 827 2440 896 ήκοντας
2466 826 2666 889 τόπους
2688 843 2701 855 ·
2737 826 2831 878 καὶ
2847 824 2972 887 τοὺς
2998 826 3095 894 μὲν
3110 825 3369 896 πρότερον
3403 824 3794 896 συντετριμμέ-

2208 934 2330 979 νους
2355 915 2498 970 οὕτω
2519 919 2583 988 τῇ
2615 917 2852 988 ἐμαυτοῦ
2888 902 3199 985 summa.)
3220 917 3464 988 προνοίᾳ,
3490 916 3629 968 ὥστε
3648 915 3793 969 διπαν

2208 1008 2268 1061 τὸ
2299 1008 2454 1076 γένος
2479 1009 2539 1060 τὸ
2568 1008 2958 1080 Ἰσραηλιτικὸν
2978 1008 3038 1073 ἐξ
3066 1009 3247 1062 αὐτῶν
3271 1007 3573 1077 αὐξηθῆναι
3596 1005 3755 1060 πάλιν
3774 1023 3789 1037 °

2209 1098 2367 1151 τοῦτο
2409 1097 2517 1170 γὰρ
2571 1098 2719 1166 λέγει
2753 1117 2772 1151 ι
2824 1099 3170 1167 ὑπόλειμμα·
3215 1117 3233 1149 ι
3277 1097 3681 1167 δυνατωτέρους
3731 1113 3791 1149 τε

2211 1190 2420 1243 πολλῶν
2468 1191 2733 1261 ἀποφανῶ
2782 1192 2906 1253 τοὺς
2939 1190 3005 1242 δι’
3036 1191 3315 1244 ἀσθένειαν
3357 1189 3451 1241 νῦν
3478 1188 3584 1242 τῶν
3611 1188 3790 1241 τόπων

2212 1281 2485 1351 ἀποϐληθέ
2501 1300 2620 1345 θτας
2649 1281 2758 1334 τῶν
2777 1282 2993 1335 οἰκείων
3010 1299 3021 1311 ·
3057 1282 3303 1353 διαμενεῖ
3329 1298 3385 1334 τε
3412 1280 3544 1343 Θεὸς
3578 1281 3670 1332 ἐπὶ
3697 1278 3788 1337 τοῦ

2210 1374 2370 1444 ὅρους
2399 1372 2492 1425 τοῦ
2524 1372 2684 1437 Σιὼν,
2730 1373 2805 1443 (p.
2841 1372 2989 1447 286)_
3020 1373 3080 1427 τὸ
3115 1373 3313 1444 κράτος
3356 1370 3792 1442 ἐπιδεικνύμενος

2211 1468 2270 1520 τὸ
2304 1470 2503 1521 οἰκεῖον
2530 1468 2616 1521 διὰ
2630 1468 2729 1538 τῆς
2753 1467 2881 1538 περί
2908 1469 3037 1532 τοῦς
3069 1467 3410 1530 ἐνοικοῦντας
3438 1466 3790 1537 κηδεμονίας,

2212 1560 2308 1630 τῆς
2321 1577 2378 1612 τε
2406 1560 2674 1631 τιμωρίας
2708 1556 2773 1630 ἣν
2796 1560 3021 1627 ἐπάγειν
3044 1558 3224 1630 μέλλει
3250 1561 3360 1622 τοῖς
3396 1558 3649 1628 πολεμεῖν
3677 1557 3792 1612 ἐθέ-

2212 1652 2393 1704 λουσιν
2412 1653 2592 1715 αὐτοῖς
2610 1669 2622 1681 ·
2642 1653 2701 1704 τὸ
2718 1653 2826 1722 γὰρ
2852 1671 2871 1703 ‹
2893 1638 3109 1715 καιὲως
3131 1654 3208 1715 εἰς
3222 1651 3308 1704 τὸν
3324 1651 3515 1711 αἰῶνα,
3533 1670 3550 1701 ι
3574 1649 3791 1722 εὐδηλον

2212 1744 2291 1795 ὅτι
2321 1744 2387 1795 δι’
2420 1743 2539 1795 ὅλου
2575 1744 2636 1795 τὸ
2664 1743 2822 1813 μέχρι
2851 1738 3046 1794 πολλοῦ
3072 1741 3254 1809 λέγει’
3287 1743 3346 1793 οὐ
3372 1740 3479 1811 γὰρ
3501 1740 3692 1810 ἄδηλον
3717 1739 3792 1803 ὡς

2214 1834 2458 1900 ἐδέξαντο
2496 1834 2593 1904 μέν
2617 1851 2736 1887 τινα
2772 1833 2930 1886 πάλιν
2969 1831 3061 1885 ἐπὶ
3086 1831 3194 1884 τῶν
3224 1831 3599 1885 Μακκαϐαἰων
3630 1846 3793 1899 μετα-

2208 1928 2389 1998 ϐολὴν,
2444 1928 2705 1998 μεγίστην
2744 1926 2800 1979 δὲ
2849 1926 2943 1979 καί¹
2985 1924 3309 1994 ἀδιόρθωτον
3346 1921 3646 1985 παντελῶς,
3704 1921 3793 1974 ὅτε

2206 2016 2347 2069 κατὰ
2377 2016 2471 2069 τοῦ
2500 2016 2768 2069 Δεσπότου
2814 2013 3052 2085 Χριστοῦ
3093 2012 3507 2083 τετολμηκότες,
3538 2011 3637 2081 τὴν
3689 2008 3792 2062 ὐπὸ

2217 2108 2502 2179 Ῥωμαίων
2527 2108 2825 2178 ὑπέμειναν
2859 2105 3236 2178 αἰχμαλωσίαν
3266 2104 3566 2168 παντελῶς,
3607 2105 3707 2173 τῆς
3733 2120 3791 2155 τε

2204 2202 2307 2271 γῆς
2325 2200 2693 2272 ὲξορισθέντες
2713 2201 2811 2270 τῆς
2827 2200 3053 2265 οἰκείας,
3083 2200 3179 2253 καὶ
3204 2202 3260 2252 ἐν
3280 2198 3489 2270 δουλείᾳ
3519 2194 3791 2251 καθεστῶ-

2204 2312 2292 2356 τες
2316 2295 2504 2365 μακρᾷ
2523 2310 2536 2323 θ
2567 2294 2725 2363 μέχρι
2750 2293 2805 2346 δὲ
2822 2292 3011 2346 τούτου
3041 2290 3137 2362 τὴν
3156 2290 3265 2343 ἀπὸ
3297 2288 3615 2353 Βαϐυλῶνος
3637 2288 3794 2342 ἐπάν-

2211 2386 2329 2438 οδον
2378 2386 2525 2453 λέγει
2559 2383 2650 2437 τοῦ
2692 2384 2844 2450 λαοῦ,
2872 2384 3027 2437 τά·τε
3082 2383 3200 2436 κατ’
3238 2383 3442 2435 ἐκεῖνον
3473 2381 3563 2434 τὸν
3599 2379 3791 2452 καιρὸν

2204 2479 2385 2541 αὐτοῖς
2412 2477 2788 2548 προσεσόμενα
2820 2477 3018 2545 ἀγαθά.
3077 2474 3356 2530 Ἐντεῦθεν
3396 2474 3451 2527 δὲ
3499 2473 3658 2527 πάλιν
3684 2471 3794 2525 τῶν

2204 2568 2464 2641 λυπηρῶν
2513 2572 2745 2623 ποιεῖται
2802 2568 2899 2639 τὴν
2941 2568 3197 2639 μνήμην,
3233 2568 3331 2631 τὰς
3365 2565 3796 2635 ἐπελευσομένας

2204 2664 2388 2724 αὐτοῖς
2435 2659 2717 2730 συμφορὰς
2773 2659 3164 2730 διηγούμενος·
3229 2657 3349 2711 ὅθεν
3404 2657 3467 2728 δὴ
3507 2657 3640 2728 πρὸς
3692 2656 3795 2727 τὴν

2214 2751 2251 2805 ’ἴ
2258 2771 2279 2804 ε
2290 2771 2381 2823 ρου
2391 2750 2523 2823 σαλῆ
2532 2770 2569 2821 μ
2596 2752 2761 2823 αὐτὴν
2779 2752 3142 2823 ἀποστρέφων
3165 2750 3255 2803 τὸν
3266 2750 3443 2817 λόγον,
3464 2748 3605 2802 οὓτω
3622 2748 3755 2818 φησί
3777 2764 3791 2775 ·

2209 2861 2227 2893 ι
2269 2843 2378 2895 Καὶ
2398 2844 2461 2895 σὺ
2487 2842 2691 2912 πύργος
2720 2842 2991 2912 ποιμνίου,
3021 2839 3311 2911 αὐχμώδης
3330 2839 3573 2910 θυγάτηρ
3595 2837 3787 2894 Σιών.»

2205 2935 2327 2987 ’Ὁτι
2360 2934 2605 3005 θυγάτηρ
2636 2933 2772 2987 Σιὼν
2789 2934 2888 3003 τὴν
2929 2931 3279 3004 Ἰερουσαλὴμ
3302 2930 3580 3003 ὀνομάζει,
3612 2930 3791 3001 δῆλον,

2205 3027 2447 3095 συνεχῶς
2487 3026 2580 3077 καὶ
2610 3023 2717 3075 τῶν
2742 3022 3036 3093 προφητῶν
3072 3021 3165 3078 καὶ
3196 3020 3290 3073 τοῦ
3338 3020 3603 3091 μακαρίου
3630 3019 3797 3074 Δαυτδ

2202 3113 2375 3177 οὕτως
2400 3112 2565 3180 αὐτὴν
2600 3112 2893 3176 καλοῦντος
2914 3130 2926 3143 ⁸
2954 3113 3028 3176 ὡς
3051 3112 3127 3166 ὅτ’
3158 3111 3224 3166 ἂν
3252 3111 3383 3183 λέγῃ
3408 3130 3423 3145 ·
3452 3131 3470 3162 ‹
3507 3112 3695 3176 Ὅπως
3725 3110 3797 3165 ἂν

522 3222 621 3261 cur
649 3207 752 3261 sibi
786 3209 1204 3276 persuaserunt,
1241 3201 1336 3258 sed
1373 3202 1437 3256 ad
1475 3200 1815 3256 Hierusalem
1852 3203 2095 3255 converti

2206 3203 2505 3273 ἐξαγγείλω
2560 3204 2740 3267 πάσας
2788 3204 2887 3267 τὰς
2945 3204 3177 3266 αἰνέσεις
3218 3220 3336 3267 σου,
3362 3203 3429 3255 ἐν
3449 3204 3568 3267 ταῖς
3595 3201 3796 3266 πύλαις

523 3300 612 3353 hic
639 3313 669 3352 a
698 3298 964 3368 propheta
991 3309 1299 3351 sermonem
1323 3312 1336 3361 ;
1368 3308 1531 3365 quam
1558 3308 1682 3347 cum
1713 3293 1880 3347 ﬁliam
1911 3292 2098 3347 Sionis

521 3391 590 3446 de
628 3402 780 3443 more
825 3387 1074 3453 dixisset,
1108 3386 1300 3441 merito
1345 3387 1539 3439 turrim
1575 3385 1756 3456 gregis
1788 3395 2097 3456 nuncupat,

524 3488 712 3552 utpote
752 3482 894 3535 inter
920 3494 1110 3534 omnes
1148 3478 1475 3535 lsraeliticas
1500 3479 1666 3534 urbes
1706 3480 2016 3544 eelsiorem,
2046 3487 2101 3534 et

474 3563 487 3575 ’
521 3578 743 3643 propter
783 3571 1029 3627 omnium
1072 3570 1138 3624 ad
1174 3585 1295 3625 eam
1336 3584 1689 3634 concursum,
1729 3570 1846 3624 sive
1882 3570 1952 3624 ob
1989 3570 2099 3623 illic

520 3662 884 3719 exercendum
912 3661 1003 3717 Dei
1030 3661 1261 3726 cultum,
1283 3662 1396 3715 sive
1422 3661 1492 3715 ob
1513 3660 1775 3714 auxilium
1802 3661 1947 3731 quod
1974 3661 2100 3716 inde

522 3755 832 3827 sperabant.
873 3754 1000 3826 quia
1034 3752 1177 3808 Deus
1210 3753 1323 3809 illic
1356 3753 1607 3810 habitare
1640 3753 2094 3822 praesumebatur.

522 3845 872 3917 Squalentem
924 3845 1317 3899 contumeliose
1357 3843 1525 3911 dicit,
1558 3844 1707 3898 velut
1752 3845 1961 3914 peccati
1989 3860 2098 3915 pte-

520 3937 653 3992 dore
682 3936 937 3997 obsitam,
966 3944 1018 3988 et
1053 3935 1203 4005 gregi
1230 3935 1297 3990 ad
1327 3934 1523 3990 vitium
1560 3935 1762 3990 factam
1792 3940 2093 4007 exemplar,

520 4043 644 4082 eum
672 4035 865 4081 contra
888 4033 1160 4096 oporteret
1200 4025 1266 4079 ad
1300 4026 1558 4081 virtutem
1616 4028 1837 4098 praeire.
1886 4048 1905 4082 ι
1944 4030 2095 4085 Con-

520 4129 606 4173 tra
639 4125 693 4172 te
727 4118 929 4182 veniet,
961 4125 1016 4170 et
1064 4115 1404 4184 ingredietur
1475 4116 1817 4190 principatus
1854 4110 2092 4190 primus,

519 4223 746 4279 regnum
800 4207 1109 4279 Babylonis,
1156 4223 1193 4262 ο
1243 4208 1349 4263 ﬁlia
1401 4207 1763 4270 Hierusalem.
1800 4232 1819 4264 ι
1867 4213 2097 4284 Propter

474 4332 485 4341 —
519 4300 719 4355 delicta
749 4300 891 4370 apud
927 4308 977 4355 te
1005 4308 1217 4371 patrata
1241 4340 1255 4365 ,
1287 4303 1637 4370 superveniet
1670 4305 1767 4360 tibi
1820 4308 2095 4364 maximus

519 4390 787 4461 valdeque
815 4398 1007 4462 potens
1044 4407 1139 4446 rex
1186 4391 1478 4464 Babylonis
1499 4434 1513 4459 ,
1543 4395 1640 4465 qui
1671 4397 1766 4451 tibi
1793 4399 1921 4452 talia
1957 4398 2095 4454 infe-

520 4492 603 4538 ret
635 4484 774 4538 mala
800 4484 985 4555 qualia
1033 4499 1063 4537 a
1111 4485 1348 4555 potentis
1380 4487 1525 4557 regis
1563 4488 1797 4543 adventu
1842 4490 1958 4547 ﬁeri
1994 4507 2096 4563 par

517 4585 623 4632 est.

2203 3298 2300 3367 τῆς
2322 3296 2589 3367 θυγατρὸς
2614 3295 2751 3348 Σιών
2768 3311 2781 3324 ’
2796 3315 2815 3347 ι
2849 3296 2923 3358 ὡς
2940 3297 3040 3348 ἀνα
3049 3295 3306 3367 μφίϐολον
3326 3291 3463 3348 εῖναι
3487 3295 3547 3347 τὸ
3566 3295 3638 3365 μὴ
3655 3293 3797 3365 πρὸς

2203 3388 2475 3451 Σεδεκίαν,
2502 3389 2530 3440 ὅ
2550 3405 2692 3451 τινες
2718 3389 2816 3441 οὐκ
2838 3382 2935 3440 οἶδ’
2960 3388 3106 3450 ὅπως
3135 3385 3413 3457 ᾠήθησαν,
3441 3386 3577 3456 πρὸς
3607 3385 3664 3438 δὲ
3690 3385 3795 3455 τὴν

2213 3478 2572 3549 Ἰερουσαλὴμ
2607 3477 3020 3548 ἀποστρέφοντα
3076 3476 3344 3529 ποιεῖσθαι
3378 3477 3469 3529 τὸν
3513 3475 3670 3543 λόγον
3703 3475 3795 3530 ἐν-

2203 3572 2328 3626 θάδε
2352 3571 2444 3624 τὸν
2474 3571 2760 3641 προφήτην
2784 3586 2799 3600 υ
2835 3572 2908 3637 (p.
2940 3568 3069 3637 287)
3102 3569 3167 3638 ἣν
3198 3567 3473 3640 θυγατέρα
3495 3566 3632 3621 Σιὼν
3646 3567 3795 3621 κατὰ

2199 3664 2261 3716 τὸ
2314 3662 2505 3725 εἰωθὸς
2559 3659 2859 3733 προειπὼν,
2897 3660 3119 3724 εἰκότως
3163 3660 3372 3733 πύργον
3405 3660 3662 3730 ὀνομάζει
3690 3661 3791 3715 τοῦ

2202 3755 2485 3825 ποιμνίου’
2532 3754 2626 3807 ἅτε
2695 3753 2910 3806 πάντων
2954 3751 3060 3805 τῶν
3099 3752 3449 3824 Ἰσραηλιτῶν
3499 3751 3796 3823 ἐξέχουσαν

2201 3850 2293 3901 καὶ
2351 3849 2567 3902 πάντων
2620 3846 2706 3900 ἐπ’
2762 3846 2930 3916 αὐτὴν
2989 3845 3454 3916 κατατρεχόντων,
3490 3846 3579 3899 διά
3608 3862 3667 3898 τε
3688 3845 3794 3917 τὴν

2200 3940 2597 4011 ἐκτελουμένην
2650 3937 2839 3992 αὐτόθι
2909 3936 2987 4007 τῷ
3036 3936 3155 4007 Θεῷ
3199 3938 3515 4007 θεραπείαν,
3557 3937 3649 3990 καὶ
3686 3937 3795 4008 τὴν

2201 4032 2453 4102 βοήθειαν
2473 4023 2541 4101 ἦς
2561 4028 2788 4099 ἤλπιζον
2813 4028 3024 4083 ἐκεῖθεν
3078 4028 3387 4099 τυγχάνειν,
3421 4028 3496 4092 ὡς
3532 4030 3647 4081 ἐκεῖ
3671 4028 3795 4083 διά-

2198 4140 2314 4192 γειν
2336 4121 2742 4193 ὑπειλημμένου
2766 4121 2859 4174 τοῦ
2887 4121 3021 4174 Θεοῦ
3042 4140 3056 4153 ·
3090 4120 3348 4193 αὐχμώδη
3378 4122 3433 4176 δὲ
3463 4123 3632 4194 αὐτὴν
3647 4123 3795 4178 ὀνει-

2196 4216 2358 4280 δίζων
2388 4216 2573 4285 φησιν,
2595 4214 2669 4277 ὡς
2706 4213 2861 4284 δίκην
2886 4214 3096 4284 αὐχμοῦ
3129 4217 3196 4286 τῇ
3227 4214 3451 4286 ἀσεϐείᾳ
3492 4216 3793 4287 συνεχομέ⁶

2197 4322 2294 4377 νην
2318 4345 2331 4370 ,
2358 4304 2449 4357 καί
2478 4303 2541 4372 δὴ
2577 4303 2740 4357 παντί
2771 4302 2849 4374 τῷ
2881 4303 3116 4372 ποιμνίῳ
3148 4302 3257 4356 τῶν
3288 4304 3545 4377 χειρόνων
3576 4304 3793 4374 κατάρ-

2196 4414 2417 4470 χουσαν,
2441 4396 2560 4450 δέον
2602 4397 2659 4448 ἐν
2708 4397 2820 4459 τοῖς
2863 4396 3167 4467 κρείττοσιν
3215 4398 3483 4468 ἡγεῖσθαι.
3516 4417 3535 4450 r
3577 4398 3701 4451 Ἐπὶ
3723 4399 3793 4453 σὲ

2195 4488 2336 4558 ἥξει,
2363 4487 2457 4540 καὶ
2489 4486 2857 4540 εἰσελεύσεται
2893 4489 2927 4557 ἡ
2973 4487 3114 4558 ἀρχὴ
3155 4488 3187 4557 ἡ
3230 4487 3418 4560 πρώτη
3454 4488 3697 4559 βασιλεία
3718 4491 3794 4546 ἐκ

2128 4581 2172 4635 D
2200 4578 2539 4640 Βαϐυλῶνος,
2598 4580 2664 4649 τῇ
2708 4577 3365 4649 θυγατρί’”1ερουσαλήμ.
3407 4599 3425 4631 ι
3468 4581 3639 4651 Ύπέρ
3671 4581 3792 4653 γὰρ

516 4669 622 4721 τῶν
649 4668 709 4719 οὐ
743 4666 970 4720 δεόντων
999 4668 1057 4721 ὲν
1081 4669 1163 4720 σοι
1202 4670 1610 4740 πραττομένων,
1641 4672 1993 4729 ἐπελεύσεταί
2033 4694 2114 4731 σοι
2151 4673 2401 4748 βασιλεὺς
2464 4670 2719 4740 μέγιστος
2768 4673 2861 4723 καὶ
2904 4671 3043 4740 ἄγαν
3074 4672 3297 4736 δυνατὸς
3326 4675 3353 4726 ὁ
3379 4675 3479 4745 τῆς
3520 4673 3790 4728 Βαϐυλῶ-

517 4775 625 4820 νος,
662 4757 720 4820 ὃς
740 4758 983 4828 διαθήσει
1016 4772 1097 4822 σε,
1130 4755 1217 4811 οἷα
1265 4760 1411 4825 εἰκὸς
1458 4761 1682 4817 δυνατὸν
1727 4765 2095 4836 ἐπεληλυθότα
2131 4767 2305 4822 ποιεῖν
2338 4760 2584 4833 βασιλέα.

590 4847 758 4903 Vsus.
798 4850 853 4912 9,
888 4848 976 4902 10.
1004 4880 1072 4890 -
1095 4868 1113 4901 ί
1152 4850 1217 4904 Ει
1240 4867 1385 4908 nunc
1413 4870 1512 4910 cur
1542 4857 1596 4911 in
1622 4858 1782 4913 malis
1816 4860 2095 4916 versaris?

515 4936 709 4992 Nonne
739 4936 836 4991 tibi
865 4952 958 4992 rex
986 4947 1112 4993 tuus
1145 4943 1296 4996 erat?
1342 4943 1446 4999 Aut
1479 4947 1771 5002 consilium
1803 4956 1957 5004 tuum
1997 4965 2093 5020 pe-

519 5031 628 5092 riil,
669 5028 934 5099 quoniam
974 5036 1026 5085 te
1063 5043 1402 5103 occuparunt
1440 5037 1657 5094 dolores
1703 5041 1861 5108 quasi
1903 5050 2094 5111 partu—

520 5121 755 5176 rientis?
784 5140 804 5173 ι
843 5121 963 5177 Jam
990 5138 1122 5177 vero
1167 5140 1266 5177 cur
1294 5133 1350 5180 tu
1380 5129 1433 5181 in
1470 5129 1614 5183 mala
1655 5137 1804 5184 tanta
1836 5132 2093 5201 prolapsa

514 5214 613 5267 es?
644 5211 908 5285 Equidem
941 5224 996 5271 et
1032 5231 1215 5288 regem
1256 5221 1517 5285 habebas,
1554 5223 1648 5291 qui
1683 5222 1779 5275 tibi
1821 5223 1932 5278 dux
1968 5224 2093 5279 belli

515 5305 887 5377 defensorque
920 5318 1098 5375 esset;
1135 5325 1299 5380 quem
1330 5320 1383 5367 et
1408 5313 1616 5369 ideirco
1649 5314 1778 5369 olim
1810 5316 2053 5386 elegeras
2074 5357 2088 5381 ,

514 5398 765 5468 deposito
786 5397 1088 5470 (Samuele)
1127 5416 1291 5470 quem
1325 5416 1426 5472 ego
1452 5403 1551 5457 tibi
1582 5403 1855 5458 dominari
1883 5406 2095 5461 consti-

516 5500 747 5544 tueram.
779 5488 918 5544 Tum
947 5492 1114 5546 etiam
1138 5493 1405 5562 plurimos
1432 5494 1577 5564 apud
1613 5503 1669 5549 te
1698 5495 1897 5552 habere
1927 5503 2090 5566 puta-

515 5580 615 5636 bas
644 5580 934 5650 prudentia
965 5588 1289 5653 prastautes
1316 5586 1490 5641 viros.
1539 5585 1828 5651 Quomodo
1857 5603 1991 5660 ergo
2030 5589 2086 5644 in

515 5672 658 5726 mala
682 5679 836 5727 tanta
866 5673 1147 5729 ineurristi
1168 5713 1184 5742 ,
1216 5676 1417 5748 quibus
1444 5672 1695 5750 correpta
1728 5680 1864 5737 nihil
1895 5680 2081 5739 differs

585 5846 807 5902 “Psal.
842 5861 920 5913 nr,
967 5846 1053 5901 £5.

2257 4856 2405 4925 Στίχ.
2435 4854 2501 4917 θ’,
2534 4850 2586 4907 ι’.
2620 4881 2690 4893 -—
2732 4871 2750 4905 ι
2779 4853 2890 4907 Καὶ
2928 4853 3022 4907 νῦν
3068 4853 3154 4908 ἵνα
3195 4854 3249 4906 τί
3284 4854 3455 4924 ἔγνως
3486 4856 3653 4922 κακά;
3701 4861 3790 4934 μὴ

2198 4950 2450 5021 βασιλεὺς
2508 4948 2608 5000 οὐκ
2656 4942 2724 5019 ἦν
2792 4964 2910 5014 σοι;
2963 4945 2995 5016 ἣ
3039 4948 3072 5018 ἡ
3127 4946 3287 5017 βουλή
3339 4965 3432 5002 σου
3489 4950 3786 5020 ἀπώλετο;

2195 5042 2276 5094 ὅτι
2352 5038 2767 5109 κατεκράτησαν
2819 5054 2912 5115 σου
2984 5036 3171 5103 ὠδῖνες
3235 5037 3311 5102 ὡς
3368 5040 3679 5112 τικτούσης.
3752 5062 3780 5097 ι

2205 5131 2365 5185 una:
2417 5130 2525 5202 γάρ
2562 5132 2699 5202 ὑπὲρ
2735 5131 2896 5192 ὅτου,
2942 5130 3135 5201 φησιν,
3203 5133 3283 5194 εἰς
3344 5133 3605 5204 τοσαύτην
3665 5153 3781 5191 κα-

2194 5224 2305 5277 κῶν
2370 5223 2709 5295 κατηνέχθης
2753 5226 2986 5296 πεῖραν;
3029 5226 3064 5296 ἥ
3111 5241 3173 5295 γε
3228 5227 3323 5280 καὶ
3366 5225 3592 5297 βασιλέα
3649 5229 3789 5283 ἐκέ-

2192 5332 2362 5385 κτησο
2409 5316 2737 5387 στρατηγεῖν
2786 5316 2844 5367 ὲν
2888 5317 2999 5378 τοῖς
3046 5315 3187 5388 ὑπὲρ
3224 5315 3317 5369 σοῦ
3366 5317 3620 5389 πολέμοις
3683 5326 3792 5382 δυ-

2197 5405 2661 5477 νάμεννονοὸνκαὶ
2676 5406 2761 5457 ἐπ’
2796 5405 2943 5477 αὐτῷ
2992 5424 3057 5475 γε
3088 5407 3230 5460 εἵλου
3278 5408 3450 5480 τούτῳ
3488 5428 3773 5482 παραγρα-

2185 5497 2403 5569 ῲαμέφη
2430 5498 2522 5551 τὸν
2549 5496 2737 5569 ἄρχειν
2763 5498 2894 5568 παρ’
2925 5498 3061 5567 ἐμοῦ
3095 5500 3424 5569 τεταγμένον
3450 5501 3603 5573 ὑμῶν
3634 5521 3647 5535 ο
3677 5507 3789 5561 καὶ

2189 5590 2249 5643 ἐν
2311 5589 2520 5643 συνέσει
2550 5589 2607 5641 δὲ
2648 5588 3028 5658 πρωτεύοντας
3066 5592 3328 5666 ἐκέκτησο
3358 5595 3666 5665 πλείστους,
3695 5597 3785 5664 ῶς

2190 5680 2330 5754 ᾤου·
2368 5681 2488 5745 πῶς
2542 5674 2636 5734 οὖν
2668 5681 2776 5733 ὐπὸ
2817 5681 3152 5752 τηλικούτων
3198 5686 3549 5761 περιείληψαι
3567 5695 3795 5764 κακῶν,

3842 2984 3871 2994 α
