4118 6464
326 421 445 477 369

1296 420 1853 477 COMMENTARIUS
1891 417 1957 471 lN
2004 416 2313 476 mentea;
2346 404 2521 479 'CAP.
2588 418 2668 482 Iv.

3545 427 3651 482 ὃἹο

331 536 433 609 ὑφ’
485 532 565 594 ὧν
607 539 998 609 κεκρατημένη
1047 538 1379 603 διαλλάττεις
1421 541 1571 615 οὐδὲν
1614 541 1704 594 ἐπὶ
1739 539 1947 610 τοκετῷ

2069 555 2081 591 ι
2118 539 2280 610 189
2333 541 2565 596 muliere
2615 543 2670 596 in
2699 551 2856 612 partu
2894 543 3151 599 dolente?
3199 560 3323 614 qua:
3365 557 3648 612 nunquam

331 631 610 700 γυναικὸς
635 630 965 702 ὠδινούσης;
1002 625 1076 687 ὧν
1098 633 1197 685 οὐκ
1215 632 1278 687 ἄν
1294 650 1423 686 ποτε
1456 636 1651 704 πεῖραν
1685 634 1951 703 εἰλήφεις,

333 726 386 777 εί
435 726 557 788 τοῖς
610 724 865 794 νομίμοις
933 722 1265 789 ἐσπούδαζες
1321 724 1548 778 ἔπεσθαι
1600 728 1711 789 τοῖς
1769 727 1951 796 ὲμοῖς’

334 822 421 888 (p.
460 816 595 890 289)
648 818 787 888 ὅπερ
821 816 1014 888 ἐπειδὴ
1070 818 1144 889 μὴ
1190 818 1520 889 πεποίηκας,
1562 838 1581 869 ι
1622 819 1823 882 Ὤδινε,
1862 820 1956 879 καὶ

334 910 628 981 ἀνδρίζου,
667 911 762 963 καὶ
793 910 1003 980 ἔγγιζε,
1029 910 1267 981 θύγατερ
1299 910 1457 977 Σιὼν,
1490 902 1619 983 ὡξή
1643 911 1951 965 τίκτουσα.»

347 1003 638 1074 ’Υπόμενε
660 1002 760 1066 τὰς
788 1003 1144 1072 ἐπικειμένας
1173 1003 1388 1068 ὠδῖνας,
1413 1004 1509 1056 καὶ
1530 1006 1586 1057 ὲν
1617 1004 1810 1067 αὑταῖς
1842 1003 1957 1057 δια-

336 1096 619 1167 καρτέρει
642 1095 800 1167 δίκην
824 1094 1137 1167 τικτούσης,
1159 1097 1595 1167 προσεγγίζουσα
1622 1100 1740 1160 ταῖς
1770 1100 1835 1150 ὲκ
1863 1098 1957 1150 τοῦ

334 1189 561 1243 τίκτειν
594 1189 835 1253 ὠδίναις.
876 1207 894 1241 ι
934 1189 1079 1241 Διότι
1112 1189 1202 1242 νῦν
1236 1188 1494 1261 ἐξελεύσῃ
1522 1191 1585 1242 ὲκ
1612 1189 1839 1253 πόλεως,
1865 1190 1958 1242 καὶ

336 1281 810 1353 κατασκηνώσεις
839 1284 898 1335 ὲν
927 1281 1114 1352 πεδίῳ,
1147 1283 1242 1334 καὶ
1272 1281 1424 1354 ἥξεις
1453 1281 1558 1345 ἕως
1578 1281 1947 1344 Βαϐυλῶνος..

336 1372 541 1444 Πέρας
560 1373 672 1444 γὰρ
705 1373 896 1442 εἴληφε
951 1372 1020 1425 τὰ
1050 1371 1190 1425 κατὰ
1226 1371 1306 1437 σὲ,
1337 1373 1428 1425 καὶ
1463 1371 1714 1442 ληφθησῃ
1764 1372 1861 1440 μὲν
1897 1372 1958 1423 ἐκ

336 1468 444 1537 τῆς
478 1466 695 1529 πόλεως
725 1469 806 1529 είς
836 1465 1216 1536 αἰχμαλωσίαν
1246 1480 1261 1494 ⁸
1292 1466 1616 1535 ἀπαγομένη
1647 1464 1703 1516 δὲ
1728 1465 1805 1526 είς
1832 1463 1985 1529 τοὺς,

335 1558 618 1628 τυχόντας
633 1556 855 1622 τόπους,
884 1548 1195 1629 ὲρῤιμμένη
1225 1556 1447 1622 διάξεις,
1470 1552 1556 1609 οἷα
1588 1556 1733 1619 εἰκὸς
1756 1554 1961 1625 αἰχμάε-

336 1650 524 1714 λωτος
589 1650 933 1720 ἐπαγομένη,
988 1649 1148 1720 ἄχρις
1199 1648 1267 1703 ἂν
1319 1650 1401 1712 είς
1458 1648 1627 1720 αὐτὴν
1662 1648 1839 1717 γένοιο
1859 1648 1960 1716 τὴν

338 1742 680 1809 Βαϐυλῶνα,
739 1745 798 1796 ὲν
846 1737 992 1817 ᾗπερ
1036 1742 1245 1811 διάγειν
1278 1759 1336 1795 σε
1373 1742 1511 1812 μετὰ
1544 1742 1643 1813 τῆς
1670 1742 1966 1811 συμφορᾶς

337 1836 573 1907 ἀνάγκη
629 1835 728 1906 τῆς
778 1835 988 1899 οίκείας
1017 1853 1031 1866 ·
1074 1830 1194 1888 εἶτα
1253 1836 1351 1905 τὴν
1390 1834 1662 1906 τιμωρίαν
1700 1833 1958 1905 εἰρηκὼς,

2064 648 2289 709 experta
2331 638 2553 705 fuisses,
2587 640 2634 695 si
2676 640 2846 709 legem
2891 657 3068 694 meam
3113 639 3515 695 observandam
3549 654 3649 692 cu-

2070 746 2277 787 rasses.
2310 732 2466 797 Quod
2496 749 2623 787 cum
2648 749 2757 786 non
2787 732 3006 797 feceris,
3031 733 3159 786 audi
3189 749 3202 785 :
3239 752 3258 783 ι
3290 730 3454 797 Dole,
3487 737 3542 785 et
3572 730 3652 783 vi-

2067 824 2247 879 riliter
2274 840 2395 896 age,
2434 834 2488 880 et
2518 827 2921 897 appropinqua.
2955 824 3064 878 tilia
3101 823 3308 887 Sionis,
3348 823 3494 878 sicut
3529 837 3654 892 par-

2067 916 2303 970 turiens.
2344 936 2362 968 ι
2393 916 2579 972 Perfer
2608 918 2929 989 ingruentes
2952 918 3191 983 dolores,
3227 917 3280 968 in
3315 915 3492 984 iisque
3518 929 3655 968 con-

2067 1016 2281 1062 stanter
2312 1024 2410 1079 age
2442 1010 2603 1078 quasi
2636 1010 2975 1079 parturiens,
3000 1007 3501 1078 prepinquantibus
3533 1019 3655 1074 par-

2069 1106 2162 1154 tus
2196 1098 2503 1153 doloribus.
2549 1119 2567 1151 ‹
2612 1098 2751 1166 Quia
2777 1114 2926 1153 nunc
2970 1096 3272 1166 egredieris
3313 1094 3380 1148 de
3412 1093 3653 1155 civitate,

2065 1199 2118 1245 et
2152 1190 2431 1245 liabitabis
2479 1192 2534 1246 in
2575 1207 2773 1261 campo
2801 1231 2815 1256 ,
2857 1200 2912 1246 et
2968 1189 3157 1245 venies
3206 1203 3379 1257 usque
3428 1185 3658 1256 Babylo-

2066 1297 2213 1337 nem.
2256 1302 2274 1335 ι
2331 1282 2486 1338 Finis
2535 1299 2718 1338 rerum
2779 1292 2995 1337 tuarum
3052 1290 3170 1344 est,
3222 1288 3277 1336 et
3318 1296 3384 1334 ex
3424 1277 3561 1332 urbe
3602 1276 3655 1329 in

2068 1374 2446 1444 captivitatem
2492 1375 2875 1453 deportaberis
2911 1393 2924 1429 :
2959 1374 3199 1428 abducta
3243 1388 3376 1438 vero
3415 1372 3471 1425 in
3504 1386 3656 1441 qua:-

2067 1467 2199 1520 libet
2246 1467 2385 1532 loca,
2437 1468 2683 1537 proiecta
2725 1467 2974 1538 jacebis,
3027 1475 3083 1519 ut
3132 1466 3360 1536 captivae
3411 1462 3658 1519 conditio

2068 1558 2192 1625 fert,
2223 1557 2395 1615 donec
2433 1559 2502 1613 ad
2534 1560 2708 1631 ipsam
2742 1576 2918 1630 usque
2949 1559 3283 1630 Babylonem
3320 1557 3657 1628 perveneris,

2067 1653 2266 1721 inqua
2294 1660 2347 1707 te
2374 1652 2623 1707 habitare
2656 1652 2970 1709 calamitate
3010 1662 3104 1707 tua
3145 1651 3403 1705 obrutam
3432 1664 3660 1706 necesse

2068 1752 2173 1798 est.
2212 1743 2349 1798 Tum
2386 1752 2509 1815 post
2539 1755 2824 1801 narratam
2868 1759 3085 1814 premam
3107 1784 3121 1808 ,
3149 1743 3400 1814 ejusdem
3427 1741 3660 1798 solutio-

2070 1853 2192 1891 nem
2222 1838 2533 1892 connectit:
2554 1854 2574 1888 ι
2616 1836 2748 1891 lude
2787 1845 2837 1890 te
2863 1836 3147 1899 liberabit,
3187 1834 3315 1890 inde
3347 1842 3401 1888 te
3428 1833 3660 1887 redimet

338 1902 522 2003 πάλιν
561 1902 726 1999 ⁷λέγει
781 1929 882 2000 τὴν
930 1929 1082 1983 λύσιν
1109 1948 1122 1961 -
1158 1948 1176 1981 ‹
1226 1902 1467 1983 Ἐκεῖθεν
1502 1902 1725 1999 ῥύσεταί
1752 1902 1832 1994 σε,
1865 1929 1960 1982 καὶ

2069 1928 2329 1984 Dominus
2357 1928 2495 1984 Deus
2521 1938 2649 1984 tuus
2676 1929 2743 1983 de
2778 1945 2942 1983 manu
2972 1927 3323 1982 inimicorum
3354 1933 3597 1980 tuorum.
3636 1944 3652 1976 ι

337 2023 569 2077 ἐκεῖθεν
630 2022 971 2093 λυτρὼσεταί
1006 2039 1066 2074 σε
1117 2022 1321 2093 Κύριος
1342 2025 1370 2076 ό
1400 2023 1531 2086 Θεός
1564 2041 1657 2076 σου
1688 2024 1752 2077 ὲκ
1780 2024 1960 2095 χειρρς

338 2117 593 2189 ἐχθρῶν,
620 2134 736 2171 σου.
777 2137 794 2169 ι
854 2115 992 2169 Ἀλλ’
1043 2116 1212 2169 ὲπειδ’
1269 2115 1334 2171 ἂν
1369 2118 1449 2180 εἰς
1479 2118 1721 2182 ἐκείνους
1762 2119 1962 2189 αίχμά-

337 2214 527 2275 λωτος
555 2212 730 2283 ἀφίκῃ
772 2212 899 2275 τοὺς
923 2211 1142 2274 τόπους,
1167 2212 1259 2278 ἀφ’
1280 2204 1355 2265 ὧν
1378 2212 1498 2267 οὐδὲ
1522 2211 1620 2282 μία
1639 2229 1719 2265 σοι
1752 2211 1960 2277 λύσεως

339 2306 517 2370 ἐλπὶς
551 2304 934 2373 ὑποφαίνεται,
977 2301 1283 2373 παραδόξου
1326 2303 1490 2374 τεύξῃ
1520 2304 1621 2373 τῆς
1655 2304 1804 2369 θείας
1835 2306 1961 2377 βοη-

339 2398 532 2463 Θείας,
575 2398 633 2469 ἢ,
665 2396 810 2450 κατὰ
840 2396 938 2467 τὴν
972 2397 1176 2449 οἰκείαν
1190 2396 1447 2467 δύναμιν,
1467 2397 1566 2465 τῆς
1589 2414 1649 2449 τε
1682 2397 1961 2469 αἰχμαλω-

344 2491 479 2556 σίας
518 2494 612 2546 καὶ
658 2492 761 2563 τῆς
797 2489 907 2544 τῶν
950 2490 1290 2562 κατεχόντων
1349 2489 1636 2564 ἀπαλλάξῃ
1692 2508 1749 2543 σε
1801 2490 1969 2559 δυνσι-Δ

344 2599 570 2646 στειας.

423 2676 583 2748 Στίχ.
620 2681 811 2747 ια’-ιγ’.
841 2675 1064 2736 -ιΚαὶ
1092 2677 1187 2731 νῦν
1230 2678 1727 2750 ὲπισυναχθήσεται
1761 2679 1853 2731 ἐπὶ
1898 2679 1956 2731 σὲ

343 2766 487 2839 ἔθνη
517 2766 710 2832 πολλὰ,
742 2769 835 2821 καὶ
885 2768 1007 2823 λαοὶ⁸
1047 2768 1321 2837 λέγοντες’
1374 2769 1837 2842 Ἐπιχαρούμεθα,
1866 2772 1961 2823 καὶ

343 2858 656 2929 ὲπόψονται
690 2860 782 2913 ἐπὶ
825 2858 965 2913 Σιὼν
1017 2861 1069 2913 οί
1115 2860 1384 2931 ὀφθαλμοὶ
1426 2862 1604 2933 ἡμῶν.
1638 2882 1656 2913 ι
1698 2863 1774 2934 (p.
1829 2861 1956 2932 9.89)

345 2956 494 3009 Τότε
526 2953 591 3026 δὴ
625 2952 750 3023 ἔθνη
796 2952 1039 3008 Σκυθικὰ
1086 2954 1256 3008 πολλά
1287 2972 1348 3007 τε
1382 2955 1475 3008 καὶ
1507 2955 1761 3028 ἀνήμερα
1793 2955 1961 3025 (λέγει

342 3048 410 3102 δὲ
439 3048 576 3110 τοὺς
604 3046 735 3117 περὶ
783 3045 873 3098 τὸν
909 3045 1078 3116 Γὼγι),
1119 3046 1219 3116 τὴν
1255 3045 1564 3118 εὐπραγίαν
1598 3046 1658 3098 ού
1701 3045 1960 3116 φέροντες

344 3140 450 3196 καὶ
507 3138 608 3211 τὴν
638 3137 896 3191 ἐπάνοδον
947 3138 1044 3209 τὴν
1073 3136 1192 3209 σὴν,
1225 3136 1610 3190 ὲπελεύσονταί
1654 3154 1757 3199 σοι,
1817 3135 1961 3206 μάλα

2064 2021 2171 2075 Sed
2196 2028 2553 2091 posteaquam
2605 2018 2826 2089 captiva
2859 2019 2913 2071 in
2942 2032 3003 2071 ea
3037 2018 3156 2071 loca
3181 2017 3487 2081 deveneris,
3514 2013 3658 2068 unde

2068 2114 2171 2168 tibi
2205 2111 2473 2173 evadendi
2505 2112 2659 2166 nulla
2700 2126 2827 2181 spes
2858 2109 3170 2181 atfnlgebit,
3207 2107 3463 2162 mirabile
3492 2121 3655 2175 expe-

2064 2208 2229 2263 rieris
2253 2208 2398 2262 ultra
2444 2208 2592 2261 vires
2631 2215 2753 2261 tuas
2795 2204 2885 2260 Dei
2923 2203 3221 2269 auxilium;
3262 2201 3317 2255 id
3354 2198 3561 2263 est,ille
3601 2198 3651 2252 vi

2062 2299 2284 2369 propria
2315 2309 2366 2353 te
2390 2297 2617 2353 servitio
2658 2304 2712 2352 et
2759 2309 3153 2367 oppressorum
3197 2290 3445 2363 expediet
3482 2288 3658 2363 domi-

2064 2392 2311 2460 natione.

2136 2681 2303 2737 Vens.
2334 2681 2513 2735 {1-13.
2551 2708 2619 2720 -——
2653 2699 2670 2731 ι
2706 2678 2771 2733 Et
2803 2694 2949 2732 nunc
2978 2675 3463 2748 congregabuntur
3493 2684 3660 2741 super

2064 2785 2117 2837 te
2144 2786 2335 2848 gentes
2357 2775 2541 2829 multa:
2564 2774 2861 2843 populique
2882 2815 2896 2838 ,
2937 2769 3185 2825 dicentes
3224 2785 3238 2821 ε
3275 2764 3614 2820 lnsultemus
3639 2778 3653 2827 ;

2063 2852 2436 2940 respiciantin
2470 2865 2693 2921 Sionem
2717 2865 2865 2920 oculi
2900 2864 3098 2917 nostri.
3139 2880 3157 2913 ι
3187 2858 3345 2913 Tune
3384 2854 3660 2927 Scythica:

2063 2969 2256 3033 gentes
2290 2973 2602 3014 numerosae
2629 2964 2683 3010 et
2730 2970 2886 3011 sarvae
2917 2952 3073 3023 (dicit
3109 2966 3240 3007 vero
3270 2947 3504 3018 Gogum)
3540 2960 3661 3016 pro-

2063 3054 2380 3125 speritatem
2430 3064 2583 3106 tuam
2628 3048 2973 3119 reditumque
3006 3061 3165 3116 aequo
3203 3043 3389 3097 animo
3424 3056 3532 3096 non
3576 3038 3658 3095 fe-

2065 3155 2273 3211 rentes,
2313 3145 2574 3200 invadent
2600 3150 2674 3211 te,
2705 3141 2863 3196 valde
2899 3148 3187 3210 sperantes
3218 3137 3380 3191 facile
3418 3151 3478 3190 se
3507 3150 3648 3205 quas

348 3233 773 3308 προσδοκῶντες
838 3230 1036 3303 ῥαδίως
1066 3229 1138 3282 τὰ
1186 3229 1448 3283 δοκοῦντα
1493 3230 1705 3291 ἑαυτοῖς
1752 3229 1846 3281 ἐπὶ
1878 3230 1960 3281 σοὶ

2069 3238 2337 3294 voluerint
2364 3237 2463 3291 tibi
2499 3250 2775 3291 aerumnas
2802 3233 3093 3303 imponere,
3122 3246 3311 3301 posse.
3374 3248 3393 3281 ε
3431 3227 3497 3282 Et
3551 3227 3662 3296 ipsi

348 3324 826 3398 καταπράξασθαι
860 3323 1026 3378 κακά.
1067 3342 1085 3376 ι
1121 3324 1232 3378 Καὶ
1274 3323 1428 3376 αὐτοὶ
1461 3324 1561 3376 οὐκ
1596 3322 1839 3390 ἔγνωσαν
1870 3321 1961 3375 τὸν

343 3418 626 3490 λογισμὸν
650 3417 881 3489 Κυρίου,
910 3416 1005 3469 καὶ
1048 3415 1110 3469 οὺ
1142 3417 1380 3486 συνῆκαν
1412 3416 1511 3486 τὴν
1540 3414 1736 3486 βουλὴν
1770 3414 1958 3481 αὐτοῦ,

348 3514 439 3568 ὃτι
471 3514 789 3582 συνήγαγεν
834 3510 1055 3572 αὐτοὺς,
1080 3509 1154 3573 ὡς
1190 3508 1484 3579 δράγματα
1523 3508 1745 3573 ἅλωνος.
1794 3528 1814 3560 ι
1865 3509 1967 3561 Πε-

350 3603 620 3674 ποίηνται
649 3601 708 3654 δὲ
732 3599 832 3671 τὴν
856 3598 1068 3669 ἔφοδον,
1092 3599 1170 3670 τῷ
1196 3616 1257 3651 τε
1299 3598 1495 3669 πλήθει
1533 3598 1628 3652 καὶ
1649 3601 1714 3671 τῇ
1738 3598 1964 3669 δυνάμει

350 3700 423 3767 τῇ
446 3694 634 3765 οἰκείᾳ
661 3691 1018 3765 θαρροῦντες,
1048 3690 1145 3746 καὶ
1174 3692 1275 3744 οὐκ
1314 3690 1513 3757 ειδότες
1562 3690 1659 3743 τοῦ
1694 3692 1964 3762 ἡμετέρου

352 3786 503 3840 Θεοῦ
528 3785 630 3857 τὴν
662 3783 891 3855 γνώμην
920 3798 934 3812 ·
974 3782 1033 3846 ὃς
1064 3781 1155 3837 διὰ
1183 3780 1344 3836 τοῦτο
1377 3781 1755 3853 συνεχώρησεν
1783 3784 1967 3846 αὐτοῖς

354 3880 456 3932 ἐπὶ
478 3878 575 3931 τὸν
604 3875 843 3945 πόλεμον
868 3875 1058 3929 τοῦτον
1087 3873 1428 3946 βουληθεῖσιν
1455 3873 1714 3940 ἐξελθεῖν,
1747 3875 1834 3929 ἴνα
1865 3876 1967 3947 τήν

356 3990 419 4028 τε
450 3972 591 4041 περὶ
621 3971 767 4041 ὑμᾶς
782 3969 1027 4041 ἐπιδείξῃ
1044 3970 1403 4042 κηδεμονίαν,
1420 3970 1515 4024 καὶ
1532 3970 1630 4041 τὴν
1658 3970 1868 4025 οἰκείαν
1887 3973 1968 4035 είς

356 4062 570 4125 αὐτοὺς
615 4060 810 4133 ἐλέγξῃ
851 4059 1103 4131 δύναμιν,
1125 4061 1283 4131 δίκην
1301 4060 1672 4132 θεριζομένων
1719 4062 1970 4133 δραγμά-

358 4173 478 4209 των
504 4155 600 4208 κα¹ι
635 4155 715 4216 είς
733 4152 915 4207 ἅλωνα
940 4152 1371 4225 ἀποτιθεμένων,
1398 4156 1606 4218 πάντας
1626 4155 1824 4219 αὐτοὺς
1847 4158 1969 4220 ταῖς

359 4251 613 4321 σφαγαῖς
663 4246 773 4302 τῶν
838 4247 1120 4319 ὑμετέρων
1172 4248 1373 4320 χειρῶν
1429 4249 1704 4314 ἐκδιδούς⁹
1758 4253 1853 4305 καὶ
1892 4253 1975 4316 ὡς

361 4344 548 4414 τούτῳ
582 4358 648 4411 γε
677 4342 895 4405 πάντως
952 4341 1197 4412 ἐσομένῳ
1226 4340 1470 4413 θαρρῶν,
1501 4342 1650 4411 λέγει
1683 4344 1819 4414 πρὸς
1842 4345 1970 4407 τοὺς

375 4436 763 4509 Ἰσραηλίτας·
832 4453 852 4487 ι
910 4434 1202 4506 Ἀνάστηθι
1260 4437 1355 4490 καὶ
1398 4436 1532 4492 ἁλύσι
1608 4437 1829 4502 αὐτοὺς,
1878 4435 1972 4489 θύ-

362 4548 546 4601 γατερ
568 4529 728 4584 Σιών.
767 4549 787 4582 ι
822 4526 1101 4583 Δαὸοὓσα.
1137 4528 1216 4594 δὲ,
1254 4529 1441 4599 φησὶν,
1497 4529 1696 4592 αὐτοὺς
1750 4530 1971 4600 ὑποχει-

2065 3342 2174 3385 no‘n
2207 3336 2585 3402 cognoverunt
2615 3327 3007 3398 cogitationem
3035 3323 3276 3387 Domini,
3300 3336 3478 3391 neque
3504 3318 3666 3374 intel—

2064 3426 2318 3480 lexerunt
2363 3423 2659 3478 consilium
2707 3422 2851 3490 ejus,
2901 3419 3051 3490 quod
3095 3433 3292 3487 nempe
3336 3413 3664 3470 adunaverit

2065 3533 2160 3574 eos
2186 3517 2346 3588 quasi
2373 3514 2682 3585 manipulos
2708 3529 2875 3568 areae.
2903 3533 2923 3565 ›
2952 3511 3367 3583 Expeditionem
3418 3506 3667 3563 fecerunt

2067 3622 2298 3663 numero
2329 3606 2649 3675 viribusque
2675 3605 2790 3660 suis
2815 3602 3179 3665 conﬁdentes,
3218 3600 3315 3656 sed
3354 3598 3451 3654 Dei
3484 3596 3660 3653 nostri

2069 3700 2397 3757 sententiam
2441 3699 2785 3764 nescientes;
2830 3696 2945 3767 qui-
2974 3711 3074 3750 eos
3120 3692 3326 3753 idcirco
3375 3690 3504 3746 sivit
3534 3689 3666 3743 -lioe

2069 3794 2267 3865 cupide
2310 3793 2515 3850 bellum
2566 3800 2758 3848 contra
2785 3806 2886 3847 vos
2920 3790 3227 3858 suscipere,
3272 3793 3333 3840 ut
3360 3782 3667 3854 providen-

2070 3889 2201 3942 tiam
2227 3901 2358 3957 erga
2404 3901 2502 3941 vos
2538 3899 2694 3940 suam
2740 3882 3082 3946 ostenderet,
3118 3888 3175 3934 et
3213 3879 3362 3933 vires
3407 3876 3664 3946 proprias

2070 3990 2371 4041 exsereret,
2412 3976 2792 4031 demessorum
2828 3975 3005 4030 instar
3047 3970 3454 4040 manipulorum
3504 3965 3667 4036 190

2069 4079 2125 4127 et
2159 4071 2214 4124 in
2249 4084 2374 4124 area
2423 4071 2793 4139 repositorum
2816 4106 2831 4131 ,
2876 4066 3164 4120 universos
3197 4062 3323 4117 illos
3352 4067 3664 4116 vestrarum

2071 4178 2333 4218 manuum
2366 4160 2501 4217 credi
2534 4160 2887 4215 contradens.
2925 4158 3105 4228 Atque
3139 4157 3243 4210 hac
3268 4169 3329 4209 re
3355 4154 3475 4209 sine
3494 4150 3664 4207 dubio

2070 4265 2331 4312 eventura
2362 4254 2601 4317 laetatus,
2629 4252 2763 4307 dicit
2797 4250 3065 4306 lsraelitis
3090 4268 3102 4303 ε
3133 4267 3153 4299 ι
3183 4246 3360 4317 Surge
3381 4253 3438 4300 et
3465 4245 3664 4299 tritura

2070 4364 2189 4413 eos,
2237 4348 2347 4401 filia
2383 4346 2535 4400 Sion.
2581 4364 2600 4397 ι
2660 4343 2774 4400 llos
2820 4343 2921 4397 tibi
2976 4343 3185 4396 virtute
3219 4339 3314 4395 Dei
3357 4337 3660 4409 subjectos,

2073 4450 2334 4509 tanquam
2378 4438 2435 4491 in
2468 4451 2596 4491 area
2627 4435 2795 4490 variis
2824 4442 3049 4488 contere
3101 4439 3159 4487 et
3189 4445 3458 4485 consume
3492 4428 3662 4483 ειεάὶ-
3704 4468 3713 4473 -

2072 4533 2195 4586 bus.
2242 4549 2259 4582 ι
2283 4528 2418 4587 Nam
2457 4542 2665 4583 cornua
2697 4533 2793 4580 tua
2845 4539 3046 4595 ponam
3088 4522 3301 4587 ferrea,
3326 4531 3382 4575 et
3429 4520 3664 4589 ungulas

365 4625 527 4697 ρίους
545 4625 612 4694 τῇ
642 4623 869 4694 δυνάμει
919 4621 1015 4675 τοῦ
1070 4621 1229 4689 Θεοῦ,
1279 4622 1489 4686 πάντας
1549 4622 1748 4684 αὐτοὺς
1798 4620 1874 4684 ὼς
1912 4624 1964 4674 ἐν

2082 4634 2436 4691 ιυενετροιιεω
2480 4634 2674 4674 aereas.
2719 4636 2738 4669 ι
2766 4615 3005 4686 ⁸(ὶοηιιιιί
3058 4613 3157 4669 tibi
3205 4612 3367 4667 haud.
3392 4612 3661 4666 minorem

364 4716 544 4772 ἄλωνι
588 4713 867 4785 διαφόροις
921 4712 1212 4783 σύντριψον
1271 4714 1368 4766 καὶ
1422 4712 1806 4767 κατανάλωσον
1849 4714 1972 4776 ταῖς

368 4808 634 4877 σφαγαῖς.
672 4823 690 4857 ι
728 4806 853 4858 Ὅτι
886 4804 1199 4875 τὰκέρατά
1233 4821 1327 4857 σου
1358 4804 1596 4876 θήσομαι
1625 4805 1843 4877 σιδηρᾶ,
1878 4805 1972 4860 καὶ

365 4898 473 4960 τὰς
518 4893 692 4958 ὁπλάς
724 4911 820 4948 σου
865 4893 1102 4965 θήσομαι
1150 4894 1378 4965 χαλκᾶς.
1424 4913 1444 4945 ι
1481 4894 1702 4948 Δέδωκα
1745 4897 1856 4966 γάρ
1890 4912 1971 4948 σοι

364 4987 607 5057 δύναμιν
628 4986 727 5057 οὐχ
762 4981 925 5058 ἧττον
957 4984 1192 5056 σιδηρῶν
1224 4986 1491 5058 κεράτων,
1518 4987 1821 5058 ἀμύνεσθαι
1845 4988 1977 5052 τοὺς

364 5078 657 5143 ἐναντίους
694 5078 995 5149 ἀρκοῦσαν,
1038 5079 1132 5133 καὶ
1165 5081 1359 5132 πατεῖν
1387 5078 1588 5150 μᾶλλον
1611 5078 1645 5150 ἢ
1672 5079 1865 5141 ὁπλαῖς
1888 5096 1973 5142 τις

364 5175 610 5249 χαλκαῖς
669 5172 951 5243 χρώμενος
1014 5172 1313 5242 πατήσειεν
1373 5170 1459 5225 ἄν.
1510 5171 1587 5243 (p.
1642 5172 1769 5241 290)
1802 5192 1820 5225 ι
1863 5174 1974 5227 Καὶ

363 5262 705 5334 κατατήξεις
735 5266 793 5317 ὲν
826 5263 1017 5325 αὑταῖς
1048 5261 1198 5332 ἔθνη,
1225 5262 1320 5315 καὶ
1345 5261 1627 5327 λεπτυνεΐς
1654 5263 1813 5328 λαοὺς
1845 5263 1975 5317 πολ-

364 5357 503 5420 λούς
522 5373 536 5386 ·
575 5356 667 5409 καὶ
689 5353 984 5424 ἀναθήσεις
1007 5353 1082 5423 τῷ
1106 5352 1299 5425 Κυρίῳ
1328 5353 1390 5406 τὸ
1413 5353 1617 5424 πλῆθος
1639 5353 1841 5422 αὐτῶν,
1878 5356 1987 5418 καὶ,

360 5449 472 5520 τὴν
502 5446 658 5515 ἰσχὺν
692 5444 873 5503 αὐτῶν
904 5443 984 5513 τῷ
1018 5444 1211 5515 Κυρίῳ
1238 5444 1419 5515 πάσης
1447 5444 1551 5514 τῆς
1579 5447 1702 5517 γῆς.
1731 5465 1751 5498 ι
1786 5447 1971 5519 Ταύτῃ

362 5539 434 5610 δὴ
468 5539 540 5607 τῇ
574 5535 724 5606 παρὰ
752 5534 853 5590 τοῦ
872 5533 1007 5588 Θεοῦ
1040 5552 1121 5587 σοι
1159 5536 1546 5609 χορηγουμένῃ
1580 5540 1719 5608 ῥοπῇ
1765 5539 1971 5603 πάντας

364 5628 577 5690 αὐτοὺς
619 5628 870 5695 ἀφανιεῖς
922 5625 1221 5693 παντελῶς,
1267 5627 1549 5693 πλείστους
1575 5645 1635 5698 γε
1665 5630 1843 5693 ὄντας,
1877 5634 1971 5685 καὶ

364 5722 583 5785 παντὸς
614 5721 708 5774 τοῦ
766 5720 1014 5791 πλήθους
1028 5720 1205 5773 αὐτῶν
1228 5720 1326 5791 τὴν
1349 5722 1624 5777 ἀπώλειαν
1652 5722 1822 5793 λογιεῖ
1854 5726 1967 5800 (58)

2078 4715 2342 4771 cornibus
2388 4711 2586 4767 ferreis
2619 4710 2750 4773 vim,
2798 4724 2906 4779 qua
2944 4707 3271 4779 propulsare
3311 4704 3666 4760 adversarios

2079 4806 2285 4865 valeas.
2327 4817 2534 4872 eosque
2577 4801 2752 4871 magis
2784 4804 3305 4867 conculcarequam
3329 4798 3374 4851 si
3402 4794 3537 4866 .quis
3564 4810 3667 4848 un.

2079 4898 2221 4969 gulis
2260 4895 2419 4951 aereis
2459 4894 2721 4965 praeditus
2751 4901 2925 4949 esset.
2967 4910 2986 4943 ι
3025 4891 3093 4945 Et
3127 4891 3231 4946 his.
3257 4887 3666 4947 contabefacies

2079 4998 2444 5058 conteresque
2498 4987 2730 5058 populos
2775 4987 3012 5053 multos;
3059 4992 3115 5039 et
3144 4983 3255 5039 Deo
3311 4980 3666 5038 consecrabis

2077 5081 2484 5139 multitudinem
2532 5080 2784 5143 illorum,
2830 5087 2889 5135 et
2929 5076 3306 5134 fortitudinem
3342 5073 3663 5129 earumdem

2076 5175 2311 5230 Domino
2345 5174 2617 5229 universae
2644 5179 2827 5227 terrae.
2866 5191 2889 5225 ›
2926 5170 3022 5226 His
3052 5169 3153 5225 tibi
3186 5184 3216 5222 a
3240 5168 3349 5221 Deo
3381 5166 3665 5221 concessis

2072 5267 2285 5323 viribus
2320 5266 2507 5321 hostes
2530 5279 2722 5320 omnes
2750 5279 2983 5333 prorsus
3003 5259 3313 5331 disperdes,
3346 5272 3659 5325 quanquam

2076 5360 2315 5430 plurimo
2355 5372 2619 5424 numero;
2671 5363 2725 5411 et
2769 5355 3037 5410 universa:
3098 5351 3252 5422 ejuS'
3290 5349 3661 5404 multitudinis

2077 5452 2349 5507 excidium
2376 5450 2488 5504 Deo
2523 5446 2851 5516 imputabis,
2884 5445 2978 5514 qui
3011 5459 3135 5498 cum
3178 5442 3348 5499 totius
3394 5449 3554 5496 terra:
3591 5442 3664 5497 sit

2077 5546 2363 5605 Dominus,
2401 5552 2568 5597 totam
2595 5541 2816 5595 illorum
2843 5554 2942 5609 pro
2968 5552 3074 5592 suo
3101 5535 3257 5591 libito
3283 5532 3660 5590 fortitudinem

2078 5637 2412 5695 exsufﬂabit.
2457 5632 2660 5690 Deinde
2691 5633 2929 5688 hostium
2967 5628 3379 5700 aggressionem
3401 5639 3685 5687 narrans,_

2079 5731 2239 5800 cujus
2270 5743 2435 5782 causa
2467 5742 2588 5796 qua:
2623 5740 2786 5795 supra
2821 5731 2949 5777 sunt
2976 5721 3121 5775 dicta
3150 5720 3449 5792 patientur,
3487 5716 3597 5773 ait:

459 5922 577 5997 (58)
610 5923 744 5980 Cod.
786 5922 908 5978 Vat.
936 5922 1113 5995 λογιῇ,
1181 5923 1301 5980 cod.
1357 5922 1639 5982 l'itidobon
1678 5927 1964 5998 άναλογιεῖ,

2069 5949 2086 5986 ι
2114 5927 2301 5999 \l’egn.
2336 5925 2439 5999 legi
2466 5924 2672 5982 mavult
2713 5923 3016 5995 ἀναλογιεῖς
3039 5922 3128 5995 (1’).
