4118 6476
388 365 515 424 573

1411 366 1969 431 COMMENTARllJS
2005 364 2076 424 IN
2114 363 2422 424 MICHEAE
2466 366 2622 423 CAP.
2662 365 2728 424 γ.
2844 416 2851 427 .

3595 366 3701 423 57-8

389 488 590 548 λεύτιν
615 486 713 542 τοῦ
749 488 968 562 Ἰσραὴλ
1010 489 1304 562 άρμόσειεν
1344 491 1431 560 ἂν,
1472 493 1566 559 οὓς
1606 492 1883 548 παιδεύειν
1918 490 2012 558 μὲν

2123 488 2493 556 incarnatum,
2528 487 2584 542 in
2621 500 2730 558 quo
2760 487 3192 558 promissionum
3234 502 3461 545 suarum
3503 486 3702 542 verita-

390 578 829 649 άμαρτάνοντας
885 579 1249 650 ὑπισχνεῖται,
1306 582 1369 635 ού
1425 583 1549 655 μὴνΓ
1587 582 1867 647 παντελῶς
1922 582 2017 648 ἐξ·

393 667 683 737 ωθεῖσθαιί
722 671 823 741 τῆς
870 669 1186 741 βασιλείας·
1230 672 1429 745 μηνύει
1476 674 1535 729 δὲ
1575 675 1885 747 προϐαίνων
1921 675 2017 730 τὸν

394 761 553 817 κατά
583 762 767 835 σάρκα
811 763 1092 834 Δεσπότην
1136 766 1392 836 Χριστὸν,
1435 768 1520 837 ἐφ’
1566 762 1740 841 οὗπερ
1766 769 1875 824 τῶν
1912 771 2016 826 ἐπ’

392 850 682 921 αγγελιῶν
712 852 820 906 τῶν
840 853 1059 908 οἰκείων
1088 854 1289 927 ἀληθὲς
1320 856 1489 923 ἔδειξε
1516 859 1578 913 τὸ
1606 859 1781 932 πέρας
1800 861 1831 913 6
1857 861 2013 924 Θεός·

389 942 462 996 τὸ
498 943 635 1015 γὰρ,
688 963 708 997 ι
763 944 1015 1017 Θήσομαι
1054 948 1134 1011 εἰς
1181 947 1276 1001 τὸν
1323 948 1498 1009 αἰῶνα
1551 949 1645 1004 τοῦ
1702 950 1897 1018 αἰῶνος
1951 952 2016 1006 τὸ

393 1034 635 1107 σπέρμα
664 1035 854 1101 αὐτοῦ,
882 1037 980 1091 καὶ
1011 1037 1105 1092 τὸν
1135 1038 1325 1111 θρόνον
1367 1040 1533 1095 αὐτοῦ
1564 1041 1641 1107 ὡς
1664 1042 1766 1107 τὰς
1797 1044 2016 1116 ἡμέρας

388 1124 497 1181 τοῦ
539 1126 800 1199 ούρανοῦ,
827 1130 922 1184 καὶ
973 1130 1036 1184 τὸ
1084 1131 1306 1201 σπέρμα
1356 1134 1519 1189 αὑτοῦ
1568 1136 1648 1200 εἰς
1692 1136 1786 1190 τὸν
1839 1137 2012 1192 αἰῶνα

391 1216 582 1289 μένει,
612 1219 708 1271 καὶ
733 1220 762 1272 6
798 1218 990 1291 θρόνος
1017 1222 1186 1278 αὑτοῦ
1225 1212 1301 1289 ὡς
1345 1227 1374 1280 6
1413 1225 1563 1296 ἥλιος
1608 1227 1850 1280 ἐναντίον
1886 1245 2009 1298 μου,

389 1309 497 1376 καὶ
535 1309 615 1374 ὡς
641 1312 673 1384 ἡ
704 1311 901 1385 σελήνη
937 1316 1349 1391 κατηρτισμένη
1385 1319 1465 1383 εἰς
1492 1318 1582 1373 τὸν
1609 1319 1842 1395 alii?)an
1876 1322 2012 1393 πρό-

388 1399 562 1473 δηλον
594 1402 799 1477 dicit?
832 1405 1048 1470 οὐδενὸς
1095 1408 1196 1479 μὲν
1240 1409 1351 1465 τῶν
1395 1410 1654 1483 διαδόχων
1693 1411 1804 1478 ἔξει
1830 1412 2012 1485 χώραν

389 1494 708 1567 λεγόμενα·
755 1499 834 1570 (p.
885 1498 1013 1571 293)
1073 1501 1262 1571 σαφῶς
1315 1502 1373 1557 δὲ.
1425 1503 1521 1559 τοῦ
1565 1505 1838 1558 Δεσπότου
1879 1506 2014 1577 Χρι-

390 1583 535 1651 στοῦ
553 1585 923 1660 δείκνυσι-τὴν
948 1589 1225 1661 βασιλείαν
1247 1593 1469 1666 διηνεκῆ
1488 1611 1548 1648 τε
1574 1594 1670 1649 καὶ
1696 1594 2012 1661 ἀσάλευτον,

392 1676 553 1750 μετὰ
580 1678 782 1752 πολλῆς
809 1682 913 1753 μὲν
939 1683 1038 1755 τῆς
1071 1683 1377 1756 δυνάμεως,
1414 1686 1616 1758 πολλῆς
1647 1686 1704 1740 δὲ
1741 1688 1840 1758 τῆς
1875 1687 2015 1759 λαμ-

391 1771 700 1846 πρότητος,
748 1775 831 1839 εἰς
878 1774 970 1828 τὸν
1020 1774 1215 1831 ἔπειτα
1257 1776 1512 1849 διαμένον
1535 1793 1550 1809 ·
1581 1776 1724 1831 οὕτω
1774 1778 1869 1831 καὶ
1915 1777 2013 1848 τὴν

2121 590 2229 637 tem
2273 580 2481 636 exitum
2532 579 2793 636 habuisse
2830 582 3073 637 ostendit
3108 581 3275 638 Deus.
3305 580 3442 635 Nam
3483 578 3649 636 verba
3683 595 3701 633 :

2125 671 2359 728 «Ponam
2383 672 2436 727 in
2463 672 2726 728 saeculum
2751 674 2936 729 saeculi
2966 688 3154 730 semen
3179 674 3334 746 ejus;
3360 685 3415 730 et
3439 673 3700 727 thronum
3814 678 3817 679 '

2117 762 2413 833 ejussicut
2439 761 2559 820 dies
2580 763 2729 832 coeli;
2761 773 2816 820 et
2844 779 3029 820 semen
3051 765 3170 835 ejus
3194 765 3434 821 manebit
3463 764 3518 819 in
3542 772 3703 819 aeter-

2118 871 2284 921 num;
2314 863 2368 911 et
2398 855 2631 913 thronus
2657 855 2778 927 ejus
2820 856 2963 912 sicut
3006 856 3089 911 sol
3128 856 3186 912 in
3222 863 3522 926 conspectu
3553 870 3699 921 meo,

2116 955 2173 1003 et
2224 946 2368 1012 sicut
2401 947 2531 1003 luna
2567 946 2811 1019 perfecta
2849 947 2906 1003 in
2947 954 3213 1003 aeternum
3236 947 3700 1014 ",iuotissimum

2118 1047 2203 1097 est
2235 1040 2305 1095 de
2347 1039 2571 1097 nemine
2595 1054 2985 1097 successorum
3015 1038 3240 1095 Davidis
3268 1039 3375 1095 dici
3408 1039 3654 1111 potuisse
3682 1056 3701 1094 :

2119 1134 2410 1205 perspicue
2432 1141 2614 1190 autem
2637 1132 2844 1189 Christi
2875 1131 3091 1188 Domini
3122 1146 3351 1203 regnum
3375 1138 3699 1202 perpetuum

2118 1224 2459 1303 ostendere,‘
2486 1234 2541 1283 et
2579 1225 2860 1282 immobile
2890 1225 3065 1281 multa
3096 1239 3223 1279 cum
3262 1224 3465 1280 virtute
3504 1221 3704 1277 multo-

2115 1332 2225 1388 que
2250 1317 2539 1389 splendore
2560 1318 2616 1373 in
2648 1326 2931 1389 posterum
2957 1325 3172 1389 tempus
3200 1323 3699 1387 perseveraturum.

2113 1410 2296 1480 Atque
2321 1409 2396 1463 ita
2428 1423 2671 1480 prmsens
2695 1408 3091 1471 testimonium,
3115 1406 3450 1463 conveniens
3479 1404 3704 1476 quidem
3751 1416 3757 1423 '

2116 1500 2421 1559 secundum
2454 1502 2743 1557 veritatem
2784 1508 2951 1571 atque
2980 1499 3309 1556 evidentiam
3343 1505 3591 1554 actarum
3617 1511 3705 1553 rc-

2114 1610 2237 1651 rum
2290 1593 2694 1665 comperiemus
2746 1595 2799 1649 iu
2831 1592 3051 1649 Christo
3070 1590 3321 1654 Domino,
3355 1589 3513 1660 juxta
3541 1602 3706 1645 evan-

2117 1687 2353 1761 gelicum
2387 1691 2596 1741 textum
2632 1686 2679 1719 ⁸⁸
2702 1703 2716 1741 :
2740 1686 2842 1753 sed
2881 1692 3071 1747 tamen
3101 1682 3210 1739 dici
3234 1682 3399 1738 etiam
3423 1680 3493 1737 de
3514 1688 3717 1752 poste;

2119 1774 2198 1829 ris
2230 1771 2456 1830 Davidis
2479 1815 2495 1842 ,
2525 1773 2623 1844 qui
2662 1788 2761 1845 per
2800 1781 3047 1844 tempora
3090 1771 3394 1828 secundum
3440 1769 3534 1826 Dei
3575 1785 3704 1842 pro-

392 1861 694 1936 παροῦσαν
729 1865 1038 1937 μαρτυρίαν
1065 1866 1445 1939 ἁρμόττουσαν
1480 1867 1580 1939 μὲν
1616 1867 1853 1922 κατὰτὸ
1879 1868 2012 1939 άλη-

2116 1866 2439 1922 missionem
2487 1882 2644 1939 rcges
2692 1866 2909 1923 lsraelis
2938 1866 3271 1922 exstiterunt
3308 1882 3322 1919 :
3364 1863 3512 1920 unde
3553 1877 3705 1919 nunc

394 1948 625 2040 atque
665 1954 1061 2029 ἀναντίρρητον
1104 1958 1215 2012 τῶν
1268 1960 1612 2031 πραγμάτων
1666 1959 1765 2014 ἴδοι
1809 1978 1895 2025 τις
1948 1961 2016 2015 ἂν

391 2046 499 2104 ἰπὶ
524 2047 624 2104 τοῦ
657 2050 937 2104 Δεσπὸτου
982 2051 1243 2124 Χριστοῦ,
1281 2051 1426 2107 κατὰ
1475 2053 1576 2123 τὴν
1599 2054 1658 2106 ἐν
1694 2055 1809 2117 τοῖς
1846 2053 2017 2123 Εὑαγ.

386 2135 608 2215 pilos;
659 2140 880 2210 φωνήν·
933 2140 1242 2212 λεγομένων
1282 2142 1347 2195 ὲκ
1393 2141 1488 2197 τοῦ
1543 2143 1708 2197 Δαυῒδ
1751 2142 2016 2214 βασιλέοιν

390 2227 501 2295 τοῦ
538 2229 758 2304 Ἰσραὴλ
796 2232 887 2288 διὰ
927 2231 1026 2305 τὴν
1061 2233 1394 2303 ἐπαγγελίαν
1421 2235 1520 2307 τὴν
1559 2234 1744 2289 θείαν·
1788 2235 1912 2291 ὃθεν
1951 2236 2016 2309 δὴ

390 2320 500 2385 ut
543 2319 642 2375 νῦν
682 2322 712 2376 6
762 2323 1075 2395 προφήτης,
1117 2325 1210 2378 ὲπί
1241 2324 1335 2379 τοῦ
1374 2325 1681 2398 Ζοροϐάϐελ
1724 2326 1894 2398 αὐτὴν
1928 2327 2015 2391 ἐξ·

389 2412 629 2485 εἰληφεν
664 2414 893 2491 εἰκότως
915 2433 927 2446 °
961 2413 1155 2485 ἐπειδὴ
1172 2416 1283 2490 γὰρ
1315 2417 1386 2473 τὰ
1420 2418 1561 2489 μετὰ
1607 2418 1707 2490 τὴν
1753 2420 2015 2473 ἐπάνοδον

391 2502 559 2573 ἔλεγε
594 2503 694 2577 τὴν
737 2505 847 2559 ἀπὸ
890 2506 1226 2573 Βαϐυλῶνος,
1261 2511 1357 2563 καὶ
1398 2508 1497 2580 τὴν
1522 2508 1712 2580 ἔφοδον
1744 2508 1854 2563 τῶν
1885 2510 2016 2582 περὶ

387 2592 491 2657 τὸν
522 2592 669 2664 Γὼγ,
696 2597 799 2668 τήν
832 2613 894 2649 τε
924 2597 1310 2668 ἐπενεχθεῖσαν
1348 2600 1535 2664 αὐτοῖς
1561 2600 1714 2671 παρὰ
1752 2600 1844 2654 τοῦ
1875 2600 2014 2655 Θεοῦ

387 2686 700 2757 τιμωρίαν,
728 2687 1038 2753 ἀκολούθως
1070 2689 1345 2763 μέμνηται
1382 2691 1476 2745 καὶ
1501 2690 1595 2745 τοῦ
1618 2678 1750 2746 ’κατ’
1772 2694 2012 2763 ἐπαγγεο

388 2776 523 2832 λίαν
558 2777 712 2833 θείαν
744 2779 810 2833 ἐκ
844 2782 945 2852 τῆς
971 2782 1065 2836 τοῦ
1103 2784 1268 2839 Δαυῒδ
1290 2784 1542 2856 διαδοχῆς
1578 2784 1676 2857 τὴν
1713 2787 1887 2858 ἀρχὴν
1918 2786 2014 2839 αύ-

385 2869 509 2923 τῶν
549 2869 675 2924 τότε
721 2875 1183 2946 πεπιστευμένου,
1222 2875 1298 2940 ὡς
1348 2875 1414 2931 ἂν
1445 2876 1671 2943 δείξειεν
1702 2880 1797 2932 καὶ
1830 2877 1899 2932 τὰ
1926 2877 2012 2934 διὰ

2114 1958 2279 2014 etiam
2320 1958 2588 2030 prapheta
2639 1960 2708 2015 de
2752 1957 3093 2020 Zorobabele
3150 1958 3353 2014 merito
3410 1955 3700 2013 intellexit.

2115 2050 2251 2106 Nam
2283 2067 2409 2107 cum
2434 2053 2502 2108 de
2524 2052 2690 2109 rebus
2708 2062 2830 2123 post
2862 2052 3095 2107 reditum
3112 2050 3390 2123 Babylone
3422 2050 3701 2125 loquatur,

2115 2142 2262 2199 etde
2278 2142 2414 2214 Gogi
2448 2142 2786 2208 incursione,
2813 2147 3180 2197 consentanee
3204 2139 3455 2197 meminit
3476 2147 3531 2196 et
3553 2137 3719 2212 illius.

2116 2236 2185 2293 de
2240 2235 2467 2292 Davidis
2502 2237 2675 2307 stirpe
2728 2235 3004 2298 hominis,
3062 2233 3154 2288 cui
3190 2240 3325 2291 tunc
3362 2232 3705 2304 principatus

2113 2327 2351 2384 traditus
2379 2336 2530 2393 erat;
2557 2334 2617 2382 ut
2645 2324 2937 2391 ostendat,
2966 2339 3309 2395 quaecunque
3338 2323 3429 2403 hic
3458 2323 3527 2380 ad
3552 2322 3706 2379 salu-

2112 2429 2220 2477 tem
2247 2420 2428 2491 gentis
2461 2418 2691 2483 fecerit,
2729 2434 2793 2475 ea
2821 2435 2887 2474 ex
2918 2418 3011 2475 Dei
3062 2416 3131 2472 ad
3172 2415 3430 2472 Davidem
3466 2414 3706 2486 promis-

2113 2513 2268 2570 sione
2292 2500 2415 2567 ‘vim
2452 2512 2752 2580 accepisse.
2788 2509 2944 2567 Unde
2972 2518 3027 2568 et
3060 2509 3200 2565 dixit
3230 2528 3245 2564 :
3292 2527 3312 2561 ‹
3345 2507 3705 2580 Egressiones

2110 2604 2234 2675 ejus
2267 2602 2337 2658 ab
2367 2601 2549 2668 initio,
2584 2617 2614 2655 a
2634 2602 2830 2658 diebus
2858 2602 3189 2658 aeternitatis
3210 2619 3255 2655 τι
3291 2600 3492 2672 quibus
3522 2599 3706 2657 verbis

2118 2695 2410 2768 signiﬁcat,
2432 2695 2578 2765 quod
2601 2681 2767 2765 supra
2795 2695 3003 2750 dictum
3034 2694 3137 2749 l‘uit
3164 2701 3329 2764 atque
3343 2692 3727 2763 promissum,

2120 2786 2175 2842 id
2206 2786 2373 2842 Deum
2400 2802 2594 2858 reapse
2626 2785 3068 2858 pronuntiavisse
3098 2825 3114 2851 ,
3151 2792 3318 2856 atque
3355 2785 3424 2839 ab
3459 2783 3617 2840 initio
3644 2792 3708 2838 ut

2123 2880 2241 2936 ﬁeri
2274 2887 2481 2950 posset,
2518 2878 2899 2935 constituisse.
2928 2876 3123 2933 Postea
3157 2876 3347 2937 addit:

382 2961 593 3018 τούτου
641 2964 771 3036 περὶ
816 2967 878 3021 τὸ
927 2967 1079 3033 ἔθνος
1123 2970 1577 3043 κατορθωθέντα,
1628 2972 1718 3028 διὰ
1746 2975 1845 3049 τὴν
1871 2970 1970 3048 ήδη
2013 2975 2388 3048 γεγενημένην
2453 2974 2592 3047 πρὸς
2651 2973 2743 3030 τὸν
2815 2972 2980 3027 Δαυῖδ
3031 2972 3363 3043 ἐπαγγελίαν
3425 2970 3519 3024 τοῦ
3569 2968 3706 3023 Θεοῦ

384 3062 498 3134 τὴν
528 3060 687 3131 ἰσχὺν
728 3059 1039 3134 εἰληφέναι·
1069 3063 1194 3118 ὅθεν
1245 3067 1338 3121 καὶ
1388 3061 1543 3121 εἶπεν
1603 3067 1747 3135 τὸν(
1784 3068 1853 3123 Αἰ
1888 3068 2059 3145 ἔξοδοι
2109 3069 2274 3125 αὐτοῦ
2315 3071 2408 3123 ἀπ’
2443 3069 2618 3141 ἀρχῆς
2665 3067 2727 3134 ἐξ
2764 3067 2989 3141 ἡμερῶν
3023 3068 3251 3131 αἰῶνος
3288 3085 3307 3120 ³
3341 3065 3428 3121 ἵνα
3465 3065 3596 3139 εἴπῃ
3626 3063 3708 3117 ὅτε

385 3157 462 3212 τὰ
493 3154 709 3216 ἄνωθεν
740 3155 1007 3237 εἰρημένα
1040 3161 1244 3223 τεκκαὶ
1284 3161 1695 3234 ἐπηγγελμένα,
1763 3161 1918 3234 παρὰ
1967 3162 2067 3223 τοῦ,
2106 3164 2242 3221 Θεοῦ
2278 3162 2643 3235 προεϐάλετο·
2688 3159 2877 3217 τοῦτον
2934 3161 3016 3225 εἰς
3046 3158 3145 3232 τὴν
3182 3157 3359 3230 ἀρχὴν
3415 3153 3712 3229 δυνηθῆναί

386 3265 454 3308 τε
481 3250 763 3321 πεποίηκε
796 3248 1044 3317 τοιαῦτα.
1073 3248 1206 3306 Εἶτα
1238 3253 1453 3323 ἐπάγει·

468 3426 628 3499 Στίχ.
655 3434 726 3498 γ’,
761 3428 824 3484 6’.
854 3460 925 3471 —
964 3448 982 3482 ι
1019 3431 1121 3486 Διὰ
1146 3431 1306 3496 τοῦτο
1327 3432 1715 3500 δὼσειαύτοὺς
1752 3435 1857 3500 ἕως
1894 3453 2012 3490 και-

2197 3433 2361 3490 Vens.
2397 3434 2454 3500 5,
2483 3433 2538 3488 4.
2571 3465 2637 3475 -
2669 3432 3013 3506 «Ριιοριενοσ
3046 3431 3203 3489 dabit
3257 3446 3354 3489 eos
3407 3446 3582 3504 usque
3636 3432 3731 3490 ad;

391 3521 497 3593 ροῦ
533 3522 833 3593 τικτούσης
868 3523 1102 3590 τέξεται.
1138 3546 1157 3579 ι
1189 3527 1411 3583 Ὠδίνειν
1442 3530 1537 3583 καὶ
1575 3528 1782 3589 τίκτειν
1814 3529 2014 3585 πολλά-

394 3630 492 3677 κις
524 3614 561 3685 ἡ
592 3612 717 3667 θεία
745 3613 896 3685 λέγει
926 3616 1120 3689 Γραφὴ
1155 3618 1231 3689 (p.
1255 3617 1384 3689 294)
1415 3619 1478 3673 τὸ
1510 3622 1568 3674 ἐν
1601 3620 1750 3694 μέσῳ
1768 3621 1876 3679 τῶν
1898 3623 2012 3680 δει-

392 3704 512 3759 νῶν
538 3704 847 3777 παράδοξον
866 3709 966 3779 τὴν
988 3708 1139 3762 θείαν
1159 3710 1549 3780 ἀναφαίνεσθαι
1568 3712 1820 3786 βοήθειαν
1833 3732 1849 3749 ο
1866 3715 2010 3770 οὕτω

392 3794 563 3865 λέγει
584 3795 669 3861 τὸ,
704 3814 723 3846 ι
765 3796 866 3850 Διὰ
891 3796 985 3850 τὸν
1012 3799 1176 3869 φόϐον
1203 3816 1320 3866 σου,
1346 3799 1541 3872 Κύριε,
1568 3803 1626 3856 ὲν
1656 3805 1858 3877 γαστρὶ
1882 3804 2007 3861 ἐλά-

398 3885 608 3957 ϐομεν,
647 3885 744 3939 καὶ
765 3885 1129 3967 ὠδινήσαμεν,
1165 3890 1258 3943 καὶ
1289 3890 1550 3963 ὲτέκομεν
1572 3893 1801 3965 πνεῦμα,
1828 3912 2009 3967 σωτη-

394 3976 530 4046 ρίας
559 3974 589 4029 ὃ
629 3976 895 4048 ἐποίησας
928 3979 1021 4032 ἐπὶ
1063 3979 1297 4053 τῆςγῆς
1318 3998 1330 4012 ·
1368 3982 1512 4039 (θῖνα
1545 3984 1695 4057 εἴπῃ,
1717 3985 1801 4038 ὅτι
1837 3985 2005 4059 ’Υπὲρ

390 4062 472 4122 ὧν
503 4067 862 4141 ὲφοϐούμεθά
890 4087 973 4136 σε,
1006 4072 1377 4144 συνελάϐομεν
1413 4076 1471 4128 ὲν
1493 4075 1677 4140 αὐτοῖς
1700 4075 1798 4150 τὴν
1829 4077 2004 4152 ἀπόρ-

393 4160 572 4233 ρητόν
605 4177 706 4215 σου
731 4163 915 4233 χάριν,
943 4163 1037 4234 ἀφ’
1067 4160 1136 4237 ἦς
1159 4163 1247 4219 διὰ
1265 4165 1473 4221 πολλῶν
1488 4167 1701 4229 ,ὠδίνων
1721 4171 1778 4223 ἐν
1805 4171 1883 4242 τῷ
1902 4190 2002 4243 με-

388 4252 557 4323 γέθει
585 4251 697 4307 τῶν
726 4252 914 4307 κακῶν
933 4256 1181 4328 σωτηρίαι
1204 4258 1338 4327 ἡμῖν
1367 4258 1642 4333 ἀπετέχθη
1659 4262 1961 4332 παράδοξος
1983 4279 1997 4293 ’

392 4338 691 4395 κάνταῦθα
714 4340 895 4395 τοίνυν
917 4342 993 4406 ὡς
1028 4343 1094 4397 ἂν
1116 4345 1216 4414 τῆς
1248 4345 1604 4421 Ἰερουσαλὴμ
1633 4350 2003 4424 συλλαϐούσης

388 4451 454 4488 τε
490 4434 563 4487 ὲκ
587 4433 690 4505 τῆς
716 4432 868 4499 θείας
892 4434 1117 4507 χάριτος
1146 4438 1240 4491 καί
1267 4439 1368 4510 τὴν
1386 4439 1593 4512 δωρεάν
1621 4442 2001 4515 άποτεκούσης

393 4525 637 4598 ταύτην,
662 4528 756 4597 ἀφ’
784 4523 855 4600 ἧς
881 4529 1038 4584 αὐτοί
1081 4548 1142 4584 τε
1181 4530 1618 4604 περιεσώθησαν,
1648 4533 1743 4587 καὶ
1777 4534 2013 4605 παντελῆ

392 4620 503 4689 τὴν
541 4617 819 4674 ἀπώλειαν
848 4620 1099 4689 ἐδέξαντο
1131 4624 1181 4677 οἰ
1220 4623 1506 4695 πολέμιοι,
1543 4623 1703 4679 τοῦτο
1744 4625 1892 4695 λέγει
1930 4626 2013 4680 ὅτι

2114 3535 2366 3597 tempus,
2410 3541 2522 3597 quo
2563 3525 2785 3596 pariens
2817 3526 3015 3597 pariet.
3048 3545 3067 3579 ι
3111 3523 3395 3581 Parturire
3426 3531 3481 3580 et
3511 3537 3710 3595 parere

2114 3635 2259 3691 saape
2278 3618 2416 3675 dicit
2451 3618 2641 3675 divina
2673 3618 2981 3690 Scriptura,
3015 3632 3141 3674 cum
3168 3618 3223 3674 in
3251 3616 3450 3674 mediis
3477 3615 3709 3672 calami-

2114 3712 2324 3773 tatibus
2380 3710 2629 3767 divinum
2684 3710 2966 3782 insperato
3017 3710 3280 3764 auxilium
3328 3707 3571 3779 aﬂ'ulget.
3611 3704 3733 3763 Sic.

2115 3803 2251 3857 aitu
2264 3800 2498 3873 Propter
2547 3802 2800 3857 timorem
2835 3800 2936 3864 tui,
2968 3797 3197 3856 Domine
3220 3838 3236 3863 ,
3268 3797 3324 3854 in
3352 3805 3547 3854 ventre
3573 3810 3707 3853 con-

2113 3895 2397 3965 cepimus,
2430 3902 2485 3950 et
2540 3892 2935 3964 parturivimus
2978 3906 3043 3948 ac
3104 3890 3419 3962 peperimus
3448 3888 3705 3962 spiritum

2115 3987 2311 4044 salutis
2347 4002 2510 4058 quem
2564 3987 2619 4041 in
2662 3994 2810 4042 terra
2861 3984 3041 4043 fecisti
3074 3986 3160 4051 87;
3189 4003 3208 4038 ι
3246 3990 3306 4040 ιιι
3349 3982 3533 4041 dicat:
3565 3980 3728 4049 Quia,

2119 4078 2277 4150 1-93
2308 4085 2362 4134 te
2390 4077 2697 4144 timuimus,
2725 4077 3084 4148 concepimus
3104 4075 3160 4132 in
3189 4076 3348 4132 nobis
3371 4071 3702 4131 inen‘abilem

2113 4171 2346 4242 gratiam
2379 4178 2528 4226 tuam
2549 4212 2565 4239 ,
2596 4185 2627 4225 a
2666 4186 2773 4241 qua
2804 4185 2901 4241 per
2927 4170 3134 4225 multos
3175 4168 3397 4225 dolores
3436 4167 3492 4223 in
3542 4166 3705 4223 malis

2114 4260 2372 4317 maximis
2411 4262 2564 4316 salus
2613 4261 2776 4316 nobis
2809 4259 3140 4315 mirabiliter
3188 4265 3344 4330 parta
3377 4265 3483 4314 est.
3534 4256 3720 4328 Igitur.

2116 4353 2222 4409 hoc
2260 4367 2479 4423 quoque
2508 4353 2635 4409 loco
2656 4394 2674 4420 ,
2708 4355 2867 4423 quasi
2894 4350 3239 4407 Hierusalem
3266 4367 3335 4407 ex
3367 4350 3553 4406 divina
3577 4365 3705 4419 gra-

2115 4444 2191 4499 tia
2217 4445 2585 4514 concepisset,
2620 4450 2788 4514 atque
2818 4442 2924 4499 hoc
2953 4441 3160 4497 donum
3199 4441 3523 4512 peperisset,
3542 4439 3703 4508 cujus

2112 4533 2381 4592 beneﬁcio
2408 4533 2515 4604 ipsi
2548 4532 2684 4589 salvi
2719 4528 3085 4597 exstitissent,
3122 4531 3310 4587 hostes
3340 4535 3535 4586 contra
3576 4528 3704 4596 iun-

2116 4627 2264 4683 ditus
2290 4626 2610 4698 periissem,
2641 4624 2716 4679 ait
2748 4639 2810 4680 se
2844 4621 3102 4678 inimicos
3138 4621 3308 4677 exitio
3343 4619 3703 4685 traditurum,

392 4711 533 4774 τοὺς
556 4710 838 4775 ἐναντίους
862 4711 1178 4785 παραδώσει
1204 4714 1468 4788 ἀπωλείᾳ,
1505 4715 1692 4789 ἐπειδὴ
1707 4719 1789 4789 τῇ
1812 4718 2012 4790 Ἰερου-

2117 4721 2378 4793 quoniam
2410 4719 2533 4775 urbi
2570 4717 2873 4774 Jerusalem
2901 4723 3029 4788 post
3061 4715 3282 4772 dolores
3329 4714 3533 4769 multos
3565 4728 3705 4785 quos

397 4799 593 4871 σαλήμ
632 4801 773 4872 μετὰ
811 4803 1280 4873 πολλῶνιώδίνων,
1313 4805 1382 4872 ἃς
1415 4786 1705 4880 ύπέμεινεν
1721 4786 1780 4861 ἐν
1803 4786 2012 4881 τῇττῶν

2119 4786 2348 4882 pertulit
2394 4807 2451 4863 in
2482 4806 2725 4864 hostium
2767 4786 3028 4871 incursu,
3085 4804 3340 4861 mirabile
3371 4810 3590 4876 partum
3621 4812 3708 4861 est

396 4891 687 4963 πολεμίων
708 4895 905 4970 ἐφόδῳ,
932 4895 1209 4969 άπετέχθη
1241 4896 1335 4952 τοῦ
1372 4897 1509 4952 Θεοῦ
1542 4899 1746 4972 δωρεά.
1773 4919 1791 4952 ι
1825 4901 1937 4954 Καὶ
1965 4901 2016 4954 οἰ

395 4988 681 5045 ἐπίλοιποι
710 4990 821 5045 τῶν
843 4989 1090 5060 ἀδελφῶν
1117 4990 1283 5045 αὑτοῦ
1315 4991 1737 5062 ἐπιστρέφουσιν
1772 4992 1870 5050 ἐπὶ
1889 4993 2015 5057 τοὺς

396 5083 561 5147 υἱοὺς
603 5083 846 5156 Ἰσραήλ.
903 5103 923 5137 ι
972 5083 1107 5136 Τότε
1151 5082 1260 5155 γάρ
1303 5082 1369 5155 δὴ
1416 5082 1619 5148 πάντες
1663 5084 1713 5139 οἰ
1764 5084 1871 5143 ἀπὸ
1912 5083 2016 5154 τῆς

394 5175 790 5249 αἰχμαλωσίας
814 5173 1222 5242 ἐπανελθόντες,
1256 5174 1432 5229 κοινὸν
1461 5177 1759 5247 ἡγήσονται
1791 5173 2016 5247 βασιλέα

396 5271 496 5324 τὸν
560 5267 903 5338 Ζοροϐάϐελ·
957 5268 1143 5323 οὐκέτι
1205 5268 1313 5341 ἰδία
1375 5268 1476 5340 μὲν
1539 5268 1859 5340 ἀρχομένων
1908 5264 2020 5320 τῶν

391 5362 544 5419 δέκα
571 5359 780 5431 φυλῶν,
808 5362 909 5433 τῆς
942 5361 1014 5426 δὲ⁴
1039 5360 1209 5415 Ἰούδα
1244 5360 1414 5431 μόνης
1447 5357 1586 5430 μετὰ
1626 5360 1724 5430 τῆς
1758 5358 2019 5430 Βενιαμὶν

395 5456 538 5518 τοὺς
562 5458 629 5509 ἐκ
652 5454 745 5508 τοῦ
771 5451 937 5507 Δαυῒδ
956 5453 1218 5524 βασιλέας
1241 5450 1383 5506 κατά
1407 5449 1468 5504 τὸ
1503 5449 1738 5522 πρόσθεν
1764 5450 2018 5522 ἐχούσης,

398 5550 550 5608 ἀλλὰ
581 5548 802 5602 πάντων
831 5546 929 5600 ἕνα
958 5544 1182 5616 βασιλέα
1230 5542 1323 5598 τὸν
1365 5540 1672 5614 Ζοροϐάϐελ
1699 5541 2021 5613 ἡγουμένων

398 5642 620 5699 λοιπόν.
641 5638 804 5695 υῦτω
824 5637 921 5692 καὶ
945 5638 974 5691 6
1006 5636 1276 5708 μακάριος
1310 5634 1466 5704 Ὠσηὲ
1499 5633 1683 5701 λέγει’
1709 5654 1728 5685 ι
1763 5635 1873 5689 Καὶ
1904 5652 2020 5689 συν-

499 5826 545 5858 ⁸³
588 5824 725 5881 ibid.
762 5823 853 5890 30,
892 5822 984 5879 53.
1063 5822 1108 5853 ⁸⁸
1133 5820 1265 5877 Luc.
1304 5837 1342 5889 l,
1370 5822 1456 5879 32.

1536 5822 1579 5852 ⁸⁷
1622 5820 1724 5875 lsa.
1774 5833 1921 5881 xxvi,
1961 5819 2035 5877 18.

2121 4900 2217 4957 Dei
2265 4900 2492 4956 donum.
2531 4897 2640 4953 «Et
2683 4898 2881 4970 reliqui
2917 4897 3115 4955 fratres
3146 4897 3269 4969 ejus
3316 4902 3708 4953 convertentur

2119 4982 2362 5049 ad‘lilios
2400 4990 2676 5048 lsraelis.»
2715 4991 2879 5049 Tunc.
2900 5005 3094 5051 omnes
3120 5005 3152 5045 a
3193 4990 3510 5060 captivitate
3540 4989 3707 5045 redu-

2118 5100 2232 5149 ces,
2270 5098 2620 5139 communem
2643 5081 3041 5139 existimabunt
3068 5096 3249 5152 regem
3285 5079 3705 5136 Zorobabelem:

2118 5175 2265 5232 haud
2318 5175 2529 5232 diutius
2564 5189 2815 5231 seorsum
2856 5174 3044 5231 decem
3078 5173 3331 5229 tribubus
3380 5172 3486 5227 sub
3536 5186 3731 5241 regno.
3778 5168 3793 5187 ‘

2118 5268 2434 5326 constitutis
2453 5307 2469 5332 ,
2505 5267 2642 5324 solis
2666 5282 2798 5323 vero
2835 5266 2993 5322 Judae
3016 5281 3083 5321 ac
3111 5263 3416 5334 Benjamini
3449 5263 3711 5320 tribubus

2121 5377 2278 5433 rcges
2305 5361 2373 5417 de
2412 5359 2633 5416 Davidis
2671 5359 2845 5429 stirpe
2877 5365 2936 5413 ut
2994 5367 3154 5411 antea
3203 5353 3576 5422 habentibus;
3608 5354 3706 5409 scd

2119 5453 2337 5509 cunctis
2361 5466 2531 5505 unum
2558 5464 2739 5521 regem
2760 5448 3154 5505 Zorobabelem
3185 5444 3385 5501 abhinc
3406 5458 3708 5516 agnoscen-

2121 5548 2290 5602 tibus.
2331 5542 2424 5599 Sic
2450 5542 2614 5597 etiam
2654 5542 2847 5598 beatus
2879 5539 3051 5598 Oseas
3082 5538 3295 5596 aiebat:
3331 5558 3348 5591 ι
3379 5537 3446 5592 Ει
3477 5552 3708 5609 congre-

2124 5640 2397 5710 gabuntur
2420 5634 2513 5690 lilii
2540 5631 2695 5690 Iuda:
2727 5642 2779 5691 ct
2814 5634 2906 5691 filii
2939 5633 3159 5692 lsraelis
3186 5634 3242 5690 in
3265 5630 3320 5689 id
3343 5632 3547 5704 ipsum,
3574 5646 3708 5690 con:
