4118 6498
406 362 513 424 575

1611 363 1959 420 TllhODORl
1990 367 2121 423 MO?
2138 366 2470 423 SEESTENI

3566 370 3672 424 576

408 480 745 550 stitucntque
778 478 877 533 sibi
915 494 1140 548 regnum
1168 495 1333 533 unum
1366 481 1430 534 ⁸⁸.
1462 502 1480 533 ι
1528 482 1665 539 Tum
1710 494 1763 540 et
1795 491 1986 540 beatus

2096 484 2417 556 αχθήσονται
2450 486 2500 537 οἱ
2529 486 2636 537 υἱοὶ
2680 483 2850 537 Ἰούδα
2897 486 2991 537 καὶ
3038 484 3087 537 oi
3126 484 3228 536 υἱοὶ
3265 483 3478 553 Ἰσραὴλ
3509 485 3598 537 ἐπὶ
3620 486 3681 538 τὸ

409 571 619 626 David:
659 570 844 626 «Ecce
892 586 1056 640 quam
1109 570 1312 625 bonum
1359 579 1414 626 ct
1464 587 1627 642 quam
1678 576 1984 644 jucundum

408 662 657 718 habitare
690 663 888 718 fratres
919 662 973 717 iu
999 662 1052 717 id
1086 663 1266 732 ipsum
1288 663 1333 695 ⁸³
1363 664 1375 717 ἔ
1408 685 1425 715 ›
1458 667 1807 721 concordiam
1840 669 1986 738 ipso-

406 768 528 815 rum
563 752 803 807 futuram
835 753 980 807 circa
1007 753 1217 810 reditus
1248 765 1461 824 tempus
1502 757 1588 811 bis
1609 758 1791 813 verbis
1817 760 1985 829 signi-

407 847 600 909 ticans,
637 860 801 915 quam
838 847 1239 901 conservabant
1260 849 1362 902 sub
1403 864 1511 902 uno
1544 864 1667 919 rege
1696 851 1983 905 constituti

407 938 686 1006 deinceps.
730 935 843 990 [loc
884 939 1067 1006 itaque
1108 939 1311 1008 pariter
1370 940 1489 994 loeti
1548 940 1809 1009 propheta
1871 942 1979 997 ait:

412 1047 431 1077 ι
456 1038 509 1082 ct
539 1027 732 1097 reliqui
773 1028 998 1083 fratres:
1038 1047 1056 1079 ι
1122 1044 1219 1098 pro
1248 1044 1314 1083 eo
1352 1045 1417 1083 ac
1452 1030 1634 1084 dicat:
1664 1030 1859 1085 Cuncti
1890 1034 1982 1102 qui

404 1119 737 1176 extraJudaz
783 1120 983 1173 tribum
1043 1130 1201 1183 sunt,
1248 1120 1650 1192 conjungentur
1683 1139 1806 1178 cum
1859 1126 1984 1179 reli-

406 1213 529 1281 quis
552 1212 765 1268 Israelis
796 1212 942 1276 filiis,
971 1227 1140 1266 unum
1171 1213 1532 1284 eumdemque
1566 1230 1746 1284 regem
1775 1216 1983 1270 baben-

404 1313 509 1367 tes.
557 1323 575 1354 ι
602 1304 669 1357 Et
697 1303 861 1358 stabit
911 1311 964 1357 et
1015 1301 1221 1358 videbit
1249 1312 1302 1357 et
1342 1312 1529 1372 pascet
1561 1321 1776 1375 gregem
1821 1322 1980 1360 suum

406 1411 531 1453 rum
568 1395 885 1451 fortitudine
908 1395 1170 1449 Dominus
1197 1415 1207 1448 :
1243 1407 1297 1450 et
1332 1398 1384 1451 in
1420 1398 1590 1467 gloria
1622 1398 1861 1451 nominis
1886 1396 1983 1452 Do-

408 1488 543 1543 mini
569 1486 664 1543 Dei
700 1489 784 1546 sui
825 1496 1020 1551 erunt;
1051 1489 1176 1557 quia
1230 1504 1376 1542 nunc
1429 1488 1863 1559 Inaguifieabitur
1890 1505 1982 1545 us-

406 1597 513 1651 que
559 1581 625 1636 ad
678 1582 943 1636 terminos
993 1590 1169 1636 terra}.
1207 1600 1225 1632 ι
1279 1581 1428 1646 Erit,
1472 1581 1681 1651 inquit,
1716 1596 1814 1651 per
1861 1582 1981 1649 ejus

406 1672 668 1742 temporis
699 1688 880 1743 regem
923 1673 1141 1741 propria
1177 1687 1309 1727 cura
1344 1687 1575 1741 pascens
1609 1672 1768 1737 Deus,
1804 1673 1896 1742 qui
1928 1681 1982 1728 et

407 1763 532 1819 illos
584 1764 824 1819 illustres
863 1764 1084 1817 nomine
1138 1780 1240 1819 suo
1270 1763 1500 1820 efﬁciet:
1557 1770 1981 1833 constanterque

2092 577 2245 641 αὐτὸ,
2274 575 2349 645 (p.
2370 576 2495 645 9.95)
2520 577 2612 629 καὶ
2634 575 2889 644 θήσονται
2917 577 3127 639 ἑαυτοῖς
3146 574 3320 645 ἀρχὴν
3353 575 3502 644 μίαν.
3529 593 3546 626 ιι
3570 576 3681 630 Καὶ

2090 669 2119 719 ὀ
2149 666 2415 737 μακάριος
2446 668 2475 718 6
2501 666 2693 719 Δαυῖδ·
2730 684 2748 716 ι
2785 663 2915 717 Ἱδοῦ
2942 663 3005 734 δὴ
3083 663 3134 715 τί
3168 663 3328 715 καλὸν
3366 664 3458 715 καὶ
3477 662 3530 714 τί
3556 678 3682 733 τερ-

2092 760 2243 823 πνὸν,
2276 758 2452 828 ἀλλ’ἢ
2492 758 2554 811 τὸ
2598 759 2870 811 κατοικεῖν
2910 755 3172 824 ἀδελφοὺς
3219 756 3312 807 ἐπὶ
3340 754 3401 808 τὸ
3439 754 3608 808 αύτόί
3651 750 3671 807 β

2089 851 2186 921 τὴν
2214 852 2467 920 ὁμόνοιαν
2511 848 2689 903 αὐτῶν
2730 849 2828 919 τὴν
2876 848 3140 917 ἐσομένην
3168 846 3309 899 κατὰ
3340 847 3431 899 τὺν
3452 847 3552 916 τῆς
3578 846 3677 899 ἐπ-

2094 942 2280 996 ανόδου
2339 943 2527 1013 καιρὸν
2581 943 2637 994 ἐν
2668 939 2842 1010 τούτῳ
2889 938 3208 1008 σημαίνων,
3272 938 3339 1007 ἥν
3396 936 3678 1001 ἁπέσωζον

2087 1037 2177 1104 ὑφ’
2207 1035 2286 1090 ἐνὶ
2324 1033 2403 1104 τῷ
2443 1033 2776 1104 βασιλεύοντι
2817 1030 3159 1093 καθεστῶτες
3196 1030 3402 1084 λοιπόν.
3446 1030 3677 1099 Ὁμοίως

2086 1123 2179 1181 οὖν
2208 1124 2485 1181 κάνταῦθα
2512 1128 2541 1180 6
2570 1125 2854 1202 προφήτης
2895 1122 3063 1190 λέγει,
3114 1123 3194 1174 ὅτι
3226 1140 3244 1172 ι
3290 1122 3400 1173 Καὶ
3429 1123 3476 1173 οἱ
3498 1116 3677 1172 λοιποὶ

2085 1219 2192 1273 τῶν
2216 1216 2481 1286 ἀδελφῶν,
2513 1235 2534 1270 ι
2563 1218 2648 1270 ἵνα
2678 1217 2825 1287 εἴπῃ,
2851 1215 2932 1268 ὅτι
2956 1215 3155 1275 πάντες
3183 1213 3276 1265 καὶ
3294 1214 3341 1264 oi
3370 1212 3469 1280 τῆς
3508 1211 3676 1264 Ἰούδα

2086 1310 2260 1380 φυλῆς
2303 1309 2461 1372 ἐκτὸς
2513 1307 2939 1378 συναχθήσονται
2986 1308 3099 1368 τοῖς
3151 1305 3357 1367 λοιποῖς
3403 1306 3537 1366 υἱοῖς
3580 1302 3674 1355 τοῦ

2097 1401 2332 1473 Ἰσραὴλ,
2362 1401 2458 1453 ἕνα
2489 1399 2697 1454 καὶτὸν
2722 1398 2883 1452 αὑτὸν
2914 1397 3208 1469 ἡγούμενοι
3240 1395 3482 1465 βασιλέα.
3513 1414 3530 1445 ι
3565 1396 3677 1448 Καὶ

2085 1492 2340 1563 στήσεται
2373 1491 2466 1543 καὶ
2494 1491 2700 1560 ὄψεται,
2727 1490 2820 1543 καὶ
2854 1491 3109 1559 ποιμανεῖ
3140 1488 3201 1540 τὸ
3230 1488 3473 1556 ποίμνιον
3508 1486 3675 1540 αὐτοῦ

2084 1587 2142 1637 ἐν
2179 1583 2323 1654 ἰσχύϊ
2359 1583 2594 1654 Κύριος·
2639 1583 2734 1635 καὶ
2779 1583 2837 1634 ἐν
2884 1583 2950 1652 τῇ
2994 1580 3121 1653 δόξῃ
3168 1580 3432 1649 ὀνόματος
3463 1577 3674 1646 Κυρίου

2083 1677 2176 1730 τοῦ
2204 1676 2340 1729 Θεοῦ
2371 1676 2548 1728 αὐτῶν
2579 1674 2941 1745 ὑπάρξουσιν’
2972 1673 3105 1725 διότι
3141 1672 3236 1727 νῦν
3272 1671 3673 1741 μεγαλυνθήσε-

2082 1782 2172 1818 ται
2206 1765 2309 1827 ἓως
2337 1764 2520 1835 ἄκρων
2549 1767 2645 1835 τῆς
2667 1765 2787 1834 γῆς.
2825 1782 2843 1815 ι
2872 1763 3064 1815 Ἔσται
3092 1762 3169 1821 δὲ,
3200 1762 3385 1832 φησὶν,
3414 1762 3443 1813 6
3467 1758 3554 1813 διὰ
3580 1757 3674 1811 τοῦ

407 1873 505 1927 per
530 1858 839 1913 universam
876 1865 1078 1910 terram
1109 1857 1276 1909 multa
1316 1871 1439 1909 eum
1472 1855 1837 1910 admiratione
1863 1858 1979 1909 lau-

2096 1856 2207 1908 τότε
2239 1854 2614 1924 βασιλεύοντος
2640 1855 2883 1917 ἅπαντας
2911 1857 2978 1925 τῇ
3012 1836 3188 1924 οἰκεία
3220 1853 3515 1925 κηδεμονίᾳ
3557 1869 3676 1905 ποι-

407 1947 648 2010 dabitur,
677 1949 805 2017 quia
846 1954 926 2001 tot
958 1956 1218 2017 tantaque
1245 1962 1344 2018 pro
1382 1949 1449 2003 iis
1493 1948 1653 2012 fecit,
1697 1948 1857 2019 194,
1885 1950 1979 2019 qui

408 2037 556 2101 illius
589 2053 788 2093 nomen
844 2040 1214 2109 participant;
1268 2040 1361 2109 qui
1395 2048 1523 2093 sunt
1573 2041 1791 2095 Israelis
1848 2042 1980 2096 ﬁlii:

406 2143 547 2199 quos
603 2145 751 2185 nunc
808 2130 1026 2201 quidem
1067 2131 1134 2185 de
1168 2132 1483 2201 captivitate
1535 2143 1729 2202 praeter
1768 2146 1983 2186 omnem

408 2237 558 2291 spem
582 2222 832 2279 reduxit:
865 2232 1052 2293 postea
1085 2240 1214 2277 vero
1245 2224 1528 2277 victoriam
1563 2240 1734 2294 pauco
1767 2225 1981 2278 illorum

409 2329 638 2369 numero
669 2316 924 2384 patrabit,
949 2330 1055 2385 qua
1087 2316 1541 2371 innumerabilem
1582 2316 1804 2371 fortium
1838 2316 1981 2370 viro-

409 2420 530 2460 rum
558 2406 986 2470 multitudinem,
1004 2416 1101 2476 per
1129 2407 1229 2462 hos
1252 2406 1486 2462 humiles
1514 2423 1847 2478 paucosque,
1884 2424 1983 2464 sua

411 2498 611 2552 virtute
644 2498 870 2553 omnino
898 2498 1224 2569 proﬂigabit.

2092 1946 2295 2017 μαίνων
2329 1947 2480 2009 Θεὸς,
2522 1947 2581 2010 ὃς
2632 1947 2725 2000 καὶ
2755 1946 3032 2009 ἐπιδόξους
3079 1948 3275 2008 αὐτοὺς
3312 1945 3398 1998 διὰ
3431 1945 3529 2016 τὴν
3560 1944 3677 2005 6w-

2093 2039 2295 2109 μασίαν
2343 2039 2635 2110 ἐργάσεται
2680 2038 2779 2110 τὴν
2834 2039 3077 2091 οἰκείαν·
3127 2038 3373 2108 διαμενεῖ
3425 2053 3485 2090 τε
3534 2039 3677 2092 κατὰ

2093 2132 2274 2203 πάσης
2298 2132 2398 2201 τῆς
2426 2134 2527 2202 γῆς
2562 2133 2697 2202 μετὰ
2737 2131 2931 2185 πολλου
2968 2130 3061 2184 τοῦ
3104 2130 3380 2202 θαύματος
3410 2130 3678 2200 ἀνυμνού-

2097 2241 2277 2294 μενος,
2315 2224 2399 2292 ἐφ’
2432 2218 2511 2288 οἷς
2542 2224 2777 2277 τοσαῦτα
2807 2225 2900 2278 καὶ
2926 2223 3228 2293 τηλικαῦτα
3259 2221 3523 2292 πεποίηκε
3552 2221 3678 2292 περὶ
3722 2290 3729 2295 ﬁ

2089 2317 2215 2379 τοὺς
2252 2316 2350 2386 τὴν
2378 2315 2541 2369 αὐτοῦ
2587 2316 2868 2386 μετιόντας
2915 2316 3228 2385 ὀνομασίαν,
3270 2315 3413 2382 λέγω
3446 2314 3509 2383 δὴ
3553 2313 3678 2375 τοὺς

2091 2408 2239 2470 υἱοὺς
2276 2407 2523 2478 Ἰσραήλ·
2567 2407 2663 2462 νῦν
2695 2407 2793 2477 μὲν
2837 2409 3034 2470 αὐτοὺς
3075 2407 3138 2459 ἐκ
3174 2407 3274 2476 τῆς
3304 2404 3678 2476 αἰχμαλωσίας

2093 2500 2244 2573 παρὰ
2272 2504 2451 2557 πᾶσαν
2475 2504 2761 2571 ἐπανάγων
2790 2504 2978 2556 ἐλπίδα
2999 2518 3012 2532 °
3054 2505 3169 2574 μετ’
3199 2505 3374 2557 ἐκεῖνο
3404 2503 3458 2556 δὲ
3489 2504 3547 2554 ἐν
3576 2502 3680 2555 όλί·

408 2606 525 2658 γοις
578 2591 760 2654 αὐτοῖς
808 2591 964 2663 νίκην
1011 2592 1525 2662 καταπραττόμενος
1580 2594 1768 2663 αὐτὴν,
1799 2594 1890 2662 ἀφ’
1935 2589 2003 2665 ἧς
2062 2593 2432 2666 ἀναρίθμητόν
2465 2613 2518 2647 τι
2551 2595 2752 2666 πλῆθος
2796 2595 3121 2666 ἐρρωμένων
3179 2593 3405 2665 ἀνδρῶν,
3451 2594 3524 2664 (p.
3553 2585 3678 2652 296}

409 2681 504 2737 καὶ
545 2683 626 2744 είς
664 2682 963 2753 πολεμικὴν
999 2683 1291 2754 ἐμπειρίαν
1323 2686 1875 2756 παρεσκευασμένων,
1907 2687 1993 2740 διὰ
2021 2687 2127 2741 τῶν
2149 2688 2379 2743 εὐτελῶν
2425 2688 2632 2741 τούτων
2675 2687 2768 2740 καὶ
2827 2687 3206 2758 εύαριθμήτων
3236 2686 3512 2749 παντελῶς
3538 2684 3678 2739 κατά

405 2776 506 2846 τὴν
526 2776 730 2829 οἰκείαν
759 2776 1099 2847 τροπώσεται
1136 2777 1384 2848 δύναμιν.

479 2868 569 2921 Sic
612 2876 791 2922 autem
827 2883 951 2923 cum
982 2884 1046 2923 ea
1081 2869 1347 2933 dixisset,
1404 2886 1525 2940 qua:
1564 2880 1689 2941 post
1745 2872 1979 2927 reditum

2173 2873 2332 2927 Ἀλλά
2358 2871 2466 2943 γὰρ
2491 2869 2633 2925 οὕτω
2654 2868 2722 2922 τά
2744 2868 2879 2939 μετὰ
2893 2869 2991 2939 τὴν
3007 2866 3115 2922 ἀπὸ
3144 2865 3458 2928 Βαϐυλῶνος
3489 2865 3680 2919 ἐπάνο-

411 2958 684 3029 Babylone
715 2957 894 3012 futura
930 2966 1119 3025 erant,
1151 2976 1274 3029 qua:
1299 2961 1560 3016 nimirum
1612 2964 1715 3018 sub
1749 2963 1986 3020 Zoroba-

2096 2966 2177 3019 δον
2206 2962 2519 3034 ὑπάρξοντα
2542 2962 2723 3023 αὐτοῖς
2747 2958 3005 3031 εἰρηκὼς,
3039 2958 3075 3012 ἃ
3104 2958 3195 3011 τοῦ
3235 2957 3537 3027 Ζοροϐάϐελ
3558 2972 3678 3010 κατ’

413 3049 549 3114 bele,
579 3048 800 3105 Davidis
831 3050 999 3119 stirpe
1039 3060 1198 3116 orto,
1227 3052 1385 3123 juxta
1420 3053 1515 3109 Dei
1561 3056 1983 3125 promissionem

413 3151 692 3212 regnante,
734 3141 870 3212 ipsis
908 3144 1029 3209 sine
1062 3144 1231 3199 dubio
1256 3146 1661 3216 contingerent,
1699 3149 1990 3217 promissis

412 3234 649 3303 propriis
692 3233 905 3290 fidelem
950 3233 1117 3290 Deum
1155 3238 1345 3292 volens
1379 3238 1642 3308 propheta
1680 3241 1987 3303 ostendere,

410 3333 465 3380 ct
497 3326 721 3379 multam
748 3325 973 3396 iis,qua:
995 3328 1294 3382 secundum
1321 3327 1566 3399 ejusdem
1589 3312 1987 3399 beneplacitum

414 3419 569 3482 fiunt,
602 3417 768 3472 robur
792 3418 1145 3488 prmbentem,
1200 3434 1385 3476 rerum
1422 3419 1777 3477 Zorobabelis
1815 3438 1990 3478 exem-

415 3509 503 3576 plo
555 3511 745 3562 utitur.
774 3506 1043 3564 Caeterum
1083 3509 1212 3580 quia
1263 3509 1436 3565 multo
1469 3510 1647 3567 serius
1680 3511 1796 3566 haec
1828 3527 1995 3568 even-

414 3610 534 3655 tura
573 3601 928 3667 videbantur,
979 3602 1188 3658 scilicet
1240 3618 1271 3657 a
1309 3602 1587 3675 Babylone
1636 3605 1886 3667 reditus,
1937 3615 1993 3660 et

413 3690 545 3761 Gogi
583 3701 705 3761 post
763 3693 917 3748 illum
976 3693 1210 3748 reditum
1252 3694 1561 3763 expeditio;
1602 3708 1994 3752 commemorat

414 3786 669 3854 propiora
691 3824 706 3850 ,
737 3793 792 3841 et
825 3802 948 3856 qua:
995 3786 1140 3841 haud
1178 3798 1447 3840 remotum
1476 3787 1686 3841 exitum
1741 3788 1994 3843 habitura

413 3882 570 3929 erant
595 3916 610 3941 ,
649 3891 740 3933 res
793 3890 989 3945 nempe
1040 3875 1392 3947 Assyriorum
1434 3878 1538 3932 sub
1563 3875 1798 3944 Ezecia;
1836 3886 1896 3932 ut
1926 3892 1993 3934 ex

416 3967 682 4035 proximis
704 4007 719 4032 ,
752 3981 849 4021 seu
882 3981 992 4020 non
1045 3967 1221 4021 multo
1280 3975 1405 4035 post
1443 3966 1643 4022 futuris
1666 4008 1681 4035 ,
1710 3966 1870 4023 fidem
1924 3969 1995 4024 iis

416 4060 736 4117 conciliaret
766 4074 887 4129 quae
912 4058 1070 4127 longa
1102 4066 1225 4127 post
1256 4065 1502 4127 tempora
1536 4057 1734 4113 forent.
1766 4060 1995 4114 Constat

417 4160 599 4207 autem
635 4151 748 4205 lucc
772 4150 1086 4221 praedixisse
1107 4149 1451 4220 pmphetam,
1478 4158 1537 4204 ut
1567 4151 1705 4205 liber
1729 4151 1992 4219 ostendit,

416 4243 613 4299 diebus
640 4240 938 4305 Joatbami,
978 4248 1033 4296 et
1075 4240 1304 4303 Achazi,
1341 4249 1394 4296 et
1419 4239 1657 4308 Ezecim;
1694 4242 1769 4297 ita
1810 4253 1867 4297 ut
1896 4259 1991 4298 va-

416 4333 667 4390 ticinium
698 4346 869 4405 prope
895 4333 1038 4387 absit
1077 4334 1148 4387 ab
1182 4330 1389 4387 Ezecia’.
1435 4331 1619 4388 rebus.
1648 4330 1755 4388 Sed
1809 4342 1989 4389 tamen

2102 4335 2177 4397 ὡς
2215 4336 2247 4404 ὴ
2269 4334 2461 4397 Βίϐλος
2478 4332 2644 4403 δηλοῖ,
2665 4335 2721 4386 ἐν
2749 4334 2982 4405 ἡμέραις
3012 4334 3248 4405 Ἰωάθαμ
3271 4334 3363 4388 καὶ
3394 4334 3573 4404 ’Λχαζ
3591 4332 3685 4386 καὶ
3784 4373 3805 4381 -

417 4435 551 4481 tunc
573 4424 978 4495 portendebat,
1008 4433 1063 4480 et
1089 4424 1247 4495 quasi
1283 4432 1412 4478 ante
1451 4424 1619 4495 pedes
1658 4426 1997 4496 proponebat

417 4519 626 4573 exitum
656 4517 902 4573 omnium
930 4557 944 4581 ,
979 4531 1167 4571 coram
1202 4516 1273 4572 iis
1305 4517 1399 4588 qui
1439 4532 1563 4573 cum
1604 4525 1731 4572 ante
1760 4532 1876 4572 rem
1907 4533 2001 4588 ge-

2090 3056 2417 3125 ἐπαγγελίαν
2430 3053 2560 3107 Θεοῦ
2581 3055 2643 3106 ὲκ
2660 3053 2749 3105 τοῦ
2764 3050 2925 3105 Δαυῖδ
2942 3051 3117 3105 αὐτῶν
3137 3048 3506 3119 βασιλεύοντος
3521 3066 3676 3119 περι-

2090 3146 2344 3217 γενέσθαι
2372 3146 2587 3207 πάντως
2610 3143 2840 3213 ἤμελλεν
2864 3144 3066 3205 αὐτοῖς,
3094 3140 3280 3211 ἐπειδὴ
3297 3143 3413 3203 ταῖς
3445 3140 3679 3207 ἐπαγγε-

2089 3242 2232 3304 λίαις
2266 3242 2385 3303 ταῖς
2416 3239 2640 3302 οἰκείαις
2691 3237 3023 3307 προσέχοντα
3050 3234 3139 3287 τὸν
3162 3233 3293 3286 Θεὸν
3331 3234 3358 3285 6
3394 3232 3680 3302 προφήτης

2107 3323 2375 3396 ἐϐουλήθη
2401 3326 2591 3394 δεῖξαι,
2614 3326 2814 3398 πολλὴν
2829 3327 2941 3389 τοῖς
2956 3324 3095 3379 κατά
3122 3324 3184 3378 τὸ
3212 3324 3359 3395 αὐτῷ
3376 3323 3488 3395 (59)
3518 3341 3582 3393 γε
3597 3323 3681 3377 δο-

2105 3414 2235 3469 κοῦν
2271 3418 2610 3487 γιγνομένοις
2627 3419 2936 3487 παρέχοντα
2957 3415 3056 3487 τὴν
3078 3415 3251 3485 ἰσχὺν,
3283 3412 3553 3479 ἀποδείξει
3569 3417 3682 3479 τοῖς

2105 3508 2247 3561 κατὰ
2265 3508 2355 3560 τὸν
2378 3508 2682 3577 Ζοροϐάϐελ
2702 3508 3047 3579 χρησάμενος
3070 3522 3083 3538 ο
3110 3505 3356 3559 ἐδόκειδέ
3388 3506 3524 3576 μετὰ
3546 3506 3679 3558 πολὺ

2100 3598 2271 3652 ταῦτα
2293 3598 2558 3667 γίνεσθαι,
2582 3599 2652 3653 τά
2665 3616 2720 3652 τε
2740 3600 2837 3668 τῆς
2864 3597 3121 3651 ἐπανόδου
3148 3596 3292 3665 λέγω
3313 3597 3411 3667 τῆς
3441 3597 3551 3650 ἀπὸ
3570 3597 3676 3648 Βα-

2101 3689 2358 3752 ϐυλῶνος,
2392 3690 2486 3743 καὶ
2515 3690 2583 3742 τὰ
2615 3688 2752 3759 μετὰ
2779 3688 2877 3759 τὴν
2908 3687 3166 3741 ἐπάνοδον
3193 3687 3407 3756 ἐκείνην
3448 3688 3527 3750 είς
3553 3687 3679 3752 τοὺς

2101 3781 2227 3853 περὶ
2246 3780 2337 3833 τὸν
2358 3778 2480 3848 Γὼγ
2502 3780 2763 3847 γεγονότα
2782 3795 2796 3808 ·
2824 3778 3095 3849 μέμνηται
3129 3776 3236 3830 τῶν
3264 3778 3431 3853 ἐγγὺς
3446 3777 3541 3831 καὶ
3566 3794 3683 3847 μετ’

2100 3877 2161 3928 οὐ
2189 3873 2324 3928 πολὺ
2356 3872 2454 3942 τὴν
2477 3870 2701 3924 ἔκϐασιν
2724 3871 3130 3941 λαμϐανόντων,
3157 3868 3300 3937 λέγω
3321 3869 3384 3940 δὴ
3417 3870 3525 3923 τῶν
3553 3869 3680 3940 περὶ

2097 3970 2225 4033 τοὺς
2267 3970 2581 4042 Ἀσσυρίους
2604 3971 2694 4022 ἐπὶ
2735 3968 2829 4022 τοῦ
2873 3967 3113 4033 Ἐζεκίου
3144 3968 3487 4040 συμϐάντων,
3524 3966 3589 4019 ἵν’
3621 3969 3683 4018 ἐκ

2103 4065 2213 4117 τῶν
2240 4065 2469 4134 ἐγγύθεν
2496 4066 2589 4118 καὶ
2626 4066 2743 4136 μετ’
2774 4065 2836 4117 οὐ
2873 4064 3007 4118 πολὺ
3048 4065 3369 4134 γινομένων,
3400 4063 3508 4117 τῶν
3545 4062 3682 4135 μετὰ

2105 4155 2349 4225 μακροὺς
2376 4154 2648 4224 ἐσομένων
2672 4154 2798 4217 τοὺς
2815 4155 3036 4225 χρόνους
3067 4154 3417 4225 παράσχηται
3449 4154 3548 4222 τὴν
3582 4152 3676 4204 πί-

2103 4261 2221 4296 στιν
2238 4260 2249 4273 ·
2277 4242 2496 4313 εὔδηλον
2515 4242 2625 4313 γὰρ
2640 4243 2721 4295 ὅτι
2739 4240 2909 4295 ταῦτα
2935 4244 3307 4314 προηγόρευεν
3322 4243 3349 4295 6
3378 4245 3681 4313 προφήτης,

2113 4424 2376 4489 Ἐζεκίου·
2394 4424 2534 4478 ὥστε
2556 4425 2616 4478 ού
2647 4424 2924 4496 πόρρωθεν
2946 4427 2979 4496 ἡ
2999 4426 3300 4497 πρόρρησις
3321 4421 3388 4496 ἦν
3414 4424 3521 4477 τῶν
3544 4424 3683 4478 κατὰ

2102 4517 2192 4572 τὸν
2223 4515 2471 4580 Ἐζεκίαν
2490 4533 2502 4545 ο
2528 4514 2665 4569 ἀλλὰ
2683 4514 2791 4586 γὰρ
2811 4515 3015 4586 ἐμήνυε
3042 4515 3163 4569 τότε
3200 4514 3292 4568 καὶ
3320 4513 3470 4584 παρὰ
3516 4512 3681 4575 πόδας

420 4622 558 4667 stam
588 4612 936 4681 excepissent
966 4609 1267 4680 prophetiae
1294 4624 1506 4677 vocem,
1546 4616 1804 4665 eventum
1838 4610 1989 4680 quasi

2108 4609 2380 4680 ἐλάμϐανε
2391 4607 2488 4679 τὴν
2508 4607 2730 4662 ἔκϐασιν
2745 4607 2982 4675 πάντων,
3005 4609 3056 4661 oi
3072 4608 3181 4676 (40)
3199 4606 3303 4677 πρὸ
3316 4605 3422 4658 τῶν
3439 4603 3687 4675 πραγμά-

419 4702 729 4771 proximum
783 4699 1165 4770 aspiciebant;
1217 4707 1279 4752 ut
1318 4702 1398 4753 sic
1436 4699 1755 4755 ostenderet
1815 4715 1998 4756 rerum

423 4791 632 4847 Ezecia:
657 4791 1031 4856 proximarum
1057 4828 1072 4853 ,
1122 4804 1251 4844 cum
1299 4789 1411 4844 illis
1440 4788 1793 4847 Zorobabelis
1824 4792 2007 4847 multo

421 4893 543 4954 post
570 4881 790 4948 futuris,
818 4881 1233 4952 cognationem;
1261 4872 1426 4951 atque
1451 4896 1516 4935 ex
1541 4883 1791 4953 utrisque
1818 4884 1998 4953 palam

420 4978 649 5045 faceret,
672 4983 876 5047 quanta
908 4983 1055 5030 esset
1084 4975 1394 5029 divinarum
1426 4976 1856 5046 promissionum
1891 4978 1996 5033 vis.

421 5071 580 5128 Unde
607 5060 715 5126 non
745 5078 877 5124 tunc
898 5064 1277 5123 tantummodo
1299 5083 1421 5123 cum
1446 5068 1718 5126 habebant
1739 5070 2002 5128 lsraelitas

423 5163 815 5228 Zorobabclem
850 5161 1046 5217 ducem
1069 5202 1083 5228 ,
1126 5159 1223 5216 sed
1250 5168 1410 5215 antea
1448 5177 1667 5232 quoque
1703 5178 1828 5219 cum
1866 5166 2001 5221 Eze-

420 5258 538 5313 cias
567 5256 701 5325 ipsis
755 5255 1132 5311 dominaretur
1169 5293 1183 5319 ,
1232 5268 1298 5309 ex
1352 5251 1448 5309 Dei
1485 5256 1854 5324 promissione
1884 5259 2001 5328 ipse

423 5349 624 5417 pariter
649 5349 1017 5426 principatum
1056 5355 1366 5411 assecutus,
1388 5355 1572 5402 tantus
1598 5350 1876 5406 exercitus
1902 5352 2001 5406 ad—

422 5456 617 5500 versus
648 5439 953 5498 Jerusalem
978 5441 1206 5496 veniens
1237 5439 1375 5493 nihil
1407 5440 1577 5495 valuit
1605 5440 1839 5509 efﬁcere,
1875 5445 2002 5515 quia

494 5577 539 5605 "
574 5573 698 5632 Osr-
741 5577 873 5640 ι,11.
905 5571 954 5610 θ’
991 5576 1137 5633 Psal.
1173 5592 1378 5642 cxxxu,
1409 5577 1457 5649 1τ

495 5711 608 5854 (59)
633 5713 768 5767 Cod.
800 5715 950 5769 αὑτό.

523 5783 612 5853 40)
654 5782 732 5837 Ita
765 5783 899 5838 Cod.

523 5782 612 5853 40)
654 5782 732 5837 Ita
765 5783 899 5838 Cod.

2107 4719 2214 4755 των
2252 4701 2352 4770 τῆς
2394 4699 2730 4772 προφητείας
2764 4699 2953 4770 ἔτυχον
2983 4698 3290 4769 δεδεγμένοι
3324 4695 3435 4771 (41)
3480 4695 3682 4766 φωνὴν,

2106 4792 2182 4862 (p.
2218 4791 2346 4861 297)
2399 4789 2629 4860 ἐγγύθεν
2691 4788 2940 4862 ὁρώντων
2988 4791 3086 4862 τὴν
3129 4790 3353 4845 ἔκϐασιν
3379 4807 3392 4820 ·
3440 4791 3504 4843 ἶν’
3545 4789 3686 4841 οὕτω

2102 4892 2247 4961 δείξῃ
2280 4889 2388 4943 τῶν
2419 4888 2560 4942 κατὰ
2591 4887 2680 4940 τὸν
2720 4884 2965 4951 Ἐζεκίαν
2993 4881 3221 4952 ἐγγύθεν
3243 4878 3428 4939 ὅντων,
3457 4875 3592 4946 πρὸς
3619 4874 3688 4925 τὰ

2105 4980 2198 5034 τοῦ
2224 4960 2538 5051 Ζοροϐάϐελ
2585 4974 2722 5047 μετὰ
2760 4975 2925 5029 πολὺν
2962 4972 3051 5025 τὸν
3085 4971 3273 5043 χρόνον
3312 4966 3562 5034 ἐσόμενα,
3591 4960 3687 5032 τὴν

2109 5073 2424 5143 συγγένειαν
2444 5089 2456 5101 ·
2485 5069 2643 5140 δῆλόν
2669 5054 2728 5122 τε
2757 5069 2823 5121 δι’
2850 5065 3169 5137 ἀμφοτέρων
3196 5061 3395 5132 ποιήσῃ
3437 5056 3575 5127 πόση
3604 5072 3690 5117 τις

2107 5163 2174 5238 ἦν
2197 5167 2295 5237 τῆς
2323 5162 2654 5233 ἐπαγγελίας
2686 5162 2718 5233 ἠ
2753 5148 2904 5230 laxi);
2926 5159 3024 5228 τῆς
3051 5156 3221 5219 θείας
3252 5156 3343 5225 ἀφ’
3378 5147 3451 5207 ὧν
3479 5152 3539 5204 οὐ
3569 5151 3687 5204 τότε

2112 5259 2270 5330 μόνον
2296 5256 2426 5328 (ὅτε)
2460 5255 2755 5325 τετύχηκεν
2781 5255 2810 5306 6
2836 5248 3050 5322 Ἰσραὴλ
3082 5247 3383 5320 ἡγουμένου
3410 5243 3502 5298 τοῦ
3532 5244 3705 5313 Ζοροι

2111 5351 2295 5415 ϐάϐελ,
2321 5350 2454 5404 ἀλλὰ
2481 5350 2573 5403 καὶ
2611 5349 2872 5421 πρότερον
2908 5348 2996 5399 ὅτε
3026 5358 3131 5413 περ
3162 5343 3190 5393 6
3236 5338 3481 5404 Ἐζεκίας
3512 5333 3691 5389 αὐτῶν

2110 5443 2409 5509 ἐϐασίλευε,
2436 5441 2575 5496 κατὰ
2602 5440 2699 5512 τὴν
2725 5436 3056 5509 ἐπαγγελίαν
3096 5434 3195 5504 τὴν
3226 5431 3373 5485 θείαν
3409 5428 3501 5483 καὶ
3527 5425 3690 5514 αὐτὸς

2102 5693 2121 5705 ⁸
2188 5714 2298 5787 (Η)
2332 5713 2469 5789 Cod.
2502 5714 2696 5784 δεδειγ.
