4118 6492
166 419 262 473 ΞΠ
1163 422 1718 484 COMMENTARIUS
1757 425 1826 481 ιΝ

1929 426 2180 484 ΙΟΗΑΞΑΞ
2217 427 2370 484 CAP.
2412 429 2476 488 ν.
3409 440 3526 503 57S.

169 545 243 605 si;
271 541 376 612 τὴν
409 541 615 613 ἀρχὴν
646 543 964 615 παρελθὼν,
1006 545 1370 618 στρατοπέδου
1407 546 1508 616 μὲν
1551 547 1816 617 ἐπεληλυ-

1929 549 2167 604 divinum
2203 551 2392 605 aderat
2429 551 2879 622 195'auxilinm
2910 554 2958 610 ei
3010 554 3106 624 qui
3139 573 3204 611 ex
3237 553 3332 612 Dei
3384 575 3512 627 pro-

171 633 320 694 om;
351 632 641 686 τοσούτου
673 638 743 706 τῇ
783 635 1164 708 Ἰερουσαλὴμ,
1187 635 1381 691 ὰνῦσαι
1408 638 1465 690 δὲ
1494 639 1818 711 δυνηθέντος

1929 640 2192 694 missione
2221 655 2450 710 regnum
2480 640 2698 696 lsraelis
2737 642 2978 698 tenebat.
3012 643 3340 716 Quanquam
3383 663 3514 702 vero

171 724 344 789 esse»,
375 724 478 778 διὰ
517 727 586 780 τὸ
617 729 725 798 τὴν
757 728 910 782 θείαν
940 733 1220 800 προσεῖναι
1255 731 1427 802 ῥοπὴν
1447 731 1526 802 τῷ
1555 731 1695 784 κατὰ
1719 730 1818 802 τὴν

1929 729 2095 784 iidem
2147 731 2335 788 hostes
2388 731 2577 788 decem
2632 734 2877 788 tribuum
2930 751 3158 806 regnum
3208 746 3316 792 tam
3354 737 3515 793 facile

171 815 528 884 ἐπαγγελίαν
543 816 652 870 τοῦ
671 817 813 872 Θεοῦ
833 819 936 890 τὴν
961 819 1238 890 βασιλείαν
1259 819 1437 890 ἔχοντι
1459 820 1550 873 τοῦ
1579 822 1813 892 Ἰσραήλο

1929 821 2392 892 subjugaverant,
2429 826 2794 882 nihilominus
2836 843 2960 881 cum
3001 835 3127 897 post
3159 828 3304 883 illam
3339 831 3515 884 victo-

177 910 356 962 καίτοι
386 925 460 977 γε
492 911 608 978 τῆς
640 910 754 965 τῶν
789 911 922 964 δέκα
964 911 1142 980 φυλῶν
1178 911 1456 982 βασιλείας
1487 914 1536 966 οἱ
1573 913 1724 966 αὐτοί
1751 930 1818 981 γε

1929 915 2065 968 riam
2105 913 2410 970 Jerusalem
2453 920 2663 987 agressi
2696 930 2884 975 essent
2915 961 2928 983 ,
2967 920 3037 974 ab
3081 923 3272 992 angelo
3303 922 3514 977 cladem

1921 1007 2070 1076 passi
2107 1017 2256 1062 sunt.
2288 1008 2643 1076 Exploratum
2689 1021 2774 1068 est
2805 1014 2952 1068 enim
2997 1019 3132 1069 tunc
3177 1029 3398 1083 quoque
3433 1015 3516 1069 di-

1919 1097 2067 1153 xisse
2095 1098 2266 1154 Deum
2292 1119 2306 1154 :
2344 1101 2544 1157 Urbem
2575 1103 2717 1158 hanc
2751 1113 2806 1159 et
2837 1117 3063 1176 propter
3097 1121 3184 1160 me
3208 1115 3263 1160 et
3296 1114 3518 1176 propter

181 999 316 1068 μετὰ
355 999 586 1071 πολλῆς
637 1004 1022 1074 κεκρατήκασι
1059 1003 1160 1073 τῆς
1210 1003 1528 1074 εύμαρείας,
1583 1003 1634 1057 ei
1684 1003 1824 1076 μετὰ

179 1095 272 1161 τὴν
315 1093 454 1143 κατ’
511 1092 752 1148 ἐκείνων
796 1093 956 1166 νίκην
1002 1093 1394 1162 ἐπεληλυθότες
1436 1097 1502 1166 τῇ
1551 1096 1825 1165 Ἰερουσα-

183 1183 305 1254 λὴμ,
348 1183 649 1257 μεγίστην
679 1189 745 1240 ὲκ
775 1187 876 1257 τῆς
907 1186 1000 1240 τοῦ
1044 1186 1278 1256 ἀγγέλου
1318 1187 1532 1258 πληγῆς
1574 1187 1822 1253 ἐδέξαντο

299 1278 628 1350 τιμωρίαν.
664 1278 922 1332 Φαίνεται
965 1277 1072 1351 γὰρ
1113 1279 1209 1332 καὶ
1237 1281 1294 1334 ἐν
1331 1279 1561 1343 ἐκείνοις
1585 1280 1760 1348 λέγων
1793 1281 1822 1333 6

186 1369 333 1433 θεὸς,
370 1371 466 1422 ὅτι
523 1369 894 1442 Ὑπερασπιῶ
930 1371 1030 1441 τῆς
1055 1371 1263 1434 πόλεως
1276 1371 1480 1442 ταύτης
1512 1369 1580 1424 δι’
1609 1359 1708 1441 ἐμὲ
1725 1371 1819 1423 καὶ

183 1460 264 1514 διὰ
293 1461 478 1514 Δαυῖδ
525 1461 628 1516 τὸν
657 1459 850 1516 δοῦλόν
887 1479 988 1533 μου
1013 1481 1024 1496 ο
1059 1461 1274 1527 δεικνὺς
1313 1463 1397 1515 ὅτι
1437 1461 1545 1514 τῶν
1584 1465 1822 1530 ἐπαγγε-

1921 1188 2181 1245 Davidem
2239 1209 2460 1249 servum
2509 1212 2690 1252 meum
2732 1196 3066 1265 defendam;
3105 1199 3516 1265 demonstrans,

1920 1277 2066 1349 quod
2130 1285 2532 1351 promissorum
2575 1284 2766 1340 Davidi
2827 1301 3067 1352 memor,
3102 1303 3250 1341 nunc
3301 1304 3520 1360 quoque

1928 1371 2069 1426 idem
2106 1376 2387 1443 praestabit
2408 1418 2424 1443 ,
2456 1393 2615 1446 opem
2648 1379 2895 1448 praebens
2927 1395 3155 1451 regnum
3185 1379 3404 1436 lsraelis
3441 1391 3522 1436 ιο·-

1929 1465 2102 1529 nenti,
2129 1467 2181 1519 id
2214 1475 2298 1522 est
2333 1467 2558 1523 Ezeciae.

182 1557 309 1610 λιῶν
333 1553 456 1609 τῶν
486 1557 640 1627 πρὸς
669 1559 878 1612 ἐκεῖνον
914 1557 1280 1628 μεμνημένος,
1299 1557 1391 1610 καὶ
1423 1559 1492 1613 τὰ
1517 1557 1611 1610 νῦν
1649 1555 1809 1618 αὐτὸς
1839 1555 2212 1627 διαπράξεται,
2243 1561 2520 1632 συνεργῶν
2545 1561 2620 1634 τῷ
2646 1563 2769 1616 τότε
2797 1563 2895 1634 τὴν
2925 1561 3198 1634 βασιλείαν
3225 1563 3397 1634 ἔχοντι
3423 1561 3518 1619 τοῦ

195 1650 444 1724 Ἰσραὴλ,
477 1653 640 1721 λέγω
666 1653 732 1726 δὴ
757 1652 838 1724 τῷ
881 1652 1119 1726 Ἐζεκίᾳ.

249 1745 414 1814 Στίχ.
456 1749 529 1808 ε’,
569 1745 1008 1817 ςύ-Είρψιὼς
1032 1745 1214 1800 τοίνυν
1251 1747 1320 1801 τὰ
1361 1746 1502 1801 κατὰ
1527 1747 1618 1800 τὸν
1646 1747 1810 1818 Ζορο-

1985 1742 2153 1798 Vens.
2180 1744 2232 1810 5,
2259 1742 2312 1798 6.
2342 1776 2410 1786 --
2439 1744 2744 1816 Postquam
2791 1745 2977 1818 itaque
3003 1746 3238 1802 dixisset
3288 1763 3378 1802 res
3411 1745 3519 1802 Zo-

185 1836 380 1902 ὁᾶὁελ,
403 1836 490 1901 ὡς
529 1837 698 1910 ἔφην,
750 1839 1039 1910 πόρρωθεν
1065 1839 1217 1904 ὄντα,
1252 1840 1568 1910 ἀναγκαίως
1608 1839 1694 1894 διὰ
1723 1840 1822 1910 τὴν

186 1930 290 1982 τῶν
327 1930 709 2002 πραγμάτων
742 1932 1090 2000 συγγένειαν,
1135 1937 1216 1997 εἰς
1249 1934 1350 2005 τὴν
1387 1932 1481 1986 τοῦ
1525 1932 1824 2006 προκειμέ-

187 2038 272 2072 νου
330 2021 653 2086 σύστασιν,
708 2021 987 2094 μέμνηται
1036 2024 1145 2080 τῶν
1198 2024 1338 2078 κατὰ
1379 2025 1472 2080 τὸν
1525 2024 1822 2096 Ἀσσύριον

186 2113 275 2166 ἐπὶ
323 2113 431 2167 τοῦ
485 2113 747 2179 Ἐζεκίου
798 2116 1125 2187 γεγονότων,
1175 2117 1268 2171 καί
1316 2132 1516 2188 φησιν’
1569 2117 1646 2190 (p.
1693 2117 1819 2189 298)

191 2225 212 2256 ι
263 2206 388 2260 Καὶ
435 2205 612 2260 ἔσται
674 2205 812 2280 αὕτη
857 2209 892 2280 ἡ
945 2210 1158 2280 εἰρήνη,
1211 2207 1291 2262 ὅτ’
1334 2207 1400 2262 ἂν
1446 2209 1476 2261 6
1537 2207 1826 2280 Ἀσσύριος

187 2297 398 2372 ἐπέλθῃ
427 2299 536 2353 ἐπὶ
564 2298 670 2371 τὴν
695 2299 803 2369 γῆν
827 2301 855 2352 ὑ
865 2301 1005 2370 μῶν,
1043 2301 1138 2354 καὶ
1163 2301 1242 2354 ὅτ’
1274 2299 1340 2354 ἂν
1375 2299 1556 2372 ἀποϐῇ
1598 2301 1692 2354 ἐπὶ
1722 2289 1822 2373 τῆν

189 2391 374 2462 χώραν
412 2391 608 2461 ὑμῶν.
661 2410 682 2443 ι
721 2391 896 2444 Τοῦτο
925 2392 1034 2463 γὰρ
1074 2391 1160 2464 δὴ,
1197 2393 1384 2462 φησὶν,
1411 2393 1550 2464 ὅπερ
1581 2392 1704 2446 τότε
1733 2393 1822 2447 διὶ

187 2482 280 2537 τοῦ
325 2482 667 2554 Ζοροὸάόελ
719 2484 1022 2556 πεποίηκεν
1053 2485 1082 2538 6
1127 2484 1280 2550 Θεὸς,
1328 2485 1543 2548 παύσας
1585 2485 1682 2556 μὲν
1727 2503 1824 2540 το·-

190 2575 390 2630 σοῦτον
443 2574 726 2645 πόλεμον,
777 2577 1004 2647 εἰρήνην
1041 2575 1097 2629 δὲ
1149 2577 1376 2648 ἰσχυρὰν
1421 2577 1667 2641 δεδωκὼς
1709 2581 1821 2642 τοῖς

189 2667 450 2738 οξκεξοις,
496 2666 667 2721 τοῦτο
717 2667 782 2738 δὴ
837 2667 934 2721 καὶ
984 2669 1107 2722 κατ’
1137 2671 1344 2738 ἐκεῖνον
1390 2671 1684 2740 ἐργάσεται
1729 2671 1821 2725 τὸν

194 2761 396 2833 καιρὸν
432 2762 563 2832 μετ’
596 2761 660 2813 οὐ
695 2761 831 2814 πολὺ
857 2761 1246 2834 γενησόμενον,
1271 2763 1508 2834 ὁπηνίκα
1538 2764 1604 2820 ἂν
1633 2767 1661 2819 ὁ
1697 2765 1822 2818 Ἀσ-

197 2853 389 2926 capso;
423 2852 646 2924 ἐπέλθῃ
673 2855 762 2924 τῆ,
788 2853 1150 2926 Ἰερουσαλήμ
1170 2871 1184 2884 ο
1214 2857 1338 2918 τότε
1377 2857 1490 2934 γὰρ
1529 2857 1594 2930 δὴ
1643 2875 1824 2930 παρα-

195 2946 366 3010 δόξως
401 2945 513 3016 μὲν
537 2945 601 2998 τὸ
631 2945 856 2998 τοσοῦτο
883 2945 1226 3017 τροπώσεται
1257 2946 1492 3021 πλῆθοςο
1519 2951 1824 3024 παράδοξον

197 3039 250 3094 δὲ
280 3043 407 3102 τοῖς
446 3039 688 3103 οἰκείοις
713 3039 942 3111 παρέξει
974 3038 1074 3110 τὴν
1099 3039 1346 3112 εἰρήνην,
1389 3041 1628 3106 Ἐζεκὶου
1659 3038 1822 3114 βασι-

197 3133 460 3198 λεόοντος
489 3134 561 3187 ὲκ
600 3132 704 3202 τῆς
735 3130 830 3185 τοῦ
871 3129 1037 3186 Δαυῒδ
1065 3132 1319 3204 διαδοχῆς
1349 3134 1492 3188 κατὰ
1520 3135 1619 3206 τὴν
1650 3137 1825 3204 ὲπαγ-
1855 3113 1896 3169 c

201 3227 393 3296 γελίαν
439 3226 552 3296 τὴν
594 3225 770 3280 θείαν.
809 3219 946 3278 Εἶτα
997 3223 1171 3294 λέγων
1213 3226 1282 3280 τὰ
1327 3227 1596 3296 ἐσόμενα·
1643 3245 1662 3278 ς
1715 3227 1828 3284 Καὶ

201 3305 691 3388 ἐπεγερθήσονται
726 3315 814 3382 ἐπ’
849 3315 1016 3370 αὑτὸν
1053 3317 1193 3371 ἑπτὰ
1227 3317 1508 3388 ποιμένες,
1549 3317 1646 3370 καὶ
1681 3317 1828 3374 ὀκτὼ

199 3407 473 3480 δήγματα
529 3405 878 3478 ἀνθρώπων·
934 3407 1030 3460 καὶ
1079 3407 1404 3479 ποιμανοῦσι
1444 3408 1537 3463 τὸν
1595 3410 1828 3481 Ἀσσοὺρ

202 3502 259 3555 ὲν
293 3499 586 3573 ῥομφαίᾳ,
621 3499 718 3552 καὶ
760 3499 858 3570 τὴν
884 3501 990 3570 γῆν
1025 3499 1120 3553 τοῦ
1149 3500 1378 3572 Νεὸρὼδ
1417 3501 1476 3554 ἐν
1520 3503 1586 3573 τῇ
1621 3501 1829 3574 τάφρῳ

202 3595 402 3664 αὗτῆς.
447 3614 468 3646 ι
507 3592 609 3659 Τὸ,
646 3607 669 3643 ι
708 3593 848 3646 ἑπτὰ
877 3593 1133 3664 ποιμένες
1165 3595 1260 3648 καὶ
1289 3593 1434 3648 ὀκτὼ
1457 3595 1712 3666 δήγματα
1733 3597 1831 3650 ἁν-

205 3683 476 3755 Θρώπων,
541 3700 562 3734 ι
623 3679 1034 3753 μυθωδέστερόν
1083 3699 1230 3745 τινες
1279 3683 1628 3752 νενοήκασιψ
1688 3683 1832 3737 ἑπτὰ

211 3776 311 3846 μὲν
370 3771 684 3846 ποιμένας,
733 3775 1022 3844 προφήτας
1058 3773 1422 3846 ἀριθμοῦντες
1459 3776 1632 3830 ἐπτά’
1686 3775 1830 3830 ὀκτὼ

205 3868 262 3922 ἃ
313 3869 632 3940 δήγματα,
704 3864 956 3930 Ἐζεκίαν
1012 3867 1153 3937 μετὰ
1200 3866 1310 3920 τῶν
1369 3869 1831 3940 ὑπηρετουμένων

206 3961 357 4031 αὖτῷ
387 3960 542 4033 πρὸς
569 3960 677 4030 τὴν
707 3955 1005 4026 βασιλείαν,
1037 3958 1289 4024 λέγοντες
1309 3976 1323 3988 '
1363 3959 1459 4024 οὓς
1495 3960 1604 4014 οὐδ’
1635 3961 1836 4022 οἵτινές

206 4056 347 4108 εἰσιν
377 4053 431 4106 οἱ
467 4049 625 4105 ὀκτὼ
647 4049 962 4120 δεδύνηνται
991 4048 1194 4118 λέγειν,
1222 4051 1496 4121 ἀποφάσει
1535 4051 1590 4105 δὲ
1623 4051 1716 4106 τὸν
1745 4050 1833 4104 λό-

207 4161 304 4212 γον
342 4141 741 4196 ἐπιστώσαντο
772 4141 864 4195 τὸν
903 4141 1132 4194 οἰκεῖον·
1171 4142 1221 4194 εἰ
1262 4141 1319 4194 δὲ
1357 4143 1485 4206 τοὺς
1527 4143 1832 4214 ὑπηρετου-

211 4235 417 4306 μὲνους
473 4235 548 4303 τῇ
603 4230 854 4302 βασιλείᾳ
903 4249 991 4296 τις
1045 4231 1226 4301 λέγειν
1266 4232 1460 4300 ἐθέλοι,
1512 4235 1604 4287 καὶ
1649 4234 1831 4306 πολλῷ

209 4326 440 4388 πλείους
456 4323 577 4378 τῶν
595 4322 741 4376 ὀκτὼ
761 4323 1016 4392 γενέσθαι
1035 4323 1164 4396 δυνή
1173 4342 1377 4380 σονται.
1407 4325 1480 4397 (p.
1504 4327 1628 4398 “299)
1645 4385 1652 4394 ,
1669 4327 1833 4382 Ἀλλὰ

1930 1827 2209 1892 rohabelis
2259 1836 2441 1892 adhuc
2469 1853 2568 1892 sua
2599 1846 2758 1894 aetate
2789 1849 3054 1905 remotas,
3100 1841 3418 1895 necessario
3449 1841 3523 1895 ob

1929 1940 2225 1984 eventuum
2256 1931 2660 2000 cognationem,
2697 1931 2762 1986 ad
2795 1934 3194 2002 propositionis
3224 1935 3521 1989 conﬁrma-

1929 2022 2158 2089 tionem,
2215 2031 2480 2078 memorat
2539 2024 2941 2094 expeditionem
2999 2027 3354 2098 Assyriorum
3415 2028 3521 2083 sub

1929 2115 2149 2182 Ezecia,
2191 2117 2379 2186 aitque
2404 2133 2417 2170 :
2439 2137 2456 2170 ι
2480 2115 2546 2172 Ει
2573 2118 2680 2172 erit
2707 2117 2827 2173 haec
2860 2134 2986 2188 pax,
3013 2122 3236 2190 quando
3258 2120 3522 2191 Assyrius

1927 2205 2144 2260 venerit
2167 2206 2221 2260 in
2251 2212 2456 2261 terram
2481 2215 2745 2274 vestram,
2779 2217 2833 2264 et
2863 2211 3086 2280 quando
3120 2211 3434 2267 ascenderit
3463 2215 3522 2266 in

1928 2299 2210 2368 regionem
2244 2309 2510 2354 vestram.
2538 2321 2557 2353 ι
2599 2301 2758 2370 Quod
2795 2302 3092 2372 aliquando
3143 2303 3305 2358 faciet
3333 2303 3524 2358 Domi-

1929 2403 2037 2442 nus
2063 2382 2162 2458 p'er
2189 2388 2609 2458 Zorobabelem,
2645 2399 2859 2447 tantum
2892 2394 3094 2450 sedans
3119 2393 3346 2458 bellum,
3390 2395 3522 2448 vali-

1927 2481 2165 2552 damque
2194 2498 2383 2554 pacem
2422 2485 2541 2540 suis
2572 2485 2917 2554 concedens;
2971 2487 3025 2542 id
3050 2487 3229 2556 ipsum
3259 2487 3354 2540 illo
3385 2497 3524 2542 tem-

1929 2589 2064 2644 pore
2085 2575 2248 2630 nobis
2273 2577 2586 2646 propinquo
2606 2577 2792 2642 faciet,
2815 2579 3040 2651 quando
3057 2579 3318 2651 Assyrius
3349 2581 3527 2634 veniet

1929 2673 2122 2722 contra
2155 2665 2538 2722 Hierusalem:
2575 2676 2708 2724 tunc
2759 2649 3266 2725 enim‘mirabiliter
3319 2678 3525 2724 tantam

1930 2757 2238 2830 profligabit
2283 2761 2738 2818 multitudinem:
2785 2765 3121 2834 insperatam
3174 2771 3354 2818 autem
3407 2763 3526 2820 suis

1931 2853 2198 2908 concedet
2228 2869 2442 2924 pacem,
2486 2855 2681 2911 Ezecia
2716 2865 3002 2928 regnante,
3038 2875 3106 2912 ex
3135 2857 3358 2912 Davidis
3393 2872 3526 2913 suc-

1931 2947 2272 3012 cessoribus,
2311 2949 2616 3002 secundum
2645 2948 2888 3004 divinam
2921 2950 3366 3019 promissionem.
3402 2948 3528 3004 Mox

1932 3035 2116 3091 futura
2140 3039 2362 3094 dicens:
2386 3057 2403 3088 ‹
2425 3037 2492 3091 Ει
2521 3048 2858 3111 consurgent
2875 3040 3142 3096 adversus
3165 3056 3290 3096 eum
3317 3048 3528 3110 septem

1930 3137 2206 3197 pastores,
2269 3139 2324 3186 et
2372 3139 2498 3184 octo
2547 3147 2766 3188 morsus
2815 3131 3122 3185 hominum.
3180 3129 3246 3184 Et
3301 3137 3528 3200 pascent

1929 3221 2220 3293 Assyrium
2272 3221 2328 3274 in
2361 3221 2566 3292 gladio,
2623 3231 2678 3277 et
2725 3231 2928 3276 terram
2959 3222 3198 3278 Nebrodi
3261 3223 3315 3275 in
3370 3221 3529 3276 fovea

1931 3309 2072 3378 ejus.
2100 3330 2120 3362 ›
2159 3310 2378 3382 Septem
2409 3321 2682 3381 pastores,
2711 3319 2764 3366 et
2793 3321 2920 3366 octo
2961 3327 3184 3368 morsus
3217 3311 3526 3375 hominum,

1930 3403 2242 3458 fabulosius
2308 3403 2564 3458 nonnulli
2637 3403 3047 3467 intellexerunt,
3119 3405 3246 3458 dum
3317 3413 3529 3472 septem

1931 3505 2206 3566 pastores,
2245 3503 2454 3565 septem
2491 3505 2784 3550 numerant
2813 3495 3144 3565 prophetas;
3184 3505 3312 3549 octo
3343 3500 3527 3548 autem

1931 3602 2174 3654 morsus,
2220 3586 2471 3642 Ezeciam
2499 3603 2620 3642 cum
2659 3587 2775 3642 suis
2823 3587 2978 3658 regni
3008 3586 3352 3642 administris
3403 3600 3530 3639 esse

1931 3680 2142 3735 aientes
2166 3698 2182 3748 ;
2205 3695 2332 3734 nam
2359 3695 2459 3734 nec
2485 3679 2580 3752 qui
2607 3681 2717 3734 sint
2739 3679 2793 3733 hi
2817 3687 2963 3742 octo,
2991 3679 3178 3732 dicere
3201 3685 3525 3748 potuerunt,

1932 3773 2158 3842 solaque
2205 3771 2591 3826 adﬁrmatione
2623 3771 2862 3826 Sermoni
2911 3785 3014 3826 suo
3056 3769 3213 3825 fidem
3249 3769 3525 3824 fecerunt.

1934 3863 2094 3930 Quod
2127 3864 2172 3918 si
2210 3877 2402 3918 revera
2445 3862 2514 3918 de
2553 3863 2708 3934 regni
2736 3861 3082 3916 administris
3132 3862 3373 3930 cogitare
3402 3859 3528 3930 quis

1931 3959 2082 4021 velit,
2123 3957 2298 4012 multo
2329 3956 2515 4027 plures
2555 3971 2719 4026 quam
2752 3961 2879 4010 octo
2904 3970 3027 4010 esse
3077 3961 3358 4024 poterunt.
3421 3950 3529 4006 Sed

1936 4051 2100 4122 196
2127 4051 2272 4106 enim
2307 4065 2466 4104 error
2491 4049 2581 4104 his
2605 4049 2700 4120 qui
2732 4049 2807 4102 ita
2833 4048 3168 4118 cogitarunt,
3207 4047 3330 4102 ideo
3369 4046 3528 4100 obre-

1931 4132 2063 4216 psit,
2104 4145 2232 4215 quia
2279 4159 2391 4208 non
2431 4142 2786 4197 considerato
2819 4141 3019 4196 divinae
3050 4139 3352 4210 Scriptura:
3382 4137 3526 4193 idio-

1930 4237 2116 4301 tismo,
2177 4236 2354 4292 coacti
2413 4245 2542 4291 sunt
2571 4234 2789 4289 fabulas
2841 4233 3154 4303 contingere
3209 4233 3406 4295 aniles,
3466 4238 3528 4286 ut

1933 4331 2140 4400 aliquid
2173 4330 2358 4384 dicere
2385 4328 2726 4383 viderentur.
2785 4327 2881 4383 Est
2929 4337 3110 4382 autem
3144 4327 3342 4380 divina.-
3375 4323 3529 4380 Scri-

209 4415 496 4488 rxml'qxs
543 4413 647 4486 τὴν
690 4414 901 4485 πλάνην
955 4417 1070 4479 τοῖς
1124 4415 1268 4470 οὕτω
1321 4417 1622 4488 νενοηκόσι,
1651 4419 1714 4472 τὸ
1754 4419 1828 4492 μὴ

1935 4431 2108 4494 pturae
2161 4422 2500 4485 idiotismus,
2558 4419 2862 4490 perfectum
2904 4434 3194 4474 numerum
3247 4417 3524 4474 interdum

211 4509 350 4580 πρὸς
388 4508 458 4560 τὸ
500 4505 704 4576 ἰδίωμα
745 4505 845 4577 τῆς
880 4505 1032 4572 θείας
1063 4507 1287 4580 Γραφῆς
1325 4509 1562 4576 ἀπιδεῖν,
1586 4512 1830 4580 ἀναγκα-

213 4601 414 4672 σθῆναι
441 4598 508 4652 se
539 4597 794 4652 ἐντεῦθεν
835 4585 1042 4668 μύθους
1069 4600 1380 4656 ἀναπλάσαι
1414 4602 1702 4672 γραώδεις,
1745 4604 1833 4659 ἴνα

211 4713 260 4750 τι
302 4695 518 4760 δόξωτι
556 4693 763 4762 λέγειν.
809 4693 1028 4764 Ἰδίωμα
1055 4693 1113 4746 δέ
1143 4696 1260 4748 ἐστι
1293 4696 1394 4767 τῆς
1421 4695 1570 4760 θείας
1609 4697 1832 4769 Γραφῆς

211 4789 270 4842 τὺ
313 4788 416 4843 τὸν
444 4786 664 4840 τέλειον
713 4785 952 4860 ἀριθμὸν
996 4787 1168 4841 ἐνίοτε
1208 4789 1398 4843 καλεῖν
1447 4790 1624 4844 ἑπτάο
1664 4791 1726 4845 τὸ
1773 4791 1830 4844 δὲ

215 4880 358 4952 ὑπὲρ
385 4880 580 4944 τοῦτο,
627 4877 745 4932 ἀνθ’
783 4877 1092 4950 ὑπερϐολῆς
1125 4879 1456 4950 λαμΰάνειν·
1501 4881 1688 4954 ἐπειδὴ
1718 4881 1830 4953 γὰρ

211 4975 271 5029 ἐν
299 4966 366 5039 ἐξ
407 4971 661 5045 ἡμέραις
690 4971 952 5044 ἐποίησεν
981 4971 1010 5024 6
1041 4971 1173 5038 Θεὸς
1214 4973 1306 5027 τὸν
1331 4973 1561 5045 οὐρανὸν
1601 4975 1696 5029 καὶ
1731 4975 1832 5048 τὴν

210 5067 338 5138 γῆν,
363 5068 434 5137 τῇ
464 5064 528 5117 δὲ
554 5063 762 5136 ἑϐδόμῃ
783 5061 1132 5117 κατέπαυσεν
1164 5063 1328 5132 (ὥστε
1355 5067 1450 5120 καὶ
1469 5067 1662 5138 ἀργεῖν
1701 5067 1833 5120 Ἰου-

215 5159 396 5223 δαίους
419 5157 490 5211 τδ
536 5156 814 5211 σὰὁὸατον
851 5156 941 5211 διὰ
973 5157 1178 5227 ταύτην
1208 5159 1310 5231 τὴν
1343 5161 1565 5230 αἰτίαν),
1603 5159 1748 5225 ἄπας
1774 5178 1833 5214 τε

213 5251 244 5304 6
275 5251 390 5308 τῶν
439 5247 678 5321 ἡμερῶν
723 5249 958 5321 ἀριθμὸς
997 5251 1056 5303 ὲν
1097 5253 1217 5313 ταῖς
1247 5251 1388 5304 ἑπτὰ
1426 5253 1654 5316 ταύταις
1701 5255 1835 5306 ἀνα-

213 5341 564 5398 κυκλοῦσθαι
594 5341 777 5406 εἴωθε,
815 5343 1037 5396 πάντων
1070 5343 1392 5414 ἀρχομένων
1427 5344 1527 5414 μὲν
1551 5342 1659 5396 ἀπὸ
1681 5342 1831 5416 πρώ-

212 5453 334 5510 της,
367 5433 664 5508 ληγόντων
688 5431 747 5486 δὲ
777 5435 858 5498 είς
882 5433 982 5504 τὴν
1014 5433 1271 5504 ἑϐδόμην,
1304 5433 1442 5504 μετὰ
1463 5433 1518 5486 δὲ
1545 5433 1645 5506 τὴν
1674 5434 1824 5488 ὲὸδδ-

1935 4515 2212 4585 appellare
2239 4510 2612 4583 septenarium
2641 4528 2656 4577 ;
2682 4510 2952 4580 quidquid
2981 4519 3162 4564 autem
3187 4510 3330 4563 ultra
3355 4519 3528 4578 septe-

1930 4589 2148 4662 narium
2208 4611 2314 4670 est,
2375 4618 2476 4674 pro
2527 4616 2760 4658 excessu
2809 4602 3037 4657 habere.
3098 4599 3234 4654 Nam
3269 4600 3397 4665 quia
3429 4615 3524 4655 sex

1929 4697 2128 4754 diebus
2178 4697 2311 4752 fecit
2351 4695 2496 4752 Deus
2529 4695 2733 4750 coelum
2779 4703 2837 4750 et
2887 4701 3120 4758 terram,
3187 4702 3242 4748 et
3291 4692 3526 4763 septimo

1928 4790 2195 4862 requievit
2228 4789 2422 4864 (quare
2460 4797 2514 4844 et
2551 4786 2727 4842 Judaei
2763 4786 2907 4842 hanc
2945 4786 3017 4841 ob
3055 4801 3281 4840 causam
3308 4786 3362 4840 in
3399 4785 3528 4839 sab-

1927 4885 2056 4941 bato
2089 4883 2392 4953 otiantur);
2422 4888 2572 4939 totus
2605 4888 2788 4936 autem
2825 4878 3040 4935 dierum
3085 4894 3352 4934 numerus
3383 4879 3528 4934 intra

1921 4978 2037 5032 ’hoc
2072 4976 2449 5047 septenarium
2479 4973 2688 5030 revolvi
2721 4973 2884 5038 solet,
2917 4973 3136 5028 cunctis
3171 4986 3202 5024 a
3233 4971 3414 5042 primo
3444 4972 3528 5026 in-

1930 5070 2292 5142 cipientibus,
2333 5077 2389 5124 et
2423 5069 2478 5122 in
2519 5068 2816 5140 septimum
2849 5065 3265 5132 desinentibus;
3317 5071 3371 5118 et
3402 5073 3528 5134 post

1931 5161 2331 5217 hebdomadam
2361 5161 2544 5216 denuo
2571 5159 2641 5214 ad
2665 5158 2901 5229 primum
2937 5158 3387 5223 recurrentibus;
3423 5157 3524 5210 hac

1933 5254 2001 5308 de
2033 5269 2202 5308 causa
2233 5253 2420 5308 divina
2451 5249 2763 5324 Scriptura,
2795 5258 3002 5319 septem
3032 5247 3269 5320 appellat
3297 5247 3348 5300 id
3373 5249 3519 5316 quod

1935 5355 2019 5402 est
2052 5346 2356 5416 perfectum
2405 5351 2460 5400 et
2487 5343 2800 5399 absolutum
2828 5359 2844 5410 ;
2899 5347 3024 5394 octo
3053 5346 3256 5404 autem,
3291 5345 3351 5390 ut
3380 5337 3516 5404 dixi,

1930 5453 2244 5495 excessum.

218 5552 350 5607 μην,
392 5529 566 5596 αὖθις
601 5531 696 5584 ἐπὶ
733 5530 832 5603 τὴν
877 5529 1105 5604 πρώτην
1143 5531 1588 5604 ἁνατρεχόντων’
1645 5534 1734 5588 διὰ
1789 5537 1994 5608 ταύτην
2037 5539 2072 5608 ἡ
2133 5536 2252 5590 θεία
2287 5535 2478 5608 Γραφὴ
2529 5533 2626 5606 τὴν
2675 5529 2874 5596 αἰτίαν,
2927 5525 3067 5581 ἑπτὰ
3101 5525 3202 5597 μὲν
3227 5523 3290 5579 τὸ
3320 5523 3524 5580 τέλειον

219 5631 310 5684 και
337 5624 764 5697 ἀπηρτισμένον
793 5625 975 5689 καλεῖ,
1002 5623 1155 5683 ὀκτὼ,
1171 5623 1249 5691 δὲ,
1288 5625 1364 5689 ὠς
1389 5621 1562 5694 εἶπον,
1594 5629 1692 5699 τὴν
1715 5628 2044 5714 ὑπερϐολήν.

286 5716 490 5779 οὓτως
513 5718 545 5770 6
564 5713 700 5780 Θεὸς
724 5716 872 5786 λέγει
899 5715 982 5782 τὸ,
1011 5733 1028 5768 ι
1069 5716 1242 5771 Ἐπτᾶ
1273 5717 1486 5772 ὲκδικού
1497 5737 1632 5790 μενοι
1665 5713 1836 5791 παραὲ

290 5897 339 5936 ὀ
362 5896 511 5958 Gen.
543 5911 617 5964 tv,
649 5897 737 5954 15.

2016 5719 2092 5774 Ita
2135 5719 2279 5776 Deus
2319 5719 2433 5772 ait:
2499 5733 2518 5767 ‹
2546 5713 2764 5786 Septem
2815 5712 3085 5770 vindictas
3138 5709 3522 5771 exsolvet’°.t
