4118 6530
550 388 654 446 579

1765 392 2113 450 THEODORI
2147 395 2628 453 MOPSUESTENI

3695 397 3822 453 380

559 509 626 564 Ut
667 510 846 565 dicat:
896 509 1000 576 Qui
1042 511 1311 574 occiderit
1342 512 1494 567 illum
1525 514 1596 568 ob
1630 529 1842 568 summa
1870 516 2123 579 crimina,
2154 569 2155 572 η

2257 517 2376 569 ύσει
2393 529 2407 542 ·
2424 532 2443 566 ι
2465 517 2552 569 ἵνα
2573 516 2722 585 εἴπῃ,
2747 517 2827 568 ὅτι
2849 516 2878 568 ὁ
2893 514 3129 585 ἀναιρῶν
3155 515 3315 568 αὑτὸν
3335 513 3474 585 ὑπὲρ
3490 513 3828 583 ἀνηκέστων

557 600 844 652 maximam
871 600 1108 669 aliquam
1154 602 1476 671 plenamque
1502 601 1604 672 ipsi
1638 601 1946 670 impositam
1977 619 2128 657 com-

556 690 797 758 perietur
861 705 1076 760 poenam
1138 691 1468 762 persolvere.
1550 691 1739 746 Simile
1792 692 1922 760 quid
1987 694 2130 761 apud

557 781 942 836 Ecclesiastem
967 801 978 836 :
1020 801 1038 832 ‹
1065 779 1138 834 Da
1169 790 1375 851 partem
1400 791 1630 852 septem,
1660 783 1768 837 imo
1789 797 1841 839 et
1870 793 1993 840 octo
2016 787 2084 839 9‘.
2107 805 2125 836 ι

558 871 630 927 Ut
658 873 831 927 dicat:
865 872 1096 927 Abunde
1120 874 1301 927 tribue
1333 860 1725 943 indigentibus,
1758 884 1812 929 et
1839 892 1904 930 ne
1931 890 2130 930 renuas

559 963 661 1016 hac
693 963 746 1016 in
793 978 851 1018 re
872 963 1158 1018 excedere.
1191 963 1331 1017 llinc
1374 965 1566 1019 beatus
1594 965 1821 1022 Petrus:
1867 987 1884 1018 ι
1909 966 2158 1044 Quoties”

560 1055 613 1107 iu
645 1069 730 1108 me
767 1055 1012 1124 peccabit
1045 1054 1209 1109 frater
1238 1071 1412 1120 meus,
1458 1065 1516 1111 et
1539 1056 1804 1111 dimittam
1855 1059 1972 1112 illi?
2005 1037 2185 1113 riuus)

561 1162 735 1214 usque
771 1147 972 1216 septies
992 1148 1065 1200 οη
1089 1167 1105 1198 ι
1139 1148 1510 1217 septenarium
1533 1149 1721 1204 dicens
1749 1167 2035 1205 numerum
2077 1163 2135 1205 ut

459 1233 462 1238 ’
562 1236 938 1292 sufficientem.
965 1238 1134 1303 Quem
1155 1239 1221 1293 ab
1242 1254 1307 1294 eo
1325 1254 1655 1311 magnopere
1677 1242 1926 1311 superari
1949 1244 2135 1296 volens

562 1325 846 1392 Dominus,
865 1327 1297 1385 subdidituNon
1319 1330 1443 1386 dico
1469 1332 1567 1387 tibi
1596 1348 1767 1402 usque
1795 1335 2016 1403 septies,
2043 1335 2135 1390 sed

563 1435 740 1489 usque
797 1421 1105 1491 septuagies
1132 1416 1384 1487 septies.»
1406 1423 1705 1480 Cousimile
1735 1425 1991 1495 quiddam
2048 1427 2138 1481 hic

565 1526 784 1580 quoque
807 1511 961 1568 dicit.
1007 1510 1570 1584 Namque‘Assyrium
1601 1531 1726 1570 cum
1758 1519 2001 1572 exercitu
2037 1533 2138 1573 suo

567 1601 966 1666 advenientem,
1008 1617 1202 1672 magna
1232 1615 1392 1678 atque
1422 1606 1746 1675 gravissima
1774 1609 1952 1678 angeli
1979 1609 2140 1662 mini-

568 1693 735 1749 sterio
760 1693 993 1747 irrctivit
1017 1691 1159 1748 Deus
1191 1694 1514 1763 punitione:
1551 1696 1740 1751 multis
1767 1697 1913 1752 enim
1970 1698 2140 1752 inter-

567 1783 744 1848 fectis,
776 1783 830 1836 in
869 1783 1050 1854 fugam
1082 1800 1141 1839 se
1165 1785 1361 1856 reliqui
1392 1786 1779 1855 conjecerunt;
1811 1797 1864 1842 et
1895 1789 2139 1844 locorum

2235 607 2612 677 πταισμάτων,
2643 607 2904 678 μεγίστην
2930 605 3054 658 τινά
3090 606 3185 659 καὶ
3206 605 3620 677 ἀπηρτισμένην
3657 605 3831 675 αὑτῷ

2235 698 2503 767 τιμωρίαν
2553 697 2904 767 ἐπικειμένην
2949 696 3304 766 εὑρεθήσεται
3341 697 3518 751 λύων*
3569 696 3837 750 τοιοῦτόν

2237 791 2354 841 ὲστι
2396 789 2490 842 καὶ
2537 787 2687 860 παρά
2718 787 2796 858 τῷ
2837 786 3233 858 Ἐκκλησιαστῇ
3267 789 3325 842 τό
3353 804 3364 817 ·
3405 806 3424 839 ι
3474 788 3572 850 Δὸς
3620 788 3841 860 μερίδα,

2236 880 2347 940 τοῖς
2377 879 2534 940 ἑπτὰ,
2584 877 2676 945 καί
2701 894 2764 944 γε
2805 879 2919 940 10L;
2958 875 3267 930 ὀκτὼῚῖνα
3313 876 3463 950 εἴπῃ,
3510 878 3840 948 Φιλοτίμως

2237 968 2376 1021 δίδου
2430 971 2542 1033 τοῖς
2584 967 2877 1038 δεομένοις,
2955 966 3087 1038 μηδὲ
3133 967 3405 1039 ὑπερϐολῇ
3473 969 3601 1040 περ).
3654 968 3848 1022 τοῦτον

2239 1059 2474 1129 χρῆσθαι
2520 1058 2986 1130 παραιτούμενος·
3037 1058 3286 1112 ἐντεῦθεν
3330 1062 3359 1112 6
3402 1060 3669 1130 μακάριος
3707 1059 3834 1131 ἔφη

2239 1150 2480 1221 Πέτροςο
2528 1169 2552 1208 ι,
2587 1150 2846 1212 Ποσάκις,
2895 1148 2988 1201 ἐὰν
3017 1149 3233 1220 ἁμάρτῃ
3266 1151 3346 1212 είς
3388 1151 3488 1220 ἐμὲ
3525 1153 3553 1204 6
3589 1151 3838 1219 ἀδελφός

2245 1256 2366 1308 μου,
2385 1240 2581 1310 ἀφήσω
2612 1238 2780 1310 αὑτῷς
2803 1239 2906 1301 ἕως
2945 1237 3204 1303 ἐπτάκιςς
3233 1258 3252 1289 ι
3278 1239 3354 1302 ὡς
3380 1239 3697 1310 ἀρκοῦντος,
3728 1241 3838 1293 τὸν
3879 1283 3886 1294 .

2242 1307 2445 1384 τέλειον
2472 1307 2640 1384 εἰπὼν
2669 1307 2928 1402 ἀριθμόν·
2976 1329 3036 1382 ὃν
3082 1330 3388 1400 ὑπερϐῆναι
3419 1307 3566 1384 κατά
3613 1332 3834 1401 πολλὴν

2243 1421 2558 1492 περιουσίαν
2581 1418 2902 1489 βουλόμενος
2918 1420 2945 1470 6
2967 1416 3186 1487 Κύριος,
3212 1419 3461 1488 ἐπήγαγε
3485 1418 3566 1482 τὸ,
3599 1428 3671 1487 (p.
3693 1420 3838 1487 500)

2250 1531 2268 1564 ι
2319 1512 2394 1564 υὺ
2427 1511 2568 1580 λέγω
2608 1527 2688 1563 σοι
2719 1509 2821 1573 ἕως
2855 1509 3101 1574 ἑπτάκις,
3146 1509 3256 1568 ἀλλ’
3288 1510 3392 1573 ἕως
3424 1511 3834 1581 ἑϐδομηκοντά-

2245 1622 2331 1666 κις
2357 1604 2516 1657 ἑπτά.
2563 1623 2580 1654 ι
2620 1601 2841 1656 Τοιοῦτο
2876 1602 2937 1672 δή
2973 1619 3027 1654 τι
3068 1601 3346 1657 κάνταῦθά
3395 1619 3591 1672 φησιν·
3636 1602 3845 1672 ἐπελη-

2245 1693 2441 1747 λυθότα
2469 1693 2576 1764 γὰρ
2605 1691 2695 1744 τὸν
2734 1690 3015 1762 Ἀσσύριον
3051 1691 3306 1762 μετὰ-τοῦ
3341 1693 3703 1763 στρατοπέδου
3726 1693 3839 1746 τοῦ

2245 1787 2468 1848 οἰκείου,
2523 1782 2729 1853 μεγάλῃ
2793 1780 2890 1851 μέν
2935 1797 3040 1835 τινι
3088 1783 3180 1835 καὶ
3229 1781 3539 1855 βαρυτάτῃ’
3593 1782 3680 1836 διὰ
3726 1783 3852 1853 τῆς

568 1877 763 1934 incolis
783 1875 960 1931 facilis
988 1877 1164 1946 praeda
1194 1877 1395 1942 effecti,
1415 1889 1667 1934 sexcenta
1689 1882 1835 1950 passi
1863 1891 1989 1937 sunt
2014 1884 2148 1937 mul-

2257 1876 2547 1946 ὑπουργίας
2576 1873 2670 1926 τοῦ
2704 1873 2956 1941 ἀγγέλου,
2994 1871 3389 1943 περιϐέϐληκεν
3425 1873 3452 1923 6
3497 1871 3628 1935 Θεὸς
3648 1876 3713 1944 τῇ
3749 1891 3843 1926 τι-

572 1966 802 2020 tifariam
832 1969 971 2021 mala
1000 1978 1163 2039 atque
1201 1984 1230 2022 a
1264 1972 1470 2035 multis,
1511 1971 1640 2025 dum
1683 1971 1957 2042 fugientes
1987 1974 2148 2030 facile

571 2056 861 2111 admodum
906 2058 1272 2123 adorirentur,
1307 2071 1361 2116 et
1381 2062 1752 2132 deprehensos
1804 2065 2138 2122 occiderent.

571 2146 852 2204 Postremo
881 2152 1049 2205 multa
1080 2167 1204 2207 cum
1253 2154 1554 2224 ignominia
1587 2173 1678 2211 rex
1711 2173 1899 2212 eorum
1929 2159 1993 2212 ad
2026 2175 2150 2228 pro-

573 2237 745 2306 priam
777 2239 1039 2295 ditionem
1071 2256 1350 2304 reversus,
1385 2260 1412 2297 a
1439 2245 1624 2299 liberis
1647 2247 1762 2301 suis
1791 2249 2151 2316 interemptus

573 2329 704 2382 fuit:
746 2337 802 2383 ut
839 2332 1180 2400 exploratum
1220 2334 1378 2406 197
1415 2337 1505 2401 sit,
1536 2337 1874 2406 punitionem
1928 2340 2036 2394 illis
2069 2342 2152 2394 in-

573 2420 772 2476 ﬂictam
821 2438 850 2476 a
896 2422 1006 2478 Deo
1046 2426 1460 2494 gravissimam;
1493 2445 1593 2483 nec
1621 2430 1728 2484 illis
1751 2432 1926 2486 solum
1959 2433 2027 2486 ab
2055 2449 2153 2486 an—

573 2513 694 2581 gelo
721 2515 867 2568 circa
893 2514 1231 2571 Hierusalem
1258 2520 1558 2587 percussis,
1604 2521 1698 2576 sed
1732 2523 1957 2592 reliquis
1989 2524 2150 2578 etiam

575 2604 667 2672 qui
705 2606 852 2674 gravi
897 2607 1090 2662 timore
1138 2610 1375 2678 correpti
1431 2611 1671 2667 indidem
1724 2613 2022 2684 fugiebant.
2081 2615 2154 2669 De

575 2693 774 2761 quibus
807 2696 966 2748 etiam
997 2697 1186 2752 beatus
1221 2698 1351 2752 dicit
1381 2696 1551 2754 David
1582 2719 1594 2754 :
1643 2719 1660 2752 ι
1688 2701 1864 2758 Pones
1895 2720 1990 2758 eos
2027 2703 2156 2756 dor-

577 2799 698 2838 sum
723 2803 737 2852 ;
769 2785 824 2838 in
851 2787 1099 2856 reliquiis
1124 2788 1230 2844 tuis
1251 2793 1584 2860 praeparabis
1601 2794 1807 2846 vultum
1831 2811 2018 2849 eorum
2042 2795 2106 2846 ⁸³.
2131 2814 2149 2846 ι

578 2875 692 2930 lloc
722 2875 1060 2945 significans,
1090 2877 1206 2934 fore
1228 2891 1285 2935 ut
1310 2897 1500 2938 omnes
1529 2884 1580 2937 in
1615 2883 1798 2954 fugam
1832 2896 2153 2940 convertan-

579 2977 700 3034 tur;
734 2980 1186 3040 commoveatquc
1217 2973 1352 3029 iram
1385 2990 1538 3028 suam
1563 2976 1723 3028 etiam
1749 2977 1803 3030 in
1830 2977 2154 3047 superstites

581 3056 746 3113 Deus.
783 3058 896 3113 Hoc
934 3061 1100 3130 igitur
1129 3063 1246 3116 vult
1275 3066 1381 3118 hoc
1406 3064 1525 3120 loco
1555 3065 1758 3131 dicere,
1789 3067 1919 3120 dum
1950 3079 2155 3137 septem

581 3160 826 3219 pastores
846 3154 1169 3208 suscitatum
1201 3155 1268 3209 iri
1311 3156 1423 3221 ait;
1459 3157 1699 3212 declarat
1726 3160 1935 3214 scilicet
1959 3159 2157 3214 divina:

2254 1969 2433 2041 μωρίᾳ
2454 1982 2466 1994 ”
2504 1965 2712 2018 πολλῶν
2742 1965 2797 2017 δὲ
2830 1962 3240 2035 ἀναιρεθέντων,
3271 1965 3350 2027 είς
3380 1965 3557 2033 φυγήν
3583 1981 3642 2016 τε
3666 1965 3838 2035 ἐτρά-

2251 2077 2430 2131 πησαν
2460 2061 2507 2110 οἱ
2534 2055 2728 2120 λοιποὶ,
2765 2055 2862 2109 καὶ
2890 2058 3002 2119 τοῖς
3031 2055 3174 2108 κατὰ
3197 2055 3394 2118 τόπους
3437 2055 3696 2108 εὐάλωτοι
3735 2072 3840 2124 γε-

2249 2151 2488 2220 γονότες,
2530 2149 2757 2201 πλεῖστα
2794 2149 2894 2200 ὅσα
2925 2148 3263 2200 πεπόνθασιν
3313 2148 3370 2200 έν
3413 2146 3689 2218 διαφόροις
3733 2149 3864 2215 καὶ,

2252 2241 2410 2313 παρὰ,
2437 2240 2729 2312 διαφόρων,
2771 2239 2879 2292 τῶν
2916 2238 2992 2302 ὡς
3038 2239 3101 2295 ἂν
3133 2238 3393 2308 φεύγουσι
3445 2239 3580 2308 μετά
3627 2237 3850 2308 πολλῆς,

2252 2335 2512 2389 ἐπιόντων
2539 2334 2636 2404 τῆς
2671 2319 2969 2402 εὑμαρείας
3003 2331 3094 2383 καὶ
3122 2332 3246 2393 τοὺς
3281 2331 3650 2400 ἐμπίπτοντας
3671 2331 3842 2387 ἀναι-

2255 2425 2518 2499 ρούντων⁸
2559 2424 2619 2476 τὸ
2639 2423 2947 2476 τελευταῖον
2987 2421 3042 2474 δὲ
3082 2421 3220 2492 μετά
3243 2421 3444 2490 πολλῆς
3473 2421 3573 2490 τῆς
3606 2421 3844 2490 ἀτιμίας

2254 2521 2283 2572 6
2329 2515 2626 2587 βασιλεύων
2663 2515 2843 2568 αὑτῶν
2889 2516 2966 2578 εἰς
2999 2513 3096 2584 τὴν
3131 2511 3313 2583 χώραν
3346 2511 3697 2582 ἀπεληλυθὼς
3731 2512 3844 2583 τὴν

2256 2609 2482 2671 οίκείαν,
2515 2607 2621 2658 ὑπὸ
2647 2605 2756 2659 τῶν
2789 2603 2917 2657 υἱῶν
2950 2604 3187 2676 ἀνῃρέθη
3231 2603 3337 2657 τῶν
3369 2603 3512 2656 ἰδίων
3537 2621 3548 2632 ·
3593 2603 3668 2665 ὼς
3700 2603 3836 2672 φαί-

2255 2697 2441 2751 νεσθαι
2489 2697 2584 2768 τὴν
2629 2696 2899 2766 τιμωρίαν
2946 2695 3128 2758 αὑτοῖς
3179 2694 3506 2764 ἐπαχθεῖσαν
3551 2693 3702 2765 παρά
3737 2692 3856 2759 τοῦ»

2256 2789 2390 2843 Θεοῦ
2432 2789 2763 2860 βαρυτάτην,
2795 2789 2855 2841 οὑ
2889 2787 3046 2856 μόνον
3076 2785 3164 2838 διὰ
3189 2786 3295 2840 τῶν
3336 2786 3440 2838 ὑπὸ
3476 2784 3569 2838 τοῦ
3599 2784 3842 2854 ἀγγέλου

2259 2881 2574 2954 πληγέντων
2610 2881 2738 2950 περὶ
2770 2881 2868 2950 τὴν
2912 2877 3282 2948 Ἰερουσαλὴμ,
3310 2875 3445 2930 ἀλλά
3485 2877 3578 2930 καὶ
3606 2877 3692 2929 διὰ
3729 2877 3844 2931 τῶν

2257 2972 2459 3027 λοιπῶν
2489 2971 2595 3024 τῶν
2643 2969 2781 3041 μετά
2831 2966 3025 3022 πολλοῦ
3069 2967 3162 3020 τοῦ
3201 2967 3351 3030 δέους
3380 2968 3729 3036 πεφευγότων
3775 2984 3842 3020 τε

2259 3065 2466 3119 ἐκεῖθεν
2510 3064 2602 3117 καὶ
2632 3061 2890 3124 ποικίλως
2918 3058 3311 3128 ἀναιρεθέντων
3330 3077 3343 3090 ·
3378 3060 3506 3130 περὶ
3533 3052 3606 3112 ὧν
3637 3058 3700 3130 δὴ
3740 3058 3846 3113 καὶ

2259 3160 2287 3211 6
2325 3157 2590 3227 μακάριος
2618 3150 2778 3208 Δαυϊδ
2816 3191 2830 3217 ,
2883 3168 2902 3201 ι
2947 3151 3028 3207 ὅτι
3085 3151 3273 3220 θήσεις
3319 3151 3516 3212 αὑτοὺς
3555 3148 3742 3214 νῶτον,
3779 3149 3842 3202 ὲν

580 3243 882 3323 punitionis
913 3247 1257 3315 gravitatem,
1293 3247 1456 3318 quam
1498 3250 1792 3320 perfectam
1828 3253 2155 3325 plenamque

2258 3251 2369 3310 τοῖς
2385 3247 2719 3318 περιλοίποις
2741 3260 2832 3296 σου
2848 3243 3152 3312 έτοιμάσεις
3178 3242 3239 3294 τὸ
3253 3242 3540 3313 πρόσωπον
3567 3239 3742 3293 αὑτῶν
3765 3255 3778 3268 ⁸
3815 3257 3837 3293 ι

582 3348 679 3404 per
706 3337 881 3404 angeli
915 3337 1123 3392 cladem
1158 3337 1384 3394 adduxit
1413 3341 1520 3396 illis
1554 3341 1718 3397 Deus.

2262 3341 2420 3394 τοῦτο
2454 3338 2649 3409 δηλῶν,
2677 3337 2757 3390 ὅτι
2788 3335 3160 3406 τραπήσονται
3221 3332 3319 3403 μὲν
3353 3333 3591 3395 ἆπαντες
3625 3333 3702 3394 είς
3732 3346 3844 3398 φυ-

581 3427 704 3496 γὴν,
751 3429 958 3497 κινήσει
1014 3428 1070 3482 δὲ
1117 3430 1215 3501 τὴν
1249 3431 1416 3502 ὀργὴν
1448 3433 1546 3502 τὴν
1590 3435 1796 3487 οἰκείαν
1851 3436 1946 3489 καὶ
2006 3436 2148 3495 κατά
2207 3433 2315 3488 τῶν
2369 3428 2841 3500 ὑπολελειμμένων
2882 3429 2910 3479 6
2950 3425 3101 3488 Θεός.
3159 3424 3235 3494 (p.
3273 3423 3398 3495 501)
3447 3422 3617 3476 Τοῦτο
3659 3423 3845 3476 τοίνυν

581 3518 767 3573 ἐνθάδε
808 3517 1050 3588 βούλεται
1083 3520 1279 3588 λέγειν,
1310 3522 1448 3576 έπτά
1494 3525 1592 3593 μὲν
1626 3525 1890 3596 ποιμένας
1925 3525 2387 3598 ὲπεγερθήσεσθαι
2445 3523 2650 3591 λέγων’
2707 3521 2793 3573 ἵνα
2823 3520 3039 3593 δηλώσῃ
3085 3520 3184 3590 τῆς
3239 3517 3386 3580 θείας
3418 3515 3686 3586 τιμωρίας
3742 3516 3846 3586 τὴν

584 3612 879 3685 βαρύτητα,
911 3617 976 3685 ἢν
1009 3615 1220 3669 τελείαν
1252 3633 1312 3668 τε
1356 3619 1447 3670 καὶ
1482 3611 1895 3692 ἀπηρτισμένην
1939 3621 2027 3677 διὰ
2057 3623 2156 3692 τῆς
2179 3621 2272 3674 τοῦ
2299 3618 2530 3687 ἀγγέλου
2555 3616 2767 3687 πληγῆς
2797 3615 3074 3686 ἐπήγαγεν
3107 3613 3286 3674 αὐτοῖς
3314 3613 3340 3663 '3
3370 3609 3523 3673 Θεός-

653 3705 789 3761 Octo
834 3707 1116 3762 hominum
1149 3725 1368 3766 morsus
1412 3712 1567 3777 dicit,
1601 3725 1659 3768 ut
1689 3717 1968 3770 cumulum
2011 3719 2165 3770 incu-

586 3799 889 3852 biturorum
966 3808 1092 3869 post
1143 3799 1327 3870 fugam
1384 3803 1537 3858 illinc
1597 3807 1859 3861 malorqu
1921 3809 2162 3874 denotet,

587 3891 773 3945 multis
794 3907 888 3960 per
919 3906 982 3944 ea
1010 3893 1128 3945 loca
1151 3893 1489 3959 hominibus,
1521 3906 1710 3966 utpote
1740 3902 1832 3968 qui
1859 3902 1911 3954 in
1945 3904 2166 3958 sedibus

589 3982 826 4050 propriis
849 3983 1184 4052 perstabant.
1217 3983 1486 4054 fugientes
1510 3987 1900 4057 perdentibus;
1953 4007 2165 4047 necnon

587 4079 642 4129 et
669 4072 792 4126 illos
825 4072 917 4140 qui
953 4074 1005 4125 in
1040 4075 1267 4142 patriam
1286 4092 1343 4129 se
1371 4077 1914 4151 putabautcvasisse,
1934 4084 2165 4153 quibus-

587 4177 710 4216 cqu
745 4177 922 4232 regem
954 4180 1172 4234 quoque
1225 4182 1254 4220 a
1301 4167 1416 4223 suis
1455 4169 1644 4224 liberis
1707 4172 1944 4228 interimi
1990 4176 2178 4232 eonti-.

589 4252 698 4321 git:
741 4267 903 4320 quam
935 4267 1050 4306 rem
1101 4253 1345 4324 elegante
1389 4259 1654 4314 vocabulo
1700 4261 1836 4316 dixit
1883 4263 2167 4320 hominum

590 4357 829 4409 morsus,
863 4353 919 4398 ut
952 4344 1018 4399 ab
1051 4346 1223 4415 angeli
1257 4349 1537 4416 punitione
1565 4351 1943 4422 distingueret.
1975 4355 2174 4414 Postea.

589 4432 771 4489 dicere
807 4435 1008 4504 pergit:
1052 4453 1070 4487 ι
1099 4434 1163 4488 Et
1200 4447 1424 4506 pascent
1457 4438 1741 4513 Assyrium
1788 4446 1841 4498 in
1883 4446 2083 4516 gladio,
2117 4459 2169 4504 et

591 4535 787 4580 terram
842 4527 1080 4583 Nebrodi
1143 4527 1196 4581 in
1236 4529 1387 4584 fovea
1425 4533 1565 4602 ejus.
1599 4555 1618 4586 ι
1673 4534 1742 4591 Ut
1790 4537 1936 4591 dicat
1985 4540 2167 4609 gladio

588 4621 1021 4675 consumendum
1055 4622 1360 4692 Assyrium,
1392 4627 1483 4696 qui
1517 4629 1791 4697 propriam
1819 4645 2038 4700 quoque
2082 4647 2167 4687 re-

2345 3713 2522 3767 Ὀκτὼ
2556 3713 2612 3766 δὲ
2640 3713 2890 3782 δήγματα
2921 3707 3244 3781 ἀνθρώπων,
3280 3706 3365 3758 ἵνα
3393 3704 3491 3774 τὴν
3538 3703 3845 3774 ὑπερϐολὴν

2265 3807 2394 3877 εῐπῃ
2423 3804 2532 3857 τῶν
2585 3801 3049 3872 καταληψομένων
3097 3799 3294 3862 αὑτοὺς
3343 3798 3529 3850 κακῶν
3575 3796 3712 3866 μετά
3741 3796 3844 3866 τὴν

2265 3897 2472 3951 ἐκεῖθεν
2501 3895 2698 3965 φυγὴν,
2732 3894 3001 3965 διαφόρως
3027 3891 3137 3946 τῶν
3179 3908 3238 3944 τε
3269 3889 3408 3944 κατά
3438 3888 3600 3942 τόπον
3633 3887 3845 3958 ἀνθρώ-

2265 4006 2382 4042 πων
2405 3987 2499 4041 καὶ
2518 3987 2632 4052 τῶν¹
2659 3985 2795 4057 πρὸς
2824 3985 2960 4054 αὑτῇ
2983 4001 3046 4052 γε
3074 3982 3252 4036 αὑτῶν
3291 3984 3356 4052 τῇ
3387 3980 3540 4051 χώρα
3567 3976 3844 4032 καθεστῶ-

2269 4098 2396 4146 των,
2436 4078 2563 4142 τούς
2610 4094 2670 4131 τε
2715 4075 3017 4146 φεύγοντας
3065 4073 3429 4136 ἀπολλύντων,
3467 4071 3561 4125 καὶ
3610 4071 3733 4132 τοὺς
3782 4071 3845 4124 ὲν

2269 4176 2382 4237 τοῖς
2417 4172 2604 4234 τόποις
2647 4167 3123 4238 καταπεφευγέναι
3167 4165 3455 4228 δοκοῦντας
3497 4166 3608 4226 τοῖς
3659 4162 3841 4224 ἰδίοις’

2273 4265 2388 4336 μεθ’
2416 4257 2491 4318 ὧν
2525 4261 2872 4333 ἀναιρεθῆναι
2905 4259 3000 4313 καὶ
3047 4259 3137 4314 τὸν
3189 4257 3412 4328 βασιλέα
3446 4255 3549 4308 ὑπὸ
3581 4255 3687 4306 τῶν
3713 4254 3841 4307 υίῶν

2271 4355 2470 4426 συνέϐη
2503 4354 2609 4411 τῶν
2640 4354 2819 4407 ίδίων·
2852 4351 2880 4406 ὃ
2905 4352 2999 4404 καὶ
3039 4350 3218 4414 καλῶς
3259 4347 3562 4419 ἀνθρώπων
3601 4343 3718 4399 εἷπε
3748 4346 3841 4417 δή-

2273 4467 2480 4522 γματα,
2511 4445 2956 4502 ἀντιδιαστέλλων
2989 4443 3126 4496 αὑτά
3161 4445 3225 4513 τῇ
3269 4441 3358 4495 διά
3382 4439 3476 4493 τοῦ
3505 4438 3734 4508 ἀγγέλου
3762 4455 3842 4490 τι-

2277 4543 2478 4614 μωρίᾳ.
2515 4537 2647 4594 Εἶτα
2667 4540 2859 4606 ὲπάγει
2880 4554 2893 4568 ο
2943 4554 2962 4589 ‹
2998 4536 3108 4589 Καὶ⁴
3137 4532 3459 4604 ποιμανοῦσι
3486 4531 3575 4584 τὸν
3617 4530 3840 4602 ’Λσσοὺρ

2273 4637 2330 4688 ὲν
2360 4632 2604 4706 ῥομφαίᾳ
2633 4632 2728 4684 καὶ
2770 4629 2870 4699 τὴν
2913 4627 3013 4698 γὴν
3047 4625 3138 4678 τοῦ
3181 4622 3418 4693 Νεϐρὼδτ
3443 4622 3500 4673 ἐν
3543 4624 3609 4692 τῇ
3654 4619 3838 4692 τάφρῳ

592 4711 807 4780 gionem
839 4721 1028 4766 cernet
1055 4722 1366 4770 vastatam:
1403 4717 1547 4786 quod
1580 4735 1770 4789 reapse
1802 4721 2002 4774 malum
2037 4737 2155 4791 pas-

2271 4725 2439 4794 αὑτῆς
2460 4741 2473 4755 ·
2518 4742 2536 4774 ι
2575 4723 2664 4775 ἵνα
2695 4721 2824 4792 εἴπῃ
2862 4721 2966 4783 ὅτι,
3002 4716 3155 4787 Ξίφει
3184 4733 3244 4769 τε
3275 4712 3777 4782 καταναλωθήσεται
3809 4716 3838 4767 6

592 4817 688 4856 sus
723 4812 907 4872 postea
955 4819 984 4856 a
1015 4803 1330 4876 Babyloniis
1379 4817 1482 4863 est.
1515 4809 1634 4865 Jam
1683 4820 1883 4867 terram
1929 4813 2166 4869 Nebrodi

594 4892 739 4945 illam
785 4904 1084 4962 nuncupat,
1145 4897 1272 4965 quia
1321 4897 1428 4954 illis
1485 4899 1672 4956 fuitin
1720 4904 1856 4959 locis
1883 4903 2168 4961 Nebrodus

593 4985 766 5055 gigas,
809 4986 899 5055 qui
938 4987 1143 5056 regiam
1173 4988 1491 5059 dignitatem
1525 4994 1665 5064 apud
1721 4997 1870 5066 ipsos
1904 4999 2166 5063 obtinuit,

592 5093 933 5150 magnusque
962 5082 1112 5138 visus
1141 5094 1226 5139 est
1256 5086 1398 5155 apud
1429 5086 1548 5154 ejus
1597 5089 1856 5157 temporis
1898 5089 2168 5155 homines,

593 5172 790 5225 virium
843 5188 1067 5228 suarum
1122 5177 1462 5232 conscientia
1511 5177 1712 5234 elatus.
1765 5177 1857 5232 Sic
1892 5180 2035 5233 enim
2097 5181 2171 5237 ait

587 5258 895 5321 Creationis
941 5266 1114 5322 liber:
1149 5286 1166 5319 ι
1219 5267 1318 5322 Hic
1367 5269 1468 5323 fuit
1521 5269 1674 5340 gigas
1721 5280 1944 5325 venator
1983 5287 2166 5327 coram

596 5351 724 5406 Deo.
755 5352 1048 5426 Propterea
1075 5358 1294 5413 dicent:
1334 5359 1488 5415 Sicut
1508 5358 1794 5415 Nebrodus
1831 5362 1981 5432 gigas
2009 5380 2173 5418 vena-

599 5454 683 5496 tor
712 5460 894 5499 coram
920 5447 1030 5503 Deo
1054 5467 1066 5502 :
1103 5469 1122 5501 ι
1163 5449 1375 5521 fuitque
1395 5460 1558 5520 caput
1585 5451 1734 5520 regni
1768 5452 1888 5520 ejus
1912 5453 2168 5526 Babylon.

597 5533 733 5598 Quia
777 5534 940 5603 igitur
981 5538 1142 5607 hujus
1176 5555 1343 5595 causa
1378 5539 1766 5609 superbiebant
1803 5541 2035 5612 Assyrii,
2072 5560 2168 5600 ceu

597 5626 810 5697 magnis
843 5635 1162 5696 praestantes
1196 5631 1426 5695 viribus,
1476 5637 1660 5700 utpote
1693 5645 1723 5684 a
1757 5633 1851 5686 tali
1879 5634 1993 5689 viro
2044 5652 2172 5707 pro-

670 5811 713 5842 ⁹¹
739 5809 906 5868 Eccli.
930 5829 1006 5883 xi,
1031 5814 1085 5867 2.
1163 5817 1206 5848 ν’
1239 5814 1429 5871 Matth.
1455 5831 1612 5889 xvm,
1652 5820 1741 5874 2|.

2277 4815 2580 4888 Ἀσσύριος,
2623 4814 2716 4873 καὶ
2746 4812 2844 4884 τὴν
2888 4813 2993 4882 γῆν
3029 4812 3128 4881 τὴν
3158 4807 3362 4862 οἰκείαν
3391 4806 3580 4876 ὄψεται
3617 4805 3838 4877 δῃουμέ-

2265 4925 2384 4978 νην,
2416 4909 2552 4979 ὅπερ
2585 4904 2677 4961 οὖν
2723 4907 2818 4960 καὶ
2867 4902 3136 4959 πέπονθεν
3186 4902 3293 4953 ὑπὸ
3334 4899 3440 4952 τῶν
3488 4896 3836 4952 Βαϐυλωνίων

2268 4999 2492 5071 ὕστερον
2514 5017 2528 5032 ο
2564 4999 2668 5069 γῆν
2697 4998 2806 5068 γὰρ
2835 4994 2926 5050 τοῦ
2970 4993 3199 5066 Νεϐρὼδ
3221 4992 3437 5062 ἐκείνην
3464 4988 3737 5060 ὀνομάζει,
3763 4989 3836 5050 ὡς

2268 5092 2324 5144 ὲν
2360 5091 2587 5154 ὲκείνοις
2633 5092 2745 5153 τοῖς
2792 5089 2978 5150 τόποις
3028 5085 3121 5143 τοῦ
3168 5082 3393 5155 Νεϐρὼδ
3436 5081 3740 5151 γεγονότος,
3771 5081 3835 5134 τὰ

2267 5181 2512 5253 βασίλειά
2535 5201 2595 5236 τε
2625 5183 2839 5253 ἔχοντος
2864 5181 3106 5242 ἐκείνων,
3127 5177 3184 5239 ὃς
3221 5176 3390 5247 μέγας
3417 5173 3668 5242 ἐφαίνετο
3698 5173 3841 5242 παρὰ

2266 5275 2390 5337 τοὺς
2415 5274 2536 5327 τότε
2566 5273 2883 5344 ἀνθρώπους
2916 5271 3006 5325 ἐπὶ
3035 5271 3262 5339 δυνάμει
3303 5263 3536 5336 φρονῶν.
3566 5263 3720 5316 Οὕτω
3739 5261 3840 5335 γὰρ

2267 5368 2301 5436 ἡ
2333 5367 2431 5436 τῆς
2458 5367 2704 5428 κτίσεως
2734 5365 2914 5436 βίϐλος
2946 5363 3110 5434 φησίν
3134 5377 3145 5388 ·
3186 5381 3204 5412 ‹
3251 5354 3418 5421 Οὗτος
3454 5353 3522 5427 ἦν
3559 5356 3720 5423 γίγας
3747 5371 3838 5406 κυ-

2268 5457 2432 5530 νηγὸς
2465 5457 2706 5512 ἐναντίον
2737 5456 2940 5528 Κυρίου
2967 5472 2980 5485 ο
3018 5454 3107 5509 διὰ
3148 5451 3304 5506 τοῦτο
3349 5449 3585 5520 ἐροῦσιν,
3627 5447 3714 5510 Ὠς
3738 5445 3837 5498 Νε-

2276 5549 2422 5621 ϐρὼδ
2447 5549 2606 5618 γίγας
2635 5547 2868 5618 κυνηγὸς
2903 5542 3144 5602 ἐναντίον
3167 5543 3262 5597 τοῦ
3287 5538 3420 5595 Θεοῦ
3438 5557 3450 5569 ·
3473 5559 3492 5591 ι
3515 5538 3609 5592 καὶ
3636 5536 3840 5604 ἐγένετο

2278 5637 2485 5711 ἡάρχὴ
2513 5635 2612 5707 τῆς
2655 5634 2927 5706 βασιλείας
2977 5632 3142 5687 αὑτοῦ
3190 5626 3476 5685 Βαϐυλών·
3524 5625 3710 5698 ἐπειδὴ
3735 5625 3837 5680 τοι·
