4118 6526
525 439 647 498 ὓὲῗλ

1739 429 1779 481 Τ
1792 426 1930 483 11Εο
1945 425 2108 482 00m
2148 424 2633 481 MOPS’UESTENI

3692 430 3860 484 384.

531 557 844 613 summatim
873 552 1075 616 dicam,
1097 554 1178 605 ira
1199 566 1260 604 ac
1282 550 1464 605 furore
1484 559 1791 604 commotus
1815 551 2106 604 maximam
2139 590 2148 610 λ

2251 564 2355 600 ων·
2401 547 2795 616 Ἐκκοπήσεται
2828 543 2884 596 δὲ
2923 544 3016 599 καί¹
3055 546 3125 600 τὰ
3152 545 3290 615 ἄλση
3339 545 3396 600 ὲν
3423 539 3506 610 οἷς
3527 544 3623 612 τάς
3661 549 3837 619 θρη-

531 647 1024 718 gravissimamque
1061 645 1216 699 vobis
1242 657 1459 714 prunam
1486 643 1761 711 imponam
1803 649 1964 710 atque
1990 655 2116 710 per-

531 741 752 802 niciem,
799 740 928 808 quia
959 753 1079 793 mea
1143 737 1402 791 noluistis
1461 735 1738 790 abstinere
1789 743 1963 799 terra;
2023 732 2116 786 sed

535 835 677 886 hanc
705 845 922 900 quoque
945 839 1139 898 praeter
1161 828 1562 897 beneplacitum
1587 841 1767 879 meum
1797 823 2115 894 depopulari

533 924 808 980 voluistis.
843 921 960 978 Jam
997 921 1086 975 ubi
1127 921 1195 974 de
1249 921 1428 973 futura
1460 934 1616 988 pinna
1647 917 1999 986 Assyriorum
2040 915 2121 969 di-

536 1015 693 1069 een'di
730 1016 889 1068 linem
921 1013 1069 1078 fecit,
1104 1020 1330 1082 propter
1378 1010 1596 1064 illorum
1628 1008 1892 1063 adversus
1924 1005 2120 1061 Hieru-

538 1107 708 1161 salem
762 1121 980 1171 ausum,
1016 1105 1081 1158 ad
1127 1105 1386 1173 populum
1417 1101 1585 1156 verba
1633 1100 1923 1163 convertit,
1975 1113 2123 1152 nunc

539 1206 852 1268 opportune
903 1197 1174 1265 ingratum
1220 1193 1370 1248 illius
1429 1193 1672 1246 animum
1725 1188 2123 1264 reprehendere

541 1288 884 1358 aggrediens.
942 1286 1082 1352 Quin
1133 1285 1269 1340 adeo
1299 1284 1536 1338 tribunal
1564 1281 1839 1352 quoddam
1875 1290 2121 1336 statuens

543 1380 826 1450 propheta,
857 1378 950 1461 {sic
987 1379 1061 1431 ait
1086 1397 1099 1431 :

2225 635 2414 698 σκείας
2459 632 2756 687 ὲπιτελεῖτε
2794 631 2891 696 τὰς
2922 634 3149 700 οἰκείας,
3194 635 3292 699 τάς
3323 651 3380 687 τε
3422 635 3604 701 πόλεις
3647 637 3837 706 ὑμῶν

2225 727 2444 790 ἁπάσας
2494 710 2746 794 ἀφανιῶί
2792 725 2908 790 καὶ,
2957 725 3239 795 συντόμως
3276 727 3472 790 εἰπεῖν,
3521 726 3658 798 ὀργῇ
3712 726 3842 780 καὶ

2228 818 2386 889 θυμῴ
2437 817 2800 890 χρησάμενος,
2847 817 3111 887 μεγίστην
3171 815 3260 870 καὶ
3330 818 3640 888 βαρυτάτην
3676 822 3840 888 ὑμῖν

2226 913 2324 982 τήν
2357 929 2416 964 τε
2437 911 2705 982 τιμωρίαν
2736 911 2938 963 ὲποίσω
2969 910 3060 963 κοῐὶ
3088 911 3186 982 τὴν
3225 909 3520 975 ἀπώλειαν,
3561 908 3704 981 ὑπὲρ
3741 905 3842 964 ὧν

2225 1001 2560 1074 ἀποσχέσθαι
2600 1001 2697 1072 τῆς
2749 1000 2932 1074 χώρας
2986 1003 3086 1055 οὐκ
3125 1001 3461 1073 ὴὸουλήθητε
3503 1002 3602 1072 τῆς
3642 1001 3838 1072 ἐμῆς,

2226 1093 2362 1148 ἀλλὰ
2393 1095 2501 1167 γὰρ
2533 1095 2798 1166 ἠλπίσατε
2831 1095 2983 1170 παρὰ
3009 1097 3070 1148 τὸ
3103 1096 3225 1164 ἐμοὶ
3251 1094 3441 1148 δοκοῦν
3471 1097 3676 1166 ἐρημίᾳ
3706 1113 3845 1150 πα·-

2231 1187 2504 1258 ραδιδόναι
2555 1191 2650 1242 καὶ
2690 1189 2913 1261 ταύτην.
2963 1189 3073 1243 Καὶ
3112 1188 3297 1260 ἐπειδὴ
3337 1189 3668 1259 συνεπέρανε
3713 1189 3842 1261 τὴν

2229 1281 2684 1352 ἑπαχθησομένην
2723 1285 2832 1345 τοῖς
2873 1283 3176 1353 Ἀσσυρίοις
3211 1281 3502 1352 τιμωρίαν,
3550 1281 3688 1351 ὑπὲρ
3744 1274 3842 1332 ὧν

2232 1370 2478 1424 ἐπελθεῖν
2506 1371 2876 1445 τετολμήκασι
2911 1375 2976 1444 τῇ
3024 1373 3398 1444 Ἰερουσαλὴμ,
3432 1375 3508 1440 (p.
3538 1370 3663 1441 505)
3691 1373 3844 1442 τρέ-

543 1489 634 1525 πει
667 1471 803 1540 πρὸς
829 1459 920 1523 τὸν
951 1469 1076 1522 λαὸν
1105 1471 1194 1523 τὸν
1229 1469 1404 1538 λόγον,
1445 1470 1502 1521 ὲν
1530 1468 1710 1536 καιρῷ
1769 1465 1864 1518 νῦν
1911 1463 2145 1536 μάλιστα
2203 1461 2300 1536 τὴν
2349 1463 2741 1536 ἀγνωμοσύνην
2799 1463 2976 1518 αὐτῶν
3027 1463 3266 1536 ἐλέγχειν
3317 1459 3650 1531 ὑπειληφώς.
3704 1461 3862 1525 Ka‘u

543 1565 606 1635 δὴ
639 1566 730 1618 καὶ
757 1564 1033 1638 κριτήριον
1054 1580 1108 1616 τι
1127 1561 1366 1626 καθίζων
1399 1561 1428 1614 ὁ
1450 1561 1734 1632 προφήτης
1763 1559 1906 1612 οὕτω
1941 1557 2126 1628 φησίνο

1182 1723 1335 1779 CAP.
1395 1725 1476 1778 Vl.

621 1813 782 1866 Vsus.
827 1815 939 1868 1-5.
981 1843 1051 1855 ---⁴
1091 1834 1108 1866 ι
1151 1815 1322 1886 Surge
1362 1823 1416 1871 et
1462 1815 1672 1885 judicio
1711 1815 1956 1884 discepta
1998 1827 2123 1867 cum

2884 1727 3040 1778 ΚΕΦ.
3079 1728 3171 1793 εῖν.
3467 1779 3472 1789 ,

2305 1817 2448 1886 Στίχ.
2489 1823 2628 1872 σι’-ε’.
2662 1846 2733 1857 --
2765 1836 2784 1868 ι
2835 1818 3143 1887 Ἀνάστηθι,
3173 1817 3390 1889 κρίθητι
3425 1819 3560 1888 πρὸς
3589 1818 3656 1870 τὰ
3678 1819 3794 1888 ὅρη
3821 1835 3838 1850 ο

547 1903 844 1968 trientibus,
869 1913 922 1960 et
941 1906 1162 1960 audiant
1182 1909 1351 1961 colles
1377 1923 1563 1961 vocem
1588 1917 1756 1960 tuam.
1783 1907 1995 1966 Audite,
2020 1904 2133 1958 col-

2251 1909 2330 1964 cati.
2353 1910 2740 1962 ἀκουσάτωσαν
2761 1908 2937 1978 βουνοί
2957 1910 3141 1980 φωνήν
3163 1927 3256 1963 σου
3274 1926 3285 1937 ·
3308 1895 3597 1975 ὀῖκούσατε,
3619 1909 3838 1979 βουνοὶ,

546 1995 654 2060 les,
685 1997 954 2066 judicium
998 1996 1232 2064 Domini,
1281 2015 1381 2054 nec
1422 2015 1532 2053 non
1569 1999 1737 2053 valles
1781 1997 2136 2052 fundamenta
2181 2036 2191 2044 .

549 2096 726 2152 terrae,
773 2091 899 2157 quia
936 2090 1205 2158 judicium
1247 2091 1477 2145 Domino
1521 2106 1644 2144 cum
1692 2089 1892 2159 populo
1923 2088 2043 2148 suo,
2081 2095 2135 2141 et

547 2195 672 2234 cum
729 2179 924 2236 lsraele
961 2182 1311 2252 disceptabit.
1352 2201 1370 2234 ι
1413 2182 1517 2238 Sed
1550 2183 1676 2252 quia
1730 2191 1809 2236 tot
1859 2181 2135 2250 tantisque

549 2271 713 2342 200
742 2272 796 2326 in
823 2289 919 2328 eos
944 2273 1158 2328 collatis
1181 2289 1211 2328 a
1240 2274 1348 2330 Deo
1374 2274 1674 2341 beneficiis,
1701 2274 1974 2344 ingratum
2001 2271 2138 2324 nihi-

549 2363 789 2420 lominus
813 2364 1054 2417 animum
1087 2365 1342 2428 retinent,
1372 2365 1530 2434 cujus
1555 2380 1722 2420 causa
1765 2365 1926 2419 etiam
1962 2363 2138 2432 Baby—

550 2453 782 2510 lonicam
811 2455 1152 2524 pertulerunt
1191 2456 1582 2526 captivitatem,
1625 2472 1758 2512 sane
1804 2455 2137 2525 perlibenter

545 2545 1105 2614 judiciuminstituam
1139 2549 1282 2603 inter
1314 2547 1485 2603 Deum
1513 2555 1568 2602 et
1601 2548 1724 2603 illos
1761 2564 1773 2600 :
1812 2562 2136 2616 sumamque

545 2640 758 2710 jndices
785 2649 999 2696 montes
1023 2651 1077 2696 et
1104 2642 1270 2697 colles
1301 2641 1602 2711 vallesque,
1629 2656 1750 2710 quae
1781 2650 1940 2695 antea
1971 2639 2138 2693 innu-

554 2730 869 2788 merabilem
902 2730 1047 2784 illam
1083 2741 1416 2800 exceperunt
1445 2731 1798 2802 Assyriorum
1827 2731 2140 2784 multitudi-

552 2837 676 2885 nem
724 2820 1060 2879 Hierusalem
1102 2821 1566 2892 aggredientium,
1614 2837 1708 2891 per
1748 2836 1940 2877 omnes
1985 2830 2142 2876 extra

454 2930 474 2950 ι
553 2915 708 2970 locos
728 2914 1034 2985 dispersam
1061 2933 1073 2968 :
1103 2915 1246 2969 unde
1274 2913 1544 2984 plurimus
1575 2913 1726 2968 urbis
1749 2913 1958 2968 incolas
1981 2914 2143 2968 timor

559 3006 810 3073 incessit;
827 3006 953 3062 dein
979 3014 1200 3077 repente
1230 3015 1310 3060 tot
1328 3007 1636 3060 habuerunt
1657 3007 1804 3061 circa
1827 3022 1886 3061 se
1901 3007 2141 3076 projeet-a

563 3098 830 3154 cadavera
859 3099 1142 3154 hon'tinum
1177 3108 1330 3152 tanta
1355 3113 1530 3168 nuper
1564 3099 1823 3169 superbia
1847 3099 2140 3152 elatorum.

2235 2005 2332 2076 τὴν
2365 2005 2545 2076 κρίσιν
2570 2004 2662 2057 τοῦ
2695 2005 2924 2074 Κυρίου,
2949 2004 3042 2058 καί¹
3072 2005 3126 2059 αἱ
3155 2004 3434 2075 φάραγγες
3469 2004 3692 2074 θεμέλια
3721 2004 3836 2075 τῆς

2235 2098 2358 2167 γῆς,
2395 2097 2476 2149 ὅτι
2527 2097 2708 2166 κρίσις
2738 2096 2816 2165 τῷ
2851 2097 3040 2166 Κυρίῳ
3085 2095 3220 2166 πρὸς
3252 2095 3341 2150 τὸν
3367 2095 3492 2148 λαὸν
3523 2095 3706 2156 αὑτοῦ,
3728 2098 3844 2150 καὶ

2240 2186 2379 2257 μετὰ
2423 2186 2517 2238 τοῦ
2582 2184 2795 2256 Ἰσράὴλ
2843 2183 3300 2254 διελεγχθήσεται.
3347 2204 3365 2236 ι
3437 2184 3576 2237 Ἀλλ’
3630 2185 3843 2256 ἐπειδὴ

2237 2278 2524 2340 τοιούτων,
2566 2277 2729 2346 φησὶ,
2768 2275 2876 2328 τῶν
2922 2276 3072 2346 παρὰ
3104 2275 3240 2329 Θεοῦ
3273 2277 3572 2346 γεγονότων
3604 2277 3683 2339 εἰς
3718 2277 3845 2329 αύ-

2237 2373 2382 2435 τοὺς,
2411 2370 2566 2424 οὐθὲν
2599 2364 2759 2440 ἦττον
2791 2369 2882 2422 ἐπὶ
2914 2369 3014 2439 τῆς
3046 2370 3440 2439 ἀγνωμοσύνης
3474 2369 3691 2439 μένουσι
3723 2368 3849 2438 τῆς
3876 2419 3888 2433 ,

2238 2463 2476 2528 οἰκείας,
2521 2461 2662 2534 ὑπὲρ
2697 2455 2772 2515 ὧν
2803 2461 2858 2514 δὲ
2899 2461 2994 2522 καὶ
3040 2461 3140 2532 τὴν
3173 2463 3236 2514 ἐκ
3269 2460 3584 2524 Βαϐυλῶνος
3614 2460 3848 2530 ὑπομέμ

2238 2569 2418 2607 νουσιν
2460 2552 2866 2624 αἰχμαλωσίαν,
2923 2552 3114 2622 ἣδιστα
3147 2554 3213 2605 ἂν
3261 2552 3440 2624 κρίσιν
3486 2551 3851 2620 ποιησαίμην

2239 2643 2332 2698 τοῦ
2365 2660 2424 2695 τε
2449 2641 2585 2694 Θεοῦ
2615 2641 2880 2694 κάκείνων
2899 2657 2912 2672 ο
2939 2642 3034 2694 καὶ
3059 2639 3278 2710 δέξομαι
3303 2641 3492 2710 κριτὰς
3523 2640 3592 2694 τά
3620 2657 3678 2693 τε
3723 2647 3844 2712 ὅρη

2240 2733 2334 2787 καὶ
2363 2732 2490 2794 τοὺς
2518 2731 2737 2800 βουνοὺς
2767 2732 2859 2784 καὶ
2884 2730 2982 2794 τὰς
3014 2731 3322 2801 φάραγγας,
3353 2730 3388 2787 ἃ
3423 2730 3690 2801 πρότερον
3722 2729 3848 2798 μὲν

2236 2822 2454 2886 ἐδέξατο
2478 2821 2538 2875 τὸ
2562 2821 2928 2892 ἀναρίθμητον
2952 2823 3125 2875 έκεῖνο
3149 2821 3257 2874 τῶν
3295 2821 3594 2892 Ἀσσυρίων
3619 2819 3847 2890 πλῆθος

2242 2913 2569 2983 ὲπεληλυθδς
2616 2916 2682 2985 τῇ
2731 2913 3083 2984 Ἰερουσαλὴμ
3117 2914 3210 2966 καὶ
3260 2913 3399 2966 κατὰ
3439 2913 3648 2974 πάντας
3695 2913 3846 2976 τοὺς

2241 3005 2440 3073 ἔξωθεν
2482 3006 2880 3076 διεσπαρμένον
2921 3005 3148 3070 τόπους·
3202 3007 3293 3076 ἀφ’
3341 3001 3401 3059 οὗ
3445 3005 3508 3077 δὴ
3536 3009 3626 3059 καὶ
3665 3003 3850 3072 φόϐος

2240 3102 2352 3160 τοῖς
2397 3097 2540 3150 κατὰ
2584 3097 2680 3166 τὴν
2714 3097 2885 3164 πόλιν,
2921 3099 2995 3160 ὡς
3038 3098 3204 3162 εἰκὸς,
3253 3097 3501 3151 ἐπέκειτο
3543 3095 3844 3160 πλεῖστος-ο

556 3189 890 3260 Dignicerte
919 3190 1024 3244 fide
1087 3197 1254 3246 testes
1291 3191 1345 3244 hi
1378 3196 1540 3244 erunt
1565 3190 1618 3244 in
1666 3191 1898 3260 judicio,
1935 3191 2029 3260 qui
2085 3199 2139 3245 et

2251 3185 2369 3242 εἶτα
2416 3186 2608 3260 ἁθρόον
2664 3188 2832 3258 νεκρά
2881 3188 2948 3242 τὰ
3004 3188 3243 3242 τοσαῦτα
3303 3188 3530 3258 σώματα
3577 3187 3734 3256 ἔσχεν
3779 3187 3850 3242 ἐν

559 3287 903 3350 spectatores
959 3280 1204 3337 fuerunt.
1278 3280 1398 3336 Mox
1441 3291 1696 3350 tanquam
1739 3297 1836 3352 pro
1878 3281 2141 3336 tribunali

562 3367 781 3434 sedens,
811 3377 866 3422 et
921 3371 1034 3438 jam
1065 3369 1316 3424 convicta
1342 3371 1713 3426 lsraelitarurn
1745 3372 2018 3435 vecordia,
2053 3386 2149 3426 co-

561 3475 681 3516 ram
707 3461 990 3532 jndicibus
1019 3477 1311 3532 rerumque
1341 3464 1596 3528 testibus,
1635 3465 1934 3518 introducit
1958 3472 2148 3533 postea

563 3554 700 3612 dicis
727 3569 894 3609 causa
955 3553 1122 3609 Deum
1161 3555 1337 3625 ipsum
1391 3556 1471 3612 eis
1504 3557 1775 3611 dicentem
1827 3575 1839 3610 :
1889 3575 1906 3606 ι
1945 3554 2150 3626 Popule

565 3660 746 3711 meus,
779 3646 908 3716 quid
937 3645 1042 3701 feci
1083 3646 1202 3710 tibi,
1235 3646 1404 3701 autin
1439 3663 1550 3717 quo
1583 3648 1848 3702 molestus
1870 3646 1965 3700 tibi
1993 3646 2067 3700 fui
2092 3647 2144 3700 ι»

567 3737 823 3794 Profecto
855 3754 942 3794 res
973 3738 1270 3809 Assyriaca
1293 3755 1414 3808 quae
1440 3739 1624 3804 fuerit,
1661 3748 1896 3802 constat,
1934 3749 1987 3794 et
2017 3741 2156 3808 qna-

569 3831 638 3886 lis
666 3846 766 3886 vos
803 3831 1161 3900 providentiae
1191 3847 1322 3886 meae
1387 3830 1783 3886 demonstratio
1811 3831 2149 3887 'exstitistis.

573 3923 834 3992 Superest
870 3931 926 3976 ut
949 3922 1080 3976 mihi
1109 3923 1326 3984 dicatis,
1350 3939 1480 3977 num
1513 3939 1703 3992 parum
1736 3925 1820 3978 vel
1858 3925 2088 3978 multum
2122 3939 2153 3978 a

571 4031 660 4070 me
690 4014 999 4068 contristati
1063 4014 1297 4079 fueritis,
1339 4029 1468 4066 num
1501 4015 1796 4083 aliquando
1849 4016 2154 4079 nocuerint,

571 4117 668 4163 aut
705 4107 932 4162 omnino
963 4107 1226 4160 molestus
1253 4106 1335 4160 vel
1368 4107 1551 4176 gravis
1580 4107 1734 4163 visus
1760 4109 1915 4162 vobis
1937 4108 2154 4162 fuerim.

576 4200 720 4266 Mox,
763 4199 920 4270 quasi
972 4199 1109 4252 nihil
1164 4206 1358 4252 contra
1424 4198 1538 4253 haec
1569 4199 1784 4255 hiscere
1810 4197 2152 4265 audentibus,

581 4284 914 4354 «Responde
943 4285 1093 4348 mihi,
1116 4304 1132 4336 ι
1180 4285 1380 4356 inquit,
1431 4289 1589 4356 quasi
1628 4288 1793 4350 dicat,
1817 4291 1952 4344 Fare
1985 4305 2086 4360 age
2111 4293 2159 4346 si

576 4378 706 4448 quid
738 4377 940 4442 habes;
975 4375 1252 4430 admittam
1293 4378 1459 4444 enim,
1496 4379 1541 4434 si
1579 4395 1704 4434 vera
1741 4381 1998 4450 loqueris.
2019 4381 2158 4436 Tum

577 4485 678 4525 ceu
713 4469 822 4524 illis
853 4484 1083 4538 prorsus
1108 4469 1396 4524 silentibus
1427 4471 1765 4527 conscientia
1797 4487 1897 4526 sua
1931 4475 2160 4528 convic-

2250 3283 2462 3346 ἑαυτοῖς
2513 3281 2823 3352 ἐρριμμένα
2870 3280 2978 3334 τῶν
3029 3281 3134 3352 πρὸ
3183 3279 3413 3350 βραχέος
3450 3280 3662 3351 μεγάλα
3696 3297 3848 3350 φρο-

2247 3377 2515 3430 νούντων·
2572 3375 2876 3440 ἀξιόπιστοι
2931 3374 3040 3446 γὰρ
3105 3367 3247 3428 οὗτοι
3306 3372 3441 3444 πρὸς
3493 3373 3592 3443 τὴν
3651 3373 3848 3440 κρίσιν

2248 3466 2462 3520 ἔσονται
2507 3464 2732 3534 ταύτην,
2774 3466 2824 3517 οἱ
2867 3463 2961 3518 καὶ
2991 3464 3179 3517 θεαταὶ
3221 3463 3329 3518 τῶν
3358 3463 3680 3532 γεγονότων.
3717 3459 3848 3516 Εἶθ’

2248 3561 2324 3620 ὡς
2384 3557 2448 3612 ἂν
2499 3558 2780 3628 κριτήριον
2837 3555 3088 3620 καθίσας,
3131 3556 3222 3608 καὶ
3284 3555 3349 3628 δὴ
3403 3553 3667 3626 πρόδηλον
3724 3553 3847 3608 τῶν

2264 3649 2612 3720 Ἰσραηλιτῶν
2644 3649 2742 3720 τὴν
2783 3647 3177 3719 ἀγνωμοσύνην
3221 3650 3450 3716 ποιήσας
3482 3648 3586 3700 ὑπὸ
3620 3651 3847 3716 κριταῖς

2251 3745 2363 3805 τοῖς
2404 3742 2498 3795 καὶ
2534 3741 2770 3812 μάρτυσι
2813 3741 2922 3794 τῶν
2951 3740 3252 3810 γεγονότων
3273 3784 3287 3807 ,
3317 3743 3526 3809 εἰσάγει
3556 3741 3738 3794 λοιπὸν
3773 3742 3844 3794 ἐκ

2253 3833 2570 3904 περιουσίας
2604 3832 2693 3886 τὸν
2727 3831 2858 3884 Θεὸν
2887 3831 3114 3900 λέγοντα
3150 3831 3285 3902 πρὸς
3315 3831 3509 3894 αύτούς
3531 3849 3542 3860 ο
3578 3830 3659 3901 (p.
3695 3830 3840 3901 506)

2260 3945 2278 3976 ι
2318 3925 2460 3989 Λαός
2491 3922 2614 3995 μοὺ,
2637 3924 2690 3976 τί
2721 3923 2954 3995 ἐποίησά
2985 3939 3067 3987 σε,
3098 3922 3130 3993 ἢ
3156 3923 3208 3975 τί
3230 3922 3636 3994 παρηνώχλησά
3663 3939 3772 3988 σοι;
3817 3942 3835 3972 ›

2269 4016 2430 4069 Ἀλλά
2472 4016 2581 4088 γὰρ
2609 4016 2677 4068 τὰ
2709 4017 2806 4086 μὲν
2836 4014 2974 4067 κατὰ
3006 4014 3096 4066 τὸν
3137 4015 3418 4084 Ἀσσύριον
3443 4014 3606 4084 δῆλα,
3642 4013 3836 4083 φησὶν,

2256 4108 2404 4172 ὅπως
2437 4105 2621 4178 ἔσχεν,
2654 4107 2786 4177 ὅσην
2817 4123 2877 4157 τε
2909 4105 3010 4174 τῆς
3063 4104 3384 4175 κηδεμονίας
3433 4123 3530 4176 μου
3580 4105 3678 4174 τῆς
3709 4107 3840 4175 περὶ

2258 4199 2403 4268 ὑμᾶς
2449 4197 2757 4268 παρέσχητε
2805 4197 2904 4266 τὴν
2952 4195 3257 4262 ἀπόδειξιν·
3291 4197 3571 4267 ἐπιτρέπω
3613 4196 3668 4249 δὲ
3711 4195 3841 4266 ὑμῖν

2259 4289 2458 4358 λέγειν,
2487 4289 2539 4341 ei
2569 4305 2620 4340 τι
2653 4287 2848 4360 μικρὸν
2877 4286 2908 4356 ἢ
2949 4286 3090 4358 μέγα
3125 4285 3343 4339 πώποτε
3374 4285 3676 4357 λελύπησθε
3711 4289 3838 4358 παρ’

2261 4381 2417 4453 ἐμοῦ,
2446 4385 2494 4435 εἰ
2530 4379 2806 4450 πεποίηκά
2847 4396 2900 4431 τι
2948 4377 3200 4448 βλάπτων
3251 4378 3392 4448 ὑμᾶς
3417 4420 3430 4443 ,
3486 4380 3534 4430 εἰ
3561 4375 3838 4446 λελύπηκα

2264 4473 2552 4541 καθάπαξ,
2591 4475 2638 4526 εί
2669 4471 2924 4554 φορτικὸς
2963 4471 3020 4524 ἕν
3064 4488 3206 4524 τισιν
3234 4471 3421 4541 ὤφθην
3448 4473 3604 4542 ὑμῖν·
3633 4467 3724 4524 εἷθ’
3758 4473 3835 4535 ὡς

577 4563 672 4629 tis,
699 4569 755 4620 et
789 4560 882 4642 Dei
920 4561 1082 4634 verba
1100 4563 1409 4619 nullatenus
1436 4561 1688 4620 falsitatis
1713 4579 1941 4636 arguere
1965 4565 2148 4619 valen-

2258 4566 2324 4620 ἂν
2365 4565 2486 4618 οὐδὲ
2519 4563 2657 4634 πρὸς
2699 4563 2872 4616 ταῦτα
2910 4561 3092 4631 φωνὴν
3125 4561 3389 4632 ἐχόντων,
3426 4582 3444 4613 ι
3492 4561 3834 4632 Ἀποκρίθητί

579 4655 750 4719 tibus,
802 4654 978 4724 pergit
1031 4655 1264 4710 dicere:
1299 4672 1318 4705 ι
1376 4652 1512 4720 Quia
1576 4654 1742 4710 eduxi
1798 4663 1849 4711 te
1894 4655 1961 4711 de
2015 4666 2162 4711 terra

582 4745 832 4818 Egypti,
863 4753 918 4800 et
955 4745 1022 4801 de
1077 4745 1240 4800 domo
1283 4747 1564 4802 servitutis
1599 4747 1808 4801 redemi
1836 4755 1921 4814 te;
1963 4758 2018 4802 et
2040 4747 2163 4802 misi

582 4845 710 4892 ante
767 4835 962 4891 faciem
1005 4843 1154 4891 tuam
1213 4839 1457 4910 Moysen:
1523 4847 1578 4894 et
1631 4837 1904 4892 Aaronem
1942 4845 1998 4894 et
2047 4839 2168 4910 Ma-f

585 4927 746 4982 riam.
780 4945 800 4978 ›
839 4923 981 4980 Num
1009 4942 1140 4998 ergo
1190 4908 1467 4984 hazemihi
1495 4929 1778 4992 retribuis,
1812 4928 1942 4998 quia
1971 4937 2026 4983 te
2083 4908 2168 4982 in-’

581 5023 798 5085 sperato
859 5028 970 5072 tam
1031 5019 1226 5074 acerba
1297 5019 1522 5074 liberavi
1591 5021 1876 5086 servitute,
1960 5019 2164 5090 Moyse,

586 5113 826 5178 Aarone,
863 5125 928 5165 ac
955 5111 1122 5166 Maria
1161 5111 1433 5168 ministris
1478 5129 1543 5167 ac
1564 5102 1800 5168 ducibus
1834 5116 1973 5166 tanti
2002 5113 2170 5166 bene-

589 5205 694 5262 ﬁcii
723 5205 916 5260 utens?
935 5225 952 5256 ι
977 5203 1182 5274 Popule
1200 5221 1378 5269 meus,
1393 5213 1685 5270 memento,
1705 5205 1836 5275 quid
1852 5204 2172 5274 cogitaverit

589 5307 780 5355 contra
805 5309 856 5356 te
880 5316 976 5356 rex
1019 5301 1276 5364 Moabita,
1312 5309 1366 5356 et
1397 5301 1529 5370 quid
1562 5298 1906 5369 responderit
1927 5300 1975 5353 ei
2007 5299 2171 5353 Balac

592 5391 950 5448 Moabitarum
988 5409 1117 5460 rex;
1151 5403 1204 5447 et
1231 5393 1388 5463 201
1425 5391 1552 5463 quid
1593 5391 1938 5474 responderit
1979 5393 2029 5446 ei
2069 5389 2174 5444 Ba-

593 5485 732 5537 laam
772 5483 916 5540 ﬁlius
945 5483 1131 5548 Beori,
1163 5487 1230 5540 de
1255 5485 1508 5539 Schmnis
1536 5499 1712 5553 usque
1736 5483 1806 5537 ad
1836 5480 2081 5552 Galgala,
2115 5492 2176 5537 ut

592 5581 926 5642 agnoscatur
957 5574 1164 5642 iustitia
1198 5575 1434 5630 Domini.
1469 5592 1488 5626 ι
1523 5571 1642 5626 Jaln
1663 5580 1721 5626 tu
1752 5573 1839 5626 fac
1866 5573 2178 5630 memineris

597 5663 776 5720 Βοιλιοί
804 5681 1021 5736 quoque
1050 5667 1194 5732 regis
1225 5665 1611 5731 Moabitarum,
1647 5664 1736 5734 qui
1781 5664 1847 5718 ad
1883 5680 1943 5720 se
1981 5674 2171 5721 contra

596 5769 698 5813 vos
726 5758 938 5813 vocavit
960 5757 1272 5814 Balaarntnn
1295 5757 1420 5825 ;hic
1447 5763 1626 5813 autem
1655 5759 1832 5828 primo
1853 5756 2069 5827 quidem
2095 5757 2174 5813 ire

2263 4673 2385 4728 μοι,
2425 4675 2443 4706 ι
2478 4655 2643 4724 φησίν
2665 4671 2676 4680 ·
2711 4654 2798 4706 ἵνα
2837 4653 2963 4724 εἴπῃ
2986 4668 3000 4684 ⁶
3033 4653 3174 4722 Λέγε
3195 4695 3208 4718 ,
3252 4653 3304 4705 εἴ
3330 4671 3381 4704 τι
3417 4653 3592 4724 ἔχεις·
3625 4653 3834 4723 δέξομαι

2260 4748 2388 4818 γὰρ,
2406 4746 2473 4800 ἂν
2501 4744 2777 4815 ἀληθεύων
2792 4746 2975 4818 λέγῃς.
3005 4741 3138 4810 Εἶθ’,
3167 4747 3240 4809 ὡς
3270 4747 3686 4816 σεσιωπηκότων
3713 4745 3836 4800 καθ-

2263 4837 2409 4902 άπαξ
2456 4837 2546 4892 διὰ
2593 4837 2688 4909 τὴν
2761 4840 3098 4908 συνείδησιν,
3133 4839 3228 4892 καὶ
3275 4839 3363 4893 διὰ
3413 4839 3474 4893 τὸ
3505 4840 3670 4910 μηδὲν
3705 4839 3834 4909 ἔχειν

2262 4928 2372 4982 τῶν
2393 4929 2696 4999 εἰρημένων
2721 4928 2824 4981 ὑπὸ
2843 4929 2935 4982 τοῦ
2954 4930 3087 4982 Θεοῦ
3111 4930 3353 5003 ἐλέγχειν
3375 4930 3587 5000 ψευδὲς,
3621 4930 3802 4998 ἐπάγει
3818 4951 3832 4964 ο

2277 5037 2297 5070 ι
2339 5019 2481 5072 Διότι
2523 5020 2804 5090 άνήγαγόν
2828 5038 2886 5074 σε
2914 5023 2978 5074 ὲκ
3017 5022 3120 5092 γῆς
3150 5023 3446 5089 Αἰγύπτου,
3471 5023 3563 5076 καὶ
3591 5019 3652 5092 ἐξ
3699 5024 3832 5077 οἴκου

2272 5111 2514 5176 δουλείας
2529 5113 2921 5186 ὲλυτρωσάμην
2941 5133 2998 5168 σε
3017 5132 3030 5146 ·
3061 5117 3154 5168 καὶ
3180 5115 3532 5180 ὲξαπέστειλα
3556 5116 3661 5186 πρὸ
3687 5133 3837 5185 προσ-

2277 5203 2427 5258 ώπου
2463 5206 2554 5260 τὸν
2611 5206 2816 5275 Μωσῆν
2847 5207 2939 5260 καὶ
2975 5206 3187 5277 Ἀαρὼν
3219 5207 3311 5260 καὶ
3339 5207 3588 5279 Μαριάμ.
3633 5226 3650 5257 ι
3694 5207 3836 5263 Ἀλλά

2281 5294 2354 5366 μὴ
2383 5293 2539 5348 τοῦτό
2562 5312 2674 5366 μοι,
2704 5295 2786 5348 ὅτι
2823 5312 2881 5348 σε
2905 5296 3054 5364 παρὰ
3076 5297 3256 5348 πᾶσαν
3277 5295 3466 5348 ἐλπίδα
3485 5296 3585 5362 τῆς
3608 5295 3837 5358 obsum-

2279 5389 2416 5459 κρᾶς
2438 5387 2723 5458 ἀπήλλαξα
2743 5387 3003 5452 δουλείας,
3028 5389 3200 5458 Μωσῇ
3218 5405 3273 5440 τε
3292 5387 3384 5441 καὶ
3411 5388 3618 5458 Ἀαρὼν
3631 5389 3720 5440 καὶ
3735 5389 3835 5444 Ma-

2285 5479 2418 5550 ριάμ
2436 5481 2734 5550 ὑπηρέταις
2749 5495 2809 5532 τε
2827 5481 2920 5532 καὶ
2943 5477 3375 5551 προηγουμένοις
3393 5477 3488 5548 τῆς
3509 5476 3712 5548 δωρεᾶς
3726 5494 3832 5549 χρηε

2287 5573 2518 5642 σάμενος
2531 5571 2752 5642 ταύτης.
2783 5591 2801 5622 ι
2833 5571 2975 5634 Λαός
2996 5588 3118 5642 μου,
3146 5569 3485 5642 μνήσθητιτί
3504 5567 3838 5624 ἐϐουλεύσατο

2279 5663 2423 5719 κατὰ
2465 5661 2558 5716 σοῦ
2607 5663 2790 5716 Βαλὰκ
2842 5663 3095 5732 βασιλεὺς
3131 5661 3307 5716 Μωάϐ
3330 5679 3343 5692 ’
3375 5663 3468 5714 καὶ
3507 5660 3560 5713 τί
3587 5657 3832 5732 ἀπεκρίθη

2283 5756 2432 5828 αὐτῷ
2461 5756 2692 5827 Βαλαὰμ
2709 5755 2822 5820 υἱὸς
2839 5755 2932 5809 τοῦ
2957 5755 3108 5827 Βεὼρ
3131 5755 3238 5808 άπὸ
3265 5753 3372 5814 τῶν
3397 5755 3620 5827 σχοίνων
3636 5753 3731 5816 ἕως
3749 5752 3835 5808 τοῦ
