4118 6484
238 330 363 395 ³585

1253 343 1804 403 COMMENTARIUS
1840 342 1908 400 IN
1953 343 2265 402 MICHIE/E
2304 347 2459 404 CAP.
2498 348 2590 404 Ἦ.

3481 357 3613 423 ⁸586,

250 464 488 529 Γαλγὸῡ.
509 504 528 531 ,
555 467 715 533 ὅπως
768 467 987 541 γνωσθῇ
1034 468 1069 541 ή
1098 468 1414 542 δικαιοσύνη
1447 468 1544 524 τοῦ
1585 469 1817 542 Κυρίου.
1855 486 1876 519 ι

1991 470 2183 535 noluit,
2214 472 2472 527 mandato
2499 485 2620 528 meo
2658 482 2885 543 :postea
2917 477 3224 548 profectus,
3270 479 3584 537 nullatenus

256 562 351 627 (ι).
407 557 568 629 ’50⁸7)
616 560 782 614 Ἀλλά
816 561 926 631 γάρ
958 561 1338 635 ὑπομνήσθητι
1377 563 1472 616 καὶ
1498 562 1598 634 τὴν
1631 563 1775 618 κατά
1794 564 1888 617 τὸν

252 648 457 703 Βαλὰκ
473 651 577 706 τὸν
593 654 913 708 Μωαϐιτῶν
935 654 1183 727 βασιλέα,
1202 654 1260 719 ὃς
1277 655 1565 709 ἀπέστειλε
1587 656 1687 727 μὲν
1703 656 1888 710 καλῶν

251 742 352 795 τὸν
379 743 636 817 Βαλαὰμ
656 746 782 801 καθ’
799 747 956 818 ὑμῶν
976 764 990 777 °
1013 748 1041 800 ὁ
1067 747 1124 801 δὲ
1153 749 1420 821 πρότερον
1453 750 1552 820 μὲν
1577 749 1697 803 οὑδέ
1722 750 1887 803 ἀπελ-

255 838 378 891 θεῖν
396 840 495 893 διὰ
529 840 596 894 τὸ
622 840 914 913 ἐπίταγμα
932 841 1186 897 ἐϐούλετο
1217 843 1278 896 τὸ
1308 843 1441 912 ἐμόν
1465 859 1477 872 ·
1534 843 1890 913 ἀπεληλυθὼς

255 930 312 983 δὲ
344 932 630 1006 ὕστερον,
668 934 1027 1005 κατηράσατο
1068 935 1166 1005 μὲν
1189 936 1299 989 οὐδ’
1327 935 1482 999 ὅλως,
1519 937 1794 1009 ηὐλόγησε
1829 941 1888 995 δὲ

1986 563 2290 626 maledixit,
2332 565 2429 619 sed
2468 572 2632 634 prout
2672 581 2774 638 ego
2816 569 2967 624 volui
3044 572 3341 629 benedixit.
3373 573 3586 639 Quibus

1984 674 2051 715 ex
2082 660 2341 715 omnibus
2396 669 2740 732 compertum
2803 665 2959 720 vobis
2989 675 3094 730 est,
3146 684 3230 721 nte.
3253 678 3463 723 rectum
3490 669 3584 738 jus

1986 766 2084 819 pro
2109 752 2267 805 vobis
2297 767 2512 819 semper
2568 762 2918 821 persecutum
2959 764 3152 810 contra
3224 758 3584 815 adversantes

1952 843 2145 898 'vobis
2169 843 2393 913 injuste,
2436 859 2576 913 quos
2634 859 2827 900 omnes
2879 847 3086 917 absque
3121 849 3234 903 ulla
3275 851 3432 906 venia
3477 866 3585 923 pu-

1995 939 2129 993 nivi.

257 1026 413 1080 κατά
444 1026 515 1079 τὸ
568 1026 697 1097 ἐμοί
732 1042 797 1095 γε
824 1025 1051 1080 δοκοῦν·
1085 1026 1228 1081 ὥστε
1274 1027 1364 1082 διά
1408 1030 1626 1086 πάντων
1668 1032 1890 1105 εὔδηλον
1920 1034 2050 1105 ὑμῖν
2081 1026 2241 1093 εἶναι.
2296 1029 2380 1082 ὅτι
2430 1029 2518 1082 αεὶ
2572 1029 2631 1083 τὸ
2688 1029 2897 1086 δίκαιον
2958 1032 3099 1105 ὑπὲρ
3161 1035 3315 1106 ὑμῶν
3357 1036 3584 1110 ἐκίνησα

256 1121 415 1175 κατά
449 1121 573 1177 τῶν
608 1123 820 1178 ἀδικεῖν
864 1123 1011 1195 ὑμᾶς
1058 1124 1515 1196 ἐπιχειρούντων,
1568 1129 1780 1193 πάντας
1806 1148 1868 1184 τε
1892 1129 2091 1191 αὐτοὺς
2117 1125 2260 1180 κατά
2289 1124 2488 1195 πολλῆς
2517 1126 2950 1199 ἐτιμωρησάμην
2975 1129 3077 1199 τῆς
3104 1130 3372 1197 ἀφειδίας.

331 1220 499 1290 Στίχ.
544 1227 705 1292 ς’-η’.
744 1251 808 1261 ——
841 1221 954 1275 Καὶ
1000 1221 1187 1293 ἐπειδὴ
1244 1222 1515 1294 μηδεμίαν
1562 1225 1884 1300 ἀντίρρησιν

258 1312 495 1383 ἐδέχετο
525 1312 599 1365 τὰ
643 1313 915 1385 εἰρημένα
936 1356 950 1377 ,
997 1315 1073 1379 ὡς
1111 1316 1178 1369 ἂν
1223 1318 1527 1390 συνηγόρου
1559 1321 1703 1385 τινὸς
1730 1321 1884 1386 τάξιν

256 1402 343 1473 τῷ
371 1403 501 1475 λαῷ
540 1405 769 1476 πληρῶν
800 1405 826 1458 ό
860 1406 1167 1479 προφήτης,
1200 1409 1265 1461 ἐκ
1296 1408 1391 1462 τοῦ
1438 1411 1662 1465 ἐκείνων
1710 1429 1883 1483 προσ-

257 1497 426 1551 ώπου
470 1499 664 1553 τοιάδε
702 1500 871 1571 φησίν
899 1516 913 1530 ’
942 1504 969 1553 ἰ
1021 1500 1108 1554 Ἐν
1143 1502 1247 1556 τίνι
1301 1504 1591 1557 καταλάϐω
1640 1505 1733 1559 τὸν
1770 1506 1885 1559 Κύ-

262 1608 425 1663 ριονς
494 1592 874 1664 ἀντιλήψομαι
916 1592 1053 1646 Θεοῦ
1108 1612 1209 1665 μου
1262 1595 1523 1665 ﬂagitator);
1572 1615 1590 1647 ιι
1643 1596 1730 1660 Ὠς
1775 1596 1884 1668 γὰρ

256 1684 361 1739 τοῦ
393 1685 541 1741 λαοῦ
567 1686 722 1739 τουτὶ
745 1685 1017 1755 λέγοντος,
1048 1685 1192 1740 οὕτω
1216 1688 1403 1758 φησὶν,
1433 1689 1526 1760 ὅτιΔ
1551 1688 1769 1760 Ἐπειδὴ
1794 1690 1883 1744 διὰ

256 1779 504 1833 πάντων
560 1751 858 1850 ἐλέγχομαι
919 1780 1013 1833 ἐπὶ
1088 1751 1313 1843 πολλαῖς
1367 1751 1886 1855 ταῖςέὺεργεσίαις

254 1870 559 1943 ἀγνώμων
589 1869 836 1940 γεγονὼς
856 1910 872 1935 ,
902 1870 957 1924 τί
989 1871 1052 1941 δή
1087 1889 1155 1941 με
1199 1872 1422 1942 ποιῆσαι
1457 1874 1767 1945 προσῆκεν,
1798 1874 1887 1927 ἵνα

255 1961 364 2015 νῦν
380 1960 527 2033 γοῦν
541 1959 897 2032 ἐπιλάϐωμαι
919 1960 1012 2014 τοῦ
1036 1961 1194 2021 Θεοῦ.
1213 1954 1385 2034 οὗπερ
1410 1964 1647 2035 ἐμαυτὸν
1671 1964 1759 2019 διὰ
1777 1964 1887 2018 τῶν

252 2054 499 2128 τρόπων
524 2053 769 2125 ἐχώρισα
784 2054 892 2108 τῶν
915 2054 1160 2123 οίκείων;
1184 2058 1279 2110 καὶ
1300 2057 1417 2119 πῶς
1438 2058 1591 2126 φανῶ
1614 2056 1720 2111 τῶν
1738 2057 1887 2129 αὐτῷ

253 2146 589 2202 δοκούντων
636 2147 1032 2219 ἀντεχόμενοςς
1067 2167 1084 2200 ι
1122 2149 1185 2201 El
1213 2148 1598 2220 καταλήψομαι
1633 2146 1797 2203 αὑτὸν
1828 2151 1887 2202 ἐν

253 2237 759 2311 ὁλοκαυτώμασιν,
779 2242 837 2294 ἐν
858 2240 1079 2311 μόσχοις
1106 2242 1398 2305 ἐνιαυσίοις
1419 2258 1432 2305 ;
1457 2244 1505 2295 εί
1536 2242 1888 2314 προσδέξεται

256 2332 488 2404 Κύριος
510 2333 571 2385 ἐν
588 2330 795 2401 χιλιάσι
823 2331 1015 2403 κριῶν,
1044 2330 1075 2401 ἢ
1107 2332 1163 2383 ἐν
1208 2331 1433 2403 μυριάσι
1479 2333 1730 2403 χιμάρων
1769 2332 1890 2387 πιό-

254 2444 417 2492 νωνς
471 2426 524 2477 εί
560 2424 722 2480 δώσω
771 2424 1096 2496 πρωτότοκά
1135 2442 1235 2496 μου
1281 2425 1419 2496 ὑπὲρ
1457 2425 1711 2490 ἀσεϐείας
1747 2442 1884 2496 μου,

256 2517 499 2586 καρπὸν
526 2515 741 2578 κοιλίας
768 2532 870 2586 μου
895 2515 1037 2585 ὑπὲρ
1068 2514 1345 2587 ἁμαρτίας
1367 2514 1547 2586 ψυχῆς
1573 2531 1708 2585 μους
1752 2534 1771 2567 ι
1804 2516 1891 2579 Ὠς

260 2609 383 2678 γὰρ
404 2606 825 2677 διαπορούντων
844 2606 1046 2671 αὐτῶν,
1060 2608 1140 2660 ὅτι
1154 2608 1249 2661 καὶ
1274 2608 1493 2677 ποιῆσαι
1507 2607 1783 2677 προσῆκεν
1800 2607 1892 2661 αὺ-

259 2704 402 2766 sab;
442 2704 540 2756 ἐπὶ
576 2700 848 2773 θεραπείᾳ
881 2703 983 2772 τῆς
1011 2702 1281 2773 τοσαύτης
1307 2699 1722 2771 ἀγνωμοσύνης,
1746 2699 1893 2754 οὕτω

264 2795 471 2866 φησίνο
511 2793 607 2865 (p.
644 2792 786 2863 508)
831 2791 1217 2864 Ἐξιλάσομαι,
1247 2792 1436 2862 φησὶν,
1476 2790 1639 2843 αὑτὸν
1672 2792 1799 2862 ἀρα,
1841 2793 1891 2844 εἰ

262 2884 703 2959 προσαγάγοιμι
723 2885 1153 2958 ὁλοκαυτώματα
1174 2884 1390 2956 μόσχων
1411 2882 1771 2954 ἑνιαυσῐων,ἢ
1796 2879 1890 2953 [εἰ]

264 2982 535 3054 χιλιάδας
567 2982 665 3035 καὶ
707 2981 975 3054 μυριάδας
1008 2979 1179 3052 κριῶν
1211 2995 1272 3031 τε
1300 2976 1451 3047 αὑτῷ
1479 2975 1891 3046 προσαγάγοιμι

264 3079 372 3131 καὶ
402 3075 728 3147 προϐάτων,
772 3075 805 3146 ἢ
851 3075 900 3127 εἰ
938 3073 1007 3128 τά
1033 3071 1358 3145 πρωτότοκα
1374 3071 1485 3123 τῶν
1515 3068 1669 3139 ἐμῶν
1698 3084 1893 3139 γεννη-

266 3171 478 3243 μάτων
512 3168 665 3240 αὑτῷ
712 3167 1081 3241 προσαγάγω,
1128 3165 1204 3227 ὡς
1256 3165 1323 3218 ἂν
1362 3163 1464 3233 τῆς
1496 3162 1678 3233 ψυχῆς
1702 3160 1893 3230 ἀφέλω

262 3263 377 3335 τὴν
406 3260 697 3333 ἁμαρτίαν
740 3261 839 3330 τῆς
887 3259 1063 3331 ἐμῆςς
1102 3257 1248 3329 Πρὸς
1299 3255 1356 3308 δὲ
1388 3254 1595 3325 ταύτην
1623 3252 1718 3306 τοῦ
1758 3251 1891 3305 λαοῦ

266 3356 376 3427 τὴν
447 3354 693 3427 ἀπορίαν
748 3351 1184 3423 ἀποκρινόμενος
1243 3351 1272 3402 ό
1333 3347 1623 3418 προφήτης
1688 3345 1888 3416 φησίν·

275 3467 298 3500 ι
359 3445 679 3516 Απηγγέλη
715 3462 829 3510 σοι,
856 3443 1141 3515 ἄνθρωπε,
1177 3442 1230 3494 τί
1258 3441 1452 3505 καλὸν,
1484 3440 1578 3493 καὶ
1605 3439 1657 3491 τί
1690 3437 1893 3508 Κύριος

270 3537 516 3609 ἐκζητεῖ
572 3537 723 3608 παρά
777 3536 906 3601 σοῦ,
960 3535 1075 3590 ἀλλ’
1123 3535 1157 3606 ἢ
1206 3533 1302 3587 τοῦ
1345 3535 1522 3587 ποιεῖν
1558 3532 1766 3603 κρῖμα,
1798 3532 1920 3583 καὶ.

271 3632 513 3701 ἀγαπᾷν
562 3620 737 3695 ἔλεον,
764 3630 861 3683 καὶ
896 3628 1110 3698 ἕτοιμον
1147 3622 1288 3689 εἶναι
1334 3624 1429 3678 τοῦ
1460 3622 1791 3695 πορεύεσθαί
1832 3639 1894 3674 σε

272 3724 467 3778 ὀπίσω
515 3720 724 3792 Κυρίου
771 3719 865 3775 τοῦ
910 3719 1047 3773 Θεοῦ
1102 3735 1232 3783 σου;
1282 3736 1301 3769 ι
1337 3717 1521 3788 Πάρες
1564 3714 1660 3787 δή,
1691 3716 1889 3785 φησὶν,

272 3814 724 3886 ὁλοκαυτώματα
754 3814 851 3869 καὶ
889 3812 1092 3866 θυσιῶν
1130 3810 1338 3881 πλῆθος
1387 3811 1482 3864 καὶ
1524 3810 1892 3882 πρωτοτόκων

274 3908 701 3980 προσκομιδήνο
734 3908 781 3961 εξ
804 3906 861 3960 δέ
891 3923 972 3959 σοι
996 3906 1217 3976 φροντὶς
1249 3904 1597 3970 ἐξιλάσασθαι
1628 3904 1689 3956 τὸ
1711 3904 1891 3969 Θεῖον,

190 4014 195 4017 ·
273 4003 475 4056 ἐκεῖνα
526 3999 831 4071 διάπραξαι
877 3999 1023 4071 ἅπερ
1074 3998 1282 4053 ἄνωθέν
1317 4015 1399 4051 σοι
1432 3998 1765 4070 προσέταξεν
1803 3999 1893 4053 διὰ

272 4094 374 4148 τοῦ
411 4092 666 4155 Μωσέως
712 4094 889 4145 ποιεῖν
943 4093 971 4145 ό
1016 4090 1169 4155 Θεός.
1232 4092 1366 4143 Ποῖα
1417 4091 1481 4162 δὴ
1532 4091 1737 4158 ταῦτα;
1791 4091 1891 4144 Ἰν’

272 4186 457 4258 ὀρθὴν
490 4186 581 4254 ἐφ’
614 4185 876 4239 ἀπάντων
895 4184 1175 4256 ’ποιῇς-τὴν
1201 4185 1383 4255 κρίσιν
1417 4186 1511 4238 καὶ
1529 4184 1631 4256 τὴν
1659 4185 1892 4254 δοκιμα-

274 4279 442 4345 σίαν,
486 4280 611 4333 καθ’
654 4278 722 4350 ἢν
767 4277 1014 4346 ἐκλέγειν
1054 4276 1290 4346 ὀφείλεις
1336 4277 1451 4330 ἀπὸ
1494 4277 1589 4329 τοῦ
1650 4277 1891 4348 χείρονος

2064 1223 2230 1278 Vens.
2269 1223 2402 1280 6-8.
2435 1254 2506 1264 -
2561 1223 2625 1276 Et
2654 1225 2781 1293 quia
2830 1226 3036 1279 nullam
3088 1227 3583 1284 contradictionem

1991 1319 2157 1375 verba
2197 1317 2314 1371 haec
2374 1316 2741 1386 patiebantur,
2802 1319 3020 1387 patroni
3070 1320 3236 1373 veluti
3292 1335 3586 1388 personam

1992 1423 2092 1479 pro
2106 1407 2307 1478 pepqu
2331 1407 2594 1477 propheta
2619 1408 2986 1473 sumens,haze
3005 1409 3099 1461 ait:
3126 1427 3145 1460 ι
3170 1409 3229 1462 ln
3254 1426 3363 1478 quo
3390 1425 3587 1480 appre-

1993 1503 2232 1558 hendam
2288 1503 2625 1558 Dominum?
2658 1503 2957 1573 suscipiam
3008 1502 3178 1557 Deum
3209 1502 3528 1557 excelsum?
3561 1521 3583 1556 ι

1992 1596 2278 1667 Tanquam
2344 1598 2545 1668 populo
2608 1597 2713 1651 hoc
2756 1595 2993 1661 dicente,
3030 1596 3109 1651 sic
3164 1596 3237 1650 ait
3269 1614 3282 1649 :
3312 1595 3588 1662 Quoniam

1992 1690 2181 1745 multis
2205 1690 2485 1745 beneficiis
2514 1689 2763 1760 ingratus
2803 1688 2902 1753 fui,
2954 1689 3082 1760 quid
3114 1705 3259 1743 nunc
3283 1705 3371 1744 me
3408 1687 3590 1744 facere

1988 1794 2226 1856 Oportet,
2264 1792 2323 1837 ut
2348 1782 2514 1837 Deum
2550 1781 2681 1836 mihi
2715 1795 3054 1849 recuperem,
3104 1794 3132 1832 a
3170 1796 3282 1850 quo
3341 1781 3589 1837 moribus

1990 1878 2130 1933 meis
2152 1891 2237 1931 me
2262 1874 2516 1945 sejunxi?
2544 1874 2609 1927 Et
2639 1874 2916 1943 quomodo
2954 1873 3280 1943 placitorum
3314 1872 3434 1941 ejus
3471 1872 3586 1941 jam

1990 1969 2273 2027 studiosus
2310 1968 2569 2023 videbor?
2606 1986 2624 2017 ι
2662 1966 2798 2021 Num
2831 1965 3237 2035 apprehendam
3287 1962 3584 2018 Dominum

1994 2054 2358 2117 holocaustis,
2416 2061 2471 2108 et
2529 2053 2718 2106 vitulis
2763 2050 3073 2105 anniculis?
3115 2048 3255 2103 Num
3323 2048 3590 2118 suscipiet

1991 2147 2258 2202 Dominus
2313 2144 2465 2199 mille
2500 2144 2719 2207 arietes,
2750 2144 2835 2198 vel
2884 2142 3070 2198 decem
3095 2140 3267 2195 millia
3297 2140 3587 2211 pinguium

1992 2237 2318 2294 hircorum?
2346 2235 2487 2290 Num
2527 2235 2671 2290 dabo
2716 2234 3075 2306 primogenita
3104 2248 3223 2291 mea
3255 2248 3355 2303 pro
3387 2232 3589 2302 impie-

1992 2338 2104 2386 tate
2129 2346 2269 2393 mea,
2304 2328 2544 2384 fructum
2583 2329 2792 2383 ventris
2826 2328 2929 2382 mei
2964 2343 3063 2398 pro
3107 2335 3334 2398 peccato
3360 2325 3518 2380 meo?
3565 2344 3585 2376 ο

1991 2424 2161 2492 Quasi
2222 2423 2629 2495 ambigentibus
2662 2423 2800 2493 ipsis
2837 2423 2969 2493 quid
3031 2437 3191 2493 agere
3250 2422 3471 2475 deceret
3520 2418 3594 2473 ob

1991 2520 2259 2573 vecordire
2296 2526 2462 2574 tanta:
2502 2518 2827 2581 remedium,
2862 2517 2944 2572 sic
2978 2517 3056 2571 ait
3090 2515 3267 2571 :Num
3299 2515 3449 2569 illum
3481 2513 3596 2583 pla-

1991 2627 2208 2678 cavero,
2257 2614 2303 2667 si
2350 2613 2675 2667 holocausta
2736 2611 3030 2666 vitulorum
3078 2610 3459 2664 anniculorum
3494 2608 3594 2662 ob-

1997 2706 2198 2769 tulero,
2222 2704 2305 2760 vel
2324 2704 2493 2758 millia
2522 2713 2616 2758 aut
2647 2703 2840 2758 decem
2891 2702 3064 2756 millia
3090 2701 3322 2755 arietum
3378 2700 3427 2756 ei
3464 2697 3596 2753 all‘e—

1994 2794 2311 2865 ram'atque
2336 2795 2559 2849 ovium?
2600 2792 2667 2846 Et
2695 2793 2739 2846 si
2774 2791 3140 2864 primogenita
3170 2790 3591 2862 generationum

1995 2901 2238 2940 mearum
2268 2885 2317 2940 ei
2339 2885 2651 2948 exhibeam,
2684 2898 2813 2936 num
2857 2898 2921 2938 ex
2947 2885 3130 2941 anima
3165 2898 3282 2935 mea
3306 2891 3589 2951 peccatum

1920 3012 1960 3068 Ο
1994 2981 2286 3036 delevere?
2314 2979 2452 3035 lluic
2486 2995 2615 3035 vero
2651 2979 2837 3049 populi
2884 2977 3214 3032 dubitationi
3249 2976 3594 3047 respondens

1995 3072 2264 3142 propheta
2309 3071 2386 3125 ait
2439 3082 2457 3125 τ
2510 3090 2530 3123 ι
2602 3069 3002 3126 Nnntiatumne
3037 3072 3135 3126 tibi
3190 3071 3591 3136 fuit,ohomo,

1995 3164 2129 3235 quid
2183 3164 2529 3229 sitbonum,
2570 3174 2623 3218 et
2661 3162 2790 3232 quid
2845 3162 3113 3219 Dominus
3148 3163 3397 3234 requirat
3437 3178 3467 3216 a
3518 3170 3593 3225 te,

1997 3259 2101 3313 nisi
2128 3266 2185 3312 ut
2214 3256 2384 3312 facias
2427 3257 2724 3327 judicium,
2778 3267 2834 3313 et
2886 3255 3085 3328 diligas
3125 3256 3592 3323 misericordiam,

1996 3359 2051 3405 et
2108 3359 2333 3421 paratus
2386 3351 2465 3406 sis
2522 3352 2805 3406 ambulare
2872 3360 2996 3416 post
3056 3349 3349 3404 Dominum
3424 3348 3595 3405 Deum

1997 3443 2188 3497 tuum?
2226 3460 2243 3493 ι
2273 3440 2495 3508 Omitte,
2538 3442 2736 3512 inquit,
2781 3442 3105 3497 holocausta
3163 3450 3214 3497 et
3248 3444 3597 3496 victimarum

1999 3536 2427 3598 multitudinem,
2446 3544 2499 3589 et
2521 3536 3010 3606 primogenitorum
3040 3535 3394 3591 oblationem.
3431 3535 3591 3601 Quod

1998 3628 2043 3683 si
2076 3628 2172 3681 tibi
2206 3642 2354 3682 curre
2382 3638 2466 3683 est
2494 3628 2655 3698 202
2698 3628 2867 3683 Deum
2907 3627 3185 3696 placandi,
3220 3628 3310 3681 illa
3363 3626 3448 3682 fac
3478 3643 3599 3698 quae

1996 3721 2237 3775 tibiolim
2266 3722 2446 3777 facere
2479 3721 2756 3775 mandavit
2777 3736 2874 3792 per
2889 3721 3126 3793 Moysem
3153 3721 3311 3777 Deus.
3335 3721 3597 3788 Quaenam

1997 3814 2147 3869 haec?
2184 3813 2414 3869 Rectum
2442 3814 2496 3868 in
2524 3814 2781 3869 omnibus
2816 3829 3070 3869 exercere
3099 3814 3368 3883 judicium
3393 3822 3448 3869 et
3481 3814 3598 3868 dis-

1995 3905 2231 3973 crimen,
2260 3916 2320 3960 ut
2357 3906 2559 3961 bonum
2592 3907 2733 3960 malo
2758 3905 3017 3976 praeferas
3049 3926 3061 3959 :
3094 3915 3356 3976 quantam
3393 3908 3601 3977 poteris

1995 4000 2392 4069 benignitatem
2433 4006 2486 4055 et
2531 3999 2971 4055 misericordiam
3040 3999 3094 4054 in
3129 4002 3415 4070 proximos
3474 4007 3600 4056 tuos

1994 4107 2351 4163 expromere;
2393 4101 2646 4163 paratmn
2680 4099 2733 4148 te
2766 4107 2890 4149 esse
2921 4101 2980 4148 ut
3005 4093 3326 4148 omnimode
3361 4091 3455 4147 Dei
3489 4108 3602 4148 vo-

1996 4188 2261 4241 luntatem
2298 4186 2570 4256 sequaris.
2612 4184 2820 4241 Dicitin
2837 4180 3384 4252 summa“:cDiliges
3402 4185 3596 4239 Domi-

1997 4298 2126 4338 num
2181 4282 2354 4337 Deum
2408 4290 2563 4336 tuum
2622 4289 2735 4335 toto
2812 4282 2979 4337 corde
3015 4288 3129 4345 tuo,
3183 4289 3237 4337 et
3265 4289 3374 4335 tota
3415 4289 3602 4339 mente

272 4371 342 4425 τδ
378 4373 670 4443 κρεῖττον,
700 4369 796 4425 καὶ
844 4369 931 4423 ἵνα
970 4372 1151 4425 πᾶσαν
1185 4370 1282 4441 τὴν
1310 4369 1546 4441 δυνατήν
1582 4384 1666 4422 σοι
1703 4369 1890 4438 φιλαν-

2002 4383 2116 4439 tua,
2167 4382 2220 4429 et
2262 4383 2373 4426 lota
2411 4374 2595 4427 anima
2618 4379 2745 4439 tua;
2778 4381 2830 4426 et
2858 4374 3053 4442 diliges
3100 4372 3409 4442 proximum
3442 4382 3599 4427 tuum

274 4463 544 4541 θρωπίαν
577 4480 638 4516 τε
669 4464 767 4517 καὶ
792 4462 1141 4532 συμπάθειαν
1164 4461 1610 4532 ἐπιδεικνύμενος
1648 4463 1730 4524 εἰς
1767 4463 1890 4525 τοὺς

1993 4467 2139 4522 sicut
2170 4474 2221 4520 te
2248 4466 2426 4535 ipsum
2458 4482 2469 4517 :
2496 4485 2514 4517 ι
2558 4464 2911 4534 ῳιαξψιίιιειη
2939 4464 3087 4518 dicta
3116 4464 3336 4521 fuerant
3356 4466 3601 4534 antiqui-

274 4557 457 4620 πέλας
496 4555 773 4627 διατελῇς,
814 4554 911 4609 καὶ
949 4555 1034 4609 ἵνα
1076 4555 1596 4627 παρεσκευασμένος
1816 4556 1890 4619 είς

1997 4564 2087 4612 tus
2123 4571 2220 4625 per
2260 4554 2516 4626 Moysem.
2569 4552 2696 4608 llaec
2721 4552 2906 4619 facito,
2936 4554 3139 4623 inquit.
3168 4571 3290 4625 qua)
3320 4553 3463 4609 Deus
3488 4570 3601 4624 pra:

273 4650 340 4705 τὸ
367 4648 540 4702 παντὶ
577 4647 768 4720 τρόπῳ
788 4647 859 4701 τά
873 4646 1133 4701 δοκοῦντα
1180 4648 1421 4718 μετιέναι
1455 4647 1589 4718 Θεῷ.
1615 4648 1780 4717 Λέγει
1807 4648 1890 4711 δὲ,

1995 4647 2243 4703 victimis
2271 4649 2531 4702 :estimat.

278 4743 570 4815 συντόμως
606 4744 813 4806 εἰπεῖν,
839 4744 902 4796 τὺ
953 4762 973 4796 ι
1020 4744 1353 4814 Ἀγαπήσεις
1387 4743 1589 4814 Κύριον
1613 4744 1702 4796 τὸν
1734 4736 1866 4796 Θεόν
1911 4761 2005 4797 σου
2045 4744 2105 4809 ἐξ
2133 4744 2261 4813 ὅλης
2302 4746 2401 4814 τῆς
2427 4741 2657 4813 καρδίας
2700 4758 2815 4809 σου,
2864 4740 2959 4795 καὶ
2979 4740 3040 4805 ἐξ
3082 4742 3210 4815 ὅλης
3239 4742 3336 4814 τῆς
3366 4741 3603 4807 διανοίας

278 4858 403 4905 σου,
434 4842 535 4895 καὶ
561 4842 620 4908 ἐξ
654 4841 786 4913 ὅλης
827 4841 927 4912 τῆς
950 4836 1128 4911 ᾥυχῆς
1160 4857 1287 4902 σου,
1329 4840 1424 4893 καὶ
1464 4840 1773 4910 ἀγαπήσεις
1821 4839 1913 4892 τὸν
1952 4839 2179 4912 πλησίον
2239 4856 2331 4892 σου
2377 4837 2452 4903 ὡς
2498 4837 2748 4891 σεαυτόν
2800 4838 2820 4907 (
2838 4854 2892 4909 p.
2930 4839 3069 4911 509)
3098 4837 3242 4910 ἅπερ
3280 4837 3466 4910 εἴρητο
3497 4838 3605 4892 πά-

275 4935 373 4989 λαι
406 4934 501 4987 διὰ
529 4935 806 4999 Μωσέως⁶
853 4934 1028 4989 ταῦτα
1057 4935 1121 5006 δὴ
1169 4934 1378 5004 μέτιθι,
1410 4935 1577 5005 φησι,
1625 4933 1997 5007 προτιμότερα
2022 4933 2224 4989 θυσιῶν
2252 4934 2382 4987 ὅντα
2414 4932 2552 5004 Θεῷ.
2692 4944 2697 4949 ·

288 5011 305 5019 ὴ
350 5026 513 5098 Στίχ.
546 5023 724 5098 θ’-ιβ¹.
755 5053 829 5067 -
860 5044 879 5078 ι
915 5026 1070 5097 Φωνὴ
1104 5024 1308 5095 Κυρίου
1353 5027 1417 5095 τῇ
1465 5024 1619 5077 πόλει
1666 5024 1898 5096 ἐπικλη-

254 5119 538 5193 θήσεται,
582 5118 678 5173 καὶ
710 5117 876 5171 σώσει
922 5117 1295 5188 φοϐουμένους
1324 5117 1382 5170 τὸ
1421 5116 1595 5187 ὄνομα
1638 5114 1827 5170 αὑτοῦ.
1872 5136 1891 5168 ι

276 5215 347 5270 Εἰ
376 5212 495 5285 γάρ
516 5211 583 5285 δὴ
623 5210 830 5277 ταῦτα,
864 5212 997 5284 φησὶ¹
1019 5253 1032 5278 ,
1064 5214 1301 5281 ποιοίης,
1331 5211 1482 5279 φωνή
1515 5229 1596 5273 τις
1627 5210 1764 5263 Θεοῦ
1795 5227 1898 5279 φα-

274 5309 515 5380 νήαται
539 5306 575 5378 ἡ
615 5304 772 5369 πόλις
795 5304 866 5360 τὰ
902 5305 1166 5359 δοκοῦντα
1193 5303 1342 5376 αὐτῷ
1370 5298 1621 5365 ποιοῦσα,
1655 5303 1804 5374 ἔργῳ
1829 5314 1892 5355 τε

272 5400 381 5457 τὸν
402 5398 571 5472 νόμον
594 5398 951 5475 ἐπιδεικνῦσα
971 5400 1063 5452 τὸν
1094 5399 1257 5461 θεῖον,
1282 5399 1424 5453 ὥστε
1451 5398 1545 5450 καὶ
1564 5396 1658 5449 ἐπὶ
1688 5395 1891 5457 παντὸς

274 5490 537 5550 κινδύνου
578 5492 679 5563 τῆς
725 5489 876 5555 θείας
925 5490 1280 5561 ἀξιουμένους
1310 5487 1642 5558 κηδεμονίας
1671 5487 1801 5549 τοὺς
1834 5487 1893 5539 ἐν

275 5587 429 5658 αὐτῇ
452 5583 832 5649 καθεστῶτας,
858 5584 1085 5656 μηδενὸς
1106 5583 1355 5653 λυπηροῦ
1382 5579 1633 5652 δέχεσθαι
1659 5581 1856 5650 πεῖραν
1876 5595 1892 5611 ο

277 5675 410 5734 εἶτα
430 5676 842 5748 παραινετικῶς
865 5676 1026 5730 πάλιν
1048 5678 1075 5728 ὀ
1097 5677 1386 5747 προφήτης
1416 5672 1607 5744 τρέπει
1634 5670 1772 5740 πρὸς
1795 5668 1895 5755 αὐτ

276 5773 415 5836 τοὺς
436 5770 721 5839 τὸνλόγον·
747 5788 766 5821 ι
781 5770 1002 5833 Ἄκουε,
1028 5770 1190 5840 φυλὴ,
1216 5769 1299 5832 τίς
1317 5768 1585 5839 κοσμήσει
1604 5764 1789 5827 πόλιν;
1816 5761 1892 5833 μή

280 5864 405 5934 πῦρ
422 5862 517 5915 καὶ
546 5858 694 5927 οἶκος
717 5862 920 5933 ἀνόμου
953 5860 1297 5933 θησαυρίζων
1323 5859 1630 5931 θησαυροὺς
1655 5857 1895 5927 ἀνόμους

384 5959 431 5990 ⁸⁸
462 5958 657 6014 Matth.
686 5976 786 6027 xu,
819 5962 908 6016 57.
1460 5950 1464 5953 Δ

2081 5023 2246 5080 Vsus.
2280 5023 2436 5080 9-12.
2468 5053 2539 5065 —
2568 5041 2587 5075 ι
2637 5021 2751 5079 Vox
2785 5021 3005 5078 Domini
3058 5022 3270 5079 civitati
3324 5025 3603 5079 acclama-

2000 5115 2172 5177 bitur,
2207 5115 2555 5185 salvabitque
2612 5114 2868 5171 timentes
2902 5130 3102 5171 nomen
3156 5115 3299 5185 ejus.
3343 5133 3360 5165 ι
3398 5113 3525 5168 llaec
3554 5114 3601 5171 si

2002 5208 2214 5273 fecerit,
2286 5223 2393 5263 vox
2447 5206 2701 5278 quaedam
2746 5206 2843 5262 Dei
2876 5222 2999 5262 esse
3054 5204 3328 5261 videbitur
3375 5207 3599 5269 civitas.

1998 5303 2342 5373 beneplacita
2390 5301 2512 5372 ejus
2569 5299 2798 5368 faciens;
2840 5307 2894 5355 et
2937 5313 3103 5370 opere
3137 5299 3378 5353 divinam
3419 5297 3598 5369 legem

1995 5399 2423 5454 demonstrans:
2461 5413 2571 5468 quo
2604 5398 2695 5451 fiet
2744 5406 2805 5449 ut
2852 5395 2907 5449 in
2935 5394 3132 5465 quovis
3172 5391 3417 5463 periculo
3448 5392 3599 5448 cives

1992 5489 2117 5559 ejus
2151 5489 2337 5544 divina
2372 5490 2543 5543 tutela
2594 5487 2848 5557 protecti,
2903 5486 3109 5540 nullam
3161 5484 3470 5538 molestiam
3506 5497 3600 5537 ca-

1991 5586 2170 5654 piant.
2202 5581 2342 5637 Exin
2377 5578 2744 5643 adhortando,
2782 5595 2978 5634 rursus
3007 5578 3174 5633 verba
3229 5576 3297 5633 ad
3332 5575 3598 5647 populum

1991 5671 2267 5725 convertit
2311 5668 2600 5739 propheta.
2640 5686 2659 5719 ‹
2707 5668 2869 5734 Audi,
2908 5684 2942 5723 ο
2979 5669 3159 5724 tribus
3191 5686 3205 5724 :
3258 5678 3312 5723 et
3342 5667 3469 5738 quis
3498 5680 3596 5721 or—

1993 5762 2147 5815 nabit
2181 5759 2657 5816 eivitatem?Num
2678 5760 2821 5831 ignis
2854 5768 2909 5817 et
2933 5761 3131 5816 domus
3163 5759 3337 5830 iniqui
3370 5759 3594 5814 thesau-

2003 5856 2187 5910 rizans
2220 5854 2509 5908 thesauros
2533 5853 2777 5925 iniquos,
2803 5860 2856 5908 et
2883 5853 3236 5910 contumelia:
3269 5851 3540 5923 injurias?
3561 5869 3581 5903 ι
