4118 6536
477 395 589 465 337
661 384 670 390 ’

1685 395 1777 451 ΤΗ
1786 393 2037 452 EODORI
2068 392 2551 452 MOPSUESTENI

3645 397 3780 454 388

485 522 679 593 Neque
717 518 860 592 ignis
891 523 1099 575 ornare
1143 508 1336 571 urbem
1362 511 1527 580 valet,
1549 527 1712 583 quam
1738 513 1921 582 potius
1979 507 2078 563 de.

2182 512 2275 566 καὶ
2320 511 2456 582 μετὰ
2507 510 2718 584 ὕϐρεως
2749 511 2996 579 ἁδικίας;
3036 531 3054 566 ι
3088 511 3227 568 Οὔτε
3263 514 3372 585 γὰρ
3410 511 3522 587 πῦρ
3554 504 3666 566 οἷόν
3699 530 3781 567 τε

481 610 678 668 struit:
704 626 882 682 neque
913 609 1116 680 impius
1143 608 1225 664 vir
1247 607 1420 663 multo
1447 621 1572 661 cum
1608 604 1790 660 studio
1812 618 2067 675 peccans;

489 705 888 762 contumeliose
917 702 1176 772 etinique
1221 700 1436 765 vivens,
1481 699 1674 753 vitabit
1708 697 2068 768 punitionem.

487 791 853 849 Pessumdant
871 790 1015 846 enim
1045 830 1058 855 ,
1097 789 1241 843 haud
1269 804 1428 843 secus
1449 802 1612 854 quam
1642 785 2071 856 ignis,homincs

490 883 807 955 hujusmodi
840 882 1141 937 civitatem.
1164 899 1182 932 ι
1219 879 1357 934 Num
1372 878 1764 948 justifieabitur
1789 878 1842 931 in
1869 883 2072 933 statera

490 977 751 1046 injustus,
784 981 838 1029 et
867 978 922 1028 in
968 973 1204 1029 saccello
1249 972 1494 1041 pondera
1517 968 1748 1023 dolosa?
1773 969 1840 1022 de
1872 966 2072 1036 quibus

490 1067 709 1121 divitias
752 1080 882 1120 suas
928 1063 1223 1133 impietatis
1255 1062 1641 1131 impleverunt.
1678 1065 1732 1113 et
1763 1058 2073 1112 habitantes

488 1159 546 1211 in
567 1173 630 1212 ea
663 1157 1028 1228 loquebantur
1063 1151 1374 1217 mendacia,
1407 1163 1462 1208 et
1490 1151 1674 1220 lingua
1705 1164 1893 1204 eorum
1916 1148 2072 1202 exal-

489 1253 604 1302 tata
629 1256 715 1303 est
765 1249 818 1301 in
854 1261 950 1302 ore
992 1243 1278 1317 ipsorum?
1316 1262 1334 1296 »
1373 1243 1527 1297 Sicut
1557 1242 1700 1296 enim
1739 1240 1792 1294 in
1823 1239 2073 1292 anomala

492 1347 546 1394 et
579 1340 832 1409 inaequali
853 1347 1056 1394 statera
1085 1338 1295 1408 justum
1321 1335 1469 1390 cerni
1499 1333 1708 1402 nequit,
1734 1346 1910 1401 neque
1935 1344 2074 1400 pon-

491 1433 621 1487 dera
675 1431 1025 1486 fraudulen'ta
1068 1438 1122 1484 et
1169 1429 1356 1482 vitiata
1387 1426 1585 1496 recipi:
1613 1426 1686 1478 ita
1733 1437 1833 1478 nec
1878 1423 1954 1475 illi
1981 1421 2072 1491 qui

490 1542 622 1596 opes
644 1541 774 1580 suas
798 1531 864 1579 ex
901 1521 1286 1593 iniquitatibus
1315 1525 1516 1588 augent
1543 1515 1646 1569 frui
1678 1515 1764 1570 his
1794 1521 2070 1583 poterunt.

491 1615 636 1669 Nam
710 1617 798 1670 isti
845 1626 1037 1669 omnes
1073 1611 1316 1666 civitatis
1361 1610 1572 1672 incolae,
1602 1622 1725 1660 cum
1753 1605 1963 1659 fallacia
1997 1605 2076 1657 vi-

491 1714 700 1768 ventes,
725 1704 886 1774 203
930 1710 984 1757 et
1020 1701 1258 1771 superba
1293 1707 1508 1754 utentes
1531 1704 1730 1762 mente,
1763 1696 2076 1765 nullamque

495 1796 587 1852 Dei
615 1797 884 1872 rationem
919 1793 1206 1858 habentes,
1251 1791 1567 1847 necessario
1603 1790 1841 1844 divinam
1871 1789 2077 1842 vindic-

491 1895 600 1941 tam
631 1887 1007 1957 experientur.

2171 606 2446 676 κοσμῆσαι
2493 605 2680 658 πόλιν·
2726 606 3035 660 τούναντίον
3088 606 3194 678 γάρ
3246 606 3418 676 αὐτὴν
3460 605 3773 674 ἀφανίζει’

2171 689 2295 748 οὔτε
2323 696 2431 768 γὰρ
2463 697 2776 768 παράνομος
2803 697 2940 769 ἀνὴρ
2975 699 3068 752 καὶ
3109 699 3246 769 μετά
3277 697 3479 768 πολλῆς
3506 698 3607 769 τῆς
3635 701 3780 751 ἐπι-

2176 785 2390 856 μελείας
2410 787 2507 857 τὴν
2533 789 2876 858 παρανομίαν
2907 790 3294 860 ἐργαζόμενος,
3327 792 3420 842 καί
3454 790 3620 862 πολλῇ
3655 791 3776 861 μὲν

2173 875 2349 946 ὕϐρει,
2375 878 2540 950 πολλῇ
2561 879 2617 932 δέ
2643 880 2825 950 ἀδικίᾳ
2847 879 3044 946 συζῶν,
3064 882 3315 953 κερδανεῖ
3327 881 3426 952 τὴν
3448 883 3728 952 τιμωρίαν
3753 900 3769 912 ·

2173 968 2458 1035 ἀφανιοῦσι
2498 970 2606 1041 γὰρ
2629 971 2725 1040 ούχ
2748 968 2911 1042 ἧττον
2946 972 3117 1042 πυρὸς
3139 973 3189 1025 οἰ
3212 971 3440 1025 τοιοῦτοι
3472 972 3570 1042 τὴν
3595 972 3770 1025 πόλιν

2173 1057 2468 1122 οἰκοῦντες.
2506 1079 2523 1110 ι
2555 1062 2617 1113 Εἰ
2642 1061 3061 1134 δικαιωθήσεται
3097 1065 3154 1117 ἐν
3187 1064 3489 1135 μαρσίππῳ
3517 1064 3776 1134 στάθμια

2172 1151 2354 1216 δόλους
2381 1152 2440 1217 ἐξ
2459 1146 2535 1206 ὧν
2561 1153 2652 1207 τὸν
2683 1153 2913 1207 πλοῦτον
2943 1155 3120 1209 αὐτῶν
3141 1156 3399 1218 ἀσεϐείας
3427 1155 3771 1227 ἐνέπλησαν,

2174 1243 2268 1294 καί
2298 1243 2630 1308 ἐνοικοῦντες
2659 1245 2827 1316 αὐτὴν
2869 1245 3091 1300 ἐλάλουν
3124 1247 3314 1318 ψευδῆ,
3343 1248 3434 1300 καί
3463 1247 3495 1318 ἡ
3535 1248 3772 1316 γλῶσσα

2175 1332 2350 1386 αὐτῶν
2377 1333 2566 1406 ὑψώθη
2607 1338 2661 1390 ἐν
2708 1336 2786 1408 τῷ
2814 1337 3042 1409 στόματι
3071 1339 3288 1404 αὑτῶν;
3322 1360 3340 1391 ι
3379 1341 3469 1404 Ὠς
3512 1341 3619 1412 γὰρ
3658 1343 3773 1413 οὐχ

2175 1419 2286 1478 οἷόν
2313 1443 2374 1478 τε
2415 1428 2473 1479 ἐν
2511 1428 2782 1500 ἀνωμάλῳ
2808 1447 2867 1482 τε
2907 1431 2998 1483 καὶ
3040 1432 3211 1501 ἀνίσῳ
3249 1429 3401 1501 ζυγῷ
3435 1432 3666 1502 φανῆναι
3701 1432 3775 1484 τὸ

2173 1516 2408 1581 δίκαιον,
2441 1518 2473 1590 ἧ
2494 1519 2730 1590 στάθμια
2767 1521 3102 1591 δεδολωμένα
3125 1525 3218 1576 καὶ
3240 1524 3646 1594 διεστραμμένα
3671 1523 3776 1576 εύ-

2177 1610 2495 1680 παράδεκτα
2537 1612 2817 1680 γενέσθαι,
2874 1617 2958 1684 (p.
3001 1614 3141 1685 510)
3186 1614 3360 1678 οὕτως
3407 1615 3514 1668 οὐδ’
3564 1616 3615 1668 οἰ
3666 1616 3776 1669 τιν

2178 1701 2407 1756 πλοῦτον
2451 1703 2541 1756 τὸν
2585 1705 2783 1757 οἰκεῖον
2821 1708 2884 1759 ἐκ
2925 1707 3283 1778 παρανομιῶν
3330 1707 3585 1772 αὔξοντες
3619 1708 3775 1760 ἀπο-

2175 1791 2370 1846 λαῦσαι
2414 1794 2732 1867 δυνήσονται
2772 1798 2881 1850 τῶν
2925 1798 3264 1868 προσόντωνο
3315 1801 3513 1864 πάντες
3560 1799 3670 1870 γὰρ
3715 1800 3774 1852 οἱ

2102 1867 2143 1921 Β
2172 1884 2400 1939 τοιοῦτοι
2460 1888 2616 1942 πόλιν
2679 1890 2973 1958 οἰκοῦντες,
3023 1889 3208 1959 ψεύδει
3249 1908 3309 1944 τε
3350 1891 3618 1957 συζῶντες
3667 1887 3776 1946 καὶ
3841 1888 3848 1893 ’

491 1982 825 2052 ὑπερηφάνῳ
866 1976 1192 2050 κεχρημένοι
1215 1976 1444 2047 διανοίᾳ,
1481 1962 1557 2039 ὧς
1599 1975 1802 2047 μηδένα
1833 1973 1934 2044 τῆς
1955 1973 2048 2026 ἐπὶ
2067 1973 2276 2040 τούτοις
2330 1981 2601 2050 τιμωρίας
2649 1981 2744 2034 τοῦ
2791 1981 2926 2036 Θεοῦ
2972 1985 3242 2037 ποιεῖσθαι
3265 1984 3442 2054 λόγον,
3492 1985 3552 2051 ἐξ
3591 1987 3772 2055 ἀνάγσ

490 2093 593 2146 κης
619 2074 723 2126 ὑπὸ
746 2072 842 2140 τὴν
871 2071 1142 2141 τιμωρίαν
1177 2072 1498 2140 γενήσονται
1521 2069 1619 2140 τὴν
1649 2067 1818 2122 θείαν.

561 2164 730 2219 Vens.
772 2164 961 2217 15-16.
1001 2192 1070 2202 —-
1115 2179 1134 2212 ι
1163 2161 1229 2214 Et
1261 2176 1359 2231 ego
1390 2160 1646 2229 incipiam
1677 2167 1728 2213 te
1750 2165 2068 2227 percutere:

489 2258 684 2313 delebo
715 2271 811 2312 vos
845 2256 898 2309 in
933 2254 1173 2325 peccatis
1209 2252 1428 2308 vestris.
1458 2271 1476 2302 ›
1505 2250 1608 2316 Qui
1641 2251 1714 2304 ita
1743 2249 1949 2312 vivitis,
1974 2262 2074 2316 ego

490 2349 854 2420 castigatione
871 2361 992 2400 mea
1020 2346 1334 2415 percutiens
1358 2358 1604 2413 congruo
1617 2341 1856 2412 peccatis
1876 2341 2074 2396 vestris

491 2443 653 2496 modo
701 2453 893 2493 omnes
943 2435 1331 2506 pessumdabo.
1377 2453 1396 2486 ι
1427 2435 1506 2489 Tu
1544 2434 1821 2498 comedas,
1883 2441 1936 2487 et
1964 2446 2074 2486 non

492 2530 852 2588 saturaberis.
880 2547 898 2580 ›
938 2526 1098 2581 Brevi
1134 2527 1277 2582 enim
1319 2535 1506 2597 partas
1549 2541 1682 2596 opes
1726 2534 1967 2594 tempore
1995 2531 2076 2577 te-

491 2637 653 2686 nens,
720 2619 866 2675 haud
897 2634 1072 2688 usque
1119 2618 1175 2672 in
1225 2617 1384 2671 linem
1432 2617 1500 2674 iis
1530 2617 1752 2679 frueris,
1797 2616 1927 2687 quia
1980 2615 2079 2670 tibi

492 2729 669 2785 parum
698 2728 864 2768 causa
899 2711 1226 2782 eripientur.
1293 2728 1312 2762 ι
1343 2708 1614 2782 Fientque
1670 2709 1769 2764 tibi
1821 2707 2079 2772 tenebrae,

491 2814 546 2860 et
580 2805 908 2867 declinabis,
955 2813 1008 2858 et
1056 2817 1166 2856 non
1212 2801 1542 2856 salvabcris.
1572 2821 1591 2851 ι
1623 2801 1868 2870 Caligine
1913 2799 2081 2854 veluti

491 2897 747 2951 obrueris
790 2898 1000 2952 ultione
1029 2909 1170 2959 mea,
1211 2895 1369 2964 cujus
1396 2894 1506 2947 vim
1541 2893 1822 2947 declinare
1864 2893 2077 2958 volens,

491 3003 601 3043 non
632 2990 858 3060 poteris.
903 3007 920 3040 ι
951 2988 1014 3041 Et
1038 2988 1357 3058 quicunque
1378 2985 1574 3041 salvati
1615 2984 1845 3050 fuerint,
1892 2984 2076 3054 gladio

491 3080 806 3135 tradentur.
841 3099 860 3131 ι
893 3079 1119 3134 Etiamsi
1144 3078 1296 3132 brevi
1329 3076 1564 3130 fortasse
1578 3083 1822 3144 tempore
1843 3075 2075 3130 evadere

494 3171 732 3226 videaris
777 3171 1018 3226 hostium
1063 3171 1355 3231 ultionem,
1419 3174 1660 3220 attamen
1714 3167 1940 3220 omnino
1982 3181 2077 3221 ca-

493 3263 684 3332 pieris.
728 3281 746 3313 ι
773 3261 851 3314 Tu
887 3277 1040 3317 seres
1071 3261 1268 3325 oleam,
1317 3267 1370 3313 et
1398 3259 1519 3314 oleo
1557 3274 1664 3312 non
1700 3260 1957 3330 ungeris;
1997 3251 2088 3313 vi?

495 3369 627 3407 num
659 3353 876 3407 cultura
905 3352 1146 3422 parabis,
1190 3358 1244 3406 et
1289 3367 1399 3405 non
1441 3350 1594 3405 bibes
1637 3351 1848 3404 vinum.
1886 3370 1904 3402 ι
1944 3349 2078 3405 Belli

497 3444 666 3513 stragi
694 3445 1083 3509 succumbens,
1141 3459 1210 3498 ne
1245 3443 1530 3498 laboribus
1575 3442 1796 3512 quidem
1839 3444 1970 3507 tuis,
2020 3450 2081 3496 ut

497 3551 596 3607 par
625 3543 728 3600 est,
778 3536 1010 3602 frueris;
1054 3552 1193 3605 quos
1234 3550 1428 3590 omnes
1462 3536 1531 3591 ab
1581 3535 1836 3590 hostibus
1873 3534 2078 3591 vastari

497 3635 934 3681 consentaneum
967 3635 1070 3682 est.
1105 3647 1122 3678 ‹
1153 3625 1221 3679 Et.
1255 3627 1586 3682 delebuntur
1617 3627 1858 3698 legitima
1891 3627 2080 3697 p0puli

497 3717 628 3780 mei,
661 3726 713 3772 ct
743 3720 926 3772 omnia
954 3733 1120 3788 opera
1149 3717 1348 3772 domus
1377 3718 1642 3772 Achaabi.
1663 3717 1729 3771 Et
1752 3717 2081 3772 ambulastis

497 3805 553 3858 in
587 3805 966 3862 voluntatibus
1013 3820 1228 3870 eorum,
1289 3806 1562 3860 utdarem
1611 3812 1662 3859 te
1702 3805 1758 3858 in
1813 3803 2082 3874 perditio-

497 3912 648 3965 nem,
678 3906 732 3953 et
763 3913 954 3953 omnes
978 3898 1288 3953 habitantes
1320 3899 1375 3952 in
1405 3912 1468 3952 ea
1503 3897 1559 3951 in
1585 3896 1833 3960 sibilum,
1895 3902 1949 3949 et
1983 3910 2083 3964 op-

498 3990 724 4058 probria
756 3989 938 4059 pOpnli
969 3989 1072 4044 mei
1105 3989 1396 4058 accipient.
1425 4007 1443 4040 ι
1489 3987 1644 4042 Tunc
1675 3988 1860 4042 omnia
1898 3989 2086 4043 colen-

499 4081 694 4135 dorum
746 4079 1013 4133 idolorum
1051 4081 1293 4150 legitima
1346 4095 1468 4151 qua;
1509 4080 1912 4147 observabatis,
1957 4080 2086 4134 imi-

499 4177 683 4224 tantes
723 4170 968 4224 Achaabi
994 4178 1048 4225 et
1073 4171 1367 4242 mqualium
1423 4172 1500 4226 illi
1548 4187 1737 4242 regum
1787 4173 2084 4242 exempla;

499 4270 826 4315 coacervata
857 4261 1237 4327 destruentur,
1294 4270 1348 4318 et
1380 4279 1474 4317 vos
1506 4278 1629 4317 cum
1657 4262 1764 4319 illis
1804 4283 1817 4318 :
1855 4280 1964 4334 quo
1998 4265 2089 4318 ﬁet

499 4359 561 4406 ut
599 4355 772 4408 exteri
813 4369 1009 4410 omnes
1042 4363 1286 4411 vestrum
1337 4355 1564 4411 exitium
1600 4365 1912 4427 spectantes
1942 4357 2089 4414 exsi-

2242 2146 2393 2228 Στίχ.
2432 2164 2622 2226 ιγ’-ις’.
2649 2191 2721 2203 -
2746 2180 2764 2212 ι
2800 2161 2909 2214 Καὶ
2955 2160 3066 2229 ἐγὼ
3113 2160 3347 2233 ἄρξομαι
3385 2162 3478 2216 τοῦ
3528 2160 3779 2227 πατάξαι

2179 2263 2240 2299 σε
2259 2285 2274 2311 ,
2298 2248 2510 2316 ἀφανιῶ
2535 2250 2679 2320 ὑμᾶς
2703 2252 2759 2302 ἐν
2785 2253 2906 2315 ταῖς
2935 2251 3227 2322 ἁμαρτίαις
3270 2252 3467 2308 αὐτῶν.
3484 2271 3502 2304 ι
3524 2251 3780 2307 Τοιαῦτα

2179 2337 2285 2410 γὰρ
2315 2339 2601 2404 ποιοῦντας
2632 2345 2698 2412 τῇ
2730 2343 2972 2414 τιμωρίᾳ
3002 2342 3208 2414 πλήξας
3256 2346 3322 2414 τῇ
3355 2345 3484 2415 ἐμῇ,
3513 2344 3777 2407 ἅπαντας

2183 2430 2326 2500 ὑμᾶς
2345 2430 2604 2500 ἀνάλογον
2627 2436 2745 2496 ταῖς
2767 2435 3064 2506 ἁμαρτίαις
3086 2435 3271 2489 ἀπολῶ
3298 2438 3416 2499 ταῖς
3443 2435 3775 2506 ὑμετέραις.

2187 2539 2206 2574 ι
2239 2523 2311 2576 Σὺ
2347 2524 2584 2592 φάγεσαι
2608 2525 2719 2594 (42)
2741 2526 2835 2578 καὶ
2865 2526 2925 2578 οὐ
2953 2528 3026 2597 μὴ
3055 2527 3428 2598 ἐμπλησθῇς.»
3450 2527 3564 2580 Ἐπ’
3583 2526 3779 2594 ὀλίγον

2179 2613 2288 2686 γὰρ
2319 2615 2428 2670 τῶν
2481 2616 2794 2688 προσόντων
2825 2617 3134 2688 μετασχὼν,
3177 2619 3276 2673 οὐκ
3313 2623 3400 2684 είς
3424 2619 3576 2682 τέλος
3621 2618 3779 2685 ἕξεις

2177 2707 2359 2761 αὐτῶν
2391 2708 2490 2780 τὴν
2525 2709 2843 2774 ἀπόλαυσιν,
2870 2711 3271 2782 ἀφαιρούμενος
3326 2710 3504 2765 αὐτῶν
3543 2710 3633 2766 διὰ
3665 2711 3779 2782 τῆς

2178 2799 2467 2870 τιμωρίας.
2514 2818 2533 2851 ι
2573 2801 2685 2854 Καὶ
2723 2802 3044 2855 συσκοτάσει
3085 2804 3144 2854 ἐν
3177 2801 3296 2854 σοί·
3327 2800 3420 2854 καὶ
3464 2799 3773 2864 ἐκνεύσεις,

2181 2893 2276 2944 καὶ
2308 2891 2368 2945 οὐ
2403 2895 2477 2963 μὴ
2529 2892 2819 2963 διασωθῇς.
2848 2911 2866 2944 ι
2907 2893 2992 2956 Ὠς
3034 2894 3210 2964 σκότῳ
3243 2893 3354 2964 γὰρ
3389 2892 3775 2964 περιδληθήσῃ

2181 2985 2248 3054 τῇ
2276 2983 2406 3055 παρ’
2425 2983 2560 3054 ἐμοῦ
2591 2985 2831 3056 τιμωρίᾳ
2855 3000 2871 3014 °
2891 2985 2983 3038 καὶ
3010 2984 3332 3055 βουλόμενος
3366 2982 3634 3037 ἐκκλίνειν
3656 2982 3778 3036 τῶν

2183 3075 2368 3128 κακῶν
2397 3075 2496 3146 τὴν
2550 3079 2766 3146 πεῖραν,
2795 3077 3046 3146 οὐδαμῶς
3084 3077 3306 3148 δυνήσῃ.
3339 3094 3357 3125 ι
3403 3077 3512 3128 Καὶ
3544 3076 3657 3128 ὅσοι
3700 3073 3775 3128 ἂν

2179 3165 2518 3219 διασωθῶσιν
2544 3209 2557 3232 ,
2588 3168 2667 3231 εἰς
2716 3168 2992 3238 ῥομφαίαν
3053 3167 3538 3238 παραδοθήσονται.
3580 3190 3597 3216 ι
3642 3165 3773 3218 Κᾶν

2181 3257 2290 3330 γὰρ
2321 3257 2458 3329 πρὸς
2489 3257 2662 3330 βραχύ
2705 3276 2821 3321 πως
2839 3259 3151 3327 διαφεύγειν
3182 3259 3340 3331 δόξῃς
3373 3261 3438 3329 τῇ
3470 3255 3578 3310 τῶν
3609 3256 3771 3309 πολε-

2185 3350 2324 3421 μίων
2359 3350 2617 3422 τιμωρία,
2671 3351 3065 3424 καταληφθήσῃ
3101 3353 3336 3415 πάντως.
3377 3371 3396 3404 ι
3436 3353 3508 3404 Σὺ
3545 3354 3771 3422 σπερεῖς

2182 3440 2390 3506 ἐλαίαν,
2417 3443 2512 3495 καὶ
2528 3443 2588 3494 οὐ
2620 3441 2693 3514 μὴ
2725 3441 2920 3515 ἀλείψῃ
2946 3443 3125 3497 ἔλαιον
3156 3461 3169 3474 ·
3197 3445 3291 3498 καί
3323 3447 3568 3516 ποιήσεις
3600 3440 3764 3505 οἰνον,

2184 3535 2278 3588 καὶ
2303 3535 2364 3586 οὐ
2397 3535 2473 3605 μὴ
2509 3535 2640 3606 πίῃς
2687 3531 2848 3588 οἶνον.
2884 3555 2902 3586 ι
2951 3534 3272 3587 ’Υποπεσὼν
3315 3535 3447 3602 γοῦν
3485 3539 3549 3606 τῇ
3580 3537 3764 3606 σφαγῇ
3827 3605 3834 3612 ι

2184 3624 2276 3678 τοῦ
2307 3625 2569 3696 πολέμου,
2599 3625 2720 3680 οὐδέ
2764 3626 2872 3680 τῶν
2918 3626 3093 3679 πόνων
3123 3625 3472 3690 ἀπολαύσεις,
3500 3627 3575 3690 ὡς
3596 3627 3764 3690 εἰκὸς,

2184 3717 2292 3772 τῶν
2339 3718 2576 3785 οἰκείων,
2605 3720 2681 3787 (p.
2731 3717 2856 3786 5H)
2901 3717 3088 3789 ἐπειδὴ
3141 3717 3350 3781 πάντας
3402 3719 3598 3780 αὐτοὺς
3628 3719 3767 3786 ἀφα-

2185 3809 2410 3875 νιοῦσιν,
2434 3810 2510 3874 ὡς
2529 3810 2699 3873 εἰκὸς,
2727 3811 2776 3863 οἰ
2798 3810 3068 3880 πολέμιον
3095 3811 3250 3864 τοῦτο
3281 3811 3391 3880 γὰρ
3421 3809 3666 3879 βούλεται
3699 3809 3765 3862 δι’

2185 3901 2309 3954 ὅλου
2350 3901 2551 3970 λέγειν.
2586 3919 2604 3953 ι
2641 3903 2749 3956 Καὶ
2776 3903 3206 3974 ἀφανισθήσεται
3239 3903 3448 3973 νόμιμα
3476 3903 3604 3956 λαοῦ
3642 3917 3763 3973 μους

2188 3989 2283 4041 καὶ
2327 3989 2504 4042 πάντα
2546 3988 2684 4060 ἔργα
2724 3990 2872 4043 οἴκου
2925 3991 3128 4060 Ἀχαάὸ
3160 4006 3175 4020 ο
3209 3993 3304 4044 καὶ
3335 3990 3666 4063 ἐπορεύθητε
3708 3991 3766 4042 ἐν

2186 4083 2309 4145 ταῖς
2332 4081 2547 4152 βουλαῖς
2573 4081 2774 4148 αὐτῶν,
2817 4084 2964 4147 ὅπως
2992 4083 3217 4155 παραδῶ
3247 4102 3305 4138 σε
3333 4087 3412 4148 εἰς
3441 4083 3762 4154 ἀφανισμὸν,

2190 4173 2426 4236 καὶτοὺς
2449 4172 2840 4236 κατοικοῦντας
2861 4173 3031 4244 αὐτὴν
3053 4175 3133 4235 εἰς
3159 4175 3447 4246 συριγμὸν,
3473 4175 3564 4228 καὶ
3591 4173 3762 4244 ὀνείδη

2189 4263 2322 4318 λαοῦ
2381 4282 2482 4334 μου
2527 4264 2806 4337 λήψονται.
2857 4285 2876 4317 ι
2915 4266 3049 4318 Τότε
3083 4266 3213 4334 γοῦν
3247 4267 3462 4321 ἅπαντα
3500 4267 3536 4321 ἃ
3574 4268 3665 4320 ἐπὶ
3697 4269 3760 4336 τῇ

2191 4359 2302 4412 τῶν
2335 4358 2570 4413 εἰδώλων
2610 4358 2879 4430 θρησκείᾳ
2931 4359 3138 4430 νόμιμα
3189 4359 3538 4428 ἐφυλάττετε,
3571 4359 3762 4431 μιμού-

443 4442 456 4450 ’
500 4445 693 4512 bilent,
719 4455 772 4501 et
803 4447 1072 4502 mirentur
1108 4455 1318 4502 tantam
1351 4455 1550 4504 vestrae
1589 4447 1826 4503 fortunae
1849 4465 2079 4505 conver-

2195 4451 2435 4524 μενοιτά
2468 4452 2620 4523 παρά
2669 4469 2727 4504 τε
2763 4451 2856 4505 τοῦ
2897 4451 3102 4522 Ἀχαάϐ
3131 4452 3362 4506 καὶτῶν
3411 4454 3532 4506 κατ’
3567 4454 3762 4507 ἐκεῖνον

503 4537 736 4604 sionem,
791 4538 1059 4608 vobisque
1126 4540 1467 4610 exprobrent
1531 4542 1679 4610 quod
1733 4551 2086 4610 peccatorum

504 4638 808 4685 vestrorum
843 4647 1010 4686 causa
1045 4633 1161 4686 haec
1198 4633 1473 4702 patimini.
1532 4632 1710 4704 Atque
1741 4636 1814 4688 ita
1865 4643 2088 4690 eventu-

505 4710 619 4771 r'am
668 4721 778 4774 illis
831 4721 1098 4776 ultionem
1145 4722 1408 4789 minatus,
1449 4725 1576 4778 exin
1625 4742 1776 4781 more
1807 4743 1908 4782 suo
1955 4727 2091 4781 dicit

508 4822 704 4864 causas
758 4809 1071 4865 futurorum
1118 4821 1436 4878 eventuum,
1481 4815 1586 4869 sub
1630 4816 1855 4870 lamenti
1912 4816 2088 4886 figura

507 4903 878 4957 narrationem
937 4903 1237 4959 instituens
1291 4924 1318 4959 :.
1350 4905 1581 4960 decebat
1629 4907 1772 4960 enim
1843 4909 2091 4977 apprime

508 4994 823 5062 prophetam
864 4996 967 5050 sub
1001 4995 1165 5066 205.
1193 4999 1493 5066 gemitnum
1541 4996 1737 5066 forma,
1795 4999 2094 5053 condolen-

509 5089 614 5136 tem
670 5085 936 5141 nimirum
991 5087 1349 5154 patientibus,
1404 5097 1457 5144 et
1484 5104 1674 5144 eorum
1715 5092 1818 5146 sibi
1865 5102 2094 5163 peccata

509 5186 836 5232 sumentem.
866 5177 1007 5244 Quid
1049 5194 1180 5249 ergo
1212 5181 1322 5234 ait?

2197 4543 2480 4615 βασιλέων,
2516 4542 2976 4613 ἐπεισυναχθέντα
3023 4544 3152 4614 ὑμῖν
3197 4545 3628 4617 ἀφανισθήσεται
3674 4547 3763 4600 σὺν

2195 4635 2324 4704 ὑμῖν
2345 4652 2358 4666 ·
2397 4633 2539 4687 ὥστε
2564 4635 2810 4696 ἅπαντας
2837 4634 2964 4697 τοὺς
2997 4633 3195 4700 ἔξωθεν
3227 4634 3469 4706 ὁρῶντας
3496 4636 3650 4706 ὑμῶν
3675 4635 3762 4707 τὴν

2196 4725 2473 4778 ἀπώλειαν
2501 4723 2756 4794 συριγμῷ
2785 4725 3088 4795 κεχρῆσθαι
3127 4725 3505 4796 θαυμάζοντας
3534 4728 3634 4799 τὴν
3651 4707 3794 4800 vocs.

2197 4815 2368 4885 αύτην
2403 4814 2558 4884 ὑμῶν
2601 4815 2694 4867 ἐπὶ
2741 4814 2803 4867 τὸ
2843 4819 3021 4887 χεῖρον
3053 4813 3376 4888 μεταϐολὴν,
3417 4819 3687 4882 ὀνειδίζειν
3710 4836 3762 4872 τε

2198 4907 2326 4977 ὑμῖν
2348 4906 2433 4976 ἐφ’
2461 4901 2540 4968 οἷς
2583 4905 2724 4977 ὑπὲρ
2783 4907 2884 4977 τῆς
2937 4911 3281 4980 παρανομίας
3329 4911 3633 4964 πεπόνθατε
3679 4907 3763 4980 τῆς

2195 5001 2402 5062 οἰκείας
2438 5016 2450 5030 ⁸
2483 5001 2539 5052 ἐν
2576 4999 2640 5070 δὴ
2695 5000 2901 5064 τούτοις
2955 5003 3052 5073 τῆς
3095 4995 3549 5074 ἐπαχθησομὲνης
3599 5006 3762 5068 αὐτοῖς

2196 5092 2468 5163 τιμωρίας
2499 5091 2594 5163 τὴν
2632 5092 2861 5164 ἀπειλὴν
2892 5093 3150 5166 εἰρηκὼς,
3180 5096 3308 5166 ἐξῆς
3331 5096 3515 5159 πάλιν,
3553 5096 3690 5151 κατά
3711 5095 3764 5148 τὸ
3797 5135 3808 5142 ς

2198 5185 2411 5249 εἰωθὸς,
2435 5185 2582 5254 λέγει
2631 5185 2729 5248 τὰς
2779 5185 2957 5250 αἰτίας
2983 5187 3091 5239 τῶν
3121 5187 3424 5256 ἐπάγεσθαι
3481 5188 3763 5260 μελλόντων

511 5269 711 5333 ιιύτοῖς,
731 5271 790 5357 ἐν
816 5274 1052 5342 σχήματι
1075 5271 1272 5344 θρήνου
1293 5273 1392 5344 τὴν
1418 5274 1693 5346 ἀφήγησιν
1723 5276 1902 5333 αὐτῶν
1926 5281 2247 5354 ποιούμενος
2271 5300 2283 5313 ·
2315 5282 2437 5337 ἐπεὶ
2470 5282 2563 5335 καὶ
2602 5281 2804 5354 σφόδρα
2842 5284 3115 5355 ἥρμοττεν
3141 5285 3218 5356 τῷ
3250 5285 3764 5357 προφήτῃκάλγοῦντί

522 5375 569 5412 ιε
595 5363 680 5430 ἐφ’
705 5356 787 5424 οἷς
815 5363 1100 5434 πάσχουσι,
1129 5365 1225 5417 καὶ
1255 5366 1323 5419 τὰ
1352 5366 1799 5438 πλημμελήματα
1829 5372 2010 5427 αὐτῶν
2035 5375 2386 5450 οἰκειουμένῳ
2417 5375 2524 5428 τῶν
2567 5375 2815 5446 ὀδυρμῶν
2845 5379 2906 5428 τὸ
2945 5377 3148 5446 σχῆμα.
3187 5378 3253 5430 Τί
3288 5375 3380 5433 οὖν
3419 5356 3613 5449 φησιν;

1146 5452 1297 5508 CAP.
1341 5455 1454 5514 νη.

583 5541 749 5596 Vens.
799 5543 849 5596 l.
887 5575 952 5583 -
996 5543 1134 5599 «Vae
1176 5545 1342 5600 niihil
1388 5549 1480 5620 qui
1519 5549 1697 5611 factus
1719 5570 1841 5612 sum
1885 5564 1946 5613 ut
1991 5560 2084 5630 qui

590 5843 701 5915 (ιῖ)
743 5843 875 5902 God.
913 5845 1115 5916 φάγεσε
1143 5853 1211 5921 >κ

2859 5467 3017 5520 ΚΕΦ.
3060 5469 3134 5521 Ζ’.

2268 5559 2417 5630 Στίχ.
2454 5566 2523 5616 α’.
2543 5575 2648 5611 -ι
2683 5558 2878 5630 Οῖμοιί
2911 5561 2992 5614 ὅτι
3018 5559 3282 5634 ἐγενήθην
3303 5561 3379 5626 ὡς
3414 5563 3658 5633 συνάγων
3691 5573 3764 5619 καί
