4118 6488
224 350 363 423 389

1253 360 1806 422 COMMENTARIUS
1844 361 1917 421 1N
1951 363 2268 421 MICHIEAE
2301 363 2459 423 CAP.
2502 365 2614 421 VII.

3469 366 3574 423 390

237 476 455 550 ὶάμην
485 477 548 532 ὲν
580 476 804 551 ἀμήτῳ,
827 475 925 533 καὶ
950 476 1025 542 ὡς
1056 475 1384 548 ὲπιφυλλίδα
1404 480 1472 533 ἐν
1498 481 1757 553 τρυγήτῳ
1784 479 1883 551 οὐχ

1994 479 2248 551 stipulam
2279 480 2335 535 in
2366 495 2547 537 messe
2578 478 2808 552 colligit,
2858 488 2912 537 et
2945 478 3255 536 racemulos
3291 479 3346 534 in
3381 481 3576 540 vinde-

238 567 626 639 ὑπάρχοντος
668 568 934 641 βότρυοςι
976 566 1070 623 τοῦ
1102 571 1296 641 φαγεῖν
1336 571 1659 642 πρωτόγονα
1684 571 1882 626 ἐπεθύ-

249 676 452 732 μησεν
480 664 518 734 ἡ
550 662 702 735 ψυχή
734 679 861 733 μου.
903 681 922 715 ι
970 662 1133 718 Ἀλλά
1159 663 1271 737 γὰρ
1294 663 1514 736 θρηνεῖν
1559 664 1740 721 ἔπεισί
1791 682 1881 737 μοι

244 755 551 827 τοσαύτην
578 754 681 827 τὴν
709 756 803 809 ἐπὶ
828 755 892 809 τὸ
919 758 1101 828 χεῖρον
1125 755 1296 829 ῥοπὴν
1324 757 1576 828 βλέποντι
1610 756 1705 812 τοῦ
1728 757 1881 823 λαοῦ,

250 845 347 914 (p.
377 844 518 916 512)
564 845 641 909 ὡς
678 846 888 918 μηδένα
914 846 1265 920 δικαιοσύνης
1291 850 1349 903 ὲν
1377 850 1559 915 αὐτοῖς
1588 850 1882 920 ἀναφαίνε-

248 935 397 990 σθαι
456 936 681 1008 καρπόν
714 924 739 970 ὀ
780 936 992 993 τοιοῦτο
1037 939 1168 1009 γοῦν
1208 959 1264 994 τι
1308 941 1542 1012 πάσχειν
1581 943 1668 995 ἐπ’
1700 941 1884 1006 αὐτοῖς

252 1028 625 1100 προάγομαι,
654 1022 768 1084 οἷον
793 1029 860 1084 ἂν
889 1029 1044 1097 εἴτις
1070 1032 1233 1088 πάθοι
1262 1033 1528 1104 γεωργὸς,
1553 1034 1586 1105 ἢ
1617 1036 1677 1088 ὲν
1705 1033 1885 1106 καιρῷ

248 1116 549 1192 θερισμοῦ
604 1122 890 1188 παντελῶς
931 1125 1040 1179 τῶν
1085 1126 1315 1199 καρπῶν
1356 1125 1718 1181 ἀπολωλότων
1737 1167 1752 1193 ,
1785 1143 1887 1180 κα-

246 1200 460 1283 λάμην
490 1212 620 1267 τινὰ
661 1214 785 1267 ἀντὶ
811 1214 1144 1287 δραγμάτων
1177 1216 1370 1288 εὐτελῆ
1410 1216 1691 1287 συλλέγειν
1717 1217 1886 1286 ἀναγ-

254 1304 611 1376 καζόμενος,
628 1305 662 1378 ἥ
681 1308 740 1360 ὲν
764 1308 883 1372 ταῖς
909 1307 1017 1361 τῶν
1040 1309 1270 1381 καρπῶν
1291 1309 1573 1381 εύιρορίαις
1597 1309 1887 1363 ἐκπίπτειν

254 1394 434 1448 εἴωθε
460 1394 579 1448 τῶν
599 1395 936 1467 δραγμάτων
960 1414 975 1429 ·
996 1397 1030 1469 ἢ
1053 1398 1330 1471 τρυτητοῦ
1359 1399 1626 1471 παρόντος
1649 1400 1887 1471 βότρυας

260 1486 375 1558 μὲν
410 1487 520 1557 οὐχ
574 1486 871 1560 εὑρίσκων,
899 1490 1255 1559 ἐπιφυλλίδας
1305 1491 1364 1545 δέ
1422 1509 1576 1555 τινας
1626 1491 1887 1564 βραχείας

259 1577 568 1645 συλλέγων
587 1596 602 1611 ·
627 1578 756 1632 ἐπεὶ
785 1579 880 1634 καὶ
905 1574 1001 1635 νῦν
1049 1582 1146 1636 τοῦ
1180 1582 1396 1654 καιροῦ,
1432 1584 1570 1653 μετά
1612 1584 1886 1656 τοσαύτην

251 1667 618 1739 κηδεμονίαν
655 1687 718 1723 τε
770 1671 868 1725 καὶ
894 1672 1212 1744 ἐπιμέλειαν
1259 1673 1356 1746 τὴν
1405 1675 1558 1748 παρά
1609 1678 1703 1729 τοῦ
1750 1676 1886 1732 Θεοῦ

250 1757 670 1848 γεγενημένην
704 1759 788 1824 είς
841 1759 1061 1827 αὐτοὺς,
1117 1763 1434 1833 ἀναγκαίως
1475 1767 1574 1837 τῆς
1618 1765 1888 1848 τευθεοσε-

1984 572 2116 638 mia,
2154 587 2280 627 cum
2314 587 2426 627 non
2465 572 2537 627 sit
2572 571 2787 628 botrus.
2842 569 3125 627 Primitiva
3161 572 3454 631 comedere
3479 573 3580 631 de-i

1985 663 2251 721 sideravit
2268 665 2454 718 anima
2483 678 2625 719 mea.
2653 681 2672 715 ι
2707 661 2783 717 En
2814 663 2946 717 mihi
2978 666 3164 734 lugere
3212 664 3389 731 subit,
3451 674 3575 720 tan.

1987 764 2097 810 tam
2135 755 2327 828 populi
2375 756 2443 810 ad
2499 756 2705 810 malum
2761 755 3177 809 inclinationem
3223 756 3458 821 videnti,
3511 764 3576 812 ut

1986 848 2171 903 nullus
2206 847 2351 919 apud
2382 862 2477 902 eos
2502 846 2735 918 iustitiae
2769 846 2983 902 fructus
3016 854 3298 918 appareat.
3335 834 3574 905 Perinde

1988 938 2155 1009 igitur
2178 953 2281 1008 ego
2314 938 2497 1003 patior
2527 945 2694 1009 atque
2722 937 2988 1009 agricola,
3024 938 3072 994 si
3098 940 3299 995 messis
3330 947 3579 1010 tempore

1987 1041 2201 1086 cunctae
2252 1030 2329 1085 illi
2388 1029 2578 1102 fruges
2635 1030 2954 1102 depereant,
2986 1030 3263 1102 vilemque
3312 1018 3577 1103 stipulam

1988 1123 2109 1177 loco
2154 1122 2561 1193 manipulorum
2600 1131 2833 1193 cogatur
2864 1122 3127 1193 colligere
3159 1142 3172 1178 :
3212 1122 3296 1179 vel
3334 1131 3484 1179 certe
3520 1123 3579 1179 in

1989 1212 2268 1268 fructuum
2298 1213 2658 1279 abundantia,
2701 1213 3113 1284 manipulorum
3152 1213 3384 1284 penuria
3421 1214 3577 1268 labo-

1988 1313 2068 1362 ret
2105 1324 2121 1374 ;
2153 1306 2239 1361 vel
2283 1304 2558 1362 vindemia
2598 1306 2866 1373 instante,
2909 1306 3101 1363 botros
3127 1307 3309 1362 nullos
3354 1322 3581 1379 compe-

1990 1399 2115 1465 riat,
2150 1398 2247 1455 sed
2286 1399 2374 1454 vix
2423 1400 2614 1467 breves
2646 1399 2957 1456 racemulos
3000 1400 3244 1471 colligat.
3281 1398 3425 1455 Sane
3472 1401 3579 1455 hoc

1990 1503 2254 1562 tempore,
2288 1500 2412 1562 post
2463 1498 2675 1546 tantam
2710 1507 2740 1546 a
2782 1489 2893 1547 Deo
2922 1491 3228 1563 impensam
3275 1508 3467 1548 curam
3514 1506 3580 1547 ac

1990 1583 2363 1651 sedulitatem,
2392 1583 2712 1639 necessario
2748 1582 2969 1639 demum
3003 1584 3226 1654 pietatis
3271 1591 3438 1655 atque
3465 1585 3581 1640 vir-

1990 1677 2125 1733 tutis
2154 1675 2370 1733 fructus
2400 1684 2753 1748 exspectans,
2803 1691 2928 1731 rara
2962 1676 3110 1747 apud
3148 1678 3302 1748 ipsos
3349 1677 3586 1734 omnino

1991 1769 2268 1841 comperio
2295 1769 2441 1825 bona
2489 1783 2698 1840 opera;
2755 1783 2881 1824 nam
2913 1784 3013 1825 nec
3043 1771 3316 1840 primitias
3359 1771 3581 1843 aliquas

246 1846 433 1913 Ἐείας
477 1850 578 1903 καὶ
624 1851 727 1922 τῆς
759 1852 963 1925 ἀρετῆς
994 1855 1122 1919 τοὺς
1176 1858 1423 1928 καρποὺς
1474 1846 1884 1930 ἐπιζητοῦντος,

1994 1863 2135 1934 apud
2161 1878 2255 1918 eos
2293 1860 2481 1918 videre
2524 1867 2631 1925 est,
2675 1876 2992 1932 quanquam
3032 1861 3086 1917 id
3143 1863 3381 1918 maxime
3424 1872 3582 1933 opta-

258 1941 553 2005 σπανίζον
604 1943 666 1996 ἐν
704 1943 912 1999 ἅπασιν
958 1946 1144 2011 αὐτοῖς
1199 1949 1483 2013 παντελῶς
1545 1951 1787 2023 εὑρίσκω
1825 1951 1888 2006 τὸ

254 2033 448 2088 ’καλόν
466 2026 498 2065 ”
517 2032 642 2091 οὐδδ
672 2035 808 2106 γοῦν
831 2038 1087 2112 ἀπαρχήν
1119 2058 1241 2096 τινα
1272 2043 1329 2096 ἐν
1374 2043 1561 2108 αὐτοῖς
1594 2046 1890 2116 ἀναφαινο-

254 2126 459 2198 μένην
497 2126 651 2182 ἐστιν
700 2128 872 2183 ἰδεῖν·
911 2129 1176 2203 ἐπιθυμία
1222 2134 1278 2188 δέ
1334 2154 1424 2206 μοι
1472 2137 1698 2212 πλείστη
1756 2141 1891 2196 καθ-

262 2216 490 2288 έστηκε
523 2220 683 2274 τουτὶ
705 2218 951 2277 τοιοῦτον
989 2222 1117 2277 ἰδεῖν
1142 2239 1156 2252 ·
1188 2225 1376 2295 ἐπειδὴ
1405 2226 1512 2299 γὰρ
1545 2231 1608 2281 ὲκ
1645 2229 1745 2301 τῆς
1777 2230 1890 2286 τῶν

261 2309 523 2380 καρπῶν
563 2311 906 2387 τελειότητος
952 2313 1225 2387 εἰώθαμεν
1270 2319 1525 2390 ἀπαρχὰς
1568 2320 1887 2393 λαμϐάνειν,

258 2400 443 2455 τοῦτο
479 2402 540 2457 δέ
589 2405 707 2459 ἔστι
741 2407 836 2461 καὶ
868 2406 940 2461 τὰ
985 2408 1340 2480 πρωτότοκα⁸
1396 2412 1517 2466 ὅθεν
1557 2414 1586 2466 ὁ
1622 2416 1891 2487 μακάριος

259 2492 479 2550 Δαυῖδο
508 2513 530 2547 ι
573 2497 686 2551 Καὶ
731 2499 975 2566 ἐπάταξε
1028 2504 1138 2557 πᾶν
1189 2504 1540 2576 πρωτότοκον
1574 2508 1632 2562 ὲν
1674 2510 1745 2579 γῇ
1794 2508 1893 2561 Αί-

1989 1955 2137 2010 bam.
2168 1956 2383 2010 Etenim
2419 1954 2563 2010 sicut
2591 1970 2658 2010 ex
2696 1956 2927 2010 maturis
2983 1954 3254 2012 fructibus
3306 1954 3587 2026 primitias

1990 2049 2235 2105 solemus
2265 2061 2506 2113 sumere,
2536 2046 2591 2100 id
2623 2054 2707 2101 est
2742 2046 3085 2116 primitivos;
3118 2046 3262 2102 unde
3290 2053 3345 2101 et
3386 2047 3583 2103 beatus

1993 2140 2163 2196 David
2206 2159 2222 2196 :
2258 2159 2277 2192 ι
2307 2138 2376 2193 Et
2409 2139 2868 2209 percussitomne
2889 2138 3314 2211 primogenitum
3340 2139 3397 2195 in
3430 2148 3582 2195 terra

1991 2230 2238 2303 IEgypti,
2285 2227 2563 2301 primitias
2592 2228 2776 2283 omnis
2807 2228 3009 2284 laboris
3061 2243 3254 2287 eorum
3294 2228 3349 2283 in
3392 2229 3581 2284 taber-

1997 2322 2213 2378 naculis
2268 2320 2461 2377 Chami
2483 2321 2599 2387 ’σίν
2618 2320 2722 2375 hoc
2766 2321 2952 2376 dicere
3011 2321 3278 2392 propheta
3320 2321 3437 2376 vult
3466 2339 3481 2375 :
3515 2319 3582 2376 In

1999 2430 2198 2486 magna
2229 2414 2542 2479 sterilitate,
2580 2413 2855 2483 cupiditas
2877 2429 2965 2469 me
2995 2414 3223 2469 incessit
3263 2413 3578 2471 inveniendi

1998 2506 2207 2578 aliquid
2236 2506 2381 2577 apud
2416 2506 2582 2577 .ipsos
2631 2505 2780 2575 quod
2817 2505 3191 2576 primitiarum
3219 2506 3343 2562 loco
3372 2514 3542 2563 esset.

264 2584 524 2655 τύπτου,
595 2589 855 2663 ἀπαρχὴν
892 2594 1095 2659 παντὸς
1118 2595 1282 2649 πόνου
1331 2596 1514 2651 αὐτῶν
1575 2599 1635 2652 ὲν
1681 2601 1796 2663 τοῖς
1835 2595 2159 2671 σκηνώμασι
2209 2597 2342 2669 Χάμ
2375 2596 2599 2651 Ἱτοῦτο
2645 2596 2894 2667 βούλεται
2946 2598 3145 2663 εἰπεῖν,
3209 2598 3292 2652 δτι
3331 2596 3589 2671 Διάίτὴν

264 2672 604 2755 ὕπερϐολὴν
633 2680 733 2756 τῆς
770 2685 1055 2759 ἀκαρπίας
1085 2688 1351 2763 ἐπιθυμία
1394 2708 1464 2763 με
1510 2691 1776 2764 κατέσχεν
1820 2693 2002 2765 εὑρεῖν
2042 2708 2097 2749 τι
2153 2693 2212 2748 ὲν
2248 2692 2452 2757 αὐτοῖς,
2498 2692 2755 2763 ἀπαρχῆς
2803 2691 2958 2759 τάξιν
3000 2691 3221 2762 ἐπέχειν
3261 2692 3581 2764 δυνάμενον.

352 2883 515 2957 Στίχ.
554 2885 691 2957 β’-8’.
721 2918 795 2930 -
829 2888 905 2962 (p.
938 2891 1067 2964 515)
1111 2894 1223 2949 Καὶ
1261 2895 1537 2967 ἐπιμένων
1579 2899 1693 2961 τοῖς
1737 2897 1894 2967 ὁδυρ⁸

274 2981 444 3050 μοις.
488 2997 510 3031 ί
543 2979 707 3052 οτμοι
732 2981 745 3035 ζ
767 2981 936 3053 ψυχὴ,
958 2984 1041 3038 ὅτι
1074 2985 1355 3041 ἀπόλωλεν
1387 2987 1623 3061 εὐλαϐὴς
1652 2989 1761 3043 ἀπὸ
1790 2988 1890 3058 τῆς

269 3070 409 3140 γῆς,
446 3073 547 3126 καὶ
586 3073 870 3146 κατορθῶν
892 3077 950 3131 ὲν
979 3077 1290 3150 ἀνθρώποις
1322 3080 1422 3151 οὐχ
1454 3081 1728 3154 ὑπάρχει·
1761 3082 1894 3136 πάν-

2071 2892 2241 2950 Vsns.
2266 2893 2339 2947 2·-
2355 2894 2407 2949 4.
2429 2923 2501 2935 -
2517 2891 2583 2948 Et
2610 2892 2917 2963 ploratibus
2956 2893 3219 2965 insistens
3240 2908 3252 2943 :
3273 2892 3393 2948 «Vae
3424 2894 3587 2962 mihi,

1998 2987 2203 3053 anima,
2219 2987 2348 3058 quia
2363 2986 2524 3057 periit
2541 2986 2667 3056 pius
2682 2985 2750 3043 de
2765 2994 2933 3063 terra,
2955 2996 3010 3042 et
3029 2986 3120 3056 qui
3143 2987 3432 3042 emendate
3459 2996 3588 3061 agat

1997 3077 2054 3132 in
2078 3077 2391 3133 hominibus
2415 3091 2523 3132 non
2540 3085 2662 3131 est:
2688 3090 2881 3132 omnes
2903 3075 2971 3131 de
2991 3078 3353 3148 sanguinibus
3373 3078 3591 3150 judicio

268 3178 374 3227 τες
405 3165 495 3228 είς
533 3164 748 3237 αἵματα
781 3167 1117 3237 δικάζονται,
1149 3171 1379 3236 ἕκαστος
1406 3171 1497 3227 τὸν
1534 3172 1762 3244 πλησίον
1795 3173 1891 3227 αύ-

1997 3165 2371 3231 contendunt,
2415 3164 2578 3236 205
2626 3166 3011 3236 unusquisque
3055 3168 3367 3245 proximum
3422 3159 3586 3225 suum

271 3253 378 3309 τοῦ
409 3255 765 3313 ὲκθλίϐουσιν
808 3259 1032 3334 ἐκθλιϐῇ
1072 3279 1087 3294 ο
1120 3263 1213 3316 ἐπὶ
1263 3263 1327 3317 τὸ
1361 3265 1532 3318 κακὸν
1566 3264 1666 3329 τὰς
1698 3267 1887 3337 χεῖρας

1999 3272 2259 3329 pressura
2278 3261 2495 3327 premit,
2520 3257 2585 3313 ad
2619 3258 2820 3313 malum
2844 3275 3041 3317 manus
3072 3274 3204 3317 suas
3234 3269 3411 3331 parat.
3428 3260 3587 3316 Prin-

274 3347 475 3402 αὐτῶν
519 3349 906 3421 ἑτοιμάζουσιν
941 3371 954 3384 ·
981 3355 1010 3408 ό
1047 3353 1233 3427 ἄρχων
1284 3357 1464 3422 αίτεῖ,
1496 3357 1593 3410 καὶ
1636 3359 1664 3412 ὁ
1695 3356 1889 3428 κριτὴς

276 3437 608 3509 εἰρηνικοὺς
635 3436 829 3508 λόγους
862 3441 1114 3515 ὲλάλησε,
1142 3443 1482 3516 καταθύμιον
1514 3445 1695 3517 ψυχῆς
1724 3444 1890 3498 αὐτοῦ

277 3533 427 3585 ἔστι.
478 3548 500 3583 ι
544 3526 675 3593 Πῶς
717 3531 826 3606 γὰρ
865 3534 928 3588 ού
980 3535 1200 3607 θρηνεῖν
1245 3535 1435 3603 ἀξιον,
1467 3538 1550 3591 ὅτι
1594 3535 1759 3607 φόϐος
1791 3538 1891 3607 μὲν

277 3623 424 3678 Θεοῦ
480 3628 614 3699 παρ’
644 3625 829 3692 αὐτοῖς
879 3626 1159 3699 ούδαμοῦ;
1190 3627 1316 3683 ὃθεν
1348 3628 1469 3682 οὐδὲ
1520 3628 1669 3683 ἔστιν
1711 3629 1893 3702 εὑρεῖν

277 3715 375 3772 τὸν
409 3718 806 3790 ἐπιμελεῖσθαι
839 3718 935 3773 τοῦ
977 3721 1354 3793 προσήκοντος
1381 3721 1636 3777 ἐθέλοντα
1656 3738 1671 3753 ·
1712 3723 1895 3779 πάντα

281 3809 342 3865 δὲ
379 3811 579 3876 αὐτοῖς
607 3813 739 3885 περὶ
767 3812 943 3883 φόνων
971 3814 1313 3885 γυμνάζεται
1336 3814 1405 3869 τά
1428 3815 1596 3889 ὲγκλή
1607 3832 1773 3887 ματα,
1791 3818 1894 3883 οὐκ

282 3901 649 3974 ἀνεχομένοις
689 3902 864 3976 μικρὰ
887 3904 1121 3972 πταίειν,
1155 3905 1423 3998 ἀλλ’κάχρι
1466 3906 1641 3977 φόνων
1664 3907 1765 3972 τὰς
1786 3909 1894 3980 χεῖ-

284 4009 389 4067 ρας
414 3994 781 4048 ἑκτεινόντων
810 3993 911 4059 τὰς
951 3995 1088 4059 ἰδίας
1110 4013 1126 4028 ο
1153 3993 1386 4061 ἕκαστός
1416 4013 1475 4050 τε
1505 3996 1685 4051 αὐτῶν
1713 3995 1790 4062 ὡς
1824 3996 1893 4052 ἂν

280 4083 385 4159 ἔχῃ
412 4086 708 4158 δυνάμεως
739 4086 956 4153 ὀδύναις
989 4090 1084 4143 καὶ
1110 4089 1382 4157 ἀνάγκαις
1412 4088 1762 4162 περιϐάλλειν
1798 4089 1892 4144 τὸν

280 4177 463 4246 ἐγγυς
509 4177 724 4249 πένητα
771 4180 1069 4252 πειρᾶται,
1098 4179 1606 4253 παρεσκευασμένοι
1650 4196 1715 4234 τε
1761 4179 1894 4253 περὶ

279 4267 387 4339 τὴν
414 4266 533 4323 τῶν
562 4269 755 4325 κακῶν
798 4272 940 4326 εἰσιν
970 4273 1238 4346 ἐργασίαν
1260 4291 1275 4306 ο
1312 4268 1433 4328 εἷτα
1467 4274 1561 4328 ἐπὶ
1609 4273 1826 4338 τούτοις
1863 4273 1893 4327 ό

285 4362 391 4435 μὲν
416 4364 484 4417 ὲν
520 4362 603 4436 τῷ
631 4365 824 4438 ἄρχειν
873 4365 1179 4434 καθεστὼς,
1215 4366 1436 4440 ἀμελῶν
1455 4366 1552 4421 τοῦ
1587 4368 1895 4440 προσήκον-

281 4472 380 4520 τος
430 4456 699 4529 χρήματα
737 4455 928 4529 ζητεῖ,
979 4459 1079 4513 καὶ
1128 4458 1342 4523 τούτοις
1381 4458 1732 4531 διακρούεται
1784 4457 1894 4512 τῶν

1984 3354 2126 3422 'ceps
2152 3350 2353 3420 poscit,
2381 3348 2550 3419 judex
2577 3350 2809 3421 pacifica
2853 3353 3019 3407 verba
3062 3353 3329 3423 loquitur,
3369 3354 3586 3411 deside-

1997 3441 2138 3495 rium
2166 3439 2364 3495 animt’e
2391 3439 2511 3510 ejus
2531 3449 2635 3496 est.
2660 3459 2679 3493 ο
2702 3439 2904 3508 Quidni
2958 3443 3121 3515 digne
3137 3440 3465 3515 plorandum
3488 3447 3584 3507 sit.
3634 3482 3643 3495 ,

1997 3530 2269 3604 siquidem
2309 3533 2494 3589 nullus
2529 3531 2626 3589 Dei
2670 3533 2836 3589 timor
2874 3535 3018 3605 apud
3052 3552 3149 3593 eos
3187 3553 3420 3608 usquam
3470 3538 3593 3594 est?

1994 3641 2106 3698 quo
2131 3624 2211 3692 ﬁt,
2244 3633 2303 3681 ut
2326 3641 2490 3682 nemo
2520 3627 2614 3698 qui
2647 3626 2883 3684 cilicium
2908 3629 3210 3700 sequivelit
3239 3632 3581 3688 inveniatur.

1993 3719 2205 3774 Cuncta
2234 3718 2432 3773 borum
2472 3718 2707 3775 crimina
2745 3721 2801 3775 in
2837 3721 3079 3778 caedibus
3113 3730 3425 3791 versantirr,
3451 3725 3583 3796 quia

1995 3828 2105 3868 non
2130 3814 2410 3870 sustinent
2434 3812 2576 3869 levia
2616 3827 2870 3883 peccare,
2914 3813 3012 3870 sed
3039 3814 3105 3870 ad
3134 3814 3429 3872 homicidia
3473 3832 3588 3872 ma~

1994 3922 2103 3963 nus
2124 3906 2420 3962 intendunt
2452 3925 2465 3961 :
2497 3907 2882 3977 unusquisque
2903 3922 3005 3980 pro
3025 3908 3264 3975 viribus,
3297 3910 3591 3968 doloribus

1995 3997 2378 4068 angustiisque
2410 3997 2694 4069 proximos
2720 3998 2822 4054 Sibi
2852 4013 3123 4069 pauperes
3181 4001 3400 4058 irretire
3417 4016 3590 4058 cona-

1994 4095 2108 4154 tur,
2144 4087 2301 4144 et~ad
2330 4089 2603 4160 patranda
2626 4090 2838 4145 scelera
2863 4090 3073 4146 alacres
3118 4100 3270 4147 sunt.
3311 4090 3586 4148 Praeterea

1995 4180 2254 4252 princeps
2319 4180 2601 4251 aequitatis
2648 4180 2961 4245 immemor,
3030 4182 3322 4253 pecuniam
3382 4184 3587 4255 poscit,

1996 4281 2162 4342 atque
2205 4270 2278 4326 ob
2305 4270 2455 4325 hanc
2478 4270 2797 4327 dissimulat
2835 4274 3185 4342 peccantium
3223 4272 3587 4344 iniquitates:

1991 4362 2162 4434 judex
2189 4370 2398 4424 autem,
2433 4361 2640 4416 omissa
2665 4362 2812 4431 juris
2846 4362 3113 4429 dictione,
3147 4364 3371 4420 blandis
3413 4367 3592 4420 utitur

1998 4453 2372 4519 sermonibus,
2405 4461 2464 4508 ut
2488 4452 2578 4510 his
2606 4452 2814 4524 injusta
2848 4454 2953 4509 sibi
2998 4455 3159 4510 lucra
3197 4457 3479 4525 conciliet,
3519 4458 3619 4512 ad‘

282 4548 727 4620 ἁμαρτανόντων
772 4548 878 4625 Δτὰς
908 4550 1124 4616 ἀδικίας
1154 4567 1170 4583 ο
1204 4553 1233 4606 ό
1259 4551 1317 4607 δὲ
1364 4551 1462 4607 τοῦ
1494 4552 1706 4625 κρίνειν
1746 4551 1891 4625 είλη-

1997 4561 2121 4619 qute
2152 4544 2321 4601 animi
2367 4545 2757 4616 cogitationem
2806 4545 3075 4600 intentam
3121 4546 3308 4603 habet.
3342 4564 3364 4599 ε
3388 4546 3453 4603 Ει
3489 4562 3592 4602 au-

285 4639 409 4710 φὼς
438 4640 546 4713 τὴν
583 4623 856 4708 ἐξουσίαν,
902 4642 1065 4713 ἀφεὶς
1109 4642 1174 4697 τὸ
1202 4641 1411 4697 δίκαιον
1444 4623 1672 4717 ὁρίζειν,
1723 4623 1888 4719 θερα-

286 4735 578 4797 πευτικῶς
594 4733 864 4806 κέχρηται
890 4735 1135 4807 ῥήμασιν
1154 4752 1170 4766 ο
1184 4734 1262 4801 ὡς
1286 4735 1354 4791 ἂν
1374 4734 1465 4791 διὰ
1486 4734 1692 4792 τούτων
1714 4736 1895 4809 ἑαυτῷ

288 4826 714 4898 περιποιήσειεν
737 4823 899 4881 ἄδικα
926 4827 1118 4902 κέρδη,
1138 4828 1276 4900 πρὸς
1303 4827 1340 4884 ἀ
1364 4828 1431 4902 δὴ
1454 4829 1756 4903 τεταμένον
1780 4828 1899 4902 ἔχει

286 4916 385 4970 τὸν
406 4915 678 4988 λογισμὸν
706 4917 806 4988 τῆς
842 4916 1046 4989 ψυχῆς.
1095 4937 1114 4971 ι
1148 4918 1262 4974 Καὶ
1299 4918 1592 4992 ὲξελοῦμαι
1620 4920 1692 4974 τά
1711 4920 1896 4990 ἀγαθά

289 5008 507 5073 αὐτῶν,
540 5008 617 5074 ὡς
650 5008 752 5082 σὴς
771 5011 1068 5081 ὲκτρώγων
1088 5010 1184 5065 καὶ
1212 5011 1442 5084 βαδίζων
1469 5014 1564 5067 ἐπὶ
1581 5014 1812 5077 ,κανόνος
1840 5014 1900 5067 ὲν

291 5102 545 5174 ἡμέραις
588 5104 823 5167 σκοπιᾶς
859 5120 976 5159 σου.
1031 5123 1051 5157 ι
1083 5103 1160 5177 (p.
1194 5106 1323 5177 5H)
1371 5106 1545 5178 Ὑπὲρ
1585 5106 1652 5179 δὴ
1690 5106 1902 5162 τούτων

291 5193 354 5246 ὲν
382 5190 651 5246 παντελεῖ
674 5208 737 5246 σε
779 5194 1109 5266 καταστήσω
1127 5195 1238 5250 τῶν
1271 5196 1493 5266 ἀγαθῶν
1523 5197 1723 5271 ἐνδείᾳ,
1746 5198 1903 5270 δίκην

2002 4638 2175 4695 feram
2213 4637 2358 4693 bona
2392 4651 2605 4705 eorum,
2658 4637 2817 4708 quasi
2858 4636 3007 4693 tinea
3032 4637 3350 4707 comedens,
3390 4647 3446 4696 et
3479 4654 3593 4695 am-

2002 4732 2200 4790 bulans
2230 4745 2396 4802 super
2426 4731 2675 4802 regulam
2724 4732 2783 4786 in
2812 4731 2902 4788 die
2951 4732 3348 4802 speculationis
3390 4748 3525 4790 suae.
3569 4752 3593 4788 ι

2004 4825 2088 4882 0b
2103 4824 2221 4880 haec
2243 4824 2299 4879 in
2329 4823 2584 4881 absoluta
2614 4833 2668 4879 te
2682 4823 3016 4880 constituam
3040 4824 3310 4881 bonorum
3328 4834 3597 4898 egestate,

2005 4933 2161 4976 more
2193 4918 2371 4984 tineae,
2416 4915 2661 4973 hostium
2712 4909 2881 4973 manu
2911 4918 3182 4990 quidquid
3220 4928 3307 4975 est
3347 4920 3489 4991 apud
3541 4927 3602 4976 te

1998 5012 2326 5084 praeclarum
2357 5010 2671 5066 destruens.
2696 5008 2834 5065 Nam
2864 5012 3011 5067 sicut
3052 5012 3203 5067 tinea
3234 5011 3291 5067 in
3321 5012 3454 5084 ligni
3482 5020 3599 5067 tra-

1999 5106 2200 5163 becula
2248 5104 2554 5172 exsistens,
2601 5104 2690 5160 via
2718 5104 2982 5176 gradiens
3015 5113 3184 5162 totam
3246 5106 3396 5162 illam
3436 5113 3597 5162 vorat

2003 5205 2171 5268 atque
2251 5195 2556 5261 consumit,
2622 5197 3000 5267 particulatim
3058 5212 3446 5270 corrumpens,
3515 5201 3602 5258 sic

294 5284 497 5356 σητδς,
532 5283 620 5339 διὰ
669 5287 780 5339 τῶν
813 5286 1092 5358 πολεμίων
1119 5288 1229 5341 πᾶν
1277 5286 1556 5358 ἀφανίζων
1595 5289 1624 5343 ὃ
1652 5307 1705 5343 τι
1739 5288 1891 5344 καλόι

2004 5303 2109 5361 ego
2161 5289 2429 5361 paulatim
2487 5287 2635 5344 bona
2696 5296 2876 5345 vestra
2927 5288 3212 5356 auferam;
3269 5297 3327 5346 et
3381 5298 3601 5361 postea,

291 5379 451 5432 ἐστιν
490 5379 552 5432 ὲν
583 5376 668 5431 σοί
687 5395 701 5410 ’
730 5377 807 5443 ὡς
831 5379 940 5450 γὰρ
967 5381 997 5434 ό
1020 5378 1119 5452 σὴς
1147 5380 1206 5433 ιν
1235 5380 1420 5434 κανόνι
1456 5379 1613 5446 ξύλου
1637 5379 1898 5462 γεγονὼς,

292 5468 405 5542 όδῷ
436 5468 857 5541 βαδίζων,ἀπαν
881 5470 1014 5525 αὐτὸ
1039 5470 1316 5527 κατεσθίει
1351 5473 1445 5527 καὶ
1473 5473 1754 5527 ἀναλίσκει
1781 5475 1902 5538 ταῖς

294 5560 448 5616 κατὰ
482 5559 656 5632 μέρος
701 5560 1056 5634 διαφθοραῖς,
1085 5562 1231 5619 οὕτω
1263 5563 1405 5619 κατά
1451 5564 1646 5636 μικρὸν
1685 5564 1903 5619 ἅπαντα

297 5652 463 5726 ὑμῶν
490 5652 683 5725 ἀφελῶ
698 5652 768 5709 τά
808 5653 993 5726 ἀγαθά
1014 5672 1029 5687 ο
1061 5657 1203 5713 κατὰ
1232 5657 1323 5714 τὸν
1360 5657 1551 5721 καιρὸν
1588 5658 1646 5714 ὲν
1674 5649 1720 5727 ᾧ
1755 5656 1822 5731 δὴ
1839 5657 1902 5714 τὸ

362 5829 421 5867 9⁸
442 5828 591 5888 Psal.
624 5846 737 5899 Liv,
755 5831 849 5888 36.

2009 5382 2313 5440 secundum
2348 5389 2569 5454 tempus
2601 5396 2715 5453 quo
2765 5381 3202 5452 magnitudinem
3244 5393 3601 5454 peccatorum

2008 5482 2320 5531 vestrorum
2360 5472 2680 5544 speculatus
2712 5469 2892 5538 fuero,
2929 5487 3234 5544 congruum
3272 5471 3435 5530 factis
3466 5489 3605 5546 sup-

2008 5566 2236 5638 plicium
2269 5562 2527 5621 inferam.
2568 5581 2588 5618 ι
2610 5560 2742 5620 VEB!
2773 5578 2855 5619 vae
2879 5564 2893 5618 l
2914 5563 3279 5622 uitioncstuae
3306 5573 3603 5635 venerunt;

2004 5672 2159 5716 nunc
2190 5663 2357 5715 erunt
2389 5656 2546 5714 ﬂetus
2590 5670 2808 5715 eorum.
2831 5674 2853 5711 ι
2887 5654 3052 5715 Venit
3084 5656 3225 5730 dies,
3253 5673 3366 5733 quo
3382 5666 3441 5716 tu
3471 5673 3604 5731 ροσε
