4118 6540
492 369 592 424 σοι

1669 349 2026 412 THEODORI
2077 353 2567 412 MOPSUESTENI

3665 352 3792 408 592

499 499 750 546 catorum
782 499 974 558 pinnas
1009 482 1138 550 des;
1193 493 1431 551 quorum
1473 489 1641 532 causa
1678 489 1830 530 nunc
1873 481 1926 528 te
1960 471 2087 530 ﬂere

2193 469 2421 541 μέγεθος
2460 469 2868 560 περισκοπήσας
2889 468 2995 523 τῶν
3022 467 3434 540 ἁμαρτημάτων
3466 467 3790 538 ὑμετέρων,

504 581 684 642 decet,
746 576 876 646 quia
904 590 970 628 ex
1004 570 1191 626 inlatis
1242 567 1404 622 malis
1463 565 1634 622 sentis
1673 568 1940 632 quantum
1989 559 2086 614 tibi

503 668 755 724 nocueris
785 675 880 720 tuo
911 665 967 719 in
1008 664 1202 718 vitium
1235 661 1414 746 lapsu.

2192 562 2452 631 ἀνάλογον
2497 558 2696 626 ’ἐπάξω
2741 565 2852 626 τοῖς
2896 563 3290 632 πραττομένοις
3327 559 3425 630 τὴν
3474 558 3783 630 τιμωρίαν.

2199 672 2215 703 ι
2243 655 2400 718 (luat,
2423 653 2567 715 οὐαὶ,
2591 653 2897 725 ὲκδικήσεις
2915 669 3006 706 σου
3029 655 3195 724 ἣκασι
3213 670 3226 683 ·
3243 653 3336 706 νῦν
3371 651 3581 705 ἔσονται
3608 651 3790 706 κλαυ-

503 761 629 831 θμο“ι
663 757 863 813 αὐτῶν.
901 775 920 808 ι
967 753 1348 824 Παραγέγονεν
1477 746 1658 818 ἡμέρα
1695 744 1790 796 τοῦ
1837 743 2020 796 δοῦναί
2057 760 2116 796 σε
2138 743 2294 816 δίκην
2334 745 2441 798 τῶν
2472 744 2978 818 πλημμλημάτων,
3033 745 3172 816 ὑπὲρ
3210 737 3286 796 ὧν
3312 743 3380 814 δὴ
3399 742 3492 796 νῦν
3520 760 3578 795 σε
3611 760 3790 815 προσ-

500 853 602 922 ῆκε
659 848 928 919 δακρῦσαι
984 845 1071 898 διὰ
1103 843 1213 896 τῶν
1269 839 1625 911 ἐπαγομένων
1687 837 1874 891 κακῶν
1930 835 2338 907 αίσΘανόμενον,
2392 837 2588 892 ὁπόσον
2625 837 2914 908 ἐλυμαίνου
2965 836 3146 908 σαυτῷ
3191 839 3257 908 τῇ
3311 834 3438 906 περὶ
3475 835 3535 888 τὸ
3590 837 3784 906 χεῖρον

504 944 662 1013 ῥοπῇ-

574 1121 742 1177 Vcns.
782 1115 904 1175 3-7.
947 1150 1008 1160 ——
1048 1117 1116 1172 Et
1149 1097 1461 1174 futurorum
1499 1103 1766 1171 malorum
1817 1115 2084 1187 magnitu-

504 1213 686 1268 dinem
709 1215 1151 1271 demonstrans‘u
1176 1209 1354 1264 Nolite
1372 1209 1618 1272 credere,
1638 1207 1836 1278 inquit,
1858 1208 2082 1274 amicis;

508 1318 685 1372 neque
723 1303 955 1370 speretis
1005 1314 1036 1353 a
1073 1300 1306 1355 ducibus
1337 1317 1350 1354 :
1387 1299 1458 1363 ei,
1513 1315 1636 1369 qua:
1676 1308 1854 1354 tecum
1899 1299 2085 1360 cubat,

505 1410 638 1448 eave
681 1393 980 1463 quidquam
1015 1393 1345 1447 concredere
1377 1409 1390 1445 :
1427 1391 1560 1462 quia
1605 1391 1750 1466 ﬁlius
1804 1399 2091 1445 contume-

504 1484 633 1539 liam
667 1485 798 1539 l‘acit
830 1485 994 1554 patri,
1040 1492 1094 1538 et
1122 1484 1233 1538 ﬁlia
1264 1483 1834 1553 eonsurgitadversus
1866 1489 2096 1535 matrem

507 1590 684 1637 suam,
713 1567 886 1630 nurus
905 1575 1068 1645 206
1089 1575 1357 1629 adversus
1382 1589 1598 1629 socrum
1627 1589 1805 1632 suam;
1822 1571 2096 1626 etinimici

2258 1114 2406 1186 Στίχ.
2433 1111 2570 1178 ε’-ζ,
2605 1144 2674 1154 ——
2700 1111 2812 1166 Καὶ
2839 1109 3052 1174 δεικνὺς
3080 1109 3188 1163 τῶν
3216 1100 3657 1180 έπελευσομένων
3679 1109 3781 1163 αὗ-

2191 1208 2303 1269 τοῖς
2329 1205 2514 1259 κακῶν
2549 1203 2608 1257 τὸ
2645 1203 2889 1274 μέγεθος,
2933 1221 2950 1254 ι
2989 1201 3078 1273 Μὴ
3115 1200 3542 1256 καταπιστεύετε
3583 1201 3642 1254 ἐν
3680 1201 3782 1270 φί-

2193 1297 2325 1361 λοις,
2365 1297 2440 1369 μὴ
2471 1296 2527 1349 δὲ
2557 1294 2805 1359 ἐλπίζετε
2844 1293 2936 1348 ἐπὶ
2989 1294 3312 1364 ἡγουμένοις
3334 1309 3347 1322 °
3374 1294 3482 1346 ἀπὸ
3513 1293 3611 1362 τῆς
3643 1309 3782 1360 συγ-

2195 1389 2374 1442 κοίτου
2430 1405 2522 1440 σου
2577 1385 2808 1457 φύλαξαι
2851 1385 2944 1439 τοῦ
2996 1384 3288 1439 ἀναθέσθαι
3341 1403 3394 1438 τι
3443 1385 3780 1456 αὐτῇ’διότι
3879 1385 3888 1393 ’

2195 1479 2308 1542 υἱὸς
2333 1478 2587 1549 ἀτιμάζει
2622 1477 2854 1548 πατέρα,
2869 1475 3113 1545 θυγάτηρ
3143 1473 3516 1544 ἐπανέστηκεν
3553 1472 3647 1526 ἐπὶ
3673 1472 3780 1543 τὴν

2197 1571 2406 1642 μητέρα
2458 1569 2668 1640 αὐτῆς,
2701 1567 2888 1638 νύμφη
2943 1567 3036 1618 ἐπὶ
3091 1566 3192 1636 τὴν
3245 1563 3514 1636 πενθερὰν
3559 1562 3774 1632 αὑτῆς’

507 1665 770 1730 hominis,
800 1667 985 1722 cuncti
1013 1665 1304 1720 domestici
1338 1665 1482 1734 ejus.
1511 1681 1528 1714 ι
1569 1663 1738 1718 Nemo
1765 1667 1898 1716 tunc
1936 1662 2087 1716 alteri

2193 1662 2379 1733 ἐχθροὶ
2403 1661 2595 1731 ἀνδρὸς
2625 1659 2826 1724 πάντες
2846 1663 2894 1714 οἱ
2923 1659 3110 1731 ἄνδρες
3135 1661 3184 1712 οἱ
3211 1661 3268 1713 ὲν
3296 1658 3374 1730 τῷ
3398 1659 3530 1730 οἴκῳ
3549 1657 3732 1712 αὐτοῦ.
3749 1675 3770 1706 ι

505 1755 880 1818 auxiliabitur,
949 1770 1055 1809 non
1120 1756 1330 1811 amicus
1383 1757 1585 1820 amico,
1667 1770 1776 1809 non
1836 1752 2087 1824 princeps

2192 1754 2324 1807 Ούδὲ
2355 1752 2451 1824 μία
2475 1754 2560 1824 δὴ,
2595 1753 2785 1824 φησιν,
2829 1751 3003 1806 οὐδενὶ
3040 1753 3170 1826 παρ’
3206 1751 3422 1815 οὐδενὸς
3457 1750 3610 1804 ἔσται
3651 1749 3777 1804 τότε

505 1847 748 1908 subdito,
777 1862 886 1901 non
921 1848 1007 1901 vir
1036 1849 1216 1912 uxori,
1265 1864 1374 1901 non
1415 1848 1528 1901 tilio
1567 1855 1746 1917 pater,
1779 1863 1887 1900 non
1931 1848 2087 1900 matri

2191 1847 2224 1918 ή
2258 1845 2480 1916 βοήθεια
2505 1861 2516 1872 ·
2545 1845 2605 1897 οὐ
2631 1845 2770 1916 φίλῳ
2798 1845 2950 1916 παρὰ
2981 1845 3159 1914 φίλου,
3181 1847 3282 1899 οὐκ
3304 1843 3590 1915 ἀρχομένῳ
3624 1841 3778 1914 παρὰ

505 1936 635 2000 ﬁlia,
655 1952 762 1990 non
789 1937 949 1991 nurui
985 1951 1179 1991 socrus
1210 1954 1224 1990 :
1251 1953 1376 1991 nam
1405 1938 1737 1992 calamitatis
1765 1937 2085 2007 magnitudo

503 2028 570 2085 de
603 2045 703 2084 sua
749 2045 1022 2100 quemque
1075 2029 1250 2083 salute
1311 2029 1532 2081 anxium
1579 2044 1703 2084 esse
1741 2043 1964 2097 cogens,
1991 2045 2086 2082 ne-

501 2120 746 2175 cessario
779 2127 1012 2174 cunctos
1034 2119 1328 2173 inimicitia
1369 2119 1512 2173 inter
1541 2132 1600 2173 se
1633 2120 1952 2182 committit,
1991 2133 2088 2173 ne-

501 2214 649 2268 mine
695 2213 760 2268 de
816 2213 1044 2268 alterius
1093 2212 1328 2266 utilitate
1381 2211 1678 2282 cogitante,
1731 2213 1862 2266 dum
1915 2228 2089 2268 unus-

499 2305 732 2374 quisque
765 2305 985 2374 plurimi
1019 2303 1150 2358 facit
1186 2305 1418 2358 salutem
1449 2318 1624 2357 suam.
1657 2303 1859 2357 Deinde
1890 2319 2087 2358 rursus

499 2403 622 2464 post
640 2408 1007 2449 terumnarum
1053 2393 1488 2464 praedictionem,
1552 2409 1706 2448 more
1755 2395 1919 2449 solito
1954 2409 2086 2447 con-

500 2487 806 2541 versionem
835 2487 888 2540 in
915 2485 1110 2539 melius
1131 2485 1413 2550 nuntians,
1444 2503 1464 2534 ‹
1503 2485 1612 2555 Ego
1648 2493 1852 2550 autem,
1885 2484 2084 2554 inquit,

500 2578 568 2632 ad
600 2576 892 2631 Dominum
926 2577 1211 2646 aspiciam,
1267 2576 1599 2646 exspectabo
1647 2575 1814 2629 Deum
1849 2575 2088 2630 salvato-

499 2681 612 2722 rem
643 2681 822 2720 meum
857 2683 870 2719 :
904 2666 1088 2719 audiet
1125 2681 1211 2720 me
1251 2665 1394 2721 Deus
1427 2681 1600 2720 meus.
1633 2684 1650 2716 ι
1690 2665 1797 2719 Sed
1836 2665 2088 2734 quamvis

498 2759 640 2813 tales
665 2765 940 2828 tantaeque
973 2757 1083 2812 sint
1123 2757 1488 2822 calamitates,
1533 2759 1598 2812 de
1639 2756 1730 2812 Dei
1779 2757 2088 2827 patrocinio

497 2863 609 2904 non
650 2848 995 2919 desperabo:
1029 2860 1349 2905 constanter
1401 2849 1468 2903 ad
1523 2849 1705 2917 ipsum
1770 2849 2085 2917 respiciam,

497 2941 730 2995 salutem
778 2939 908 2994 inde
955 2949 1308 3009 exspectans,
1362 2953 1526 3009 quam
1559 2939 1723 2993 etiam
1771 2938 1906 2992 mihi
1966 2937 2088 2993 sine

497 3031 669 3086 dubio
704 3031 998 3100 praebebit;
1023 3047 1168 3094 eum,
1210 3032 1304 3101 qui
1348 3031 1401 3084 in
1439 3029 1754 3101 hujnsmodi
1806 3029 2088 3083 calamita-

498 3123 648 3177 tibus
676 3123 810 3192 petit
845 3123 1134 3186 auxilium,
1159 3123 1485 3178 exaudiens.

497 3217 661 3272 αὐτοῦ
694 3219 792 3289 τὴν
841 3218 1112 3288 σωτηρίαν
1154 3219 1470 3290 ἀναμένωνο
1501 3219 1567 3290 ἣν
1599 3220 1694 3272 καὶ
1715 3218 1942 3290 παρέξει

495 3311 596 3382 τὴν
625 3309 874 3382 βοήθειαν
899 3308 1032 3362 ἀκού
1043 3326 1160 3389 σας.

568 3461 740 3518 Vnus.
783 3463 939 3520 8-H.
980 3495 1052 3506 —
1097 3464 1216 3521 «Ne
1256 3467 1480 3532 laeteris,
1513 3467 1738 3522 inimica
1756 3483 1896 3528 mea.
1920 3483 2088 3541 super

497 3571 606 3621 me,
637 3558 763 3626 quia
793 3573 837 3612 sn
871 3559 1066 3626 cecidi,
1131 3576 1464 3631 consurgam
1505 3581 1518 3617 :
1552 3563 1598 3616 si
1631 3565 1989 3618 ambulavero
2032 3581 2088 3618 In

497 3651 763 3712 tenebris,
823 3646 1085 3708 Dominus
1133 3655 1466 3710 illuminabit
1513 3671 1618 3711 me.
1653 3675 1672 3708 ›
1711 3657 1920 3711 Licebit
1955 3657 2088 3711 mihi

498 3741 796 3810 aliquando
821 3743 890 3798 ad
924 3745 1179 3800 inimicos
1198 3761 1370 3812 meos,
1421 3749 1808 3818 praecipueque
1833 3751 1900 3803 ad
1959 3750 2087 3804 ldu-

498 3847 666 3888 macos
703 3834 930 3891 dicere:
965 3835 1176 3892 Vanum
1213 3847 1297 3894 est
1341 3839 1407 3893 de
1453 3841 1609 3908 lapsu
1655 3856 1779 3894 meo
1829 3857 1928 3896 vos
1990 3842 2088 3896 Ia:-

502 3925 606 3977 tari
643 3946 654 3980 :
687 3942 908 3997 surgam
941 3927 1008 3983 de
1038 3943 1192 3994 casu,
1231 3929 1340 3985 Deo
1375 3931 1672 3999 adjuvante
1710 3952 1724 3986 :
1772 3934 1876 3988 etsi
1925 3935 2089 4005 quasi

501 4030 598 4086 per
632 4016 841 4072 medius
897 4020 1154 4073 tenebras
1201 4021 1256 4074 in
1294 4022 1454 4077 malis
1502 4024 1743 4094 gradiar,
1794 4025 1914 4080 luce
1951 4029 2084 4082 mihi

501 4107 844 4176 splendidius
876 4109 1156 4182 atl‘ulgebit
1185 4113 1279 4168 Dei
1304 4115 1591 4168 auxilium.
1631 4135 1649 4166 ‹
1675 4117 1810 4171 Iram
1843 4117 1934 4172 Dei
1963 4133 2090 4189 por-

498 4200 649 4262 tabo,
691 4202 952 4270 quoniam
1002 4205 1228 4275 peccavi
1265 4207 1338 4269 ei,
1411 4207 1586 4262 donec
1629 4225 1855 4264 causam
1911 4227 2087 4267 meam

495 4291 729 4360 judicet,
755 4303 1056 4364 eLperagat
1090 4296 1362 4366 judicium
1416 4315 1620 4356 meum.
1661 4302 1867 4358 Educet
1903 4321 1989 4358 me
2033 4305 2088 4359 in

499 4382 701 4448 lucem,
747 4386 941 4441 videbo
987 4387 1258 4457 justitiam
1288 4391 1430 4460 ejus.
1465 4412 1483 4444 ι
1537 4393 1674 4448 Iram
1713 4395 1854 4464 ejus,
1891 4405 1946 4450 ct
1972 4413 2090 4451 mo-

501 4476 691 4531 lestias
739 4479 866 4534 inde
913 4490 1202 4537 manantes
1261 4493 1486 4555 propter
1549 4495 1772 4555 peccata
1828 4499 2090 4558 expertus

502 4581 646 4622 sum.
665 4558 940 4626 Concedet
975 4581 1158 4629 tamen
1193 4575 1325 4629 mihi
1347 4579 1768 4634 conversionem
1789 4581 1842 4634 in
1868 4559 2085 4647 melius,

501 4657 618 4726 ipse
646 4661 774 4715 mihi
803 4663 896 4732 jus
917 4665 1153 4720 reddens
1187 4666 1256 4721 de
1283 4669 1350 4722 iis
1383 4685 1504 4739 quae
1539 4686 1568 4724 a
1604 4674 1822 4728 cunctis
1849 4673 2089 4730 inimicis

501 4750 640 4802 meis
663 4754 859 4820 pertuli
901 4754 1110 4824 inique,
1141 4757 1386 4828 mihique
1435 4761 1578 4829 quod
1611 4777 1825 4832 aequum
1869 4771 1952 4817 est
1987 4763 2086 4817 ad-

495 4835 766 4905 jndicabit
803 4859 816 4896 :
855 4858 1052 4912 meque
1107 4845 1246 4900 adeo
1300 4849 1356 4902 in
1413 4853 1759 4918 propriorum
1817 4853 2082 4907 bonorum

2189 1936 2470 2006 ἄρχοντος,
2505 1934 2579 2004 (p.
2627 1935 2754 2006 515)
2795 1935 2896 1988 ούκ
2954 1935 3110 2006 ἀνδρὶ
3163 1933 3316 2006 παρά
3360 1933 3640 2002 γυναικὸς,
3675 1935 3778 2004 οὐχ

2189 2018 2291 2097 υίῷ
2313 2026 2463 2098 παρά
2497 2026 2719 2097 πατρὸς,
2737 2027 2797 2080 ού
2826 2027 2994 2099 μητρὶ
3023 2027 3175 2100 παρὰ
3199 2026 3560 2098 θυγατρὸς,ού
3583 2025 3779 2098 νύμφῃ

2164 2119 2341 2198 ’παρὰ
2371 2119 2734 2189 πενθερᾶς·ή
2780 2118 2890 2190 γὰρ
2943 2119 3220 2190 ὑπερϐολὴ
3272 2118 3368 2172 τοῦ
3417 2118 3591 2172 κακοῦ
3646 2120 3783 2189 περὶ

2187 2211 2288 2282 τῆς
2329 2211 2465 2275 ἰδίας
2514 2211 2744 2264 ’ἑκαστον
2777 2211 3159 2280 ἀναγκάζουσα
3202 2212 3444 2282 ἀγωνιᾷν
3463 2211 3780 2282 σωτηρίας,

2187 2297 2501 2371 ἀναγκαίως
2537 2302 2744 2367 πάντας
2801 2304 3029 2374 ἐχθροὺς
3080 2302 3325 2375 ἀλλήλων
3374 2303 3781 2364 ἀποδείκνυσιν,

2187 2395 2403 2460 οὐδενὸς
2445 2396 2506 2448 τὸ
2553 2395 2630 2467 τῷ
2687 2396 2856 2460 πέλας
2885 2398 3154 2468 χρήσιμον
3188 2399 3410 2450 σκοπεῖν
3453 2395 3782 2466 δυναμένου,

2187 2481 2277 2540 διὰ
2311 2487 2371 2540 τὸ
2407 2487 2662 2558 μέγιστον
2695 2487 2974 2557 ἡγεῖσθαι,
3010 2489 3059 2540 εί
3105 2489 3282 2558 ἐαυτῷ
3318 2505 3439 2541 τινα
3489 2487 3786 2560 περιποιή-

2191 2595 2335 2630 σειεν
2378 2579 2674 2650 σωτηρίαν.
2700 2574 2836 2632 Εἶτα
2889 2579 3029 2651 μετὰ
3059 2579 3157 2651 τὴν
3184 2579 3294 2633 τῶν
3324 2579 3510 2634 κακῶν
3543 2581 3786 2650 μήνυσιν

2189 2667 2680 2740 εὐαγγελιζόμενος
2713 2671 2875 2724 πάλιν
2917 2671 3162 2742 συνήθως
3189 2671 3288 2742 τὴν
3319 2671 3412 2724 ἐπὶ
3441 2671 3501 2724 τὸ
3527 2673 3786 2742 κρεῖττον

2191 2757 2492 2828 μεταϐολήν
2511 2774 2524 2787 ⁸
2550 2777 2569 2808 ι
2603 2757 2746 2826 Ἐγὼ
2777 2758 2833 2812 δὲ
2856 2759 2913 2810 ἐν
2941 2759 3018 2830 τῷ
3039 2759 3230 2830 Κυρίῳ
3254 2759 3633 2828 ἐπιϐλέψομαι,
3651 2758 3787 2812 ὲπι-

2191 2846 2337 2919 μενῶ
2364 2849 2456 2900 ἐπὶ
2485 2847 2564 2918 τῷ
2587 2848 2709 2920 Θεῷ
2735 2848 2812 2918 τῷ
2839 2849 3044 2920 σωτῆρί
3064 2867 3165 2919 μου
3185 2864 3200 2881 ·
3220 2849 3584 2902 ἐπακούσεται
3621 2865 3724 2918 μου
3750 2847 3789 2902 ὁ

2187 2934 2320 2998 Θεός
2351 2952 2474 3005 μου.
2510 2954 2530 2988 ι
2577 2935 2739 2990 Ἀλλὰ
2777 2937 2884 3008 γὰρ
2913 2937 3008 2990 καὶ
3043 2937 3312 2991 τοσούτων
3343 2936 3512 2991 ὄντων
3547 2937 3642 2990 καὶ
3675 2952 3788 3005 τη-

2187 3025 2454 3079 λικούτων
2497 3027 2608 3079 τῶν
2656 3028 2866 3091 κακῶν,
2923 3029 3022 3082 ούκ
3063 3027 3452 3100 ἀπογνώσομαι
3508 3028 3600 3081 τοῦ
3636 3025 3784 3082 Θεοῦ

2189 3118 2287 3190 τήν
2319 3117 2644 3188 κηδεμονίαν
2669 3137 2684 3152 ·
2709 3119 2854 3190 μενῶ
2877 3119 2935 3173 δὲ
2965 3121 3102 3190 πρὸς
3131 3119 3292 3174 αὐτὸν
3325 3120 3490 3192 ὁρῶν,
3517 3121 3612 3172 καὶ
3641 3131 3786 3191 παρ’

1997 3234 2086 3288 μοι
2141 3215 2357 3277 πάντως
2383 3215 2442 3268 ὲν
2473 3217 2594 3278 ταῖς
2638 3215 2905 3282 ἀνάγκαις
2953 3215 3208 3278 ἐκείναις,
3268 3213 3544 3276 αἰτοῦντος
3611 3211 3788 3267 αὐτοῦ

2264 3479 2409 3551 Στίχ.
2451 3481 2621 3550 η’-ια⁹.
2647 3496 2753 3530 -ι
2783 3481 2874 3553 Μή
2907 3482 3161 3555 ὲπίχαιρὲ
3213 3501 3326 3556 μοι,
3366 3485 3398 3555 ὴ
3435 3483 3606 3556 ἐχθρά
3647 3501 3781 3554 μου,

2190 3575 2270 3627 ὅτι
2303 3575 2570 3628 πέπτωκα
2590 3575 2685 3628 καὶ
2708 3574 3084 3646 ἀναστήσομαι
3106 3594 3119 3608 υ
3151 3576 3284 3629 διότι
3325 3577 3418 3630 ἐὰν
3445 3577 3536 3630 καὶ
3579 3594 3784 3648 πορευο

2192 3665 2267 3718 Θῶ
2295 3667 2352 3718 ἐν
2379 3665 2456 3736 τῷ
2490 3667 2693 3732 σκότει,
2717 3667 2922 3739 Κύριος
2954 3671 3146 3737 φωτιεῖ
3187 3688 3299 3740 μοι.
3341 3689 3360 3720 ι
3413 3670 3659 3736 Ἐξέσται
3707 3673 3779 3745 δή

2196 3773 2286 3826 μοι
2318 3757 2437 3810 τότε
2469 3759 2564 3810 καὶ
2595 3759 2733 3828 πρὸς
2765 3761 2890 3822 τοὺς
2926 3761 3114 3830 ἐμοὺς.
3149 3761 3245 3814 καὶ
3279 3761 3515 3832 μάλιστά
3544 3779 3606 3829 γε
3643 3761 3788 3814 πάν-

2189 3863 2296 3898 των
2319 3845 2451 3914 πρὸς
2475 3848 2603 3910 τοὺς
2644 3847 2978 3918 Ἰδουμαίους
2997 3848 3199 3918 λέγειν,
3237 3851 3313 3915 ώς
3355 3837 3613 3923 Περιττὸν
3648 3853 3786 3920 ὑμῖν

2191 3939 2250 3992 τὸ
2281 3940 2576 4009 ὲφήδεσθαί
2623 3958 2713 4011 μοι
2776 3941 3015 4015 πεσούσῃ
3057 3961 3071 3974 ’
3100 3944 3478 4016 ἁναστήσομαι
3523 3945 3631 4017 γὰρ
3680 3947 3782 4000 τοῦ

2192 4033 2485 4102 πτώματος
2511 4035 2576 4103 τῇ
2608 4036 2746 4106 ῥοπῇ
2787 4039 2850 4106 τῇ
2887 4035 3006 4108 Θείᾳ
3036 4053 3050 4068 ο
3075 4035 3214 4089 ὥστε
3255 4039 3303 4090 εἰ
3333 4040 3425 4091 καὶ
3467 4039 3622 4110 δίκην
3649 4040 3786 4092 σκό-

2190 4139 2314 4186 τους
2358 4125 2416 4176 ὲν
2453 4123 2602 4195 μέσῳ
2647 4126 2988 4198 πεπόρευμαι
3040 4127 3148 4181 τῶν
3183 4129 3390 4190 κακῶν,
3420 4129 3554 4184 ἀλλὰ
3599 4131 3782 4200 φωτός

2194 4233 2285 4286 μοι
2309 4216 2666 4288 λαμπροτέρα
2691 4221 2973 4289 γενήσεται
3006 4219 3098 4272 τοῦ
3122 4220 3253 4274 Θεοῦ
3276 4223 3308 4292 ἡ
3335 4221 3578 4292 βοήθεια.
3600 4241 3617 4272 ι
3655 4223 3778 4294 ’(ιρ.

2192 4309 2294 4378 γὴν
2347 4306 2548 4379 Κυρίου
2599 4310 2829 4370 ύποίσω,
2878 4310 2952 4382 (p.
3003 4309 3130 4377 516)
3175 4311 3255 4363 ὅτι
3306 4312 3552 4383 ἥμαρτον
3602 4313 3775 4382 αὐτῷ,

2191 4401 2295 4464 ἕως
2319 4400 2585 4474 δικαιώσῃ
2616 4401 2712 4473 τὴν
2740 4402 2894 4470 δίκην
2942 4420 3044 4474 μου
3065 4444 3079 4468 ,
3113 4403 3207 4457 καὶ
3247 4406 3450 4476 ποιήσῃ
3498 4405 3558 4457 τὸ
3601 4407 3780 4476 κρίμόι

2196 4505 2330 4560 μουέ
2367 4493 2458 4545 καὶ
2511 4490 2688 4558 ἐξάξει
2721 4510 2786 4562 με
2831 4495 2910 4558 εἰς
2937 4494 2996 4546 τὸ
3032 4493 3168 4564 φῶς,
3205 4497 3298 4548 καὶ
3347 4496 3546 4566 ὄψομαι
3579 4495 3674 4566 τὴν
3695 4497 3778 4550 δι·-

2191 4582 2484 4652 καιοσύνην
2539 4583 2724 4637 αὐτοῦ.
2775 4604 2793 4634 ι
2840 4585 2952 4655 Τῆς
2996 4586 3094 4656 μὲν
3126 4585 3232 4658 γὰρ
3260 4587 3433 4658 ὀργῆς
3481 4589 3645 4642 αὑτοῦ
3677 4591 3776 4644 καὶ

2191 4673 2300 4724 τῶν
2354 4674 2606 4726 ἐντεῦθεν
2647 4673 2908 4748 λυπηρῶν
2940 4675 3016 4740 ὡς
3065 4678 3402 4750 ἡμαρτηκὼς
3437 4679 3771 4751 ἐπειράθην⁸

2196 4762 2421 4834 παρέξει
2456 4765 2514 4816 δέ
2544 4782 2636 4834 μοι
2663 4765 2761 4836 τὴν
2791 4769 2882 4820 ἐπὶ
2925 4768 2986 4820 τὸ
3033 4772 3277 4840 κρεῖττον
3318 4770 3640 4842 μεταϐολήν,
3673 4773 3775 4825 αὑ·-

2191 4851 2283 4912 τός
2322 4869 2411 4922 μοι
2434 4853 2660 4916 δικάσας
2689 4855 2827 4926 ὑπὲρ
2856 4848 2930 4909 ὧν
2970 4856 3214 4910 πέπονθα
3241 4859 3390 4929 παρὰ
3421 4859 3636 4913 πάντων
3661 4861 3774 4915 τῶν

503 4927 791 4995 splendore
817 4934 1128 5002 collocabit,
1177 4945 1236 4990 ut
1273 4939 1562 4996 manifesta
1602 4953 1766 5013 atque
1795 4945 1956 5014 207
2001 4945 2086 4998 in—

2191 4943 2585 5014 ὲχθραινόντων
2635 4946 2856 5010 ἀδίκως,
2888 4949 2982 5002 καὶ
3024 4949 3086 5020 δὴ
3125 4951 3220 5002 καὶ
3269 4927 3568 5022 ἀπονείμας
3601 4953 3774 5022 μοιτὸ

501 5017 667 5074 dubia
699 5026 1064 5092 appareatDei
1099 5029 1375 5094 voluntas,
1411 5049 1518 5102 qua
1556 5035 1622 5088 de
1647 5035 1792 5104 juris
1829 5038 2088 5106 aequitate

503 5111 800 5175 sollicitus,
834 5115 902 5170 ab
941 5116 1386 5178 incumbentibus
1437 5126 1598 5180 malis
1642 5143 1726 5180 me
1761 5130 2088 5192 sublevavit,

499 5210 554 5257 et
585 5205 676 5274 qui
707 5207 837 5260 mihi
879 5215 1084 5265 temere
1127 5211 1387 5282 injuriam
1423 5215 1698 5272 faciebant
1735 5219 1885 5288 juste
1923 5221 2088 5290 puni-

498 5295 606 5360 vit,
657 5289 731 5352 id.
767 5300 913 5354 enim
969 5303 1235 5359 denotant
1284 5307 1481 5362 verba:
1521 5308 1772 5364 «Videbo
1817 5289 2087 5380 justitiam

499 5386 672 5456 ejus.»
695 5389 778 5460 Et,
813 5393 1086 5465 «Aspiciet
1113 5398 1334 5454 inimica
1367 5415 1508 5464 mea,
1531 5411 1584 5456 et
1606 5403 1886 5470 aperietur
1905 5402 2096 5458 confu-

501 5481 682 5546 sione,
730 5497 853 5554 quaa
905 5489 1040 5542 dicit
1090 5491 1270 5546 mihi:
1317 5491 1421 5548 Ubi
1483 5503 1571 5548 est
1626 5495 1892 5550 Dominus
1949 5496 2090 5553 Deus

500 5573 711 5628 tuus?»
739 5575 896 5634 Tunc
917 5596 1036 5636 eam
1063 5583 1309 5654 pudebit,
1327 5587 1472 5657 quod
1499 5588 1630 5643 mihi
1652 5589 2084 5660 exprobraverit,

501 5663 714 5718 nullum
763 5681 850 5722 me
898 5667 1102 5728 habere
1149 5689 1180 5728 a
1215 5674 1327 5730 Deo
1376 5677 1665 5738 auxilium.
1710 5678 1841 5734 dum
1875 5680 2084 5735 videbit

503 5768 765 5812 arcanum
793 5759 913 5830 ejus
937 5778 1066 5836 erga
1079 5782 1166 5824 me
1195 5769 1584 5839 patrocinium.
1611 5790 1628 5822 ι
1652 5769 1807 5828 Oculi
1827 5771 1932 5828 mei
1952 5787 2078 5845 spe-

2188 5033 2394 5087 δίκαιον
2426 5035 2484 5086 ὲν
2512 5039 2574 5106 τῇ
2611 5037 2818 5106 κρίσει·
2856 5037 2998 5091 οὕτω
3020 5040 3076 5092 τέ
3110 5059 3178 5110 με
3216 5042 3272 5094 ἐν
3304 5045 3368 5112 τῇ
3423 5043 3770 5115 λαμπρότητι

2188 5125 2294 5177 τῶν
2326 5126 2541 5178 οἰκείων
2575 5126 2835 5191 καθιστὰς
2867 5129 3106 5196 ἀγαθῶν,
3125 5125 3264 5184 ὥστε
3297 5133 3558 5203 πρόδηλόν
3591 5151 3648 5186 τε
3675 5135 3770 5186 καὶ

2189 5216 2556 5284 summa;
2607 5235 2697 5288 μοι
2742 5221 2998 5287 γενέσθαι
3041 5223 3138 5292 ⁴τὴν
3183 5223 3410 5294 γνώμην
3467 5225 3562 5278 τοῦ
3610 5224 3768 5291 Θεοῦ,

2190 5309 2312 5362 καθ’
2349 5307 2417 5380 ἢν
2449 5311 2543 5364 τοῦ
2599 5311 2806 5366 δικαίου
2857 5315 3168 5385 φροντίσας,
3215 5317 3318 5386 ἐμὲ
3363 5334 3426 5369 τε
3469 5317 3574 5370 τῶν
3622 5333 3770 5387 περι-

2191 5403 2428 5474 εχόντων
2467 5405 2742 5477 ἀπήλλαξε
2789 5409 2996 5470 κακῶν,
3037 5409 3130 5460 καὶ
3166 5411 3291 5472 τοὺς
3337 5410 3666 5480 ἠδικηκότας
3697 5427 3768 5480 με

2195 5497 2371 5567 μάτην
2416 5498 2797 5571 ἐτιμωρήσατο
2845 5499 3071 5565 δικαίως
3117 5519 3130 5532 ·
3173 5502 3331 5557 τοῦτο
3364 5501 3472 5572 γὰρ
3504 5503 3654 5571 λέγει
3685 5503 3766 5570 τὸ,

2197 5605 2215 5638 ε
2238 5588 2478 5660 Ὀψομαι
2511 5592 2610 5663 τὴν
2649 5593 2996 5664 δικαιοσύνην
3027 5595 3214 5650 αὑτοῦ.
3245 5617 3262 5648 ι
3312 5596 3442 5659 Καὶ,
3481 5613 3501 5646 ‹
3542 5596 3768 5665 "Od/seat

2186 5682 2414 5754 ήὲχθρὰ
2441 5701 2566 5754 μου.
2603 5685 2697 5738 καλ
2725 5685 2958 5755 καλύψει
2989 5688 3160 5758 αὐτὴν
3193 5689 3443 5762 αἰσχύνη,
3472 5691 3504 5760 ή
3536 5689 3766 5758 λέγουσα

2182 5775 2319 5846 πρός
2338 5791 2434 5848 με’
2476 5776 2586 5831 Ποῦ
2633 5777 2836 5849 Κύριος
2872 5781 2901 5832 ὁ
2923 5780 3053 5844 Θεός
3081 5799 3206 5840 σου;
3244 5801 3262 5834 ›
3291 5785 3423 5836 Τότε.
3460 5783 3523 5855 δὴ
3550 5784 3766 5856 αἰσχυν-
