4118 6492
523 407 630 462 395

1739 397 2090 457 THEODORI
2123 393 2607 453 MOPSUESTEM

3684 400 3790 457 596

523 526 770 602 putentia
810 525 1182 583 obtinuerunt.
1223 523 1412 596 Neque
1452 525 1600 581 enim
1641 524 1843 595 priscis
1882 523 2098 578 minora

2221 536 2310 583 ται,
2349 518 2504 590 φησὶ,
2534 520 2661 582 τοὺς
2703 518 2901 584 τόπους
2928 519 3056 584 τοὺς
3094 522 3352 588 οἰκείους,
3401 522 3546 579 καθά
3591 525 3687 577 καὶ
3728 526 3790 578 τὸ

524 624 706 684 erunt,
742 630 862 686 qua:
890 630 1041 670 nunc
1078 612 1349 669 mirabilia
1404 613 1654 683 ipsorum
1699 627 1866 668 causa
1912 625 2106 683 Opera-

524 708 645 763 bor.
706 725 727 760 ί
786 706 1064 763 Videbunt
1106 713 1331 777 gentes,
1385 712 1441 761 et
1486 704 1894 761 confundentur
1935 718 2105 774 super

525 800 676 856 omni
714 799 1033 855 fortitudine
1085 814 1207 854 sua.
1247 798 1423 866 iQum
1482 797 1674 853 horum
1720 797 1895 869 gratia
1942 796 2105 865 ﬁent,

528 891 846 948 incutiendo
873 891 1070 962 pudori
1104 892 1297 947 idonea
1332 898 1495 946 erunt
1527 891 1636 946 illis
1671 892 1764 962 qui
1803 899 1963 944 antea
1990 888 2109 945 bel-

527 980 641 1036 lum
675 980 878 1035 inferre
906 980 1219 1043 voluerant,
1252 980 1380 1049 quia
1406 979 1507 1035 hos
1531 995 1560 1033 a
1593 979 1780 1036 divino
1804 977 2109 1049 patrocinio

529 1081 685 1129 tanta
715 1072 770 1128 vi
809 1072 1051 1126 munitos
1079 1070 1365 1126 videbunt.
1406 1090 1427 1123 ι
1469 1069 1754 1141 imponent
1777 1085 2000 1125 manum
2027 1067 2111 1123 ori

531 1181 654 1221 suo.
689 1184 706 1216 ι
747 1163 1006 1220 Mirantes
1052 1164 1264 1220 scilicet
1302 1170 1580 1234 gestarum
1612 1178 1798 1219 rerum
1831 1162 2111 1234 magnitu-

530 1258 736 1312 dinem.
769 1273 788 1306 ‹
831 1256 1006 1310 Aures
1044 1270 1234 1309 eorum
1280 1255 1703 1311 obsurdescent.
1743 1273 1763 1306 ι
1795 1253 1874 1310 Ne
1915 1254 2107 1309 auditu

531 1343 751 1414 quidem
780 1344 1015 1399 tolerare
1040 1350 1295 1414 poterunt
1325 1359 1531 1409 rerum,
1566 1352 1627 1399 ut
1653 1344 1791 1413 dixi,
1829 1352 2108 1416 gestarum

529 1436 986 1507 magnitudinem.
1026 1453 1046 1487 ι
1081 1435 1313 1506 Lingent
1347 1437 1626 1506 pulverem
1649 1436 1794 1492 sicut
1825 1444 2109 1507 serpentes

531 1530 629 1600 qui
673 1537 875 1583 terram
926 1527 1091 1599 209
1138 1528 1443 1582 attrahunt.
1482 1546 1503 1580 ι
1542 1526 1688 1582 Nihil
1729 1537 1912 1583 autem
1948 1529 2110 1584 rebus

532 1620 734 1675 vestris
776 1619 886 1690 iam
915 1620 1194 1675 adversari
1226 1620 1499 1685 valentes,
1533 1620 1589 1674 in
1621 1628 1824 1675 terram
1854 1624 2113 1675 corruent

532 1726 686 1767 more
733 1711 1065 1782 serpentium
1103 1710 1197 1781 qui
1232 1711 1381 1766 circa
1414 1712 1562 1766 illam
1590 1713 1907 1768 volvuntur.
1950 1732 1969 1766 ι
2005 1711 2111 1769 Te-

2209 614 2475 686 πρότερον
2512 613 2893 686 ἐξεληλυθότες
2934 616 3034 686 τῆς
3073 614 3349 685 Αἰγύπτου
3403 618 3543 688 μετὰ
3590 618 3790 689 πολλῆς

2208 705 2474 777 κατέσχον
2503 706 2700 770 αὐτοὺς
2726 706 2824 778 τῆς
2844 706 3182 771 δυναστείας⁸
3210 708 3272 762 οὐ
3296 709 3405 782 γὰρ
3437 710 3657 764 ἔλαττον
3680 711 3793 765 τῶν

2207 797 2331 851 τότε
2360 798 2455 852 καὶ
2480 796 2572 851 νῦν
2589 798 2716 865 ἀξια
2745 798 3024 869 θαύματος
3050 799 3204 854 ἔσται
3234 800 3303 855 τὰ
3333 802 3462 873 περὶ
3483 803 3678 867 αὐτοὺς
3708 819 3797 873 γι·-

2208 888 2414 959 νόμενα
2438 888 2567 961 παρ’
2592 890 2617 942 ὲ
2627 889 2747 960 μοῦ.
2783 908 2803 940 ι
2843 889 3075 960 Ὀψεται
3097 891 3223 963 ἔθνη
3250 894 3345 946 καὶ
3372 893 3791 966 αἰσχυνθήσεται

2209 983 2276 1035 ὲκ
2303 982 2484 1051 πάσης
2509 980 2611 1051 τῆς
2642 979 2824 1051 ἰσχύος
2869 980 3070 1036 αὐτῶν.
3111 1002 3129 1035 ι
3168 981 3243 1053 (p.
3279 984 3406 1055 519)
3459 983 3642 1038 Ἱκανὰ
3684 983 3792 1056 γὰρ

2211 1063 2365 1128 ἔσται
2406 1074 2474 1128 τὰ
2511 1075 2639 1146 περὶ
2685 1075 2883 1139 αὐτοὺς
2928 1076 3209 1146 γινόμενα,
3244 1077 3339 1131 καὶ
3366 1079 3494 1143 τοὺς
3536 1079 3796 1149 πολεμεῖν

2212 1166 2479 1238 πρότερον
2521 1166 2709 1230 αὐτοῖς
2754 1166 3064 1235 ἐγνωκότας
3116 1169 3196 1232 εἰς
3230 1167 3430 1239 πολλὴν
3480 1169 3795 1241 περιϐαλεῖν

2211 1256 2495 1329 αἰσχύνην,
2522 1257 2766 1329 ὁρῶντας
2784 1261 2852 1329 τῇ
2877 1257 2998 1328 θείᾳ
3025 1258 3321 1331 κηδεμονίᾳ
3345 1260 3615 1331 τοσαύτης
3644 1263 3797 1315 ἐπει-

2210 1348 2526 1421 λημμένους
2555 1350 2858 1420 δυνάμεως.
2921 1370 2941 1404 Ι
2986 1348 3335 1421 Ἐπιθήσουσι
3369 1353 3561 1422 χεῖρας
3601 1352 3695 1406 ἐπὶ
3734 1352 3797 1406 τὸ

2214 1443 2391 1514 στόμα
2420 1442 2622 1498 αὐτῶν.
2652 1461 2671 1496 ι
2705 1441 3087 1513 Θαυμάζοντες
3110 1442 3203 1497 ἐπὶ
3228 1442 3308 1513 τῷ
3336 1442 3555 1513 μεγέθει
3580 1444 3691 1498 τῶν
3717 1461 3797 1513 γι-

2212 1533 2475 1604 νομένων.
2512 1551 2531 1585 ι
2574 1533 2656 1587 Τὰ
2698 1527 2814 1587 ὧτα
2844 1532 3023 1587 αὐτῶν
3064 1533 3545 1604 ἁποκωφθήσεται.
3580 1550 3602 1586 ι
3633 1535 3709 1589 Οὐ
3737 1536 3797 1589 δὲ

2212 1626 2349 1695 ἀκοῇ
2380 1625 2567 1697 φέρειν
2592 1625 2911 1696 δυνήσονται
2939 1624 3048 1678 τῶν
3076 1625 3419 1696 γιγνομένων
3454 1624 3514 1678 τὸ
3542 1625 3794 1695 μέγεθος.

2219 1734 2239 1767 ι
2274 1714 2525 1778 Λείξουσι
2551 1714 2681 1786 χοῦν
2723 1714 2798 1777 ὡς
2827 1715 2949 1784 ὄφις
2977 1714 3234 1786 σύροντες
3268 1717 3390 1786 γῆν.
3432 1735 3451 1768 ο
3501 1716 3711 1769 Ἀνύειν
3740 1718 3799 1771 δὲ

531 1800 812 1855 nebuntur
855 1801 912 1854 in
951 1799 1307 1855 conclusione
1356 1816 1477 1856 sua.
1521 1820 1540 1853 ι
1574 1800 1694 1856 Νοη
1735 1802 1979 1857 modicas
2008 1816 2111 1855 an-

2221 1808 2316 1861 ὲπὶ
2342 1810 2457 1872 τοῖς
2481 1807 2610 1877 περὶ
2635 1807 2780 1876 ὑμᾶς
2801 1806 3105 1877 γινομένοις
3128 1805 3413 1876 δυνάμενοι
3442 1805 3600 1859 πλέον
3621 1807 3795 1871 οὐδὲν,

533 1893 744 1962 gustias
774 1892 1051 1964 patientur
1075 1932 1090 1957 ,
1134 1892 1383 1947 hostibus
1417 1907 1513 1948 eos
1548 1893 1604 1947 in
1646 1893 1848 1948 caedem
1884 1893 2112 1948 conclu—

2221 1899 2387 1966 ὅτεων
2415 1898 2571 1969 δίκην
2601 1900 2680 1962 εἰς
2707 1898 2809 1968 γῆν
2839 1896 3128 1952 πεσοῦνται
3157 1896 3285 1968 περί
3316 1896 3519 1969 ταύτην
3545 1897 3799 1968 εἱλούμε-

533 1986 812 2042 dentibus.
854 2003 875 2036 ι
922 1983 981 2039 1η
1026 1983 1259 2039 Domino
1308 1981 1418 2037 Deo
1461 1989 1654 2039 nostro
1698 1984 2109 2054 obstupescent,

531 2087 586 2133 et
623 2093 653 2132 a
706 2085 759 2133 te
810 2075 1205 2132 formidabunt.
1238 2094 1256 2128 ›
1300 2073 1677 2147 Maguitudine
1714 2091 1901 2131 rerum
1942 2075 2113 2131 vestri

530 2185 700 2226 causa
730 2186 759 2225 a
789 2170 904 2224 Deo
932 2176 1297 2240 patratarum,
1320 2167 1553 2223 extasim
1581 2167 1871 2238 quamdam
1904 2166 2114 2236 patien-

532 2268 659 2325 tur,
695 2273 901 2331 pavore
938 2259 1294 2313 concidentes
1317 2302 1333 2325 ,
1377 2264 1432 2312 et
1468 2273 1566 2313 vos
1592 2258 1647 2311 in
1688 2267 1970 2327 posterum
2004 2273 2113 2312 non

534 2351 869 2407 dubitabunt
897 2348 1119 2406 nonnisi
1155 2363 1185 2403 a
1231 2349 1340 2405 Deo
1374 2350 1535 2405 talem
1577 2348 1804 2420 adeptos
1838 2364 1961 2405 esse
1985 2365 2114 2420 pro-

534 2440 852 2499 videntiam.

603 2742 776 2801 Vens.
803 2743 892 2810 18,
924 2742 1087 2799 i9.-—
1158 2741 1363 2801 Deinde
1380 2751 1504 2814 post
1526 2742 1933 2814 praedictionem
1952 2758 2117 2799 even-

533 2845 785 2894 turorum
857 2836 994 2908 ipsis
1063 2835 1377 2901 bonorum,
1446 2835 1746 2905 gratiarum
1824 2837 2115 2906 quamdam

535 2928 809 2982 actionem
851 2927 922 2981 ad
958 2928 1073 2981 haec
1106 2925 1290 2980 omnia
1322 2925 1376 2979 in
1422 2927 1779 2994 sequentibus
1815 2924 1924 2982 Deo
1958 2942 2119 2983 exse-

538 3019 758 3091 quitur:
786 3037 806 3071 ι
833 3016 968 3084 Quis
994 3015 1141 3071 Deus
1176 3024 1235 3070 ut
1271 3023 1329 3071 tu
1354 3055 1370 3082 ,
1401 3017 1495 3086 qui
1532 3015 1717 3072 aufers
1749 3017 2115 3088 iniquitatem,

537 3117 593 3165 et
634 3109 836 3165 transis
874 3117 1097 3179 peccata
1135 3107 1489 3178 reliquiarum
1528 3108 1866 3166 haereditatis
1910 3111 2058 3165 tuae?
2093 3129 2111 3164 ι

2214 2007 2314 2045 νοι.
2354 2008 2373 2040 ι
2406 1988 2834 2060 Συσχεθήσονται
2860 1991 2917 2043 ἐν
2944 1988 3293 2059 συγκλεισμῷ
3326 1988 3524 2042 αὐτῶν.
3563 2008 3582 2042 ι
3630 1990 3799 2043 Ὑπο-

2217 2080 2441 2154 μενοῦσι
2495 2078 2723 2151 συνοχὴν
2778 2080 2838 2134 οὐ
2891 2080 2988 2152 τὴν
3051 2081 3344 2153 τυχοῦσαν,
3403 2082 3799 2150 συγκλειόντων

2216 2173 2412 2237 αὐτοὺς
2441 2173 2521 2236 είς
2551 2170 2762 2244 σςραγὴν
2790 2171 3085 2243 πολεμίων.
3118 2189 3140 2224 ι
3193 2173 3316 2227 Ἐπὶ
3361 2173 3550 2243 Κυρίῳ
3575 2171 3651 2243 τῷ
3677 2171 3802 2242 Θεῷ

2215 2264 2373 2336 ἡμῶν
2428 2267 2816 2338 ἐκστήσονται,
2868 2268 2964 2320 καλ⁴
3015 2266 3416 2338 φοϐηθήσονται
3454 2265 3563 2321 ἀπὸ
3616 2265 3734 2322 σοῦ.
3770 2284 3798 2318 ι

2229 2357 2352 2410 Ἐπὶ
2378 2358 2487 2429 γάρ
2515 2375 2598 2412 τοι
2639 2358 2719 2429 τῷ
2760 2356 2980 2428 μεγέθει
3027 2357 3138 2412 τῶν
3169 2358 3321 2428 παρά
3349 2356 3444 2412 τοῦ
3475 2357 3610 2411 Θεοῦ
3648 2374 3802 2426 γινο-

2220 2447 2398 2517 μένων
2427 2448 2505 2511 εἰς
2547 2447 2804 2503 ἔκστασίν
2836 2466 2957 2502 τινα
2988 2448 3369 2515 πεπτωκότες,
3403 2448 3671 2520 φοϐεροὺς
3700 2448 3803 2502 καὶ

2218 2538 2362 2608 ὑμᾶς
2391 2538 2575 2592 λοιπὸν
2595 2537 2843 2610 νομιοῦσι
2876 2538 3144 2610 τοσαύτης
3166 2538 3505 2611 ἠξιωμένους
3523 2539 3626 2608 τῆς
3648 2538 3807 2611 παρά

2216 2625 2312 2680 τοῦ
2346 2626 2481 2681 Θεοῦ
2512 2630 2788 2701 προνοίας.

2292 2739 2440 2812 Στίχ.
2475 2747 2565 2806 ιη’,
2599 2740 2685 2795 ιϐ’.
2705 2773 2773 2784 --
2795 2737 2928 2795 Εἶτα
2952 2742 3090 2814 μετὰ
3112 2743 3211 2813 τὴν
3242 2744 3472 2816 μήνυσιν
3497 2743 3606 2799 τῶν
3633 2758 3809 2816 προσ-

2217 2831 2492 2904 εσομένων
2533 2832 2719 2897 αὐτοῖς
2758 2833 2999 2902 ἀγαθῶν,
3041 2833 3118 2898 ὡς
3164 2834 3517 2905 εὐχαριστίαν
3564 2834 3688 2889 τινὰ
3740 2834 3809 2901 ἐξ

2217 2922 2474 2978 ἁπάντων
2532 2925 2801 2995 προσάγει
2858 2925 2929 2978 τὰ
2980 2926 3107 2996 ἑξῆς
3142 2924 3220 2997 τῷ
3272 2925 3426 2997 Θεῷο
3461 2944 3481 2979 ι
3516 2926 3613 2991 Τίς
3667 2926 3806 2992 Θεὸς

2218 3012 2408 3085 ὥσπερ
2452 3014 2540 3079 σὺ,
2583 3013 2818 3087 ἐξαίρων
2861 3015 3112 3082 ἀδικίας,
3156 3017 3252 3071 καὶ
3296 3017 3642 3088 ὑπερϐαίνων
3682 3018 3811 3071 ἀσε-

2220 3105 2373 3169 ϐείας
2405 3108 2515 3169 τοῖς
2554 3105 2903 3170 καταλοίποις
2947 3108 3047 3178 τῆς
3105 3107 3474 3178 κληρονομίας
3522 3108 3722 3176 αὐτοῦ;
3779 3128 3805 3163 ι

538 3201 697 3259 Nunc
744 3217 870 3257 cum
923 3202 1159 3256 maxime
1208 3215 1237 3254 a
1290 3201 1455 3258 rebus
1499 3202 1635 3272 ipsis
1682 3202 2116 3259 demonstratum

2223 3196 2338 3250 Νῦν
2363 3196 2524 3269 εἰπερ
2553 3196 2684 3251 ποτὲ
2731 3197 2919 3252 ἄλλοτε
2946 3196 3006 3262 εξ
3052 3198 3231 3253 αὐτῶν
3253 3198 3481 3264 δέδειξαι
3518 3198 3628 3254 τῶν
3657 3217 3810 3271 πρα-

538 3299 643 3357 est,
662 3300 717 3347 et
737 3306 992 3361 magnum
1025 3296 1080 3344 te
1102 3287 1271 3344 Deum
1293 3304 1437 3357 esse,
1457 3298 1510 3345 et
1529 3298 1760 3347 cunctos
1782 3291 2119 3363 benignitate

540 3397 834 3454 superare,
866 3388 919 3437 et
944 3389 1169 3453 peccata
1201 3381 1479 3437 dimittere
1504 3420 1520 3446 ,
1551 3389 1605 3436 et
1636 3381 1986 3439 dissimulare
2017 3383 2121 3437 im-

537 3466 810 3547 pietates,
864 3483 917 3528 et
960 3488 1088 3544 erga
1149 3480 1368 3528 tuorum
1421 3474 1684 3544 reliquias
1736 3474 2119 3532 liberalitatem

540 3578 691 3622 tuam
729 3581 1070 3637 expromere.
1105 3584 1123 3616 ι
1161 3564 1227 3619 Ει
1258 3581 1368 3619 non
1402 3566 1628 3621 retinuit
1655 3567 1713 3623 in
1743 3568 2121 3623 testimonium

538 3661 676 3717 iram
718 3674 895 3725 suam,
946 3658 1204 3729 quoniam
1250 3658 1439 3715 volens
1481 3659 1914 3716 misericordiam
1952 3669 2058 3718 est.
2097 3679 2117 3714 ι

538 3752 724 3823 Neque
769 3752 913 3807 enim
958 3750 1167 3821 justam
1220 3765 1385 3821 quam
1435 3750 1670 3807 habebat
1722 3753 1988 3810 adversus
2024 3769 2122 3810 vos

539 3846 676 3899 iram
727 3843 820 3898 diu
870 3842 1110 3898 retinere
1150 3858 1346 3914 passus
1391 3848 1498 3907 est,
1543 3858 1858 3914 quanquam
1898 3858 1963 3899 ea
1998 3844 2125 3914 jure

539 3935 748 4007 Optimo
786 3934 865 3989 uti
912 3934 1088 4005 potuit
1119 3952 1131 3987 :
1167 3934 1366 3989 etenim
1409 3949 1552 4005 saepe
1588 3934 1750 4014 nobis
1784 3942 2124 3993 contestatus

541 4028 720 4083 fuerat
766 4041 887 4097 quae
938 4024 1153 4096 p‘assuri
1211 4026 1283 4080 ob
1336 4033 1559 4097 peccata
1605 4032 1797 4081 nostra
1840 4043 2122 4097 essemus;

542 4131 854 4188 quanquam
891 4131 993 4171 nos
1033 4115 1303 4170 minarum
1357 4117 1783 4173 admonitionem
1824 4120 1976 4190 pensi
2013 4135 2125 4175 non

542 4210 856 4264 habuimus.
888 4205 1275 4263 Verumtamen
1318 4206 1407 4261 ille
1430 4216 1627 4263 cuncta
1656 4210 1789 4266 vicit
1819 4210 2128 4267 misericor-

543 4303 634 4356 dia
659 4316 759 4356 sua
781 4341 796 4368 ,
844 4314 1007 4371 quam
1042 4314 1209 4370 super
1252 4299 1434 4355 omnia
1483 4301 1724 4358 exaltare
1771 4303 1926 4359 solet.
1955 4321 1974 4355 ι
2006 4302 2127 4373 Ipse

543 4401 890 4450 convertetur
916 4403 970 4449 et
993 4391 1345 4448 miserebitur
1378 4394 1578 4458 nostri,
1600 4404 1653 4450 et
1681 4381 2040 4466 projicieniur
2070 4399 2123 4451 in

542 4485 870 4556 profundum
897 4485 1066 4541 maris
1091 4488 1273 4540 omnia
1308 4495 1529 4555 peccata
1562 4496 1766 4542 nostra.
1810 4507 1829 4541 ι
1860 4487 1997 4543 Nam
2032 4489 2125 4560 qui

2221 3288 2470 3359 γμάτων,
2517 3288 2695 3359 μέγας
2725 3288 2860 3353 Θεὸς
2903 3288 3131 3360 δυνάμει
3174 3304 3235 3342 τε
3280 3289 3375 3343 καὶ
3422 3290 3813 3362 φιλανθρωπίᾳ

2222 3380 2432 3444 πάντας
2461 3379 2649 3445 νικῶν,
2687 3378 2765 3450 (p.
2796 3380 2924 3452 5‘20)
2972 3381 3068 3434 καὶ
3098 3380 3240 3434 λύων
3274 3381 3374 3452 μὲν
3407 3383 3625 3454 ἀμαρτή
3636 3399 3810 3453 ματα,

2223 3468 2727 3541 παραπεμπόμενος
2755 3468 2811 3523 δὲ
2836 3469 3109 3534 ἀσεϐείας,
3139 3473 3219 3535 εἰς
3242 3470 3300 3524 δὲ
3327 3471 3455 3536 τοὺς
3481 3472 3815 3538 ὑπολοίπους

2222 3560 2332 3615 τῶν
2364 3559 2579 3615 οἰκείων
2622 3561 2723 3632 τὴν
2757 3561 3067 3634 φιλοτιμίαν
3109 3563 3553 3635 ἐπιδεικνύμενος
3588 3566 3689 3637 τὴν
3725 3567 3816 3620 οἰ-

2223 3651 2398 3708 κείαν.
2442 3672 2461 3706 ι
2495 3653 2571 3709 Οὐ
2603 3654 2862 3725 συνέσχεν
2888 3656 2970 3720 εἰς
2999 3656 3294 3729 μαρτύριον
3315 3658 3484 3730 ὀργὴν
3507 3660 3692 3726 αὐτοῦ,
3720 3660 3815 3715 ὅτι

2225 3740 2454 3815 θελητὴς
2475 3742 2659 3807 ἐλέους
2679 3745 2845 3800 ἐστίν.
2874 3765 2891 3798 ι
2921 3746 3056 3800 Οὐδὲ
3078 3746 3188 3820 γὰρ
3206 3747 3304 3819 τὴν
3325 3748 3492 3821 ὀργὴν
3508 3750 3573 3822 ἦν
3590 3750 3815 3807 δικαίαν

2225 3830 2339 3907 εἶχε
2382 3836 2505 3891 καθ’
2547 3836 2725 3908 ἡμῶν,
2768 3838 3019 3909 κατέχειν
3072 3839 3166 3893 ἐπὶ
3222 3839 3474 3897 πλεῖστον
3524 3842 3813 3915 ἠνέσχετο,

2225 3929 2404 3982 καίτοι
2431 3945 2494 3997 γε
2520 3929 2743 3993 δικαίως
2777 3928 2843 3985 ἂν
2884 3932 3020 4003 αὐτῇ
3054 3932 3427 4003 χρησάμενος·
3459 3934 3644 4007 ἐπειδὴ
3672 3935 3817 3989 πολ-

2224 4015 2381 4080 λάκις
2409 4017 2508 4087 μὲν
2533 4019 2664 4089 ἡμῖν
2704 4018 3126 4091 διεμαρτύρατο,
3160 4023 3286 4094 περὶ
3307 4015 3382 4076 ὧν
3412 4023 3475 4096 δὴ
3507 4025 3823 4095 πεισόμεθα

2227 4104 2527 4172 πταίοντες,
2558 4107 2808 4178 οὐδαμῶς
2834 4109 2892 4163 δὲ
2921 4109 2998 4179 τῷ
3028 4111 3392 4182 σωφρονισμῷ
3417 4113 3525 4167 τῶν
3562 4113 3810 4169 ἀπειλῶν

2226 4195 2698 4267 προσεσχήκαμεν·
2741 4195 2818 4267 τῷ
2842 4197 2977 4268 ὲλέιρ
3013 4199 3069 4253 δὲ
3094 4198 3309 4254 ἅπαντα
3337 4201 3585 4275 νενίκηκε
3616 4203 3691 4274 τῷ
3718 4206 3808 4257 oi-

2227 4287 2380 4359 κείῳ,
2412 4288 2470 4341 ὃν
2500 4287 2661 4359 ἔργον
2706 4290 2856 4361 αὐτῷ
2902 4291 3119 4346 πάντων
3163 4294 3512 4367 ὑπερτιθέναι
3553 4298 3814 4353 πάντοτε-

2232 4396 2251 4431 ι
2286 4380 2459 4444 Αὐτὸς
2488 4381 2808 4453 ἐπιστρέψει
2839 4383 2933 4436 καὶ
2964 4384 3295 4458 οίκτειρήσει
3317 4389 3480 4458 ἡμᾶς·
3516 4388 3818 4443 καταδύσει

2227 4469 2325 4534 τὰς
2347 4470 2619 4544 ἁμαρτίας
2652 4471 2828 4542 ἡμῶν,
2861 4472 2954 4526 καὶ
2981 4473 3446 4547 ἀποῤῥιφήσονται
3468 4480 3547 4539 εἰς
3567 4475 3635 4529 τὰ
3664 4475 3815 4551 βάθη

541 4595 644 4635 nos
673 4578 729 4633 in
763 4579 1132 4650 captivitatem
1171 4577 1372 4647 abegit,
1407 4593 1506 4633 sua
1537 4575 1716 4634 denuo
1749 4578 2118 4635 misericordia

2228 4560 2328 4650 τῆς
2363 4560 2639 4633 θαλάσσης
2661 4563 2832 4616 πᾶσαι
2863 4565 2917 4616 αἰ
2945 4563 3209 4635 ἁμαρτίαι
3238 4566 3447 4638 ἡμῶν.»
3480 4567 3536 4622 ’0
3551 4566 3660 4639 γὰρ
3674 4568 3821 4623 ἀπο-

543 4678 705 4726 utens
724 4707 739 4735 ,
767 4684 870 4724 nos
903 4668 1135 4734 reduxit,
1160 4668 1348 4723 delens
1376 4669 1600 4722 omnino
1643 4680 1870 4739 peccata
1903 4678 2089 4725 nostra
2109 4710 2125 4735 ,

542 4767 597 4811 et
621 4758 788 4812 veluti
820 4758 876 4811 in
908 4759 1164 4825 abyssum
1193 4757 1485 4826 quamdam
1529 4771 1591 4811 ea
1624 4759 1950 4827 projiciens,
1983 4759 2130 4815 unde

545 4849 638 4903 illa
657 4862 952 4921 exsurgere
989 4853 1043 4901 et
1084 4846 1349 4901 adversus
1396 4861 1499 4902 nos
1529 4850 1823 4917 praevalere
1848 4865 2127 4920 nunquam

546 4946 823 5011 poterunt.
879 4937 1125 5004 Denique
1187 4936 1385 4992 herum
1422 4938 1667 4993 omnium
1717 4955 1941 4996 causam
1991 4942 2131 4997 reci—

545 5039 691 5099 tans,
715 5049 735 5083 ι
762 5029 949 5098 Dabis,
983 5028 1183 5098 inquit,
1217 5027 1502 5083 veritatem
1547 5036 1693 5083 tuam
1731 5028 1902 5085 Jacob
1923 5072 1937 5096 ,
1965 5030 2128 5087 mise-

547 5123 842 5180 ricordiam
872 5120 1214 5186 Abrahamo,
1256 5122 1399 5175 sicut
1434 5119 1637 5192 jurasti
1677 5120 1839 5191 210
1878 5122 2128 5192 patribus

547 5218 775 5282 nostris,
820 5216 972 5287 iuxta
1013 5213 1132 5269 dies
1175 5215 1408 5285 priores.
1459 5231 1479 5265 ι
1518 5211 1728 5267 Cuncta
1760 5213 1895 5277 htec,
1928 5202 2131 5285 inquit,

546 5307 725 5365 fecisti
746 5322 956 5363 memor
984 5305 1411 5378 promissionum
1439 5314 1683 5365 tuarum.
1716 5319 1852 5376 quas
1880 5307 2129 5375 patribus

548 5402 781 5468 nostris,
809 5399 1157 5471 temporibus
1188 5396 1382 5468 priscis
1413 5412 1512 5467 pro
1538 5404 1629 5451 tua
1670 5408 1960 5455 constante
1998 5400 2129 5456 libe—

548 5483 767 5544 ralitate
807 5488 980 5545 fecisti
1019 5507 1033 5543 :
1072 5486 1496 5557 promissiones,
1533 5487 1791 5558 inquam,
1829 5489 1949 5546 illas
1998 5499 2128 5549 tunc

548 5579 848 5644 eisfecisti,
884 5594 1006 5649 quae
1029 5593 1176 5633 nunc
1196 5594 1324 5649 erga
1358 5595 1459 5637 nos
1485 5579 1701 5636 iliorum
1732 5589 1981 5652 posteros
2013 5597 2042 5638 a
2075 5592 2127 5640 te

551 5672 604 5725 in
638 5686 748 5727 rem
774 5672 985 5728 collatae
1022 5669 1264 5728 fuerunt.

2231 4649 2451 4721 πέμψας
2497 4653 2647 4722 ἡμᾶς
2695 4654 2775 4716 είς
2817 4653 2916 4726 τὴν
2964 4655 3359 4726 αἰχμαλωσίαν,
3407 4658 3592 4730 οἰκείῳ
3645 4658 3818 4715 πάλιν

2231 4739 2365 4809 ὲλέῳ
2387 4742 2751 4811 χρησάμενος,
2780 4745 2927 4814 ἡμᾶς
2951 4745 3317 4818 ἐπανήγαγεν,
3349 4749 3626 4813 παντελῶς
3649 4751 3822 4821 ἡμῶν

2230 4831 2502 4899 ἀφανίσας
2533 4831 2631 4895 τὰς
2677 4834 2973 4907 ἁμαρτίας,
3004 4839 3097 4891 καὶ
3140 4837 3330 4913 ὥσπερ
3375 4840 3454 4905 εἷς
3493 4859 3612 4895 τινα
3648 4840 3820 4911 βυθὸν

2230 4919 2399 4984 αὐτὰς
2429 4922 2787 4995 καταρρίᾠας,
2812 4923 2905 4995 ἀφ’
2929 4918 3099 4998 οὗπερ
3123 4927 3290 4991 αὐτὰς
3315 4928 3607 4984 ἀνανεῦσαί
3636 4946 3693 4985 τε
3717 4932 3824 4986 καὶ

2235 5011 2450 5082 ἰσχύσαι
2479 5012 2601 5065 καθ’
2629 5015 2786 5085 ἡμῶν
2811 5018 2910 5070 οὐκ
2934 5016 3107 5071 ἔνεστι
3129 5018 3223 5072 τοῦ
3242 5018 3450 5075 λοιποῦ.
3482 5021 3593 5075 Καὶ
3609 5020 3705 5092 τὴν
3734 5025 3793 5075 αἱ
3810 5053 3831 5068 .

2229 5104 2349 5158 τίαν
2367 5104 2618 5159 ἁπάντων
2637 5105 2826 5176 λέγων,
2850 5125 2869 5158 ι
2885 5107 3089 5175 Δὼσεις
3104 5110 3360 5183 ἀλήθειάν
3384 5130 3477 5166 σου
3500 5112 3578 5184 τῷ
3594 5112 3820 5183 Ἰακὼϐ,

2230 5193 2378 5249 ἔλεον
2406 5193 2484 5267 τῷ
2523 5195 2794 5268 Ἀϐραὰμ,
2839 5198 3093 5272 καθάπερ
3135 5199 3357 5274 ὤμοσας
3387 5207 3500 5267 τοῖς
3542 5204 3823 5276 πατράσιν

2229 5286 2387 5358 ἡμῶν
2408 5287 2550 5343 κατά
2565 5291 2662 5355 τὰς
2677 5290 2889 5365 ἡμέρας
2910 5292 3008 5356 τὰς
3024 5294 3354 5366 ἔμπροσθεν.
3381 5316 3400 5349 ι
3423 5298 3678 5352 ’Ἃπαντα
3704 5298 3826 5370 γὰρ

2228 5376 2422 5442 ταῦτα,
2478 5379 2611 5449 φησὶ
2632 5420 2646 5443 ,
2700 5380 3029 5452 πεποίηκας,
3063 5382 3140 5454 (p.
3173 5385 3298 5455 521)
3330 5386 3440 5440 τῶν
3473 5387 3828 5458 ἐπαγγελιῶν

2233 5469 2491 5540 μνησθεὶς
2535 5471 2644 5524 τῶν
2673 5472 2912 5539 οἰκείων,
2956 5466 3031 5529 ὧν
3068 5474 3206 5547 πρὸς
3256 5477 3385 5542 τοὺς
3417 5479 3661 5552 πατέρας
3688 5482 3823 5537 τοὺς

2228 5564 2258 5632 ἡ
2271 5561 2532 5632 μετέρους
2549 5562 2690 5616 κατά
2714 5564 2841 5627 τοὺς
2862 5564 3070 5621 ἄνωθεν
3091 5568 3390 5639 πεποίησαι
3412 5569 3637 5641 χρόνους
3664 5568 3819 5639 φιλο-

2226 5651 2383 5723 τιμία
2411 5654 2518 5706 τινὶ
2552 5652 2765 5726 βεϐαίᾳ·
2797 5655 2890 5709 καὶ
2921 5656 3019 5721 τὰς
3049 5658 3187 5730 πρὸς
3221 5660 3463 5726 ἐκείνους
3494 5658 3818 5729 ὑποσχέσεις

2226 5741 2348 5794 τότε
2366 5743 2752 5813 πεποιημένος,
2774 5746 2866 5798 καὶ
2886 5744 2980 5801 νῦν
2997 5747 3083 5819 ἐφ’
3099 5750 3131 5820 ἡ
3137 5749 3256 5821 μῶν
3279 5750 3388 5807 τῶν
3408 5748 3469 5816 ἐξ
3488 5748 3711 5804 ἐκείνων
3732 5749 3822 5814 εἰς

2228 5831 2386 5905 ἔργον
2410 5832 2578 5897 αὑτὰς
2612 5832 2874 5893 ἐκϐαλών.
