4118 6488
204 397 313 454 397
1363 390 1921 453 COMMENTARIUS
1960 394 2028 451 IN
2061 394 2438 455 NAHUMUM.

3418 394 3525 455 898

215 550 3519 592 Μ

851 735 1419 829 ΕΡΜΗΝΕΙΑ
1490 739 1856 830 ΝΑΟΥΝ

1961 741 2191 828 ΤΟΥ
2267 739 2923 830 ΠΡΟΦΗΤΟΥ.

212 1122 1414 1244 COMMENTARIUS
1518 1129 1669 1241 IN
1751 1129 2491 1248 NAHUMUM
2600 1128 3554 1248 PROPHETAM.

305 1553 379 1606 Ἦ
408 1550 625 1624 Νινευὴ
662 1552 818 1618 πόλις
840 1549 911 1626 ἦν
958 1554 1171 1627 μεγάλη
1193 1596 1209 1623 ,
1239 1554 1439 1625 πλήθει
1481 1571 1541 1609 τε
1572 1554 1804 1627 κομῶσα
1827 1595 1841 1621 ,

2019 1554 2218 1614 Ninive
2250 1555 2386 1613 urbs
2420 1571 2619 1630 magna
2669 1555 2810 1624 fuit,
2865 1557 3055 1630 populi
3096 1571 3326 1613 numero
3359 1557 3544 1616 abun-

218 1642 419 1706 καθὼς
452 1644 489 1714 ὴ
518 1642 644 1698 Θεία
669 1644 911 1699 διδάσκει
931 1646 1148 1718 Γραφὴ,
1179 1645 1409 1700 καὶτῶν
1435 1646 1495 1699 ὲν
1537 1645 1845 1718 Ἀσσυρίοις

218 1737 689 1807 περιφανεστάτη
732 1735 948 1799 πασῶν,
988 1738 1048 1790 ὲν
1083 1731 1215 1811 ᾔτά
1239 1755 1300 1792 τε
1332 1735 1582 1808 βασίλεια
1614 1736 1849 1808 ἐτύγχα-

220 1843 316 1880 νεν
340 1825 506 1894 ὄντα,
531 1827 631 1880 καὶ
653 1829 683 1881 6
706 1827 817 1881 τῶν
851 1829 1153 1902 Ἀσσυρίων
1183 1828 1438 1901 βασιλεὺς
1458 1828 1561 1894 τὰς
1585 1829 1846 1894 πλείστας

218 1919 480 1974 ἐποιεῖτο
521 1919 845 1992 διατριϐάςο
894 1920 1035 1976 ἀλλὰ
1065 1920 1176 1995 γὰρ
1220 1916 1403 1988 οὗτοι,
1438 1923 1582 1993 λέγω
1619 1923 1677 1977 δὲ
1721 1924 1850 1988 τοὺς

214 2009 532 2075 οἰκοῦντας
563 2010 665 2083 τὴν
703 2012 933 2086 Νινευὴ,
974 2013 1300 2087 βουλομένου
1334 2014 1434 2086 μὲν
1460 2014 1553 2068 τοῦ
1582 2014 1719 2069 Θεοῦ
1747 2014 1850 2084 τῆς

216 2103 451 2168 οἰκείας
498 2104 730 2176 χάριτος
779 2105 1113 2177 ποιήσασθαι
1163 2105 1266 2178 τὴν
1309 2106 1612 2174 ἀπόδειξιν,
1666 2107 1851 2172 καθὼς

223 2196 585 2266 σαφέστερον
618 2196 714 2250 ἐπὶ
740 2196 843 2268 τῆς
870 2197 966 2252 τοῦ
999 2198 1275 2271 μακαρίου
1316 2199 1474 2253 Ἰωνᾶ
1502 2198 1849 2270 προφητείας

216 2283 492 2357 εφθημεν
516 2283 792 2354 εἰπόντες,
826 2286 936 2341 ἀπὸ
964 2287 1137 2359 μόνης
1166 2287 1398 2360 ἀπειλῆς
1422 2288 1528 2343 ὑπὸ
1557 2287 1843 2359 ἀγνώστου

219 2378 553 2449 γενομένης
591 2379 809 2451 ἀνδρὸς,
848 2380 1092 2452 τοσούτῳ
1157 2381 1570 2453 κατεσχέθησαν
1605 2380 1684 2454 τῷ
1710 2381 1850 2447 δέει,

218 2469 382 2525 ὥστε
433 2469 579 2540 μετὰ
628 2470 832 2525 πολλοῦ
870 2470 966 2525 τοῦ
1004 2471 1208 2543 τάχους
1240 2472 1678 2547 peruentum;
1715 2474 1854 2547 πρὸς

220 2563 294 2617 eo
328 2565 595 2635 κρεῖττον
626 2563 777 2618 ίδεῖν⁸
809 2563 1000 2636 ἐπειδὴ
1037 2564 1095 2619 δὲ
1119 2565 1413 2621 ὲνδέδωκεν
1434 2567 1620 2632 αὐτοῖς
1663 2571 1692 2622 ὁ
1720 2568 1854 2633 Θεὸς

221 2654 336 2727 τὴν
383 2654 723 2727 προαίρεσιν
764 2654 1033 2721 ἐπιδεῖξαι
1081 2656 1182 2728 τὴν
1221 2657 1453 2723 οἰκείαν,
1483 2657 1721 2731 τοσαύτῃ
1755 2659 1856 2731 μὲν

221 2745 559 2819 ἐχρήσαντο
602 2745 883 2819 μοχθηραὶι
929 2745 1190 2818 γνώμης,
1237 2748 1480 2823 τοσαύτῃ
1517 2748 1574 2805 δὲ
1608 2749 1855 2823 ὠμότητι

226 2844 335 2898 καὶ
380 2841 603 2915 τρόπου
648 2840 845 2914 κακίᾳ,
882 2842 960 2912 (p.
1006 2840 1135 2913 522)
1164 2843 1308 2898 ὥστε
1352 2845 1566 2910 πάντας
1597 2846 1698 2918 μὲν
1726 2848 1858 2911 τοὺς

225 2936 348 2989 τῶν
374 2934 521 2988 δέκα
549 2931 735 3003 φυλῶν
764 2932 1303 3006 ἐπιστρατεύσαντες
1344 2937 1731 3010 αἰχμαλώτους
1759 2937 1856 2992 λαο

227 3029 376 3084 δεῖν·
402 3025 795 3099 πορθήσαντες
818 3043 880 3081 τε
908 3027 1091 3083 αὐτῶν
1116 3027 1218 3091 τὰς
1240 3027 1447 3093 πόλεις,
1474 3030 1571 3083 καὶ
1593 3029 1665 3084 τὰ
1692 3047 1858 3103 προσ-

226 3122 371 3175 ὄντα
393 3119 596 3181 αὐτοῖς
615 3115 684 3171 δι’
709 3115 972 3189 ἁρπαγῆς
992 3117 1357 3189 ποιησάμενοι
1383 3118 1583 3186 πάντα,
1606 3120 1852 3192 ὁρμῆσαι

1949 1649 2111 1714 dans.
2153 1657 2207 1706 et
2247 1648 2669 1723 Assyriacarum
2699 1649 2948 1705 omnium
2989 1648 3365 1705 illustrissima
3391 1690 3407 1713 ,
3445 1648 3543 1704 ubi

1949 1741 2102 1813 regia
2147 1740 2351 1813 palatia
2405 1748 2586 1807 erant,
2637 1755 2843 1812 rexque
2893 1739 3251 1813 Assyriorum
3296 1739 3543 1811 plurimo

1951 1830 2083 1887 anui
2117 1841 2365 1903 tempore
2401 1831 2750 1888 versabatur.
2781 1829 2957 1887 Porro
2987 1830 3154 1902 hujus
3179 1830 3335 1888 urbis
3368 1829 3543 1897 cives,

1949 1924 2168 1980 volente
2204 1923 2317 1980 Deo
2352 1939 2466 1980 sua:
2489 1924 2679 1997 gratiae
2711 1923 3090 1980 ostensionem
3124 1923 3308 1981 facere
3329 1965 3346 1993 ,
3377 1923 3547 1981 sicuti

1946 2017 2060 2088 jam
2094 2016 2312 2088 planius
2333 2017 2576 2071 diximus
2605 2016 2735 2071 dum
2762 2015 2830 2071 ad
2854 2015 2998 2071 beati
3015 2012 3169 2071 quat
3191 2015 3541 2088 prophetiam

1952 2107 2768 2174 commentaremur,Ninivit:e,
2796 2107 3042 2178 inquam,
3062 2108 3135 2162 ob
3169 2107 3338 2164 unius
3374 2107 3547 2180 ignoti

1953 2200 2198 2258 hominis
2225 2201 2426 2267 minas,
2459 2201 2598 2257 adeo
2635 2209 2785 2257 metu
2817 2200 3056 2271 correpti
3085 2199 3329 2264 fuerunt,
3354 2207 3418 2255 ut
3452 2214 3550 2257 cc-

1952 2290 2142 2348 leriter
2162 2291 2458 2348 admodum
2484 2290 2898 2362 resipiscentes,
2938 2292 3007 2347 ad
3027 2291 3286 2348 virtutem
3314 2300 3546 2363 specta-

1952 2385 2154 2442 verint.
2187 2383 2490 2457 Postquam
2512 2400 2644 2443 vero
2678 2385 2917 2443 indulsit
2937 2385 3021 2441 eis
3051 2385 3220 2453 Deus,
3250 2386 3553 2458 quominus

1953 2478 2301 2550 propositum
2358 2491 2523 2533 suum
2582 2489 3003 2549 exsequeretur,
3056 2486 3215 2535 tanta
3265 2479 3356 2537 usi
3418 2490 3553 2538 sunt

1954 2567 2231 2641 pravitate
2252 2569 2445 2637 animi,
2472 2576 2626 2625 tanta
2650 2569 2981 2626 crudelitate
3003 2578 3060 2627 et
3078 2572 3289 2627 malitia
3309 2586 3552 2638 morum,

1956 2666 2019 2713 ut
2067 2665 2328 2730 suscepta
2385 2658 2583 2716 bellica
2641 2668 2839 2716 contra
2904 2660 3097 2717 decem
3155 2660 3334 2719 tribus
3393 2678 3556 2735 expe.

1958 2750 2204 2820 ditione,
2241 2766 2439 2809 omnes
2473 2753 2531 2809 in
2571 2753 2945 2824 captivitatem
2978 2753 3337 2823 abduxerim;
3365 2769 3553 2814 vasta-

1962 2844 2141 2915 lisque
2181 2842 2379 2899 harum
2426 2844 2663 2901 urbibus
2705 2851 2759 2901 et
2803 2845 3002 2916 opibus
3058 2845 3263 2918 ubique
3296 2846 3554 2918 direptis,

1963 2935 2213 3008 adusque
2232 2935 2611 3009 Hierosolyma
2637 2936 3148 3010 propinquaverint,
3175 2954 3340 3010 quam
3361 2939 3554 2997 urbem

1964 3043 2165 3100 capere
2189 3029 2534 3095 nitebantur,
2557 3028 2677 3085 sine
2701 3030 2810 3086 ulla
2836 3030 2920 3086 vel
2945 3029 3132 3096 templi
3150 3031 3234 3087 vel
3247 3031 3558 3104 religionis,

1961 3136 2072 3194 qua
2096 3122 2298 3179 ibidem
2319 3123 2465 3180 Deus
2492 3122 3130 3187 colebatur,reverentia.

226 3214 291 3267 δὲ
347 3212 453 3266 καὶ
505 3210 671 3283 μέχρι
724 3209 828 3281 τῆς
880 3208 1271 3282 Ἰερουσαλὴμ,
1318 3210 1385 3283 ἦν
1423 3212 1520 3265 καὶ
1572 3208 1827 3285 αἱρήσειν
1877 3213 2158 3279 ἔσπευδον,
2207 3216 2466 3289 οὐδεμίαν
2504 3217 2641 3273 αἰδῶ
2670 3215 2767 3272 τοῦ
2813 3235 2877 3272 τε
2914 3215 3044 3272 ναοῦ
3082 3215 3182 3273 καὶ
3223 3216 3325 3291 τῆς
3368 3219 3563 3277 αὐτόθι

231 3304 549 3376 γινομένης
576 3300 672 3356 τοῦ
703 3301 841 3356 Θεοῦ
865 3301 1238 3373 λαμϐάνοντες
1261 3302 1580 3377 θεραπείας.

310 3395 425 3451 Καί
457 3416 515 3452 τι
544 3395 741 3467 γέγονε
767 3395 1156 3468 παραπλήσιον
1192 3399 1311 3462 τοῖς
1348 3398 1407 3452 ὲν
1439 3396 1705 3469 Αἰγύπτῳ
1734 3399 1867 3453 ποτὲ

230 3490 563 3561 γεγονόσιν,
597 3488 690 3542 ὅτε
725 3485 926 3560 Φαραώ
950 3504 1011 3541 τε
1043 3489 1073 3541 6
1103 3486 1407 3559 βασιλεύων
1431 3490 1490 3545 ὲν
1514 3489 1734 3555 αὐτοῖς,
1768 3488 1867 3544 καὶ

231 3584 457 3647 πάντες
478 3582 541 3636 δὲ
569 3582 627 3635 οἱ
658 3580 952 3652 Αἰγύπτιοι
974 3581 1065 3636 διὰ
1097 3582 1344 3654 σπουδῆς
1370 3578 1518 3657 εἶχον
1542 3583 1634 3638 τόν
1661 3602 1721 3638 τε
1755 3583 1862 3639 Ἰα-

236 3674 365 3731 κὼϐ
393 3674 498 3729 stat
540 3672 638 3728 τὸν
685 3673 908 3746 Ἰωσὴφ,
938 3675 1035 3729 καὶ
1071 3674 1283 3741 πάντας
1312 3676 1443 3741 τοὺς
1479 3676 1863 3749 προσήκοντας

239 3769 440 3831 αὐτοῖς
491 3764 641 3821 κατὰ
676 3765 837 3834 γένος
858 3805 874 3831 ,
905 3763 1034 3837 ἄχρι
1065 3764 1270 3839 ταύτην
1317 3766 1518 3831 αὐτοὺς
1547 3764 1857 3830 ἀποσώζειν

239 3860 345 3933 τὴν
370 3857 614 3931 γνώμην
648 3856 1065 3930 παρεσκεύαζεν
1095 3860 1125 3913 6
1153 3858 1303 3923 Θεός·
1344 3858 1422 3923 ὡς
1447 3859 1505 3914 δὲ
1523 3858 1857 3914 ὲπεδὲδωκεν

242 3953 349 4023 μὲν
370 3955 460 4017 εἰς
482 3950 693 4022 πλῆθος
714 3953 745 4004 6
764 3949 914 4016 λαὸς,
938 3949 1159 4021 ἔπειγεν
1177 3950 1236 4005 δὲ
1262 3953 1291 4006 6
1312 3950 1413 4023 τῆς
1434 3950 1615 4019 ἐξόδου
1640 3950 1854 4024 καιρὸς,

238 4045 517 4101 ἐνδέδυκε
544 4042 625 4115 τῷ
652 4061 715 4098 τε
742 4040 945 4117 Φαραὼ
974 4043 1069 4097 καὶ
1097 4045 1211 4108 τοῖς
1246 4042 1571 4112 Αίγυπτίοις
1597 4041 1698 4116 τὴν
1738 4043 1861 4097 ἑαυ-

236 4141 355 4194 τῶν
386 4138 527 4211 περὶ
561 4137 807 4201 ἐκείνους
839 4134 1104 4204 ἐπιδεῖξαι
1132 4136 1355 4203 κακίαν,
1398 4135 1539 4190 ὥστε
1569 4136 1664 4190 καὶ
1701 4135 1854 4208 πάσῃ

238 4229 572 4303 χρήσασθαι
626 4228 831 4300 σπουδῇ
887 4228 1098 4293 πάντας
1153 4227 1580 4300 αὐτοὺςλρδην
1612 4227 1855 4282 ἀνελεῖν·

238 4323 479 4394 ἀῳορμῇ
510 4320 570 4374 δὲ
594 4319 770 4391 ταύτῃ
791 4318 1142 4390 χρησάμενος
1163 4317 1337 4383 οὕτως
1365 4318 1567 4383 αὐτοὺς
1592 4319 1860 4390 ἐξήγαγεν

2037 3396 2197 3455 Tunc
2220 3398 2405 3455 simile
2431 3397 2564 3468 quid
2597 3397 2829 3470 contigit
2859 3404 3027 3469 atque
3058 3397 3192 3454 olim
3228 3397 3283 3454 in
3317 3395 3564 3474 Ευρῑο

1964 3490 2339 3555 versantibus,
2380 3489 2471 3545 ubi
2506 3490 2780 3562 principio
2813 3489 3038 3561 quidem
3066 3489 3283 3548 Pharao
3307 3507 3404 3548 rex
3437 3508 3563 3548 om-

1963 3597 2173 3652 nesque
2200 3580 2447 3653 JEgyptii
2479 3581 2667 3637 studio
2696 3581 2948 3652 impenso
2967 3575 3143 3637 Iacob
3176 3592 3232 3637 et
3258 3579 3564 3655 Iosephqu

1962 3682 2335 3745 cunctamque
2383 3673 2580 3730 horum
2620 3673 3004 3747 cognationem
3048 3674 3341 3742 fovebant,
3375 3676 3564 3748 quoad

1963 3769 2046 3826 eis
2111 3767 2257 3824 Deus
2315 3768 2458 3823 hanc
2500 3775 2738 3823 mentem
2791 3772 3160 3825 conservavit.
3231 3768 3339 3826 Sed
3394 3770 3556 3842 211

1965 3866 2260 3929 postquam
2289 3857 2347 3913 in
2375 3856 2785 3913 multitudinem
2816 3858 3064 3915 excrevit
3093 3860 3350 3932 populus,
3381 3861 3561 3918 iusta-

1964 3951 2169 4023 batque
2213 3949 2555 4023 demigrandi
2597 3958 2830 4023 tempus,
2867 3949 3209 4008 Pharaonem
3251 3952 3383 4009 sivit
3414 3951 3562 4012 Deus

1968 4053 2132 4115 atque
2166 4042 2456 4115 Egyptios
2493 4058 2647 4098 suam
2695 4058 3019 4114 expromere
3048 4052 3242 4100 contra
3298 4043 3563 4103 Hebraeos

1961 4136 2250 4199 malitiam,
2299 4136 2373 4189 ita
2422 4144 2482 4190 ut
2523 4134 2675 4190 omni
2722 4136 2772 4190 vi
2819 4135 3131 4191 niterentur
3163 4150 3262 4192 eos
3314 4133 3562 4191 funditus

1962 4226 2321 4298 exstinguere
2366 4242 2382 4280 :
2422 4242 2532 4298 qua
2561 4230 2857 4285 occasione
2894 4226 3038 4284 Deus
3079 4236 3241 4284 utens
3280 4225 3563 4284 lsraelitas

1968 4319 2203 4391 A‘Zgypto
2240 4319 2451 4375 eduxit.
2492 4318 2629 4375 Rem
2663 4320 2746 4376 his
2792 4319 2975 4375 verbis
3004 4319 3199 4376 beatus
3225 4328 3419 4376 narrat
3449 4319 3562 4375 Da-

235 4418 271 4469 6
308 4415 452 4479 Θεὸς
488 4413 595 4482 τῆς
627 4410 926 4481 Αἰγύπτου.
961 4411 1135 4465 Τοῦτο
1164 4409 1297 4481 γοῦν
1322 4412 1353 4466 6
1385 4411 1658 4483 μακάριος
1684 4409 1856 4479 λέγων

1968 4411 2059 4467 vid
2096 4430 2140 4465 ει
2177 4411 2322 4467 Misit
2349 4427 2466 4475 rex,
2496 4412 2695 4482 inquit,
2720 4419 2775 4467 et
2804 4411 2969 4468 solvit
2993 4427 3119 4467 eum
3143 4429 3159 4479 ;
3187 4412 3446 4483 princeps
3470 4428 3565 4483 po-

239 4505 439 4569 Δαυῒδ,
499 4524 519 4557 ι
568 4504 889 4559 Ἅπὲστειλε
920 4502 1199 4574 βασιλεὺς,
1235 4522 1254 4556 ι
1291 4503 1447 4574 φησὶ,
1485 4521 1505 4556 ι
1547 4502 1642 4556 καὶ
1672 4501 1861 4555 ἔλυσεν

242 4600 444 4657 αὑτὸν.
492 4597 683 4668 ἄρχων
726 4595 859 4651 λαοῦ
894 4595 994 4649 καὶ
1037 4596 1250 4667 ἀφῆκεν
1288 4593 1483 4648 αὐτόν’
1524 4593 1860 4662 κατέστησεν

241 4690 417 4746 αὑτὸν
455 4688 654 4760 κύριον
685 4686 781 4741 τοῦ
812 4686 963 4741 οἴκου
1010 4684 1200 4748 αὐτοῦ,
1248 4684 1344 4740 καὶ
1390 4685 1632 4757 ἄρχοντα
1678 4684 1860 4756 πάσης

242 4783 351 4852 τῆς
386 4782 649 4852 κτήσεως
688 4777 883 4834 αὑτοῦ·
917 4776 1013 4831 τοῦ
1045 4777 1331 4832 παιδεῦσαι
1367 4778 1577 4843 πάντας
1607 4778 1738 4843 τοὺς
1767 4776 1863 4848 ἇρο

245 4892 454 4949 κοντας
476 4872 651 4928 αὐτοῦ
680 4872 759 4937 ώς
789 4870 1005 4939 ἑαυτὸν,
1034 4869 1132 4925 καὶ
1166 4871 1296 4935 τοὺς
1325 4870 1733 4944 πρεσϐυτέρους
1759 4870 1862 4925 αύ-

239 4967 343 5023 τοῦ
395 4965 648 5035 σοφίσαι*
684 4982 703 5016 ι
735 4962 887 5032 λέγει
924 4960 984 5015 δὲ
1020 4960 1122 5032 τὴν
1161 4961 1291 5032 περὶ
1320 4959 1411 5016 τὸν
1462 4960 1663 5034 Ἰωσὴφ
1691 4960 1861 5032 τιμήν

237 5079 301 5115 τε
332 5062 434 5115 καὶ
471 5054 713 5126 σπουδὴν
744 5053 854 5109 ὑπὸ
880 5053 972 5108 τοῦ
1000 5051 1201 5125 Φαραὼ
1242 5055 1561 5122 γεγονυῖαν⁶
1595 5046 1680 5118 οἷς
1728 5053 1863 5107 ἐπά-

238 5172 351 5222 γει-
404 5153 489 5223 (ν.
526 5151 657 5213 523)
694 5169 713 5202 ‹
742 5148 854 5202 Καὶ
879 5147 1132 5220 είσῆλθεν
1178 5147 1397 5220 Ἰσραὴλ
1446 5149 1528 5211 είς
1556 5146 1857 5216 Αἰγυπτον,

237 5249 340 5301 καὶ
392 5243 602 5300 Ἰακὼό
649 5242 985 5315 παρῴκησεν
1015 5244 1075 5299 ὲν
1108 5244 1180 5314 γῇ
1213 5240 1365 5311 Χάμ·
1399 5238 1494 5294 καὶ
1527 5238 1735 5310 ηὔξησε
1768 5238 1862 5292 τὸν

237 5340 374 5394 λαὸν
426 5336 604 5392 αὑτοῦ
658 5336 901 5408 σφοδρα,
935 5335 1033 5390 καὶ
1085 5333 1463 5406 ὲκραταίωσεν
1508 5330 1672 5385 αὑτὸν
1720 5330 1862 5401 ὑπὲρ

238 5434 371 5496 τσὺς
400 5429 641 5501 ἐχθροὺς
667 5426 861 5483 αὑτοῦ.
884 5444 905 5479 ι
931 5426 1041 5482 Καὶ
1066 5422 1256 5493 ἐπειδὴ
1278 5422 1371 5479 καὶ
1391 5419 1486 5474 τοῦ
1515 5420 1713 5477 Ἰακὼϐ
1739 5417 1863 5475 εἷπε

238 5525 343 5597 τὴν
376 5522 619 5584 εἴσοδον,
667 5520 763 5575 καὶ
804 5519 1001 5575 ὁπόσον
1030 5520 1110 5583 εἰς
1139 5516 1348 5589 πλῆθος
1385 5513 1780 5569 ὲπιδεδώκασιν
1810 5516 1860 5567 οἱ

239 5616 339 5668 τοῦ
362 5613 505 5670 λαοῦ
539 5612 769 5676 πάντες,
799 5611 1018 5679 ἐπάγει·
1062 5630 1080 5661 ι
1116 5605 1473 5679 Μετέστρεψε
1501 5605 1600 5676 τὴν
1629 5606 1860 5678 καρδίαν

241 5705 420 5758 αὑτοῦ
458 5704 557 5759 τοῦ
600 5704 835 5777 μισῆσαι
856 5703 947 5756 τὸν
972 5701 1099 5755 λαὸν
1125 5699 1315 5765 αὐτοῦ,
1349 5699 1442 5753 τοῦ
1471 5697 1777 5752 δολιοῦσϐαι
1804 5699 1861 5749 ἐν

318 5885 369 5918 ’⁸
412 5881 567 5939 Psal.
597 5881 921 5953 σιγ,2οο22.
1000 5881 1044 5913 ’³
1088 5875 1336 5944 Ιδίο1.25,
1368 5875 1463 5928 24.

1543 5877 1556 5905 ¹
1605 5874 1742 5929 Ibid.
1773 5874 1866 5930 23.

1967 4505 2105 4575 puli,
2166 4512 2220 4558 et
2272 4503 2484 4560 dimisit
2534 4520 2682 4560 eum.
2741 4503 3039 4559 Constituit
3088 4516 3215 4559 eum
3272 4501 3554 4556 dominqu

1968 4596 2167 4651 domus
2194 4609 2329 4661 sese,
2359 4604 2415 4651 et
2443 4595 2750 4666 principem
2803 4594 2986 4650 omnis
3028 4593 3396 4667 possessionis
3424 4607 3560 4653 suae.

1964 4701 2025 4743 ut
2053 4689 2298 4745 erudirct
2328 4688 2609 4761 principes
2642 4688 2764 4758 ejus
2795 4687 2942 4744 sicut
2979 4702 3041 4742 se
3077 4685 3289 4759 ipsum,
3313 4693 3368 4742 et
3394 4701 3557 4743 senes

1965 4781 2088 4850 ejus
2137 4781 2488 4854 prudentiam
2538 4782 2765 4838 doceret
2781 4780 2845 4836 ’⁸.
2873 4779 3194 4852 tLoquitur
3230 4779 3445 4835 scilicet
3491 4777 3561 4833 de

1964 4872 2226 4946 Josepho,
2277 4875 2455 4946 deque
2513 4872 2934 4930 honoriﬁcentia
3008 4880 3063 4926 et
3116 4870 3312 4928 olliciis
3356 4871 3563 4944 quibus

1966 4981 2092 5022 cum
2121 4973 2450 5037 prosecutus
2480 4973 2564 5021 est
2599 4964 2836 5022 Pharao.
2876 4961 3008 5019 Post
3048 4962 3163 5019 haec
3193 4962 3349 5018 addit
3389 4979 3403 5016 :
3443 4979 3464 5015 ι
3499 4960 3567 5015 Et

1966 5046 2190 5114 intravit
2221 5058 2387 5115 Israel
2422 5057 2478 5114 in
2505 5057 2828 5132 Egyptum,
2856 5064 2912 5114 et
2942 5056 3115 5114 Jacob
3145 5057 3332 5111 accola
3363 5055 3467 5110 fuit
3503 5054 3560 5108 in

1969 5155 2116 5204 terra
2148 5148 2365 5204 Cbami.
2411 5147 2479 5203 Et
2505 5151 2657 5203 auxit
2693 5147 2953 5220 populum
2982 5161 3143 5203 suum
3186 5145 3558 5206 vehementer,

1970 5234 2369 5309 roboravitquc
2400 5252 2526 5292 cum
2570 5251 2683 5309 prae
2714 5235 2956 5291 inimicis
2994 5235 3115 5306 ejus
3152 5234 3220 5289 θ’.
3259 5253 3278 5286 ›
3303 5230 3422 5288 Jam
3469 5231 3563 5286 ubi

1967 5325 2245 5399 Propheta
2292 5329 2540 5385 narravit
2581 5326 2751 5385 Iacob
2788 5329 3096 5399 ingressum
3120 5367 3137 5393 ,
3186 5332 3565 5396 quantumque

1968 5420 2025 5477 iu
2070 5434 2363 5475 numerum
2402 5419 2640 5492 populus
2670 5420 2964 5474 universus
2989 5418 3292 5479 crevisset,
3324 5411 3511 5468 subdit
3547 5425 3562 5464 :

1974 5533 1993 5566 ι
2035 5513 2319 5570 Convertit
2361 5530 2457 5569 cor
2488 5513 2636 5568 illius
2666 5512 2731 5566 ad
2771 5510 2896 5566 odio
2938 5508 3250 5565 habendum
3299 5507 3562 5578 populum

1972 5622 2158 5672 suum,
2186 5605 2530 5675 insidiasque
2557 5599 3061 5659 struendascservis
3089 5600 3206 5654 suis
3238 5599 3278 5651 ¹.
3325 5615 3345 5649 ι
3380 5594 3566 5663 Signi—

1971 5699 2165 5770 ﬁcans,
2194 5698 2305 5757 Deo
2348 5700 2723 5770 permittente,
2770 5694 3104 5778 immutatos
3141 5691 3356 5747 animos
3391 5685 3568 5761 Egy-
