4118 6472
514 369 649 426 .399

1738 361 2093 420 THEODORI
2119 357 2601 419 MOPSUESTENI

3698 363 3805 420 100

518 479 781 565 _ptiorum
823 491 947 533 cum
978 492 1104 551 rege
1154 490 1278 543 suo,
1315 477 1409 549 qui
1450 476 1565 550 jam
1600 476 1859 551 deinceps
1893 478 2113 535 oderant

2224 480 2339 542 τοῖς
2368 477 2576 542 δούλοις
2627 474 2815 531 αὑτοῦ.
2864 492 2886 528 ι
2939 475 3107 549 Δῆλον
3138 474 3221 532 ὅτι
3257 477 3352 533 τοῦ
3396 475 3531 531 Θεοῦ
3564 475 3807 543 ἐνδόντος

522 570 849 636 'lsraelitas,
896 584 1101 640 eosque
1158 569 1522 628 internecioni
1564 571 1936 629 destinabant.
1978 571 2119 628 Exin

543 678 673 721 vero
703 663 1153 737 demigrationem
1178 673 1367 721 narrat
1395 666 1588 725 beatus
1607 666 1799 723 David.

620 926 777 985 Nunc
810 942 1025 998 quoque
1055 926 1198 984 Deus
1230 928 1436 999 pariter
1478 928 1655 999 primo
1683 927 1901 999 quidem
1929 927 2121 999 gratiae

545 1034 658 1074 suae
719 1019 892 1075 edidit
953 1020 1284 1075 luculentam
1359 1019 1907 1085 demonstrationem,
1988 1018 2119 1073 dum

544 1110 896 1183 Assyriorum
948 1125 1129 1183 regem
1179 1119 1518 1181 cunctosque
1560 1110 1785 1169 Ninives
1815 1110 2022 1167 incolas
2048 1109 2121 1166 ad

544 1202 774 1257 meliora
807 1203 1076 1257 convertit
1108 1221 1121 1256 :
1147 1202 1291 1258 haud
1311 1204 1482 1258 multo
1513 1211 1634 1274 post
1661 1211 1862 1270 autem,
1888 1217 2011 1257 cum
2051 1201 2121 1258 iis

548 1294 913 1350 concessisset
965 1302 1024 1348 ut
1051 1309 1205 1350 suam
1248 1295 1513 1349 malitiam
1576 1294 1941 1359 declararent,
1992 1293 2121 1349 sivit

546 1406 640 1445 eos
666 1405 815 1446 arma
860 1398 1051 1446 contra
1098 1390 1375 1446 lsraelitas
1436 1405 1799 1453 commovere,
1837 1388 1911 1443 ita
1944 1396 2004 1443 ut
2026 1387 2123 1442 de-

544 1500 661 1540 cem
698 1485 872 1541 tribus
910 1483 1257 1549 vastaverinl,
1292 1493 1345 1539 et
1368 1483 1744 1554 Hierosolyma
1779 1478 2118 1543 obsederint,

502 1584 697 1631 ‘tanta
741 1575 954 1631 insania
1006 1581 1228 1629 ruentes
1257 1574 1412 1643 quasi
1448 1572 1550 1644 ipsi
1598 1571 1709 1627 Deo
1747 1571 1947 1627 bellum
1983 1584 2123 1640 quo-

508 1674 515 1691 ’
543 1666 833 1723 dammodo
862 1665 1148 1721 inferrent.
1186 1664 1291 1720 Sed
1340 1664 1487 1719 enim
1519 1662 1608 1718 hic
1649 1663 1833 1718 statim
1861 1661 1969 1716 illis
2001 1676 2124 1733 gra-

508 1762 511 1771 '
543 1759 825 1816 vissimam
860 1773 1026 1812 manu
1056 1755 1230 1828 angeli
1260 1755 1789 1828 plagam’imposuit;
1816 1768 2122 1825 versosque

2226 569 2635 643 μετεϐλήθησαν
2683 570 2734 624 οί
2768 568 3054 640 Αἰγύπτιοι
3088 570 3186 624 σὺν
3222 569 3301 642 τῷ
3330 570 3540 641 βασιλεῖ
3579 570 3805 635 πάντες,

2222 660 2364 715 ῶστε
2419 659 2515 714 καὶ
2555 658 2643 714 διὰ
2690 658 2892 730 ,μίσους
2942 658 3090 730 ἔχειν
3118 661 3246 725 τοὺς
3310 658 3667 732 Ἰσραηλίτας,
3708 661 3809 715 καὶ

2225 749 2508 823 βούλεσθαι
2553 749 2830 815 παντελῶς
2851 750 3046 815 αὐτοὺς
3076 751 3305 805 ἀνελεῖν.
3332 745 3428 815 Οἷς
3454 751 3523 806 τά
3545 751 3645 824 τῆς
3691 752 3810 820 ἐξό-

2222 842 2314 895 δου
2343 841 2529 895 λοιπὸν
2556 842 2586 895 6
2617 841 2887 914 μακάριος
2917 842 3116 911 ἐπάγει
3144 841 3335 896 Δαυῒδ.

2294 932 2397 986 Τὸν
2425 933 2586 987 αὐτὸν
2617 932 2682 1005 δὴ
2714 933 2914 1006 τρόπον
2944 932 3224 988 κάνταῦθα
3257 932 3522 1006 πρότερον
3580 935 3681 1007 μὲν
3707 937 3812 1009 τῆς

2221 1023 2429 1088 οἰκείας
2454 1024 2679 1096 χάριτος
2707 1025 2965 1092 ἐπίδειξιν
2997 1025 3322 1097 ποιούμενος
3349 1028 3377 1081 6
3408 1027 3562 1092 Θεὸς,
3597 1026 3807 1101 ἀθρόαν

2222 1114 2316 1170 τοῦ
2350 1134 2408 1171 τε
2444 1117 2711 1188 βασιλέως
2750 1118 2861 1173 τῶν
2893 1117 3196 1190 Ἀσσυρίων
3225 1118 3321 1172 καὶ
3351 1119 3572 1174 πάντων
3597 1120 3663 1192 δὴ
3690 1121 3806 1175 τῶν

2224 1207 2368 1262 κατά
2412 1208 2513 1280 τὴν
2545 1208 2751 1281 Νινευὴ
2800 1209 2900 1282 τὴν
2946 1210 3040 1264 ἐπὶ
3087 1210 3149 1264 τὸ
3201 1213 3452 1280 κρεῖττον
3501 1212 3808 1285 μεταϐολὴν

2223 1299 2475 1370 γενέσθαι
2517 1300 2791 1373 πεποίηκε
2816 1317 2831 1332 ⁸
2872 1301 2992 1373 μετ’
3035 1301 3098 1355 οὐ
3134 1300 3269 1356 πολὺ
3310 1302 3368 1356 δὲ
3407 1302 3592 1367 ἐνδοὺς
3623 1304 3807 1370 αὐτοῖς

2221 1392 2322 1465 τὴν
2355 1392 2564 1448 οἰκείαν
2590 1394 2824 1465 ἐκφῆναι
2847 1394 3065 1459 κακίαν,
3092 1393 3243 1449 εἴασε
3263 1393 3490 1448 τοιαῦτα
3515 1395 3646 1467 περί
3676 1399 3809 1461 τοὺς

2236 1483 2577 1557 Ἰσραηλίτας
2605 1484 2737 1556 παρ’
2762 1484 2942 1540 αὐτῶν
2969 1484 3241 1554 γενέσθαι,
3274 1484 3368 1555 ἀφ’
3397 1478 3472 1541 ὧν
3493 1486 3808 1557 ἐώρθησάν

2222 1591 2282 1628 τε
2313 1575 2413 1641 τὰς
2449 1575 2582 1630 δέκα
2630 1575 2838 1646 φυλάς,
2873 1575 2968 1629 καὶ
3013 1575 3456 1647 ἐπεστράτευσαν
3488 1577 3555 1647 τῇ
3601 1576 3809 1648 Ἰερου-

2226 1666 2428 1739 σαλὴμ,
2464 1666 2605 1737 μετά
2661 1666 2865 1738 πολλῆς
2909 1667 3251 1739 ὁρμήσαντες
3278 1669 3378 1739 τῆς
3403 1668 3658 1732 ἀπονοίας
3681 1709 3698 1734 ,
3726 1668 3808 1734 ὡς

2226 1760 2322 1814 καὶ
2366 1758 2515 1832 αὐτῷ
2553 1776 2619 1829 γε
2673 1759 2871 1832 μικροῦ
2907 1760 3310 1831 πολεμήσοντες
3340 1759 3419 1831 τῷ
3461 1759 3617 1831 Θεῷ*
3668 1760 3809 1814 ἀλλὰ

504 1868 517 1880 ’
545 1851 600 1905 in
628 1850 811 1920 fugam
854 1850 1098 1920 reliquos
1154 1848 1323 1903 variis
1364 1846 1600 1902 irrctivit
1653 1846 2063 1902 calamitatibus
2106 1863 2113 1901 :

2223 1852 2332 1923 γὰρ
2355 1850 2484 1905 εὐθὺ
2514 1851 2615 1922 μὲν
2648 1849 2957 1923 βαρυτάτην
2987 1851 3170 1914 αὐτοῖς
3201 1849 3289 1904 διὰ
3319 1848 3414 1904 τοῦ
3442 1850 3675 1919 ἀγγέλου
3702 1849 3807 1921 τὴν

542 1944 721 2015 quoad
753 1943 806 1998 in
831 1942 1092 1998 ditionem
1118 1956 1273 1997 suam
1302 1956 1425 1996 cum
1450 1941 1611 2011 212
1641 1955 1854 1997 summa
1888 1940 2119 2010 ignomi-

542 2036 633 2090 nia
701 2049 987 2105 regressus
1065 2033 1547 2097 Sennacherimus,
1609 2032 1957 2104 Assyriorum
2026 2030 2117 2085 illa

540 2136 698 2183 :etate
756 2144 873 2194 rex,
915 2142 1103 2183 necem
1136 2142 1166 2180 a
1194 2126 1433 2197 propriis
1462 2126 1647 2181 liberis
1681 2140 1979 2196 perpessus
2012 2131 2115 2180 est.

544 2217 745 2273 Deinde
783 2217 961 2288 gentis
1014 2232 1235 2288 quoque.
1287 2216 1574 2287 imperium
1617 2215 1865 2271 funditus
1918 2216 2120 2271 delevit

542 2311 685 2365 Deus
737 2310 829 2379 qui
863 2324 958 2379 per
987 2293 1314 2380 Babylonios
1340 2306 1691 2362 obsidendam
1735 2306 1963 2363 Niniven
1992 2322 2120 2362 vas-

541 2401 871 2470 tandamque
905 2400 1118 2454 curavit
1178 2417 1191 2453 :
1230 2398 1364 2454 adeo
1410 2409 1469 2454 ut
1506 2398 1891 2455 innumerabili
1918 2399 2118 2470 populo

509 2500 527 2517 θ
544 2494 801 2563 frequens
823 2492 1018 2547 civitas
1044 2501 1097 2547 et
1120 2490 1461 2548 nobilissima
1487 2498 1649 2564 atque
1671 2490 1879 2562 regina,
1900 2491 2117 2561 captiva

506 2606 515 2617 ·
543 2587 707 2642 fuerit
734 2600 797 2641 ac
831 2585 1224 2641 desertissima:
1249 2583 1530 2640 solitudini
1549 2584 1766 2640 tradita.
1789 2582 1923 2638 Nam
1954 2585 2117 2640 sicuti

540 2680 723 2749 priore
771 2686 1033 2747 tempore,
1072 2676 1141 2732 de
1173 2692 1281 2747 quo
1317 2677 1508 2732 beatus
1538 2674 1706 2732 Jonas
1744 2676 2007 2748 propheta
2038 2676 2120 2729 lo-

538 2771 749 2841 quitur,
773 2786 884 2826 sua:
905 2769 1086 2842 gratiae
1107 2768 1364 2824 indicium
1383 2766 1529 2821 Deus
1561 2765 1706 2831 fecit,
1731 2765 1860 2820 dum
1894 2773 2120 2835 repente

539 2862 793 2933 Assyrios
852 2876 1042 2917 omnes
1087 2859 1152 2913 ad
1207 2859 1466 2913 virtutem
1520 2859 1825 2914 convertit:
1859 2858 1934 2911 ita
1968 2871 2119 2912 nunc

539 2954 757 3009 eosdem
797 2952 1099 3009 sceleribus
1134 2953 1329 3007 iterum
1360 2951 1593 3017 deditos,
1636 2949 1874 3005 maximo
1908 2955 1962 3004 et
1988 2949 2120 3003 bor-

510 3046 712 3101 'rendo
750 3045 977 3100 ultionis
1022 3059 1218 3121 genere
1260 3043 1441 3098 alfecit
1473 3060 1488 3097 :
1521 3051 1750 3114 utraque
1781 3057 1840 3097 re
1880 3055 2116 3112 genera-

542 3140 637 3193 tim
690 3138 940 3193 homines
993 3136 1270 3202 erudiens,
1303 3143 1359 3188 ut
1390 3140 1443 3191 et
1475 3136 1664 3206 gratia:
1691 3135 1812 3206 ejus
1842 3136 2116 3206 magnitu-

2224 1943 2441 2017 πληγὴν
2495 1944 2776 2013 ἐπήγαγεν
2808 1944 2837 1997 6
2892 1941 3023 2006 Θεὸς
3042 1983 3056 2008 ,
3088 1941 3296 2013 τρέψας
3337 1942 3395 1995 δὲ
3425 1942 3551 2008 τοὺς
3582 1942 3807 2007 λοιποὺς

2224 2039 2304 2101 εἰς
2353 2036 2531 2106 φυγὴν
2575 2034 2935 2106 πολυτρόποις
2988 2034 3352 2107 περιϐέϐληκε
3405 2036 3518 2098 τοῖς
3567 2038 3756 2096 κακοῖς
3782 2051 3800 2065 ο

2225 2127 2301 2200 (p.
2334 2127 2459 2199 326)
2490 2128 2585 2181 καὶ
2629 2126 2692 2180 τὸ
2733 2125 3042 2181 τελευταῖον
3085 2127 3181 2180 ἐπὶ
3217 2126 3317 2197 τῆς
3357 2126 3567 2191 οἰκείας
3616 2125 3808 2199 χώρας

2224 2217 2462 2288 γεγονὼς
2513 2216 2651 2290 μετὰ
2688 2217 2891 2289 πολλῆς
2934 2219 3035 2289 τῆς
3090 2218 3313 2291 ἀτιμίας
3353 2219 3729 2291 Σενναχηρεὶμ
3773 2222 3811 2275 6

2222 2310 2345 2364 τότε
2360 2310 2470 2364 τῶν
2501 2309 2806 2382 Ἀσσυρίων
2834 2309 3086 2380 βασιλεὺς
3103 2308 3201 2382 τὴν
3224 2310 3329 2363 ὑπὸ
3355 2310 3465 2365 τῶν
3495 2310 3637 2365 ἰδίων
3667 2311 3810 2366 υἰῶν

2225 2402 2613 2475 ὑπομεμένηκε
2660 2402 2907 2475 σφαγήν·
2955 2397 3057 2457 εἷθ’
3104 2401 3331 2474 ὕστερον
3377 2403 3473 2456 καὶ
3523 2403 3811 2468 παντελῶς

2223 2495 2401 2550 αὐτῶν
2430 2494 2528 2568 τὴν
2559 2494 2837 2567 βασιλείαν
2871 2496 3144 2561 καθεῖλεν,
3174 2495 3265 2551 διά
3293 2496 3403 2551 τῶν
3440 2496 3808 2552 Βαϐυλωνίων

2223 2583 2651 2656 πολιορκηθῆναι
2668 2584 2797 2657 παρ’
2813 2584 2994 2640 αὐτῶν
3012 2586 3437 2658 παρασκευάσας
3452 2585 3552 2657 τὴν
3572 2586 3622 2640 Ν
3628 2586 3806 2659 ινευὴ,

2223 2676 2366 2730 ῶστε
2414 2674 2512 2748 τὴν
2546 2675 3110 2750 πολυανθρωποτάτην
3156 2678 3253 2732 καὶ
3284 2678 3556 2750 περιφανῆ
3587 2679 3683 2733 καὶ
3711 2677 3811 2750 βα-

2226 2765 2399 2819 σιλίδα
2449 2766 2794 2837 αἰχμάλωτόν
2818 2784 2877 2821 τε
2912 2766 3164 2836 γενέσθαι
3196 2767 3290 2822 καὶ
3322 2770 3404 2831 εἰς
3429 2769 3663 2841 ἐρημίαν
3696 2786 3805 2824 κα-

2223 2857 2487 2928 ταστῆναι
2522 2857 2761 2930 παντελῆ
2798 2858 2909 2931 (45)
2930 2875 2945 2889 ο
2986 2858 3063 2924 ὡς
3093 2859 3200 2933 γὰρ
3234 2862 3293 2914 ἐν
3335 2863 3448 2925 τοῖς
3481 2861 3809 2933 προτέροις,

2225 2951 2369 3024 ἅπερ
2397 2954 2427 3006 6
2460 2951 2731 3023 μακάριος
2788 2953 2972 3016 Ἰωνᾶς
2996 2954 3024 3006 6
3051 2954 3336 3024 προφήτης
3369 2953 3674 3024 διηγεῖται,
3701 2955 3811 3027 τῆς

2224 3044 2444 3115 χάριτος
2478 3045 2577 3116 τὴν
2601 3043 2862 3110 ἐπίδειξιν
2895 3045 2924 3097 6
2948 3043 3081 3107 Θεὸς
3119 3045 3414 3115 ἐποιήσατο
3439 3046 3538 3115 τῆς
3568 3046 3805 3112 οἰκείας,

2224 3134 2470 3199 ἅπαντας
2499 3136 2699 3199 αὐτοὺς
2742 3134 2938 3206 ἀθρόον
2986 3133 3244 3206 μεταθεὶς
3286 3137 3380 3191 ἐπὶ
3427 3136 3488 3190 τὸ
3530 3139 3803 3209 κρεῖττον,

517 3226 723 3285 ’ἀίηοιη
773 3237 1042 3295 noseant,.
1079 3227 1349 3298 siquando
1418 3228 1531 3282 vult
1562 3242 1717 3283 suam
1764 3227 1818 3282 in
1867 3227 2113 3284 homines

2221 3219 2395 3286 οὕτως
2411 3221 2645 3277 ἐνταῦθα
2662 3221 2759 3292 τὴν
2774 3222 2974 3277 κακίαν
2994 3221 3436 3294 ἐπιδειξαμένους
3449 3225 3548 3297 τὴν
3570 3227 3804 3295 οἰκείαν,

542 3321 983 3378 benevolentiam
1010 3336 1361 3392 expromere:
1383 3327 1437 3376 et
1465 3319 1718 3375 vindictae
1748 3318 2127 3384 terrorem,si-

541 3415 760 3488 quando
794 3415 897 3469 hac
929 3414 1124 3485 dignos
1155 3414 1451 3481 existimat,
1479 3412 1573 3485 qui
1610 3412 1949 3485 pervicacem
1984 3427 2113 3483 pec-

541 3507 700 3561 candi
733 3508 1059 3562 sententiam
1103 3507 1364 3563 retinent.

2227 3315 2460 3389 μεγίστῃ
2495 3315 2602 3371 τινὶ
2652 3314 2748 3370 καὶ
2776 3314 2985 3387 φοϐερᾷ
3017 3315 3381 3387 περιϐέϐληκε
3418 3320 3485 3390 τῇ
3521 3318 3802 3392 τιμωρίᾳο

2219 3409 2287 3463 δι’
2317 3408 2644 3480 ἀμφοτέρων
2674 3408 2918 3473 ἅπαντας
2949 3407 3218 3462 παιδεύων
3248 3407 3589 3481 ἀνθρώπους,
3623 3410 3702 3475 ῶς
3731 3410 3803 3466 ἂν

2220 3501 2317 3555 καὶ
2348 3500 2409 3554 τδ
2450 3500 2551 3571 τῆς
2576 3499 2815 3572 ,χάριτος
2846 3498 3011 3554 αὐτοῦ
3051 3500 3281 3571 μέγεθος
3328 3501 3519 3556 εἰδεῖεν
3549 3501 3699 3556 ὁπότ’
3731 3502 3803 3558 ἂν

539 3601 699 3674 ἐθέλῃ
718 3600 842 3668 περὶ
868 3599 993 3663 τοὺς
1013 3598 1331 3672 ἀνθρώπους
1358 3597 1454 3670 τὴν
1474 3597 1676 3652 οἰκείαν
1699 3591 2100 3651 ἐπιδείκνυσθαι
2122 3589 2453 3662 φιλοτιμίαν,
2502 3590 2597 3644 καὶ
2643 3591 2747 3663 τῆς
2787 3589 3059 3664 τιμωρίας
3082 3590 3175 3646 τὸν
3200 3589 3363 3663 φόϐαν
3392 3592 3470 3647 ὅτ’
3501 3592 3569 3650 ἂν
3592 3591 3801 3666 ταύτης

539 3694 720 3762 ἀξίους
756 3689 893 3747 εἶναι
926 3689 1120 3766 νομίζῃ
1149 3692 1274 3757 τοὺς
1301 3690 1624 3764 ἀδιόρθωτον
1657 3690 1749 3744 ἐπὶ
1780 3688 1858 3759 τῷ
1884 3686 2095 3742 πταίειν
2123 3682 2342 3755 ἔχοντας
2366 3683 2466 3756 τὴν
2497 3681 2742 3754 γνώμην.

606 3788 740 3845 Illud
776 3789 941 3859 igitur
967 3787 1135 3843 Jonas
1164 3787 1426 3858 propheta
1480 3785 1739 3849 declarat,
1770 3784 1875 3838 hoc
1932 3781 2119 3837 Nabu-

538 3898 685 3946 mus,
712 3882 973 3936 ultionem
1008 3878 1314 3934 vaticinans
1358 3877 1708 3932 multifariam
1741 3877 1797 3931 in
1843 3890 1940 3931 eos
1966 3890 2120 3931 exse-

539 3972 790 4036 rendam,
829 3970 919 4041 qui
966 3976 1114 4021 tanta
1148 3966 1404 4037 superbia
1438 3966 1701 4021 adversus
1748 3964 2018 4021 Israelitas
2049 3978 2115 4018 ac

538 4062 917 4132 Hierosolyma
950 4061 1033 4114 usi
1078 4059 1324 4121 fuerant,
1359 4073 1569 4114 necnon
1600 4065 1790 4114 contra
1835 4058 2116 4113 universa-

538 4159 664 4220 lem,
723 4153 1119 4224 quieolebatur
1169 4151 1393 4213 ibidem,
1424 4150 1614 4206 Deum.
1670 4149 1826 4207 Unde
1857 4148 2113 4204 omnibus

536 4246 755 4309 claruit,
822 4242 963 4298 haud
1008 4241 1402 4313 permissurum
1462 4238 1627 4295 Deum
1661 4239 1832 4296 fuisse
1879 4239 1993 4294 inec
2031 4238 2111 4294 ls-

504 4374 509 4383 ς
535 4337 744 4393 raelitis
774 4337 913 4390 mala
951 4335 1019 4388 ah
1053 4333 1293 4404 Assyriis
1321 4332 1588 4395 accidere,
1625 4333 1728 4388 nisi
1760 4333 1874 4388 haec
1905 4330 2111 4402 perpeti

532 4430 604 4485 ob
630 4446 782 4485 suam
800 4429 1129 4498 impietatem
1152 4425 1345 4495 dignos
1369 4439 1427 4480 se
1449 4424 1826 4495 praebuissent.
1858 4424 1969 4495 Age
1984 4436 2112 4479 vero

500 4530 820 4593 ,postquam
874 4517 1081 4574 Ποιητοί
1126 4519 1270 4589 passi
1306 4526 1435 4573 sunt
1467 4516 1607 4571 mala
1649 4516 1717 4570 ab
1743 4515 1986 4587 Assyriis
2010 4515 2111 4568 im-

532 4620 712 4681 pacta,
749 4612 1007 4678 illamque
1053 4608 1394 4678 pertulerunt
1429 4605 1821 4677 captivitatem,
1850 4604 1980 4659 dum
2006 4605 2110 4658 im-

524 4704 751 4774 pietatis
785 4716 896 4755 sum
912 4713 1116 4768 poenas
1168 4698 1499 4767 penderent;
1534 4705 1935 4767 consequenter
1965 4694 2109 4749 Deus

533 4795 599 4847 ad
654 4809 770 4856 eos,
822 4792 913 4861 qui
957 4789 1297 4844 calamitates
1341 4788 1462 4843 illas
1516 4787 1913 4850 conflaverant,
1969 4787 2106 4841 iram

534 4899 689 4941 suam
724 4881 1050 4947 transtulit,
1090 4879 1303 4934 consilii
1362 4880 1639 4934 vesaniam
1683 4879 1940 4948 puniens,
1999 4892 2108 4945 quo

542 4977 663 5032 ausi
698 4976 915 5030 fuerant
945 4983 1135 5028 contra
1179 4972 1345 5027 Deum
1372 4971 1601 5041 ejusque
1632 4969 1929 5025 familiares
1956 4984 2108 5024 arma

530 5084 747 5140 capere.
784 5063 1247 5138 lgiturlsraelitas
1302 5062 1544 5133 quidem,
1605 5076 1705 5116 ceu
1740 5061 1900 5132 213
1933 5076 2108 5130 pruna:

528 5163 796 5217 obnoxios
850 5159 920 5214 ob
962 5159 1290 5228 impietatem
1330 5163 1385 5210 et
1424 5161 1650 5224 peccata
1681 5169 1802 5217 sua,
1839 5155 1920 5209 sic
1943 5154 2102 5224 affligi

527 5253 809 5323 permisit;
878 5250 1133 5322 Assyrios
1174 5257 1368 5303 autem
1433 5245 1526 5317 qui
1584 5245 1814 5301 crimine
1879 5247 2104 5318 proprio

531 5344 772 5399 llebrreis
808 5332 1021 5396 molesti
1043 5340 1275 5403 fuerant,
1299 5334 1609 5392 necessario
1626 5335 1839 5405 punivit
1860 5352 1924 5391 ac
1951 5337 2100 5393 ultus

526 5437 943 5499 est,,propterea
1002 5427 1147 5498 quod
1200 5426 1365 5479 animi
1437 5425 1656 5481 v'esania
1723 5439 1788 5479 ac
1834 5427 2108 5496 pravitate

528 5520 697 5584 ducti,
742 5521 797 5573 in
837 5526 1045 5573 tantum
1079 5518 1304 5573 sceleris
1341 5525 1625 5581 venerant,
1665 5525 1722 5571 ut
1748 5525 2014 5588 quantum
2047 5521 2102 5577 in

544 5678 555 5683 ’
602 5659 713 5730 (4⁸5)
739 5657 962 5730 Ninives
991 5674 1018 5730 a
1042 5656 1350 5730 Babyloniis
1382 5663 1664 5730 capturam
1682 5671 1742 5730 et
1768 5660 2090 5730 destructio.

532 5726 651 5788 nem
676 5736 861 5783 narrat
887 5726 1169 5798 Diodorus
1188 5728 1405 5782 Siculus
1421 5727 1515 5781 lib.
1543 5741 1609 5798 ll,
1631 5726 1722 5798 ἓξ.
1747 5735 1801 5780 et
1823 5728 1926 5798 29.;
1948 5745 2086 5798 prm-

512 5804 739 5860 dixerat
768 5806 992 5857 sanctus
1019 5797 1225 5858 Tobias,
1248 5811 1369 5869 cap.
1400 5812 1512 5865 xw,
1545 5796 1598 5851 6.
1641 5795 1824 5853 Aitate
1860 5795 2078 5856 demum

2298 3777 2515 3833 Ἐκεῖνα
2558 3779 2657 3851 μὲν
2689 3772 2783 3833 οῦν
2824 3779 3008 3845 Ἰωνᾶς
3032 3781 3062 3835 6
3090 3782 3377 3855 προφήτης
3419 3782 3601 3855 δηλοῖ’
3631 3791 3797 3844 ταυτὶ

2212 3871 2269 3925 δέ
2298 3873 2327 3926 6
2356 3872 2572 3942 Ναοὺμ,
2607 3871 2707 3945 τὴν
2744 3873 3015 3944 τιμωρίαν
3043 3871 3216 3943 λέγων
3253 3875 3352 3946 τὴν
3391 3875 3654 3942 ποικίλως
3690 3880 3795 3934 αὔ·-

2211 3965 2324 4026 τοῖς
2362 3961 2662 4031 ἐπάγεσθαι
2689 3961 3010 4035 μέλλουσαν,
3047 3963 3191 4036 ὑπὲρ
3219 3957 3296 4018 ὧν
3316 3965 3557 4038 τοσούτῳ
3589 3971 3796 4043 φρονή-

2215 4074 2346 4129 ματι
2385 4056 2528 4111 κατά
2563 4073 2624 4110 τε
2658 4056 2768 4111 τῶν
2826 4057 3174 4130 Ἰσραηλιτῶν
3208 4060 3514 4132 ἐχρήσαντο
3557 4062 3652 4117 καὶ
3690 4064 3798 4135 τῆς

2222 4148 2600 4221 Ἰερουσαλὴμ,
2620 4149 2718 4220 ἀρ.
2748 4149 2873 4220 325)
2900 4150 2995 4204 τοῦ
3021 4167 3083 4205 τε
3105 4152 3164 4205 ἐν
3187 4153 3323 4223 αὐτῇ
3349 4152 3793 4226 θεραπευομένου

2210 4240 2319 4295 τῶν
2361 4240 2499 4295 ὅλων
2549 4241 2684 4295 Θεοῦ
2709 4258 2721 4270 ·
2770 4242 2839 4296 δι’
2886 4234 2961 4297 ὧν
3009 4242 3214 4299 ἅπασιν
3242 4244 3451 4314 ἐγίνετο
3495 4246 3680 4318 δῆλον,
3702 4248 3794 4302 δτι

2210 4333 2322 4388 οὔτ’
2349 4334 2414 4389 ἂν
2444 4337 2627 4389 ἐκεῖνα
2669 4335 2860 4390 παθεῖν
2901 4335 3245 4408 συνεχώρησε
3275 4340 3407 4409 παρ’
3434 4338 3616 4393 αὐτῶν
3657 4341 3793 4406 τοὺς

2223 4427 2583 4500 Ἰσραηλίτας,
2609 4430 2657 4482 εἰ
2686 4428 2761 4500 μὴ
2786 4428 2880 4482 τοῦ
2908 4427 3132 4482 τοιαῦτα
3157 4427 3347 4483 παθεῖν
3367 4430 3436 4484 δι’
3461 4423 3535 4484 ὧν
3564 4429 3792 4487 ἐσέϐουν

2213 4519 2367 4574 αὐτοὶ
2395 4519 2670 4590 παρέσχον
2712 4519 2940 4582 ἑαυτοὺς
2977 4517 3193 4584 ἀξίους·
3227 4518 3322 4574 καὶ
3349 4519 3537 4593 ἐπειδὴ
3586 4521 3794 4575 πεπόν-

2213 4610 2368 4664 θασιν
2412 4603 2558 4663 οὗτοι
2590 4609 2659 4664 τά
2703 4610 2832 4680 παρ’
2863 4611 3086 4664 ἐκείνων
3125 4610 3311 4675 αὐτοῖς
3337 4612 3646 4683 ἐπαχθέντα
3688 4616 3794 4669 καὶ

2208 4700 2306 4770 τὴν
2349 4699 2727 4769 αἰχμαλωσίαν
2775 4701 3297 4772 ύπερμεμενήκασιν
3343 4703 3580 4775 ἐκείνην,
3626 4703 3792 4771 δίκας

2209 4790 2307 4860 τῆς
2330 4789 2583 4853 ἀσεϐείας
2603 4790 2835 4855 διδόντες
2866 4792 2966 4862 τῆς
3004 4792 3231 4856 οἰκείας,
3260 4793 3569 4859 ἀκολούθως
3595 4797 3624 4849 ό
3649 4795 3794 4862 Θεὸς

2208 4882 2301 4935 ἐπὶ
2352 4883 2480 4946 τοὺς
2523 4883 2746 4937 τοιαῦτα
2788 4884 3158 4954 πεποιηκότας
3206 4885 3449 4955 μετάγει.
3485 4886 3581 4959 τὴν
3610 4886 3793 4961 ὀργὴν

2207 4972 2616 5045 τιμωρούμενος
2665 4976 2899 5039 αὐτοὺς.
2935 4975 3077 5046 ὑπὲρ
3122 4968 3195 5028 ὧν
3238 4976 3513 5050 μοχθηρίᾳι
3556 4977 3793 5053 γνώμης

2203 5066 2532 5137 πεποιήκασί
2575 5084 2635 5121 τε
2667 5069 2763 5122 κεν)⁹
2807 5066 3174 5137 τετολμήκασι
3214 5068 3357 5121 κατά
3399 5083 3459 5120 τε
3494 5067 3590 5121 τοῦ
3638 5070 3789 5125 Θεοῦ

2201 5159 2296 5214 καὶ
2336 5159 2445 5213 τῶν
2478 5158 2630 5229 αύτῷ
2654 5158 3071 5230 προσηκόντων·
3115 5160 3243 5220 τοὺς
3281 5159 3381 5230 μὲν
3407 5159 3520 5231 γὰρ
3561 5160 3794 5233 Ἰσραης

2199 5251 2352 5317 λίτας
2398 5252 2474 5316 ώς
2504 5252 2688 5320 ἀξίους
2733 5250 2992 5306 τοιούτων
3043 5250 3184 5322 ὑπὲρ
3212 5243 3287 5304 ὧν
3335 5251 3560 5305 ἐσέϐουν
3589 5268 3649 5305 τε
3682 5254 3791 5309 καὶ

2199 5344 2512 5415 ἡμάρτανον
2535 5344 2620 5396 εῐα
2649 5341 2866 5404 παθεῖν,
2897 5342 3024 5405 τοὺς
3052 5341 3192 5396 δὲέκ
3216 5340 3317 5411 τῆς
3343 5342 3549 5407 οἰκείας
3572 5343 3790 5416 μοχθη..

2195 5434 2318 5506 ρίας
2352 5435 2576 5489 τοιαῦτα
2619 5434 2740 5488 κατ’
2781 5433 2962 5489 αὐτῶν
3008 5433 3409 5505 πεποιηκότας,
3459 5435 3787 5505 ἀναγκαίως

2193 5524 2370 5596 ὑπῆγε
2423 5528 2488 5597 τῇ
2530 5524 2800 5596 τιμωρίᾳ,
2834 5522 2991 5587 δίκας
3036 5522 3237 5586 αὐτοὺς
3286 5523 3779 5597 εἰσπραττόμενος,

2192 5673 2379 5719 nostra
2391 5678 2644 5719 enormes
2669 5662 2815 5718 illius
2841 5661 3018 5717 ruina:
3038 5674 3100 5716 ac
3124 5669 3481 5719 monumenta
3500 5659 3782 5718 eﬂodiun-

2188 5742 2280 5791 tur
2309 5733 2586 5791 Gallorum
2612 5731 2919 5803 sumptibus
2948 5740 3002 5788 et
3036 5730 3326 5789 industria.
