4118 6486
186 435 286 496 ωι

1241 427 1794 486 COMMENTARIUS
1833 425 1898 480 IN
1938 425 2214 484 NAllUMl
2254 428 2406 484 CAP.
2448 429 2492 484 1.

3383 414 3500 479 4οὲ

183 555 334 628 ὑπὲρ
368 549 453 611 ὢν
482 553 721 627 ἀπονοία
748 571 808 608 τε
844 552 938 608 καὶ
972 550 1250 626 μοχθηρίᾳ
1285 550 1512 623 γνώμης
1548 550 1794 620 ἑλόμενοι

1907 545 2036 617 ipsis
2056 552 2174 600 erat
2201 546 2401 601 bellum
2436 543 2546 599 Deo
2587 544 2904 600 indixerint.
2935 542 3053 598 1am
3083 540 3246 598 siculi
3281 540 3499 605 Abdias

184 647 327 719 πρὸς
359 646 634 702 τοσοῦτον
656 645 954 713 ἐξώκειλαν
982 644 1259 707 ἀσεϐείας,
1293 641 1434 695 ὥστε
1460 644 1556 696 καὶ
1586 641 1679 693 ἐπὶ
1707 639 1797 693 τὸν

183 740 321 796 Θεὸν
352 739 609 811 ἄρασθαι
644 739 885 809 πόλεμον
921 738 985 792 τό
1007 755 1072 808 γε
1098 739 1185 791 ἐπ’
1216 737 1401 799 αὐτοῖς
1426 752 1439 766 ⁸
1469 733 1660 805 ὥσπερ
1688 734 1798 805 γὰρ

185 836 214 888 ὁ
254 830 490 887 Ἀϐδιοῦ
515 831 618 904 τὴν
646 830 793 885 κατὰ
821 828 932 884 τῶν
976 828 1296 901 Ἰδουμαίων
1317 827 1467 897 λέγει
1494 825 1807 897 τιμωρίαν,

186 928 253 999 ἡν
281 925 600 995 ὑπομένειν
631 923 866 996 ἤμελλον
896 921 1127 994 ὕστερον
1176 921 1316 993 μετὰ
1342 920 1442 994 τὴν
1485 918 1595 974 ἀπὸ
1623 918 1798 972 Βαϐυ-

188 1018 364 1082 λῶνος
400 1016 670 1072 ἐπάνοδον
697 1016 795 1070 τοῦ
824 1014 980 1081 λαοῦ,
1004 1015 1146 1087 ὑπὲρ
1162 1010 1236 1070 ὧν
1254 1012 1799 1085 πεπλημμελήκεσαν

189 1106 268 1169 εἰς
318 1104 432 1175 τὴν
482 1104 848 1176 Ἰερουσαλὴμ
892 1104 974 1168 εἷς
1016 1120 1075 1157 τε
1122 1104 1246 1168 τοὺς
1284 1103 1572 1167 οἰκοῦντας
1626 1101 1798 1173 αὐτὴν

189 1195 337 1251 κατὰ
367 1196 469 1250 τον
517 1195 712 1267 καιρὸν
740 1197 974 1261 ἐκεῖνον,
1021 1196 1183 1267 δῆλον
1222 1199 1290 1268 τῇ
1346 1195 1579 1268 μηνύσει
1631 1194 1831 1251 ποιῶν.

191 1286 271 1343 ὃτι
324 1287 487 1342 κατὰ
518 1287 750 1360 γνώμην
798 1286 936 1341 Θεοῦ
968 1287 1037 1342 τὰ
1087 1288 1218 1359 περὶ
1262 1288 1464 1351 αὐτοὺς
1507 1288 1803 1359 γενήσεται

191 1376 339 1441 τότε,
377 1374 564 1439 οὕτως
590 1377 620 1429 ὁ
659 1375 930 1447 μακάριος
962 1376 1162 1448 Ναοὺμ
1205 1378 1298 1431 ἐπὶ
1325 1378 1429 1447 τῆς
1455 1376 1640 1448 βίϐλου
1672 1378 1805 1433 ταύ-

191 1484 291 1538 της
333 1467 444 1539 τὴν
494 1468 960 1540 ἐπαχθησομένην
999 1472 1113 1533 τοῖς
1159 1469 1467 1543 Ἀσσυρίοις
1515 1472 1668 1543 παρὰ
1707 1469 1803 1526 τοῦ

191 1560 337 1614 Θεοῦ
382 1560 666 1632 τιμωρίαν
716 1561 918 1632 φησιν,
962 1562 1037 1632 (p.
1078 1562 1206 1633 526)
1241 1562 1419 1634 ἥνπερ
1457 1559 1549 1617 οὖν
1595 1564 1688 1618 καὶ
1716 1564 1806 1619 διὰ

194 1650 572 1707 Βαϐυλωνίων
624 1652 928 1724 ὑπέμειναν
970 1652 1198 1725 ὕστερον
1224 1671 1238 1685 ·
1286 1654 1469 1726 δηλῶν
1497 1655 1594 1709 καὶ
1642 1656 1805 1721 αὐτὸς

190 1745 273 1798 δτι
312 1742 469 1798 κατὰ
501 1742 734 1816 γνώμην
762 1744 900 1799 Θεοῦ
941 1746 1036 1800 καὶ
1064 1745 1265 1801 παθεῖν
1292 1744 1467 1801 ταῦτα
1498 1747 1551 1800 οἰ
1593 1748 1806 1821 Ἰσραη-

1897 638 2149 694 ldumans
2185 637 2335 692 canit
2377 637 2741 706 punitionem,
2799 650 2962 705 quam
3024 632 3222 689 deinde
3260 631 3484 703 passuri

1896 739 2074 798 erant,
2102 739 2221 801 post
2255 730 2466 785 llebraei
2514 728 2694 800 populi
2724 727 2998 800 Babylone
3027 726 3286 791 reditum,
3320 723 3391 778 ob
3422 738 3489 777 ea

1898 839 2022 896 quae
2047 824 2310 880 adversus
2345 821 2720 894 Hierosolyma
2747 807 3049 891 eorumque
3080 820 3292 875 incolas
3327 824 3489 873 antea

1870 917 2274 987 deliquerant;
2302 914 2618 986 signiﬁcans
2646 915 2873 970 omnino
2904 911 3042 977 fore,
3086 920 3140 965 ut
3172 911 3290 965 haec
3334 924 3363 963 a
3396 907 3489 963 Dei

1846 1008 1853 1014 ’
1899 1012 2182 1067 voluntate
2211 1010 2320 1065 illis
2347 1009 2633 1065 eveniant:
2663 1007 2737 1062 ita
2774 1008 2969 1063 beatus
2997 1006 3101 1061 hoc
3129 1005 3271 1061 libro
3306 1002 3493 1056 Nabu-

1900 1119 2026 1160 mus
2065 1112 2493 1175 superventuras
2540 1101 2783 1174 Assyriis
2822 1116 2853 1155 a
2884 1100 2992 1156 Deo
3027 1113 3220 1171 pmnas
3274 1097 3497 1164 recitat,

1902 1212 2041 1269 quas
2064 1211 2261 1267 reapse
2291 1211 2323 1250 a
2349 1193 2664 1267 Babyloniis
2683 1193 2927 1265 perpessi
2949 1200 3079 1249 sunt
3118 1200 3303 1264 postea
3332 1205 3345 1242 :
3376 1189 3493 1258 ipse

1902 1288 2107 1360 pariter
2128 1287 2447 1353 ostendens,
2500 1286 2962 1358 quemadmodum
2996 1284 3088 1338 Dei
3126 1292 3261 1338 nutu
3290 1289 3343 1336 et
3378 1281 3496 1335 haec

1901 1379 2223 1451 contingere
2268 1376 2530 1434 lsraelitis
2565 1377 2896 1448 permissum
2930 1376 3128 1444 fuerit;
3175 1381 3229 1429 et
3261 1371 3367 1442 ipsi
3392 1369 3495 1424 de-

1903 1486 2053 1527 mum
2078 1468 2290 1541 Assyrii
2322 1469 2530 1525 scelera
2554 1483 2652 1524 sua
2685 1477 2931 1539 tempore
2964 1468 3162 1522 idoneo
3205 1461 3496 1534 suppliciis

1903 1565 2170 1636 expiaturi
2196 1572 2402 1620 essent.
2440 1562 2505 1617 Et
2522 1562 2647 1617 libri
2677 1561 2899 1631 quidem
2925 1567 3305 1632 argumentum
3328 1556 3483 1625 ejus-

1902 1658 2049 1714 modi
2078 1664 2183 1715 est.
2217 1655 2375 1712 Nunc
2410 1656 2478 1712 ad
2512 1655 2725 1727 singula
2771 1651 3111 1725 explananda
3168 1648 3503 1705 incumben-

1904 1751 2035 1807 dum
2062 1760 2171 1806 est.

188 1839 337 1894 λῖται
384 1838 482 1894 διὰ
526 1841 629 1913 τὴν
668 1840 879 1895 οἰκείαν
926 1843 1390 1915 συνεχωρήθησαν
1427 1843 1712 1900 ἀσέϐειαν·
1746 1846 1840 1900 καὶ
1882 1845 2158 1918 Ἀσσύριοί
2200 1862 2265 1915 γε
2297 1846 2396 1916 τῆς
2440 1844 2696 1909 ἀπονοίας
2737 1844 2837 1913 τῆς
2880 1841 3090 1897 ἑαυτῶν
3127 1838 3270 1894 κατὰ
3304 1835 3540 1909 καιρδνο

189 1932 469 2003 ἀνάλογον
509 1928 593 1997 οἷς
621 1934 1168 2008 πεπλημμελήκεσαν
1207 1935 1441 1991 δώσουσι
1480 1939 1660 2013 δίκην.
1690 1941 1771 1996 Τὰ
1804 1941 1903 2013 μὲν
1939 1940 2005 2015 δὴ
2039 1941 2136 2013 τῆς
2183 1940 2495 2003 ὑποθέσεως
2528 1935 2622 1992 τοῦ
2659 1935 2867 2009 βιϐλίου
2915 1933 3091 1989 ταῦτα
3117 1948 3129 1962 ·
3162 1928 3496 2002 προσεκτέον
3534 1968 3543 1973 .

190 2027 251 2082 ει
269 2030 393 2093 τοῖς
428 2027 576 2083 κατὰ
611 2029 779 2100 μέρος
801 2030 1013 2087 λοιπόν.

882 2122 1043 2176 ΚΕΦ.
1073 2123 1152 2179 Α’.

262 2211 427 2284 Στίχ.
463 2218 540 2270 α’.
590 2243 653 2254 -
701 2231 722 2265 ι
776 2213 988 2285 Λῆμμα
1034 2214 1271 2288 Νινευὴ,
1311 2215 1515 2288 βιϐλίον
1560 2218 1805 2291 ὁράσεως

188 2300 403 2374 Nae-by.
435 2302 537 2356 τοῦ
586 2303 922 2359 Ἐλκεσαίου.
968 2324 988 2358 ι
1016 2306 1189 2361 Τοῦτο
1234 2307 1334 2378 μὲν
1378 2304 1473 2362 οὖν
1512 2309 1545 2380 ὴ
1580 2307 1807 2362 εἰωθυῖα

186 2393 494 2465 ἐπιγραφὴ
532 2394 643 2451 τῶν
671 2396 1031 2467 προφητικῶν
1058 2416 1072 2429 ο
1100 2398 1195 2453 τοῦ
1225 2399 1515 2471 λήμματος
1540 2400 1599 2454 δὲ
1624 2416 1803 2473 σαφη-

186 2487 344 2541 νίσαι
374 2487 654 2559 προσήκει
672 2488 775 2559 τὴν
787 2488 1027 2543 διάνοιαν
1049 2507 1063 2522 ·
1083 2491 1144 2545 ἐν
1163 2492 1262 2562 μὲν
1284 2488 1483 2565 γὰρῆν
1501 2493 1564 2547 τὸ
1580 2492 1806 2564 Πνεῦμα

185 2576 253 2630 τὺ
289 2577 483 2647 ἅγιον,
512 2576 543 2630 ὃ
568 2580 679 2642 τοῖς
707 2578 815 2634 τῶν
841 2578 1101 2636 τοιούτων
1125 2581 1451 2654 ἠξιωμένοις
1478 2583 1576 2655 τὴν
1599 2585 1808 2639 οἰκείαν

191 2670 510 2742 παρείχετο
550 2670 713 2743 χάριν
735 2687 746 2702 ’
777 2671 963 2737 καθὼς
998 2674 1026 2727 ὁ
1060 2676 1333 2747 μακάριος
1358 2674 1572 2741 Παῦλός
1603 2694 1769 2747 φησιν
1789 2694 1804 2721 -°

194 2779 218 2813 α
265 2762 541 2833 Ἔχοντες
586 2761 645 2814 δὲ
682 2762 818 2815 αὐτὸ
850 2761 1074 2835 Πνεῦμα
1119 2763 1219 2835 τῆς
1268 2763 1507 2829 πίστεως
1560 2767 1702 2819 κατὰ
1746 2763 1810 2817 τὸ

190 2853 638 2925 γεγραμμένονο
693 2854 1057 2920 Ἐπίστευσα,
1103 2855 1186 2909 διο
1236 2856 1333 2910 καὶ
1384 2855 1657 2928 ἐλάλησαο
1713 2856 1810 2911 καὶ

191 2948 361 3017 ἡμεῖς
405 2947 770 3019 πιστεύομεν.
811 2947 891 3001 διὸ
936 2949 1031 3003 καὶ
1071 2947 1376 3021 λαλοῦμεν·
1429 2968 1449 3002 ι
1481 2949 1698 3014 δεικνὺς
1728 2950 1810 3003 ὅτι

190 3039 294 3110 τῆς
322 3038 510 3109 αὐτῆς
539 3037 637 3092 τοῦ
654 3039 815 3108 ἁγίου
846 3039 1174 3112 Πνεῦματος
1206 3040 1434 3113 χάριτος
1462 3041 1602 3095 οἵτε
1637 3042 1808 3096 πάλαι

195 3135 484 3205 μετεῖχον,
516 3134 612 3188 καὶ
640 3136 688 3188 οἰ
721 3132 800 3205 τῷ
831 3134 931 3205 τῆς
953 3136 1167 3208 Καινῆς
1188 3136 1467 3210 Διαθήκης
1499 3140 1808 3211 ὑπερητού-

196 3241 351 3293 μενοι
380 3226 682 3297 μυστηρίῳ
699 3243 714 3258 ο
738 3224 987 3299 διάφοροι
1009 3227 1067 3282 δὲ
1097 3228 1238 3300 πρὸς
1261 3230 1324 3285 τὸ
1357 3234 1687 3301 κατεπεῖγον
1708 3233 1809 3305 τῆς

192 3318 397 3389 χρείας
423 3319 787 3375 ἐπετελοῦντο
815 3323 870 3375 αἰ
895 3321 1196 3395 ἐνέργειαι·
1225 3341 1244 3375 ι
1285 3325 1596 3397 Διαιρέσεις
1625 3326 1756 3398 γὰρ,
1783 3347 1803 3380 ι

193 3414 355 3482 φησι,
395 3432 420 3466 ‹
451 3413 820 3485 χαρισμάτων
847 3415 984 3480 εἰσί,
1015 3416 1076 3470 τὸ
1097 3416 1154 3470 δὲ
1183 3417 1317 3471 αὐτὸ
1346 3418 1601 3491 Πνεῦμα.
1640 3439 1658 3472 ι
1687 3422 1810 3475 Διά-

193 3520 342 3575 φορα
377 3504 487 3575 μὲν
518 3500 672 3559 εἶναι
693 3505 763 3560 τά
792 3506 1047 3579 διδόμενα
1077 3507 1275 3579 λέγων,
1306 3509 1364 3565 ἐν
1392 3510 1451 3565 δὲ
1478 3510 1541 3565 τὸ
1568 3512 1808 3585 παρέχον

194 3596 430 3651 ἅπαντα
459 3596 718 3668 Πνεῦμα.
764 3597 950 3653 Εἰπὼν
979 3599 1112 3669 γοῦν
1139 3603 1236 3655 καὶ
1263 3601 1358 3656 τὸν
1390 3602 1501 3657 τῶν
1534 3604 1811 3676 χαρισμά-

192 3705 308 3742 των
356 3690 711 3759 κατάλογον,
746 3711 765 3744 ι
808 3686 880 3764 ᾯ
924 3694 1024 3763 μὲν
1065 3694 1178 3768 γάρ
1217 3695 1308 3751 διὰ
1338 3695 1434 3750 τοῦ
1489 3695 1810 3770 Πνεύματος

192 3780 407 3836 δίδοται
436 3783 602 3853 λόγος
649 3784 842 3854 σοφίας
864 3824 880 3850 ,
909 3785 1056 3859 άλλῳ
1086 3786 1144 3841 δὲ
1187 3787 1345 3857 λόγος
1375 3787 1636 3858 γνώσεως
1663 3790 1809 3845 κατὰ

195 3877 261 3932 τὸ
289 3880 435 3933 αὐτὸ
464 3878 699 3951 Πνεῦμα
725 3922 740 3948 ,
782 3900 802 3933 ι
847 3882 944 3936 καὶ
975 3882 1044 3935 τὰ
1069 3882 1201 3953 ἑξῆς
1268 3883 1288 3957 (
1311 3898 1366 3954 p.
1409 3883 1536 3953 327)
1572 3885 1772 3955 ἐπάγει
1791 3901 1807 3917 ·

201 3991 228 4023 σ-
263 3972 461 4027 Ταῦτα
506 3972 569 4027 δέ
614 3975 797 4028 πάντα
824 3976 1042 4046 ἐνεργεῖ
1088 3975 1151 4028 τὸ
1182 3974 1242 4028 ἒν
1276 3975 1373 4029 καὶ
1418 3977 1553 4031 αὐτὸ
1579 3977 1811 4048 Πνεῦμα

193 4062 452 4137 διαιροῦν
483 4064 597 4137 ἰδίᾳ
637 4066 856 4137 ἑκάστῳ
895 4065 1083 4132 καθὼς
1119 4066 1392 4138 βούλεται⁸
1423 4086 1442 4120 ι
1481 4066 1695 4133 δεικνὺς
1727 4070 1809 4123 ὅτι

195 4157 290 4222 ὑφ’
338 4158 470 4223 ἐνὸς
514 4157 611 4211 τοῦ
654 4157 813 4226 ἁγίου
864 4158 1188 4229 Πνεῦματος
1221 4157 1441 4212 ἅπαντα
1487 4160 1806 4231 ἐνηργεῖτο·

195 4249 547 4323 πολύτροποι
574 4250 633 4303 δὲ
658 4251 750 4304 καὶ
781 4250 923 4304 κατὰ
951 4250 1053 4321 τὴν
1076 4250 1268 4322 χρείαν
1298 4251 1601 4320 ἐνεγίνοντο
1624 4251 1810 4318 αὐτοῖς

196 4340 507 4411 ἐνέργειαι,
562 4339 688 4395 καθ’
738 4339 807 4404 ἃς
843 4341 943 4413 τὴν
990 4338 1336 4409 ἀποκάλυψιν
1399 4339 1647 4411 ἐδέχοντο
1695 4338 1809 4395 τῶν

194 4434 552 4503 ἀναγκαίων.
629 4433 918 4489 Ἐκστάσει
969 4431 1070 4505 μὲν
1119 4426 1214 4486 οὖν
1253 4432 1494 4496 ἅπαντες
1542 4429 1619 4494 ὥς
1662 4429 1809 4495 εἰκὸς

196 4526 307 4581 τῶν
350 4525 828 4599 ἁποῤῥητοτέρων
882 4525 1129 4596 ἐδέχοντο
1175 4525 1272 4597 τὴν
1302 4524 1530 4594 γνῶσιν,
1577 4522 1810 4595 ἐπείπερ

196 4619 326 4692 ἐνῆν
362 4620 578 4683 αὐτοὺς
618 4621 742 4684 ταῖς
785 4619 1020 4683 ἐννοίαις
1076 4618 1267 4693 πόρρω
1297 4635 1403 4673 που
1457 4618 1558 4690 τῆς
1601 4616 1812 4689 παρού-

199 4711 307 4783 σηξ
333 4711 742 4775 καταστάσεως
771 4710 1091 4781 γεγονότας,
1122 4710 1264 4765 obrui
1288 4710 1589 4783 δυνηθῆναι
1608 4714 1677 4783 τῇ
1698 4710 1810 4766 τῶν

2162 2070 2207 2075 __.
2312 2061 2375 2073 ...-

2582 2119 2736 2176 CAP.
2780 2117 2818 2172 l.

1978 2213 2146 2271 Vens.
2200 2214 2253 2270 1.
2312 2243 2381 2253 --
2430 2231 2449 2265 ι
2508 2212 2767 2277 Lemma,
2836 2210 3178 2281 assumptio,
3232 2208 3535 2275 Ninives,.

1906 2308 2047 2364 liber
2080 2307 2311 2364 visionis
2349 2305 2582 2361 Nahumi
2626 2305 2870 2361 Elccsaei.
2911 2323 2930 2356 ι
2977 2303 3075 2359 llic
3108 2304 3328 2373 quidem
3365 2317 3499 2357 con-

1907 2408 2099 2458 suetus
2143 2398 2412 2455 librorum
2454 2398 2901 2470 propheticorum
2928 2398 3123 2453 titulus
3148 2404 3232 2453 est
3269 2417 3283 2453 :
3332 2410 3499 2451 voca-

1907 2490 2027 2547 buli
2075 2499 2259 2546 tamen
2319 2492 2510 2545 ieiunia
2552 2490 2830 2545 notionem
2887 2491 3211 2555 enucleare,
3262 2489 3498 2560 pretium

1907 2599 2090 2656 operae
2118 2585 2242 2640 erit.
2269 2583 2571 2639 Unuserat
2591 2592 2821 2639 sanctus
2874 2581 3134 2652 Spiritus,
3176 2584 3269 2653 qui
3300 2582 3499 2636 horum

1908 2691 2197 2732 munerum
2234 2674 2419 2747 dignis
2446 2690 2602 2730 suam
2649 2675 2879 2748 gratiam
2910 2675 3318 2745 suppeditabat,
3357 2683 3499 2730 teste

1908 2768 2070 2824 beato
2104 2766 2307 2822 Paulo:
2352 2785 2370 2818 ι
2410 2766 2682 2823 Habentes
2717 2774 2898 2822 autem
2927 2767 3179 2821 eumdem
3228 2765 3497 2837 Spiritum

1910 2859 2061 2927 ﬁdei,
2094 2859 2255 2915 sicuti
2293 2861 2559 2930 scriptum
2592 2865 2676 2914 est
2710 2877 2723 2914 :
2758 2857 2999 2923 Credidi,
3034 2865 3322 2929 pmpterea
3350 2857 3501 2912 locu-

1910 2961 1999 3009 lus
2050 2967 2205 3021 sum;
2267 2960 2322 3007 et
2385 2966 2487 3007 nos
2541 2952 2668 3021 quia
2712 2948 3011 3015 credimus,
3066 2949 3273 3005 idcirco
3321 2950 3503 3020 loqui-

1910 3047 2108 3099 mur’.
2165 3064 2184 3097 ι
2230 3043 2443 3111 Quibus
2481 3043 2666 3099 verbis
2721 3042 3019 3114 signiﬁcat,
3073 3042 3263 3098 eadem
3322 3043 3502 3098 sancti

1913 3136 2153 3208 Spiritus
2182 3138 2358 3208 gratia
2384 3147 2500 3192 tum
2537 3144 2754 3193 veteres
2787 3136 2909 3192 illos
2933 3136 3156 3206 potitos,
3193 3146 3306 3190 tum
3334 3135 3499 3189 etiam

1910 3231 2248 3286 recentiores
2282 3229 2377 3300 qui
2421 3228 2560 3284 Novi
2609 3227 2943 3283 'l‘cstamenti
2976 3227 3237 3299 mysterio
3278 3241 3499 3296 operam

1912 3338 2066 3379 suam
2090 3323 2431 3378 locaverunt.
2472 3321 2713 3377 Diversae
2738 3335 2869 3375 vero
2900 3335 3000 3391 pro
3032 3321 3295 3375 instantia
3318 3320 3503 3390 operis

1914 3418 2318 3486 praestabantur
2348 3416 2637 3471 facultates
2674 3434 2686 3471 :
2722 3432 2741 3467 ι
2790 3414 3102 3470 Divisioncs
3131 3412 3299 3486 214
3330 3415 3500 3476 enim,

1914 3508 2119 3579 inquit,
2163 3510 2465 3580 gratiarum
2520 3515 2670 3575 sunt,
2703 3506 2847 3562 idem
2880 3517 3059 3561 tamen
3106 3504 3347 3577 Spiritus
3378 3507 3417 3560 ³.
3477 3525 3499 3558 ι

1912 3599 2141 3657 Diversa
2187 3599 2331 3655 dona
2371 3599 2468 3665 ait,
2526 3614 2696 3653 unum
2742 3598 3123 3663 nihilominus,
3161 3598 3254 3669 qui
3316 3599 3501 3653 omnia

1913 3694 2247 3765 suppeditat,
2299 3690 2588 3763 Spiritum.
2624 3691 2734 3745 lmo
2773 3698 2828 3746 et
2856 3692 3155 3761 gratiarum
3188 3691 3500 3762 catalogum

1912 3781 2143 3837 recitat:
2198 3799 2217 3831 ι
2258 3779 2364 3835 Alii
2413 3780 2633 3851 quidem
2676 3795 2774 3851 per
2817 3780 3080 3851 Spiritum
3121 3780 3285 3835 datur
3318 3795 3505 3837 sermo

1911 3876 2213 3946 sapientiae,
2261 3876 2352 3930 alii
2375 3890 2556 3931 sermo
2580 3875 2841 3932 scientize
2859 3876 3017 3947 juxta
3041 3875 3296 3931 eumdem
3333 3876 3502 3946 Spiri«

1912 3979 2028 4026 tum
2062 3971 2103 4024 ι.
2143 3990 2162 4023 ι
2190 3969 2328 4024 Tum
2358 3972 2568 4041 reliqua
2595 3970 2780 4026 subdit
2821 3988 2835 4025 :
2873 3990 2892 4022 ι
2941 3969 3066 4025 llaec
3097 3977 3281 4026 autem
3313 3972 3501 4026 omnia

1912 4070 2172 4134 operatur
2219 4079 2361 4120 unus
2396 4070 2451 4118 et
2502 4062 2647 4118 idem
2672 4061 2914 4133 Spiritus
2954 4063 3210 4121 dividens
3249 4078 3505 4120 seorsum

1912 4155 2144 4226 singulis
2178 4162 2341 4224 prout
2371 4153 2487 4208 vult
2515 4154 2558 4209 ⁸.
2605 4173 2625 4207 ι
2652 4153 2849 4209 Omnia
2892 4155 3105 4211 scilicet
3134 4158 3204 4211 ab
3237 4171 3348 4211 uno
3379 4156 3505 4227 Spi-

1911 4248 2021 4302 ritu
2056 4246 2172 4303 ﬁeri
2226 4247 2555 4314 conﬁrmat;
2599 4259 2857 4304 caeterum
2918 4250 3118 4317 varias,
3194 4258 3356 4320 prout
3410 4266 3501 4308 res

1911 4343 2172 4412 postulat,
2197 4340 2487 4397 facultates
2507 4341 2646 4406 dari,
2667 4357 2902 4411 quarum
2929 4357 3031 4412 ope
3045 4342 3506 4412 gravissimarum

1910 4448 2095 4490 rerum
2127 4433 2379 4489 notitiam
2402 4433 3068 4504 excipiebant-prophetae.
3092 4433 3278 4503 itaque
3294 4436 3498 4490 exstasi

1911 4527 2136 4599 quidem
2155 4541 2368 4593 omnes,
2388 4534 2450 4581 ut
2479 4526 2742 4582 credibile
2769 4533 2873 4593 est,
2902 4527 2969 4581 ad
3000 4526 3381 4583 sublimiorum
3406 4544 3499 4582 rc-

1911 4636 2035 4677 rum
2064 4619 2443 4693 cognitionem
2468 4619 2955 4691 comparabantur.
3004 4617 3304 4689 Oportebat
3351 4621 3498 4676 enim

1911 4720 2344 4770 eorum-mentes
2378 4712 2683 4783 aprzesenti
2716 4720 2914 4766 natura
2949 4711 3141 4782 procul
3174 4712 3389 4778 abesse,
3438 4722 3499 4768 ut

198 4801 584 4873 δεικνυμένων
619 4800 824 4874 θεωρία
855 4800 1215 4874 προσανέχειν
1241 4802 1409 4875 μόνῃο
1436 4804 1484 4857 εἰ
1520 4804 1628 4877 γὰρ
1656 4804 1807 4875 ἡμᾶς

1915 4806 2019 4861 uni
2060 4812 2289 4876 possent
2343 4802 2713 4860 revelatarum
2783 4815 2970 4857 rerum
3044 4802 3501 4873 contemplationi

196 4890 300 4962 οὐχ
322 4885 444 4946 οἶόν
474 4907 542 4944 τε
579 4891 784 4963 ἀκριϐῆ
825 4890 983 4963 παρὰ.
1009 4889 1120 4944 τῶν
1151 4891 1522 4946 παιδευόντων
1552 4890 1807 4963 δέχεσθαι

196 4985 299 5058 τὴν
334 4984 588 5057 μάθησιν
607 4986 709 5048 ,οεί
757 4984 841 5057 μὴ
872 4985 1096 5039 πάντων
1124 4985 1350 5050 ἑαυτοὺς
1385 4984 1810 5049 ἀποσπάσαντες

198 5081 298 5135 σὺν
336 5077 614 5151 ἀκριϐείᾳ
641 5077 812 5149 πολλῇ
866 5077 1234 5149 προσέχοιμεν
1259 5079 1374 5141 τοῖς
1402 5075 1742 5148 λεγομένοις,
1771 5076 1809 5147 ἡ

196 5172 303 5227 ποῦ
324 5190 394 5243 γε
419 5171 527 5235 τὰς
549 5170 694 5224 οὕτω
717 5169 958 5242 φοϐεράς
978 5187 1041 5224 τε
1069 5171 1165 5224 καὶ
1190 5168 1542 5241 ἀπορρήτους
1572 5167 1810 5240 θεωρίας

194 5264 433 5321 δυνατὸν
456 5262 532 5337 ἦν
558 5264 746 5328 αὐτοῖς
779 5263 1165 5335 ὑποδέχεσθαι,
1203 5263 1279 5337 μὴ
1308 5262 1388 5335 τῷ
1406 5263 1655 5335 λογισμῷ
1682 5263 1812 5335 πρό-

196 5374 353 5430 τερον
388 5357 541 5413 κατὰ
572 5356 667 5411 τὸν
692 5357 794 5425 τῆς
820 5355 1056 5428 θεωρίας
1076 5356 1269 5428 καιρὸν
1300 5353 1674 5426 ἐξισταμένοις
1702 5354 1812 5409 τῶν

196 5453 532 5523 παρόντωνς
561 5449 721 5504 οὕτω
755 5448 847 5503 τὸν
890 5450 1165 5520 μακάριον
1193 5448 1344 5518 λέγει
1375 5446 1585 5520 Πέτρον
1618 5448 1677 5500 ἐν
1715 5447 1810 5500 ἐκ-

196 5543 392 5597 στάσει
441 5540 714 5610 γεγονότα
749 5540 851 5613 τὴν
900 5540 1112 5594 σινδόνα
1161 5540 1291 5594 ἰδεῖν
1320 5540 1386 5592 ἐκ
1427 5536 1523 5592 τοῦ
1570 5536 1804 5609 οὐρανοῦ

1909 4913 2127 4955 vacare.
2158 4896 2296 4953 Nam
2326 4896 2374 4952 si
2398 4896 2514 4952 ﬁeri
2543 4895 2756 4965 nequit,
2781 4904 2841 4949 ut
2871 4909 2981 4950 nos
3011 4904 3268 4951 accurate
3302 4912 3331 4950 a
3359 4911 3502 4968 prae-

1909 4991 2226 5063 ceptorihus
2258 4990 2576 5046 imbuamur
2614 4988 2865 5044 doctrina
2913 4990 3116 5059 aliqua,
3147 4989 3253 5044 nisi
3294 4990 3503 5047 animis

1911 5082 1981 5137 ab
2005 5082 2156 5138 omni
2188 5082 2514 5152 evagatione
2545 5079 2822 5145 cohibitis,
2859 5080 3051 5135 sedulo
3072 5080 3495 5136 dictismcntcm

1909 5169 2266 5225 intendamus
2299 5187 2315 5226 :
2347 5184 2476 5224 num
2539 5170 2821 5239 propheta:
2852 5169 3133 5225 terriﬁcas
3170 5168 3307 5224 adeo
3332 5176 3498 5238 atque

1910 5262 2314 5320 inenarrabiles
2347 5262 2593 5319 visiones
2660 5264 2945 5333 percipere
2977 5262 3307 5333 potuissent,
3388 5263 3495 5316 nisi

1908 5365 2146 5412 mentem
2178 5362 2361 5421 antea,
2396 5369 2594 5425 nempe
2623 5354 2728 5410 sub
2766 5354 2944 5425 ipsum
2987 5353 3215 5410 v-isionis
3254 5362 3493 5424 tempus,

1906 5448 2271 5504 abalienatam
2336 5447 2573 5501 terrenis
2617 5446 2983 5505 habuissent?
3007 5446 3098 5502 Sic
3129 5445 3348 5501 beatum
3392 5444 3495 5501 Pe-

1904 5546 2049 5594 trum
2082 5537 2368 5610 Scriptura
2408 5537 2545 5593 dicit
2572 5538 2625 5591 in
2654 5539 2858 5593 exstasi
2887 5538 3124 5608 positum
3154 5538 3359 5594 vidisse
3374 5539 3496 5594 sin-

194 5633 697 5706 καταφερομένην
726 5630 918 5704 ἐπειδὴ
947 5635 981 5704 ἡ
1007 5633 1102 5687 τοῦ
1131 5631 1452 5704 Πνεῦματος
1474 5630 1636 5702 χάρις
1669 5630 1803 5701 πρό-

1907 5631 2100 5687 donem
2149 5631 2217 5687 de
2262 5630 2403 5685 coelo
2463 5629 2779 5685 demissam.
2841 5628 3080 5700 Spiritus
3119 5635 3265 5687 enim
3319 5631 3493 5702 gratia

190 5743 352 5803 τερον
386 5725 562 5781 αὐτοῦ
612 5726 712 5798 τὴν
746 5725 988 5780 διάνοιαν
1025 5726 1322 5779 ἀποσπᾶσα
1352 5722 1463 5777 τῶν
1495 5722 1801 5805 παρόντων,

1911 5732 2150 5804 mentem
2191 5721 2319 5793 ejus
2361 5722 2539 5793 primo
2593 5721 2862 5778 abstraxit
2924 5723 3317 5793 terrestribus,
3375 5731 3507 5781 tum-

272 5897 294 5927 ¹
317 5904 363 5961 11
395 5904 534 5963 Cor.
575 5919 654 5971 tv,
688 5906 777 5965 15.
857 5907 878 5939 ³
906 5904 1073 5963 lCor.
1110 5919 1205 5969 ιιι,
1231 5904 1284 5962 6.
1364 5903 1384 5935 ⁸
1414 5900 1623 5960 lbid.8.
1701 5902 1723 5935 ⁸
1755 5901 1890 5960 Ibid.
1923 5902 2011 5960 11.
