4118 6470
601 409 711 468 ιο3

1779 412 2131 471 THEODORI
2180 413 2409 472 ιιορευ
2420 412 2668 470 ESTENI

3760 412 3861 473 ιο).

604 526 782 598 ipsum
851 528 1109 587 idoneum
1166 529 1403 589 reddidit
1460 529 1963 587 demonstratarum
2003 546 2187 587 rerum

2314 529 2414 584 τότε
2449 528 2807 603 προσανέχειν
2844 532 2908 601 τῇ
2945 529 3152 602 θεωρία
3187 529 3572 603 παρεσκεύασε
3617 527 3728 583 τῶν
3759 528 3863 583 δει-

606 618 851 675 intuitui.
884 621 958 675 Ac
992 620 1158 677 veluti
1202 626 1257 680 in
1289 635 1483 677 somno
1513 619 1643 675 dum
1684 619 1953 691 tantisper
1998 634 2029 675 ιι
2055 634 2197 691 prae—

607 709 747 764 senti
771 710 1022 780 corporis
1046 710 1361 767 conditione
1389 710 1762 783 degredimur,
1796 709 2195 766 revelationum

609 798 879 871 imagines
910 803 1094 858 animo
1141 803 1434 872 recipimus
1483 820 1499 860 ;
1552 802 1633 859 sic
1688 801 1969 873 propheta;
2002 802 2199 872 migra-

555 882 561 909 ³
612 891 761 947 tione
782 893 1019 963 quadam
1057 895 1263 951 mentis
1284 896 1388 950 sub
1420 893 1596 951 sancti
1633 891 1873 964 Spiritus
1906 891 2195 949 eonsrituti

612 984 808 1052 gratia,
839 985 1057 1041 oblatas
1086 1000 1213 1042 mox
1239 1000 1329 1042 res
1359 985 1892 1055 contemplabantur.

681 1073 803 1131 Iam
848 1092 979 1134 vero
1022 1079 1083 1134 in
1127 1079 1232 1135 hac
1297 1079 1493 1151 positis
1538 1078 1856 1134 conditione
1911 1076 2188 1133 interdum

615 1167 836 1236 quidem
866 1170 977 1226 tale
1004 1172 1298 1227 exhibebat
1336 1170 1713 1242 magisterium
1744 1171 1922 1228 sancti
1955 1169 2195 1239 Spiritus

2291 620 2592 692 κνυμένων,
2631 621 2698 674 ἵν’
2749 622 2937 693 ὥσπερ
2974 622 3080 688 ἔξω
3110 622 3213 691 τῆς
3259 622 3544 694 παρούσης
3594 620 3867 693 γινόμενοι

2293 714 2679 777 καταστάσεως
2730 713 2854 768 καθ’
2912 712 3114 778 ὕπνους
3170 712 3281 768 τῶν
3334 713 3869 785 ἀποκαλυπτομένων

2293 804 2559 875 δεχόμεθα
2583 805 2682 877 τὴν
2713 803 2969 876 θεωρίαν,
2999 803 3143 859 οὕτω
3165 820 3284 870 πως
3316 808 3385 877 τῇ
3421 804 3750 871 μεταστάσει
3771 804 3872 875 τῆς

2294 896 2533 960 διανοίας
2559 896 2666 951 ὑπὸ
2693 896 2794 967 τῆς
2822 895 2918 951 τοῦ
2944 896 3100 966 ἁγίου
3132 896 3451 968 Πνεύματος
3485 896 3871 967 καθιστάμενοι

2296 987 2518 1059 χάριτος
2537 1028 2553 1054 ,
2584 988 2697 1041 τῶν
2715 988 3081 1059 δεικνυμένων
3112 988 3459 1059 ὑποδέχοιντο
3486 987 3586 1058 τὴν
3616 987 3873 1060 θεωρίαν.

2362 1084 2382 1152 (
2409 1098 2464 1153 p.
2498 1082 2623 1153 528)
2668 1083 2831 1137 Ἀλλὰ
2851 1083 2961 1156 γὰρ
2991 1086 3048 1137 ἐν
3082 1082 3308 1156 τοιαύτῃ
3353 1084 3690 1138 καταστάσει
3723 1100 3876 1153 γινο-

2295 1174 2480 1247 μένοις
2504 1174 2688 1239 αύτοίς
2714 1175 2845 1229 ποτέ
2879 1175 2977 1247 μὲν
3008 1174 3266 1246 τοιαύτην
3295 1173 3420 1229 τινὰ
3447 1174 3746 1245 παρείχετο
3776 1174 3881 1245 τὴν

618 1260 819 1330 gratia,
859 1270 922 1316 ut
952 1263 1059 1326 sibi
1090 1264 1407 1319 viderentur
1440 1263 1633 1318 audire
1661 1262 2067 1334 quodammodo
2097 1262 2198 1316 ali-

2314 1264 2643 1320 ῑιδασκαλίαν
2698 1265 2795 1319 τοῦ
2840 1267 2999 1336 ἁγίου
3051 1264 3372 1337 Πνεύματος
3424 1267 3457 1336 ἡ
3511 1265 3691 1337 χάρις,
3735 1263 3881 1317 ὥστε

619 1368 778 1421 quem
816 1354 1133 1424 loquentem
1171 1371 1378 1426 eosque
1402 1355 1785 1422 erudientem;
1829 1369 2005 1425 eoque
2039 1360 2200 1424 pacto

619 1443 1004 1500 imbuebantur
1030 1461 1211 1501 rerum
1233 1462 1354 1518 qua:
1372 1462 1515 1518 opus
1531 1454 1691 1503 erant
1717 1446 2047 1516 cognitione.
2076 1444 2199 1499 Sic-

618 1534 698 1589 uti
741 1550 927 1591 revera
976 1537 1170 1594 beatus
1231 1537 1428 1595 Petrus
1496 1536 1879 1594 animadversa
1936 1536 2194 1601 sindone,

621 1626 813 1682 audire
845 1628 1067 1699 insuper
1086 1630 1438 1687 existimabat
1463 1630 1625 1702 215
1656 1644 1845 1686 vocem
1877 1629 1985 1687 sibi
2017 1629 2201 1686 dicen-

2295 1357 2477 1411 δοκεῖν
2505 1357 2704 1421 αὐτοὺς
2734 1356 2923 1430 ὥσπερ
2954 1358 3098 1423 τινὸς
3124 1358 3420 1421 λαλοῦντος
3456 1356 3677 1411 ἀκούειν
3702 1374 3761 1411 τε
3785 1357 3885 1411 καί¹

2302 1450 2693 1505 παιδεύεσθαι·
2726 1450 2870 1505 οὕτω
2907 1468 2968 1504 τε
2996 1450 3247 1522 δέχεσθαι
3273 1450 3385 1505 τῶν
3426 1449 3743 1519 ἀναγκαίων
3783 1448 3886 1519 τὴν

2302 1543 2505 1613 γνῶσιν
2525 1558 2538 1572 ·
2573 1541 2763 1614 ὥσπερ
2791 1536 2884 1597 οὖν
2919 1543 3015 1597 καὶ
3046 1545 3075 1596 ό
3118 1543 3389 1614 μακάριος
3430 1541 3632 1613 Πέτρος
3662 1540 3755 1594 ἐπὶ
3783 1540 3890 1610 τῆς

2290 1634 2547 1699 σινδόνος
2607 1635 2795 1707 φωνῆς
2828 1635 3050 1689 ἀκούειν
3084 1634 3259 1689 ἐδόκει
3296 1633 3564 1706 λεγούσης
3608 1632 3746 1704 πρὸς
3787 1633 3888 1687 αύ-

623 1722 764 1771 tem:
789 1718 1193 1791 «Consurgens,
1214 1719 1392 1787 Petre,
1417 1720 1563 1775 crede
1581 1726 1635 1774 et
1655 1718 1927 1774 manduca
1947 1719 1989 1773 ⁸.
2019 1737 2039 1771 ι
2062 1716 2201 1773 llinc

2314 1722 2419 1776 τδνο
2451 1741 2470 1775 ι
2502 1722 2797 1791 Ἀναστὰς,
2831 1722 3007 1794 Πέτρε
3027 1720 3221 1789 ,θῦσον
3237 1726 3331 1776 καὶ
3348 1721 3510 1791 φάγε.
3542 1740 3561 1773 ι
3606 1719 3891 1773 Ἐντεῦθεν

620 1808 788 1865 etiam
827 1807 997 1867 lsaias
1044 1811 1311 1881 pmpheta
1349 1812 1427 1865 ait
1456 1827 1470 1865 :
1499 1805 1775 1871 «Domine,
1807 1810 1935 1881 quis
1965 1808 2203 1867 credidit

2314 1814 2401 1869 καὶ
2439 1816 2468 1870 ὀ
2510 1816 2800 1887 προφήτης
2843 1815 3071 1879 Ἡσαΐας
3105 1814 3270 1885 φησίν
3294 1830 3310 1845 ·
3351 1832 3371 1864 ι
3414 1814 3608 1885 Κύριε,
3650 1813 3733 1877 τίς
3766 1811 3892 1865 ἐπίο

624 1897 834 1953 auditui
860 1907 1053 1956 nostro
1078 1902 1096 1933 ⁷
1115 1901 1138 1956 ?
1163 1922 1182 1955 ι
1203 1901 1421 1959 auditus
1441 1900 1665 1958 nomine
1686 1902 1961 1974 appellans
1986 1901 2203 1957 exhibi-

626 1996 735 2043 tam
782 1989 890 2045 sibi
920 1991 1187 2047 divinitus
1222 1992 1639 2060 revelationem,
1679 1992 1951 2063 siquidem
1982 2008 2080 2049 ceu
2122 1993 2206 2047 lo—

622 2090 880 2150 quentem
920 2083 1155 2156 aliquem
1208 2085 1521 2141 auscultare
1564 2100 1625 2141 se
1683 2084 2069 2140 arbitrabatur.
2118 2082 2207 2138 ln-

624 2176 845 2233 terdum
867 2178 1034 2233 etiam
1069 2185 1195 2249 post
1223 2178 1468 2249 aliquam
1506 2178 1777 2233 visionem
1809 2177 1913 2233 sibi
1943 2175 2203 2244 oblatam,

627 2268 905 2339 loquentis
934 2285 1127 2327 vocem
1157 2270 1548 2327 exaudiebant.
1582 2254 1765 2326 veluti
1789 2270 1982 2326 beatus
2009 2267 2208 2327 Petrus

626 2360 917 2415 sindonem
951 2361 1116 2417 simul
1148 2363 1429 2427 cernebat,
1477 2370 1534 2418 et
1564 2376 1771 2425 rerum,
1819 2375 1942 2431 qua:
1980 2360 2084 2417 sibi
2123 2360 2210 2414 di-

627 2451 917 2517 cebantur,
959 2452 1268 2508 doctrinam
1310 2453 1641 2526 excipiebat.
1672 2452 1816 2519 Quin
1844 2451 1984 2507 adeo
2012 2452 2209 2510 beatus

626 2557 848 2613 quoque
883 2542 1076 2605 lsaias,
1122 2558 1247 2599 cum
1294 2545 1474 2601 aiebat
1511 2558 1573 2600 se
1608 2543 1775 2600 Deum
1824 2544 2212 2614 seraphimque

626 2634 819 2689 videre
846 2634 891 2699 ⁸,
924 2649 1089 2691 voces
1114 2636 1322 2706 pariter
1357 2635 1425 2691 ad
1450 2651 1510 2692 se
1538 2636 1742 2691 missas
1771 2634 2051 2690 audiebat.
2075 2634 2212 2688 Pro—

629 2733 815 2795 ptcrea
851 2725 1136 2799 Scriptura
1186 2726 1350 2783 modo
1385 2728 1499 2782 ait:
1551 2745 1571 2779 ι
1610 2727 1805 2784 Sermo
1849 2725 2066 2783 Domini
2115 2726 2210 2797 qui

630 2817 811 2874 factus
840 2818 863 2850 ⁹
914 2837 935 2872 ι
986 2827 1073 2876 est
1119 2819 1248 2874 huic
1279 2820 1364 2876 vel
1420 2819 1536 2887 illi;
1580 2833 1887 2874 sermonem
1932 2818 2213 2890 appellans

630 2925 754 2965 eam
793 2911 922 2971 vim.
968 2926 1078 2982 qua
1132 2912 1225 2967 ille
1271 2910 1366 2982 qui
1403 2911 1781 2979 erudiebatur,
1822 2912 2051 2983 putabat
2071 2926 2131 2966 se
2181 2926 2213 2965 a

632 3016 771 3058 voce
825 3002 1062 3072 quadam
1119 3002 1456 3059 necessariis
1514 3003 1836 3059 notionibus
1898 3001 2212 3059 informari.

2308 1923 2500 1963 στευσε
2525 1909 2592 1979 τῇ
2627 1909 2767 1979 ἀκοῇ
2794 1905 2985 1977 ἡμῶνς
3040 1924 3059 1958 ι
3090 1904 3259 1977 ἀκοὴν
3299 1905 3533 1968 καλέσας
3574 1904 3674 1974 τὴν
3704 1921 3892 1975 παρα-

2309 2000 2595 2071 σχεθεῐσαν
2634 1998 2978 2068 ἀποκάλυψιν
3024 1997 3174 2069 αὐτῷ
3215 1996 3443 2062 θειόθεν,
3488 1995 3675 2068 ἐπειδὴ
3699 1995 3895 2067 ὥσπερ

2305 2093 2448 2157 τινὸς
2477 2091 2729 2162 λέγοντος
2755 2090 2976 2145 ἀκούειν
3009 2090 3203 2143 ἐδόκει.
3238 2091 3395 2143 Ἐστι
3431 2088 3486 2141 δὲ
3524 2088 3613 2141 ὅτε
3647 2088 3740 2141 καί
3764 2104 3897 2143 τινα

2307 2180 2576 2237 ὀπτασίαν
2614 2180 2849 2253 ὁρῶντες
2882 2180 2998 2250 μετ’
3033 2178 3252 2249 ἐκείνης
3294 2179 3492 2249 ἢκουον
3522 2176 3633 2230 τῶν
3659 2174 3897 2245 λεγομέ-

2310 2290 2416 2329 νων
2438 2292 2450 2304 ’
2481 2272 2558 2337 ὡς
2588 2273 2678 2326 ὅτε
2712 2273 2984 2344 μακάριος
3012 2270 3222 2343 Πέτρος
3263 2269 3399 2341 ὁμοῦ
3425 2270 3522 2324 καὶ
3548 2268 3647 2338 τὴν
3678 2268 3900 2322 σινδόνα

2312 2366 2459 2439 ἐώρα
2505 2367 2602 2420 καὶ
2642 2363 2755 2419 τῶν
2795 2363 3105 2435 λεγομένων
3136 2362 3274 2434 πρὸς
3325 2360 3488 2416 αὐτὸν
3537 2361 3749 2431 ἐδέχετο
3792 2359 3901 2430 τὴν

2309 2458 2681 2515 διδασκαλίαν’
2709 2458 2804 2511 καὶ
2833 2455 2938 2528 μὴν
2964 2456 3059 2510 καὶ
3081 2456 3109 2509 ὁ
3136 2455 3407 2526 μακάριος
3441 2454 3666 2517 Ἡσαΐας
3702 2455 3790 2506 ὅτε
3813 2451 3902 2504 λέ-

2309 2568 2399 2621 γει
2423 2551 2521 2620 μὲν
2555 2549 2860 2621 ἑωρακέναι
2881 2548 2972 2602 τὸν
2998 2547 3259 2611 Θεὸν,καὶ
3286 2546 3354 2600 τὰ
3377 2562 3435 2599 σε
3444 2545 3639 2618 ραφὶμ,
3655 2541 3901 2615 ἧκουεδέ

2313 2642 2408 2696 καὶ
2433 2641 2542 2695 τῶν
2558 2642 2694 2713 πρὸς
2718 2639 2882 2695 αὑτὸν
2909 2637 3210 2708 γινομένων
3235 2635 3448 2705 φωνῶν.
3463 2635 3563 2688 Διά
3580 2633 3737 2687 τοῦτο
3762 2631 3903 2685 ποτὲ

2317 2734 2416 2806 μὲν
2449 2733 2618 2802 λέγει,
2648 2751 2667 2783 ι
2705 2732 2878 2799 Λόγος
2904 2730 3110 2800 Κυρίου
3140 2728 3199 2792 ὃς
3229 2727 3446 2797 ἐγένετο
3464 2745 3483 2778 ι
3514 2725 3649 2797 πρὸς
3687 2723 3831 2778 τόνδε
3867 2724 3902 2794 ἢ

2314 2826 2464 2880 τόνδε
2487 2865 2502 2889 ,
2537 2824 2696 2893 λόγον
2739 2822 2920 2876 καλῶν
2965 2822 3065 2892 τὴν
3104 2819 3410 2889 ἐνέργειαν,
3445 2815 3563 2870 καθ’
3613 2816 3679 2885 ἣν
3723 2813 3905 2867 ἐδόκει

2317 2919 2470 2989 φωνῇ
2508 2932 2616 2970 τινι
2660 2913 3048 2983 διδασκόμενος
3081 2908 3437 2965 παιδεύεσθαι
3469 2907 3529 2961 τὸ
3570 2906 3722 2961 δέον·
3765 2908 3903 2961 ποτὲ

2316 3010 2372 3064 δέ
2396 3050 2409 3073 ,
2427 3028 2447 3062 ι
2472 3010 2717 3081 Ὅρασιν,
2760 3006 2828 3077 ἧν
2855 3001 2995 3060 εἶδεν
3039 3023 3059 3057 ι
3094 3004 3181 3059 ὅδε
3206 3003 3240 3075 ἢ
3267 3003 3355 3056 ὅδε
3375 3043 3389 3064 ,
3431 3001 3528 3072 τὴν
3557 2995 3919 3066 ἀποκάλυψιν.

634 3095 794 3152 Μοᾱο
827 3095 1017 3152 eadem
1058 3096 1343 3168 Scriptura
1376 3097 1550 3155 dicit:
1584 3118 1605 3151 ι
1635 3096 1808 3166 Visio,
1830 3113 1994 3170 quam
2026 3099 2161 3154 vidit
2190 3117 2211 3153 ι

2318 3099 2463 3155 οὕτω
2504 3097 2715 3163 καλῶν,
2751 3096 2876 3151 καθ’
2919 3096 2987 3167 ἣν
3016 3095 3150 3167 ὀρᾷν
3191 3110 3244 3146 τι
3281 3090 3455 3146 δοκῶν
3500 3087 3815 3143 ἐπαιδεύετο
3839 3085 3909 3138 τὸ

2467 3191 2494 3197 _
2709 3189 2721 3197 .
2820 3188 2834 3197 .
2881 3188 2894 3197 .
3118 3185 3129 3197 .
3316 3183 3338 3197 ..
3527 3181 3583 3197 ..η
3636 3179 3648 3197 .
3698 3194 3768 3197 κ--
3815 3174 3909 3197 ι-ν

640 3191 729 3245 hic
757 3191 845 3247 vel
872 3191 964 3245 ille
996 3191 1076 3257 ¹⁰;
1105 3191 1494 3247 revelationem
1538 3190 1642 3248 hac
1671 3193 2039 3264 appellatione
2065 3193 2217 3249 desi-

635 3296 834 3353 gnans,
867 3282 1174 3338 secundum
1205 3298 1370 3353 quam
1401 3284 1668 3355 propheta
1715 3292 1969 3355 spectare
2011 3284 2218 3355 aliquid

638 3373 891 3442 credens,
938 3373 994 3430 id
1033 3376 1178 3445 quod
1208 3375 1314 3431 sibi
1351 3390 1489 3446 opus
1514 3383 1632 3431 erat
1650 3375 1921 3431 discebat.
1967 3374 2114 3431 Idem
2142 3376 2221 3432 si-

639 3462 865 3535 gniﬁcat
915 3464 1165 3522 locutio:
1218 3484 1236 3518 ι
1286 3464 1353 3520 Et
1396 3464 1499 3521 fuit
1536 3482 1734 3524 manus
1782 3465 1998 3522 Domini
2053 3481 2221 3538 super

638 3570 729 3612 me
759 3557 827 3612 “.
876 3575 894 3607 ι
922 3554 1054 3612 Nam
1077 3558 1164 3614 hic
1186 3557 1348 3615 etiam
1378 3573 1573 3614 manus
1620 3556 1835 3613 Domini
1881 3558 2083 3615 dicitur
2122 3574 2221 3629 pro

638 3649 816 3704 sancti
849 3646 1090 3720 Spiritus
1119 3652 1356 3718 virtute;
1404 3666 1512 3721 qua
1554 3648 1701 3707 Deus
1738 3650 1908 3706 veluti
1941 3651 2220 3724 attingens

638 3740 922 3812 propheta:
951 3751 1211 3809 mentem,
1247 3741 1557 3796 doctrinam
1587 3742 1638 3798 ei
1673 3742 1927 3797 tradebat
1965 3756 2222 3797 necessa—

640 3831 804 3886 riam.
854 3830 1139 3903 Ejusmodi
1181 3832 1314 3904 quid
1350 3832 1627 3904 signiﬁcat
1655 3833 1821 3889 etiam
1855 3849 1961 3888 vox
2007 3834 2218 3898 lemma,

644 3925 956 3995 assumptio.
993 3923 1233 3997 Namque
1259 3925 1576 3982 admirabile
1598 3923 1798 3996 aliquid
1847 3939 2223 3995 saepenumero

643 4018 1024 4073 demonstrare
1074 4018 1361 4089 prophetis
1410 4018 1600 4074 volens
1646 4016 1812 4085 Deus,
1862 4018 2099 4074 subitam
2142 4018 2224 4076 eis

644 4111 847 4166 mentis
882 4109 1116 4165 faciebat
1136 4110 1576 4174 conversionem,
1609 4117 1669 4165 ut
1701 4110 1806 4165 hoc
1835 4111 2005 4166 animi
2035 4110 2225 4168 habitu

645 4199 848 4268 affecti,
879 4202 1088 4273 majore
1116 4219 1239 4260 cum
1266 4203 1573 4260 reverentia
1600 4202 1913 4258 futurorum
1938 4203 2226 4259 scientiam

645 4292 979 4362 acciperent.
1015 4294 1461 4365 Assumptionem
1498 4293 1685 4365 itaque
1716 4294 1860 4351 hanc
1891 4293 2057 4362 dicit;
2093 4294 2225 4366 quia

647 4383 888 4456 Spiritus
910 4387 1087 4441 sancti
1134 4387 1308 4459 gratia
1352 4393 1614 4457 tanquam
1646 4394 1873 4458 repente
1916 4386 2228 4459 corripiens

2321 3191 2635 3263 προσῆκον’
2675 3189 2736 3242 τὸ
2775 3188 2909 3242 αὐτὸ
2959 3185 3236 3257 σημαίνει,
3273 3183 3400 3251 κᾶν,
3454 3200 3476 3233 ι
3527 3179 3777 3250 Ἐγένετο
3813 3174 3909 3229 ἐπ’

2320 3283 2421 3355 ἐμὲ
2448 3283 2571 3355 χεὶρ
2592 3281 2818 3354 Κυρίου,
2859 3299 2877 3332 ι
2909 3280 3044 3352 λέγῃ
3065 3295 3078 3309 ·
3108 3279 3186 3351 (ρ.
3213 3276 3339 3347 529)
3366 3276 3461 3329 καὶ
3489 3274 3599 3345 γὰρ
3625 3268 3911 3325 κάνταῦθα

2319 3378 2478 3448 χεῖρα
2525 3373 2734 3447 Κυρίου
2770 3373 2870 3444 τὴν
2902 3371 3184 3443 ἐνέργειαν
3225 3367 3320 3421 τοῦ
3368 3366 3529 3435 ἁγίου
3584 3363 3911 3433 Πνεύματος

2320 3466 2578 3540 ὀνομάζει
2602 3483 2616 3497 ο
2654 3465 2777 3520 καθ’
2805 3466 2871 3535 ἥν
2912 3463 3102 3533 ὥσπερ
3124 3459 3478 3531 ἐφαπτομένη
3513 3456 3613 3525 τῆς
3633 3452 3725 3507 τοῦ
3769 3467 3911 3522 προσ

2321 3561 2494 3630 φήτου
2528 3556 2767 3620 διανοίας
2789 3555 2888 3616 τὴν
2918 3550 3271 3607 διδασκαλίαν
3291 3550 3431 3620 αὐτῇ
3464 3545 3759 3616 παρείχετο
3795 3540 3913 3595 τῶν

2322 3652 2657 3721 ἀναγκαίων.
2688 3647 2911 3702 Τοιοῦτο
2932 3646 2996 3718 δή
3019 3663 3073 3705 τι
3100 3643 3347 3715 βούλεται
3369 3642 3465 3695 καὶ
3484 3640 3546 3693 τὸ
3579 3657 3597 3690 ι
3621 3639 3815 3709 λῆμμα
3835 3653 3849 3667 ·
3886 3652 3909 3685 δ

2322 3742 2640 3815 ἐκπλήξεως
2691 3741 2803 3812 γάρ
2849 3756 2904 3793 τι
2946 3738 3114 3809 γέμον
3165 3734 3428 3796 πολλάκις
3476 3728 3750 3793 ὑποδεῖξαι
3795 3727 3917 3789 τοῖς

2324 3833 2632 3907 προφήταις
2656 3827 2978 3902 βουλόμενος
3003 3829 3032 3881 ὁ
3055 3827 3210 3890 Θεὲς,
3245 3822 3446 3893 ἀθρόαν
3463 3820 3642 3874 αὐτῶν
3674 3818 3775 3888 τῆς
3796 3816 3917 3869 δια-

2324 3925 2473 3988 νοίας
2492 3923 2591 3994 τὴν
2617 3921 2947 3993 μετάστασιν
2967 3918 3224 3982 ἐποιεῖτο,
3251 3916 3327 3978 ὡς
3349 3914 3415 3968 ἂν
3445 3911 3560 3983 ἁμα
3590 3914 3657 3982 τῇ
3683 3906 3918 3976 τοιαύτῃ

2324 4014 2659 4073 καταστάσει
2684 4012 2822 4080 μετά
2853 4010 3100 4083 μείζονος
3139 4008 3233 4063 τοῦ
3267 4006 3434 4077 φόϐου
3465 4003 3573 4058 τῶν
3610 3999 3919 4073 μελλόντων

2324 4109 2564 4180 δέχοιντο
2588 4105 2687 4178 τὴν
2715 4103 2918 4174 γνῶσιν
2938 4119 2952 4133 ·
2984 4101 3184 4173 λῆμμα
3207 4094 3301 4153 οὖν
3327 4097 3487 4151 τοῦτο
3515 4094 3693 4155 καλεῖ,
3719 4092 3818 4143 ἐπε
3829 4086 3921 4160 ibi)

2326 4201 2422 4257 τοῦ
2466 4198 2784 4271 Πνεύματος
2819 4198 2854 4268 ἡ
2878 4195 3039 4267 χάρις
3078 4192 3270 4264 ὥσπερ
3299 4188 3498 4262 ἀθρόον
3536 4182 3922 4254 ἐπιλαμϐανο-

2331 4296 2467 4369 μένη
2486 4295 2586 4367 τῆς
2604 4292 2700 4348 τοῦ
2727 4290 3008 4364 προφήτου
3030 4286 3270 4347 διανοίας
3292 4282 3429 4355 πρὸς
3451 4280 3551 4351 τὴν
3568 4273 3925 4369 ἀποκάλυψιν

2329 4364 2501 4460 ὰιτξν
2543 4364 2777 4459 μεθίστη
2807 4380 2918 4436 τῶν
2964 4377 3356 4449 δεικνυμένων.
3400 4374 3474 4427 Τὸ
3504 4369 3635 4424 αὐτὸ
3677 4364 3925 4460 δὲ-κάνο

644 4478 931 4549 ιιιοριιοιεε
957 4457 1218 4545 mentem,
1251 4479 1527 4535 convertit
1556 4494 1673 4535 eam
1695 4457 1762 4535 ad
1786 4480 1864 4536 rei
1890 4457 2215 4538 demolietra'

2332 4457 2510 4543 ταῦθά
2552 4457 2721 4548 φησυ
2778 4493 2797 4527 ‹
2855 4472 3069 4544 Λῆμμα
3101 4466 3343 4538 Νινευὴ.
3410 4461 3615 4535 βιϐλίον
3664 4457 3927 4528 ὁράσεως

650 4578 721 4627 tte
761 4572 1301 4643 contemplationem.
1346 4570 1473 4627 Pari
1510 4572 1727 4628 ratione
1764 4571 1855 4627 hic
1891 4586 2113 4645 queque
2143 4571 2232 4627 di-

651 4662 831 4720 citur:
861 4663 1208 4735 «Assumptio
1237 4663 1484 4728 Ninives,
1535 4664 1675 4721 liber
1719 4663 1951 4721 visionis
1996 4661 2231 4720 Nahumi

650 4755 895 4813 Eicesai.
911 4776 931 4811 ι
958 4758 1160 4831 Nempe
1176 4756 1490 4831 intelligitur
1514 4756 1796 4829 prophetae
1818 4770 1977 4811 mens
2006 4753 2232 4811 asancti

652 4846 897 4918 Spiritus
922 4850 1100 4918 gratia
1131 4856 1356 4921 repente
1381 4857 1658 4919 correpta,
1690 4857 1856 4918 atque
1888 4845 1957 4901 ad
1984 4852 2229 4902 contem-

652 4938 942 5007 plationem
999 4939 1080 4994 rei
1119 4940 1374 4996 revelata
1420 4950 1727 5002 conversa;
1797 4933 1945 4990 unde
1992 4933 2232 5004 cognitis

651 5028 854 5085 futuris
892 5026 1120 5086 Ninives
1151 5031 1401 5095 casibus,
1438 5027 1686 5084 scientiae
1730 5024 1928 5080 oblatae
1972 5027 2229 5078 nuntium

653 5121 918 5194 propheta
945 5121 1296 5181 audientibus
1324 5119 1647 5192 impertivit.
1680 5116 1896 5173 idcirco
1923 5122 2105 5170 autem
2149 5129 2234 5170 as-

653 5215 1024 5286 sumptionem
1062 5216 1229 5271 simul
1255 5224 1310 5270 et
1334 5213 1606 5270 visionem
1633 5212 1732 5275 ait,
1759 5219 1822 5266 ut
1854 5210 2039 5281 priore
2065 5209 2233 5264 nimi-

650 5320 772 5360 rum
806 5307 1074 5363 vocabulo
1117 5306 1360 5362 declaret
1392 5302 1615 5358 modum
1660 5317 1770 5374 quo
1800 5299 2040 5372 Spiritus
2069 5301 2242 5373 216

2330 4574 2528 4641 Ναοὺμ
2568 4570 2664 4625 τοῦ
2712 4567 3053 4622 Ἐλκεσαίου·
3108 4581 3129 4617 ι
3164 4562 3255 4615 ἵνα
3297 4558 3426 4630 εἴπῃ
3466 4558 3550 4610 ὅτι
3592 4549 3927 4620 Πνεύματος

2330 4663 2554 4734 χάριτος
2598 4657 2794 4729 ἁθρόον
2834 4659 2868 4726 ή
2920 4653 3016 4708 τοῦ
3058 4653 3339 4726 προφήτου
3384 4646 3654 4734 ληφθεῖσα
3706 4641 3931 4734 διάνοια

2516 4750 2616 4822 τὴν
2654 4748 2886 4821 Θεωρίαν
2934 4746 3160 4801 ἐκείνων
3213 4742 3473 4816 μετέστη,
3520 4738 3589 4792 δι’
3619 4730 3694 4790 ὧν
3729 4733 3803 4788 τὰ
3849 4734 3929 4803 τῇ

2330 4842 2532 4914 Νινευὴ
2564 4841 2954 4913 συμϐησόμενα
2983 4836 3191 4910 μαθὼν,
3217 4836 3317 4906 τὴν
3349 4836 3413 4888 ἐκ
3438 4830 3546 4889 τῶν
3595 4826 3933 4898 δειχθέντων

2331 4932 2845 5004 αύτῷδιδασκαλίαν
2878 4929 3170 4999 παρείχετο
3196 4929 3311 4988 τοῖς
3337 4922 3625 4981 ἀκούουσιν
3648 4917 3740 4972 διὰ
3757 4914 3936 4969 τοῦτο

2331 5024 2426 5078 καὶ
2457 5024 2649 5095 λῆμμα
2673 5023 2768 5076 καὶ
2785 5023 2977 5092 ὅρασιν
3001 5015 3360 5091 εἰρηκὼς,ἱ’να
3384 5012 3462 5083 τῷ
3484 5010 3580 5082 μὲν
3604 5007 3693 5062 τὸν
3713 5005 3936 5077 τρόπον

2331 5117 2429 5189 τῆς
2451 5115 2734 5187 ἐνεργείας
2755 5114 2850 5167 τοῦ
2874 5111 3030 5180 ἁγίου
3053 5109 3368 5180 Πνεύματος
3382 5102 3618 5176 δηλώσῃ,
3642 5102 3710 5170 τῇ
3731 5096 3938 5189 ὁράσει

2331 5187 2397 5262 δέ
2410 5207 2521 5262 τῶν
2561 5206 2889 5280 δειχθέντων
2934 5203 3084 5275 αύτῷ
3110 5201 3211 5272 τὴν
3238 5198 3513 5269 θεωρίαν.
3547 5196 3821 5265 Ἀρχεται
3869 5187 3941 5241 δὲ

2331 5314 2526 5365 ουτως*

652 5401 832 5455 sancti
860 5399 947 5454 vis
978 5413 1038 5454 se
1064 5396 1289 5467 prodit;
1311 5395 1619 5466 posteriore
1648 5373 1831 5449 autem
1877 5392 2102 5449 visionis
2143 5390 2440 5455 vocabulo,
2482 5390 2984 5446 demonstratorum
3022 5382 3373 5439 oraculorum
3418 5378 3674 5433 intuitum
3710 5373 3945 5443 signiti-

653 5500 758 5550 εοι.
786 5491 985 5562 Incipit
1015 5498 1197 5546 autem
1227 5490 1345 5544 sic:
2906 5562 2925 5566 _
2970 5562 2981 5566 _
3061 5559 3088 5566 -_
3126 5560 3140 5566 ,
3243 5560 3253 5566 _
3396 5557 3458 5566 _.
3511 5555 3536 5566 _
3606 5552 3632 5566 -

722 5552 985 5646 Vsus-2,
1017 5579 1071 5633 ὅ.
1106 5608 1178 5620 —--
1205 5596 1225 5630 ι
1253 5577 1401 5635 Deus
1437 5577 1645 5633 zelator
1673 5584 1728 5631 et
1766 5575 1913 5632 ultor
1947 5574 2215 5631 Dominus

2407 5570 2556 5641 Στίχ.
2578 5568 2644 5639 β’,
2663 5572 2731 5637 γ’.
2758 5594 2829 5608 —-
2846 5582 2866 5617 ι
2895 5562 3026 5627 Θεὸς
3056 5559 3420 5637 ζηλωτὴς-καὶ
3443 5552 3674 5646 ἐκδικῷν
3689 5552 3947 5646 Κύριος,

656 5671 955 5733 iracundus
981 5673 1128 5729 ultor
1159 5669 1443 5736 Dominus,
1466 5668 1793 5724 deinimicis
1822 5667 1939 5723 suis
1968 5667 2215 5722 ultioneu

2340 5662 2435 5717 xui.
2466 5658 2696 5715 ἐκδικῶν
2718 5655 2921 5728 Κύριος
2947 5653 3083 5726 μετὰ
3112 5650 3309 5722 θυμοῦ,
3333 5649 3429 5705 καὶ
3454 5645 3685 5704 ἐκδικῶν
3718 5643 3954 5716 Κύριος

735 5844 754 5871 ³
790 5858 909 5912 Act.
954 5878 1007 5927 ιι,
1047 5862 1126 5917 15.
1207 5859 1226 5891 ⁷
1257 5855 1512 5921 isa.r.m,
1558 5856 1606 5910 l.
1684 5855 1703 5885 ⁸
1741 5854 1845 5909 isa.
1887 5848 2040 5917 “,2.
2120 5848 2215 5917 ’.ιε

2314 5863 2400 5916 ιι,
2444 5846 2495 5903 l.
2572 5844 2739 5902 "lsa.
2778 5859 2816 5914 ι,
2857 5844 2907 5898 l.
2988 5842 3029 5875 ”
3077 5838 3340 5905 EzechJ,
3369 5837 3423 5894 5.
