4118 6474
518 354 624 411 £07

1705 362 2056 424 THEODOBI
2093 366 2585 427 MOPSUESTENI

3665 375 3766 432 tos
3842 443 3846 446 ς

518 473 805 546 quidquid,
833 475 1031 546 inquit,
1063 478 1265 536 vestris
1295 482 1551 538 manibus
1581 484 1729 556 passi
1759 494 1887 542 sunt
1915 485 2092 544 Israe-

2202 487 2404 554 πάντες
2432 491 2481 543 oi
2495 491 2880 556 κατοικοῦντες
2899 493 2957 545 ἐν
2978 490 3139 563 αὐτῇ.
3164 508 3185 544 ι
3208 488 3320 546 Καὶ
3343 489 3451 562 γάρ
3477 490 3572 546 καί
3588 489 3774 557 ὁπόσα,

519 563 659 627 litae,
702 564 823 632 ejus
851 565 903 621 id
937 582 1101 624 omne
1127 571 1410 630 voluntate
1454 575 1711 646 contigit,
1756 578 1848 648 qui
1882 578 2099 634 illorqu

519 653 715 710 sceleri
764 654 1014 715 infensus
1066 660 1196 716 sivit
1235 679 1331 720 eos
1373 667 1512 735 pati,
1562 682 1900 739 quaecunque
1943 672 2102 730 vobis

522 753 738 814 patrare
767 748 1050 806 collibuit:
1075 768 1246 823 quare
1274 756 1418 813 baud
1440 765 1747 815 vestrarum
1777 761 1976 818 virium
2009 764 2101 819 illa

519 835 766 905 fuerunt,
800 841 896 896 sed
929 842 1100 899 divini
1133 849 1350 905 consilii
1389 865 1574 920 Opera.
1615 851 2018 927 Proptereaque
2047 865 2103 912 et

519 927 794 987 Basanitis
835 939 889 987 et
931 932 1215 992 Carmelus
1262 947 1317 994 et
1354 939 1546 996 Libani
1594 943 1760 999 decor
1789 946 1957 1002 exitio
1988 948 2104 1003 dati

519 1018 774 1089 fuerunt,
822 1033 1143 1098 montesque
1192 1033 1584 1101 propemodum
1633 1041 1689 1091 et
1734 1037 1905 1095 colles
1937 1038 2106 1095 simui

521 1124 714 1167 omnes
751 1116 1009 1170 commoti
1057 1128 1205 1174 sunt.
1231 1119 1409 1192 Atque
1437 1131 1498 1176 ut
1524 1125 1841 1181 summatim
1883 1127 2059 1183 dicam
2082 1169 2097 1194 ,

518 1209 776 1257 cunctam
805 1205 874 1261 ab
918 1216 1144 1278 aspectu
1188 1225 1289 1265 suo
1319 1219 1519 1268 terram
1552 1213 1701 1271 illam
1726 1210 1870 1273 cum
1902 1217 2101 1277 incolis

518 1294 643 1366 ejus
675 1297 954 1357 submovit
987 1301 1152 1369 Deus,
1186 1304 1318 1362 vitia
1353 1305 1573 1365 illorum
1609 1309 1956 1369 abominaris.

597 1601 760 1663 Vsus.
799 1607 1068 1666 6-lO.—¢
1089 1612 1131 1666 A
1165 1612 1303 1671 facie
1335 1615 1430 1671 ira:
1459 1617 1581 1689 ejus
1612 1619 1737 1690 quis
1765 1620 2105 1676 sustinebit!

521 1693 695 1752 furori
723 1699 818 1753 ira:
846 1700 966 1771 ejus
988 1703 1113 1775 quis
1141 1704 1394 1762 resistet?
1419 1706 1597 1764 Furor
1628 1710 1750 1780 ejus
1791 1711 1961 1783 218
1986 1713 2101 1770 dis-

522 1784 685 1842 solvit
720 1790 1078 1863 principatus,
1106 1806 1271 1865 petrae
1298 1796 1368 1852 ab
1401 1812 1471 1853 eo.
1491 1806 1870 1856 conteruntur.
1900 1820 1919 1854 ι
1960 1802 2096 1859 llinc

520 1879 800 1938 enimvero
833 1886 985 1942 vobis
1014 1896 1261 1955 constat,
1313 1891 1586 1947 neminem
1634 1908 1798 1963 posse
1841 1896 2094 1966 potestati

519 1967 615 2025 Dei
647 1973 930 2042 resistere,
963 1978 1061 2047 qui
1090 1978 1308 2048 quidem
1346 1995 1446 2051 par
1483 1991 1570 2037 est
1601 1987 1948 2041 conterendis
1994 1987 2100 2041 ἰιιι-

520 2062 688 2133 periis
736 2066 988 2124 maximis
1034 2085 1099 2125 ac
1143 2073 1576 2141 potentissimis,
1631 2075 1809 2147 iisque
1852 2076 2099 2135 funditus

519 2153 887 2214 destruendis.
922 2156 1061 2214 Tum
1098 2162 1298 2217 similia
1326 2164 1567 2235 priorum
1607 2164 1830 2224 dicens:
1873 2187 1890 2221 ι
1916 2168 2100 2227 Bonus

522 2241 786 2303 Dominus
818 2254 1264 2322 exspectantibus
1294 2271 1418 2311 eum
1454 2257 1509 2312 in
1550 2258 1639 2314 die
1685 2261 2096 2319 tribulationis:

520 2340 676 2394 novit
710 2341 829 2411 ipse
849 2344 943 2414 qui
969 2361 1028 2402 se
1055 2347 1143 2418 pie
1179 2349 1388 2405 colunt.
1420 2370 1439 2403 ι
1476 2353 1593 2416 Est,
1632 2352 1829 2424 inquit,
1858 2353 2102 2410 clemens

519 2431 814 2491 admodum
850 2443 906 2493 et
945 2440 1098 2496 valde
1152 2440 1437 2499 beneficus
1462 2460 1589 2516 erga
1630 2445 1754 2501 illos
1803 2446 1903 2516 qui
1947 2462 2101 2519 spem

520 2540 677 2580 suam
709 2527 764 2583 in
802 2544 869 2585 eo
897 2532 1322 2603 collocaverunt,
1353 2536 1584 2607 ejusque
1618 2537 1795 2595 minas
1844 2553 2100 2595 reveren-

521 2624 628 2671 tur.
669 2637 686 2671 ι
706 2617 762 2674 In
781 2620 985 2678 diluvio
1016 2631 1335 2682 transeunte
1364 2630 1894 2685 consummationem
1918 2630 2099 2687 faciet.

520 2705 625 2774 Qui
653 2725 776 2766 eum
824 2712 1162 2771 irritaverint
1210 2726 1374 2790 atque
1404 2720 1651 2785 oderint,
1700 2730 2103 2792 persequentur

521 2816 619 2857 eos
654 2805 911 2862 tenebrae.
938 2827 957 2860 ι
995 2806 1386 2869 Verumtamen
1418 2813 1511 2869 ubi
1554 2813 1623 2868 ad
1652 2813 1787 2868 iram
1818 2822 2104 2883 spectave-

520 2891 626 2959 rit,
660 2894 970 2971 dignosque
1002 2902 1105 2958 hac
1129 2904 1344 2974 aliquos
1368 2913 1565 2962 nactus
1595 2905 1790 2973 fuerit,
1834 2909 2109 2965 diluvium

522 2985 707 3041 nescio
754 2988 902 3060 quod
947 2991 1152 3064 impetu
1201 3009 1305 3051 suo
1349 2996 1638 3064 convehet,
1670 3013 1780 3068 quo
1830 3014 2102 3056 summam

520 3077 730 3135 cladem
764 3082 1137 3154 improborum
1170 3086 1329 3145 edet:
1381 3098 1722 3163 cunctosque
1763 3091 1868 3148 sibi
1902 3093 2100 3149 adrer-

2203 584 2389 654 φησὶν,
2421 583 2574 655 ὑμῶν
2629 584 3015 655 ἐργαζομένων
3048 584 3285 655 ἔπασχον
3336 585 3385 637 oi
3427 582 3775 654 Ἰσραηλῖται,

2203 672 2344 728 κατά
2387 674 2488 745 τὴν
2543 675 2707 728 αὐτοῦ
2745 673 2971 746 γνώμην
3024 673 3265 742 ἐγίνετο*
3309 672 3368 737 ὃς
3420 671 3778 742 κατεγνωκὼς

2203 764 2385 818 αὐτῶν
2405 764 2494 820 διὰ
2515 765 2614 837 τὴν
2639 765 2916 830 ἀσέϐειαν,
2938 765 3121 820 εἴασεν
3146 765 3344 829 αὐτοὺς
3376 762 3612 835 πάσχειν
3640 765 3778 836 ἅπερ

2202 854 2387 920 αὐτοῖς
2413 854 2639 924 ἐπάγειν
2659 853 2945 908 ἐϐούλεσθε
2963 870 2977 882 ·
3002 852 3144 907 ὥστε
3190 851 3289 923 οὐχ
3317 851 3591 924 ὑμετέρας
3619 850 3776 905 δυνά-

2205 965 2350 1018 μεως
2381 942 2450 1020 ἦν
2477 947 2584 1002 οὐδ’
2617 948 2819 1006 ἐκεῖνα,
2849 944 2985 1001 ἀλλά
3027 944 3254 1017 γνώμης
3294 942 3431 1015 ἔργα
3456 941 3557 1013 τῆς
3597 942 3780 1007 θείαςο

2204 1038 2299 1091 καὶ
2328 1036 2418 1090 διὰ
2445 1036 2603 1091 τοῦτο
2627 1035 2722 1091 καὶ
2748 1037 2781 1108 ἡ
2808 1035 3096 1097 Βασανϊτις
3117 1032 3252 1088 καὶὸ
3277 1030 3577 1103 Κάρμηλος
3604 1030 3701 1085 καὶ
3715 1028 3781 1083 τά

2204 1128 2380 1200 σεμνά
2400 1126 2494 1182 τοῦ
2519 1128 2752 1183 Λιϐάνου
2786 1128 2924 1200 πρὸς
2973 1123 3250 1181 ἀπώλειαν
3279 1119 3437 1188 εἶδεν,
3471 1123 3574 1195 ὅρη
3609 1140 3669 1176 τε
3693 1122 3783 1177 καὶ

2204 1219 2386 1292 βουνοί
2419 1220 2616 1293 μικροῦ
2640 1218 3068 1291 συνεκινήθησαν
3087 1216 3317 1280 πάντες⁸
3351 1215 3467 1279 καὶ,
3504 1214 3782 1285 συντόμως

2203 1315 2399 1380 εἰπεῖν,
2432 1314 2650 1368 ἀπασαν
2677 1312 2775 1383 τῆς
2820 1310 3137 1384 προσόψεως
3181 1308 3284 1379 τῆς
3330 1308 3538 1372 οίκείας
3567 1307 3784 1376 ἀφεῖλεν

2202 1403 2302 1476 τὴν
2329 1406 2432 1476 γῆν
2477 1404 2694 1477 ἐκείνην
2748 1404 2846 1458 σὺν
2874 1404 2987 1468 τοῖς
3030 1398 3270 1457 οἰκοῦσιν
3311 1398 3502 1473 αὐτὴν,
3549 1400 3787 1471 μισήσας

2091 1491 2097 1496 ’
2205 1497 2405 1562 αὐτοὺς
2442 1496 2529 1551 διὰ
2560 1496 2659 1568 τὴν
2685 1496 2959 1552 ἀσέϐειαν.

2275 1634 2425 1706 Στίχ.
2463 1640 2602 1701 ις’-ι’.
2634 1664 2707 1676 -
2756 1652 2777 1687 ι
2816 1634 2931 1706 Πρὸ
2968 1632 3258 1706 προσώπου
3291 1631 3461 1705 ὀργῆς
3492 1626 3658 1684 miro-5
3702 1627 3789 1691 τίς

2206 1725 2603 1798 ὐποστήσεταις
2631 1724 2729 1781 καὶ
2749 1724 2832 1787 τίς
2855 1726 3234 1797 ἀντιστήσεται
3263 1726 3320 1777 ἐν
3340 1722 3477 1794 ὀργῇ
3497 1718 3668 1791 θυμοῦ
3690 1719 3791 1771 αὐ-

2130 1844 2174 1899 Β
2204 1816 2331 1883 τοῢ;
2356 1817 2386 1869 ὁ
2413 1815 2583 1888 θυμὸς
2606 1816 2777 1871 αὐτοῦ-
2799 1820 2957 1888 τήκει
2995 1815 3189 1887 ἀρχὰς,
3231 1815 3325 1869 καὶ
3363 1814 3558 1884 πέτραι
3581 1807 3790 1879 διεθρύ-

2200 1908 2376 1980 6ησαν
2429 1908 2526 1963 ἀπ’
2585 1906 2772 1963 αὐτοῦ.
2807 1927 2827 1961 ι
2863 1908 3056 1979 Ἔχετε
3110 1906 3288 1961 τοίνυν
3327 1905 3389 1971 ἐξ
3424 1904 3649 1957 ἐκείνων
3686 1899 3797 1971 τὴν

2200 1997 2496 2066 ἀπόδειξιν,
2554 1998 2638 2052 ὅτι
2689 1998 2920 2062 οὐδεὶςὸ
2953 1995 3312 2051 ἀνθίστασθαι
3376 1992 3672 2063 δυνάμενος
3715 1992 3790 2060 τῇ

2199 2090 2336 2161 ὀργῇ
2361 2090 2426 2161 τῇ
2457 2088 2599 2160 θείᾳ,
2629 2089 2919 2163 αὐτάρκως
2946 2087 3123 2159 ἔχοντι
3152 2086 3244 2139 καὶ
3274 2085 3398 2149 τοὺς
3432 2085 3492 2136 ἐν
3523 2080 3794 2155 μεγάλαις

2199 2179 2556 2244 δυναστείαις,
2591 2182 2687 2235 καὶ
2730 2180 2858 2244 τοὺς
2890 2181 2947 2233 ἐν
2976 2178 3202 2251 πλείστῃ
3242 2174 3594 2237 καθεστῶτας
3640 2171 3801 2242 ἰσχύἱ

2200 2272 2514 2343 διαθρυὸεἰν
2540 2290 2600 2327 τε
2624 2272 2719 2326 καὶ
2747 2270 3027 2335 παντελῶς
3048 2271 3352 2342 ἀφανίζειν.
3395 2266 3506 2321 Καὶ
3532 2264 3600 2319 τὰ
3627 2265 3805 2334 ὅμοια

2200 2363 2310 2418 τῶν
2351 2363 2588 2435 πρόσθεν
2610 2362 2785 2433 λέγων
2806 2379 2820 2393 ο
2850 2381 2871 2415 ι
2904 2360 3153 2433 Χρηστδς
3184 2359 3388 2431 Κύριος
3422 2356 3803 2426 ὑπομένουσιν

2202 2455 2362 2510 αὐτὸν
2414 2456 2472 2509 ἐν
2522 2454 2706 2527 ἡμέρᾳ
2760 2453 3012 2525 θλίψεως,
3049 2454 3125 2525 (p.
3167 2452 3291 2525 353)
3326 2450 3421 2505 καὶ
3466 2447 3796 2518 γιγνώσκων

2201 2546 2329 2610 τοὺς
2353 2544 2783 2615 εὐλαϐουμένους
2838 2542 3023 2598 αὐτόν.
3062 2562 3081 2595 ι
3115 2543 3271 2597 Ἔστι
3310 2542 3408 2613 μὲν
3433 2539 3563 2612 γάρ,
3598 2537 3795 2608 φησὶν,

2202 2638 2342 2705 ἄγαν
2388 2634 2771 2707 φιλάνθρωπος
2810 2635 2908 2689 καὶ
2938 2634 3079 2704 ἄγαν
3131 2632 3288 2697 εἰδὼς
3324 2631 3634 2703 εὐεργετεῖν
3662 2631 3796 2692 τοὺς

2203 2727 2338 2799 πρὸς
2371 2727 2533 2782 αὐτὸν
2558 2726 2821 2799 ὁρῶντας,
2857 2725 2950 2779 καὶ
2966 2726 3070 2799 τὴν.
3091 2725 3321 2796 ἀπειλὴν
3354 2722 3520 2777 αὐτοῦ
3554 2720 3797 2775 δεδοικό-
3846 2749 3853 2754 ’

2200 2837 2321 2885 τας.
2356 2839 2374 2872 ι
2406 2819 2525 2873 Καὶ
2547 2822 2605 2873 ἐν
2634 2818 3012 2891 κατακλυσμῷ.
3032 2818 3257 2892 πορείας
3284 2815 3595 2871 συντέλειαν
3623 2813 3793 2884 ποιή-

2205 2927 2399 2966 σεται·
2430 2910 2559 2972 τοὺς
2590 2909 3034 2984 ἐξεγειρομένους
3069 2908 3165 2962 καὶ
3201 2909 3328 2970 τοὺς
3364 2905 3594 2977 ἐχθροὺς
3620 2902 3798 2957 αὐτοῦ

2202 3003 2449 3069 διώξεται
2483 3003 2691 3067 σκότος.
2730 3020 2749 3054 ι
2797 3001 2997 3056 Ἔπειθ’
3047 3000 3113 3054 ἂν
3140 2998 3197 3053 δέ
3232 2998 3369 3071 πρὸς
3395 2997 3565 3070 ὀργὴν
3597 2994 3800 3065 νεύσῃ,

2202 3093 2408 3165 ταύτης
2430 3092 2583 3158 τινὰς
2612 3090 2861 3163 εὑρηκὼς
2886 3090 3089 3157 ἀξίους,
3125 3088 3511 3159 κατακλυσμόν
3540 3103 3663 3140 τινα
3702 3085 3802 3139 διὰ

521 3179 729 3238 santes,
759 3173 973 3246 sibique
1002 3179 1259 3236 resistere
1291 3180 1580 3249 audentes,
1618 3184 1871 3240 tenebris
1888 3186 2101 3242 multis-

2203 3187 2302 3259 τῆς
2320 3187 2497 3258 ὁρμῆς
2547 3186 2741 3256 ἐπάγει
2772 3186 2871 3257 τῆς
2926 3184 3155 3248 οἰκείας,
3190 3183 3257 3237 δι’
3289 3177 3359 3255 ἦς
3404 3178 3642 3246 παντελῆ
3692 3177 3803 3249 μὲν

520 3280 630 3333 que
651 3269 924 3338 angustiis
948 3268 1342 3329 circumveniet
1366 3289 1461 3345 per
1487 3273 1867 3345 impositarum
1893 3276 2103 3348 magni-

522 3354 768 3413 tudinem
796 3360 1191 3418 calamitatum.
1216 3382 1236 3418 ι
1260 3363 1398 3432 Quid
1423 3366 1675 3437 cogitatis
1697 3374 1889 3423 contra
1920 3366 2104 3423 Domi-

523 3447 728 3501 num?»
765 3448 1045 3519 Quaenam,
1079 3453 1279 3526 inquit,
1308 3458 1540 3513 consilia
1566 3457 1621 3512 in
1641 3472 1766 3513 eum
1797 3459 2103 3514 molimini?

519 3535 659 3592 Num
708 3540 906 3597 bellum
954 3544 1221 3605 adversus
1268 3547 1435 3604 Deum
1483 3550 1598 3621 geri
1644 3564 1807 3621 posse
1856 3551 2104 3620 putatis?

521 3625 668 3686 Sane
697 3647 768 3686 ex
807 3649 918 3705 quo
949 3637 1185 3706 primum
1221 3635 1597 3712 Hierosolyma
1640 3656 1955 3714 oppugnare
1984 3657 2101 3698 ca:-

519 3723 701 3793 pistis,
725 3726 812 3783 bis
840 3726 1006 3785 Deum
1041 3730 1399 3804 blaspbemiis
1424 3734 1748 3791 Iacessistis.
1784 3754 1803 3788 ι
1827 3736 2101 3794 Consum-

521 3819 815 3875 mationem
862 3820 980 3892 ipse
1022 3821 1204 3890 faciet;
1238 3841 1348 3881 non
1369 3825 1668 3883 vindicabit
1697 3826 1780 3884 bis
1814 3844 1924 3884 rem
1953 3845 2104 3886 eam-

519 3905 643 3961 dem
675 3908 729 3962 in
754 3909 1126 3965 tribulatione.
1152 3933 1171 3963 ο
1208 3908 1434 3967 Decreta
1462 3914 1662 3985 quippe
1693 3929 1948 3986 suprema
1979 3931 2104 3986 per-

521 3998 664 4054 nicie
693 4007 896 4065 vestra,
928 4002 1064 4057 adeo
1086 4003 1350 4059 violenter
1378 4020 1534 4061 suam
1567 4006 1620 4060 in
1645 4022 1740 4063 vos
1765 4008 2100 4065 voluntatem

520 4100 874 4163 exsequetur,
916 4101 974 4149 ut
1004 4110 1144 4167 opus
1174 4096 1225 4152 ei
1258 4113 1367 4153 non
1404 4098 1476 4155 sit
1505 4099 1703 4155 iterato
1736 4099 1849 4156 ictu
1898 4100 2098 4158 ferire:

519 4183 762 4240 subitum
789 4185 934 4241 enim
970 4187 1053 4243 vel
1092 4188 1267 4259 prima
1297 4190 1454 4261 plaga
1489 4190 1768 4247 interitum
1804 4193 1957 4250 vobis
2002 4208 2101 4265 pa-

518 4277 642 4334 riet.
690 4276 997 4345 «Quoniam
1035 4296 1210 4354 usque
1241 4284 1308 4337 ad
1345 4282 1759 4339 fundamentum
1803 4286 2103 4341 vastabun-

397 4443 405 4450 ι
519 4378 662 4437 tur,»
690 4371 767 4426 ita
792 4381 853 4427 ut
881 4374 1063 4428 omnia
1092 4374 1235 4445 apud
1265 4391 1363 4432 vos
1395 4376 1636 4433 solitudo
1663 4376 1812 4433 flant.
1838 4396 1857 4430 ι
1880 4378 2102 4437 Tortilis

518 4476 670 4518 more
695 4461 939 4520 smilacis
966 4463 1396 4531 devorabuntur,
1428 4472 1484 4523 et
1518 4466 1662 4523 sicut
1697 4468 1944 4526 calamus
1987 4470 2099 4527 ari-

2203 3279 2496 3350 ἐργάζεται
2552 3280 2645 3334 τὸν
2688 3277 2997 3351 ἀφανισμὸν
3028 3275 3139 3331 τῶν
3171 3274 3497 3347 μοχθηρῶν·
3543 3271 3811 3335 ἅπαντας

2204 3374 2260 3428 δέ
2288 3374 2413 3437 τοὺς
2440 3371 2905 3442 ἐπανισταμένους
2927 3368 3075 3441 αὐτῷ
3099 3369 3191 3423 καὶ⁵
3213 3367 3529 3439 τολμῶντας
3555 3363 3704 3436 αὐτῷ
3736 3381 3804 3417 τι

2207 3463 2490 3535 βούλεσθαι
2551 3462 2811 3528 ἐναντίον,
2872 3462 3050 3533 σκότῳ
3100 3459 3416 3533 περιϐάλλει
3464 3458 3557 3511 καὶ
3583 3453 3805 3524 ἀπορίᾳ.

2206 3555 2372 3628 πολλῇ
2419 3555 2500 3628 τῷ
2553 3554 2772 3627 μεγέθει
2820 3553 2931 3608 τῶν
2982 3553 3342 3624 ἐπαγομένων
3367 3551 3551 3614 αὐτοῖς
3578 3545 3805 3602 κακῶν.

2211 3665 2229 3701 ι
2262 3647 2327 3701 Τί
2392 3647 2672 3717 λογίζεσθε
2724 3647 2818 3701 ἐπὶ
2850 3646 2941 3701 τὸν
2988 3645 3192 3717 Κύριον
3218 3661 3247 3713 ς
3268 3663 3288 3697 ι
3331 3644 3555 3714 ὐμοίαν
3585 3638 3803 3702 τοίνυν,

2204 3739 2389 3811 φησὶν,
2421 3738 2574 3810 ἔχετε
2615 3739 2745 3811 περὶ
2784 3736 2953 3793 αὐτοῦ
2975 3737 3075 3809 τὴν
3107 3735 3408 3807 ἐννοιαν;ἦ
3440 3731 3809 3806 μὴλνομεζετε

2203 3828 2427 3885 δυνατὸν
2455 3830 2583 3901 ὑμῖν
2622 3825 2762 3884 εἶναι
2809 3829 3066 3901 πολεμεῖν
3091 3828 3169 3900 τῷ
3188 3828 3449 3898 τοιούτῳς
3486 3825 3578 3895 ἀφ’
3605 3816 3666 3878 οὗ
3721 3824 3807 3897 δὴ

2203 3920 2297 3973 καὶ
2328 3921 2593 3994 πρότερον
2623 3920 2992 3993 ἐπεληλύθατε
3030 3923 3099 3992 τῇ
3148 3917 3527 3992 Ἰερουσαλὴμ,
3558 3914 3698 3977 οὕτω
3727 3932 3806 3967 τε

2205 4012 2561 4084 βλασφήμους
2596 4017 2677 4078 εἰς
2703 4015 2793 4068 τὸν
2812 4013 2944 4068 Θεὸν
2978 4012 3277 4080 ἐξετείνατε
3300 4011 3513 4081 λόγους.
3545 4029 3562 4062 ι
3595 4008 3807 4063 Συντέρ

2203 4104 2352 4159 λειαν
2377 4104 2538 4170 αὐτὸς
2561 4105 2798 4178 ποιήσει,
2821 4106 2915 4161 καὶ
2936 4105 3036 4160 οὐκ
3058 4103 3425 4176 ἐκδικήσειδὶς
3455 4102 3559 4156 ἐπὶ.
3574 4101 3635 4156 τὸ
3655 4101 3816 4156 αὐτὸ.

2203 4196 2262 4253 ἐν
2291 4195 2490 4268 θλίψει.
2515 4216 2535 4252 ι
2555 4198 2868 4270 Δοκιμάσας
2887 4198 2997 4272 γὰρ
3013 4197 3168 4270 ὑμῶν
3185 4195 3427 4267 παντελῆ
3450 4195 3672 4265 ποιῆσαι
3696 4193 3805 4248 τὸν

2203 4287 2532 4361 ἀφανισμὸν,
2553 4292 2729 4356 οὕτως
2767 4290 2964 4361 ἀθρόον
2999 4290 3061 4343 τὸ
3080 4288 3274 4344 δοκοῦν
3308 4286 3456 4359 αὐτῷ
3485 4286 3608 4341 καθ’
3632 4285 3805 4357 ὑμῶν
3842 4300 3851 4305 ’

2205 4380 2313 4435 ἀπε
2321 4379 2746 4454 ργάζεται,ώστε
2767 4381 2842 4454 μὴ
2856 4381 3110 4455 δεηθῆναι
3123 4380 3380 4453 δευτέραν
3398 4378 3560 4434 αὐτὸν
3573 4376 3804 4450 πληγὴν

2206 4474 2541 4542 ἐπενεγκεῖν.
2560 4471 2761 4545 ἀθρόαν
2775 4473 2830 4528 δὲ
2847 4474 2877 4527 ὑ
2884 4476 2975 4545 μίν
2994 4472 3102 4527 ἀπὸ
3112 4475 3210 4545 τῆς
3223 4469 3445 4543 πρώτης
3462 4470 3674 4541 πληγῆς
3689 4469 3804 4539 τὴν

518 4552 690 4610 ditate
716 4564 1040 4627 occupatus.
1067 4575 1085 4610 ι
1124 4555 1258 4628 Ejus
1289 4558 1465 4612 instar
1505 4557 1691 4615 herbae
1717 4572 1838 4631 quae
1860 4559 2101 4631 saepibus

2203 4536 2487 4620 ἀπώλειαν
2498 4536 2837 4635 ἐγγενέσθαι.
2861 4536 3030 4619 ("Ott
3053 4536 3434 4636 {maiieuslio'u
3457 4536 3642 4615 αὐτῶν
3664 4577 3722 4631 χε
3732 4536 3803 4631 p-

521 4644 970 4717 circumplicatur
991 4686 1007 4713 ,
1053 4656 1220 4718 atque
1249 4648 1319 4704 ab
1351 4648 1530 4706 obviis
1569 4651 1881 4723 quibusque
1907 4651 2101 4710 belluis

2204 4656 2567 4728 σωθήσονται.
2601 4675 2622 4710 ›
2652 4660 2727 4728 (p.
2750 4656 3047 4729 ὅῦίγοστε
3081 4657 3162 4721 είς
3185 4655 3425 4727 παντελῆ
3448 4651 3803 4723 καταστῆναι

523 4738 889 4804 consumitur,
918 4740 1113 4795 cuncti
1136 4739 1206 4796 ab
1229 4740 1479 4798 hostibus
1507 4742 1908 4800 absumemini:
1938 4745 2101 4800 aridi-

2205 4748 2387 4803 πάντα
2406 4746 2473 4802 τά
2499 4749 2629 4820 παρ’
2661 4750 2789 4821 ὑμῖν
2813 4748 3070 4821 ἐρημίαν.
3104 4766 3124 4801 ι
3155 4748 3264 4801 Καὶ
3301 4746 3376 4812 ώς
3405 4743 3605 4818 σμίλαξ
3640 4758 3805 4815 περι-

522 4843 630 4898 que
663 4829 771 4885 ritu
818 4832 1035 4899 calami,
1066 4849 1452 4906 aggressorum
1498 4843 1810 4893 vestrorum
1842 4843 2101 4909 tanquam

2206 4839 2518 4911 πλεκομένη
2546 4839 2939 4911 βρωθήσονται,
2967 4840 3062 4894 καὶ
3079 4839 3153 4904 ὡς
3170 4839 3388 4911 καλάμη
3415 4835 3684 4909 ξηρασίας
3702 4851 3805 4906 με-

523 4918 650 4989 igne
699 4918 1079 4988 destruemini,
1123 4939 1359 4995 quorum
1409 4925 1724 4983 incursibus
1770 4927 2101 4987 sustinendis

2208 4932 2361 5004 στή.»
2378 4932 2544 5002 Δίκην
2561 4931 2618 4984 δέ
2644 4931 2859 5003 ἐκείνης
2882 4931 2981 5003 τῆς
3006 4931 3234 5003 βοτάνης
3259 4931 3357 5003 τῆς
3376 4932 3489 4993 τοῖς
3510 4928 3805 5000 φραγμοῖς

524 5022 683 5079 pares
713 5025 820 5067 non
850 5013 1027 5072 eritis.

2209 5022 2700 5094 περιπλεκομένης,
2719 5018 2838 5077 εἶτα
2859 5022 2964 5076 ὑπὸ
2993 5021 3211 5076 πάντων
3233 5019 3342 5073 τῶν
3370 5017 3803 5091 προσπεσόντων

521 5104 954 5180 ἀναλισκομένης
1021 5108 1269 5181 κτηνῶν,
1321 5108 1844 5181 καταναλωθήσεσθε
1897 5111 2101 5176 πάντες
2152 5113 2259 5168 ὑπὸ
2313 5114 2616 5186 πολεμίωνο
2655 5114 2909 5187 καλάμης
2934 5130 2996 5168 τε
3031 5113 3187 5185 δίκην
3219 5112 3389 5185 ξηρᾶς
3404 5112 3480 5177 ώς
3495 5112 3600 5167 ὑπὸ
3620 5111 3806 5184 πυρὸς

422 5199 437 5278 ,7
519 5198 959 5271 ἀφανισθήσεσθε
991 5199 1099 5255 τῶν
1150 5200 1411 5256 ἐπιόντων
1438 5202 1600 5273 ὑμῖν·
1632 5202 1883 5276 οὐδαμῶς
1908 5202 2099 5273 ἀρκεῖν
2130 5206 2265 5278 πρὸς
2303 5206 2400 5277 τὴν
2431 5207 2619 5277 ἔφοδον
2641 5208 2821 5263 αὐτῶν
2847 5204 2950 5262 οἶοί
2979 5223 3037 5262 τε
3069 5207 3243 5272 ὄντες.

590 5340 757 5413 219
785 5340 953 5398 Vsus.
986 5342 1170 5398 ιιοιε.
1202 5371 1276 5384 -
1301 5361 1321 5395 ι
1355 5342 1433 5398 Ex
1455 5353 1506 5401 te
1526 5359 1746 5416 egressa
1783 5354 1868 5402 est
1888 5345 2101 5401 machi-

2278 5351 2426 5421 Στίχ.
2482 5348 2665 5405 ta"-r:~.'.
2694 5379 2765 5390 —-
2805 5368 2829 5403 ι
2874 5348 2969 5403 Ἐκ
3020 5346 3112 5401 σοῦ
3161 5343 3500 5412 ἐξελεύσεται
3529 5341 3806 5412 λογισμὸς

521 5433 673 5488 natio
722 5441 913 5490 contra
978 5431 1315 5504 Dominum;
1372 5437 1622 5509 improba
1677 5445 1841 5508 atque
1880 5437 2101 5493 hostilia

2214 5443 2355 5498 κατὰ
2386 5442 2481 5498 τοῦ
2520 5443 2749 5516 Κυρίου,
2799 5441 3009 5514 πονηρά
3055 5439 3441 5511 βουλευόμενος
3500 5436 3738 5537 ἐναντία.
3763 5455 3803 5537 ζ

523 5533 755 5589 consilia
801 5534 986 5591 animo
1031 5537 1270 5594 volvisli.
1319 5556 1338 5591 ι
1376 5538 1560 5595 Ausus
1586 5544 1669 5595 es‘
1699 5539 1817 5595 lucc
1862 5537 2101 5595 facinora

2212 5527 2345 5589 Εἶτα
2372 5532 2435 5605 δὴ
2468 5532 2811 5603 τετόλμηκας
2840 5531 3064 5585 τοιαῦτα
3099 5527 3494 5601 βουλεύσασθαι
3524 5525 3664 5581 κατά
3692 5525 3804 5579 τοῦ

523 5630 708 5681 mente
731 5624 939 5698 agitare
967 5635 1020 5683 et
1043 5644 1206 5700 agere
1237 5638 1430 5686 contra
1463 5630 1775 5695 Dominum,
1809 5632 1987 5688 armis
2015 5649 2101 5688 ur-

2207 5624 2362 5690 Θεοῦ,
2404 5624 2499 5679 καὶ
2543 5624 2608 5696 δὴ
2657 5624 2749 5677 καὶ
2794 5620 3217 5694 διαπράξασθαι,
3268 5617 3512 5674 ἐπελθὼν
3536 5620 3599 5690 τῇ
3636 5615 3806 5672 πόλει

524 5716 648 5772 bem
696 5717 951 5777 adoriens
1003 5720 1189 5779 divino
1235 5723 1438 5795 templo
1487 5722 1770 5796 praeditam
1816 5743 1829 5779 :
1875 5740 2101 5797 eamque

2205 5724 2271 5793 τῇ
2301 5720 2389 5774 τὸν
2416 5720 2541 5774 ναὸν
2572 5717 2769 5790 ἐχούσῃ
2792 5718 2880 5771 τὸν
2903 5716 3045 5772 θεῖον
3070 5733 3084 5783 ;
3111 5716 3237 5771 οὔτε
3266 5731 3323 5768 τε
3356 5712 3644 5787 πρόχειρον
3670 5709 3806 5762 ἐνό-

526 5805 685 5866 facile
726 5814 779 5867 te
830 5817 1120 5882 capturum
1167 5813 1529 5878 existimasti,
1567 5812 1725 5886 quasi
1758 5813 1892 5871 nihil
1930 5830 1960 5870 a
1992 5814 2101 5871 Deo

2209 5830 2373 5886 μισας
2398 5812 2563 5885 αὐτὴν
2585 5810 2790 5866 ἀνελεῖν
2807 5808 2883 5875 ὡς
2902 5808 3058 5864 οὐθ’ἐν
3084 5807 3189 5862 ὐπὸ
3210 5805 3303 5861 τοῦ
3318 5803 3454 5860 Θεοῦ
3480 5801 3811 5877 βοηθεῖσθαι
