4118 6518
448 394 545 450 HI

1627 394 1977 452 TllEODORl
2015 394 2509 452 MOPSUESTENI‘

3602 393 3711 448 “2

452 503 676 568 fecisti,
716 503 909 559 eadem
971 502 1120 562 Deus
1180 506 1234 561 in
1324 514 1492 577 caput
1558 514 1712 561 tuum
1779 512 2018 565 retorsit.

2156 527 2267 564 ιενα
2310 510 2457 565 κακά
2497 510 2797 578 διαφυγεῖν,
2842 506 3027 579 ἐπειδὴ
3074 507 3109 562 ἀ
3156 506 3461 578 πεποίηκας
3500 505 3581 568 είς
3620 505 3712 559 τὸν

455 616 476 649 ι
514 601 694 664 Quare
746 598 1074 654 excutiendo
1117 598 1466 655 excutierunt
1508 615 1627 663 eos,
1675 608 1731 656 et
1779 601 2032 672 palmites

447 704 639 743 eorum
669 700 1068 760 corruperunt,
1106 705 1256 745 arma
1292 692 1547 761 potentiae
1583 693 1705 763 ejus
1749 710 1816 748 ex
1857 692 2033 747 homi-

452 779 638 833 nibus.
676 798 697 831 ι
726 779 936 845 Tantae,
967 780 1166 851 inquit,
1197 790 1360 837 erunt
1393 783 1681 838 adversum
1711 791 1765 838 te
1791 783 2032 838 hostium

452 871 622 934 vires,
651 878 710 926 ut
733 873 839 926 ritu
867 888 1057 928 eorum
1092 876 1185 944 qui
1207 884 1410 929 vestem
1432 876 1738 939 excutiunt,
1771 876 2034 947 dignitate

456 968 546 1014 tua
576 964 939 1031 proterendus
993 967 1102 1033 sis;
1136 976 1298 1036 atque
1331 966 1517 1020 omnia
1546 967 1875 1031 amissurus,
1907 967 2033 1036 qui-

453 1053 558 1108 bus
610 1062 664 1107 tu
718 1056 847 1109 olim
895 1058 1131 1127 stipatus
1185 1073 1249 1113 ac
1299 1059 1466 1113 veluti
1522 1058 1794 1115 famulitio
1851 1061 2034 1117 cultus

455 1146 832 1215 superbiebas.
857 1146 1090 1204 Prorsus
1109 1150 1266 1220 221
1286 1158 1342 1203 ut
1372 1152 1538 1206 verba
1561 1152 1626 1206 ad
1653 1153 2034 1223 compendium

455 1253 487 1291 c
510 1237 757 1303 :nferam,
784 1240 975 1294 bellica
1008 1244 1187 1297 omnis
1216 1242 1405 1313 peritia
1431 1252 1522 1296 tua
1542 1252 1847 1315 cunctaque
1865 1245 1948 1299 vis
1965 1260 2031 1301 ex

457 1329 700 1383 incolatu
739 1331 1020 1386 hominum
1047 1330 1526 1390 exterminabitur.
1553 1336 1760 1392 Deinde
1796 1345 2033 1392 veterem

457 1418 773 1474 eorumdem
811 1424 1105 1489 potentiam
1142 1431 1425 1489 memorat,
1463 1441 1580 1496 qua:
1608 1426 1678 1481 ab
1705 1426 1812 1481 illis
1843 1433 2036 1482 contra

461 1506 545 1562 fas
596 1510 870 1573 exercita,
931 1512 1067 1567 nihil
1120 1514 1176 1567 in
1232 1517 1487 1584 praesenti
1548 1515 1834 1586 profutura
1896 1525 2033 1571 erat.

466 1618 485 1650 ι
534 1598 649 1654 Viri
707 1604 918 1657 strenui
980 1604 1159 1673 ignem
1215 1606 1453 1662 ludibrio
1509 1607 1793 1665 habentes.
1846 1627 1863 1659 ι
1926 1608 2038 1666 Vos

460 1690 761 1759 quondam,
813 1694 921 1756 ait,
979 1696 1149 1750 tantis
1207 1698 1417 1753 viribus
1465 1699 1778 1769 pollebatis,
1822 1707 1882 1753 ut
1932 1701 2036 1770 ipsi

462 1781 691 1835 llunma:
745 1792 956 1840 certare
1004 1802 1111 1840 non
1162 1788 1507 1844 dubitaretis.
1555 1808 1573 1841 ι
1619 1788 1858 1845 [labente
1915 1806 2041 1845 cur-

2150 602 2383 674 Ἰσραὴλ,
2435 607 2514 667 είς
2568 605 2667 675 τὴν
2719 602 2962 674 κεφαλὴν
3007 599 3199 671 ἔτρεψε
3235 600 3334 671 την
3362 596 3460 668 σὴν
3496 599 3524 650 ὁ
3552 595 3738 658 Θεὸς(

2146 711 2164 745 ι
2206 695 2349 746 Διότι
2366 694 2770 758 έκτινάσσοντες
2792 690 3101 758 ἐξετίναξαν
3130 689 3346 752 αὐτοὺς,
3376 686 3473 741 καὶ
3490 685 3561 738 τά
3580 684 3714 755 κλή-

2144 801 2290 854 ματα
2321 784 2496 838 αὐτῶν
2533 783 2866 855 διέφθειραν,
2911 781 3053 835 ὅπλα
3093 778 3413 840 δυναστείας
3449 775 3616 830 αὐτοῦ
3655 774 3715 839 ἐξ

2141 871 2473 945 ἀνθρώπων.
2496 893 2516 927 ι
2541 874 2617 945 (p.
2668 874 2795 943 ⁸557)
2828 872 3075 941 Τοσαύτη
3107 870 3218 940 γὰρ
3263 868 3417 920 ἔσται
3449 866 3592 919 κατά
3619 864 3714 918 σοῦ

2139 961 2249 1016 τῶν
2279 962 2550 1035 πολεμίων
2578 965 2611 1035 ἡ
2642 963 2889 1032 δύναμις,
2908 961 3048 1015 ὥστε
3079 976 3137 1012 σε
3166 958 3321 1028 δίκην
3341 955 3449 1009 τῶν
3474 958 3720 1009 ἐκτινατ-

2140 1054 2340 1109 τόντων
2359 1055 2583 1126 ἐσθῆτα,
2604 1054 2703 1124 τῆς
2722 1054 2875 1119 ἀξίας
2897 1051 3187 1106 ἀποϐαλεῖν
3215 1050 3313 1120 τῆς
3339 1048 3563 1112 οἰκείας,
3581 1047 3721 1100 ἀπο-

2141 1148 2297 1202 λέσαι
2321 1164 2380 1199 τε
2409 1146 2625 1201 ἅπαντα
2683 1147 2766 1215 ἐφ’
2790 1139 2869 1208 οἷς
2886 1145 2961 1208 ὠς
2989 1140 3359 1197 κεκυκλωκόσι
3391 1156 3452 1193 σε
3478 1139 3719 1207 καὶπερὶ

2140 1239 2240 1311 τὴν
2273 1237 2566 1309 θεραπείαν
2591 1235 2977 1306 ἡσχολημένοις
3005 1233 3104 1304 τὴν
3135 1230 3231 1303 σὴν
3261 1231 3401 1300 μέγα
3430 1228 3678 1296 ἐφρόνεις
3700 1243 3715 1257 ⁸

2142 1330 2258 1393 καὶ,
2292 1329 2566 1400 συντόμως
2593 1329 2789 1392 εἰπεῖν,
2824 1325 3002 1380 πᾶσαν
3027 1341 3120 1378 σου
3157 1322 3256 1392 τὴν
3290 1318 3587 1391 πολεμικὴν
3620 1319 3720 1388 ἐμ-

2144 1421 2361 1493 πειρίαν
2401 1422 2498 1474 καὶ
2556 1420 2740 1474 πᾶσαν
2777 1417 2876 1489 τὴν
2897 1416 3123 1487 δύναμιν
3149 1413 3211 1478 ἐξ
3245 1413 3497 1467 ἀπάντων
3522 1410 3722 1464 ἀπολέ-

2146 1529 2297 1566 σουσι
2327 1513 2437 1566 τῶν
2466 1510 2787 1583 ἀνθρώπων.
2825 1504 2959 1562 Εἶτα
2998 1507 3093 1560 καὶ
3140 1505 3237 1576 τὴν
3273 1501 3507 1557 παλαιὰν
3540 1498 3721 1554 αὐτῶν

2144 1605 2407 1658 ἐντίθεται
2435 1604 2661 1674 δύναμιν
2692 1595 2836 1675 ᾗπερ
2873 1600 2972 1653 οὐκ
3000 1600 3077 1660 είς
3112 1597 3228 1651 δέον
3274 1594 3597 1665 ἐχρήσαντο,
3644 1591 3739 1653 ὡς.

2143 1699 2294 1753 οὐδὲν
2326 1698 2524 1760 αὐτοὺς
2588 1695 2973 1766 ὠφελήσουσαν
3036 1694 3093 1745 ἐν
3142 1688 3220 1760 τῷ
3262 1687 3486 1759 παρόντι
3520 1684 3718 1756 καιρῷ.

2152 1811 2171 1843 ι
2210 1792 2434 1864 Ἀνδρες
2474 1789 2688 1843 δυνατοί
2742 1785 3101 1859 ἐμπαίζοντες
3145 1785 3203 1835 ἐν
3252 1780 3403 1852 πυρί.
3449 1799 3468 1831 ι
3531 1778 3722 1848 Ὑμεῖς

462 1886 623 1924 rnum
668 1874 913 1937 illorum,
960 1878 1015 1932 in
1062 1879 1148 1934 die
1174 1882 1592 1950 praeparationis
1636 1882 1796 1952 ejus;
1828 1884 2041 1954 equites

2156 1879 2260 1954 ἣτε,
2280 1882 2466 1953 φησιν,
2489 1883 2538 1934 οἱ
2565 1880 2632 1934 δι’
2650 1878 2954 1951 ὑπερϐολὴν
2985 1875 3166 1948 ἰσχύος
3195 1873 3317 1927 οὐδὲ
3346 1871 3518 1943 πυρὸς
3555 1886 3729 1924 κατα-

464 1963 830 2020 tarhahuntur
873 1967 928 2021 in
969 1968 1093 2024 viis.
1140 1989 1158 2022 ι
1207 1970 1375 2042 Equis
1404 1973 1535 2028 olim
1578 1975 1946 2044 curribusque
1979 1976 2046 2030 fl-

462 2051 642 2116 distis,
680 2054 772 2122 qui
815 2069 965 2111 nunc
1005 2056 1231 2117 inutiles
1275 2070 1423 2117 sunt.
1470 2060 1605 2117 Nam
1652 2080 1764 2135 quo
1804 2072 2048 2136 tempore

468 2145 575 2198 Ι)εο
601 2146 780 2200 visum
812 2147 978 2204 fuerit
1015 2167 1233 2221 pmnam
1263 2155 1420 2211 vobis
1446 2156 1691 2227 infligere
1711 2197 1727 2219 ,
1752 2158 2047 2228 trepidatio

464 2250 662 2291 currus
704 2247 758 2292 et
785 2242 999 2311 equites
1042 2245 1358 2314 occupabit,
1398 2246 1472 2299 ita
1517 2254 1575 2300 ut
1620 2255 1767 2302 metu
1802 2247 2044 2303 hostium

467 2327 601 2381 nihil
647 2344 809 2400 agere
843 2343 1071 2404 queant.
1105 2355 1124 2388 ι
1163 2336 1587 2393 Confundentur
1631 2354 1853 2404 currus,
1887 2349 1944 2395 et
1986 2341 2044 2395 in

467 2416 666 2485 plateis
709 2423 1061 2482 collidentur.
1101 2445 1121 2479 ι
1162 2427 1219 2482 ln
1261 2428 1481 2501 fugam,
1524 2431 1734 2501 inquit,
1778 2446 1838 2487 se
1871 2432 2048 2504 conji-

466 2508 615 2564 «ient
648 2527 664 2564 :
694 2512 799 2569 hac
824 2524 1005 2572 autem
1038 2520 1409 2589 trepidatione
1435 2522 1578 2577 inter
1602 2538 1662 2578 se
1693 2524 1892 2589 collisi,
1923 2533 2051 2580 ante

466 2598 708 2657 hostium
738 2605 1029 2663 adventum
1054 2625 1273 2680 pessum
1303 2613 1475 2668 ibunt.
1510 2634 1528 2667 ‹
1559 2613 1831 2685 Aspectus
1857 2633 2048 2672 eorum

469 2699 527 2743 ut
560 2693 836 2765 lampades
882 2702 1076 2772 igneae.
1109 2714 1169 2758 ut
1202 2704 1416 2777 fulgura
1453 2707 1845 2764 disrurrentia.
1878 2730 1896 2762 ι
1939 2710 2048 2764 Iro~

468 2784 592 2839 nice
644 2786 700 2841 id
753 2788 889 2845 dicit
931 2811 943 2846 :
991 2809 1188 2865 nempe
1232 2811 1330 2851 vos
1385 2796 1526 2851 nihil
1570 2798 1787 2868 fulgure
1834 2799 2053 2856 differre

469 2886 681 2933 vosmet
724 2885 1040 2953 putavistis,
1088 2890 1182 2956 qui
1226 2888 1544 2943 lucentibus
1589 2890 1759 2946 armis
1811 2892 2050 2961 prtediti.

467 2967 777 3026 vehementi
810 2977 1014 3045 impetu
1048 2977 1104 3031 in
1139 2978 1327 3035 hostes
1363 2978 1706 3036 ferebamini.

2142 1975 2347 2047 τολμᾷν
2383 1973 2686 2036 ὀκνοῦντες.
2729 1990 2749 2024 ι
2792 1973 2857 2024 Αἰ
2908 1969 3055 2039 ἡνίαι
3103 1968 3212 2021 τῶν
3248 1966 3507 2038 ἁρμάτων
3545 1963 3725 2017 αὐτῶν

2143 2066 2202 2120 ἐν
2231 2066 2413 2137 ἡμέρᾳ
2450 2064 2767 2136 ἐτοιμασίας
2792 2061 2976 2125 αὐτοῦ,
3005 2062 3098 2115 καὶ
3120 2063 3169 2113 οἱ
3205 2061 3390 2121 ἱππεῖς
3421 2053 3739 2127 θορυϐηθή-ο

2146 2174 2325 2212 σονται
2384 2158 2442 2210 ἐν
2493 2159 2613 2220 ταῖς
2664 2157 2823 2219 ὁδοῖς.
2863 2174 2882 2207 ι
2911 2156 2972 2209 Ol
2999 2153 3140 2225 μέγα
3168 2152 3252 2223 ἐφ’
3282 2152 3467 2213 ἵπποις
3497 2166 3557 2202 τε
3596 2164 3728 2218 φρο-

2143 2250 2359 2314 νοῦντες
2390 2251 2483 2305 καὶ
2516 2251 2779 2322 ἅρμασιν,
2813 2248 2849 2303 ἃ
2880 2249 2944 2319 δὴ
2981 2249 3162 2302 πάντα
3193 2245 3289 2299 νῦν
3323 2245 3452 2314 ὑμῖν
3479 2243 3728 2313 ἀχρηστα

2144 2346 2420 2414 φανεῖται’
2452 2344 2511 2396 ἐν
2540 2342 2646 2412 γὰρ
2691 2341 2769 2413 τῷ
2799 2338 2975 2413 καιρῷ
3006 2339 3129 2394 καθ’
3172 2338 3231 2392 ὃν
3285 2334 3745 2408 παρεσκεύασται¹

2143 2436 2293 2508 παρὰ
2324 2435 2459 2490 Θεοῦ
2506 2435 2575 2489 τὰ
2624 2435 2724 2505 τῆς
2776 2434 3046 2505 τιμωρίας
3084 2433 3234 2503 ύμῖν,
3272 2429 3496 2502 θόρυόος
3540 2426 3631 2480 καὶ
3661 2425 3729 2478 τὰ

2145 2530 2368 2601 ἅρματα
2401 2527 2496 2582 καὶ
2524 2526 2650 2590 τοὺς
2681 2527 2866 2588 ἱππεῖς
2895 2523 3133 2590 καθέξει,
3154 2522 3309 2576 οὐθὲν
3348 2518 3615 2574 ἐπιτελεῖν
3641 2514 3737 2568 διὰ

2146 2621 2208 2674 τὸ
2228 2621 2345 2684 δέος
2363 2618 2471 2673 τῶν
2496 2616 2769 2687 πολεμίων
2796 2616 2941 2680 οἴους
2970 2633 3031 2669 τε
3052 2615 3231 2676 ὄντας.
3274 2631 3294 2664 ι
3324 2609 3730 2680 Συγχυθήσεται

2149 2706 2221 2759 τὰ
2238 2706 2477 2777 ἆρματα,
2495 2706 2588 2759 καὶ
2606 2704 3087 2774 συμπλακήσονται
3126 2705 3183 2758 ἐν
3215 2704 3336 2765 ταῖς
3378 2697 3678 2759 πλατείαις.
3707 2713 3725 2746 ι

2152 2799 2296 2868 Πρὸς
2335 2798 2515 2868 φυγὴν
2567 2796 2698 2866 γὰρ,
2754 2796 2941 2866 φησὶν,
2984 2796 3286 2867 ὁρμήσουσι
3321 2792 3553 2854 πάντες·
3588 2787 3732 2841 ὥστε

2154 2889 2258 2943 ὑπὸ
2286 2889 2387 2958 τῆς
2406 2887 2740 2958 κατεχούσης
2757 2887 2953 2949 αὐτοὺς
2982 2886 3234 2957 ἀπορίας.
3259 2881 3507 2953 ἀλλήλοις
3535 2880 3734 2942 αὐτοὺς

2158 2980 2639 3051 συμπλεκομένους
2663 2978 2768 3051 πρὸ
2805 2978 2904 3048 τῆς
2937 2978 3129 3047 ἐφόδου
3162 2976 3273 3031 τῶν
3305 2972 3574 3045 πολεμίων
3605 2972 3751 3024 ἐαυ-

467 3061 593 3123 τοὺς
624 3063 930 3123 ἀπολλύειν.
968 3088 987 3120 ι
1020 3069 1081 3123 Ἦ
1108 3072 1297 3143 ὅρασις
1323 3072 1503 3127 αὐτῶν
1531 3073 1606 3138 ὡς
1628 3074 1907 3145 λαμπάδες
1946 3076 2138 3148 πυρὸς,
2167 3075 2261 3129 καὶ
2279 3074 2355 3137 ὡς
2383 3074 2658 3143 ἀστραπαὶ
2688 3074 3082 3146 διατρέχουσαι.
3110 3088 3130 3123 ι
3166 3071 3241 3141 (p.
3268 3068 3394 3139 558)
3425 3063 3737 3136 Εῑρωνικῶς

472 3153 566 3206 ἐπὶ
603 3155 886 3232 διασυρμῷ
919 3163 1076 3218 τοῦτο
1112 3165 1301 3235 λέγει·
1335 3169 1512 3222 καίτοι
1549 3188 1635 3239 γε,
1684 3173 1870 3242 φησιν,
1913 3173 2065 3227 οὐδὲν
2105 3169 2401 3242 ἀστραπῶν
2453 3171 2547 3224 καὶ
2588 3170 2756 3242 πυρὸς
2802 3169 3135 3224 διαλλάττειν
3179 3163 3487 3235 ἐνομίζεσθε
3530 3161 3739 3233 ἐκλάμ-

471 3251 665 3311 ποντές
684 3271 744 3306 τε
771 3260 881 3320 τοῖς
902 3259 1087 3323 ὅπλοις
1112 3263 1203 3315 καί
1232 3263 1368 3334 μετὰ
1398 3265 1598 3337 πολλῆς
1625 3266 1724 3338 τῆς
1742 3268 2098 3339 σφοδρότητος
2125 3266 2369 3330 ἐπιόντες
2393 3269 2507 3331 τοῖς
2538 3265 2821 3328 ἐναντίοις.

548 3341 715 3400 Vsus.
739 3347 851 3403 5-7.
867 3381 935 3391 ——
953 3372 972 3404 ι
997 3351 1161 3425 Ρυςῖε
1184 3357 1419 3414 interdiu
1444 3376 1714 3417 memores
1737 3369 1900 3416 erunt
1917 3363 2053 3433 opti-

2231 3359 2381 3429 Στίχ.
2413 3357 2547 3424 ε’-ζ’.
2582 3389 2654 3400 -
2680 3378 2699 3412 ι
2732 3358 2845 3413 Καὶ
2874 3356 3274 3428 μνησθήσονται
3306 3354 3356 3407 οἰ
3392 3352 3737 3424 μεγιστᾶνες,

475 3443 685 3494 mates:
729 3440 784 3496 in
826 3444 1187 3514 trepidatione
1228 3465 1327 3505 sua
1369 3451 1706 3508 festinabunt
1741 3454 1942 3510 moenia
1972 3462 2055 3509 te-

477 3544 647 3597 nere;
674 3540 1082 3604 prepugnacula
1106 3556 1204 3595 sua
1238 3545 1643 3615 prmparabunt.
1675 3564 1694 3598 ι
1738 3544 1934 3602 Vester
1966 3547 2060 3604 ille

478 3632 775 3691 apparatus
816 3636 982 3699 atque
1030 3642 1311 3691 armatura
1347 3636 1400 3690 in
1434 3652 1656 3694 cassum
1702 3638 1814 3695 flet.
1868 3641 2061 3709 Itaque

476 3715 684 3770 omisso
732 3722 917 3787 praelio
964 3722 1147 3796 fugam
1197 3728 1594 3784 meditabimini
1635 3750 1649 3786 :
1722 3747 1900 3801 neque
1958 3731 2061 3785 hac

480 3804 596 3869 ipsa
633 3811 887 3880 expedite
909 3817 1136 3872 utemini
1162 3836 1176 3885 ;
1207 3820 1303 3893 sed
1339 3836 1465 3874 eum
1496 3820 1700 3891 ingenti
1737 3828 2062 3877 consterna-

480 3900 631 3957 tione
670 3916 952 3965 currentes
979 3910 1051 3965 ob
1081 3913 1425 3982 ingruentem
1460 3916 1702 3971 hostium
1736 3925 1965 3983 metum,
1994 3917 2062 3974 ad

482 3995 707 4060 mmnia,
747 4015 868 4067 quae
895 4003 1010 4057 sola
1045 4006 1254 4075 reliqua
1286 4016 1467 4072 erunt,
1503 4009 1856 4075 festinabitis,
1881 4026 2064 4082 pugna

479 4082 553 4134 ob
579 4083 1017 4153 desperationem
1055 4096 1302 4152 ornissa:
1337 4106 1502 4168 atque
1540 4099 1669 4154 hinc
1709 4101 1932 4156 tutelam
1973 4116 2065 4157 ex-

483 4176 843 4246 speCtabitis,
881 4189 936 4236 et
975 4183 1043 4238 ad
1074 4196 1394 4241 consuetam
1432 4203 1714 4243 murorum
1756 4190 2064 4247 custodiam

484 4266 668 4322 studio
728 4273 875 4326 omni
918 4275 1268 4334 ineumbetis.
1315 4279 1473 4346 Quod
1516 4297 1647 4336 vero
1689 4282 1925 4353 gravius.
1957 4292 2064 4348 est.

490 4376 510 4407 σ
537 4357 711 4416 Porta:
755 4366 972 4423 urbium
1019 4378 1334 4439 patuerunt,
1368 4375 1515 4444 regia
1556 4374 1762 4444 palatia
1805 4374 2068 4431 concide-

485 4459 636 4518 runt,
670 4468 802 4524 opes
836 4462 1087 4517 revelata:
1126 4472 1275 4518 sunt.
1319 4464 1440 4535 Ipsa
1478 4466 1748 4533 ascendit,
1775 4475 1830 4522 et
1857 4468 2069 4522 ancilla

483 4541 606 4607 eius
643 4550 1045 4619 praecedebant,
1078 4570 1176 4609 ceu
1206 4556 1473 4612 columba:
1500 4558 1786 4628 loquentes
1816 4559 1870 4612 in
1903 4557 2070 4614 corde

485 4648 606 4688 suo.
640 4654 659 4688 ι
699 4637 805 4694 Sed
835 4643 981 4696 enim
1013 4660 1083 4699 ne
1105 4645 1338 4715 perfugii
1370 4646 1589 4715 quidem
1609 4648 1770 4716 222
1789 4647 1853 4702 ad
1879 4664 2067 4705 muros

2159 3451 2255 3504 καὶ
2282 3450 2569 3520 φεύξονται
2592 3450 2824 3523 ἡμέρας,
2850 3452 2942 3504 καί
2971 3449 3338 3521 κρατήσουσιν
3360 3447 3419 3499 ἐν
3443 3447 3509 3516 τῇ
3534 3443 3743 3514 ἀπορία

2165 3544 2347 3598 αὐτῶν
2375 3544 2469 3598 καί
2496 3542 2823 3597 σπεύσουσιν
2850 3543 2941 3596 ἐπὶ
2969 3542 3036 3595 τὰ
3062 3542 3241 3612 τείχη,
3270 3539 3366 3593 καὶ
3391 3536 3742 3607 ἐτοιμάσουσι

2159 3635 2257 3699 τὰς
2285 3634 2643 3706 προφυλακὰς
2665 3633 2864 3689 αὐτῶν.
2899 3653 2918 3685 ι
2949 3633 3029 3687 Τὰ
3054 3633 3153 3704 μὲν
3180 3632 3244 3704 δὴ
3266 3631 3364 3702 τῆς
3391 3627 3743 3701 παρασκευῆς

2162 3729 2291 3799 ὑμῖν
2319 3729 2566 3798 ἐκείνης,
2614 3729 2709 3782 καὶ
2748 3727 2849 3797 τῆς
2876 3727 3158 3798 δυνάμεως
3190 3724 3420 3797 περιττά
3451 3723 3741 3793 γενήσεται

2162 3824 2339 3877 πάντα
2358 3839 2371 3853 ·
2401 3822 2462 3876 τὸ
2491 3823 2751 3893 πολεμεῖν
2777 3823 2833 3877 δέ
2857 3822 3103 3893 ἀφέντες,
3137 3821 3316 3891 φυγῆς
3344 3817 3577 3890 λήψεσθε
3608 3817 3747 3887 μνή-

2166 3930 2274 3983 μην
2297 3927 2311 3942 ·
2345 3913 2441 3965 καὶ
2473 3912 2592 3965 οὐδὲ
2634 3912 2809 3985 ταύτῃ
2861 3911 3134 3983 χρώμενοι
3179 3908 3258 3980 τῷ
3302 3908 3487 3978 δρόμῳ
3520 3906 3607 3961 διὰ
3642 3904 3757 3976 τὴνπ

2165 4003 2469 4076 ὑπερϐολὴν
2498 4005 2590 4057 τοῦ
2618 4005 2970 4075 ἐπικειμένου
2990 4003 3142 4066 δέους
3160 4001 3268 4056 τῶν
3296 3999 3567 4071 πολεμίων
3589 3997 3737 4067 saw

2164 4096 2563 4169 ἀναδραμεῖσθε
2590 4096 2655 4170 δὴ
2694 4097 2882 4151 λοιπὸν
2910 4096 3003 4151 ἐπὶ
3027 4096 3097 4149 τὰ
3126 4095 3306 4165 τείχη,
3338 4091 3429 4145 τὸν
3457 4091 3556 4163 μὲν
3583 4089 3742 4143 πόλε-

2169 4206 2269 4259 μον
2300 4188 2389 4242 διά
2434 4187 2634 4259 πολλὴν
2669 4188 2981 4256 ἀπόγνωσιν
3012 4186 3242 4255 ἀφέντες
3261 4224 3274 4249 ,
3309 4184 3408 4255 τὴν
3437 4182 3497 4248 ἐξ
3520 4180 3748 4235 ἐκείνων

2165 4281 2221 4335 δὲ
2261 4279 2667 4350 προσδοκῶντες
2708 4278 2851 4344 ἕξειν
2884 4277 3186 4348 ἀσφάλειαν
3210 4317 3223 4341 ,
3260 4276 3356 4330 καὶ
3388 4272 3451 4344 δὴ
3487 4272 3581 4326 καὶ
3613 4270 3743 4343 περὶ

2165 4372 2264 4437 τὰς
2300 4372 2550 4435 εἰωθυίας
2584 4373 2677 4425 ἐπὶ
2715 4371 2824 4425 τῶν
2867 4370 3062 4441 τειχῶν
3097 4368 3343 4441 φυλακὰς
3376 4367 3556 4419 πᾶσαν
3593 4361 3743 4426 ἕξετε

2165 4464 2266 4534 τὴν
2297 4463 2572 4534 ἀσχολίαν.
2602 4463 2714 4518 Kal.
2740 4462 2800 4516 τὸ
2827 4462 2890 4533 δὴ
2923 4464 3127 4532 μεῖζοψ
3165 4478 3183 4511 ι
3215 4456 3517 4513 Πύλαιτῶν
3538 4453 3761 4507 πόλεων

2167 4556 2582 4627 διηνοίχθησαν,
2613 4555 2710 4610 καὶ
2741 4555 2809 4609 τὰ
2849 4555 3095 4626 βασίλεια
3138 4554 3378 4619 διέπεσε,
3413 4550 3508 4604 καὶ
3548 4550 3581 4621 ἡ
3615 4548 3747 4601 ὑπό-

2172 4664 2361 4712 στασις
2390 4648 2750 4719 ἀπεκαλύφθη
2770 4665 2785 4681 ο
2824 4651 2919 4703 καὶ
2945 4647 3083 4712 αὕτη
3117 4646 3387 4708 ἀνέϐαινε,
3418 4644 3514 4698 καὶ
3541 4643 3599 4696 αί
3629 4641 3750 4694 δοῦ-

487 4726 598 4779 nlla
634 4729 792 4784 vobis
826 4733 1039 4787 utilitas
1068 4743 1188 4797 est;
1232 4736 1513 4804 potientur
1540 4738 1688 4791 enim
1716 4739 1941 4793 civitate
1975 4740 2053 4794 bo

2174 4737 2265 4791 λαι
2294 4739 2463 4808 αὐτῆς
2491 4739 2709 4809 ἦγοντο,
2738 4739 2923 4804 καθὼς
2947 4738 3270 4810 περιστεραὶ
3297 4735 3662 4807 φθεγγόμεναι
3690 4733 3753 4785 ἐν

488 4824 624 4879 stes,
677 4833 882 4888 perque
928 4831 1117 4889 portas
1170 4826 1341 4878 multa
1383 4842 1508 4879 cum
1557 4828 1851 4882 seeuritate
1895 4829 2074 4898 ingre-

487 4906 749 4975 dientur;
815 4913 996 4981 regias
1039 4913 1236 4968 domos
1289 4930 1318 4968 a
1373 4917 1745 4973 fundamentis
1792 4927 2073 4988 evertent;

489 5014 622 5070 opes
665 5008 791 5056 tuas
835 5009 1028 5059 omnes
1071 5012 1237 5074 atque
1278 5005 1567 5061 thesauros
1615 5008 1744 5061 dum
1787 5007 2074 5079 diripiunt,

489 5091 743 5162 publicos
777 5092 1015 5159 facient;
1050 5108 1394 5165 quaecunque
1427 5097 1638 5151 scilicet
1666 5098 1913 5168 diligenti
1945 5103 2075 5157 olim

489 5192 544 5235 et
573 5198 774 5239 arcana
803 5185 1059 5241 custodia
1107 5186 1388 5241 servabas.
1412 5194 1421 5207 ‘
1449 5206 1467 5237 ι
1495 5186 1559 5240 Et
1596 5189 1715 5257 ipsa
1762 5193 2028 5249 ascendit.
2049 5213 2069 5248 ι

489 5274 739 5331 Ninirem
771 5278 982 5331 scilicet
1015 5277 1151 5332 dicit
1186 5277 1474 5346 propheta.
1538 5276 1677 5348 (Pro
1716 5298 1732 5329 ι
1756 5283 2020 5339 ascendes
2048 5304 2067 5338 ι

492 5367 572 5422 ait
603 5388 622 5421 ‹
659 5369 932 5435 ascendit,
958 5387 976 5420 ι
1037 5383 1192 5422 more
1248 5382 1350 5421 suo
1390 5377 1635 5438 tempora
1688 5378 2077 5449 commutans.)

493 5460 798 5520 Ascendes.
831 5461 1031 5530 inquit,
1061 5458 1128 5512 ad
1166 5459 1446 5512 inimicum
1478 5475 1659 5531 regem
1690 5462 1947 5533 deducta,
1989 5481 2078 5522 ea-

494 5551 645 5621 ptiva
682 5550 882 5605 deinde
916 5564 1211 5604 mansura:
1245 5561 1565 5620 cunctaeque
1595 5552 1691 5607 tibi
1721 5555 1957 5612 subditae
1984 5574 2080 5613 ur-

494 5643 596 5700 bes
629 5651 795 5713 atque
824 5641 950 5712 pagi
996 5639 1106 5709 (his
1145 5640 1288 5696 enim
1323 5643 1644 5702 ancillarqu
1674 5648 1894 5704 nomina
1928 5649 2079 5723 facit)

572 5844 683 5918 (£6)
719 5846 828 5903 Cod
840 5885 850 5896 .
888 5843 1059 5915 ἁναϐἠ
1070 5860 1155 5918 σῃ.

2171 4828 2370 4898 καρδία
2401 4828 2630 4882 ἑαυτῶν.
2667 4846 2687 4880 ι
2737 4829 2900 4884 Ἀλλά
2924 4830 3033 4901 γὰρ
3062 4829 3183 4884 οὐδὲ
3210 4829 3311 4898 τῆς
3340 4829 3468 4898 περὶ
3496 4827 3564 4880 τὰ
3592 4823 3746 4895 τείχη

2173 4919 2407 4991 σπουδῆς
2434 4918 2624 4988 ὄφελός
2652 4937 2704 4975 τι
2731 4921 2957 4990 γέγονεν
2979 4923 3140 4991 ὑμῖν·
3168 4921 3500 4992 κρατήσουσι
3520 4918 3630 4987 γὰρ
3648 4916 3755 4984 τῆς

2175 5011 2382 5074 πόλεως
2417 5012 2466 5064 οί
2509 5012 2793 5084 πολέμιοι,
2827 5015 2903 5085 (p.
2933 5013 3059 5084 539)
3090 5012 3185 5066 καὶ
3218 5012 3307 5066 διά
3335 5028 3398 5079 γε
3428 5010 3536 5064 τῶν
3564 5007 3751 5062 πυλῶν

2178 5099 2319 5169 μετά
2348 5100 2549 5172 πολλῆς
2576 5101 2973 5156 εἰσελεύσονται
3008 5103 3109 5171 τῆς
3147 5099 3360 5163 ἁδείας·
3399 5100 3468 5153 τὰ
3507 5098 3756 5170 βασιλειὰ

2179 5207 2240 5244 τε
2271 5191 2549 5257 παντελῶς
2579 5192 2869 5263 ἀφανιοῦσι
2893 5210 2906 5225 ·
2941 5192 3121 5245 πᾶσαν
3149 5191 3208 5244 τέ
3252 5208 3346 5243 σου
3378 5190 3478 5262 τὴν
3520 5189 3755 5261 ὓπαρξιν

2178 5283 2273 5336 καὶ
2312 5283 2518 5347 πάντας
2546 5285 2674 5348 τοὺς
2707 5285 2995 5355 περιόντας
3025 5299 3105 5336 σοι
3140 5280 3445 5353 θησαυροὺς
3476 5282 3544 5334 δι’
3579 5282 3756 5353 ἁρπα-

2174 5375 2278 5446 γῆς
2309 5377 2699 5447 ποιησάμενοι,
2748 5376 3035 5444 καταφανῆ
3076 5375 3242 5426 πᾶσιν
3274 5373 3621 5443 ἐργάσονται,
3662 5372 3757 5425 καί

2175 5467 2244 5521 τὰ
2276 5468 2444 5522 πάλαι
2475 5485 2557 5522 σοι
2578 5468 2667 5522 διὰ
2692 5467 2892 5538 πολλῆς
2914 5483 2974 5519 τε
3003 5465 3129 5519 ὅντα
3161 5465 3407 5536 φυλακῆς
3435 5465 3531 5519 καὶ
3559 5463 3758 5533 κεκρύ-

2176 5560 2309 5629 φθαι
2328 5560 2609 5615 δοκοῦντα.
2644 5580 2663 5612 ι
2700 5561 2811 5614 Καὶ
2836 5558 2976 5630 αὑτὴ
3002 5559 3101 5630 μὲν
3129 5557 3380 5613 ἀνέϐαινε
3408 5556 3542 5628 (46).
3571 5576 3588 5607 ι
3615 5556 3759 5625 Πρὸς

2178 5649 2276 5721 τὴν
2304 5649 2507 5721 Νινευὴ
2533 5650 2589 5703 δὲ
2622 5650 2650 5701 ὁ
2682 5650 2971 5721 προφήτης
3000 5647 3186 5718 φησὶν,
3216 5647 3340 5701 ἀντὶ
3366 5646 3482 5714 τοῦ,
3531 5666 3548 5698 ι
3601 5645 3757 5699 Ἀνα-
