4118 6478
394 383 526 440 413
1417 386 1978 445 COMMENTARIUS
2015 388 2082 444 IN
2120 389 2395 450 NAIIUMI
2435 391 2588 451 CAP.
2634 393 2693 449 ll.
3603 388 3710 443 ιιι

389 497 629 571 ϐήσῃ,ι
664 498 728 554 τὸ
773 520 793 554 ι
831 500 1118 555 ἀνέϐαινεν
1161 518 1179 553 ι
1215 501 1421 564 εἰπὼν.
1454 501 1639 566 καθὼς
1673 504 2018 559 ἐναλλάττειν

2128 509 2355 564 multum
2385 510 2568 564 valere
2592 509 2849 579 jubentes
2880 510 3172 581 pristinum
3205 507 3495 579 imperium
3527 514 3706 570 tuum,

392 591 583 645 εἴωθε
607 591 703 646 τὸν
726 592 948 665 χρόνον.
990 593 1266 667 Ἀναὸήσῃ
1290 596 1419 666 γάρ,
1458 595 1643 665 φησὶν,
1671 596 1764 649 ἐπὶ
1792 596 1884 651 τὸν
1907 597 2016 651 τῶν

2128 601 2351 655 servitio
2392 609 2571 657 tecum
2602 600 2959 667 addicentur;
3008 603 3178 655 tacita
3218 600 3573 668 cogitatione,
3616 611 3710 651 co-

390 682 703 755 πολεμίων
733 684 980 756 ἀγομένη
1012 684 1237 755 βασιλέα
1263 687 1339 751 ὡς
1375 686 1722 758 αἰχμάλωτος
1750 683 1888 743 οὖσα
1911 688 2017 743 λοι-

2128 689 2315 744 umbze
2364 706 2535 754 more,
2579 704 2736 746 suam
2772 690 2979 761 pariter
3011 699 3175 763 atque
3215 701 3363 745 tuam
3411 694 3710 744 maerentes

389 777 554 830 θεόν’
611 778 708 833 καὶ
758 781 934 833 πᾶσαι
984 779 1045 833 δέ
1084 797 1179 833 σου
1223 781 1278 833 αἱ
1313 780 1545 850 ὑπήκοοι
1582 779 1767 843 πόλεις
1814 797 1873 833 τε
1922 782 2018 834 καὶ

2128 780 2517 836 calamitatem.

388 870 631 942 χῶραι,
658 873 856 938 δούλας
884 872 995 943 γὰρ
1026 873 1231 937 ταύτας
1264 873 1543 945 ὠνόμαζε,
1576 874 1763 947 μακρὰ
1804 875 2018 947 χαίρειν
2047 875 2300 930 εἰποῦσαι
2330 880 2396 948 τῇ
2444 877 2726 950 προσούσῃ
2764 894 2847 930 σοι
2886 876 3149 948 πρότερον
3189 874 3454 946 βασιλεία,
3492 872 3586 924 ἐπὶ
3610 870 3709 939 τὴν

386 966 807 1035 αἰχμαλωσίαν
830 966 1171 1038 άχθήσονται
1208 970 1379 1023 πᾶσαι
1418 968 1515 1020 σὺν
1544 968 1777 1031 enimat”
1808 967 2019 1022 ἔννοιαν
2056 971 2390 1042 περιστεράς
2422 970 2578 1039 δίκην
2620 969 2721 1033 τὰς
2754 970 2965 1025 ἑαυτῶν
3003 986 3063 1023 τε
3093 969 3189 1023 καὶ
3221 968 3313 1021 σοῦ
3356 962 3710 1030 στενάζουσαί

386 1072 465 1109 τε
506 1059 610 1111 καὶ
632 1057 955 1128 ὀδυρόμεναι
984 1059 1291 1130 συμφοράς.

485 1150 646 1221 Στίχ.
685 1150 829 1222 η’.θ’.
872 1182 942 1193 -——
969 1148 1103 1206 Εἶτα
1130 1152 1228 1222 τὴν
1271 1152 1510 1207 παλαιὰν
1553 1152 1863 1226 εὐπραγίαν
1917 1152 2019 1207 αὖ·

386 1243 529 1299 τῶν
556 1261 714 1314 φησι.
742 1243 971 1316 διαιρῶν
996 1247 1078 1310 εἰς
1110 1244 1282 1299 ταῦτα
1303 1244 1395 1299 τὸν
1420 1245 1579 1315 λόγον
1599 1262 1612 1275 ·
1642 1247 1738 1299 καὶ
1766 1246 1895 1301 ποτὲ
1920 1244 2021 1316 μὲν

388 1336 473 1389 ὲν
508 1336 654 1399 οἵοις
681 1336 1107 1407 ἐξετασθήσεται
1141 1341 1334 1401 κακοῖς
1365 1337 1652 1401 διδάσκων,
1679 1336 1811 1391 ποτὲ
1841 1336 1898 1391 δὲ
1920 1337 2020 1407 τὴν

390 1426 600 1480 πάλαι
627 1425 945 1498 προσοῦσαν
967 1427 1153 1492 αὐτοῖς
1184 1426 1534 1497 ἐκτιθέμενος
1560 1426 1880 1481 δυναστείαν
1900 1444 1915 1460 ο
1944 1427 2021 1492 ὡς

391 1518 483 1573 ἂν
521 1518 622 1572 καὶ
650 1518 828 1590 τούτῳ
861 1518 923 1574 τὸ
962 1519 1260 1591 συμϐαῖνον
1305 1520 1445 1591 αὐτῇ
1494 1517 1666 1582 πάθος
1705 1517 2018 1590 αὑξήσειεν,

390 1612 463 1663 εἰ.
520 1611 638 1664 ἀπὸ
692 1610 954 1665 τοιούτων
993 1613 1073 1675 εἰς
1123 1611 1352 1665 τοιαῦτα
1404 1609 1752 1681 ἀφικνεῖσθαι
1814 1608 2019 1680 μέλλει.

401 1720 427 1751 ι
487 1703 610 1756 Καὶ
636 1702 843 1774 Νινευὴ
875 1702 950 1768 ὼς
986 1702 1348 1775 κολυμϐήθρα
1391 1702 1582 1767 ὕδατος
1624 1703 1694 1755 τὰ
1724 1702 1893 1757 ὓδατα
1928 1702 2024 1755 ab.

388 1794 518 1863 τῆς
541 1810 555 1822 ·
593 1792 686 1847 καὶ
711 1793 870 1846 αὐτοὶ
895 1793 1186 1862 φεύγοντες
1213 1794 1311 1847 οὐκ
1358 1793 1615 1864 ἔστησαν,
1647 1795 1739 1848 καὶ
1766 1794 1867 1849 οὐκ
1896 1788 1963 1865 ἦν
1993 1793 2022 1846 ὁ

391 1885 765 1940 ἐπιϐλέπων.
806 1906 825 1938 ι
863 1886 1037 1940 Πάλαι
1071 1887 1170 1958 μὲν
1202 1886 1312 1957 γὰρ
1345 1886 1733 1960 κολυμϐήθρας
1757 1887 2023 1958 μεγίστης

390 1977 747 2050 διήλλαττεν
782 1978 937 2032 οὐδὲν
975 1951 1391 2051 ὑπε-ρχεο-μέννης
1430 1951 1509 2050 τῷ
1554 1951 1708 2033 ὕδατι
1753 1951 2024 2050 πανταχόο
2053 1951 2095 2007 Β

394 2070 540 2133 θεν,
568 2070 649 2141 (p.
670 2070 799 2142 540)
825 2072 918 2124 καὶ
940 2070 1170 2136 πολλοὺς
1193 2072 1252 2125 ὲν
1277 2072 1443 2143 ἑαυτῇ
1468 2070 1780 2143 τρεφούσης
1808 2070 2021 2141 ἰχθύας·

392 2162 570 2218 οὕτω
596 2162 795 2216 πολλοῦ
831 2163 929 2233 μὲν
958 2162 1205 2234 γέμουσα
1238 2162 1478 2234 πλήθους
1520 2163 1760 2217 οἰκείου·
1793 2162 2023 2227 πολλοὺς

392 2254 473 2308 δὲ
509 2255 583 2306 ὲκ
603 2253 713 2308 τῶν
747 2254 1003 2326 πολέμων
1026 2253 1409 2325 αἰχμαλώτους
1437 2254 1639 2326 ἔχουσα
1662 2255 1793 2329 παρ’
1827 2255 2020 2327 ἑαυτῇ·

395 2346 514 2401 νῦν
547 2347 609 2401 δὲ
637 2349 719 2412 εἰς
745 2348 906 2402 τοῦτο
935 2347 1277 2420 κατέστησαν
1316 2348 1697 2420 ταλαιπωρίας
1716 2388 1732 2412 ,
1765 2348 1841 2412 ὡς
1886 2348 2024 2420 μηδὲ

398 2438 772 2511 βραχύτατον
814 2440 1008 2510 στῆναι
1047 2441 1187 2513 πρὸς
1227 2441 1351 2504 τοὺς
1389 2440 1686 2510 πολεμίους
1708 2440 2021 2512 δυνάμενοι,

397 2531 565 2602 πρὸς
598 2530 777 2603 φυγὴν
812 2531 939 2585 ἰδεῖν
962 2550 976 2563 ο
1007 2532 1303 2604 εὑρίσκετο
1319 2533 1376 2586 δὲ
1401 2532 1576 2597 οὐδεὶς
1606 2534 1716 2598 τοῖς
1744 2530 2021 2597 τοσούτοις

397 2625 642 2697 ὲςαορῶν
696 2628 924 2689 κακοῖς,
964 2625 997 2697 ἦ
1050 2642 1172 2678 τινα
1220 2624 1507 2696 διόρθωσιν
1544 2626 1730 2689 αὐτοῖς
1775 2626 2019 2696 ἐπάγων.

407 2736 435 2769 ο
481 2715 812 2788 Διήρπαζον
848 2717 910 2770 τὸ
949 2715 1239 2789 ἀργύριον,
1277 2716 1578 2789 διήρπαζον
1618 2717 1679 2771 τὸ
1709 2718 1953 2790 χρυσίον.
1999 2738 2017 2773 ι

399 2810 685 2864 Ἀπαντα
722 2809 787 2882 δὴ
824 2809 1008 2864 λοιπὸν
1037 2811 1104 2865 δι’
1131 2811 1390 2882 ἁρπαγῆς
1420 2810 1471 2863 οί
1504 2809 1759 2882 πολέμιοι
1790 2810 1860 2866 τὰ
1893 2811 2025 2882 παρ’

400 2903 614 2967 αὐτοῖς
650 2902 956 2957 ἐποιοῦντο.
1000 2920 1020 2955 ι
1067 2901 1179 2956 Καὶ
1212 2902 1314 2956 οὐκ
1351 2897 1420 2972 ἦν
1462 2901 1636 2973 πέρας
1680 2902 1775 2956 τοῦ
1815 2903 2024 2973 κόσμου

402 2991 623 3062 αὐτῆς.
660 3011 679 3043 ι
723 2990 1122 3063 Ἀναρίθμητόν
1145 3008 1266 3045 τινα
1292 2990 1523 3045 πλοῦτον
1554 2990 1735 3047 αὐτῶν
1765 2991 2027 3063 ἀφαιρού-

409 3099 606 3153 μενοι,
643 3074 799 3152 ᾧπερ
834 3080 1166 3152 ἐκοσμοῦντο
1213 3081 1274 3135 τὸ
1318 3080 1571 3152 πρόσθεν.
1620 3099 1638 3131 ι
1679 3082 2024 3153 Βεϐαρυνται

402 3172 571 3244 ὑπὲρ
597 3172 776 3227 πάντα
799 3172 869 3228 τά
900 3171 1070 3243 σκεύη
1094 3171 1268 3242 αὐτῆς
1291 3171 1360 3225 τὰ
1392 3174 1725 3245 ἐπιθυμητὰ.
1762 3193 1780 3227 ι
1818 3172 2027 3247 Πολλὴν

2197 1145 2364 1202 Vens.
2389 1145 2444 1209 8,
2472 1146 2526 1201 9.
2548 1177 2618 1188 ——
2642 1146 2845 1202 Deinde
2880 1147 3171 1217 pristinam
3198 1144 3511 1202 felicitatem
3544 1150 3709 1217 dicit,

2121 1237 2203 1293 sic
2253 1237 2553 1293 distributo
2602 1253 2876 1302 sermone,
2914 1247 2974 1292 ut
3010 1238 3174 1293 modo
3210 1239 3352 1293 mala
3386 1242 3586 1309 quibus
3619 1243 3712 1298 illa

2120 1329 2456 1385 cruciabitur
2502 1339 2728 1393 narret,
2788 1330 2951 1385 modo
3014 1339 3254 1387 veterem
3312 1344 3713 1390 commemoret

2119 1421 2477 1493 dignitatem.
2514 1423 2776 1478 nimirum
2820 1430 2880 1479 ut
2914 1424 3166 1479 incidens
3192 1422 3552 1480 infortunium
3594 1427 3714 1482 ideo

2119 1516 2340 1586 gravius
2388 1515 2514 1576 fiat,
2570 1516 2717 1586 quod
2772 1517 2902 1574 talis
2952 1518 3085 1572 urbs
3133 1517 3199 1571 ad
3246 1518 3377 1571 talia
3407 1518 3710 1576 devenerit.

2126 1625 2145 1658 ι
2174 1605 2389 1670 Ninive,
2441 1616 2500 1660 ut
2544 1622 2701 1678 aqua:
2738 1609 2950 1677 piscina
2976 1625 3131 1680 aquae
3168 1608 3310 1679 ejus.
3357 1608 3464 1680 lpsi
3494 1624 3713 1682 arrepta

2122 1695 2248 1767 fuga
2291 1714 2561 1768 nusquam
2602 1699 3007 1768 substiterunt;
3057 1716 3159 1756 nec
3203 1708 3323 1757 erat
3372 1702 3468 1772 qui
3501 1704 3710 1772 aspice-

2122 1799 2224 1845 ret.
2252 1809 2271 1842 ›
2309 1788 2449 1845 Olim
2480 1790 2703 1863 quidem
2751 1807 2779 1845 a
2826 1792 3040 1862 piscina
3074 1793 3313 1848 maxima
3352 1809 3464 1849 non
3499 1794 3716 1851 differe-

2124 1882 2278 1946 bant,
2312 1883 2473 1952 aquis
2530 1883 2775 1954 undique
2826 1884 3041 1947 allusis,
3090 1885 3442 1940 multitudine
3481 1888 3716 1956 piscium

2127 1975 2327 2031 ibidem
2373 1976 2527 2029 alita.
2590 1974 2683 2031 Sic
2718 1976 2971 2031 videlicet
3001 1975 3198 2031 Ninive
3229 1976 3585 2031 multitudine
3620 1993 3716 2046 po-

2126 2067 2238 2138 puli
2262 2067 2633 2133 redundabat;
2665 2069 2868 2123 multos
2895 2083 3116 2138 quoque
3144 2067 3287 2123 bello
3314 2077 3507 2138 captos
3540 2069 3717 2123 homi-

2125 2174 2223 2214 nes
2252 2160 2395 2230 apud
2427 2174 2490 2214 se
2528 2159 2763 2214 habens.
2824 2157 2982 2213 Nunc
3026 2173 3157 2213 vero
3189 2167 3341 2213 tanta
3382 2158 3715 2217 adversitate

2126 2261 2254 2308 sunt
2282 2254 2557 2324 oppressi,
2585 2261 2740 2307 utne
2779 2252 3108 2308 brevissime
3142 2252 3361 2323 quidem
3394 2260 3587 2307 contra
3614 2252 3716 2307 ho-

2126 2352 2241 2400 stes
2269 2344 2322 2399 in
2351 2345 2469 2400 acie
2493 2345 2769 2407 steterint,
2788 2345 3087 2414 quominus
3109 2360 3169 2400 se
3196 2346 3333 2416 fugae
3354 2344 3538 2400 statim
3564 2360 3717 2400 com-

2123 2436 2427 2492 mitterent.
2464 2434 2637 2492 Porro
2669 2444 2853 2494 autem
2884 2453 3047 2492 nemo
3078 2438 3336 2492 inventus
3371 2444 3476 2500 est,
3508 2438 3600 2507 qui
3630 2438 3717 2493 his

2124 2530 2283 2586 malis
2326 2539 2564 2585 mentem
2613 2530 2962 2594 intenderet,
3019 2539 3116 2584 aut
3160 2529 3352 2587 iisdem
3392 2529 3715 2584 medicinam

2125 2624 2362 2694 aliquam
2391 2623 2614 2678 faceret.
2678 2643 2695 2675 ι
2728 2623 3086 2695 Diripuerunt
3129 2631 3440 2694 argentum,
3477 2621 3719 2693 diripue-

2124 2725 2256 2772 runt
2309 2732 2571 2773 aurum.»
2636 2716 2878 2773 Cunctas
2925 2717 3121 2772 horum
3164 2733 3297 2788 opes
3352 2717 3546 2787 praedae
3617 2717 3717 2771 ha-

2125 2809 2362 2864 buerunt
2413 2810 2618 2865 hostes.
2694 2828 2713 2861 ι
2766 2808 2955 2879 Neque
2998 2817 3118 2863 erat
3181 2809 3305 2865 linis
3365 2816 3721 2862 ornamento»

2125 2917 2247 2955 rum
2290 2901 2431 2969 ejus.
2464 2920 2482 2953 ι
2531 2901 2851 2956 Innumeras
2907 2901 3130 2957 divitias
3183 2901 3540 2971 eripuerunt,
3593 2899 3719 2969 qui-

2125 2993 2230 3047 bus
2257 2990 2419 3064 223
2456 3000 2616 3045 antea
2645 2993 2967 3046 ornabatur.
3009 3007 3028 3042 ι
3058 2988 3350 3061 Aggravati
3395 2997 3525 3045 sunt
3552 3002 3721 3056 super

2126 3096 2343 3137 omnem
2391 3082 2786 3152 supellectilem
2819 3081 2943 3153 ejus
2995 3081 3483 3137 desiderabilem.»
3543 3079 3722 3136 Vehe-

2127 3178 2296 3233 menti
2329 3175 2512 3231 studio
2546 3173 2615 3229 ad
2645 3175 2882 3245 pretiosa
2907 3190 3140 3246 qumque
3172 3181 3430 3237 ruerunt,
3462 3173 3721 3228 multam-

406 3263 564 3333 γοῦν
621 3263 863 3336 μάλιστα
906 3262 1005 3335 τὴν
1050 3264 1287 3334 σπουδὴν
1331 3262 1612 3318 ἐποιοῦντο
1653 3264 1720 3318 τὰ
1763 3264 2025 3320 δοκοῦντα

2131 3285 2239 3340 que
2281 3269 2579 3339 diripiendi
2621 3284 2743 3325 eam
2787 3269 3147 3339 cupiditatem
3197 3283 3308 3338 prae
3354 3282 3413 3322 se
3452 3266 3717 3321 tulerunt.

407 3357 589 3428 τίμια
616 3350 781 3420 εἶναι,
817 3355 913 3410 καὶ
945 3354 981 3409 ἃ
1015 3354 1154 3426 μετὰ
1182 3354 1386 3426 πολλῆς
1414 3354 1573 3425 έσχον
1599 3356 1697 3427 τῆς
1733 3355 2028 3426 ἐπιθυμίας

408 3445 733 3520 ἀφελέσθαι
759 3446 891 3519 παρ’
916 3445 1117 3500 αὐτῶν·
1141 3444 1203 3499 τὸ
1228 3447 1337 3519 γὰρ
1367 3465 1385 3499 ι
1416 3445 1771 3517 βεϐάρυνται,
1797 3466 1814 3500 ι
1842 3448 2028 3519 ὅμοιόν

411 3545 551 3597 ἐστι
584 3539 680 3594 τοῦ
707 3541 766 3594 ὲν
794 3540 917 3604 ταῖς
947 3540 1281 3605 Βασιλείαις,
1322 3558 1341 3594 ι
1394 3540 1702 3614 Ἐδαρύνθη
1730 3544 1759 3596 ό
1793 3542 2030 3614 πόλεμος

413 3633 523 3689 ἐπὶ
574 3630 784 3699 Σαοὺλ,
844 3650 864 3684 ι
919 3631 1007 3685 ἵνα
1057 3632 1190 3705 εἴπῃ
1228 3632 1311 3685 ὅτι
1355 3634 1477 3687 κατ’
1527 3634 1706 3688 ἐκεῖνο
1749 3635 1812 3689 τὸ
1866 3635 2031 3709 μέρος

413 3724 719 3780 ἐπέκειντο
765 3722 1004 3794 μάλιστα
1051 3724 1102 3778 οἰ
1157 3723 1441 3795 πολέμιοι·
1486 3723 1631 3779 οὕτω
1662 3726 1940 3782 κάνταῦθα
1970 3728 2031 3781 τὸ

424 3838 446 3873 ι
476 3818 816 3891 βεϐάρυνται
849 3836 867 3869 ι
900 3817 1070 3888 λέγει,
1094 3818 1182 3872 ἵνα
1208 3819 1338 3891 εἴπῃ
1358 3819 1439 3871 ὅτι
1462 3815 1662 3872 πλείων
1691 3819 1820 3891 περὶ
1849 3821 2031 3875 ἐκεῖνα

420 3915 458 3986 ἡ
495 3910 709 3982 σπουδὴ
732 3912 846 3975 τοῖς
877 3911 1159 3983 πολεμίοις
1189 3910 1457 3980 ἐγίγνετο.

497 4004 659 4076 Στίχ.
692 4004 744 4070 ι’,
782 4009 871 4061 ια’.
921 4035 989 4046 -—
1034 4023 1054 4056 ι
1116 4004 1478 4076 Ἐκτιναγμὺς
1508 4005 1604 4059 καὶ
1640 4005 2029 4077 ἁνατιναγμὺς,

421 4097 754 4171 ὲκὸρασμδς
780 4098 876 4152 καὶ
907 4095 1137 4171 καρδίας
1165 4095 1469 4169 θραυσμὺς,
1499 4099 1593 4152 καὶ
1621 4098 1882 4162 ύπόλυσις
1904 4115 2034 4166 γου-

422 4190 647 4255 νάτων,
687 4190 784 4245 καὶ
822 4189 1010 4254 ὠδῖνες
1041 4188 1135 4243 ἐπὶ
1172 4190 1353 4245 πᾶσαν
1410 4190 1602 4261 ὀσφὺν,
1651 4192 1745 4246 καὶ
1775 4191 1837 4246 τὸ
1871 4192 2034 4266 πρόσ-

356 4342 367 4347 _
422 4296 587 4336 ωπον
613 4278 797 4334 αὐτῶν
817 4279 892 4342 ὡς
914 4280 1244 4351 πρόσκαυμα
1263 4277 1489 4351 χύτρας.
1521 4298 1540 4331 ι
1572 4279 1829 4335 Βούλεται
1858 4282 2033 4339 εἰπεῖν

425 4372 519 4426 ὅτι
550 4369 818 4434 ποικίλοις
854 4371 918 4423 ὲκ
947 4367 1056 4423 τῶν
1085 4368 1360 4439 πολεμίων
1391 4368 1891 4441 περιϐληθήσονται
1919 4372 2033 4434 τοῖς

422 4464 632 4535 ,κακοῖς
660 4462 735 4532 (p.
764 4462 894 4533 ⁸541)
920 4461 1359 4532 ὲκτιναττὸμενοι
1385 4461 1481 4519 καὶ
1510 4458 1927 4533 ἐκδραζὸμενοι.
1957 4460 2034 4525 ὡς

428 4553 721 4620 παντελῶς
757 4554 857 4627 μὲν
883 4555 1069 4618 αὐτοῖς
1094 4555 1191 4624 τῆς
1222 4554 1464 4619 διανοίας
1495 4553 1787 4625 σϐεσθῆναι
1817 4554 1910 4608 τὸν
1942 4553 2034 4607 λο-

2129 3362 2266 3417 Nam
2289 3363 2460 3417 dictio
2488 3361 2766 3432 aggravati
2798 3368 2948 3429 sum,
2976 3361 3120 3416 idem
3163 3358 3440 3431 significat
3462 3366 3626 3429 atque
3665 3358 3721 3413 in

2130 3452 2447 3525 Regnorum
2479 3453 2669 3511 libris:
2700 3458 3190 3527 «Aggravatumest
3241 3451 3488 3522 praelium
3528 3460 3722 3504 contra

2132 3544 2351 3600 Saulem
2376 3544 2442 3612 ",
2467 3563 2487 3596 ι
2507 3551 2566 3600 ut
2587 3544 2903 3609 denotetur,
2941 3543 3033 3597 illa
3065 3543 3413 3613 potissimum
3441 3551 3598 3612 parte
3639 3540 3722 3594 vi-

2130 3653 2221 3693 res
2248 3636 2488 3692 hostium
2512 3651 2637 3692 sese
2660 3635 2989 3692 intendisse.
3025 3634 3105 3689 Ita
3128 3634 3220 3688 hic
3246 3634 3411 3690 etiam
3440 3631 3721 3703 aggravati

2132 3739 2256 3786 sunt
2284 3730 2508 3794 dicitur,
2547 3738 2606 3783 ut
2648 3728 3042 3800 intelligamus,
3072 3726 3424 3798 potissimum
3446 3724 3720 3789 Jiostium

2133 3820 2377 3875 studium
2404 3819 2553 3874 circa
2582 3832 2716 3889 opes
2737 3831 2861 3872 esse
2897 3821 3197 3871 versatum.

2203 4004 2373 4062 Vens.
2389 4004 2477 4068 10,
2494 4005 2519 4059 1
2535 4004 2683 4058 1.-‹
2703 4000 2975 4057 Excussio
2997 4005 3052 4054 et
3076 3995 3434 4059 rediscussio,
3456 4001 3510 4049 et
3525 3992 3723 4050 ebulli-

2134 4098 2229 4164 tio,
2246 4106 2300 4154 et
2313 4096 2499 4153 cordis
2512 4094 2646 4149 conf
2648 4094 2821 4148 ractio
2835 4100 2887 4148 et
2901 4105 3142 4164 genuum
3162 4087 3332 4146 dissel
3344 4087 3477 4151 utin,
3496 4096 3549 4141 et
3562 4085 3720 4141 dolo~

2134 4205 2222 4246 res
2238 4188 2481 4243 omnium
2496 4200 2714 4250 renum,
2742 4193 2797 4241 et
2815 4183 3190 4239 facieseorum
3219 4188 3278 4235 ut
3301 4178 3674 4234 adustioollm.
3699 4194 3719 4227 ι

2134 4280 2419 4351 Significat
2455 4276 2573 4333 fore
2614 4285 2673 4332 ut
2704 4290 2801 4331 eos
2832 4274 3039 4330 inimici
3071 4273 3240 4328 variis
3268 4270 3508 4325 alliciant
3538 4267 3721 4331 malis,

2134 4373 2328 4430 crebro
2353 4371 2719 4431 excutientes,
2739 4374 2793 4422 et
2810 4366 3118 4436 ejicientes,
3140 4365 3216 4419 ita
3231 4370 3290 4419 ut
3316 4363 3633 4417 universum
3658 4358 3732 4412 iis

2134 4465 2516 4533 exstinguatur
2567 4458 2766 4514 mentis
2815 4454 3189 4512 ratiocinium.
3255 4453 3476 4507 Timore
3539 4460 3725 4504 autem

2137 4570 2370 4611 enerves
2405 4567 2474 4607 ne
2513 4558 2664 4606 stare
2704 4549 2927 4620 quidem
2964 4546 3125 4601 facile
3170 4552 3449 4617 poterunt,
3485 4550 3539 4597 ct
3568 4557 3723 4596 com-

428 4645 664 4719 γισμόν·
711 4645 1107 4719 ἐκλελυμένους
1139 4646 1195 4700 δὲ
1241 4647 1347 4701 ὑπὸ
1378 4646 1474 4701 τοῦ
1515 4646 1668 4711 δέους
1713 4647 1847 4722 μηδὲ
1903 4647 2027 4720 στῆ-

2136 4646 2396 4703 munibus
2442 4643 2763 4715 quatientur
2795 4638 3130 4710 angoribus:
3172 4644 3335 4706 atque
3366 4640 3429 4688 ut
3481 4632 3727 4687 breviter

428 4758 528 4798 ναι
552 4738 821 4796 δύνασθαι
856 4739 1073 4811 ῥᾳδίως,
1109 4740 1168 4793 ὲν
1196 4738 1413 4805 ὀδύναις
1449 4757 1511 4795 τε
1545 4742 1753 4805 κοιναῖς
1788 4742 2036 4804 ἅπαντας

430 4829 604 4889 εἶναι’
634 4832 734 4887 καὶ
767 4832 1049 4902 συντόμως
1070 4832 1559 4897 εἰπεῖν,τοιούτους
1587 4834 1653 4894 ὲκ
1681 4833 1783 4907 τῆς
1809 4834 1918 4887 τῶν
1940 4851 2039 4889 κα-

431 4926 553 4983 κῶν
586 4926 823 4998 ἀπορίας
854 4921 1015 4992 εἶναι,
1045 4926 1121 4989 ὡς
1151 4925 1316 4996 μηδὲν
1342 4925 1660 4981 ἁπεοικέναι
1692 4928 2040 4999 κεκαυμένης

431 5016 647 5090 χύτρας
681 5017 788 5070 ύπδ
823 5016 1014 5087 πυρός.
1043 5017 1155 5070 Καὶ
1181 5013 1345 5070 πάλιν
1375 5016 1467 5069 ἐπὶ
1495 5015 1595 5089 τὴν
1629 5018 1852 5090 μνήμην
1882 5017 2040 5087 ἄγων

430 5111 636 5175 αὐτοὺς
674 5110 778 5182 τῆς
808 5109 1046 5173 παλαιᾶς
1082 5108 1431 5173 δυναστείας·
1468 5127 1487 5160 ι
1524 5107 1637 5163 Ποῦ
1671 5108 1789 5164 ἔστι
1820 5109 1883 5164 τὸ
1908 5127 2039 5165 κατ-

432 5202 758 5275 οικητήριον
819 5200 933 5254 τῶν
978 5200 1211 5254 λεόντων
1276 5200 1369 5253 καὶ
1417 5200 1451 5270 ἡ
1486 5199 1626 5272 νομὴ
1675 5202 1708 5271 ἡ
1757 5195 1894 5255 οὖσα
1926 5204 2041 5267 τοῖς

433 5291 740 5363 σκύμνοιςς
787 5309 808 5343 ι
855 5289 1016 5344 Ἀλλὰ
1042 5290 1152 5363 γὰρ
1182 5289 1390 5361 οἴχεται
1416 5289 1472 5343 δὲ
1503 5290 1683 5345 αὐτῶν
1715 5292 1811 5346 καὶ⁸
1843 5291 2040 5365 ήνομὴ

433 5384 624 5441 πᾶσα*
659 5381 757 5437 καὶ
800 5382 910 5453 γὰρ
960 5382 1236 5453 σκύμνους
1286 5381 1348 5435 τὺ
1394 5383 1527 5436 αὐτὸ
1558 5382 1746 5452 λέγει,
1790 5385 2039 5439 τουτέστι

431 5476 568 5541 τοὺς
605 5473 859 5539 λέοντας*
898 5474 1149 5545 βούλεται
1196 5475 1254 5529 δὲ
1296 5477 1471 5530 εἰπεῖν
1512 5477 1596 5532 ὅτι
1626 5475 1800 5532 Πάλαι
1849 5477 1952 5547 μὲν
1981 5480 2031 5532 οἱ

432 5565 541 5638 τὴν
580 5564 791 5637 Νινςυὴ
836 5565 1256 5631 κατοικοῦντες,
1299 5560 1530 5622 λεόντων
1562 5566 1719 5639 δίκην
1750 5563 1849 5639 ἦτε
1897 5571 2034 5624 πᾶσι

390 5694 399 5703 ο
433 5659 555 5722 τοῖς
609 5656 820 5722 λοιποῖς
867 5658 1092 5731 φοϐεροί
1114 5701 1126 5724 ,
1177 5659 1270 5713 καὶ
1326 5668 1395 5714 τα
1436 5659 1772 5731 πανταχόθεν
1814 5662 1880 5716 ὲκ
1924 5662 2034 5715 τῶν

435 5747 704 5819 πολέμων
748 5749 1120 5823 λαμϐάνοντες
1161 5751 1441 5825 ἠθροίζετε
1494 5751 1621 5823 παρ’
1666 5753 1898 5818 ὲαυτοῖςο
1940 5754 2035 5809 νῦν

551 5883 598 5917 ¹⁸
623 5881 649 5940 ι
685 5884 822 5959 Reg.
841 5901 989 5954 xxxi,
1015 5887 1066 5943 3.

2132 4742 2334 4802 (licam,
2361 4736 2530 4792 tantis
2555 4735 2626 4791 ob
2653 4735 2754 4789 has
2780 4731 2965 4787 clades
2993 4729 3313 4800 prementur
3342 4725 3636 4797 angustiis,
3664 4733 3726 4779 ut

2076 4828 2082 4833 ’
2135 4830 2396 4888 ferventis
2422 4829 2493 4885 ab
2533 4828 2657 4897 igne
2707 4826 2829 4880 olla:
2869 4823 3015 4878 haud
3052 4820 3352 4878 dissimiles
3391 4818 3561 4874 visuri
3592 4818 3725 4873 sint.

2141 4945 2160 4978 ι
2194 4924 2426 4981 Ubinam
2457 4931 2539 4977 est
2567 4922 2786 4975 leonum
2817 4916 3218 4978 habitaculum,
3254 4922 3308 4969 et
3337 4926 3545 4985 pascua
3574 4917 3729 4965 catu-

2137 5016 2357 5074 lorum?
2385 5034 2404 5067 ι
2434 5012 2603 5069 Periit
2627 5013 2849 5067 leonum
2882 5008 3281 5072 habitaculum,
3316 5013 3373 5061 et
3411 5004 3596 5060 omnia
3629 5017 3729 5073 pa-

2139 5124 2273 5165 scua
2303 5120 2518 5162 eorum.
2576 5102 2712 5158 Nam
2745 5101 2912 5156 catuli
2955 5100 3118 5155 iidem
3156 5106 3287 5155 sunt
3317 5104 3483 5168 atque
3517 5096 3727 5151 leones.

2139 5198 2430 5272 Signiﬁcat
2464 5207 2670 5259 autem,
2704 5194 2930 5249 Ninives
2970 5191 3098 5245 olim
3139 5191 3350 5246 incolas
3377 5190 3599 5244 leonum
3643 5185 3732 5241 in-

2139 5304 2254 5350 Star
2275 5291 2491 5347 cunctis
2518 5287 2734 5361 populis
2758 5285 2929 5341 fuisse
2954 5283 3249 5346 terribiles,
3272 5290 3326 5336 et
3359 5279 3729 5350 undequaque

2139 5384 2298 5441 bellis
2332 5382 2438 5437 sibi
2466 5396 2600 5451 opes
2631 5392 2878 5450 parasse.
2932 5372 3092 5429 Nunc
3138 5387 3269 5431 vero
3313 5373 3476 5427 etiam
3510 5369 3723 5428 Ninivc.

2141 5477 2342 5548 inquit,
2370 5474 2746 5530 habitaculum
2776 5476 3023 5525 vestrum
3051 5466 3235 5537 periit,
3262 5465 3538 5535 simulque
3565 5462 3728 5533 quid-

2141 5570 2273 5641 quid
2318 5581 2485 5639 opum
2525 5565 2642 5620 illic
2688 5571 2850 5618 antea
2891 5567 3152 5632 congesta
3201 5558 3491 5613 llalllllSllS.
3555 5574 3574 5607 ι
3604 5553 3727 5624 Quo

2143 5664 2278 5717 abiit
2312 5661 2419 5725 leo,
2472 5663 2534 5711 ut
2576 5653 2991 5727 ingrederetur?
3020 5672 3038 5705 ι
3078 5649 3250 5708 Valde
3278 5650 3381 5708 hoc
3408 5649 3723 5705 irridentcr.

2143 5753 2278 5810 Nam
2310 5751 2440 5826 quia
2483 5747 2691 5821 Assyrii
2729 5747 3008 5818 perpetuis
3049 5746 3107 5801 in
3151 5744 3311 5803 bellis
3362 5740 3565 5801 versati
3605 5741 3723 5797 fue-
