4118 6470
302 351 465 406 «H7

1365 345 1925 408 COMMENTARIUS
1955 343 2030 399 ‘IN
2069 343 2348 401 NAHUMl
2368 342 2525 400 CAP.
2569 343 2657 399 lll.

3552 347 3660 403 ‘18

342 469 473 531 τοῖς
508 465 754 539 σώμασιν
783 467 963 523 αὐτῶν
1005 466 1115 523 ἀπὺ
1158 467 1400 540 πλήθους
1431 467 1711 539 πορνείας.
1752 484 1770 518 ι
1822 463 1961 518 Πολ-

2081 461 2209 517 enim
2250 460 2592 532 significatus
2646 464 2740 514 est
2796 457 3085 515 verborum
3136 459 3560 530 inﬁrmabuntur
3605 465 3661 519 in

324 560 471 613 ¹λῶν
497 560 576 625 δὲ,
601 561 790 632 φησιν,
812 560 1244 633 ἀναιρουμένων,
1278 564 1354 631 (p.
1385 560 1513 631 544)
1549 560 1630 625 είς
1656 558 1964 628 ὀλιγίστους

2081 553 2373 624 :orporibus
2427 553 2564 607 suis.
2623 549 2828 618 Pauca,
2878 551 3093 622 inquit,
3138 563 3476 624 supererunt
3535 571 3667 613 cor-

340 653 504 720 ἄγαν
533 651 717 707 αὐτῶν
748 653 777 706 6
806 651 1036 725 ἀριθμὸς
1073 655 1467 725 περιστήσεται
1491 670 1503 684 ο
1534 652 1694 707 τοῦτο
1720 650 1830 722 γὰρ
1872 649 1963 703 λέ-

339 759 443 807 γει
486 743 571 810 τὸ,
593 744 1046 818 -ιἊσθενήσουσιν
1064 746 1248 809 ἐντοῖς
1292 742 1542 816 σώμασιν
1578 741 1781 806 αὐτῶν,
1819 760 1839 794 ι
1875 740 1963 792 ἵνα

346 835 520 910 εἴπῃ,
556 836 636 890 ὅτι
676 835 864 906 ὐλνίγα
907 835 1392 909 περιλειφθήσεται
1432 835 1658 908 σώματα
1680 850 1694 865 ⁸
1738 833 1835 888 καὶ
1863 831 1963 903 τὴν

345 928 550 983 αίτίαν
581 927 779 997 λέγων,
812 947 829 979 ι
863 928 973 983 ἀπὸ
996 929 1235 1001 πλήθους
1265 928 1541 1001 πορνείας.
1584 948 1603 980 ι
1636 925 1824 981 Ταῦτα
1851 923 1962 996 γάρ

2063 663 2194 719 pora
2221 665 2236 715 ;
2269 663 2608 717 causamque
2639 646 2715 701 rei
2767 646 2932 702 tradit
2974 649 3386 705 multitudinem
3417 650 3665 709 fornica-

2026 787 2035 792 .
2063 740 2296 794 tionum.
2332 736 2481 800 Haec.
2506 738 2602 800 ait,
2634 737 2933 807 patientur,
2965 740 3091 807 quia
3124 740 3327 794 mirum
3392 750 3662 811 quantum

2064 846 2094 885 a
2130 829 2239 883 Deo
2280 837 2656 883 recesserunt.
2711 829 2890 899 Atque
2932 829 3047 886 haec
3095 829 3188 886 Dei
3224 831 3427 901 placita
3464 834 3663 891 merito

2062 921 2130 977 ad
2160 922 2365 977 exitum
2399 919 2720 975 deducenda
2746 928 2895 975 sunt.

347 1023 672 1092 πείσονται,
701 1025 889 1096 φησὶν,
925 1027 1067 1098 ὑπὲρ
1098 1019 1173 1081 ὧν
1213 1025 1467 1081 πλεῖστον
1493 1026 1618 1081 ὅσον
1645 1022 2027 1095 ἐξετράπησαν
2057 1019 2153 1074 τοῦ
2188 1015 2325 1072 Θεοῦ
2346 1033 2362 1049 ο
2400 1017 2497 1072 καὶ
2545 1018 2694 1072 τουτὶ
2736 1019 2999 1091 πράττειν
3038 1018 3189 1087 ἄξιον
3228 1019 3334 1074 τῶν
3360 1021 3663 1078 δοκούντων

345 1134 423 1169 au
463 1135 535 1171 ω.

426 1134 594 1281 Et!»
639 1207 885 1275 δ’-ζκτ-
936 1203 1068 1260 Εἶτα
1108 1203 1382 1269 ὀνειδίζων
1429 1198 1663 1272 ἐπάγει·
1711 1219 1730 1252 ι
1779 1200 1960 1271 Πόρνη

332 1303 509 1375 ,καλὴ
541 1301 650 1356 ,καὶ
689 1301 945 1371 ἐπίχαρις
998 1298 1279 1371 ἡγουμένη
1323 1296 1653 1369 φαρμάκωνο
1699 1313 1718 1346 ³
1764 1294 1836 1347 Σὺ
1874 1292 1961 1364 δὴ¹

2133 1198 2305 1257 Vens.
2345 1202 2465 1258 4-7.
2503 1232 2570 1244 -—-
2599 1201 2809 1259 Deinde
2834 1205 3159 1262 convicians
3183 1206 3258 1261 ait
3292 1226 3306 1261 :
3345 1225 3369 1260 ι
3405 1205 3665 1264 Meretrix

2063 1294 2296 1363 pulchra
2319 1305 2373 1350 et
2398 1295 2671 1367 gratiosa.
2696 1296 2807 1351 dux
2831 1298 3244 1354 veneﬁciorum.
3278 1317 3302 1354 ν
3326 1297 3429 1365 Τιι,
3460 1300 3662 1370 inquit,

348 1397 558 1467 φησὶν,
590 1391 750 1467 Δἦσθα.
778 1396 812 1465 ἡ
856 1391 952 1447 τοῦ
998 1393 1366 1464 προσήκοντος
1398 1386 1845 1463 ἐκτετραμμένη,
1875 1385 1966 1438 εύ-

2086 1386 2158 1440 lla
2191 1401 2253 1461 es
2288 1403 2412 1459 qua:
2448 1388 2518 1443 ab
2570 1387 2751 1444 oﬂicio
2782 1391 3098 1457 recessisti,
3133 1407 3367 1463 quaeque
3410 1394 3667 1463 speciosa

340 1489 593 1563 ,ιι-τρεπὴς
646 1489 743 1559 μὲν
795 1488 960 1557 ἑαυτῇ
1017 1484 1320 1555 φαινομένη
1378 1482 1468 1537 διά
1513 1482 1614 1550 τὴν
1667 1478 1965 1551 περιοῦσαν

2081 1477 2163 1534 .ibi
2189 1479 2261 1533 ob
2286 1479 2580 1549 imperium
2605 1481 2904 1549 videbaris,
2934 1484 3176 1554 gratiosa
3198 1494 3422 1555 propter
3451 1501 3548 1541 eos
3568 1486 3667 1557 qui

346 1579 724 1646 δυναστείαν,
764 1578 1021 1650 ἐπίχαρις
1059 1576 1116 1630 δὲ
1155 1576 1243 1631 διὰ
1286 1575 1412 1638 τοὺς
1443 1572 1646 1646 ταύτης
1679 1570 1867 1627 ἕνεκέν
1904 1586 1964 1624 σε

2081 1567 2389 1629 dominatus
2412 1574 2492 1627 tui
2524 1589 2695 1628 causa
2724 1582 2778 1629 te
2804 1577 2986 1632 colere
3008 1578 3327 1646 certabant;
3354 1588 3413 1634 et
3443 1580 3667 1650 quidem

351 1674 705 1747 θεραπεύειν
740 1669 1163 1734 ἐσπουδακότας,
1198 1670 1294 1723 καὶ
1326 1666 1390 1738 δὴ
1427 1668 1522 1722 καὶ
1552 1666 1772 1720 πάντων
1802 1663 1966 1734 ἐξαρ-

2081 1663 2290 1720 ceteris
2348 1680 2570 1736 quoque
2618 1666 2914 1737 impiorum
2960 1684 3175 1725 morum
3225 1672 3442 1726 auctrix
3491 1672 3665 1730 fuisti.

348 1729 459 1841 10:;
504 1766 617 1821 τῶν
646 1767 746 1837 τῆς
788 1765 1045 1828 ἀσεϐείας
1077 1729 1218 1817 ἐθίῦν
1267 1729 1474 1833 ἑτέροις
1515 1759 1758 1829 ἐγίγνου.
1817 1729 1855 1809 «ν
1906 1729 1972 1809 Ἦ

2083 1768 2103 1802 ι
2140 1750 2273 1818 Qum
2325 1729 2519 1811 vendis
2568 1729 2763 1825 gentes
2813 1757 3184 1816 fornicatione
3232 1769 3347 1825 tua,
3380 1770 3433 1817 et
3487 1762 3667 1820 tribus

350 1858 634 1915 πωλοῦσα
653 1858 782 1929 ἔθνη
809 1860 867 1911 ἐν
887 1859 954 1929 τῇ
987 1855 1219 1928 πορνείᾳ
1238 1856 1429 1926 αὐτῆς,
1462 1853 1555 1908 καὶ
1578 1851 1752 1922 φυλὰς
1783 1852 1842 1904 ἐν
1862 1851 1974 1912 τοῖς

351 1948 694 2022 φαρμάκοις
727 1946 918 2017 αὐτῆς.
959 1964 979 1999 ›
1024 1944 1331 2016 Ὀλόκληρα
1367 1942 1477 2014 γάρ
1511 1941 1639 2012 ἔθνη
1675 1940 1768 1993 καὶ
1802 1936 1976 2008 φυλὰς

347 2043 498 2105 ὅλας
530 2044 598 2113 τῇ
632 2039 851 2111 ἐξουσίᾳ
896 2036 1363 2109 κατακεχρημένη
1402 2037 1471 2107 τῇ
1522 2033 1702 2105 οίκείει
1723 2073 1739 2099 ,
1769 2034 1849 2094 είς
1876 2028 1975 2102 τὴν

352 2134 546 2203 αὐτήν
587 2149 671 2186 σοι
703 2129 1059 2202 συμμετῆγες
1088 2127 1368 2189 ἀσέϐειαν,
1410 2124 1505 2179 καὶ
1552 2126 1734 2178 πᾶσαν
1768 2122 1832 2189 δὴ
1876 2122 1976 2191 τὴν

354 2225 506 2299 περὶ
531 2223 602 2278 τά
628 2221 859 2277 τοιαῦτα
892 2219 1152 2291 σπουδήν.
1204 2237 1223 2269 ι
1274 2216 1404 2272 Ἰδοὺ
1445 2214 1557 2286 ἐγὼ
1584 2215 1677 2270 ἐπὶ
1710 2214 1790 2277 σὲ,
1824 2213 1974 2282 λέγει

354 2322 585 2394 Κύριος
621 2321 650 2373 6
679 2318 815 2381 Θεὸς
852 2318 880 2370 6
926 2312 1360 2385 παντοκράτωρ
1400 2310 1495 2364 καὶ
1524 2306 1864 2378 ἀποκαλύψω
1906 2304 1978 2359 τὰ

354 2414 555 2469 ὀπίσω
603 2428 697 2466 σου
749 2411 843 2463 ἐπὶ
892 2409 953 2463 τὸ
991 2406 1282 2480 πρόσωπόν
1326 2419 1456 2458 σου·
1501 2402 1598 2457 καὶ⁹
1630 2401 1790 2465 δείξω
1831 2399 1978 2454 ἔθνε-

361 2526 461 2563 σιν
505 2506 608 2578 τὴν
655 2503 921 2575 αἰσχύνην
967 2518 1084 2564 σου,
1118 2498 1212 2553 καὶ
1261 2495 1562 2568 βασιλείαις
1605 2493 1705 2567 τὴν
1755 2493 1976 2564 ἀτιμίαν

362 2621 497 2669 σου,
533 2601 629 2655 καὶ
663 2597 942 2671 ἐπιρῤίψω
970 2595 1065 2649 ἐπὶ
1098 2594 1158 2647 σὲ
1204 2591 1504 2665 βδελυγμὸν
1527 2631 1541 2651 ,
1571 2589 1668 2645 καὶ
1706 2588 1804 2646 τὰς
1841 2589 1979 2642 ἀκα-

361 2695 612 2769 θαρσίας
656 2709 751 2746 σου
773 2709 788 2723 ’
824 2688 1121 2759 καθίσομαί
1157 2704 1218 2741 οε
1249 2688 1328 2751 εἰς
1368 2683 1743 2757 παράδειγμα.
1796 2702 1817 2735 ›
1852 2682 1977 2734 Τοι-

359 2784 588 2858 γαροῦν
617 2781 728 2851 ἐγώ
760 2798 864 2845 σοι,
907 2780 1073 2851 φησιν
1108 2779 1138 2832 6
1176 2778 1331 2842 Θεὸς,
1362 2776 1626 2845 ἀνάλογον
1653 2777 1774 2839 ταῖς
1795 2770 1978 2827 τοιαύ-

361 2899 503 2945 ταις
540 2877 798 2941 ἀτοπίαις
835 2873 1024 2939 ὲπάξω
1057 2872 1154 2944 τὴν
1194 2871 1470 2942 τιμωρίαν
1496 2886 1510 2900 ·
1552 2864 1836 2940 περιϐαλῶ
1870 2864 1978 2937 γάρ

366 2994 464 3042 σε,
500 2974 692 3044 φησιν,
721 2968 956 3040 αἰσχύνῃ
977 2966 1229 3037 παντοίᾳ,
1257 2964 1331 3035 (p.
1360 2964 1488 3035 355)
1514 2962 1704 3032 ὥσπερ
1736 2959 1803 3015 ἂν
1824 2959 1979 3022 εἴτις

2078 1844 2393 1914 pharmacis
2426 1848 2557 1903 tuis.
2600 1867 2619 1900 ι
2657 1848 2862 1905 Gentes
2888 1851 3131 1922 integras
3174 1853 3463 1925 tribusque
3497 1863 3665 1924 totas,

2079 1945 2354 2007 potestate
2380 1948 2469 1994 tua
2498 1940 2759 2004 abutens.
2789 1942 2856 1998 ad
2884 1944 3191 2014 impietatis
3214 1954 3321 2001 tuae
3346 1949 3666 2004 societatem

2078 2032 2378 2102 pellexisti.
2418 2051 2440 2085 ι
2480 2033 2620 2091 Ecce
2646 2051 2750 2107 ego
2775 2052 2940 2107 super
2974 2047 3048 2103 te,
3092 2039 3189 2105 ait,
3223 2039 3489 2097 Dominus
3524 2041 3669 2097 Deus

2077 2124 2754 2195 onmipetens;-revelabo
2792 2134 3101 2199 posteriora
3142 2138 3233 2185 tua
3268 2145 3436 2202 super
3466 2131 3669 2187 (aciem

2078 2222 2272 2271 tuam:
2303 2220 2588 2274 Ostendam
2619 2220 2874 2291 gentibus
2916 2222 3270 2291 ignominiam
3310 2231 3486 2288 tuam,
3527 2226 3670 2296 regi-

2080 2305 2186 2363 bus
2215 2309 2479 2379 probrum
2510 2320 2687 2378 tuum,
2714 2312 3028 2384 jaciamque
3048 2329 3217 2384 super
3239 2322 3289 2370 te
3307 2317 3674 2375 abominatio-

2081 2415 2204 2454 ncm
2235 2409 2291 2455 et
2333 2400 2742 2458 immunditiam
2778 2412 2966 2471 tuam;
3015 2413 3257 2460 statuam
3292 2414 3346 2462 te
3393 2406 3447 2461 in
3486 2423 3675 2464 exem-

2078 2492 2252 2561 plum.
2284 2511 2303 2545 ι
2337 2491 2728 2563 Quamobrem,
2756 2497 2828 2551 ait
2862 2496 3030 2562 Deus,
3054 2514 3328 2569 congruas
3357 2501 3524 2573 226
3547 2503 3675 2559 huic

2079 2586 2319 2641 vesaniae
2364 2602 2557 2656 pinnas
2606 2593 2933 2659 imponam:
2982 2594 3321 2663 cnoperiam,
3373 2597 3575 2666 inquit,
3621 2607 3675 2652 te

2036 2678 2386 2751 ‘ignominia
2437 2681 2788 2749 omnimoda,
2846 2683 3018 2739 veluti
3074 2700 3201 2740 cum
3261 2688 3390 2758 quis
3430 2690 3672 2760 aliquem

2081 2774 2507 2830 excruciaturus
2539 2776 2845 2831 detractam
2878 2778 2931 2833 ei
2956 2788 3162 2836 vestem
3192 2782 3252 2836 in
3295 2784 3509 2838 vultum
3541 2800 3677 2840 con-

2081 2867 2223 2938 gerit
2265 2867 2610 2933 universam,
2656 2876 2714 2924 ut
2746 2878 2914 2941 turpe
2948 2872 3021 2927 sit
3072 2873 3340 2931 nuditatis
3378 2887 3677 2946 spectacu-

2086 2960 2222 3026 lum,
2273 2975 2462 3041 amara
2510 2970 2693 3017 autem
2748 2965 3094 3021 cruciatuum
3149 2968 3527 3038 exspectatio;
3580 2971 3675 3041 qui

350 3040 696 3132 «αἰκίζεσθαί
731 3080 854 3117 τινα
891 3059 1121 3132 μέλλων,
1162 3055 1379 3128 ἀφελὼν
1411 3055 1513 3128 τὴν
1550 3053 1755 3125 ἐσθῆτα
1789 3053 1888 3144 ἐπὶἐ
1918 3050 1978 3104 τὸ

2085 3053 2307 3124 quidem
2343 3040 2523 3126 capite
2572 3056 2817 3111 vestibus
2859 3058 3142 3125 obvoluto,
3185 3076 3254 3116 ne
3295 3076 3412 3117 rem
3452 3040 3675 3134 quidem

365 3162 679 3233 πρόσωπον
713 3156 995 3211 ἐλκύσειεν
1035 3154 1254 3208 ἃπασαν
1275 3191 1290 3216 ,
1312 3151 1399 3214 ὡς
1427 3148 1659 3220 αἰσχρὰν
1703 3146 1801 3218 μὲν
1837 3141 1977 3199 εἶναι

362 3256 480 3326 τῆς
523 3250 859 3324 γυμνώσεως
892 3248 991 3317 τὴν
1034 3245 1193 3310 θέαν,
1237 3241 1443 3316 πικράν
1466 3240 1534 3293 δὲ
1574 3238 1670 3293 τοῦ
1712 3233 1977 3307 αίκισμοῦ

365 3350 480 3422 τὴν
533 3343 899 3418 προσδοκίαν
950 3335 1420 3412 περιϐεϐλημένος
1461 3334 1519 3388 δέ
1562 3334 1629 3405 τῇ
1679 3330 1881 3422 ἐσθῆτι
1917 3329 1978 3383 τὸ

368 3420 713 3512 πρόσωπον,
776 3434 911 3510 μηδὲ
967 3432 1152 3503 διορᾷν
1190 3430 1259 3484 τά
1301 3426 1641 3498 προκείμενα
1689 3420 1974 3477 δύνασθαι.

362 3532 544 3588 οὕτω
567 3530 653 3602 δὴ,
685 3529 871 3599 φησιν,
903 3524 1121 3580 ἅπαντά
1149 3538 1242 3575 σου
1273 3520 1365 3574 τὸν
1394 3517 1602 3587 κόσμον
1626 3513 1867 3586 ἀφελὼν,
1898 3512 1980 3574 είς

372 3623 613 3695 ἀτιμίαν
644 3618 996 3689 καταστήσας
1024 3614 1123 3687 τὴν
1155 3612 1420 3684 ἐσχάτην,
1447 3612 1515 3681 τῇ
1558 3606 1684 3704 τῶν⁸
1704 3602 1979 3704 πολεμίων

376 3715 612 3774 ἐκδώσω
667 3711 945 3787 τιμωρίᾳ,
991 3708 1136 3762 ὥστε
1177 3707 1313 3760 πᾶσι
1353 3704 1453 3776 μὲν
1495 3703 1609 3764 τοῖς
1661 3700 1977 3768 ἁπανταχοῦ

379 3808 665 3884 περιφανῆ
694 3823 788 3860 σου
812 3804 912 3875 τὴν
935 3799 1196 3872 αἰσχύνην
1216 3797 1309 3852 καὶ
1328 3797 1429 3864 τὴν
1454 3794 1680 3866 ἀτιμίαν
1700 3789 1976 3884 γενέσθαι,

383 3880 689 3976 βδελυκτὴν
718 3897 773 3950 δέ
803 3913 863 3949 σε
899 3895 993 3947 καὶ
1017 3891 1107 3946 διὰ
1136 3892 1235 3962 τῆς
1265 3889 1434 3959 ἀκοῆς
1476 3886 1649 3941 ἅπασι
1692 3880 1979 3954 φαίνεσθαι

386 3975 583 4068 μόνης,
618 3990 759 4062 ὑπὲρ
786 3982 862 4043 ὧν
888 3988 966 4049 είς
994 3983 1264 4054 τοσαύτην
1291 3979 1565 4034 εὐτέλειαν
1599 3975 1977 4047 κατενήνεξαι*

384 4067 625 4158 gamus
664 4101 726 4138 τε
773 4084 1031 4152 γεγονυῖα
1070 4078 1290 4132 πάντων
1340 4074 1435 4127 καὶ
1483 4071 1839 4142 παράδειγμα
1880 4067 1982 4138 τῆς

382 4179 629 4251 ἐσχάτης
666 4174 894 4245 ἀτιμίας
922 4167 1307 4240 ἀποδειχθεῖσα
1334 4167 1400 4237 τῇ
1433 4160 1709 4232 ὑπερϐολῇ
1739 4160 1848 4213 τῶν
1881 4174 1982 4211 καο

382 4274 526 4329 κῶν.
578 4290 598 4323 ι
636 4270 751 4323 Καὶ
781 4266 956 4331 ἐσται,
987 4264 1096 4327 πᾶς
1128 4264 1157 4315 6
1186 4258 1327 4333 ὀρῶν
1357 4275 1440 4321 σε,
1470 4254 1841 4326 καταϐήσεται
1872 4251 1981 4307 ἀπὸ

388 4366 512 4432 σοῦ,
544 4365 641 4419 καί⁸
673 4363 820 4435 ἐρεῖ,
847 4357 1067 4413 Δειλαία
1097 4354 1299 4425 Νινευὴ
1325 4393 1339 4418 ,
1368 4350 1453 4416 τίς
1482 4346 1730 4413 στενάξει
1764 4347 1850 4401 ἐπ’
1884 4346 1982 4400 αύ-

2085 3158 2408 3217 prmsentem
2431 3162 2661 3203 cernere
2683 3156 2888 3218 potest.
2917 3149 3156 3207 Prorsus
3181 3152 3274 3215 ita,
3301 3154 3396 3219 ait,
3427 3154 3678 3210 detracto

2086 3239 2237 3294 omni
2267 3247 2469 3293 ornatu
2501 3247 2617 3305 tuo,
2647 3240 2702 3294 in
2726 3249 2970 3296 extrema
2999 3254 3052 3297 ιο
3080 3243 3379 3314 ignominia
3408 3246 3679 3302 constitu-

2087 3337 2224 3395 tam,
2263 3329 2519 3386 hostibus
2551 3331 2887 3401 puniendam
2934 3333 3169 3389 tradam.
3214 3333 3308 3390 Sic
3341 3337 3489 3391 omni
3529 3340 3678 3408 genti

2087 3423 2353 3492 probrum
2377 3431 2540 3478 tuum
2590 3438 2657 3478 ac
2713 3425 3001 3495 turpitudo
3057 3427 3497 3497 exploratissima
3542 3431 3676 3485 ﬁet:

2090 3513 2278 3584 tuique
2307 3515 2549 3569 nominis
2588 3517 2675 3570 vel
2703 3516 2822 3570 sola
2855 3516 3065 3571 auditio
3087 3519 3310 3575 cunctis
3334 3520 3439 3574 erit
3467 3520 3680 3576 abomi-

2087 3608 2322 3674 nabilis,
2377 3618 2673 3680 postquam
2722 3608 2779 3663 in
2824 3618 3030 3664 tantam
3071 3610 3336 3666 vilitatem
3383 3611 3678 3678 decideris,

2086 3699 2409 3771 proculcata
2455 3699 2524 3754 a1)
2579 3699 2860 3764 omnibus,
2911 3714 3256 3772 excessuque
3302 3704 3570 3758 malorum
3611 3705 3679 3759 ad

2088 3806 2317 3848 summa:
2350 3791 2662 3862 ignominiae
2684 3791 2995 3862 exemplum
3031 3795 3336 3865 preposita.
3378 3813 3398 3846 ι
3452 3795 3519 3849 Et
3552 3796 3678 3864 erit,

2089 3885 2406 3956 quicunque
2432 3884 2655 3948 viderit,
2683 3883 2984 3941 descendet
3009 3900 3039 3939 a
3072 3894 3144 3950 te,
3169 3887 3421 3958 dicetque
3445 3905 3459 3943 :
3486 3886 3681 3945 Ninive

2089 3974 2305 4037 infelix,
2354 3975 2481 4045 quis
2512 3975 2589 4029 illi
2637 3977 2997 4046 ingemiscet?
3023 3978 3301 4048 quodnam
3333 3978 3383 4034 ei
3434 3981 3680 4036 solamen

2088 4068 2452 4139 conquiram?
2499 4087 2519 4120 ι
2566 4067 2670 4135 Qui
2717 4069 2834 4124 haec
2878 4070 2933 4125 in
2985 4080 3267 4141 posterum
3309 4071 3569 4139 viderint,
3617 4088 3681 4129 ac

2090 4160 2395 4230 superioris
2441 4160 2628 4231 gloria:
2677 4170 2784 4216 tum
2832 4163 3005 4233 probe
3050 4163 3429 4231 meminerint,
3475 4166 3681 4222 omissa

2090 4254 2180 4308 illa
2203 4255 2271 4310 de
2302 4262 2355 4310 te
2385 4255 2774 4320 aestimatione,
2804 4254 2990 4309 odium
3021 4255 3403 4312 misericordia
3433 4271 3684 4312 commu-

2091 4345 2325 4412 tabunt;
2377 4345 2431 4399 id
2469 4344 2614 4400 enim
2657 4347 2818 4401 aiunt
2853 4349 3016 4403 verba
3051 4347 3327 4402 descendet
3360 4366 3393 4403 a
3428 4359 3515 4414 te;
3556 4359 3682 4405 tua-

386 4463 515 4535 τὴν,
544 4457 708 4512 πόθεν
737 4455 957 4526 ζητήσω
988 4447 1332 4522 παράκλησιν
1362 4446 1532 4516 aii-.13;
1568 4463 1587 4495 ι
1622 4444 1683 4497 Oi
1711 4442 1789 4535 eq
1807 4440 1978 4535 ταῦτα

2089 4455 2197 4510 que
2225 4439 2367 4493 mala
2402 4438 2837 4503 miserabuntur,
2874 4453 3057 4496 mente
3080 4450 3397 4512 reputantes
3426 4443 3543 4498 ﬁeri
3572 4459 3681 4499 non

389 4533 583 4608 λοιπὸν
616 4546 873 4621 ὁρῶντες,
916 4543 1014 4596 καὶ
1040 4540 1140 4610 τὴν
1168 4535 1481 4610 προσοῦσάν
1512 4553 1596 4589 σοι
1625 4533 1863 4606 πρόσθεν
1892 4533 1985 4585 εύ-

389 4642 641 4718 πραγίαν
678 4637 881 4700 εἱίὁτες
916 4629 1124 4702 σαφῶς,
1154 4628 1492 4691 ἀποστάντες
1523 4628 1622 4698 τῆς
1663 4623 1989 4696 ὑπολήψεως

388 4739 613 4807 ἐκείνης
637 4728 705 4807 ἧς
735 4725 882 4800 εἶχον
924 4724 1054 4797 περὶ
1077 4722 1171 4779 σοῦ
1194 4764 1209 4789 ,
1236 4725 1316 4788 είς
1341 4721 1488 4776 ἔλεον
1516 4722 1578 4775 τὸ
1603 4719 1746 4776 κατὰ
1777 4720 1871 4773 σοῦ
1902 4734 1993 4789 με·

2087 4545 2251 4601 posse
2281 4537 2343 4584 ut
2377 4530 2542 4601 digne
2586 4529 2713 4600 quis
2746 4528 3007 4585 intlictam
3038 4531 3136 4587 tibi
3173 4533 3542 4589 calamitatem
3586 4536 3684 4591 de-

2088 4625 2288 4695 plorct,
2337 4631 2433 4683 aut
2481 4622 2730 4679 solamen
2773 4623 2999 4694 aliquod
3042 4626 3127 4681 vel
3170 4627 3474 4681 remedium
3515 4644 3684 4684 exco-

2087 4718 2240 4790 gitet.
2984 4739 2987 4743 ν

385 4830 724 4900 ταστὴσουσι
759 4824 947 4895 μῖσος·
1004 4817 1166 4871 τοῦτο
1217 4815 1328 4886 γὰρ
1382 4815 1531 4884 λέγει
1571 4813 1633 4868 τὸ
1683 4831 1702 4865 ι
1767 4811 2141 4882 καταϐήσεται
2192 4810 2302 4865 ἀπὸ
2364 4810 2483 4873 σοῦ,
2528 4830 2547 4864 ι
2598 4810 2741 4866 ὥστε
2784 4809 2881 4866 καὶ¹
2916 4809 3088 4865 ἐλεεῖν
3124 4828 3183 4865 σε
3210 4811 3320 4866 τῶν
3347 4815 3687 4887 κατεχόντων

386 4899 604 4983 κακῶν,
644 4910 1132 4983 συλλογιζομένους
1188 4908 1266 4973 ὼς
1328 4905 1450 4961 οὕτε
1517 4904 1743 4959 δυνατόν
1804 4919 1928 4957 τινα
1986 4901 2229 4969 ἐπαξίως
2279 4899 2577 4973 ὀδύρασθαι
2629 4899 2729 4973 τὴν
2781 4901 3167 4971 ἐπιγεγονυῖάν
3222 4919 3307 4957 σοι
3361 4903 3685 4977 συμφοράν,

389 5025 487 5097 (p.
528 5016 634 5075 566
659 5019 676 5088 )
705 5012 821 5069 ἀλλ’
847 5009 971 5066 οὐδὲ
996 5006 1342 5081 παράκλησίν
1378 5022 1502 5059 τινα
1537 5003 1630 5058 xui.
1658 5000 1956 5097 θεραπείαν
1988 4998 2278 5097 εὑρεθῇναι
2312 4992 2426 5097 οἷον
2452 5015 2515 5052 τε
2543 4997 2653 5097 τῶν
2676 4997 2948 5097 τοσούτων
2982 4999 3190 5055 κακῶν.

463 5111 615 5182 Στίχ.
644 5106 719 5179 η’.
748 5138 817 5151 -ο
851 5123 871 5156 ‹
916 5104 1191 5176 Ἀρμοσαι
1219 5098 1419 5171 χορδὴν
1441 5139 1456 5165 ,
1480 5097 1788 5167 ἐτοίμασαι,
1828 5093 1988 5166 μερὶς

402 5201 637 5276 ’Δμμὼν
658 5242 674 5266 ,
722 5195 1057 5255 κατοικοῦσα
1092 5195 1149 5246 ἐν
1180 5192 1464 5257 ποταμοῖς,
1499 5187 1645 5261 ’ὕδωρ
1674 5185 1861 5258 κύκλῳ
1898 5185 1991 5240 αὑ-

385 5299 514 5371 τῆς·
541 5299 576 5368 ἡ
609 5295 676 5366 σὴ
703 5290 847 5364 ἀγχὴ
874 5289 1138 5351 θάλασσα,
1172 5285 1267 5340 καὶ
1291 5283 1439 5355 ὕδωρ
1464 5280 1533 5336 τὰ
1558 5280 1715 5351 τείχη
1742 5278 1934 5351 αὐτῆς.
1964 5296 1983 5330 ›

388 5391 555 5455 Τινὲς
600 5384 832 5459 ’Λμμὼν
863 5384 1072 5453 ἔφασαν
1102 5377 1341 5434 ἐνταῦθα
1377 5376 1635 5445 λέγεσθαι
1668 5375 1768 5446 τὴν
1798 5375 1992 5444 ὀνομα-

388 5482 636 5556 ζομένην
661 5478 760 5533 νῦν
800 5473 1208 5545 Ἀλεξάνδρειαν
1234 5470 1329 5524 ἐπὶ
1356 5470 1456 5539 τῆς
1484 5466 1786 5537 Αἰγύπτουο
1809 5464 1990 5520 καίτοι

387 5591 456 5646 τε
483 5572 645 5644 δῆλον
685 5570 770 5623 ὅτι
810 5566 982 5636 ἐγγύς
1029 5581 1131 5619 που
1182 5560 1319 5634 μετὰ
1356 5558 1688 5633 τετρακόσια
1743 5556 1839 5628 ἐτη
1891 5556 1991 5626 τῆς

340 5696 352 5704 ο
390 5662 740 5740 προφητείας
772 5659 995 5730 ταύτης
1053 5653 1402 5727 Ἀλέξανδρος
1437 5652 1466 5705 ὁ
1512 5651 1614 5722 τῆς
1653 5647 1994 5740 Μακεδονίας

386 5738 589 5829 γέγονε
622 5753 900 5826 βασιλεὺς,
930 5750 990 5815 ὃς
1020 5749 1119 5804 σὺν
1148 5745 1367 5810 πολλοῖς
1396 5746 1602 5817 ἑτέροις
1633 5738 1993 5813 κατεσχηκὼς

385 5850 495 5923 τῆς
537 5844 819 5918 Αἰγύπτου
838 5885 855 5914 ,
887 5840 1178 5913 ἐπώνυμον
1216 5835 1394 5909 ἐαυτῷ
1425 5837 1526 5909 τὴν
1584 5835 1992 5905 ’Δλεξάνδρειαν

2156 5089 2326 5149 Vens.
2352 5091 2511 5147 8.—-¢
2549 5091 2689 5162 Apta
2709 5091 2995 5160 chordam,
3018 5106 3275 5163 compara
3300 5100 3372 5157 te,
3405 5106 3533 5164 pars
3557 5092 3688 5148 Am-

2085 5199 2236 5250 mon,
2262 5198 2386 5255 quae
2411 5184 2609 5241 incolis
2633 5183 2860 5239 ﬂumina
2890 5202 2904 5238 :
2928 5198 3071 5253 aqua
3099 5184 3155 5239 in
3180 5184 3415 5239 circuitu
3438 5184 3687 5255 cjus,ini-

2087 5275 2224 5330 tium
2254 5275 2379 5346 ejus
2403 5290 2577 5344 mare,
2612 5291 2755 5348 aqua
2778 5276 2982 5331 moenia
2999 5277 3141 5346 ejus.
3182 5294 3202 5329 ι
3237 5273 3497 5330 Nonnulli
3526 5276 3688 5333 dixe-

2087 5374 2220 5424 runt
2246 5368 2569 5426 Ammonem
2599 5369 2691 5424 hic
2714 5369 2974 5440 appellari
3011 5368 3402 5423 Alexandriam
3435 5371 3683 5441 Egypti.

2090 5461 2256 5534 Atqui
2271 5472 2608 5535 compertum
2623 5461 3152 5532 est,quadringentis
3165 5461 3390 5517 circiter
3403 5470 3526 5533 post
3543 5463 3688 5522 hanc

2089 5557 2434 5629 prophetiam
2469 5556 2633 5613 annis
2670 5553 3045 5610 Alexandrum
3093 5553 3452 5610 Macedonum
3500 5571 3686 5628 regem

2088 5651 2396 5716 exstitisse,
2422 5650 2517 5722 qui
2544 5657 2810 5719 occupata
2836 5662 2961 5703 cum
2993 5647 3117 5703 aliis
3145 5647 3335 5704 multis
3364 5649 3686 5721 regionibus

2089 5741 2351 5815 Egypto,
2398 5741 2785 5814 cognominem
2830 5738 2934 5795 sibi
2978 5739 3370 5796 Alexandriam
3412 5741 3685 5801 condidit.

2092 5837 2250 5906 Quod
2282 5836 2327 5894 si
2358 5836 2486 5909 quis
2516 5835 2687 5907 dicat,
2718 5844 2846 5894 ante
2871 5834 3023 5892 hunc
3058 5846 3282 5907 quoque
3311 5833 3600 5894 exstitisse
3627 5835 3685 5892 in
