  <div class='ocr_page' id='page_1' title='image "/cluster/home/n/w/nwhite01/storage/ocr_20150623/66/coo.31924054869676/217.png"; bbox 0 0 4118 6490; ppageno 0'>
   <div class='ocr_carea' id='block_1_1' title="bbox 425 372 528 426">
    <p class='ocr_par' dir='ltr' id='par_1_1' title="bbox 425 372 528 426">
     <span class='ocr_line' id='line_1_1' title="bbox 425 372 528 426; baseline 0.019 -2"><span class='ocrx_word' id='word_1_1' title='bbox 425 372 528 426; x_wconf 74' lang='lat' dir='ltr'><strong>MO</strong></span> 
     </span>
    </p>
   </div>
   <div class='ocr_carea' id='block_1_2' title="bbox 1612 360 2487 422">
    <p class='ocr_par' dir='ltr' id='par_1_2' title="bbox 1612 360 2487 422">
     <span class='ocr_line' id='line_1_2' title="bbox 1612 360 2487 422; baseline -0.002 -3"><span class='ocrx_word' id='word_1_2' title='bbox 1612 362 1963 422; x_wconf 77' lang='lat' dir='ltr'><strong>TIIEODORI</strong></span> <span class='ocrx_word' id='word_1_3' title='bbox 2005 361 2234 420; x_wconf 76' lang='lat' dir='ltr'><strong>MOPSL&#39;</strong></span> <span class='ocrx_word' id='word_1_4' title='bbox 2243 360 2487 418; x_wconf 79' lang='lat' dir='ltr'><strong>ESTENI</strong></span> 
     </span>
    </p>
   </div>
   <div class='ocr_carea' id='block_1_3' title="bbox 3582 362 3684 423">
    <p class='ocr_par' dir='ltr' id='par_1_3' title="bbox 3582 362 3684 423">
     <span class='ocr_line' id='line_1_3' title="bbox 3582 362 3684 423; baseline 0.069 -7"><span class='ocrx_word' id='word_1_5' title='bbox 3582 362 3684 423; x_wconf 68' lang='lat'><strong>620</strong></span> 
     </span>
    </p>
   </div>
   <div class='ocr_carea' id='block_1_4' title="bbox 425 484 2015 559">
    <p class='ocr_par' dir='ltr' id='par_1_4' title="bbox 425 487 2004 559">
     <span class='ocr_line' id='line_1_4' title="bbox 425 487 2004 559; baseline -0.004 -10"><span class='ocrx_word' id='word_1_6' title='bbox 425 508 490 549; x_wconf 89' lang='lat' dir='ltr'><strong>eo</strong></span> <span class='ocrx_word' id='word_1_7' title='bbox 522 493 643 546; x_wconf 88' lang='lat' dir='ltr'><strong>loco</strong></span> <span class='ocrx_word' id='word_1_8' title='bbox 673 490 862 546; x_wconf 84' lang='lat' dir='ltr'><strong>urbem</strong></span> <span class='ocrx_word' id='word_1_9' title='bbox 885 488 1109 545; x_wconf 85' lang='lat' dir='ltr'><strong>nomine</strong></span> <span class='ocrx_word' id='word_1_10' title='bbox 1133 487 1479 554; x_wconf 86' lang='lat' dir='ltr'><strong>Ammonem,</strong></span> <span class='ocrx_word' id='word_1_11' title='bbox 1509 488 1686 559; x_wconf 86' lang='lat' dir='ltr'><strong>deque</strong></span> <span class='ocrx_word' id='word_1_12' title='bbox 1713 490 1815 544; x_wconf 86' lang='lat' dir='ltr'><strong>hac</strong></span> <span class='ocrx_word' id='word_1_13' title='bbox 1843 488 2004 543; x_wconf 88' lang='lat' dir='ltr'><strong>modo</strong></span> 
     </span>
    </p>
   </div>
   <div class='ocr_carea' id='block_1_5' title="bbox 2116 484 3688 559">
    <p class='ocr_par' dir='ltr' id='par_1_5' title="bbox 2116 484 3688 559">
     <span class='ocr_line' id='line_1_5' title="bbox 2116 484 3688 559; baseline -0.001 -20"><span class='ocrx_word' id='word_1_14' title='bbox 2116 486 2407 558; x_wconf 82' lang='grc' dir='ltr'>πεποίηκεν</span> <span class='ocrx_word' id='word_1_15' title='bbox 2428 503 2439 517; x_wconf 95' lang='grc'><strong>·</strong></span> <span class='ocrx_word' id='word_1_16' title='bbox 2472 489 2519 540; x_wconf 83' lang='grc' dir='ltr'><strong>εί</strong></span> <span class='ocrx_word' id='word_1_17' title='bbox 2553 486 2627 559; x_wconf 77' lang='grc' dir='ltr'>μὴ</span> <span class='ocrx_word' id='word_1_18' title='bbox 2666 487 2776 558; x_wconf 83' lang='grc' dir='ltr'>ἄρα</span> <span class='ocrx_word' id='word_1_19' title='bbox 2811 503 2895 551; x_wconf 84' lang='grc' dir='ltr'><strong>τις</strong></span> <span class='ocrx_word' id='word_1_20' title='bbox 2927 486 3103 540; x_wconf 78' lang='grc' dir='ltr'>ἐκεῖνο</span> <span class='ocrx_word' id='word_1_21' title='bbox 3139 484 3283 556; x_wconf 75' lang='grc' dir='ltr'>λέγοι</span> <span class='ocrx_word' id='word_1_22' title='bbox 3339 486 3421 539; x_wconf 83' lang='grc' dir='ltr'><strong>ὅτι</strong></span> <span class='ocrx_word' id='word_1_23' title='bbox 3449 492 3542 538; x_wconf 65' lang='grc' dir='ltr'>καὶ</span> <span class='ocrx_word' id='word_1_24' title='bbox 3582 484 3688 556; x_wconf 71' lang='grc' dir='ltr'><strong>πρὸ</strong></span> 
     </span>
    </p>
   </div>
   <div class='ocr_carea' id='block_1_6' title="bbox 423 578 2002 653">
    <p class='ocr_par' dir='ltr' id='par_1_6' title="bbox 423 578 2002 653">
     <span class='ocr_line' id='line_1_6' title="bbox 423 578 2002 653; baseline -0.004 -16"><span class='ocrx_word' id='word_1_25' title='bbox 423 582 745 653; x_wconf 77' lang='lat' dir='ltr'><strong>prophetam</strong></span> <span class='ocrx_word' id='word_1_26' title='bbox 780 581 957 651; x_wconf 86' lang='lat' dir='ltr'><strong>loqui;</strong></span> <span class='ocrx_word' id='word_1_27' title='bbox 992 578 1265 649; x_wconf 90' lang='lat' dir='ltr'><strong>profecto,</strong></span> <span class='ocrx_word' id='word_1_28' title='bbox 1300 579 1446 648; x_wconf 90' lang='lat' dir='ltr'><strong>quod</strong></span> <span class='ocrx_word' id='word_1_29' title='bbox 1480 579 1757 649; x_wconf 64' lang='lat' dir='ltr'><strong>smpcjam</strong></span> <span class='ocrx_word' id='word_1_30' title='bbox 1792 579 2002 643; x_wconf 88' lang='lat' dir='ltr'><strong>monui,</strong></span> 
     </span>
    </p>
   </div>
   <div class='ocr_carea' id='block_1_7' title="bbox 427 670 2007 743">
    <p class='ocr_par' dir='ltr' id='par_1_7' title="bbox 427 670 2007 743">
     <span class='ocr_line' id='line_1_7' title="bbox 427 670 2007 743; baseline -0.003 -14"><span class='ocrx_word' id='word_1_31' title='bbox 427 687 893 743; x_wconf 74' lang='lat' dir='ltr'><strong>supervacaneam</strong></span> <span class='ocrx_word' id='word_1_32' title='bbox 926 672 1088 741; x_wconf 75' lang='lat'><strong>227</strong></span> <span class='ocrx_word' id='word_1_33' title='bbox 1113 686 1236 727; x_wconf 89' lang='lat' dir='ltr'><strong>esse</strong></span> <span class='ocrx_word' id='word_1_34' title='bbox 1263 672 1503 726; x_wconf 79' lang='lat' dir='ltr'><strong>arbitror</strong></span> <span class='ocrx_word' id='word_1_35' title='bbox 1527 686 1693 741; x_wconf 84' lang='lat' dir='ltr'><strong>super</strong></span> <span class='ocrx_word' id='word_1_36' title='bbox 1726 670 1812 725; x_wconf 87' lang='lat' dir='ltr'><strong>his</strong></span> <span class='ocrx_word' id='word_1_37' title='bbox 1844 670 2007 725; x_wconf 88' lang='lat' dir='ltr'><strong>rebus</strong></span> 
     </span>
    </p>
   </div>
   <div class='ocr_carea' id='block_1_8' title="bbox 388 760 2010 832">
    <p class='ocr_par' dir='ltr' id='par_1_8' title="bbox 388 760 2010 832">
     <span class='ocr_line' id='line_1_8' title="bbox 388 760 2010 832; baseline -0.004 -11"><span class='ocrx_word' id='word_1_38' title='bbox 388 818 389 821; x_wconf 44' lang='grc' dir='ltr'><strong>η</strong></span> <span class='ocrx_word' id='word_1_39' title='bbox 427 763 835 828; x_wconf 75' lang='lat' dir='ltr'><strong>curiositatem;</strong></span> <span class='ocrx_word' id='word_1_40' title='bbox 859 763 1129 832; x_wconf 88' lang='lat' dir='ltr'><strong>siquidem</strong></span> <span class='ocrx_word' id='word_1_41' title='bbox 1164 762 1297 815; x_wconf 88' lang='lat' dir='ltr'><strong>nihil</strong></span> <span class='ocrx_word' id='word_1_42' title='bbox 1327 776 1392 816; x_wconf 91' lang='lat' dir='ltr'><strong>ea</strong></span> <span class='ocrx_word' id='word_1_43' title='bbox 1419 761 1633 816; x_wconf 84' lang='lat' dir='ltr'><strong>confert</strong></span> <span class='ocrx_word' id='word_1_44' title='bbox 1659 765 1724 814; x_wconf 87' lang='lat' dir='ltr'><strong>ad</strong></span> <span class='ocrx_word' id='word_1_45' title='bbox 1762 760 1840 817; x_wconf 89' lang='lat' dir='ltr'><strong>rei</strong></span> <span class='ocrx_word' id='word_1_46' title='bbox 1886 776 2010 830; x_wconf 79' lang='lat' dir='ltr'><strong>pro-</strong></span> 
     </span>
    </p>
   </div>
   <div class='ocr_carea' id='block_1_9' title="bbox 429 852 2009 925">
    <p class='ocr_par' dir='ltr' id='par_1_9' title="bbox 429 852 2009 925">
     <span class='ocr_line' id='line_1_9' title="bbox 429 852 2009 925; baseline -0.003 -16"><span class='ocrx_word' id='word_1_47' title='bbox 429 856 623 925; x_wconf 70' lang='lat' dir='ltr'><strong>posita:</strong></span> <span class='ocrx_word' id='word_1_48' title='bbox 647 854 1087 925; x_wconf 74' lang='lat' dir='ltr'><strong>intelligentiam.</strong></span> <span class='ocrx_word' id='word_1_49' title='bbox 1118 853 1300 919; x_wconf 81' lang='lat' dir='ltr'><strong>Quare</strong></span> <span class='ocrx_word' id='word_1_50' title='bbox 1330 852 1586 908; x_wconf 84' lang='lat' dir='ltr'><strong>subtilior</strong></span> <span class='ocrx_word' id='word_1_51' title='bbox 1607 852 1675 907; x_wconf 91' lang='lat' dir='ltr'><strong>de</strong></span> <span class='ocrx_word' id='word_1_52' title='bbox 1705 852 1792 907; x_wconf 87' lang='lat' dir='ltr'><strong>his</strong></span> <span class='ocrx_word' id='word_1_53' title='bbox 1817 852 2009 921; x_wconf 84' lang='lat' dir='ltr'><strong>dispu-</strong></span> 
     </span>
    </p>
   </div>
   <div class='ocr_carea' id='block_1_10' title="bbox 430 942 2009 1013">
    <p class='ocr_par' dir='ltr' id='par_1_10' title="bbox 430 942 2009 1013">
     <span class='ocr_line' id='line_1_10' title="bbox 430 942 2009 1013; baseline -0.002 -14"><span class='ocrx_word' id='word_1_54' title='bbox 430 952 589 1012; x_wconf 87' lang='lat' dir='ltr'><strong>tatio,</strong></span> <span class='ocrx_word' id='word_1_55' title='bbox 631 960 772 999; x_wconf 85' lang='lat' dir='ltr'><strong>vana</strong></span> <span class='ocrx_word' id='word_1_56' title='bbox 809 945 1101 1001; x_wconf 79' lang='lat' dir='ltr'><strong>ostentatio</strong></span> <span class='ocrx_word' id='word_1_57' title='bbox 1141 945 1451 1008; x_wconf 89' lang='lat' dir='ltr'><strong>hominum,</strong></span> <span class='ocrx_word' id='word_1_58' title='bbox 1482 943 1576 1013; x_wconf 90' lang='lat' dir='ltr'><strong>qui</strong></span> <span class='ocrx_word' id='word_1_59' title='bbox 1600 942 1774 998; x_wconf 89' lang='lat' dir='ltr'><strong>videri</strong></span> <span class='ocrx_word' id='word_1_60' title='bbox 1818 943 2009 997; x_wconf 89' lang='lat' dir='ltr'><strong>volunt</strong></span> 
     </span>
    </p>
   </div>
   <div class='ocr_carea' id='block_1_11' title="bbox 430 1032 2010 1102">
    <p class='ocr_par' dir='ltr' id='par_1_11' title="bbox 430 1032 2010 1102">
     <span class='ocr_line' id='line_1_11' title="bbox 430 1032 2010 1102; baseline -0.001 -14"><span class='ocrx_word' id='word_1_61' title='bbox 430 1036 786 1090; x_wconf 90' lang='lat' dir='ltr'><strong>incertiorum</strong></span> <span class='ocrx_word' id='word_1_62' title='bbox 824 1035 1066 1089; x_wconf 79' lang='lat' dir='ltr'><strong>locorum</strong></span> <span class='ocrx_word' id='word_1_63' title='bbox 1099 1035 1322 1087; x_wconf 91' lang='lat' dir='ltr'><strong>nomina</strong></span> <span class='ocrx_word' id='word_1_64' title='bbox 1353 1032 1726 1102; x_wconf 87' lang='lat' dir='ltr'><strong>interpretari.</strong></span> <span class='ocrx_word' id='word_1_65' title='bbox 1762 1032 1898 1087; x_wconf 92' lang='lat' dir='ltr'><strong>Illud</strong></span> <span class='ocrx_word' id='word_1_66' title='bbox 1925 1041 2010 1088; x_wconf 89' lang='lat' dir='ltr'><strong>est</strong></span> 
     </span>
    </p>
   </div>
   <div class='ocr_carea' id='block_1_12' title="bbox 431 1122 2010 1196">
    <p class='ocr_par' dir='ltr' id='par_1_12' title="bbox 431 1122 2010 1196">
     <span class='ocr_line' id='line_1_12' title="bbox 431 1122 2010 1196; baseline 0 -18"><span class='ocrx_word' id='word_1_67' title='bbox 431 1127 575 1196; x_wconf 88' lang='lat' dir='ltr'><strong>apud</strong></span> <span class='ocrx_word' id='word_1_68' title='bbox 626 1140 722 1179; x_wconf 91' lang='lat' dir='ltr'><strong>eos</strong></span> <span class='ocrx_word' id='word_1_69' title='bbox 774 1123 1109 1186; x_wconf 79' lang='lat' dir='ltr'><strong>fabulosius,</strong></span> <span class='ocrx_word' id='word_1_70' title='bbox 1158 1138 1281 1177; x_wconf 90' lang='lat' dir='ltr'><strong>cum</strong></span> <span class='ocrx_word' id='word_1_71' title='bbox 1342 1122 1496 1175; x_wconf 90' lang='lat' dir='ltr'><strong>aiunt</strong></span> <span class='ocrx_word' id='word_1_72' title='bbox 1555 1124 1623 1177; x_wconf 91' lang='lat' dir='ltr'><strong>de</strong></span> <span class='ocrx_word' id='word_1_73' title='bbox 1668 1123 2010 1179; x_wconf 68' lang='lat' dir='ltr'><strong>Alexandriae</strong></span> 
     </span>
    </p>
   </div>
   <div class='ocr_carea' id='block_1_13' title="bbox 431 1214 2006 1286">
    <p class='ocr_par' dir='ltr' id='par_1_13' title="bbox 431 1214 2006 1286">
     <span class='ocr_line' id='line_1_13' title="bbox 431 1214 2006 1286; baseline -0.001 -13"><span class='ocrx_word' id='word_1_74' title='bbox 431 1218 597 1273; x_wconf 78' lang='lat' dir='ltr'><strong>exitio</strong></span> <span class='ocrx_word' id='word_1_75' title='bbox 627 1216 948 1286; x_wconf 81' lang='lat' dir='ltr'><strong>prophetam</strong></span> <span class='ocrx_word' id='word_1_76' title='bbox 982 1215 1151 1283; x_wconf 86' lang='lat' dir='ltr'><strong>loqui,</strong></span> <span class='ocrx_word' id='word_1_77' title='bbox 1180 1223 1238 1269; x_wconf 91' lang='lat' dir='ltr'><strong>ut</strong></span> <span class='ocrx_word' id='word_1_78' title='bbox 1263 1214 1517 1269; x_wconf 85' lang='lat' dir='ltr'><strong>ostendat</strong></span> <span class='ocrx_word' id='word_1_79' title='bbox 1543 1215 1619 1270; x_wconf 92' lang='lat' dir='ltr'><strong>nil</strong></span> <span class='ocrx_word' id='word_1_80' title='bbox 1644 1218 1841 1272; x_wconf 90' lang='lat' dir='ltr'><strong>mirum</strong></span> <span class='ocrx_word' id='word_1_81' title='bbox 1861 1231 2006 1281; x_wconf 84' lang='lat' dir='ltr'><strong>esse,</strong></span> 
     </span>
    </p>
   </div>
   <div class='ocr_carea' id='block_1_14' title="bbox 432 1307 2010 1379">
    <p class='ocr_par' dir='ltr' id='par_1_14' title="bbox 432 1307 2010 1379">
     <span class='ocr_line' id='line_1_14' title="bbox 432 1307 2010 1379; baseline -0.003 -14"><span class='ocrx_word' id='word_1_82' title='bbox 432 1311 478 1365; x_wconf 89' lang='lat' dir='ltr'><strong>si</strong></span> <span class='ocrx_word' id='word_1_83' title='bbox 508 1311 648 1365; x_wconf 87' lang='lat' dir='ltr'><strong>idem</strong></span> <span class='ocrx_word' id='word_1_84' title='bbox 680 1324 898 1379; x_wconf 91' lang='lat' dir='ltr'><strong>quoque</strong></span> <span class='ocrx_word' id='word_1_85' title='bbox 937 1308 1146 1363; x_wconf 70' lang='lat' dir='ltr'><strong>Niniva:</strong></span> <span class='ocrx_word' id='word_1_86' title='bbox 1178 1307 1460 1362; x_wconf 90' lang='lat' dir='ltr'><strong>acciderit.</strong></span> <span class='ocrx_word' id='word_1_87' title='bbox 1506 1307 1696 1378; x_wconf 81' lang='lat' dir='ltr'><strong>Neque</strong></span> <span class='ocrx_word' id='word_1_88' title='bbox 1740 1307 1884 1364; x_wconf 89' lang='lat' dir='ltr'><strong>enim</strong></span> <span class='ocrx_word' id='word_1_89' title='bbox 1914 1321 2010 1363; x_wconf 84' lang='lat' dir='ltr'><strong>so-</strong></span> 
     </span>
    </p>
   </div>
   <div class='ocr_carea' id='block_1_15' title="bbox 433 1400 2012 1471">
    <p class='ocr_par' dir='ltr' id='par_1_15' title="bbox 433 1400 2012 1471">
     <span class='ocr_line' id='line_1_15' title="bbox 433 1400 2012 1471; baseline -0.001 -16"><span class='ocrx_word' id='word_1_90' title='bbox 433 1402 533 1456; x_wconf 84' lang='lat' dir='ltr'><strong>lari</strong></span> <span class='ocrx_word' id='word_1_91' title='bbox 580 1402 764 1456; x_wconf 86' lang='lat' dir='ltr'><strong>verbis</strong></span> <span class='ocrx_word' id='word_1_92' title='bbox 801 1401 1031 1456; x_wconf 79' lang='lat' dir='ltr'><strong>Niniven</strong></span> <span class='ocrx_word' id='word_1_93' title='bbox 1073 1400 1334 1471; x_wconf 86' lang='lat' dir='ltr'><strong>propheta</strong></span> <span class='ocrx_word' id='word_1_94' title='bbox 1374 1400 1510 1455; x_wconf 90' lang='lat' dir='ltr'><strong>vult.</strong></span> <span class='ocrx_word' id='word_1_95' title='bbox 1548 1401 1721 1457; x_wconf 84' lang='lat' dir='ltr'><strong>Porro</strong></span> <span class='ocrx_word' id='word_1_96' title='bbox 1746 1402 1829 1467; x_wconf 80' lang='lat' dir='ltr'><strong>ad,</strong></span> <span class='ocrx_word' id='word_1_97' title='bbox 1864 1401 2012 1459; x_wconf 86' lang='lat' dir='ltr'><strong>sola-</strong></span> 
     </span>
    </p>
   </div>
   <div class='ocr_carea' id='block_1_16' title="bbox 434 1493 2009 1563">
    <p class='ocr_par' dir='ltr' id='par_1_16' title="bbox 434 1493 2009 1563">
     <span class='ocr_line' id='line_1_16' title="bbox 434 1493 2009 1563; baseline -0.001 -15"><span class='ocrx_word' id='word_1_98' title='bbox 434 1510 557 1548; x_wconf 88' lang='lat' dir='ltr'><strong>men</strong></span> <span class='ocrx_word' id='word_1_99' title='bbox 601 1494 856 1563; x_wconf 84' lang='lat' dir='ltr'><strong>pertinet,</strong></span> <span class='ocrx_word' id='word_1_100' title='bbox 906 1494 1097 1549; x_wconf 66' lang='lat' dir='ltr'><strong>aliena:</strong></span> <span class='ocrx_word' id='word_1_101' title='bbox 1149 1493 1484 1549; x_wconf 83' lang='lat' dir='ltr'><strong>calamitatis</strong></span> <span class='ocrx_word' id='word_1_102' title='bbox 1533 1494 2009 1559; x_wconf 84' lang='lat' dir='ltr'><strong>commemoratio,</strong></span> 
     </span>
    </p>
   </div>
   <div class='ocr_carea' id='block_1_17' title="bbox 432 1584 2014 1654">
    <p class='ocr_par' dir='ltr' id='par_1_17' title="bbox 432 1584 2014 1654">
     <span class='ocr_line' id='line_1_17' title="bbox 432 1584 2014 1654; baseline 0.002 -16"><span class='ocrx_word' id='word_1_103' title='bbox 432 1585 591 1654; x_wconf 89' lang='lat' dir='ltr'><strong>quasi</strong></span> <span class='ocrx_word' id='word_1_104' title='bbox 640 1585 753 1637; x_wconf 67' lang='lat' dir='ltr'><strong>haec</strong></span> <span class='ocrx_word' id='word_1_105' title='bbox 791 1584 949 1638; x_wconf 90' lang='lat' dir='ltr'><strong>malis</strong></span> <span class='ocrx_word' id='word_1_106' title='bbox 992 1586 1293 1639; x_wconf 82' lang='lat' dir='ltr'><strong>exercitum</strong></span> <span class='ocrx_word' id='word_1_107' title='bbox 1339 1595 1565 1641; x_wconf 89' lang='lat' dir='ltr'><strong>recreet.</strong></span> <span class='ocrx_word' id='word_1_108' title='bbox 1620 1584 1828 1641; x_wconf 79' lang='lat' dir='ltr'><strong>Revera</strong></span> <span class='ocrx_word' id='word_1_109' title='bbox 1879 1600 2014 1641; x_wconf 68' lang='lat' dir='ltr'><strong>mte-</strong></span> 
     </span>
    </p>
   </div>
   <div class='ocr_carea' id='block_1_18' title="bbox 436 1675 2009 1747">
    <p class='ocr_par' dir='ltr' id='par_1_18' title="bbox 436 1675 2009 1747">
     <span class='ocr_line' id='line_1_18' title="bbox 436 1675 2009 1747; baseline 0 -18"><span class='ocrx_word' id='word_1_110' title='bbox 436 1684 553 1731; x_wconf 86' lang='lat' dir='ltr'><strong>stos</strong></span> <span class='ocrx_word' id='word_1_111' title='bbox 588 1675 865 1729; x_wconf 89' lang='lat' dir='ltr'><strong>consolari</strong></span> <span class='ocrx_word' id='word_1_112' title='bbox 904 1676 1144 1731; x_wconf 86' lang='lat' dir='ltr'><strong>solemus</strong></span> <span class='ocrx_word' id='word_1_113' title='bbox 1176 1677 1454 1731; x_wconf 81' lang='lat' dir='ltr'><strong>mentione</strong></span> <span class='ocrx_word' id='word_1_114' title='bbox 1482 1676 1633 1747; x_wconf 87' lang='lat' dir='ltr'><strong>paria</strong></span> <span class='ocrx_word' id='word_1_115' title='bbox 1666 1676 2009 1746; x_wconf 87' lang='lat' dir='ltr'><strong>patientium,</strong></span> 
     </span>
    </p>
   </div>
   <div class='ocr_carea' id='block_1_19' title="bbox 436 1766 2015 1837">
    <p class='ocr_par' dir='ltr' id='par_1_19' title="bbox 436 1766 2015 1837">
     <span class='ocr_line' id='line_1_19' title="bbox 436 1766 2015 1837; baseline 0.001 -17"><span class='ocrx_word' id='word_1_116' title='bbox 436 1782 505 1820; x_wconf 89' lang='lat' dir='ltr'><strong>ne</strong></span> <span class='ocrx_word' id='word_1_117' title='bbox 541 1766 665 1835; x_wconf 90' lang='lat' dir='ltr'><strong>plus</strong></span> <span class='ocrx_word' id='word_1_118' title='bbox 693 1781 850 1836; x_wconf 68' lang='lat' dir='ltr'><strong>teque</strong></span> <span class='ocrx_word' id='word_1_119' title='bbox 879 1766 1081 1821; x_wconf 88' lang='lat' dir='ltr'><strong>animis</strong></span> <span class='ocrx_word' id='word_1_120' title='bbox 1114 1767 1428 1832; x_wconf 83' lang='lat' dir='ltr'><strong>concidant,</strong></span> <span class='ocrx_word' id='word_1_121' title='bbox 1460 1768 1618 1836; x_wconf 89' lang='lat' dir='ltr'><strong>quasi</strong></span> <span class='ocrx_word' id='word_1_122' title='bbox 1652 1767 1858 1837; x_wconf 88' lang='lat' dir='ltr'><strong>aliquid</strong></span> <span class='ocrx_word' id='word_1_123' title='bbox 1891 1769 2015 1822; x_wconf 91' lang='lat' dir='ltr'><strong>inu-</strong></span> 
     </span>
    </p>
   </div>
   <div class='ocr_carea' id='block_1_20' title="bbox 437 1857 2011 1930">
    <p class='ocr_par' dir='ltr' id='par_1_20' title="bbox 437 1857 2011 1930">
     <span class='ocr_line' id='line_1_20' title="bbox 437 1857 2011 1930; baseline 0.002 -19"><span class='ocrx_word' id='word_1_124' title='bbox 437 1858 582 1911; x_wconf 84' lang='lat' dir='ltr'><strong>sitati</strong></span> <span class='ocrx_word' id='word_1_125' title='bbox 636 1858 772 1927; x_wconf 88' lang='lat' dir='ltr'><strong>ipsis</strong></span> <span class='ocrx_word' id='word_1_126' title='bbox 813 1857 1097 1912; x_wconf 82' lang='lat' dir='ltr'><strong>acciderit.</strong></span> <span class='ocrx_word' id='word_1_127' title='bbox 1147 1858 1350 1912; x_wconf 80' lang='lat' dir='ltr'><strong>Contra</strong></span> <span class='ocrx_word' id='word_1_128' title='bbox 1394 1859 1620 1914; x_wconf 90' lang='lat' dir='ltr'><strong>omnino</strong></span> <span class='ocrx_word' id='word_1_129' title='bbox 1667 1860 2011 1930; x_wconf 80' lang='lat' dir='ltr'><strong>exploratum</strong></span> 
     </span>
    </p>
   </div>
   <div class='ocr_carea' id='block_1_21' title="bbox 436 1947 2015 2017">
    <p class='ocr_par' dir='ltr' id='par_1_21' title="bbox 436 1947 2015 2017">
     <span class='ocr_line' id='line_1_21' title="bbox 436 1947 2015 2017; baseline 0.003 -16"><span class='ocrx_word' id='word_1_130' title='bbox 436 1956 541 2009; x_wconf 75' lang='lat' dir='ltr'><strong>est,</strong></span> <span class='ocrx_word' id='word_1_131' title='bbox 567 1948 886 2017; x_wconf 78' lang='lat' dir='ltr'><strong>preplietam</strong></span> <span class='ocrx_word' id='word_1_132' title='bbox 918 1948 1201 2003; x_wconf 90' lang='lat' dir='ltr'><strong>eventuris</strong></span> <span class='ocrx_word' id='word_1_133' title='bbox 1231 1947 1440 2003; x_wconf 63' lang='lat' dir='ltr'><strong>Ninivre</strong></span> <span class='ocrx_word' id='word_1_134' title='bbox 1479 1950 1637 2006; x_wconf 88' lang='lat' dir='ltr'><strong>malis</strong></span> <span class='ocrx_word' id='word_1_135' title='bbox 1663 1957 1900 2005; x_wconf 90' lang='lat' dir='ltr'><strong>veterem</strong></span> <span class='ocrx_word' id='word_1_136' title='bbox 1948 1951 2015 2005; x_wconf 88' lang='lat' dir='ltr'><strong>il-</strong></span> 
     </span>
    </p>
   </div>
   <div class='ocr_carea' id='block_1_22' title="bbox 439 2040 2015 2111">
    <p class='ocr_par' dir='ltr' id='par_1_22' title="bbox 439 2040 2015 2111">
     <span class='ocr_line' id='line_1_22' title="bbox 439 2040 2015 2111; baseline 0.004 -20"><span class='ocrx_word' id='word_1_137' title='bbox 439 2040 546 2094; x_wconf 90' lang='lat' dir='ltr'><strong>lius</strong></span> <span class='ocrx_word' id='word_1_138' title='bbox 603 2040 915 2093; x_wconf 87' lang='lat' dir='ltr'><strong>felicitatem</strong></span> <span class='ocrx_word' id='word_1_139' title='bbox 968 2040 1304 2111; x_wconf 74' lang='lat' dir='ltr'><strong>adiungere,</strong></span> <span class='ocrx_word' id='word_1_140' title='bbox 1363 2055 1471 2110; x_wconf 90' lang='lat' dir='ltr'><strong>qua</strong></span> <span class='ocrx_word' id='word_1_141' title='bbox 1535 2042 1821 2097; x_wconf 81' lang='lat' dir='ltr'><strong>calamitas</strong></span> <span class='ocrx_word' id='word_1_142' title='bbox 1894 2040 2015 2111; x_wconf 80' lang='lat' dir='ltr'><strong>ejus</strong></span> 
     </span>
    </p>
   </div>
   <div class='ocr_carea' id='block_1_23' title="bbox 434 2129 2019 2203">
    <p class='ocr_par' dir='ltr' id='par_1_23' title="bbox 434 2129 2019 2203">
     <span class='ocr_line' id='line_1_23' title="bbox 434 2129 2019 2203; baseline 0.003 -20"><span class='ocrx_word' id='word_1_143' title='bbox 434 2129 846 2198; x_wconf 83' lang='lat' dir='ltr'><strong>comparatione</strong></span> <span class='ocrx_word' id='word_1_144' title='bbox 891 2131 1110 2202; x_wconf 82' lang='lat' dir='ltr'><strong>gravior</strong></span> <span class='ocrx_word' id='word_1_145' title='bbox 1151 2132 1439 2186; x_wconf 80' lang='lat' dir='ltr'><strong>evadebat.</strong></span> <span class='ocrx_word' id='word_1_146' title='bbox 1492 2131 1599 2187; x_wconf 88' lang='lat' dir='ltr'><strong>Sed</strong></span> <span class='ocrx_word' id='word_1_147' title='bbox 1652 2133 1768 2187; x_wconf 66' lang='lat' dir='ltr'><strong>haec</strong></span> <span class='ocrx_word' id='word_1_148' title='bbox 1822 2149 2019 2203; x_wconf 88' lang='lat' dir='ltr'><strong>super-</strong></span> 
     </span>
    </p>
   </div>
   <div class='ocr_carea' id='block_1_24' title="bbox 436 2219 2017 2291">
    <p class='ocr_par' dir='ltr' id='par_1_24' title="bbox 436 2219 2017 2291">
     <span class='ocr_line' id='line_1_24' title="bbox 436 2219 2017 2291; baseline 0.003 -18"><span class='ocrx_word' id='word_1_149' title='bbox 436 2219 645 2274; x_wconf 86' lang='lat' dir='ltr'><strong>fluitate</strong></span> <span class='ocrx_word' id='word_1_150' title='bbox 691 2219 928 2291; x_wconf 87' lang='lat' dir='ltr'><strong>quadam</strong></span> <span class='ocrx_word' id='word_1_151' title='bbox 982 2222 1257 2277; x_wconf 87' lang='lat' dir='ltr'><strong>sermonis</strong></span> <span class='ocrx_word' id='word_1_152' title='bbox 1298 2221 1443 2277; x_wconf 88' lang='lat' dir='ltr'><strong>dicta</strong></span> <span class='ocrx_word' id='word_1_153' title='bbox 1494 2229 1677 2277; x_wconf 88' lang='lat' dir='ltr'><strong>sunto.</strong></span> <span class='ocrx_word' id='word_1_154' title='bbox 1722 2221 1852 2276; x_wconf 87' lang='lat' dir='ltr'><strong>Loci</strong></span> <span class='ocrx_word' id='word_1_155' title='bbox 1885 2237 2017 2277; x_wconf 86' lang='lat' dir='ltr'><strong>vero</strong></span> 
     </span>
    </p>
   </div>
   <div class='ocr_carea' id='block_1_25' title="bbox 438 2312 2014 2387">
    <p class='ocr_par' dir='ltr' id='par_1_25' title="bbox 438 2312 2014 2387">
     <span class='ocr_line' id='line_1_25' title="bbox 438 2312 2014 2387; baseline 0.001 -18"><span class='ocrx_word' id='word_1_156' title='bbox 438 2314 711 2369; x_wconf 88' lang='lat' dir='ltr'><strong>sententia</strong></span> <span class='ocrx_word' id='word_1_157' title='bbox 734 2322 859 2369; x_wconf 73' lang='lat' dir='ltr'><strong>est:</strong></span> <span class='ocrx_word' id='word_1_158' title='bbox 901 2312 1064 2368; x_wconf 86' lang='lat' dir='ltr'><strong>Venit</strong></span> <span class='ocrx_word' id='word_1_159' title='bbox 1108 2329 1285 2385; x_wconf 89' lang='lat' dir='ltr'><strong>usque</strong></span> <span class='ocrx_word' id='word_1_160' title='bbox 1323 2315 1377 2370; x_wconf 91' lang='lat' dir='ltr'><strong>in</strong></span> <span class='ocrx_word' id='word_1_161' title='bbox 1403 2314 1699 2386; x_wconf 63' lang='lat' dir='ltr'><strong>Egyptum</strong></span> <span class='ocrx_word' id='word_1_162' title='bbox 1733 2314 2014 2387; x_wconf 83' lang='lat' dir='ltr'><strong>Assyrius,</strong></span> 
     </span>
    </p>
   </div>
   <div class='ocr_carea' id='block_1_26' title="bbox 439 2406 2018 2480">
    <p class='ocr_par' dir='ltr' id='par_1_26' title="bbox 439 2406 2018 2480">
     <span class='ocr_line' id='line_1_26' title="bbox 439 2406 2018 2480; baseline 0.003 -20"><span class='ocrx_word' id='word_1_163' title='bbox 439 2406 611 2460; x_wconf 87' lang='lat' dir='ltr'><strong>multa</strong></span> <span class='ocrx_word' id='word_1_164' title='bbox 643 2406 718 2461; x_wconf 89' lang='lat' dir='ltr'><strong>ibi</strong></span> <span class='ocrx_word' id='word_1_165' title='bbox 750 2422 970 2476; x_wconf 88' lang='lat' dir='ltr'><strong>quoque</strong></span> <span class='ocrx_word' id='word_1_166' title='bbox 1001 2408 1143 2462; x_wconf 87' lang='lat' dir='ltr'><strong>mala</strong></span> <span class='ocrx_word' id='word_1_167' title='bbox 1186 2411 1454 2479; x_wconf 74' lang='lat' dir='ltr'><strong>patravit,</strong></span> <span class='ocrx_word' id='word_1_168' title='bbox 1485 2419 1539 2464; x_wconf 89' lang='lat' dir='ltr'><strong>et</strong></span> <span class='ocrx_word' id='word_1_169' title='bbox 1565 2408 1783 2480; x_wconf 88' lang='lat' dir='ltr'><strong>quidem</strong></span> <span class='ocrx_word' id='word_1_170' title='bbox 1828 2410 2018 2480; x_wconf 88' lang='lat' dir='ltr'><strong>profu-</strong></span> 
     </span>
    </p>
   </div>
   <div class='ocr_carea' id='block_1_27' title="bbox 438 2497 2019 2570">
    <p class='ocr_par' dir='ltr' id='par_1_27' title="bbox 438 2497 2019 2570">
     <span class='ocr_line' id='line_1_27' title="bbox 438 2497 2019 2570; baseline 0.004 -20"><span class='ocrx_word' id='word_1_171' title='bbox 438 2511 539 2567; x_wconf 84' lang='lat' dir='ltr'><strong>gos</strong></span> <span class='ocrx_word' id='word_1_172' title='bbox 589 2497 719 2552; x_wconf 92' lang='lat' dir='ltr'><strong>illuc</strong></span> <span class='ocrx_word' id='word_1_173' title='bbox 774 2497 1048 2554; x_wconf 89' lang='lat' dir='ltr'><strong>lsraelitas</strong></span> <span class='ocrx_word' id='word_1_174' title='bbox 1097 2500 1409 2570; x_wconf 82' lang='lat' dir='ltr'><strong>ibidemque</strong></span> <span class='ocrx_word' id='word_1_175' title='bbox 1454 2502 1715 2570; x_wconf 75' lang='lat' dir='ltr'><strong>degentes</strong></span> <span class='ocrx_word' id='word_1_176' title='bbox 1763 2502 2019 2558; x_wconf 83' lang='lat' dir='ltr'><strong>maximis</strong></span> 
     </span>
    </p>
   </div>
   <div class='ocr_carea' id='block_1_28' title="bbox 440 2590 2016 2663">
    <p class='ocr_par' dir='ltr' id='par_1_28' title="bbox 440 2590 2016 2663">
     <span class='ocr_line' id='line_1_28' title="bbox 440 2590 2016 2663; baseline 0.004 -21"><span class='ocrx_word' id='word_1_177' title='bbox 440 2591 803 2646; x_wconf 87' lang='lat' dir='ltr'><strong>incommodis</strong></span> <span class='ocrx_word' id='word_1_178' title='bbox 826 2590 1031 2655; x_wconf 79' lang='lat' dir='ltr'><strong>affecit,</strong></span> <span class='ocrx_word' id='word_1_179' title='bbox 1061 2600 1118 2646; x_wconf 90' lang='lat' dir='ltr'><strong>ut</strong></span> <span class='ocrx_word' id='word_1_180' title='bbox 1151 2591 1323 2648; x_wconf 85' lang='lat' dir='ltr'><strong>Oseas</strong></span> <span class='ocrx_word' id='word_1_181' title='bbox 1348 2593 1613 2663; x_wconf 83' lang='lat' dir='ltr'><strong>propheta</strong></span> <span class='ocrx_word' id='word_1_182' title='bbox 1641 2594 2016 2649; x_wconf 86' lang='lat' dir='ltr'><strong>demonstrat:</strong></span> 
     </span>
    </p>
   </div>
   <div class='ocr_carea' id='block_1_29' title="bbox 445 2681 2016 2756">
    <p class='ocr_par' dir='ltr' id='par_1_29' title="bbox 445 2681 2016 2756">
     <span class='ocr_line' id='line_1_29' title="bbox 445 2681 2016 2756; baseline 0.004 -23"><span class='ocrx_word' id='word_1_183' title='bbox 445 2700 465 2733; x_wconf 73' lang='grc' dir='ltr'><strong>ι</strong></span> <span class='ocrx_word' id='word_1_184' title='bbox 506 2681 798 2752; x_wconf 85' lang='lat' dir='ltr'><strong>Propterea</strong></span> <span class='ocrx_word' id='word_1_185' title='bbox 852 2697 982 2739; x_wconf 89' lang='lat' dir='ltr'><strong>ecce</strong></span> <span class='ocrx_word' id='word_1_186' title='bbox 1042 2683 1251 2754; x_wconf 82' lang='lat' dir='ltr'><strong>fugient</strong></span> <span class='ocrx_word' id='word_1_187' title='bbox 1289 2685 1359 2740; x_wconf 85' lang='lat' dir='ltr'><strong>ab</strong></span> <span class='ocrx_word' id='word_1_188' title='bbox 1397 2684 1732 2740; x_wconf 84' lang='lat' dir='ltr'><strong>adversitate</strong></span> <span class='ocrx_word' id='word_1_189' title='bbox 1773 2684 2016 2756; x_wconf 63' lang='lat' dir='ltr'><strong>Egypti,</strong></span> 
     </span>
    </p>
   </div>
   <div class='ocr_carea' id='block_1_30' title="bbox 441 2771 2014 2844">
    <p class='ocr_par' dir='ltr' id='par_1_30' title="bbox 441 2771 2014 2844">
     <span class='ocr_line' id='line_1_30' title="bbox 441 2771 2014 2844; baseline 0.001 -20"><span class='ocrx_word' id='word_1_190' title='bbox 441 2772 671 2841; x_wconf 89' lang='lat' dir='ltr'><strong>recipiet</strong></span> <span class='ocrx_word' id='word_1_191' title='bbox 701 2787 797 2826; x_wconf 89' lang='lat' dir='ltr'><strong>eos</strong></span> <span class='ocrx_word' id='word_1_192' title='bbox 837 2771 1125 2841; x_wconf 72' lang='lat' dir='ltr'><strong>Memphis,</strong></span> <span class='ocrx_word' id='word_1_193' title='bbox 1163 2773 1390 2844; x_wconf 83' lang='lat' dir='ltr'><strong>sepeliet</strong></span> <span class='ocrx_word' id='word_1_194' title='bbox 1434 2787 1531 2827; x_wconf 89' lang='lat' dir='ltr'><strong>eos</strong></span> <span class='ocrx_word' id='word_1_195' title='bbox 1572 2771 1851 2828; x_wconf 80' lang='lat' dir='ltr'><strong>Macbmas</strong></span> <span class='ocrx_word' id='word_1_196' title='bbox 1884 2774 1947 2826; x_wconf 80' lang='grc'><strong>⁸⁸.</strong></span> <span class='ocrx_word' id='word_1_197' title='bbox 1995 2791 2014 2826; x_wconf 75' lang='grc' dir='ltr'><strong>ι</strong></span> 
     </span>
    </p>
   </div>
   <div class='ocr_carea' id='block_1_31' title="bbox 443 2861 2020 2936">
    <p class='ocr_par' dir='ltr' id='par_1_31' title="bbox 443 2861 2020 2936">
     <span class='ocr_line' id='line_1_31' title="bbox 443 2861 2020 2936; baseline 0.004 -21"><span class='ocrx_word' id='word_1_198' title='bbox 443 2861 725 2933; x_wconf 78' lang='lat' dir='ltr'><strong>Significat</strong></span> <span class='ocrx_word' id='word_1_199' title='bbox 753 2878 873 2932; x_wconf 66' lang='lat' dir='ltr'><strong>qua:</strong></span> <span class='ocrx_word' id='word_1_200' title='bbox 902 2864 970 2917; x_wconf 91' lang='lat' dir='ltr'><strong>ab</strong></span> <span class='ocrx_word' id='word_1_201' title='bbox 996 2864 1241 2933; x_wconf 76' lang='lat' dir='ltr'><strong>Assyriis</strong></span> <span class='ocrx_word' id='word_1_202' title='bbox 1268 2862 1561 2935; x_wconf 68' lang='lat' dir='ltr'><strong>Egyplum</strong></span> <span class='ocrx_word' id='word_1_203' title='bbox 1597 2863 1860 2934; x_wconf 78' lang='lat' dir='ltr'><strong>ingressis</strong></span> <span class='ocrx_word' id='word_1_204' title='bbox 1893 2880 2020 2936; x_wconf 83' lang='lat' dir='ltr'><strong>per-</strong></span> 
     </span>
    </p>
   </div>
   <div class='ocr_carea' id='block_1_32' title="bbox 442 2952 2019 3024">
    <p class='ocr_par' dir='ltr' id='par_1_32' title="bbox 442 2952 2019 3024">
     <span class='ocr_line' id='line_1_32' title="bbox 442 2952 2019 3024; baseline 0.003 -17"><span class='ocrx_word' id='word_1_205' title='bbox 442 2955 659 3023; x_wconf 84' lang='lat' dir='ltr'><strong>pcssuri</strong></span> <span class='ocrx_word' id='word_1_206' title='bbox 698 2962 856 3008; x_wconf 87' lang='lat' dir='ltr'><strong>erant</strong></span> <span class='ocrx_word' id='word_1_207' title='bbox 883 2952 1096 3023; x_wconf 85' lang='lat' dir='ltr'><strong>profugi</strong></span> <span class='ocrx_word' id='word_1_208' title='bbox 1143 2952 1424 3009; x_wconf 63' lang='lat' dir='ltr'><strong>Israelita.</strong></span> <span class='ocrx_word' id='word_1_209' title='bbox 1458 2953 1634 3009; x_wconf 86' lang='lat' dir='ltr'><strong>Sicuti</strong></span> <span class='ocrx_word' id='word_1_210' title='bbox 1666 2970 1799 3024; x_wconf 77' lang='lat' dir='ltr'><strong>ergo</strong></span> <span class='ocrx_word' id='word_1_211' title='bbox 1829 2958 1885 3010; x_wconf 88' lang='lat' dir='ltr'><strong>in</strong></span> <span class='ocrx_word' id='word_1_212' title='bbox 1920 2971 2019 3013; x_wconf 82' lang='lat' dir='ltr'><strong>su-</strong></span> 
     </span>
    </p>
   </div>
   <div class='ocr_carea' id='block_1_33' title="bbox 444 3042 2017 3115">
    <p class='ocr_par' dir='ltr' id='par_1_33' title="bbox 444 3042 2017 3115">
     <span class='ocr_line' id='line_1_33' title="bbox 444 3042 2017 3115; baseline 0.006 -22"><span class='ocrx_word' id='word_1_213' title='bbox 444 3042 772 3110; x_wconf 84' lang='lat' dir='ltr'><strong>perioribus,</strong></span> <span class='ocrx_word' id='word_1_214' title='bbox 814 3048 1100 3111; x_wconf 87' lang='lat' dir='ltr'><strong>postquam</strong></span> <span class='ocrx_word' id='word_1_215' title='bbox 1130 3050 1453 3112; x_wconf 86' lang='lat' dir='ltr'><strong>cerreptnra</strong></span> <span class='ocrx_word' id='word_1_216' title='bbox 1484 3044 1739 3115; x_wconf 83' lang='lat' dir='ltr'><strong>Assyrios</strong></span> <span class='ocrx_word' id='word_1_217' title='bbox 1771 3046 1913 3099; x_wconf 85' lang='lat' dir='ltr'><strong>mala</strong></span> <span class='ocrx_word' id='word_1_218' title='bbox 1939 3061 2017 3103; x_wconf 82' lang='lat' dir='ltr'><strong>re—</strong></span> 
     </span>
    </p>
   </div>
   <div class='ocr_carea' id='block_1_34' title="bbox 2106 573 3688 652">
    <p class='ocr_par' dir='ltr' id='par_1_34' title="bbox 2106 573 3688 652">
     <span class='ocr_line' id='line_1_34' title="bbox 2106 573 3688 652; baseline -0.004 -16"><span class='ocrx_word' id='word_1_219' title='bbox 2106 581 2297 636; x_wconf 86' lang='grc' dir='ltr'>τούτου</span> <span class='ocrx_word' id='word_1_220' title='bbox 2314 580 2469 645; x_wconf 81' lang='grc' dir='ltr'>πόλις</span> <span class='ocrx_word' id='word_1_221' title='bbox 2496 577 2564 651; x_wconf 88' lang='grc' dir='ltr'>ἦν</span> <span class='ocrx_word' id='word_1_222' title='bbox 2585 581 2772 635; x_wconf 79' lang='grc' dir='ltr'><strong>αὐτόθι</strong></span> <span class='ocrx_word' id='word_1_223' title='bbox 2809 578 3033 652; x_wconf 82' lang='grc' dir='ltr'>Ἀμμὼν</span> <span class='ocrx_word' id='word_1_224' title='bbox 3054 579 3342 651; x_wconf 82' lang='grc' dir='ltr'>λεγομένη.</span> <span class='ocrx_word' id='word_1_225' title='bbox 3365 577 3495 649; x_wconf 72' lang='grc' dir='ltr'>περὶ</span> <span class='ocrx_word' id='word_1_226' title='bbox 3529 573 3596 648; x_wconf 73' lang='grc' dir='ltr'>ἧς</span> <span class='ocrx_word' id='word_1_227' title='bbox 3617 579 3688 631; x_wconf 64' lang='grc' dir='ltr'><strong>τὰ</strong></span> 
     </span>
    </p>
   </div>
   <div class='ocr_carea' id='block_1_35' title="bbox 2106 667 3686 744">
    <p class='ocr_par' dir='ltr' id='par_1_35' title="bbox 2106 667 3686 744">
     <span class='ocr_line' id='line_1_35' title="bbox 2106 667 3686 744; baseline -0.005 -17"><span class='ocrx_word' id='word_1_228' title='bbox 2106 673 2204 727; x_wconf 81' lang='grc' dir='ltr'>νῦν</span> <span class='ocrx_word' id='word_1_229' title='bbox 2239 675 2267 727; x_wconf 99' lang='lat'><strong>6</strong></span> <span class='ocrx_word' id='word_1_230' title='bbox 2292 673 2575 744; x_wconf 81' lang='grc' dir='ltr'><strong>προφήτης</strong></span> <span class='ocrx_word' id='word_1_231' title='bbox 2604 671 2798 742; x_wconf 83' lang='grc' dir='ltr'>φησίν·</span> <span class='ocrx_word' id='word_1_232' title='bbox 2830 669 2966 724; x_wconf 82' lang='grc' dir='ltr'>ἀλλὰ</span> <span class='ocrx_word' id='word_1_233' title='bbox 2993 668 3124 742; x_wconf 79' lang='grc' dir='ltr'>γὰρ,</span> <span class='ocrx_word' id='word_1_234' title='bbox 3163 669 3193 723; x_wconf 80' lang='grc' dir='ltr'><strong>ὃ</strong></span> <span class='ocrx_word' id='word_1_235' title='bbox 3239 668 3499 732; x_wconf 78' lang='grc' dir='ltr'><strong>πολλάκις</strong></span> <span class='ocrx_word' id='word_1_236' title='bbox 3528 667 3686 738; x_wconf 73' lang='grc' dir='ltr'>ἔφην,</span> 
     </span>
    </p>
   </div>
   <div class='ocr_carea' id='block_1_36' title="bbox 2109 759 3734 843">
    <p class='ocr_par' dir='ltr' id='par_1_36' title="bbox 2109 759 3734 843">
     <span class='ocr_line' id='line_1_36' title="bbox 2109 759 3734 843; baseline -0.004 -24"><span class='ocrx_word' id='word_1_237' title='bbox 2109 765 2368 836; x_wconf 79' lang='grc' dir='ltr'>περιττὴν</span> <span class='ocrx_word' id='word_1_238' title='bbox 2400 761 2538 818; x_wconf 78' lang='grc' dir='ltr'>εἶναι</span> <span class='ocrx_word' id='word_1_239' title='bbox 2566 764 2675 817; x_wconf 84' lang='grc' dir='ltr'>τῶν</span> <span class='ocrx_word' id='word_1_240' title='bbox 2708 761 2965 817; x_wconf 78' lang='grc' dir='ltr'>τοιούτων</span> <span class='ocrx_word' id='word_1_241' title='bbox 3001 760 3244 833; x_wconf 74' lang='grc' dir='ltr'>ἡγοῦμαι</span> <span class='ocrx_word' id='word_1_242' title='bbox 3271 761 3372 832; x_wconf 80' lang='grc' dir='ltr'><strong>τὴν</strong></span> <span class='ocrx_word' id='word_1_243' title='bbox 3403 759 3686 833; x_wconf 83' lang='grc' dir='ltr'>ἀκριϐολο-</span> <span class='ocrx_word' id='word_1_244' title='bbox 3720 822 3734 843; x_wconf 51' lang='grc'><strong><em>⁸</em></strong></span> 
     </span>
    </p>
   </div>
   <div class='ocr_carea' id='block_1_37' title="bbox 2108 852 3793 927">
    <p class='ocr_par' dir='ltr' id='par_1_37' title="bbox 2108 852 3793 927">
     <span class='ocr_line' id='line_1_37' title="bbox 2108 852 3793 927; baseline -0.002 -18"><span class='ocrx_word' id='word_1_245' title='bbox 2108 856 2254 925; x_wconf 91' lang='grc' dir='ltr'>γίαν,</span> <span class='ocrx_word' id='word_1_246' title='bbox 2276 856 2424 909; x_wconf 85' lang='grc' dir='ltr'>ὁπότ’</span> <span class='ocrx_word' id='word_1_247' title='bbox 2456 856 2523 911; x_wconf 85' lang='grc' dir='ltr'>ἂν</span> <span class='ocrx_word' id='word_1_248' title='bbox 2562 855 2728 927; x_wconf 81' lang='grc' dir='ltr'>μηδὲν</span> <span class='ocrx_word' id='word_1_249' title='bbox 2756 856 2835 918; x_wconf 80' lang='grc' dir='ltr'><strong>είς</strong></span> <span class='ocrx_word' id='word_1_250' title='bbox 2868 854 3174 924; x_wconf 80' lang='grc' dir='ltr'>φανέρωσιν</span> <span class='ocrx_word' id='word_1_251' title='bbox 3194 856 3292 924; x_wconf 84' lang='grc' dir='ltr'>τῆς</span> <span class='ocrx_word' id='word_1_252' title='bbox 3319 852 3689 924; x_wconf 80' lang='grc' dir='ltr'><strong>προκειμένης</strong></span> <span class='ocrx_word' id='word_1_253' title='bbox 3776 865 3793 871; x_wconf 83' lang='grc'><em>’</em></span> 
     </span>
    </p>
   </div>
   <div class='ocr_carea' id='block_1_38' title="bbox 2112 940 3688 1018">
    <p class='ocr_par' dir='ltr' id='par_1_38' title="bbox 2112 940 3688 1018">
     <span class='ocr_line' id='line_1_38' title="bbox 2112 940 3688 1018; baseline 0 -16"><span class='ocrx_word' id='word_1_254' title='bbox 2112 947 2336 1018; x_wconf 84' lang='grc' dir='ltr'>συντελῇ</span> <span class='ocrx_word' id='word_1_255' title='bbox 2359 946 2616 1011; x_wconf 81' lang='grc' dir='ltr'><strong>διανοίας·</strong></span> <span class='ocrx_word' id='word_1_256' title='bbox 2638 946 2779 1000; x_wconf 74' lang='grc' dir='ltr'>ὥστε</span> <span class='ocrx_word' id='word_1_257' title='bbox 2802 946 2896 1000; x_wconf 73' lang='grc' dir='ltr'><strong>καὶ</strong></span> <span class='ocrx_word' id='word_1_258' title='bbox 2920 943 3175 1009; x_wconf 77' lang='grc' dir='ltr'>ἐπίδειξίν</span> <span class='ocrx_word' id='word_1_259' title='bbox 3204 962 3325 998; x_wconf 88' lang='grc' dir='ltr'>τινα</span> <span class='ocrx_word' id='word_1_260' title='bbox 3355 945 3519 1017; x_wconf 81' lang='grc' dir='ltr'>κενὴν</span> <span class='ocrx_word' id='word_1_261' title='bbox 3546 940 3688 1001; x_wconf 77' lang='grc' dir='ltr'>εἶναι</span> 
     </span>
    </p>
   </div>
   <div class='ocr_carea' id='block_1_39' title="bbox 2110 1036 3688 1111">
    <p class='ocr_par' dir='ltr' id='par_1_39' title="bbox 2110 1036 3688 1111">
     <span class='ocr_line' id='line_1_39' title="bbox 2110 1036 3688 1111; baseline 0 -18"><span class='ocrx_word' id='word_1_262' title='bbox 2110 1039 2208 1111; x_wconf 82' lang='grc' dir='ltr'><strong>τήν</strong></span> <span class='ocrx_word' id='word_1_263' title='bbox 2250 1039 2380 1110; x_wconf 74' lang='grc' dir='ltr'>περὶ</span> <span class='ocrx_word' id='word_1_264' title='bbox 2419 1038 2488 1092; x_wconf 83' lang='grc' dir='ltr'>τὰ</span> <span class='ocrx_word' id='word_1_265' title='bbox 2525 1037 2754 1093; x_wconf 81' lang='grc' dir='ltr'>τοιαῦτα</span> <span class='ocrx_word' id='word_1_266' title='bbox 2800 1036 3222 1110; x_wconf 70' lang='grc' dir='ltr'>ἀκριϐολογίαν,</span> <span class='ocrx_word' id='word_1_267' title='bbox 3267 1037 3358 1091; x_wconf 75' lang='grc' dir='ltr'><strong>ἵνα</strong></span> <span class='ocrx_word' id='word_1_268' title='bbox 3389 1037 3452 1108; x_wconf 80' lang='grc' dir='ltr'>δὴ</span> <span class='ocrx_word' id='word_1_269' title='bbox 3486 1037 3688 1093; x_wconf 82' lang='grc' dir='ltr'>δοκῶσι</span> 
     </span>
    </p>
   </div>
   <div class='ocr_carea' id='block_1_40' title="bbox 2112 1127 3685 1201">
    <p class='ocr_par' dir='ltr' id='par_1_40' title="bbox 2112 1127 3685 1201">
     <span class='ocr_line' id='line_1_40' title="bbox 2112 1127 3685 1201; baseline 0.004 -23"><span class='ocrx_word' id='word_1_270' title='bbox 2112 1131 2239 1193; x_wconf 77' lang='grc' dir='ltr'>τοὺς</span> <span class='ocrx_word' id='word_1_271' title='bbox 2263 1129 2616 1201; x_wconf 80' lang='grc' dir='ltr'>ἀδηλοτέρους</span> <span class='ocrx_word' id='word_1_272' title='bbox 2637 1130 2756 1192; x_wconf 88' lang='grc' dir='ltr'>ταῖς</span> <span class='ocrx_word' id='word_1_273' title='bbox 2781 1128 3097 1199; x_wconf 79' lang='grc' dir='ltr'>ὀνομασίαις</span> <span class='ocrx_word' id='word_1_274' title='bbox 3116 1127 3440 1199; x_wconf 77' lang='grc' dir='ltr'>ἑρμηνεύειν</span> <span class='ocrx_word' id='word_1_275' title='bbox 3463 1129 3685 1194; x_wconf 82' lang='grc' dir='ltr'>τόπους.</span> 
     </span>
    </p>
   </div>
   <div class='ocr_carea' id='block_1_41' title="bbox 2115 1218 3689 1293">
    <p class='ocr_par' dir='ltr' id='par_1_41' title="bbox 2115 1218 3689 1293">
     <span class='ocr_line' id='line_1_41' title="bbox 2115 1218 3689 1293; baseline -0.001 -17"><span class='ocrx_word' id='word_1_276' title='bbox 2115 1222 2530 1293; x_wconf 82' lang='grc' dir='ltr'>Μυθωδέστερον</span> <span class='ocrx_word' id='word_1_277' title='bbox 2548 1222 2604 1275; x_wconf 80' lang='grc' dir='ltr'>δὲ</span> <span class='ocrx_word' id='word_1_278' title='bbox 2628 1220 2707 1274; x_wconf 78' lang='grc' dir='ltr'>ἔτι</span> <span class='ocrx_word' id='word_1_279' title='bbox 2726 1220 2786 1273; x_wconf 78' lang='grc' dir='ltr'>τὸ</span> <span class='ocrx_word' id='word_1_280' title='bbox 2808 1221 2939 1292; x_wconf 83' lang='grc' dir='ltr'>παρ’</span> <span class='ocrx_word' id='word_1_281' title='bbox 2965 1220 3144 1274; x_wconf 85' lang='grc' dir='ltr'>αὐτῶν</span> <span class='ocrx_word' id='word_1_282' title='bbox 3168 1218 3563 1291; x_wconf 84' lang='grc' dir='ltr'>λεγόμενον,ὄτι</span> <span class='ocrx_word' id='word_1_283' title='bbox 3588 1221 3689 1291; x_wconf 77' lang='grc' dir='ltr'>τῆς</span> 
     </span>
    </p>
   </div>
   <div class='ocr_carea' id='block_1_42' title="bbox 2127 1308 3687 1383">
    <p class='ocr_par' dir='ltr' id='par_1_42' title="bbox 2127 1308 3687 1383">
     <span class='ocr_line' id='line_1_42' title="bbox 2127 1308 3687 1383; baseline -0.001 -18"><span class='ocrx_word' id='word_1_284' title='bbox 2127 1310 2525 1383; x_wconf 78' lang='grc' dir='ltr'>Ἀλεξανδρείας</span> <span class='ocrx_word' id='word_1_285' title='bbox 2559 1311 2658 1381; x_wconf 83' lang='grc' dir='ltr'><strong>τὴν</strong></span> <span class='ocrx_word' id='word_1_286' title='bbox 2697 1309 2972 1365; x_wconf 84' lang='grc' dir='ltr'>ἀπώλειαν</span> <span class='ocrx_word' id='word_1_287' title='bbox 3017 1311 3047 1362; x_wconf 90' lang='lat'><strong>6</strong></span> <span class='ocrx_word' id='word_1_288' title='bbox 3075 1311 3360 1381; x_wconf 83' lang='grc' dir='ltr'>προφήτης</span> <span class='ocrx_word' id='word_1_289' title='bbox 3400 1308 3580 1378; x_wconf 82' lang='grc' dir='ltr'>λέγει·</span> <span class='ocrx_word' id='word_1_290' title='bbox 3611 1310 3687 1373; x_wconf 81' lang='grc' dir='ltr'><strong>ὡς</strong></span> 
     </span>
    </p>
   </div>
   <div class='ocr_carea' id='block_1_43' title="bbox 2111 1399 3690 1472">
    <p class='ocr_par' dir='ltr' id='par_1_43' title="bbox 2111 1399 3690 1472">
     <span class='ocr_line' id='line_1_43' title="bbox 2111 1399 3690 1472; baseline -0.003 -14"><span class='ocrx_word' id='word_1_291' title='bbox 2111 1404 2178 1458; x_wconf 80' lang='grc' dir='ltr'><strong>ἂν</strong></span> <span class='ocrx_word' id='word_1_292' title='bbox 2221 1404 2446 1469; x_wconf 81' lang='grc' dir='ltr'>δείξειεν</span> <span class='ocrx_word' id='word_1_293' title='bbox 2493 1404 2575 1456; x_wconf 84' lang='grc' dir='ltr'>ὅτι</span> <span class='ocrx_word' id='word_1_294' title='bbox 2620 1401 2786 1472; x_wconf 84' lang='grc' dir='ltr'>μηδὲν</span> <span class='ocrx_word' id='word_1_295' title='bbox 2823 1400 3173 1471; x_wconf 81' lang='grc' dir='ltr'>θαυμαστὸν,</span> <span class='ocrx_word' id='word_1_296' title='bbox 3207 1402 3256 1453; x_wconf 90' lang='grc' dir='ltr'>εἰ</span> <span class='ocrx_word' id='word_1_297' title='bbox 3298 1399 3395 1453; x_wconf 56' lang='grc' dir='ltr'><strong>καὶ⁸</strong></span> <span class='ocrx_word' id='word_1_298' title='bbox 3427 1400 3558 1471; x_wconf 75' lang='grc' dir='ltr'>περὶ</span> <span class='ocrx_word' id='word_1_299' title='bbox 3591 1402 3690 1472; x_wconf 79' lang='grc' dir='ltr'><strong>τὴν</strong></span> 
     </span>
    </p>
   </div>
   <div class='ocr_carea' id='block_1_44' title="bbox 2112 1491 3690 1566">
    <p class='ocr_par' dir='ltr' id='par_1_44' title="bbox 2112 1491 3690 1566">
     <span class='ocr_line' id='line_1_44' title="bbox 2112 1491 3690 1566; baseline -0.001 -17"><span class='ocrx_word' id='word_1_300' title='bbox 2112 1496 2313 1566; x_wconf 87' lang='grc' dir='ltr'>Νινευή</span> <span class='ocrx_word' id='word_1_301' title='bbox 2357 1513 2409 1549; x_wconf 88' lang='grc' dir='ltr'><strong>τι</strong></span> <span class='ocrx_word' id='word_1_302' title='bbox 2447 1493 2637 1563; x_wconf 86' lang='grc' dir='ltr'>γέγονε</span> <span class='ocrx_word' id='word_1_303' title='bbox 2690 1492 2930 1546; x_wconf 83' lang='grc' dir='ltr'>τοιοῦτο·</span> <span class='ocrx_word' id='word_1_304' title='bbox 2981 1492 3043 1547; x_wconf 91' lang='grc' dir='ltr'><strong>οὐ</strong></span> <span class='ocrx_word' id='word_1_305' title='bbox 3095 1491 3203 1561; x_wconf 85' lang='grc' dir='ltr'>γὰρ</span> <span class='ocrx_word' id='word_1_306' title='bbox 3244 1491 3591 1562; x_wconf 76' lang='grc' dir='ltr'>ψυχαγωγεῖν</span> <span class='ocrx_word' id='word_1_307' title='bbox 3628 1493 3690 1547; x_wconf 77' lang='grc' dir='ltr'>ἐν</span> 
     </span>
    </p>
   </div>
   <div class='ocr_carea' id='block_1_45' title="bbox 2112 1584 3691 1657">
    <p class='ocr_par' dir='ltr' id='par_1_45' title="bbox 2112 1584 3691 1657">
     <span class='ocr_line' id='line_1_45' title="bbox 2112 1584 3691 1657; baseline -0.002 -16"><span class='ocrx_word' id='word_1_308' title='bbox 2112 1591 2225 1652; x_wconf 89' lang='grc' dir='ltr'>τοῖς</span> <span class='ocrx_word' id='word_1_309' title='bbox 2252 1588 2432 1657; x_wconf 86' lang='grc' dir='ltr'>λόγοις</span> <span class='ocrx_word' id='word_1_310' title='bbox 2458 1588 2487 1641; x_wconf 88' lang='lat'><strong>6</strong></span> <span class='ocrx_word' id='word_1_311' title='bbox 2520 1585 2807 1657; x_wconf 80' lang='grc' dir='ltr'>προφήτης</span> <span class='ocrx_word' id='word_1_312' title='bbox 2837 1584 3094 1656; x_wconf 80' lang='grc' dir='ltr'>πειρᾶται</span> <span class='ocrx_word' id='word_1_313' title='bbox 3121 1584 3220 1655; x_wconf 81' lang='grc' dir='ltr'>τὴν</span> <span class='ocrx_word' id='word_1_314' title='bbox 3247 1584 3448 1656; x_wconf 86' lang='grc' dir='ltr'>Νινευή</span> <span class='ocrx_word' id='word_1_315' title='bbox 3472 1600 3486 1616; x_wconf 94' lang='grc'><strong>·</strong></span> <span class='ocrx_word' id='word_1_316' title='bbox 3511 1584 3691 1656; x_wconf 80' lang='grc' dir='ltr'>ψυχα-</span> 
     </span>
    </p>
   </div>
   <div class='ocr_carea' id='block_1_46' title="bbox 2113 1673 3688 1750">
    <p class='ocr_par' dir='ltr' id='par_1_46' title="bbox 2113 1673 3688 1750">
     <span class='ocr_line' id='line_1_46' title="bbox 2113 1673 3688 1750; baseline -0.001 -18"><span class='ocrx_word' id='word_1_317' title='bbox 2113 1677 2323 1749; x_wconf 86' lang='grc' dir='ltr'>γωγίας</span> <span class='ocrx_word' id='word_1_318' title='bbox 2349 1679 2404 1733; x_wconf 80' lang='grc' dir='ltr'>δὲ</span> <span class='ocrx_word' id='word_1_319' title='bbox 2431 1673 2500 1750; x_wconf 81' lang='grc' dir='ltr'>ἦν</span> <span class='ocrx_word' id='word_1_320' title='bbox 2523 1679 2583 1732; x_wconf 81' lang='grc' dir='ltr'>τὸ</span> <span class='ocrx_word' id='word_1_321' title='bbox 2613 1677 2818 1749; x_wconf 80' lang='grc' dir='ltr'>ἑτέρων</span> <span class='ocrx_word' id='word_1_322' title='bbox 2848 1676 3135 1747; x_wconf 78' lang='grc' dir='ltr'>συμφορᾶς</span> <span class='ocrx_word' id='word_1_323' title='bbox 3165 1676 3494 1747; x_wconf 80' lang='grc' dir='ltr'>μεμνῆσθαι,</span> <span class='ocrx_word' id='word_1_324' title='bbox 3523 1675 3600 1740; x_wconf 83' lang='grc' dir='ltr'>ὡς</span> <span class='ocrx_word' id='word_1_325' title='bbox 3621 1675 3688 1730; x_wconf 83' lang='grc' dir='ltr'><strong>ἂν</strong></span> 
     </span>
    </p>
   </div>
   <div class='ocr_carea' id='block_1_47' title="bbox 2116 1767 3688 1841">
    <p class='ocr_par' dir='ltr' id='par_1_47' title="bbox 2116 1767 3688 1841">
     <span class='ocr_line' id='line_1_47' title="bbox 2116 1767 3688 1841; baseline -0.003 -14"><span class='ocrx_word' id='word_1_326' title='bbox 2116 1776 2180 1828; x_wconf 83' lang='grc' dir='ltr'>ὲκ</span> <span class='ocrx_word' id='word_1_327' title='bbox 2203 1771 2403 1841; x_wconf 82' lang='grc' dir='ltr'>ταύτης</span> <span class='ocrx_word' id='word_1_328' title='bbox 2434 1771 2463 1822; x_wconf 90' lang='lat'><strong>6</strong></span> <span class='ocrx_word' id='word_1_329' title='bbox 2503 1769 2788 1833; x_wconf 83' lang='grc' dir='ltr'>πεπονθὼς</span> <span class='ocrx_word' id='word_1_330' title='bbox 2821 1769 3207 1841; x_wconf 85' lang='grc' dir='ltr'>παρακαλοῖτο.</span> <span class='ocrx_word' id='word_1_331' title='bbox 3247 1767 3532 1838; x_wconf 79' lang='grc' dir='ltr'>Εἰώθαμεν</span> <span class='ocrx_word' id='word_1_332' title='bbox 3557 1767 3688 1837; x_wconf 80' lang='grc' dir='ltr'>γοῦν</span> 
     </span>
    </p>
   </div>
   <div class='ocr_carea' id='block_1_48' title="bbox 2115 1859 3688 1934">
    <p class='ocr_par' dir='ltr' id='par_1_48' title="bbox 2115 1859 3688 1934">
     <span class='ocr_line' id='line_1_48' title="bbox 2115 1859 3688 1934; baseline -0.003 -18"><span class='ocrx_word' id='word_1_333' title='bbox 2115 1863 2202 1917; x_wconf 57' lang='grc' dir='ltr'><strong>ἀεὶ⁸</strong></span> <span class='ocrx_word' id='word_1_334' title='bbox 2236 1863 2364 1926; x_wconf 82' lang='grc' dir='ltr'>τοὺς</span> <span class='ocrx_word' id='word_1_335' title='bbox 2394 1862 2724 1926; x_wconf 81' lang='grc' dir='ltr'>πενθοῦντας</span> <span class='ocrx_word' id='word_1_336' title='bbox 2756 1864 2823 1933; x_wconf 84' lang='grc' dir='ltr'>τῇ</span> <span class='ocrx_word' id='word_1_337' title='bbox 2867 1863 3056 1934; x_wconf 85' lang='grc' dir='ltr'>μνήμῃ</span> <span class='ocrx_word' id='word_1_338' title='bbox 3086 1860 3160 1930; x_wconf 88' lang='lat' dir='ltr'><strong>(p.</strong></span> <span class='ocrx_word' id='word_1_339' title='bbox 3195 1859 3321 1929; x_wconf 59' lang='grc'><strong>547)</strong></span> <span class='ocrx_word' id='word_1_340' title='bbox 3354 1859 3688 1926; x_wconf 76' lang='grc' dir='ltr'>παρακαλεῖν</span> 
     </span>
    </p>
   </div>
   <div class='ocr_carea' id='block_1_49' title="bbox 2114 1948 3692 2022">
    <p class='ocr_par' dir='ltr' id='par_1_49' title="bbox 2114 1948 3692 2022">
     <span class='ocr_line' id='line_1_49' title="bbox 2114 1948 3692 2022; baseline -0.002 -17"><span class='ocrx_word' id='word_1_341' title='bbox 2114 1952 2221 2006; x_wconf 83' lang='grc' dir='ltr'>τῶν</span> <span class='ocrx_word' id='word_1_342' title='bbox 2252 1952 2474 2022; x_wconf 86' lang='grc' dir='ltr'>ὁμοίων,</span> <span class='ocrx_word' id='word_1_343' title='bbox 2513 1951 2588 2014; x_wconf 84' lang='grc' dir='ltr'>ὡς</span> <span class='ocrx_word' id='word_1_344' title='bbox 2617 1950 2684 2004; x_wconf 82' lang='grc' dir='ltr'><strong>ἂν</strong></span> <span class='ocrx_word' id='word_1_345' title='bbox 2723 1950 2796 2022; x_wconf 78' lang='grc' dir='ltr'>μὴ</span> <span class='ocrx_word' id='word_1_346' title='bbox 2832 1950 2971 2018; x_wconf 80' lang='grc' dir='ltr'>ἄγαν</span> <span class='ocrx_word' id='word_1_347' title='bbox 3005 1948 3281 2020; x_wconf 86' lang='grc' dir='ltr'>ἀθυμοίεν,</span> <span class='ocrx_word' id='word_1_348' title='bbox 3318 1948 3503 2001; x_wconf 82' lang='grc' dir='ltr'>καινόν</span> <span class='ocrx_word' id='word_1_349' title='bbox 3536 1966 3588 2002; x_wconf 87' lang='grc' dir='ltr'><strong>τι</strong></span> <span class='ocrx_word' id='word_1_350' title='bbox 3619 1948 3692 2002; x_wconf 77' lang='grc' dir='ltr'><strong>τὰ</strong></span> 
     </span>
    </p>
   </div>
   <div class='ocr_carea' id='block_1_50' title="bbox 2116 2034 3691 2112">
    <p class='ocr_par' dir='ltr' id='par_1_50' title="bbox 2116 2034 3691 2112">
     <span class='ocr_line' id='line_1_50' title="bbox 2116 2034 3691 2112; baseline -0.004 -14"><span class='ocrx_word' id='word_1_351' title='bbox 2116 2046 2237 2099; x_wconf 88' lang='grc' dir='ltr'>κατ’</span> <span class='ocrx_word' id='word_1_352' title='bbox 2282 2043 2481 2107; x_wconf 76' lang='grc' dir='ltr'>αὐτοὺς</span> <span class='ocrx_word' id='word_1_353' title='bbox 2521 2042 2836 2112; x_wconf 78' lang='grc' dir='ltr'>νομίζοντες</span> <span class='ocrx_word' id='word_1_354' title='bbox 2874 2037 3035 2095; x_wconf 77' lang='grc' dir='ltr'>εἶναι.</span> <span class='ocrx_word' id='word_1_355' title='bbox 3084 2040 3408 2094; x_wconf 88' lang='grc' dir='ltr'>Τούναντίον</span> <span class='ocrx_word' id='word_1_356' title='bbox 3450 2038 3550 2109; x_wconf 78' lang='grc' dir='ltr'>μὲν</span> <span class='ocrx_word' id='word_1_357' title='bbox 3595 2034 3691 2093; x_wconf 77' lang='grc' dir='ltr'><strong>οὖν</strong></span> 
     </span>
    </p>
   </div>
   <div class='ocr_carea' id='block_1_51' title="bbox 2116 2128 3692 2203">
    <p class='ocr_par' dir='ltr' id='par_1_51' title="bbox 2116 2128 3692 2203">
     <span class='ocr_line' id='line_1_51' title="bbox 2116 2128 3692 2203; baseline -0.004 -16"><span class='ocrx_word' id='word_1_358' title='bbox 2116 2134 2204 2189; x_wconf 88' lang='grc' dir='ltr'><strong>διὰ</strong></span> <span class='ocrx_word' id='word_1_359' title='bbox 2234 2133 2452 2187; x_wconf 84' lang='grc' dir='ltr'>πάντων</span> <span class='ocrx_word' id='word_1_360' title='bbox 2480 2132 2638 2203; x_wconf 83' lang='grc' dir='ltr'>δῆλός</span> <span class='ocrx_word' id='word_1_361' title='bbox 2680 2134 2828 2184; x_wconf 74' lang='grc' dir='ltr'>ἐστιν</span> <span class='ocrx_word' id='word_1_362' title='bbox 2856 2133 2886 2185; x_wconf 92' lang='lat'><strong>6</strong></span> <span class='ocrx_word' id='word_1_363' title='bbox 2928 2131 3213 2201; x_wconf 80' lang='grc' dir='ltr'>προφήτης</span> <span class='ocrx_word' id='word_1_364' title='bbox 3252 2131 3321 2201; x_wconf 79' lang='grc' dir='ltr'>τῇ</span> <span class='ocrx_word' id='word_1_365' title='bbox 3360 2128 3552 2201; x_wconf 88' lang='grc' dir='ltr'>μηνύει</span> <span class='ocrx_word' id='word_1_366' title='bbox 3580 2128 3692 2182; x_wconf 82' lang='grc' dir='ltr'><strong>τῶν</strong></span> 
     </span>
    </p>
   </div>
   <div class='ocr_carea' id='block_1_52' title="bbox 2117 2218 3691 2295">
    <p class='ocr_par' dir='ltr' id='par_1_52' title="bbox 2117 2218 3691 2295">
     <span class='ocr_line' id='line_1_52' title="bbox 2117 2218 3691 2295; baseline -0.004 -18"><span class='ocrx_word' id='word_1_367' title='bbox 2117 2224 2533 2295; x_wconf 83' lang='grc' dir='ltr'>προσεσομένων</span> <span class='ocrx_word' id='word_1_368' title='bbox 2557 2223 2624 2292; x_wconf 87' lang='grc' dir='ltr'>τῇ</span> <span class='ocrx_word' id='word_1_369' title='bbox 2659 2220 2860 2292; x_wconf 81' lang='grc' dir='ltr'>Νινευὴ</span> <span class='ocrx_word' id='word_1_370' title='bbox 2888 2220 3095 2283; x_wconf 84' lang='grc' dir='ltr'>κακῶν,</span> <span class='ocrx_word' id='word_1_371' title='bbox 3130 2220 3229 2290; x_wconf 76' lang='grc' dir='ltr'><strong>τὴν</strong></span> <span class='ocrx_word' id='word_1_372' title='bbox 3257 2218 3493 2272; x_wconf 76' lang='grc' dir='ltr'>παλαιὰν</span> <span class='ocrx_word' id='word_1_373' title='bbox 3520 2218 3691 2290; x_wconf 78' lang='grc' dir='ltr'>αὐτῆς</span> 
     </span>
    </p>
   </div>
   <div class='ocr_carea' id='block_1_53' title="bbox 2121 2311 3693 2390">
    <p class='ocr_par' dir='ltr' id='par_1_53' title="bbox 2121 2311 3693 2390">
     <span class='ocr_line' id='line_1_53' title="bbox 2121 2311 3693 2390; baseline -0.007 -14"><span class='ocrx_word' id='word_1_374' title='bbox 2121 2322 2408 2377; x_wconf 78' lang='grc' dir='ltr'>συνάπτων</span> <span class='ocrx_word' id='word_1_375' title='bbox 2447 2319 2786 2390; x_wconf 79' lang='grc' dir='ltr'>εὐπραγίαν,</span> <span class='ocrx_word' id='word_1_376' title='bbox 2826 2318 2920 2388; x_wconf 84' lang='grc' dir='ltr'><strong>ἀφ’</strong></span> <span class='ocrx_word' id='word_1_377' title='bbox 2964 2311 3033 2387; x_wconf 80' lang='grc' dir='ltr'>ἦς</span> <span class='ocrx_word' id='word_1_378' title='bbox 3066 2318 3129 2389; x_wconf 78' lang='grc' dir='ltr'><strong>δή</strong></span> <span class='ocrx_word' id='word_1_379' title='bbox 3176 2315 3411 2384; x_wconf 79' lang='grc' dir='ltr'>μάλιστα</span> <span class='ocrx_word' id='word_1_380' title='bbox 3455 2312 3515 2366; x_wconf 79' lang='grc' dir='ltr'><strong>τὸ</strong></span> <span class='ocrx_word' id='word_1_381' title='bbox 3555 2329 3693 2382; x_wconf 84' lang='grc' dir='ltr'>συμ-</span> 
     </span>
    </p>
   </div>
   <div class='ocr_carea' id='block_1_54' title="bbox 2118 2403 3690 2483">
    <p class='ocr_par' dir='ltr' id='par_1_54' title="bbox 2118 2403 3690 2483">
     <span class='ocr_line' id='line_1_54' title="bbox 2118 2403 3690 2483; baseline -0.007 -16"><span class='ocrx_word' id='word_1_382' title='bbox 2118 2414 2303 2468; x_wconf 86' lang='grc' dir='ltr'>ϐαῖνον</span> <span class='ocrx_word' id='word_1_383' title='bbox 2343 2412 2479 2483; x_wconf 80' lang='grc' dir='ltr'>αὐτῇ</span> <span class='ocrx_word' id='word_1_384' title='bbox 2518 2412 2686 2465; x_wconf 82' lang='grc' dir='ltr'>κακὸν</span> <span class='ocrx_word' id='word_1_385' title='bbox 2710 2408 3040 2477; x_wconf 73' lang='grc' dir='ltr'>αὐξάνεσθαι</span> <span class='ocrx_word' id='word_1_386' title='bbox 3082 2406 3337 2479; x_wconf 78' lang='grc' dir='ltr'>ήμελλεν.</span> <span class='ocrx_word' id='word_1_387' title='bbox 3380 2403 3541 2458; x_wconf 77' lang='grc' dir='ltr'>Ἀλλὰ</span> <span class='ocrx_word' id='word_1_388' title='bbox 3581 2403 3690 2475; x_wconf 79' lang='grc' dir='ltr'>γὰρ</span> 
     </span>
    </p>
   </div>
   <div class='ocr_carea' id='block_1_55' title="bbox 2119 2494 3693 2575">
    <p class='ocr_par' dir='ltr' id='par_1_55' title="bbox 2119 2494 3693 2575">
     <span class='ocr_line' id='line_1_55' title="bbox 2119 2494 3693 2575; baseline -0.009 -14"><span class='ocrx_word' id='word_1_389' title='bbox 2119 2505 2292 2562; x_wconf 81' lang='grc' dir='ltr'>ταῦτα</span> <span class='ocrx_word' id='word_1_390' title='bbox 2332 2505 2429 2575; x_wconf 79' lang='grc' dir='ltr'>μὲν</span> <span class='ocrx_word' id='word_1_391' title='bbox 2478 2504 2543 2556; x_wconf 70' lang='grc' dir='ltr'>ἐκ</span> <span class='ocrx_word' id='word_1_392' title='bbox 2580 2500 2901 2574; x_wconf 79' lang='grc' dir='ltr'>περιουσίας</span> <span class='ocrx_word' id='word_1_393' title='bbox 2952 2498 3191 2571; x_wconf 70' lang='grc' dir='ltr'>εἰρήσθω</span> <span class='ocrx_word' id='word_1_394' title='bbox 3215 2514 3229 2530; x_wconf 92' lang='grc'><strong>·</strong></span> <span class='ocrx_word' id='word_1_395' title='bbox 3261 2498 3289 2550; x_wconf 84' lang='grc' dir='ltr'>ὁ</span> <span class='ocrx_word' id='word_1_396' title='bbox 3330 2496 3387 2550; x_wconf 81' lang='grc' dir='ltr'>δὲ</span> <span class='ocrx_word' id='word_1_397' title='bbox 3422 2495 3547 2558; x_wconf 82' lang='grc' dir='ltr'>νοῦς</span> <span class='ocrx_word' id='word_1_398' title='bbox 3581 2494 3693 2547; x_wconf 86' lang='grc' dir='ltr'>τῶν</span> 
     </span>
    </p>
   </div>
   <div class='ocr_carea' id='block_1_56' title="bbox 2122 2584 3691 2668">
    <p class='ocr_par' dir='ltr' id='par_1_56' title="bbox 2122 2584 3691 2668">
     <span class='ocr_line' id='line_1_56' title="bbox 2122 2584 3691 2668; baseline -0.008 -20"><span class='ocrx_word' id='word_1_399' title='bbox 2122 2595 2301 2668; x_wconf 73' lang='grc' dir='ltr'>ῥητῶν</span> <span class='ocrx_word' id='word_1_400' title='bbox 2330 2588 2486 2652; x_wconf 66' lang='grc' dir='ltr'>οὗτός</span> <span class='ocrx_word' id='word_1_401' title='bbox 2517 2593 2693 2645; x_wconf 79' lang='grc' dir='ltr'>ἐστιν·</span> <span class='ocrx_word' id='word_1_402' title='bbox 2728 2588 3085 2658; x_wconf 84' lang='grc' dir='ltr'>Εἰσελήλυθεν</span> <span class='ocrx_word' id='word_1_403' title='bbox 3118 2589 3245 2658; x_wconf 79' lang='grc' dir='ltr'>ἄχρι</span> <span class='ocrx_word' id='word_1_404' title='bbox 3273 2586 3374 2657; x_wconf 84' lang='grc' dir='ltr'><strong>τῆς</strong></span> <span class='ocrx_word' id='word_1_405' title='bbox 3412 2584 3691 2653; x_wconf 79' lang='grc' dir='ltr'>Αίγύπτου</span> 
     </span>
    </p>
   </div>
   <div class='ocr_carea' id='block_1_57' title="bbox 2119 2675 3690 2755">
    <p class='ocr_par' dir='ltr' id='par_1_57' title="bbox 2119 2675 3690 2755">
     <span class='ocr_line' id='line_1_57' title="bbox 2119 2675 3690 2755; baseline -0.008 -15"><span class='ocrx_word' id='word_1_406' title='bbox 2119 2690 2149 2741; x_wconf 89' lang='lat'><strong>6</strong></span> <span class='ocrx_word' id='word_1_407' title='bbox 2183 2684 2488 2755; x_wconf 80' lang='grc' dir='ltr'>Ἀσσύριος.</span> <span class='ocrx_word' id='word_1_408' title='bbox 2517 2681 2744 2735; x_wconf 87' lang='grc' dir='ltr'>πλεῖστα</span> <span class='ocrx_word' id='word_1_409' title='bbox 2769 2681 3008 2743; x_wconf 74' lang='grc' dir='ltr'>καὶτοὺς</span> <span class='ocrx_word' id='word_1_410' title='bbox 3032 2677 3219 2732; x_wconf 78' lang='grc' dir='ltr'>αὐτόθι</span> <span class='ocrx_word' id='word_1_411' title='bbox 3244 2675 3498 2739; x_wconf 70' lang='grc' dir='ltr'>διατιθεὶς</span> <span class='ocrx_word' id='word_1_412' title='bbox 3522 2675 3690 2737; x_wconf 78' lang='grc' dir='ltr'>κακὰ,</span> 
     </span>
    </p>
   </div>
   <div class='ocr_carea' id='block_1_58' title="bbox 2121 2767 3693 2842">
    <p class='ocr_par' dir='ltr' id='par_1_58' title="bbox 2121 2767 3693 2842">
     <span class='ocr_line' id='line_1_58' title="bbox 2121 2767 3693 2842; baseline -0.008 -10"><span class='ocrx_word' id='word_1_413' title='bbox 2121 2777 2264 2832; x_wconf 84' lang='grc' dir='ltr'>ὥστε</span> <span class='ocrx_word' id='word_1_414' title='bbox 2303 2777 2398 2831; x_wconf 69' lang='grc' dir='ltr'>καὶ</span> <span class='ocrx_word' id='word_1_415' title='bbox 2439 2776 2566 2839; x_wconf 71' lang='grc' dir='ltr'>τοὺς</span> <span class='ocrx_word' id='word_1_416' title='bbox 2609 2772 3017 2842; x_wconf 79' lang='grc' dir='ltr'>ἐκπεφευγότας</span> <span class='ocrx_word' id='word_1_417' title='bbox 3051 2770 3159 2824; x_wconf 81' lang='grc' dir='ltr'><strong>τῶν</strong></span> <span class='ocrx_word' id='word_1_418' title='bbox 3208 2768 3556 2840; x_wconf 81' lang='grc' dir='ltr'>Ἰσραηλιτῶν</span> <span class='ocrx_word' id='word_1_419' title='bbox 3598 2767 3693 2820; x_wconf 69' lang='grc' dir='ltr'><strong>καὶ</strong></span> 
     </span>
    </p>
   </div>
   <div class='ocr_carea' id='block_1_59' title="bbox 2121 2859 3691 2934">
    <p class='ocr_par' dir='ltr' id='par_1_59' title="bbox 2121 2859 3691 2934">
     <span class='ocr_line' id='line_1_59' title="bbox 2121 2859 3691 2934; baseline -0.007 -13"><span class='ocrx_word' id='word_1_420' title='bbox 2121 2867 2309 2922; x_wconf 80' lang='grc' dir='ltr'>αὐτόθι</span> <span class='ocrx_word' id='word_1_421' title='bbox 2351 2865 2635 2934; x_wconf 82' lang='grc' dir='ltr'>διάγοντας</span> <span class='ocrx_word' id='word_1_422' title='bbox 2670 2862 2950 2933; x_wconf 85' lang='grc' dir='ltr'>μεγίσταις</span> <span class='ocrx_word' id='word_1_423' title='bbox 2985 2859 3300 2932; x_wconf 85' lang='grc' dir='ltr'>περιϐαλεῖν</span> <span class='ocrx_word' id='word_1_424' title='bbox 3348 2859 3654 2929; x_wconf 74' lang='grc' dir='ltr'>συμφοραῖς</span> <span class='ocrx_word' id='word_1_425' title='bbox 3675 2895 3691 2922; x_wconf 85' lang='grc'><strong>,</strong></span> 
     </span>
    </p>
   </div>
   <div class='ocr_carea' id='block_1_60' title="bbox 2120 2948 3694 3029">
    <p class='ocr_par' dir='ltr' id='par_1_60' title="bbox 2120 2948 3694 3029">
     <span class='ocr_line' id='line_1_60' title="bbox 2120 2948 3694 3029; baseline -0.007 -17"><span class='ocrx_word' id='word_1_426' title='bbox 2120 2959 2195 3022; x_wconf 83' lang='grc' dir='ltr'><strong>ὡς</strong></span> <span class='ocrx_word' id='word_1_427' title='bbox 2231 2959 2261 3011; x_wconf 92' lang='lat'><strong>6</strong></span> <span class='ocrx_word' id='word_1_428' title='bbox 2290 2957 2573 3029; x_wconf 82' lang='grc' dir='ltr'>προφήτης</span> <span class='ocrx_word' id='word_1_429' title='bbox 2609 2954 2879 3009; x_wconf 83' lang='grc' dir='ltr'>δείκνυσιν</span> <span class='ocrx_word' id='word_1_430' title='bbox 2936 2952 3126 3023; x_wconf 73' lang='grc' dir='ltr'>Ὠσηὲ·</span> <span class='ocrx_word' id='word_1_431' title='bbox 3163 2971 3183 3002; x_wconf 74' lang='grc' dir='ltr'><strong>ι</strong></span> <span class='ocrx_word' id='word_1_432' title='bbox 3235 2950 3334 3004; x_wconf 82' lang='grc' dir='ltr'><strong>Διὰ</strong></span> <span class='ocrx_word' id='word_1_433' title='bbox 3376 2949 3534 3003; x_wconf 85' lang='grc' dir='ltr'>τοῦτο</span> <span class='ocrx_word' id='word_1_434' title='bbox 3585 2948 3694 3001; x_wconf 68' lang='grc' dir='ltr'>ἰδοὺ</span> 
     </span>
    </p>
   </div>
   <div class='ocr_carea' id='block_1_61' title="bbox 2123 3039 3694 3124">
    <p class='ocr_par' dir='ltr' id='par_1_61' title="bbox 2123 3039 3694 3124">
     <span class='ocr_line' id='line_1_61' title="bbox 2123 3039 3694 3124; baseline -0.009 -19"><span class='ocrx_word' id='word_1_435' title='bbox 2123 3049 2481 3124; x_wconf 87' lang='grc' dir='ltr'>πορεύσονται</span> <span class='ocrx_word' id='word_1_436' title='bbox 2512 3050 2577 3102; x_wconf 82' lang='grc' dir='ltr'>ὲκ</span> <span class='ocrx_word' id='word_1_437' title='bbox 2605 3045 2982 3116; x_wconf 87' lang='grc' dir='ltr'>ταλαιπωρίας</span> <span class='ocrx_word' id='word_1_438' title='bbox 3015 3042 3317 3112; x_wconf 75' lang='grc' dir='ltr'>Αἰγύπτου,</span> <span class='ocrx_word' id='word_1_439' title='bbox 3350 3040 3449 3094; x_wconf 79' lang='grc' dir='ltr'>καὶ</span> <span class='ocrx_word' id='word_1_440' title='bbox 3480 3039 3694 3106; x_wconf 79' lang='grc' dir='ltr'>ἐκδέξε-</span> 
     </span>
    </p>
   </div>
   <div class='ocr_carea' id='block_1_62' title="bbox 441 3125 2015 3219">
    <p class='ocr_par' dir='ltr' id='par_1_62' title="bbox 441 3131 2015 3207">
     <span class='ocr_line' id='line_1_62' title="bbox 441 3131 2015 3207; baseline 0.004 -20"><span class='ocrx_word' id='word_1_441' title='bbox 441 3133 650 3196; x_wconf 87' lang='lat' dir='ltr'><strong>citavit,</strong></span> <span class='ocrx_word' id='word_1_442' title='bbox 700 3132 768 3186; x_wconf 89' lang='lat' dir='ltr'><strong>ad</strong></span> <span class='ocrx_word' id='word_1_443' title='bbox 821 3131 974 3187; x_wconf 73' lang='lat' dir='ltr'><strong>JudaB</strong></span> <span class='ocrx_word' id='word_1_444' title='bbox 1011 3132 1212 3187; x_wconf 86' lang='lat' dir='ltr'><strong>tribum</strong></span> <span class='ocrx_word' id='word_1_445' title='bbox 1256 3133 1424 3188; x_wconf 83' lang='lat' dir='ltr'><strong>verba</strong></span> <span class='ocrx_word' id='word_1_446' title='bbox 1477 3136 1770 3201; x_wconf 88' lang='lat' dir='ltr'><strong>convertit,</strong></span> <span class='ocrx_word' id='word_1_447' title='bbox 1820 3136 2015 3207; x_wconf 82' lang='lat' dir='ltr'><strong>jubens</strong></span> 
     </span>
    </p>
   </div>
   <div class='ocr_carea' id='block_1_63' title="bbox 2116 3125 3692 3219">
    <p class='ocr_par' dir='ltr' id='par_1_63' title="bbox 2123 3125 3692 3213">
     <span class='ocr_line' id='line_1_63' title="bbox 2123 3125 3692 3213; baseline -0.008 -14"><span class='ocrx_word' id='word_1_448' title='bbox 2123 3160 2212 3199; x_wconf 86' lang='grc' dir='ltr'><strong>ται</strong></span> <span class='ocrx_word' id='word_1_449' title='bbox 2233 3143 2429 3205; x_wconf 78' lang='grc' dir='ltr'>αὐτοὺς</span> <span class='ocrx_word' id='word_1_450' title='bbox 2461 3141 2703 3213; x_wconf 83' lang='grc' dir='ltr'>Μέμφις,</span> <span class='ocrx_word' id='word_1_451' title='bbox 2725 3141 2821 3192; x_wconf 79' lang='grc' dir='ltr'>καὶ</span> <span class='ocrx_word' id='word_1_452' title='bbox 2846 3137 3006 3205; x_wconf 80' lang='grc' dir='ltr'>θάψει</span> <span class='ocrx_word' id='word_1_453' title='bbox 3033 3134 3232 3198; x_wconf 72' lang='grc' dir='ltr'>αὐτοὺς</span> <span class='ocrx_word' id='word_1_454' title='bbox 3257 3131 3515 3203; x_wconf 80' lang='grc' dir='ltr'>Μαχμάς·</span> <span class='ocrx_word' id='word_1_455' title='bbox 3555 3146 3572 3173; x_wconf 74' lang='grc' dir='ltr'><strong>ι</strong></span> <span class='ocrx_word' id='word_1_456' title='bbox 3593 3125 3692 3195; x_wconf 63' lang='grc' dir='ltr'><strong>(ἧ-</strong></span> 
     </span>
    </p>
   </div>
   <div class='ocr_carea' id='block_1_64' title="bbox 441 3224 2025 3299">
    <p class='ocr_par' dir='ltr' id='par_1_64' title="bbox 441 3224 2025 3299">
     <span class='ocr_line' id='line_1_64' title="bbox 441 3224 2025 3299; baseline 0.003 -19"><span class='ocrx_word' id='word_1_457' title='bbox 441 3241 564 3280; x_wconf 83' lang='lat' dir='ltr'><strong>cam</strong></span> <span class='ocrx_word' id='word_1_458' title='bbox 592 3224 793 3281; x_wconf 87' lang='lat' dir='ltr'><strong>festum</strong></span> <span class='ocrx_word' id='word_1_459' title='bbox 822 3240 1002 3296; x_wconf 83' lang='lat' dir='ltr'><strong>agere.</strong></span> <span class='ocrx_word' id='word_1_460' title='bbox 1033 3232 1087 3279; x_wconf 88' lang='lat' dir='ltr'><strong>et</strong></span> <span class='ocrx_word' id='word_1_461' title='bbox 1119 3240 1252 3295; x_wconf 85' lang='lat' dir='ltr'><strong>pace</strong></span> <span class='ocrx_word' id='word_1_462' title='bbox 1281 3226 1336 3279; x_wconf 89' lang='lat' dir='ltr'><strong>in</strong></span> <span class='ocrx_word' id='word_1_463' title='bbox 1369 3235 1648 3295; x_wconf 82' lang='lat' dir='ltr'><strong>posterum</strong></span> <span class='ocrx_word' id='word_1_464' title='bbox 1681 3225 1811 3294; x_wconf 82' lang='lat' dir='ltr'><strong>frui,</strong></span> <span class='ocrx_word' id='word_1_465' title='bbox 1847 3243 2025 3299; x_wconf 87' lang='lat' dir='ltr'><strong>quan-</strong></span> 
     </span>
    </p>
   </div>
   <div class='ocr_carea' id='block_1_65' title="bbox 442 3317 2025 3391">
    <p class='ocr_par' dir='ltr' id='par_1_65' title="bbox 442 3317 2025 3391">
     <span class='ocr_line' id='line_1_65' title="bbox 442 3317 2025 3391; baseline 0.004 -23"><span class='ocrx_word' id='word_1_466' title='bbox 442 3317 736 3387; x_wconf 74' lang='lat' dir='ltr'><strong>cloquidem</strong></span> <span class='ocrx_word' id='word_1_467' title='bbox 767 3317 1076 3387; x_wconf 80' lang='lat' dir='ltr'><strong>aggressuri</strong></span> <span class='ocrx_word' id='word_1_468' title='bbox 1107 3317 1230 3387; x_wconf 88' lang='lat' dir='ltr'><strong>ejus</strong></span> <span class='ocrx_word' id='word_1_469' title='bbox 1282 3318 1557 3389; x_wconf 78' lang='lat' dir='ltr'><strong>exstingui</strong></span> <span class='ocrx_word' id='word_1_470' title='bbox 1586 3320 1918 3391; x_wconf 87' lang='lat' dir='ltr'><strong>contigerat;</strong></span> <span class='ocrx_word' id='word_1_471' title='bbox 1950 3320 2025 3375; x_wconf 88' lang='lat' dir='ltr'><strong>ita</strong></span> 
     </span>
    </p>
   </div>
   <div class='ocr_carea' id='block_1_66' title="bbox 440 3408 2025 3481">
    <p class='ocr_par' dir='ltr' id='par_1_66' title="bbox 440 3408 2025 3481">
     <span class='ocr_line' id='line_1_66' title="bbox 440 3408 2025 3481; baseline 0.003 -20"><span class='ocrx_word' id='word_1_472' title='bbox 440 3414 500 3462; x_wconf 84' lang='lat' dir='ltr'><strong>et</strong></span> <span class='ocrx_word' id='word_1_473' title='bbox 560 3422 710 3461; x_wconf 89' lang='lat' dir='ltr'><strong>nunc</strong></span> <span class='ocrx_word' id='word_1_474' title='bbox 771 3408 839 3463; x_wconf 90' lang='lat' dir='ltr'><strong>ad</strong></span> <span class='ocrx_word' id='word_1_475' title='bbox 905 3408 1227 3463; x_wconf 84' lang='lat' dir='ltr'><strong>Ammonem</strong></span> <span class='ocrx_word' id='word_1_476' title='bbox 1272 3408 1493 3480; x_wconf 66' lang='lat' dir='ltr'><strong>Egypti</strong></span> <span class='ocrx_word' id='word_1_477' title='bbox 1558 3410 1748 3465; x_wconf 89' lang='lat' dir='ltr'><strong>urbem</strong></span> <span class='ocrx_word' id='word_1_478' title='bbox 1808 3410 2025 3481; x_wconf 90' lang='lat' dir='ltr'><strong>loquela</strong></span> 
     </span>
    </p>
   </div>
   <div class='ocr_carea' id='block_1_67' title="bbox 440 3497 2027 3573">
    <p class='ocr_par' dir='ltr' id='par_1_67' title="bbox 440 3497 2027 3573">
     <span class='ocr_line' id='line_1_67' title="bbox 440 3497 2027 3573; baseline 0.004 -22"><span class='ocrx_word' id='word_1_479' title='bbox 440 3513 709 3553; x_wconf 81' lang='lat' dir='ltr'><strong>conversa</strong></span> <span class='ocrx_word' id='word_1_480' title='bbox 745 3499 824 3553; x_wconf 88' lang='lat' dir='ltr'><strong>ait</strong></span> <span class='ocrx_word' id='word_1_481' title='bbox 856 3513 872 3552; x_wconf 90' lang='lat'><strong>:</strong></span> <span class='ocrx_word' id='word_1_482' title='bbox 916 3497 1080 3554; x_wconf 88' lang='lat' dir='ltr'><strong>Sume</strong></span> <span class='ocrx_word' id='word_1_483' title='bbox 1103 3499 1395 3568; x_wconf 87' lang='lat' dir='ltr'><strong>citharam,</strong></span> <span class='ocrx_word' id='word_1_484' title='bbox 1418 3500 1701 3572; x_wconf 86' lang='lat' dir='ltr'><strong>multoque</strong></span> <span class='ocrx_word' id='word_1_485' title='bbox 1732 3517 1855 3557; x_wconf 90' lang='lat' dir='ltr'><strong>cum</strong></span> <span class='ocrx_word' id='word_1_486' title='bbox 1891 3517 2027 3573; x_wconf 87' lang='lat' dir='ltr'><strong>gau-</strong></span> 
     </span>
    </p>
   </div>
   <div class='ocr_carea' id='block_1_68' title="bbox 440 3590 2022 3665">
    <p class='ocr_par' dir='ltr' id='par_1_68' title="bbox 440 3590 2022 3665">
     <span class='ocr_line' id='line_1_68' title="bbox 440 3590 2022 3665; baseline 0.003 -22"><span class='ocrx_word' id='word_1_487' title='bbox 440 3590 534 3645; x_wconf 88' lang='lat' dir='ltr'><strong>dio</strong></span> <span class='ocrx_word' id='word_1_488' title='bbox 569 3605 696 3659; x_wconf 86' lang='lat' dir='ltr'><strong>para</strong></span> <span class='ocrx_word' id='word_1_489' title='bbox 731 3598 785 3645; x_wconf 93' lang='lat' dir='ltr'><strong>te</strong></span> <span class='ocrx_word' id='word_1_490' title='bbox 828 3592 894 3646; x_wconf 90' lang='lat' dir='ltr'><strong>ad</strong></span> <span class='ocrx_word' id='word_1_491' title='bbox 942 3590 1248 3647; x_wconf 86' lang='lat' dir='ltr'><strong>canendum</strong></span> <span class='ocrx_word' id='word_1_492' title='bbox 1302 3592 1502 3649; x_wconf 82' lang='lat' dir='ltr'><strong>fidibus</strong></span> <span class='ocrx_word' id='word_1_493' title='bbox 1547 3594 1758 3665; x_wconf 82' lang='lat' dir='ltr'><strong>Assyrii</strong></span> <span class='ocrx_word' id='word_1_494' title='bbox 1794 3594 2022 3650; x_wconf 78' lang='lat' dir='ltr'><strong>exitium</strong></span> 
     </span>
    </p>
   </div>
   <div class='ocr_carea' id='block_1_69' title="bbox 442 3684 2021 3756">
    <p class='ocr_par' dir='ltr' id='par_1_69' title="bbox 442 3684 2021 3756">
     <span class='ocr_line' id='line_1_69' title="bbox 442 3684 2021 3756; baseline 0.005 -22"><span class='ocrx_word' id='word_1_495' title='bbox 442 3693 704 3751; x_wconf 87' lang='lat' dir='ltr'><strong>tuamque</strong></span> <span class='ocrx_word' id='word_1_496' title='bbox 749 3697 981 3753; x_wconf 86' lang='lat' dir='ltr'><strong>pacem;</strong></span> <span class='ocrx_word' id='word_1_497' title='bbox 1036 3691 1092 3739; x_wconf 87' lang='lat' dir='ltr'><strong>tu</strong></span> <span class='ocrx_word' id='word_1_498' title='bbox 1141 3699 1260 3754; x_wconf 62' lang='lat' dir='ltr'><strong>quae</strong></span> <span class='ocrx_word' id='word_1_499' title='bbox 1304 3684 1463 3752; x_wconf 81' lang='lat' dir='ltr'><strong>aquis</strong></span> <span class='ocrx_word' id='word_1_500' title='bbox 1520 3686 1768 3756; x_wconf 89' lang='lat' dir='ltr'><strong>undique</strong></span> <span class='ocrx_word' id='word_1_501' title='bbox 1812 3688 2021 3751; x_wconf 87' lang='lat' dir='ltr'><strong>cincta,</strong></span> 
     </span>
    </p>
   </div>
   <div class='ocr_carea' id='block_1_70' title="bbox 442 3774 2025 3846">
    <p class='ocr_par' dir='ltr' id='par_1_70' title="bbox 442 3774 2025 3846">
     <span class='ocr_line' id='line_1_70' title="bbox 442 3774 2025 3846; baseline 0.004 -18"><span class='ocrx_word' id='word_1_502' title='bbox 442 3775 577 3829; x_wconf 88' lang='lat' dir='ltr'><strong>mari</strong></span> <span class='ocrx_word' id='word_1_503' title='bbox 612 3774 901 3845; x_wconf 82' lang='lat' dir='ltr'><strong>ﬂuviisque</strong></span> <span class='ocrx_word' id='word_1_504' title='bbox 932 3776 1155 3839; x_wconf 87' lang='lat' dir='ltr'><strong>vallata,</strong></span> <span class='ocrx_word' id='word_1_505' title='bbox 1202 3776 1343 3831; x_wconf 83' lang='lat' dir='ltr'><strong>nihil</strong></span> <span class='ocrx_word' id='word_1_506' title='bbox 1386 3775 1513 3830; x_wconf 87' lang='lat' dir='ltr'><strong>inde</strong></span> <span class='ocrx_word' id='word_1_507' title='bbox 1546 3786 1792 3846; x_wconf 89' lang='lat' dir='ltr'><strong>protecta</strong></span> <span class='ocrx_word' id='word_1_508' title='bbox 1838 3778 2025 3835; x_wconf 88' lang='lat' dir='ltr'><strong>fueras</strong></span> 
     </span>
    </p>
   </div>
   <div class='ocr_carea' id='block_1_71' title="bbox 442 3866 2025 3938">
    <p class='ocr_par' dir='ltr' id='par_1_71' title="bbox 442 3866 2025 3938">
     <span class='ocr_line' id='line_1_71' title="bbox 442 3866 2025 3938; baseline 0.004 -18"><span class='ocrx_word' id='word_1_509' title='bbox 442 3868 509 3920; x_wconf 91' lang='lat' dir='ltr'><strong>ab</strong></span> <span class='ocrx_word' id='word_1_510' title='bbox 535 3866 749 3938; x_wconf 82' lang='lat' dir='ltr'><strong>Assyrii</strong></span> <span class='ocrx_word' id='word_1_511' title='bbox 796 3869 1115 3924; x_wconf 90' lang='lat' dir='ltr'><strong>incursione</strong></span> <span class='ocrx_word' id='word_1_512' title='bbox 1135 3884 1341 3936; x_wconf 72' lang='lat' dir='ltr'><strong>,\nunc</strong></span> <span class='ocrx_word' id='word_1_513' title='bbox 1369 3870 1589 3925; x_wconf 85' lang='lat' dir='ltr'><strong>demum</strong></span> <span class='ocrx_word' id='word_1_514' title='bbox 1621 3871 1881 3927; x_wconf 86' lang='lat' dir='ltr'><strong>universa</strong></span> <span class='ocrx_word' id='word_1_515' title='bbox 1923 3871 2025 3927; x_wconf 87' lang='lat' dir='ltr'><strong>tibi</strong></span> 
     </span>
    </p>
   </div>
   <div class='ocr_carea' id='block_1_72' title="bbox 443 3958 2021 4030">
    <p class='ocr_par' dir='ltr' id='par_1_72' title="bbox 443 3958 2021 4030">
     <span class='ocr_line' id='line_1_72' title="bbox 443 3958 2021 4030; baseline 0.006 -19"><span class='ocrx_word' id='word_1_516' title='bbox 443 3958 695 4013; x_wconf 86' lang='lat' dir='ltr'><strong>maleficii</strong></span> <span class='ocrx_word' id='word_1_517' title='bbox 719 3959 787 4014; x_wconf 90' lang='lat' dir='ltr'><strong>ab</strong></span> <span class='ocrx_word' id='word_1_518' title='bbox 813 3975 881 4014; x_wconf 89' lang='lat' dir='ltr'><strong>eo</strong></span> <span class='ocrx_word' id='word_1_519' title='bbox 908 3960 1148 4030; x_wconf 83' lang='lat' dir='ltr'><strong>patiendi</strong></span> <span class='ocrx_word' id='word_1_520' title='bbox 1178 3960 1414 4017; x_wconf 87' lang='lat' dir='ltr'><strong>formido</strong></span> <span class='ocrx_word' id='word_1_521' title='bbox 1433 3962 1651 4017; x_wconf 91' lang='lat' dir='ltr'><strong>sublata</strong></span> <span class='ocrx_word' id='word_1_522' title='bbox 1680 3971 1786 4020; x_wconf 84' lang='lat' dir='ltr'><strong>est.</strong></span> <span class='ocrx_word' id='word_1_523' title='bbox 1815 3963 2021 4021; x_wconf 88' lang='lat' dir='ltr'><strong>Deinde</strong></span> 
     </span>
    </p>
   </div>
   <div class='ocr_carea' id='block_1_73' title="bbox 441 4046 637 4101">
    <p class='ocr_par' dir='ltr' id='par_1_73' title="bbox 441 4046 637 4101">
     <span class='ocr_line' id='line_1_73' title="bbox 441 4046 637 4101; baseline 0 -2"><span class='ocrx_word' id='word_1_524' title='bbox 441 4046 593 4101; x_wconf 89' lang='lat' dir='ltr'><strong>addit</strong></span> <span class='ocrx_word' id='word_1_525' title='bbox 622 4061 637 4100; x_wconf 90' lang='lat'><strong>:</strong></span> 
     </span>
    </p>
   </div>
   <div class='ocr_carea' id='block_1_74' title="bbox 2119 3219 3696 3307">
    <p class='ocr_par' dir='ltr' id='par_1_74' title="bbox 2119 3219 3696 3307">
     <span class='ocr_line' id='line_1_74' title="bbox 2119 3219 3696 3307; baseline -0.011 -18"><span class='ocrx_word' id='word_1_526' title='bbox 2119 3235 2209 3289; x_wconf 90' lang='grc' dir='ltr'><strong>λον</strong></span> <span class='ocrx_word' id='word_1_527' title='bbox 2227 3234 2280 3288; x_wconf 77' lang='grc' dir='ltr'>δὲ</span> <span class='ocrx_word' id='word_1_528' title='bbox 2294 3233 2436 3307; x_wconf 82' lang='grc' dir='ltr'>ἆπερ</span> <span class='ocrx_word' id='word_1_529' title='bbox 2449 3234 2550 3287; x_wconf 79' lang='grc' dir='ltr'><strong>ὐπὸ</strong></span> <span class='ocrx_word' id='word_1_530' title='bbox 2569 3229 2676 3285; x_wconf 80' lang='grc' dir='ltr'><strong>τῶν</strong></span> <span class='ocrx_word' id='word_1_531' title='bbox 2703 3228 2999 3299; x_wconf 81' lang='grc' dir='ltr'>Ἀσσυρίων</span> <span class='ocrx_word' id='word_1_532' title='bbox 3030 3223 3452 3297; x_wconf 83' lang='grc' dir='ltr'>εἰσεληλυθότων</span> <span class='ocrx_word' id='word_1_533' title='bbox 3490 3223 3571 3285; x_wconf 83' lang='grc' dir='ltr'><strong>είς</strong></span> <span class='ocrx_word' id='word_1_534' title='bbox 3596 3219 3696 3292; x_wconf 80' lang='grc' dir='ltr'><strong>τὴν</strong></span> 
     </span>
    </p>
   </div>
   <div class='ocr_carea' id='block_1_75' title="bbox 2121 3315 3697 3395">
    <p class='ocr_par' dir='ltr' id='par_1_75' title="bbox 2121 3315 3697 3395">
     <span class='ocr_line' id='line_1_75' title="bbox 2121 3315 3697 3395; baseline -0.01 -16"><span class='ocrx_word' id='word_1_535' title='bbox 2121 3326 2395 3395; x_wconf 70' lang='grc' dir='ltr'>Αἴγυπτον</span> <span class='ocrx_word' id='word_1_536' title='bbox 2430 3324 2660 3391; x_wconf 82' lang='grc' dir='ltr'>πάσχειν</span> <span class='ocrx_word' id='word_1_537' title='bbox 2694 3319 2930 3391; x_wconf 62' lang='grc' dir='ltr'>ἤμελλον</span> <span class='ocrx_word' id='word_1_538' title='bbox 2960 3319 3011 3371; x_wconf 89' lang='grc' dir='ltr'>οἱ</span> <span class='ocrx_word' id='word_1_539' title='bbox 3039 3318 3126 3370; x_wconf 73' lang='grc' dir='ltr'><strong>ἐπ’</strong></span> <span class='ocrx_word' id='word_1_540' title='bbox 3161 3315 3330 3386; x_wconf 83' lang='grc' dir='ltr'>αὐτὴν</span> <span class='ocrx_word' id='word_1_541' title='bbox 3355 3328 3697 3381; x_wconf 82' lang='grc' dir='ltr'>καταπεφευ-</span> 
     </span>
    </p>
   </div>
   <div class='ocr_carea' id='block_1_76' title="bbox 2120 3402 3696 3487">
    <p class='ocr_par' dir='ltr' id='par_1_76' title="bbox 2120 3402 3696 3487">
     <span class='ocr_line' id='line_1_76' title="bbox 2120 3402 3696 3487; baseline -0.009 -18"><span class='ocrx_word' id='word_1_542' title='bbox 2120 3416 2277 3487; x_wconf 87' lang='grc' dir='ltr'>γότες</span> <span class='ocrx_word' id='word_1_543' title='bbox 2316 3412 2424 3466; x_wconf 80' lang='grc' dir='ltr'><strong>τῶν</strong></span> <span class='ocrx_word' id='word_1_544' title='bbox 2470 3409 2839 3481; x_wconf 78' lang='grc' dir='ltr'>Ἰσραηλιτῶν.</span> <span class='ocrx_word' id='word_1_545' title='bbox 2872 3410 3083 3479; x_wconf 80' lang='grc' dir='ltr'>Ὥσπερ</span> <span class='ocrx_word' id='word_1_546' title='bbox 3110 3407 3293 3460; x_wconf 81' lang='grc' dir='ltr'>τοίνυν</span> <span class='ocrx_word' id='word_1_547' title='bbox 3324 3406 3382 3458; x_wconf 83' lang='grc' dir='ltr'>ὲν</span> <span class='ocrx_word' id='word_1_548' title='bbox 3420 3406 3531 3466; x_wconf 85' lang='grc' dir='ltr'>τοῖς</span> <span class='ocrx_word' id='word_1_549' title='bbox 3560 3402 3696 3456; x_wconf 79' lang='grc' dir='ltr'>ἀνω·</span> 
     </span>
    </p>
   </div>
   <div class='ocr_carea' id='block_1_77' title="bbox 2120 3491 3693 3579">
    <p class='ocr_par' dir='ltr' id='par_1_77' title="bbox 2120 3491 3693 3579">
     <span class='ocr_line' id='line_1_77' title="bbox 2120 3491 3693 3579; baseline -0.011 -18"><span class='ocrx_word' id='word_1_550' title='bbox 2120 3508 2302 3579; x_wconf 79' lang='grc' dir='ltr'>τέροις</span> <span class='ocrx_word' id='word_1_551' title='bbox 2321 3503 2390 3559; x_wconf 85' lang='grc' dir='ltr'>τὰ</span> <span class='ocrx_word' id='word_1_552' title='bbox 2409 3501 2831 3572; x_wconf 82' lang='grc' dir='ltr'>καταληψόμενα</span> <span class='ocrx_word' id='word_1_553' title='bbox 2849 3501 2976 3562; x_wconf 79' lang='grc' dir='ltr'>τοὺς</span> <span class='ocrx_word' id='word_1_554' title='bbox 3006 3496 3323 3569; x_wconf 81' lang='grc' dir='ltr'>’Δσσυρίους</span> <span class='ocrx_word' id='word_1_555' title='bbox 3338 3495 3511 3563; x_wconf 74' lang='grc' dir='ltr'>λέγων</span> <span class='ocrx_word' id='word_1_556' title='bbox 3529 3491 3693 3553; x_wconf 72' lang='grc' dir='ltr'>κακὰ,</span> 
     </span>
    </p>
   </div>
   <div class='ocr_carea' id='block_1_78' title="bbox 2121 3581 3701 3663">
    <p class='ocr_par' dir='ltr' id='par_1_78' title="bbox 2121 3581 3701 3663">
     <span class='ocr_line' id='line_1_78' title="bbox 2121 3581 3701 3663; baseline -0.012 -9"><span class='ocrx_word' id='word_1_557' title='bbox 2121 3601 2214 3654; x_wconf 72' lang='grc' dir='ltr'><strong>ἐπὶ</strong></span> <span class='ocrx_word' id='word_1_558' title='bbox 2236 3597 2326 3652; x_wconf 79' lang='grc' dir='ltr'><strong>τὸν</strong></span> <span class='ocrx_word' id='word_1_559' title='bbox 2363 3596 2563 3650; x_wconf 82' lang='grc' dir='ltr'>Ἰούδαν</span> <span class='ocrx_word' id='word_1_560' title='bbox 2591 3591 2901 3663; x_wconf 78' lang='grc' dir='ltr'>ἀπέστρεψε</span> <span class='ocrx_word' id='word_1_561' title='bbox 2923 3590 3015 3645; x_wconf 78' lang='grc' dir='ltr'><strong>τὸν</strong></span> <span class='ocrx_word' id='word_1_562' title='bbox 3039 3589 3216 3657; x_wconf 88' lang='grc' dir='ltr'>λόγον,</span> <span class='ocrx_word' id='word_1_563' title='bbox 3244 3583 3522 3658; x_wconf 73' lang='grc' dir='ltr'>ἑορτάζειν</span> <span class='ocrx_word' id='word_1_564' title='bbox 3550 3581 3701 3653; x_wconf 82' lang='grc' dir='ltr'>αὐτῷ</span> 
     </span>
    </p>
   </div>
   <div class='ocr_carea' id='block_1_79' title="bbox 2122 3674 3698 3755">
    <p class='ocr_par' dir='ltr' id='par_1_79' title="bbox 2122 3674 3698 3755">
     <span class='ocr_line' id='line_1_79' title="bbox 2122 3674 3698 3755; baseline -0.011 -11"><span class='ocrx_word' id='word_1_565' title='bbox 2122 3688 2357 3745; x_wconf 86' lang='grc' dir='ltr'>κελεύων</span> <span class='ocrx_word' id='word_1_566' title='bbox 2403 3685 2479 3749; x_wconf 86' lang='grc' dir='ltr'>ὡς</span> <span class='ocrx_word' id='word_1_567' title='bbox 2522 3686 2580 3738; x_wconf 72' lang='grc' dir='ltr'>ὲν</span> <span class='ocrx_word' id='word_1_568' title='bbox 2628 3683 2816 3755; x_wconf 75' lang='grc' dir='ltr'>εἰρήνῃ</span> <span class='ocrx_word' id='word_1_569' title='bbox 2864 3680 3169 3736; x_wconf 85' lang='grc' dir='ltr'>καθεστῶτι</span> <span class='ocrx_word' id='word_1_570' title='bbox 3213 3677 3419 3741; x_wconf 77' lang='grc' dir='ltr'>λοιπὸν,</span> <span class='ocrx_word' id='word_1_571' title='bbox 3469 3674 3550 3746; x_wconf 83' lang='grc' dir='ltr'><strong>τῷ</strong></span> <span class='ocrx_word' id='word_1_572' title='bbox 3603 3674 3698 3727; x_wconf 72' lang='grc' dir='ltr'><strong>τὸν</strong></span> 
     </span>
    </p>
   </div>
   <div class='ocr_carea' id='block_1_80' title="bbox 2123 3767 3699 3851">
    <p class='ocr_par' dir='ltr' id='par_1_80' title="bbox 2123 3767 3699 3851">
     <span class='ocr_line' id='line_1_80' title="bbox 2123 3767 3699 3851; baseline -0.01 -16"><span class='ocrx_word' id='word_1_573' title='bbox 2123 3777 2491 3851; x_wconf 77' lang='grc' dir='ltr'>ὲπεληλυθότα</span> <span class='ocrx_word' id='word_1_574' title='bbox 2526 3776 2665 3845; x_wconf 82' lang='grc' dir='ltr'>αὐτῇ</span> <span class='ocrx_word' id='word_1_575' title='bbox 2709 3772 2968 3844; x_wconf 78' lang='grc' dir='ltr'>πολέμιον</span> <span class='ocrx_word' id='word_1_576' title='bbox 3005 3770 3344 3844; x_wconf 78' lang='grc' dir='ltr'>ἀνῃρῆσθαι·</span> <span class='ocrx_word' id='word_1_577' title='bbox 3381 3768 3524 3823; x_wconf 75' lang='grc' dir='ltr'>οὕτω</span> <span class='ocrx_word' id='word_1_578' title='bbox 3565 3767 3699 3821; x_wconf 81' lang='grc' dir='ltr'><strong>κάν-</strong></span> 
     </span>
    </p>
   </div>
   <div class='ocr_carea' id='block_1_81' title="bbox 2122 3857 3698 3938">
    <p class='ocr_par' dir='ltr' id='par_1_81' title="bbox 2122 3857 3698 3938">
     <span class='ocr_line' id='line_1_81' title="bbox 2122 3857 3698 3938; baseline -0.01 -13"><span class='ocrx_word' id='word_1_579' title='bbox 2122 3869 2297 3924; x_wconf 80' lang='grc' dir='ltr'>ταῦθα</span> <span class='ocrx_word' id='word_1_580' title='bbox 2334 3867 2425 3921; x_wconf 71' lang='grc' dir='ltr'>ἐπὶ</span> <span class='ocrx_word' id='word_1_581' title='bbox 2471 3865 2570 3938; x_wconf 81' lang='grc' dir='ltr'>τὴν</span> <span class='ocrx_word' id='word_1_582' title='bbox 2622 3863 2846 3936; x_wconf 83' lang='grc' dir='ltr'>’Δμμὼν</span> <span class='ocrx_word' id='word_1_583' title='bbox 2886 3862 3041 3917; x_wconf 88' lang='grc' dir='ltr'>πόλιν</span> <span class='ocrx_word' id='word_1_584' title='bbox 3079 3857 3245 3917; x_wconf 75' lang='grc' dir='ltr'>οὖσαν</span> <span class='ocrx_word' id='word_1_585' title='bbox 3283 3859 3387 3931; x_wconf 78' lang='grc' dir='ltr'>τῆς</span> <span class='ocrx_word' id='word_1_586' title='bbox 3419 3859 3698 3927; x_wconf 68' lang='grc' dir='ltr'>Αἰγύπτου</span> 
     </span>
    </p>
   </div>
   <div class='ocr_carea' id='block_1_82' title="bbox 2124 3950 3702 4037">
    <p class='ocr_par' dir='ltr' id='par_1_82' title="bbox 2124 3950 3702 4037">
     <span class='ocr_line' id='line_1_82' title="bbox 2124 3950 3702 4037; baseline -0.009 -20"><span class='ocrx_word' id='word_1_587' title='bbox 2124 3962 2315 4037; x_wconf 77' lang='grc' dir='ltr'>τρέπει</span> <span class='ocrx_word' id='word_1_588' title='bbox 2344 3959 2437 4013; x_wconf 85' lang='grc' dir='ltr'><strong>τδν</strong></span> <span class='ocrx_word' id='word_1_589' title='bbox 2461 3957 2641 4026; x_wconf 88' lang='grc' dir='ltr'>λόγον,</span> <span class='ocrx_word' id='word_1_590' title='bbox 2687 3956 2780 4011; x_wconf 89' lang='grc' dir='ltr'><strong>καί</strong></span> <span class='ocrx_word' id='word_1_591' title='bbox 2813 3970 3003 4028; x_wconf 85' lang='grc' dir='ltr'>φησιν·</span> <span class='ocrx_word' id='word_1_592' title='bbox 3049 3950 3309 4009; x_wconf 80' lang='grc' dir='ltr'>Ἀνάλαϐε</span> <span class='ocrx_word' id='word_1_593' title='bbox 3343 3951 3574 4024; x_wconf 85' lang='grc' dir='ltr'>κιθάραν</span> <span class='ocrx_word' id='word_1_594' title='bbox 3604 3951 3702 4005; x_wconf 72' lang='grc' dir='ltr'><strong>καὶ</strong></span> 
     </span>
    </p>
   </div>
   <div class='ocr_carea' id='block_1_83' title="bbox 2085 4041 3702 4127">
    <p class='ocr_par' dir='ltr' id='par_1_83' title="bbox 2085 4041 3702 4127">
     <span class='ocr_line' id='line_1_83' title="bbox 2085 4041 3702 4127; baseline -0.009 -18"><span class='ocrx_word' id='word_1_595' title='bbox 2085 4089 2093 4097; x_wconf 84' lang='grc'><strong>-</strong></span> <span class='ocrx_word' id='word_1_596' title='bbox 2130 4054 2271 4127; x_wconf 79' lang='grc' dir='ltr'>μετὰ</span> <span class='ocrx_word' id='word_1_597' title='bbox 2304 4050 2504 4122; x_wconf 78' lang='grc' dir='ltr'>πολλῆς</span> <span class='ocrx_word' id='word_1_598' title='bbox 2534 4049 2634 4120; x_wconf 79' lang='grc' dir='ltr'>τῆς</span> <span class='ocrx_word' id='word_1_599' title='bbox 2674 4047 2869 4119; x_wconf 78' lang='grc' dir='ltr'>ἡδονῆς</span> <span class='ocrx_word' id='word_1_600' title='bbox 2907 4045 3328 4118; x_wconf 84' lang='grc' dir='ltr'>παρασκεύασαι</span> <span class='ocrx_word' id='word_1_601' title='bbox 3360 4043 3453 4098; x_wconf 74' lang='grc' dir='ltr'>διὰ</span> <span class='ocrx_word' id='word_1_602' title='bbox 3494 4041 3702 4112; x_wconf 81' lang='grc' dir='ltr'>ταύτης</span> 
     </span>
    </p>
   </div>
   <div class='ocr_carea' id='block_1_84' title="bbox 440 4137 3700 4223">
    <p class='ocr_par' dir='ltr' id='par_1_84' title="bbox 440 4137 3700 4223">
     <span class='ocr_line' id='line_1_84' title="bbox 440 4137 3700 4223; baseline -0.002 -27"><span class='ocrx_word' id='word_1_603' title='bbox 440 4141 536 4195; x_wconf 75' lang='grc' dir='ltr'>τοῦ</span> <span class='ocrx_word' id='word_1_604' title='bbox 570 4141 667 4212; x_wconf 79' lang='grc' dir='ltr'><strong>μὲν</strong></span> <span class='ocrx_word' id='word_1_605' title='bbox 700 4141 843 4212; x_wconf 74' lang='grc' dir='ltr'>ᾅδειν</span> <span class='ocrx_word' id='word_1_606' title='bbox 870 4141 967 4213; x_wconf 76' lang='grc' dir='ltr'><strong>τὴν</strong></span> <span class='ocrx_word' id='word_1_607' title='bbox 992 4142 1284 4206; x_wconf 82' lang='grc' dir='ltr'>ἀπώλειαν,</span> <span class='ocrx_word' id='word_1_608' title='bbox 1325 4144 1418 4198; x_wconf 80' lang='grc' dir='ltr'>σοῦ</span> <span class='ocrx_word' id='word_1_609' title='bbox 1445 4145 1501 4199; x_wconf 83' lang='grc' dir='ltr'>δὲ</span> <span class='ocrx_word' id='word_1_610' title='bbox 1522 4146 1620 4217; x_wconf 82' lang='grc' dir='ltr'><strong>τὴν</strong></span> <span class='ocrx_word' id='word_1_611' title='bbox 1656 4148 1900 4221; x_wconf 72' lang='grc' dir='ltr'>εἰρήνην·</span> <span class='ocrx_word' id='word_1_612' title='bbox 1941 4151 1975 4223; x_wconf 73' lang='grc' dir='ltr'>ἢ</span> <span class='ocrx_word' id='word_1_613' title='bbox 2005 4149 2343 4221; x_wconf 82' lang='grc' dir='ltr'>πανταχόθεν</span> <span class='ocrx_word' id='word_1_614' title='bbox 2367 4147 2519 4201; x_wconf 78' lang='grc' dir='ltr'>ὕδατι</span> <span class='ocrx_word' id='word_1_615' title='bbox 2550 4142 2987 4216; x_wconf 83' lang='grc' dir='ltr'>περιϐεϐλημένη</span> <span class='ocrx_word' id='word_1_616' title='bbox 3013 4141 3250 4210; x_wconf 82' lang='grc' dir='ltr'>θαλάττῃ</span> <span class='ocrx_word' id='word_1_617' title='bbox 3275 4156 3335 4193; x_wconf 87' lang='grc' dir='ltr'><strong>τε</strong></span> <span class='ocrx_word' id='word_1_618' title='bbox 3361 4137 3700 4211; x_wconf 64' lang='grc' dir='ltr'>ὠχυρωμένη</span> 
     </span>
    </p>
   </div>
   <div class='ocr_carea' id='block_1_85' title="bbox 441 4229 3701 4317">
    <p class='ocr_par' dir='ltr' id='par_1_85' title="bbox 441 4229 3701 4317">
     <span class='ocr_line' id='line_1_85' title="bbox 441 4229 3701 4317; baseline -0.002 -26"><span class='ocrx_word' id='word_1_619' title='bbox 441 4235 538 4291; x_wconf 76' lang='grc' dir='ltr'>καὶ</span> <span class='ocrx_word' id='word_1_620' title='bbox 567 4238 852 4306; x_wconf 84' lang='grc' dir='ltr'>ποταμοῖς,</span> <span class='ocrx_word' id='word_1_621' title='bbox 879 4238 1072 4310; x_wconf 79' lang='grc' dir='ltr'>ὅνησαι</span> <span class='ocrx_word' id='word_1_622' title='bbox 1097 4240 1162 4293; x_wconf 74' lang='grc' dir='ltr'>ὲκ</span> <span class='ocrx_word' id='word_1_623' title='bbox 1186 4238 1391 4295; x_wconf 88' lang='grc' dir='ltr'>τούτων</span> <span class='ocrx_word' id='word_1_624' title='bbox 1413 4241 1583 4305; x_wconf 80' lang='grc' dir='ltr'>οὐδὲν,</span> <span class='ocrx_word' id='word_1_625' title='bbox 1610 4241 1687 4315; x_wconf 89' lang='lat' dir='ltr'><strong>(p.</strong></span> <span class='ocrx_word' id='word_1_626' title='bbox 1711 4245 1837 4317; x_wconf 64' lang='lat'><strong>348)</strong></span> <span class='ocrx_word' id='word_1_627' title='bbox 1872 4247 2262 4313; x_wconf 74' lang='grc' dir='ltr'>ἐπεληλυθότος</span> <span class='ocrx_word' id='word_1_628' title='bbox 2284 4244 2379 4299; x_wconf 79' lang='grc' dir='ltr'><strong>τοῦ</strong></span> <span class='ocrx_word' id='word_1_629' title='bbox 2420 4240 2726 4312; x_wconf 80' lang='grc' dir='ltr'>Ἀσσυρίου·</span> <span class='ocrx_word' id='word_1_630' title='bbox 2759 4237 2855 4293; x_wconf 82' lang='grc' dir='ltr'><strong>νῦν</strong></span> <span class='ocrx_word' id='word_1_631' title='bbox 2886 4237 3067 4309; x_wconf 81' lang='grc' dir='ltr'>μέντοι</span> <span class='ocrx_word' id='word_1_632' title='bbox 3090 4253 3155 4306; x_wconf 88' lang='grc' dir='ltr'><strong>γε</strong></span> <span class='ocrx_word' id='word_1_633' title='bbox 3184 4236 3333 4289; x_wconf 73' lang='grc' dir='ltr'>πᾶσα</span> <span class='ocrx_word' id='word_1_634' title='bbox 3357 4235 3458 4305; x_wconf 79' lang='grc' dir='ltr'>τῆς</span> <span class='ocrx_word' id='word_1_635' title='bbox 3491 4229 3701 4285; x_wconf 71' lang='grc' dir='ltr'>ἐκείνου</span> 
     </span>
    </p>
   </div>
   <div class='ocr_carea' id='block_1_86' title="bbox 442 4329 1773 4407">
    <p class='ocr_par' dir='ltr' id='par_1_86' title="bbox 442 4329 1773 4407">
     <span class='ocr_line' id='line_1_86' title="bbox 442 4329 1773 4407; baseline 0.007 -26"><span class='ocrx_word' id='word_1_636' title='bbox 442 4329 640 4392; x_wconf 80' lang='grc' dir='ltr'>κακίας</span> <span class='ocrx_word' id='word_1_637' title='bbox 667 4330 880 4384; x_wconf 83' lang='grc' dir='ltr'>λέλυταί</span> <span class='ocrx_word' id='word_1_638' title='bbox 916 4347 998 4384; x_wconf 92' lang='grc' dir='ltr'><strong>σοι</strong></span> <span class='ocrx_word' id='word_1_639' title='bbox 1038 4333 1071 4404; x_wconf 86' lang='grc' dir='ltr'><strong>ή</strong></span> <span class='ocrx_word' id='word_1_640' title='bbox 1112 4332 1356 4387; x_wconf 83' lang='grc' dir='ltr'>ὑπόνοια.</span> <span class='ocrx_word' id='word_1_641' title='bbox 1393 4330 1526 4388; x_wconf 78' lang='grc' dir='ltr'>Εἶτα</span> <span class='ocrx_word' id='word_1_642' title='bbox 1555 4336 1773 4407; x_wconf 76' lang='grc' dir='ltr'>ἐπάγει·</span> 
     </span>
    </p>
   </div>
   <div class='ocr_carea' id='block_1_87' title="bbox 513 4413 2015 4504">
    <p class='ocr_par' dir='ltr' id='par_1_87' title="bbox 513 4421 2015 4504">
     <span class='ocr_line' id='line_1_87' title="bbox 513 4421 2015 4504; baseline 0.005 -26"><span class='ocrx_word' id='word_1_643' title='bbox 513 4422 678 4493; x_wconf 71' lang='lat'><strong>228</strong></span> <span class='ocrx_word' id='word_1_644' title='bbox 703 4421 868 4479; x_wconf 72' lang='lat' dir='ltr'><strong>Vens.</strong></span> <span class='ocrx_word' id='word_1_645' title='bbox 898 4422 1049 4478; x_wconf 67' lang='lat'><strong>9-12.</strong></span> <span class='ocrx_word' id='word_1_646' title='bbox 1078 4454 1146 4467; x_wconf 88' lang='lat'><strong>-—</strong></span> <span class='ocrx_word' id='word_1_647' title='bbox 1176 4443 1196 4478; x_wconf 81' lang='grc' dir='ltr'><strong>ι</strong></span> <span class='ocrx_word' id='word_1_648' title='bbox 1234 4424 1516 4498; x_wconf 66' lang='grc' dir='ltr'><strong>Ᾰὲιιιίοῃίε</strong></span> <span class='ocrx_word' id='word_1_649' title='bbox 1547 4436 1711 4499; x_wconf 90' lang='lat' dir='ltr'><strong>atque</strong></span> <span class='ocrx_word' id='word_1_650' title='bbox 1750 4430 2015 4504; x_wconf 70' lang='lat' dir='ltr'><strong>Egyptus</strong></span> 
     </span>
    </p>
   </div>
   <div class='ocr_carea' id='block_1_88' title="bbox 2116 4413 3702 4504">
    <p class='ocr_par' dir='ltr' id='par_1_88' title="bbox 2198 4413 3702 4498">
     <span class='ocr_line' id='line_1_88' title="bbox 2198 4413 3702 4498; baseline -0.014 -17"><span class='ocrx_word' id='word_1_651' title='bbox 2198 4427 2347 4498; x_wconf 84' lang='grc' dir='ltr'>Στίχ.</span> <span class='ocrx_word' id='word_1_652' title='bbox 2378 4422 2543 4493; x_wconf 82' lang='grc' dir='ltr'><strong>θ’-ιβ’.</strong></span> <span class='ocrx_word' id='word_1_653' title='bbox 2581 4449 2651 4461; x_wconf 90' lang='grc'><strong><em>--</em></strong></span> <span class='ocrx_word' id='word_1_654' title='bbox 2680 4436 2699 4470; x_wconf 74' lang='grc' dir='ltr'><strong>ι</strong></span> <span class='ocrx_word' id='word_1_655' title='bbox 2737 4414 2990 4471; x_wconf 72' lang='grc' dir='ltr'>Αἰθιοπία</span> <span class='ocrx_word' id='word_1_656' title='bbox 3023 4417 3055 4487; x_wconf 79' lang='grc' dir='ltr'>ἡ</span> <span class='ocrx_word' id='word_1_657' title='bbox 3096 4415 3247 4485; x_wconf 80' lang='grc' dir='ltr'>ίσχύς</span> <span class='ocrx_word' id='word_1_658' title='bbox 3278 4413 3451 4484; x_wconf 82' lang='grc' dir='ltr'>αὐτῆς</span> <span class='ocrx_word' id='word_1_659' title='bbox 3480 4414 3574 4468; x_wconf 73' lang='grc' dir='ltr'>καὶ</span> <span class='ocrx_word' id='word_1_660' title='bbox 3604 4416 3702 4468; x_wconf 75' lang='grc' dir='ltr'><strong>Αε-</strong></span> 
     </span>
    </p>
   </div>
   <div class='ocr_carea' id='block_1_89' title="bbox 446 4504 2015 4593">
    <p class='ocr_par' dir='ltr' id='par_1_89' title="bbox 446 4516 2015 4593">
     <span class='ocr_line' id='line_1_89' title="bbox 446 4516 2015 4593; baseline 0.004 -22"><span class='ocrx_word' id='word_1_661' title='bbox 446 4516 705 4571; x_wconf 80' lang='lat' dir='ltr'><strong>fortitudo</strong></span> <span class='ocrx_word' id='word_1_662' title='bbox 745 4516 883 4585; x_wconf 86' lang='lat' dir='ltr'><strong>ejus.</strong></span> <span class='ocrx_word' id='word_1_663' title='bbox 932 4516 1050 4571; x_wconf 74' lang='lat' dir='ltr'><strong>Non</strong></span> <span class='ocrx_word' id='word_1_664' title='bbox 1093 4526 1179 4573; x_wconf 87' lang='lat' dir='ltr'><strong>est</strong></span> <span class='ocrx_word' id='word_1_665' title='bbox 1222 4520 1493 4576; x_wconf 88' lang='lat' dir='ltr'><strong>terminus</strong></span> <span class='ocrx_word' id='word_1_666' title='bbox 1540 4521 1680 4593; x_wconf 62' lang='lat' dir='ltr'><strong>fugat</strong></span> <span class='ocrx_word' id='word_1_667' title='bbox 1726 4533 1849 4579; x_wconf 72' lang='lat' dir='ltr'><strong>tute.</strong></span> <span class='ocrx_word' id='word_1_668' title='bbox 1884 4524 2015 4578; x_wconf 78' lang='lat' dir='ltr'><strong>Plini</strong></span> 
     </span>
    </p>
   </div>
   <div class='ocr_carea' id='block_1_90' title="bbox 2116 4504 3702 4593">
    <p class='ocr_par' dir='ltr' id='par_1_90' title="bbox 2119 4504 3702 4586">
     <span class='ocr_line' id='line_1_90' title="bbox 2119 4504 3702 4586; baseline 0.001 -16"><span class='ocrx_word' id='word_1_669' title='bbox 2119 4531 2347 4586; x_wconf 85' lang='grc' dir='ltr'>γυπτος,</span> <span class='ocrx_word' id='word_1_670' title='bbox 2379 4511 2475 4566; x_wconf 75' lang='grc' dir='ltr'>καὶ</span> <span class='ocrx_word' id='word_1_671' title='bbox 2506 4508 2688 4563; x_wconf 74' lang='grc' dir='ltr'>οὐκέτι</span> <span class='ocrx_word' id='word_1_672' title='bbox 2721 4507 2897 4576; x_wconf 82' lang='grc' dir='ltr'>πέρας</span> <span class='ocrx_word' id='word_1_673' title='bbox 2923 4504 3023 4575; x_wconf 77' lang='grc' dir='ltr'>τῆς</span> <span class='ocrx_word' id='word_1_674' title='bbox 3053 4505 3231 4574; x_wconf 79' lang='grc' dir='ltr'>φυγῆς</span> <span class='ocrx_word' id='word_1_675' title='bbox 3275 4521 3368 4557; x_wconf 83' lang='grc' dir='ltr'>σου</span> <span class='ocrx_word' id='word_1_676' title='bbox 3392 4520 3406 4535; x_wconf 88' lang='grc'><strong>⁹</strong></span> <span class='ocrx_word' id='word_1_677' title='bbox 3439 4505 3579 4558; x_wconf 65' lang='grc' dir='ltr'><strong>Ψοὺτ</strong></span> <span class='ocrx_word' id='word_1_678' title='bbox 3606 4507 3702 4559; x_wconf 63' lang='grc' dir='ltr'>καὶ</span> 
     </span>
    </p>
   </div>
   <div class='ocr_carea' id='block_1_91' title="bbox 441 4597 2015 4686">
    <p class='ocr_par' dir='ltr' id='par_1_91' title="bbox 441 4604 2015 4686">
     <span class='ocr_line' id='line_1_91' title="bbox 441 4604 2015 4686; baseline 0.006 -26"><span class='ocrx_word' id='word_1_679' title='bbox 441 4613 495 4660; x_wconf 82' lang='grc' dir='ltr'><strong>ει</strong></span> <span class='ocrx_word' id='word_1_680' title='bbox 528 4604 718 4677; x_wconf 81' lang='lat' dir='ltr'><strong>Libyes</strong></span> <span class='ocrx_word' id='word_1_681' title='bbox 734 4610 1027 4665; x_wconf 79' lang='lat' dir='ltr'><strong>auxiliares</strong></span> <span class='ocrx_word' id='word_1_682' title='bbox 1069 4610 1190 4678; x_wconf 86' lang='lat' dir='ltr'><strong>ejus</strong></span> <span class='ocrx_word' id='word_1_683' title='bbox 1237 4618 1386 4666; x_wconf 89' lang='lat' dir='ltr'><strong>sunt.</strong></span> <span class='ocrx_word' id='word_1_684' title='bbox 1426 4612 1546 4683; x_wconf 85' lang='lat' dir='ltr'><strong>Ipsa</strong></span> <span class='ocrx_word' id='word_1_685' title='bbox 1590 4614 1644 4668; x_wconf 92' lang='lat' dir='ltr'><strong>in</strong></span> <span class='ocrx_word' id='word_1_686' title='bbox 1690 4615 2015 4686; x_wconf 86' lang='lat' dir='ltr'><strong>deportatio-</strong></span> 
     </span>
    </p>
   </div>
   <div class='ocr_carea' id='block_1_92' title="bbox 2116 4597 3702 4686">
    <p class='ocr_par' dir='ltr' id='par_1_92' title="bbox 2122 4597 3702 4674">
     <span class='ocr_line' id='line_1_92' title="bbox 2122 4597 3702 4674; baseline -0.009 -9"><span class='ocrx_word' id='word_1_687' title='bbox 2122 4610 2319 4670; x_wconf 84' lang='grc' dir='ltr'>Λίϐυες</span> <span class='ocrx_word' id='word_1_688' title='bbox 2334 4605 2587 4674; x_wconf 79' lang='grc' dir='ltr'>ἐγένοντο</span> <span class='ocrx_word' id='word_1_689' title='bbox 2599 4598 2982 4673; x_wconf 70' lang='grc' dir='ltr'>βοηθοὶαύτῆς·</span> <span class='ocrx_word' id='word_1_690' title='bbox 2999 4600 3093 4653; x_wconf 77' lang='grc' dir='ltr'><strong>καὶ</strong></span> <span class='ocrx_word' id='word_1_691' title='bbox 3107 4597 3246 4663; x_wconf 77' lang='grc' dir='ltr'>αὐτὴ</span> <span class='ocrx_word' id='word_1_692' title='bbox 3261 4599 3340 4659; x_wconf 87' lang='grc' dir='ltr'>εἰς</span> <span class='ocrx_word' id='word_1_693' title='bbox 3358 4598 3702 4668; x_wconf 85' lang='grc' dir='ltr'>μετοικεσίαν</span> 
     </span>
    </p>
   </div>
   <div class='ocr_carea' id='block_1_93' title="bbox 443 4691 2015 4774">
    <p class='ocr_par' dir='ltr' id='par_1_93' title="bbox 443 4697 2015 4771">
     <span class='ocr_line' id='line_1_93' title="bbox 443 4697 2015 4771; baseline 0.006 -23"><span class='ocrx_word' id='word_1_694' title='bbox 443 4712 564 4749; x_wconf 86' lang='lat' dir='ltr'><strong>nem</strong></span> <span class='ocrx_word' id='word_1_695' title='bbox 614 4698 715 4751; x_wconf 88' lang='lat' dir='ltr'><strong>ibit</strong></span> <span class='ocrx_word' id='word_1_696' title='bbox 757 4700 995 4767; x_wconf 81' lang='lat' dir='ltr'><strong>captiva.</strong></span> <span class='ocrx_word' id='word_1_697' title='bbox 1032 4697 1304 4754; x_wconf 69' lang='lat' dir='ltr'><strong>Parvulos</strong></span> <span class='ocrx_word' id='word_1_698' title='bbox 1332 4702 1506 4771; x_wconf 87' lang='lat' dir='ltr'><strong>ipsius</strong></span> <span class='ocrx_word' id='word_1_699' title='bbox 1547 4705 1666 4757; x_wconf 89' lang='lat' dir='ltr'><strong>solo</strong></span> <span class='ocrx_word' id='word_1_700' title='bbox 1701 4705 1925 4759; x_wconf 77' lang='lat' dir='ltr'><strong>allident</strong></span> <span class='ocrx_word' id='word_1_701' title='bbox 1972 4706 2015 4759; x_wconf 78' lang='lat' dir='ltr'><strong>iu</strong></span> 
     </span>
    </p>
   </div>
   <div class='ocr_carea' id='block_1_94' title="bbox 2116 4691 3704 4774">
    <p class='ocr_par' dir='ltr' id='par_1_94' title="bbox 2123 4691 3704 4774">
     <span class='ocr_line' id='line_1_94' title="bbox 2123 4691 3704 4774; baseline -0.009 -17"><span class='ocrx_word' id='word_1_702' title='bbox 2123 4701 2446 4774; x_wconf 79' lang='grc' dir='ltr'>πορεύσεται</span> <span class='ocrx_word' id='word_1_703' title='bbox 2471 4694 2834 4767; x_wconf 78' lang='grc' dir='ltr'>αἰχμάλωτος,</span> <span class='ocrx_word' id='word_1_704' title='bbox 2860 4692 3043 4747; x_wconf 75' lang='grc' dir='ltr'>καὶτὰ</span> <span class='ocrx_word' id='word_1_705' title='bbox 3068 4692 3235 4764; x_wconf 78' lang='grc' dir='ltr'>νήπια</span> <span class='ocrx_word' id='word_1_706' title='bbox 3254 4691 3427 4762; x_wconf 73' lang='grc' dir='ltr'>αὐτῆς</span> <span class='ocrx_word' id='word_1_707' title='bbox 3454 4691 3704 4760; x_wconf 78' lang='grc' dir='ltr'>ἐδαφιοῦ-</span> 
     </span>
    </p>
   </div>
   <div class='ocr_carea' id='block_1_95' title="bbox 442 4776 2015 4862">
    <p class='ocr_par' dir='ltr' id='par_1_95' title="bbox 442 4785 2015 4862">
     <span class='ocr_line' id='line_1_95' title="bbox 442 4785 2015 4862; baseline 0.01 -29"><span class='ocrx_word' id='word_1_708' title='bbox 442 4785 652 4836; x_wconf 89' lang='lat' dir='ltr'><strong>viarum</strong></span> <span class='ocrx_word' id='word_1_709' title='bbox 685 4785 807 4853; x_wconf 88' lang='lat' dir='ltr'><strong>ejus</strong></span> <span class='ocrx_word' id='word_1_710' title='bbox 840 4786 1132 4855; x_wconf 84' lang='lat' dir='ltr'><strong>capitibus.</strong></span> <span class='ocrx_word' id='word_1_711' title='bbox 1170 4807 1187 4839; x_wconf 75' lang='grc' dir='ltr'><strong>ι</strong></span> <span class='ocrx_word' id='word_1_712' title='bbox 1212 4787 1347 4844; x_wconf 77' lang='lat' dir='ltr'><strong>Nam</strong></span> <span class='ocrx_word' id='word_1_713' title='bbox 1376 4799 1432 4845; x_wconf 85' lang='lat' dir='ltr'><strong>et</strong></span> <span class='ocrx_word' id='word_1_714' title='bbox 1464 4792 1542 4857; x_wconf 87' lang='lat' dir='ltr'><strong>hi,</strong></span> <span class='ocrx_word' id='word_1_715' title='bbox 1578 4793 1775 4862; x_wconf 83' lang='lat' dir='ltr'><strong>inquit,</strong></span> <span class='ocrx_word' id='word_1_716' title='bbox 1809 4793 2015 4849; x_wconf 64' lang='lat' dir='ltr'><strong>Ethio-</strong></span> 
     </span>
    </p>
   </div>
   <div class='ocr_carea' id='block_1_96' title="bbox 2116 4776 3699 4862">
    <p class='ocr_par' dir='ltr' id='par_1_96' title="bbox 2125 4776 3699 4860">
     <span class='ocr_line' id='line_1_96' title="bbox 2125 4776 3699 4860; baseline -0.006 -13"><span class='ocrx_word' id='word_1_717' title='bbox 2125 4811 2209 4848; x_wconf 88' lang='grc' dir='ltr'><strong>σιν</strong></span> <span class='ocrx_word' id='word_1_718' title='bbox 2242 4792 2328 4846; x_wconf 73' lang='grc' dir='ltr'><strong>ἐπ’</strong></span> <span class='ocrx_word' id='word_1_719' title='bbox 2353 4791 2549 4860; x_wconf 83' lang='grc' dir='ltr'>ἀρχαῖς</span> <span class='ocrx_word' id='word_1_720' title='bbox 2577 4785 2683 4840; x_wconf 87' lang='grc' dir='ltr'><strong>τῶν</strong></span> <span class='ocrx_word' id='word_1_721' title='bbox 2709 4784 2843 4839; x_wconf 86' lang='grc' dir='ltr'>ὁδῶν</span> <span class='ocrx_word' id='word_1_722' title='bbox 2864 4784 3056 4854; x_wconf 77' lang='grc' dir='ltr'>αὐτῆς.</span> <span class='ocrx_word' id='word_1_723' title='bbox 3093 4802 3110 4835; x_wconf 77' lang='grc' dir='ltr'><strong>ι</strong></span> <span class='ocrx_word' id='word_1_724' title='bbox 3143 4783 3253 4837; x_wconf 75' lang='grc' dir='ltr'>Καὶ</span> <span class='ocrx_word' id='word_1_725' title='bbox 3278 4782 3385 4856; x_wconf 84' lang='grc' dir='ltr'>γὰρ</span> <span class='ocrx_word' id='word_1_726' title='bbox 3413 4783 3507 4838; x_wconf 71' lang='grc' dir='ltr'>καὶ</span> <span class='ocrx_word' id='word_1_727' title='bbox 3530 4776 3699 4847; x_wconf 76' lang='grc' dir='ltr'>οὗτοι,</span> 
     </span>
    </p>
   </div>
   <div class='ocr_carea' id='block_1_97' title="bbox 445 4872 2015 4955">
    <p class='ocr_par' dir='ltr' id='par_1_97' title="bbox 445 4874 2015 4951">
     <span class='ocr_line' id='line_1_97' title="bbox 445 4874 2015 4951; baseline 0.009 -26"><span class='ocrx_word' id='word_1_728' title='bbox 445 4890 538 4942; x_wconf 71' lang='lat' dir='ltr'><strong>pes</strong></span> <span class='ocrx_word' id='word_1_729' title='bbox 572 4884 624 4928; x_wconf 90' lang='lat' dir='ltr'><strong>et</strong></span> <span class='ocrx_word' id='word_1_730' title='bbox 666 4874 859 4937; x_wconf 79' lang='lat' dir='ltr'><strong>Libes,</strong></span> <span class='ocrx_word' id='word_1_731' title='bbox 908 4881 1202 4948; x_wconf 57' lang='lat' dir='ltr'><strong>exterique</strong></span> <span class='ocrx_word' id='word_1_732' title='bbox 1243 4896 1474 4950; x_wconf 83' lang='lat' dir='ltr'><strong>quorum</strong></span> <span class='ocrx_word' id='word_1_733' title='bbox 1524 4884 1858 4939; x_wconf 84' lang='lat' dir='ltr'><strong>mentionem</strong></span> <span class='ocrx_word' id='word_1_734' title='bbox 1898 4885 2015 4951; x_wconf 73' lang='lat' dir='ltr'><strong>feci,</strong></span> 
     </span>
    </p>
   </div>
   <div class='ocr_carea' id='block_1_98' title="bbox 2116 4872 3702 4955">
    <p class='ocr_par' dir='ltr' id='par_1_98' title="bbox 2126 4872 3702 4955">
     <span class='ocr_line' id='line_1_98' title="bbox 2126 4872 3702 4955; baseline -0.004 -17"><span class='ocrx_word' id='word_1_735' title='bbox 2126 4885 2310 4955; x_wconf 76' lang='grc' dir='ltr'>φησὶν,</span> <span class='ocrx_word' id='word_1_736' title='bbox 2367 4880 2620 4945; x_wconf 73' lang='grc' dir='ltr'>Αἰθίοπές</span> <span class='ocrx_word' id='word_1_737' title='bbox 2666 4896 2727 4933; x_wconf 90' lang='grc' dir='ltr'><strong>τε</strong></span> <span class='ocrx_word' id='word_1_738' title='bbox 2770 4879 2866 4933; x_wconf 78' lang='grc' dir='ltr'>καὶ</span> <span class='ocrx_word' id='word_1_739' title='bbox 2921 4876 3120 4941; x_wconf 85' lang='grc' dir='ltr'>Λίϐυες</span> <span class='ocrx_word' id='word_1_740' title='bbox 3152 4877 3246 4931; x_wconf 73' lang='grc' dir='ltr'>καὶ</span> <span class='ocrx_word' id='word_1_741' title='bbox 3292 4878 3492 4941; x_wconf 85' lang='grc' dir='ltr'>πάντες</span> <span class='ocrx_word' id='word_1_742' title='bbox 3533 4876 3597 4948; x_wconf 82' lang='grc' dir='ltr'><strong>δὴ</strong></span> <span class='ocrx_word' id='word_1_743' title='bbox 3623 4872 3702 4931; x_wconf 86' lang='grc' dir='ltr'>ὧν</span> 
     </span>
    </p>
   </div>
   <div class='ocr_carea' id='block_1_99' title="bbox 446 4964 2015 5045">
    <p class='ocr_par' dir='ltr' id='par_1_99' title="bbox 446 4964 2015 5042">
     <span class='ocr_line' id='line_1_99' title="bbox 446 4964 2015 5042; baseline 0.009 -25"><span class='ocrx_word' id='word_1_744' title='bbox 446 4964 650 5019; x_wconf 71' lang='lat' dir='ltr'><strong>l&#39;mdera</strong></span> <span class='ocrx_word' id='word_1_745' title='bbox 684 4973 862 5019; x_wconf 84' lang='lat' dir='ltr'><strong>tecum</strong></span> <span class='ocrx_word' id='word_1_746' title='bbox 916 4968 1171 5030; x_wconf 85' lang='lat' dir='ltr'><strong>inierant.</strong></span> <span class='ocrx_word' id='word_1_747' title='bbox 1202 4987 1378 5042; x_wconf 86' lang='lat' dir='ltr'><strong>seque</strong></span> <span class='ocrx_word' id='word_1_748' title='bbox 1410 4973 1509 5027; x_wconf 83' lang='lat' dir='ltr'><strong>tibi</strong></span> <span class='ocrx_word' id='word_1_749' title='bbox 1554 4974 1609 5028; x_wconf 85' lang='lat' dir='ltr'><strong>in</strong></span> <span class='ocrx_word' id='word_1_750' title='bbox 1652 4974 1803 5028; x_wconf 85' lang='lat' dir='ltr'><strong>omni</strong></span> <span class='ocrx_word' id='word_1_751' title='bbox 1834 4974 2015 5031; x_wconf 67' lang='lat' dir='ltr'><strong>bellica</strong></span> 
     </span>
    </p>
   </div>
   <div class='ocr_carea' id='block_1_100' title="bbox 2116 4964 3701 5045">
    <p class='ocr_par' dir='ltr' id='par_1_100' title="bbox 2125 4968 3701 5045">
     <span class='ocr_line' id='line_1_100' title="bbox 2125 4968 3701 5045; baseline -0.004 -18"><span class='ocrx_word' id='word_1_752' title='bbox 2125 4974 2428 5045; x_wconf 85' lang='grc' dir='ltr'>πεποίημαι</span> <span class='ocrx_word' id='word_1_753' title='bbox 2474 4972 2732 5042; x_wconf 80' lang='grc' dir='ltr'>μνήμην,·</span> <span class='ocrx_word' id='word_1_754' title='bbox 2765 4969 3082 5040; x_wconf 82' lang='grc' dir='ltr'>συμμαχίαν</span> <span class='ocrx_word' id='word_1_755' title='bbox 3127 4968 3308 5023; x_wconf 77' lang='grc' dir='ltr'>ἔθεντο</span> <span class='ocrx_word' id='word_1_756' title='bbox 3346 4968 3483 5040; x_wconf 85' lang='grc' dir='ltr'>πρὸς</span> <span class='ocrx_word' id='word_1_757' title='bbox 3540 4968 3602 5023; x_wconf 79' lang='grc' dir='ltr'>σὲ</span> <span class='ocrx_word' id='word_1_758' title='bbox 3641 4970 3701 5022; x_wconf 83' lang='grc' dir='ltr'>ὲν</span> 
     </span>
    </p>
   </div>
   <div class='ocr_carea' id='block_1_101' title="bbox 443 5057 2015 5134">
    <p class='ocr_par' dir='ltr' id='par_1_101' title="bbox 443 5057 2015 5133">
     <span class='ocr_line' id='line_1_101' title="bbox 443 5057 2015 5133; baseline 0.008 -24"><span class='ocrx_word' id='word_1_759' title='bbox 443 5059 774 5113; x_wconf 75' lang='lat' dir='ltr'><strong>necessitate</strong></span> <span class='ocrx_word' id='word_1_760' title='bbox 816 5057 1103 5117; x_wconf 79' lang='lat' dir='ltr'><strong>adfuturos</strong></span> <span class='ocrx_word' id='word_1_761' title='bbox 1132 5074 1470 5133; x_wconf 86' lang='lat' dir='ltr'><strong>receperant.</strong></span> <span class='ocrx_word' id='word_1_762' title='bbox 1508 5063 1896 5121; x_wconf 78' lang='lat' dir='ltr'><strong>Verumtamen</strong></span> <span class='ocrx_word' id='word_1_763' title='bbox 1940 5068 2015 5121; x_wconf 87' lang='lat' dir='ltr'><strong>ni-</strong></span> 
     </span>
    </p>
   </div>
   <div class='ocr_carea' id='block_1_102' title="bbox 2116 5057 3697 5134">
    <p class='ocr_par' dir='ltr' id='par_1_102' title="bbox 2126 5060 3697 5134">
     <span class='ocr_line' id='line_1_102' title="bbox 2126 5060 3697 5134; baseline -0.005 -13"><span class='ocrx_word' id='word_1_764' title='bbox 2126 5067 2365 5129; x_wconf 82' lang='grc' dir='ltr'>ἁπάσαις</span> <span class='ocrx_word' id='word_1_765' title='bbox 2406 5063 2615 5134; x_wconf 77' lang='grc' dir='ltr'>βοηθεῖν</span> <span class='ocrx_word' id='word_1_766' title='bbox 2644 5061 3104 5131; x_wconf 78' lang='grc' dir='ltr'>ἐπαγγελλόμενοί</span> <span class='ocrx_word' id='word_1_767' title='bbox 3135 5077 3217 5113; x_wconf 87' lang='grc' dir='ltr'><strong>σοι</strong></span> <span class='ocrx_word' id='word_1_768' title='bbox 3246 5063 3363 5124; x_wconf 77' lang='grc' dir='ltr'>τιῖς</span> <span class='ocrx_word' id='word_1_769' title='bbox 3391 5060 3660 5129; x_wconf 85' lang='grc' dir='ltr'>ἀνάγκαις</span> <span class='ocrx_word' id='word_1_770' title='bbox 3680 5076 3697 5091; x_wconf 91' lang='grc'><strong>·</strong></span> 
     </span>
    </p>
   </div>
   <div class='ocr_carea' id='block_1_103' title="bbox 445 5147 2015 5230">
    <p class='ocr_par' dir='ltr' id='par_1_103' title="bbox 445 5147 2015 5226">
     <span class='ocr_line' id='line_1_103' title="bbox 445 5147 2015 5226; baseline 0.01 -26"><span class='ocrx_word' id='word_1_771' title='bbox 445 5147 520 5202; x_wconf 88' lang='lat' dir='ltr'><strong>bil</strong></span> <span class='ocrx_word' id='word_1_772' title='bbox 550 5151 672 5219; x_wconf 81' lang='lat' dir='ltr'><strong>Opis</strong></span> <span class='ocrx_word' id='word_1_773' title='bbox 704 5150 831 5205; x_wconf 77' lang='lat' dir='ltr'><strong>hinc</strong></span> <span class='ocrx_word' id='word_1_774' title='bbox 878 5152 1151 5222; x_wconf 86' lang='lat' dir='ltr'><strong>retulisti;</strong></span> <span class='ocrx_word' id='word_1_775' title='bbox 1182 5155 1426 5226; x_wconf 85' lang='lat' dir='ltr'><strong>dumque</strong></span> <span class='ocrx_word' id='word_1_776' title='bbox 1457 5155 1641 5226; x_wconf 75' lang='lat' dir='ltr'><strong>fugam</strong></span> <span class='ocrx_word' id='word_1_777' title='bbox 1694 5165 2015 5224; x_wconf 75' lang='lat' dir='ltr'><strong>maturarcs,</strong></span> 
     </span>
    </p>
   </div>
   <div class='ocr_carea' id='block_1_104' title="bbox 2116 5147 3700 5230">
    <p class='ocr_par' dir='ltr' id='par_1_104' title="bbox 2122 5152 3700 5230">
     <span class='ocr_line' id='line_1_104' title="bbox 2122 5152 3700 5230; baseline -0.003 -18"><span class='ocrx_word' id='word_1_778' title='bbox 2122 5158 2401 5230; x_wconf 67' lang='grc' dir='ltr'>ὠφέληται</span> <span class='ocrx_word' id='word_1_779' title='bbox 2429 5157 2487 5211; x_wconf 86' lang='grc' dir='ltr'>δὲ</span> <span class='ocrx_word' id='word_1_780' title='bbox 2520 5156 2638 5209; x_wconf 83' lang='grc' dir='ltr'>οὐδὲ</span> <span class='ocrx_word' id='word_1_781' title='bbox 2680 5154 2787 5209; x_wconf 83' lang='grc' dir='ltr'><strong>ἀπὸ</strong></span> <span class='ocrx_word' id='word_1_782' title='bbox 2817 5152 3019 5206; x_wconf 83' lang='grc' dir='ltr'>τούτων</span> <span class='ocrx_word' id='word_1_783' title='bbox 3046 5153 3219 5217; x_wconf 76' lang='grc' dir='ltr'>οὐδὲν,</span> <span class='ocrx_word' id='word_1_784' title='bbox 3265 5153 3396 5224; x_wconf 75' lang='grc' dir='ltr'>περὶ</span> <span class='ocrx_word' id='word_1_785' title='bbox 3423 5154 3603 5224; x_wconf 83' lang='grc' dir='ltr'>φυγήν</span> <span class='ocrx_word' id='word_1_786' title='bbox 3636 5171 3700 5207; x_wconf 86' lang='grc' dir='ltr'><strong>τε</strong></span> 
     </span>
    </p>
   </div>
   <div class='ocr_carea' id='block_1_105' title="bbox 447 5243 2015 5321">
    <p class='ocr_par' dir='ltr' id='par_1_105' title="bbox 447 5243 2015 5321">
     <span class='ocr_line' id='line_1_105' title="bbox 447 5243 2015 5321; baseline 0.01 -29"><span class='ocrx_word' id='word_1_787' title='bbox 447 5249 606 5310; x_wconf 83' lang='lat' dir='ltr'><strong>capta</strong></span> <span class='ocrx_word' id='word_1_788' title='bbox 638 5258 700 5299; x_wconf 85' lang='lat' dir='ltr'><strong>es</strong></span> <span class='ocrx_word' id='word_1_789' title='bbox 728 5243 971 5300; x_wconf 84' lang='lat' dir='ltr'><strong>hostium</strong></span> <span class='ocrx_word' id='word_1_790' title='bbox 998 5248 1253 5304; x_wconf 80' lang='lat' dir='ltr'><strong>nianibus</strong></span> <span class='ocrx_word' id='word_1_791' title='bbox 1273 5256 1328 5304; x_wconf 89' lang='lat' dir='ltr'><strong>et</strong></span> <span class='ocrx_word' id='word_1_792' title='bbox 1355 5248 1630 5317; x_wconf 86' lang='lat' dir='ltr'><strong>abducta;</strong></span> <span class='ocrx_word' id='word_1_793' title='bbox 1662 5250 1755 5321; x_wconf 84' lang='lat' dir='ltr'><strong>qui</strong></span> <span class='ocrx_word' id='word_1_794' title='bbox 1782 5266 1916 5307; x_wconf 85' lang='lat' dir='ltr'><strong>sane</strong></span> <span class='ocrx_word' id='word_1_795' title='bbox 1956 5268 2015 5307; x_wconf 76' lang='lat' dir='ltr'><strong>ne</strong></span> 
     </span>
    </p>
   </div>
   <div class='ocr_carea' id='block_1_106' title="bbox 2116 5243 3701 5321">
    <p class='ocr_par' dir='ltr' id='par_1_106' title="bbox 2123 5243 3701 5321">
     <span class='ocr_line' id='line_1_106' title="bbox 2123 5243 3701 5321; baseline -0.003 -17"><span class='ocrx_word' id='word_1_796' title='bbox 2123 5249 2493 5321; x_wconf 78' lang='grc' dir='ltr'>ἀσχολουμένη</span> <span class='ocrx_word' id='word_1_797' title='bbox 2543 5249 2636 5301; x_wconf 77' lang='grc' dir='ltr'>καὶ</span> <span class='ocrx_word' id='word_1_798' title='bbox 2689 5244 3031 5316; x_wconf 72' lang='grc' dir='ltr'>αἰχμάλωτος</span> <span class='ocrx_word' id='word_1_799' title='bbox 3088 5246 3207 5308; x_wconf 87' lang='grc' dir='ltr'>ταῖς</span> <span class='ocrx_word' id='word_1_800' title='bbox 3261 5243 3370 5297; x_wconf 83' lang='grc' dir='ltr'><strong>τῶν</strong></span> <span class='ocrx_word' id='word_1_801' title='bbox 3424 5244 3701 5314; x_wconf 88' lang='grc' dir='ltr'>πολεμίων</span> 
     </span>
    </p>
   </div>
   <div class='ocr_carea' id='block_1_107' title="bbox 446 5332 2015 5414">
    <p class='ocr_par' dir='ltr' id='par_1_107' title="bbox 446 5332 2015 5414">
     <span class='ocr_line' id='line_1_107' title="bbox 446 5332 2015 5414; baseline 0.008 -32"><span class='ocrx_word' id='word_1_802' title='bbox 446 5332 795 5398; x_wconf 81' lang='lat' dir='ltr'><strong>parvulorum</strong></span> <span class='ocrx_word' id='word_1_803' title='bbox 817 5335 1042 5406; x_wconf 85' lang='lat' dir='ltr'><strong>quidem</strong></span> <span class='ocrx_word' id='word_1_804' title='bbox 1074 5344 1293 5393; x_wconf 78' lang='lat' dir='ltr'><strong>tuorum</strong></span> <span class='ocrx_word' id='word_1_805' title='bbox 1322 5339 1552 5403; x_wconf 86' lang='lat' dir='ltr'><strong>miserti,</strong></span> <span class='ocrx_word' id='word_1_806' title='bbox 1584 5341 1869 5398; x_wconf 75' lang='lat' dir='ltr'><strong>exanimes</strong></span> <span class='ocrx_word' id='word_1_807' title='bbox 1892 5345 2015 5414; x_wconf 40' lang='lat' dir='ltr'><strong>abji‘</strong></span> 
     </span>
    </p>
   </div>
   <div class='ocr_carea' id='block_1_108' title="bbox 2116 5332 3702 5414">
    <p class='ocr_par' dir='ltr' id='par_1_108' title="bbox 2118 5335 3702 5413">
     <span class='ocr_line' id='line_1_108' title="bbox 2118 5335 3702 5413; baseline -0.005 -16"><span class='ocrx_word' id='word_1_808' title='bbox 2118 5342 2443 5413; x_wconf 75' lang='grc' dir='ltr'>ἀπαγομένη</span> <span class='ocrx_word' id='word_1_809' title='bbox 2484 5340 2692 5412; x_wconf 71' lang='grc' dir='ltr'>χερσὶν,</span> <span class='ocrx_word' id='word_1_810' title='bbox 2724 5338 2774 5391; x_wconf 82' lang='grc' dir='ltr'>οἳ</span> <span class='ocrx_word' id='word_1_811' title='bbox 2817 5336 2937 5390; x_wconf 78' lang='grc' dir='ltr'>οὐδὲ</span> <span class='ocrx_word' id='word_1_812' title='bbox 2988 5336 3098 5390; x_wconf 85' lang='grc' dir='ltr'>τῶν</span> <span class='ocrx_word' id='word_1_813' title='bbox 3145 5335 3355 5407; x_wconf 82' lang='grc' dir='ltr'>νηπίων</span> <span class='ocrx_word' id='word_1_814' title='bbox 3390 5335 3502 5390; x_wconf 84' lang='grc' dir='ltr'>τῶν</span> <span class='ocrx_word' id='word_1_815' title='bbox 3548 5338 3702 5405; x_wconf 78' lang='grc' dir='ltr'>παρὰ</span> 
     </span>
    </p>
   </div>
   <div class='ocr_carea' id='block_1_109' title="bbox 445 5422 2015 5505">
    <p class='ocr_par' dir='ltr' id='par_1_109' title="bbox 445 5422 2015 5505">
     <span class='ocr_line' id='line_1_109' title="bbox 445 5422 2015 5505; baseline 0.011 -31"><span class='ocrx_word' id='word_1_816' title='bbox 445 5422 593 5475; x_wconf 75' lang='lat' dir='ltr'><strong>cient</strong></span> <span class='ocrx_word' id='word_1_817' title='bbox 642 5426 845 5490; x_wconf 82' lang='lat' dir='ltr'><strong>passim</strong></span> <span class='ocrx_word' id='word_1_818' title='bbox 894 5427 951 5482; x_wconf 90' lang='lat' dir='ltr'><strong>in</strong></span> <span class='ocrx_word' id='word_1_819' title='bbox 1000 5429 1280 5499; x_wconf 82' lang='lat' dir='ltr'><strong>compitis,</strong></span> <span class='ocrx_word' id='word_1_820' title='bbox 1332 5431 1486 5484; x_wconf 85' lang='lat' dir='ltr'><strong>vario</strong></span> <span class='ocrx_word' id='word_1_821' title='bbox 1534 5432 1767 5488; x_wconf 69' lang='lat' dir='ltr'><strong>caedium</strong></span> <span class='ocrx_word' id='word_1_822' title='bbox 1824 5451 2015 5505; x_wconf 79' lang='lat' dir='ltr'><strong>genere</strong></span> 
     </span>
    </p>
   </div>
   <div class='ocr_carea' id='block_1_110' title="bbox 2116 5422 3702 5505">
    <p class='ocr_par' dir='ltr' id='par_1_110' title="bbox 2119 5427 3702 5502">
     <span class='ocr_line' id='line_1_110' title="bbox 2119 5427 3702 5502; baseline -0.005 -14"><span class='ocrx_word' id='word_1_823' title='bbox 2119 5434 2202 5488; x_wconf 72' lang='grc' dir='ltr'><strong>σοὶ</strong></span> <span class='ocrx_word' id='word_1_824' title='bbox 2231 5431 2397 5502; x_wconf 75' lang='grc' dir='ltr'>φειδὼ</span> <span class='ocrx_word' id='word_1_825' title='bbox 2439 5430 2794 5501; x_wconf 80' lang='grc' dir='ltr'>ποιησάμενοι</span> <span class='ocrx_word' id='word_1_826' title='bbox 2827 5428 3121 5500; x_wconf 68' lang='grc' dir='ltr'>ἐρρίφασιν</span> <span class='ocrx_word' id='word_1_827' title='bbox 3167 5427 3309 5482; x_wconf 76' lang='grc' dir='ltr'>αὐτὰ</span> <span class='ocrx_word' id='word_1_828' title='bbox 3341 5427 3513 5496; x_wconf 74' lang='grc' dir='ltr'>νεκρὰ</span> <span class='ocrx_word' id='word_1_829' title='bbox 3557 5428 3702 5481; x_wconf 77' lang='grc' dir='ltr'>κατὰ</span> 
     </span>
    </p>
   </div>
   <div class='ocr_carea' id='block_1_111' title="bbox 443 5515 2015 5596">
    <p class='ocr_par' dir='ltr' id='par_1_111' title="bbox 443 5515 2015 5596">
     <span class='ocr_line' id='line_1_111' title="bbox 443 5515 2015 5596; baseline 0.012 -34"><span class='ocrx_word' id='word_1_830' title='bbox 443 5521 719 5568; x_wconf 68' lang='grc' dir='ltr'>ωιοοίιιυε.</span> <span class='ocrx_word' id='word_1_831' title='bbox 772 5515 1000 5572; x_wconf 84' lang='lat' dir='ltr'><strong>Constat</strong></span> <span class='ocrx_word' id='word_1_832' title='bbox 1040 5528 1221 5574; x_wconf 90' lang='lat' dir='ltr'><strong>autem</strong></span> <span class='ocrx_word' id='word_1_833' title='bbox 1286 5521 1371 5577; x_wconf 80' lang='lat' dir='ltr'><strong>hic</strong></span> <span class='ocrx_word' id='word_1_834' title='bbox 1414 5521 1704 5596; x_wconf 67' lang='lat' dir='ltr'><strong>IEtbiepas</strong></span> <span class='ocrx_word' id='word_1_835' title='bbox 1748 5526 1857 5581; x_wconf 86' lang='lat' dir='ltr'><strong>diei</strong></span> <span class='ocrx_word' id='word_1_836' title='bbox 1910 5543 2015 5581; x_wconf 89' lang='lat' dir='ltr'><strong>non</strong></span> 
     </span>
    </p>
   </div>
   <div class='ocr_carea' id='block_1_112' title="bbox 2116 5515 3687 5596">
    <p class='ocr_par' dir='ltr' id='par_1_112' title="bbox 2118 5520 3687 5592">
     <span class='ocr_line' id='line_1_112' title="bbox 2118 5520 3687 5592; baseline -0.004 -13"><span class='ocrx_word' id='word_1_837' title='bbox 2118 5527 2297 5579; x_wconf 78' lang='grc' dir='ltr'>πᾶσαν</span> <span class='ocrx_word' id='word_1_838' title='bbox 2345 5524 2464 5578; x_wconf 67' lang='grc' dir='ltr'>ὁδὸν</span> <span class='ocrx_word' id='word_1_839' title='bbox 2502 5520 2863 5592; x_wconf 78' lang='grc' dir='ltr'>πολυτρόποις</span> <span class='ocrx_word' id='word_1_840' title='bbox 2904 5520 3264 5585; x_wconf 78' lang='grc' dir='ltr'>ὑποϐαλόντες</span> <span class='ocrx_word' id='word_1_841' title='bbox 3304 5523 3558 5590; x_wconf 82' lang='grc' dir='ltr'>σφαγαῖς.</span> <span class='ocrx_word' id='word_1_842' title='bbox 3594 5520 3687 5574; x_wconf 79' lang='grc' dir='ltr'><strong>Εὗ-</strong></span> 
     </span>
    </p>
   </div>
   <div class='ocr_carea' id='block_1_113' title="bbox 444 5601 2015 5685">
    <p class='ocr_par' dir='ltr' id='par_1_113' title="bbox 444 5601 2014 5685">
     <span class='ocr_line' id='line_1_113' title="bbox 444 5601 2014 5685; baseline 0.011 -30"><span class='ocrx_word' id='word_1_843' title='bbox 444 5601 565 5657; x_wconf 89' lang='lat' dir='ltr'><strong>illos</strong></span> <span class='ocrx_word' id='word_1_844' title='bbox 597 5602 757 5673; x_wconf 78' lang='lat' dir='ltr'><strong>longe</strong></span> <span class='ocrx_word' id='word_1_845' title='bbox 787 5604 1036 5674; x_wconf 85' lang='lat' dir='ltr'><strong>dissitos,</strong></span> <span class='ocrx_word' id='word_1_846' title='bbox 1061 5609 1154 5666; x_wconf 83' lang='lat' dir='ltr'><strong>sed</strong></span> <span class='ocrx_word' id='word_1_847' title='bbox 1188 5612 1280 5683; x_wconf 87' lang='lat' dir='ltr'><strong>qui</strong></span> <span class='ocrx_word' id='word_1_848' title='bbox 1310 5611 1581 5685; x_wconf 65' lang='lat' dir='ltr'><strong>Egyptiis</strong></span> <span class='ocrx_word' id='word_1_849' title='bbox 1610 5625 1739 5672; x_wconf 89' lang='lat' dir='ltr'><strong>sunt</strong></span> <span class='ocrx_word' id='word_1_850' title='bbox 1778 5615 2014 5673; x_wconf 75' lang='lat' dir='ltr'><strong>finitimi.</strong></span> 
     </span>
    </p>
   </div>
   <div class='ocr_carea' id='block_1_114' title="bbox 2116 5601 3707 5685">
    <p class='ocr_par' dir='ltr' id='par_1_114' title="bbox 2116 5612 3707 5685">
     <span class='ocr_line' id='line_1_114' title="bbox 2116 5612 3707 5685; baseline -0.012 -13"><span class='ocrx_word' id='word_1_851' title='bbox 2116 5616 2275 5680; x_wconf 76' lang='grc' dir='ltr'>δηλον</span> <span class='ocrx_word' id='word_1_852' title='bbox 2302 5617 2359 5671; x_wconf 82' lang='grc' dir='ltr'>δὲ</span> <span class='ocrx_word' id='word_1_853' title='bbox 2389 5617 2471 5670; x_wconf 84' lang='grc' dir='ltr'><strong>ὅτι</strong></span> <span class='ocrx_word' id='word_1_854' title='bbox 2497 5613 2758 5678; x_wconf 77' lang='grc' dir='ltr'>Αίθίοπας</span> <span class='ocrx_word' id='word_1_855' title='bbox 2781 5614 2842 5665; x_wconf 76' lang='grc' dir='ltr'><strong>οὐ</strong></span> <span class='ocrx_word' id='word_1_856' title='bbox 2870 5613 2996 5677; x_wconf 78' lang='grc' dir='ltr'><strong>τούς</strong></span> <span class='ocrx_word' id='word_1_857' title='bbox 3024 5613 3214 5685; x_wconf 77' lang='grc' dir='ltr'>πόρρω</span> <span class='ocrx_word' id='word_1_858' title='bbox 3244 5629 3346 5668; x_wconf 84' lang='grc' dir='ltr'><strong>που</strong></span> <span class='ocrx_word' id='word_1_859' title='bbox 3376 5612 3707 5685; x_wconf 74' lang='grc' dir='ltr'>ἀπῳκισμέ-</span> 
     </span>
    </p>
   </div>
   <div class='ocr_carea' id='block_1_115' title="bbox 554 5761 941 5834">
    <p class='ocr_par' dir='ltr' id='par_1_115' title="bbox 554 5761 941 5834">
     <span class='ocr_line' id='line_1_115' title="bbox 554 5761 941 5834; baseline 0.008 -16"><span class='ocrx_word' id='word_1_860' title='bbox 554 5764 596 5794; x_wconf 76' lang='grc'><strong>’⁸</strong></span> <span class='ocrx_word' id='word_1_861' title='bbox 620 5761 744 5820; x_wconf 84' lang='lat' dir='ltr'><strong>Ose.</strong></span> <span class='ocrx_word' id='word_1_862' title='bbox 785 5781 858 5834; x_wconf 78' lang='lat' dir='ltr'><strong>nt,</strong></span> <span class='ocrx_word' id='word_1_863' title='bbox 890 5766 941 5821; x_wconf 86' lang='lat'><strong>6.</strong></span> 
     </span>
    </p>
   </div>
  </div>
