4118 6466
314 353 442 411 ιῖί

1344 350 1900 439 ΟΟΜΜΕΝΤΑβιυδ
1928 347 1995 403 IN
2043 347 2315 405 NAHUMI
2344 348 2500 406 CAP.
2538 346 2624 405 Ill.

3508 346 3628 402 193

320 491 467 538 νους
493 471 684 544 φησιν,
710 469 850 527 ἀλλά
873 471 997 535 τοὺς
1016 471 1175 535 ὅσους
1193 470 1426 544 ὁμόρους
1453 468 1593 526 εἶναι
1623 434 1940 526 συνέϐαινεν

2057 486 2068 520 ι
2103 469 2284 539 Super
2307 469 2571 540 prteclara
2601 483 2832 539 quaeque
2861 434 2982 537 ejus
3012 466 3233 522 mittent
3266 472 3468 531 sortes,
3491 481 3631 521 cun-

278 612 283 615 _
319 565 691 634 Αἰγυπτίοις.
733 583 753 617 ι
793 566 905 618 Καὶ
940 565 1034 618 ἐπὶ
1076 564 1255 618 πάντα
1298 563 1365 618 τὰ
1402 561 1589 630 ἔνδοξα
1640 564 1812 634 αὐτῆς
1843 561 1941 633 βα-

319 657 534 712 λοῦσιν
589 658 849 729 κλήρους,
903 658 999 710 καὶ
1045 656 1248 720 πάντες
1293 657 1343 711 οἰ
1391 658 1720 728 μεγιστᾶνες
1770 656 1940 726 αὐτῆς

318 749 670 822 δεθήσονται
699 749 1066 821 χειροπέδαις.
1102 768 1121 803 ι
1154 750 1405 805 Ἀπαντα
1435 751 1532 822 μὲν
1558 751 1668 822 γάρ
1692 751 1760 804 τὰ
1791 750 1943 822 παρὰ

320 843 432 897 σοὶ
452 843 622 915 τίμια
646 841 942 913 ἀφελόντες
968 843 1017 896 οί
1041 842 1292 913 πολέμιοι
1321 843 1661 916 διενείμαντο
1693 844 1937 916 κλήροις·

316 932 437 988 καὶ
470 935 605 997 τοὺς
637 934 782 1005 μέγα
818 933 878 987 δὲ
906 933 1015 986 τῶν
1043 935 1103 987 ἐν
1133 935 1217 987 σοὶ
1253 934 1516 988 δύνασθαι
1549 934 1943 1008 νομιζομένους

316 1040 397 1095 χε
407 1024 699 1095 ιροπέδαις
719 1026 747 1078 ὲ
755 1025 1054 1096 μὸα).όντες
1077 1027 1172 1081 ἐπὶ
1202 1026 1303 1099 τὴν
1332 1027 1711 1099 αἰχμαλωσίαν
1736 1024 1940 1083 εἷλκον.

320 1117 421 1187 (p.
456 1116 612 1188 549.)
648 1135 667 1167 ι
705 1117 816 1171 Καὶ
859 1117 924 1170 σὺ
972 1116 1309 1191 μεθυσθήσῃ.
1344 1138 1364 1171 ι
1407 1119 1628 1192 Ἐπειδὴ
1674 1120 1766 1174 τὸν
1801 1116 1943 1176 οἶνον

315 1208 438 1262 ἐπὶ
476 1208 755 1281 τιμωρίας
800 1208 1100 1279 λαμϐάνειν
1143 1209 1326 1276 εἴωθε,
1375 1211 1706 1283 βαρυτάτην,
1756 1213 1940 1284 φησιν,

318 1300 647 1371 ὑπομένεις
670 1301 770 1370 τὴν
798 1302 1071 1371 τιμωρίαν
1089 1318 1104 1335 “
1144 1302 1284 1357 ὥστε
1311 1304 1466 1377 δίκην
1500 1304 1790 1376 μεθύοντος
1817 1304 1945 1376 τῇδε

318 1392 576 1446 κάκεῖσε
604 1393 1051 1464 περιαντλεῑσθαι
1076 1398 1189 1461 τοῖς
1217 1399 1428 1462 κακοῖς.
1470 1417 1489 1450 ι
1527 1397 1637 1452 Καὶ
1664 1398 1761 1471 ἔσῃ
1803 1416 1946 1471 παρ-

318 1483 665 1555 εωραμένη.
711 1504 730 1537 ι
765 1486 938 1554 Λόγος
992 1485 1051 1540 δὲ
1096 1488 1273 1542 οὐδενὶ
1321 1491 1612 1561 γενήσεται
1647 1490 1758 1543 τῶν
1803 1489 1948 1544 κατά

321 1575 432 1629 σέ.
465 1594 485 1627 ι
526 1576 641 1630 Καὶ
680 1578 747 1631 σὺ
801 1576 1063 1648 ζητήσεις
1120 1583 1319 1652 σεαυτῇ
1384 1584 1574 1636 στάσιν
1626 1582 1686 1650 ἐξ
1737 1583 1945 1655 ἐχθρῶν

320 1674 529 1727 ως»
568 1667 970 1742 .Ἐπιθυμήσιις
1013 1671 1070 1724 δέ
1093 1690 1214 1725 τινα
1257 1673 1439 1727 ἄνεσιν
1482 1674 1591 1728 τῶν
1627 1676 1815 1729 κακῶν
1847 1676 1947 1731 λα-

320 1758 487 1824 δεῖν,
523 1759 700 1813 ὁπόσα
747 1760 812 1833 δή
863 1778 948 1815 σοι
993 1763 1145 1834 παρά
1190 1764 1299 1817 τῶν
1351 1765 1627 1836 πολεμίων
1663 1767 1805 1820 κατά
1854 1767 1946 1821 τὸν

2040 561 2225 631 ctique
2258 561 2553 632 optimates
2581 561 2702 631 ejus
2737 560 2969 617 manicis
3000 560 3334 615 vincientur.
3371 578 3392 612 ι
3431 557 3629 613 Omnia

2042 653 2137 707 tibi
2163 653 2404 722 pretiosa
2425 652 2727 722 eripientes
2750 653 2958 717 hostes,
2984 660 3132 709 sorte
3153 655 3300 709 inter
3332 669 3393 710 se
3418 653 3628 709 divise-

2043 752 2194 808 runt,
2232 752 2578 815 cunctosque
2618 744 2712 815 qui
2748 745 2894 815 apud
2934 755 2987 800 te
3025 754 3308 816 potentatu
3348 746 3630 816 pollebant

2044 839 2277 893 manicis
2308 839 2530 909 injectis
2572 839 2625 892 in
2649 839 3025 909 captivitatem
3063 836 3552 895 οΜυιοτυιιι.ιΕι
3570 846 3629 893 ιιι

2045 933 2429 989 inebriaberis.
2444 931 2608 998 iQuia
2631 932 2759 986 vino
2774 929 3090 1000 signiﬁcare
3111 930 3454 1001 punitionem
3486 929 3632 985 Scri-

2046 1033 2204 1095 ptura
2228 1024 2388 1089 solet,
2408 1023 2790 1095 gravissimam
2810 1022 2891 1077 illi
2909 1020 3266 1077 aitintlictum
3286 1020 3354 1075 iri
3384 1036 3627 1092 poenam,

2048 1126 2105 1171 ut
2127 1118 2266 1172 ebrii
2310 1118 2488 1172 instar
2522 1116 2652 1171 hinc
2701 1115 2831 1172 inde
2872 1118 3141 1173 obruatur
3178 1117 3629 1173 adversitatibus.

2050 1228 2069 1261 ι
2105 1208 2167 1262 Et
2191 1209 2539 1278 despicieris.
2577 1228 2594 1259 ι
2626 1207 2786 1263 Nulla
2812 1211 2891 1264 tui
2923 1209 3066 1265 ratio
3090 1209 3403 1265 habebitur.
3431 1227 3450 1260 ι
3480 1208 3547 1262 Ει
3572 1216 3634 1263 ιιι

2045 1314 2259 1369 ψιαπεε
2284 1301 2382 1355 tibi
2408 1301 2654 1370 requiem
2685 1301 2755 1355 ab
2780 1300 3018 1356 inimicis
3040 1302 3168 1356 tuis.
3188 1299 3455 1371 iOptabis
3485 1299 3636 1355 leva-

2045 1393 2191 1446 mine
2212 1393 2397 1462 aliquo
2420 1393 2690 1448 malorum
2717 1393 2905 1463 potiri,
2934 1409 3057 1464 quae
3074 1394 3174 1448 tibi
3201 1408 3269 1449 eo
3298 1400 3544 1462 tempore
3565 1391 3636 1446 ab

2046 1483 2299 1539 hostibus
2330 1484 2441 1539 tuis
2467 1482 2740 1538 accident.
2772 1500 2790 1533 ι
2829 1481 3032 1538 Omnes
3058 1483 3394 1537 munitiones
3423 1490 3531 1536 tum
3555 1479 3637 1535 si-

2051 1585 2147 1629 cut
2182 1585 2261 1630 tu.
2307 1595 2325 1627 ι
2363 1574 2545 1645 ιλΕᾳυο
2592 1590 2658 1629 ac
2708 1583 2764 1630 tu
2805 1581 3070 1630 corrucnt
3113 1574 3298 1629 omnia
3345 1589 3470 1643 quae
3501 1572 3634 1628 olim

2048 1672 2234 1728 tutelae
2268 1678 2375 1724 tua:
2416 1669 2594 1739 gratia
2630 1669 2878 1724 tenebas.
2926 1686 2945 1719 ι
2981 1667 3207 1722 Etiamsi
3255 1667 3635 1737 speculatores

2046 1764 2271 1828 habent,
2302 1762 2667 1817 nihilominus
2684 1769 2957 1830 quassatae
2973 1768 3233 1815 corruent
3261 1760 3315 1813 in
3345 1774 3408 1813 os
3430 1772 3634 1813 voran-

321 1819 547 1924 καιρὸν
573 1853 785 1907 ἐκεῖνον
799 1819 1108 1923 ’ἐπάγεσθαι
1136 1856 1337 1925 μέλλει.
1377 1876 1396 1908 ι
1434 1819 1621 1915 Πάντα
1647 1819 1716 1913 τά
1739 1819 1945 1933 exusti);

2057 1859 2140 1914 tis.
2184 1877 2203 1910 ι
2243 1856 2547 1911 Conaberis
2570 1855 2790 1924 quidem
2811 1854 3000 1908 multis
3029 1852 3475 1922 exploratoribus
3495 1865 3637 1905 ven-

325 1942 505 2014 ματά
533 1960 626 1996 σου
655 1943 732 2007 ὡς
764 1943 849 1998 σύ.
889 1965 909 1997 ι
940 1947 1389 2018 Καταλυθήσεται
1410 1950 1519 2020 γὰρ
1544 1952 1942 2025 παραπλησίως

2057 1960 2173 2007 tura
2207 1965 2571 2022 praenoscere,
2605 1949 2791 2004 statim
2839 1963 2901 2002 ac
2933 1947 3391 2017 propinquantem
3424 1945 3636 1999 hostem

324 2050 435 2087 σοι
468 2033 654 2089 πάντα
685 2036 857 2091 ὁπόσα
895 2038 959 2108 δὴ
995 2039 1132 2109 πρὸς
1161 2041 1463 2109 ἀσφάλειαν
1500 2043 1703 2097 οἰκείαν
1746 2047 1943 2116 πρότε-

2057 2046 2329 2113 audieris,
2366 2043 2462 2100 sed
2491 2051 2672 2096 tamen
2721 2042 3013 2096 custodum
3047 2040 3234 2093 nullus
3269 2036 3488 2091 fructus
3508 2038 3635 2096 erit.

325 2142 446 2198 ρον
472 2122 644 2197 εἶχες.
678 2146 698 2179 ι
728 2128 840 2181 Καὶ
873 2132 1110 2195 σκοποὺς
1148 2131 1333 2203 ἔχουσι
1364 2136 1461 2190 ἐὰν
1485 2138 1810 2203 σαλευθῶσι,
1848 2142 1945 2196 καὶ

2057 2153 2291 2208 namque
2316 2138 2386 2191 ab
2408 2135 2695 2206 imperatis
2727 2133 3063 2189 stationibus
3092 2130 3290 2201 dejecti
3316 2129 3372 2183 in
3396 2128 3637 2185 hostium

326 2218 653 2274 πεσοῦνται
701 2222 784 2285 εἰς
837 2221 1013 2293 στόμα
1062 2223 1354 2291 ἐσθίοντος.
1394 2247 1414 2279 ι
1448 2228 1696 2302 Πειράσῃ
1743 2231 1806 2303 δὴ
1855 2233 1944 2287 διὰ

2057 2238 2376 2304 potestatem
2404 2227 2668 2283 incident.

324 2309 570 2364 πολλῶν
603 2311 940 2367 ἀποσκοπεῖν
966 2314 1034 2368 τὰ
1077 2316 1335 2387 ἐσόμενα,
1386 2321 1557 2376 Eneti?
1625 2322 1693 2376 ἂν
1731 2327 1834 2395 τῆς
1877 2325 2185 2400 παρουσίας
2231 2322 2340 2379 τῶν
2390 2320 2668 2393 πολεμίων
2718 2317 2846 2390 δέξῃ
2902 2318 3001 2388 τὴν
3055 2316 3261 2386 ὰκοὴψ
3314 2314 3365 2368 οἱ
3408 2313 3467 2366 δὲ
3512 2312 3640 2382 ὀνή-

324 2408 512 2463 ωυσί
548 2424 608 2462 σε
642 2408 795 2463 οὐδέν
819 2428 832 2441 ·
867 2411 1232 2482 ἐκτραπέντες
1264 2414 1373 2487 γὰρ
1405 2416 1513 2472 τῶν
1540 2419 1943 2491 ἐντεταλμένων
1974 2420 2265 2475 πεσοῦνται
2292 2416 2397 2472 ὑπὸ
2418 2418 2534 2481 τοῖς
2561 2412 2862 2486 πολεμίοις.

426 2587 583 2659 Στίχ.
620 2596 819 2658 ιγ’-ις’.
863 2610 882 2642 ι
930 2590 1062 2645 Ἰδοὺ
1096 2591 1224 2656 λαός
1250 2609 1344 2647 σου
1372 2593 1449 2656 ὼς
1473 2596 1734 2663 γυναῖκες
1757 2596 1817 2649 έν
1848 2595 1953 2649 σοι’

326 2682 471 2742 τοῖς
527 2680 742 2753 ἐχθροῖς
792 2699 888 2736 σου
926 2682 1276 2754 ἀνοιγόμεναι
1326 2686 1741 2757 ἀνοιχθήσονται
1792 2686 1959 2741 πύλαι

332 2772 456 2844 τῆς
479 2773 586 2845 γῆς
608 2789 726 2840 σου,
745 2774 842 2829 καὶ
857 2776 1232 2845 καταφάγεται
1260 2776 1373 2848 πῦρ
1393 2778 1518 2840 τοὺς
1543 2776 1772 2847 μοχλούς
1797 2793 1912 2832 σου.
1935 2795 1955 2830 ι

336 2869 571 2931 Πάντες
610 2884 727 2933 σου,
772 2868 956 2939 φησὶν.
1011 2869 1062 2923 οἰ
1096 2869 1240 2923 κατὰ
1271 2870 1369 2941 τὴν
1400 2870 1555 2925 πόλιν
1604 2872 1838 2943 ὑπήκοοι
1864 2888 1963 2941 γυ-

337 2958 565 3013 ναικῶν
612 2958 768 3031 δίκην
824 2960 886 3013 ἐν
931 2960 1215 3031 ὀλολυγαῖς
1273 2962 1593 3033 γενήσονται
1651 2964 1746 3018 καὶ
1811 2963 1920 3018 δέει
1937 2979 1953 2993 ⁸

337 3051 532 3107 ὲπειδ’
576 3050 645 3105 ἂν
675 3050 776 3116 τὰς
817 3049 917 3123 μὲν
959 3050 1134 3117 πύλας
1168 3052 1274 3107 ὑπὸ
1305 3052 1414 3108 τῶν
1450 3053 1726 3124 πολεμίων
1774 3053 1957 3110 ἴδωσιν

334 3142 708 3211 ἁνοιγείσαςο
755 3142 1176 3214 κεκρατημένην
1217 3142 1274 3195 δὲ
1322 3142 1415 3197 ὑπ’
1447 3143 1626 3198 αὐτῶν
1670 3142 1770 3214 τὴν
1803 3142 1959 3198 πόλιν

341 3234 547 3304 πάσης
578 3233 677 3304 τῆς
707 3232 971 3304 πρότερον
996 3235 1134 3304 αὐτῇ
1162 3232 1425 3306 δοκούσης
1459 3233 1758 3303 ἀσφαλείας
1785 3251 1958 3306 προσ-

341 3328 501 3379 εἶναι
547 3324 624 3388 ὠς
675 3323 782 3378 ὑπὸ
833 3322 1007 3394 πυρὸς
1054 3322 1248 3393 ἀθρόον
1284 3322 1676 3395 ἀναλωθείσης.
1714 3324 1792 3396 (p.
1828 3323 1956 3395 350)

350 3437 376 3470 ¢
426 3417 619 3487 ’Υδωρ
649 3416 913 3488 περιοχῆς
941 3417 1245 3472 ἐπίσπασαι
1284 3419 1510 3489 σεαυτῇ.
1550 3416 1647 3472 καὶ
1675 3417 1957 3488 κατακρά-

342 3527 530 3582 τησον
557 3510 667 3564 τῶν
693 3508 1063 3581 ὀχυρωμάτων
1101 3525 1215 3563 σου.
1252 3528 1273 3565 ι
1300 3509 1523 3573 Πολλοῖς
1546 3508 1667 3571 ἔθος
1691 3510 1810 3563 ἐστὶ
1852 3509 1959 3582 πρὸ

344 3605 470 3660 τῶν
507 3603 707 3674 τειχῶν
731 3602 969 3673 τάφρους
996 3601 1327 3674 ἐργάξεσθαι
1363 3601 1647 3673 μεγίστας,
1679 3601 1774 3656 καὶ
1820 3601 1960 3672 πλη-

348 3692 495 3766 ροῦν
531 3692 736 3755 ταύτας
762 3691 976 3754 ὓδατος,
1002 3691 1078 3754 ὡς
1107 3692 1182 3765 μὴ
1215 3691 1403 3765 ῥᾳδίαν
1434 3692 1527 3747 ἐπὶ
1553 3692 1623 3747 τὰ
1666 3692 1821 3764 τείχη
1847 3695 1960 3757 τοῖς

348 3782 648 3854 πολεμίοις
690 3777 831 3836 εἶναι
869 3781 968 3853 τὴν
1000 3781 1269 3839 διάϐασιν.
1304 3782 1476 3835 Τοῦτο
1510 3775 1603 3837 οὖν
1636 3780 1788 3851 λέγει
1829 3781 1961 3835 κάν-

348 3873 571 3929 ταῦθα*
609 3874 715 3933 ὅτι.
745 3873 1072 3943 Ἐιρέλκυσαι
1101 3872 1202 3944 τὴν
1240 3875 1304 3927 ὲκ
1333 3871 1427 3928 τοῦ
1458 3873 1650 3937 ὓδατος
1682 3872 1959 3945 βοήθειαν,

351 3969 461 4023 καὶ
490 3965 755 4039 περίϐαλε
782 3966 957 4038 τούτῳ
978 3966 1039 4020 τὸ
1063 3969 1240 4037 τεῖχος
1268 3965 1330 4019 τὸ
1360 3968 1581 4032 οἰκεῖον,
1616 3966 1713 4021 καὶ
1741 3965 1961 4021 πάντων

350 4060 475 4115 τῶν
528 4061 611 4123 εἰς
658 4059 965 4129 ἀσφάλειάν
1016 4076 1100 4114 σοι
1144 4058 1583 4113 κατεσκευάσθαι
1635 4059 1961 4127 δοκούντων,

354 4151 570 4223 πολλὴν
598 4152 824 4224 ποίησαι
859 4151 958 4221 τὴν
997 4150 1337 4221 ἐπιμέλειαν,
1366 4150 1420 4203 εί
1450 4148 1554 4203 πού
1583 4166 1635 4202 τι
1663 4150 1728 4204 ὲκ
1758 4148 1963 4207 τούτων

353 4244 563 4312 δφελος
612 4242 811 4310 δέξαιο.
857 4242 1019 4311 Λέγει
1066 4241 1122 4295 δὲ
1163 4240 1302 4295 αὐτά
1334 4238 1634 4312 εἰρωνικῶς
1665 4241 1961 4315 διασύρων,

351 4335 443 4398 ὡς
495 4334 672 4387 οὐδενί
714 4332 1026 4405 βοηθεῖσθαι
1075 4334 1199 4386 κατ’
1230 4334 1436 4386 ἐκεῖνον
1462 4333 1554 4386 τὸν
1601 4334 1792 4405 καιρὸν
1836 4335 1965 4390 οἵων

358 4446 427 4481 τε
469 4426 662 4481 ὄντων.
709 4426 937 4495 Ἐπάγει
968 4425 1133 4494 γοῦν·
1185 4445 1203 4477 ι
1254 4425 1497 4496 Ἔμεηθι
1523 4427 1603 4491 εἰς
1634 4425 1826 4497 πηλὸν,
1871 4426 1967 4481 καὶ¹

362 4518 761 4592 συμπατήθητι
793 4520 853 4572 ἐν
887 4518 1110 4591 ἀχύροις
1131 4536 1145 4550 ·
1180 4518 1600 4590 κατακράτησον
1630 4519 1771 4591 ὑπὲρ
1811 4519 1966 4573 πλίν-

361 4613 464 4669 ὂον
487 4629 502 4642 ’
541 4614 660 4667 ἐκεῖ
688 4610 1071 4681 καταφάγεταί
1110 4627 1170 4663 σε
1203 4610 1335 4682 πῦρ,
1366 4610 1739 4683 ἐξολοθρεύσει
1771 4628 1832 4665 σε
1862 4610 1967 4682 μά-

2124 2596 2293 2654 Vsss.
2334 2595 2539 2651 15-16.
2575 2622 2647 2635 -——
2691 2591 2871 2648 «Ecce
2905 2592 3142 2662 populus
3200 2597 3334 2645 tuus
3374 2595 3643 2659 tanquam

2055 2688 2275 2746 femina:
2290 2688 2435 2759 apud
2461 2695 2536 2743 te.
2570 2684 2833 2741 Hostibus
2864 2685 2975 2738 tuis
3008 2682 3264 2754 pateﬁent
3290 2688 3463 2751 portae
3479 2679 3648 2752 229

2056 2779 2299 2850 regionis
2332 2786 2467 2843 tute;
2523 2775 2668 2846 ignis
2722 2773 2923 2828 aduret
2969 2782 3154 2829 vectes
3189 2781 3338 2827 tuos.
3368 2789 3387 2823 ι
3436 2770 3645 2826 Omnes

2057 2872 2153 2943 qui
2177 2871 2327 2927 dicto
2367 2877 2463 2923 tuo
2509 2865 2966 2936 obtemperabant
3001 2879 3099 2935 per
3131 2864 3322 2918 urbem
3358 2863 3533 2925 cives,
3566 2859 3648 2917 fe.

2058 2966 2335 3020 minarum
2384 2963 2496 3017 ritu
2542 2960 2847 3014 ululatibus
2873 2958 3238 3029 indulgebant
3266 2964 3432 3026 atque
3453 2954 3649 3010 formi-

2057 3054 2197 3119 dini,
2248 3054 2434 3110 statim
2478 3066 2544 3106 ac
2586 3060 2777 3120 portas
2808 3048 3062 3105 hostibus
3105 3055 3357 3118 patentes
3381 3046 3647 3114 viderint,

2059 3154 2390 3217 captamque
2424 3144 2494 3199 ab
2522 3142 2607 3197 his
2643 3142 2858 3205 urbem,
2906 3141 3066 3209 cujus
3106 3147 3263 3195 vetns
3311 3138 3493 3194 omnis
3528 3153 3651 3191 mu-

2061 3237 2200 3290 nitio
2228 3244 2489 3306 tanquam
2538 3234 2664 3305 igne
2710 3232 2898 3289 subito
2926 3240 3236 3287 evanescet.
3272 3230 3521 3301 «Aquam
3551 3228 3652 3284 ob-

2062 3328 2296 3385 sidionis
2342 3326 2560 3381 attrahe
2610 3326 2731 3391 tibi,
2780 3324 2969 3380 obtine
3021 3323 3435 3394 propugnacula
3485 3329 3644 3376 tua.»

2064 3421 2360 3476 Multorum
2405 3435 2526 3474 mos
2555 3426 2639 3473 est
2687 3433 2800 3489 prae
2831 3417 3107 3472 mamilius
3144 3416 3330 3471 foveas
3379 3415 3652 3471 maximas

2058 3512 2298 3568 elIodere
2346 3526 2552 3581 easque
2592 3508 2752 3579 aquis
2797 3508 3093 3578 complere,
3141 3522 3211 3564 ne
3246 3507 3319 3563 sit
3361 3507 3652 3578 expeditus

2061 3603 2315 3660 hostibus
2343 3602 2410 3657 ad
2444 3600 2649 3656 mmnia
2685 3614 2967 3656 accessus.
3012 3598 3070 3655 ld
3104 3599 3294 3669 utique
3341 3614 3490 3653 nunc
3536 3599 3647 3653 ait:

2060 3696 2190 3753 Pete
2222 3696 2292 3750 ab
2337 3708 2478 3765 aqua
2512 3691 2853 3763 praesidium,
2892 3701 3055 3761 atque
3088 3690 3194 3745 hac
3227 3689 3513 3745 circumda
3536 3704 3655 3743 mu-

2060 3805 2182 3844 rum
2211 3796 2403 3851 tuum;
2436 3786 2683 3855 nihilque
2717 3798 2910 3839 eorum
2944 3782 3299 3853 praetermitte
3323 3796 3446 3851 quae
3465 3781 3654 3837 tutelae

2060 3881 2328 3952 prodesse
2350 3878 2642 3943 videntur;
2675 3878 2718 3932 si
2748 3876 2893 3930 forte
2915 3876 3053 3933 hinc
3095 3872 3305 3944 aliquid
3339 3874 3462 3943 opis
3488 3872 3657 3942 impe-

2062 3979 2209 4026 trare
2229 3984 2419 4041 queas.
2448 3966 2717 4038 Loquitur
2748 3980 2880 4021 vero
2917 3964 3128 4020 ironice
3177 3971 3234 4019 et
3276 3962 3653 4024 subsannans,

2061 4064 2322 4135 quoniam
2350 4062 2468 4117 haec
2500 4060 2636 4115 nulli
2672 4059 2799 4115 usui
2820 4073 2917 4131 per
2947 4058 2998 4113 id
3018 4065 3237 4127 tempus
3267 4053 3451 4110 futura
3469 4063 3649 4110 erant.

2064 4156 2208 4228 Ergo
2236 4155 2389 4210 addit
2423 4173 2435 4208 :
2480 4152 2811 4224 «Ingredere
2862 4152 3062 4214 lutum,
3101 4149 3432 4206 conculcare
3466 4148 3520 4202 in
3559 4161 3657 4218 pa-

2063 4248 2186 4311 leis,
2220 4247 2484 4302 roborare
2515 4260 2682 4315 super
2706 4245 2930 4299 laterem
2956 4261 2969 4296 :
2993 4243 3067 4296 ibi
3095 4240 3315 4296 vorabit
3336 4247 3388 4294 te
3410 4237 3656 4305 ﬂamma,

2066 4340 2260 4412 perdet
2292 4346 2346 4394 te
2374 4336 2611 4408 gladius,
2645 4337 2899 4392 comedet
2923 4343 2975 4389 te
3003 4334 3165 4404 quasi
3194 4333 3433 4393 locusta,
3456 4345 3659 4402 grava-

2067 4436 2219 4493 beris
2252 4442 2311 4490 ut
2339 4433 2613 4490 bruchus.
2651 4431 3030 4501 Multiplicasti
3077 4427 3484 4500 negotiationes
3532 4433 3659 4480 tuas

2068 4542 2236 4599 super
2282 4534 2433 4583 astra
2483 4525 2632 4580 cmli.
2672 4543 2691 4576 ι
2732 4521 3129 4579 Verumtamen
3184 4519 3335 4573 nulla
3388 4528 3519 4572 tunc
3558 4517 3657 4571 tibi

2069 4620 2136 4677 ad
2174 4620 2405 4677 salutem
2441 4615 2779 4673 machinatio
2814 4613 3090 4687 proderit;
3144 4612 3256 4667 imo
3284 4610 3452 4666 veluti
3488 4609 3541 4663 in
3573 4608 3660 4664 lu-

363 4723 572 4779 χιιρα·
613 4705 707 4759 καὶ
746 4703 1129 4774 καταφάγεταί
1172 4720 1230 4756 σε
1278 4703 1353 4767 ὡς
1399 4703 1585 4774 ἀκρὶς.
1631 4704 1727 4758 καὶ
1762 4701 1956 4775 βαρυν-

2071 4713 2272 4770 tumin
2318 4711 2588 4767 malorum
2628 4709 2954 4766 barathrum
2992 4706 3229 4769 incides,
3281 4713 3335 4760 et
3382 4705 3661 4775 palearum

365 4799 517 4871 θήσῃ
545 4796 621 4859 ὡς
652 4794 914 4867 βροῦχοςυ
940 4792 1247 4865 ὲπλήθυνας
1282 4793 1554 4865 ἐμπορίας
1580 4810 1674 4847 σου
1719 4794 1860 4864 ὑπὲρ
1903 4793 1973 4848 τὰ

366 4891 550 4961 ἄστρα
598 4888 694 4943 τοῦ
741 4887 997 4960 οὐρανοῦ.
1042 4907 1061 4941 ι
1115 4886 1256 4940 Ἀλλ’
1297 4886 1451 4940 οὐδὲν
1500 4885 1653 4940 ἔσται
1704 4903 1788 4940 σοι
1837 4887 1974 4960 πρὸς

368 4984 655 5056 σωτηρίαν
725 4981 1030 5053 μηχάνημα
1095 4980 1219 5035 τότε
1239 4998 1253 5011 ο
1318 4979 1631 5034 τούναντίον
1703 4981 1803 5052 μὲν
1856 4977 1971 5044 οὖν,

366 5075 569 5146 ὥσπερ
628 5076 708 5137 εἰς
755 5090 879 5127 τινα
930 5072 1104 5144 πηλὸν
1151 5071 1405 5143 ἐμπέσῃ,
1452 5071 1513 5125 τὸ
1565 5071 1797 5142 μέγεθος
1861 5072 1973 5127 τῶν

366 5169 586 5234 κακῶν,
617 5168 775 5239 δίκην
808 5164 1028 5237 ἀχύρων
1055 5166 1113 5219 ὲν
1142 5166 1356 5234 ποιήσει
1384 5162 1623 5217 πλίνθων
1650 5180 1967 5234 συμπατου-

368 5268 556 5339 μένων
583 5282 644 5318 τε
672 5263 769 5318 καὶ
813 5261 1342 5333 συναναφυρομένων
1388 5258 1468 5330 τῷ
1510 5258 1667 5331 πηλῷ
1713 5262 1771 5313 ἐν
1796 5261 1971 5316 ἀπασι

2070 4806 2248 4861 instar
2277 4817 2419 4874 tum,
2459 4818 2586 4856 cum
2616 4801 2819 4857 lateres
2868 4797 3265 4861 coniiciuntur,
3319 4796 3663 4854 conculcana

2070 4905 2163 4953 tur
2193 4903 2248 4952 et
2278 4897 2396 4951 luto
2427 4894 2834 4959 immiscentur,
2883 4893 3145 4948 omnibus
3190 4891 3339 4946 illius
3398 4890 3665 4960 temporis

2070 4993 2231 5048 malis
2271 5001 2325 5047 et
2357 4990 2475 5061 ipse
2508 4988 2983 5045 commisceberis.
3031 4986 3246 5058 Quippe
3299 4985 3444 5056 ignis
3491 4984 3668 5039 instar

2071 5084 2326 5140 absumet
2356 5087 2409 5136 te
2438 5080 2650 5148 hostis;
2692 5078 2935 5134 caedibus
2968 5077 3138 5133 variis
3180 5075 3385 5145 peribis
3418 5090 3434 5129 :
3466 5071 3665 5128 bruchi

2075 5184 2133 5234 et
2161 5176 2392 5230 locusta:
2420 5187 2573 5228 more
2618 5169 2974 5241 superveniet
3012 5167 3110 5221 tibi
3157 5165 3399 5219 hostium
3443 5176 3663 5233 agmen,

2083 5270 2177 5342 qui
2215 5275 2267 5323 te
2288 5254 2637 5330 consument,
2678 5262 3049 5331 acerbumque
3088 5257 3184 5312 tibi
3220 5257 3488 5312 malorum
3539 5269 3669 5309 scn-

364 5368 484 5427 τοῖς
520 5366 642 5419 τότε
681 5363 987 5436 φυρόμενος
1012 5361 1203 5422 κακοῖς
1233 5359 1327 5412 καὶ
1353 5357 1517 5421 αὑτός
1536 5380 1548 5390 ·
1576 5356 1842 5412 ἀναλώσει
1876 5360 1956 5430 μὲι

2084 5376 2206 5417 sum
2243 5359 2485 5415 efﬁcient
2516 5355 2748 5412 :otiosae
2784 5353 2882 5408 tibi
2916 5358 3079 5407 erunt
3102 5364 3235 5420 Opes
3271 5346 3394 5411 illae,
3430 5359 3665 5415 quarum

365 5463 485 5534 γάρ
534 5479 597 5515 σε
644 5462 802 5531 δίκην
856 5457 1029 5529 πυρὸς
1076 5458 1106 5510 ὀ
1162 5454 1459 5524 πολέμιοςθ
1523 5453 1874 5528 ἀφανισθήσῃ
1918 5454 1956 5508 δί

2084 5466 2375 5507 numerum
2400 5449 2578 5506 stellis
2603 5446 2924 5502 coelestibus
2956 5457 3142 5514 parem
3175 5452 3558 5509 congcsseras.

369 5528 616 5625 σφαγαῖς
667 5528 976 5613 ποικίλαις·
1027 5548 1259 5621 βρούχου
1301 5564 1362 5600 τε
1417 5547 1513 5600 καὶ
1563 5546 1788 5618 ἀκρίδος
1837 5547 1995 5617 δίκην
2028 5542 2384 5599 ὲπελεύσεταί
2438 5560 2519 5598 σοι
2560 5541 2671 5594 τῶν
2722 5538 3001 5609 πολεμίων
3039 5536 3099 5589 τὸ
3137 5533 3361 5605 πλῆθος,
3416 5532 3493 5603 (p.
3543 5528 3669 5625 551i

367 5623 867 5710 καταναλίσκοντές
915 5661 974 5697 σε
1021 5643 1119 5697 καὶ
1201 5641 1428 5713 βαρεῖαν
1488 5637 1911 5710 ἑξεργαζόμενοί
1951 5656 2033 5693 σοι
2083 5638 2194 5693 τῶν
2244 5636 2431 5693 κακῶν
2477 5634 2578 5705 τὴν
2620 5633 2852 5704 πεῖραν·
2909 5629 3194 5697 ἄπρακτος
3230 5628 3288 5682 δέ
3341 5644 3426 5682 σοι
3481 5625 3587 5687 πᾶς
3642 5623 3673 5676 6

368 5742 610 5807 πλοῦτος
658 5745 866 5806 ἐκεῖνος
896 5741 1211 5813 γενήσεται,
1267 5738 1329 5791 ὃν
1383 5735 1672 5801 συνέλεξας
1724 5734 1968 5808 ὡσπερεί
1999 5740 2112 5800 τοῖς
2140 5735 2363 5807 ἄστροις
2396 5728 2773 5804 ἁμιλλώμενος
2805 5725 2902 5782 τοῦ
2932 5724 3185 5797 ούρανοῦ.
