4118 6476
534 346 643 404 ιετ

1724 346 2079 406 TUEODORI
2121 348 2613 410 MOPSUESTENI

3705 358 3807 417 ΑΗ

609 461 782 520 Vens.
831 462 1020 519 16-19.
1056 491 1128 504 —
1171 462 1468 520 «Brucbus
1527 461 1691 519 irruit
1743 474 1801 522 et
1845 468 2111 535 evolavit;

2296 472 2446 543 Στίχ.
2482 472 2680 536 ις’-ιθ’.
2714 499 2782 513 -
2816 489 2836 523 ‹
2881 470 3120 542 Βροῦχος
3154 470 3380 543 ῶρμησε
3407 471 3502 526 καὶ
3545 470 3808 537 ἐξεπετάο

535 551 733 619 exiliit,
765 553 924 623 quasi
957 554 1257 618 attelabus,
1281 554 1610 610 commistus
1635 565 1764 613 tuus
1791 565 1887 613 :ut
1908 559 2122 615 locusta

536 658 660 711 quae
690 644 892 699 insedit
943 660 1144 715 samem
1200 646 1256 700 in
1288 646 1375 700 die
1413 646 1557 715 gelu.
1602 645 1776 704 Ortus
1813 657 1899 704 est
1935 651 2041 717 sol,
2068 661 2123 707 et

536 734 627 789 illa
663 736 930 798 avolavit;
962 751 1142 807 neque
1169 738 1427 808 cognitus
1447 738 1609 809 23o
1625 747 1711 794 est
1751 740 1907 795 locus
1939 741 2116 810 ejus.»

534 825 759 893 Omnes,
787 827 987 896 inquit,
1022 828 1224 884 subditi
1259 830 1359 894 tui,
1385 845 1529 900 quos
1562 830 1750 885 multis
1774 846 1804 886 e
1838 831 1973 887 locis
1991 847 2123 887 con-

534 926 805 983 traxeras,
863 920 1285 985 incrementum,
1362 930 1424 975 ut
1487 922 1872 985 arbitrabaris.
1917 923 2120 978 virium

534 1018 751 1065 tuarum
778 1010 854 1079 (id
888 1012 1034 1066 enim
1069 1013 1339 1083 signiticet
1374 1029 1473 1067 vox
1514 1014 1885 1083 comminus),
1922 1015 2121 1070 hrucbi

531 1102 642 1155 ritu
727 1103 1079 1157 avolaverunt
1149 1118 1605 1173 quaquaversus.
1672 1102 2123 1176 diffugeruntque

532 1190 708 1247 instar
733 1192 976 1247 astelabi.
1005 1191 1201 1247 lmitati
1245 1203 1372 1249 sunt
1407 1194 1676 1250 locustam
1711 1210 1833 1265 quae
1860 1194 1993 1249 bora
2028 1211 2123 1266 ge-

532 1282 643 1337 lida
673 1298 869 1351 saepem
900 1284 1099 1340 insidet
1143 1304 1156 1339 :
1194 1286 1307 1340 haec
1359 1287 1504 1340 enim
1548 1295 1736 1344 manet
1790 1290 1846 1343 in
1886 1290 2123 1347 statione

532 1374 830 1430 immobilis
853 1391 883 1428 a
920 1375 1143 1446 frigore,
1178 1375 1355 1433 donec
1384 1386 1509 1434 orto
1548 1380 1663 1434 sole
1688 1380 1923 1451 geluque
1970 1397 2122 1438 reso-

531 1467 664 1531 luto,
717 1468 826 1522 vim
874 1468 1092 1523 volandi
1157 1485 1514 1541 recuperans,
1574 1474 1779 1534 exsilit.
1814 1475 1965 1529 nullo
2034 1476 2120 1530 sui

529 1557 761 1627 vestigio
787 1558 1001 1613 relicto.
1054 1557 1195 1614 Dicit
1257 1569 1440 1617 autem
1472 1581 1485 1616 :
1520 1561 1588 1616 lli
1643 1564 1848 1635 pariter
1876 1565 1969 1635 qui
2023 1565 2119 1621 tibi

530 1654 693 1701 antea
727 1657 906 1704 unctus
954 1664 1127 1705 causa
1187 1652 1663 1722 obtemperabant,
1711 1670 1837 1709 mox
1888 1655 1980 1709 ubi
2023 1654 2120 1709 ad-

531 1750 692 1791 versa
756 1735 979 1792 fortuna
1026 1739 1388 1804 laboraveris,
1436 1748 1693 1811 tanquam
1740 1741 1992 1797 libertate
2032 1758 2120 1799 reo

528 1838 710 1896 cepta,
741 1831 925 1885 cuncti
969 1847 997 1882 a
1050 1840 1106 1885 te
1141 1840 1371 1887 ovantes
1410 1832 1685 1888 recedent.
1726 1832 1933 1891 Deinde
1957 1836 2114 1905 lugu-

532 1917 703 1973 briter
730 1921 1140 1990 generatimque
1164 1923 1430 1993 propheta
1457 1924 1731 1978 exclamat
1756 1943 1769 1979 :
1790 1944 1810 1977 ι
1839 1924 1933 1981 Va:
1974 1928 2107 1984 illisi

527 2007 964 2065 dormitaverunt
1008 2019 1261 2080 pastores
1312 2013 1427 2079 tui;
1467 2028 1566 2069 rex
1609 2013 1873 2087 Assyrius
1910 2032 2112 2073 conso-

532 2100 1105 2171 pivitpoteutes'tuos.
1134 2123 1154 2157 ι
1192 2102 1448 2172 Flebiles,
1477 2106 1574 2170 ait,
1599 2123 1697 2164 vos
1720 2123 1914 2165 omnes
1943 2125 2104 2165 :nam

526 2192 716 2258 duces,
748 2208 847 2250 ceu
881 2209 1081 2264 sopore
1103 2195 1366 2266 quodam,
1414 2197 1699 2266 punitione
1744 2202 1981 2269 correpti
2015 2216 2113 2257 oc-

508 2284 856 2339 cubuerunt.
894 2285 1025 2341 Tale
1056 2295 1143 2342 est
1177 2285 1317 2342 illud
1351 2287 1494 2357 apud
1531 2287 1755 2344 beatum
1796 2288 2057 2346 Davidem
2094 2309 2107 2345 :

532 2392 552 2425 ι
577 2373 1021 2431 Dormitaverunt
1039 2377 1134 2447 qui
1184 2378 1556 2434 ascendebant
1586 2379 1817 2449 equos"
1839 2419 1854 2433 .
1882 2400 1903 2433 ι
1941 2381 2112 2436 Porro

526 2482 656 2537 rege
696 2475 884 2522 vestro
930 2468 1052 2523 neci
1107 2467 1309 2523 tradito
1364 2470 1697 2525 commortui
1744 2477 1875 2526 sunt
1918 2486 2111 2528 omnes

523 2558 617 2628 qui
651 2559 790 2629 apud
833 2574 958 2614 eum
1000 2558 1267 2631 dignitate
1314 2561 1669 2631 praestabant.
1727 2580 1746 2614 ι
1774 2561 1997 2634 Difl‘ugit
2041 2562 2111 2618 ad

525 2658 742 2705 montes
772 2651 1003 2720 populus
1033 2659 1183 2719 tuus,
1208 2667 1390 2722 neque
1427 2662 1547 2709 erat
1587 2654 1682 2724 qui
1719 2669 1846 2711 eum
1895 2655 2112 2726 excipe-

524 2749 631 2798 ret.
665 2760 684 2793 ι
719 2740 918 2797 Cuncti
953 2742 1068 2813 jam
1112 2743 1180 2799 ad
1225 2743 1410 2815 fugam
1458 2748 1803 2814 spectabant,
1848 2746 2110 2816 quoniam

523 2849 685 2890 nemo
735 2835 979 2905 reliquus
1026 2844 1144 2891 erat
1194 2836 1289 2906 qui
1337 2837 1592 2906 praesenti
1642 2839 1785 2894 malo
1826 2839 2109 2910 suppetias

525 2927 714 2983 ferret.
752 2945 772 2979 ‹
802 2926 919 2983 Νοη
932 2928 1432 2987 estconfractionis
1450 2930 1680 2985 medela.
1714 2950 1733 2983 ι
1760 2929 1904 2987 Cura
1924 2931 2108 2989 omnis

523 3026 686 3086 atque
733 3019 1045 3074 emendatio
1101 3020 1368 3076 malorum
1444 3031 1664 3075 tuorum
1717 3022 1930 3078 sublata
1998 3031 2104 3078 est.

2224 561 2348 633 σθη,
2401 560 2628 632 ἐξήλατο
2674 560 2751 624 ὡς
2797 559 3091 624 ἀττέλαϐος
3137 561 3168 613 6
3220 558 3528 629 σύμμικτός
3567 575 3685 623 σου,
3730 558 3810 622 ὡς

2221 654 2384 724 ἀκρίς
2411 652 2771 719 ὲπιδεϐηκυῖα
2817 652 2912 706 ἐπὶ
2953 649 3206 723 φραγμὸν
3254 653 3311 706 ἐν
3364 650 3549 722 ήμέρεει¹
3589 649 3769 719 πάγου
3790 667 3806 683 ’

2220 749 2249 800 6
2276 746 2426 817 ἥλιος
2463 745 2723 809 ἀνέτειλε,
2765 744 2860 799 καὶ
2907 743 3171 814 ἀφήλατο,
3203 742 3299 797 καὶ
3341 742 3443 796 οὐκ
3487 739 3733 812 ἐγνώσθη
3780 743 3810 797 ό

2218 840 2383 901 τόπος
2428 837 2619 907 αὐτῆς.
2666 856 2685 890 ι
2724 835 2957 901 Πάντες,
2996 835 3182 906 φησὶν,
3220 835 3269 888 οῖ
3301 832 3532 904 ὑπήκοοί
3575 850 3669 886 σου
3713 831 3811 897 οὓς
3852 873 3863 883 .

2222 929 2550 1000 πολλαχόθεν
2586 930 2893 999 συνήγαγες
2942 925 3122 996 αὖξων
3170 926 3245 990 ὼς
3288 924 3400 997 ᾤου
3440 923 3537 996 τὴν
3574 923 3808 995 δύναμιν

2220 1020 2419 1093 ἑαυτῷ,
2462 1020 2620 1075 τοῦτο
2663 1020 2774 1094 γὰρ
2804 1019 2952 1090 λέγει
2989 1037 3009 1071 ι
3071 1017 3399 1089 σύμμικτον,
3437 1036 3457 1069 ι
3493 1016 3686 1087 ὥσπερ
3722 1032 3809 1080 τις

2223 1114 2450 1186 βροῦχος
2481 1114 2701 1184 ἀπέπτη
2746 1129 2840 1166 σου
2869 1109 3171 1175 παντελῶς,
3216 1109 3312 1163 καὶ
3344 1107 3675 1181 ἐξεπήδησεν
3710 1108 3806 1160 ἀτ-

2218 1207 2445 1261 τελάϐου
2483 1206 2671 1276 δίκην*
2717 1203 3115 1277 ὲμιμήσατότε
3143 1201 3341 1274 ἀκρίδα
3379 1202 3437 1254 ὲν
3471 1203 3654 1271 πάγῳ,
3685 1201 3809 1253 επι-

2216 1298 2515 1369 ϐεϐηκυῖαν
2558 1295 2818 1369 φραγμῷ,
2867 1297 2901 1366 ἢ
2947 1294 3205 1364 ἀκίνητος
3235 1293 3300 1345 ὲκ
3326 1290 3420 1344 τοῦ
3475 1291 3665 1362 κρίους
3710 1291 3807 1344 ἐπὶ

2217 1389 2318 1460 τῆς
2349 1388 2589 1452 στάσεως
2625 1386 2863 1458 μένουσα
2886 1386 2987 1457 τῆς
3013 1384 3240 1448 οἰκείας,
3270 1382 3422 1454 ἡλίου
3452 1381 3710 1451 φανέντος
3741 1398 3805 1434 τε

2218 1481 2314 1535 καὶ
2337 1479 2686 1543 διαλύσαντος
2709 1479 2802 1533 τὸν
2834 1479 3032 1547 πάγον,
3065 1475 3260 1549 ἀθρόον
3292 1476 3390 1542 τῆς
3421 1473 3674 1545 πτήσεως
3700 1473 3804 1543 τῆς

2218 1566 2425 1631 οἰκείας
2474 1566 2811 1638 ἀπειληφυῖα
2840 1565 2940 1638 τὴν
2988 1564 3219 1636 δύναμιν
3279 1563 3603 1632 ἁφίπταται,
3650 1562 3804 1616 οὐδὲν

2219 1659 2367 1729 ἴχνος
2407 1660 2506 1731 τῆς
2544 1659 2788 1724 στάσεως
2819 1659 2991 1730 αὐτῆς
3033 1654 3412 1712 καταλιποῦσα
3455 1655 3559 1726 τῆς
3596 1654 3802 1726 πρότε-

2224 1769 2338 1824 ρον.
2369 1751 2526 1806 Οὕτω
2557 1752 2690 1824 γὰρ,
2721 1752 2876 1823 φησὶ,
2913 1751 3008 1806 καὶ
3053 1743 3200 1804 οὗτοι
3242 1749 3508 1820 πρότερον
3553 1747 3652 1815 μὲν
3695 1746 3802 1800 ὑπὸ

2143 1825 2188 1881 Β
2219 1845 2303 1898 σοὶ
2332 1844 2742 1915 καθεστήκεσαν
2771 1843 2850 1914 τῷ
2877 1842 2987 1897 δέει
3005 1859 3021 1874 ο
3068 1839 3485 1910 καταλαϐούσης
3514 1837 3572 1893 δέ
3612 1855 3672 1892 σε
3699 1838 3803 1903 τῆς

2215 1939 2521 2010 συμφορᾶς,
2550 1937 2742 2010 ῶσπερ
2773 1939 2831 1992 ὲν
2870 1934 3156 2007 ἐλευθερίᾳ
3206 1934 3313 1987 τινί⁵
3354 1930 3656 2003 γεγονότες,
3704 1930 3802 1984 τὸν

2213 2033 2279 2085 ἑκ
2307 2029 2402 2084 σοῦ
2436 2031 2712 2103 χωρισμὸν
2753 2031 3130 2102 ἀγαπήσουσιν
3182 2027 3442 2090 ἅπαντες.
3491 2021 3624 2080 Είτα
3654 2024 3800 2096 θρη-

2211 2120 2447 2191 νητικῶς
2493 2121 2580 2192 ἐφ’
2614 2122 2819 2176 ἅπασιν
2855 2121 2884 2174 ό
2935 2119 3219 2191 προφήτης
3247 2117 3429 2187 λέγει·
3465 2134 3486 2168 ι
3525 2115 3664 2169 Οὐαὶ
3705 2116 3802 2169 αύ-

2211 2214 2324 2276 τοῖς
2341 2228 2354 2242 ·
2382 2212 2679 2278 ἐνύσταξαν
2700 2216 2749 2266 οἰ
2778 2212 3035 2282 ποιμένες
3057 2227 3153 2264 σου
3170 2227 3183 2241 ’
3221 2209 3475 2279 βασιλεὺς
3510 2206 3799 2280 ’Δασύριος

2211 2299 2456 2371 ἐκοίμισε
2480 2300 2605 2365 τοὺς
2620 2300 2886 2363 δυνάστας
2911 2317 3027 2353 σου.
3053 2318 3073 2352 ι
3098 2298 3175 2371 (p.
3195 2299 3321 2368 552)
3339 2299 3583 2370 Θρήνων,
3608 2298 3795 2368 φησὶν,

2210 2390 2350 2459 ἄξιοι
2387 2392 2587 2457 πάντες
2618 2393 2775 2464 ὑμεῖς
2800 2406 2816 2423 ο
2871 2392 2922 2445 οί
2972 2390 3072 2461 μὲν
3120 2389 3228 2461 γὰρ
3269 2389 3563 2461 ἡγούμενοι
3602 2386 3794 2460 ὥσπερ

2212 2480 2365 2554 ὕπνῳ
2412 2484 2517 2537 τινὶ
2562 2487 2628 2556 τῇ
2680 2483 2919 2556 τιμωρίᾳ
2972 2481 3382 2553 κατενεχθέντες
3433 2478 3781 2535 πεπτώκασι.

2211 2572 2464 2629 Τοιοῦτον
2500 2575 2556 2628 δέ
2589 2576 2706 2628 ἐστι
2756 2575 2851 2628 καὶ
2890 2572 2953 2627 τὸ
3002 2573 3155 2645 παρὰ
3194 2572 3272 2643 τῷ
3307 2569 3563 2642 μακαρίῳ
3607 2568 3794 2635 Δαυῒδ,

2215 2685 2236 2719 ι
2287 2666 2614 2733 Ἑνύσταξαν
2657 2667 2708 2721 οἰ
2755 2664 3147 2737 ἐπιϐεϐηκότες
3177 2664 3397 2728 ἵππους.
3446 2681 3467 2715 ι
3519 2664 3577 2715 'fl
3603 2662 3660 2715 δὲ
3694 2661 3794 2733 βα-

2212 2760 2392 2825 σιλεὺς
2439 2761 2469 2813 ό
2521 2761 2786 2832 ὑμέτερος
2823 2756 3071 2830 ἀπωλείᾳ
3117 2756 3448 2829 παραδοθεὶς
3487 2753 3797 2809 συναπώλε-

2208 2870 2303 2907 σεν
2339 2852 2518 2924 ἑαυτῷ
2570 2852 2782 2915 πάντας
2825 2851 2953 2915 τοὺς
2993 2849 3127 2923 παρ’
3173 2847 3323 2920 αύτῷ
3369 2845 3793 2911 δυναστεύοντας

2210 2945 2493 3018 πρότερον.
2533 2964 2552 2997 ι
2609 2945 2848 3017 Ἀπῆρεν
2896 2945 2926 2998 ό
2969 2942 3098 3006 λαός
3140 2959 3234 2996 σου
3265 2941 3361 2995 ἐπὶ
3403 2939 3475 2994 τά
3521 2940 3646 3013 ὅρη,
3695 2939 3793 2992 καὶ

2204 3037 2310 3091 οὐκ
2343 3032 2409 3108 ἧν
2435 3040 2464 3091 6
2492 3036 2866 3108 ἐκδεχόμενος.
2917 3054 2937 3089 ι
2979 3032 3125 3105 Πρὸς
3155 3033 3337 3106 φυγήν
3367 3031 3613 3094 ἅπαντες
3648 3026 3793 3083 εἶδον

528 3129 547 3161 ‹
575 3109 786 3167 Vulnus
844 3118 998 3164 tuum
1051 3111 1329 3167 intumuit.
1366 3130 1385 3165 ι
1418 3110 1604 3168 Crevit
1660 3114 1949 3170 calamitas
1989 3122 2105 3180 tua,

2210 3128 2412 3193 λοιπὸν,
2445 3129 2569 3183 ἐπεὶ
2598 3129 2786 3201 μηδεὶς
2819 3123 2887 3199 ἦν
2918 3128 2947 3181 6
2975 3125 3188 3198 βοηθεῖν
3218 3124 3515 3194 δυνάμενος
3540 3123 3655 3218 τοῖς
3683 3137 3792 3174 πα-

518 3200 743 3272 jamque
768 3209 853 3257 est
900 3201 1245 3258 insanabilis.
1280 3221 1297 3254 ι
1333 3202 1538 3260 Omnes
1578 3207 1675 3276 qui
1724 3206 1804 3261 rei
1851 3206 2105 3262 nuntium

2215 3221 2370 3294 ροῦσι
2418 3222 2623 3284 κακοῖς.
2739 3220 2855 3273 Οὐκ
2896 3217 3044 3273 ἔστιν
3086 3218 3229 3281 ίασις
3252 3215 3356 3287 τῆς
3397 3212 3707 3286 συντριϐἦς.
3762 3231 3784 3265 ι

522 3292 769 3357 audient,
821 3295 1075 3349 manibus
1130 3295 1394 3365 plaudent
1441 3311 1606 3368 super
1670 3305 1743 3353 te.
1807 3298 1888 3353 Ad
1941 3312 2105 3370 quem

519 3385 667 3439 enim
701 3400 812 3440 non
856 3386 1150 3442 devenerat
1193 3395 1455 3459 perpetua
1490 3388 1696 3443 malitia
1729 3389 1908 3443 tua?»
1969 3388 2107 3447 Pro-

522 3475 666 3532 fecto
689 3477 918 3547 populos
946 3493 1135 3534 omnes
1169 3475 1311 3534 fama
1341 3480 1577 3535 cladium
1597 3489 1815 3536 tuarum
1856 3480 2102 3538 oblecta-

521 3566 618 3630 bit,
646 3568 810 3639 hique
843 3584 1104 3624 manuum
1134 3571 1331 3640 plausu
1359 3578 1703 3642 quantopere
1723 3572 1968 3642 pernicne
1996 3580 2093 3627 tua

521 3657 775 3715 laetentur
797 3661 1210 3732 significabunt.
1247 3662 1328 3719 Tu
1379 3664 1525 3719 enim
1569 3664 1772 3719 bellum
1827 3664 2098 3721 adversus

518 3765 712 3807 omnes
742 3757 1488 3826 suseeperas,neminemque
1514 3769 1612 3825 pro
1625 3755 1838 3811 viribus
1855 3755 2104 3811 molestia

516 3854 581 3893 ac
613 3841 943 3897 detrimento
991 3860 1100 3899 non
1133 3845 1426 3902 aflieiebas.
1482 3845 1619 3902 Hinc
1660 3855 1793 3904 tuus
1843 3845 2103 3903 interitus

514 3944 807 3987 commune
832 3933 1090 4004 gaudium
1119 3936 1375 3993 omnibus
1403 3937 1607 3993 attulit.

2210 3310 2371 3365 Πᾶσα
2407 3312 2511 3381 γὰρ
2561 3309 2830 3384 θεραπεία
2857 3326 2917 3363 τε
2962 3309 3056 3364 καὶ
3087 3306 3369 3379 διόρθωσις
3402 3305 3512 3359 τῶν
3545 3304 3653 3358 σῶν
3685 3304 3790 3373 ἀφ-

2208 3399 2410 3475 ῄρηται
2432 3400 2637 3457 κακῶν.
2663 3418 2683 3452 ι
2717 3399 3137 3470 Ἐφλέγμανενή
3168 3396 3349 3467 πληγή
3381 3411 3497 3448 σου.
3526 3411 3545 3444 ι
3561 3390 3784 3479 Ηύξήθη

2207 3492 2319 3563 γάρ
2342 3507 2435 3545 σου
2459 3491 2522 3544 τὸ
2546 3488 2736 3554 κακὸν,
2758 3488 2899 3542 ὥστε
2930 3487 3025 3543 καὶ
3050 3487 3233 3559 μένειν
3257 3485 3493 3540 ἀνίατον.
3527 3500 3546 3535 ι
3575 3480 3785 3543 Πάντες

2205 3584 2257 3637 οἰ
2290 3581 2621 3646 ἀκούσαντες
2665 3581 2765 3653 τὴν
2808 3580 3066 3650 ἀγγελίαν
3100 3596 3194 3633 σου
3227 3577 3553 3650 κροτήσουσι
3593 3573 3786 3642 χεῖρας

2200 3675 2294 3728 ἐπὶ
2319 3674 2399 3739 σὲ,
2432 3674 2569 3730 διότι
2613 3673 2708 3727 ἐπὶ
2742 3672 2866 3727 τίνα
2898 3671 3001 3725 οὐκ
3039 3669 3278 3741 ἐπῆλθεν
3301 3669 3335 3739 ἡ
3371 3665 3538 3720 κακία
3566 3679 3660 3717 σου
3693 3659 3784 3714 διά

2202 3763 2434 3830 παντόςς
2471 3783 2491 3818 ι
2528 3762 2688 3818 Ἀλλά
2713 3761 2822 3835 γὰρ
2843 3762 2894 3816 οἰ
2920 3759 3194 3831 πανταχοῦ
3222 3756 3331 3812 τῶν
3362 3755 3490 3826 περί
3510 3753 3571 3807 σε
3595 3747 3783 3805 κακῶν

2199 3856 2483 3927 δεξάμενοι
2510 3855 2609 3926 τὴν
2640 3854 2811 3927 ἀκοὴν
2843 3852 3187 3925 ἡσθήσονται,
3213 3848 3293 3921 τῷ
3327 3847 3509 3920 κρότῳ
3537 3842 3644 3898 τῶν
3670 3856 3783 3912 χιιι⁸

2200 3949 2311 4019 ρῶν
2339 3950 2450 4005 τῶν
2474 3947 2692 4004 οἰκείων
2728 3943 3157 4015 ἐπιδεικνύμενοι
3202 3941 3303 4013 τῆς
3356 3939 3454 4011 σῆς
3506 3932 3781 3995 ἀπωλείας

513 4048 613 4119 τὴν
644 4048 853 4122 ἡδονήν.
905 4052 1121 4125 Ἐπειδὴ
1155 4053 1264 4127 γὰρ
1295 4056 1471 4111 κοινὸν
1499 4054 1637 4127 πρὸς
1668 4054 1916 4116 ἅπαντας
1953 4054 2087 4126 ᾔρου
2126 4048 2223 4104 τὸν
2271 4047 2526 4117 πόλεμον,
2586 4041 2680 4096 καὶ
2739 4045 2916 4094 πάντα
2957 4035 3234 4092 ὁντιναοῦν
3277 4033 3532 4127 βλάπτειν
3564 4029 3658 4083 καὶ
3681 4044 3783 4127 κα.

517 4116 829 4195 κοῦναατά
870 4141 968 4214 τήν
1007 4116 1246 4218 δύναμιν¹
1284 4116 1558 4212 ἔσπευδεςΙ
1584 4116 1685 4218 τήν
1725 4116 2091 4212 οἰκείαν,”διά
2125 4140 2286 4198 τοῦτο
2329 4136 2512 4209 κοινὴν
2563 4135 2764 4191 ἀπασιν
2804 4130 2997 4204 ἡδονὴν
3037 4130 3103 4184 ὲκ
3138 4128 3244 4233 τῆς
3296 4122 3572 4189 ἀπωλείας
3626 4116 3782 4190 γενέ-

517 4235 640 4289 οθαι
666 4236 862 4308 συνέϐη
892 4238 990 4308 τῆς
1020 4239 1133 4311 σῆς.

594 4411 636 4446 ⁸⁷
673 4413 820 4475 Psal.
846 4432 1008 4485 Luv,
1030 4418 1084 4472 7.

514 4613 3743 4661 Μ

990 4790 1558 4880 ΕΡΜΗΝΕΙΑ
1629 4782 2111 4873 ΑΒΒΑΚΟ]

2210 4781 2236 4867 ί
2293 4778 2526 4867 ΤΟΥ
2603 4774 3251 4865 ΠΡΟΦΗΤΟΥ.

508 5195 1647 5315 COMMENTARIUS
1711 5197 1859 5310 IN
1920 5193 2790 5312 HABACUGUM
2847 5193 3755 5321 PROPHETAM-

576 5587 735 5659 231
784 5585 1078 5658 Postquam
1117 5590 1227 5660 jam
1268 5591 1453 5649 decem
1499 5596 1681 5652 tribus
1722 5596 1980 5669 Assyrius
2022 5600 2076 5656 in

504 5693 660 5733 suam
690 5678 965 5750 regionem
995 5683 1241 5752 captivas
1266 5685 1586 5755 abduxerat,
1609 5695 1666 5742 et
1684 5687 1885 5744 deinde
1910 5705 2076 5761 expe-

2258 5600 2340 5672 (P.
2372 5601 2497 5674 553)
2541 5601 2681 5673 Ἤδη
2710 5601 2804 5656 τοῦ
2851 5598 3131 5671 Ἀσσυρίου
3179 5599 3308 5662 τοὺς
3356 5597 3456 5668 μὲν
3488 5597 3595 5652 τῶν
3632 5597 3764 5652 δέκα

2183 5692 2366 5763 φυλῶν
2411 5691 2788 5764 αἰχμαλώτους
2841 5693 2921 5755 εἰς
2969 5691 3069 5763 τὴν
3122 5689 3330 5745 οἰκείαν
3379 5689 3765 5762 ἀπαγαγόντος

503 5770 713 5827 ditione
749 5769 1013 5829 adversus
1057 5773 1395 5834 Hierusalem
1445 5786 1733 5850 suscepta,
1766 5779 2069 5837 terribilem

2210 5781 2392 5852 ibpav,
2441 5781 2832 5854 ἐπεληλυθότος
2880 5783 2937 5836 δὲ
2984 5785 3051 5855 τῇ
3096 5780 3485 5855 Ἰερουσαλὴμ,
3525 5785 3618 5842 καὶ
3656 5779 3764 5853 τὴν
