4118 6498
407 300 535 357 613

1402 297 1951 356 COMMENTARIUS
1985 297 2054 350 1N
2099 297 2443 354 HABACUC!
2483 300 2635 357 CAP.
2684 302 2724 355 1.

3621 303 3727 364 426

416 417 685 491 φοϐερὰν
718 419 937 492 ἐκείνην
961 420 1051 474 διὰ
1077 420 1172 474 τοῦ
1213 421 1444 489 ἀγγέλου
1470 421 1686 492 πληγὴν
1710 422 2028 492 δεξαμένου,

2149 419 2284 473 ηιιοιη
2319 420 2386 474 ab
2412 421 2608 490 angelo
2625 420 2834 474 cladem
2867 430 3178 492 acceperat,
3204 423 3505 494 multaque,
3535 432 3594 476 ut
3627 438 3730 493 par

421 508 580 578 μετὰ
609 509 816 581 πολλῆς
841 512 917 574 ὼς
941 512 1087 575 είκὸς
1118 511 1366 566 ἐντεῦθεν
1395 512 1492 582 τῆς
1523 512 1745 583 ἀτιμίας
1777 513 2036 582 ὑποστρέ-

416 599 643 668 ψαντος
682 604 764 664 εἰς
794 601 862 655 τὰ
903 605 1113 666 οίκεῖα,
1163 605 1192 655 ὁ
1236 604 1508 674 μακάριος
1556 603 1877 675 Ἀμόακοὺμ
1921 603 2032 672 (47)

419 693 528 746 ἐπὶ
577 695 682 765 τῆς
727 695 987 759 ἰουδαίας
1015 697 1115 766 τὴν
1158 698 1496 768 προφητείαν
1540 699 1774 749 ποιεῖται
1807 695 2033 767 ταύτην,

417 789 512 852 εἰς
545 787 648 841 δύο
679 788 922 860 μερίζων
970 789 1062 842 τὸν
1096 789 1273 860 λόγον,
1315 791 1395 853 εἴς
1446 809 1503 843 τε
1530 790 1627 861 τὴν
1655 789 1892 844 αἱτίασιν
1927 789 2036 842 τῶν

419 879 491 934 ἐν
521 877 612 951 τῷ
638 879 758 952 λαῷ
783 881 1218 936 δυναστευόντων
1259 900 1316 934 τε
1360 884 1454 936 καὶ
1483 884 1795 954 κρινόντων,
1826 883 1874 936 οἳ
1905 883 2024 936 πολ-

419 971 560 1036 λιῐς
584 972 686 1027 καὶ
713 973 993 1044 διαφόροις
1021 974 1419 1045 ταλαιπωρίαις
1454 977 1580 1039 τοὺς
1605 976 1847 1045 πένητας
1879 993 2036 1046 περι-

419 1061 691 1130 iscum,
721 1064 865 1136 ὑπὲρ
895 1059 970 1120 ὧν
1000 1065 1065 1137 δὴ
1099 1066 1336 1136 μάλιστα
1365 1067 1771 1137 ὲπαχθήσεσθαι
1794 1068 1862 1120 τά
1885 1068 2037 1138 παρά

416 1155 548 1212 τῦν
578 1156 948 1228 Βαϐυλωνίων
995 1159 1181 1221 αὐτοῖς
1218 1159 1546 1230 μνημονεύει
1584 1160 1730 1212 κακά
1757 1176 1768 1186 ·
1821 1159 1914 1212 καὶ
1958 1161 2037 1222 εἰς

417 1245 540 1320 τὴν
583 1248 771 1304 αὐτῶν
815 1249 925 1304 τῶν
958 1249 1317 1304 Βαϐυλωνίων
1349 1250 1684 1322 κατηγορίαν
1722 1251 1797 1313 ὡς
1831 1267 2037 1322 κεκρα-

409 1335 692 1414 ’τηκότων
744 1342 847 1412 μὲν
879 1343 980 1413 τῆς
1021 1340 1398 1414 Ἰερουσαλὴμ,
1446 1344 1546 1396 οὐκ
1592 1346 1670 1406 εἰς
1713 1343 1829 1396 δέον
1871 1343 1929 1396 δὲ
1963 1342 2039 1411 τῷ

405 1415 638 1506 ’κράτει
687 1435 1098 1506 χρησαμένων,
1154 1435 1358 1506 πολλὴν
1406 1435 1463 1487 δὲ
1508 1435 1608 1506 τὴν
1640 1434 1906 1506 ἀμετρίαν
1941 1435 2038 1504 τῆς

419 1523 730 1600 ὠμάτητος
782 1528 903 1580 κατ’
935 1526 1114 1580 αὐτῶν
1149 1527 1598 1597 ὲπιδεδειγμένων
1626 1545 1640 1559 ·
1692 1528 1831 1599 ὑπὲρ
1863 1521 1938 1581 ὧν
1976 1527 2039 1598 δὴ

405 1601 538 1692 ’μαι
553 1601 786 1680 τούτους
813 1615 1296 1688 τιμωρηθήσεσθαι
1324 1617 1491 1686 λέγει’
1525 1617 1665 1670 ὥστε
1696 1618 1837 1670 κατὰ
1858 1635 1918 1685 γε
1943 1618 2040 1688 τὴν

415 1708 710 1780 διαίρεσιν
751 1709 960 1779 ταύτην
1003 1710 1240 1763 ἐοικέναι
1294 1709 1372 1780 τῷ
1413 1711 1589 1779 ὲνάτῳ
1620 1709 1821 1780 ψαλμῷ
1864 1710 2041 1764 δοκεῖν

2137 517 2276 576 erat,
2314 525 2439 564 cum
2496 509 2792 580 ignominia
2849 511 3000 566 illinc
3049 513 3103 565 in
3151 514 3384 580 patriam
3439 527 3732 584 regressus

2139 601 2350 664 fuerat;
2415 603 2608 658 beatus
2659 601 2986 657 Habacucns
3039 603 3142 657 hoc
3191 604 3365 659 edidit
3416 605 3484 658 de
3533 603 3731 660 Iudaea

2139 694 2486 759 vaticinium,
2515 693 2695 749 diviso
2721 695 2775 746 in
2798 704 2980 763 partes
3006 694 3142 750 duas
3164 711 3418 750 sermone
3441 713 3454 760 ;
3486 711 3724 766 quarum

2141 789 2325 858 priore
2378 788 2658 858 principes
2713 786 3042 857 judicesqne
3106 788 3345 854 incusat,
3377 779 3490 859 qui
3535 789 3726 843 multis

2142 879 2424 949 variisque
2451 879 2712 932 (erumnis
2735 893 3005 949 pauperes
3027 879 3443 949 implicuerant;
3467 896 3628 950 quam
3655 881 3726 934 ob

2140 986 2258 1025 rem
2313 970 2589 1040 prmeipue
2649 979 2911 1024 eventura
2970 971 3080 1026 illis
3137 987 3166 1024 a
3215 971 3529 1042 Babyloniis
3581 974 3726 1026 mala

2142 1071 2410 1116 memorat
2449 1082 2460 1116 :
2497 1062 2668 1116 altera
2727 1077 2856 1116 vero
2919 1078 3048 1132 pars
3105 1063 3530 1135 Babyloniorum
3587 1065 3728 1134 ipso-

2143 1173 2267 1210 rum
2312 1156 2744 1227 increpationem
2801 1161 3071 1223 continet,
3109 1160 3205 1230 qui
3253 1158 3598 1215 Hierusalem
3632 1176 3724 1230 po-

2143 1251 2255 1316 titi,
2286 1250 2430 1305 haud
2461 1261 2610 1306 recte
2637 1252 2868 1306 victoria
2899 1254 2983 1308 usi
3015 1262 3194 1319 erant,
3228 1253 3321 1309 sed
3346 1254 3577 1308 multum
3601 1269 3728 1308 cru-

2144 1342 2391 1399 delitatis
2444 1359 2734 1399 excessum
2789 1344 3055 1400 adversus
3102 1343 3322 1400 Judaaos
3374 1359 3729 1415 exprompse-

2145 1444 2302 1501 rant;
2339 1436 2502 1504 cujus
2529 1452 2695 1492 causa
2727 1437 2979 1507 punitum
3021 1437 3086 1491 iri
3127 1437 3281 1492 dicit.
3317 1437 3500 1503 Quare
3530 1453 3728 1492 secun-

2147 1528 2280 1582 dum
2312 1528 2454 1583 hanc
2481 1529 2835 1594 divisionem,
2870 1530 3088 1596 videtur
3117 1531 3401 1601 prophetia
3433 1531 3549 1586 haec
3583 1545 3731 1586 nono

2145 1618 2343 1674 similis
2371 1621 2615 1692 psalmoL
2635 1621 2731 1691 qui
2766 1637 2910 1676 unus
2945 1630 3029 1678 est
3067 1623 3120 1676 in
3158 1621 3348 1677 Graeca
3395 1622 3728 1692 interpreta-

2147 1709 2319 1775 tione,
2353 1710 2464 1765 duo
2494 1723 2677 1766 autem
2706 1711 2760 1765 in
2795 1710 3020 1767 Hebraea
3046 1714 3256 1784 lingua,
3286 1729 3414 1769 cum
3443 1728 3548 1769 suo
3577 1715 3733 1784 quis-

417 1801 612 1857 αὐτοῦ
643 1801 1139 1873 τὴνπροφητείαν,
1181 1801 1240 1864 ὃς
1286 1802 1402 1855 ἐστὶ
1458 1804 1558 1872 μὲν
1605 1799 1685 1867 εἷς
1712 1803 1792 1873 τῷ
1821 1803 2042 1875 ἀριθμῷ

2149 1817 2250 1871 qne
2304 1813 2647 1872 argumento.
2701 1802 2766 1857 Et
2811 1805 3011 1874 prioris
3061 1807 3281 1876 quidem
3329 1806 3549 1860 initium
3593 1815 3730 1861 est:

414 1894 534 1948 ἐπὶ
585 1893 692 1964 τῆς
745 1893 1067 1966 Ἑλληνικῆς
1114 1897 1510 1965 ὲκφωνήσεως,
1555 1896 1649 1948 δύο
1702 1896 1758 1949 δὲ
1805 1898 1898 1950 ἐπὶ
1942 1899 2040 1968 τῆς

425 1983 729 2059 Ἐϐραίων
790 1984 1078 2056 γλώττης,
1135 1985 1273 2052 ἰδίαν
1323 1987 1583 2057 ἐκατέρου
1639 1988 1737 2058 τὴν
1788 1989 2040 2042 ὑπόθεσιν

415 2077 686 2150 ἔχοντας’
714 2077 790 2142 ὡς
822 2077 920 2131 τοῦ
968 2078 1072 2148 μὲν
1116 2079 1384 2150 προτέρου
1430 2079 1605 2150 ἀρχήν
1651 2079 1750 2149 μὲν
1787 2078 1924 2134 εἶναι
1958 2081 2038 2144 τὸ,

386 2187 450 2249 ἰ
495 2167 1014 2263 Ἕέομολογήσομαί
1057 2188 1176 2237 σοι,
1217 2171 1423 2242 Κύριε,
1461 2173 1518 2224 ὲν
1548 2171 1646 2245 ὅλῃ
1683 2171 1881 2243 καρδίᾳ
1915 2190 2039 2244 μου,

413 2262 779 2334 διηγήσομαι
808 2263 998 2318 πάντα
1011 2262 1081 2317 τά
1109 2264 1392 2334 θαυμάσιά
1419 2281 1511 2317 σου
1533 2281 1545 2294 ⁸
1583 2284 1601 2316 ι
1649 2265 1822 2336 πέρας
1859 2265 1914 2318 δὲ
1958 2266 2038 2328 τὸ,

419 2369 450 2408 ι
485 2353 883 2426 Κατὰστησον,
926 2355 1120 2426 Κύριε,
1167 2355 1468 2427 νομοθέτην
1504 2358 1709 2421 αὐτοῖς,
1745 2359 2041 2426 γνώτωσαν

415 2443 572 2516 εθνη
603 2444 687 2499 δτι
713 2443 993 2517 ἄνθρωποί
1022 2448 1148 2501 είσι.
1179 2465 1198 2498 ι
1233 2446 1340 2498 Τοῦ
1372 2447 1625 2518 δευτέρου
1651 2446 1707 2499 δὲ
1734 2447 1908 2517 ἀρχὴν
1944 2448 2040 2517 μὲν

415 2537 522 2604 τὸ,
559 2556 583 2590 ι
616 2535 734 2591 Ἵνα
759 2539 838 2602 τί,
878 2539 1075 2610 Κύριε,
1121 2538 1440 2610 ἀφέστηκας
1470 2541 1776 2610 μακρόθεν;
1809 2543 1886 2610 (p.
1911 2542 2038 2610 554)

420 2629 726 2703 ὑπερορᾷς
757 2633 815 2684 ὲν
841 2629 1169 2701 εὐκαιρίαις,
1207 2632 1263 2684 ὲν
1285 2622 1524 2700 θλίψεσι;
1554 2651 1570 2683 ι
1597 2633 1747 2696 τέλος
1776 2633 1856 2697 δὲ,
1887 2654 1904 2684 ι
1930 2634 2041 2704 Τὴν

423 2721 768 2795 ἑτοιμασίαν
796 2723 897 2794 τῆς
933 2722 1164 2793 καρδίας
1189 2722 1371 2777 αὐτῶν
1414 2724 1686 2796 προσέσχε
1713 2725 1774 2777 τὸ
1801 2720 1894 2788 οὖς
1923 2744 2038 2788 σου,

421 2815 634 2886 κρῖναι
661 2812 886 2886 ὀρφανῷ
915 2816 1009 2868 καλ¹
1052 2814 1312 2885 ταπεινῷ,
1343 2816 1430 2870 ἵνα
1473 2817 1548 2888 μὴ
1589 2817 1800 2889 προσθῇ
1835 2817 1914 2870 ἔτι
1947 2819 2040 2873 τού

423 2904 821 2985 μεγαλαυχεῖν
850 2905 1140 2976 ἄνθρωπος
1169 2909 1262 2960 ἐπὶ
1290 2897 1390 2978 τῆς
1423 2909 1546 2978 γῆς.
1587 2927 1605 2960 ι
1651 2909 1868 2963 Τούτων
1898 2911 1956 2964 δὲ
1985 2913 2042 2965 ὲν

425 2997 549 3068 μὲν
574 2999 693 3061 τοῖς
716 2997 1006 3070 προτέροις
1030 2996 1157 3063 τοὺς
1188 2999 1502 3071 ἀλλοτρίους
1528 3003 1790 3066 αἰτιᾶται,
1819 3003 1962 3071 λέγω
1987 3004 2043 3056 δὲ

2151 1913 2168 1944 ι
2205 1893 2524 1948 Conﬁtebor
2547 1895 2666 1958 tibi,
2699 1893 2952 1960 Domine,
2983 1896 3037 1950 in
3068 1904 3186 1952 toto
3215 1896 3380 1952 corde
3409 1912 3565 1964 meo;
3597 1911 3732 1950 nar-

2145 1987 2281 2040 rabo
2326 1985 2507 2038 omnia
2550 1986 2822 2039 mirabilia
2871 1996 2984 2041 tua.
3027 2007 3045 2038 ›
3081 1986 3238 2043 Finis
3272 1997 3454 2042 autem
3493 2006 3506 2041 :
3541 2007 3560 2040 ι
3592 1989 3734 2040 Con-

2147 2079 2338 2140 stitue,
2403 2076 2654 2138 Domine,
2709 2077 3074 2146 legislatorem
3132 2078 3250 2144 eis;
3307 2077 3485 2132 sciant
3544 2085 3733 2147 gentes

2145 2169 2410 2238 quoniam
2471 2169 2721 2223 homines
2781 2175 2929 2222 sunt.
2972 2187 2989 2218 ι
3055 2168 3298 2223 Alterius
3353 2183 3485 2223 vero
3534 2169 3731 2239 psalmi

2147 2263 2369 2316 initium
2401 2271 2489 2318 est
2529 2280 2542 2315 :
2585 2281 2600 2311 ι
2641 2261 2713 2316 Ut
2747 2261 2903 2330 quid,
2938 2259 3190 2326 Domine,
3233 2261 3516 2317 recessisti
3550 2262 3730 2331 longe,

2148 2355 2393 2424 despicis
2431 2354 2486 2407 in
2519 2352 3050 2424 opportunitatibus,
3095 2353 3151 2405 in
3191 2351 3679 2406 tribulationibus?
3710 2372 3728 2402 ι

2146 2446 2302 2500 Finis
2335 2466 2346 2499 :
2385 2465 2401 2497 ι
2428 2444 2829 2515 Ρταξρίπειίοηὶ
2867 2444 3050 2500 cordis
3089 2459 3280 2498 eorum
3322 2443 3553 2498 attendit
3583 2444 3735 2497 auris

2150 2549 2266 2602 tua,
2317 2537 2570 2607 judicare
2621 2538 2830 2607 pupillo
2877 2544 2932 2590 et
2983 2536 3198 2600 humili,
3240 2543 3300 2590 ut
3349 2551 3460 2590 non
3500 2547 3737 2606 apponat

2148 2632 2287 2686 ultra
2341 2629 2697 2700 magnificare
2738 2645 2796 2684 se
2847 2629 3010 2683 homo
3060 2643 3228 2698 super
3277 2638 3504 2684 terram.
3545 2649 3562 2680 ι
3615 2628 3735 2684 Jam

2146 2736 2277 2776 vero
2317 2721 2373 2774 in
2401 2721 2585 2789 priore
2625 2721 2838 2790 psalmo
2871 2720 3212 2791 alienigenas
3264 2721 3534 2790 increpat.
3570 2722 3620 2776 id
3651 2731 3738 2778 est

2148 2812 2438 2877 ﬁnitimos,
2467 2813 2562 2883 qui
2588 2827 2919 2882 magnopere
2943 2821 3138 2867 contra
3168 2811 3391 2867 Judaaos
3423 2817 3735 2880 saevierant,

2149 2921 2214 2962 ac
2260 2914 2554 2977 propterea
2603 2920 2821 2975 poenam
2858 2905 3180 2975 232ipsis
3233 2920 3262 2959 a
3314 2905 3428 2961 Deo
3472 2905 3734 2962 inﬂictam

2152 2999 2324 3065 dicit;
2359 3000 2417 3054 in
2450 3000 2628 3054 altero
2664 2999 2852 3069 populi
2883 2999 3112 3054 ditiores
3140 3015 3203 3052 ac
3236 2998 3517 3070 principes
3551 3001 3737 3068 objuro

420 3087 573 3152 τοὺς
606 3088 938 3159 περιοίκους,
974 3089 1050 3150 ὡς
1084 3089 1251 3162 πολλῇ
1300 3094 1367 3162 τῇ
1419 3093 1538 3145 κατ’
1573 3093 1755 3146 αὐτῶν
1801 3093 2045 3165 ὠμότητι

2154 3102 2267 3164 gat,
2297 3095 2390 3163 qui
2423 3107 2694 3162 pauperes
2728 3091 3042 3161 iniquitate,
3083 3090 3453 3157 detrimentis,
3490 3092 3742 3162 injuriis-

423 3179 856 3254 χρησαμένους»
893 3180 1036 3252 ὑπὲρ
1067 3175 1143 3237 ὧν
1196 3182 1262 3254 δὴ
1296 3185 1390 3237 καὶ
1432 3185 1704 3256 τιμωρίαν
1737 3187 1922 3251 αὐτοῖς
1955 3191 2052 3240 ὲπ-

430 3273 622 3346 ἦχθαι
649 3273 800 3344 λέγει
825 3275 982 3346 παρὰ
1004 3275 1099 3329 τοῦ
1128 3275 1284 3329 Θεοῦ·
1313 3277 1371 3328 ὲν
1389 3277 1445 3329 δὲ
1475 3279 1585 3338 τοῖς
1605 3276 1900 3349 δευτέροις,
1925 3280 2054 3344 τοὺς

431 3367 503 3424 ὲν
539 3362 627 3435 τῷ
653 3363 772 3436 λαῷ
803 3365 883 3437 τῷ
915 3384 974 3420 τε
1003 3366 1221 3439 πλούτῳ
1250 3367 1344 3420 καὶ
1374 3371 1439 3439 τῇ
1489 3368 1782 3440 δυναστείᾳ
1815 3372 1904 3424 ἐπ’
1933 3372 2052 3425 ἀδι-

434 3457 582 3512 κίαν
611 3457 710 3511 καὶ
743 3456 954 3530 βλάϐην
982 3461 1078 3513 καὶ
1109 3460 1374 3531 ἐπήρειαν
1415 3459 1522 3513 τῶν
1548 3463 1815 3532 ’πενήτων
1851 3479 2052 3534 κεχρη-

437 3548 676 3622 μένους,
712 3549 808 3614 οὒς
835 3550 931 3604 καὶ⁸
973 3551 1173 3616 αὐτοὺς
1214 3554 1316 3606 οὐκ
1361 3550 1468 3616 ἔξω
1515 3554 1788 3626 τιμωρίας
1832 3555 2051 3608 ἔσεσθαί

421 3655 609 3713 φησι.
641 3639 866 3694 Τοιοῦτο
889 3641 997 3714 γάρ
1021 3659 1075 3694 τι
1106 3642 1199 3695 καὶ
1223 3641 1318 3696 νῦν
1353 3643 1381 3694 6
1414 3643 1685 3713 μακάριος
1727 3643 2053 3716 Ἀμόακοὺμ

433 3731 472 3786 ὁ
503 3731 803 3802 προφήτης
840 3735 1022 3800 ποιεῖ,
1077 3732 1315 3804 μερίζων
1360 3733 1453 3786 τὸν
1500 3734 1657 3803 λόγον
1703 3736 1781 3798 είς
1817 3753 1876 3788 τε
1926 3737 2053 3799 τοὺς

437 3822 587 3895 παρ’
619 3824 807 3887 αὐτοῖς
859 3823 948 3877 ἐπ’
992 3824 1178 3895 ἀδικίᾳ
1227 3825 1335 3877 τῶν
1375 3827 1624 3897 πενήτων
1666 3831 1734 3899 τῇ
1776 3829 2056 3902 προσαύσῃ

435 3913 830 3987 κεχρημένους
855 3915 1150 3986 δυναστείᾳ
1177 3930 1190 3943 ·
1231 3916 1455 3979 τούτους
1486 3917 1594 3990 γὰρ
1621 3921 1679 3972 ὲν
1719 3924 1832 3984 τοῖς
1861 3923 2055 3993 προτέ-

440 4020 573 4078 pot;
601 4004 1015 4074 αἰτιασάμενος,
1046 4005 1197 4074 λέγει
1231 4007 1327 4059 καὶ
1358 4006 1457 4078 τὴν
1490 4009 1842 4082 ἐπαγομένην
1871 4013 2055 4076 αὐτοῖς

439 4096 602 4170 ὑπὲρ
631 4096 827 4152 τούτου
858 4098 1149 4170 τιμωρίαν·
1183 4100 1278 4153 καὶ
1305 4102 1385 4164 είς
1403 4101 1530 4165 τοὺς
1553 4102 1952 4171 Βαῦυλωνίους,
1979 4099 2054 4159 ὧν

439 4185 556 4245 καὶ
585 4187 768 4242 αὐτῶν
802 4188 1037 4242 πλεῖστα
1063 4191 1164 4243 ὅσα
1198 4189 1613 4246 διατεθεικὸτων
1643 4195 1790 4248 κακά
1815 4196 1907 4249 τὸν
1925 4196 2055 4250 λαὸν

439 4280 918 4353 δπαχθησομὲνην
941 4280 1166 4353 ὕστερον
1187 4282 1461 4353 τιμωρίαν
1489 4285 1704 4356 μηνύει.
1758 4287 1918 4342 Ἀλλά
1943 4288 2053 4362 γὰρ

2150 3202 2259 3256 que
2288 3185 2598 3251 vexabant;
2630 3192 2796 3253 atque
2832 3183 2934 3238 hos
2974 3183 3138 3237 etiam
3175 3183 3322 3237 haud
3355 3197 3574 3253 poenam
3608 3199 3742 3239 eva-

2150 3294 2314 3334 suros
2355 3278 2450 3332 ait.
2483 3277 2630 3333 Idem
2673 3277 2788 3331 fere
2839 3291 2988 3331 nunc
3031 3277 3144 3347 agit
3176 3276 3371 3332 beatus
3412 3275 3744 3334 Habacucns

2150 3370 2444 3440 propheta,
2489 3369 2757 3440 bipartito
2813 3383 3092 3431 sermone,
3138 3369 3320 3438 primo
3374 3369 3596 3438 quidem
3655 3371 3743 3423 ad-

2149 3476 2348 3518 versus
2387 3475 2486 3516 eos
2520 3461 2613 3530 qui
2651 3473 2926 3529 pauperes
2967 3459 3178 3528 injusta
3229 3459 3279 3513 vi
3312 3460 3742 3530 opprimebant:

2153 3553 2240 3608 his
2297 3553 2444 3608 enim
2499 3553 2748 3623 apprime
2809 3551 3131 3622 increpitis,
3173 3559 3493 3606 eventuram
3543 3551 3744 3608 delicto

2151 3661 2374 3718 pmnam
2422 3644 2706 3716 pradicit;
2744 3643 2945 3699 deinde
2997 3646 3054 3696 in
3097 3642 3424 3714 Babylonios
3464 3644 3744 3697 converti—

2153 3749 2268 3807 tur,
2299 3739 2395 3810 qui
2425 3754 2550 3793 cum
2586 3738 2875 3792 innumera
2916 3737 3061 3790 mala
3095 3735 3296 3806 populo
3330 3734 3565 3790 Iudaico
3596 3736 3747 3790 intu-

2153 3834 2371 3897 lissent,
2425 3830 2772 3901 punitionem
2815 3829 2951 3898 ipsis
2992 3829 3310 3899 impositum
3357 3828 3424 3882 iri
3476 3829 3743 3898 praedicit.

2154 3925 2313 3980 Nunc
2342 3932 2640 3996 postquam
2690 3924 2989 3977 verborum
3023 3921 3307 3991 prophetae
3351 3930 3745 3992 argumentum

2153 4021 2534 4092 exposuimus,
2569 4018 2824 4089 sequitur
2855 4026 2915 4072 ut
2962 4025 3150 4088 partes
3197 4015 3446 4086 singulas
3491 4015 3747 4072 conside-

2154 4130 2360 4171 remus.
2410 4112 2579 4166 Praait
2626 4111 2829 4166 solitus
2877 4110 3063 4165 libello
3095 4108 3334 4163 titulus:
3379 4125 3397 4158 ι
3427 4108 3748 4176 Assumptio

2157 4219 2326 4275 quam
2352 4203 2492 4259 vidit
2515 4200 2849 4257 Habacucus
2878 4200 3164 4271 propheta.
3207 4218 3226 4251 ι
3257 4197 3349 4254 Sic
3383 4207 3565 4253 autem
3592 4213 3752 4252 exor-

2156 4298 2344 4352 ditur:

439 4381 718 4452 τοιαύτης
771 4381 915 4446 τινὸς
961 4380 1130 4453 οὔσης
1175 4384 1273 4454 τῆς
1308 4384 1621 4450 ὑποθέσεως
1666 4387 1773 4441 τῶν
1826 4386 1922 4442 τοῦ
1977 4391 2261 4461 προφήτου
2313 4383 2574 4456 ῥημάτων
2598 4425 2612 4449 ,
2659 4383 2730 4435 τά
2785 4380 2928 4434 κατά
2978 4379 3145 4452 μέρος
3194 4379 3494 4451 σκοπητέον
3543 4379 3748 4434 λοιπόν.

443 4478 754 4551 Πρόκειται
784 4477 885 4549 μὲν
915 4473 1009 4532 οὖν
1035 4480 1070 4550 ή
1099 4478 1322 4534 εἰωθυῖα
1351 4483 1645 4553 προγραφὴ
1673 4482 1768 4536 τοῦ
1806 4483 2033 4554 βιϐλίου,
2071 4504 2087 4536 ι
2127 4485 2200 4537 Τδ
2234 4481 2429 4552 λῆμμα
2463 4479 2492 4530 ὃ
2517 4475 2656 4530 εἶδεν
2698 4475 3022 4546 Ἀμὸακοὺμ
3054 4476 3083 4526 6
3112 4477 3425 4546 προφήτης’
3469 4492 3486 4524 ³
3523 4473 3750 4543 ἄρχεται

444 4573 510 4626 δὲ
534 4569 712 4634 οὕτως
734 4587 748 4600 ·

1132 4689 1290 4742 ΚΕΦ.
1333 4689 1410 4743 Α’.

531 4824 681 4894 Στίχ.
724 4823 788 4894 β’.
825 4852 898 4865 ·-
931 4823 1109 4888 «Ἕως
1135 4824 1303 4888 τινος,
1339 4822 1533 4894 Κύριε,
1569 4823 1933 4896 κεκράξομαι,
1967 4825 2061 4879 καὶ

453 4916 525 4970 οὐ
563 4913 640 4986 μὴ
669 4913 1034 4988 είσακούσῃς;
1085 4912 1354 4984 βοήσομαι
1401 4913 1537 4985 πρὸς
1574 4913 1634 4966 σὲ
1681 4913 2058 4986 ἀδικούμενος,

2733 4727 2735 4730 ι
2837 4683 2990 4739 CAP.
3036 4682 3075 4736 1.

2236 4821 2400 4875 Vsus.
2435 4820 2489 4874 2.
2525 4849 2591 4857 ——
2627 4838 2644 4869 ι
2685 4817 3005 4890 Usquequo,
3068 4816 3317 4885 Domine,
3372 4818 3648 4885 clamabo,
3703 4831 3757 4874 et

2165 4928 2274 4967 non
2316 4909 2628 4966 exaudies?
2674 4908 3024 4964 vociferabor
3073 4909 3238 4963 ad'te
3282 4907 3394 4962 vim
3431 4909 3668 4980 patiens,
3703 4919 3758 4964 et

455 5007 562 5061 καὶ
593 5007 656 5059 ού
695 5007 771 5077 μὴ
803 5003 1016 5077 dabam;
1057 5023 1076 5056 ι
1128 5006 1204 5076 (p.
1229 5005 1357 5075 555)
1407 5006 1520 5076 Ούχ
1564 5006 1638 5070 ὡς
1673 5005 1910 5062 αἱτίασίν
1943 5024 2045 5060 τινα

2164 5019 2276 5059 non
2301 5002 2587 5059 salvabis?
2619 5021 2638 5054 ι
2671 5000 2790 5056 Non
2827 5008 3091 5072 tanquam
3124 5002 3506 5072 expostulans,
3537 5003 3652 5058 haec
3682 5003 3756 5056 ait

455 5097 545 5169 τῷ
586 5098 709 5168 Θεῷ
753 5099 1049 5171 προσάγων
1090 5098 1118 5149 6
1159 5098 1446 5169 προφήτης
1492 5096 1669 5150 ταῦτὰ
1701 5113 1888 5167 φησιν,
1930 5096 2045 5151 ἀλλὲ

2167 5095 2452 5166 propheta,
2492 5094 2603 5150 sed
2667 5109 2823 5150 more
2891 5094 3136 5157 illorum,
3192 5096 3285 5165 qui
3349 5095 3405 5149 in
3463 5110 3522 5149 re
3575 5095 3760 5165 aliqua

459 5188 655 5254 καθὼς
682 5189 802 5253 ἔθος
831 5189 1015 5252 αὐτοῖς
1043 5190 1138 5243 ἐπὶ
1163 5188 1271 5241 τῶν
1301 5205 1423 5241 τινα
1450 5188 1776 5258 διαπόρησιν
1807 5189 2061 5258 ἐχόντων,

460 5286 500 5357 ἦ
551 5285 650 5340 καὶ
703 5283 1081 5356 ἀγανάκτησιν
1137 5282 1430 5337 κινούντων
1484 5281 1698 5335 δικαίαν
1756 5281 1902 5336 κατά
1952 5282 2062 5336 τῶν

465 5375 790 5442 ποιούντων,
824 5378 884 5430 ὲν
911 5373 1199 5446 αἰτιατικῷ
1225 5374 1406 5442 λέγειν
1442 5374 1678 5445 σχήματι
1728 5372 1838 5426 τῶν
1889 5391 2065 5445 πρατ-

2165 5188 2339 5254 anxii,
2368 5188 2452 5243 vel
2493 5188 2660 5242 etiam
2688 5188 2842 5258 justa
2868 5188 3253 5259 indignatione
3296 5186 3579 5250 commoti,
3614 5187 3758 5258 ﬁgu-

2171 5288 2291 5334 rato
2322 5279 2391 5334 ad
2437 5279 2937 5350 expostulationem
2979 5293 3234 5336 sermone
3265 5277 3333 5332 de
3383 5292 3568 5331 rerum
3609 5288 3761 5332 acta-

2171 5387 2293 5427 rum
2331 5371 2623 5442 iniquitate
2652 5379 2980 5442 queruntur.
3033 5371 3112 5423 Ita
3145 5369 3360 5426 scilicet
3390 5369 3495 5421 hoc
3532 5382 3591 5423 se
3637 5368 3760 5423 loco

467 5471 716 5542 τομένων
761 5471 860 5540 τήν
907 5470 1158 5524 ἀτοπίανο
1195 5467 1340 5522 οὕτω
1365 5467 1598 5522 κάνθάδε
1637 5465 1802 5536 φησίν
1829 5483 1843 5497 ·
1875 5466 2045 5540 ὦσπει

2175 5465 2312 5537 gerit
2335 5463 2622 5535 propheta.
2661 5460 2819 5518 Sicut
2848 5477 2980 5532 ergo
3014 5460 3208 5515 beatus
3234 5459 3400 5514 etiam
3431 5458 3508 5512 ait
3542 5458 3711 5513 David
3736 5461 3755 5510 ἐ

464 5560 567 5621 οὖν
605 5563 700 5619 καὶ
723 5565 752 5617 6
782 5562 1050 5633 μακάριος
1082 5559 1230 5630 λέγει
1265 5557 1425 5612 Δαυῒδ
1457 5559 1539 5626 τὸ,
1583 5576 1600 5610 ι
1621 5557 1740 5612 Ἰνα
1765 5555 1838 5622 τί,
1865 5557 2064 5631 Κύριε.

547 5755 660 5827 (47)
697 5753 757 5809 In
792 5751 952 5806 titulo
992 5748 1142 5804 ’A66.

763 5849 1041 5912 Ρλτιιοι..
1076 5848 1197 5912 Gn.
1234 5848 1461 5911 LXVI.

2182 5550 2214 5608 ι’
2235 5553 2307 5612 Ut
2357 5554 2506 5626 quid.
2547 5553 2798 5620 Domine,
2844 5552 3129 5609 recessisti
3187 5551 3368 5618 longe,
3418 5548 3659 5622 despicis
3706 5554 3765 5610 in

3413 5835 3478 5896 ιῐι
