4118 6540
482 329 587 385 5‘27

1669 326 2020 385 THEODORI
2060 328 2545 385 MOPSUESTENI

3634 312 3741 387 es

479 441 1000 512 opportunitazilms,
1028 441 1583 499 in'trihulationibus?
1613 442 1751 499 Dum
1774 445 2044 501 extollitur

2159 446 2472 518 ἀφέστηκας
2506 443 2797 516 μακρόθεν,
2823 444 3095 517 ὑπερορᾷς
3122 446 3179 499 ὲν
3213 443 3604 516 εύκαιρίαις,ὲν
3628 443 3739 499 θλί-

482 535 701 604 impius,
755 532 1069 588 incenditur
1118 550 1323 606 pauper
1347 537 1411 602 η,
1452 554 1470 589 ι
1524 543 1577 591 et
1616 536 1857 607 reliqua;
1903 536 2051 591 haud

454 624 647 703 \llrum
685 624 910 691 culpans
961 624 1033 677 ita
1076 624 1337 695 loquitur,
1387 625 1481 680 sed
1531 625 1641 680 illis
1674 625 1919 681 irascens
1956 627 2050 696 qui

480 715 606 765 talia
637 721 822 781 agunt,
867 720 921 767 et
948 713 1355 783 quodammodo
1389 721 1727 778 cxrestuaus,
1760 714 1905 784 quod
1941 732 2052 770 non

478 800 589 851 cito
639 815 831 868 pmnas
884 801 1100 856 debitas
1142 802 1366 859 luerint.
1419 803 1499 857 lta
1543 812 1597 859 et
1643 805 1815 859 alibi:
1861 822 1879 856 ι
1918 805 2049 870 Cur,

482 890 648 952 Deus,
690 892 935 959 repulisti
967 892 1021 945 in
1052 892 1213 947 tinem
1235 895 1259 946 ?
1282 895 1459 951 iratus
1492 904 1577 950 est
1609 895 1762 950 furor
1794 902 1922 952 tuus
1954 896 2052 951 ad-

477 998 668 1036 versus
688 997 813 1035 oves
842 984 1031 1052 pascui
1065 984 1141 1037 tui
1160 984 1244 1037 "1
1265 1004 1283 1036 ι
1312 984 1520 1040 Etenim
1538 985 1913 1056 magnitudine
1940 1000 2054 1040 ma-

452 1076 653 1126 .lorum
702 1078 903 1143 populo
938 1075 1213 1131 illatorum
1263 1077 1551 1141 attonitus,
1607 1078 1687 1132 sic
1729 1079 1892 1132 etiam
1947 1078 2052 1133 hoc

476 1165 598 1217 loco
634 1166 897 1234 loquitur.
935 1164 1096 1220 Velut
1126 1168 1291 1221 etiam
1327 1169 1523 1223 beatus
1556 1166 1824 1224 Jeremias
1864 1169 1999 1224 dicit
2034 1189 2046 1225 :

482 1275 499 1305 ι
545 1260 653 1311 (fur
715 1258 801 1310 via
868 1258 1161 1327 impiorum
1230 1267 1620 1327 prosperatur,
1667 1254 1829 1329 233
1894 1260 2051 1315 beate

476 1356 644 1413 agunt
721 1359 911 1399 omnes
985 1346 1345 1413 reprobantcs
1412 1346 2044 1419 reprobrationes_'°?p

476 1436 700 1492 Namne
727 1437 827 1491 iste
866 1438 1086 1506 quidem
1128 1434 1298 1492 Deum
1346 1452 1619 1493 accusans
1671 1438 1751 1493 sic
1786 1439 2048 1507 loquitur,

475 1529 569 1583 sed
640 1527 929 1599 indignans
997 1529 1181 1598 potius
1249 1532 1395 1599 quod
1458 1529 1786 1584 delictorum
1851 1542 2049 1599 pmnas

474 1636 582 1673 non
617 1621 958 1689 pertulerint.
983 1620 1106 1674 Pari
1142 1620 1285 1675 enim
1334 1623 1614 1690 propheta:
1640 1635 1832 1676 omnes
1868 1621 2049 1675 animo

471 1721 646 1767 erant.
706 1713 845 1778 Quin
899 1721 952 1767 et
1015 1714 1145 1768 illud
1196 1714 1336 1784 apud
1384 1715 1600 1768 beatum
1656 1712 1915 1767 Davidem
1962 1711 2047 1767 di-

472 1811 618 1857 ctum
655 1824 667 1857 :
704 1823 721 1854 ι
757 1803 1005 1873 Domine,
1040 1806 1094 1859 in
1123 1806 1262 1859 cmlo
1304 1804 1677 1859 misericordia
1709 1813 1827 1867 tua,
1856 1814 1912 1859 et
1952 1819 2047 1858 ve-
2077 1795 2123 1854 Β

474 1898 610 1951 ritas
640 1905 726 1950 tua
757 1911 930 1966 usque
961 1897 1026 1950 ad
1063 1897 1235 1952 nubes
1269 1915 1281 1949 :
1310 1897 1526 1966 justitia
1559 1904 1675 1957 tua,
1708 1897 1854 1952 sicut
1886 1911 2049 1950 mon-

471 1994 553 2041 tes
587 1986 712 2050 Dei;
748 1986 954 2055 judicia
1004 1994 1103 2039 tua
1131 1987 1363 2058 abyssus
1408 1988 1576 2042 multa
1607 1989 1652 2020 ἰ
1687 2005 1699 2040 :
1735 2007 1753 2039 ι
1793 2003 1913 2057 qua:
1958 1987 2047 2041 ni-

473 2083 670 2135 mirum
712 2082 866 2148 dicit,
908 2082 1300 2151 benignitatem
1344 2084 1435 2140 Dei
1467 2083 1746 2139 demirans
1775 2100 1901 2155 erga
1951 2084 2052 2139 hoc

468 2180 646 2233 mines
678 2188 939 2249 tanquam
980 2179 1273 2243 inﬁnitam,
1296 2188 1349 2235 et
1374 2181 1520 2250 quod
1564 2182 1790 2235 multam
1824 2181 1892 2236 de
1925 2181 2048 2235 viro

463 2276 614 2342 justo
646 2283 800 2343 gerat
839 2274 1289 2340 sollicitudinem,
1335 2275 1810 2345 imperscrutabile
1856 2276 2047 2332 dicens

472 2365 565 2419 Dei
612 2380 840 2420 examen
901 2374 956 2420 et
996 2365 1289 2435 judicium,
1342 2382 1450 2436 quo
1493 2383 1647 2422 seras
1687 2369 2046 2437 peccantibus

469 2471 662 2526 pmnas
694 2457 952 2526 imponit,
981 2474 1119 2528 quas
1143 2473 1285 2527 saepe
1310 2458 1509 2522 diﬂ‘ert,
1536 2474 1849 2529 quanquam
1877 2461 2045 2514 multa

472 2550 614 2603 inter
636 2549 885 2605 homines
911 2549 1051 2603 mala
1077 2558 1380 2604 versentur.
1404 2549 1603 2606 Eodem
1636 2567 1862 2621 prorsus
1884 2553 2047 2607 modo

474 2642 564 2693 hic
617 2656 835 2710 quoque
889 2641 1023 2695 dicit
1083 2641 1348 2711 prepheta
1381 2683 1396 2706 ,
1457 2644 1738 2714 iniquitati
1797 2645 2045 2700 irascens

468 2732 776 2802 principum
816 2732 1024 2803 populi,
1060 2734 1153 2802 qui
1202 2735 1427 2787 multam
1457 2735 1774 2805 variamque
1800 2736 2048 2806 pauperie

470 2826 571 2875 bus
618 2822 875 2890 injuriam
934 2822 1207 2877 faciebant
1245 2842 1257 2876 :
1298 2839 1627 2894 magnopere
1676 2826 1895 2895 quidem
1951 2841 2045 2881 eo-

467 2928 737 2979 gnoscens
765 2911 928 2982 digna
955 2927 1077 2966 esse
1105 2914 1393 2983 suppliciis
1421 2929 1484 2969 ea
1517 2930 1639 2984 quae
1681 2916 1903 2980 ﬁebant,
1947 2918 2044 2973 do-

440 3005 584 3057 ~lons
636 3010 817 3057 autem
868 3002 1013 3071 quod
1059 3002 1169 3057 Deo
1214 3004 1477 3058 ultionem
1518 3004 1824 3068 diﬁerente,
1872 3009 2041 3063 multa

2158 537 2357 608 ψεσινς
2407 538 2465 590 ὲν
2498 536 2575 606 τῷ
2604 536 3116 608 ὑπερηφανεύεσθαι
3148 538 3237 591 τὸν
3272 536 3465 608 ἀσεϐῆ,
3505 536 3739 606 ἐμπυρί-

2155 628 2305 693 ζεται
2336 631 2363 683 6
2398 629 2629 700 πτωχὸς,
2656 647 2674 681 ι
2713 631 2807 682 καὶ
2836 629 2904 682 τά
2934 628 3062 699 ἑξῆς
3084 645 3098 659 ·
3144 629 3204 682 οὐ
3234 628 3341 700 γὰρ
3363 627 3455 681 τὸν
3481 626 3614 681 Θεὸν
3645 628 3736 680 al-

2153 719 2418 791 τιώμενος
2469 720 2641 774 ταῦτα
2699 720 2888 787 λέγει,
2941 719 3263 788 ἀγανακτῶν
3321 720 3380 773 δὲ
3432 716 3575 774 κατὰ
3622 710 3737 774 τῶν

2153 812 2376 866 τοιαῦτα
2424 811 2744 875 ποιούντων,
2793 812 2885 865 καί
2915 830 3034 864 τινα
3068 812 3268 882 τρόπον
3296 812 3588 881 διαπορῶν,
3619 810 3736 864 ἀνθ’

2153 903 2277 955 ὅτου
2324 904 2398 974 μὴ
2440 903 2595 966 δίκας
2622 903 2855 956 διδόασιν
2885 902 3072 966 ὀξέως.
3115 900 3277 963 Οὕτω
3314 902 3407 955 καὶ
3457 900 3690 971 ἀλλαχοῦ
3718 917 3731 932 ’

2160 995 2305 1049 «Ἵνα
2338 995 2413 1059 τί,
2442 996 2470 1047 6
2496 993 2650 1058 Θεὸς,
2679 993 2885 1049 ἀπώσω
2913 995 2993 1057 είς
3018 994 3189 1057 τέλος,
3227 992 3475 1064 ὠργίσθη
3508 994 3536 1047 6
3563 993 3735 1064 θυμός

2156 1103 2249 1139 σου
2276 1088 2368 1139 ἐπὶ
2391 1082 2637 1151 πρόϐατα
2659 1084 2829 1156 νομῆς
2860 1101 2953 1137 σου
2975 1102 2990 1150 ;
3042 1105 3061 1137 ›
3096 1083 3380 1154 Διαπορῶν
3404 1084 3514 1152 γὰρ
3543 1083 3633 1136 ἐπὶ
3653 1082 3736 1153 τῷ

2158 1177 2375 1247 μεγέθει
2404 1177 2510 1230 τῶν
2542 1176 2840 1245 γεγονότων
2871 1177 2950 1239 είς
2972 1175 3063 1228 τὸν
3090 1174 3238 1240 λαὸν,
3269 1172 3549 1228 κάνταῦθά
3574 1188 3728 1242 φησι·

2154 1267 2247 1319 καὶ
2274 1266 2443 1320 πολλά
2474 1266 2530 1319 δὲ
2562 1265 2785 1319 τοιαῦτα
2818 1265 2969 1335 εὕροι
2991 1282 3074 1328 τις
3103 1264 3202 1318 ἀν’
3242 1263 3429 1333 ῶσπερ
3459 1258 3553 1317 οὗν
3585 1264 3677 1318 καὶ
3704 1265 3735 1317 6

2157 1357 2427 1429 μακάριος
2470 1356 2736 1429 Ἱερεμίας
2770 1356 2904 1427 φησί
2927 1371 2941 1386 ·
2996 1373 3016 1407 ι
3043 1355 3109 1409 Τί
3136 1356 3218 1409 ὅτι
3251 1355 3369 1418 ὁδὸς
3393 1355 3610 1410 ἀσεϐῶν
3636 1355 3731 1408 εύ-

2152 1449 2366 1502 οδοῦται
2391 1492 2406 1515 ,
2457 1448 2772 1519 ηύθήνησαν
2824 1447 3023 1510 πάντες
3070 1447 3121 1499 οί
3166 1443 3483 1507 ἀθετοῦντες
3537 1443 3734 1525 ἀθετή-

2152 1557 2332 1611 ματα;
2367 1560 2386 1594 ι
2439 1541 2573 1594 Ούδὲ
2619 1539 2728 1613 γάρ
2760 1541 2868 1594 οὐδ’
2909 1533 3064 1602 οὗτος
3107 1538 3201 1591 τὸν
3245 1537 3376 1591 Θεδν
3410 1535 3732 1606 αίτιώμενος

2156 1632 2325 1701 λέγει,
2360 1632 2684 1701 ἀγανακτῶν
2714 1631 2771 1685 δὲ
2802 1633 2886 1701 ἐφ’
2913 1624 2994 1695 οἷς
3020 1630 3285 1701 ἔπραττον
3311 1629 3392 1682 ὅτι
3422 1627 3497 1699 μὴ
3529 1627 3731 1681 διδόασι

2147 1724 2301 1788 δίκας
2322 1742 2335 1756 ·
2374 1724 2604 1795 ἐπείπερ
2636 1725 2684 1777 οἱ
2719 1724 2992 1795 προφῆται
3016 1722 3215 1785 πάντες
3246 1720 3444 1791 ὁμοίως
3466 1715 3605 1790 ἦσαν
3632 1735 3734 1772 πε-

2149 1815 2433 1886 πεισμένοι
2460 1856 2473 1880 ,
2519 1816 2696 1869 έκεῖνο
2739 1813 2803 1885 δὴ
2850 1814 2910 1867 τὸ
2942 1813 3093 1884 παρὰ
3131 1811 3222 1866 τοῦ
3264 1812 3533 1883 μακαρίου
3568 1810 3731 1865 Δαυῖδ

2149 1906 2471 1977 λεγόμενον*
2512 1923 2531 1956 ι
2562 1905 2754 1977 Κύριε,
2787 1906 2845 1957 ὲν
2880 1902 2957 1974 τῷ
2987 1901 3198 1973 οὐρανῷ
3240 1900 3302 1954 τὺ
3347 1900 3494 1962 ἔλεός
3536 1916 3650 1963 σου,
3691 1899 3729 1969 ἡ

2149 1996 2379 2067 ἀλήθειά
2412 2012 2504 2048 σου
2541 1995 2646 2057 ἓως
2689 1993 2797 2047 τῶν
2828 1993 3084 2063 νεφελῶν.
3114 1993 3148 2062 ἠ
3178 1989 3489 2059 δικαιοσύνη
3527 2005 3619 2043 σου
3651 1987 3728 2051 ὡς
3755 2030 3758 2034 λ

2148 2088 2249 2159 ὅρη
2279 2086 2435 2151 Θεοῦ,
2478 2086 2548 2140 τὰ
2581 2084 2826 2157 κρίματά
2864 2101 2958 2137 σου
3002 2083 3239 2145 ἄϐυσσος
3270 2079 3438 2151 πολλή
3463 2095 3476 2109 ·
3511 2097 3531 2131 ι
3583 2078 3731 2149 ᾇπερ

2149 2176 2241 2233 οὖν
2287 2178 2390 2249 ἔφη
2438 2179 2530 2232 καὶ
2579 2178 2678 2249 τὴν
2715 2176 3123 2247 φιλανθρωπίαν
3165 2171 3601 2243 ἐκπληττόμενος
3631 2167 3728 2224 τοῦ

2148 2270 2284 2324 Θεοῦ
2331 2271 2408 2333 ὡς
2439 2270 2745 2341 ἀμέτρητον
2779 2263 2964 2333 οὖσαν,
2998 2267 3072 2339 (p.
3093 2265 3220 2336 556)
3260 2264 3354 2317 καὶ
3385 2260 3481 2317 τοῦ
3512 2260 3728 2315 δικαίου

2147 2363 2246 2435 τὴν
2275 2362 2529 2434 φροντίδα
2558 2363 2640 2415 ὅτι
2668 2360 2871 2431 πολλὴν
2911 2376 2975 2428 γε
3011 2361 3243 2412 ποιεῖται
3272 2355 3476 2427 ταύτην
3495 2371 3510 2386 ο
3565 2354 3731 2423 ἀνέφ-

2149 2472 2294 2508 ικτον
2322 2454 2380 2506 δὲ
2406 2448 2546 2507 εἶναι
2575 2452 2748 2522 λέγων
2773 2450 2867 2506 τοῦ
2890 2449 3025 2504 Θεοῦ
3047 2451 3144 2522 τὴν
3164 2449 3490 2520 δοκιμασίαν
3515 2449 3610 2501 καί¹
3628 2446 3732 2519 τὴν

2147 2547 2347 2615 κρίσιν,
2383 2544 2502 2599 καθ’
2541 2546 2607 2614 ῆν
2636 2546 2736 2597 οὐκ
2761 2544 2941 2611 ὀξείας
2973 2543 3166 2611 ἐπάγει
3195 2543 3305 2603 τοῖς
3338 2541 3589 2597 πταίουσι
3626 2539 3729 2603 τὰς

2145 2637 2432 2708 τιμωρίας,
2465 2635 2821 2691 ἀναϐάλλεται
2851 2634 2907 2687 δὲ
2946 2633 3115 2699 αὺτάς
3144 2632 3427 2697 πολλάκις,
3455 2632 3631 2687 καίτοι
3660 2648 3727 2700 γε

2146 2733 2204 2783 ὲν
2237 2728 2544 2801 ἀνθρώποις
2571 2726 2781 2781 πολλῶν
2823 2725 3141 2797 πασχόντων
3168 2725 3376 2789 κακῶς.
3424 2725 3528 2779 Τὸν
3557 2725 3724 2778 αὐτὸν

2144 2821 2208 2893 δὴ
2226 2821 2426 2892 τρόπον
2452 2821 2546 2873 καλ⁵
2568 2823 2596 2874 6
2620 2820 2903 2890 προφήτης
2934 2818 3167 2873 ἐνταῦθα
3191 2835 3375 2889 φησιν,
3401 2816 3725 2887 ἀγανακτῶν

2145 2913 2238 2965 ἐπὶ
2281 2915 2346 2983 τῇ
2400 2911 2585 2983 ἀδικία
2615 2911 2724 2963 τῶν
2756 2913 2813 2963 ὲν
2860 2910 2940 2981 τῷ
2981 2909 3097 2981 λαῷ
3128 2911 3581 2972 δυναστευόντων,
3629 2910 3724 2963 καὶ

2146 3001 2347 3070 πολλήν
2391 3017 2516 3054 τινα
2548 3000 2642 3052 καὶ¹
2691 3000 3027 3071 πολύτροπον
3071 3001 3184 3063 τοῖς
3232 3000 3428 3070 πένησι
3479 2999 3577 3069 τὴν
3625 3002 3725 3053 ὲπ-

466 3092 731 3147 adversns
760 3107 1029 3161 pauperes
1047 3093 1253 3159 vigeret
1279 3092 1566 3161 injustitia.
1601 3092 1916 3164 Propterea,
1942 3113 2039 3153 ceu

2146 3093 2334 3164 ήρειαν
2360 3092 2673 3158 ἐπαγόντων
2697 3105 2712 3121 ο
2763 3092 2857 3144 καὶ¹
2887 3091 3091 3163 σφόδρα
3119 3091 3217 3161 μὲν
3244 3089 3420 3154 εἰδὼς,
3455 3091 3532 3155 ὡς
3556 3109 3724 3161 τιμω-

464 3183 560 3249 qui
612 3197 753 3249 sche
803 3181 1141 3249 expetiverat
1184 3180 1481 3234 vindictam
1533 3182 1600 3235 de
1651 3184 1718 3237 iis
1764 3186 1885 3253 capi
1931 3194 2040 3238 tam

2149 3183 2270 3254 ρίας
2300 3182 2424 3246 ἄξια
2453 3181 2521 3234 τά
2557 3181 2928 3253 πραττόμενα,
2963 3181 3188 3251 ἀθυμῶν
3221 3181 3280 3234 δὲ
3308 3182 3390 3234 ὅτι
3422 3181 3521 3249 τὴν
3551 3197 3724 3251 τιμω-

467 3287 632 3340 prave
689 3270 999 3336 agentibus,
1050 3272 1182 3324 nihil
1231 3286 1359 3326 vero
1402 3272 1826 3341 impetraverat:
1884 3294 1903 3326 ι
1942 3274 2045 3331 Us-

463 3374 702 3429 quequo,
752 3360 957 3428 inquit,
1017 3357 1245 3412 Domine
1292 3359 1563 3422 clamabo,
1615 3369 1669 3413 et
1715 3374 1827 3414 non
1871 3376 2043 3415 exau-

465 3452 622 3506 dies?
663 3470 682 3504 ι
720 3450 853 3504 Nam
895 3460 1112 3520 sumpta
1144 3451 1247 3505 sibi
1288 3449 1614 3520 patientium
1668 3448 1876 3519 injuste
1914 3467 2043 3521 per-

465 3558 598 3597 sona
624 3543 759 3597 dicit
779 3561 791 3596 :
815 3541 1114 3611 Quousque
1147 3542 1362 3597 tandem
1396 3540 1636 3597 miseriis
1662 3543 1850 3598 multis
1878 3558 2041 3597 exer-

463 3638 605 3691 ι-ῑιιιε
672 3638 848 3689 clamo
913 3641 1066 3688 tuum
1132 3648 1437 3704 exposcens
1492 3635 1800 3700 auxilium,
1859 3650 2038 3704 neque

461 3739 643 3783 tamen
677 3728 727 3781 id
765 3716 1055 3797 impetro?

2147 3273 2268 3343 ρίαν
2293 3272 2726 3342 ἀναϐαλλομένου
2751 3272 2846 3325 τοῦ
2876 3272 3033 3338 Θεοῦ,
3068 3273 3236 3343 πολλή
3266 3291 3350 3336 τις
3383 3274 3416 3342 ἡ
3443 3272 3585 3326 κατά
3616 3271 3725 3327 τῶν

2145 3363 2392 3433 πενήτων
2421 3362 2630 3429 γίνεται
2669 3361 2870 3415 ἀδικία.
2920 3363 3017 3415 Διά
3054 3362 3213 3415 τοῦτο
3240 3363 3316 3425 ὡς
3340 3362 3406 3416 ἂν
3449 3362 3710 3424 πολλάκις

2142 3456 2374 3524 αἰτήσας
2424 3452 2518 3507 τοῦ
2564 3446 2699 3506 Θεοῦ
2752 3453 2848 3525 τὴν
2894 3455 3168 3526 τιμωρίαν
3210 3454 3566 3525 ἐπενεχθῆναι
3612 3455 3723 3517 τοῖς

2144 3544 2289 3598 οὕτω
2308 3544 2793 3615 διαπραττομένοις
2818 3545 3021 3608 κακῶς,
3055 3545 3260 3608 ἀνύσας
3283 3545 3337 3598 δὲ
3363 3546 3525 3598 πλέον
3546 3544 3718 3610 οὐδὲν,

2151 3654 2168 3687 ι
2201 3637 2346 3697 Ἕως
2374 3634 2535 3698 τίνος,
2577 3635 2729 3705 φησι,
2778 3633 2972 3705 Κύριε,
3016 3635 3353 3706 κεκράξομαι
3397 3637 3491 3689 καὶ
3537 3637 3596 3689 οὐ
3645 3636 3721 3707 μὴ

2144 3725 2489 3796 είσακούσῃς,
2515 3724 2781 3795 βοήσομαι
2804 3726 2912 3795 πρὸ
2923 3746 2938 3787 _:
2969 3727 3026 3779 σὲ
3059 3727 3426 3799 ἀδικούμενος,
3441 3729 3534 3782 καὶ
3561 3729 3619 3781 οὺ
3644 3728 3720 3798 μὴ

464 3817 674 3891 orbam;
700 3839 716 3869 ο
757 3815 1064 3869 ’Λναλαϐὼν
1085 3815 1192 3886 γάρ
1213 3816 1272 3867 τὸ
1295 3815 1404 3867 τῶν
1423 3815 1793 3885 ἀδικουμένων
1816 3817 2105 3887 πρόσωπον
2159 3817 2301 3869 οὕτω
2335 3816 2518 3884 φησὶν,
2555 3815 2635 3867 ὅτι
2672 3816 2834 3885 Ἀχρι
2877 3814 3021 3879 τίνος
3066 3817 3123 3868 ἐν
3166 3815 3559 3887 ταλαιπωρίαις
3595 3814 3723 3870 πολ-

460 3912 577 3973 ).zi’;
606 3909 987 3979 ἐξεταζόμενος
1012 3907 1117 3976 βοῶ
1148 3908 1246 3977 μὲν
1279 3906 1446 3959 αἰτῶν
1477 3907 1575 3977 τὴν
1606 3907 1703 3978 σὴν
1745 3908 2011 3979 βοήθειαν,
2039 3910 2099 3961 ού
2128 3909 2377 3979 τυγχάνω
2399 3907 2456 3961 δὲ
2487 3904 2722 3976 ταύτης

543 4024 704 4076 Vrsas.
739 4019 856 4073 5-5.
891 4050 959 4060 ——
989 4038 1005 4069 ι
1039 4019 1221 4084 Quare
1253 4019 1383 4071 mihi
1418 4018 1712 4073 ostendisti
1746 4020 1964 4074 labores
1985 4030 2039 4074 et

462 4117 697 4178 dolores,
770 4112 957 4168 videre
1016 4110 1290 4165 miseriam
1350 4119 1402 4163 et
1462 4110 1884 4179 impietatem?»
1951 4109 2038 4163 Nil

462 4194 607 4260 aliud
654 4204 901 4275 quotidie
941 4203 1097 4257 video
1141 4203 1245 4256 nisi
1302 4201 1545 4256 laborem
1598 4210 1764 4272 atque
1811 4219 2037 4272 pressu-

460 4314 599 4369 ram,
647 4311 808 4366 quam
851 4295 995 4349 mala
1038 4304 1217 4349 mente
1259 4295 1539 4365 principes
1569 4296 1905 4366 pauperibus
1948 4296 2033 4349 in-

460 4390 603 4442 ferre
645 4395 936 4441 conantur.
972 4404 990 4436 ι
1028 4385 1232 4439 Contra
1275 4400 1359 4440 me
1393 4384 1594 4439 factum
1628 4398 1711 4441 est
1739 4384 2032 4455 judicium,

458 4484 512 4530 et
552 4477 720 4546 judex
767 4476 984 4545 accipit.
1033 4474 1331 4546 Propterea
1389 4474 1655 4545 dissipata
1700 4485 1785 4529 est
1824 4477 1933 4539 lex,
1980 4484 2035 4529 et

459 4587 570 4625 non
601 4569 891 4625 deducitur
924 4568 991 4622 ad
1024 4567 1183 4622 tinem
1214 4565 1505 4635 judicium.
1549 4584 1567 4617 ι
1603 4564 1818 4631 Queror
1855 4567 2039 4634 itaque

458 4663 602 4731 quod
639 4677 781 4731 sape
829 4660 960 4731 vidi,
996 4674 1193 4727 nempe
1218 4657 1433 4727 judicio
1479 4657 1751 4721 instituto,
1779 4656 1872 4725 jus
1912 4671 2034 4709 om-

461 4754 592 4806 nino
613 4724 911 4811 contcmn't,
940 4748 1035 4803 sed
1061 4748 1444 4817 respicientem
1476 4761 1744 4816 personas
1769 4745 2035 4814 iudicem,

460 4845 605 4897 hunc
633 4841 735 4895 sibi
772 4854 1075 4909 proponere
1103 4838 1388 4892 sententia:
1411 4854 1525 4892 sua:
1550 4851 1805 4905 scopum,
1838 4849 2038 4888 cumu-

461 4931 625 4986 lando
682 4928 895 4984 scilicet
932 4925 1095 4998 234
1124 4927 1373 4996 oppressi
1431 4926 1847 4982 detrimentum.
1900 4921 2039 4976 Hinc

463 5028 638 5091 legum
673 5028 890 5075 tuarum
923 5017 1268 5072 observantia
1299 5016 1614 5087 negligitur,
1650 5014 1910 5084 nullaque
1937 5012 2036 5065 ha-

460 5125 583 5165 rum
608 5109 747 5165 ratio
778 5101 1013 5164 habetur
1039 5126 1051 5162 :
1080 5107 1491 5175 nulliusjudicii
1519 5105 1698 5161 bonus
1728 5112 1811 5160 est
1834 5105 2035 5166 exitus,

462 5196 556 5256 sed
611 5198 901 5255 manifesta
959 5197 1248 5267 iniquitate
1294 5197 1526 5250 laborat.
1585 5213 1603 5246 ι
1641 5193 1782 5261 Quia
1834 5194 2039 5264 impius

462 5293 719 5361 praevalet
775 5291 1039 5346 adversus
1067 5289 1300 5359 justum.
1337 5307 1355 5339 ι
1392 5286 1496 5353 Qui
1542 5287 1707 5358 igitur
1746 5280 1911 5356 impie
1947 5288 2030 5341 vi-

460 5385 615 5441 vunt,
650 5387 703 5430 et
732 5378 970 5451 legitima
1003 5383 1094 5431 tua
1121 5375 1276 5446 pensi
1308 5391 1417 5429 non
1449 5375 1671 5439 habent,
1703 5375 2031 5444 injuriarum

463 5483 623 5521 mmte
666 5471 837 5536 genus
878 5483 975 5536 pro
1022 5482 1120 5520 sua
1173 5466 1528 5536 praepotentia
1564 5466 1619 5520 in
1664 5481 1865 5539 egenos
1903 5482 2031 5522 con-

462 5556 665 5612 ferunt.
709 5556 840 5609 Nam
892 5558 1097 5625 justum
1143 5557 1246 5611 hoc
1297 5560 1417 5611 loco
1448 5556 1580 5613 dicit
1629 5574 1725 5628 pro
1771 5573 2032 5627 Oppresso

572 5690 616 5723 ³⁸
647 5689 785 5744 Psal.
827 5708 879 5752 κ.
926 5694 971 5744 l.
1088 5694 1129 5724 ι’
1166 5693 1308 5748 Psal.
1340 5708 1531 5757 Lxxur,
1558 5696 1605 5748 l.

1720 5696 1765 5726 ὀ
1797 5694 1910 5750 .ler.
1946 5711 2041 5761 xu,
2076 5697 2124 5749 1.

2216 4020 2363 4089 Στίχ.
2396 4025 2536 4088 κί’-ε’.
2589 4047 2658 4058 -
2708 4037 2725 4069 ι
2758 4016 2875 4072 Ἵνα
2910 4020 2963 4071 τί
3010 4037 3097 4088 μοι
3130 4020 3337 4093 ἔδειξας
3380 4021 3583 4083 κόπους
3626 4021 3721 4077 καὶ

2145 4116 2339 4177 πόνους
2367 4114 2677 4167 ἐπιϐλέπειν
2720 4114 2812 4166 ἐπὶ
2842 4114 3214 4184 ταλαιπωρίαν
3243 4114 3335 4168 καὶ
3370 4113 3660 4180 ἀσέϐειαν;
3697 4135 3716 4167 ο

2144 4205 2308 4259 Οὐδὲν
2334 4206 2463 4275 γοῦν
2492 4206 2679 4275 ἕτερον
2708 4204 2830 4257 καθ’
2869 4204 3104 4275 ἑκάστην
3141 4203 3354 4273 ἡμέραν
3382 4202 3514 4274 ὁρῶ,
3548 4202 3662 4258 ἀλλ’
3686 4202 3719 4273 ἢ

2146 4295 2305 4349 πόνον
2338 4296 2432 4349 καὶ
2462 4293 2772 4364 συντριϐὴν,
2807 4293 2872 4363 ἢν
2905 4294 2953 4345 oi
2992 4292 3407 4355 δυναστεύοντες
3441 4291 3629 4345 ἀσεϐεῖ
3653 4295 3719 4362 τῇ

2143 4386 2335 4458 γνώμῃ
2355 4389 2467 4450 τοῖς
2494 4386 2718 4454 πένησιν
2747 4384 2970 4452 ἐπάγειν
2992 4384 3305 4455 πειρῶνται.
3343 4400 3360 4434 ι
3385 4382 3722 4448 Ἐξεναντίας

2143 4495 2244 4547 μου
2273 4478 2466 4547 γέγονε
2500 4478 2701 4549 κρίσις,
2729 4476 2824 4529 καὶ
2855 4477 2883 4527 6
2910 4474 3102 4545 κριτὴς
3136 4473 3421 4545 λαμϐάνει·
3453 4473 3540 4527 διὰ
3563 4472 3721 4527 τοῦτο

2137 4568 2506 4622 διεσκέδασται
2554 4568 2737 4637 νόμος,
2775 4566 2850 4636 (p.
2883 4567 3007 4633 557)
3058 4568 3150 4619 καὶ
3193 4567 3254 4619 οὐ
3293 4554 3597 4632 διεξάγεται
3641 4565 3720 4628 είς

2138 4659 2291 4721 τέλος
2320 4660 2513 4728 κρῖμα.
2543 4677 2560 4709 ι
2613 4658 2886 4728 Αίτιῶμαι
2912 4656 3042 4726 γοῦν
3081 4656 3116 4711 ἃ
3147 4657 3403 4721 πολλάκις
3443 4652 3605 4719 εἶδον,
3635 4657 3719 4709 ὅτι

2138 4745 2292 4816 δίκης
2326 4746 2797 4817 συγκροτουμένης
2851 4749 3158 4818 παρορᾶται
3205 4747 3303 4816 μὲν
3344 4745 3621 4810 παντελῶς
3656 4745 3719 4798 τὸ

2139 4837 2364 4899 δίκαιον,
2394 4838 2531 4907 πρὸς
2564 4838 2819 4907 σχήματα
2844 4824 2900 4890 δέ
2932 4838 3076 4909 ὀρῶν
3096 4841 3124 4891 6
3153 4837 3414 4908 δικαστὴς
3452 4838 3625 4907 τούτῳ
3658 4836 3720 4890 τὸ

2142 4925 2315 4996 πέρας
2357 4928 2588 4979 ποιεῖται
2619 4925 2720 4996 τῆς
2758 4927 2946 4998 δίκης,
2992 4925 3243 4993 ἐπαύξων
3291 4926 3368 4996 τῷ
3403 4925 3718 4996 ἠδικημένῳ

2138 5018 2238 5089 τὴν
2260 5016 2463 5088 βλάϐην
2479 5034 2491 5047 ·
2536 5018 2781 5073 ἐντεῦθεν
2806 5018 2935 5087 γοῦν
2959 5004 3232 5090 ἠμέληται
3272 5018 3371 5089 μὲν
3405 5018 3514 5071 τῶν
3536 5018 3717 5088 νόμων

2139 5109 2246 5161 τῶν
2276 5108 2384 5162 σῶν
2414 5110 2447 5179 ἡ
2472 5108 2746 5180 ἀκρίϐεια,
2772 5111 2865 5162 καὶ
2893 5109 3047 5179 λόγος
3077 5110 3283 5163 τούτων
3311 5110 3490 5174 οὐθεὶς
3517 5108 3712 5163 οὐδενίο

2137 5199 2258 5271 δίκη
2291 5199 2347 5253 δὲ
2367 5201 2590 5271 οὐδεμία
2619 5202 2791 5273 πέρας
2828 5201 3041 5271 δέχεται
3074 5199 3328 5272 χρηστὸν,
3353 5200 3468 5255 ἀλλ’
3498 5201 3577 5263 είς
3603 5199 3719 5253 ἀδι-

2139 5290 2264 5345 κίαν
2308 5292 2572 5364 πρόδηλον
2624 5293 2887 5364 καταντᾷ.
2947 5311 2965 5344 ι
2998 5292 3123 5346 Ὅτι
3161 5295 3188 5346 6
3222 5292 3425 5364 ἀσεϐὴς
3483 5288 3719 5345 κᾶταδυ-

2100 5368 2105 5372 ’
2138 5383 2385 5437 ναστεύει
2412 5385 2503 5438 τὸν
2529 5383 2756 5439 δίκαιον.
2783 5403 2801 5436 ι
2822 5387 2883 5438 Oi
2913 5383 3045 5454 γοῦν
3071 5385 3293 5456 ἀσεϐείᾳ
3324 5384 3594 5450 συζῶντες
3621 5382 3720 5438 καὶ

2141 5471 2249 5524 τῶν
2284 5471 2391 5525 σῶν
2421 5473 2669 5543 νομίμων
2696 5471 2889 5566 οὐδένα
2923 5474 3235 5545 ποιούμενοι
3279 5474 3455 5545 λόγον,
3489 5474 3598 5528 πᾶν
3636 5469 3718 5525 εἷο

2141 5561 2226 5623 Eo;
2257 5561 2519 5632 ἐπηρείας
2552 5563 2692 5616 κατά
2731 5561 2829 5633 τῆν
2857 5565 3065 5620 οἰκείαν
3089 5565 3410 5620 δυναστείαν
3447 5566 3715 5634 ἐπάγουσι

2239 5699 2277 5727 ²¹
2308 5694 2455 5752 Psal.
2499 5711 2658 5763 xxxv,
2700 5696 2751 5750 6.
