4118 6464
360 319 489 375 «£29
1400 315 1963 373 COMMENTARIUS

2111 314 2463 373 UABACUCI
2500 319 2655 374 CAP.
2692 321 2731 375 1.

3583 326 3691 395 εδδ

363 443 504 504 τοῖς
540 439 865 510 πενομένοις
890 455 901 466 ·
951 439 1161 493 δίκαιον
1214 439 1321 509 γὰρ
1366 437 1604 491 ἐνταῦθα
1644 438 1737 490 τὸν
1772 437 1992 491 ἀδικού-

2103 454 2360 510 paupere,
2416 440 2509 510 qui
2558 441 2765 508 justam
2809 441 3142 510 impetrandi
3180 441 3558 499 defensionem
3605 446 3690 499 di-

340 550 556 604 τμενον
605 531 817 603 πένητα
863 531 1058 592 καλεῖ,
1113 531 1188 594 ὡς
1230 532 1443 594 δικαίας
1486 548 1549 599 γε
1601 532 1699 601 τῆς
1748 531 1992 595 ἐκδικίας

2103 548 2240 603 gnus
2293 543 2434 587 erat.
2499 554 2515 585 ι
2550 532 2845 605 Propterea
2889 536 3204 605 egredietur
3239 538 3511 605 judicium
3562 554 3687 609 per-

367 624 746 695 τευξόμενον.
809 642 829 675 ι
861 624 1091 677 Ἕνεκεν
1120 623 1313 676 τούτου
1346 623 1688 687 ἐξελεύσεται
1714 624 1774 676 τὸ
1820 627 1993 694 κρῖμα

364 716 851 787 διεστραμμένον.
899 736 919 769 ι
967 715 1251 770 Ἐντεῦθεν
1294 715 1415 767 οὐδὲ
1465 714 1619 785 παρὰ
1660 714 1754 767 τοῦ
1800 714 1990 785 κριτοῦ

368 806 687 878 γινόμενόν
713 825 767 860 τι
800 807 876 877 μὴ
919 806 1356 879 διεστραμμένον
1387 807 1486 861 ἴδοι
1520 825 1603 870 τις
1647 807 1713 860 ἄν
1741 824 1754 837 ·
1803 807 1990 878 ἐπειδὴ

368 900 653 962 κάκεῖνος
680 897 903 969 ἀμελῶν
932 896 1026 950 τοῦ
1060 898 1273 951 δικαίου
1303 898 1439 968 πρὸς
1479 897 1572 951 τὸν
1598 896 1993 950 δυναστεύοντα

367 993 487 1060 τὴν
526 992 720 1044 πᾶσαν
755 989 871 1061 ἔχει
908 992 1102 1061 ῥοπήν.
1149 986 1283 1043 Εἶτα
1328 989 1568 1063 τὴντῶν
1600 988 1991 1060 πραττομένων

367 1082 795 1152 αἰτιασάμενος
821 1081 1054 1135 ἀτοπίαν
1085 1082 1144 1134 ἐν
1169 1081 1406 1145 τούτοις,
1446 1082 1644 1149 ἐπάγει
1685 1080 1869 1132 λοιπὸν
1896 1079 1991 1149 τὴν

366 1173 673 1243 τιμωρίαν
700 1189 714 1203 ·
770 1171 846 1235 ὡς
888 1171 956 1224 ἂν
997 1172 1134 1242 μετὰ
1180 1170 1278 1243 τὴν
1328 1170 1568 1236 ἔντευξιν
1596 1168 1705 1223 τῶν
1740 1170 1874 1240 πρὸς
1902 1170 1992 1222 τὸν

367 1264 525 1317 Θεὸν
563 1263 625 1330 ἐξ
668 1261 1069 1333 ἀποκαλύψεως
1115 1260 1266 1326 θείας
1314 1260 1571 1339 ἐγνωκῴς
1604 1278 1664 1313 τε
1693 1260 1864 1329 αὐτὴν
1899 1260 1993 1313 καὶ

372 1355 624 1427 μηνύων
658 1355 1104 1417 ἆπασιδικαίως.
1160 1373 1179 1405 ι
1216 1355 1406 1418 Ἰδετε,
1452 1356 1502 1407 οἱ
1554 1352 1991 1423 καταφρονηταὶ,

369 1450 482 1501 καὶ
512 1447 871 1518 ἐπιϐλέψατε,
905 1448 999 1502 καὶ
1023 1448 1361 1518 θαυμάσατε·
1398 1447 1492 1500 καὶ
1521 1445 1660 1509 ἴδετε
1688 1444 1988 1516 θαυμάσια,

368 1542 487 1596 καὶ
514 1540 857 1611 ἀφανίσθητε
883 1558 896 1569 ·
942 1541 1077 1594 διότι
1109 1539 1270 1611 ἔργον
1304 1537 1414 1608 ἐγὼ
1445 1539 1752 1611 ἐργάζομαι
1780 1540 1837 1591 ἐν
1880 1538 1995 1599 ταῖς

368 1630 629 1702 ἡμέραις
685 1631 876 1702 ὑμῶν,
937 1631 965 1684 ὃ
1010 1629 1072 1684 ού
1107 1630 1182 1701 μὴ
1214 1629 1546 1700 πιστεύσητε
1589 1630 1683 1683 ἐάν
1724 1645 1808 1691 τις
1848 1627 1993 1681 ἐκδι-

371 1725 623 1795 ηγῆται.
652 1741 673 1774 ι
712 1724 789 1794 (p;
815 1723 943 1791 358)
1008 1722 1171 1777 Ἀλλὰ
1219 1724 1328 1795 γὰρ
1365 1723 1467 1776 οὐκ
1519 1724 1600 1786 εἰς
1630 1721 1688 1774 τὸ
1733 1719 1994 1783 παντελὲς

2098 639 2342 678 versum.
2380 643 2398 675 ι
2443 623 2581 678 Hinc
2614 625 2749 677 nihil
2773 641 2839 679 ne
2866 641 2894 677 a
2928 626 3115 693 judice
3145 627 3365 697 quidem
3416 630 3522 685 nisi
3569 645 3692 701 per-

2097 731 2318 770 versum
2381 716 2495 769 fieri
2533 717 2826 786 quisquam
2858 717 3071 785 videat;
3105 736 3228 772 nam
3270 728 3322 773 ct
3357 721 3482 784 iste,
3529 723 3692 792 aequi-

2096 813 2206 860 tate
2236 808 2465 873 omissa,
2498 807 2564 859 ad
2590 817 2864 877 potentem
2903 816 3017 864 toto
3050 812 3132 865 sui
3164 812 3401 880 pondere
3436 813 3687 869 inclinat.

2095 897 2304 952 Deinde
2339 898 2479 952 hanc
2507 914 2733 967 operum
2764 901 3065 954 saevitatern
3102 902 3443 972 vituperans.
3470 920 3687 975 poenam

2096 1004 2223 1044 mox
2259 990 2471 1052 subdit.
2506 991 2665 1060 quasi
2703 991 2842 1046 hanc
2876 993 2928 1045 in
2962 1000 3198 1047 tractatu
3230 1012 3355 1048 cum
3393 995 3502 1049 Deo
3533 1013 3690 1051 resc-

2097 1081 2300 1137 latione
2332 1098 2570 1151 superna
2623 1084 2893 1149 novisset,
2943 1101 3180 1154 eamque
3233 1089 3429 1143 merito
3472 1091 3691 1144 cunctis

2097 1173 2469 1243 portenderet.
2509 1194 2525 1225 ι
2566 1174 2781 1237 Videte,
2830 1186 3277 1248 contemptores,
3323 1188 3377 1233 et
3411 1182 3688 1252 respicite,

2096 1278 2148 1320 et
2175 1268 2545 1335 admiramini,
2597 1279 2653 1322 et
2688 1277 2936 1339 spectate
2981 1272 3274 1333 mirabilia,
3320 1281 3374 1326 ct
3419 1272 3691 1344 disperdi-

2099 1358 2253 1423 mini,
2280 1360 2411 1427 quia
2444 1374 2584 1427 opus
2611 1374 2712 1429 ego
2746 1375 2946 1429 operor
2982 1361 3034 1414 in
3063 1362 3259 1418 diebus
3293 1365 3517 1430 vestris,
3544 1366 3691 1435 quod

2098 1466 2207 1504 non
2266 1450 2569 1506 crederetis
2620 1452 2664 1505 si
2725 1453 2850 1522 quis
2908 1463 3178 1508 narraret.
3216 1474 3232 1506 ι
3299 1453 3692 1512 Verumtamen

2099 1544 2246 1599 haud
2302 1556 2569 1615 perpetuo
2618 1547 2734 1601 haec
2787 1564 2815 1600 a
2852 1548 3006 1602 vobis
3055 1548 3171 1602 fieri
3218 1558 3473 1619 poterunt
3521 1551 3691 1607 divini

2093 1635 2289 1705 judicii
2358 1637 2835 1706 contentptoribus
2890 1655 2903 1690 :
2952 1637 3207 1692 videbitis
3280 1641 3426 1693 enim
3496 1642 3690 1696 miram

2099 1726 2391 1794 quamdam
2413 1725 2753 1795 punitionem
2784 1726 3276 1796 vobisimpaetaru,
3306 1735 3358 1781 et
3376 1728 3693 1795 omnimodo

370 1814 525 1884 ὑμῖν
568 1812 786 1879 ἐξέσται
822 1811 1052 1867 τοιαῦτα
1088 1815 1263 1865 ποιεῖν
1302 1814 1401 1884 τῆς
1446 1812 1682 1884 κρίσεως
1714 1828 1992 1883 καταφρο-

2103 1815 2270 1868 exitio
2322 1829 2548 1884 parem;
2604 1829 2844 1884 namque
2898 1815 2972 1869 ita
3021 1814 3165 1870 Deus
3199 1816 3481 1872 vobiscum
3530 1828 3687 1890 aget:

366 1905 548 1961 νοῦσι
576 1907 675 1978 τῆς
708 1905 860 1969 θείας
882 1924 894 1937 ·
939 1905 1138 1974 ὄψεσθε
1169 1906 1279 1977 γὰρ
1319 1906 1640 1978 θαυμαστήν
1669 1921 1791 1958 τινα
1822 1921 1993 1974 τιμω-

371 1999 516 2070 ρίαν
559 1997 915 2069 ἐπαγομένην
950 2000 1115 2068 ὑμῖν,
1156 1999 1249 2051 καὶ
1278 1998 1416 2071 πρὸς
1448 1998 1757 2069 ἀφανισμὸν
1791 1996 1993 2069 ἀρκοῦ-

370 2106 490 2142 σαν
548 2088 784 2160 παντελῆ
811 2130 827 2153 ,
886 2087 1077 2159 ἐπειδὴ
1124 2087 1352 2142 τοιαῦτα
1400 2090 1529 2160 ὑμῖν
1575 2089 1768 2156 ἐπάξει
1819 2088 1988 2152 Θεός’

2101 1905 2302 1975 quippe
2349 1905 2421 1957 ita
2458 1905 2639 1958 valent
2670 1906 2872 1958 verba:
2917 1900 3182 1975 Opusego
3216 1908 3510 1978 operabor,
3545 1910 3692 1980 quod

2103 1994 2425 2049 incredibile
2474 2002 2699 2047 narratu
2742 1994 3040 2060 videbitur,
3078 2004 3205 2051 ante
3256 1997 3424 2066 hujus
3473 2001 3693 2071 experit-

2104 2096 2370 2139 tnentum.
2409 2085 2564 2149 Quod
2596 2085 2758 2157 quale
2796 2085 2888 2149 sit,
2925 2086 3098 2141 dicit.
3180 2095 3188 2103 '

365 2181 552 2236 τοῦτο
579 2182 689 2253 γὰρ
723 2181 895 2250 λέγει,
918 2182 1140 2257 Ἔργον
1154 2186 1269 2258 ἐγὼ
1284 2181 1619 2254 ἐργάζομαι,
1643 2182 1672 2235 ὃ
1707 2183 1805 2239 καὶ
1851 2182 2081 2243 ἄπιστον
2121 2177 2185 2231 ἂν
2220 2179 2284 2230 ἐκ
2339 2177 2506 2248 μόνης
2555 2177 2857 2249 διηγήσεως
2904 2177 3115 2247 γένοιτο
3164 2180 3274 2251 πρὸ
3308 2184 3406 2254 τῆς
3457 2178 3652 2251 πείρας
3677 2199 3690 2211 ·

369 2276 547 2329 ποῖον
575 2275 732 2329 τοῦτο
759 2275 955 2345 λέγων.

460 2368 616 2439 Στίχ.
650 2368 805 2442 ς’-η’.
840 2390 937 2423 --ι
967 2370 1112 2425 Διότι
1144 2369 1256 2440 ἐγὼ
1285 2370 1487 2441 ἐγείρω
1515 2370 1643 2433 τοὺς
1669 2369 1992 2433 Χαλδαίους,

368 2463 449 2516 τὸ
474 2460 634 2525 ἔθνος
664 2461 725 2514 τὸ
775 2461 976 2533 πικρὸν
1008 2462 1104 2515 καὶ
1138 2461 1200 2514 τὸ
1243 2460 1485 2531 ταχινὸν,
1530 2460 1593 2514 τὸ
1628 2458 1995 2532 πορευόμενον

370 2549 487 2604 ἐπὶ
549 2547 623 2601 τὰ
679 2548 859 2621 πλάτη
922 2548 1022 2620 τῆς
1074 2549 1178 2621 γῆς
1204 2588 1220 2610 ,
1280 2547 1376 2601 τοῦ
1438 2547 1995 2618 κατακληρονομῆσαι

373 2636 737 2710 σκηνώματα
765 2638 867 2692 οὐκ
902 2638 1089 2692 αὐτοῦ.
1118 2658 1137 2690 ι
1187 2638 1406 2705 Ἐπάξω
1431 2639 1539 2710 γὰρ
1575 2639 1702 2709 ὑμῖν
1735 2638 1860 2701 τοὺς
1889 2636 1997 2697 Βα-

372 2729 695 2794 ϐυλωνίους
744 2731 848 2801 τῆς
875 2731 1149 2803 τοσαύτης
1180 2730 1338 2804 ὑμῶν
1382 2732 1570 2784 ἕνεκεν
1627 2729 1991 2805 παρανομίας,

375 2824 551 2888 ἔθνος
583 2823 887 2895 ὠμότατον,
922 2825 1016 2879 καὶ
1053 2824 1190 2895 μετά
1226 2823 1424 2878 πολλοῦ
1455 2822 1549 2879 τοῦ
1590 2822 1788 2893 τάχους
1814 2822 1998 2874 ἐπιτε-

373 2915 523 2972 λοῦν
552 2914 591 2975 ἃ
620 2914 893 2987 βούλεται,
938 2915 967 2970 ὃ
1001 2918 1181 2971 πᾶσαν
1233 2915 1322 2969 διὰ
1362 2915 1464 2986 τὴν
1504 2914 1816 2987 προσοῦσαν
1848 2912 1998 2983 αὐτῷ

374 3009 627 3080 δύναμιν
659 3008 857 3082 μικροῦ
888 3025 954 3078 γε
982 3009 1336 3064 ἐπελεύσεται
1360 3010 1459 3080 τὴν
1489 3008 1617 3079 γῆν,
1645 3007 1721 3070 ὡς
1751 3005 1817 3060 ἂν
1854 3023 2001 3079 περι-

288 3144 295 3147 τ
375 3103 615 3159 ϐάλοιτο
662 3103 879 3177 κτῆσιν,
916 3102 1016 3173 τὴν
1064 3103 1379 3175 μηδαμόθεν
1413 3101 1565 3172 αὐτῷ
1614 3101 2000 3172 προσήκουσαν

380 3190 688 3267 μηδαμῶς.
727 3211 746 3244 ι
765 3191 999 3264 Φοϐερδς
1031 3193 1128 3249 καὶ
1156 3193 1431 3263 ἐπιφανής
1460 3193 1599 3253 ἐστι,
1623 3210 1642 3241 ι
1673 3187 1872 3243 πολλοῦ
1902 3188 1995 3256 γέ·-
2026 3176 2072 3235 C

378 3303 518 3360 μων
567 3276 667 3339 τού
711 3284 879 3354 φόϐου
916 3284 1012 3338 καὶ
1046 3283 1367 3357 καταφανὴς
1408 3283 1612 3338 ἅπασιν
1644 3284 1710 3335 ἐκ
1738 3280 1997 3334 δύνασθαι

377 3377 637 3452 μεγάλα.
680 3396 698 3429 ι
724 3376 816 3443 Ἐξ
844 3376 1013 3431 αὐτοῦ
1042 3378 1102 3430 τὸ
1130 3380 1305 3451 κρῖμα
1348 3374 1516 3429 αὑτοῦ
1569 3375 1753 3438 ἔσται,
1806 3375 1902 3427 καὶ
1938 3372 1998 3425 τὸ

373 3470 595 3542 λῆμμα
620 3468 788 3523 αὐτοῦ
822 3467 884 3535 ἐξ
905 3468 1070 3523 αὑτοῦ
1107 3468 1511 3535 ἐξελεύσεται.»
1550 3468 1722 3522 Οὐθὲν
1747 3466 1845 3535 τῆς
1878 3465 1997 3518 ἑτέ-

380 3579 492 3637 ρου
513 3563 772 3635 δεόμενος
806 3563 1142 3634 συμμαχίας,
1163 3563 1275 3617 ἀλλ’
1298 3563 1461 3627 αὐτὸς
1484 3561 1662 3633 οἰκείᾳ
1685 3564 1751 3633 τῇ
1773 3559 1999 3629 δυνάμει

379 3656 580 3712 πάντα
611 3642 1103 3729 διαπραττόμενος,
1140 3655 1282 3709 ὥστε
1328 3654 1425 3708 καὶ
1461 3653 1668 3725 κρίνειν
1704 3654 1795 3706 καὶ
1828 3669 1999 3704 κατα-

380 3749 625 3820 κρατεῖν
656 3740 732 3800 ὧν
765 3747 1037 3819 βούλεται,
1063 3748 1261 3819 ἀθρόον
1306 3764 1368 3801 τε
1399 3748 1468 3819 ἢν
1506 3745 1573 3800 ἂν
1622 3743 1783 3815 ἐθέλῃ
1824 3761 1995 3814 τιμωο

382 3837 524 3911 ρίαν
558 3837 786 3906 ἐπάγειν
821 3839 1025 3904 αὐτοῖς.
1078 3858 1097 3891 ι
1121 3839 1233 3894 Καὶ
1265 3836 1583 3904 ἐξαλοῦνται
1614 3835 1754 3906 ὑπὲρ
1797 3834 2000 3906 παρδά-

378 3930 510 3992 λεις
552 3932 603 3984 οἱ
650 3929 808 3983 ἵπποι
838 3930 1030 3997 αὐτοῦ,
1066 3932 1163 3985 καλ⁸
1183 3929 1430 4001 ὀξύτεροι
1463 3928 1606 3998 ὑπὲρ
1637 3928 1765 3991 τοὺς
1800 3927 1999 3992 λύκους

377 4020 496 4091 τῆς
552 4021 814 4093 ’Δραϐίας
841 4062 856 4087 ,
898 4023 995 4078 καὶ
1046 4023 1441 4090 ἐξιππάσονται
1484 4023 1535 4075 οἱ
1589 4021 1747 4076 ἵπποι
1807 4018 1996 4085 αὑτοῦ,

381 4112 475 4183 (p.
502 4112 633 4184 359)
663 4115 759 4168 καὶ
783 4114 1088 4187 ὁρμήσουσι
1118 4113 1412 4186 μακρόθεν·
1441 4114 1536 4168 καὶ
1565 4113 1999 4183 πετασθήσονται

378 4205 470 4269 ὡς
492 4205 655 4271 ἀετὸς
672 4207 956 4279 πρόθυμος
989 4209 1082 4263 ἐπὶ
1108 4208 1170 4260 τὸ
1197 4210 1410 4277 φαγεῖν.
1434 4225 1452 4260 ι
1491 4206 1736 4261 Ἱππικὸν
1777 4205 1875 4272 μὲν
1906 4205 2000 4257 αὐ-

381 4295 474 4368 τῷ
512 4298 1035 4369 παρεσκευασμένον
1062 4298 1181 4351 ἐστὶ
1217 4296 1356 4368 πρὸς
1388 4295 1650 4367 πόλεμον,
1679 4291 1999 4366 παρδάλεών

383 4405 453 4443 τε
497 4390 595 4442 καὶ
636 4388 746 4444 τῶν
795 4390 940 4447 κατά
963 4390 1063 4460 τὴν
1114 4388 1374 4460 Ἀραϐίαν
1403 4387 1583 4445 λύκων
1617 4386 1907 4456 ὀξύτερονο
1949 4384 1999 4449 oi

381 4480 451 4537 δὲ
486 4481 819 4545 ἱππεύοντες
866 4480 1103 4552 τοσαύτῃ
1140 4479 1282 4551 πρὸς
1309 4478 1369 4533 τδ
1402 4479 1662 4549 πολεμεῖν
1700 4475 2000 4546 κέχρηνται

2169 2364 2339 2422 Vens.
2374 2364 2495 2419 6-8.
2532 2395 2601 2404 —
2630 2384 2647 2417 ι
2687 2364 2826 2430 Quia
2851 2382 2951 2437 ego
2982 2364 3271 2425 Chaldaeos
3295 2370 3524 2433 suscilo,
3569 2385 3695 2439 gen-

2096 2468 2204 2513 tem
2243 2457 2500 2511 acerbam
2547 2464 2600 2511 et
2632 2457 2899 2521 velocem,
2930 2474 3053 2529 quae
3078 2461 3327 2516 ambulat
3368 2476 3536 2531 super
3575 2462 3698 2516 lati-

2101 2547 2320 2603 tudines
2352 2558 2531 2610 terrae,
2567 2553 2628 2601 ut
2657 2550 2939 2618 possideat
2972 2551 3332 2607 tabernacula
3370 2569 3478 2608 non
3508 2568 3633 2608 sua.
3673 2572 3692 2604 ν

2094 2641 2380 2697 Adducam
2428 2648 2628 2696 contra
2690 2656 2790 2697 vos
2828 2640 3182 2713 Babylonios,
3218 2654 3445 2715 propter
3476 2653 3691 2700 tantum

2096 2736 2284 2791 scelus
2304 2742 2570 2801 vestrum,
2603 2742 2822 2807 gentem
2859 2736 3245 2801 saevissimam,
3271 2746 3325 2793 et
3359 2739 3427 2794 ad
3461 2737 3512 2793 id
3546 2738 3696 2810 quod

2098 2828 2337 2882 voluerit
2367 2826 2783 2897 exsequendum
2815 2827 3312 2899 expeditissimam,
3339 2847 3462 2901 quae
3485 2834 3697 2889 viribus

2098 2920 2306 2991 quibus
2358 2920 2530 2990 pollet
2560 2920 2875 2977 universam
2930 2920 3100 2977 ferme
3134 2931 3340 2977 terram
3382 2926 3697 2995 occupabit,

2110 3019 2169 3065 ut
2196 3024 2259 3064 ea
2297 3009 2403 3066 sibi
2432 3009 2711 3079 subjiciat,
2753 3026 2878 3083 qua:
2911 3012 3231 3070 nullatenus
3262 3012 3331 3067 ad
3362 3029 3422 3071 se
3456 3017 3698 3086 pertine-

2098 3101 2253 3155 bant.
2301 3119 2319 3151 ι
2361 3099 2649 3156 Terribilis
2677 3102 2842 3178 235
2871 3110 2925 3158 et
2957 3104 3189 3159 illustris
3245 3114 3330 3160 est
3365 3125 3383 3157 ι
3436 3106 3700 3162 multum-

2105 3208 2212 3265 que
2263 3200 2530 3248 terrorem
2579 3192 2849 3260 efferens,
2905 3207 3149 3268 notaque
3197 3198 3567 3255 omnibus'ob
3599 3213 3698 3269 po-

2108 3285 2293 3340 tentias
2322 3300 2437 3341 sua:
2465 3285 2931 3356 magnitudinem.
2968 3306 2988 3339 ι
3032 3290 3109 3343 Ex
3134 3289 3250 3360 ipsa
3276 3289 3547 3360 judicium
3579 3292 3701 3360 ejus

2106 3377 2237 3440 erit,
2280 3383 2335 3431 et
2373 3376 2682 3445 assumptio
2733 3376 2855 3446 ejus
2897 3394 2964 3432 ex
2997 3378 3115 3448 ip’sa
3160 3380 3492 3450 egredietur.
3526 3401 3545 3433 ›
3577 3380 3696 3436 Nul-

2106 3468 2216 3523 lius
2249 3469 2454 3523 auxilio
2503 3467 2782 3540 indigens,
2826 3468 2924 3524 sed
2977 3478 3175 3541 suapte
3216 3473 3457 3547 potentia
3501 3483 3702 3528 cuneta

2107 3575 2440 3629 exsequens,
2492 3559 2567 3613 ita
2612 3567 2672 3613 ut
2715 3568 2771 3614 et
2818 3561 3103 3624 decernat,
3151 3570 3205 3617 et
3235 3563 3380 3633 quod
3411 3565 3528 3619 vult
3557 3566 3703 3621 obti-

2106 3659 2256 3716 neat,
2308 3652 2660 3721 subitamque
2700 3667 2798 3722 pro
2848 3669 2951 3709 suo
2982 3654 3136 3708 libito
3180 3670 3399 3725 pennam
3445 3659 3701 3715 hostibus

2108 3739 2395 3810 impingat.
2441 3758 2459 3790 ι
2494 3740 2558 3793 Et
2578 3741 2837 3795 exsilient
2870 3742 2993 3813 plus
3016 3759 3177 3813 quam
3216 3744 3372 3813 pardi
3400 3747 3526 3816 equi
3552 3747 3699 3818 ejus,
3734 3766 3737 3771 ·

2107 3840 2162 3885 et
2194 3832 2501 3886 velociores
2539 3832 2687 3901 lupis
2727 3833 2961 3888 Arabiaz.
2996 3833 3061 3887 Et
3107 3836 3437 3905 equitabuut
3482 3841 3701 3911 equites
3792 3851 3797 3857 '

2107 3920 2250 3990 ejus,
2307 3928 2361 3975 et
2400 3920 2468 3975 de
2514 3922 2817 3994 longinquo
2870 3925 3101 3989 irruent,
3139 3936 3194 3981 et
3246 3929 3507 3985 volabunt
3542 3947 3696 4001 quas:

2109 4010 2293 4080 aquila
2332 4010 2399 4064 ad
2433 4010 2736 4065 vorandum
2765 4013 2995 4082 percita.
3028 4032 3046 4066 ι
3092 4013 3384 4087 Equitatus
3418 4026 3500 4073 est
3528 4019 3604 4074 illi
3627 4024 3697 4074 ad

2111 4103 2319 4159 bellum
2365 4112 2615 4172 paratus,
2667 4104 2861 4175 pardis
2904 4114 2959 4159 et
3002 4106 3218 4167 Arabiae
3262 4110 3406 4180 lupis
3437 4110 3699 4166 velocior.

2116 4193 2331 4250 Tantus
2369 4209 2502 4248 vero
2536 4203 2620 4250 est
2668 4196 2912 4266 equitum
2967 4199 3032 4252 ad
3075 4199 3388 4255 bellandum
3443 4202 3701 4273 impetus,

2109 4295 2171 4341 ut
2206 4286 2274 4341 ad
2304 4286 2636 4356 longinquas
2682 4288 2937 4358 regiones
2974 4290 3233 4346 alacriter
3266 4292 3602 4361 discurrant,
3639 4309 3706 4349 ae

2108 4378 2298 4433 volare
2343 4378 2744 4447 propemodum
2795 4380 3089 4437 videantur
3124 4383 3193 4436 iis
3239 4384 3333 4452 qui
3370 4386 3566 4453 procul
3608 4385 3705 4437 ha-

2110 4470 2309 4534 bitant,
2340 4470 2538 4539 aquilae
2571 4469 2749 4522 instar
2768 4486 2892 4540 qua:
2922 4473 2979 4525 in
3010 4473 3253 4544 prmdam
3288 4475 3482 4530 insilit.

381 4579 460 4649 τῇ
515 4576 835 4649 προθυμίᾳ,
891 4575 1033 4630 ὥστε
1076 4574 1413 4648 θαρροῦντας
1456 4574 1551 4628 ἐπὶ
1604 4574 1709 4643 γῆν
1758 4568 2003 4624 ἐλαύνειν
2049 4563 2334 4637 πόρρωθεν
2385 4561 2679 4635 κειμένην.
2724 4566 2818 4619 καὶ
2872 4564 3031 4634 μόνον
3071 4567 3172 4621 οὐκ
3213 4568 3545 4638 ἐφίπτασθαι
3593 4574 3706 4638 τοῖς

388 4668 691 4744 πόρρωθεν
730 4668 914 4723 αὐτῶν
945 4670 1355 4741 ἀπῳκισμένοις
1390 4667 1595 4734 δοκεῖν,
1621 4662 1784 4719 ἀετοῦ
1818 4661 1973 4731 δίκην
2012 4659 2105 4715 ἐπὶ
2139 4657 2315 4729 θήραν
2349 4656 2591 4726 ἑτοίμου.
3585 4668 3593 4675 ί

471 4758 627 4829 Στίχ.
660 4757 824 4815 θὀιδ’.
857 4788 929 4798 --
966 4778 984 4813 ι
1008 4758 1300 4813 Συντέλεια
1333 4758 1421 4811 ἐπ’
1466 4754 1686 4818 ἀσεϐεῖς
1708 4753 1832 4825 ἡξει
1862 4749 1992 4805 ἀνθ-

2178 4745 2347 4801 νειιε.
2382 4745 2534 4801 9-14.
2558 4775 2626 4786 ——
2663 4763 2683 4796 ‹
2719 4746 3138 4804 Cousummatio
3185 4751 3240 4806 in
3284 4752 3485 4823 impios
3520 4759 3701 4812 veniet

393 4849 713 4921 εστηκότας
770 4848 1052 4921 προσώπῳ
1099 4849 1282 4904 αὐτῶν
1336 4847 1398 4917 ἐξ
1453 4847 1724 4909 ἐναντίας.
1754 4863 1773 4896 ι
1837 4836 2001 4897 Οὗτοι

394 4941 620 5002 πάντας
640 4938 769 5001 τοὺς
793 4940 852 4993 ἐν
881 4938 959 5010 τῷ
985 4938 1119 5009 λαῷ,
1149 4939 1248 5009 τὴν
1279 4936 1423 4991 κατὰ
1451 4935 1562 4993 τῶν
1592 4935 1841 5004 πενήτων
1879 4931 2004 4986 ἀσέ-

392 5032 563 5087 ϐειαν
594 5031 1080 5102 ἐπιδεικνυμένους
1125 5027 1411 5091 παντελῶς
1442 5025 1803 5082 ἀπολέσουσιν
1830 5065 1846 5089 ,
1881 5022 2003 5076 οὐδὲ

397 5124 546 5195 πρὸς
583 5124 644 5177 τδ
674 5122 1014 5195 βραχύτατον
1046 5119 1392 5176 ἀντιϐλέπειν
1418 5114 1637 5183 αὐτοῖς,
1683 5116 1718 5187 ἢ
1749 5113 2006 5170 ἀνθίστα-

400 5214 536 5275 σθαι
565 5213 906 5285 τολμῶντας.
942 5233 960 5265 ι
983 5214 1096 5267 Καὶ
1125 5208 1344 5275 συνάξει
1372 5208 1449 5273 ὡς
1490 5209 1677 5279 ἄμμον
1722 5204 2005 5277 αἰχμαλω-

402 5306 534 5361 σίαν
560 5323 571 5334 ·
601 5308 697 5359 καὶ
726 5306 892 5373 αὐτὸς
934 5307 992 5360 ἐν
1028 5302 1345 5377 βασιλεῦσιν
1384 5301 1716 5372 ἐντρυφήσει
1735 5338 1750 5361 ,
1779 5299 1875 5352 καὶ
1907 5296 2006 5351 τύ-
2050 5330 2055 5333 -

399 5414 606 5473 ραννος
641 5397 874 5467 παίγνια
899 5396 1068 5454 αὐτοῦ
1097 5412 1111 5426 ·
1147 5394 1242 5448 καὶ
1293 5393 1456 5456 αὐτὸς
1480 5394 1560 5455 εἰς
1590 5392 1700 5445 πᾶν
1742 5388 2009 5462 ὀχύρωμα

399 5489 741 5568 ἐμπαίξεται
761 5530 777 5554 ,
805 5491 901 5544 καὶ
933 5489 1085 5561 βαλεῖ
1107 5486 1273 5559 χῶμα
1292 5527 1308 5552 ,
1340 5486 1438 5541 καὶ
1466 5484 1735 5557 κρατήσει
1774 5480 1960 5535 αὑτοῦ.
1984 5498 2003 5531 ›

400 5581 649 5647 Πολλοὺς
678 5582 780 5654 μὲν
808 5577 902 5637 οὖν
930 5578 1313 5653 αἰχμαλώτους
1338 5578 1655 5649 ἐργάσεται,
1694 5575 1890 5645 ἀναριθ
1900 5575 1974 5645 μή
1996 5604 2009 5615 -

397 5691 534 5737 τους
562 5675 664 5746 οὐχ
691 5669 857 5747 ἦττον
904 5675 937 5746 ἧ
964 5674 1179 5745 ἄμμος
1206 5671 1372 5735 αὐτὸς
1404 5669 1463 5724 δὲ
1495 5670 1595 5742 τὴν
1641 5669 1779 5723 ἰδίαν
1814 5667 2009 5739 ἡδονὴν

404 5763 704 5846 αὐξήσειεν
759 5764 836 5847 τῷ
883 5764 1083 5831 πολλὰς
1135 5761 1383 5816 καθελεῖν
1437 5758 1755 5833 βασιλείας·
1796 5751 1873 5813 ὧν
1919 5759 2011 5813 τὸν

2102 4838 2429 4893 resistentes
2464 4835 2624 4890 faciei
2659 4837 2904 4907 ipsorum
2936 4853 3005 4894 ex
3035 4840 3290 4897 adverso.
3330 4861 3349 4895 ι
3382 4841 3444 4898 Hi
3470 4856 3702 4904 cunctos

2105 4929 2175 4985 de
2213 4928 2437 4999 populo,
2473 4927 2567 4999 qui
2618 4929 2886 4986 adversus
2917 4946 3189 5003 pauperes
3239 4933 3410 5004 iniqui
3457 4936 3704 5001 fuerunt,

2104 5022 2356 5079 funditus
2382 5019 2645 5092 perdent;
2678 5038 2802 5077 nam
2849 5040 2917 5079 ne
2952 5025 3280 5082 brevissimo
3312 5013 3534 5097 quidem
3569 5041 3706 5086 tem-

2110 5130 2244 5185 pore
2285 5130 2352 5169 ex
2401 5113 2635 5169 adverso
2692 5115 2893 5171 intueri
2948 5117 3135 5174 hostes
3188 5128 3283 5173 aut
3320 5120 3388 5175 iis
3437 5122 3709 5179 obsistere

2108 5207 2410 5263 audebunt.
2459 5225 2475 5258 ι
2515 5205 2581 5259 Et
2607 5209 2967 5280 congregabit
3017 5212 3176 5281 quasi
3221 5228 3442 5268 arenam
3484 5219 3711 5286 captivi-

2109 5309 2296 5356 tatem.
2354 5298 2418 5353 Et
2449 5298 2566 5369 ipse
2601 5299 2669 5356 de
2697 5302 2917 5371 regibus
2947 5302 3176 5357 delicias
3206 5306 3405 5373 capiet,
3440 5313 3494 5359 et
3520 5314 3709 5378 tyran-

2106 5411 2214 5451 nus
2248 5393 2488 5452 iudibria
2529 5394 2653 5463 ejus
2692 5414 2704 5448 :
2739 5404 2793 5451 et
2826 5396 2944 5466 ipse
2982 5397 3210 5453 cuilibet
3252 5398 3545 5454 nmnitioni
3583 5401 3711 5456 illu-

2108 5488 2232 5551 det;
2273 5495 2328 5540 et
2367 5496 2544 5542 struet
2596 5502 2874 5557 aggerem,
2909 5496 2964 5542 et
3005 5490 3185 5559 capiet
3237 5491 3406 5548 illam.
3444 5512 3464 5546 ι
3508 5492 3709 5550 Multos

2110 5580 2296 5649 itaque
2320 5577 2483 5634 faciet
2508 5581 2782 5650 captivos,
2819 5580 2929 5635 imo
2976 5582 3411 5643 innumerabiles
3440 5598 3709 5658 quantum

2120 5686 2287 5726 arena
2334 5680 2438 5725 est.
2485 5670 2607 5741 Ipse
2652 5687 2784 5727 vero
2822 5673 3158 5745 voluptatem
3198 5693 3354 5733 suam
3405 5680 3711 5747 curnulab'rt

2122 5763 2419 5819 multorum
2469 5781 2763 5837 regnorum
2813 5766 3210 5840 destructione,
3248 5788 3416 5844 quam
3460 5772 3582 5847 sine
3628 5772 3709 5839 lg:
