4118 6484
510 338 614 392 ἐει

1677 333 2026 392 ΤΗΕουοιιι
2061 332 2540 392 MOPSUESTEM

3659 339 3764 396 ισα

521 461 655 515 bore
696 459 866 512 multo
903 466 955 512 et
975 459 1132 526 quasi
1173 456 1365 512 ludens
1398 457 1663 526 patrabit;
1702 466 1863 527 atque
1896 456 2079 512 eadem

2189 456 2493 525 ἀφανισμὸν
2517 456 2575 507 ού
2609 454 2745 524 μετά
2778 454 2969 507 πολλοῦ
2999 455 3090 508 τοῦ
3127 457 3288 512 πόνου
3315 501 3327 524 ,
3359 459 3434 523 ὡς
3455 458 3524 512 ἂν
3551 460 3763 522 παίζων

522 548 780 604 facilitate
809 549 1210 604 munitissimas
1243 561 1461 617 quoque
1493 547 1654 601 urbes
1690 561 1954 615 arcesque
1990 545 2086 600 ob-

520 641 730 704 tinebit,
752 648 971 696 struens
997 639 1405 710 expeditissime
1434 653 1680 709 aggeres,
1717 645 1881 708 atque
1904 635 2086 690 omnia

520 731 790 785 subruens
833 731 952 786 sive
986 731 1186 784 mcenia
1229 730 1347 783 sive
1389 727 1536 781 aliud
1581 729 1798 798 quidvis
1843 733 2084 780 tutamen

517 821 754 878 videtur.
807 840 824 873 ι
858 820 1011 875 Tunc
1040 821 1274 874 mutabit
1319 818 1592 887 spiritum,
1616 827 1668 872 et
1707 815 2083 887 pertransibit,

516 919 570 966 et
626 910 1033 983 propitiabitur.
1074 929 1092 962 ι
1147 907 1536 964 Verumtamen
1595 907 1887 960 maximam
1944 905 2086 958 hanc

518 1003 857 1071 punitionem
905 1002 1204 1070 inspiciens
1246 999 1407 1063 Deus,
1453 1006 1507 1052 et
1542 998 1760 1068 quidem
1811 1011 1840 1049 a
1883 996 2085 1049 talibus

517 1098 722 1165 talique
753 1096 935 1148 animo
974 1093 1216 1162 prteditis
1248 1089 1506 1145 inﬂictam
1549 1087 1883 1153 hominibus,
1927 1101 2084 1140 suam

518 1189 781 1243 adversus
830 1201 930 1240 nos
966 1185 1287 1254 236iram
1335 1183 1545 1236 omittet
1583 1189 1677 1235 :et
1725 1195 1826 1249 per
1875 1178 2086 1233 medios

516 1294 637 1342 nos,
690 1285 748 1332 ut
781 1278 856 1332 ita
903 1278 1102 1338 dicam,
1151 1274 1492 1345 providentia
1535 1289 1635 1328 sua
1674 1270 1950 1334 transibit,
1995 1285 2086 1324 ve-

516 1367 661 1420 niam
698 1365 898 1435 priscis
925 1364 1162 1433 peccatis
1193 1362 1511 1432 indulgebit,
1553 1369 1608 1415 et
1644 1361 1953 1430 impositam
1990 1360 2088 1412 ho-

515 1473 636 1511 rutn
695 1471 862 1510 causa
908 1469 1122 1524 pmnam
1162 1454 1418 1510 remittet.
1470 1471 1488 1502 ι
1530 1452 1651 1507 Haec
1699 1459 1784 1507 est
1824 1450 2086 1505 fortitudo

515 1549 626 1603 Deo
687 1563 829 1602 meo.
878 1545 1068 1600 Nonne
1124 1553 1183 1598 tu
1235 1559 1264 1597 a
1324 1544 1613 1614 principio,
1667 1541 1890 1597 Domine
1945 1541 2086 1598 Deus

515 1648 705 1693 sancte
733 1638 925 1692 meus?
967 1637 1028 1690 Et
1063 1651 1172 1691 non
1204 1635 1537 1689 moriemur?
1575 1654 1592 1686 ι
1627 1631 1741 1686 Hoc
1783 1641 1867 1686 est
1895 1641 2087 1703 poten-

513 1732 604 1786 tia:
645 1746 806 1801 opus,
836 1728 981 1800 quod
1007 1727 1243 1796 desuper
1283 1741 1380 1796 pro
1408 1725 1566 1779 nobis
1603 1723 1844 1778 ostendit
1873 1724 1962 1778 ille
1991 1724 2087 1794 qui

2188 547 2244 599 δὲ
2277 549 2560 618 ποιήσεται
2599 547 2821 618 ῥᾳδίως·
2865 549 3001 618 μετά
3030 550 3227 622 πολλῆς
3250 548 3306 604 δὲ
3336 553 3434 622 τῆς
3463 551 3761 622 εύμαρείας

2188 639 2280 691 καὶ
2308 637 2416 690 τῶν
2452 637 2591 706 ἄγαν
2624 638 3000 708 ὠχυρωμένων
3041 638 3246 692 πόλεών
3271 657 3328 693 τε
3359 641 3452 693 καὶ
3485 641 3762 711 φρουρίων

2188 731 2481 800 κρατήσει,
2509 729 2670 800 χῶμά
2699 745 2758 781 τε
2786 730 3013 800 ἐγείρων
3063 731 3199 800 μετά
3234 731 3434 801 πολλῆς
3473 731 3573 802 τῆς
3601 735 3758 786 εὐκο-

2187 821 2337 887 λίας,
2398 820 2490 874 καὶ
2527 820 2824 873 κατασπῶν
2870 823 2976 875 πᾶν
3033 821 3141 874 είτε
3181 824 3362 893 τεῖχος
3419 823 3517 876 εἴθ’
3557 825 3759 896 ἑτέρως

2188 927 2305 973 πως
2333 911 2664 980 ήσφαλίσθαι
2697 910 2905 965 δοκοῦν.
2939 913 3030 981 (p.
3067 911 3208 983 560)
3257 933 3276 964 ι
3300 913 3431 966 Τότε
3467 915 3761 985 μεταϐαλεῖ

2186 1001 2248 1055 τὸ
2278 1003 2493 1074 πνεῦμα
2532 1003 2694 1056 αὑτοῦ
2715 1044 2731 1070 ,
2758 1005 2852 1057 καὶ
2875 1003 3235 1067 διελεύσεται,
3274 1006 3366 1058 καὶ
3395 1005 3751 1072 ἐξιλάσεται.»

2201 1094 2359 1147 Ἀλλά
2392 1095 2501 1163 γὰρ
2543 1097 2804 1168 μεγίστην
2835 1096 2933 1168 τὴν
2973 1096 3303 1166 ἐπαχθεῖσαν
3335 1097 3604 1168 τιμωρίαν
3635 1099 3757 1152 ίδὼν

2187 1186 2399 1251 ὀΘεὸς,
2429 1188 2524 1242 ἅτε
2578 1189 2728 1259 παρά
2773 1178 3026 1242 τοιούτων
3071 1190 3165 1243 καὶ⁷
3208 1191 3348 1242 σ’ύτω
3401 1191 3757 1260 διακειμένων

2187 1277 2532 1348 ἐπαγομένην
2560 1278 2770 1350 ἀνδρῶν
2795 1320 2809 1344 ,
2865 1279 3158 1350 μεταϐαλεῖ
3187 1280 3285 1350 μὲν
3320 1281 3418 1352 τὴν
3453 1281 3574 1335 καθ’
3599 1281 3759 1352 ήμῶν

2186 1368 2385 1438 ὀργήν·
2412 1367 2597 1439 ὥσπερ
2622 1369 2679 1423 δέ
2697 1371 2775 1433 είς
2805 1371 3000 1441 μέσους
3025 1373 3169 1442 ἡμᾶς
3197 1375 3260 1442 τῇ
3293 1373 3585 1444 κηδεμονίᾳ
3616 1393 3758 1447 παρ-

2187 1459 2355 1514 ελθὼν
2383 1499 2398 1524 ,
2460 1461 2788 1533 συγγνώμην
2819 1464 2918 1534 μὲν
2961 1465 3102 1535 ὑπὲρ
3142 1464 3249 1518 τῶν
3298 1465 3464 1518 πάλαι
3509 1465 3761 1539 πεπλημ-

2190 1551 2508 1622 μελημένων
2543 1552 2724 1616 δώσει,
2754 1554 2905 1607 λύσει
2929 1555 2986 1608 δὲ
3009 1556 3106 1626 τὴν
3137 1557 3489 1628 ἐπικειμένην
3513 1561 3644 1627 ἡμῖν
3671 1557 3762 1612 διὰ

2186 1643 2356 1696 ταῦτα
2390 1646 2676 1715 τιμωρίαν.
2712 1666 2730 1698 ι
2751 1647 2898 1716 Αὕτη
2933 1649 2966 1718 ή
3015 1648 3168 1718 ίσχὺς
3193 1648 3270 1718 τῷ
3301 1649 3419 1719 Θεῷ
3467 1665 3566 1720 μου
3590 1665 3604 1680 ’
3639 1650 3761 1721 οὐχὶ

2190 1735 2254 1788 σὺ
2294 1735 2386 1788 ἀπ’
2417 1737 2625 1806 ἀρχῆς,
2656 1737 2829 1808 Κύριε
2865 1737 2895 1789 ὁ
2931 1737 3063 1802 Θεός
3116 1755 3216 1808 μου
3259 1741 3287 1791 ὁ
3334 1739 3516 1807 ἆγιος;
3558 1741 3652 1794 καὶ
3695 1743 3758 1794 ού

513 1832 736 1877 sanctus
760 1831 862 1882 est,
892 1829 946 1874 et
975 1820 1123 1874 omni
1151 1819 1226 1872 rei
1253 1818 1540 1872 exsistenti
1566 1815 1817 1886 superior
1846 1834 1858 1868 :
1891 1830 2079 1885 quam-

2190 1825 2264 1896 μὴ
2295 1825 2711 1896 ἀποθάνωμεν.»
2751 1828 2922 1881 Τοῦτο
2962 1829 3071 1898 γὰρ
3103 1829 3204 1896 τῆς
3247 1829 3348 1899 σῆς
3390 1831 3672 1902 δυνάμεως
3698 1832 3764 1886 τὸ

511 1913 696 1968 obrem
744 1911 925 1966 vivere
977 1925 1194 1978 quoque
1239 1923 1545 1977 speramus,
1587 1915 1711 1978 post
1762 1922 1937 1976 pmnze
1984 1907 2081 1960 de-

511 2004 836 2073 pulsionem.
886 2021 903 2052 ι
939 2000 1186 2064 Domine,
1220 2000 1286 2054 ad
1326 1998 1594 2068 judicium
1639 2015 1751 2052 rem
1784 1999 1924 2052 hanc
1952 2013 2083 2052 con-

511 2097 775 2161 stituisti;
818 2102 872 2148 et
925 2093 1180 2148 formavit
1223 2108 1309 2147 me
1355 2101 1414 2146 ut
1470 2107 1695 2161 arguam
1735 2090 2081 2160 disciplinam

507 2190 644 2260 ejus.
689 2207 706 2240 ι
744 2187 949 2257 Nempe
1004 2194 1063 2240 ut
1107 2183 1356 2240 erudiam
1405 2183 1750 2255 correptione
1788 2198 1907 2237 mea
1956 2181 2084 2236 reli-

507 2294 647 2348 quos
683 2278 955 2340 homines,
983 2290 1048 2330 ne
1079 2275 1256 2330 securi
1290 2283 1536 2344 peccent.
1580 2272 1784 2327 Deinde
1807 2271 1874 2326 ad
1903 2271 2081 2340 ipsum

511 2369 680 2425 Deum
716 2366 988 2423 convertit
1023 2381 1331 2421 sermonem
1370 2383 1382 2418 :
1421 2383 1438 2416 ι
1469 2363 1648 2418 Purus
1692 2364 1886 2417 oculus
1928 2370 2080 2426 tuus,

503 2479 577 2516 ne
621 2460 760 2515 mala
809 2458 1006 2521 videat,
1044 2465 1096 2511 et
1137 2455 1495 2525 contemplari
1540 2455 1820 2509 molestias
1854 2469 1961 2508 non
1992 2467 2082 2523 po-

509 2561 662 2606 teris.
694 2568 714 2602 ι
753 2549 922 2604 Multa
955 2548 1052 2603 tibi
1081 2548 1221 2616 atqui
1249 2547 1393 2615 juris
1423 2561 1555 2599 cura
1586 2555 1670 2599 est
1701 2563 1714 2599 :
1741 2559 1910 2614 quare
1941 2544 2081 2598 male

505 2650 729 2712 agentes
777 2648 1024 2711 spectare
1061 2654 1172 2693 non
1204 2638 1526 2700 sustinebis,
1565 2646 1620 2691 et
1658 2637 1752 2706 qui
1797 2636 2079 2690 molestia-

506 2750 629 2789 rum
653 2733 775 2789 aliis
804 2740 858 2786 et
896 2730 1246 2786 contritionis
1270 2737 1522 2783 auctores
1546 2735 1695 2781 sunt.
1735 2744 1753 2777 ι
1791 2725 1902 2779 Cur
1927 2725 2079 2794 aspi-

502 2825 586 2880 cis
613 2821 1064 2891 contemptores?
1107 2819 1438 2882 Taeehisne,
1493 2817 1623 2871 dum
1658 2817 1870 2885 justum
1916 2815 2082 2870 devo-

502 2924 587 2970 rat
623 2915 857 2984 impius?
893 2912 958 2966 Et
991 2912 1162 2967 facies
1195 2911 1447 2965 homines
1479 2909 1638 2979 quasi
1681 2908 1861 2978 pisces
1887 2906 2077 2966 maris.

499 3021 557 3065 et
580 3010 736 3081 quasi
767 3007 984 3077 reptilia
1028 3021 1137 3060 non
1175 3005 1428 3060 habentia
1474 3002 1712 3057 ducem?
1742 3021 1761 3054 ι
1795 3000 1914 3055 Non
1949 3016 2079 3070 ergo

2187 1919 2367 1988 ἔργον,
2399 1919 2536 1987 ὅπερ
2568 1917 2773 1972 ἀνωθεν
2801 1919 3124 1986 ἐπιδέδειξαι
3150 1922 3276 1992 περὶ
3308 1923 3452 1992 ἡμᾶς
3478 1922 3632 1991 ἅγιος
3661 1923 3756 1990 ὢν,

2187 2007 2280 2058 καὶ
2304 2006 2517 2058 πάντων
2543 2007 2934 2078 ὑπερκείμενος
2959 2008 3068 2062 τῶν
3095 2009 3281 2076 ὄντων,
3309 2013 3447 2080 ὑπὲρ
3470 2006 3550 2072 ,ὧν
3581 2015 3636 2066 δὲ
3665 2017 3761 2069 καὶ

2186 2096 2442 2167 ζήσεσθαι
2469 2099 2877 2170 προσδοκῶμεν,
2909 2099 3162 2170 λυθείσης
3189 2105 3321 2172 ἡμῖν
3339 2104 3437 2174 τῆς
3467 2107 3755 2176 τιμωρίας.

2192 2205 2209 2238 ι
2240 2186 2526 2258 Κύριε,είς
2555 2193 2728 2260 κρῖμα
2763 2191 3006 2262 τέταχας
3028 2193 3178 2257 αὐτὸ,
3213 2196 3308 2247 καὶ
3333 2194 3532 2249 ἑπλασέ
3565 2215 3631 2268 με
3662 2199 3757 2252 τοῦ

2184 2277 2426 2350 ἐλέγχειν
2454 2281 2702 2333 παιδείαν
2729 2281 2948 2334 αὑτοῦ.»
2979 2283 3220 2336 Ἀνωθεν
3247 2287 3354 2356 γάρ
3392 2304 3458 2356 με
3486 2287 3644 2352 αὐτὸς
3677 2291 3758 2353 είς

2183 2371 2281 2441 τὴν
2305 2371 2414 2424 τῶν
2441 2373 2863 2443 ἁμαρτανόντων
2891 2374 3185 2438 διέπλασας
3216 2375 3396 2447 κρίσιν
3414 2395 3426 2407 ·
3455 2379 3532 2441 ὡς
3561 2380 3627 2432 ἂν
3664 2381 3759 2433 καὶ

2184 2462 2496 2533 παιδεύοιμι
2528 2463 2614 2516 διά
2651 2464 2777 2516 *τῶν
2829 2464 3064 2534 ἐλέγχων
3097 2467 3327 2535 αύτοὺς,
3366 2467 3471 2534 ἔξω
3512 2469 3612 2539 τῆς
3659 2469 3755 2525 τοῦ

2185 2552 2522 2623 πλημμελεῖν
2575 2553 2935 2607 καθίστασθαι
2990 2555 3209 2618 ἀδείας·
3263 2552 3381 2610 εἶτα
3413 2560 3550 2630 πρὸς
3593 2561 3757 2615 αὐτὸν

2184 2644 2531 2714 ἀποστρέψας
2560 2645 2650 2696 τὸν
2681 2645 2811 2697 Θεὸν
2845 2645 2935 2698 τὸν
2963 2646 3141 2715 λόγον,
3178 2667 3195 2700 ι
3225 2648 3479 2721 Καθαρὸς
3501 2652 3530 2703 ὁ
3558 2651 3757 2720 ὀφθαλ-

2186 2735 2284 2804 μός
2319 2752 2412 2787 σου
2431 2734 2526 2787 τοῦ
2560 2736 2633 2805 μὴ
2661 2737 2791 2806 ὁρᾷν
2819 2737 3052 2808 πονηρά,
3077 2739 3172 2792 καὶ
3200 2739 3513 2793 ἐπιϐλέπειν
3546 2743 3636 2795 ἐπὶ
3657 2743 3757 2796 πό-

2181 2841 2305 2887 νους
2330 2825 2390 2876 οὐ
2414 2824 2635 2896 δυνήσῃ.
2651 2845 2669 2876 ι
2698 2825 2872 2897 Πολλὴ
2901 2829 3121 2897 φροντίς
3146 2845 3229 2881 σοι
3255 2829 3346 2882 τοῦ
3369 2817 3577 2884 δικαίου
3593 2848 3607 2862 ·
3631 2832 3757 2888 ὅθεν

2180 2913 2303 2966 ούδέ
2346 2913 2565 2983 βλέπειν
2617 2914 2784 2986 ἀνέχῃ
2817 2917 2942 2979 τοὺς
2979 2917 3048 2970 τά
3080 2917 3290 2989 πονηρά
3330 2920 3753 2990 ἐργαζομένους,

2182 3005 2361 3056 πόνων
2405 3021 2467 3056 τε
2511 3004 2604 3058 καὶ
2647 3005 2942 3075 συντριϐῆς
2971 3008 3177 3078 ἐτέροις
3209 3009 3636 3081 καθισταμένους
3665 3013 3753 3068 al-

503 3111 754 3174 spectare
783 3099 1008 3171 patieris
1043 3112 1136 3152 eos
1162 3097 1254 3166 qui
1285 3095 1585 3165 punitionis
1619 3103 1727 3148 tuae
1759 3099 2075 3162 contemptu

504 3195 620 3248 hanc
659 3199 862 3262 agunt;
896 3203 1072 3258 neque.
1119 3194 1326 3240 tantam
1374 3185 1716 3255 iniquitatem
1758 3183 2075 3238 dissimula-

471 3286 612 3347 ‘bis,
659 3292 721 3336 ut
760 3279 895 3350 justi
940 3279 1008 3332 ab
1063 3278 1248 3347 impiis
1291 3275 1685 3346 propemodum
1724 3274 2074 3328 devorentur.

505 3382 726 3453 Alioqui
755 3379 1062 3434 videbimur
1098 3393 1128 3430 a
1161 3376 1407 3447 piscibus
1428 3383 1592 3444 atque
1614 3372 1903 3444 reptilibus
1935 3369 2076 3424 duce

2180 3369 2378 3439 λάσσης
2401 3411 2415 3434 ,
2445 3370 2540 3423 καὶ
2574 3369 2649 3433 ὡς
2681 3371 2886 3441 ἐρπετά
2913 3373 3011 3424 οὑκ
3054 3373 3244 3442 ἔχοντα
3282 3375 3601 3445 ἡγούμενον.
3627 3395 3646 3428 ι
3679 3377 3756 3430 Ού

503 3471 820 3526 carentibus
871 3466 1004 3521 nihil
1053 3465 1291 3528 diﬂ‘erre,
1338 3464 1444 3518 nisi
1496 3473 1552 3517 tu
1611 3462 1912 3533 punitionis
1968 3469 2076 3515 tua:

2180 3461 2353 3514 τοίνυν
2382 3463 2549 3532 ἀνέχῃ
2577 3462 2800 3532 θεωρεῖν
2829 3465 2955 3525 τοὺς
2984 3469 3385 3534 καταφρονήσει
3414 3467 3510 3536 τῆς
3543 3465 3644 3537 σῆς
3673 3485 3756 3519 τι-

501 3559 995 3623 demunstratione,
1050 3556 1226 3625 palam
1270 3556 1365 3609 lias
1408 3569 1504 3608 ceu
1554 3569 1756 3622 prreses
1799 3561 1984 3606 noster
2021 3561 2076 3605 et

2180 3553 2392 3624 μωρίας
2421 3553 2643 3606 τοιαῦτα
2676 3555 3210 3624 διαπραττομένους,
3239 3556 3359 3609 ούδέ
3389 3559 3757 3628 παραπέμπε-

501 3661 721 3708 actuum
763 3650 1005 3704 omnium
1040 3647 1402 3701 humanorum
1444 3654 1718 3700 SCI‘UI'JIOI'
1758 3653 2075 3699 accuratus.

2180 3643 2302 3696 σθαι
2336 3645 2436 3716 τὴν
2465 3644 2734 3716 τοσαύτην
2759 3645 2973 3700 ἀδικίαν
2995 3686 3008 3710 ,
3033 3645 3173 3700 ὥστε
3210 3647 3449 3712 δικαίους
3479 3649 3758 3720 μονονουχὶ

499 3745 888 3804 καταπίνεσθαι
933 3745 1039 3796 ὑπὸ
1084 3742 1296 3796 ἀσεϐῶν
1320 3760 1332 3773 ο
1379 3742 1692 3814 φανούμεθα
1733 3743 1840 3812 γάρ
1878 3741 2077 3810 ἰχθύων
2102 3756 2161 3792 τε
2196 3742 2288 3794 καὶ
2324 3742 2570 3813 ἑρπετῶν
2612 3743 2710 3796 ούκ
2746 3742 2975 3810 ἐχόντων
3025 3742 3324 3813 ἡγούμενον
3355 3743 3756 3809 διαλλάττοντα,

497 3843 670 3906 οὐδὲν,
702 3844 750 3894 εί
773 3840 846 3911 μὴ
880 3841 947 3908 τῇ
980 3837 1219 3907 τιμωρίᾳ
1246 3839 1311 3908 τῇ
1345 3840 1408 3908 σῇ
1436 3837 1591 3906 δῆλος
1623 3836 1820 3904 γένοιο,
1848 3832 2155 3888 ἐπιστατῶν
2176 3852 2232 3888 τε
2273 3838 2404 3907 ήμῖν
2435 3837 2529 3888 καὶ
2556 3836 2736 3888 πᾶσαν
2763 3833 3006 3898 ἐξέτασιν
3040 3835 3242 3906 ἀκριϐῆ
3270 3837 3377 3890 τῶν
3403 3837 3757 3909 ἀνθρωπείων

499 3931 820 4001 ποιούμενος
860 3927 1220 4000 πραγμάτων.

547 4022 737 4077 'sts.
773 4019 1051 4074 15-17.-
1079 4015 1375 4087 Pestquam
1408 4013 1524 4067 haec
1563 4009 1748 4064 omnia
1795 4008 1862 4064 de
1900 4008 2077 4080 Baby-
2137 4012 2143 4017 '

2181 3096 2349 3159 τίους.
2385 3096 2603 3167 (p.361)
2647 3098 2742 3151 «Τί
2772 3099 3083 3162 ἐπιϐλέπεις
3115 3102 3207 3153 ἐπὶ
3242 3103 3752 3174 καταφρονοῦνταςς

2181 3189 2586 3260 παρασιωπήσῃ
2619 3189 2675 3241 ἐν
2702 3187 2780 3258 τῷ
2832 3190 3150 3244 καταπίνειν
3178 3192 3347 3263 ἀσεϐῆ
3386 3193 3477 3246 τὸν
3506 3195 3712 3249 δίκαιον
3736 3213 3748 3226 ·

2175 3280 2268 3330 καὶ
2300 3280 2543 3349 ποιήσεις
2567 3281 2692 3342 τοὺς
2721 3279 3039 3350 ἀνθρώπους
3062 3282 3136 3344 ὼς
3167 3283 3292 3345 τοὺς
3325 3282 3510 3353 ἰχθύας
3535 3286 3632 3355 τῆς
3660 3285 3760 3338 θα-

2245 4012 2393 4082 Στίχ.
2433 4017 2608 4080 ιε’-ιζ’.
2649 4045 2712 4056 --
2738 4017 2923 4073 Ταῦτα
2955 4019 3009 4073 δὲ
3044 4019 3259 4074 ᾶπαντα
3293 4021 3419 4092 περὶ
3450 4021 3556 4074 τῶν
3577 4021 3757 4074 Βαϐυ-

500 4115 666 4170 Ioniis
689 4113 849 4178 dixit,
883 4112 977 4181 qui
1012 4124 1154 4165 smve
1182 4105 1477 4162 admodum
1511 4102 1769 4173 pepulum
1801 4109 2076 4155 tractave-

2180 4101 2377 4157 λωνίων
2411 4107 2679 4176 εἰρηκὼς,
2703 4109 2779 4171 ὼς
2807 4109 2972 4181 πολλῇ
3000 4111 3139 4164 κατά
3164 4110 3258 4163 τοῦ
3289 4111 3418 4165 λαοῦ
3443 4115 3506 4182 τῇ
3537 4113 3756 4184 ἀφειδίᾳ

498 4215 646 4273 rant,
689 4204 910 4274 exponit
949 4202 1211 4271 deinceps
1250 4200 1427 4254 hostis
1457 4195 1705 4264 ejusdem
1751 4193 2074 4263 potentiam,

2180 4195 2536 4266 χρησαμένων
2561 4238 2576 4260 ,
2613 4198 2882 4269 διηγεῖται
2909 4201 3094 4254 λοιπὸν
3123 4203 3287 4256 αὐτοῦ
3324 4203 3417 4255 καὶ
3448 4203 3545 4274 τὴν
3591 4204 3753 4257 δύνα-

496 4297 659 4369 cujus
708 4312 811 4366 ope
857 4303 1128 4367 quotquot
1177 4292 1308 4346 vult‘
1341 4289 1502 4343 malis
1557 4285 1862 4341 innumeris
1918 4284 2077 4339 facile

2180 4303 2298 4355 μιν,
2411 4287 2693 4357 χρώμενος
2716 4333 2728 4355 ,
2763 4291 2995 4355 ὁπόσους
3025 4292 3091 4344 ἂν
3122 4293 3292 4346 ἐθέλοι
3319 4294 3531 4363 μυρίοις
3562 4299 3754 4359 κακοῖς

493 4391 692 4446 irretit.
727 4409 745 4442 ι
780 4392 952 4444 Hamo
979 4388 1201 4444 sustulit
1233 4385 1384 4439 illum
1415 4382 1481 4436 ad
1521 4378 2069 4441 consummationem,

2180 4375 2492 4444 περιϐάλλει
2524 4378 2739 4448 ῥᾳδίως.
2770 4381 3120 4436 ,Συντέλειαν
3141 4385 3200 4436 ἐν
3226 4385 3504 4454 ἀγκίστρῳ
3524 4385 3755 4439 ἀνέσπα-

491 4480 770 4551 traxitque
812 4496 936 4536 eum
980 4479 1082 4533 reti
1112 4493 1231 4543 suo,
1263 4484 1316 4530 et
1345 4475 1401 4528 in
1440 4472 1656 4542 sagenis
1701 4470 1818 4525 suis
1862 4469 2071 4523 aduna-

404 4619 406 4621 .
491 4573 588 4626 vit.
649 4571 941 4641 Propterea
999 4570 1269 4624 laetabitur
1322 4575 1375 4620 et
1428 4564 1716 4635 gaudebit;
1785 4567 2071 4631 propterea

491 4662 653 4732 237
685 4661 984 4715 immolabit
1029 4675 1244 4730 sagena:
1298 4671 1429 4718 sua},
1481 4663 1530 4710 et
1563 4652 1902 4707 thuriﬁcabit
1968 4650 2070 4703 reti

467 4762 614 4802 suo.
649 4767 668 4799 ι
711 4748 877 4813 Quasi
899 4748 1062 4799 hamo
1093 4747 1278 4816 aliquo
1324 4759 1389 4797 ac
1430 4745 1531 4798 reti
1582 4741 1850 4814 plurimos
1881 4748 2070 4808 puten-

489 4840 565 4891 tia
609 4853 708 4891 sua
750 4837 1204 4899 circumveniens,
1237 4847 1494 4904 supremo
1527 4831 1704 4886 tradet
1735 4829 1922 4884 exitio.
1975 4827 2067 4880 Sic

489 4941 672 4983 autem
721 4930 775 4982 in
825 4935 1149 4998 potestatem
1183 4940 1338 4980 suam
1367 4930 1599 4978 cunctos
1636 4921 1869 4990 rediget,
1908 4927 1968 4971 ut
2019 4927 2072 4970 et

489 5020 748 5090 operibus
783 5023 897 5075 suis
922 5021 1213 5090 gavisurus
1244 5017 1336 5081 sit,
1375 5030 1438 5068 ac
1487 5011 1882 5083 propemodum
1911 5010 2069 5079 quasi

489 5113 604 5168 Deo
644 5113 825 5181 aliquo
852 5111 1061 5165 viribus
1099 5110 1216 5164 suis
1246 5107 1592 5176 propriorum
1627 5109 1904 5172 gestorum
1956 5116 2069 5152 ma-

489 5201 831 5269 gnitudinem
857 5201 1184 5252 tributurus.
1209 5195 1344 5248 Nam
1376 5193 1562 5257 verba,
1595 5210 1612 5243 ι
1641 5189 1947 5252 lmtnolahit
1977 5202 2066 5243 sa-

488 5307 659 5361 genas,
709 5300 764 5345 et
797 5289 1134 5344 thuriﬁcabit
1183 5286 1326 5351 reti,
1368 5303 1386 5335 ι
1437 5282 1569 5337 dicit
1617 5291 1834 5350 sumpta
1889 5288 2065 5334 meta-

490 5383 662 5449 phora
703 5381 770 5434 ab
812 5381 880 5434 iis
919 5380 1011 5450 qui
1071 5377 1125 5430 itt
1179 5391 1313 5429 casu
1353 5373 1658 5441 ejusmodi,
1703 5373 1908 5442 gratias
1957 5369 2066 5423 Deo

490 5473 752 5528 referunt.
800 5469 922 5523 Vult
947 5484 1076 5539 ergo
1105 5468 1285 5522 dicere
1342 5468 1494 5520 illum
1525 5465 1617 5521 Dei
1666 5466 1839 5519 instar
1872 5464 2060 5531 imagi-

489 5564 608 5614 nari
646 5559 829 5613 omnia
866 5575 1024 5628 posse
1061 5572 1159 5627 pro
1193 5572 1292 5611 suo
1343 5557 1496 5611 libito
1529 5556 1773 5622 eliicere;
1804 5568 2065 5610 causam-

441 5674 444 5678 η
489 5667 596 5723 que
637 5664 933 5717 exponens,
960 5669 977 5702 ι
1011 5649 1150 5715 Quia
1202 5649 1256 5702 in
1305 5650 1459 5720 ipsis,
1492 5651 1690 5720 inquit,
1737 5647 2065 5702 incrassavit

559 5742 673 5814 (48)
706 5738 839 5795 Cod.
865 5740 1232 5812 Συναγωγαῖς.

2177 4483 2268 4519 σεν
2307 4467 2468 4522 αὑτὸν
2491 4510 2505 4534 ,
2543 4471 2637 4523 καὶ
2666 4471 2912 4524 εἵλκυσεν
2939 4474 3099 4526 αὑτὸν
3137 4476 3194 4526 ἐν
3223 4475 3618 4546 ἀμφιϐλήστρῳ
3655 4477 3756 4530 αὑ.-

2169 4559 2263 4611 τοῦ
2295 4575 2309 4590 ·
2343 4562 2438 4612 καὶ
2467 4566 2771 4631 συνήγαγεν
2805 4564 2967 4617 αὐτὸν
2992 4568 3048 4618 ἐν
3081 4568 3197 4628 ταῖς
3229 4568 3490 4638 σαγήναις
3521 4567 3630 4638 (48)
3659 4569 3755 4621 αὐ-

2168 4647 2264 4699 τοῦ
2289 4663 2301 4677 ·
2331 4649 2516 4700 ἕνεκεν
2545 4649 2734 4703 τούτου
2776 4653 3210 4724 εὐφρανθήσεται
3262 4656 3356 4707 καὶ
3405 4658 3702 4728 χαρήσεται
3733 4675 3747 4686 ·

2168 4735 2353 4788 ἕνεκεν
2381 4737 2573 4790 τούτου
2612 4738 2764 4793 θύσει
2793 4744 2858 4812 τῇ
2895 4745 3102 4816 σαγήνῃ
3140 4743 3334 4809 αὐτοῦ,
3362 4746 3456 4797 καὶ
3495 4745 3750 4816 θυμιάσει

2167 4823 2244 4892 τῷ
2279 4824 2674 4897 ἀμφιϐλήστρῳ
2709 4829 2891 4882 αὑτοῦ.
2911 4848 2929 4881 ι
2970 4831 3056 4893 Ὠς
3083 4831 3191 4902 γάρ
3216 4833 3495 4902 ἀγκίστρῳ
3523 4835 3626 4886 τινὶ
3653 4836 3750 4887 καὶ

2169 4915 2566 4986 ὰμφιϐλήστρῳ
2596 4921 2661 4988 τῇ
2693 4920 2870 4991 οίκείᾳ
2897 4920 3122 4990 δυνάμει
3151 4923 3438 4986 πλείστους
3465 4925 3620 4987 ὅσους
3644 4941 3749 4976 πε-

2171 5007 2405 5078 ριϐαλὼν
2437 5012 2516 5072 είς
2566 5014 2798 5083 παντελῆ
2847 5014 3213 5086 παραδίδωσιν
3260 5015 3536 5069 ἀπώλειαν
3561 5034 3574 5048 ·
3603 5015 3747 5069 οὕτω

2164 5115 2223 5149 τε
2252 5099 2496 5163 ἅπαντας
2531 5103 2634 5154 ὑπὸ
2675 5105 2774 5172 τὴν
2806 5105 3054 5170 ἐξουσίαν
3091 5106 3333 5176 ἀθροίζει
3367 5107 3465 5178 τὴν
3513 5106 3741 5170 οἰκείαν,

2166 5188 2304 5241 ὥστε
2331 5189 2552 5260 ἥδεσθαι
2589 5194 2684 5262 μὲν
2719 5195 2810 5247 ἐπὶ
2852 5199 2962 5258 τοῖς
2987 5196 3166 5268 ἔργοις
3199 5201 3310 5260 τοῖς
3346 5198 3494 5262 ἰδίοις
3518 5238 3532 5258 ,
3567 5197 3743 5250 κινδυο

2167 5281 2342 5333 νεύειν
2375 5282 2431 5334 δὲ
2463 5283 2538 5347 ὡς
2582 5285 2647 5338 ἄν
2675 5304 2777 5338 τινι
2811 5287 2929 5357 Θεῷ
2955 5291 3022 5358 τῇ
3066 5289 3242 5358 οίκείᾳ
3273 5289 3500 5359 δυνάμει
3528 5289 3747 5357 λογίζε-

2168 5372 2289 5425 σθαι
2321 5373 2429 5427 τῶν
2459 5377 2586 5446 παρ’
2613 5377 2775 5431 αὐτοῦ
2803 5381 3099 5450 γινομένων
3128 5381 3186 5434 τὸ
3219 5381 3446 5452 μέγεθος
3471 5397 3482 5410 ·
3516 5382 3590 5452 (p.
3612 5381 3742 5451 562)

2164 5462 2224 5514 τὺ
2248 5462 2405 5534 γάρ,ι
2427 5462 2590 5518 Θύσει
2610 5470 2674 5537 τῇ
2696 5467 2929 5537 σαγήνῃ,
2957 5471 3049 5522 καὶ
3080 5470 3333 5541 θυμιάσει
3360 5472 3438 5542 τῷ
3455 5471 3741 5542 ’ἀμφιϐλή-

2166 5571 2311 5626 στρῳ
2329 5596 2344 5617 ,
2369 5575 2386 5608 ι
2422 5557 2579 5610 τοῦτο
2603 5558 2749 5626 λέγει
2779 5561 2841 5612 ἐκ
2875 5563 3185 5632 μεταφορᾶς
3205 5562 3313 5614 τῶν
3337 5563 3395 5615 ἐν
3426 5565 3538 5626 τοῖς
3562 5561 3741 5616 τοιού-

2162 5663 2273 5708 τοις
2306 5646 2402 5717 τὴν
2441 5648 2789 5719 εὐχαριστίαν
2827 5649 3225 5722 ἀποτιννύντων
3259 5649 3336 5719 τῷ
3362 5649 3500 5718 Θεῷ.
3544 5648 3741 5703 Paus—
