  <div class='ocr_page' id='page_1' title='image "/cluster/home/n/w/nwhite01/storage/ocr_20150623/66/coo.31924054869676/224.png"; bbox 0 0 4118 6518; ppageno 0'>
   <div class='ocr_carea' id='block_1_1' title="bbox 305 462 1920 544">
    <p class='ocr_par' dir='ltr' id='par_1_1' title="bbox 305 468 1914 544">
     <span class='ocr_line' id='line_1_1' title="bbox 305 468 1914 544; baseline -0.003 -17"><span class='ocrx_word' id='word_1_1' title='bbox 305 484 434 544; x_wconf 63' lang='grc' dir='ltr'><strong>εδδ</strong></span> <span class='ocrx_word' id='word_1_2' title='bbox 1297 468 1849 527; x_wconf 76' lang='lat' dir='ltr'><strong>COMMENTARlUS</strong></span> <span class='ocrx_word' id='word_1_3' title='bbox 1897 468 1914 522; x_wconf 83' lang='grc' dir='ltr'><strong>ι</strong></span> 
     </span>
    </p>
   </div>
   <div class='ocr_carea' id='block_1_2' title="bbox 2024 462 3601 544">
    <p class='ocr_par' dir='ltr' id='par_1_2' title="bbox 2024 462 3601 525">
     <span class='ocr_line' id='line_1_2' title="bbox 2024 462 3601 525; baseline -0.004 -2"><span class='ocrx_word' id='word_1_4' title='bbox 2024 466 2352 525; x_wconf 69' lang='lat' dir='ltr'><strong>iABACUCl</strong></span> <span class='ocrx_word' id='word_1_5' title='bbox 2390 466 2540 524; x_wconf 75' lang='lat' dir='ltr'><strong>CAP.</strong></span> <span class='ocrx_word' id='word_1_6' title='bbox 2579 465 2638 521; x_wconf 93' lang='grc'><strong>11.</strong></span> <span class='ocrx_word' id='word_1_7' title='bbox 3495 462 3601 517; x_wconf 60' lang='grc'><strong>436</strong></span> 
     </span>
    </p>
   </div>
   <div class='ocr_carea' id='block_1_3' title="bbox 300 580 1920 665">
    <p class='ocr_par' dir='ltr' id='par_1_3' title="bbox 300 588 1917 665">
     <span class='ocr_line' id='line_1_3' title="bbox 300 588 1917 665; baseline -0.01 -8"><span class='ocrx_word' id='word_1_8' title='bbox 300 620 414 657; x_wconf 76' lang='grc' dir='ltr'><strong>ται</strong></span> <span class='ocrx_word' id='word_1_9' title='bbox 440 596 539 659; x_wconf 77' lang='grc' dir='ltr'><strong>οὖν</strong></span> <span class='ocrx_word' id='word_1_10' title='bbox 577 598 754 653; x_wconf 76' lang='grc' dir='ltr'><strong>εἰπεῖν</strong></span> <span class='ocrx_word' id='word_1_11' title='bbox 782 595 866 650; x_wconf 76' lang='grc' dir='ltr'><strong>ὅτι</strong></span> <span class='ocrx_word' id='word_1_12' title='bbox 921 590 1203 665; x_wconf 80' lang='grc' dir='ltr'><strong>μονονουχὶ</strong></span> <span class='ocrx_word' id='word_1_13' title='bbox 1224 589 1362 646; x_wconf 91' lang='grc' dir='ltr'><strong>Θεοῦ</strong></span> <span class='ocrx_word' id='word_1_14' title='bbox 1398 591 1557 662; x_wconf 86' lang='grc' dir='ltr'><strong>δίκην</strong></span> <span class='ocrx_word' id='word_1_15' title='bbox 1586 588 1917 661; x_wconf 77' lang='grc' dir='ltr'><strong>φαντάζεται</strong></span> 
     </span>
    </p>
   </div>
   <div class='ocr_carea' id='block_1_4' title="bbox 2024 580 3611 665">
    <p class='ocr_par' dir='ltr' id='par_1_4' title="bbox 2024 580 3611 659">
     <span class='ocr_line' id='line_1_4' title="bbox 2024 580 3611 659; baseline -0.004 -16"><span class='ocrx_word' id='word_1_16' title='bbox 2024 596 2230 659; x_wconf 89' lang='lat' dir='ltr'><strong>partem</strong></span> <span class='ocrx_word' id='word_1_17' title='bbox 2257 602 2451 655; x_wconf 83' lang='lat' dir='ltr'><strong>suam;</strong></span> <span class='ocrx_word' id='word_1_18' title='bbox 2483 593 2536 642; x_wconf 90' lang='lat' dir='ltr'><strong>et</strong></span> <span class='ocrx_word' id='word_1_19' title='bbox 2561 584 2667 641; x_wconf 89' lang='lat' dir='ltr'><strong>cibi</strong></span> <span class='ocrx_word' id='word_1_20' title='bbox 2701 582 2820 653; x_wconf 84' lang='lat' dir='ltr'><strong>ejus</strong></span> <span class='ocrx_word' id='word_1_21' title='bbox 2846 582 3026 639; x_wconf 77' lang='lat' dir='ltr'><strong>electi.</strong></span> <span class='ocrx_word' id='word_1_22' title='bbox 3065 601 3083 636; x_wconf 74' lang='grc' dir='ltr'><strong>ι</strong></span> <span class='ocrx_word' id='word_1_23' title='bbox 3116 580 3360 653; x_wconf 83' lang='lat' dir='ltr'><strong>Propriis</strong></span> <span class='ocrx_word' id='word_1_24' title='bbox 3386 580 3611 637; x_wconf 72' lang='lat' dir='ltr'><strong>viribus</strong></span> 
     </span>
    </p>
   </div>
   <div class='ocr_carea' id='block_1_5' title="bbox 310 669 1920 752">
    <p class='ocr_par' dir='ltr' id='par_1_5' title="bbox 310 681 1920 752">
     <span class='ocr_line' id='line_1_5' title="bbox 310 681 1920 752; baseline -0.01 -2"><span class='ocrx_word' id='word_1_25' title='bbox 310 691 595 750; x_wconf 77' lang='grc' dir='ltr'><strong>δύνασθαι</strong></span> <span class='ocrx_word' id='word_1_26' title='bbox 647 689 828 744; x_wconf 86' lang='grc' dir='ltr'><strong>πάντα</strong></span> <span class='ocrx_word' id='word_1_27' title='bbox 862 684 1003 740; x_wconf 87' lang='grc' dir='ltr'><strong>κατά</strong></span> <span class='ocrx_word' id='word_1_28' title='bbox 1049 683 1111 737; x_wconf 81' lang='grc' dir='ltr'><strong>τὸ</strong></span> <span class='ocrx_word' id='word_1_29' title='bbox 1141 681 1334 736; x_wconf 80' lang='grc' dir='ltr'><strong>δοκοῦν</strong></span> <span class='ocrx_word' id='word_1_30' title='bbox 1363 681 1542 752; x_wconf 82' lang='grc' dir='ltr'><strong>ἐαυτῷ</strong></span> <span class='ocrx_word' id='word_1_31' title='bbox 1580 683 1785 744; x_wconf 77' lang='grc' dir='ltr'><strong>ποιεῖν·</strong></span> <span class='ocrx_word' id='word_1_32' title='bbox 1826 682 1920 735; x_wconf 73' lang='grc' dir='ltr'><strong>καὶ</strong></span> 
     </span>
    </p>
   </div>
   <div class='ocr_carea' id='block_1_6' title="bbox 2024 669 3601 752">
    <p class='ocr_par' dir='ltr' id='par_1_6' title="bbox 2024 669 3601 749">
     <span class='ocr_line' id='line_1_6' title="bbox 2024 669 3601 749; baseline -0.006 -16"><span class='ocrx_word' id='word_1_33' title='bbox 2024 694 2208 739; x_wconf 84' lang='lat' dir='ltr'><strong>rerum</strong></span> <span class='ocrx_word' id='word_1_34' title='bbox 2252 678 2392 734; x_wconf 83' lang='lat' dir='ltr'><strong>bene</strong></span> <span class='ocrx_word' id='word_1_35' title='bbox 2415 683 2695 749; x_wconf 82' lang='lat' dir='ltr'><strong>gestarum</strong></span> <span class='ocrx_word' id='word_1_36' title='bbox 2728 672 3163 746; x_wconf 77' lang='lat' dir='ltr'><strong>magnitudinem</strong></span> <span class='ocrx_word' id='word_1_37' title='bbox 3196 671 3410 737; x_wconf 90' lang='lat' dir='ltr'><strong>tribuit,</strong></span> <span class='ocrx_word' id='word_1_38' title='bbox 3452 669 3601 725; x_wconf 86' lang='lat' dir='ltr'><strong>unde</strong></span> 
     </span>
    </p>
   </div>
   <div class='ocr_carea' id='block_1_7' title="bbox 305 759 1920 857">
    <p class='ocr_par' dir='ltr' id='par_1_7' title="bbox 305 773 1920 857">
     <span class='ocr_line' id='line_1_7' title="bbox 305 773 1920 857; baseline -0.009 -16"><span class='ocrx_word' id='word_1_39' title='bbox 305 786 425 857; x_wconf 71' lang='grc' dir='ltr'><strong>τὴν</strong></span> <span class='ocrx_word' id='word_1_40' title='bbox 448 782 635 837; x_wconf 74' lang='grc' dir='ltr'><strong>αἰτίαν</strong></span> <span class='ocrx_word' id='word_1_41' title='bbox 676 780 854 849; x_wconf 85' lang='grc' dir='ltr'><strong>λέγων</strong></span> <span class='ocrx_word' id='word_1_42' title='bbox 880 796 893 809; x_wconf 88' lang='grc'><strong>·</strong></span> <span class='ocrx_word' id='word_1_43' title='bbox 932 777 1087 830; x_wconf 78' lang='grc' dir='ltr'><strong>«Ὅτι</strong></span> <span class='ocrx_word' id='word_1_44' title='bbox 1119 776 1178 829; x_wconf 86' lang='grc' dir='ltr'><strong>ἐν</strong></span> <span class='ocrx_word' id='word_1_45' title='bbox 1222 776 1408 837; x_wconf 81' lang='grc' dir='ltr'><strong>αὐτοῖς</strong></span> <span class='ocrx_word' id='word_1_46' title='bbox 1438 773 1693 848; x_wconf 75' lang='grc' dir='ltr'><strong>ἐλίπανεν</strong></span> <span class='ocrx_word' id='word_1_47' title='bbox 1727 774 1920 846; x_wconf 79' lang='grc' dir='ltr'>μερίδα</span> 
     </span>
    </p>
   </div>
   <div class='ocr_carea' id='block_1_8' title="bbox 2024 759 3597 857">
    <p class='ocr_par' dir='ltr' id='par_1_8' title="bbox 2024 759 3597 844">
     <span class='ocr_line' id='line_1_8' title="bbox 2024 759 3597 844; baseline -0.006 -19"><span class='ocrx_word' id='word_1_48' title='bbox 2024 770 2098 826; x_wconf 90' lang='lat' dir='ltr'><strong>illi</strong></span> <span class='ocrx_word' id='word_1_49' title='bbox 2127 784 2291 842; x_wconf 92' lang='lat' dir='ltr'><strong>opum</strong></span> <span class='ocrx_word' id='word_1_50' title='bbox 2316 769 2572 824; x_wconf 86' lang='lat' dir='ltr'><strong>cumulus</strong></span> <span class='ocrx_word' id='word_1_51' title='bbox 2602 765 2860 822; x_wconf 87' lang='lat' dir='ltr'><strong>accessit.</strong></span> <span class='ocrx_word' id='word_1_52' title='bbox 2887 764 2981 820; x_wconf 88' lang='lat' dir='ltr'><strong>Sic</strong></span> <span class='ocrx_word' id='word_1_53' title='bbox 3014 765 3161 820; x_wconf 90' lang='lat' dir='ltr'><strong>enim</strong></span> <span class='ocrx_word' id='word_1_54' title='bbox 3193 763 3374 844; x_wconf 84' lang='lat' dir='ltr'><strong>valent</strong></span> <span class='ocrx_word' id='word_1_55' title='bbox 3399 759 3597 817; x_wconf 84' lang='lat' dir='ltr'><strong>verba:</strong></span> 
     </span>
    </p>
   </div>
   <div class='ocr_carea' id='block_1_9' title="bbox 303 850 1920 943">
    <p class='ocr_par' dir='ltr' id='par_1_9' title="bbox 303 850 1919 943">
     <span class='ocr_line' id='line_1_9' title="bbox 303 850 1919 943; baseline -0.007 -13"><span class='ocrx_word' id='word_1_56' title='bbox 303 850 496 931; x_wconf 67' lang='grc' dir='ltr'><strong>ιῦτοῦ</strong></span> <span class='ocrx_word' id='word_1_57' title='bbox 522 913 538 938; x_wconf 90' lang='lat'><strong>,</strong></span> <span class='ocrx_word' id='word_1_58' title='bbox 591 872 687 928; x_wconf 76' lang='grc' dir='ltr'><strong>καὶ</strong></span> <span class='ocrx_word' id='word_1_59' title='bbox 712 871 783 925; x_wconf 89' lang='grc' dir='ltr'><strong>τά</strong></span> <span class='ocrx_word' id='word_1_60' title='bbox 825 866 1091 943; x_wconf 80' lang='grc' dir='ltr'><strong>βρώματα</strong></span> <span class='ocrx_word' id='word_1_61' title='bbox 1135 866 1303 921; x_wconf 83' lang='grc' dir='ltr'><strong>αὐτοῦ</strong></span> <span class='ocrx_word' id='word_1_62' title='bbox 1346 865 1600 919; x_wconf 86' lang='grc' dir='ltr'><strong>ἐκλεκτά.</strong></span> <span class='ocrx_word' id='word_1_63' title='bbox 1635 883 1653 917; x_wconf 77' lang='grc' dir='ltr'><strong>ι</strong></span> <span class='ocrx_word' id='word_1_64' title='bbox 1694 866 1772 937; x_wconf 82' lang='grc' dir='ltr'>Τῇ</span> <span class='ocrx_word' id='word_1_65' title='bbox 1807 866 1919 938; x_wconf 86' lang='grc' dir='ltr'><strong>γάρ</strong></span> 
     </span>
    </p>
   </div>
   <div class='ocr_carea' id='block_1_10' title="bbox 2024 850 3617 943">
    <p class='ocr_par' dir='ltr' id='par_1_10' title="bbox 2024 850 3617 921">
     <span class='ocr_line' id='line_1_10' title="bbox 2024 850 3617 921; baseline -0.004 -12"><span class='ocrx_word' id='word_1_66' title='bbox 2024 856 2268 912; x_wconf 74' lang='lat' dir='ltr'><strong>cPartem</strong></span> <span class='ocrx_word' id='word_1_67' title='bbox 2293 871 2450 911; x_wconf 89' lang='lat' dir='ltr'><strong>suam</strong></span> <span class='ocrx_word' id='word_1_68' title='bbox 2475 854 2824 912; x_wconf 86' lang='lat' dir='ltr'><strong>incrassavit.</strong></span> <span class='ocrx_word' id='word_1_69' title='bbox 2851 873 2870 907; x_wconf 77' lang='grc' dir='ltr'><strong>ι</strong></span> <span class='ocrx_word' id='word_1_70' title='bbox 2902 852 3060 918; x_wconf 82' lang='lat' dir='ltr'><strong>llinc,</strong></span> <span class='ocrx_word' id='word_1_71' title='bbox 3088 852 3285 921; x_wconf 79' lang='lat' dir='ltr'><strong>inquit,</strong></span> <span class='ocrx_word' id='word_1_72' title='bbox 3311 851 3391 907; x_wconf 85' lang='lat' dir='ltr'><strong>rei</strong></span> <span class='ocrx_word' id='word_1_73' title='bbox 3419 850 3617 906; x_wconf 89' lang='lat' dir='ltr'><strong>omnis-</strong></span> 
     </span>
    </p>
   </div>
   <div class='ocr_carea' id='block_1_11' title="bbox 308 946 1920 1038">
    <p class='ocr_par' dir='ltr' id='par_1_11' title="bbox 308 955 1920 1038">
     <span class='ocr_line' id='line_1_11' title="bbox 308 955 1920 1038; baseline -0.008 -18"><span class='ocrx_word' id='word_1_74' title='bbox 308 966 474 1038; x_wconf 73' lang='grc' dir='ltr'><strong>ἰσχύϊ</strong></span> <span class='ocrx_word' id='word_1_75' title='bbox 502 967 571 1036; x_wconf 77' lang='grc' dir='ltr'><strong>τῇ</strong></span> <span class='ocrx_word' id='word_1_76' title='bbox 605 963 787 1034; x_wconf 75' lang='grc' dir='ltr'><strong>οἰκεία</strong></span> <span class='ocrx_word' id='word_1_77' title='bbox 818 961 1096 1030; x_wconf 76' lang='grc' dir='ltr'><strong>λογίζεται</strong></span> <span class='ocrx_word' id='word_1_78' title='bbox 1119 957 1229 1012; x_wconf 91' lang='grc' dir='ltr'><strong>τῶν</strong></span> <span class='ocrx_word' id='word_1_79' title='bbox 1258 956 1708 1029; x_wconf 83' lang='grc' dir='ltr'><strong>κατωρθωμένων</strong></span> <span class='ocrx_word' id='word_1_80' title='bbox 1731 956 1794 1009; x_wconf 82' lang='grc' dir='ltr'><strong>τὸ</strong></span> <span class='ocrx_word' id='word_1_81' title='bbox 1823 955 1920 1026; x_wconf 86' lang='grc' dir='ltr'><strong>μέ·</strong></span> 
     </span>
    </p>
   </div>
   <div class='ocr_carea' id='block_1_12' title="bbox 2024 946 3604 1038">
    <p class='ocr_par' dir='ltr' id='par_1_12' title="bbox 2024 946 3604 1011">
     <span class='ocr_line' id='line_1_12' title="bbox 2024 946 3604 1011; baseline -0.006 -7"><span class='ocrx_word' id='word_1_82' title='bbox 2024 949 2175 1004; x_wconf 72' lang='lat' dir='ltr'><strong>bonte</strong></span> <span class='ocrx_word' id='word_1_83' title='bbox 2222 956 2277 1003; x_wconf 91' lang='lat' dir='ltr'><strong>et</strong></span> <span class='ocrx_word' id='word_1_84' title='bbox 2322 949 2509 1003; x_wconf 62' lang='lat' dir='ltr'><strong>electae</strong></span> <span class='ocrx_word' id='word_1_85' title='bbox 2556 946 2792 1002; x_wconf 81' lang='lat' dir='ltr'><strong>fructum</strong></span> <span class='ocrx_word' id='word_1_86' title='bbox 2822 953 3157 1002; x_wconf 84' lang='lat' dir='ltr'><strong>consecutus</strong></span> <span class='ocrx_word' id='word_1_87' title='bbox 3200 950 3314 1008; x_wconf 91' lang='lat' dir='ltr'><strong>est;</strong></span> <span class='ocrx_word' id='word_1_88' title='bbox 3364 957 3604 1011; x_wconf 84' lang='lat' dir='ltr'><strong>namque</strong></span> 
     </span>
    </p>
   </div>
   <div class='ocr_carea' id='block_1_13' title="bbox 305 1028 1920 1127">
    <p class='ocr_par' dir='ltr' id='par_1_13' title="bbox 305 1028 1920 1127">
     <span class='ocr_line' id='line_1_13' title="bbox 305 1028 1920 1127; baseline -0.008 -14"><span class='ocrx_word' id='word_1_89' title='bbox 305 1028 481 1127; x_wconf 52' lang='grc' dir='ltr'><strong>γε’θος</strong></span> <span class='ocrx_word' id='word_1_90' title='bbox 509 1096 526 1122; x_wconf 89' lang='grc'><strong>,</strong></span> <span class='ocrx_word' id='word_1_91' title='bbox 545 1028 651 1125; x_wconf 50' lang='grc' dir='ltr'><strong>’ἀφ’</strong></span> <span class='ocrx_word' id='word_1_92' title='bbox 677 1028 839 1125; x_wconf 30' lang='grc' dir='ltr'><strong>ὧνῠδὴ</strong></span> <span class='ocrx_word' id='word_1_93' title='bbox 869 1028 1236 1123; x_wconf 82' lang='grc' dir='ltr'><strong>προσγέγονεν</strong></span> <span class='ocrx_word' id='word_1_94' title='bbox 1268 1028 1421 1119; x_wconf 77' lang='grc' dir='ltr'><strong>αὐτῷ</strong></span> <span class='ocrx_word' id='word_1_95' title='bbox 1447 1048 1538 1102; x_wconf 81' lang='grc' dir='ltr'><strong>τὸν</strong></span> <span class='ocrx_word' id='word_1_96' title='bbox 1572 1046 1799 1102; x_wconf 86' lang='grc' dir='ltr'><strong>πλοῦτον</strong></span> <span class='ocrx_word' id='word_1_97' title='bbox 1822 1048 1920 1100; x_wconf 82' lang='grc' dir='ltr'><strong>αὺ-</strong></span> 
     </span>
    </p>
   </div>
   <div class='ocr_carea' id='block_1_14' title="bbox 2024 1028 3606 1127">
    <p class='ocr_par' dir='ltr' id='par_1_14' title="bbox 2024 1028 3606 1107">
     <span class='ocr_line' id='line_1_14' title="bbox 2024 1028 3606 1107; baseline -0.005 -14"><span class='ocrx_word' id='word_1_98' title='bbox 2024 1040 2091 1093; x_wconf 89' lang='lat' dir='ltr'><strong>ita</strong></span> <span class='ocrx_word' id='word_1_99' title='bbox 2121 1039 2285 1094; x_wconf 90' lang='lat' dir='ltr'><strong>verba</strong></span> <span class='ocrx_word' id='word_1_100' title='bbox 2318 1057 2336 1090; x_wconf 86' lang='grc' dir='ltr'><strong>ι</strong></span> <span class='ocrx_word' id='word_1_101' title='bbox 2361 1038 2483 1093; x_wconf 82' lang='lat' dir='ltr'><strong>Cibi</strong></span> <span class='ocrx_word' id='word_1_102' title='bbox 2517 1038 2638 1107; x_wconf 86' lang='lat' dir='ltr'><strong>ejus</strong></span> <span class='ocrx_word' id='word_1_103' title='bbox 2660 1038 2821 1092; x_wconf 84' lang='lat' dir='ltr'><strong>electi</strong></span> <span class='ocrx_word' id='word_1_104' title='bbox 2845 1056 2863 1089; x_wconf 74' lang='grc' dir='ltr'><strong>ι</strong></span> <span class='ocrx_word' id='word_1_105' title='bbox 2900 1033 3254 1105; x_wconf 78' lang='lat' dir='ltr'><strong>intelligenda</strong></span> <span class='ocrx_word' id='word_1_106' title='bbox 3280 1038 3430 1086; x_wconf 85' lang='lat' dir='ltr'><strong>sunt.</strong></span> <span class='ocrx_word' id='word_1_107' title='bbox 3470 1049 3490 1082; x_wconf 79' lang='grc' dir='ltr'><strong>ι</strong></span> <span class='ocrx_word' id='word_1_108' title='bbox 3519 1028 3606 1085; x_wconf 83' lang='lat' dir='ltr'><strong>ld-</strong></span> 
     </span>
    </p>
   </div>
   <div class='ocr_carea' id='block_1_15' title="bbox 306 1121 1920 1218">
    <p class='ocr_par' dir='ltr' id='par_1_15' title="bbox 306 1121 1920 1218">
     <span class='ocr_line' id='line_1_15' title="bbox 306 1121 1920 1218; baseline -0.009 -16"><span class='ocrx_word' id='word_1_109' title='bbox 306 1121 485 1218; x_wconf 65' lang='grc' dir='ltr'><strong>ξῆσαι</strong></span> <span class='ocrx_word' id='word_1_110' title='bbox 509 1121 620 1200; x_wconf 61' lang='grc' dir='ltr'><strong>τὸν⁷</strong></span> <span class='ocrx_word' id='word_1_111' title='bbox 635 1121 838 1199; x_wconf 66' lang='grc' dir='ltr'><strong>οἰκεῖον</strong></span> <span class='ocrx_word' id='word_1_112' title='bbox 861 1160 874 1174; x_wconf 89' lang='grc'>·</span> <span class='ocrx_word' id='word_1_113' title='bbox 908 1121 1070 1216; x_wconf 67' lang='grc' dir='ltr'><strong>τοῦτο</strong></span> <span class='ocrx_word' id='word_1_114' title='bbox 1092 1141 1203 1212; x_wconf 83' lang='grc' dir='ltr'><strong>γὰρ</strong></span> <span class='ocrx_word' id='word_1_115' title='bbox 1230 1141 1379 1210; x_wconf 80' lang='grc' dir='ltr'><strong>λέγει</strong></span> <span class='ocrx_word' id='word_1_116' title='bbox 1410 1140 1495 1207; x_wconf 80' lang='grc' dir='ltr'><strong>τὸ,</strong></span> <span class='ocrx_word' id='word_1_117' title='bbox 1513 1156 1533 1190; x_wconf 85' lang='grc'>‹</span> <span class='ocrx_word' id='word_1_118' title='bbox 1557 1135 1807 1192; x_wconf 86' lang='grc' dir='ltr'><strong>Ἐλίπανε</strong></span> <span class='ocrx_word' id='word_1_119' title='bbox 1830 1155 1920 1209; x_wconf 81' lang='grc' dir='ltr'><strong>με-</strong></span> 
     </span>
    </p>
   </div>
   <div class='ocr_carea' id='block_1_16' title="bbox 2024 1121 3605 1218">
    <p class='ocr_par' dir='ltr' id='par_1_16' title="bbox 2024 1121 3605 1201">
     <span class='ocr_line' id='line_1_16' title="bbox 2024 1121 3605 1201; baseline -0.007 -16"><span class='ocrx_word' id='word_1_120' title='bbox 2024 1131 2167 1186; x_wconf 89' lang='lat' dir='ltr'><strong>circo</strong></span> <span class='ocrx_word' id='word_1_121' title='bbox 2222 1128 2484 1185; x_wconf 82' lang='lat' dir='ltr'><strong>extendet</strong></span> <span class='ocrx_word' id='word_1_122' title='bbox 2538 1137 2653 1185; x_wconf 90' lang='lat' dir='ltr'><strong>rete</strong></span> <span class='ocrx_word' id='word_1_123' title='bbox 2693 1144 2906 1201; x_wconf 80' lang='lat' dir='ltr'><strong>suum,</strong></span> <span class='ocrx_word' id='word_1_124' title='bbox 2971 1135 3027 1183; x_wconf 89' lang='lat' dir='ltr'><strong>et</strong></span> <span class='ocrx_word' id='word_1_125' title='bbox 3083 1125 3218 1181; x_wconf 67' lang='grc' dir='ltr'><strong>οωόί</strong></span> <span class='ocrx_word' id='word_1_126' title='bbox 3274 1121 3605 1194; x_wconf 87' lang='lat' dir='ltr'><strong>populorum</strong></span> 
     </span>
    </p>
   </div>
   <div class='ocr_carea' id='block_1_17' title="bbox 2017 1213 3605 1292">
    <p class='ocr_par' dir='ltr' id='par_1_17' title="bbox 2017 1213 3605 1292">
     <span class='ocr_line' id='line_1_17' title="bbox 2017 1213 3605 1292; baseline -0.006 -16"><span class='ocrx_word' id='word_1_127' title='bbox 2017 1236 2302 1291; x_wconf 86' lang='lat' dir='ltr'><strong>nunquam</strong></span> <span class='ocrx_word' id='word_1_128' title='bbox 2355 1228 2562 1291; x_wconf 80' lang='lat' dir='ltr'><strong>parcet.</strong></span> <span class='ocrx_word' id='word_1_129' title='bbox 2614 1239 2633 1272; x_wconf 76' lang='grc' dir='ltr'><strong>ι</strong></span> <span class='ocrx_word' id='word_1_130' title='bbox 2696 1219 2969 1292; x_wconf 81' lang='lat' dir='ltr'><strong>Repetitis</strong></span> <span class='ocrx_word' id='word_1_131' title='bbox 3015 1216 3369 1274; x_wconf 75' lang='lat' dir='ltr'><strong>successibus</strong></span> <span class='ocrx_word' id='word_1_132' title='bbox 3427 1213 3605 1270; x_wconf 81' lang='lat' dir='ltr'><strong>elatus</strong></span> 
     </span>
    </p>
   </div>
   <div class='ocr_carea' id='block_1_18' title="bbox 2018 1305 3605 1383">
    <p class='ocr_par' dir='ltr' id='par_1_18' title="bbox 2018 1305 3605 1383">
     <span class='ocr_line' id='line_1_18' title="bbox 2018 1305 3605 1383; baseline -0.004 -17"><span class='ocrx_word' id='word_1_133' title='bbox 2018 1312 2320 1383; x_wconf 86' lang='lat' dir='ltr'><strong>potentiam</strong></span> <span class='ocrx_word' id='word_1_134' title='bbox 2365 1327 2520 1367; x_wconf 88' lang='lat' dir='ltr'><strong>suam</strong></span> <span class='ocrx_word' id='word_1_135' title='bbox 2548 1314 2844 1377; x_wconf 80' lang='lat' dir='ltr'><strong>exercebit,</strong></span> <span class='ocrx_word' id='word_1_136' title='bbox 2893 1311 3284 1383; x_wconf 88' lang='lat' dir='ltr'><strong>perpetuisque</strong></span> <span class='ocrx_word' id='word_1_137' title='bbox 3322 1307 3481 1363; x_wconf 89' lang='lat' dir='ltr'><strong>bellis</strong></span> <span class='ocrx_word' id='word_1_138' title='bbox 3518 1305 3605 1360; x_wconf 91' lang='lat' dir='ltr'><strong>in-</strong></span> 
     </span>
    </p>
   </div>
   <div class='ocr_carea' id='block_1_19' title="bbox 2018 1401 3606 1473">
    <p class='ocr_par' dir='ltr' id='par_1_19' title="bbox 2018 1401 3606 1473">
     <span class='ocr_line' id='line_1_19' title="bbox 2018 1401 3606 1473; baseline -0.004 -16"><span class='ocrx_word' id='word_1_139' title='bbox 2018 1403 2274 1473; x_wconf 82' lang='lat' dir='ltr'><strong>dulgens,</strong></span> <span class='ocrx_word' id='word_1_140' title='bbox 2340 1403 2570 1467; x_wconf 87' lang='lat' dir='ltr'><strong>multam</strong></span> <span class='ocrx_word' id='word_1_141' title='bbox 2626 1401 2925 1459; x_wconf 82' lang='lat' dir='ltr'><strong>crudeliter</strong></span> <span class='ocrx_word' id='word_1_142' title='bbox 2974 1401 3315 1457; x_wconf 88' lang='lat' dir='ltr'><strong>devictorum</strong></span> <span class='ocrx_word' id='word_1_143' title='bbox 3367 1406 3606 1468; x_wconf 80' lang='lat' dir='ltr'><strong>stragem</strong></span> 
     </span>
    </p>
   </div>
   <div class='ocr_carea' id='block_1_20' title="bbox 2017 1490 3607 1565">
    <p class='ocr_par' dir='ltr' id='par_1_20' title="bbox 2017 1490 3607 1565">
     <span class='ocr_line' id='line_1_20' title="bbox 2017 1490 3607 1565; baseline -0.003 -18"><span class='ocrx_word' id='word_1_144' title='bbox 2017 1492 2161 1547; x_wconf 89' lang='lat' dir='ltr'><strong>edet.</strong></span> <span class='ocrx_word' id='word_1_145' title='bbox 2217 1492 2338 1547; x_wconf 75' lang='lat' dir='ltr'><strong>1am</strong></span> <span class='ocrx_word' id='word_1_146' title='bbox 2383 1508 2514 1550; x_wconf 91' lang='lat' dir='ltr'><strong>vero</strong></span> <span class='ocrx_word' id='word_1_147' title='bbox 2546 1492 2830 1565; x_wconf 83' lang='lat' dir='ltr'><strong>Babylonii</strong></span> <span class='ocrx_word' id='word_1_148' title='bbox 2876 1493 3051 1565; x_wconf 78' lang='lat' dir='ltr'><strong>gestis</strong></span> <span class='ocrx_word' id='word_1_149' title='bbox 3096 1490 3334 1547; x_wconf 83' lang='lat' dir='ltr'><strong>narratis</strong></span> <span class='ocrx_word' id='word_1_150' title='bbox 3372 1491 3607 1559; x_wconf 78' lang='lat' dir='ltr'><strong>ejusque</strong></span> 
     </span>
    </p>
   </div>
   <div class='ocr_carea' id='block_1_21' title="bbox 309 1226 1918 1307">
    <p class='ocr_par' dir='ltr' id='par_1_21' title="bbox 309 1226 1918 1307">
     <span class='ocr_line' id='line_1_21' title="bbox 309 1226 1918 1307; baseline -0.006 -17"><span class='ocrx_word' id='word_1_151' title='bbox 309 1236 448 1307; x_wconf 79' lang='grc' dir='ltr'><strong>ρίδα</strong></span> <span class='ocrx_word' id='word_1_152' title='bbox 470 1231 666 1289; x_wconf 87' lang='grc' dir='ltr'><strong>αὐτοῦ.</strong></span> <span class='ocrx_word' id='word_1_153' title='bbox 693 1252 713 1285; x_wconf 74' lang='grc' dir='ltr'><strong>ι</strong></span> <span class='ocrx_word' id='word_1_154' title='bbox 764 1232 1046 1286; x_wconf 80' lang='grc' dir='ltr'><strong>Ἐντεῦθεν</strong></span> <span class='ocrx_word' id='word_1_155' title='bbox 1071 1230 1150 1297; x_wconf 86' lang='grc' dir='ltr'><strong>δὲ,</strong></span> <span class='ocrx_word' id='word_1_156' title='bbox 1183 1229 1339 1301; x_wconf 79' lang='grc' dir='ltr'><strong>φησὶ,</strong></span> <span class='ocrx_word' id='word_1_157' title='bbox 1365 1228 1462 1284; x_wconf 71' lang='grc' dir='ltr'><strong>καὶ</strong></span> <span class='ocrx_word' id='word_1_158' title='bbox 1484 1228 1705 1283; x_wconf 85' lang='grc' dir='ltr'><strong>πάντων</strong></span> <span class='ocrx_word' id='word_1_159' title='bbox 1724 1226 1789 1299; x_wconf 83' lang='grc' dir='ltr'><strong>δὴ</strong></span> <span class='ocrx_word' id='word_1_160' title='bbox 1809 1226 1918 1280; x_wconf 89' lang='grc' dir='ltr'><strong>τῶν</strong></span> 
     </span>
    </p>
   </div>
   <div class='ocr_carea' id='block_1_22' title="bbox 302 1317 1919 1397">
    <p class='ocr_par' dir='ltr' id='par_1_22' title="bbox 302 1317 1919 1397">
     <span class='ocr_line' id='line_1_22' title="bbox 302 1317 1919 1397; baseline -0.006 -18"><span class='ocrx_word' id='word_1_161' title='bbox 302 1324 565 1397; x_wconf 84' lang='grc' dir='ltr'><strong>δοκίμων</strong></span> <span class='ocrx_word' id='word_1_162' title='bbox 606 1340 667 1377; x_wconf 91' lang='grc' dir='ltr'><strong>τε</strong></span> <span class='ocrx_word' id='word_1_163' title='bbox 702 1322 798 1377; x_wconf 74' lang='grc' dir='ltr'><strong>καὶ</strong></span> <span class='ocrx_word' id='word_1_164' title='bbox 836 1319 1112 1375; x_wconf 76' lang='grc' dir='ltr'><strong>ἐκλεκτῶν</strong></span> <span class='ocrx_word' id='word_1_165' title='bbox 1143 1320 1243 1392; x_wconf 86' lang='grc' dir='ltr'><strong>τήν</strong></span> <span class='ocrx_word' id='word_1_166' title='bbox 1273 1319 1574 1375; x_wconf 81' lang='grc' dir='ltr'><strong>ἀπόλαυσιν</strong></span> <span class='ocrx_word' id='word_1_167' title='bbox 1602 1317 1744 1388; x_wconf 77' lang='grc' dir='ltr'><strong>ἔχει’</strong></span> <span class='ocrx_word' id='word_1_168' title='bbox 1780 1317 1919 1389; x_wconf 76' lang='grc' dir='ltr'><strong>ὅπερ</strong></span> 
     </span>
    </p>
   </div>
   <div class='ocr_carea' id='block_1_23' title="bbox 304 1408 1914 1485">
    <p class='ocr_par' dir='ltr' id='par_1_23' title="bbox 304 1408 1914 1485">
     <span class='ocr_line' id='line_1_23' title="bbox 304 1408 1914 1485; baseline -0.006 -13"><span class='ocrx_word' id='word_1_169' title='bbox 304 1418 441 1472; x_wconf 77' lang='grc' dir='ltr'><strong>ἐστὶ</strong></span> <span class='ocrx_word' id='word_1_170' title='bbox 469 1416 556 1481; x_wconf 80' lang='grc' dir='ltr'><strong>τὸ,</strong></span> <span class='ocrx_word' id='word_1_171' title='bbox 600 1432 621 1467; x_wconf 77' lang='grc' dir='ltr'><strong>ι</strong></span> <span class='ocrx_word' id='word_1_172' title='bbox 668 1413 782 1469; x_wconf 73' lang='grc' dir='ltr'><strong>Καὶ</strong></span> <span class='ocrx_word' id='word_1_173' title='bbox 804 1411 875 1468; x_wconf 84' lang='grc' dir='ltr'><strong>τὰ</strong></span> <span class='ocrx_word' id='word_1_174' title='bbox 913 1412 1182 1485; x_wconf 86' lang='grc' dir='ltr'><strong>βρώματα</strong></span> <span class='ocrx_word' id='word_1_175' title='bbox 1228 1412 1395 1468; x_wconf 83' lang='grc' dir='ltr'><strong>αὐτοῦ</strong></span> <span class='ocrx_word' id='word_1_176' title='bbox 1448 1408 1914 1466; x_wconf 83' lang='grc' dir='ltr'><strong>ἐκλεκτά.-Διά</strong></span> 
     </span>
    </p>
   </div>
   <div class='ocr_carea' id='block_1_24' title="bbox 304 1502 1915 1579">
    <p class='ocr_par' dir='ltr' id='par_1_24' title="bbox 304 1502 1915 1579">
     <span class='ocr_line' id='line_1_24' title="bbox 304 1502 1915 1579; baseline -0.006 -16"><span class='ocrx_word' id='word_1_177' title='bbox 304 1508 480 1562; x_wconf 81' lang='grc' dir='ltr'><strong>τοῦτο</strong></span> <span class='ocrx_word' id='word_1_178' title='bbox 505 1505 810 1579; x_wconf 78' lang='grc' dir='ltr'><strong>ἀμφιδαλεί</strong></span> <span class='ocrx_word' id='word_1_179' title='bbox 829 1505 891 1560; x_wconf 72' lang='grc' dir='ltr'><strong>τὸ</strong></span> <span class='ocrx_word' id='word_1_180' title='bbox 911 1505 1325 1578; x_wconf 81' lang='grc' dir='ltr'><strong>ἀμφίϐληστρον</strong></span> <span class='ocrx_word' id='word_1_181' title='bbox 1358 1503 1544 1568; x_wconf 83' lang='grc' dir='ltr'><strong>αὑτοῦ,</strong></span> <span class='ocrx_word' id='word_1_182' title='bbox 1570 1505 1665 1557; x_wconf 72' lang='grc' dir='ltr'><strong>καὶ</strong></span> <span class='ocrx_word' id='word_1_183' title='bbox 1688 1502 1915 1556; x_wconf 83' lang='grc' dir='ltr'><strong>διαπαν-</strong></span> 
     </span>
    </p>
   </div>
   <div class='ocr_carea' id='block_1_25' title="bbox 301 1583 1920 1668">
    <p class='ocr_par' dir='ltr' id='par_1_25' title="bbox 301 1588 1919 1668">
     <span class='ocr_line' id='line_1_25' title="bbox 301 1588 1919 1668; baseline -0.005 -15"><span class='ocrx_word' id='word_1_184' title='bbox 301 1599 412 1662; x_wconf 80' lang='grc' dir='ltr'><strong>τὸς</strong></span> <span class='ocrx_word' id='word_1_185' title='bbox 441 1597 793 1653; x_wconf 78' lang='grc' dir='ltr'><strong>ἀποκτείνειν</strong></span> <span class='ocrx_word' id='word_1_186' title='bbox 820 1596 946 1668; x_wconf 76' lang='grc' dir='ltr'><strong>ἔθνη</strong></span> <span class='ocrx_word' id='word_1_187' title='bbox 972 1596 1032 1650; x_wconf 82' lang='grc' dir='ltr'><strong>οὐ</strong></span> <span class='ocrx_word' id='word_1_188' title='bbox 1063 1596 1333 1665; x_wconf 85' lang='grc' dir='ltr'><strong>φείσεται.</strong></span> <span class='ocrx_word' id='word_1_189' title='bbox 1349 1616 1367 1649; x_wconf 73' lang='grc' dir='ltr'><strong>ι</strong></span> <span class='ocrx_word' id='word_1_190' title='bbox 1405 1595 1500 1650; x_wconf 83' lang='grc' dir='ltr'><strong>Ἐκ</strong></span> <span class='ocrx_word' id='word_1_191' title='bbox 1525 1596 1584 1649; x_wconf 85' lang='grc' dir='ltr'><strong>δὲ</strong></span> <span class='ocrx_word' id='word_1_192' title='bbox 1610 1588 1687 1648; x_wconf 85' lang='grc' dir='ltr'><strong>ὧν</strong></span> <span class='ocrx_word' id='word_1_193' title='bbox 1704 1593 1919 1664; x_wconf 88' lang='grc' dir='ltr'><strong>κατώρ-</strong></span> 
     </span>
    </p>
   </div>
   <div class='ocr_carea' id='block_1_26' title="bbox 2024 1583 3609 1668">
    <p class='ocr_par' dir='ltr' id='par_1_26' title="bbox 2024 1583 3609 1657">
     <span class='ocr_line' id='line_1_26' title="bbox 2024 1583 3609 1657; baseline -0.003 -16"><span class='ocrx_word' id='word_1_194' title='bbox 2024 1601 2122 1657; x_wconf 84' lang='lat' dir='ltr'><strong>per</strong></span> <span class='ocrx_word' id='word_1_195' title='bbox 2173 1587 2356 1641; x_wconf 91' lang='lat' dir='ltr'><strong>omnia</strong></span> <span class='ocrx_word' id='word_1_196' title='bbox 2423 1583 3015 1643; x_wconf 71' lang='lat' dir='ltr'><strong>adversusJudaicum</strong></span> <span class='ocrx_word' id='word_1_197' title='bbox 3075 1589 3337 1655; x_wconf 89' lang='lat' dir='ltr'><strong>populum</strong></span> <span class='ocrx_word' id='word_1_198' title='bbox 3402 1585 3609 1639; x_wconf 81' lang='lat' dir='ltr'><strong>scelere</strong></span> 
     </span>
    </p>
   </div>
   <div class='ocr_carea' id='block_1_27' title="bbox 303 1678 1920 1762">
    <p class='ocr_par' dir='ltr' id='par_1_27' title="bbox 303 1685 1916 1762">
     <span class='ocr_line' id='line_1_27' title="bbox 303 1685 1916 1762; baseline -0.004 -19"><span class='ocrx_word' id='word_1_199' title='bbox 303 1691 467 1744; x_wconf 77' lang='grc' dir='ltr'><strong>θωσε</strong></span> <span class='ocrx_word' id='word_1_200' title='bbox 496 1689 764 1754; x_wconf 77' lang='grc' dir='ltr'><strong>πολλάκις</strong></span> <span class='ocrx_word' id='word_1_201' title='bbox 785 1689 1004 1762; x_wconf 83' lang='grc' dir='ltr'><strong>θαρρῶν</strong></span> <span class='ocrx_word' id='word_1_202' title='bbox 1030 1690 1111 1744; x_wconf 78' lang='grc' dir='ltr'><strong>ἔτι</strong></span> <span class='ocrx_word' id='word_1_203' title='bbox 1138 1692 1202 1761; x_wconf 83' lang='grc' dir='ltr'><strong>τῇ</strong></span> <span class='ocrx_word' id='word_1_204' title='bbox 1227 1688 1410 1760; x_wconf 72' lang='grc' dir='ltr'><strong>οἰκείᾳ</strong></span> <span class='ocrx_word' id='word_1_205' title='bbox 1442 1687 1641 1758; x_wconf 85' lang='grc' dir='ltr'><strong>χρῆται</strong></span> <span class='ocrx_word' id='word_1_206' title='bbox 1667 1685 1916 1755; x_wconf 86' lang='grc' dir='ltr'><strong>δυνάμει,</strong></span> 
     </span>
    </p>
   </div>
   <div class='ocr_carea' id='block_1_28' title="bbox 2024 1678 2845 1762">
    <p class='ocr_par' dir='ltr' id='par_1_28' title="bbox 2024 1678 2845 1750">
     <span class='ocr_line' id='line_1_28' title="bbox 2024 1678 2845 1750; baseline -0.004 -15"><span class='ocrx_word' id='word_1_207' title='bbox 2024 1687 2374 1750; x_wconf 81' lang='lat' dir='ltr'><strong>exaggerato,</strong></span> <span class='ocrx_word' id='word_1_208' title='bbox 2406 1679 2584 1749; x_wconf 78' lang='lat' dir='ltr'><strong>pergit</strong></span> <span class='ocrx_word' id='word_1_209' title='bbox 2615 1678 2800 1735; x_wconf 89' lang='lat' dir='ltr'><strong>dicere</strong></span> <span class='ocrx_word' id='word_1_210' title='bbox 2829 1696 2845 1732; x_wconf 89' lang='lat'><strong>:</strong></span> 
     </span>
    </p>
   </div>
   <div class='ocr_carea' id='block_1_29' title="bbox 304 1771 3609 1856">
    <p class='ocr_par' dir='ltr' id='par_1_29' title="bbox 304 1771 3609 1856">
     <span class='ocr_line' id='line_1_29' title="bbox 304 1771 3609 1856; baseline -0.005 -17"><span class='ocrx_word' id='word_1_211' title='bbox 304 1784 415 1839; x_wconf 74' lang='grc' dir='ltr'><strong>καὶ</strong></span> <span class='ocrx_word' id='word_1_212' title='bbox 476 1781 739 1852; x_wconf 78' lang='grc' dir='ltr'><strong>πολέμοις</strong></span> <span class='ocrx_word' id='word_1_213' title='bbox 778 1783 1064 1856; x_wconf 82' lang='grc' dir='ltr'><strong>χρώμενος</strong></span> <span class='ocrx_word' id='word_1_214' title='bbox 1109 1785 1411 1848; x_wconf 81' lang='grc' dir='ltr'><strong>ἀπαύστοις</strong></span> <span class='ocrx_word' id='word_1_215' title='bbox 1432 1824 1448 1848; x_wconf 84' lang='grc'><strong>,</strong></span> <span class='ocrx_word' id='word_1_216' title='bbox 1485 1783 1652 1837; x_wconf 80' lang='grc' dir='ltr'><strong>πολὺν</strong></span> <span class='ocrx_word' id='word_1_217' title='bbox 1680 1779 1916 1851; x_wconf 78' lang='grc' dir='ltr'><strong>ἀφειδῶς</strong></span> <span class='ocrx_word' id='word_1_218' title='bbox 1942 1775 2053 1831; x_wconf 80' lang='grc' dir='ltr'><strong>τῶν</strong></span> <span class='ocrx_word' id='word_1_219' title='bbox 2085 1774 2469 1845; x_wconf 80' lang='grc' dir='ltr'><strong>ἐμπιπτόντων</strong></span> <span class='ocrx_word' id='word_1_220' title='bbox 2503 1772 2796 1845; x_wconf 70' lang='grc' dir='ltr'><strong>ἐργάζεται</strong></span> <span class='ocrx_word' id='word_1_221' title='bbox 2823 1774 2914 1827; x_wconf 80' lang='grc' dir='ltr'><strong>τὸν</strong></span> <span class='ocrx_word' id='word_1_222' title='bbox 2936 1773 3097 1843; x_wconf 84' lang='grc' dir='ltr'><strong>φόνον</strong></span> <span class='ocrx_word' id='word_1_223' title='bbox 3121 1790 3136 1806; x_wconf 78' lang='grc' dir='ltr'><strong>ο</strong></span> <span class='ocrx_word' id='word_1_224' title='bbox 3177 1771 3416 1845; x_wconf 77' lang='grc' dir='ltr'><strong>εἰρηκὼς</strong></span> <span class='ocrx_word' id='word_1_225' title='bbox 3443 1771 3499 1824; x_wconf 77' lang='grc' dir='ltr'><strong>δὲ</strong></span> <span class='ocrx_word' id='word_1_226' title='bbox 3538 1771 3609 1825; x_wconf 76' lang='grc' dir='ltr'><strong>τὰ</strong></span> 
     </span>
    </p>
   </div>
   <div class='ocr_carea' id='block_1_30' title="bbox 302 1864 3602 1949">
    <p class='ocr_par' dir='ltr' id='par_1_30' title="bbox 302 1864 3602 1949">
     <span class='ocr_line' id='line_1_30' title="bbox 302 1864 3602 1949; baseline -0.004 -18"><span class='ocrx_word' id='word_1_227' title='bbox 302 1875 480 1947; x_wconf 76' lang='grc' dir='ltr'><strong>παρὰ</strong></span> <span class='ocrx_word' id='word_1_228' title='bbox 506 1875 605 1930; x_wconf 82' lang='grc' dir='ltr'><strong>τοῦ</strong></span> <span class='ocrx_word' id='word_1_229' title='bbox 634 1874 977 1931; x_wconf 75' lang='grc' dir='ltr'><strong>Βαϐυλωνίου</strong></span> <span class='ocrx_word' id='word_1_230' title='bbox 1011 1878 1304 1949; x_wconf 84' lang='grc' dir='ltr'><strong>γινόμενα,</strong></span> <span class='ocrx_word' id='word_1_231' title='bbox 1337 1877 1432 1931; x_wconf 78' lang='grc' dir='ltr'><strong>καὶ</strong></span> <span class='ocrx_word' id='word_1_232' title='bbox 1456 1876 1546 1930; x_wconf 78' lang='grc' dir='ltr'><strong>διὰ</strong></span> <span class='ocrx_word' id='word_1_233' title='bbox 1567 1876 1787 1931; x_wconf 83' lang='grc' dir='ltr'><strong>πάντων</strong></span> <span class='ocrx_word' id='word_1_234' title='bbox 1810 1870 1975 1927; x_wconf 79' lang='grc' dir='ltr'><strong>αὑτοῦ</strong></span> <span class='ocrx_word' id='word_1_235' title='bbox 2005 1868 2105 1922; x_wconf 70' lang='grc' dir='ltr'><strong>τὴν</strong></span> <span class='ocrx_word' id='word_1_236' title='bbox 2132 1867 2212 1932; x_wconf 85' lang='grc' dir='ltr'><strong>εἰς</strong></span> <span class='ocrx_word' id='word_1_237' title='bbox 2233 1867 2323 1921; x_wconf 81' lang='grc' dir='ltr'><strong>τὸν</strong></span> <span class='ocrx_word' id='word_1_238' title='bbox 2347 1866 2475 1921; x_wconf 85' lang='grc' dir='ltr'><strong>λαὸν</strong></span> <span class='ocrx_word' id='word_1_239' title='bbox 2506 1868 2855 1939; x_wconf 82' lang='grc' dir='ltr'><strong>παρανομίαν</strong></span> <span class='ocrx_word' id='word_1_240' title='bbox 2884 1867 3149 1938; x_wconf 80' lang='grc' dir='ltr'><strong>αὐξήσας,</strong></span> <span class='ocrx_word' id='word_1_241' title='bbox 3179 1866 3375 1934; x_wconf 89' lang='grc' dir='ltr'><strong>ἐπάγει</strong></span> <span class='ocrx_word' id='word_1_242' title='bbox 3397 1864 3602 1920; x_wconf 84' lang='grc' dir='ltr'><strong>λοιπόν·</strong></span> 
     </span>
    </p>
   </div>
   <div class='ocr_carea' id='block_1_31' title="bbox 984 2005 1920 2086">
    <p class='ocr_par' dir='ltr' id='par_1_31' title="bbox 984 2015 1493 2086">
     <span class='ocr_line' id='line_1_31' title="bbox 984 2015 1493 2086; baseline 0 -18"><span class='ocrx_word' id='word_1_243' title='bbox 984 2015 1145 2070; x_wconf 83' lang='grc' dir='ltr'><strong>ΚΕΦ.</strong></span> <span class='ocrx_word' id='word_1_244' title='bbox 1186 2015 1262 2068; x_wconf 87' lang='lat' dir='ltr'><strong>B&#39;.</strong></span> <span class='ocrx_word' id='word_1_245' title='bbox 1490 2084 1493 2086; x_wconf 5' lang='grc' dir='ltr'><strong>ς</strong></span> 
     </span>
    </p>
   </div>
   <div class='ocr_carea' id='block_1_32' title="bbox 2024 2005 2931 2086">
    <p class='ocr_par' dir='ltr' id='par_1_32' title="bbox 2681 2005 2931 2063">
     <span class='ocr_line' id='line_1_32' title="bbox 2681 2005 2931 2063; baseline -0.004 -1"><span class='ocrx_word' id='word_1_246' title='bbox 2681 2006 2833 2063; x_wconf 82' lang='lat' dir='ltr'><strong>CAP.</strong></span> <span class='ocrx_word' id='word_1_247' title='bbox 2866 2005 2931 2061; x_wconf 89' lang='grc'><strong>11.</strong></span> 
     </span>
    </p>
   </div>
   <div class='ocr_carea' id='block_1_33' title="bbox 385 2114 1912 2203">
    <p class='ocr_par' dir='ltr' id='par_1_33' title="bbox 385 2114 1912 2203">
     <span class='ocr_line' id='line_1_33' title="bbox 385 2114 1912 2203; baseline 0.005 -27"><span class='ocrx_word' id='word_1_248' title='bbox 385 2124 553 2194; x_wconf 85' lang='grc' dir='ltr'><strong>Στίχ.</strong></span> <span class='ocrx_word' id='word_1_249' title='bbox 585 2114 730 2180; x_wconf 83' lang='grc' dir='ltr'><strong>α’-δ’.</strong></span> <span class='ocrx_word' id='word_1_250' title='bbox 757 2158 828 2168; x_wconf 95' lang='grc'><strong><em>-</em></strong></span> <span class='ocrx_word' id='word_1_251' title='bbox 859 2144 879 2178; x_wconf 75' lang='grc' dir='ltr'><strong>ι</strong></span> <span class='ocrx_word' id='word_1_252' title='bbox 915 2127 1039 2182; x_wconf 62' lang='grc' dir='ltr'><strong>Ἐπί⁵</strong></span> <span class='ocrx_word' id='word_1_253' title='bbox 1066 2129 1169 2201; x_wconf 85' lang='grc' dir='ltr'><strong>τῆς</strong></span> <span class='ocrx_word' id='word_1_254' title='bbox 1193 2129 1441 2201; x_wconf 81' lang='grc' dir='ltr'><strong>φυλακῆς</strong></span> <span class='ocrx_word' id='word_1_255' title='bbox 1482 2147 1584 2203; x_wconf 90' lang='grc' dir='ltr'><strong>μου</strong></span> <span class='ocrx_word' id='word_1_256' title='bbox 1618 2131 1912 2203; x_wconf 82' lang='grc' dir='ltr'><strong>στήσομαι,</strong></span> 
     </span>
    </p>
   </div>
   <div class='ocr_carea' id='block_1_34' title="bbox 304 2214 1915 2296">
    <p class='ocr_par' dir='ltr' id='par_1_34' title="bbox 304 2214 1915 2296">
     <span class='ocr_line' id='line_1_34' title="bbox 304 2214 1915 2296; baseline 0.004 -27"><span class='ocrx_word' id='word_1_257' title='bbox 304 2214 416 2269; x_wconf 72' lang='grc' dir='ltr'><strong>καὶ</strong></span> <span class='ocrx_word' id='word_1_258' title='bbox 448 2214 789 2286; x_wconf 82' lang='grc' dir='ltr'><strong>ἐπιϐήσομαι</strong></span> <span class='ocrx_word' id='word_1_259' title='bbox 820 2217 913 2272; x_wconf 80' lang='grc' dir='ltr'><strong>ἐπὶ</strong></span> <span class='ocrx_word' id='word_1_260' title='bbox 934 2219 1192 2292; x_wconf 78' lang='grc' dir='ltr'><strong>πέτραν.»</strong></span> <span class='ocrx_word' id='word_1_261' title='bbox 1234 2223 1330 2276; x_wconf 82' lang='grc' dir='ltr'><strong>Ἐκ</strong></span> <span class='ocrx_word' id='word_1_262' title='bbox 1369 2225 1685 2296; x_wconf 76' lang='grc' dir='ltr'><strong>μεταφορᾶς</strong></span> <span class='ocrx_word' id='word_1_263' title='bbox 1713 2223 1822 2278; x_wconf 87' lang='grc' dir='ltr'><strong>τῶν</strong></span> <span class='ocrx_word' id='word_1_264' title='bbox 1855 2223 1915 2276; x_wconf 89' lang='grc' dir='ltr'><strong>ἑν</strong></span> 
     </span>
    </p>
   </div>
   <div class='ocr_carea' id='block_1_35' title="bbox 306 2305 1915 2387">
    <p class='ocr_par' dir='ltr' id='par_1_35' title="bbox 306 2305 1915 2387">
     <span class='ocr_line' id='line_1_35' title="bbox 306 2305 1915 2387; baseline 0.007 -29"><span class='ocrx_word' id='word_1_265' title='bbox 306 2305 558 2378; x_wconf 82' lang='grc' dir='ltr'><strong>πολέμῳ</strong></span> <span class='ocrx_word' id='word_1_266' title='bbox 586 2308 680 2361; x_wconf 75' lang='grc' dir='ltr'><strong>καὶ</strong></span> <span class='ocrx_word' id='word_1_267' title='bbox 718 2309 1005 2382; x_wconf 75' lang='grc' dir='ltr'><strong>πολιορκίᾳ</strong></span> <span class='ocrx_word' id='word_1_268' title='bbox 1029 2312 1128 2384; x_wconf 82' lang='grc' dir='ltr'><strong>τὴν</strong></span> <span class='ocrx_word' id='word_1_269' title='bbox 1154 2312 1246 2368; x_wconf 89' lang='grc' dir='ltr'><strong>τοῦ</strong></span> <span class='ocrx_word' id='word_1_270' title='bbox 1278 2314 1492 2386; x_wconf 86' lang='grc' dir='ltr'><strong>τείχους</strong></span> <span class='ocrx_word' id='word_1_271' title='bbox 1518 2315 1915 2387; x_wconf 83' lang='grc' dir='ltr'><strong>διαιρουμένων</strong></span> 
     </span>
    </p>
   </div>
   <div class='ocr_carea' id='block_1_36' title="bbox 306 2397 1917 2479">
    <p class='ocr_par' dir='ltr' id='par_1_36' title="bbox 306 2397 1917 2479">
     <span class='ocr_line' id='line_1_36' title="bbox 306 2397 1917 2479; baseline 0.009 -30"><span class='ocrx_word' id='word_1_272' title='bbox 306 2397 632 2476; x_wconf 80' lang='grc' dir='ltr'><strong>φυλακήν.‹</strong></span> <span class='ocrx_word' id='word_1_273' title='bbox 658 2398 781 2454; x_wconf 77' lang='grc' dir='ltr'><strong>Ἐπὶ</strong></span> <span class='ocrx_word' id='word_1_274' title='bbox 793 2399 1367 2476; x_wconf 64' lang='grc' dir='ltr'><strong>τῆςφυλακῆς,φησὶν,</strong></span> <span class='ocrx_word' id='word_1_275' title='bbox 1392 2405 1504 2476; x_wconf 86' lang='grc' dir='ltr'><strong>ἐγὼ</strong></span> <span class='ocrx_word' id='word_1_276' title='bbox 1529 2408 1797 2479; x_wconf 87' lang='grc' dir='ltr'><strong>στήσομαι</strong></span> <span class='ocrx_word' id='word_1_277' title='bbox 1818 2409 1917 2479; x_wconf 89' lang='grc' dir='ltr'><strong>τῆς</strong></span> 
     </span>
    </p>
   </div>
   <div class='ocr_carea' id='block_1_37' title="bbox 304 2489 1917 2573">
    <p class='ocr_par' dir='ltr' id='par_1_37' title="bbox 304 2489 1917 2573">
     <span class='ocr_line' id='line_1_37' title="bbox 304 2489 1917 2573; baseline 0.009 -33"><span class='ocrx_word' id='word_1_278' title='bbox 304 2489 469 2560; x_wconf 82' lang='grc' dir='ltr'><strong>ἐμῆς</strong></span> <span class='ocrx_word' id='word_1_279' title='bbox 489 2531 505 2556; x_wconf 92' lang='grc'><strong>,</strong></span> <span class='ocrx_word' id='word_1_280' title='bbox 532 2491 647 2545; x_wconf 75' lang='grc' dir='ltr'><strong>ιῖνα</strong></span> <span class='ocrx_word' id='word_1_281' title='bbox 663 2489 796 2565; x_wconf 79' lang='grc' dir='ltr'><strong>εἴπῃ</strong></span> <span class='ocrx_word' id='word_1_282' title='bbox 813 2494 896 2548; x_wconf 82' lang='grc' dir='ltr'><strong>ὅτι</strong></span> <span class='ocrx_word' id='word_1_283' title='bbox 917 2497 1023 2552; x_wconf 87' lang='grc' dir='ltr'><strong>Τοῦ</strong></span> <span class='ocrx_word' id='word_1_284' title='bbox 1040 2500 1167 2572; x_wconf 82' lang='grc' dir='ltr'><strong>ἐμοὶ</strong></span> <span class='ocrx_word' id='word_1_285' title='bbox 1194 2499 1568 2570; x_wconf 83' lang='grc' dir='ltr'><strong>προσήκοντος</strong></span> <span class='ocrx_word' id='word_1_286' title='bbox 1590 2500 1691 2553; x_wconf 77' lang='grc' dir='ltr'><strong>οὐκ</strong></span> <span class='ocrx_word' id='word_1_287' title='bbox 1720 2502 1917 2573; x_wconf 85' lang='grc' dir='ltr'><strong>ἐκστή-</strong></span> 
     </span>
    </p>
   </div>
   <div class='ocr_carea' id='block_1_38' title="bbox 305 2580 1917 2664">
    <p class='ocr_par' dir='ltr' id='par_1_38' title="bbox 305 2580 1917 2664">
     <span class='ocr_line' id='line_1_38' title="bbox 305 2580 1917 2664; baseline 0.006 -29"><span class='ocrx_word' id='word_1_288' title='bbox 305 2596 519 2652; x_wconf 72' lang='grc' dir='ltr'><strong>σομαι,</strong></span> <span class='ocrx_word' id='word_1_289' title='bbox 555 2580 631 2652; x_wconf 90' lang='lat' dir='ltr'><strong>(p.</strong></span> <span class='ocrx_word' id='word_1_290' title='bbox 658 2581 785 2653; x_wconf 81' lang='lat'><strong>565)</strong></span> <span class='ocrx_word' id='word_1_291' title='bbox 814 2585 950 2640; x_wconf 85' lang='grc' dir='ltr'><strong>ἀλλά</strong></span> <span class='ocrx_word' id='word_1_292' title='bbox 975 2587 1082 2660; x_wconf 84' lang='grc' dir='ltr'><strong>γὰρ</strong></span> <span class='ocrx_word' id='word_1_293' title='bbox 1103 2587 1295 2661; x_wconf 72' lang='grc' dir='ltr'><strong>ἕξομαι</strong></span> <span class='ocrx_word' id='word_1_294' title='bbox 1317 2589 1529 2657; x_wconf 88' lang='grc' dir='ltr'><strong>τούτου,</strong></span> <span class='ocrx_word' id='word_1_295' title='bbox 1563 2592 1621 2644; x_wconf 89' lang='grc' dir='ltr'><strong>ἐν</strong></span> <span class='ocrx_word' id='word_1_296' title='bbox 1648 2591 1917 2664; x_wconf 80' lang='grc' dir='ltr'><strong>ἀσφαλείᾳ</strong></span> 
     </span>
    </p>
   </div>
   <div class='ocr_carea' id='block_1_39' title="bbox 2092 2115 3612 2188">
    <p class='ocr_par' dir='ltr' id='par_1_39' title="bbox 2092 2115 3612 2188">
     <span class='ocr_line' id='line_1_39' title="bbox 2092 2115 3612 2188; baseline 0.001 -17"><span class='ocrx_word' id='word_1_297' title='bbox 2092 2116 2261 2174; x_wconf 70' lang='lat' dir='ltr'><strong>Vsus.</strong></span> <span class='ocrx_word' id='word_1_298' title='bbox 2296 2118 2411 2172; x_wconf 74' lang='grc'><strong>1-4.</strong></span> <span class='ocrx_word' id='word_1_299' title='bbox 2450 2136 2467 2166; x_wconf 70' lang='grc' dir='ltr'><em>α</em></span> <span class='ocrx_word' id='word_1_300' title='bbox 2510 2115 2689 2188; x_wconf 85' lang='lat' dir='ltr'><strong>Super</strong></span> <span class='ocrx_word' id='word_1_301' title='bbox 2711 2119 2964 2174; x_wconf 86' lang='lat' dir='ltr'><strong>custodia</strong></span> <span class='ocrx_word' id='word_1_302' title='bbox 2992 2134 3113 2174; x_wconf 89' lang='lat' dir='ltr'><strong>mea</strong></span> <span class='ocrx_word' id='word_1_303' title='bbox 3143 2118 3322 2184; x_wconf 85' lang='lat' dir='ltr'><strong>stabo,</strong></span> <span class='ocrx_word' id='word_1_304' title='bbox 3352 2126 3408 2174; x_wconf 87' lang='lat' dir='ltr'><strong>et</strong></span> <span class='ocrx_word' id='word_1_305' title='bbox 3436 2132 3612 2188; x_wconf 74' lang='lat' dir='ltr'><strong>supra</strong></span> 
     </span>
    </p>
   </div>
   <div class='ocr_carea' id='block_1_40' title="bbox 2022 2209 3609 2288">
    <p class='ocr_par' dir='ltr' id='par_1_40' title="bbox 2022 2209 3609 2288">
     <span class='ocr_line' id='line_1_40' title="bbox 2022 2209 3609 2288; baseline 0.001 -24"><span class='ocrx_word' id='word_1_306' title='bbox 2022 2218 2236 2280; x_wconf 87' lang='lat' dir='ltr'><strong>petram</strong></span> <span class='ocrx_word' id='word_1_307' title='bbox 2271 2209 2602 2288; x_wconf 44' lang='lat' dir='ltr'><strong>ascendam;</strong></span> <span class='ocrx_word' id='word_1_308' title='bbox 2641 2230 2659 2262; x_wconf 76' lang='grc' dir='ltr'><strong>ι</strong></span> <span class='ocrx_word' id='word_1_309' title='bbox 2699 2210 3015 2283; x_wconf 81' lang='lat' dir='ltr'><strong>Metapbora</strong></span> <span class='ocrx_word' id='word_1_310' title='bbox 3060 2220 3279 2281; x_wconf 88' lang='lat' dir='ltr'><strong>sumpta</strong></span> <span class='ocrx_word' id='word_1_311' title='bbox 3309 2211 3379 2265; x_wconf 87' lang='lat' dir='ltr'><strong>ab</strong></span> <span class='ocrx_word' id='word_1_312' title='bbox 3411 2210 3481 2265; x_wconf 90' lang='lat' dir='ltr'><strong>iis</strong></span> <span class='ocrx_word' id='word_1_313' title='bbox 3509 2212 3609 2280; x_wconf 82' lang='lat' dir='ltr'><strong>qui</strong></span> 
     </span>
    </p>
   </div>
   <div class='ocr_carea' id='block_1_41' title="bbox 2021 2300 3609 2373">
    <p class='ocr_par' dir='ltr' id='par_1_41' title="bbox 2021 2300 3609 2373">
     <span class='ocr_line' id='line_1_41' title="bbox 2021 2300 3609 2373; baseline -0.003 -15"><span class='ocrx_word' id='word_1_314' title='bbox 2021 2301 2150 2358; x_wconf 87' lang='lat' dir='ltr'><strong>belli</strong></span> <span class='ocrx_word' id='word_1_315' title='bbox 2179 2309 2428 2373; x_wconf 90' lang='lat' dir='ltr'><strong>tempore</strong></span> <span class='ocrx_word' id='word_1_316' title='bbox 2451 2312 2506 2358; x_wconf 87' lang='lat' dir='ltr'><strong>et</strong></span> <span class='ocrx_word' id='word_1_317' title='bbox 2548 2302 2856 2360; x_wconf 91' lang='lat' dir='ltr'><strong>obsidionis</strong></span> <span class='ocrx_word' id='word_1_318' title='bbox 2888 2303 3233 2359; x_wconf 85' lang='lat' dir='ltr'><strong>custodiendi</strong></span> <span class='ocrx_word' id='word_1_319' title='bbox 3283 2300 3431 2357; x_wconf 90' lang='lat' dir='ltr'><strong>muri</strong></span> <span class='ocrx_word' id='word_1_320' title='bbox 3458 2301 3609 2357; x_wconf 83' lang='lat' dir='ltr'><strong>vices</strong></span> 
     </span>
    </p>
   </div>
   <div class='ocr_carea' id='block_1_42' title="bbox 2022 2396 3605 2470">
    <p class='ocr_par' dir='ltr' id='par_1_42' title="bbox 2022 2396 3605 2470">
     <span class='ocr_line' id='line_1_42' title="bbox 2022 2396 3605 2470; baseline -0.004 -17"><span class='ocrx_word' id='word_1_321' title='bbox 2022 2397 2128 2454; x_wconf 91' lang='lat' dir='ltr'><strong>sibi</strong></span> <span class='ocrx_word' id='word_1_322' title='bbox 2147 2398 2505 2453; x_wconf 89' lang='lat' dir='ltr'><strong>distribuunt.</strong></span> <span class='ocrx_word' id='word_1_323' title='bbox 2519 2417 2537 2450; x_wconf 87' lang='grc'><strong><em>‹</em></strong></span> <span class='ocrx_word' id='word_1_324' title='bbox 2551 2398 2729 2470; x_wconf 86' lang='lat' dir='ltr'><strong>Super</strong></span> <span class='ocrx_word' id='word_1_325' title='bbox 2743 2398 3023 2465; x_wconf 87' lang='lat' dir='ltr'><strong>custodia,</strong></span> <span class='ocrx_word' id='word_1_326' title='bbox 3041 2398 3239 2469; x_wconf 89' lang='lat' dir='ltr'><strong>inquit,</strong></span> <span class='ocrx_word' id='word_1_327' title='bbox 3254 2412 3373 2453; x_wconf 90' lang='lat' dir='ltr'><strong>mea</strong></span> <span class='ocrx_word' id='word_1_328' title='bbox 3391 2396 3571 2462; x_wconf 88' lang='lat' dir='ltr'><strong>stabo;</strong></span> <span class='ocrx_word' id='word_1_329' title='bbox 3586 2415 3605 2446; x_wconf 73' lang='grc' dir='ltr'>δ</span> 
     </span>
    </p>
   </div>
   <div class='ocr_carea' id='block_1_43' title="bbox 2023 2488 3609 2561">
    <p class='ocr_par' dir='ltr' id='par_1_43' title="bbox 2023 2488 3609 2561">
     <span class='ocr_line' id='line_1_43' title="bbox 2023 2488 3609 2561; baseline 0.001 -18"><span class='ocrx_word' id='word_1_330' title='bbox 2023 2504 2125 2561; x_wconf 90' lang='lat' dir='ltr'><strong>pro</strong></span> <span class='ocrx_word' id='word_1_331' title='bbox 2154 2504 2222 2546; x_wconf 94' lang='lat' dir='ltr'><strong>eo</strong></span> <span class='ocrx_word' id='word_1_332' title='bbox 2267 2499 2329 2545; x_wconf 93' lang='lat' dir='ltr'><strong>ut</strong></span> <span class='ocrx_word' id='word_1_333' title='bbox 2371 2491 2539 2554; x_wconf 88' lang='lat' dir='ltr'><strong>dicat,</strong></span> <span class='ocrx_word' id='word_1_334' title='bbox 2576 2491 2766 2548; x_wconf 82' lang='lat' dir='ltr'><strong>Ollicio</strong></span> <span class='ocrx_word' id='word_1_335' title='bbox 2810 2506 2934 2547; x_wconf 92' lang='lat' dir='ltr'><strong>meo</strong></span> <span class='ocrx_word' id='word_1_336' title='bbox 2963 2506 3074 2546; x_wconf 89' lang='lat' dir='ltr'><strong>non</strong></span> <span class='ocrx_word' id='word_1_337' title='bbox 3109 2491 3295 2557; x_wconf 89' lang='lat' dir='ltr'><strong>deero,</strong></span> <span class='ocrx_word' id='word_1_338' title='bbox 3332 2488 3428 2547; x_wconf 89' lang='lat' dir='ltr'><strong>sed</strong></span> <span class='ocrx_word' id='word_1_339' title='bbox 3475 2490 3609 2545; x_wconf 92' lang='lat' dir='ltr'><strong>illud</strong></span> 
     </span>
    </p>
   </div>
   <div class='ocr_carea' id='block_1_44' title="bbox 2022 2581 3606 2645">
    <p class='ocr_par' dir='ltr' id='par_1_44' title="bbox 2022 2581 3606 2645">
     <span class='ocr_line' id='line_1_44' title="bbox 2022 2581 3606 2645; baseline -0.001 -7"><span class='ocrx_word' id='word_1_340' title='bbox 2022 2582 2372 2638; x_wconf 82' lang='lat' dir='ltr'><strong>observabo:</strong></span> <span class='ocrx_word' id='word_1_341' title='bbox 2408 2584 2611 2639; x_wconf 88' lang='lat' dir='ltr'><strong>etenim</strong></span> <span class='ocrx_word' id='word_1_342' title='bbox 2668 2583 2827 2640; x_wconf 81' lang='lat' dir='ltr'><strong>valde</strong></span> <span class='ocrx_word' id='word_1_343' title='bbox 2873 2590 3051 2638; x_wconf 91' lang='lat' dir='ltr'><strong>tutum</strong></span> <span class='ocrx_word' id='word_1_344' title='bbox 3105 2598 3194 2639; x_wconf 90' lang='lat' dir='ltr'><strong>me</strong></span> <span class='ocrx_word' id='word_1_345' title='bbox 3255 2581 3606 2645; x_wconf 78' lang='lat' dir='ltr'><strong>existimabo,</strong></span> 
     </span>
    </p>
   </div>
   <div class='ocr_carea' id='block_1_45' title="bbox 2025 2673 3608 2747">
    <p class='ocr_par' dir='ltr' id='par_1_45' title="bbox 2025 2673 3608 2747">
     <span class='ocr_line' id='line_1_45' title="bbox 2025 2673 3608 2747; baseline -0.001 -17"><span class='ocrx_word' id='word_1_346' title='bbox 2025 2673 2072 2730; x_wconf 91' lang='lat' dir='ltr'><strong>si</strong></span> <span class='ocrx_word' id='word_1_347' title='bbox 2104 2673 2179 2728; x_wconf 87' lang='lat' dir='ltr'><strong>ita</strong></span> <span class='ocrx_word' id='word_1_348' title='bbox 2205 2688 2292 2730; x_wconf 90' lang='lat' dir='ltr'><strong>me</strong></span> <span class='ocrx_word' id='word_1_349' title='bbox 2340 2689 2541 2744; x_wconf 79' lang='lat' dir='ltr'><strong>geram.</strong></span> <span class='ocrx_word' id='word_1_350' title='bbox 2591 2677 2768 2746; x_wconf 83' lang='lat' dir='ltr'><strong>Atque</strong></span> <span class='ocrx_word' id='word_1_351' title='bbox 2815 2675 2996 2743; x_wconf 81' lang='lat' dir='ltr'><strong>adhuc</strong></span> <span class='ocrx_word' id='word_1_352' title='bbox 3043 2676 3290 2747; x_wconf 82' lang='lat' dir='ltr'><strong>apertius</strong></span> <span class='ocrx_word' id='word_1_353' title='bbox 3324 2675 3489 2746; x_wconf 77' lang='lat'><strong>238</strong></span> <span class='ocrx_word' id='word_1_354' title='bbox 3522 2675 3608 2729; x_wconf 77' lang='lat' dir='ltr'><strong>lo—</strong></span> 
     </span>
    </p>
   </div>
   <div class='ocr_carea' id='block_1_46' title="bbox 2025 2764 3610 2838">
    <p class='ocr_par' dir='ltr' id='par_1_46' title="bbox 2025 2764 3610 2838">
     <span class='ocr_line' id='line_1_46' title="bbox 2025 2764 3610 2838; baseline 0 -18"><span class='ocrx_word' id='word_1_355' title='bbox 2025 2779 2226 2837; x_wconf 88' lang='lat' dir='ltr'><strong>quens,</strong></span> <span class='ocrx_word' id='word_1_356' title='bbox 2265 2782 2284 2817; x_wconf 86' lang='grc' dir='ltr'><strong>ι</strong></span> <span class='ocrx_word' id='word_1_357' title='bbox 2326 2764 2392 2819; x_wconf 87' lang='lat' dir='ltr'><strong>Et</strong></span> <span class='ocrx_word' id='word_1_358' title='bbox 2436 2767 2873 2838; x_wconf 86' lang='lat' dir='ltr'><strong>contetnplabor,</strong></span> <span class='ocrx_word' id='word_1_359' title='bbox 2903 2768 3102 2838; x_wconf 88' lang='lat' dir='ltr'><strong>inquit,</strong></span> <span class='ocrx_word' id='word_1_360' title='bbox 3133 2776 3193 2822; x_wconf 91' lang='lat' dir='ltr'><strong>ut</strong></span> <span class='ocrx_word' id='word_1_361' title='bbox 3236 2766 3445 2822; x_wconf 88' lang='lat' dir='ltr'><strong>videam</strong></span> <span class='ocrx_word' id='word_1_362' title='bbox 3475 2765 3610 2837; x_wconf 84' lang='lat' dir='ltr'><strong>quid</strong></span> 
     </span>
    </p>
   </div>
   <div class='ocr_carea' id='block_1_47' title="bbox 2026 2857 3613 2930">
    <p class='ocr_par' dir='ltr' id='par_1_47' title="bbox 2026 2857 3613 2930">
     <span class='ocr_line' id='line_1_47' title="bbox 2026 2857 3613 2930; baseline -0.001 -18"><span class='ocrx_word' id='word_1_363' title='bbox 2026 2857 2084 2912; x_wconf 90' lang='lat' dir='ltr'><strong>in</strong></span> <span class='ocrx_word' id='word_1_364' title='bbox 2113 2873 2201 2915; x_wconf 91' lang='lat' dir='ltr'><strong>me</strong></span> <span class='ocrx_word' id='word_1_365' title='bbox 2222 2857 2503 2929; x_wconf 88' lang='lat' dir='ltr'><strong>loquatur,</strong></span> <span class='ocrx_word' id='word_1_366' title='bbox 2544 2870 2597 2915; x_wconf 92' lang='lat' dir='ltr'><strong>et</strong></span> <span class='ocrx_word' id='word_1_367' title='bbox 2629 2858 2763 2930; x_wconf 85' lang='lat' dir='ltr'><strong>quid</strong></span> <span class='ocrx_word' id='word_1_368' title='bbox 2792 2858 3153 2929; x_wconf 87' lang='lat' dir='ltr'><strong>respondeam</strong></span> <span class='ocrx_word' id='word_1_369' title='bbox 3188 2857 3256 2915; x_wconf 91' lang='lat' dir='ltr'><strong>ad</strong></span> <span class='ocrx_word' id='word_1_370' title='bbox 3304 2858 3613 2930; x_wconf 83' lang='lat' dir='ltr'><strong>correptio-</strong></span> 
     </span>
    </p>
   </div>
   <div class='ocr_carea' id='block_1_48' title="bbox 2028 2950 3610 3009">
    <p class='ocr_par' dir='ltr' id='par_1_48' title="bbox 2028 2950 3610 3009">
     <span class='ocr_line' id='line_1_48' title="bbox 2028 2950 3610 3009; baseline 0 -2"><span class='ocrx_word' id='word_1_371' title='bbox 2028 2965 2152 3007; x_wconf 89' lang='lat' dir='ltr'><strong>nem</strong></span> <span class='ocrx_word' id='word_1_372' title='bbox 2182 2966 2415 3008; x_wconf 64' lang='lat' dir='ltr'><strong>meam.»</strong></span> <span class='ocrx_word' id='word_1_373' title='bbox 2432 2950 2627 3007; x_wconf 87' lang='lat' dir='ltr'><strong>Dicere</strong></span> <span class='ocrx_word' id='word_1_374' title='bbox 2649 2952 2765 3007; x_wconf 84' lang='lat' dir='ltr'><strong>vult</strong></span> <span class='ocrx_word' id='word_1_375' title='bbox 2812 2951 2975 3008; x_wconf 79' lang='lat' dir='ltr'><strong>otiicii</strong></span> <span class='ocrx_word' id='word_1_376' title='bbox 2999 2967 3124 3009; x_wconf 87' lang='lat' dir='ltr'><strong>esse</strong></span> <span class='ocrx_word' id='word_1_377' title='bbox 3148 2953 3325 3008; x_wconf 90' lang='lat' dir='ltr'><strong>nostri</strong></span> <span class='ocrx_word' id='word_1_378' title='bbox 3349 2951 3417 3006; x_wconf 85' lang='lat' dir='ltr'><strong>ad</strong></span> <span class='ocrx_word' id='word_1_379' title='bbox 3440 2950 3610 3007; x_wconf 83' lang='lat' dir='ltr'><strong>Deum</strong></span> 
     </span>
    </p>
   </div>
   <div class='ocr_carea' id='block_1_49' title="bbox 2029 3043 3611 3116">
    <p class='ocr_par' dir='ltr' id='par_1_49' title="bbox 2029 3043 3611 3116">
     <span class='ocr_line' id='line_1_49' title="bbox 2029 3043 3611 3116; baseline 0.001 -18"><span class='ocrx_word' id='word_1_380' title='bbox 2029 3043 2342 3115; x_wconf 85' lang='lat' dir='ltr'><strong>respicere.</strong></span> <span class='ocrx_word' id='word_1_381' title='bbox 2373 3053 2429 3100; x_wconf 91' lang='lat' dir='ltr'><strong>et</strong></span> <span class='ocrx_word' id='word_1_382' title='bbox 2469 3060 2591 3116; x_wconf 71' lang='lat' dir='ltr'><strong>qua:</strong></span> <span class='ocrx_word' id='word_1_383' title='bbox 2637 3044 2764 3101; x_wconf 83' lang='lat' dir='ltr'><strong>inde</strong></span> <span class='ocrx_word' id='word_1_384' title='bbox 2813 3044 3070 3100; x_wconf 82' lang='lat' dir='ltr'><strong>accidunt</strong></span> <span class='ocrx_word' id='word_1_385' title='bbox 3113 3052 3165 3100; x_wconf 87' lang='lat' dir='ltr'><strong>et</strong></span> <span class='ocrx_word' id='word_1_386' title='bbox 3216 3043 3611 3109; x_wconf 87' lang='lat' dir='ltr'><strong>ostenduntur.</strong></span> 
     </span>
    </p>
   </div>
   <div class='ocr_carea' id='block_1_50' title="bbox 2028 3136 3611 3209">
    <p class='ocr_par' dir='ltr' id='par_1_50' title="bbox 2028 3136 3611 3209">
     <span class='ocr_line' id='line_1_50' title="bbox 2028 3136 3611 3209; baseline 0.001 -17"><span class='ocrx_word' id='word_1_387' title='bbox 2028 3136 2308 3208; x_wconf 78' lang='lat' dir='ltr'><strong>excipere.</strong></span> <span class='ocrx_word' id='word_1_388' title='bbox 2339 3136 2481 3193; x_wconf 86' lang='lat' dir='ltr'><strong>Hinc</strong></span> <span class='ocrx_word' id='word_1_389' title='bbox 2509 3137 2655 3193; x_wconf 91' lang='lat' dir='ltr'><strong>enim</strong></span> <span class='ocrx_word' id='word_1_390' title='bbox 2687 3137 2820 3193; x_wconf 85' lang='lat' dir='ltr'><strong>mihi</strong></span> <span class='ocrx_word' id='word_1_391' title='bbox 2849 3138 3147 3209; x_wconf 89' lang='lat' dir='ltr'><strong>plurimum</strong></span> <span class='ocrx_word' id='word_1_392' title='bbox 3189 3145 3438 3193; x_wconf 88' lang='lat' dir='ltr'><strong>tutamen</strong></span> <span class='ocrx_word' id='word_1_393' title='bbox 3485 3139 3611 3194; x_wconf 89' lang='lat' dir='ltr'><strong>erit.</strong></span> 
     </span>
    </p>
   </div>
   <div class='ocr_carea' id='block_1_51' title="bbox 307 2673 1913 2758">
    <p class='ocr_par' dir='ltr' id='par_1_51' title="bbox 307 2673 1913 2758">
     <span class='ocr_line' id='line_1_51' title="bbox 307 2673 1913 2758; baseline 0.009 -32"><span class='ocrx_word' id='word_1_394' title='bbox 307 2691 382 2742; x_wconf 81' lang='grc' dir='ltr'><strong>γε</strong></span> <span class='ocrx_word' id='word_1_395' title='bbox 431 2673 666 2747; x_wconf 82' lang='grc' dir='ltr'><strong>πλείστῃ</strong></span> <span class='ocrx_word' id='word_1_396' title='bbox 710 2678 1042 2735; x_wconf 85' lang='grc' dir='ltr'><strong>καθεστάναι</strong></span> <span class='ocrx_word' id='word_1_397' title='bbox 1092 2681 1330 2754; x_wconf 79' lang='grc' dir='ltr'><strong>νομίζων</strong></span> <span class='ocrx_word' id='word_1_398' title='bbox 1384 2686 1434 2738; x_wconf 87' lang='grc' dir='ltr'><strong>εί</strong></span> <span class='ocrx_word' id='word_1_399' title='bbox 1477 2683 1651 2738; x_wconf 90' lang='grc' dir='ltr'><strong>ταῦτα</strong></span> <span class='ocrx_word' id='word_1_400' title='bbox 1679 2687 1913 2758; x_wconf 84' lang='grc' dir='ltr'><strong>ποιοίην.</strong></span> 
     </span>
    </p>
   </div>
   <div class='ocr_carea' id='block_1_52' title="bbox 308 2766 1916 2843">
    <p class='ocr_par' dir='ltr' id='par_1_52' title="bbox 308 2766 1916 2843">
     <span class='ocr_line' id='line_1_52' title="bbox 308 2766 1916 2843; baseline 0.008 -24"><span class='ocrx_word' id='word_1_401' title='bbox 308 2766 441 2820; x_wconf 77' lang='grc' dir='ltr'><strong>Καὶ</strong></span> <span class='ocrx_word' id='word_1_402' title='bbox 460 2767 801 2842; x_wconf 80' lang='grc' dir='ltr'><strong>σαφέστερον</strong></span> <span class='ocrx_word' id='word_1_403' title='bbox 833 2772 1001 2827; x_wconf 88' lang='grc' dir='ltr'><strong>ποιῶν</strong></span> <span class='ocrx_word' id='word_1_404' title='bbox 1034 2774 1062 2828; x_wconf 82' lang='grc' dir='ltr'>ὃ</span> <span class='ocrx_word' id='word_1_405' title='bbox 1095 2773 1243 2843; x_wconf 82' lang='grc' dir='ltr'><strong>λέγει</strong></span> <span class='ocrx_word' id='word_1_406' title='bbox 1270 2791 1283 2804; x_wconf 80' lang='lat'><strong><em>°</em></strong></span> <span class='ocrx_word' id='word_1_407' title='bbox 1322 2793 1340 2827; x_wconf 82' lang='grc' dir='ltr'><strong>ι</strong></span> <span class='ocrx_word' id='word_1_408' title='bbox 1371 2775 1483 2830; x_wconf 75' lang='grc' dir='ltr'><strong>Καὶ</strong></span> <span class='ocrx_word' id='word_1_409' title='bbox 1511 2776 1801 2831; x_wconf 86' lang='grc' dir='ltr'><strong>σκοπεύσω</strong></span> <span class='ocrx_word' id='word_1_410' title='bbox 1820 2778 1916 2832; x_wconf 91' lang='grc' dir='ltr'><strong>τοῦ</strong></span> 
     </span>
    </p>
   </div>
   <div class='ocr_carea' id='block_1_53' title="bbox 311 2858 1920 2938">
    <p class='ocr_par' dir='ltr' id='par_1_53' title="bbox 311 2858 1920 2938">
     <span class='ocr_line' id='line_1_53' title="bbox 311 2858 1920 2938; baseline 0.008 -26"><span class='ocrx_word' id='word_1_411' title='bbox 311 2858 460 2912; x_wconf 79' lang='grc' dir='ltr'><strong>ίδεῖν</strong></span> <span class='ocrx_word' id='word_1_412' title='bbox 487 2858 544 2912; x_wconf 89' lang='grc' dir='ltr'><strong>τί</strong></span> <span class='ocrx_word' id='word_1_413' title='bbox 567 2858 790 2933; x_wconf 87' lang='grc' dir='ltr'><strong>λαλήσει</strong></span> <span class='ocrx_word' id='word_1_414' title='bbox 826 2865 886 2917; x_wconf 86' lang='grc' dir='ltr'><strong>ἐν</strong></span> <span class='ocrx_word' id='word_1_415' title='bbox 937 2865 1096 2936; x_wconf 73' lang='grc' dir='ltr'><strong>ἐμοὶ,</strong></span> <span class='ocrx_word' id='word_1_416' title='bbox 1141 2866 1238 2921; x_wconf 78' lang='grc' dir='ltr'><strong>καὶ</strong></span> <span class='ocrx_word' id='word_1_417' title='bbox 1285 2867 1337 2921; x_wconf 88' lang='grc' dir='ltr'><strong>τί</strong></span> <span class='ocrx_word' id='word_1_418' title='bbox 1378 2868 1663 2938; x_wconf 81' lang='grc' dir='ltr'><strong>ἀποκριθῶ</strong></span> <span class='ocrx_word' id='word_1_419' title='bbox 1694 2870 1787 2923; x_wconf 76' lang='grc' dir='ltr'><strong>ἐπὶ</strong></span> <span class='ocrx_word' id='word_1_420' title='bbox 1826 2869 1920 2925; x_wconf 82' lang='grc' dir='ltr'><strong>τὸν</strong></span> 
     </span>
    </p>
   </div>
   <div class='ocr_carea' id='block_1_54' title="bbox 304 2948 1920 3031">
    <p class='ocr_par' dir='ltr' id='par_1_54' title="bbox 304 2948 1920 3031">
     <span class='ocr_line' id='line_1_54' title="bbox 304 2948 1920 3031; baseline 0.008 -30"><span class='ocrx_word' id='word_1_421' title='bbox 304 2948 554 3020; x_wconf 76' lang='grc' dir='ltr'><strong>ἐλεγχόν</strong></span> <span class='ocrx_word' id='word_1_422' title='bbox 580 2967 701 3020; x_wconf 89' lang='grc' dir='ltr'><strong>μου.</strong></span> <span class='ocrx_word' id='word_1_423' title='bbox 717 2971 735 3004; x_wconf 73' lang='grc' dir='ltr'><strong>ι</strong></span> <span class='ocrx_word' id='word_1_424' title='bbox 763 2953 1021 3008; x_wconf 88' lang='grc' dir='ltr'><strong>Βούλεται</strong></span> <span class='ocrx_word' id='word_1_425' title='bbox 1050 2956 1225 3009; x_wconf 82' lang='grc' dir='ltr'><strong>εἰπεῖν</strong></span> <span class='ocrx_word' id='word_1_426' title='bbox 1248 2957 1351 3023; x_wconf 85' lang='grc' dir='ltr'><strong>ὅτι,</strong></span> <span class='ocrx_word' id='word_1_427' title='bbox 1375 2957 1575 3029; x_wconf 88' lang='grc' dir='ltr'><strong>Ἔργον</strong></span> <span class='ocrx_word' id='word_1_428' title='bbox 1598 2957 1756 3031; x_wconf 89' lang='grc' dir='ltr'><strong>ήμῶν</strong></span> <span class='ocrx_word' id='word_1_429' title='bbox 1782 2959 1920 3031; x_wconf 82' lang='grc' dir='ltr'><strong>πρὸς</strong></span> 
     </span>
    </p>
   </div>
   <div class='ocr_carea' id='block_1_55' title="bbox 304 3040 1923 3121">
    <p class='ocr_par' dir='ltr' id='par_1_55' title="bbox 304 3040 1923 3121">
     <span class='ocr_line' id='line_1_55' title="bbox 304 3040 1923 3121; baseline 0.009 -28"><span class='ocrx_word' id='word_1_430' title='bbox 304 3040 415 3094; x_wconf 75' lang='grc' dir='ltr'><strong>τὸν</strong></span> <span class='ocrx_word' id='word_1_431' title='bbox 455 3040 592 3094; x_wconf 82' lang='grc' dir='ltr'><strong>Θεὸν</strong></span> <span class='ocrx_word' id='word_1_432' title='bbox 622 3043 834 3116; x_wconf 81' lang='grc' dir='ltr'><strong>ἀφορᾷν</strong></span> <span class='ocrx_word' id='word_1_433' title='bbox 858 3089 873 3113; x_wconf 90' lang='grc'><strong>,</strong></span> <span class='ocrx_word' id='word_1_434' title='bbox 910 3046 1006 3100; x_wconf 78' lang='grc' dir='ltr'><strong>καὶ</strong></span> <span class='ocrx_word' id='word_1_435' title='bbox 1050 3046 1119 3101; x_wconf 85' lang='grc' dir='ltr'><strong>τὰ</strong></span> <span class='ocrx_word' id='word_1_436' title='bbox 1167 3048 1377 3102; x_wconf 86' lang='grc' dir='ltr'><strong>ἐκεῖθεν</strong></span> <span class='ocrx_word' id='word_1_437' title='bbox 1425 3049 1687 3121; x_wconf 85' lang='grc' dir='ltr'><strong>γινόμενά</strong></span> <span class='ocrx_word' id='word_1_438' title='bbox 1721 3067 1780 3104; x_wconf 89' lang='grc' dir='ltr'><strong>τε</strong></span> <span class='ocrx_word' id='word_1_439' title='bbox 1829 3053 1923 3107; x_wconf 79' lang='grc' dir='ltr'><strong>καὶ</strong></span> 
     </span>
    </p>
   </div>
   <div class='ocr_carea' id='block_1_56' title="bbox 302 3132 1922 3212">
    <p class='ocr_par' dir='ltr' id='par_1_56' title="bbox 302 3132 1922 3212">
     <span class='ocr_line' id='line_1_56' title="bbox 302 3132 1922 3212; baseline 0.007 -25"><span class='ocrx_word' id='word_1_440' title='bbox 302 3132 659 3205; x_wconf 80' lang='grc' dir='ltr'><strong>δεικνύμενα</strong></span> <span class='ocrx_word' id='word_1_441' title='bbox 682 3135 957 3208; x_wconf 77' lang='grc' dir='ltr'><strong>δέχεσθαι,</strong></span> <span class='ocrx_word' id='word_1_442' title='bbox 993 3137 1245 3195; x_wconf 89' lang='grc' dir='ltr'><strong>ἐντεῦθεν</strong></span> <span class='ocrx_word' id='word_1_443' title='bbox 1274 3139 1384 3212; x_wconf 91' lang='grc' dir='ltr'><strong>γάρ</strong></span> <span class='ocrx_word' id='word_1_444' title='bbox 1412 3156 1502 3211; x_wconf 88' lang='grc' dir='ltr'><strong>μοι</strong></span> <span class='ocrx_word' id='word_1_445' title='bbox 1528 3140 1626 3195; x_wconf 79' lang='grc' dir='ltr'><strong>καὶ</strong></span> <span class='ocrx_word' id='word_1_446' title='bbox 1650 3142 1922 3212; x_wconf 85' lang='grc' dir='ltr'><strong>ἀσφάλεια</strong></span> 
     </span>
    </p>
   </div>
   <div class='ocr_carea' id='block_1_57' title="bbox 307 3221 1920 3304">
    <p class='ocr_par' dir='ltr' id='par_1_57' title="bbox 307 3221 1920 3304">
     <span class='ocr_line' id='line_1_57' title="bbox 307 3221 1920 3304; baseline 0.006 -27"><span class='ocrx_word' id='word_1_447' title='bbox 307 3221 565 3294; x_wconf 83' lang='grc' dir='ltr'><strong>πλείστη</strong></span> <span class='ocrx_word' id='word_1_448' title='bbox 591 3224 909 3295; x_wconf 84' lang='grc' dir='ltr'><strong>προσέσται.</strong></span> <span class='ocrx_word' id='word_1_449' title='bbox 938 3228 1189 3299; x_wconf 89' lang='grc' dir='ltr'><strong>Διαμενῶ</strong></span> <span class='ocrx_word' id='word_1_450' title='bbox 1226 3229 1430 3295; x_wconf 87' lang='grc' dir='ltr'><strong>τοίνυν,</strong></span> <span class='ocrx_word' id='word_1_451' title='bbox 1468 3230 1634 3301; x_wconf 76' lang='grc' dir='ltr'><strong>φησὶν</strong></span> <span class='ocrx_word' id='word_1_452' title='bbox 1657 3270 1673 3296; x_wconf 88' lang='grc'><strong>,</strong></span> <span class='ocrx_word' id='word_1_453' title='bbox 1700 3232 1920 3304; x_wconf 84' lang='grc' dir='ltr'><strong>ἀφορῶν</strong></span> 
     </span>
    </p>
   </div>
   <div class='ocr_carea' id='block_1_58' title="bbox 2024 3221 3613 3304">
    <p class='ocr_par' dir='ltr' id='par_1_58' title="bbox 2030 3227 3613 3301">
     <span class='ocr_line' id='line_1_58' title="bbox 2030 3227 3613 3301; baseline 0 -18"><span class='ocrx_word' id='word_1_454' title='bbox 2030 3227 2406 3286; x_wconf 82' lang='lat' dir='ltr'><strong>Perseverabo</strong></span> <span class='ocrx_word' id='word_1_455' title='bbox 2443 3229 2630 3301; x_wconf 87' lang='lat' dir='ltr'><strong>itaque</strong></span> <span class='ocrx_word' id='word_1_456' title='bbox 2675 3239 2949 3301; x_wconf 85' lang='lat' dir='ltr'><strong>spectans.</strong></span> <span class='ocrx_word' id='word_1_457' title='bbox 2979 3229 3114 3300; x_wconf 91' lang='lat' dir='ltr'><strong>quid</strong></span> <span class='ocrx_word' id='word_1_458' title='bbox 3150 3228 3288 3285; x_wconf 81' lang='lat' dir='ltr'><strong>forte</strong></span> <span class='ocrx_word' id='word_1_459' title='bbox 3338 3228 3480 3285; x_wconf 86' lang='lat' dir='ltr'><strong>Deus</strong></span> <span class='ocrx_word' id='word_1_460' title='bbox 3511 3229 3613 3283; x_wconf 90' lang='lat' dir='ltr'><strong>ali-</strong></span> 
     </span>
    </p>
   </div>
   <div class='ocr_carea' id='block_1_59' title="bbox 301 3313 1920 3393">
    <p class='ocr_par' dir='ltr' id='par_1_59' title="bbox 301 3313 1920 3391">
     <span class='ocr_line' id='line_1_59' title="bbox 301 3313 1920 3391; baseline 0.007 -25"><span class='ocrx_word' id='word_1_461' title='bbox 301 3313 366 3367; x_wconf 85' lang='grc' dir='ltr'><strong>τί</strong></span> <span class='ocrx_word' id='word_1_462' title='bbox 420 3330 561 3367; x_wconf 77' lang='grc' dir='ltr'><strong>ποτε</strong></span> <span class='ocrx_word' id='word_1_463' title='bbox 584 3314 693 3387; x_wconf 77' lang='grc' dir='ltr'><strong>ἄρα</strong></span> <span class='ocrx_word' id='word_1_464' title='bbox 721 3318 853 3388; x_wconf 75' lang='grc' dir='ltr'><strong>περὶ</strong></span> <span class='ocrx_word' id='word_1_465' title='bbox 890 3317 1001 3372; x_wconf 87' lang='grc' dir='ltr'><strong>τῶν</strong></span> <span class='ocrx_word' id='word_1_466' title='bbox 1037 3320 1339 3390; x_wconf 82' lang='grc' dir='ltr'><strong>γινομένων</strong></span> <span class='ocrx_word' id='word_1_467' title='bbox 1375 3321 1736 3391; x_wconf 81' lang='grc' dir='ltr'><strong>ἀποφαίνεται</strong></span> <span class='ocrx_word' id='word_1_468' title='bbox 1765 3324 1920 3390; x_wconf 81' lang='grc' dir='ltr'><strong>Θεὸς,</strong></span> 
     </span>
    </p>
   </div>
   <div class='ocr_carea' id='block_1_60' title="bbox 2024 3313 3615 3393">
    <p class='ocr_par' dir='ltr' id='par_1_60' title="bbox 2030 3319 3615 3393">
     <span class='ocr_line' id='line_1_60' title="bbox 2030 3319 3615 3393; baseline 0.002 -19"><span class='ocrx_word' id='word_1_469' title='bbox 2030 3319 2255 3391; x_wconf 86' lang='lat' dir='ltr'><strong>quando</strong></span> <span class='ocrx_word' id='word_1_470' title='bbox 2278 3319 2345 3377; x_wconf 89' lang='lat' dir='ltr'><strong>de</strong></span> <span class='ocrx_word' id='word_1_471' title='bbox 2378 3336 2561 3377; x_wconf 88' lang='lat' dir='ltr'><strong>rerum</strong></span> <span class='ocrx_word' id='word_1_472' title='bbox 2590 3331 2788 3376; x_wconf 90' lang='lat' dir='ltr'><strong>eventu</strong></span> <span class='ocrx_word' id='word_1_473' title='bbox 2843 3322 3068 3386; x_wconf 90' lang='lat' dir='ltr'><strong>revelet,</strong></span> <span class='ocrx_word' id='word_1_474' title='bbox 3105 3331 3163 3376; x_wconf 89' lang='lat' dir='ltr'><strong>ut</strong></span> <span class='ocrx_word' id='word_1_475' title='bbox 3212 3321 3316 3377; x_wconf 85' lang='lat' dir='ltr'><strong>hoc</strong></span> <span class='ocrx_word' id='word_1_476' title='bbox 3372 3320 3615 3393; x_wconf 83' lang='lat' dir='ltr'><strong>cognito.</strong></span> 
     </span>
    </p>
   </div>
   <div class='ocr_carea' id='block_1_61' title="bbox 292 3389 1920 3484">
    <p class='ocr_par' dir='ltr' id='par_1_61' title="bbox 292 3389 1920 3484">
     <span class='ocr_line' id='line_1_61' title="bbox 292 3389 1920 3484; baseline 0.006 -25"><span class='ocrx_word' id='word_1_477' title='bbox 292 3407 392 3472; x_wconf 76' lang='grc' dir='ltr'><strong>ὡς</strong></span> <span class='ocrx_word' id='word_1_478' title='bbox 429 3404 505 3461; x_wconf 77' lang='grc' dir='ltr'><strong>ἂν</strong></span> <span class='ocrx_word' id='word_1_479' title='bbox 532 3405 707 3461; x_wconf 84' lang='grc' dir='ltr'><strong>ταῦτα</strong></span> <span class='ocrx_word' id='word_1_480' title='bbox 744 3408 934 3480; x_wconf 89' lang='grc' dir='ltr'><strong>μαθὼν</strong></span> <span class='ocrx_word' id='word_1_481' title='bbox 965 3389 1352 3484; x_wconf 86' lang='grc' dir='ltr'><strong>ἀποκρίνωμαι</strong></span> <span class='ocrx_word' id='word_1_482' title='bbox 1384 3413 1480 3467; x_wconf 75' lang='grc' dir='ltr'><strong>καὶ</strong></span> <span class='ocrx_word' id='word_1_483' title='bbox 1499 3389 1681 3479; x_wconf 31' lang='grc' dir='ltr'><strong>-αὒτὺς</strong></span> <span class='ocrx_word' id='word_1_484' title='bbox 1724 3414 1793 3469; x_wconf 84' lang='grc' dir='ltr'><strong>τά</strong></span> <span class='ocrx_word' id='word_1_485' title='bbox 1818 3389 1920 3469; x_wconf 54' lang='grc' dir='ltr'><strong>δειέ</strong></span> 
     </span>
    </p>
   </div>
   <div class='ocr_carea' id='block_1_62' title="bbox 2024 3389 3619 3484">
    <p class='ocr_par' dir='ltr' id='par_1_62' title="bbox 2029 3389 3619 3484">
     <span class='ocr_line' id='line_1_62' title="bbox 2029 3389 3619 3484; baseline -0.002 -16"><span class='ocrx_word' id='word_1_486' title='bbox 2029 3389 2341 3468; x_wconf 79' lang='lat' dir='ltr'><strong>renuntiem</strong></span> <span class='ocrx_word' id='word_1_487' title='bbox 2394 3428 2498 3484; x_wconf 89' lang='lat' dir='ltr'><strong>ego</strong></span> <span class='ocrx_word' id='word_1_488' title='bbox 2528 3428 2748 3484; x_wconf 89' lang='lat' dir='ltr'><strong>quoque</strong></span> <span class='ocrx_word' id='word_1_489' title='bbox 2776 3414 2979 3484; x_wconf 91' lang='lat' dir='ltr'><strong>popqu</strong></span> <span class='ocrx_word' id='word_1_490' title='bbox 3026 3421 3244 3469; x_wconf 85' lang='lat' dir='ltr'><strong>ostenta</strong></span> <span class='ocrx_word' id='word_1_491' title='bbox 3291 3389 3524 3468; x_wconf 60' lang='lat' dir='ltr'><strong>:zlihiad</strong></span> <span class='ocrx_word' id='word_1_492' title='bbox 3552 3411 3619 3465; x_wconf 90' lang='lat' dir='ltr'><strong>il-</strong></span> 
     </span>
    </p>
   </div>
   <div class='ocr_carea' id='block_1_63' title="bbox 306 3498 1920 3580">
    <p class='ocr_par' dir='ltr' id='par_1_63' title="bbox 306 3498 1920 3580">
     <span class='ocr_line' id='line_1_63' title="bbox 306 3498 1920 3580; baseline 0.005 -27"><span class='ocrx_word' id='word_1_493' title='bbox 306 3498 581 3571; x_wconf 83' lang='grc' dir='ltr'><strong>κνύμενα</strong></span> <span class='ocrx_word' id='word_1_494' title='bbox 606 3500 685 3572; x_wconf 84' lang='grc' dir='ltr'><strong>τῷ</strong></span> <span class='ocrx_word' id='word_1_495' title='bbox 713 3499 830 3573; x_wconf 88' lang='grc' dir='ltr'><strong>λαῷ</strong></span> <span class='ocrx_word' id='word_1_496' title='bbox 857 3504 937 3569; x_wconf 82' lang='grc' dir='ltr'><strong>είς</strong></span> <span class='ocrx_word' id='word_1_497' title='bbox 966 3502 1188 3576; x_wconf 80' lang='grc' dir='ltr'><strong>ἐλεγχόν</strong></span> <span class='ocrx_word' id='word_1_498' title='bbox 1221 3522 1283 3558; x_wconf 87' lang='grc' dir='ltr'><strong>τε</strong></span> <span class='ocrx_word' id='word_1_499' title='bbox 1315 3505 1496 3562; x_wconf 81' lang='grc' dir='ltr'><strong>αὐτῶν</strong></span> <span class='ocrx_word' id='word_1_500' title='bbox 1525 3507 1673 3578; x_wconf 85' lang='grc' dir='ltr'><strong>ἑξῆς.</strong></span> <span class='ocrx_word' id='word_1_501' title='bbox 1714 3507 1920 3580; x_wconf 81' lang='grc' dir='ltr'><strong>’Ὥσπερ</strong></span> 
     </span>
    </p>
   </div>
   <div class='ocr_carea' id='block_1_64' title="bbox 2024 3498 3620 3580">
    <p class='ocr_par' dir='ltr' id='par_1_64' title="bbox 2026 3502 3620 3576">
     <span class='ocr_line' id='line_1_64' title="bbox 2026 3502 3620 3576; baseline 0 -16"><span class='ocrx_word' id='word_1_502' title='bbox 2026 3505 2135 3561; x_wconf 90' lang='lat' dir='ltr'><strong>lius</strong></span> <span class='ocrx_word' id='word_1_503' title='bbox 2180 3503 2422 3560; x_wconf 80' lang='lat' dir='ltr'><strong>futuram</strong></span> <span class='ocrx_word' id='word_1_504' title='bbox 2459 3505 2882 3576; x_wconf 83' lang='lat' dir='ltr'><strong>correptionem.</strong></span> <span class='ocrx_word' id='word_1_505' title='bbox 2922 3502 3079 3558; x_wconf 89' lang='lat' dir='ltr'><strong>Sient</strong></span> <span class='ocrx_word' id='word_1_506' title='bbox 3129 3515 3310 3558; x_wconf 90' lang='lat' dir='ltr'><strong>autem</strong></span> <span class='ocrx_word' id='word_1_507' title='bbox 3362 3503 3416 3558; x_wconf 92' lang='lat' dir='ltr'><strong>in</strong></span> <span class='ocrx_word' id='word_1_508' title='bbox 3453 3518 3620 3570; x_wconf 66' lang='lat' dir='ltr'><strong>sure--</strong></span> 
     </span>
    </p>
   </div>
   <div class='ocr_carea' id='block_1_65' title="bbox 304 3593 1920 3674">
    <p class='ocr_par' dir='ltr' id='par_1_65' title="bbox 304 3593 1920 3674">
     <span class='ocr_line' id='line_1_65' title="bbox 304 3593 1920 3674; baseline 0.006 -27"><span class='ocrx_word' id='word_1_509' title='bbox 304 3593 372 3647; x_wconf 67' lang='lat' dir='ltr'><strong>se</strong></span> <span class='ocrx_word' id='word_1_510' title='bbox 400 3594 472 3645; x_wconf 81' lang='grc' dir='ltr'><strong>ὲν</strong></span> <span class='ocrx_word' id='word_1_511' title='bbox 496 3595 612 3654; x_wconf 81' lang='grc' dir='ltr'><strong>τοῖς</strong></span> <span class='ocrx_word' id='word_1_512' title='bbox 640 3594 939 3667; x_wconf 88' lang='grc' dir='ltr'><strong>ἀνωτέροις</strong></span> <span class='ocrx_word' id='word_1_513' title='bbox 958 3596 1071 3651; x_wconf 89' lang='grc' dir='ltr'><strong>τῶν</strong></span> <span class='ocrx_word' id='word_1_514' title='bbox 1098 3598 1157 3651; x_wconf 90' lang='grc' dir='ltr'><strong>ἐν</strong></span> <span class='ocrx_word' id='word_1_515' title='bbox 1177 3598 1256 3671; x_wconf 85' lang='grc' dir='ltr'><strong>τῷ</strong></span> <span class='ocrx_word' id='word_1_516' title='bbox 1280 3598 1396 3670; x_wconf 91' lang='grc' dir='ltr'><strong>λαῷ</strong></span> <span class='ocrx_word' id='word_1_517' title='bbox 1417 3599 1517 3664; x_wconf 90' lang='grc' dir='ltr'><strong>τάς</strong></span> <span class='ocrx_word' id='word_1_518' title='bbox 1539 3600 1920 3674; x_wconf 86' lang='grc' dir='ltr'><strong>πλημμελείας</strong></span> 
     </span>
    </p>
   </div>
   <div class='ocr_carea' id='block_1_66' title="bbox 2024 3593 3619 3674">
    <p class='ocr_par' dir='ltr' id='par_1_66' title="bbox 2026 3595 3619 3667">
     <span class='ocr_line' id='line_1_66' title="bbox 2026 3595 3619 3667; baseline 0.001 -17"><span class='ocrx_word' id='word_1_519' title='bbox 2026 3597 2293 3662; x_wconf 87' lang='lat' dir='ltr'><strong>rioribus,</strong></span> <span class='ocrx_word' id='word_1_520' title='bbox 2329 3604 2623 3667; x_wconf 85' lang='lat' dir='ltr'><strong>postquam</strong></span> <span class='ocrx_word' id='word_1_521' title='bbox 2657 3596 2846 3667; x_wconf 87' lang='lat' dir='ltr'><strong>populi</strong></span> <span class='ocrx_word' id='word_1_522' title='bbox 2906 3603 3133 3667; x_wconf 85' lang='lat' dir='ltr'><strong>peccata</strong></span> <span class='ocrx_word' id='word_1_523' title='bbox 3166 3595 3438 3656; x_wconf 83' lang='lat' dir='ltr'><strong>recitavit.</strong></span> <span class='ocrx_word' id='word_1_524' title='bbox 3493 3605 3619 3651; x_wconf 87' lang='lat' dir='ltr'><strong>tan-</strong></span> 
     </span>
    </p>
   </div>
   <div class='ocr_carea' id='block_1_67' title="bbox 307 3682 1920 3764">
    <p class='ocr_par' dir='ltr' id='par_1_67' title="bbox 307 3682 1920 3764">
     <span class='ocr_line' id='line_1_67' title="bbox 307 3682 1920 3764; baseline 0.007 -28"><span class='ocrx_word' id='word_1_525' title='bbox 307 3682 525 3749; x_wconf 82' lang='grc' dir='ltr'><strong>είπὼν,</strong></span> <span class='ocrx_word' id='word_1_526' title='bbox 556 3682 634 3748; x_wconf 83' lang='grc' dir='ltr'><strong>ὡς</strong></span> <span class='ocrx_word' id='word_1_527' title='bbox 674 3684 736 3752; x_wconf 83' lang='grc' dir='ltr'><strong>ἐξ</strong></span> <span class='ocrx_word' id='word_1_528' title='bbox 764 3686 1162 3758; x_wconf 81' lang='grc' dir='ltr'><strong>ἀποκαλύψεως</strong></span> <span class='ocrx_word' id='word_1_529' title='bbox 1192 3688 1450 3758; x_wconf 82' lang='grc' dir='ltr'><strong>ἐγνωκὼς</strong></span> <span class='ocrx_word' id='word_1_530' title='bbox 1497 3690 1648 3756; x_wconf 88' lang='grc' dir='ltr'><strong>θείας</strong></span> <span class='ocrx_word' id='word_1_531' title='bbox 1691 3692 1790 3764; x_wconf 80' lang='grc' dir='ltr'><strong>τὴν</strong></span> <span class='ocrx_word' id='word_1_532' title='bbox 1827 3694 1920 3747; x_wconf 74' lang='grc' dir='ltr'><strong>ἐπε</strong></span> 
     </span>
    </p>
   </div>
   <div class='ocr_carea' id='block_1_68' title="bbox 2024 3682 3628 3764">
    <p class='ocr_par' dir='ltr' id='par_1_68' title="bbox 2027 3685 3628 3759">
     <span class='ocr_line' id='line_1_68' title="bbox 2027 3685 3628 3759; baseline -0.001 -17"><span class='ocrx_word' id='word_1_533' title='bbox 2027 3702 2191 3759; x_wconf 88' lang='lat' dir='ltr'><strong>quam</strong></span> <span class='ocrx_word' id='word_1_534' title='bbox 2255 3686 2442 3743; x_wconf 87' lang='lat' dir='ltr'><strong>divina</strong></span> <span class='ocrx_word' id='word_1_535' title='bbox 2475 3687 2813 3743; x_wconf 85' lang='lat' dir='ltr'><strong>revelatione</strong></span> <span class='ocrx_word' id='word_1_536' title='bbox 2865 3687 3194 3751; x_wconf 88' lang='lat' dir='ltr'><strong>illustratus,</strong></span> <span class='ocrx_word' id='word_1_537' title='bbox 3228 3685 3628 3757; x_wconf 22' lang='lat' dir='ltr'><strong>imponendam.</strong></span> 
     </span>
    </p>
   </div>
   <div class='ocr_carea' id='block_1_69' title="bbox 308 3775 1920 3856">
    <p class='ocr_par' dir='ltr' id='par_1_69' title="bbox 308 3775 1920 3856">
     <span class='ocr_line' id='line_1_69' title="bbox 308 3775 1920 3856; baseline 0.006 -26"><span class='ocrx_word' id='word_1_538' title='bbox 308 3775 721 3849; x_wconf 81' lang='grc' dir='ltr'><strong>αχθησομένην</strong></span> <span class='ocrx_word' id='word_1_539' title='bbox 756 3777 941 3842; x_wconf 84' lang='grc' dir='ltr'><strong>αὐτοῖς</strong></span> <span class='ocrx_word' id='word_1_540' title='bbox 963 3778 1051 3834; x_wconf 86' lang='grc' dir='ltr'><strong>διά</strong></span> <span class='ocrx_word' id='word_1_541' title='bbox 1103 3779 1213 3834; x_wconf 93' lang='grc' dir='ltr'><strong>τῶν</strong></span> <span class='ocrx_word' id='word_1_542' title='bbox 1244 3780 1603 3839; x_wconf 77' lang='grc' dir='ltr'><strong>Βαϐυλωνίων</strong></span> <span class='ocrx_word' id='word_1_543' title='bbox 1655 3785 1920 3856; x_wconf 85' lang='grc' dir='ltr'><strong>τιμωρίαν</strong></span> 
     </span>
    </p>
   </div>
   <div class='ocr_carea' id='block_1_70' title="bbox 2024 3775 3616 3856">
    <p class='ocr_par' dir='ltr' id='par_1_70' title="bbox 2028 3776 3616 3853">
     <span class='ocr_line' id='line_1_70' title="bbox 2028 3776 3616 3853; baseline -0.002 -19"><span class='ocrx_word' id='word_1_544' title='bbox 2028 3780 2214 3853; x_wconf 90' lang='lat' dir='ltr'><strong>populi</strong></span> <span class='ocrx_word' id='word_1_545' title='bbox 2250 3794 2470 3851; x_wconf 69' lang='lat' dir='ltr'><strong>poenam</strong></span> <span class='ocrx_word' id='word_1_546' title='bbox 2503 3778 2680 3836; x_wconf 80' lang='lat' dir='ltr'><strong>dixit:</strong></span> <span class='ocrx_word' id='word_1_547' title='bbox 2714 3781 2787 3835; x_wconf 89' lang='lat' dir='ltr'><strong>ita</strong></span> <span class='ocrx_word' id='word_1_548' title='bbox 2818 3780 2981 3834; x_wconf 88' lang='lat' dir='ltr'><strong>etiam</strong></span> <span class='ocrx_word' id='word_1_549' title='bbox 3013 3779 3280 3842; x_wconf 83' lang='lat' dir='ltr'><strong>hocloco,</strong></span> <span class='ocrx_word' id='word_1_550' title='bbox 3313 3777 3478 3835; x_wconf 87' lang='lat' dir='ltr'><strong>dictis</strong></span> <span class='ocrx_word' id='word_1_551' title='bbox 3512 3776 3616 3832; x_wconf 86' lang='lat' dir='ltr'><strong>Ba-</strong></span> 
     </span>
    </p>
   </div>
   <div class='ocr_carea' id='block_1_71' title="bbox 308 3867 1920 3949">
    <p class='ocr_par' dir='ltr' id='par_1_71' title="bbox 308 3867 1920 3949">
     <span class='ocr_line' id='line_1_71' title="bbox 308 3867 1920 3949; baseline 0.007 -29"><span class='ocrx_word' id='word_1_552' title='bbox 308 3868 519 3940; x_wconf 76' lang='grc' dir='ltr'><strong>φησὶν,</strong></span> <span class='ocrx_word' id='word_1_553' title='bbox 547 3867 694 3924; x_wconf 79' lang='grc' dir='ltr'><strong>οὕτω</strong></span> <span class='ocrx_word' id='word_1_554' title='bbox 731 3869 1013 3926; x_wconf 81' lang='grc' dir='ltr'><strong>κάνταῦθα</strong></span> <span class='ocrx_word' id='word_1_555' title='bbox 1047 3870 1142 3926; x_wconf 85' lang='grc' dir='ltr'><strong>τοῦ</strong></span> <span class='ocrx_word' id='word_1_556' title='bbox 1178 3870 1519 3928; x_wconf 75' lang='grc' dir='ltr'><strong>Βαϐυλωνίου</strong></span> <span class='ocrx_word' id='word_1_557' title='bbox 1558 3875 1658 3942; x_wconf 84' lang='grc' dir='ltr'><strong>τὰς</strong></span> <span class='ocrx_word' id='word_1_558' title='bbox 1686 3893 1920 3949; x_wconf 88' lang='grc' dir='ltr'><strong>παρανο·</strong></span> 
     </span>
    </p>
   </div>
   <div class='ocr_carea' id='block_1_72' title="bbox 2024 3867 3615 3949">
    <p class='ocr_par' dir='ltr' id='par_1_72' title="bbox 2028 3870 3615 3946">
     <span class='ocr_line' id='line_1_72' title="bbox 2028 3870 3615 3946; baseline -0.002 -16"><span class='ocrx_word' id='word_1_559' title='bbox 2028 3873 2236 3946; x_wconf 81' lang='lat' dir='ltr'><strong>bylonii</strong></span> <span class='ocrx_word' id='word_1_560' title='bbox 2262 3872 2585 3938; x_wconf 89' lang='lat' dir='ltr'><strong>sceleribus,</strong></span> <span class='ocrx_word' id='word_1_561' title='bbox 2617 3873 2695 3928; x_wconf 86' lang='lat' dir='ltr'><strong>ait</strong></span> <span class='ocrx_word' id='word_1_562' title='bbox 2726 3889 2783 3927; x_wconf 82' lang='lat' dir='ltr'><strong>se</strong></span> <span class='ocrx_word' id='word_1_563' title='bbox 2805 3881 3125 3944; x_wconf 84' lang='lat' dir='ltr'><strong>exspectare</strong></span> <span class='ocrx_word' id='word_1_564' title='bbox 3153 3887 3183 3927; x_wconf 88' lang='lat' dir='ltr'><strong>a</strong></span> <span class='ocrx_word' id='word_1_565' title='bbox 3216 3870 3327 3927; x_wconf 89' lang='lat' dir='ltr'><strong>Deo</strong></span> <span class='ocrx_word' id='word_1_566' title='bbox 3354 3871 3615 3927; x_wconf 53' lang='lat' dir='ltr'><strong>monitio.</strong></span> 
     </span>
    </p>
   </div>
   <div class='ocr_carea' id='block_1_73' title="bbox 311 3959 1920 4037">
    <p class='ocr_par' dir='ltr' id='par_1_73' title="bbox 311 3959 1920 4037">
     <span class='ocr_line' id='line_1_73' title="bbox 311 3959 1920 4037; baseline 0.006 -24"><span class='ocrx_word' id='word_1_567' title='bbox 311 3960 469 4033; x_wconf 78' lang='grc' dir='ltr'><strong>μίας</strong></span> <span class='ocrx_word' id='word_1_568' title='bbox 488 3959 760 4032; x_wconf 85' lang='grc' dir='ltr'><strong>είρηκὼς,</strong></span> <span class='ocrx_word' id='word_1_569' title='bbox 806 3960 955 4030; x_wconf 84' lang='grc' dir='ltr'><strong>λέγει</strong></span> <span class='ocrx_word' id='word_1_570' title='bbox 990 3962 1089 4035; x_wconf 87' lang='grc' dir='ltr'><strong>μέν</strong></span> <span class='ocrx_word' id='word_1_571' title='bbox 1123 3964 1413 4036; x_wconf 89' lang='grc' dir='ltr'><strong>ἀναμένειν</strong></span> <span class='ocrx_word' id='word_1_572' title='bbox 1453 3965 1603 4037; x_wconf 87' lang='grc' dir='ltr'><strong>παρά</strong></span> <span class='ocrx_word' id='word_1_573' title='bbox 1648 3966 1743 4021; x_wconf 86' lang='grc' dir='ltr'><strong>τοῦ</strong></span> <span class='ocrx_word' id='word_1_574' title='bbox 1788 3967 1920 4022; x_wconf 85' lang='grc' dir='ltr'><strong>Θεοῦ</strong></span> 
     </span>
    </p>
   </div>
   <div class='ocr_carea' id='block_1_74' title="bbox 2024 3959 3633 4037">
    <p class='ocr_par' dir='ltr' id='par_1_74' title="bbox 2028 3961 3633 4035">
     <span class='ocr_line' id='line_1_74' title="bbox 2028 3961 3633 4035; baseline -0.001 -15"><span class='ocrx_word' id='word_1_575' title='bbox 2028 3979 2178 4029; x_wconf 87' lang='lat' dir='ltr'><strong>nem,</strong></span> <span class='ocrx_word' id='word_1_576' title='bbox 2206 3963 2339 4035; x_wconf 89' lang='lat' dir='ltr'><strong>quid</strong></span> <span class='ocrx_word' id='word_1_577' title='bbox 2375 3963 2680 4035; x_wconf 85' lang='lat' dir='ltr'><strong>aliquando</strong></span> <span class='ocrx_word' id='word_1_578' title='bbox 2720 3964 2789 4019; x_wconf 89' lang='lat' dir='ltr'><strong>de</strong></span> <span class='ocrx_word' id='word_1_579' title='bbox 2840 3964 2924 4019; x_wconf 85' lang='lat' dir='ltr'><strong>his</strong></span> <span class='ocrx_word' id='word_1_580' title='bbox 2982 3978 3203 4035; x_wconf 90' lang='lat' dir='ltr'><strong>quoque</strong></span> <span class='ocrx_word' id='word_1_581' title='bbox 3237 3961 3633 4034; x_wconf 85' lang='lat' dir='ltr'><strong>patel‘acturus.</strong></span> 
     </span>
    </p>
   </div>
   <div class='ocr_carea' id='block_1_75' title="bbox 309 4043 1920 4131">
    <p class='ocr_par' dir='ltr' id='par_1_75' title="bbox 309 4043 1920 4131">
     <span class='ocr_line' id='line_1_75' title="bbox 309 4043 1920 4131; baseline 0.006 -25"><span class='ocrx_word' id='word_1_582' title='bbox 309 4051 533 4126; x_wconf 80' lang='grc' dir='ltr'><strong>μαθεῖν</strong></span> <span class='ocrx_word' id='word_1_583' title='bbox 557 4092 575 4117; x_wconf 87' lang='grc'><strong>,</strong></span> <span class='ocrx_word' id='word_1_584' title='bbox 618 4053 648 4107; x_wconf 83' lang='grc' dir='ltr'><strong>ὃ</strong></span> <span class='ocrx_word' id='word_1_585' title='bbox 696 4053 751 4107; x_wconf 87' lang='grc' dir='ltr'><strong>τί</strong></span> <span class='ocrx_word' id='word_1_586' title='bbox 800 4070 930 4108; x_wconf 87' lang='grc' dir='ltr'><strong>ποτε</strong></span> <span class='ocrx_word' id='word_1_587' title='bbox 972 4043 1069 4110; x_wconf 71' lang='grc' dir='ltr'><strong>-καῖ</strong></span> <span class='ocrx_word' id='word_1_588' title='bbox 1099 4057 1229 4129; x_wconf 69' lang='grc' dir='ltr'><strong>περὶ</strong></span> <span class='ocrx_word' id='word_1_589' title='bbox 1277 4057 1483 4113; x_wconf 83' lang='grc' dir='ltr'><strong>τούτων</strong></span> <span class='ocrx_word' id='word_1_590' title='bbox 1535 4060 1920 4131; x_wconf 71' lang='grc' dir='ltr'><strong>ἀποφαίνεταιε</strong></span> 
     </span>
    </p>
   </div>
   <div class='ocr_carea' id='block_1_76' title="bbox 2024 4043 3620 4131">
    <p class='ocr_par' dir='ltr' id='par_1_76' title="bbox 2030 4056 3620 4127">
     <span class='ocr_line' id='line_1_76' title="bbox 2030 4056 3620 4127; baseline -0.001 -14"><span class='ocrx_word' id='word_1_591' title='bbox 2030 4058 2124 4114; x_wconf 89' lang='lat' dir='ltr'><strong>sit.</strong></span> <span class='ocrx_word' id='word_1_592' title='bbox 2160 4056 2283 4112; x_wconf 80' lang='lat' dir='ltr'><strong>Mox</strong></span> <span class='ocrx_word' id='word_1_593' title='bbox 2306 4056 2481 4121; x_wconf 87' lang='lat' dir='ltr'><strong>addit,</strong></span> <span class='ocrx_word' id='word_1_594' title='bbox 2513 4072 2677 4127; x_wconf 90' lang='lat' dir='ltr'><strong>quam</strong></span> <span class='ocrx_word' id='word_1_595' title='bbox 2706 4071 2873 4126; x_wconf 87' lang='lat' dir='ltr'><strong>super</strong></span> <span class='ocrx_word' id='word_1_596' title='bbox 2908 4056 2993 4112; x_wconf 82' lang='lat' dir='ltr'><strong>his</strong></span> <span class='ocrx_word' id='word_1_597' title='bbox 3015 4064 3307 4127; x_wconf 88' lang='lat' dir='ltr'><strong>acceperat</strong></span> <span class='ocrx_word' id='word_1_598' title='bbox 3329 4056 3620 4112; x_wconf 89' lang='lat' dir='ltr'><strong>revelatio-</strong></span> 
     </span>
    </p>
   </div>
   <div class='ocr_carea' id='block_1_77' title="bbox 306 4141 1930 4223">
    <p class='ocr_par' dir='ltr' id='par_1_77' title="bbox 306 4141 1930 4223">
     <span class='ocr_line' id='line_1_77' title="bbox 306 4141 1930 4223; baseline 0.004 -24"><span class='ocrx_word' id='word_1_599' title='bbox 306 4141 534 4211; x_wconf 79' lang='grc' dir='ltr'><strong>ἐπάγει</strong></span> <span class='ocrx_word' id='word_1_600' title='bbox 565 4141 625 4196; x_wconf 84' lang='grc' dir='ltr'><strong>δέ</strong></span> <span class='ocrx_word' id='word_1_601' title='bbox 647 4142 777 4215; x_wconf 90' lang='grc' dir='ltr'><strong>ἑξῆς</strong></span> <span class='ocrx_word' id='word_1_602' title='bbox 808 4143 909 4215; x_wconf 78' lang='grc' dir='ltr'><strong>τὴν</strong></span> <span class='ocrx_word' id='word_1_603' title='bbox 942 4145 1037 4199; x_wconf 74' lang='grc' dir='ltr'><strong>ἐπὶ</strong></span> <span class='ocrx_word' id='word_1_604' title='bbox 1058 4145 1271 4212; x_wconf 82' lang='grc' dir='ltr'><strong>τούτοις</strong></span> <span class='ocrx_word' id='word_1_605' title='bbox 1299 4147 1642 4221; x_wconf 79' lang='grc' dir='ltr'><strong>ἀποκάλυψιν</strong></span> <span class='ocrx_word' id='word_1_606' title='bbox 1670 4150 1818 4223; x_wconf 75' lang='grc' dir='ltr'><strong>αὐτῷ</strong></span> <span class='ocrx_word' id='word_1_607' title='bbox 1839 4169 1930 4222; x_wconf 90' lang='grc' dir='ltr'><strong>γε-</strong></span> 
     </span>
    </p>
   </div>
   <div class='ocr_carea' id='block_1_78' title="bbox 304 4237 1926 4317">
    <p class='ocr_par' dir='ltr' id='par_1_78' title="bbox 304 4237 1926 4317">
     <span class='ocr_line' id='line_1_78' title="bbox 304 4237 1926 4317; baseline 0.005 -26"><span class='ocrx_word' id='word_1_608' title='bbox 304 4237 579 4306; x_wconf 79' lang='grc' dir='ltr'><strong>γονυῖαν.</strong></span> <span class='ocrx_word' id='word_1_609' title='bbox 604 4238 700 4295; x_wconf 88' lang='grc' dir='ltr'><strong>Διό</strong></span> <span class='ocrx_word' id='word_1_610' title='bbox 747 4252 914 4309; x_wconf 78' lang='grc' dir='ltr'><strong>φησι’</strong></span> <span class='ocrx_word' id='word_1_611' title='bbox 951 4256 969 4291; x_wconf 82' lang='grc' dir='ltr'><strong>ι</strong></span> <span class='ocrx_word' id='word_1_612' title='bbox 998 4239 1109 4293; x_wconf 82' lang='grc' dir='ltr'><strong>Καὶ</strong></span> <span class='ocrx_word' id='word_1_613' title='bbox 1129 4240 1404 4313; x_wconf 85' lang='grc' dir='ltr'><strong>ἀπεκρίθη</strong></span> <span class='ocrx_word' id='word_1_614' title='bbox 1435 4243 1571 4316; x_wconf 90' lang='grc' dir='ltr'><strong>πρός</strong></span> <span class='ocrx_word' id='word_1_615' title='bbox 1610 4261 1677 4316; x_wconf 88' lang='grc' dir='ltr'><strong>με</strong></span> <span class='ocrx_word' id='word_1_616' title='bbox 1698 4245 1926 4317; x_wconf 84' lang='grc' dir='ltr'><strong>Κύριος,</strong></span> 
     </span>
    </p>
   </div>
   <div class='ocr_carea' id='block_1_79' title="bbox 301 4319 1929 4406">
    <p class='ocr_par' dir='ltr' id='par_1_79' title="bbox 301 4319 1929 4406">
     <span class='ocr_line' id='line_1_79' title="bbox 301 4319 1929 4406; baseline 0.006 -24"><span class='ocrx_word' id='word_1_617' title='bbox 301 4327 423 4383; x_wconf 77' lang='grc' dir='ltr'><strong>καὶ</strong></span> <span class='ocrx_word' id='word_1_618' title='bbox 482 4319 610 4380; x_wconf 78' lang='grc' dir='ltr'><strong>εἷπε</strong></span> <span class='ocrx_word' id='word_1_619' title='bbox 632 4344 647 4358; x_wconf 92' lang='grc'><strong>·</strong></span> <span class='ocrx_word' id='word_1_620' title='bbox 691 4328 912 4399; x_wconf 78' lang='grc' dir='ltr'><strong>Γράψον</strong></span> <span class='ocrx_word' id='word_1_621' title='bbox 945 4329 1136 4399; x_wconf 81' lang='grc' dir='ltr'><strong>ὅρασιν</strong></span> <span class='ocrx_word' id='word_1_622' title='bbox 1181 4332 1369 4400; x_wconf 76' lang='grc' dir='ltr'><strong>σαφῶς</strong></span> <span class='ocrx_word' id='word_1_623' title='bbox 1402 4335 1484 4399; x_wconf 86' lang='grc' dir='ltr'><strong>είς</strong></span> <span class='ocrx_word' id='word_1_624' title='bbox 1521 4335 1710 4401; x_wconf 79' lang='grc' dir='ltr'><strong>πυξίον</strong></span> <span class='ocrx_word' id='word_1_625' title='bbox 1733 4377 1749 4406; x_wconf 86' lang='grc'><strong>,</strong></span> <span class='ocrx_word' id='word_1_626' title='bbox 1780 4337 1929 4402; x_wconf 80' lang='grc' dir='ltr'><strong>ὅπως</strong></span> 
     </span>
    </p>
   </div>
   <div class='ocr_carea' id='block_1_80' title="bbox 305 4416 1929 4499">
    <p class='ocr_par' dir='ltr' id='par_1_80' title="bbox 305 4416 1929 4499">
     <span class='ocr_line' id='line_1_80' title="bbox 305 4416 1929 4499; baseline 0.006 -28"><span class='ocrx_word' id='word_1_627' title='bbox 305 4417 503 4488; x_wconf 79' lang='grc' dir='ltr'><strong>διώκῃ</strong></span> <span class='ocrx_word' id='word_1_628' title='bbox 530 4416 562 4471; x_wconf 79' lang='grc' dir='ltr'><strong>ὁ</strong></span> <span class='ocrx_word' id='word_1_629' title='bbox 585 4417 977 4487; x_wconf 85' lang='grc' dir='ltr'><strong>ἀναγινώσκων</strong></span> <span class='ocrx_word' id='word_1_630' title='bbox 1019 4421 1179 4475; x_wconf 82' lang='grc' dir='ltr'><strong>αὐτά.</strong></span> <span class='ocrx_word' id='word_1_631' title='bbox 1216 4441 1235 4475; x_wconf 75' lang='grc' dir='ltr'><strong>ι</strong></span> <span class='ocrx_word' id='word_1_632' title='bbox 1285 4423 1599 4496; x_wconf 86' lang='grc' dir='ltr'><strong>Ἀναμένειν</strong></span> <span class='ocrx_word' id='word_1_633' title='bbox 1626 4425 1736 4497; x_wconf 86' lang='grc' dir='ltr'><strong>γὰρ</strong></span> <span class='ocrx_word' id='word_1_634' title='bbox 1774 4429 1929 4499; x_wconf 90' lang='grc' dir='ltr'><strong>είρη-</strong></span> 
     </span>
    </p>
   </div>
   <div class='ocr_carea' id='block_1_81' title="bbox 306 4508 1928 4586">
    <p class='ocr_par' dir='ltr' id='par_1_81' title="bbox 306 4508 1928 4586">
     <span class='ocr_line' id='line_1_81' title="bbox 306 4508 1928 4586; baseline 0.018 -34"><span class='ocrx_word' id='word_1_635' title='bbox 306 4508 444 4572; x_wconf 76' lang='grc' dir='ltr'><strong>κὼς</strong></span> <span class='ocrx_word' id='word_1_636' title='bbox 483 4508 680 4579; x_wconf 76' lang='grc' dir='ltr'><strong>μαθεῖν</strong></span> <span class='ocrx_word' id='word_1_637' title='bbox 720 4510 880 4565; x_wconf 80' lang='grc' dir='ltr'><strong>ἀτινα</strong></span> <span class='ocrx_word' id='word_1_638' title='bbox 931 4513 1058 4585; x_wconf 75' lang='grc' dir='ltr'><strong>περὶ</strong></span> <span class='ocrx_word' id='word_1_639' title='bbox 1087 4513 1289 4569; x_wconf 86' lang='grc' dir='ltr'><strong>τούτων</strong></span> <span class='ocrx_word' id='word_1_640' title='bbox 1322 4516 1681 4586; x_wconf 83' lang='grc' dir='ltr'><strong>ἀποφαίνεται</strong></span> <span class='ocrx_word' id='word_1_641' title='bbox 1709 4520 1737 4571; x_wconf 89' lang='grc' dir='ltr'><strong>ό</strong></span> <span class='ocrx_word' id='word_1_642' title='bbox 1774 4517 1928 4582; x_wconf 66' lang='grc' dir='ltr'><strong>Θεὸς.</strong></span> 
     </span>
    </p>
   </div>
   <div class='ocr_carea' id='block_1_82' title="bbox 305 4599 1920 4679">
    <p class='ocr_par' dir='ltr' id='par_1_82' title="bbox 305 4599 1920 4679">
     <span class='ocr_line' id='line_1_82' title="bbox 305 4599 1920 4679; baseline 0.002 -21"><span class='ocrx_word' id='word_1_643' title='bbox 305 4601 509 4658; x_wconf 78' lang='grc' dir='ltr'><strong>ταῦτα</strong></span> <span class='ocrx_word' id='word_1_644' title='bbox 548 4599 616 4674; x_wconf 82' lang='grc' dir='ltr'><strong>δή</strong></span> <span class='ocrx_word' id='word_1_645' title='bbox 650 4603 1054 4676; x_wconf 87' lang='grc' dir='ltr'><strong>ἀποκεκρίσθαι</strong></span> <span class='ocrx_word' id='word_1_646' title='bbox 1083 4606 1224 4677; x_wconf 79' lang='grc' dir='ltr'><strong>πρὸς</strong></span> <span class='ocrx_word' id='word_1_647' title='bbox 1252 4607 1416 4661; x_wconf 82' lang='grc' dir='ltr'><strong>αὐτὸν</strong></span> <span class='ocrx_word' id='word_1_648' title='bbox 1451 4609 1586 4679; x_wconf 79' lang='grc' dir='ltr'><strong>φησὶ</strong></span> <span class='ocrx_word' id='word_1_649' title='bbox 1614 4609 1706 4664; x_wconf 82' lang='grc' dir='ltr'><strong>τὸν</strong></span> <span class='ocrx_word' id='word_1_650' title='bbox 1755 4609 1920 4665; x_wconf 81' lang='grc' dir='ltr'><strong>Θεόν·</strong></span> 
     </span>
    </p>
   </div>
   <div class='ocr_carea' id='block_1_83' title="bbox 2024 4599 3610 4679">
    <p class='ocr_par' dir='ltr' id='par_1_83' title="bbox 2033 4601 3610 4676">
     <span class='ocr_line' id='line_1_83' title="bbox 2033 4601 3610 4676; baseline 0.005 -22"><span class='ocrx_word' id='word_1_651' title='bbox 2033 4608 2295 4671; x_wconf 88' lang='lat' dir='ltr'><strong>tanquam</strong></span> <span class='ocrx_word' id='word_1_652' title='bbox 2345 4616 2411 4657; x_wconf 82' lang='lat' dir='ltr'><strong>ex</strong></span> <span class='ocrx_word' id='word_1_653' title='bbox 2451 4601 2652 4657; x_wconf 79' lang='lat' dir='ltr'><strong>divina</strong></span> <span class='ocrx_word' id='word_1_654' title='bbox 2683 4601 2895 4657; x_wconf 81' lang='lat' dir='ltr'><strong>visione</strong></span> <span class='ocrx_word' id='word_1_655' title='bbox 2941 4603 2995 4657; x_wconf 94' lang='lat' dir='ltr'><strong>in</strong></span> <span class='ocrx_word' id='word_1_656' title='bbox 3045 4604 3189 4675; x_wconf 77' lang='lat' dir='ltr'><strong>buxo</strong></span> <span class='ocrx_word' id='word_1_657' title='bbox 3220 4604 3463 4660; x_wconf 88' lang='lat' dir='ltr'><strong>scribere</strong></span> <span class='ocrx_word' id='word_1_658' title='bbox 3486 4620 3610 4676; x_wconf 72' lang='lat' dir='ltr'><strong>qua:</strong></span> 
     </span>
    </p>
   </div>
   <div class='ocr_carea' id='block_1_84' title="bbox 307 4691 1920 4795">
    <p class='ocr_par' dir='ltr' id='par_1_84' title="bbox 307 4691 1920 4774">
     <span class='ocr_line' id='line_1_84' title="bbox 307 4691 1920 4774; baseline 0.006 -26"><span class='ocrx_word' id='word_1_659' title='bbox 307 4691 592 4749; x_wconf 80' lang='grc' dir='ltr'><strong>κελεῦσαι</strong></span> <span class='ocrx_word' id='word_1_660' title='bbox 623 4695 723 4765; x_wconf 83' lang='grc' dir='ltr'><strong>μὲν</strong></span> <span class='ocrx_word' id='word_1_661' title='bbox 751 4693 902 4766; x_wconf 80' lang='grc' dir='ltr'><strong>αὐτῷ</strong></span> <span class='ocrx_word' id='word_1_662' title='bbox 929 4695 1005 4760; x_wconf 84' lang='grc' dir='ltr'><strong>ὡς</strong></span> <span class='ocrx_word' id='word_1_663' title='bbox 1028 4697 1088 4750; x_wconf 88' lang='grc' dir='ltr'><strong>ἐν</strong></span> <span class='ocrx_word' id='word_1_664' title='bbox 1114 4698 1303 4769; x_wconf 82' lang='grc' dir='ltr'><strong>ὁράσει</strong></span> <span class='ocrx_word' id='word_1_665' title='bbox 1332 4698 1453 4771; x_wconf 73' lang='grc' dir='ltr'><strong>θείᾳ</strong></span> <span class='ocrx_word' id='word_1_666' title='bbox 1479 4702 1561 4765; x_wconf 87' lang='grc' dir='ltr'><strong>είς</strong></span> <span class='ocrx_word' id='word_1_667' title='bbox 1583 4700 1774 4767; x_wconf 81' lang='grc' dir='ltr'><strong>πυξίον</strong></span> <span class='ocrx_word' id='word_1_668' title='bbox 1798 4703 1920 4774; x_wconf 84' lang='grc' dir='ltr'><strong>γρά-</strong></span> 
     </span>
    </p>
   </div>
   <div class='ocr_carea' id='block_1_85' title="bbox 2024 4691 3615 4795">
    <p class='ocr_par' dir='ltr' id='par_1_85' title="bbox 2033 4693 3615 4766">
     <span class='ocr_line' id='line_1_85' title="bbox 2033 4693 3615 4766; baseline 0.003 -18"><span class='ocrx_word' id='word_1_669' title='bbox 2033 4700 2259 4749; x_wconf 88' lang='lat' dir='ltr'><strong>ostensa</strong></span> <span class='ocrx_word' id='word_1_670' title='bbox 2310 4693 2550 4758; x_wconf 79' lang='lat' dir='ltr'><strong>fuerant,</strong></span> <span class='ocrx_word' id='word_1_671' title='bbox 2583 4701 2647 4748; x_wconf 90' lang='lat' dir='ltr'><strong>ut</strong></span> <span class='ocrx_word' id='word_1_672' title='bbox 2697 4694 2957 4750; x_wconf 89' lang='lat' dir='ltr'><strong>omnibus</strong></span> <span class='ocrx_word' id='word_1_673' title='bbox 3006 4697 3293 4766; x_wconf 87' lang='lat' dir='ltr'><strong>perspicua</strong></span> <span class='ocrx_word' id='word_1_674' title='bbox 3331 4697 3523 4752; x_wconf 82' lang='lat' dir='ltr'><strong>ﬁerent</strong></span> <span class='ocrx_word' id='word_1_675' title='bbox 3548 4714 3615 4753; x_wconf 88' lang='lat' dir='ltr'><strong>ac</strong></span> 
     </span>
    </p>
   </div>
   <div class='ocr_carea' id='block_1_86' title="bbox 303 4784 1920 4866">
    <p class='ocr_par' dir='ltr' id='par_1_86' title="bbox 303 4784 1920 4866">
     <span class='ocr_line' id='line_1_86' title="bbox 303 4784 1920 4866; baseline 0.007 -28"><span class='ocrx_word' id='word_1_676' title='bbox 303 4787 421 4857; x_wconf 73' lang='grc' dir='ltr'><strong>ψειι</strong></span> <span class='ocrx_word' id='word_1_677' title='bbox 456 4785 530 4839; x_wconf 83' lang='grc' dir='ltr'><strong>τὰ</strong></span> <span class='ocrx_word' id='word_1_678' title='bbox 559 4784 924 4857; x_wconf 86' lang='grc' dir='ltr'><strong>δεικνύμενα,</strong></span> <span class='ocrx_word' id='word_1_679' title='bbox 971 4787 1060 4842; x_wconf 79' lang='grc' dir='ltr'><strong>ἵνα</strong></span> <span class='ocrx_word' id='word_1_680' title='bbox 1091 4787 1319 4864; x_wconf 80' lang='grc' dir='ltr'><strong>πᾶσινῇ</strong></span> <span class='ocrx_word' id='word_1_681' title='bbox 1359 4792 1506 4863; x_wconf 79' lang='grc' dir='ltr'><strong>σαφῆ</strong></span> <span class='ocrx_word' id='word_1_682' title='bbox 1557 4809 1619 4847; x_wconf 90' lang='grc' dir='ltr'><strong>τε</strong></span> <span class='ocrx_word' id='word_1_683' title='bbox 1649 4793 1743 4848; x_wconf 77' lang='grc' dir='ltr'><strong>καὶ</strong></span> <span class='ocrx_word' id='word_1_684' title='bbox 1791 4794 1920 4866; x_wconf 85' lang='grc' dir='ltr'><strong>δῆλα</strong></span> 
     </span>
    </p>
   </div>
   <div class='ocr_carea' id='block_1_87' title="bbox 2024 4784 3617 4866">
    <p class='ocr_par' dir='ltr' id='par_1_87' title="bbox 2035 4786 3617 4861">
     <span class='ocr_line' id='line_1_87' title="bbox 2035 4786 3617 4861; baseline 0.003 -20"><span class='ocrx_word' id='word_1_685' title='bbox 2035 4788 2275 4858; x_wconf 88' lang='lat' dir='ltr'><strong>patentia</strong></span> <span class='ocrx_word' id='word_1_686' title='bbox 2332 4786 2641 4858; x_wconf 81' lang='lat' dir='ltr'><strong>legentibus</strong></span> <span class='ocrx_word' id='word_1_687' title='bbox 2693 4802 2814 4858; x_wconf 70' lang='lat' dir='ltr'><strong>qua:</strong></span> <span class='ocrx_word' id='word_1_688' title='bbox 2863 4788 3009 4843; x_wconf 86' lang='lat' dir='ltr'><strong>dicta</strong></span> <span class='ocrx_word' id='word_1_689' title='bbox 3062 4797 3219 4844; x_wconf 88' lang='lat' dir='ltr'><strong>erant</strong></span> <span class='ocrx_word' id='word_1_690' title='bbox 3260 4798 3315 4846; x_wconf 89' lang='lat' dir='ltr'><strong>et</strong></span> <span class='ocrx_word' id='word_1_691' title='bbox 3370 4790 3617 4861; x_wconf 86' lang='lat' dir='ltr'><strong>scripta;</strong></span> 
     </span>
    </p>
   </div>
   <div class='ocr_carea' id='block_1_88' title="bbox 307 4869 1920 4959">
    <p class='ocr_par' dir='ltr' id='par_1_88' title="bbox 307 4878 1920 4959">
     <span class='ocr_line' id='line_1_88' title="bbox 307 4878 1920 4959; baseline 0.004 -24"><span class='ocrx_word' id='word_1_692' title='bbox 307 4878 472 4952; x_wconf 79' lang='grc' dir='ltr'><strong>πρὸς</strong></span> <span class='ocrx_word' id='word_1_693' title='bbox 502 4878 814 4946; x_wconf 84' lang='grc' dir='ltr'><strong>ἀνάγνωσιν</strong></span> <span class='ocrx_word' id='word_1_694' title='bbox 856 4878 925 4933; x_wconf 85' lang='grc' dir='ltr'><strong>τὰ</strong></span> <span class='ocrx_word' id='word_1_695' title='bbox 977 4881 1246 4953; x_wconf 72' lang='grc' dir='ltr'><strong>εἰρημένα</strong></span> <span class='ocrx_word' id='word_1_696' title='bbox 1282 4899 1343 4936; x_wconf 91' lang='grc' dir='ltr'><strong>τε</strong></span> <span class='ocrx_word' id='word_1_697' title='bbox 1399 4884 1494 4939; x_wconf 79' lang='grc' dir='ltr'><strong>καὶ</strong></span> <span class='ocrx_word' id='word_1_698' title='bbox 1541 4888 1920 4959; x_wconf 83' lang='grc' dir='ltr'><strong>γεγραμμένα.</strong></span> 
     </span>
    </p>
   </div>
   <div class='ocr_carea' id='block_1_89' title="bbox 2024 4869 3620 4959">
    <p class='ocr_par' dir='ltr' id='par_1_89' title="bbox 2026 4869 3620 4953">
     <span class='ocr_line' id='line_1_89' title="bbox 2026 4869 3620 4953; baseline 0.004 -19"><span class='ocrx_word' id='word_1_699' title='bbox 2026 4869 2226 4950; x_wconf 85' lang='lat' dir='ltr'><strong>nempe</strong></span> <span class='ocrx_word' id='word_1_700' title='bbox 2252 4895 2313 4934; x_wconf 81' lang='lat' dir='ltr'><strong>ea</strong></span> <span class='ocrx_word' id='word_1_701' title='bbox 2343 4896 2464 4951; x_wconf 75' lang='lat' dir='ltr'><strong>quae</strong></span> <span class='ocrx_word' id='word_1_702' title='bbox 2493 4896 2521 4934; x_wconf 84' lang='lat' dir='ltr'><strong>a</strong></span> <span class='ocrx_word' id='word_1_703' title='bbox 2553 4879 2872 4953; x_wconf 84' lang='lat' dir='ltr'><strong>Babyloniis</strong></span> <span class='ocrx_word' id='word_1_704' title='bbox 2908 4891 3170 4938; x_wconf 85' lang='lat' dir='ltr'><strong>eventura</strong></span> <span class='ocrx_word' id='word_1_705' title='bbox 3198 4892 3379 4952; x_wconf 87' lang='lat' dir='ltr'><strong>erant,</strong></span> <span class='ocrx_word' id='word_1_706' title='bbox 3419 4893 3474 4941; x_wconf 91' lang='lat' dir='ltr'><strong>ct</strong></span> <span class='ocrx_word' id='word_1_707' title='bbox 3506 4899 3534 4939; x_wconf 90' lang='lat' dir='ltr'><strong>a</strong></span> <span class='ocrx_word' id='word_1_708' title='bbox 3559 4902 3620 4942; x_wconf 89' lang='lat' dir='ltr'><strong>se</strong></span> 
     </span>
    </p>
   </div>
   <div class='ocr_carea' id='block_1_90' title="bbox 306 4968 1920 5051">
    <p class='ocr_par' dir='ltr' id='par_1_90' title="bbox 306 4968 1920 5051">
     <span class='ocr_line' id='line_1_90' title="bbox 306 4968 1920 5051; baseline 0.006 -27"><span class='ocrx_word' id='word_1_709' title='bbox 306 4974 400 5043; x_wconf 78' lang='lat' dir='ltr'><strong>(p.</strong></span> <span class='ocrx_word' id='word_1_710' title='bbox 422 4968 561 5041; x_wconf 73' lang='grc'><strong>564)</strong></span> <span class='ocrx_word' id='word_1_711' title='bbox 593 4971 758 5040; x_wconf 82' lang='grc' dir='ltr'><strong>Λέγει</strong></span> <span class='ocrx_word' id='word_1_712' title='bbox 791 4971 849 5024; x_wconf 82' lang='grc' dir='ltr'><strong>δέ</strong></span> <span class='ocrx_word' id='word_1_713' title='bbox 869 4970 937 5026; x_wconf 84' lang='grc' dir='ltr'><strong>τὰ</strong></span> <span class='ocrx_word' id='word_1_714' title='bbox 965 4974 1093 5046; x_wconf 76' lang='grc' dir='ltr'><strong>περὶ</strong></span> <span class='ocrx_word' id='word_1_715' title='bbox 1116 4975 1245 5037; x_wconf 77' lang='grc' dir='ltr'><strong>τοὺς</strong></span> <span class='ocrx_word' id='word_1_716' title='bbox 1261 4973 1638 5042; x_wconf 77' lang='grc' dir='ltr'><strong>Βαϐυλωνίους</strong></span> <span class='ocrx_word' id='word_1_717' title='bbox 1671 4979 1920 5051; x_wconf 88' lang='grc' dir='ltr'><strong>ἐσόμενα1</strong></span> 
     </span>
    </p>
   </div>
   <div class='ocr_carea' id='block_1_91' title="bbox 2024 4968 3617 5051">
    <p class='ocr_par' dir='ltr' id='par_1_91' title="bbox 2027 4972 3617 5044">
     <span class='ocr_line' id='line_1_91' title="bbox 2027 4972 3617 5044; baseline 0.004 -17"><span class='ocrx_word' id='word_1_718' title='bbox 2027 4972 2261 5031; x_wconf 81' lang='lat' dir='ltr'><strong>inferius</strong></span> <span class='ocrx_word' id='word_1_719' title='bbox 2285 4975 2535 5029; x_wconf 84' lang='lat' dir='ltr'><strong>dicenda.</strong></span> <span class='ocrx_word' id='word_1_720' title='bbox 2572 4973 2709 5028; x_wconf 85' lang='lat' dir='ltr'><strong>Tum</strong></span> <span class='ocrx_word' id='word_1_721' title='bbox 2735 4976 2887 5030; x_wconf 87' lang='lat' dir='ltr'><strong>addit</strong></span> <span class='ocrx_word' id='word_1_722' title='bbox 2924 4994 2936 5031; x_wconf 90' lang='lat'>:</span> <span class='ocrx_word' id='word_1_723' title='bbox 2968 4995 2987 5029; x_wconf 82' lang='grc' dir='ltr'><strong>ι</strong></span> <span class='ocrx_word' id='word_1_724' title='bbox 3024 4975 3163 5044; x_wconf 86' lang='lat' dir='ltr'><strong>Quia</strong></span> <span class='ocrx_word' id='word_1_725' title='bbox 3186 4978 3366 5033; x_wconf 87' lang='lat' dir='ltr'><strong>adhuc</strong></span> <span class='ocrx_word' id='word_1_726' title='bbox 3393 4978 3533 5033; x_wconf 84' lang='lat' dir='ltr'><strong>visio</strong></span> <span class='ocrx_word' id='word_1_727' title='bbox 3563 4979 3617 5033; x_wconf 92' lang='lat' dir='ltr'><strong>in</strong></span> 
     </span>
    </p>
   </div>
   <div class='ocr_carea' id='block_1_92' title="bbox 306 5061 1920 5143">
    <p class='ocr_par' dir='ltr' id='par_1_92' title="bbox 306 5061 1920 5143">
     <span class='ocr_line' id='line_1_92' title="bbox 306 5061 1920 5143; baseline 0.007 -30"><span class='ocrx_word' id='word_1_728' title='bbox 306 5065 479 5135; x_wconf 75' lang='grc' dir='ltr'><strong>ἅπερ</strong></span> <span class='ocrx_word' id='word_1_729' title='bbox 516 5061 650 5133; x_wconf 85' lang='grc' dir='ltr'><strong>ἑξῆς</strong></span> <span class='ocrx_word' id='word_1_730' title='bbox 698 5080 887 5134; x_wconf 85' lang='grc' dir='ltr'><strong>φησιν.</strong></span> <span class='ocrx_word' id='word_1_731' title='bbox 918 5061 1051 5119; x_wconf 78' lang='grc' dir='ltr'><strong>Εἶτα</strong></span> <span class='ocrx_word' id='word_1_732' title='bbox 1084 5067 1287 5137; x_wconf 79' lang='grc' dir='ltr'><strong>ἐπάγει</strong></span> <span class='ocrx_word' id='word_1_733' title='bbox 1313 5083 1326 5097; x_wconf 92' lang='grc'><strong>·</strong></span> <span class='ocrx_word' id='word_1_734' title='bbox 1360 5085 1400 5120; x_wconf 70' lang='grc' dir='ltr'><strong>,ι</strong></span> <span class='ocrx_word' id='word_1_735' title='bbox 1424 5068 1569 5123; x_wconf 85' lang='grc' dir='ltr'><strong>Διότι</strong></span> <span class='ocrx_word' id='word_1_736' title='bbox 1612 5070 1693 5124; x_wconf 79' lang='grc' dir='ltr'><strong>ἔτι</strong></span> <span class='ocrx_word' id='word_1_737' title='bbox 1740 5072 1920 5143; x_wconf 77' lang='grc' dir='ltr'><strong>ὅρασις</strong></span> 
     </span>
    </p>
   </div>
   <div class='ocr_carea' id='block_1_93' title="bbox 2024 5061 3619 5143">
    <p class='ocr_par' dir='ltr' id='par_1_93' title="bbox 2028 5063 3619 5136">
     <span class='ocr_line' id='line_1_93' title="bbox 2028 5063 3619 5136; baseline 0.003 -19"><span class='ocrx_word' id='word_1_738' title='bbox 2028 5063 2250 5136; x_wconf 85' lang='lat' dir='ltr'><strong>longum</strong></span> <span class='ocrx_word' id='word_1_739' title='bbox 2284 5073 2520 5136; x_wconf 88' lang='lat' dir='ltr'><strong>tempus,</strong></span> <span class='ocrx_word' id='word_1_740' title='bbox 2543 5071 2598 5120; x_wconf 89' lang='lat' dir='ltr'><strong>et</strong></span> <span class='ocrx_word' id='word_1_741' title='bbox 2638 5066 2850 5121; x_wconf 87' lang='lat' dir='ltr'><strong>orietur</strong></span> <span class='ocrx_word' id='word_1_742' title='bbox 2876 5066 2930 5121; x_wconf 91' lang='lat' dir='ltr'><strong>in</strong></span> <span class='ocrx_word' id='word_1_743' title='bbox 2964 5064 3150 5127; x_wconf 80' lang='lat' dir='ltr'><strong>tinem.</strong></span> <span class='ocrx_word' id='word_1_744' title='bbox 3182 5074 3237 5122; x_wconf 91' lang='lat' dir='ltr'><strong>et</strong></span> <span class='ocrx_word' id='word_1_745' title='bbox 3269 5082 3379 5123; x_wconf 92' lang='lat' dir='ltr'><strong>non</strong></span> <span class='ocrx_word' id='word_1_746' title='bbox 3428 5067 3482 5121; x_wconf 92' lang='lat' dir='ltr'><strong>in</strong></span> <span class='ocrx_word' id='word_1_747' title='bbox 3522 5082 3619 5122; x_wconf 89' lang='lat' dir='ltr'><strong>va-</strong></span> 
     </span>
    </p>
   </div>
   <div class='ocr_carea' id='block_1_94' title="bbox 304 5154 1920 5232">
    <p class='ocr_par' dir='ltr' id='par_1_94' title="bbox 304 5154 1920 5232">
     <span class='ocr_line' id='line_1_94' title="bbox 304 5154 1920 5232; baseline 0.002 -19"><span class='ocrx_word' id='word_1_748' title='bbox 304 5161 398 5223; x_wconf 80' lang='grc' dir='ltr'><strong>είς</strong></span> <span class='ocrx_word' id='word_1_749' title='bbox 436 5154 636 5226; x_wconf 80' lang='grc' dir='ltr'><strong>καιρὸν</strong></span> <span class='ocrx_word' id='word_1_750' title='bbox 678 5156 920 5228; x_wconf 84' lang='grc' dir='ltr'><strong>μακρὸν,</strong></span> <span class='ocrx_word' id='word_1_751' title='bbox 954 5157 1049 5211; x_wconf 81' lang='grc' dir='ltr'><strong>καὶ</strong></span> <span class='ocrx_word' id='word_1_752' title='bbox 1088 5158 1342 5212; x_wconf 74' lang='grc' dir='ltr'><strong>ἀναντελεῖ</strong></span> <span class='ocrx_word' id='word_1_753' title='bbox 1363 5160 1444 5223; x_wconf 85' lang='grc' dir='ltr'><strong>είς</strong></span> <span class='ocrx_word' id='word_1_754' title='bbox 1490 5160 1667 5232; x_wconf 88' lang='grc' dir='ltr'><strong>πέρας</strong></span> <span class='ocrx_word' id='word_1_755' title='bbox 1709 5163 1802 5215; x_wconf 74' lang='grc' dir='ltr'><strong>καὶ</strong></span> <span class='ocrx_word' id='word_1_756' title='bbox 1830 5164 1920 5216; x_wconf 69' lang='grc' dir='ltr'><strong>οὐκ</strong></span> 
     </span>
    </p>
   </div>
   <div class='ocr_carea' id='block_1_95' title="bbox 2024 5154 3616 5232">
    <p class='ocr_par' dir='ltr' id='par_1_95' title="bbox 2028 5155 3616 5227">
     <span class='ocr_line' id='line_1_95' title="bbox 2028 5155 3616 5227; baseline 0.002 -17"><span class='ocrx_word' id='word_1_757' title='bbox 2028 5170 2217 5212; x_wconf 90' lang='lat' dir='ltr'><strong>cuum.</strong></span> <span class='ocrx_word' id='word_1_758' title='bbox 2269 5175 2289 5210; x_wconf 73' lang='grc' dir='ltr'><strong>ι</strong></span> <span class='ocrx_word' id='word_1_759' title='bbox 2331 5155 2549 5212; x_wconf 90' lang='lat' dir='ltr'><strong>Etenim</strong></span> <span class='ocrx_word' id='word_1_760' title='bbox 2599 5172 2722 5227; x_wconf 76' lang='lat' dir='ltr'><strong>quae</strong></span> <span class='ocrx_word' id='word_1_761' title='bbox 2772 5165 2995 5213; x_wconf 87' lang='lat' dir='ltr'><strong>ostensa</strong></span> <span class='ocrx_word' id='word_1_762' title='bbox 3044 5166 3211 5223; x_wconf 90' lang='lat' dir='ltr'><strong>sunt,</strong></span> <span class='ocrx_word' id='word_1_763' title='bbox 3242 5158 3388 5213; x_wconf 84' lang='lat' dir='ltr'><strong>haud</strong></span> <span class='ocrx_word' id='word_1_764' title='bbox 3428 5159 3616 5215; x_wconf 87' lang='lat' dir='ltr'><strong>statim</strong></span> 
     </span>
    </p>
   </div>
   <div class='ocr_carea' id='block_1_96' title="bbox 305 5243 1920 5321">
    <p class='ocr_par' dir='ltr' id='par_1_96' title="bbox 305 5243 1920 5320">
     <span class='ocr_line' id='line_1_96' title="bbox 305 5243 1920 5320; baseline -0.002 -9"><span class='ocrx_word' id='word_1_765' title='bbox 305 5248 399 5310; x_wconf 71' lang='grc' dir='ltr'><strong>εἰς</strong></span> <span class='ocrx_word' id='word_1_766' title='bbox 434 5244 620 5299; x_wconf 75' lang='grc' dir='ltr'><strong>κενόνι</strong></span> <span class='ocrx_word' id='word_1_767' title='bbox 644 5262 664 5295; x_wconf 73' lang='grc'><em>³</em></span> <span class='ocrx_word' id='word_1_768' title='bbox 705 5243 785 5298; x_wconf 70' lang='grc' dir='ltr'><strong>Τά</strong></span> <span class='ocrx_word' id='word_1_769' title='bbox 811 5245 913 5317; x_wconf 83' lang='grc' dir='ltr'><strong>μὲν</strong></span> <span class='ocrx_word' id='word_1_770' title='bbox 938 5247 1047 5319; x_wconf 80' lang='grc' dir='ltr'><strong>γὰρ</strong></span> <span class='ocrx_word' id='word_1_771' title='bbox 1073 5247 1364 5319; x_wconf 87' lang='grc' dir='ltr'><strong>δειχθέντα</strong></span> <span class='ocrx_word' id='word_1_772' title='bbox 1394 5249 1456 5302; x_wconf 80' lang='grc' dir='ltr'><strong>οὐ</strong></span> <span class='ocrx_word' id='word_1_773' title='bbox 1488 5252 1806 5320; x_wconf 84' lang='grc' dir='ltr'><strong>παραυτίκα</strong></span> <span class='ocrx_word' id='word_1_774' title='bbox 1835 5254 1920 5307; x_wconf 80' lang='grc' dir='ltr'><strong>ἐκ·</strong></span> 
     </span>
    </p>
   </div>
   <div class='ocr_carea' id='block_1_97' title="bbox 2024 5243 3616 5321">
    <p class='ocr_par' dir='ltr' id='par_1_97' title="bbox 2028 5249 3616 5321">
     <span class='ocr_line' id='line_1_97' title="bbox 2028 5249 3616 5321; baseline 0.001 -17"><span class='ocrx_word' id='word_1_775' title='bbox 2028 5249 2235 5305; x_wconf 80' lang='lat' dir='ltr'><strong>exitum</strong></span> <span class='ocrx_word' id='word_1_776' title='bbox 2289 5249 2593 5317; x_wconf 88' lang='lat' dir='ltr'><strong>habebunt,</strong></span> <span class='ocrx_word' id='word_1_777' title='bbox 2626 5250 2722 5306; x_wconf 88' lang='lat' dir='ltr'><strong>sed</strong></span> <span class='ocrx_word' id='word_1_778' title='bbox 2759 5259 2883 5320; x_wconf 90' lang='lat' dir='ltr'><strong>post</strong></span> <span class='ocrx_word' id='word_1_779' title='bbox 2928 5251 3145 5320; x_wconf 90' lang='lat' dir='ltr'><strong>aliquod</strong></span> <span class='ocrx_word' id='word_1_780' title='bbox 3199 5258 3436 5321; x_wconf 88' lang='lat' dir='ltr'><strong>tempus,</strong></span> <span class='ocrx_word' id='word_1_781' title='bbox 3467 5251 3616 5320; x_wconf 91' lang='lat' dir='ltr'><strong>quod</strong></span> 
     </span>
    </p>
   </div>
   <div class='ocr_carea' id='block_1_98' title="bbox 305 5337 1920 5416">
    <p class='ocr_par' dir='ltr' id='par_1_98' title="bbox 305 5337 1920 5416">
     <span class='ocr_line' id='line_1_98' title="bbox 305 5337 1920 5416; baseline 0.006 -25"><span class='ocrx_word' id='word_1_782' title='bbox 305 5339 561 5410; x_wconf 71' lang='grc' dir='ltr'><strong>ϐήσεται</strong></span> <span class='ocrx_word' id='word_1_783' title='bbox 584 5378 598 5401; x_wconf 93' lang='grc'><strong>,</strong></span> <span class='ocrx_word' id='word_1_784' title='bbox 640 5337 780 5391; x_wconf 82' lang='grc' dir='ltr'><strong>ἀλλὰ</strong></span> <span class='ocrx_word' id='word_1_785' title='bbox 810 5339 951 5409; x_wconf 88' lang='grc' dir='ltr'><strong>μετά</strong></span> <span class='ocrx_word' id='word_1_786' title='bbox 975 5356 1102 5395; x_wconf 84' lang='grc' dir='ltr'><strong>τινα</strong></span> <span class='ocrx_word' id='word_1_787' title='bbox 1133 5341 1332 5412; x_wconf 71' lang='grc' dir='ltr'><strong>χρόνον</strong></span> <span class='ocrx_word' id='word_1_788' title='bbox 1360 5378 1374 5404; x_wconf 87' lang='grc'><strong><em>.</em></strong></span> <span class='ocrx_word' id='word_1_789' title='bbox 1406 5342 1463 5405; x_wconf 75' lang='grc' dir='ltr'><strong>ὃς</strong></span> <span class='ocrx_word' id='word_1_790' title='bbox 1496 5344 1779 5416; x_wconf 63' lang='grc' dir='ltr'><strong>ἀφέστηκε</strong></span> <span class='ocrx_word' id='word_1_791' title='bbox 1810 5345 1920 5412; x_wconf 73' lang='grc' dir='ltr'><strong>νῦν1</strong></span> 
     </span>
    </p>
   </div>
   <div class='ocr_carea' id='block_1_99' title="bbox 2024 5337 3618 5416">
    <p class='ocr_par' dir='ltr' id='par_1_99' title="bbox 2029 5340 3618 5407">
     <span class='ocr_line' id='line_1_99' title="bbox 2029 5340 3618 5407; baseline 0 -11"><span class='ocrx_word' id='word_1_792' title='bbox 2029 5356 2178 5397; x_wconf 92' lang='lat' dir='ltr'><strong>nunc</strong></span> <span class='ocrx_word' id='word_1_793' title='bbox 2203 5340 2358 5397; x_wconf 89' lang='lat' dir='ltr'><strong>abest</strong></span> <span class='ocrx_word' id='word_1_794' title='bbox 2386 5383 2401 5407; x_wconf 92' lang='lat'><strong>,</strong></span> <span class='ocrx_word' id='word_1_795' title='bbox 2435 5342 2532 5397; x_wconf 91' lang='lat' dir='ltr'><strong>sed</strong></span> <span class='ocrx_word' id='word_1_796' title='bbox 2580 5351 2764 5396; x_wconf 90' lang='lat' dir='ltr'><strong>tamen</strong></span> <span class='ocrx_word' id='word_1_797' title='bbox 2805 5342 3031 5396; x_wconf 89' lang='lat' dir='ltr'><strong>omnino</strong></span> <span class='ocrx_word' id='word_1_798' title='bbox 3059 5342 3195 5406; x_wconf 89' lang='lat' dir='ltr'><strong>erit,</strong></span> <span class='ocrx_word' id='word_1_799' title='bbox 3228 5356 3293 5396; x_wconf 86' lang='lat' dir='ltr'><strong>ac</strong></span> <span class='ocrx_word' id='word_1_800' title='bbox 3325 5342 3488 5396; x_wconf 84' lang='lat' dir='ltr'><strong>linem</strong></span> <span class='ocrx_word' id='word_1_801' title='bbox 3524 5356 3618 5396; x_wconf 84' lang='lat' dir='ltr'><strong>ac-</strong></span> 
     </span>
    </p>
   </div>
   <div class='ocr_carea' id='block_1_100' title="bbox 307 5428 1920 5507">
    <p class='ocr_par' dir='ltr' id='par_1_100' title="bbox 307 5428 1920 5507">
     <span class='ocr_line' id='line_1_100' title="bbox 307 5428 1920 5507; baseline 0.003 -24"><span class='ocrx_word' id='word_1_802' title='bbox 307 5431 483 5483; x_wconf 75' lang='grc' dir='ltr'><strong>ἔσται</strong></span> <span class='ocrx_word' id='word_1_803' title='bbox 506 5428 567 5483; x_wconf 81' lang='grc' dir='ltr'><strong>δὲ</strong></span> <span class='ocrx_word' id='word_1_804' title='bbox 596 5428 817 5493; x_wconf 78' lang='grc' dir='ltr'><strong>πάντως</strong></span> <span class='ocrx_word' id='word_1_805' title='bbox 847 5429 940 5484; x_wconf 74' lang='grc' dir='ltr'><strong>καὶ</strong></span> <span class='ocrx_word' id='word_1_806' title='bbox 972 5428 1204 5501; x_wconf 83' lang='grc' dir='ltr'><strong>λήψεται</strong></span> <span class='ocrx_word' id='word_1_807' title='bbox 1236 5431 1419 5503; x_wconf 79' lang='grc' dir='ltr'><strong>πέρας</strong></span> <span class='ocrx_word' id='word_1_808' title='bbox 1439 5448 1453 5462; x_wconf 74' lang='grc'>⁸</span> <span class='ocrx_word' id='word_1_809' title='bbox 1507 5432 1630 5486; x_wconf 77' lang='grc' dir='ltr'><strong>ἐπεὶ</strong></span> <span class='ocrx_word' id='word_1_810' title='bbox 1656 5434 1791 5507; x_wconf 86' lang='grc' dir='ltr'><strong>μηδέ</strong></span> <span class='ocrx_word' id='word_1_811' title='bbox 1823 5436 1920 5506; x_wconf 82' lang='grc' dir='ltr'><strong>μά‹</strong></span> 
     </span>
    </p>
   </div>
   <div class='ocr_carea' id='block_1_101' title="bbox 2024 5428 3628 5507">
    <p class='ocr_par' dir='ltr' id='par_1_101' title="bbox 2030 5431 3628 5502">
     <span class='ocr_line' id='line_1_101' title="bbox 2030 5431 3628 5502; baseline 0 -15"><span class='ocrx_word' id='word_1_812' title='bbox 2030 5431 2200 5502; x_wconf 86' lang='lat' dir='ltr'><strong>cipiet</strong></span> <span class='ocrx_word' id='word_1_813' title='bbox 2235 5450 2248 5487; x_wconf 91' lang='lat'>:</span> <span class='ocrx_word' id='word_1_814' title='bbox 2278 5446 2387 5486; x_wconf 91' lang='lat' dir='ltr'><strong>non</strong></span> <span class='ocrx_word' id='word_1_815' title='bbox 2434 5432 2580 5488; x_wconf 92' lang='lat' dir='ltr'><strong>enim</strong></span> <span class='ocrx_word' id='word_1_816' title='bbox 2619 5432 2733 5485; x_wconf 75' lang='lat' dir='ltr'><strong>haec</strong></span> <span class='ocrx_word' id='word_1_817' title='bbox 2789 5432 2993 5486; x_wconf 82' lang='lat' dir='ltr'><strong>frustra</strong></span> <span class='ocrx_word' id='word_1_818' title='bbox 3046 5432 3282 5486; x_wconf 82' lang='lat' dir='ltr'><strong>revelata</strong></span> <span class='ocrx_word' id='word_1_819' title='bbox 3325 5439 3475 5495; x_wconf 83' lang='lat' dir='ltr'><strong>sunt,</strong></span> <span class='ocrx_word' id='word_1_820' title='bbox 3516 5434 3628 5489; x_wconf 84' lang='lat' dir='ltr'><strong>sed</strong></span> 
     </span>
    </p>
   </div>
   <div class='ocr_carea' id='block_1_102' title="bbox 302 5518 1920 5596">
    <p class='ocr_par' dir='ltr' id='par_1_102' title="bbox 302 5518 1920 5593">
     <span class='ocr_line' id='line_1_102' title="bbox 302 5518 1920 5593; baseline 0.003 -19"><span class='ocrx_word' id='word_1_821' title='bbox 302 5538 420 5593; x_wconf 88' lang='grc' dir='ltr'><strong>την</strong></span> <span class='ocrx_word' id='word_1_822' title='bbox 451 5518 751 5582; x_wconf 81' lang='grc' dir='ltr'><strong>δέδεικται,</strong></span> <span class='ocrx_word' id='word_1_823' title='bbox 794 5518 911 5573; x_wconf 84' lang='grc' dir='ltr'><strong>ἀλλ’</strong></span> <span class='ocrx_word' id='word_1_824' title='bbox 932 5520 1008 5585; x_wconf 85' lang='grc' dir='ltr'><strong>ὡς</strong></span> <span class='ocrx_word' id='word_1_825' title='bbox 1039 5522 1133 5576; x_wconf 75' lang='grc' dir='ltr'><strong>καὶ</strong></span> <span class='ocrx_word' id='word_1_826' title='bbox 1172 5522 1416 5590; x_wconf 82' lang='grc' dir='ltr'><strong>ἐσόμενα</strong></span> <span class='ocrx_word' id='word_1_827' title='bbox 1454 5523 1694 5588; x_wconf 87' lang='grc' dir='ltr'><strong>πάντως.</strong></span> <span class='ocrx_word' id='word_1_828' title='bbox 1747 5543 1766 5577; x_wconf 78' lang='grc' dir='ltr'><strong>ι</strong></span> <span class='ocrx_word' id='word_1_829' title='bbox 1801 5525 1920 5579; x_wconf 61' lang='grc' dir='ltr'><strong>Ἐὰν</strong></span> 
     </span>
    </p>
   </div>
   <div class='ocr_carea' id='block_1_103' title="bbox 2024 5518 3619 5596">
    <p class='ocr_par' dir='ltr' id='par_1_103' title="bbox 2029 5520 3619 5596">
     <span class='ocr_line' id='line_1_103' title="bbox 2029 5520 3619 5596; baseline 0.004 -22"><span class='ocrx_word' id='word_1_830' title='bbox 2029 5536 2261 5592; x_wconf 89' lang='lat' dir='ltr'><strong>prorsus</strong></span> <span class='ocrx_word' id='word_1_831' title='bbox 2294 5529 2354 5576; x_wconf 92' lang='lat' dir='ltr'><strong>ut</strong></span> <span class='ocrx_word' id='word_1_832' title='bbox 2378 5534 2661 5578; x_wconf 86' lang='lat' dir='ltr'><strong>eventura.</strong></span> <span class='ocrx_word' id='word_1_833' title='bbox 2711 5541 2730 5572; x_wconf 79' lang='lat' dir='ltr'><strong>r</strong></span> <span class='ocrx_word' id='word_1_834' title='bbox 2766 5520 2824 5575; x_wconf 84' lang='lat' dir='ltr'><strong>Si</strong></span> <span class='ocrx_word' id='word_1_835' title='bbox 2864 5537 3070 5576; x_wconf 89' lang='lat' dir='ltr'><strong>moram</strong></span> <span class='ocrx_word' id='word_1_836' title='bbox 3116 5521 3328 5586; x_wconf 81' lang='lat' dir='ltr'><strong>fecerit,</strong></span> <span class='ocrx_word' id='word_1_837' title='bbox 3355 5533 3619 5596; x_wconf 83' lang='lat' dir='ltr'><strong>exspecta</strong></span> 
     </span>
    </p>
   </div>
   <div class='ocr_carea' id='block_1_104' title="bbox 299 5610 1920 5688">
    <p class='ocr_par' dir='ltr' id='par_1_104' title="bbox 299 5610 1920 5688">
     <span class='ocr_line' id='line_1_104' title="bbox 299 5610 1920 5688; baseline 0.002 -20"><span class='ocrx_word' id='word_1_838' title='bbox 299 5611 639 5682; x_wconf 81' lang='grc' dir='ltr'><strong>ὐστερήσῃ,</strong></span> <span class='ocrx_word' id='word_1_839' title='bbox 669 5610 963 5681; x_wconf 82' lang='grc' dir='ltr'><strong>ὑπόμεινον</strong></span> <span class='ocrx_word' id='word_1_840' title='bbox 992 5613 1177 5681; x_wconf 80' lang='grc' dir='ltr'><strong>αὐτὸν,</strong></span> <span class='ocrx_word' id='word_1_841' title='bbox 1201 5614 1289 5669; x_wconf 81' lang='grc' dir='ltr'><strong>ὅτι</strong></span> <span class='ocrx_word' id='word_1_842' title='bbox 1315 5616 1343 5668; x_wconf 86' lang='grc' dir='ltr'>ὁ</span> <span class='ocrx_word' id='word_1_843' title='bbox 1369 5614 1664 5686; x_wconf 86' lang='grc' dir='ltr'><strong>ἐρχόμενος</strong></span> <span class='ocrx_word' id='word_1_844' title='bbox 1688 5614 1808 5688; x_wconf 80' lang='grc' dir='ltr'><strong>ῆξει</strong></span> <span class='ocrx_word' id='word_1_845' title='bbox 1834 5618 1920 5671; x_wconf 62' lang='grc' dir='ltr'><strong>καὶ</strong></span> 
     </span>
    </p>
   </div>
   <div class='ocr_carea' id='block_1_105' title="bbox 2024 5610 3620 5688">
    <p class='ocr_par' dir='ltr' id='par_1_105' title="bbox 2037 5615 3620 5687">
     <span class='ocr_line' id='line_1_105' title="bbox 2037 5615 3620 5687; baseline 0.004 -18"><span class='ocrx_word' id='word_1_846' title='bbox 2037 5615 2216 5683; x_wconf 90' lang='lat' dir='ltr'><strong>illum,</strong></span> <span class='ocrx_word' id='word_1_847' title='bbox 2256 5616 2386 5687; x_wconf 87' lang='lat' dir='ltr'><strong>quia</strong></span> <span class='ocrx_word' id='word_1_848' title='bbox 2413 5617 2638 5672; x_wconf 90' lang='lat' dir='ltr'><strong>veniens</strong></span> <span class='ocrx_word' id='word_1_849' title='bbox 2665 5615 2864 5679; x_wconf 84' lang='lat' dir='ltr'><strong>veniet,</strong></span> <span class='ocrx_word' id='word_1_850' title='bbox 2887 5626 2941 5670; x_wconf 88' lang='lat' dir='ltr'><strong>et</strong></span> <span class='ocrx_word' id='word_1_851' title='bbox 2966 5630 3077 5670; x_wconf 91' lang='lat' dir='ltr'><strong>non</strong></span> <span class='ocrx_word' id='word_1_852' title='bbox 3106 5615 3369 5672; x_wconf 84' lang='lat' dir='ltr'><strong>tardabit.</strong></span> <span class='ocrx_word' id='word_1_853' title='bbox 3394 5636 3413 5669; x_wconf 71' lang='grc' dir='ltr'><strong>ι</strong></span> <span class='ocrx_word' id='word_1_854' title='bbox 3437 5617 3620 5685; x_wconf 85' lang='lat' dir='ltr'><strong>Quare</strong></span> 
     </span>
    </p>
   </div>
   <div class='ocr_carea' id='block_1_106' title="bbox 296 5701 1920 5779">
    <p class='ocr_par' dir='ltr' id='par_1_106' title="bbox 296 5701 1920 5778">
     <span class='ocr_line' id='line_1_106' title="bbox 296 5701 1920 5778; baseline 0.004 -23"><span class='ocrx_word' id='word_1_855' title='bbox 296 5707 373 5762; x_wconf 78' lang='grc' dir='ltr'><strong>οὐ</strong></span> <span class='ocrx_word' id='word_1_856' title='bbox 413 5703 498 5776; x_wconf 80' lang='grc' dir='ltr'><strong>μὴ</strong></span> <span class='ocrx_word' id='word_1_857' title='bbox 522 5701 774 5776; x_wconf 80' lang='grc' dir='ltr'><strong>χρονίσῃ.</strong></span> <span class='ocrx_word' id='word_1_858' title='bbox 801 5720 820 5756; x_wconf 74' lang='grc' dir='ltr'><strong>ι</strong></span> <span class='ocrx_word' id='word_1_859' title='bbox 863 5704 1027 5757; x_wconf 81' lang='grc' dir='ltr'><strong>Ὥστε</strong></span> <span class='ocrx_word' id='word_1_860' title='bbox 1060 5707 1110 5758; x_wconf 83' lang='grc' dir='ltr'><strong>εί</strong></span> <span class='ocrx_word' id='word_1_861' title='bbox 1139 5707 1235 5761; x_wconf 84' lang='grc' dir='ltr'><strong>καί</strong></span> <span class='ocrx_word' id='word_1_862' title='bbox 1283 5723 1368 5769; x_wconf 85' lang='grc' dir='ltr'><strong>τις</strong></span> <span class='ocrx_word' id='word_1_863' title='bbox 1397 5706 1691 5778; x_wconf 84' lang='grc' dir='ltr'><strong>ὑπέρθεσις</strong></span> <span class='ocrx_word' id='word_1_864' title='bbox 1727 5705 1920 5773; x_wconf 80' lang='grc' dir='ltr'><strong>δόξειεν</strong></span> 
     </span>
    </p>
   </div>
   <div class='ocr_carea' id='block_1_107' title="bbox 2024 5701 3623 5779">
    <p class='ocr_par' dir='ltr' id='par_1_107' title="bbox 2036 5706 3623 5779">
     <span class='ocr_line' id='line_1_107' title="bbox 2036 5706 3623 5779; baseline 0.002 -15"><span class='ocrx_word' id='word_1_865' title='bbox 2036 5708 2250 5764; x_wconf 89' lang='lat' dir='ltr'><strong>etiamsi</strong></span> <span class='ocrx_word' id='word_1_866' title='bbox 2306 5708 2497 5764; x_wconf 87' lang='lat' dir='ltr'><strong>dilatio</strong></span> <span class='ocrx_word' id='word_1_867' title='bbox 2546 5708 2685 5764; x_wconf 80' lang='lat' dir='ltr'><strong>forte</strong></span> <span class='ocrx_word' id='word_1_868' title='bbox 2715 5707 2898 5778; x_wconf 89' lang='lat' dir='ltr'><strong>aliqua</strong></span> <span class='ocrx_word' id='word_1_869' title='bbox 2944 5722 3135 5763; x_wconf 87' lang='lat' dir='ltr'><strong>eorum</strong></span> <span class='ocrx_word' id='word_1_870' title='bbox 3181 5724 3303 5778; x_wconf 54' lang='lat' dir='ltr'><strong>qua).</strong></span> <span class='ocrx_word' id='word_1_871' title='bbox 3332 5706 3623 5779; x_wconf 35' lang='lat' dir='ltr'><strong>:prtctlictri</strong></span> 
     </span>
    </p>
   </div>
   <div class='ocr_carea' id='block_1_108' title="bbox 300 5791 1920 5872">
    <p class='ocr_par' dir='ltr' id='par_1_108' title="bbox 300 5791 1920 5868">
     <span class='ocr_line' id='line_1_108' title="bbox 300 5791 1920 5868; baseline 0.008 -29"><span class='ocrx_word' id='word_1_872' title='bbox 300 5798 429 5853; x_wconf 72' lang='grc' dir='ltr'><strong>τῶν</strong></span> <span class='ocrx_word' id='word_1_873' title='bbox 465 5791 821 5865; x_wconf 84' lang='grc' dir='ltr'><strong>μηνυθέντων</strong></span> <span class='ocrx_word' id='word_1_874' title='bbox 855 5792 1134 5861; x_wconf 79' lang='grc' dir='ltr'><strong>γίνεσθαι,</strong></span> <span class='ocrx_word' id='word_1_875' title='bbox 1166 5797 1308 5861; x_wconf 82' lang='grc' dir='ltr'><strong>τέως</strong></span> <span class='ocrx_word' id='word_1_876' title='bbox 1349 5796 1681 5868; x_wconf 86' lang='grc' dir='ltr'><strong>ἀναμείνατε</strong></span> <span class='ocrx_word' id='word_1_877' title='bbox 1709 5797 1920 5863; x_wconf 86' lang='grc' dir='ltr'><strong>πάντως</strong></span> 
     </span>
    </p>
   </div>
   <div class='ocr_carea' id='block_1_109' title="bbox 2024 5791 3613 5872">
    <p class='ocr_par' dir='ltr' id='par_1_109' title="bbox 2037 5799 3613 5872">
     <span class='ocr_line' id='line_1_109' title="bbox 2037 5799 3613 5872; baseline 0 -15"><span class='ocrx_word' id='word_1_878' title='bbox 2037 5807 2188 5863; x_wconf 79' lang='lat' dir='ltr'><strong>sunt,</strong></span> <span class='ocrx_word' id='word_1_879' title='bbox 2210 5799 2325 5855; x_wconf 80' lang='lat' dir='ltr'><strong>ﬁeri</strong></span> <span class='ocrx_word' id='word_1_880' title='bbox 2355 5800 2651 5868; x_wconf 87' lang='lat' dir='ltr'><strong>videbitur,</strong></span> <span class='ocrx_word' id='word_1_881' title='bbox 2667 5808 2988 5856; x_wconf 88' lang='lat' dir='ltr'><strong>constanter</strong></span> <span class='ocrx_word' id='word_1_882' title='bbox 3016 5800 3234 5857; x_wconf 85' lang='lat' dir='ltr'><strong>interim</strong></span> <span class='ocrx_word' id='word_1_883' title='bbox 3265 5810 3613 5872; x_wconf 77' lang='lat' dir='ltr'><strong>exspectate;</strong></span> 
     </span>
    </p>
   </div>
   <div class='ocr_carea' id='block_1_110' title="bbox 306 5885 1920 5963">
    <p class='ocr_par' dir='ltr' id='par_1_110' title="bbox 306 5885 1920 5962">
     <span class='ocr_line' id='line_1_110' title="bbox 306 5885 1920 5962; baseline 0.002 -19"><span class='ocrx_word' id='word_1_884' title='bbox 306 5887 497 5954; x_wconf 61' lang='grc' dir='ltr'><strong>αὑτὰ,</strong></span> <span class='ocrx_word' id='word_1_885' title='bbox 547 5885 737 5960; x_wconf 77' lang='grc' dir='ltr'><strong>ἐπειδὴ</strong></span> <span class='ocrx_word' id='word_1_886' title='bbox 783 5886 930 5959; x_wconf 78' lang='grc' dir='ltr'><strong>ἅπερ</strong></span> <span class='ocrx_word' id='word_1_887' title='bbox 972 5886 1050 5953; x_wconf 81' lang='grc' dir='ltr'><strong>ὡς</strong></span> <span class='ocrx_word' id='word_1_888' title='bbox 1082 5888 1319 5958; x_wconf 68' lang='grc' dir='ltr'><strong>ἐσόμενα</strong></span> <span class='ocrx_word' id='word_1_889' title='bbox 1353 5907 1411 5943; x_wconf 85' lang='grc' dir='ltr'><strong>τε</strong></span> <span class='ocrx_word' id='word_1_890' title='bbox 1459 5888 1553 5944; x_wconf 74' lang='grc' dir='ltr'><strong>καὶ</strong></span> <span class='ocrx_word' id='word_1_891' title='bbox 1592 5890 1920 5962; x_wconf 77' lang='grc' dir='ltr'><strong>ἐλευσόμενα</strong></span> 
     </span>
    </p>
   </div>
   <div class='ocr_carea' id='block_1_111' title="bbox 2024 5885 3643 5963">
    <p class='ocr_par' dir='ltr' id='par_1_111' title="bbox 2036 5888 3643 5963">
     <span class='ocr_line' id='line_1_111' title="bbox 2036 5888 3643 5963; baseline 0.001 -17"><span class='ocrx_word' id='word_1_892' title='bbox 2036 5888 2306 5962; x_wconf 79' lang='lat' dir='ltr'><strong>siquidem</strong></span> <span class='ocrx_word' id='word_1_893' title='bbox 2361 5904 2492 5961; x_wconf 66' lang='lat' dir='ltr'><strong>quzc~</strong></span> <span class='ocrx_word' id='word_1_894' title='bbox 2518 5889 2701 5946; x_wconf 81' lang='lat' dir='ltr'><strong>futura</strong></span> <span class='ocrx_word' id='word_1_895' title='bbox 2747 5898 3129 5963; x_wconf 87' lang='lat' dir='ltr'><strong>eventuraque</strong></span> <span class='ocrx_word' id='word_1_896' title='bbox 3175 5890 3435 5962; x_wconf 72' lang='lat' dir='ltr'><strong>praedicta</strong></span> <span class='ocrx_word' id='word_1_897' title='bbox 3468 5903 3643 5961; x_wconf 71' lang='lat' dir='ltr'><strong>sunt,</strong></span> 
     </span>
    </p>
   </div>
   <div class='ocr_carea' id='block_1_112' title="bbox 2028 4147 3617 4219">
    <p class='ocr_par' dir='ltr' id='par_1_112' title="bbox 2028 4147 3617 4219">
     <span class='ocr_line' id='line_1_112' title="bbox 2028 4147 3617 4219; baseline -0.003 -12"><span class='ocrx_word' id='word_1_898' title='bbox 2028 4164 2178 4207; x_wconf 89' lang='lat' dir='ltr'><strong>nem.</strong></span> <span class='ocrx_word' id='word_1_899' title='bbox 2211 4149 2425 4206; x_wconf 85' lang='lat' dir='ltr'><strong>Idcirco</strong></span> <span class='ocrx_word' id='word_1_900' title='bbox 2474 4151 2597 4205; x_wconf 89' lang='lat' dir='ltr'><strong>ait:</strong></span> <span class='ocrx_word' id='word_1_901' title='bbox 2641 4166 2661 4203; x_wconf 80' lang='grc' dir='ltr'><strong>ι</strong></span> <span class='ocrx_word' id='word_1_902' title='bbox 2704 4148 2770 4203; x_wconf 85' lang='grc' dir='ltr'><strong>Ει</strong></span> <span class='ocrx_word' id='word_1_903' title='bbox 2820 4148 3108 4219; x_wconf 89' lang='lat' dir='ltr'><strong>respondit</strong></span> <span class='ocrx_word' id='word_1_904' title='bbox 3159 4147 3291 4203; x_wconf 86' lang='lat' dir='ltr'><strong>mihi</strong></span> <span class='ocrx_word' id='word_1_905' title='bbox 3345 4147 3617 4204; x_wconf 86' lang='lat' dir='ltr'><strong>Dominus</strong></span> 
     </span>
    </p>
   </div>
   <div class='ocr_carea' id='block_1_113' title="bbox 2030 4241 3617 4313">
    <p class='ocr_par' dir='ltr' id='par_1_113' title="bbox 2030 4241 3617 4313">
     <span class='ocr_line' id='line_1_113' title="bbox 2030 4241 3617 4313; baseline -0.001 -16"><span class='ocrx_word' id='word_1_906' title='bbox 2030 4242 2318 4313; x_wconf 80' lang='lat' dir='ltr'><strong>dixitque:</strong></span> <span class='ocrx_word' id='word_1_907' title='bbox 2358 4241 2552 4297; x_wconf 88' lang='lat' dir='ltr'><strong>Scribe</strong></span> <span class='ocrx_word' id='word_1_908' title='bbox 2597 4241 2893 4297; x_wconf 81' lang='lat' dir='ltr'><strong>manifeste</strong></span> <span class='ocrx_word' id='word_1_909' title='bbox 2924 4242 3038 4296; x_wconf 87' lang='lat' dir='ltr'><strong>visa</strong></span> <span class='ocrx_word' id='word_1_910' title='bbox 3074 4241 3128 4295; x_wconf 90' lang='lat' dir='ltr'><strong>in</strong></span> <span class='ocrx_word' id='word_1_911' title='bbox 3184 4241 3352 4309; x_wconf 77' lang='lat' dir='ltr'><strong>buxo,</strong></span> <span class='ocrx_word' id='word_1_912' title='bbox 3383 4248 3443 4296; x_wconf 91' lang='lat' dir='ltr'><strong>ut</strong></span> <span class='ocrx_word' id='word_1_913' title='bbox 3489 4256 3617 4312; x_wconf 90' lang='lat' dir='ltr'><strong>per-</strong></span> 
     </span>
    </p>
   </div>
   <div class='ocr_carea' id='block_1_114' title="bbox 2031 4332 3619 4406">
    <p class='ocr_par' dir='ltr' id='par_1_114' title="bbox 2031 4332 3619 4406">
     <span class='ocr_line' id='line_1_114' title="bbox 2031 4332 3619 4406; baseline 0.001 -18"><span class='ocrx_word' id='word_1_914' title='bbox 2031 4340 2297 4406; x_wconf 88' lang='lat' dir='ltr'><strong>sequatur</strong></span> <span class='ocrx_word' id='word_1_915' title='bbox 2325 4333 2419 4404; x_wconf 93' lang='lat' dir='ltr'><strong>qui</strong></span> <span class='ocrx_word' id='word_1_916' title='bbox 2449 4333 2580 4404; x_wconf 88' lang='lat' dir='ltr'><strong>legit</strong></span> <span class='ocrx_word' id='word_1_917' title='bbox 2610 4348 2695 4388; x_wconf 88' lang='lat' dir='ltr'><strong>ea.</strong></span> <span class='ocrx_word' id='word_1_918' title='bbox 2731 4351 2752 4385; x_wconf 72' lang='grc' dir='ltr'><strong>ι</strong></span> <span class='ocrx_word' id='word_1_919' title='bbox 2777 4332 3073 4404; x_wconf 87' lang='lat' dir='ltr'><strong>Postquam</strong></span> <span class='ocrx_word' id='word_1_920' title='bbox 3110 4333 3249 4388; x_wconf 82' lang='lat' dir='ltr'><strong>dixit</strong></span> <span class='ocrx_word' id='word_1_921' title='bbox 3296 4341 3619 4404; x_wconf 81' lang='lat' dir='ltr'><strong>exspectare</strong></span> 
     </span>
    </p>
   </div>
   <div class='ocr_carea' id='block_1_115' title="bbox 2030 4422 3614 4493">
    <p class='ocr_par' dir='ltr' id='par_1_115' title="bbox 2030 4422 3614 4493">
     <span class='ocr_line' id='line_1_115' title="bbox 2030 4422 3614 4493; baseline -0.001 -13"><span class='ocrx_word' id='word_1_922' title='bbox 2030 4438 2091 4480; x_wconf 84' lang='lat' dir='ltr'><strong>se</strong></span> <span class='ocrx_word' id='word_1_923' title='bbox 2114 4437 2144 4478; x_wconf 89' lang='lat' dir='ltr'><strong>a</strong></span> <span class='ocrx_word' id='word_1_924' title='bbox 2204 4422 2314 4480; x_wconf 91' lang='lat' dir='ltr'><strong>Deo</strong></span> <span class='ocrx_word' id='word_1_925' title='bbox 2347 4424 2581 4491; x_wconf 89' lang='lat' dir='ltr'><strong>moneri,</strong></span> <span class='ocrx_word' id='word_1_926' title='bbox 2627 4422 2787 4493; x_wconf 87' lang='lat' dir='ltr'><strong>quale</strong></span> <span class='ocrx_word' id='word_1_927' title='bbox 2819 4424 2887 4479; x_wconf 91' lang='lat' dir='ltr'><strong>de</strong></span> <span class='ocrx_word' id='word_1_928' title='bbox 2922 4423 3010 4479; x_wconf 83' lang='lat' dir='ltr'><strong>his</strong></span> <span class='ocrx_word' id='word_1_929' title='bbox 3043 4424 3325 4479; x_wconf 88' lang='lat' dir='ltr'><strong>oraculum</strong></span> <span class='ocrx_word' id='word_1_930' title='bbox 3389 4424 3614 4489; x_wconf 85' lang='lat' dir='ltr'><strong>reddat;</strong></span> 
     </span>
    </p>
   </div>
   <div class='ocr_carea' id='block_1_116' title="bbox 2032 4508 3611 4581">
    <p class='ocr_par' dir='ltr' id='par_1_116' title="bbox 2032 4508 3611 4581">
     <span class='ocr_line' id='line_1_116' title="bbox 2032 4508 3611 4581; baseline 0.001 -17"><span class='ocrx_word' id='word_1_931' title='bbox 2032 4508 2149 4565; x_wconf 60' lang='lat' dir='ltr'><strong>haec</strong></span> <span class='ocrx_word' id='word_1_932' title='bbox 2178 4510 2282 4565; x_wconf 91' lang='lat' dir='ltr'><strong>sibi</strong></span> <span class='ocrx_word' id='word_1_933' title='bbox 2326 4523 2359 4563; x_wconf 89' lang='lat' dir='ltr'><strong>a</strong></span> <span class='ocrx_word' id='word_1_934' title='bbox 2401 4508 2508 4565; x_wconf 83' lang='lat' dir='ltr'><strong>Deo</strong></span> <span class='ocrx_word' id='word_1_935' title='bbox 2552 4524 2817 4581; x_wconf 89' lang='lat' dir='ltr'><strong>responsa</strong></span> <span class='ocrx_word' id='word_1_936' title='bbox 2868 4510 3002 4567; x_wconf 89' lang='lat' dir='ltr'><strong>dicit</strong></span> <span class='ocrx_word' id='word_1_937' title='bbox 3033 4530 3046 4566; x_wconf 91' lang='lat'><strong>:</strong></span> <span class='ocrx_word' id='word_1_938' title='bbox 3072 4509 3316 4568; x_wconf 85' lang='lat' dir='ltr'><strong>Jussisse</strong></span> <span class='ocrx_word' id='word_1_939' title='bbox 3359 4512 3611 4568; x_wconf 82' lang='lat' dir='ltr'><strong>videlicet</strong></span> 
     </span>
    </p>
   </div>
  </div>
