4118 6468
517 424 624 497 453

1668 422 2018 499 'rueooont
2057 425 2541 498 uorsuesrem‘

3666 424 3774 497 ιεε

519 568 603 617 ea,
641 549 888 620 Inquam,
915 548 1168 606 evenient
1212 549 1453 620 ﬁentque
1509 566 1762 621 prorsus,
1796 572 1972 626 neque
2031 557 2085 610 in

2216 559 2497 628 ιεμήνυται
2519 597 2533 618 ,
2562 556 2733 610 ταῦτα
2758 556 2821 626 δὴ
2855 556 2971 626 ἥξει
3003 574 3061 608 τε
3093 558 3186 611 καὶ
3216 558 3503 627 γενήσεται
3525 552 3774 622 πάντως,

521 649 838 711 perpetuam
898 639 1217 696 dilationem
1260 642 1559 697 incurrent.
1606 663 1624 696 ι
1680 643 1736 699 Si
1766 661 1833 699 se
1885 646 2101 699 subtra-

519 731 682 792 xerit,
718 744 827 783 non
877 730 1014 784 bene
1051 730 1288 799 placebit
1337 732 1533 806 animae
1567 747 1698 787 mea!
1739 734 1904 804 239
1936 751 2101 804 super

520 835 644 873 eum
677 837 691 885 ;
726 819 913 888 justus
944 829 1124 875 autem
1145 836 1211 877 ex
1243 820 1349 875 ﬁde
1376 837 1493 876 mea
1527 822 1679 876 vivit.
1721 841 1741 874 ι
1784 823 1840 877 Si
1872 827 1997 894 quis
2032 825 2100 879 ad

527 910 687 965 tidem
740 909 938 966 tuturis
965 912 1129 966 rebus
1160 911 1395 981 praedam
1446 912 1733 981 torpuerit,
1787 924 1837 967 et
1872 915 2101 985 ancipiti

530 1002 717 1054 animo
744 1002 869 1065 erit,
901 1001 992 1055 hic
1035 1001 1167 1055 mihi
1207 1002 1363 1057 valde
1390 1011 1475 1058 est
1525 1002 1739 1058 invisus
1773 1021 1785 1057 :
1820 1019 1921 1075 ego
1955 1007 2102 1060 enim

526 1091 736 1161 justum
758 1093 915 1155 illum
946 1108 1071 1149 esse
1117 1093 1338 1157 definio,
1372 1096 1464 1165 qui
1490 1096 1949 1165 promissionibus
1976 1114 2102 1155 cre-

529 1185 629 1250 dit,
653 1184 707 1240 et
732 1186 1020 1241 utilitatem
1047 1201 1115 1241 ex
1142 1187 1225 1241 eis
1254 1188 1420 1257 capit.

598 1360 768 1416 Vens.
801 1362 856 1427 5,
886 1364 939 1418 6.
969 1391 1041 1403 —
1070 1363 1166 1420 His
1199 1366 1345 1420 circa
1386 1368 1771 1424 revelationem
1816 1370 1999 1436 dictis,
2028 1381 2105 1426 at-

525 1468 635 1525 que
656 1455 725 1509 ad
749 1454 1080 1510 credendum
1129 1457 1367 1513 ostensis
1416 1460 1687 1528 hortatus,
1727 1463 1983 1533 deinceps
2032 1465 2106 1518 vi-

529 1546 740 1601 sionem
775 1547 1033 1602 evolvens
1063 1544 1139 1601 ait
1181 1567 1196 1603 :
1239 1566 1259 1599 ι
1303 1548 1394 1603 Vir
1424 1560 1607 1607 autem
1648 1555 2104 1624 presumptiosus

526 1646 581 1692 et
610 1642 954 1708 contemptor
1009 1645 1172 1708 atque
1213 1642 1486 1710 superbus
1531 1644 1670 1698 nihil
1732 1645 1994 1711 perducet
2036 1646 2104 1700 ad

530 1729 710 1784 linem.
751 1748 770 1781 ι
809 1729 989 1785 Probe
1024 1744 1158 1800 ergo
1211 1734 1530 1802 cognoscite
1581 1736 1727 1791 hunc
1749 1736 1958 1791 hostem
2012 1752 2104 1791 ve-

527 1821 728 1886 ‘strum,
753 1817 1110 1892 Babylonium
1152 1822 1469 1893 designans,
1502 1824 1793 1880 immodica
1848 1842 2105 1898 arrogan-

2202 648 2261 699 οὑ
2301 648 2407 718 μὴν
2435 648 2513 709 είς
2545 642 3459 719 ὑπέρθεσινὲμπεσεῖταιπαπελῆ.ι
3490 647 3618 700 Ἐἀν
3643 648 3775 699 ὑπο-

2205 740 2475 809 στείληται
2497 779 2510 802 ,
2552 740 2653 799 οὑκ
2690 739 2899 792 εὐδοκεῖ
2939 741 2971 809 ἡ
3005 739 3151 809 ψυχή
3188 756 3289 809 μου
3328 739 3411 791 ἐπ’
3438 737 3620 808 αὐτῷ·
3656 741 3685 791 6
3718 740 3775 791 δὲ

2201 829 2404 891 δίκαιος
2458 830 2521 881 ἐκ
2570 828 2803 892 πίστεώς
2839 827 2954 899 ’μου
2977 828 3434 901 ζήσεται.»Ὠστε
3480 831 3528 880 εἰ
3568 828 3660 881 καί
3692 845 3777 891 τις

2204 922 2450 990 ὀκνήσειε
2485 920 2613 991 περὶ
2641 919 2740 990 τὴν
2773 919 2956 972 πίστιν
2997 919 3105 972 τῶν
3135 919 3408 989 ἐσομένων
3435 960 3446 976 ,
3481 917 3575 972 καὶ
3605 919 3779 989 ἀμφι-ν

2202 1007 2412 1061 ϐάλλων
2445 1008 2494 1060 εί
2525 1008 2814 1076 γενήσεται
2840 1007 3088 1071 πάντως,
3119 1005 3323 1076 σφόδρα
3356 1023 3444 1073 μοι
3472 1006 3558 1059 διὰ
3587 1005 3778 1076 μίσους

2203 1101 2351 1154 ἐστὶν
2372 1101 2401 1152 6
2426 1099 2666 1161 τοιοῦτος
2686 1114 2701 1129 ο
2740 1098 2926 1169 ἐπειδὴ
2968 1098 3175 1151 δίκαιον
3202 1096 3383 1165 ἔγωγε
3415 1095 3666 1167 ὁρίζομαι
3688 1096 3779 1148 τὸν

2205 1188 2529 1242 πιστεύοντὰ
2551 1204 2612 1239 τε
2646 1190 2756 1249 τοῖς
2781 1187 3207 1257 ἐπηγγελμένοις
3230 1225 3244 1251 ,
3276 1184 3367 1239 καὶ
3393 1185 3490 1255 τὴν
3515 1183 3574 1248 ἐξ
3598 1183 3781 1238 αὐτῶν

2206 1278 2564 1350 κομιζόμενον
2586 1278 2875 1347 ὠφέλειαν.

2275 1370 2423 1439 Στίχ.
2463 1377 2525 1433 ε’,
2556 1375 2629 1433 ς’.
2669 1398 2740 1410 -
2772 1368 2956 1422 Ταῦτα
2988 1370 3115 1440 περὶ
3149 1368 3249 1437 τῆς
3280 1365 3671 1435 ἀποκαλύψεως
3704 1367 3784 1419 εί-

2209 1461 2412 1533 ρηκὼς,
2458 1459 2552 1514 καὶ
2580 1461 3024 1533 προτρεψάμενος
3054 1459 3335 1513 πιστεύειν
3363 1461 3473 1521 τοῖς
3500 1458 3784 1527 δεικνυμέ-

2206 1568 2338 1615 νοις,
2382 1552 2568 1605 λοιπὸν
2601 1552 2823 1621 ἐπάγων
2868 1551 2938 1605 τὰ
2979 1552 3076 1621 τῆς
3127 1551 3366 1621 ὁράσεως
3406 1547 3548 1602 οὑτω
3580 1548 3777 1616 φησίν·

2210 1660 2229 1693 ι
2280 1643 2337 1696 ’0
2367 1643 2424 1695 δὲ
2454 1642 2802 1713 κατοιόμενος
2833 1644 2929 1696 καὶ
2950 1640 3363 1712 καταφρονητὴς
3395 1639 3534 1711 ἀνὴρ
3566 1637 3782 1702 ἀλαζὼν

2204 1732 2361 1785 οὐθὲν
2406 1733 2468 1785 οὑ
2500 1733 2573 1803 μὴ
2622 1734 2851 1805 περάνῃ.
2890 1752 2910 1783 ι
2944 1728 3017 1786 Εὖ
3054 1732 3166 1785 ίστε
3192 1732 3392 1794 τοίνυν,
3433 1731 3617 1801 φησὶν,
3659 1732 3784 1781 του-

2203 1824 2317 1876 τονὶ
2344 1824 2433 1877 τὸν
2464 1824 2716 1894 πολέμιον
2742 1824 2833 1877 τὸν
2865 1824 3128 1894 ὑμέτερον
3151 1840 3165 1855 ·
3197 1823 3345 1891 λέγει
3390 1822 3447 1875 δὲ
3480 1822 3572 1875 τὸν
3603 1820 3783 1874 Βαϐυ-

527 1909 602 1962 tia
630 1910 858 1972 elatum,
893 1910 1204 1979 divinaeque
1231 1912 1507 1979 patientiae
1552 1921 2008 1983 contemptorem,
2049 1924 2104 1971 et

2216 1913 2418 1977 λώνιον,
2456 1915 2529 1984 (p.
2569 1915 2693 1983 565)
2736 1915 2825 1968 τὸν
2858 1914 3081 1986 ἀμέτρῳ
3126 1914 3206 1985 τῷ
3243 1916 3468 1985 οίήματι
3507 1915 3784 1985 κεχρημέο

526 1998 756 2051 aliorum
795 1996 1195 2054 calamitatibus
1227 2000 1611 2064 exsultantem,
1652 2002 1821 2066 hunc,
1857 2002 2101 2071 inquam,

524 2088 916 2143 dominationis
952 2104 1067 2143 suae
1106 2090 1382 2160 negotium
1428 2090 1573 2144 felici
1608 2092 1758 2146 exitu
1810 2108 1918 2146 non
1973 2108 2106 2147 con-

526 2181 831 2244 clusurum,
859 2181 952 2235 sed
984 2182 1284 2236 terribilem
1317 2182 1609 2250 quamdam
1642 2196 1670 2234 a
1703 2181 1887 2237 divina
1913 2184 2096 2238 vindi-

526 2277 613 2323 cta
640 2270 1057 2327 conversionem
1088 2278 1464 2340 experturum.
1497 2292 1515 2323 ι
1539 2271 1640 2338 Qui
1676 2274 1924 2328 dilatavit
1959 2276 2105 2329 sicut

527 2358 778 2417 infernus
827 2363 1065 2417 animam
1118 2377 1298 2427 suam,
1328 2372 1382 2418 et
1407 2365 1600 2419 mortis
1632 2365 1810 2419 instar
1836 2376 1921 2421 est
1957 2366 2102 2421 insa-

529 2451 775 2516 tiabilis;
808 2452 901 2521 qui
942 2453 1208 2507 adunabit
1256 2454 1363 2509 sibi
1424 2469 1614 2509 omnes
1646 2463 1856 2524 gentes,
1887 2466 1940 2510 ct
1969 2473 2106 2511 cun—

527 2546 649 2595 ctos
678 2540 907 2609 populos
953 2541 1019 2596 ad
1056 2556 1116 2595 se
1151 2541 1400 2611 recipiet.
1445 2561 1464 2594 ›
1500 2542 1601 2608 Qui
1649 2545 1804 2613 quasi
1857 2545 2106 2600 infernus

528 2631 792 2686 adversus
830 2646 1020 2687 omnes
1050 2632 1157 2687 vim
1191 2648 1346 2687 suam
1386 2635 1663 2696 extendit,
1698 2637 1900 2704 passim
1936 2637 2106 2691 inter-

527 2720 750 2786 ticiens,
775 2728 830 2776 et
876 2724 1072 2778 mortis
1105 2723 1349 2778 imitator
1374 2726 1576 2779 nullam
1609 2726 1916 2782 occisorum
1943 2729 2109 2783 satie-

533 2821 700 2866 tatem
731 2815 897 2883 cepit,
930 2813 1217 2883 captivans
1266 2816 1553 2883 plurimos,
1583 2825 1638 2871 et
1680 2818 1881 2887 ubique
1917 2836 2107 2877 omnes

530 2902 635 2957 sub
689 2917 845 2956 suam
901 2910 1227 2971 potestatem
1268 2904 1541 2974 redigens,
1568 2906 1656 2961 hic
1699 2906 2105 2965 formidabilem

531 2993 822 3063 quamdam
868 2994 966 3047 abs
1005 2993 1187 3049 divina
1247 2994 1328 3048 ira
1388 2998 1797 3052 subversionem
1851 3002 2104 3069 patietur.

537 3103 557 3137 I
590 3083 783 3141 Nonne
810 3085 929 3140 haec
971 3087 1158 3139 omnia
1195 3087 1506 3152 parabolam
1556 3088 1821 3146 adversus
1851 3107 1975 3145 eum
2014 3107 2109 3147 su-

533 3183 705 3253 ment,
736 3184 791 3231 et
829 3177 1107 3246 problema
1139 3177 1205 3232 de
1238 3180 1355 3246 ipso
1400 3180 1706 3235 narrabunt
1732 3182 1757 3234 ?
1777 3183 2102 3253 dicentque:

534 3247 629 3322 Vae
652 3266 749 3338 qui
777 3268 882 3323 sibi
910 3284 1020 3322 non
1056 3284 1155 3324 sua
1187 3269 1512 3341 multiplicat
1539 3273 1551 3324 l
1588 3273 1883 3342 Quousque
1911 3247 2114 3329 coilare
2140 3249 2182 3304 δ

535 3364 699 3415 suum
756 3361 1072 3430 aggravabit
1127 3361 1533 3418 vehementer?
1587 3384 1605 3416 ι
1673 3365 1870 3420 Cuncti
1931 3378 2115 3436 postea

536 3442 807 3520 quotquot
831 3450 1033 3519 ubique
1068 3459 1235 3516 sunt,
1269 3467 1450 3507 rerum
1498 3455 1623 3522 ejus
1656 3454 2014 3513 conversione
2045 3464 2120 3509 at-

534 3541 736 3607 toniti,
771 3549 1030 3612 tanquam
1072 3543 1127 3596 in
1176 3543 1670 3616 parabolahdicent
1719 3564 1730 3598 :
1781 3544 2120 3603 Miserrimus

542 3633 633 3688 ille
655 3634 900 3689 omnium
926 3636 1019 3703 qui
1053 3633 1246 3689 alienae
1284 3635 1360 3689 rei
1390 3637 1578 3704 rapina
1610 3651 1741 3692 suas
1772 3652 1904 3707 opes
1935 3648 2116 3708 auget,

539 3723 634 3791 qui
663 3725 846 3794 gravis
875 3724 1112 3779 subditis
1152 3723 1212 3779 ﬁt
1235 3724 1307 3779 ob
1336 3739 1451 3780 sua:
1491 3726 1752 3781 suavitatis
1780 3727 1994 3795 pondus
2027 3746 2040 3780 :
2067 3728 2117 3780 id

540 3813 684 3867 enim
728 3814 1003 3884 signiﬁcat
1040 3814 1245 3875 dictio.
1287 3814 1487 3869 cauare
1541 3832 1695 3869 suum
1747 3817 1976 3886 graviter
2023 3835 2118 3889 ag—

538 3914 787 3972 gravata.
825 3903 1079 3961 Profecto
1118 3905 1263 3959 haud
1316 3906 1514 3975 poterit
1568 3906 1636 3960 ad
1697 3916 2000 3963 extremum
2026 3922 2118 3964 us-

541 4011 649 4064 que
702 3996 817 4051 haec
868 4010 1028 4067 agere
1067 4016 1080 4052 :
1119 4010 1356 4067 namque
1404 3997 1460 4052 id
1511 3997 1802 4052 denotatur
1851 3986 2118 4053 vocabulo

542 4103 845 4157 quousque,
921 4090 1069 4162 quod
1132 4089 1188 4145 in
1248 4093 1429 4149 medio
1518 4087 1684 4159 240
1731 4089 1998 4158 positum,
2051 4092 2119 4147 ad

543 4179 725 4232 omnia
753 4176 989 4232 refertur
1022 4196 1036 4232 :
1061 4177 1220 4247 quasi
1241 4176 1457 4232 dicatur
1489 4194 1502 4230 :
1533 4174 1685 4231 Haud
1715 4178 1771 4231 in
1799 4188 2118 4249 perpetuum

545 4271 650 4324 hoc
681 4276 826 4325 statu
856 4268 961 4325 erit
983 4308 999 4335 ,
1032 4268 1131 4325 sed
1164 4267 1577 4326 conversionem
1630 4284 1719 4325 res
1768 4269 1888 4339 ejus
1917 4272 2123 4340 patien-

544 4369 655 4427 tur,
687 4369 906 4430 propter
934 4358 1284 4431 inﬂigendam
1323 4360 1427 4430 ipsi
1454 4375 1485 4414 a
1517 4359 1629 4414 Deo
1672 4376 1914 4431 poenam.

2212 2021 2301 2057 vov
2340 2005 2435 2056 καὶ
2472 2005 2914 2076 καταφρονοῦντα
2945 2006 3047 2075 τῆς
3092 2005 3440 2070 ἀνεξικακίας
3476 2005 3574 2074 τῆς
3616 2003 3783 2068 θείας,

2212 2096 2305 2149 καὶ
2334 2098 2391 2148 ὲν
2416 2100 2534 2159 ταῖς
2565 2098 2764 2166 ἐτέρων
2792 2095 3250 2167 ἀλαζονευόμενον
3282 2096 3664 2169 δυσπραγίαις,
3687 2096 3788 2149 οὑκ

2211 2189 2290 2249 εἰς
2325 2186 2497 2257 πέρας
2550 2187 2647 2256 μὲν
2691 2183 2782 2240 οὖν
2822 2188 2890 2240 τὰ
2936 2188 3028 2240 ἐπὶ
3077 2188 3176 2257 τῆς
3211 2187 3401 2240 ἑαυτοῦ
3448 2188 3786 2249 δυναστείας.

2212 2277 2449 2347 φοϐερὰν
2490 2279 2547 2331 δέ
2581 2296 2703 2331 τινα
2747 2282 2812 2350 τῇ
2857 2279 3052 2350 ἀπειλῇ
3082 2282 3151 2350 τῇ
3189 2279 3308 2349 θείᾳ
3346 2279 3445 2350 τὴν
3489 2277 3791 2348 μεταϐολὴν

2213 2368 2606 2437 ὑπομενοῦντα.
2661 2389 2681 2421 ι
2747 2372 2843 2433 Ὃς
2892 2369 3158 2423 ὲπλάτυνε
3214 2367 3393 2433 καθὼς
3430 2372 3458 2423 ό
3507 2369 3637 2440 ᾅδης
3690 2369 3789 2438 τὴν

2210 2459 2387 2530 ψυχὴν
2418 2459 2603 2523 αὑτοῦ,
2637 2460 2730 2513 καὶ
2774 2460 2934 2523 αὐτὸς
2961 2457 3036 2523 ὡς
3064 2461 3293 2524 Θάνατος
3317 2461 3417 2513 οὐκ
3463 2459 3757 2530 ὲμπιμπλά
3776 2489 3787 2499 -

2216 2565 2375 2618 μενος
2396 2565 2413 2580 ο
2462 2550 2555 2602 καὶ
2603 2549 2915 2615 ἐπισυνάξει
2944 2549 3082 2619 πρὸς
3115 2550 3277 2602 αὑτὸν
3328 2549 3503 2602 πάντα
3540 2548 3608 2600 τά
3636 2547 3787 2620 ἔθνη,

2214 2641 2307 2693 καὶ
2344 2638 2617 2704 ἐκδέξεται
2662 2641 2801 2711 πρὸς
2841 2641 3002 2694 αὑτὸν
3037 2643 3241 2705 πάντας
3269 2643 3395 2705 τοὺς
3435 2641 3614 2703 λαούς.
3658 2659 3675 2691 ι
3732 2641 3791 2694 Ὀ

2214 2730 2320 2802 γὰρ
2353 2729 2506 2801 δίκην
2538 2731 2664 2801 ᾅδου
2697 2731 2839 2784 κατά
2887 2733 3105 2785 πάντων
3151 2731 3398 2794 ἐκτείνας
3432 2732 3646 2796 ἑαυτὸν,
3696 2729 3790 2784 καὶ

2216 2826 2421 2888 πάντας
2458 2825 2556 2895 μὲν
2589 2825 2850 2897 ἀναιρῶν,
2893 2825 3033 2878 κατὰ
3065 2824 3298 2896 μίμησιν
3338 2826 3395 2879 δὲ
3438 2824 3667 2899 θανάτου
3696 2823 3791 2875 κό-

2218 2932 2311 2987 ρον
2356 2915 2466 2967 τῶν
2522 2916 2929 2986 ἀναιρουμένων
2978 2916 3077 2969 οὑκ
3124 2914 3282 2985 ἔχων,
3332 2915 3683 2986 χειρούμενός
3729 2930 3791 2966 τε

2216 3006 2518 3071 πλείστους,
2543 3009 2637 3059 καὶ
2660 3008 2787 3070 τοὺς
2808 3007 3142 3078 πανταχόθεν
3168 3007 3272 3061 ὑπὸ
3292 3006 3391 3077 τὴν
3414 3007 3620 3060 οἰκείαν
3640 3007 3792 3072 ἄγων

2217 3097 2483 3163 ἐξουσίαν,
2514 3098 2751 3168 φοϐεράν
2781 3115 2904 3151 τινα
2925 3099 3026 3169 τὴν
3053 3097 3356 3168 μεταϐολὴν
3378 3097 3465 3150 διά
3492 3097 3593 3167 τῆς
3618 3095 3792 3167 ὀργῆς

2217 3190 2476 3259 ὑπομενεῖ
2495 3191 2595 3259 τῆς
2625 3190 2794 3254 θείας.
2835 3210 2854 3242 ι
2896 3192 3028 3261 Οὑχϊ
3056 3190 3231 3245 ταῦτα
3266 3190 3442 3243 πάντα
3476 3186 3793 3257 παραϐολὴν

2216 3282 2335 3333 κατ’
2358 3280 2520 3335 αὐτοῦ
2548 3281 2827 3353 λήψονται,
2868 3283 2962 3334 καὶ
2995 3280 3286 3353 πρόϐλημα
3313 3281 3393 3343 είς
3421 3280 3670 3351 διήγησιν
3695 3278 3794 3329 αύ-

2214 3372 2342 3434 τοῦς
2384 3374 2479 3426 καὶ
2513 3371 2749 3444 ἐροῦσιν.
2794 3374 2932 3427 Οὑαὶ
2970 3375 2999 3426 ό
3036 3372 3324 3444 πληθύνων
3369 3368 3549 3440 ἐαυτῷ
3584 3369 3652 3421 τά
3691 3367 3794 3420 οὑκ

2214 3462 2343 3515 ὅντα
2379 3461 2545 3515 αὑτοῦ
2569 3461 2703 3526 ίέως
2728 3462 2871 3525 τίνος
2900 3462 2995 3516 καὶ
3029 3461 3276 3532 βαρύνων
3302 3460 3393 3513 τὸν
3418 3454 3597 3513 κλοιὸν
3626 3455 3791 3511 αὑτοῦ

2218 3550 2531 3622 στιϐαρῶςς
2562 3570 2582 3605 ι
2641 3553 2916 3615 Ἅπαντες
2956 3551 3020 3621 δὴ
3070 3550 3256 3604 λοιπὸν
3289 3552 3339 3603 oi
3378 3546 3655 3618 πανταχοῦ
3692 3546 3795 3617 τὴν

2220 3644 2339 3696 κατ’
2381 3643 2542 3696 αὐτὸν
2582 3643 2882 3714 μεταϐολὴν
2929 3644 3353 3714 ἐκπληττόμενοι
3404 3640 3479 3703 ὡς
3517 3642 3573 3692 ὲν
3612 3656 3795 3708 παρα-

2217 3733 2370 3805 ϐολῇ,
2412 3735 2612 3798 πάντες
2664 3734 2881 3805 ἐροῦσιν
2906 3751 2919 3763 ·
2977 3734 3370 3795 Ἐλεεινότατος
3410 3731 3474 3803 δὴ
3509 3731 3722 3784 πάντων
3765 3732 3795 3782 6

2216 3827 2283 3879 τά
2340 3826 2543 3897 ἑτέρων
2602 3827 3023 3898 ἀφαιρούμενος,
3080 3827 3174 3879 καὶ
3219 3824 3311 3877 τὸν
3358 3826 3557 3877 οἰκεῖον
3612 3819 3794 3886 αὔξων

2217 3916 2465 3981 πλοῦτον,
2511 3920 2541 3970 ό
2585 3917 2753 3988 βαρὺς
2795 3921 2908 3981 τοῖς
2935 3917 3196 3982 ὑπηκόοις
3232 3916 3318 3969 διὰ
3360 3914 3459 3986 τὴν
3489 3910 3797 3984 ὑπερϐολὴν

2216 4009 2313 4079 τῆς
2353 4008 2665 4078 ὠμότητος·
2709 4009 2867 4062 τοῦτο
2898 4008 3177 4080 γάρ,λέγει
3233 4007 3314 4069 τὸ,
3355 4026 3372 4057 ι
3417 4004 3662 4076 βαρύνων
3704 4003 3798 4057 τὸν

2223 4097 2399 4150 κλοιὸν
2433 4096 2600 4150 αὑτοῦ
2648 4097 2950 4169 στιϐαρῶς’
2994 4117 3012 4148 ι
3064 4098 3125 4149 οὑ
3171 4097 3280 4165 γὰρ
3318 4096 3400 4158 είς
3430 4092 3492 4147 τὸ
3535 4089 3819 4152 παντελὲς

2222 4188 2511 4258 δυνήσεται
2558 4189 2628 4243 τά
2663 4188 2889 4242 τοιαῦτα
2936 4191 3145 4242 ποιεῖν·
3197 4186 3357 4239 τοῦτο
3400 4184 3510 4255 γὰρ
3541 4179 3797 4250 λέγειτδι

2228 4297 2247 4330 ι
2287 4278 2391 4344 ἕως
2416 4280 2580 4344 τίνος,
2616 4284 2669 4337 »ὃ
2704 4280 2793 4333 διὰ
2848 4280 3013 4350 μέσου
3064 4278 3338 4349 κείμενον,
3376 4276 3453 4347 (p.
3490 4273 3615 4343 566)
3659 4269 3798 4342 πρὸς

2222 4369 2443 4426 ἅπαντα
2474 4372 2810 4433 ἀποδέδοται,
2843 4372 2930 4425 ἵνα
2962 4370 3112 4443 εἴπῃ,
3139 4372 3221 4424 ὅτι
3249 4365 3364 4420 Οὐκ
3388 4367 3467 4430 είς
3496 4365 3558 4419 τὺ
3598 4379 3799 4417 παντε-

542 4449 632 4513 λὲς
664 4450 951 4520 γενήσεται
997 4448 1259 4515 τοιοῦτος,
1315 4449 1614 4520 μεταϐολὴν
1657 4451 1765 4504 τῶν
1812 4454 1933 4506 κατ’
1966 4455 2129 4508 αὑτὸν
2160 4456 2482 4532 δεξομένων,
2513 4463 2602 4517 διὰ
2635 4462 2734 4535 τὴν
2767 4462 3112 4532 ἐπαγομένην
3153 4457 3302 4530 αὑτῷ
3343 4455 3493 4528 παρά
3530 4454 3623 4508 τοῦ
3661 4453 3799 4506 Θεοῦ

542 4542 835 4613 τιμωρίαν.

615 4627 785 4685 Vens.
829 4629 983 4684 7—10.
1015 4659 1084 4668 ——
1108 4617 1316 4686 Deinde
1358 4631 1593 4700 qualiter
1624 4628 2011 4701 quomoduque
2059 4648 2114 4687 ea

2300 4637 2445 4706 Στίχ.
2476 4636 2603 4698 ζὀυ.
2644 4666 2715 4675 —
2744 4631 2879 4689 Εἶτα
2927 4635 3044 4698 πῶς
3084 4634 3180 4688 καὶ
3214 4632 3335 4685 τίνα
3368 4631 3460 4683 τὸν
3485 4629 3684 4701 τρόπον
3709 4628 3801 4682 λέο

547 4722 677 4774 (ient
697 4719 869 4775 dicit:
909 4738 927 4771 ι
954 4720 1098 4786 Quia
1135 4722 1320 4776 subito
1354 4731 1687 4790 consurgent
1708 4723 1801 4791 qui
1838 4723 2134 4777 mordeant'

545 4824 694 4871 cum,
727 4818 782 4864 et
816 4810 1123 4881 vigilabunt
1157 4811 1509 4865 insidiatores
1554 4812 1654 4873 tui,
1697 4821 1752 4863 et
1782 4814 1898 4867 eris
1945 4817 2000 4866 in
2035 4828 2124 4867 ra-

548 4900 731 4968 pinam
770 4901 873 4956 eis.
919 4920 938 4952 ι
975 4898 1269 4971 Emergent
1323 4909 1521 4969 praeter
1578 4915 1796 4956 omnem
1852 4915 2127 4973 exspecta-

548 4992 751 5047 tionem
785 4991 998 5058 hostes,
1025 4991 1241 5045 damnis
1274 4992 1384 5045 tuis
1411 4992 1628 5053 intenti,
1654 4992 1797 5046 bona
1827 5001 1918 5047 tua
1943 4995 2126 5049 omnia

546 5083 896 5154 diripientes.
947 5101 966 5134 ι
1034 5082 1171 5147 Quia
1226 5091 1281 5135 tu
1342 5082 1592 5150 spoliasti
1644 5090 1835 5153 gentes
1904 5086 2124 5149 multas,

549 5174 864 5243 spoliahunt
904 5183 956 5226 te
998 5188 1191 5228 omnes
1236 5172 1433 5241 reliqui
1471 5174 1679 5242 populi,
1726 5185 1948 5245 propter
1994 5192 2125 5232 san-

546 5263 766 5331 guinem
803 5263 1109 5325 bominum,
1134 5271 1188 5317 et
1237 5256 1571 5331 impietatem
1621 5266 1858 5335 regionis
1887 5283 1952 5322 ac
1997 5270 2130 5324 civi-

554 5355 705 5421 tatis,
737 5365 790 5409 et
812 5364 1137 5409 cunctorum
1183 5353 1487 5408 incolarum
1521 5355 1660 5423 ejus.
1706 5376 1725 5407 ι
1762 5355 2129 5423 Quemadmo-

549 5445 680 5498 dum
714 5446 832 5513 ipse
861 5444 1062 5512 impetu
1094 5442 1238 5498 facto
1275 5444 1451 5498 aliena
1489 5446 1738 5515 rapuisti,
1774 5448 1845 5501 ita
1885 5449 2126 5504 vicissim

550 5544 645 5592 tua
669 5534 994 5603 diripientur
1021 5534 1089 5589 ab
1123 5535 1188 5592 iis
1213 5535 1306 5605 qui
1354 5537 1614 5605 puniendi
1647 5542 1721 5594 tui
1759 5555 1924 5595 causa
1955 5542 2127 5595 relicti

553 5633 683 5678 sunt
707 5670 721 5691 ,
754 5624 883 5694 quia
926 5635 982 5679 tu
1034 5642 1230 5698 nempe
1273 5628 1538 5698 plurimos
1570 5629 1661 5686 Dei
1695 5631 1930 5688 famulos
1967 5634 2129 5688 inter-

554 5712 759 5775 fecisti,
802 5722 856 5768 et
885 5714 1149 5773 adversus
1178 5716 1273 5774 Dei
1296 5721 1573 5790 regionem
1620 5734 1683 5776 ac
1714 5724 1989 5776 civitatem
2029 5725 2129 5776 im-

552 5803 644 5875 pie
668 5803 853 5877 egisti,
887 5817 1077 5863 contra
1101 5824 1289 5865 omnes
1319 5811 1552 5882 deniun
1576 5813 1721 5867 illius
1752 5813 1979 5876 incolas,
2005 5814 2127 5867 Πίος

2223 4744 2353 4798 γων,
2398 4747 2417 4778 ι
2458 4729 2580 4781 Ὅτι
2610 4728 2866 4797 ἐξαίφνης
2898 4726 3351 4794 ὲξαναστήσονται
3382 4722 3667 4782 δάκνοντες
3698 4720 3801 4772 αὑ-

2222 4821 2333 4882 τὸν,
2371 4821 2466 4873 καὶ
2495 4820 2819 4890 ἐκνήψουσιν
2844 4821 2892 4872 οἱ
2922 4816 3195 4870 ὲπίϐουλοί
3223 4832 3341 4880 σου,
3366 4814 3462 4867 καὶ
3490 4813 3588 4884 ἔσῃ
3617 4812 3802 4875 αὐτοῖς

2223 4913 2303 4973 είς
2346 4911 2675 4981 διαρπαγήν.
2704 4912 3205 4977 ι’ᾉναφανησονται
3248 4905 3359 4975 γὰρ
3411 4902 3564 4974 παρά
3610 4903 3799 4955 πᾶσαν

2225 5000 2416 5055 ἐλπίδα
2457 5000 2726 5069 πολέμιοι,
2776 5000 2925 5067 λέγει
2966 4998 3023 5051 δὲ
3064 4997 3190 5059 τοὺς
3238 4997 3474 5066 Πέρσας,
3514 4992 3564 5045 οἳ
3603 4990 3801 5062 ὥσπερ

2226 5093 2465 5161 δήγμασι
2491 5095 2609 5155 ταῖς
2647 5092 2855 5160 ἐφόδοις
2895 5092 3015 5151 ταῖς
3053 5088 3280 5150 οἰκείαις
3316 5081 3671 5139 διασπάσουσί
3706 5098 3804 5134 σου

2228 5183 2326 5253 τὴν
2348 5183 2575 5252 δύναμιν
2604 5187 2696 5236 καὶ
2725 5182 2823 5253 τὴν
2849 5180 3119 5247 ἐξουσίαν,
3159 5178 3294 5249 μετά
3337 5175 3538 5245 πολλῆς
3570 5174 3665 5244 μὲν
3702 5166 3806 5243 τῆς

2227 5274 2543 5345 ἐπιμελείας
2590 5275 2661 5329 τὰ
2712 5274 2847 5345 πρὸς
2903 5270 3106 5341 βλάϐην
3158 5269 3257 5339 σὴν
3301 5266 3691 5339 ἐργαζόμενοι·
3732 5261 3805 5316 δι’

2227 5366 2483 5437 ἁρπαγῆς
2508 5365 2565 5418 δὲ
2596 5364 2690 5418 καὶ
2726 5364 2794 5415 τά
2834 5379 2914 5413 σοι
2966 5358 3236 5432 προσόντα
3280 5355 3556 5424 τιθέμενοι
3601 5350 3801 5405 πάντα.

2231 5477 2251 5508 ι
2299 5456 2442 5509 Διότι
2483 5456 2547 5507 σὺ
2587 5453 2917 5513 ἐσκύλευσας
2962 5450 3090 5521 ἔθνη
3137 5448 3327 5509 πολλὰ,
3363 5440 3715 5499 σκυλεύσουσί
3742 5457 3806 5494 σε

2228 5548 2426 5611 πάντες
2465 5549 2513 5600 oi
2560 5542 3014 5613 ὑπολελειμμένοι
3065 5542 3182 5594 λαοὶ
3220 5540 3286 5592 δι’
3338 5538 3549 5607 αἵματα
3591 5530 3807 5604 ἀνθρώ-

2226 5654 2365 5701 πων,
2401 5637 2493 5688 καὶ
2522 5633 2776 5695 ἀσεϐείας
2798 5633 2900 5702 γῆς
2938 5632 3032 5684 καὶ
3071 5630 3278 5690 πόλεως
3318 5628 3414 5680 καὶ
3452 5625 3671 5678 πάντων
3695 5619 3808 5675 τῶν

2226 5728 2623 5783 κατοικούντων
2673 5727 2861 5794 αὑτήν.
2910 5742 2930 5773 ι
2973 5723 3181 5791 Ὂνπερ
3231 5718 3341 5788 γὰρ
3388 5718 3592 5787 τρόπον
3641 5712 3807 5775 αὐτὸς

2229 5818 2396 5871 ἐπιὼν
2426 5817 2636 5888 ἀφῄρου
2666 5816 2732 5867 τὰ
2763 5812 2986 5884 ἑτέρων,
3013 5813 3103 5864 τδν
3131 5810 3291 5869 αὐτὴν
3315 5808 3378 5880 δὴ
3411 5806 3611 5875 τρόπον
3639 5803 3807 5874 ἅψαι-
