4118 6488
305 476 427 535 ἧδτ

1327 464 1880 536 οοιιιιΕΝΤΑιιιυδ
1917 478 1982 532 IN
2024 477 2371 535 liABACUCI
2405 477 2558 533 CAP.
2595 478 2657 534 ιι.

3511 479 3624 539 £33

312 593 625 665 ρεθήσεται
658 592 758 647 καὶ
796 594 865 647 τά
898 610 978 647 σοι
1012 594 1282 666 προσόντα
1310 594 1461 665 παρὰ
1499 594 1607 647 τῶν
1636 595 1715 655 εἰς
1745 610 1921 663 τιμω-

2056 594 2273 646 ιιεοὶοιιι
2330 592 2572 659 scilicet,
2600 601 2653 646 et
2692 593 2956 662 quidquid
3013 591 3079 647 ad
3132 607 3252 647 eam
3290 595 3622 673 pertinebat.

314 687 455 758 ρίαν
519 686 619 758 σὴν
676 687 1224 758 καταλελειμμένωψ
1286 687 1428 757 ὑπὲρ
1476 680 1550 739 ὧν
1609 684 1817 747 ἀνεῖλές
1864 700 1924 736 τε

311 779 626 840 πλείστους
658 778 767 839 τῶν
795 778 876 850 τῷ
907 776 1024 848 Θεῷ
1072 779 1478 850 προσηκόντων,
1510 778 1603 831 καὶ
1647 777 1926 845 ἠσέϐησας

238 930 243 935 ,
314 871 412 934 εἷς
435 888 502 924 τε
525 871 628 941 τὴν
656 870 761 939 γῆν
788 871 887 940 τὴν
930 870 1081 924 θείαν
1113 872 1206 925 καὶ
1235 870 1334 942 τὴν
1382 871 1557 935 πόλιν,
1590 872 1682 923 καὶ
1717 871 1927 933 πάντας

310 960 394 1031 δὴ
442 961 577 1025 τοὺς
620 962 905 1024 οἰκοῦντας
935 962 1125 1031 αὐτὴν,
1156 961 1305 1030 λέγει
1344 961 1401 1014 δὲ
1439 961 1567 1033 περί
1600 979 1660 1014 τε
1689 962 1788 1031 τῆς
1828 961 1926 1013 Ἱε-

321 1051 629 1123 ρουσαλὴμ
660 1052 893 1105 καὶτῶν
922 1052 1043 1104 κατ’
1077 1051 1246 1119 αὐτὴν
1287 1050 1560 1104 ἁπάντων.
1594 1046 1708 1104 Εἶθ’
1745 1051 1819 1113 ὡς
1862 1049 1929 1103 ἂν

317 1142 693 1214 ἐπεμϐαίνων
722 1142 873 1212 αύτῷ
898 1143 1123 1207 δικαίως
1164 1142 1456 1196 πεπονθότι
1501 1143 1746 1207 τοιαῦτα,
1780 1141 1930 1209 λέγει

316 1233 436 1296 τὰς
466 1235 819 1303 παρανομίας
850 1231 994 1302 ὑπὲρ
1022 1226 1097 1285 ὧν
1128 1226 1226 1303 τήν
1260 1232 1516 1304 τοιαύτην
1560 1231 1806 1287 δέδεκται
1846 1248 1930 1284 τι·

323 1323 558 1394 μωρίαν
578 1337 591 1350 ·
620 1341 639 1373 ι
655 1323 719 1375 Ὢ
742 1324 771 1375 6
799 1322 1141 1376 πλεονεκτῶν
1165 1322 1476 1387 πλεονεξίαν
1504 1323 1678 1395 κακὴν
1698 1323 1775 1394 τῷ
1797 1322 1933 1394 οἴκῳ

320 1414 530 1479 αὐτοῦ,
564 1414 644 1485 (p.
675 1413 805 1485 367)
847 1413 1008 1480 τάξαι
1040 1416 1122 1478 είς
1163 1414 1296 1484 ὕψος
1339 1415 1560 1470 νοσσιὰν
1605 1416 1793 1478 αὑτοῦ,
1838 1414 1933 1468 τοῦ

320 1504 724 1576 ὲκσπασθῆναι
755 1507 822 1559 ὲκ
852 1506 1035 1576 χειρὸς
1063 1507 1288 1562 κακῶνί
1323 1505 1632 1560 ἐϐουλεύσω
1671 1506 1935 1578 αίσχύνην

319 1597 416 1667 τῷ
447 1599 587 1670 οἴκῳ
622 1615 718 1652 σου
748 1638 763 1663 ,
806 1602 1185 1673 συνεπέρανας
1216 1601 1379 1665 λαοὺς
1409 1601 1666 1667 πολλοὺς,
1717 1603 1810 1656 καὶ
1851 1602 1938 1670 ἑξ-

331 1689 594 1760 ἠμαρτεν
617 1693 650 1760 ή
681 1689 828 1762 ψυχή
861 1708 979 1746 σου.
1002 1710 1021 1742 ι
1053 1692 1225 1756 Αὐτὸς
1246 1686 1410 1763 ἦσθα,
1445 1694 1631 1763 φησιν,
1656 1694 1685 1746 6
1713 1694 1940 1766 ἀμέτρῳ

327 1781 689 1851 κεχρημένος
713 1782 781 1853 τῇ
818 1782 1104 1854 πλεονεξίᾳ
1134 1784 1225 1837 ἐπὶ
1257 1782 1335 1855 τῷ
1359 1784 1452 1837 τὸν
1480 1784 1713 1839 πλοῦτον
1755 1784 1939 1851 αὔξειν

334 1872 432 1925 σὺν
456 1874 662 1925 οἰκεῖον
697 1874 764 1926 ὲκ
793 1872 903 1925 τῶν
946 1873 1241 1945 ἀλλοτρίων
1264 1874 1475 1938 κακῶν,
1511 1875 1723 1947 ὑψηλήν
1750 1893 1808 1931 τε
1840 1877 1941 1944 τῆς

2041 684 2306 741 Posthinc
2335 686 2495 755 quasi
2529 686 2578 740 ei
2605 685 2755 756 juste
2802 686 3074 765 insultans
3106 688 3236 765 talia
3268 703 3453 765 passo,
3505 703 3627 745 see--

2040 777 2150 832 lera
2177 778 2393 842 recitat,
2425 792 2659 847 quorum
2695 792 2861 831 causa
2908 758 3475 849 pmnamhuju‘smodi
3503 780 3623 833 luit.

2042 891 2058 922 ι
2099 869 2146 925 Ο
2190 871 2281 939 qui
2323 870 2549 939 ampliat
2596 869 2879 923 avaritiam
2929 870 3125 941 malam
3167 870 3352 937 domui
3401 886 3532 934 suae,
3568 879 3628 931 ¹ιιι

2040 968 2207 1030 ponat
2237 960 2291 1012 in
2324 960 2542 1014 excelso
2571 958 2761 1013 nidum
2795 974 2979 1022 suum,
3011 967 3072 1013 ut
3102 967 3328 1029 eruatur
3356 960 3422 1014 de
3461 976 3625 1013 manu

2042 1054 2311 1106 malorum
2341 1052 2353 1105 ἓ
2384 1050 2653 1122 Cogitasti
2684 1050 3070 1106 confusionem
3122 1051 3308 1106 domui
3342 1034 3467 1119 tuae,
3494 1067 3629 1107 con-

2042 1140 2331 1211 sumpsisti
2364 1141 2599 1211 populos
2629 1141 2853 1207 multos,
2879 1150 2933 1195 et
2967 1140 3215 1211 peccavit
3245 1142 3428 1195 anima
3456 1148 3569 1195 tua.
3605 1161 3620 1193 ι

2042 1232 2146 1298 Τυ,
2188 1233 2387 1304 inquit,
2412 1232 2704 1288 immodica
2746 1233 2982 1288 habendi
3019 1234 3322 1304 cupiditate
3356 1234 3627 1305 percitus.

2040 1325 2114 1380 ob
2166 1340 2300 1397 opes
2352 1336 2475 1380 tuas
2524 1340 2589 1380 ex
2626 1325 2821 1381 alienis
2872 1325 3090 1381 damnis
3126 1327 3424 1397 augendas,
3451 1328 3626 1381 subli-

2043 1433 2298 1489 memque
2334 1419 2483 1488 regni
2514 1422 2591 1471 tui
2619 1417 2996 1473 conditionem
3030 1420 3414 1473 ostentandam
3448 1438 3462 1485 ;
3500 1420 3630 1473 dum

2045 1511 2159 1567 haec
2195 1526 2408 1581 ageres,
2448 1510 2591 1565 haud
2627 1520 2807 1564 tamen
2862 1510 3089 1580 potuisti
3142 1510 3459 1565 discernere
3496 1530 3630 1581 quu-

2044 1605 2207 1660 modo
2234 1605 2687 1673 imponendorum
2716 1603 2818 1658 tibi
2853 1604 3121 1658 malorum
3148 1606 3361 1672 pondus
3391 1606 3591 1659 vitarcs
3616 1622 3628 1656 :

2046 1697 2139 1752 sed
2168 1695 2371 1751 multos
2411 1695 2628 1749 interim
2678 1695 2901 1758 laedens,
2933 1703 3097 1765 atque
3138 1698 3190 1749 in
3217 1712 3409 1752 omnes
3441 1700 3645 1753 sccurc‘

2047 1804 2320 1860 peccans;
2361 1787 2506 1842 haud
2563 1787 2808 1852 divitias,
2839 1796 2898 1841 ut
2927 1789 3217 1852 credebas,
3244 1789 3338 1844 sed
3402 1790 3637 1859 ignomi-

2047 1882 2218 1943 niam,
2260 1888 2318 1934 ut
2360 1896 2550 1950 reapse
2578 1880 2759 1936 exitus
2788 1880 3053 1947 ostendit,
3087 1881 3272 1935 domui
3313 1891 3419 1936 tua:
3459 1883 3639 1936 conci-

322 1963 555 2026 οίκείας
616 1963 894 2034 βασιλείας
959 1964 1241 2032 ἀποδεῖξαι
1299 1966 1400 2038 τὴν
1456 1965 1720 2021 σύστασιν
1747 1983 1760 1997 ·
1821 1964 1939 2021 εἶτα

2056 1972 2229 2038 liasti;
2260 1986 2383 2025 nam
2414 1972 2485 2026 ob
2526 1972 2640 2026 haec
2681 1973 2867 2026 omnia
2915 1987 3039 2043 qua:
3072 1971 3269 2027 fecisse
3294 1982 3371 2027 te
3401 1982 3635 2035 constat.

324 2054 519 2109 ταῦτα
557 2056 658 2126 μὲν
697 2056 925 2120 ἐποίεις,
954 2058 1105 2122 ὅπως
1148 2057 1193 2111 δ’
1239 2058 1306 2113 ἂν
1334 2058 1659 2130 δυνηθείσης
1686 2058 1797 2118 τῶν
1838 2062 1938 2115 ἑπ-

2049 2064 2193 2117 hanc
2227 2076 2444 2132 ptenatn
2480 2064 2815 2132 persolvisti.

326 2147 636 2217 αγομένων
666 2166 748 2203 σοι
778 2149 965 2203 κακῶν
1006 2151 1328 2223 ἀπαλλαγὴν
1340 2152 1626 2226 -εὖρασθαί
1652 2172 1795 2216 τινα.
1821 2159 2051 2213 συνιδεῖν
2076 2159 2136 2211 οὐ
2164 2156 2451 2228 δεδύνησαι
2475 2174 2488 2187 ο
2522 2158 2658 2212 ἀλλὰ
2685 2158 2794 2232 γὰρ
2818 2159 3040 2224 πολλοὺς
3070 2161 3271 2215 ἀδικῶν
3305 2159 3639 2233 παρανομῶν

322 2261 397 2299 τε
426 2246 512 2308 είς
541 2243 792 2307 ἅπαντας
833 2242 1024 2309 ἀδεῶς,
1069 2246 1133 2299 οὐ
1167 2245 1421 2310 πλοῦτον,
1467 2246 1544 2312 ὡς
1582 2246 1713 2319 ᾤου,
1755 2250 2017 2323 αἰσχύνην
2058 2251 2138 2316 δὲ,
2167 2253 2243 2313 ὡς
2291 2251 2323 2319 ή
2356 2250 2580 2315 ἔκϐασις
2624 2251 2914 2322 δεδήλωκε,
2944 2252 3021 2324 τῷ
3045 2251 3180 2324 οἴκῳ
3218 2256 3526 2325 συνήγαγες
3560 2255 3639 2326 τῷ

328 2337 553 2392 σαυτοῦ
574 2354 589 2368 ·
611 2337 756 2409 ὑπὲρ
784 2338 895 2409 γὰρ
913 2339 1172 2399 ἁπάντων
1204 2333 1281 2394 ὧν
1302 2341 1783 2414 διαπεπραγμένος
1820 2339 1990 2415 ὦψαι,
2016 2346 2114 2419 τὴν
2151 2345 2423 2419 τιμωρίαν
2452 2346 2689 2411 δέδωκας
2719 2348 2942 2418 ταύτην.

413 2433 570 2504 Στίχ.
611 2439 698 2489 ια’.
736 2464 808 2473 -
860 2453 878 2486 ι
936 2434 1082 2488 Διότι
1126 2435 1274 2500 λίθος
1316 2438 1382 2492 ὲκ
1430 2438 1613 2509 τοίχου
1666 2438 1946 2510 βοήσεται,

472 2525 755 2597 κάνθαρος
787 2528 853 2579 ἐκ
882 2525 1040 2591 ξύλου
1072 2526 1363 2596 φθέγξεται
1391 2528 1552 2583 αὐτά.
1592 2547 1611 2580 ι
1644 2530 1947 2604 Τοιγαροῦν

330 2620 414 2673 ὲκ
440 2616 546 2673 τοῦ
578 2618 849 2688 μεγέθους
885 2618 994 2673 τῶν
1023 2621 1228 2685 κακῶν,
1275 2621 1372 2674 καὶ
1410 2621 1476 2674 ἔκ
1496 2620 1606 2675 τῶν
1642 2623 1947 2693 οἰκοδομῶν

326 2709 413 2773 ἃς
449 2708 643 2772 κακῶς
678 2710 972 2782 ἀνήγειρας
1021 2713 1455 2783 ἀναπέμπονται“
1481 2714 1725 2786 ὡσπερεὶ
1771 2716 1947 2785 φωναί

330 2808 498 2868 τινας
546 2803 955 2875 κατηγοροῦσαί
988 2821 1084 2857 σου
1117 2805 1226 2885 ’τὴν
1267 2808 1603 2873 πλεονεξίαν,
1633 2809 1742 2862 τῶν
1768 2826 1827 2862 τε
1858 2808 1943 2863 λί-

493 2895 783 2966 μονονουχῑ
814 2894 1000 2967 φωνὴν
1030 2897 1303 2965 ἀφιέντων
1345 2899 1488 2952 κατὰ
1523 2898 1618 2952 σοῦ
1663 2900 1945 2972 τοιαύτην,

334 2984 592 3041 καττῶν
629 2985 930 3058 σκωλήκων
968 2986 1025 3040 δὲ
1064 2989 1162 3042 σὺν
1190 2989 1375 3053 αὐτοῖς
1404 2990 1636 3053 ὁπόσους
1662 2992 1720 3043 ὲν
1754 2991 1950 3062 μέσαις

333 3080 477 3143 ταῖς
501 3076 616 3139 τῶν
647 3078 812 3133 λίθων
837 3092 898 3133 τε
929 3081 1024 3133 καὶ
1053 3080 1289 3135 πλίνθων
1314 3083 1584 3153 ἁρμογαῖς
1607 3084 1948 3154 ὲμφωλεύειν

330 3166 559 3244 ﬂagri}
582 3170 678 3225 καὶ
710 3173 771 3225 ιν
807 3170 995 3243 μέσοις
1017 3173 1280 3237 πολλάκις
1309 3174 1660 3245 εὑρίσκεσθαι
1702 3178 1818 3240 τοῖς
1859 3176 1951 3243 ξύ-

332 3258 511 3327 λοις)
543 3262 815 3335 κάνθαρον
851 3265 960 3334 γὰρ
1003 3265 1236 3320 ἐνταῦθα
1281 3265 1429 3335 λέγει
1466 3265 1536 3321 τὰ
1577 3266 1636 3321 έν
1667 3284 1727 3320 τε
1770 3267 1950 3332 ξύλοις

332 3352 750 3427 εδρισκόμενα.
804 3353 882 3425 (p.
930 3353 1059 3426 568)
1100 3355 1160 3411 έν
1202 3372 1262 3408 τε
1298 3356 1501 3427 τοίχοις
1541 3358 1600 3411 ὲν
1650 3356 1800 3428 μέσῳ
1840 3357 1951 3411 τῶν

635 3414 901 3510 εἰωθότας
930 3414 1289 3517 ἐμφωλεύειν,
1320 3414 1496 3513 ὼςηᾶν*
1511 3466 1596 3513 τις
1628 3414 1783 3505 εἴποι.
1807 3450 1952 3515 ζωΰ-
1979 3414 2023 3472 C

340 3537 462 3611 φιά
489 3554 556 3591 τε
589 3537 687 3595 καὶ
715 3536 1005 3610 σκώληκας
1029 3539 1203 3604 οὕτως
1235 3541 1548 3612 ὀνομάζων,
1597 3541 1674 3606 ὡς
1715 3542 1782 3597 ἂν
1801 3545 1955 3614 κοινῇ

340 3630 540 3705 ταύτῃ
584 3632 931 3704 προσηγορίᾳ
969 3632 1320 3705 καλουμένων
1354 3633 1613 3688 ἁπάντων
1644 3634 1755 3688 τῶν
1779 3633 1959 3688 τοιού-

338 3740 493 3778 των.
527 3724 689 3777 Ἔστι
720 3723 778 3777 δέ
807 3740 928 3777 τινα
960 3725 1020 3777 ὲν
1048 3727 1161 3788 τοῖς
1196 3726 1519 3792 καταγαίοις
1551 3725 1782 3781 εἰωθότα
1817 3727 1956 3797 μᾶλ-

340 3819 451 3872 λον
500 3818 562 3869 έν
609 3816 763 3887 μέσῳ
796 3817 896 3887 τῆς
924 3817 1129 3880 νοτίδος
1158 3816 1509 3885 εὑρίσκεσθαι
1548 3817 1585 3872 ἃ
1626 3818 1958 3890 κανθαρίδας

342 3906 631 3965 καλοῦσι·
675 3907 823 3973 τινὲς
863 3908 924 3962 δὲ
950 3907 1162 3977 ἔφασαν
1206 3908 1297 3962 τὸν
1346 3909 1516 3981 Σύρον
1558 3910 1832 3965 πάσσαλον
1871 3910 1961 3965 λέ-

342 4014 520 4071 γειν’
544 4000 661 4056 ἀλλ’
680 4001 911 4070 ἀνόητον
939 4000 1026 4073 εἵη
1058 4001 1126 4056 ἂν
1151 4002 1388 4073 ἀφέντας
1414 4004 1516 4074 τῆς
1555 4003 1831 4075 Ἐϐραῖδος
1861 4003 1962 4075 τὴν

342 4092 556 4163 φωνὴν
602 4091 728 4147 καθ’
775 4093 844 4163 ἣν
878 4094 910 4147 6
948 4095 1240 4166 προφήτης
1284 4094 1607 4164 ἐφθέγξατο,
1647 4096 1827 4168 ἥνπερ
1864 4092 1961 4150 οὖν

339 4185 501 4257 ἡμῖν
551 4184 642 4237 διὰ
679 4185 783 4256 τῆς
822 4182 1034 4250 οίκείας
1087 4182 1386 4258 έρμηνείας
1420 4188 1566 4258 σαφῆ
1618 4188 1965 4260 κατέστησαν

340 4274 565 4349 mp“
597 4274 1027 4348 Ἐσδομήκοντα,
1069 4275 1285 4347 δόκιμοι
1330 4293 1391 4330 τε
1437 4277 1534 4329 καὶ
1575 4276 1818 4348 ἀκριϐῶς
1862 4278 1963 4348 τῆς

342 4365 621 4439 γλώττης
656 4367 1024 4438 ἐπιστήμονες
1053 4367 1289 4438 ἐκείνης,
1332 4369 1492 4439 Σύρῳ
1533 4369 1826 4441 προσέχειν
1866 4386 1965 4440 με-

340 4457 737 4531 τῶισληκότι
755 4459 858 4531 τὴν
905 4458 1175 4530 Ἐϐραίων
1200 4461 1280 4523 είς
1304 4460 1403 4531 τὴν
1431 4459 1620 4531 Σύρων
1637 4478 1651 4491 ο
1690 4456 1811 4513 εἶτα
1836 4459 1966 4514 πολ-

340 4549 531 4615 λάκις
559 4549 614 4604 σὺ
632 4551 886 4620 πταῖσμα
903 4549 966 4603 τὸ
1002 4553 1224 4615 αίκεῖον,
1251 4551 1415 4622 νόμον
1456 4551 1771 4623 βουληθέντι
1793 4552 1965 4607 θεῖναι

346 4639 581 4713 φωνῆς,
608 4638 670 4704 δς
696 4640 848 4694 δοκεῖ
883 4657 994 4711 μοι,
1028 4640 1103 4711 μὴ
1134 4643 1316 4707 συνεὶς
1344 4642 1374 4695 ὃ
1408 4641 1459 4696 τί
1489 4659 1621 4697 ποτε
1660 4642 1829 4710 λέγει,
1873 4642 1967 4697 τὸν

2119 2441 2290 2497 Vnus.
2320 2442 2409 2497 Η.
2441 2471 2512 2483 --
2555 2460 2575 2494 ι
2613 2440 2755 2508 Quia
2790 2443 2932 2513 lapis
2981 2444 3050 2499 de
3104 2446 3310 2515 pariete
3360 2445 3638 2507 clamabit,

2044 2543 2096 2589 et
2139 2533 2452 2589 scarabaeus
2501 2532 2569 2587 de
2612 2534 2760 2604 ligno
2794 2534 3049 2603 loquetur
3078 2551 3163 2591 ea.
3205 2557 3224 2589 ›
3261 2537 3431 2609 Igitur
3480 2537 3637 2609 241

2044 2641 2108 2681 ex
2134 2626 2359 2682 cumulo
2390 2626 2680 2692 malorum,
2715 2641 2930 2681 necnon
2964 2643 3029 2681 ex
3057 2629 3306 2684 aediliciis
3355 2646 3476 2699 qua:
3503 2645 3639 2683 cou-

2046 2723 2135 2770 tra
2176 2715 2260 2771 fas
2297 2715 2576 2780 struxisti,
2624 2730 2788 2772 voces
2841 2718 3008 2773 veluti
3044 2718 3291 2790 quaedam
3349 2721 3643 2773 mittuntur

2058 2820 2183 2877 quae
2205 2815 2354 2878 luam
2388 2805 2675 2859 avaritiam
2710 2815 2995 2872 accusant,
3020 2810 3171 2864 saxis
3198 2807 3328 2876 ipsis
3357 2823 3642 2878 propemo-

2047 2898 2177 2953 dum
2216 2897 2297 2955 sic
2329 2866 2522 2953 ’contra
2579 2907 2640 2953 te
2692 2899 3082 2963 clamantibus,
3144 2913 3357 2955 necnon
3411 2908 3463 2954 et
3517 2914 3642 2952 ver-

2050 2989 2231 3044 nribus
2258 2990 2530 3059 quotquot
2575 2986 2633 3041 in
2681 2987 2878 3043 mediis
2918 2988 3070 3043 saxis
3124 2988 3471 3059 laterumque
3511 2989 3642 3058 jun-

2048 3083 2216 3138 cturis
2249 3082 2463 3137 latitare
2491 3080 2669 3136 solent
2688 3121 2702 3146 ,
2726 3088 2783 3136 et
2811 3079 2953 3134 intra
2983 3079 3125 3150 ligna
3159 3094 3300 3149 ειιιρο
3328 3082 3640 3150 coniperiri.

2050 3172 2267 3229 Etenim
2316 3172 2655 3230 scarabaeum
2704 3171 2811 3228 hoc
2864 3172 2986 3227 loco
3036 3172 3274 3242 appellat
3318 3172 3644 3227 animalcuia

2054 3280 2178 3336 quae
2220 3264 2275 3320 in
2323 3264 2485 3336 lignis
2514 3272 2831 3329 occurrunt,
2865 3271 2920 3319 et
2966 3264 3021 3318 in
3056 3264 3228 3319 muris
3261 3264 3404 3318 intra
3440 3264 3669 3334 lapidcs«

2056 3356 2322 3412 lateresve
2348 3356 2614 3420 cubitant,
2640 3356 2820 3426 quasi,
2844 3356 3090 3426 inquam,
3115 3355 3218 3412 hoc
3248 3356 3469 3411 nomine
3500 3355 3649 3410 dicat

2060 3448 2389 3503 animalcula
2420 3449 2627 3518 quaevis
2676 3460 2732 3505 et
2778 3465 3014 3512 vermes,
3051 3464 3149 3504 ceu
3192 3449 3236 3504 si
3278 3448 3461 3503 omnia
3494 3464 3647 3503 cmu-

2060 3542 2211 3596 muni
2244 3541 2349 3598 hac
2379 3542 2743 3612 appellatione
2783 3542 3113 3597 vocitentur.
3150 3543 3289 3597 Sunt
3315 3541 3478 3594 ctiam
3515 3541 3648 3595 sub—

2062 3639 2308 3688 terranea
2340 3632 2587 3702 quaedam
2635 3632 2692 3686 in
2744 3630 2921 3686 media
2961 3630 3231 3701 praecipue
3277 3630 3528 3698 rubigine
3567 3629 3649 3682 in-

2060 3725 2235 3781 veniri
2292 3725 2475 3792 solita,
2532 3738 2682 3795 quas
2726 3720 3079 3778 cantharidas
3127 3729 3344 3775 vocant.
3389 3719 3647 3775 Nonnulli

2063 3833 2193 3874 vero
2224 3818 2481 3873 dixerunt
2537 3816 2681 3888 apud
2735 3805 2930 3888 Syrum
2985 3815 3336 3885 interpretem
3384 3812 3649 3883 paxillum

2062 3911 2188 3981 legi.
2242 3911 2408 3981 Atqui
2456 3912 2682 3968 stultum
2740 3919 2824 3966 est
2867 3908 3075 3965 omissa
3126 3906 3389 3963 Hebraica
3440 3907 3646 3976 lingua,

2062 4018 2169 4073 qua
2202 4004 2465 4077 propheta
2495 4004 2715 4060 locutus
2740 4012 2846 4067 est,
2883 4001 3044 4071 cujus
3076 4001 3399 4056 vocabulum
3432 3998 3650 4070 propria

2064 4083 2513 4167 interpretatione
2550 4097 2895 4167 septuaginta
2927 4096 3029 4150 viri
3082 4095 3241 4151 nobis
3278 4094 3649 4153 declararunt,

2064 4186 2277 4255 probati
2312 4186 2570 4242 nimirum
2602 4186 2680 4241 illi
2713 4197 2767 4242 et
2792 4185 2914 4255 ejus
2943 4184 3143 4256 lingua:
3172 4190 3429 4239 accurate
3469 4181 3651 4250 periti,

2067 4276 2207 4349 Syro
2235 4277 2516 4334 attendere
2555 4277 2650 4348 qui
2693 4276 3022 4333 Hebraicum
3066 4277 3332 4347 scriptum
3384 4275 3450 4329 ad
3484 4273 3655 4344 Syr0«

2066 4382 2188 4421 rum
2216 4381 2524 4422 sermonem
2547 4366 2830 4423 transtulit
2855 4386 2868 4421 :
2895 4367 2988 4436 qui
3021 4380 3163 4435 saepe
3192 4378 3435 4420 errorem
3487 4379 3651 4419 suum

2065 4471 2169 4528 pro
2213 4457 2411 4528 lingua
2451 4456 2643 4528 regula
2692 4457 2808 4511 vult
2860 4454 3176 4519 obtrudere,
3208 4454 3472 4525 quantum
3518 4453 3651 4506 mihi

2066 4549 2306 4614 videtur,
2340 4548 2471 4619 quid
2501 4548 2645 4605 dicat
2689 4548 2912 4604 minime
2953 4546 3260 4618 intelligens
3292 4564 3304 4600 :
3338 4547 3522 4615 itaque
3556 4560 3654 4614 pro

2070 4641 2346 4696 scarabaco
2372 4639 2576 4711 passim
2608 4639 2664 4694 in
2699 4640 2871 4695 muris
2896 4638 3144 4694 cubitare
3176 4637 3359 4703 solito,
3391 4637 3653 4706 paxillum

346 4729 648 4805 κάνθαρον
681 4733 824 4787 πάνυ
852 4748 918 4801 γε
954 4731 1190 4787 εἰωθότα
1235 4732 1575 4804 ἐμφωλεύειν
1605 4737 1716 4798 τοῖς
1762 4734 1952 4805 τοίχοις

2072 4733 2275 4804 posuit,
2313 4741 2372 4787 ut
2421 4732 2714 4803 quamdam
2765 4731 3037 4787 sermonis
3083 4731 3361 4800 sequelam
3418 4729 3657 4783 retinere

347 4823 431 4882 τδ
456 4843 493 4881 ιη
538 4821 817 4888 πάσσαλος
853 4843 873 4876 ι
907 4822 1229 4890 τεθεικέναι,
1275 4825 1364 4879 ἵνα
1391 4826 1523 4897 δοκῇ
1565 4842 1688 4879 τινα
1725 4826 1786 4878 τὸ
1813 4824 1966 4893 λεγόο

350 4930 545 4991 μνον
565 4914 892 4985 ᾁιιολουθίαν
930 4914 1077 4986 ἔχειν
1098 4914 1119 4948 ·’
1169 4916 1348 4970 καίτοι
1378 4926 1442 4985 γε
1477 4917 1754 4972 πάσσαλον
1781 4918 1847 4971 ὲκ
1876 4916 1969 4982 ξύ-

342 5009 464 5066 λου
500 5005 843 5078 φθέγγεσθαι
870 5007 1237 5062 ἀνακόλουθον
1274 5009 1443 5077 ἄγαν,
1472 5008 1662 5080 ἐπειδὴ
1685 5010 1751 5063 ὲκ
1782 5009 1965 5080 τοίχου

355 5098 477 5173 μὶν
503 5097 859 5169 ἐνδεχόμενον
878 5138 894 5163 ,
926 5100 994 5153 ὲκ
1020 5099 1180 5164 ξύλου
1214 5099 1272 5153 δὲ
1308 5098 1492 5153 οὐκέτι
1514 5116 1528 5132 ·
1561 5101 1624 5153 οὐ
1647 5101 1753 5172 γὰρ
1778 5100 1969 5173 ὥσπερ

352 5195 437 5249 ἐκ
489 5190 661 5246 λίθων
713 5190 1022 5251 συντίθεται
1079 5194 1280 5264 τοῖχος,
1333 5190 1511 5255 οὕτως
1562 5194 1627 5247 ἐκ
1673 5195 1970 5251 πασσάλων

441 5370 597 5445 Στίχ.
631 5373 816 5444 ιβ’-ιε’.
845 5403 917 5414 -—
945 5375 1021 5427 Οὐ
1049 5372 1234 5444 μέντοι
1255 5389 1319 5440 γε
1346 5374 1633 5443 προφήτης
1659 5375 1847 5446 ἐπειδὴ
1878 5375 1970 5446 καὶ

356 5471 437 5523 ὲκ
470 5466 588 5521 τῶν
624 5466 823 5539 τοίχων
854 5465 969 5519 εἴτε
1023 5467 1134 5521 τῶν
1192 5467 1447 5521 ὲνιόντων
1485 5468 1671 5531 αὐτοῖς
1716 5467 1822 5538 ἔφη
1868 5444 1967 5538 τὴν

358 5558 720 5630 κατηγορίαν
752 5558 1000 5628 γίνεσθαι
1044 5559 1168 5614 κατ’
1200 5558 1391 5622 αὐτοῦ,
1426 5558 1608 5626 καλῶς
1652 5560 1964 5631 ἐπήγαγενσ

330 5714 339 5719 ,
368 5670 391 5702 ι
434 5649 579 5704 Οὐαὶ
605 5650 635 5702 6
661 5650 962 5719 οίκοδομῶν
992 5651 1148 5704 πόλιν
1180 5654 1238 5705 ὲν
1265 5652 1484 5723 αἵμασι,
1534 5651 1626 5705 καὶ
1662 5650 1972 5722 ἑτοιμάξων

364 5744 539 5799 πόλιν
565 5745 627 5798 έν
651 5743 893 5806 ἀδικίαις
912 5760 927 5775 ο
960 5744 1023 5796 οὐ
1049 5744 1226 5800 ταῦτὰ
1250 5744 1369 5798 ἑστι
1409 5744 1562 5816 παρὰ
1599 5744 1808 5815 Κυρίου
1838 5762 1975 5799 παν-

2073 4823 2370 4879 viderctur.
2403 4820 2567 4893 Atqui
2617 4819 2884 4891 paxillum
2931 4835 2997 4876 ex
3038 4819 3185 4892 ligno
3222 4819 3392 4890 loqui,
3430 4836 3538 4873 non
3572 4827 3658 4873 est

2073 4921 2503 4969 consentaneum
2541 4929 2555 4968 :
2590 4926 2717 4966 nam
2758 4911 2802 4967 si
2847 4926 2911 4967 ex
2961 4925 3121 4966 muro
3169 4918 3370 4981 potest,
3407 4925 3474 4965 ex
3510 4910 3660 4980 ligno

2070 5019 2417 5076 nequaquam
2452 5023 2466 5059 :
2501 5019 2614 5062 non
2646 5004 2795 5060 enim
2846 5002 2990 5059 sicut
3043 5018 3112 5058 ex
3149 5002 3422 5074 lapidibus
3468 5017 3660 5057 murus

2077 5095 2386 5165 conﬁcitur,
2419 5095 2496 5152 ita
2526 5110 2595 5152 ex
2627 5095 2846 5167 paxillis
2870 5094 3101 5166 lignum.

2152 5372 2314 5428 Vens.
2344 5369 2528 5426 12-15.
2546 5399 2616 5409 -—
2637 5369 2780 5440 Ergo
2808 5367 3093 5440 propheta,
3115 5362 3554 5437 quandoquidem
3588 5379 3653 5417 ex

2079 5470 2251 5522 muris
2268 5476 2321 5522 et
2339 5481 2405 5520 ex
2423 5463 2754 5520 haerentibus
2771 5462 2879 5516 illic
2892 5460 3237 5517 animalculis
3250 5458 3656 5513 accusationum

2082 5557 2193 5613 fieri
2216 5563 2406 5611 contra
2425 5554 2777 5625 Babylonium
2801 5552 2961 5629 dixit,
2975 5554 3234 5624 praeclare
3253 5551 3495 5607 addidit:
3528 5569 3544 5600 ι
3570 5547 3664 5605 Va)

2072 5651 2165 5719 qui
2196 5648 2428 5703 aediﬁcat
2466 5646 2741 5702 civitatem
2785 5646 2839 5700 iu
2887 5648 3271 5717 sanguinibus,
3304 5653 3359 5701 et
3390 5652 3661 5714 praeparat

2076 5743 2262 5797 urbem
2304 5741 2358 5793 in
2416 5737 2826 5809 iniquitatibus!
2865 5735 2983 5793 Non
3027 5745 3157 5792 sunt
3196 5738 3311 5791 lucc
3361 5750 3391 5788 a
3433 5733 3667 5789 Domino

360 5836 749 5909 τοκράτορος·
799 5836 876 5908 (p.
923 5836 1050 5906 569)
1097 5838 1190 5893 καὶ
1229 5837 1477 5907 ἐξέλιπον
1515 5837 1643 5913 λαὸν
1684 5837 1865 5891 ἱκανὸν
1919 5840 1952 5888 ὲ

2079 5835 2474 5903 omnipOtente.
2510 5831 2574 5884 Et
2603 5829 2920 5885 defecerunt
2948 5828 3134 5899 populi
3161 5826 3317 5882 multi
3342 5827 3397 5879 in
3431 5825 3576 5893 igne,
3608 5833 3667 5875 et

368 5931 540 6002 πυρὶ.
578 5930 674 5985 καὶ
713 5929 843 6000 ἔθνη
885 5928 1055 5983 πολλὰ
1083 5928 1526 6003 ὠλιγοψύχησεν,
1559 5931 1641 5984 ὅτι
1673 5929 1979 6003 πλησθήσε-

2082 5935 2270 5998 gentes
2307 5925 2488 5980 multa:
2532 5923 2714 5979 animo
2762 5920 3140 5979 conciderunt.
3185 5918 3323 5986 Quia
3363 5914 3671 5989 replebitur.
