4118 6476
454 438 560 492 ιπο

1617 432 1966 502 τιιεοῡοῐιι
1999 442 2488 502 ΜΡΞΑΗΕΞΤΕΝι

3610 443 3727 500 uo

459 566 626 619 terra,
686 562 745 611 ut
777 553 1086 629 'cOgnoscat
1135 557 1359 629 gloriam
1405 559 1617 615 Domini
1653 581 1665 614 :
1695 560 1849 631 quasi
1899 571 2038 627 aqua

2156 577 2230 611 ιαι
2259 561 2380 630 ήγῆ
2406 559 2500 614 τοῦ
2523 562 2722 630 γνῶναι
2753 562 2849 634 τὴν
2877 561 3035 627 δόξαν
3067 560 3295 632 Κυρίου,
3320 558 3394 623 ὡς
3416 557 3556 631 ὕδωρ
3580 557 3714 612 πολὺ

461 648 629 702 multa
665 648 828 721 242
858 652 1110 721 operiens
1147 652 1338 706 maria.
1372 671 1392 704 ι
1426 653 1561 719 Quis
1608 661 1661 707 te
1689 668 1797 707 non
1845 650 2040 705 deﬂeat

462 738 629 792 urbes
666 740 904 798 caedibus
932 749 986 796 et
1010 741 1391 812 iniquitatibus
1423 743 1817 799 aediﬁcantem?
1855 739 2039 810 Neque

463 831 609 883 enim
665 833 845 889 cernis
895 849 1142 904 quaenam
1191 835 1286 890 tibi
1344 837 1508 907 hujus
1539 839 1617 892 rei
1646 851 1812 891 causa
1862 849 1893 887 a
1929 832 2041 887 Deo

468 919 772 978 {urerentur
808 925 970 979 mala.
1037 924 1118 979 Tu
1169 927 1386 997 quidem
1440 929 1662 993 multos,
1707 934 1840 998 quot
1880 939 2042 981 nemo

465 1014 737 1079 recitabit,
767 1017 924 1084 quasi
967 1017 1093 1086 igne
1129 1018 1452 1074 crudelitate
1486 1029 1575 1074 tua
1606 1017 1990 1088 consumpsisti
2026 1037 2037 1069 :

468 1105 672 1160 multos
717 1106 784 1159 ad
827 1108 948 1162 vitae
981 1110 1183 1164 exitum
1238 1110 1596 1166 intolerandis
1652 1109 1912 1166 aerumnis
1949 1108 2044 1162 de-

470 1196 669 1250 duxisti
717 1214 730 1250 :
778 1200 1129 1268 quamobrem
1177 1217 1321 1256 nunc
1367 1202 1481 1256 haec
1540 1203 1823 1257 sustines:
1859 1207 1919 1254 ut
1970 1198 2042 1251 ita

470 1302 661 1342 omnes
697 1303 790 1356 per
813 1290 1000 1345 urbem
1031 1299 1301 1347 terrarum
1327 1292 1572 1347 homines
1601 1299 1904 1362 agnoscant
1933 1306 2040 1344 ma-

471 1391 632 1445 gnam
691 1377 784 1433 Dei
841 1380 1236 1450 providentiam
1288 1383 1417 1436 talia
1447 1394 1794 1452 operantem,
1839 1381 2046 1450 tibique

472 1469 543 1520 ob
572 1465 812 1522 facinora
846 1479 1050 1526 tantam
1091 1489 1306 1544 pcenam
1345 1475 1661 1546 imponenti,
1698 1482 2043 1545 peccatorum

473 1566 692 1613 tuorum
727 1563 1058 1618 multitudini
1086 1566 1518 1621 convenientem.
1559 1564 1881 1635 Rursusque
1921 1580 2043 1622 cum

472 1652 977 1716 exprobrationem
1006 1654 1050 1710 Ο
1100 1656 1191 1726 qui
1237 1659 1510 1728 propinat,
1548 1658 1747 1727 inquit,
1799 1656 2048 1726 proximo

475 1759 576 1797 suo
600 1744 1009 1802 subversionem
1040 1747 1334 1812 turbidam,
1364 1757 1418 1802 et
1447 1748 1680 1803 inebriat
1710 1755 1768 1802 ut
1798 1747 2049 1816 inspiciat

475 1832 530 1884 in
584 1831 874 1902 speluncas
923 1837 1144 1890 eorum!
1187 1855 1205 1888 ι
1241 1835 1360 1891 Dixi
1402 1838 1514 1906 jam
1567 1852 1740 1907 strpc,
1777 1837 1958 1890 vinum
1997 1844 2050 1890 et

475 1927 650 1991 ipsam
697 1927 1028 1996 putationem
1076 1943 1177 1998 pro
1213 1929 1472 1984 aerumnis
1522 1929 1650 1984 dici.
1688 1928 1770 1983 Tu
1804 1943 1933 1998 ergo
1967 1943 2046 1992 es,

475 2017 565 2084 qui
597 2018 866 2073 universis
894 2018 1206 2075 hominibus
1235 2021 1509 2076 turbidum
1547 2029 1733 2091 putum
1769 2021 2052 2091 propinas,

475 2111 744 2166 inebriare
777 2127 840 2166 ac
874 2113 1190 2169 subvertere
1224 2121 1473 2183 potantes
1500 2115 1723 2169 omnino
1757 2115 2047 2176 valentem,

473 2201 528 2254 id
553 2204 1064 2271 est,gravissimum
1093 2206 1418 2276 supplicium
1461 2207 1674 2261 cunctis
1707 2204 1897 2261 infers.
1927 2203 2052 2258 Haec

475 2293 733 2359 faciebas,
764 2296 960 2366 inquit,
990 2297 1118 2351 dum
1160 2298 1335 2352 aliena
1367 2302 1802 2368 concupisceres,
1832 2307 1886 2353 et
1917 2298 2050 2353 alie-

474 2387 884 2442 nosthesaurus
931 2391 1272 2455 scrutareris,
1332 2399 1388 2444 ut
1435 2392 1489 2446 in
1539 2407 1652 2447 rem
1699 2401 1846 2445 tuam
1896 2406 2052 2446 sevo-

474 2487 631 2527 c-ares
649 2510 668 2526 ι

547 2763 710 2819 Vens.
744 2765 920 2820 16-18.
950 2795 1016 2804 —-
1045 2785 1062 2816 ‹
1105 2766 1454 2821 Saturitatem
1493 2767 1801 2836 ignominiae
1839 2765 1906 2820 de
1937 2767 2054 2836 glu-

472 2857 556 2911 ria
591 2857 714 2911 bibe
764 2865 818 2911 et
873 2864 931 2910 tu
967 2875 980 2910 :
1013 2871 1108 2911 cur
1153 2865 1523 2912 commovetur
1567 2865 1620 2911 et
1671 2859 1996 2912 concutitur.
2031 2877 2048 2908 ›

472 2946 605 3012 Quae
629 2947 795 3016 igitur
817 2947 938 3002 aliis
969 2946 1165 3011 fecisti,
1195 2948 1392 3017 dignus
1419 2949 1534 3017 ipse
1565 2949 1675 3017 pati
1707 2963 1806 3014 es;
1843 2955 1900 3001 ut
1933 2959 2057 3017 post

472 3053 688 3092 omnem
715 3039 860 3092 illam
892 3038 1119 3108 gloriam
1158 3038 1454 3107 ignominia
1493 3037 1742 3101 obrutus,
1774 3048 1973 3093 nutans
2003 3046 2056 3092 et

473 3131 789 3194 concidens,
843 3132 998 3200 quasi
1052 3129 1275 3199 crapula
1319 3126 1576 3197 quadam,
1615 3143 1643 3180 a
1683 3128 2059 3198 magnitudine

2143 651 2520 721 κατακαλύψαι
2547 653 2848 716 θαλάσσας.
2898 673 2917 706 ι
2957 654 3070 706 Οὐκ
3110 653 3174 707 ἀν
3208 669 3266 704 σε
3296 651 3616 720 θρηνήσειεν
3650 648 3716 698 ἐκ

2144 739 2318 808 φόνων
2347 742 2439 794 καὶ
2472 742 2694 797 ἀδικιῶν
2727 741 3202 805 κατασκευάζοντα
3239 741 3453 804 πόλεις;
3495 738 3579 792 οὐ.
3606 753 3716 805 γαρ

2147 832 2420 904 συνεώρας
2480 834 2638 886 ἅτινα
2697 834 2838 905 ὑπὲρ
2899 833 3102 886 τούτων
3159 829 3580 901 ἐπενεχθήσεταί
3633 843 3716 879 σοι

2147 925 2297 995 παρὰ
2322 924 2417 978 τοῦ
2447 925 2582 979 Θεοῦ
2602 943 2614 955 ·
2645 926 2777 978 ἀλλά
2807 925 3035 988 πολλοὺς
3076 924 3174 994 μέν
3197 940 3351 986 τινας
3376 921 3469 974 καὶ
3509 917 3720 990 ἀμυθή-

2145 1034 2270 1080 τους
2293 1015 2484 1087 ὥσπερ
2517 1018 2649 1087 πυρί
2679 1019 2743 1087 τῇ
2778 1015 2975 1070 σαυτοῦ
3015 1013 3402 1075 καταναλώσας
3439 1009 3717 1080 ὠμότητι,

2146 1107 2374 1170 πολλοὺς
2396 1108 2452 1161 δὲ
2484 1107 2618 1179 πρὸς
2661 1108 2793 1162 αὐτὸ
2812 1108 2872 1159 τὸ
2909 1105 3061 1168 τέλος
3099 1105 3304 1174 ἤγαγες
3331 1101 3426 1154 τοῦ
3460 1100 3574 1171 βίου
3597 1101 3718 1161 ταῖς

2147 1198 2465 1266 ἀνηκέστοις
2497 1200 2798 1269 συμφοραῖς
2820 1214 2832 1225 ·
2864 1197 3003 1266 ὑπὲρ
3035 1190 3110 1250 ὧν
3148 1194 3212 1264 δὴ
3244 1193 3416 1247 ταῦτα
3450 1191 3545 1244 νῦν
3585 1191 3718 1242 ὑπο-

2151 1294 2351 1359 μενεῖς,
2407 1290 2547 1343 ὥστε
2599 1292 2846 1351 ἅπαντας
2889 1291 3014 1352 τοὺς
3069 1286 3210 1340 κατά
3255 1285 3358 1354 γῆν
3400 1281 3720 1353 ἀνθρώπους

2148 1381 2442 1448 ἐπιγνῶναι
2482 1383 2579 1452 τῆς
2615 1382 2765 1444 θείας
2789 1382 3097 1452 οἰκονομίας
3134 1380 3193 1432 τὸ
3227 1376 3454 1448 μέγεθος
3493 1373 3723 1429 τοιαῦτα

2147 1471 2520 1544 ἐργαζομένης
2541 1488 2556 1501 ‘
2584 1472 2724 1526 οὕτω
2746 1474 2804 1526 τέ
2840 1491 2922 1526 σοι
2959 1471 3037 1542 τῷ
3062 1469 3295 1524 τοσαῦτα
3317 1466 3598 1538 δυνηθέντι
3626 1465 3723 1518 καὶ

2150 1565 2496 1636 πεποιηκότι,
2537 1565 2774 1638 φοϐερὰν
2818 1565 3077 1632 ἐπάγοντι
3118 1564 3217 1632 τὴν
3269 1561 3574 1632 τιμωρίαν,
3627 1558 3728 1611 καὶ

2149 1661 2465 1732 πρέπουσάν
2517 1677 2579 1728 γε
2635 1659 2713 1728 τῷ
2767 1659 2960 1730 πλήθει
3010 1657 3118 1710 τῶν
3174 1652 3576 1726 ἡμαρτημένων
3619 1649 3732 1702 una

2153 1757 2266 1813 σοῦ.
2302 1755 2407 1809 Καὶ
2434 1755 2594 1809 πάλιν
2630 1752 2993 1814 ὀνειδιστικῶς
3031 1751 3206 1819 λέγων
3227 1765 3242 1780 ·
3273 1767 3290 1799 ι
3325 1744 3396 1800 Ὦ
3425 1747 3453 1798 ὁ
3487 1744 3722 1808 ποτίζων

2151 1848 2241 1901 τὸν
2284 1847 2510 1917 πλησίον
2565 1843 2729 1898 αὐτοῦ
2771 1842 3083 1914 ἀνατροπὴν
3131 1840 3379 1910 θολεράν,
3424 1836 3521 1889 καὶ
3560 1833 3727 1905 μεθύ-

2154 1956 2298 1994 σκων
2320 1940 2469 2002 ὅπως
2495 1935 2764 2004 ἐπιϐλέπῃ
2793 1934 2886 1986 ἐπὶ
2909 1933 2978 1986 τὰ
3006 1931 3242 2004 σπήλαια
3272 1927 3469 1982 αὐτῶν.
3510 1945 3528 1977 ι
3557 1920 3726 1977 Εἶπον

2152 2034 2410 2096 πολλάκις
2452 2033 2534 2085 ὅτι
2561 2033 2651 2086 τὸν
2681 2027 2822 2084 οἶνον
2865 2028 2959 2082 καὶ
2995 2027 3055 2078 τὸ
3100 2025 3274 2077 πίνειν
3310 2021 3473 2074 αὐτὸν
3511 2017 3603 2071 ἐπὶ
3627 2016 3727 2086 τῆς

2155 2126 2436 2196 συμφορᾶς
2472 2125 2642 2191 λέγει.
2687 2123 2758 2175 Σὺ
2799 2116 2914 2182 οῦν,
2941 2117 3126 2189 φησιν,
3171 2110 3314 2186 ἦσθα
3369 2112 3398 2164 ὁ
3437 2112 3602 2164 πᾶσιν
3639 2109 3733 2160 ἀνο

2153 2219 2392 2291 θρώποις
2424 2217 2574 2287 πόμα
2603 2213 2830 2275 θολῶδες
2876 2209 3188 2281 προσάγων,
3219 2204 3513 2276 μεθύσκειν
3548 2218 3608 2254 τε
3635 2199 3734 2253 καὶ

2153 2309 2480 2382 ἀνατρέπειν
2529 2307 2621 2361 τὸν
2672 2305 2896 2358 πίνοντα
2941 2301 3238 2370 δυνάμενον
3282 2293 3596 2357 παντελῶς·
3640 2293 3732 2345 ἴνα

2153 2402 2306 2474 εἴπῃ,
2344 2399 2616 2470 τιμωρίαν
2662 2393 2970 2466 βαρυτάτην
3008 2390 3210 2445 ἅπασιν
3249 2389 3502 2456 ἐπάγων·
3555 2382 3728 2436 ταῦτα

2153 2496 2229 2560 δέ,
2258 2493 2442 2564 φησὶν,
2471 2491 2674 2552 ἐποίεις
2702 2487 2809 2540 τῶν
2835 2478 3128 2554 ἀλλοτρίων
3165 2477 3468 2548 ἐπιθυμῶν,
3503 2475 3578 2546 (p.
3600 2475 3730 2544 570)

2156 2585 2394 2648 καὶτοὺς
2432 2581 2735 2653 θησαυροὺς
2775 2578 2900 2638 τοὺς
2934 2573 3251 2644 ἀλλοτρίους
3287 2565 3730 2640 ἀνερευνώμενος

2157 2679 2249 2731 καὶ
2280 2672 2479 2729 σαυτοῦ
2525 2673 2701 2725 ποιεῖν
2726 2667 2944 2720 ἐθέλων.

2227 2767 2371 2837 Στίχ,
2411 2770 2610 2833 ις’-ιη’.
2653 2792 2725 2802 --
2768 2779 2786 2811 ι
2835 2757 3160 2828 Πλησμονὴν
3206 2754 3432 2824 ἀτιμίας
3460 2751 3524 2804 ἐκ
3567 2748 3732 2818 δόξης

2157 2863 2246 2914 πίε
2276 2863 2370 2914 καί⁸
2406 2857 2504 2911 σύ·
2539 2854 2736 2926 καρδία
2781 2851 3092 2920 σαλεύθητι,
3127 2846 3222 2901 καὶ
3269 2845 3532 2914 σείσθητι.
3589 2859 3608 2892 ι
3662 2839 3733 2891 Ἃ

2157 2956 2334 3008 τοίνυν
2384 2949 2689 3020 πεποίηκας
2732 2945 2959 3015 ἑτέροις,
2992 2943 3198 3002 δίκαιος
3240 2938 3306 2991 ἂν
3345 2935 3462 3006 εἴης
3504 2932 3728 2986 παθεῖν·

2159 3046 2224 3098 ἵν’
2244 3044 2304 3107 ἐξ
2328 3041 2546 3110 ἁπάσης
2581 3038 2794 3108 ἐκείνης
2823 3035 2920 3106 τῆς
2959 3033 3116 3102 δόξης
3156 3028 3380 3100 ἀτιμίας
3403 3023 3731 3096 πληρωθεὶς,

2157 3132 2605 3203 διασαλευόμενός
2634 3149 2692 3184 τε
2717 3129 2808 3182 καὶ
2833 3125 3194 3181 καταπίπτων
3229 3122 3304 3184 ώς
3327 3118 3432 3172 ὑπό
3465 3132 3608 3178 τινος
3638 3112 3734 3184 μέ-

475 3221 772 3290 punitionis
809 3220 926 3276 ﬁas.
971 3239 989 3272 ι
1025 3219 1395 3275 Circumdedit
1424 3230 1474 3274 te
1501 3220 1638 3275 calix
1678 3219 1914 3275 dexterae
1944 3219 2052 3274 Do-

2157 3231 2256 3301 θης
2290 3230 2355 3298 τῇ
2398 3227 2496 3297 τῆς
2536 3222 2803 3294 τιμωρίας
2845 3217 3120 3289 διαμένοις
3157 3211 3455 3284 ὑπερϐολῇ.
3503 3228 3521 3259 ι
3576 3205 3736 3301 ἐκύ-

476 3310 630 3375 mini,
659 3318 711 3365 et
737 3319 954 3381 aggesta
982 3317 1064 3365 est
1086 3310 1379 3380 ignominia
1409 3326 1573 3380 super
1594 3309 1823 3381 gloriam
1848 3318 2050 3364 tuam.»

475 3403 718 3456 Adduxit
759 3403 855 3458 tibi
901 3403 1127 3458 calicem
1167 3417 1326 3456 suum
1362 3400 1527 3464 Deus,
1561 3417 1659 3471 pro
1696 3416 1761 3456 eo
1812 3409 1872 3455 ut
1911 3401 2058 3455 dicat

475 3496 747 3549 decretam
775 3510 805 3548 a
843 3509 902 3549 se
934 3509 1172 3565 pmnam,
1197 3501 1256 3548 ut
1284 3494 1454 3564 gloria
1495 3503 1586 3548 tua
1619 3495 1672 3547 in
1703 3493 2055 3564 ignominiam

477 3585 760 3652 plurimam
805 3571 1041 3656 undique
1090 3587 1144 3640 in
1193 3594 1246 3641 te
1293 3595 1605 3657 congestam
1648 3587 1903 3656 deinceps
1925 3601 2057 3641 con-

475 3682 734 3730 vertatur.
772 3694 790 3726 ι
832 3676 970 3743 Quia
1003 3677 1256 3747 impietas
1279 3677 1471 3732 Libani
1504 3679 1714 3749 aperiet
1753 3686 1824 3740 te,
1869 3685 1924 3732 et
1958 3677 2058 3730 mi-

477 3767 617 3820 seria
647 3768 946 3823 bestiarum
997 3771 1223 3825 terrebit
1258 3779 1329 3834 te,
1371 3779 1591 3840 propter
1635 3770 1930 3841 sanguines
1959 3769 2059 3822 bo-

477 3858 704 3925 minum,
737 3867 791 3913 et
820 3860 1125 3931 imp‘ictates
1159 3872 1318 3918 terrae
1354 3871 1408 3917 et
1443 3863 1595 3918 urbis
1629 3861 1860 3932 ejusque
1903 3861 2058 3916 inco-

478 3953 672 4004 larum.
703 3971 722 4004 ι
753 3950 906 4006 Sicut
932 3954 1077 4008 enim
1101 3955 1363 4011 adversus
1393 3957 1650 4026 populum
1683 3955 1845 4024 impie
1876 3953 2056 4024 egisti.

480 4059 621 4096 nunc
645 4058 862 4113 poenam
893 4045 1029 4107 lues,
1060 4046 1306 4102 hostibus
1340 4046 1579 4102 ferarum
1617 4045 1722 4100 ritu
1759 4044 1919 4116 243
1959 4043 2057 4098 tibi

480 4136 876 4205 ingruentibus,
910 4147 1073 4208 atque
1113 4139 1167 4191 in
1197 4139 1416 4193 miseria
1456 4139 1625 4191 multa
1663 4135 2016 4193 constitueris
2041 4153 2070 4212 ς.

478 4238 698 4296 propter
759 4228 1005 4285 homines
1033 4246 1064 4284 a
1109 4239 1160 4285 te
1191 4229 1581 4302 Hierosolymis
1622 4228 1960 4293 interfectos,
2005 4237 2060 4282 et

478 4317 603 4386 quia
637 4319 866 4374 sceleste
907 4329 1098 4374 contra
1145 4320 1235 4376 Dei
1287 4323 1560 4393 regionem
1601 4323 1899 4392 urbemque
1945 4323 2058 4393 egi-

480 4409 572 4473 sti,
608 4410 809 4464 nemini
841 4427 1071 4480 parcens
1113 4413 1414 4468 incolarum
1456 4415 1597 4484 ejus.
1623 4414 1741 4470 Jam
1774 4429 2056 4488 postquam

477 4504 556 4558 illi
584 4513 807 4574 peccata
840 4507 1103 4563 adversus
1144 4492 1401 4578 populum
1450 4511 1815 4581 templumque
1864 4526 2058 4581 expro-

477 4601 674 4661 liravit,
701 4608 1103 4669 consequenter
1125 4577 1306 4655 subdit
1338 4617 1352 4654 :
1393 4619 1411 4650 ι
1451 4577 1590 4665 Quid
1636 4577 1858 4671 prodest
1916 4577 2060 4655 sicul-
2093 4577 2138 4630 θ

481 4688 628 4752 ptile,
655 4691 780 4757 quia
823 4691 1164 4757 sculpserunt
1212 4691 1377 4744 illud?
1429 4689 1694 4747 Fecerunt
1745 4693 1876 4746 illud
1925 4710 2060 4752 con-

479 4777 664 4838 ﬂatile.
696 4794 892 4832 vanum
924 4781 1299 4843 simulacrum,
1331 4783 1587 4850 quoniam
1637 4787 1863 4841 conﬁdit
1907 4789 2063 4844 ﬁctor

480 4870 534 4921 in
589 4868 845 4938 ﬁgmento
890 4884 1010 4931 suo,
1052 4877 1199 4923 muta
1251 4871 1428 4926 facere
1467 4873 1628 4927 idola.
1674 4895 1692 4926 ι
1725 4876 1806 4931 Tu
1841 4880 2060 4948 quidem

478 4975 666 5013 verum
710 4958 878 5014 Deum
923 4962 1267 5030 negligcbas;
1315 4965 1581 5032 peccabas
1631 4981 1824 5023 secure
1871 4980 2061 5025 contra

479 5065 569 5104 res
602 5051 684 5105 vel
719 5050 967 5105 homines
1009 5051 1076 5105 ad
1115 5067 1238 5105 eum
1265 5054 1634 5120 pertinentes;
1689 5059 1758 5112 ab
1799 5059 1960 5115 idolis
2011 5071 2064 5118 tc

481 5143 728 5211 adjutum
778 5141 843 5195 iri
872 5142 1148 5212 putabas:
1192 5142 1338 5212 quod
1387 5144 1637 5202 humana:
1681 5164 1878 5207 manus
1921 5169 2063 5209 vano

483 5233 866 5286 simulamento
897 5231 1291 5299 formaveram,
1326 5243 1378 5286 tu
1415 5235 1643 5292 adorare
1672 5241 1950 5309 studebas,
1975 5245 2062 5313 ju-

479 5322 594 5376 vari
627 5329 680 5376 te
725 5322 796 5376 ab
838 5322 999 5379 idolis
1041 5325 1210 5380 mutis
1249 5333 1303 5379 et
1344 5325 1583 5383 humana
1614 5347 1780 5387 manu
1815 5334 2062 5394 formatis

483 5429 733 5481 sperans.

2159 3294 2364 3376 κλωσεν
2395 3317 2486 3370 ἐπὶ
2526 3315 2585 3368 σέ
2614 3315 2872 3382 ποτήριον
2895 3309 3074 3374 δεξιᾶς
3103 3305 3332 3376 Κυρίου,
3366 3301 3462 3354 καὶ
3496 3294 3737 3368 συνήχθη

2159 3414 2352 3482 ἀτιμία
2391 3411 2481 3462 ἐπὶ
2513 3407 2609 3478 τὴν
2639 3403 2798 3469 δόξαν
2850 3418 2964 3454 σου.
3019 3418 3037 3450 ι
3098 3397 3376 3465 Ἑπήγαγε
3415 3392 3522 3461 γάρ
3563 3406 3642 3442 σοι
3664 3385 3738 3482 ’τὸ

2159 3479 2357 3556 οἰκεῖον
2387 3500 2644 3569 ποτήριον
2677 3497 2705 3547 ὁ
2734 3493 2889 3556 Θεὸς,
2916 3492 3000 3544 ἵνα
3025 3488 3155 3558 εἴπῃ
3185 3487 3284 3556 τὴν
3314 3485 3379 3536 ἐκ
3406 3483 3502 3552 τῆς
3531 3479 3738 3541 οἰκείας

2160 3594 2489 3663 ἀποφάσεως
2533 3588 2820 3659 τιμωρίαν,
2879 3586 3019 3639 ὥστε
3070 3598 3151 3634 σοι
3179 3573 3472 3650 τὴνδόξαν
3513 3574 3591 3635 εἰς
3627 3576 3743 3624 ἀτι-

2165 3687 2292 3757 μίαν
2322 3685 2578 3753 πλείστην
2621 3676 2959 3747 πανταχόθεν
2993 3669 3390 3744 ἀθροιζομένην
3419 3667 3512 3757 ἐπὶ
3545 3664 3604 3757 σέ
3627 3680 3743 3757 με·

2160 3755 2526 3844 ταϐεϐλῆσθαι
2563 3769 2769 3822 λοιπόν.
2825 3785 2844 3816 ‹
2900 3765 3047 3819 Διότι
3089 3761 3312 3816 ἀσέϐεια
3355 3756 3450 3812 τοῦ
3505 3755 3740 3810 Λιϐάνου

2163 3866 2392 3936 καλύψει
2431 3881 2510 3927 σε,
2543 3863 2636 3915 καὶ
2678 3855 3022 3928 ταλαιπωρία
3051 3853 3255 3924 θηρίων
3285 3850 3513 3919 πτοήσει
3550 3863 3629 3909 σε,
3671 3845 3742 3897 δι’

2163 3961 2369 4031 αἵματα
2417 3954 2744 4024 ἀνθρώπων,
2784 3951 2876 4003 καί
2913 3947 3167 4009 ἀσεϐείας
3208 3945 3312 4016 γῆς
3373 3942 3468 3995 καὶ
3524 3941 3744 4031 πάντων

2162 4029 2269 4105 τῶν
2321 4045 2715 4104 κατοικούντων
2759 4042 2950 4110 αὐτήν.
3007 4057 3025 4090 ι
3091 4036 3179 4099 Ὠς
3208 4035 3316 4104 γάρ
3362 4035 3441 4096 εἰς
3483 4031 3574 4086 τὸν
3610 4029 3745 4082 λαὸν

2162 4143 2463 4215 ἠσέϐησας,
2490 4137 2586 4190 νῦν
2623 4133 2815 4195 δώσεις
2850 4131 3006 4215 δίκην
3030 4127 3275 4189 δικαίως,
3308 4124 3495 4194 ὥσπερ
3531 4121 3639 4215 ὑπό
3665 4138 3748 4215 τι.

2162 4213 2268 4291 νων
2307 4233 2512 4306 θηρίων
2543 4229 2652 4283 τῶν
2683 4213 2948 4278 ἐπιόντων
2989 4236 3072 4272 σοι
3107 4217 3412 4288 πολεμίωνο
3457 4218 3536 4306 εἰς
3577 4214 3746 4306 φόϐον

2162 4332 2256 4384 καὶ
2289 4301 2663 4392 ταλαιπωρίαν
2700 4314 3015 4386 καταστήσῃ
3057 4310 3256 4379 πολλήν
3277 4324 3291 4337 θ
3340 4308 3479 4378 ὑπὲρ
3501 4301 3575 4358 ὧν
3597 4305 3746 4357 ἀνεῖ.

2161 4423 2250 4486 λές
2279 4438 2338 4472 τε
2372 4415 2676 4486 ἀνθρώπων
2705 4405 2847 4460 κατὰ
2888 4404 2984 4474 τὴν
3014 4401 3392 4474 Ἰερουσαλὴμ,
3411 4398 3505 4452 καὶ
3523 4396 3748 4467 ἠσέϐεις

2161 4515 2239 4576 είς
2273 4528 2334 4565 τε
2376 4509 2475 4580 τὴν
2504 4507 2608 4576 γῆν
2635 4506 2732 4576 τὴν
2761 4503 2910 4556 θείαν
2952 4499 3046 4552 καὶ
3081 4497 3178 4567 τὴν
3215 4493 3390 4557 πόλιν,
3441 4489 3562 4543 ούδέ
3613 4487 3747 4558 μίαν

2161 4604 2271 4656 τῶν
2317 4599 2608 4653 οἰκούντων
2650 4595 2818 4665 αὐτὴν
2861 4589 3026 4662 φειδὼ
3069 4584 3342 4640 ποιεῖσθαι
3392 4581 3745 4653 βουλόμενος.

2159 4693 2271 4748 Καὶ
2303 4689 2598 4758 ἐπειδήπερ
2634 4685 2779 4756 αὐτῷ
2808 4685 2904 4753 τὴν
2943 4684 3023 4745 εἰς
3044 4679 3135 4732 τὸν
3166 4677 3293 4729 λαὸν
3331 4675 3424 4729 καὶ
3456 4673 3554 4743 τὴν
3589 4671 3749 4724 πόλιν

2163 4786 2255 4839 καὶ
2283 4784 2371 4836 τὸν
2411 4780 2536 4833 ναὸν
2561 4778 2834 4830 ὠνείδισεν
2863 4777 2919 4827 ἐν
2949 4772 3158 4833 τούτοις
3187 4765 3584 4838 πλημμέλειαν,
3610 4764 3748 4817 ἀκο-

2161 4875 2367 4936 λούθως
2401 4871 2596 4938 ἐπάγει
2619 4887 2630 4899 '
2681 4889 2698 4920 ι
2746 4869 2810 4920 Τί
2854 4866 3054 4934 ὠφελεί
3098 4860 3356 4930 γλυπτὸν,
3388 4859 3472 4912 ὅτι
3503 4856 3750 4925 ἕγλυψαν

2164 4966 2330 5027 αὐτό;
2382 4962 2621 5015 ἔπλασαν
2651 4959 2782 5013 αὐτὸ
2809 4957 3066 5028 χώνευμα
3097 4949 3396 5022 φαντασίαν
3433 4945 3624 5015 ψευδῆ,
3660 4945 3749 4999 ὅτι

2163 5057 2420 5113 πέποιθεν
2449 5057 2476 5108 ό
2505 5053 2716 5114 πλάσας
2746 5051 2838 5103 ἐπὶ
2867 5049 2926 5100 τὸ
2957 5047 3183 5117 πλάσμα
3208 5041 3372 5096 αὑτοῦ
3403 5039 3628 5107 ποιῆσαι
3664 5036 3750 5088 εί-

2160 5151 2303 5206 δωλα
2349 5145 2528 5216 κωφὰ.
2581 5163 2600 5197 ›
2660 5141 2820 5196 Ἀλλά
2862 5139 2970 5208 γάρ
3001 5137 3227 5207 ἠμέλεις
3273 5133 3390 5204 μὲν,
3420 5129 3608 5202 φησιν,
3647 5127 3749 5180 τοῦ

2162 5244 2311 5306 ὗντος
2339 5237 2475 5292 Θεοῦ
2499 5255 2510 5267 ⁸
2545 5235 2621 5306 (p.
2656 5232 2783 5305 571)
2823 5231 2917 5285 καὶ
2945 5227 3312 5298 ἐπλημμέλεις
3343 5222 3512 5286 ἀδεῶς
3562 5221 3640 5283 εἰς
3677 5219 3752 5273 τά

2163 5335 2312 5405 αὐτῷ
2340 5351 2403 5402 γε
2431 5331 2776 5403 προσήκοντα
2797 5342 2810 5355 ·
2855 5322 2959 5377 ὑπὸ
2986 5321 3042 5374 δέ
3068 5319 3177 5374 τῶν
3206 5317 3438 5370 εἰδώλων
3465 5310 3750 5383 ὠφεληθή-

2168 5428 2353 5482 σεσθαι
2391 5423 2496 5494 ῷου
2516 5440 2527 5451 ·
2551 5422 2578 5474 ὃ
2602 5421 2721 5482 ταῖς
2762 5413 3128 5486 ἀνθρωπίναις
3157 5407 3515 5481 εἰργασμένον
3553 5405 3758 5475 χερσὶν

484 5509 541 5560 ἐν
563 5508 814 5580 ἀπατηλῇ
845 5526 949 5562 τινι
979 5508 1248 5578 φαντασίᾳ
1279 5509 1597 5581 θεραπεύειν
1619 5514 1895 5584 ἔσπευδες,
1920 5517 2371 5594 ὠφεληθήσεσθαί
2403 5533 2455 5567 τι
2485 5512 2729 5583 οἰόμενος
2760 5508 2866 5562 ἀπὸ
2901 5504 3134 5559 εἰδώλων
3173 5501 3405 5570 ἀφώνων
3428 5496 3750 5568 ἀνθρωπείξι

485 5595 830 5651 πλασθέντων
856 5599 1018 5669 χειρί.

555 5686 918 5748 Vsus-.1920.
953 5724 1017 5733 -—
1042 5693 1230 5749 Postea
1261 5704 1626 5750 consentanea
1659 5713 1906 5755 sermone
1936 5717 2058 5771 pro—

482 5782 730 5853 sequitur
784 5804 796 5837 :
853 5805 870 5834 c
925 5784 1016 5840 Vae
1058 5788 1147 5856 qui
1204 5787 1336 5842 dicit
1381 5789 1526 5857 ligno
1577 5809 1586 5841 :
1647 5790 2052 5860 Expergiscere,

483 5890 644 5946 surge
669 5894 681 5940 ;
709 5885 758 5936 et
790 5877 953 5948 lapidi
982 5899 992 5933 :
1027 5878 1297 5936 Extollere
1330 5899 1340 5934 :
1376 5879 1508 5934 nihil
1540 5897 1667 5936 vero
1711 5880 1854 5936 aliud
1885 5896 2051 5954 quam

2237 5699 2382 5768 Στίχ.
2433 5696 2518 5759 ιθ’,
2550 5702 2616 5749 κ’.
2677 5689 2808 5745 Εἶτα
2840 5689 3148 5751 ἀκολούθως
3212 5687 3440 5751 ἐπάγειο
3476 5700 3494 5733 ι
3533 5678 3668 5733 Οὐαὶ
3711 5680 3742 5732 ό

2163 5791 2334 5858 λέγων
2371 5787 2448 5856 τῷ
2475 5785 2634 5856 ξύλῳ,
2663 5784 2952 5852 Ἔκνηψον,
2991 5777 3330 5849 ὲξεγέρθητι·
3365 5775 3458 5829 καὶ
3488 5771 3564 5843 τῷ
3585 5769 3739 5840 λίθῳ,

2165 5880 2470 5952 ’Υψώθητιο
2507 5879 2599 5930 καὶ
2646 5875 2776 5929 αὑτό
2825 5877 2936 5926 ἐστι
2973 5871 3240 5942 φαντασία
3263 5885 3274 5897 ·
3310 5865 3466 5921 τοῦτο
3506 5863 3560 5917 δέ
3594 5864 3748 5920 ἐστιν
