4118 6476
468 398 577 471 ,αις
1645 386 1998 444 τιιεουυιιι
2037 388 2084 442 u

2186 386 2533 444 SUESTENI
3642 398 3748 456 με

477 518 564 565 tas
595 523 718 580 erga
748 504 946 563 ludam
979 506 1204 570 incolas,
1238 520 1360 559 cum
1392 520 1507 565 eos.
1537 514 1757 574 propter
1799 504 2054 559 inflictam

2185 503 2371 572 τοφίας,
2400 503 2496 574 τὴν
2536 504 2791 572 ἐπίδειξιν
2835 507 3055 577 ποιήσῃ.
3096 526 3114 558 ι
3164 504 3251 561 Ἐν
3295 507 3373 576 τῷ
3409 508 3751 580 ταραχθῆναι

478 610 826 669 peccatorum
860 613 1096 669 pinnam,
1124 599 1369 652 turbatos
1393 597 1587 652 animis
1617 605 1667 648 et
1701 595 1787 647 vix
1814 596 1896 648 sui
1919 610 2061 647 com-

2185 592 2264 663 εὴν
2316 594 2492 664 ψυχήν
2531 612 2664 664 μου,
2708 597 2765 648 ἐν
2807 599 2941 667 ὀργῇ
2985 597 3164 661 ἐλέους
3207 599 3514 672 μνησθήσῃ.
3559 617 3580 651 ι
3615 601 3751 655 Τότε

483 701 659 761 potes,
697 688 1084 744 misericordia:
1131 698 1238 742 tum
1285 702 1512 748 memor,
1542 685 1799 738 utrumuis
1848 685 2062 737 subtra-

2185 686 2467 756 ρανήσεταί
2518 704 2611 740 σου
2652 689 2743 742 καὶ
2789 693 2887 759 τῆς
2934 690 3339 761 φιλανθρωπίας
3390 692 3426 761 ἡ
3476 691 3750 762 ὑπερϐολὴ

484 784 606 847 lies,
645 789 699 837 et
742 789 939 852 printer
960 796 1175 835 omnem
1214 780 1504 834 humanam
1548 792 1697 846 spem
1730 774 2064 847 postliminio

2185 777 2298 846 περὶ
2356 777 2484 842 τοὺς
2541 778 2638 850 τῆς
2693 781 2980 848 Ἰουδαίας,
3024 775 3098 835 ὧν
3145 782 3252 836 ὑπὸ
3294 782 3393 852 τῆς
3436 782 3605 852 ὀργῆς
3651 782 3752 851 τῆς

483 873 542 927 in
572 873 805 943 patriam
836 872 1113 927 restitues.

2185 867 2269 935 τῆς
2291 868 2390 940 τῆς
2425 887 2485 923 τε
2516 872 2844 943 ἐπαχθείσης
2872 874 3056 938 αὐτοῖς
3084 874 3223 944 ὑπὲρ
3254 867 3330 927 ὧν
3353 874 3751 944 πεπλημμελή-

486 982 614 1018 κασι
638 965 907 1035 τιμωρίας
934 963 1432 1034 διατεταραγμὲνων
1461 960 1557 1031 τὴν
1586 960 1761 1030 ψυχὴν
1793 957 1885 1011 καὶ
1908 955 2029 1010 οὐδὲ
2060 956 2118 1009 ἐν
2146 959 2357 1024 ἑαυτοῖς
2375 960 2565 1026 ὄντων,
2594 966 2812 1034 μνήμην
2852 967 2949 1035 τῆς
2981 964 3391 1035 φιλανθρωπίας
3419 963 3521 1032 τῆς
3550 963 3754 1026 οἰκείας

487 1054 878 1125 ποιησάμενος,
900 1054 1227 1119 ἀπαλλάξεις
1248 1071 1307 1107 τε
1340 1053 1535 1117 αὐτοὺς
1557 1053 1663 1105 τῶν
1685 1050 1891 1113 κακῶν,
1920 1050 2013 1103 καὶ
2034 1049 2328 1117 ἐπανάξεις
2358 1054 2450 1106 ἐπὶ
2477 1054 2549 1108 τὰ
2571 1057 2746 1108 οἰκεῖα
2773 1054 2925 1125 παρὰ
2955 1056 3134 1109 πᾶσαν
3171 1053 3516 1125 ἀνθρωπίνην
3538 1052 3751 1106 ἐλπίδα.

562 1144 727 1201 Vens.
753 1145 867 1200 5-5.
896 1175 964 1185 -
999 1164 1016 1196 ι
1061 1145 1202 1199 Deus
1237 1147 1299 1201 de
1322 1144 1579 1199 Thaeman
1603 1144 1801 1205 veniet.
1844 1149 2071 1196 sanctus

488 1235 557 1289 de
584 1244 767 1290 monte
794 1236 1071 1289 umbroso.
1107 1256 1125 1287 ο
1160 1234 1416 1290 Τίιωιηαιι
1449 1236 1580 1289 dicit
1605 1234 2072 1289 ldumaammetro-

491 1326 654 1394 polim
711 1345 724 1380 :
788 1335 1028 1381 montem
1087 1338 1267 1381 autem
1324 1329 1663 1393 umbrosum,
1700 1327 1849 1379 illum
1882 1326 1936 1378 in
1966 1338 2076 1394 quo

491 1417 852 1484 Hierusalem,
899 1427 1085 1489 utpote
1117 1417 1208 1473 Dei
1244 1422 1634 1489 protectionem
1676 1418 1917 1486 undique
1952 1433 2075 1472 sor-

491 1504 671 1557 titum.
701 1502 850 1559 Tunc
869 1521 998 1576 ergo
1015 1506 1302 1575 apparebis
1334 1506 1399 1561 de
1426 1505 1684 1561 Thteman
1708 1506 2068 1559 ldumzeorum

492 1595 740 1656 veniens,
796 1611 934 1665 quos
982 1605 1201 1667 propter
1234 1613 1362 1652 snas
1397 1612 1524 1667 erga
1555 1612 1656 1651 nos
1702 1596 1933 1666 injurias
1958 1595 2067 1664 jam

495 1683 801 1752 puniveris;
835 1684 900 1738 de
929 1695 1120 1739 sancto
1147 1692 1326 1740 autem
1354 1684 1534 1740 Sionis
1566 1693 1767 1748 monte,
1799 1691 2068 1754 quatenus

493 1790 618 1828 eum
677 1777 851 1830 reditu
904 1787 1091 1831 nostro
1159 1777 1523 1833 clarissimum
1577 1778 1793 1831 cunctis
1856 1777 2069 1831 feceris.

501 1885 519 1916 ι
558 1866 967 1937 Operuitcoelos
1002 1869 1172 1924 virtus
1201 1870 1341 1940 ejus,
1368 1877 1422 1924 et
1457 1869 1634 1923 laudis
1666 1869 1785 1940 ejus
1810 1869 1967 1939 plena
1994 1877 2079 1922 est

498 1967 664 2014 terra.
702 1980 720 2010 ι
776 1958 1010 2029 Operum
1045 1975 1269 2016 suorum
1330 1960 1702 2032 magnitudine
1734 1960 1934 2014 cmlum
1964 1966 2078 2012 ter-

499 2066 726 2121 ramque
785 2052 1030 2120 replebit,
1078 2052 1131 2106 in
1170 2061 1379 2106 tantum
1426 2061 1483 2108 ut
1504 2054 1688 2106 cuncti
1714 2052 1780 2105 ad
1817 2053 2076 2122 hymnum

497 2145 912 2205 convertantur,
970 2141 1295 2211 sapientiam
1339 2157 1401 2196 ac
1445 2142 1870 2211 magnitudinem
1898 2152 2079 2211 gesto-

496 2244 617 2284 rum
685 2232 754 2284 ab
815 2232 937 2303 ipso
995 2233 1353 2288 admirantes.
1422 2231 1556 2287 Nam
1592 2234 1693 2288 hoc
1739 2234 1901 2288 etiam
1956 2234 2080 2289 loco

496 2322 642 2389 quod
677 2337 969 2378 commune
1012 2333 1097 2380 est
1128 2339 1225 2394 per
1265 2325 1534 2379 diaeresim
1568 2325 1719 2390 dicit,
1768 2341 1927 2394 quem
1970 2341 2080 2380 non

499 2413 902 2485 infrequentem
964 2416 1164 2472 divina:
1220 2417 1519 2487 Scriptum
1562 2416 1896 2472 idiotismum
1956 2434 2080 2473 esse

498 2507 863 2562 ostendimus.
931 2507 1153 2564 Scilicet
1203 2511 1373 2565 ccelos
1417 2517 1731 2579 terramque
1775 2510 1852 2563 ait
1880 2510 2079 2565 virtute

499 2595 595 2651 Dei
622 2604 861 2667 opertos,
882 2605 940 2651 ut
955 2598 1139 2651 omnia
1163 2598 1311 2652 dicat
1340 2615 1355 2651 :
1378 2592 1701 2669 laudemque
1721 2598 1839 2667 ejus
1857 2607 2081 2669 propter

502 2704 589 2743 res
614 2698 795 2759 gestas
818 2690 886 2744 ab
903 2690 1157 2745 omnibus
1196 2692 1464 2745 cumulari
1515 2698 1788 2761 Oportere.
1826 2709 1844 2741 ι
1884 2690 2078 2761 Splen—

500 2782 601 2835 dor
643 2781 764 2849 ejus
815 2782 973 2851 quasi
1028 2782 1119 2836 lux
1176 2783 1302 2837 erit.
1359 2799 1379 2833 ι
1412 2782 1658 2837 Adventu
1718 2797 1839 2844 suo,
1881 2782 2078 2850 inquit,

2240 1144 2393 1214 Στίχ.
2419 1146 2557 1216 γ’-ε’.
2601 1178 2658 1187 -
2696 1166 2713 1197 ι
2751 1148 2807 1201 '0
2844 1146 2975 1209 Θεὸς
3002 1146 3110 1200 ἀπὸ
3138 1145 3352 1214 Θαιμὰν
3379 1144 3518 1215 ἥξει,
3544 1147 3570 1197 6
3598 1144 3754 1211 ἅγιος

2169 1235 2228 1303 ἐξ
2269 1238 2426 1310 ὅρους
2470 1240 2784 1292 κατασκίου.
2825 1258 2843 1291 ι
2877 1240 2953 1307 (p.
2985 1238 3111 1307 574)
3146 1237 3357 1306 Θαιμὰν
3394 1237 3491 1304 μὲν
3521 1234 3618 1304 τὴν
3648 1251 3759 1302 μηι

2169 1330 2422 1401 τρόπολιν
2464 1329 2612 1398 λέγει
2663 1330 2761 1400 τῆς
2798 1329 3133 1400 Ἰδουμαίας
3177 1327 3302 1397 ὅρος
3348 1327 3406 1379 δὲ
3460 1326 3761 1379 κατάσκιον

2172 1423 2232 1475 τὸ
2278 1423 2380 1492 τῆς
2413 1423 2786 1494 Ἰερουσαλὴμ,
2835 1422 3027 1491 ὥσπερ
3078 1418 3411 1488 πανταχόθεν
3453 1416 3553 1486 τῆς
3608 1416 3757 1478 θείας

2176 1512 2476 1583 ἠξιωμένον
2508 1514 2737 1584 σκέπης.
2768 1513 2900 1566 Τότε
2938 1507 3032 1566 οὖν
3069 1511 3283 1580 φανήσῃ
3322 1508 3431 1563 ἀπὸ
3453 1508 3669 1576 Θαιμάν
3698 1523 3759 1559 τε

2176 1603 2275 1673 τῆς
2317 1602 2620 1673 Ἰδουμαίας
2649 1601 2960 1672 ἐρχόμενος,
3013 1598 3106 1662 οὓς
3153 1601 3442 1669 τιμωρήσῃ
3481 1596 3621 1667 ὑπὲρ
3662 1596 3762 1664 τῆς

2177 1696 2255 1757 εἰς
2285 1695 2432 1764 ἡμᾶς
2476 1692 2872 1763 πλημμελείας,
2906 1690 3000 1744 καί
3022 1692 3087 1745 ἐκ
3123 1689 3216 1742 τοῦ
3263 1688 3417 1756 ἁγίου
3453 1687 3613 1758 ὅρους
3663 1685 3769 1740 τού

2178 1784 2315 1839 Σιὼν
2345 1784 2373 1838 ὃ
2402 1783 2652 1855 λαμπρὸν
2679 1782 2765 1838 διὰ
2804 1784 2900 1853 τῆς
2929 1780 3189 1837 ἐπανόδου
3218 1782 3381 1834 πᾶσιν
3409 1778 3619 1849 ἐργάσῃ
3656 1778 3759 1847 τῆς

2178 1876 2470 1948 ἡμετέρας.
2503 1894 2522 1927 ι
2563 1874 2859 1944 Ἐκάλυψεν
2885 1876 3145 1946 οὐρανοὺς
3176 1876 3208 1944 ἡ
3242 1872 3411 1944 ἀρετὴ
3449 1872 3631 1935 αὑτοῦ,
3661 1873 3757 1925 καὶ

2176 1969 2274 2037 τῆς
2300 1968 2558 2031 αἰνέσεως
2581 1966 2745 2021 αὐτοῦ
2791 1967 3001 2040 πλήρης
3029 1970 3061 2038 ἡ
3088 1967 3179 2037 γῆ.
3224 1986 3242 2017 ι
3275 1965 3364 2035 Τῷ
3387 1964 3515 2032 γοῦν
3543 1961 3759 2033 μεγϋει

2178 2059 2284 2112 τῶν
2317 2061 2446 2130 παρ’
2477 2059 2640 2112 αὑτοῦ
2665 2058 2961 2129 γινομένων
2988 2061 3079 2112 καὶ
3104 2058 3329 2129 οὐρανὸν
3359 2055 3636 2127 πληρώσει
3663 2056 3763 2109 καὶ

2179 2152 2315 2222 γῆνο
2358 2150 2499 2204 ὥστε
2533 2150 2775 2212 ἅπαντας
2832 2150 2970 2220 πρὸς
3015 2150 3182 2218 ὕμνον
3213 2145 3510 2219 τρέπεσθαι
3553 2145 3763 2213 λοιπὸν,

2179 2242 2556 2312 θαυμάζοντας
2582 2245 2680 2313 τήν
2706 2258 2766 2294 τε
2798 2241 2989 2308 σοφίαν
3012 2240 3106 2294 καὶ
3136 2240 3196 2293 τὸ
3235 2238 3462 2310 μέγεθος
3490 2235 3597 2290 τῶν
3630 2237 3761 2306 παρ’

2178 2334 2343 2388 αὐτοῦ
2378 2335 2700 2404 γινομένων.
2740 2333 2897 2386 Κατά
2944 2332 3205 2402 διαίρεσιν
3245 2330 3355 2401 γὰρ
3389 2326 3669 2383 κάνταῦθα
3701 2326 3765 2378 τὸ

2178 2426 2356 2480 κοινὸν
2408 2424 2580 2494 λέγει,
2625 2425 2761 2495 ὅπερ
2803 2420 2895 2477 οὖν
2937 2424 3031 2476 ἐπὶ
3078 2422 3287 2475 πολλῶν
3339 2420 3620 2492 ἐδείξαμεν
3662 2420 3764 2489 ἤδη

2182 2518 2378 2588 ἰδίωμα
2427 2516 2527 2587 τῆς
2577 2515 2723 2578 Θείας
2771 2515 3014 2586 ὑπάρχον
3054 2513 3297 2584 Γραφῆς.
3353 2514 3463 2567 Καὶ
3512 2511 3620 2580 γὰρ
3671 2509 3768 2563 καὶ

2178 2609 2437 2682 οὐρανοὺς
2480 2606 2576 2659 καὶ
2610 2605 2712 2675 γῆν
2763 2602 3102 2672 κεκαλύφθαι
3144 2602 3291 2670 λέγει
3338 2605 3402 2673 τῇ
3448 2602 3616 2672 ἀρετῇ
3666 2601 3771 2653 τοῦ

2179 2697 2334 2760 Θεοῦ,
2377 2699 2463 2751 ἵνα
2492 2697 2619 2767 εἴπῃ
2667 2694 2727 2747 τὸ
2774 2694 3024 2764 σύμπαν·
3067 2693 3161 2746 καὶ
3210 2693 3309 2763 τὴν
3353 2691 3560 2747 αἴγεσιν
3599 2691 3773 2745 αὐτοῦ

2179 2789 2287 2842 τῶν
2315 2787 2614 2857 γεγονότων
2645 2786 2828 2839 ἐνεκεν
2875 2784 3030 2856 παρὰ
3064 2784 3263 2847 παντὸς
3300 2784 3496 2855 χρῆναι
3531 2781 3769 2852 πληροῦ-

498 2887 699 2927 cuncta
726 2873 1212 2944 lumineimpiebit.
1244 2892 1263 2924 ι
1293 2874 1509 2927 Cornua
1541 2874 1594 2925 in
1618 2873 1872 2928 manibus
1900 2873 2075 2941 ejus.»

2185 2881 2306 2935 σθαί
2338 2896 2492 2950 φησι.
2537 2898 2556 2930 ι
2588 2878 2698 2932 Καὶ
2724 2876 2925 2947 φέγγος
2966 2875 3130 2929 αὑτοῦ
3158 2875 3233 2938 ὡς
3260 2874 3374 2943 φῶς
3406 2873 3580 2927 ἔσται.
3619 2891 3640 2925 ι
3685 2872 3766 2942 Τῇ

500 2965 767 3020 Ostendit
828 2965 1026 3021 habere
1056 2982 1115 3021 se
1180 2967 1407 3021 idoneas
1454 2966 1519 3019 ad
1548 2970 1680 3019 sues
1707 2964 2082 3020 defendendos

2185 2976 2283 3047 μὲν
2308 2969 2398 3026 οὖν
2431 2971 2721 3042 ἐπιφανείᾳ
2760 2972 2827 3040 τῇ
2871 2968 3072 3040 οἰκείᾳ,
3092 2967 3276 3039 φησὶν,
3303 2968 3519 3021 ἅπαντα
3546 2963 3772 3034 πληρὼ-

500 3059 667 3121 vires,
687 3065 743 3111 et
771 3056 1103 3114 hisinfestos
1133 3057 1437 3113 domandos
1470 3076 1483 3111 :
1509 3057 1882 3125 metaphoram
1915 3070 2080 3126 porro

2185 3082 2264 3119 σει
2294 3064 2487 3131 φωτός.
2507 3080 2523 3113 ι
2544 3062 2766 3133 Κέρατα
2800 3062 2858 3115 ἐν
2887 3060 3073 3133 χερσὶν
3103 3058 3266 3111 αὐτοῦ
3299 3058 3532 3127 ὑπάρχει
3557 3055 3728 3124 αὐτῷ.
3746 3074 3764 3107 ο

504 3151 573 3206 ab
610 3151 939 3206 animalibus
988 3166 1111 3220 qua
1155 3149 1417 3205 cornibus
1467 3148 1771 3213 decertant,
1823 3148 2079 3219 sumpsit.

2197 3157 2272 3228 (p.
2298 3154 2424 3227 575)
2464 3152 2636 3219 Δείξει
2669 3152 2727 3207 δὲ
2758 3150 2921 3206 αὐτὸν
2963 3146 3276 3219 ἀρκούντως
3308 3142 3501 3213 ἔχοντα
3540 3139 3781 3211 ἀμύνειν

504 3261 531 3296 τι
582 3241 649 3297 Et
718 3242 903 3313 posuit
970 3242 1321 3297 dilectionem
1392 3242 1674 3296 robustam
1743 3239 2084 3295 fortitudinis

2199 3250 2298 3322 μὲν
2315 3252 2427 3313 τοῖς
2446 3247 2685 3312 οἰκείοις,
2704 3242 3020 3317 χειροῦσθαι
3043 3241 3100 3295 δὲ
3117 3240 3241 3302 τοὺς
3258 3235 3564 3307 ἐχθραίνειν
3584 3232 3780 3293 αὐτοῖς

507 3350 640 3391 suae.
686 3352 704 3385 ι
741 3331 868 3389 Haec
896 3333 1153 3388 nimirum
1181 3332 1361 3398 faciet,
1387 3330 1551 3404 246
1576 3330 1949 3404 magnitudine
1974 3346 2084 3387 sua:

2198 3338 2638 3413 ἐπιχειροῦντας·
2684 3338 2749 3389 ἐκ
2787 3332 3103 3406 μεταφορᾶς
3130 3328 3239 3382 τῶν
3282 3328 3395 3390 τοῖς
3434 3324 3630 3395 κέρασι
3661 3336 3769 3391 μαι»

507 3443 635 3497 crga
670 3443 771 3483 nos
807 3427 1116 3481 dilectionis
1142 3432 1321 3482 utens.
1361 3447 1380 3478 ι
1417 3425 1556 3479 Ante
1584 3422 1777 3477 faciem
1831 3422 1951 3491 ejus
1986 3421 2084 3475 ibit

2195 3432 2437 3502 χομένων
2469 3428 2623 3495 ζώων
2652 3427 2824 3489 οὕτως
2856 3422 3024 3478 εἰπών
3046 3439 3060 3453 ·
3105 3444 3120 3470 ι
3159 3419 3268 3474 Καὶ
3296 3417 3447 3471 ἔθετο
3489 3414 3777 3502 ἀγάπησιν-

510 3520 757 3575 verbum.
796 3539 813 3571 ι
856 3518 1036 3574 Rebus
1076 3519 1212 3588 ipsis
1255 3517 1410 3589 praeit
1438 3516 1605 3571 futuri
1661 3514 1941 3580 revelatio,
1972 3529 2084 3583 qua:

2199 3500 2464 3592 κραταιὰν
2492 3519 2673 3590 ἰσχύος
2699 3515 2864 3572 αὐτοῦ
2882 3533 2894 3545 ·
2937 3534 2957 3567 ι
3002 3515 3142 3583 ἅπερ
3170 3506 3264 3565 οὖν
3291 3505 3647 3579 διαπράξεται
3678 3500 3770 3592 δια

511 3627 635 3663 cum
675 3611 933 3664 munibus
966 3625 997 3663 a
1046 3608 1154 3664 Deo
1202 3608 1484 3679 prophetis
1533 3605 1673 3661 facta
1708 3604 1893 3669 fuerit,
1947 3618 2084 3658 nunc

2198 3591 2260 3666 τό
2304 3611 2535 3682 μεγίστῃ
2562 3611 2630 3679 τῇ
2679 3608 2806 3679 περί
2840 3607 2987 3677 ἡμᾶς
3018 3603 3206 3674 ἀγάπῃ
3236 3598 3554 3671 κεχρῆσθαι.
3590 3612 3609 3645 ι
3655 3591 3781 3682 Πρὸ

510 3702 645 3758 mihi
668 3718 885 3773 quoque.
917 3702 1060 3756 haud
1083 3678 1266 3758 secius
1289 3700 1471 3756 oblata
1496 3698 1614 3754 fuit.
1649 3717 1668 3751 ι
1705 3698 1767 3753 Et
1788 3698 2084 3769 egredietur

2188 3678 2480 3773 προσώπου
2510 3678 2697 3747 ’.αὑτοῦ
2756 3678 3048 3762 πορεύεται
3082 3686 3279 3755 ,λόγος’
3326 3704 3345 3736 ι
3379 3683 3487 3753 πρὸ
3542 3682 3640 3753 μέν
3681 3678 3775 3735 οὖν

458 3836 463 3843 .
509 3795 581 3849 ad
607 3770 1006 3865 correptionem
1059 3810 1155 3864 per
1204 3793 1432 3865 vestigia
1474 3792 1615 3862 ejus.
1661 3811 1679 3844 ι
1729 3790 2084 3859 Subsequitur

2189 3770 2297 3848 τῶν
2326 3788 2684 3860 πραγμάτων,
2721 3780 3077 3853 ἀποφαίνεται
3120 3778 3183 3831 τὸ
3214 3776 3495 3865 ἐσόμενον,
3523 3776 3655 3845 ὅπερ
3682 3770 3775 3825 οἷον

514 3904 642 3942 vero
672 3905 811 3959 opus
840 3889 1017 3959 ipsum
1047 3906 1061 3954 ;
1102 3888 1178 3942 ita
1223 3895 1283 3940 ut
1313 3895 1547 3955 utroque
1583 3886 1743 3940 modo
1772 3884 2084 3940 erudiantui

2195 3886 2425 3940 πάντοτε
2452 3880 2538 3933 διὰ
2564 3876 2673 3931 τῶν
2698 3872 2989 3945 προφητῶν
3018 3870 3207 3933 ποιῶν,
3237 3870 3335 3940 οὐχ
3362 3864 3524 3940 ἦττον
3554 3866 3648 3920 καὶ
3680 3864 3777 3917 νύν

514 3979 584 4033 ad
608 3956 843 4033 oilicium
861 3956 1136 4034 homines.
1156 3977 1288 4044 Quae
1308 3993 1395 4031 res
1430 3976 1545 4031 futu
1556 3991 1627 4031 rte
1648 3986 1776 4031 sunt
1800 3975 2084 4047 praedicta:

2195 3976 2465 4046 πεποίηκε
2497 3973 2565 4026 δι’
2604 3968 2759 4041 ἐμοῦ.
2800 3987 2818 4018 ι
2855 3966 2965 4020 Καὶ
3007 3961 3348 4030 ἐξελεύσεται
3396 3960 3476 4022 εἰς
3530 3956 3782 4009 παιδείαν

512 4086 595 4125 ea:
622 4080 810 4140 postea
842 4078 1015 4125 nactae
1043 4078 1172 4125 sunt
1200 4070 1427 4125 exitum.

2197 4065 2338 4121 κατὰ
2385 4045 2546 4122 πόδας
2592 4057 2775 4111 αὑτοῦ.
2821 4074 2840 4108 ι
2892 4050 3199 4107 Ἀκολουθεῖ
3237 4049 3294 4103 δὲ
3345 4049 3437 4102 καὶ
3484 4047 3546 4102 τὸ
3595 4045 3780 4115 ἔργον,

517 4165 659 4219 ὥστε
686 4166 750 4219 δι’
777 4165 1100 4236 ἀμφοτέρων
1136 4167 1264 4228 τοὺς
1297 4163 1617 4233 ἀνθρώπους
1658 4163 2004 4219 παιδεύεσθαι
2032 4163 2093 4217 τὸ
2120 4162 2272 4217 δέον·
2308 4158 2375 4213 δι’
2406 4151 2480 4212 ὧν
2512 4171 2572 4208 τε
2612 4150 2937 4224 προείρηται
2972 4148 3031 4201 τὸ
3061 4145 3339 4215 ἐσόμενον,
3366 4144 3460 4197 καί⁵
3505 4141 3582 4205 εἰς
3623 4141 3787 4211 ἔργον

513 4257 815 4331 ἐκϐέϐηκεν
846 4260 1091 4332 ὕστερον.
1632 4252 1637 4259 ’
2591 4330 2624 4332 ,Α
2869 4327 2932 4332 ,,,
3176 4326 3188 4332 ,
3250 4326 3262 4332 ,
3348 4325 3361 4332 -
3424 4321 3469 4332 .-
3565 4322 3578 4332 .
3670 4320 3696 4332 ..

592 4321 755 4406 Vens.
780 4353 933 4407 6-12.
976 4321 1044 4393 ί-
1078 4369 1096 4402 ι
1127 4350 1319 4415 Stetit,
1377 4357 1431 4403 et
1457 4355 1728 4403 commota
1755 4354 1840 4400 est
1866 4351 2032 4399 terra.
2074 4359 2084 4393 ι

2277 4336 2425 4408 Στίχ.
2469 4330 2645 4401 «ς’-ιβ’.
2694 4358 2764 4369 --
2810 4346 2828 4380 ι
2868 4327 3060 4398 Ἐστη,
3107 4326 3199 4380 καί
3246 4321 3513 4393 ἐσαλεύθη
3555 4322 3588 4392 ἡ
3632 4321 3723 4389 γῆ.
3760 4340 3779 4373 ι

522 4444 756 4498 Tantum
800 4459 1093 4514 apparens,
1155 4451 1354 4498 terram
1413 4447 1739 4495 commovet.
1787 4436 1967 4493 Veluti
2018 4449 2078 4489 es

2204 4429 2399 4492 Φανεὶς
2453 4425 2611 4498 μόνον
2661 4419 2875 4476 σαλεύει
2914 4419 3012 4489 τὴν
3064 4420 3201 4488 γῆν·
3250 4418 3326 4481 ὡς
3368 4416 3451 4479 τὸ,
3487 4435 3506 4467 ι
3554 4416 3611 4466 Ὁ
3655 4412 3788 4476 Θεὸς

516 4538 656 4592 ξιιιιιι
696 4556 708 4592 :
742 4554 760 4588 ι
804 4502 943 4592 1)th
975 4536 1197 4591 stetitin
1226 4547 1502 4605 synagoga
1534 4530 1815 4587 deorum“
1836 4538 1882 4587 ;›
1931 4526 1985 4581 id
2016 4538 2084 4581 εει

2206 4518 2336 4588 ἔστη
2367 4518 2424 4570 ἐν
2454 4513 2741 4581 συναγωγῇ
2772 4508 2928 4562 θεῶν·
2956 4526 2973 4558 ι
2996 4506 3083 4560 ἴνα
3111 4506 3238 4578 είπῃ
3261 4506 3341 4559 ὅτι
3368 4503 3524 4575 ὤφθη
3552 4505 3609 4557 ἐν
3634 4502 3786 4573 μέσῳ

518 4630 581 4683 in
606 4626 783 4683 medio
808 4641 996 4682 eorum
1026 4592 1297 4696 apparuit.
1338 4592 1634 4692 «'Aspexit,
1660 4629 1715 4675 et
1737 4618 2084 4674 extabuerun!

2204 4609 2402 4664 αὐτῶν.
2446 4626 2464 4658 ι
2490 4601 2834 4670 ”Επέ6λεψε.
2866 4600 2959 4657 καὶ
3004 4598 3174 4669 ἐτάκη
3211 4597 3369 4669 ἐθνηε
3420 4594 3672 4665 διεθρύὸη
3719 4592 3795 4647 τὰ

520 4727 714 4789 gentes
744 4737 757 4773 :
789 4717 1009 4773 contriti
1041 4724 1170 4771 sunt.
1224 4715 1488 4770 violenter
1524 4719 1763 4773 montes,
1810 4709 2079 4763 tabuerun

2203 4702 2304 4773 ὅρη
2340 4699 2452 4769 βίᾳ,
2493 4697 2588 4749 καὶ
2622 4694 2895 4763 ἐτάκησαν
2928 4691 3105 4762 βουνοί
3145 4690 3351 4745 αἰώνιοι
3388 4687 3613 4759 πορείας
3663 4687 3792 4739 αἰω-

522 4778 696 4869 colles
724 4810 913 4865 mterni
942 4824 971 4862 a
1007 4807 1288 4880 gressibus
1320 4806 1541 4861 aeternis
1602 4803 1742 4871 ejus.
1792 4819 1811 4853 ι
1860 4798 1957 4855 Vel
1989 4800 2084 4854 θοις

2204 4793 2349 4855 νίους
2380 4789 2566 4845 αὑτοῦ.
2600 4806 2618 4839 ι
2662 4783 2891 4838 Ἀπιδὼν
2919 4782 2975 4836 δὲ
3012 4782 3169 4853 μόνον
3218 4782 3344 4853 ἔθνη
3392 4798 3451 4834 τε
3496 4778 3791 4833 ἀπόλλυσιν

523 4909 754 4970 aspectu
795 4907 984 4970 gentes
1015 4914 1206 4953 omnes
1236 4896 1570 4968 pessumdat,
1605 4903 1659 4949 et
1676 4902 1886 4949 montes
1911 4892 2109 4947 colles—

523 5011 636 5064 que
679 4990 937 5053 conterit,
994 4990 1085 5058 qui
1138 4995 1289 5041 tanto
1321 4996 1565 5056 tempore
1617 4985 1669 5038 vi
1704 4984 1923 5055 propria
1956 4982 2111 5036 vide-

528 5086 729 5139 bantur
786 5089 1047 5152 perstare.
1092 5079 1338 5148 Namque
1371 5080 1485 5133 hazc
1504 5077 1721 5132 coalitus
1763 5075 1945 5129 facere
1993 5089 2112 5128 mos

527 5177 652 5242 ejus
683 5183 788 5236 est,
816 5182 871 5229 et
901 5172 988 5229 his
1018 5172 1274 5243 operibus
1310 5170 1590 5240 regiminis
1620 5168 1704 5223 sui
1730 5182 1954 5222 cursum
2015 5166 2112 5221 de-

536 5273 843 5321 monstrare
873 5267 1033 5320 solet.
1063 5282 1080 5315 ι
1120 5262 1227 5316 Pro
1290 5260 1570 5315 laboribus
1599 5259 1711 5312 vidi
1763 5257 2111 5312 tabernacula

538 5357 881 5427 rEthiopum,
904 5357 1179 5427 pavebunt
1194 5354 1429 5408 tentoria
1450 5360 1610 5407 terrae
1632 5351 1867 5406 Madian.
1910 5369 1928 5402 ι
1957 5348 2115 5403 Nam-

2206 4885 2325 4950 ὄλα,
2355 4882 2449 4937 καὶ⁵
2499 4879 2598 4951 ὅρη
2648 4877 2739 4931 καὶ⁵
2772 4875 2999 4953 βουνοὺς
3046 4869 3365 4943 διαθρύπτει
3396 4873 3462 4924 ἐκ
3498 4869 3692 4923 πολλοῦ
3726 4885 3790 4937 γε

2211 4971 2530 5030 συνεστάναι
2575 4967 2715 5022 κατὰ
2760 4967 2858 5037 τὴν
2903 4964 3057 5035 ίσχὺν
3101 4960 3359 5017 δοκοῦντα
3404 4962 3504 5032 τὴν
3547 4959 3787 5014 οἰκείαν·

2210 5068 2396 5139 ἐπειδὴ
2442 5061 2648 5119 ἄνωθεν
2695 5058 2844 5130 αὐτῷ
2889 5056 3111 5112 τοιαῦτα
3152 5054 3575 5125 διαπράττεσθαι
3608 5051 3791 5123 ἔργον,

2211 5162 2304 5215 καὶ
2328 5159 2420 5212 διὰ
2449 5154 2706 5210 τοιούτων
2736 5152 2914 5223 ἔργων
2956 5149 3053 5219 τῆς
3098 5147 3410 5217 οἰκονομίας
3441 5146 3538 5216 τὴν
3568 5143 3797 5213 πορείαν

2210 5246 2609 5308 ἐπιδείκνυσθαι
2658 5244 2757 5316 τῆς
2804 5240 3028 5304 οἰκείας.
3068 5258 3086 5292 ι
3129 5239 3274 5292 Ἀντί
3319 5238 3376 5291 δὲ
3429 5237 3612 5292 κόπων
3657 5231 3798 5288 εἶδον

2214 5342 2546 5413 σκηνώματα
2605 5336 2915 5395 Αἰθιόπων,
2976 5329 3372 5401 πτοηθήσονται
3440 5327 3638 5398 σκηναὶ
3695 5326 3798 5395 γῆς

530 5464 644 5517 que
692 5455 746 5502 et
793 5448 920 5501 olim
951 5462 1073 5501 cum
1122 5447 1175 5499 in
1212 5443 1451 5515 ngypto
1506 5442 1858 5503 serviremus,
1900 5448 2083 5512 postea

2220 5434 2463 5504 Μαδιάμ.
2503 5451 2522 5483 ι
2556 5430 2665 5483 Καὶ
2697 5428 2802 5497 γὰρ
2848 5423 3013 5478 πάλαι
3061 5422 3325 5492 πρότερον
3371 5419 3607 5490 ὁπηνίκα
3658 5417 3799 5471 κατὰ

534 5554 704 5609 quam
727 5540 823 5593 tibi
854 5538 1013 5593 libuit
1037 5553 1211 5592 nosex
1236 5538 1329 5591 illo
1350 5536 1574 5591 servitio
1591 5534 1869 5606 expedire,
1895 5533 2084 5588 desert.

2221 5527 2317 5598 τὴν
2384 5525 2653 5592 Αἴγυπτον
2714 5518 2870 5589 ἡμῶν
2930 5512 3300 5575 δουλεύοντες,
3371 5512 3460 5565 ὅτε
3525 5506 3799 5581 βουληθεὶς

538 5593 777 5686 vidimus
825 5628 1277 5685 et'habitationcs
1323 5593 1752 5699 ιΕιὶιίοριιηι,ὀο
1794 5623 2084 5679 Madianita

2221 5593 2533 5690 ἀπήλλαξας
2563 5613 2708 5682 ἡμᾶς
2743 5610 2838 5679 τῆς
2883 5608 2973 5661 ὑπ’
3024 5605 3341 5673 Αἰγυπτίοις
3368 5601 3627 5668 δουλείας,
3663 5593 3798 5653 εὶδον

619 5809 663 5845 *⁸
707 5806 854 5864 i’sal.
895 5823 1084 5876 LXXM,
1113 5807 1161 5861 ί..
