4118 6494
340 450 457 516 τις

1268 446 1818 517 COMMENTARIUS
1841 458 1905 514 lN
1945 401 2291 515 HABACDCI
2317 458 2743 515 ORATIONEM.

3536 467 3644 524 ιιι

346 574 594 644 ἐρήμους
628 575 726 639 τὰς
756 575 998 646 οἰκήσεις
1032 576 1305 632 Αἰθιόπων
1344 597 1402 633 τε
1437 580 1529 633 καὶ
1569 580 1940 652 Μαδιηναείων,

2047 596 2190 645 rum,
2243 588 2297 636 et
2344 589 2615 650 quotquot
2665 588 2793 634 tunc
2851 564 3192 634 inimicitiam
3239 582 3503 640 adversus
3543 600 3645 640 nos

346 668 445 718 καὶ
470 665 689 717 πάντων
715 681 778 732 γε
813 666 999 719 ὁπόσοι
1044 668 1143 738 τὴν
1173 669 1374 741 ἔχθραν
1412 672 1635 743 ᾑροῦντο
1684 674 1804 725 τότε
1847 674 1946 744 τὴν

346 757 472 812 καθ’
508 757 686 830 ήμῶν.
723 777 743 810 ι
787 760 881 830 Μὴ
922 763 981 813 ἐν
1016 767 1280 833 ποταμοῖς
1332 766 1612 839 ὀργισθῇς,
1671 770 1863 839 Κύριε,
1912 769 1946 839 ἢ

344 851 407 903 ἐν
440 852 707 920 ποταμοῖς
739 853 769 904 ὁ
800 851 969 922 θυμός
1001 871 1116 917 σου,
1156 855 1233 925 (p.
1273 857 1398 927 576)
1433 859 1466 929 ἢ
1503 863 1561 912 ἐν
1606 860 1852 932 θαλάσσῃ
1888 862 1948 915 τὸ

346 941 582 1011 ὅρμημα
611 956 708 995 σου
735 958 750 1009 ;
792 963 811 993 ι
850 943 1012 1007 Ἐθος
1040 962 1122 999 σοι
1154 948 1295 1001 κατά
1331 951 1591 1020 ποταμῶν
1621 953 1714 1004 καὶ
1742 952 1947 1005 θαλάσ-

350 1048 452 1100 σης
501 1032 602 1103 τὴν
636 1033 808 1104 ὀργὴν
858 1035 1264 1092 ἐπιδείκνυσθαι
1311 1040 1409 1111 τὴν
1450 1043 1690 1095 οἰκείαν·
1745 1044 1805 1096 τὸ
1837 1044 1947 1114 γὰρ

355 1137 374 1175 t
419 1124 496 1195 μὴ
528 1126 586 1176 ὲν
620 1130 906 1195 ποταμοῖς.
940 1146 960 1179 ι
992 1129 1115 1182 ἀντὶ
1151 1130 1267 1191 τοῦ,
1307 1133 1419 1187 Οὐκ
1449 1134 1506 1186 ὲν
1548 1138 1809 1205 ποταμοῖς
1852 1137 1948 1190 καὶ

348 1217 598 1288 θαλάσσῃ
619 1218 849 1272 πάντοτε
874 1220 971 1289 τὴν
998 1222 1169 1292 ὀργὴν
1193 1224 1288 1276 καὶ
1311 1225 1401 1276 τὸν
1431 1223 1601 1295 θυμὸν
1623 1225 1946 1293 ἐπιδέδειξαι

352 1302 634 1379 βουληθεὶς
661 1309 753 1362 τὸν
779 1311 997 1364 οἰκεῖον.
1038 1312 1262 1383 Ἐπάγει
1292 1314 1424 1383 γοῦν
1444 1333 1455 1344 ·
1492 1335 1510 1366 ι
1549 1317 1671 1369 Ὅτι
1705 1316 1944 1389 autem

350 1400 450 1451 ἐπὶ
466 1400 590 1464 τοὺς
626 1399 827 1463 ἵππους
868 1417 987 1463 σου,
1020 1402 1169 1473 καὶὴ
1216 1405 1453 1459 ίππασία
1487 1423 1580 1460 σου
1630 1409 1894 1479 σωτηρία.
1920 1428 1939 1459 ι

358 1491 479 1543 Ὂτ’
500 1488 564 1543 ἂν
593 1490 701 1560 γὰρ
718 1490 1008 1564 βουληθῇς,
1029 1496 1215 1567 φησιν,
1246 1496 1435 1570 ὥσπερ
1463 1500 1547 1568 ἐφ’
1570 1499 1750 1554 ἵππων
1783 1500 1945 1556 τινῶν

350 1582 647 1637 ἑπιόαίνων
676 1587 797 1649 ταῖς
826 1587 1079 1657 ἀοράτοις
1109 1589 1203 1643 καὶ
1231 1591 1631 1661 λειτουργικατς
1654 1592 1944 1663 δυνάμεσιν

348 1674 691 1740 ἐπιτάττεις’
735 1681 784 1733 oi
830 1679 888 1733 δὲ
934 1680 1144 1746 πάντας
1188 1684 1287 1753 μὲν
1331 1684 1544 1756 ἀθρόως
1577 1688 1943 1758 τιμωροῦνται

345 1769 476 1832 τοὺς
511 1770 816 1836 ἐναντίους·
850 1775 1097 1846 σωτηρία
1124 1776 1180 1830 δὲ
1221 1777 1471 1831 ἐντεῦθεν
1498 1779 1798 1848 ἐπιγίνεται
1831 1785 1943 1846 τοῖς

346 1859 483 1921 σοῖς.
525 1877 546 1910 ι
594 1861 876 1917 Ἐντείνων
917 1865 1152 1929 ὲντενεῖς
1192 1870 1254 1920 τὸ
1289 1867 1442 1934 τόξον
1472 1886 1568 1923 σου
1598 1872 1690 1923 ἐπὶ
1717 1872 1785 1926 τά
1811 1873 1943 1944 σκῆ-

344 1956 515 2021 πτρα,
551 1950 702 2020 λέγει
752 1952 975 2025 Κύριος.
1014 1974 1035 2007 ι
1073 1958 1330 2029 Συνεχέσι
1381 1960 1438 2014 δὲ
1477 1962 1599 2024 ταῖς
1652 1936 1944 2034 τιμωρίαις
1980 1936 2021 1990 Β

340 2041 757 2121 κατακοντίζεις
779 2044 905 2108 τοὺς
948 2048 1005 2098 ἐν
1049 2046 1299 2119 βασιλείᾳ
1338 2050 1433 2103 κα)⁸
1482 2050 1769 2124 δυναστείᾳ
1814 2054 1945 2108 καθ-

336 2134 568 2189 εστάναι
619 2134 934 2201 δοκοῦντας.
972 2158 990 2190 ι
1026 2140 1300 2212 Ποταμοῖς
1350 2144 1646 2215 ῥαγήσεται
1696 2148 1728 2216 ή
1783 2145 1877 2217 γῆ.
1921 2166 1937 2197 ι

342 2224 515 2280 Ὥστε
552 2227 662 2281 τῶν
707 2230 973 2300 ποταμῶν
1021 2232 1122 2303 τὴν
1174 2234 1457 2306 ἀναίρεσιν,
1502 2239 1566 2289 ὲκ
1618 2237 1716 2309 τῆς
1774 2238 1945 2310 ὀργῆς

334 2318 544 2391 ἁθρόον
572 2319 865 2392 γινομένην
895 2323 993 2393 τῆς
1027 2324 1128 2395 σῆς
1156 2325 1445 2399 διαρρῆξαι
1499 2327 1597 2399 τὴν
1639 2330 1741 2400 γῆν
1762 2346 1774 2359 ·
1825 2329 1944 2393 ἔθος

336 2411 457 2481 γὰρ
493 2408 655 2465 τοῦτο
685 2415 754 2485 τῇ
790 2417 861 2486 γῇ
899 2416 1244 2485 μειωθέντων
1277 2419 1571 2490 ὑπομένειν
1598 2421 1707 2473 τῶν
1738 2420 1944 2476 ὑδάτων

337 2502 457 2556 ἀπὸ
473 2502 572 2573 τῆς
590 2503 1065 2578 ἐπακολουθούσης
1087 2506 1384 2581 ξηρότητος
1413 2510 1659 2583 ὕστερον.
1693 2530 1711 2562 ι
1744 2512 1943 2582 Ὄψον-

338 2594 436 2649 tat
479 2611 538 2648 σε
587 2599 683 2650 καὶ
714 2597 1039 2669 ὼδινήσουσι
1073 2600 1207 2655 λαοί.
1257 2623 1277 2654 ι
1342 2603 1429 2657 Ἐν
1467 2604 1680 2668 ὀδύναις
1729 2604 1942 2657 ἔσονται

341 2685 608 2750 πλεῖστοι,
671 2688 795 2742 οὐδὲ
850 2690 950 2761 τὴν
1006 2693 1271 2764 πρόσοψιν
1330 2697 1573 2764 ἐνεγκεῖν
1625 2696 1944 2769 δυνηθέντες

336 2777 447 2847 τὴν
498 2778 621 2850 σήν.
679 2780 756 2849 (p.
805 2781 936 2851 577)
986 2801 1005 2835 ι
1037 2784 1353 2856 Σκορπίζων
1393 2785 1565 2841 ὕδατα
1627 2790 1870 2860 πορείας.
1920 2810 1936 2840 ι

359 2867 672 2937 Ἀφανίζεις
707 2872 819 2943 γὰρ
852 2871 1136 2946 βουληθεὶς
1190 2876 1412 2933 ἃπασαν
1455 2877 1647 2944 ὕδατος
1688 2879 1938 2946 διέξοδον.

346 2971 373 3012 1
416 2960 660 3017 Ἔδωκεν
694 2965 728 3035 ἡ
766 2963 1000 3031 ἄϐυσσος
1029 2969 1213 3040 φωνὴν
1243 2971 1436 3042 αὐτῆς,
1465 2970 1597 3043 ὕψος
1643 2973 1943 3043 φαντασίας

336 3055 539 3126 αὐτῆς.
577 3075 596 3109 ο
635 3056 769 3111 Τότε
820 3057 884 3130 δὴ
938 3061 1034 3113 καὶ
1078 3061 1315 3126 ἄϐυσσος
1361 3063 1552 3136 ὥσπερ
1596 3065 1719 3120 τινὰ
1757 3066 1942 3137 φωνὴν

339 3148 489 3201 κατὰ
537 3148 600 3203 τὸ
656 3150 886 3221 μέγεθος
937 3153 1137 3225 ἀφήσει
1189 3155 1251 3208 τὸ
1308 3158 1526 3223 οἰκεῖον,
1588 3156 1667 3228 τῷ
1712 3158 1940 3230 νεύματι

2052 680 2438 742 susceperunt.
2480 691 2497 723 ι
2532 671 2671 725 Num
2702 671 3019 725 ﬂuminibus
3053 671 3227 726 iratus
3255 687 3336 733 es,
3388 672 3640 735 Domine,

2050 782 2178 819 nunt
2211 762 2480 835 (inquam)
2518 764 2780 817 adversus
2795 760 3019 815 ﬂumina
3048 761 3203 815 furor
3237 772 3386 825 tuus,
3420 774 3475 819 et
3505 780 3642 819 con-

2049 865 2132 910 tra
2158 871 2307 911 mare
2334 858 2566 925 impetus
2598 855 2768 909 tuus?
2803 873 2820 905 ι
2854 853 2970 909 Mos
3002 854 3099 907 tibi
3128 863 3213 910 est
3240 856 3505 911 adversus
3540 855 3646 909 (lu-

2048 952 2196 1002 mina
2229 957 2282 1002 et
2310 963 2460 1003 mare
2484 949 2619 1001 iram
2651 953 2800 1000 tuam
2825 945 3237 1011 demonstrare;
3264 947 3313 1001 id
3338 957 3421 1002 est
3449 956 3641 1002 Cilllll'a

2049 1041 2479 1095 innumerabiles
2513 1040 2741 1109 populos
2774 1039 2918 1093 soles
2958 1038 3131 1093 iratus
3160 1041 3456 1109 potentiam
3490 1052 3638 1093 tuam

2048 1131 2355 1185 ostendere.
2395 1130 2529 1183 Nam
2583 1129 2807 1192 locutio,
2837 1147 2854 1180 ι
2888 1144 3015 1182 num
3047 1127 3387 1192 ﬂuminibus,
3427 1147 3444 1182 ι
3485 1131 3641 1199 poni-

2048 1231 2140 1277 tur
2183 1233 2302 1292 pro,
2333 1218 2449 1275 Non
2490 1221 2809 1275 ﬂuminibus
2869 1230 3033 1291 atque
3067 1224 3204 1276 mari
3255 1221 3390 1275 iram
3425 1232 3642 1288 semper

2047 1313 2397 1382 furoremque
2436 1321 2587 1366 tuum
2620 1311 2701 1366 vis
2750 1312 3151 1366 demonstrare.
3209 1309 3373 1364 Addit
3408 1311 3591 1378 itaque
3623 1325 3638 1361 :

2052 1425 2071 1458 ι
2108 1405 2245 1473 Quia
2275 1404 2543 1461 ascendes
2566 1420 2732 1476 super
2751 1419 2923 1474 equos
2950 1411 3110 1470 tuos;
3144 1411 3197 1458 et
3229 1401 3497 1473 equitatio
3524 1407 3636 1459 tua,

2045 1497 2298 1552 salvatio.
2321 1515 2339 1546 ι
2369 1494 2504 1549 Nam
2524 1510 2649 1549 cum
2674 1495 2936 1558 volueris,
2963 1494 3164 1562 inquit,
3184 1500 3446 1562 tanquam
3468 1503 3640 1559 equos

2044 1586 2310 1659 quosdam
2382 1587 2787 1651 conscendens,
2830 1585 3203 1641 invisibilibus
3262 1582 3640 1650 ministrisque

2044 1679 2341 1736 virtutibus
2360 1680 2596 1749 imperas
2626 1699 2638 1734 :
2675 1679 2757 1735 liae
2780 1694 2909 1735 vero
2932 1688 3162 1733 cunctos
3191 1677 3376 1732 subito
3400 1675 3641 1746 puniunt

2047 1772 2441 1828 adversarios:
2483 1781 2647 1842 atque
2681 1773 2813 1828 hinc
2839 1773 3045 1842 populo
3085 1780 3182 1826 tuo
3211 1771 3365 1827 salus
3394 1777 3634 1824 creatur.

2051 1881 2071 1915 ι
2130 1862 2425 1919 lntendens
2476 1864 2727 1919 intendes
2790 1877 2980 1917 arcum
3035 1871 3187 1916 tuum
3248 1877 3415 1932 super
3476 1858 3637 1932 247

2048 1967 2288 2027 sceptra,
2323 1956 2458 2011 dicit
2488 1956 2779 2017 Dominus.
2819 1975 2837 2008 ι
2873 1954 3159 2027 Perpetuis
3184 1951 3639 2024 castigationibus
3714 2017 3726 2023 _

2050 2049 2239 2120 pulsas
2263 2064 2359 2105 eos
2390 2051 2487 2118 qui
2518 2050 2572 2115 in
2605 2065 2779 2119 regno
2810 2063 2874 2103 ae
2924 2055 3195 2119 potestate
3226 2043 3514 2101 constituti
3548 2043 3641 2095 vi—

2047 2143 2267 2197 dentur.
2306 2159 2325 2193 ι
2361 2140 2707 2197 Fluminibus
2732 2124 3202 2198 scindeturfcrra.
3245 2158 3263 2189 ι
3291 2136 3638 2193 Fluminibus

2047 2242 2272 2305 repente
2302 2235 2372 2289 ab
2426 2236 2507 2290 ira
2538 2243 2630 2288 tua
2668 2233 2984 2301 exstinctis,
3008 2241 3155 2288 terra
3186 2230 3487 2287 scindetur.
3522 2228 3639 2281 illos

2045 2329 2194 2384 enim
2225 2337 2311 2384 est
2345 2329 2557 2401 ut_hoc
2589 2317 2734 2384 terra
2766 2328 3028 2398 patiatur,
3063 2326 3367 2381 imminutis
3397 2326 3554 2394 aquis
3585 2335 3640 2377 et

2045 2432 2419 2493 consequente
2449 2437 2575 2477 mox
2623 2420 2895 2477 siccitate.
2934 2438 2953 2472 ι
2995 2418 3273 2475 Videbunt
3304 2426 3377 2485 te,
3407 2416 3638 2472 etilole-

2046 2513 2182 2568 bunt
2230 2512 2436 2583 pepuli.
2482 2531 2499 2564 ι
2534 2511 3068 2566 Plurimidoloribus
3119 2509 3509 2580 corripientur,
3545 2523 3641 2559 nea

2045 2620 2151 2675 quc
2184 2602 2328 2659 ferre
2346 2588 2604 2674 putarunt
2652 2612 2938 2673 aspectum
3004 2612 3179 2657 tuum.
3221 2619 3240 2651 ι
3307 2599 3640 2669 Dispet‘gens

2045 2710 2216 2766 aquas
2248 2695 2486 2751 itineris.
2523 2714 2542 2747 ι
2586 2693 2915 2760 Praecludis;
2944 2693 2989 2749 si
3024 2692 3165 2746 forte
3227 2691 3490 2753 volueris,
3520 2703 3642 2741 om-

2045 2801 2168 2841 nem
2202 2800 2357 2855 aquae
2387 2787 2615 2840 exitum.
2694 2803 2712 2835 ι
2756 2783 2914 2838 Dedit
2974 2784 3209 2855 abyssus
3237 2795 3424 2837 vocem
3457 2794 3637 2836 suam.

2044 2876 2276 2930 altitudo
2321 2875 2625 2947 phantasia:
2670 2874 2816 2945 ejus.
2865 2893 2886 2927 ο
2927 2871 3086 2933 Tunc
3143 2872 3367 2943 quidem
3399 2871 3639 2941 abyssus

2045 2970 2210 3025 etiam
2268 2983 2457 3024 vocem
2493 2967 2785 3039 quamdam
2834 2981 2936 3036 pro
2961 2981 3059 3022 sua
3084 2961 3459 3035 magnitudine
3492 2960 3639 3023 edet,

2045 3071 2183 3119 nutu
2232 3071 2330 3117 tuo
2357 3076 2649 3118 concussa.
2715 3078 2734 3112 ι
2807 3059 3068 3115 Elevatus
3106 3068 3192 3113 est
3218 3057 3324 3121 sol,
3395 3061 3451 3111 et
3510 3054 3638 3107 luna

2044 3157 2195 3210 stetit
2226 3154 2280 3207 in
2301 3153 2495 3209 ordine
2521 3169 2642 3209 suo.
2679 3172 2697 3205 ι
2732 3151 3004 3219 Quoniam
3037 3149 3121 3205 sol
3151 3147 3409 3203 occidere
3437 3144 3641 3201 dicitur

337 3240 679 3343 ἶιλονουμένη
708 3242 787 3314 τῷ
813 3243 912 3317 σῷ.
945 3263 964 3296 ι
1011 3246 1255 3319 Ἐπήρθη
1286 3249 1315 3301 ὁ
1338 3247 1510 3320 ἥλιος,
1545 3251 1642 3304 καὶ
1667 3252 1702 3321 ή
1739 3249 1938 3322 σελήνη

2044 3247 2392 3317 angustiatis,
2434 3261 2585 3301 nunc
2649 3247 2767 3300 vult
2827 3245 3014 3300 dicere
3072 3242 3191 3298 fore
3222 3246 3283 3296 ut
3319 3239 3448 3303 illis,
3497 3253 3640 3310 quos

337 3332 498 3386 ἔσται
525 3334 586 3386 ὲν
613 3335 679 3405 τῇ
713 3334 867 3401 τάξει
912 3336 1108 3409 αὐτῆς..
1142 3358 1162 3391 ι
1202 3339 1420 3412 Ἐπειδὴ
1464 3336 1610 3395 δύειν
1652 3340 1801 3410 λέγει
1845 3339 1938 3395 τὸν

2044 3347 2101 3394 ιιι
2128 3338 2182 3393 in
2208 3338 2576 3409 prOSperitate
2602 3337 2964 3401 constituisti,
2989 3335 3071 3391 sol
3090 3343 3144 3389 et
3163 3333 3294 3387 luna
3332 3331 3636 3387 secundum

337 3424 495 3495 ἥλιον
523 3428 639 3490 τοῖς
668 3427 729 3480 ἐν
762 3428 1049 3498 ἀνάγκαις.
1093 3430 1330 3487 ἐνταῦθα
1369 3431 1528 3487 τοῦτο
1577 3432 1825 3503 βούλεται
1862 3435 1940 3487 εί-

341 3518 490 3583 ξτετν,
527 3517 610 3571 ὅτι
634 3519 759 3584 Τοῖς
793 3521 948 3595 παρὰ
982 3522 1075 3576 σοῦ
1107 3526 1166 3577 ἐν
1201 3525 1482 3597 εὐπραγία
1517 3525 1939 3597 καθισταμένοις

345 3610 585 3680 φωτεινὰ
617 3613 760 3668 κατὰ
803 3614 900 3686 τὴν
923 3618 1132 3671 οἰκείαν
1162 3616 1324 3688 φύσιν
1354 3620 1603 3689 φανεῖται
1638 3622 1666 3674 ὁ
1693 3621 1845 3691 ἥλιός
1878 3639 1938 3675 τε

318 3702 447 3761 ,καὶ
472 3704 505 3775 ή
532 3704 753 3777 σελήνη.
782 3725 801 3759 ι
833 3708 931 3772 Et;
963 3709 1081 3779 φῶς
1117 3709 1319 3781 βολίδες
1361 3729 1458 3766 σου
1482 3713 1868 3786 πορεύσονταιο
1890 3704 1893 3707 ’
1913 3733 1932 3766 ι

348 3796 660 3868 περιφανῶς
710 3799 805 3852 καὶ
850 3799 992 3869 μετὰ
1048 3801 1251 3872 πολλῆς
1292 3804 1391 3875 τῆς
1423 3804 1806 3876 λαμπρότητος
1840 3808 1941 3858 tu.

339 3886 495 3952 άξεις
517 3887 619 3952 τὰς
643 3888 858 3962 πληγὰς
880 3893 991 3955 τοῖς
1019 3892 1305 3958 ἐναντίοις.
1333 3913 1353 3946 ι
1388 3896 1485 3958 Είς
1506 3896 1709 3965 φέγγος
1734 3897 1941 3967 ἀστρα-

344 3979 459 4050 πῆς
484 3981 666 4037 ὃπλων
694 3999 811 4037 σου.
846 4000 870 4041 ,ι
913 3984 1225 4056 Ἀστραπῆς
1259 3985 1415 4058 δίκην
1441 3986 1713 4058 ὲκλάμψει
1748 4005 1842 4041 σου
1870 3987 1939 4041 τὰ

341 4072 508 4140 ὅπλα,
535 4072 622 4127 ἵνα
645 4073 800 4145 εἴπῃ,
843 4075 906 4129 Ἢ
943 4078 1085 4130 κατὰ
1117 4078 1227 4131 τῶν
1259 4077 1533 4150 πολεμίων
1571 4080 1741 4151 ἰσχύς.
1784 4098 1803 4131 ι
1853 4081 1940 4134 Ἐν

339 4165 544 4239 ἀπειλῇ
591 4184 686 4221 σου
733 4168 1019 4239 ὸλιγώσεις
1059 4173 1187 4242 γῆν.
1230 4172 1324 4225 καὶ
1378 4175 1435 4228 ὲν
1473 4172 1632 4246 θυμῷ
1687 4174 1941 4241 κατάξεις

341 4251 496 4332 ἔθνη.
535 4279 555 4313 ι
590 4261 781 4316 Πᾶσαν
824 4263 925 4334 τὴν
954 4264 1056 4335 γῆν
1104 4264 1243 4334 μετὰ
1291 4266 1399 4320 τῶν
1440 4267 1734 4323 οἰκούντων
1772 4270 1942 4340 αὐτὴν

338 4350 627 4423 ’ὀργισθεὶς
663 4354 939 4425 ἀποφάσει
967 4356 1101 4428 μόνῃ
1137 4358 1418 4423 παντελῶς
1441 4360 1746 4425 ἁπολλύεις.

2039 3431 2321 3500 propriam
2364 3438 2617 3484 naturam
2657 3428 2932 3499 splendidi
2989 3433 3314 3499 appareant.
3365 3441 3385 3475 ι
3425 3421 3483 3476 In
3515 3421 3639 3476 luce

2035 3522 2219 3592 jacula
2250 3531 2343 3576 tua
2380 3523 2555 3576 ibunt.
2601 3540 2619 3573 ι
2660 3519 2955 3591 Splendide
2997 3520 3279 3587 multaque
3312 3531 3437 3571 cum
3470 3515 3638 3568 clari-

2040 3622 2151 3670 tate
2180 3615 2368 3685 plagas
2402 3614 2732 3668 adversariis
2759 3613 2868 3667 tuis
2896 3612 3197 3680 imponcsn
3230 3609 3282 3661 ln
3315 3605 3637 3676 splendores

2040 3707 2452 3765 coruscationis
2495 3720 2779 3760 armorum
2834 3712 3076 3759 tuorum.
3120 3720 3139 3753 ι
3177 3699 3432 3770 Fulguris
3464 3698 3638 3752 instar

2040 3801 2411 3874 splendebunt
2447 3815 2599 3854 arma
2667 3809 2780 3861 tua,
2819 3796 2870 3851 id
2894 3804 2981 3851 est
3001 3803 3195 3849 contra
3254 3794 3441 3847 hostes
3478 3790 3641 3842 forti-

2042 3894 2194 3949 tudo.
2242 3912 2260 3945 ι
2300 3892 2360 3947 In
2385 3890 2815 3949 comminatione
2871 3896 2964 3941 tua
3001 3887 3297 3941 imininues
3323 3891 3548 3942 terram,
3583 3892 3638 3936 et

2041 3989 2097 4042 in
2132 3986 2318 4042 furore
2346 3997 2440 4040 tuo
2460 3983 2718 4040 detrahes
2784 3991 2993 4053 gentes.
3036 3997 3053 4029 ι
3085 3977 3405 4033 Universam
3429 3981 3636 4039 terram

2042 4094 2167 4135 cum
2230 4077 2430 4134 incolis
2483 4078 2623 4145 suis,
2650 4091 2776 4131 cum
2841 4075 3017 4129 iratus
3049 4069 3241 4141 lucris,
3274 4083 3383 4124 uno
3416 4067 3637 4123 decreto

2043 4183 2263 4239 pessum
2296 4169 2417 4223 das.

417 4406 568 4514 ὲτίχ.
620 4406 817 4514 ιγ’-ιςὶ
872 4476 941 4489 -
967 4406 1011 4499 Γι
1069 4406 1327 4521 ἑίῦξῆλθες
1368 4406 1451 4515 είς
1503 4406 1778 4525 σωτηρίαν
1840 4454 1933 4507 τοῦ

2112 4450 2280 4508 Vens.
2323 4446 2596 4504 15-16.—
2641 4406 2963 4515 «'Egressus
2990 4458 3051 4498 es
3092 4442 3147 4496 in
3176 4442 3407 4497 salutem
3443 4437 3635 4510 populi

345 4536 479 4591 λαοῦ
512 4553 641 4601 σου,
674 4538 771 4593 τοῦ
800 4540 973 4594 σῶσαι
1022 4544 1152 4606 τοὺς
1189 4544 1444 4613 χριστούς
1477 4562 1595 4601 σου.
1633 4566 1652 4599 ι
1691 4548 1942 4602 Ἀπαντα

342 4628 457 4701 ’γὰρ
482 4630 743 4700 πράττεις
772 4632 865 4686 ἐπὶ
894 4634 1141 4707 σωτηρίᾳ
1170 4635 1262 4689 τοῦ
1293 4638 1494 4691 οἰκείου
1523 4638 1656 4692 λαοῦ
1688 4638 1784 4693 ᾶτε
1811 4640 1943 4705 ἐξει-

346 4717 631 4791 λεγμένων
677 4723 830 4801 παρὰ
879 4724 1005 4778 σοῦ·
1070 4727 1328 4798 χριστοὺς
1374 4728 1485 4801 γὰρ
1530 4730 1769 4790 ἐνταῦθα
1814 4736 1941 4798 τοὺς

347 4788 792 4886 ἐξειλεγμιηενοι.ιςΙ
810 4815 982 4887 λέγει,
1039 4788 1122 4871 ού.
1146 4821 1274 4883 τοὺς
1308 4788 1749 4893 *κεγρισμένουξ
1795 4824 1871 4889 ὡς

353 4908 623 4979 μακάριος
651 4907 816 4962 Δαυῒδ
845 4910 973 4981 περί
995 4927 1056 4963 τε
1080 4910 1175 4964 τοῦ
1219 4911 1471 4986 ’Δΰραὰμ
1504 4916 1599 4970 καὶ
1622 4915 1719 4970 τοῦ
1758 4917 1942 4972 Ἰσαὰκ

348 5000 444 5052 καὶ
477 4998 572 5053 τοῦ
618 4999 834 5061 Ἰακὼϐ,
870 5000 1066 5068 λέγων,
1102 5021 1121 5053 ι
1173 5003 1265 5074 Μὴ
1293 5004 1532 5059 ἅπτεσθε
1561 5007 1671 5063 τῶν
1704 5009 1943 5080 χριστῶν

351 5108 458 5161 μου
481 5130 496 5154 ,
529 5092 627 5145 καὶ
660 5093 719 5145 ὲν
743 5096 859 5157 τοῖς
887 5095 1201 5165 προψήταις
1233 5112 1335 5167 μου
1364 5097 1438 5168 μὴ
1470 5100 1839 5171 πονηρεύεσθε
1865 5118 1878 5132 ο
1918 5122 1936 5155 ι

345 5181 610 5250 χριστοὺς
630 5181 731 5252 οὐχ
749 5182 826 5245 ὼς
852 5184 1273 5255 κεχρισμένους,
1303 5184 1418 5238 ἀλλ’
1432 5184 1508 5251 ὡς
1530 5187 1943 5261 ἐξειλεγμένους

345 5269 549 5332 αὐτοὺς
592 5270 856 5342 είρηιαῦς.
897 5275 975 5343 (p.
1035 5273 1182 5343 378)
1222 5293 1242 5327 ι
1304 5275 1540 5340 Ἐὅαλες
1570 5280 1651 5342 είς
1697 5281 1942 5348 κεφαλὰς

346 5359 572 5430 ἀνόμων
602 5361 853 5417 θάνατον.
887 5383 906 5416 ι
955 5365 1129 5437 Ὑπὲρ
1155 5366 1347 5421 τούτου
1382 5365 1597 5439 θανάτῳ
1626 5371 1941 5443 περιϐαλεῖς

347 5451 478 5516 τοὺς
511 5453 808 5517 ἐναντίους.
856 5473 876 5506 ι
927 5456 1242 5530 Ἐξήγειρες
1275 5460 1511 5531 δεσμοὺς
1535 5462 1640 5526 ἕως
1664 5465 1939 5535 τραχήλου

349 5543 432 5605 είς
460 5542 638 5607 τέλος.
672 5563 690 5596 ι
717 5547 829 5599 Καὶ
855 5546 1111 5619 δεσμίους
1137 5550 1337 5614 αὐτοὺς
1360 5552 1695 5624 ἡττηθέντας
1727 5556 1943 5624 ἀποφα-

350 5635 485 5697 νεῖς.
520 5652 540 5685 ι
576 5636 847 5708 Διέκοψας
887 5641 946 5693 ὲν
996 5641 1255 5697 ἐκστάσει
1298 5644 1540 5714 κεφαλὰς
1570 5647 1867 5703 δυναστῶν.
1917 5669 1936 5702 ι

351 5724 494 5789 Τοὺς
528 5727 790 5799 πρότερον
828 5729 1254 5799 δυναστεύοντας
1285 5735 1426 5790 οὕτω
1454 5740 1519 5809 τῇ
1561 5737 1756 5792 σαυτοῦ
1800 5741 1935 5811 ὀργῇ

458 5900 507 5935 ¹⁹
544 5900 693 5960 Psal.
732 5921 844 5973 CW,
885 5907 967 5963 l5.

2041 4545 2142 4611 tui,
2179 4543 2249 4598 ad
2280 4538 2576 4598 salvandos
2602 4538 2842 4593 cbristos
2873 4545 3016 4591 tuos.
3050 4554 3067 4586 ι
3096 4533 3295 4588 Omnia
3318 4549 3424 4613 pro
3457 4533 3635 4586 salute

2041 4636 2247 4708 pr0prii
2297 4633 2484 4705 p0puli
2526 4632 2662 4702 agis,
2716 4630 2810 4700 qui
2848 4636 3069 4683 constat
3111 4643 3177 4682 ex
3218 4626 3410 4681 electis
3472 4624 3582 4676 tuis
3617 4641 3629 4674 :

2041 4728 2282 4782 cbristos
2303 4726 2451 4780 enim
2488 4723 2579 4778 hic
2601 4723 2804 4778 electos
2827 4720 3084 4792 appellat,
3109 4730 3221 4772 non
3249 4732 3377 4772 vero
3412 4723 3631 4771 unctos.

2043 4819 2198 4875 Sicut
2222 4820 2416 4875 beatus
2444 4816 2617 4872 David
2657 4815 2726 4871 de
2754 4815 3087 4879 Abrahamo,
3119 4813 3311 4868 lsaaco
3343 4818 3395 4865 ct
3423 4808 3632 4863 Jacobo

2040 4913 2272 4984 loquens
2300 4929 2314 4966 :
2348 4928 2367 4961 ι
2389 4908 2588 4976 Nolite,
2610 4908 2810 4980 inquit,
2831 4916 3057 4979 tangere
3082 4904 3324 4961 cbristos
3378 4918 3551 4967 meos,
3580 4907 3636 4955 et

2040 5008 2097 5062 in
2124 5005 2406 5078 prophetis
2433 5003 2572 5058 meis
2592 5002 2762 5056 nolite
2798 4999 3086 5071 malignari
3117 4999 3199 5065 ";
3231 5017 3250 5050 ι
3288 4996 3530 5067 cbristos
3554 4992 3635 5046 vi-

2039 5100 2235 5156 delicet
2277 5114 2372 5153 eos
2432 5095 2734 5166 appellans,
2788 5108 2898 5148 non
2941 5093 3069 5162 quia
3102 5101 3318 5151 unctos,
3377 5088 3471 5143 sed
3502 5086 3632 5155 quia

2038 5192 2267 5247 electos.
2317 5207 2336 5240 ι
2386 5186 2584 5242 Misisti
2630 5185 2685 5240 in
2735 5187 2915 5255 capita
2957 5185 3270 5252 iniquorum
3322 5187 3574 5232 mortem.
3606 5196 3625 5227 ι

2040 5283 2339 5354 Propterea
2401 5280 2752 5335 adversarios
2788 5287 2966 5332 tum-te
3000 5275 3318 5345 occupabis.
3354 5288 3373 5322 ι
3436 5269 3631 5322 διιεείι

2042 5374 2166 5429 tasti
2194 5371 2417 5427 vincula
2443 5385 2618 5440 usque
2649 5371 2713 5423 ad
2756 5369 2980 5430 collum,
3016 5366 3068 5418 in
3100 5363 3282 5417 finem.
3331 5380 3349 5412 ι
3391 5357 3631 5428 Supera-

2041 5474 2130 5521 tos
2161 5481 2190 5519 a
2227 5474 2300 5528 te,
2331 5463 2549 5518 vinctos
2585 5462 2751 5515 etiam
2803 5458 3133 5513 ostentabis.
3179 5455 3344 5528 248
3371 5471 3389 5504 ι
3430 5447 3631 5505 Pascit

2043 5557 2170 5613 disti
2203 5558 2255 5610 in
2291 5563 2518 5626 stupore
2551 5552 2731 5621 capita
2760 5549 3093 5628 principum.
3138 5567 3157 5599 ν
3204 5550 3310 5602 Eos
3343 5544 3437 5616 qui
3472 5547 3632 5596 antea

2043 5649 2489 5710 dominabantur,
2542 5654 2649 5699 tam
2681 5642 3028 5697 vehementer
3058 5640 3141 5693 ira
3177 5648 3269 5693 tua
3316 5629 3631 5692 concidisti.

2052 5752 2109 5796 ut
2141 5741 2397 5797 omnibus
2427 5748 2621 5807 stupor
2664 5734 2845 5790 fuerit.
2886 5752 2901 5786 ι
2955 5728 3297 5788 Rclaxabnnt
3329 5728 3478 5783 frena
3506 5734 3632 5780 sua»
