4118 6466
303 315 432 375 449

1325 313 1880 372 COMMENTARIUS
1917 312 1984 368 IN
2026 313 2395 372 SOPllONlIE
2426 319 2580 375 CAP.
2623 322 2663 379 l.

3508 333 3613 390 650

309 431 509 498 ὀξεῖαν
543 431 643 504 τὴν
700 434 912 488 ἐκεῖθεν
959 433 1312 504 ἀναχώρησιν
1356 433 1746 504 ποιουμένους⁹
1784 431 1902 502 ὕψη·

2025 432 2224 486 toriam
2257 434 2421 490 nobis
2447 437 2516 492 de
2539 437 2815 509 hostibus,
2848 452 3045 514 prmter
3073 460 3288 502 omnem
3319 447 3615 509 humanam

307 522 584 596 λοτέρους
616 525 673 578 δὲ
719 527 868 597 ἡμᾶς
921 528 1138 581 πάντων
1187 525 1480 596 ἀποφαίνει
1503 567 1517 588 ,
1557 524 1698 578 ὥστε
1754 525 1902 594 μηδέπ

2028 539 2206 593 spem,
2237 530 2528 584 concessit.

301 612 509 685 ἕτερον
558 615 692 684 ἡμῖν
739 615 1030 685 ἁρμόττειν
1063 613 1272 681 λοιπὸν,
1311 616 1343 686 ἢ
1400 615 1460 667 τὸ
1489 615 1550 666 ἐν
1585 613 1751 684 ᾠδαῖς
1792 615 1887 668 καί
1918 613 2111 684 ὕμνοις
2150 611 2293 670 εἰναι
2334 622 2448 684 τοῖς
2488 622 2860 694 όφειλομένοις
2901 629 2979 699 τῷ
3016 629 3166 701 Θεῷ·
3227 633 3370 707 ὑπὲρ
3411 628 3488 691 ὧν
3516 634 3620 710 τὴν

301 703 465 757 κατὰ
496 704 607 758 τῶν
631 705 847 776 ἐχθρῶν
876 706 984 760 τῶν
1022 709 1306 778 ἡμετέρων
1340 708 1498 778 νίκην
1534 706 1689 778 παρά
1730 709 1914 760 πᾶσαν
1941 705 2297 781 ἀνθρωπίνην
2339 711 2534 770 ἐλπίδα
2566 716 2806 774 δέδωκεν
2829 721 2982 792 ἡμῖν.

313 923 3601 972 W

846 1091 1414 1180 EPMHNEIA
1487 1092 2066 1181 ΣΟΦΟΝΙΟΥ
2165 1095 2396 1181 ΤΟΥ
2452 1098 3076 1189 ΠΡΟΦΗΤΟΥ

303 1464 1473 1590 COMMENTARIUS
1535 1475 1686 1593 IN
1756 1476 2592 1598 SOPHONIAM
2674 1487 3598 1604 PROPHETAM.

383 1863 464 1917 Οὐ
495 1863 686 1935 πόρρω
714 1863 809 1917 τοῦ
837 1868 1111 1939 μακαρίου
1155 1871 1479 1945 Ἀμϐακοῦμ
1505 1874 1581 1947 τῷ
1607 1878 1786 1950 χρόνῳ
1814 1878 1902 1952 τὴν

2090 1880 2248 1938 Haud
2282 1884 2475 1954 procul
2509 1885 2653 1940 beati
2681 1883 2957 1943 Habacuci
2986 1893 3233 1958 tempore
3263 1890 3606 1961 prophetiam

300 1957 660 2028 προφητείαν
686 1957 890 2030 ταύτην
922 1961 951 2013 ό
980 1962 1252 2034 μακάριος
1285 1968 1584 2038 πεποίηται
1615 1971 1905 2040 Σοφονίας·

298 2044 406 2105 ἐπὶ
439 2053 553 2123 γὰρ
594 2053 802 2107 Ἰωσίου
835 2053 930 2108 τοῦ
967 2055 1234 2125 βασιλέως
1259 2061 1362 2132 τῆς
1409 2064 1693 2132 Ἰουδαίας,
1724 2069 1909 2134 καθὼς

301 2145 340 2212 ἡ
401 2143 602 2208 Βίϐλος
656 2146 828 2218 δηλοῖ,
879 2151 1218 2221 προφητεύει
1253 2154 1322 2209 τὰ
1370 2159 1648 2228 παρόντα·
1687 2162 1806 2232 μεθ’
1849 2163 1909 2216 ὃν

299 2236 554 2307 βραχέος
583 2237 962 2310 διεληλυθότος
991 2244 1210 2314 χρόνου,
1245 2247 1323 2317 (p.
1371 2249 1498 2316 581)
1539 2253 1909 2326 ἐπεληλύθασί

293 2345 365 2382 τε
403 2332 474 2400 τῇ
536 2331 899 2406 Ἰερουσαλὴμ
943 2338 994 2388 oi
1028 2337 1386 2407 Βαϐυλώνιοι,
1424 2345 1519 2398 καὶ
1551 2346 1777 2402 πλεῖστα
1807 2350 1909 2404 ὅσα

299 2420 457 2474 κατά
481 2422 583 2495 τήν
629 2424 800 2478 Ἰούδα
850 2427 1128 2492 διαθέντες
1158 2433 1352 2504 φυλὴν,
1408 2436 1504 2490 καὶ
1534 2437 1766 2504 πολλοὺς
1808 2443 1907 2511 μὲν

298 2513 618 2581 ἀνελόντες,
657 2517 948 2584 πλείστους
976 2521 1034 2575 δὲ
1072 2525 1456 2595 ἀπαγαγόντες
1490 2531 1904 2601 αἰχμαλώτους,

296 2607 485 2680 αὑτήν
526 2625 588 2662 τε
636 2610 952 2684 ἐπόρθησαν
995 2614 1094 2687 τὴν
1161 2617 1556 2692 Ἰερουσαλὴμ,
1586 2625 1681 2677 καὶ
1719 2623 1783 2696 δὴ
1814 2626 1908 2679 καὶ

299 2702 449 2772 πυρὶ
475 2702 569 2754 τόν
599 2719 658 2756 τε
697 2703 826 2759 ναὸν
851 2705 943 2759 τὸν
970 2705 1112 2761 θεῖον
1145 2710 1241 2764 καὶ
1269 2711 1378 2764 τῶν
1406 2713 1507 2784 τῆς
1524 2715 1733 2779 πόλεως
1766 2721 1909 2770 οἰκο-

293 2794 448 2866 δομη
459 2793 649 2865 μάτων
670 2795 740 2850 τὰ
767 2797 1031 2853 κάλλιστα
1059 2801 1398 2871 κατέφλεξαν
1430 2805 1666 2861 ἅπαντα
1699 2807 1780 2862 ἐτι
1814 2810 1910 2863 καὶ

293 2885 366 2938 τὸ
422 2890 603 2956 τεῖχος
655 2888 829 2962 αὐτῆς
888 2891 1171 2956 παντελῶς
1230 2895 1588 2962 καθελόντες,
1644 2898 1721 2963 ὠς
1772 2899 1908 2972 μηδέ

2009 1975 2154 2030 hanc
2198 1975 2395 2032 beatus
2449 1976 2579 2032 fecit
2613 1977 2954 2048 Soplionias:
3006 1993 3134 2033 nam
3167 1981 3272 2035 sub
3299 1979 3450 2038 Josia
3479 1998 3608 2053 rege

2008 2063 2230 2131 Iudaeae,
2246 2067 2389 2123 sicut
2408 2067 2546 2123 liber
2561 2069 2924 2136 demonstrat,
2943 2072 3230 2141 prasentia
3250 2072 3603 2127 vaticinatur.

2010 2160 2145 2215 Post
2171 2176 2333 2230 quem
2363 2161 2515 2216 brevi
2556 2164 2886 2235 interposito
2935 2166 3135 2236 spatio,
3200 2166 3604 2236 expeditionem

2010 2251 2261 2307 fecerunt
2292 2254 2558 2311 adversus
2593 2256 2936 2313 Hierusalem
2967 2256 3278 2330 Babylonii,
3323 2259 3606 2330 plurimis-

2009 2362 2118 2416 que
2166 2347 2414 2403 cladibus
2459 2346 2615 2404 Judae
2662 2351 2866 2404 tribum
2917 2351 3243 2418 affecerunt,
3300 2351 3606 2408 interfectis

2009 2436 2237 2504 multis,
2297 2439 2550 2508 plurimis
2605 2441 2660 2495 in
2697 2441 2863 2512 250
2894 2445 3270 2513 captivitatem
3327 2444 3606 2506 abductis.

2010 2530 2127 2602 ipsa
2159 2541 2374 2587 vastata
2397 2532 2770 2601 Hieruselem,
2802 2537 3007 2606 templo
3026 2537 3218 2592 divino
3241 2537 3602 2601 inflammato.

2007 2635 2056 2680 et
2094 2626 2479 2695 pulcherrimis
2512 2627 2671 2684 urbis
2705 2627 2956 2685 aediﬁciis
3004 2630 3130 2701 igne
3156 2631 3456 2686 crematis:
3507 2633 3604 2687 de-

2009 2718 2176 2788 nique
2215 2719 2493 2774 moenibus
2542 2721 2705 2774 etiam
2757 2720 3008 2778 funditus
3062 2723 3282 2787 dirutis,
3339 2741 3408 2780 ne
3454 2722 3602 2794 quod

2010 2810 2292 2865 munimen
2351 2811 2565 2876 incolae,
2609 2815 2654 2868 si
2709 2812 2850 2871 forte
2902 2815 3070 2886 aliqui
3128 2816 3345 2880 vellent,
3403 2816 3607 2872 habere

2012 2913 2257 2970 possent.
2301 2903 2564 2975 Sequitur
2597 2922 2730 2961 vero
2757 2917 3060 2964 consuetus
3088 2908 3213 2963 libri
3247 2909 3458 2964 titulus.

292 2983 616 3052 ἀσφάλειάν
672 3002 793 3040 τινα
837 2988 964 3050 τοὺς
1009 2989 1388 3056 ἐνοικοῦντας,
1443 2995 1602 3067 εἴπερ
1637 2990 1731 3049 οὖν
1777 3014 1923 3061 τινες
1964 2998 2284 3071 ἐπιθυμοῖεν
2329 3001 2541 3067 τούτου,
2589 3002 2849 3058 δύνασθαι
2894 3004 3061 3075 ἐχειν.
3103 3005 3257 3075 Δῦτη
3299 3006 3399 3073 μέν
3437 3000 3532 3059 οὖν
3562 3004 3598 3072 νή

295 3081 556 3153 συνήθης
588 3083 889 3156 προγραφὴ
928 3085 1023 3138 τοῦ
1066 3085 1306 3156 βιϐλίου.

981 3177 1137 3234 ΚΕΦ.
1169 3179 1247 3233 A'.

375 3266 534 3339 Στίχ.
576 3267 624 3322 α’
640 3268 728 3338 ιγ’.
770 3299 842 3310 —
875 3289 894 3322 ι
950 3271 1121 3341 Λόγος
1160 3275 1368 3345 Κυρίου
1411 3275 1470 3340 ὃς
1510 3277 1728 3346 ἐγένετο
1770 3281 1908 3351 πρὸς

291 3359 578 3428 Σοφονίαν
602 3360 693 3413 τὸν
711 3361 806 3414 τοῦ
829 3362 1019 3428 Χουσὶ,
1052 3363 1166 3417 υἱὸν
1192 3365 1459 3432 Γοδολίου,
1491 3369 1587 3421 τοῦ
1619 3371 1905 3442 Ἀμαρίου,

288 3452 401 3506 τοῦ
447 3451 719 3519 Ἐζεκίου,
752 3456 810 3509 ἐν
839 3457 1074 3527 ἡμέραις
1121 3458 1326 3512 Ἰωσίου
1376 3460 1493 3514 υἰοῦ
1536 3462 1716 3534 Ἀμὼς
1747 3464 1903 3536 βασι-

291 3544 446 3609 λέως
495 3544 695 3598 Ἰούδα·
741 3564 760 3597 ι
808 3548 866 3599 ἐν
919 3541 1001 3611 οἷς
1049 3548 1319 3620 δεδήλωκε
1369 3552 1462 3604 τόν
1511 3570 1571 3605 τε
1618 3557 1905 3626 προφήτην

290 3639 458 3700 ὅστις
489 3636 608 3688 ἐστὶ
637 3636 734 3688 καὶ
769 3635 892 3690 ὅθεν
929 3639 1304 3711 καταγόμενος
1338 3643 1430 3696 καὶ
1471 3645 1529 3696 ἐν
1567 3643 1674 3698 τίνι
1729 3646 1908 3718 καιρῷ

293 3728 549 3780 ποιεῖται
585 3726 686 3796 τὴν
723 3727 1083 3797 προφητείαν.
1134 3729 1402 3801 Ἀρχεται
1431 3733 1488 3786 δὲ
1515 3735 1615 3805 τῆς
1643 3734 1755 3789 τῶν
1784 3738 1907 3790 ἐσο-

295 3819 492 3890 μένων
548 3819 916 3890 προρρήσεως
961 3820 1167 3885 οὕτως’
1235 3840 1254 3873 ι
1308 3825 1580 3897 Ἐκλείψει
1639 3829 1906 3883 ἐκλιπέτω

292 3910 491 3964 πάντα
519 3909 630 3963 ἀπὸ
657 3909 958 3982 προσώπου
986 3912 1090 3984 τῆς
1133 3914 1262 3986 γῆς,
1306 3915 1456 3986 λέγει
1491 3919 1718 3990 Κύριος.
1761 3942 1781 3974 ι
1809 3922 1906 3975 Γε-

287 4005 541 4074 γόνεσαν
574 4001 676 4073 μὲν
709 4002 820 4074 γὰρ
851 4004 1190 4074 αἰχμάλωτοι
1222 4008 1502 4073 παντελῶς
1536 4013 1591 4065 αἱ
1625 4012 1760 4068 δέκα
1803 4033 1904 4084 φυ-

287 4096 430 4150 λαίο
469 4093 883 4165 κεκρατηκότες
933 4095 991 4150 δέ
1047 4099 1273 4155 ἐκείνων
1339 4102 1616 4175 Ἀσσύριοι
1667 4107 1902 4178 ἐπῆλθον

289 4187 412 4258 μὲν
438 4185 535 4238 καὶ
566 4187 634 4255 τῇ
690 4184 1051 4257 Ἰερουσαλὴμ
1092 4186 1168 4252 ὡς
1199 4189 1519 4262 αἰρήσοντες
1551 4195 1644 4248 καὶ
1671 4196 1898 4268 ταύτην.

299 4280 406 4343 Ὡς
441 4277 501 4331 δὲ
534 4277 634 4348 τὴν
666 4277 909 4350 φοϐερὰν
940 4280 1156 4353 ἐκείνην
1205 4283 1456 4349 ἐδέξαντο
1487 4285 1578 4340 διὰ
1606 4288 1701 4342 τοῦ
1733 4291 1904 4361 ἀγγέ-

284 4373 399 4424 λου
442 4369 693 4441 πληγὴν,
754 4371 894 4441 μετὰ
940 4371 1138 4427 πολλοῦ
1177 4375 1275 4446 μὲν
1316 4377 1410 4430 τοῦ
1455 4377 1610 4443 δέους
1661 4378 1804 4436 εἶδον
1850 4387 1899 4439 οἰ

283 4468 483 4524 λοιποὶ
515 4465 654 4538 πρὸς
696 4467 876 4538 φυγὴν
913 4469 1102 4524 ὁπόσοι
1148 4488 1212 4540 γε
1269 4475 1370 4546 τῆς
1413 4476 1502 4530 διὰ
1541 4477 1636 4530 τοῦ
1667 4478 1899 4546 ἀγγέλου

282 4560 578 4632 τιμωρίας
623 4560 921 4628 γεγόνεσαν
952 4562 1137 4627 ἐκτός’
1175 4566 1233 4620 ἐν
1283 4569 1474 4640 εἰρήνῃ
1505 4569 1562 4622 δὲ
1598 4569 1791 4643 βαθείᾳ
1833 4571 1900 4626 τὰ

283 4652 448 4707 κατά
495 4651 598 4722 τὴν
653 4651 1016 4724 Ἰερουσαλὴμ
1061 4655 1290 4722 γέγονεν
1335 4659 1400 4711 ἐκ
1432 4659 1659 4715 τούτου·
1709 4663 1898 4735 ἐπειδὴ

281 4744 490 4798 τοίνυν
521 4743 646 4804 τοὺς
681 4742 782 4812 τῆς
817 4742 987 4796 ’ἰούδα
1030 4745 1205 4815 φυλῆς
1236 4747 1364 4812 τούς
1387 4767 1447 4803 τε
1480 4753 1581 4822 τὴν
1624 4753 1898 4825 Ἰερουσα-

282 4830 414 4904 λὴμ
451 4830 742 4895 οἰκοῦντας
761 4871 776 4896 ,
821 4832 885 4884 οὐ
914 4832 1014 4909 τῆς
1043 4836 1316 4907 τιμωρίας
1345 4839 1454 4894 τῶν
1498 4842 1801 4915 Ἀσσυρίων
1835 4847 1896 4900 τὸ

2753 3187 2862 3243 AP.
2891 3187 2934 3243 Ι.

2084 3277 2255 3333 Vens.
2285 3277 2403 3333 1-5.
2433 3308 2503 3317 —
2541 3296 2560 3329 ι
2583 3187 3089 3347 νενιὲιῗθὲιηίηἰ,
3119 3279 3265 3350 quod
3291 3279 3496 3337 factum
3522 3291 3608 3339 est

2010 3370 2077 3425 ad
2117 3369 2452 3439 Sophoniam
2490 3369 2660 3424 ﬁlium
2691 3370 2880 3437 Chusi,
2931 3372 3027 3426 ﬁlii
3065 3373 3177 3444 (49)
3209 3373 3474 3440 Godoliae,
3509 3374 3607 3430 ﬁlii

2009 3462 2272 3526 Amariae,
2317 3461 2412 3515 ﬁlii
2461 3461 2692 3528 Ezecize,
2734 3463 2788 3517 in
2832 3463 3028 3520 diebus
3087 3464 3250 3520 Josiae
3293 3466 3386 3521 ﬁlii
3417 3468 3606 3523 Amosi

1979 3604 1981 3636 ί
2009 3557 2156 3626 regis
2185 3552 2360 3609 ludar.
2384 3573 2402 3604 ι
2439 3555 2516 3609 Ex
2553 3554 2639 3609 his
2666 3555 3081 3612 demonstratur
3114 3557 3240 3627 quis
3275 3556 3443 3612 fuerit
3474 3575 3608 3628 pro-

2012 3647 2175 3717 pheta
2221 3656 2276 3700 et
2304 3661 2334 3700 a
2363 3645 2566 3716 quibus
2599 3645 2826 3713 stirpem
2870 3647 3058 3715 ducat,
3111 3658 3164 3704 et
3214 3663 3324 3718 quo
3354 3656 3606 3719 tempore

2008 3738 2352 3809 prophetiam
2377 3739 2562 3792 faciat.
2591 3737 2887 3792 Exordilur
2912 3749 3094 3794 autem
3125 3739 3435 3795 futurorum
3465 3757 3605 3812 pra:-

2008 3831 2304 3885 dictionem
2341 3831 2422 3885 sic
2451 3849 2464 3884 :
2505 3849 2521 3881 ι
2544 3828 2866 3885 Defecﬁone
2901 3829 3161 3885 deﬁciant
3193 3833 3374 3885 omnia
3401 3847 3432 3886 a
3462 3831 3604 3889 facie

2009 3931 2192 3986 terrae,
2229 3923 2361 3978 dicit
2408 3922 2697 3978 Dominus.
2720 3941 2739 3975 ι
2779 3921 3022 3992 Captivae
3046 3925 3159 3993 jam
3196 3934 3412 3982 cuncta‘
3443 3934 3605 3981 erant

2007 4014 2196 4070 decem
2263 4016 2483 4082 tribus;
2557 4017 2800 4071 victores
2865 4024 3047 4070 autem
3112 4017 3329 4072 illarum
3386 4017 3602 4092 Assyrii

2007 4109 2253 4185 aggressi
2311 4116 2442 4163 sunt
2481 4108 2645 4163 etiam
2696 4106 3063 4175 Hierusalem,
3099 4123 3198 4164 ceu
3230 4110 3372 4165 hanc
3394 4111 3604 4181 pariter

2007 4201 2246 4269 capturi.
2295 4199 2598 4269 Postquam
2634 4211 2816 4254 autem
2851 4201 3156 4256 terribilem
3205 4202 3353 4255 illam
3385 4204 3601 4273 experti

2005 4299 2136 4347 sunt
2167 4291 2236 4345 ab
2283 4292 2478 4361 angelo
2509 4291 2744 4357 cladem,
2791 4292 2987 4363 reliqui
3019 4307 3146 4347 cum
3183 4293 3389 4363 ingenti
3425 4304 3597 4360 metu,

2003 4389 2276 4451 quotquot
2297 4389 2450 4434 extra
2481 4380 2659 4450 angeli
2693 4381 3231 4454 animadversionem
3261 4383 3502 4451 fuerunt,
3540 4386 3596 4440 in

2003 4471 2188 4542 fugam
2221 4472 2472 4526 conversi
2504 4480 2656 4528 sunt.
2687 4471 2824 4528 Exin
2855 4474 2965 4527 alta
2992 4473 3047 4527 in
3082 4489 3217 4543 pace
3250 4473 3355 4530 fuit
3393 4474 3596 4532 Hieru-

2003 4564 2196 4619 salem.
2241 4563 2513 4629 Quoniam
2548 4565 2732 4634 itaque
2760 4563 2917 4619 Judre
2943 4564 3145 4620 tribum
3174 4574 3231 4621 et
3255 4551 3596 4626 Hierusalem

2003 4657 2153 4712 cives
2176 4655 2498 4728 magnitudo
2523 4671 2700 4726 poenae
2723 4658 2966 4726 Assyriis
2992 4659 3395 4728 impositas'non
3415 4676 3599 4717 emen-

2001 4750 2173 4818 davit,
2234 4765 2338 4805 nec
2401 4749 2590 4805 decem
2639 4751 2886 4807 tribuum
2942 4751 3237 4822 captivitas
3291 4753 3592 4820 terrefecit,

2000 4843 2477 4913 perstiteruntque
2507 4843 2654 4898 haud
2697 4845 2882 4902 minus
2916 4845 3026 4900 illis
3058 4844 3267 4916 injuste
3320 4848 3594 4919 impieque

287 4925 540 4999 μέγεθος
567 4924 954 4996 ἐσωφρόνισεν,
987 4925 1048 4979 οὐ
1073 4929 1182 4981 τῶν
1202 4929 1334 4983 δέκα
1361 4932 1543 5002 φυλῶν
1563 4936 1834 5010 ἐφόϐησεν
1857 4939 1892 5012 ή

2004 4938 2276 5004 viventes,
2339 4937 2469 4992 hinc
2497 4938 2816 4994 necessario
2845 4953 3084 4994 exorsus
3113 4948 3200 4997 est
3228 4941 3445 5008 dicens,
3496 4957 3596 4998 nec

284 5019 394 5086 αίχ
404 5013 682 5084 μαλωσία,
704 5029 770 5084 με
779 5013 1048 5082 μενήκασι
1066 5013 1123 5067 δέ
1135 5013 1290 5068 ούθέν
1309 5015 1528 5072 ἔλαττον
1549 5019 1775 5074 ἐκείνων
1790 5037 1898 5074 πα-

287 5103 547 5176 ρανομίᾳ
573 5119 630 5154 τε
654 5102 985 5173 χαλάσεϐείᾳ
1000 5102 1271 5168 συζῶντες
1291 5105 1386 5158 καὶ
1403 5099 1569 5169 οὗτοι,
1585 5109 1900 5177 ἀναγκαίως

284 5195 567 5252 ἐντεῦθεν
601 5194 808 5265 ήρξατο
838 5195 998 5249 τοῦτο
1027 5195 1223 5264 λέγων,
1267 5197 1350 5250 ὅτι
1395 5199 1609 5271 ἀνάγκη
1647 5202 1742 5254 καὶ
1771 5203 1900 5265 τοὺς

283 5283 638 5348 ὑπολοίπους
671 5285 917 5338 ἐκλιπεῖν
950 5284 1044 5338 τοῦ
1069 5283 1222 5349 λαοῦ,
1246 5285 1644 5357 ἀφαιρεθέντας
1679 5288 1777 5357 μὲν
1800 5291 1901 5358 τῆς

282 5379 404 5450 τῆς
422 5379 529 5447 τῆς
546 5376 899 5446 ἐπαγγελίας,
939 5377 1286 5446 ἀπαχθέντας
1303 5377 1359 5430 δὲ
1377 5380 1458 5441 εἰς
1483 5377 1862 5448 αἰχμαλωσίαν
1880 5394 1894 5409 ·

282 5470 492 5541 ἐπειδὴ
522 5470 618 5523 καὶ
640 5463 787 5523 οὗτοι
818 5469 1212 5541 μεμενηκότες,
1238 5470 1390 5524 οὐδὲν
1423 5469 1651 5524 ἐκείνων
1677 5469 1897 5524 ἔλαττον

280 5562 567 5634 ὤφθησαν
599 5561 949 5626 ἀσεϐοῦντες.
975 5563 1052 5632 (p.
1083 5562 1212 5634 38%)
1244 5562 1439 5627 Καλῶς
1465 5563 1523 5616 δέ
1544 5564 1640 5618 καὶ
1678 5565 1737 5616 ἐν
1762 5563 1898 5617 ἀπο-

283 5657 466 5726 φάσει
488 5653 592 5724 τὴν
626 5655 860 5726 μήνυσιν
895 5657 1165 5709 ποιεῖταιο
1197 5654 1273 5718 ὼς
1307 5656 1373 5710 ἂν
1407 5655 1622 5720 δεικνὺς
1655 5657 1735 5710 ὅτι
1768 5655 1893 5709 τού-

367 5798 494 5868 (49)
537 5797 731 5856 Graece
764 5800 966 5870 ﬁlium.

2000 5043 2159 5086 cesse
2188 5029 2305 5086 fore
2336 5041 2396 5085 ut
2427 5031 2638 5101 reliqua
2667 5031 2831 5087 etiam
2862 5032 3047 5103 populi
3079 5048 3207 5104 pars
3237 5035 3476 5099 deﬁciat,
3525 5035 3596 5092 de

2002 5131 2145 5177 terra
2175 5122 2566 5193 promissionis
2595 5124 2841 5194 abrepta,
2885 5134 2941 5180 et
2974 5125 3028 5180 in
3057 5127 3432 5196 captivitatem
3481 5137 3593 5183 tra-

1999 5214 2196 5270 ducta:
2253 5215 2702 5286 quandoquidem
2754 5217 2810 5271 hi
2842 5219 3006 5273 etiam
3035 5219 3129 5288 qui
3167 5219 3279 5272 illic
3312 5233 3595 5274 remanse-

1998 5317 2143 5372 rant,
2183 5307 2328 5362 haud
2354 5309 2536 5365 minus
2561 5310 2670 5364 illis
2692 5309 2795 5366 visi
2829 5317 2961 5364 sunt
2992 5317 3335 5378 peccatores.
3365 5308 3593 5381 Egregie

1999 5408 2179 5456 autem
2223 5415 2348 5456 cum
2380 5402 2633 5456 absoluta
2677 5402 2945 5458 sententia
2979 5399 3112 5455 facit
3153 5400 3589 5470 praedictionem,

1998 5498 2060 5544 ut
2117 5492 2379 5548 ostendat
2430 5493 2628 5564 dignos
2679 5492 2805 5547 illos
2834 5499 3009 5548 semet
3042 5493 3204 5547 malis
3232 5491 3340 5558 his,
3395 5507 3492 5562 per
3525 5508 3590 5548 ea

1993 5597 2117 5652 quae
2171 5592 2481 5654 gesserant,
2531 5583 2817 5652 effecisse;
2880 5584 3029 5638 unde
3061 5592 3116 5640 et
3152 5583 3298 5640 Deus
3349 5585 3478 5639 talia
3524 5585 3594 5639 de

1992 5675 2150 5746 251
2191 5677 2258 5732 iis
2281 5676 2581 5734 decernere
2605 5676 2877 5734 adductus
2903 5677 2994 5733 sit.
3029 5675 3149 5733 Jam
3175 5687 3466 5750 postquam
3497 5687 3595 5751 ge-
