4118 6468
565 336 664 393 εὖδί

1742 332 2094 389 THEUDORI
2125 328 2609 387 MOPSUESTENl

3723 334 3832 396 A59

567 456 825 511 neraliter
872 453 1028 518 dixit,
1082 452 1385 509 «Deficiunt
1437 455 1685 516 omnia,»
1741 457 1917 525 pergit
1968 455 2136 509 dicert

2258 469 2366 505 των
2410 452 2595 515 ἀξίους
2639 453 2863 513 ἑαυτοὺς
2901 453 2966 504 δι’
2999 448 3072 504 ῶν
3119 454 3384 522 ἔπραττον
3434 451 3829 523 πεποιήκασιν·

566 546 973 616 particulatim;
1014 545 1271 599 «Deficiat
1306 546 1489 608 homo,
1518 553 1572 600 et
1598 546 1844 615 jumenta
1871 545 2145 611 deficiant,

512 662 522 682 ο
566 649 778 689 necnon
832 634 956 688 coeli
992 634 1280 697 volucres,
1350 643 1403 687 et
1444 635 1613 687 maris
1652 635 1863 703 pisres:
1914 642 1966 687 et
1999 634 2147 687 infir-

565 725 860 779 mabuntur
896 723 1068 794 impii,
1109 735 1163 779 et
1196 725 1442 779 auferam
1490 725 1710 793 iniquus
1741 741 1768 779 α
1803 725 1939 778 facie
1963 735 2144 787 teme,

566 822 697 875 dicit
732 820 1014 875 Dominus.
1045 840 1062 871 ι
1111 819 1472 889 Hyperbolice
1497 819 1714 888 quidem
1744 820 2061 872 hominibus
2083 832 2148 872 ac

562 912 824 980 iumentis
864 911 1117 966 volucres
1144 922 1359 978 quoque
1389 920 1439 963 et
1477 911 1649 978 pisces
1691 910 1992 978 copulavit:
2064 908 2146 962 vel

564 1004 729 1057 etiam
764 1004 990 1072 tropice,
1019 1018 1116 1057 ceu
1141 1004 1277 1056 solet
1307 1002 1451 1071 loqui
1479 1019 1491 1063 ;
1529 1000 1601 1053 ita
1636 1009 1693 1053 ut
1720 1002 1970 1055 volucres
2001 999 2147 1054 dicat

568 1094 688 1147 illos
721 1094 815 1162 qui
846 1094 1159 1163 principatu
1194 1095 1339 1146 inter
1358 1102 1589 1146 ca’Ieros
1619 1092 1866 1146 homines
1882 1092 2143 1155 eminent,

568 1185 747 1253 pisces
781 1200 909 1240 vero
957 1186 1200 1253 plebeios
1253 1184 1348 1253 qui
1390 1184 1541 1238 valde
1596 1184 1874 1236 humiliter
1925 1189 2142 1252 repunt.

568 1275 686 1330 Mox
723 1285 776 1329 et
802 1290 1024 1329 causam
1057 1276 1283 1335 addens,
1317 1293 1333 1324 ι
1361 1273 1426 1326 Ει
1464 1274 1906 1338 infirmaliuntur,
1943 1272 2138 1342 inquit,

568 1368 740 1436 impii.
765 1376 817 1421 et
841 1367 1086 1421 auferam
1114 1368 1334 1436 iniquos
1362 1366 1429 1421 de
1456 1365 1594 1420 facie
1633 1373 1810 1424 terrze.
1862 1366 1996 1419 dicit
2031 1365 2137 1418 Do-

568 1459 769 1511 minus.
798 1477 817 1510 ›
856 1457 960 1522 Qui
983 1458 1145 1527 impie
1176 1458 1488 1527 injusteque
1519 1457 1726 1516 vivunt,
1757 1457 1820 1508 ad
1847 1466 2144 1510 extremam

565 1546 905 1601 deducentur
953 1546 1345 1608 infirmitatem,
1408 1545 1535 1614 quia
1564 1545 1669 1599 sub
1698 1546 1914 1599 hostilis
1948 1561 2145 1600 manus

566 1638 676 1690 ictu
711 1635 946 1690 cadent:
986 1636 1179 1706 reliqui
1208 1651 1335 1689 vero
1367 1636 1640 1703 mancipio
1661 1636 1830 1704 capti,
1861 1635 2144 1688 abducen-

2248 544 2369 597 ὅθεν
2400 543 2462 615 δὴ
2488 544 2580 595 καὶ
2609 544 2983 613 ἀποφήνασθαι
3021 545 3148 614 περὶ
3176 544 3353 597 αὐτῶν
3399 542 3625 597 τοιαῦτα
3661 556 3833 616 προσ-

2247 636 2413 704 ῆκται
2448 635 2599 698 Θεός.
2644 631 2773 687 Εἶτα
2819 633 3351 700 καθολικῶςείπὼν,ι
3373 632 3670 688 Ἐκλιπέτω
3698 636 3834 689 πάν-

2248 742 2353 789 τα,
2393 744 2415 777 υ
2450 726 2647 794 ἐπάγει
2693 725 2834 779 κατὰ
2867 723 3058 797 μέρος·
3102 745 3121 777 ι
3168 725 3470 779 Ἐκλιπέτω
3512 725 3831 797 ἄνθρωπος,

2247 817 2342 869 καὶ
2371 818 2543 887 κτήνη
2591 817 2879 880 ἐκλιπέτω,
2911 819 2982 870 τὰ
3025 818 3246 871 πετεινά
3273 818 3365 870 τοῦ
3389 816 3620 889 ούρανοῦ
3656 819 3749 873 καί
3777 824 3829 876 οἰ

2250 907 2434 978 ἰχθύες
2470 909 2572 977 τῆς
2612 908 2919 980 θαλάσσης’
2951 910 3048 964 καὶ
3071 909 3461 979 ἀσθενήσουσιν
3498 911 3546 962 οἰ
3578 910 3826 973 ἀσεϐεῖς·

2247 1000 2341 1052 καὶ
2372 999 2549 1070 ἐξαρῶ
2573 1000 2699 1062 τοὺς
2724 1000 2960 1070 ἀνόμους
2991 1000 3103 1053 ἀπὸ
3132 999 3427 1070 προσώπου
3451 1003 3549 1071 τῆς
3576 1000 3704 1070 γῆς,
3738 1000 3827 1054 λέ-

2246 1102 2332 1155 γει
2364 1086 2587 1159 Κύριος.
2620 1106 2639 1139 ι
2689 1087 3096 1159 ’Υπερϐολικῶς
3126 1088 3223 1158 μὲν
3252 1093 3363 1151 τοῖς
3394 1087 3704 1159 ἀνθρώποις
3735 1094 3831 1144 καὶ

2246 1181 2357 1241 τοῖς
2392 1181 2613 1249 κτήνεσι
2642 1180 2711 1233 τά
2732 1198 2792 1233 τε
2822 1179 3045 1234 πετεινὰ
3069 1181 3165 1235 καὶ
3192 1181 3319 1243 τοὺς
3343 1180 3533 1250 ἰχθύας
3559 1183 3790 1255 συνῆψεν
3810 1201 3824 1215 ·

2246 1269 2279 1337 ἦ
2320 1270 2414 1322 καί
2453 1271 2751 1338 τροπικῶς,
2799 1270 2980 1335 καθὼς
2998 1271 3185 1325 εἴωθεν
3224 1272 3433 1339 λέγειν,
3476 1273 3562 1326 ἵνα
3605 1277 3830 1331 πετεινὰ

2250 1360 2348 1429 μὲν
2386 1361 2516 1435 εἴπῃ
2558 1363 2686 1424 τοὺς
2733 1363 3052 1425 δυναστείας
3085 1363 3551 1435 ὑπεραιρομένους
3582 1364 3692 1419 τῶν
3722 1365 3841 1418 λοι-

2245 1449 2382 1513 πῶν,
2422 1450 2608 1519 ἰχθύας
2643 1452 2700 1505 δὲ
2732 1453 2861 1514 τοὺς
2920 1455 2979 1506 ἐν
3020 1453 3099 1523 τῷ
3138 1454 3295 1525 δήμῳ
3335 1454 3424 1508 διὰ
3467 1455 3831 1527 ταπεινότητα

2246 1541 2512 1611 ἕρποντας
2572 1542 2793 1612 πολλήν.
2821 1544 2929 1596 Καὶ
2956 1545 3055 1615 τὴν
3088 1544 3266 1597 αἰτίαν
3292 1545 3349 1615 δέ
3378 1547 3619 1613 ἐπάγων,
3664 1565 3682 1599 ι
3719 1548 3829 1601 Καὶ

2245 1633 2635 1703 ἀσθενήσουσιν
2661 1637 2709 1687 οἰ
2737 1634 2973 1699 ἀσεϐεῖς,
2999 1636 3094 1687 καί
3110 1634 3289 1706 ὲξαρῶ
3311 1638 3436 1699 τοὺς
3459 1636 3694 1706 ἀνόμους
3720 1637 3831 1690 ἀπὸ

556 1737 649 1779 .tur
678 1744 707 1780 a
731 1728 970 1797 regione,
1003 1744 1162 1795 quam
1196 1741 1225 1778 a
1252 1741 1336 1780 me
1359 1734 1636 1796 acceptam
1668 1741 1778 1779 non
1815 1727 1935 1781 sine
1956 1726 2136 1781 multis

2246 1724 2542 1795 προσώπου
2585 1725 2686 1794 τῆς
2714 1726 2837 1795 γῆς,
2867 1724 3013 1792 λέγει
3042 1724 3268 1795 Κύριος.
3318 1743 3336 1776 ι
3373 1726 3438 1778 Οἱ
3475 1726 3581 1795 γὰρ
3607 1726 3830 1796 ἀσεϐείᾳ

565 1818 866 1872 sceleribus
897 1818 1224 1872 retinebant.

2244 1817 2335 1868 καὶ
2362 1814 2562 1891 ἀνομία
2593 1815 2884 1880 συζῶντες,
2916 1815 2995 1885 (p.
3022 1815 3149 1884 583)
3184 1817 3264 1878 εἰς
3297 1815 3534 1887 παντελῆ
3560 1817 3828 1886 καταντή-

567 1919 750 1957 σουσιν
778 1905 1092 1967 ἀσθένειαν,
1128 1906 1229 1960 ὑπὸ
1262 1908 1327 1977 τῇ
1364 1905 1470 1960 τῶν
1499 1907 1770 1978 πολεμίων
1802 1908 2151 1970 πεπτωκότες
2189 1907 2366 1976 χειρίσ
2400 1909 2450 1959 οἰ
2495 1907 2670 1960 λοιποί
2701 1925 2759 1961 τε
2793 1908 3137 1981 αἰχμαλωσίᾳ
3173 1908 3490 1979 ληφθέντες,
3525 1911 3825 1982 ἀφαιρεθή-

566 2014 746 2052 σοντνιι
778 1998 877 2069 τῆς
916 1998 1041 2070 γῆς,
1070 2000 1134 2070 ἦν
1161 2002 1292 2071 παρ’
1323 2001 1456 2069 ἐμοῦ
1480 2000 1737 2066 λαϐόντες
1772 2001 1909 2072 μετὰ
1939 2001 2142 2072 πολλῆς
2165 2003 2416 2071 κατεῖχον
2443 2001 2543 2072 τῆς
2572 2002 2943 2072 παρανομίας.

634 2087 802 2145 Vatis.
828 2090 950 2146 4-6.
973 2120 1045 2132 ——
1063 2091 1268 2147 Deinde
1289 2094 1354 2147 de
1378 2094 1578 2163 quibus
1610 2095 1725 2149 haec
1747 2097 1916 2156 dicat,
1939 2095 2142 2150 clarius

561 2181 884 2251 explanans,
915 2201 932 2234 ι
956 2182 1277 2247 Extendunt,
1301 2185 1496 2255 inquit,
1524 2200 1743 2240 manum
1772 2203 1944 2243 meam
1981 2203 2143 2258 super

563 2269 780 2337 Judam,
809 2283 862 2327 et
896 2289 1060 2344 super
1088 2290 1279 2329 omnes
1312 2275 1652 2333 Hierusalem
1686 2279 1953 2334 incolas.»
1985 2277 2143 2334 Post-

564 2378 727 2430 quam
762 2363 829 2417 de
862 2364 1007 2419 tribu
1042 2374 1095 2419 et
1126 2369 1259 2421 urbe
1307 2375 1594 2437 capturum
1648 2384 1706 2423 se
1755 2385 1945 2440 poenas
1979 2370 2135 2437 dixit,

564 2454 877 2510 necessario
910 2463 1074 2509 tanta;
1128 2458 1619 2515 animadversionis
1675 2475 1873 2515 causas
1906 2463 2137 2517 recitat:

568 2564 585 2593 ι
615 2542 678 2597 Et
703 2543 946 2599 auferam
965 2548 1032 2601 de
1054 2547 1175 2601 loco
1208 2549 1315 2602 isto
1348 2553 1566 2606 nomina
1591 2550 1818 2617 Baalim,
1842 2562 1895 2608 et
1916 2553 2141 2608 nomina

562 2633 913 2689 delubrorum
936 2652 1062 2691 cum
1095 2641 1496 2703 sacerdotibus.
1523 2651 1578 2698 et
1599 2643 1693 2713 qui
1716 2643 1946 2697 adorant
1975 2659 2140 2713 super

563 2732 702 2780 tecta
733 2729 1033 2783 exercitum
1061 2730 1209 2792 caeli,
1259 2741 1313 2786 et
1356 2736 1448 2802 qui
1476 2734 1667 2802 juraut
1697 2748 1793 2802 per
1821 2732 2137 2797 Dominum,

559 2822 615 2869 et
642 2815 735 2886 qui
773 2816 963 2885 jurant
999 2834 1093 2888 per
1143 2819 1529 2888 Melchomum,
1585 2829 1640 2877 et
1668 2822 1761 2892 qui
1800 2824 2078 2878 declinant
2108 2840 2140 2878 a

560 2904 811 2972 Domino,
849 2915 905 2961 et
938 2911 1031 2978 qui
1063 2908 1351 2965 Dominum
1383 2928 1492 2967 non
1519 2922 1790 2983 quaerunt,
1823 2925 1876 2968 et
1903 2915 1998 2985 qui
2028 2928 2138 2969 non

564 2996 801 3052 retinent
834 2996 1141 3054 Dominum.
1168 3020 1186 3053 ι
1244 3001 1467 3072 Ejiciam
1499 3005 1723 3059 omnino
1752 3006 1820 3059 de
1864 3006 1984 3060 loco
2013 3007 2137 3072 hoc,

563 3087 759 3155 partim
801 3089 932 3144 εαξόί
957 3090 1199 3158 tradens,
1223 3095 1418 3163 partim
1442 3095 1742 3165 captivitati
1767 3115 1782 3163 ;
1807 3097 1948 3151 idola
1975 3098 2138 3152 simul

561 3180 745 3232 omnia
771 3183 1082 3246 destructis,
1116 3191 1169 3238 et
1200 3185 1417 3239 illorum
1453 3188 1750 3254 culturam,
1787 3204 1911 3245 cum
1949 3190 2017 3244 iis
2042 3192 2136 3262 qui

561 3268 877 3325 sacerdotes
922 3274 1241 3329 eorumde
1274 3278 1632 3347 videbantur;
1688 3290 1963 3351 postremo
2013 3283 2136 3338 illos

2316 2094 2462 2165 Στίχ.
2477 2095 2628 2160 δ’-ς’.
2645 2127 2711 2137 -
2728 2092 2862 2149 Εἶτα
2892 2096 2986 2149 καί
3007 2097 3135 2168 περί
3150 2095 3309 2151 τίνων
3329 2096 3475 2166 λέγει
3496 2100 3823 2170 σαφέστεροί

2246 2183 2435 2247 ποιῶν,
2497 2203 2515 2236 ι
2552 2184 2663 2243 Καὶ
2704 2184 2908 2239 ἐκτενῶ
2960 2186 3058 2258 τὴν
3098 2188 3256 2260 χεῖρά
3313 2205 3414 2258 μου
3469 2190 3561 2242 ἐπὶ
3613 2191 3818 2244 Ἰούδαν

2245 2276 2337 2329 καί
2368 2274 2462 2328 ἐπὶ
2512 2275 2717 2340 πάντας
2758 2277 2885 2339 τοὺς
2950 2277 3339 2342 κατοικοῦντας
3392 2276 3768 2352 Ἰερουσαλήμ.
3800 2302 3822 2337 ι

2241 2368 2400 2422 Κατά
2452 2385 2513 2421 τε
2570 2370 2669 2438 τῆς
2728 2369 2932 2440 φυλῆς,
3001 2371 3144 2424 κατά
3202 2387 3259 2423 τε
3319 2371 3417 2440 τῆς
3469 2372 3675 2437 πόλεως
3734 2358 3839 2427 ἐπέ

2244 2458 2397 2524 ἀξειν
2422 2459 2657 2532 εἰρηκὼς
2685 2461 2784 2532 τὴν
2817 2461 3103 2532 τιμωρίαν,
3143 2462 3454 2530 ἀναγκαίως
3489 2462 3547 2517 δὲ
3589 2463 3684 2516 καὶ
3726 2463 3828 2527 τὰς

2240 2550 2341 2621 τῆς
2382 2551 2648 2623 τοσαύτης
2690 2551 2956 2624 τιμωρίας
2988 2553 3160 2623 λέγων
3196 2553 3393 2618 αἰτίας
3445 2573 3464 2606 ι
3507 2554 3618 2607 Καὶ
3645 2556 3827 2626 ἐξαρῶ

2242 2644 2306 2695 ἐκ
2339 2641 2432 2695 τοῦ
2465 2642 2630 2699 τόπου
2662 2643 2730 2697 τὰ
2761 2644 2999 2714 ὀνόματα
3030 2644 3139 2696 τῶν
3186 2644 3419 2715 Βααλίμ,
3465 2644 3557 2698 καί
3605 2647 3672 2699 τὰ
3706 2648 3826 2700 όνό-

2246 2751 2389 2805 ματα
2417 2733 2485 2786 τὰ
2515 2732 2624 2788 τῶν
2648 2734 2807 2806 ἱερῶν
2837 2735 2974 2806 μετά
3006 2734 3115 2788 τῶν
3145 2736 3355 2808 ἰερέων,
3385 2735 3479 2790 καί
3503 2738 3627 2799 τοὺς
3656 2750 3820 2808 προσ-

2243 2824 2534 2886 κυνοῦντας
2556 2825 2645 2878 ἐπὶ
2669 2824 2736 2878 τὰ
2755 2822 2978 2892 δώματα
3002 2828 3067 2896 τῇ
3097 2827 3324 2896 στρατιᾷ
3348 2823 3437 2879 τοῦ
3462 2825 3708 2896 ούρανοῦ,
3729 2828 3825 2885 καί

2240 2913 2368 2976 τοὺς
2392 2911 2690 2982 ὀμνύοντας
2716 2912 2856 2967 κατὰ
2888 2912 2980 2966 τοῦ
3011 2914 3215 2985 Κυρίου
3239 2954 3254 2977 ,
3286 2915 3380 2968 καί
3429 2916 3556 2979 τοὺς
3594 2912 3822 2985 ὀμνύον-

2240 3020 2338 3065 τας
2383 3003 2522 3056 κατά
2564 3003 2657 3056 τοῦ
2700 3003 2954 3075 Μελχὸμ,
3004 3006 3097 3059 καὶ
3141 3006 3269 3068 τοὺς
3324 3003 3665 3069 ἐκκλίνοντας
3712 3005 3823 3061 ἀπὸ

2232 3088 2333 3142 τοῦ
2385 3090 2625 3160 Κυρίου,
2673 3092 2766 3144 καὶ
2811 3092 2937 3155 τοὺς
2991 3091 3066 3163 μὴ
3117 3092 3414 3163 ζητοῦντας
3472 3093 3562 3148 τὸν
3595 3093 3821 3166 Κύριον,

2241 3182 2335 3234 καὶ
2361 3182 2484 3245 τοὺς
2517 3182 2591 3252 μὴ
2620 3181 3011 3253 ἀντεχομένους
3037 3183 3128 3237 τοῦ
3154 3184 3380 3257 Κυρίου.
3417 3204 3435 3239 ι
3482 3185 3687 3255 ’Δφελῶ
3711 3187 3823 3257 γὰρ

2241 3271 2516 3334 παντελῶς
2540 3272 2632 3325 τοῦ
2662 3274 2823 3326 τόπου
2846 3274 3057 3338 τούτου,
3080 3276 3206 3339 τοὺς
3235 3277 3335 3347 μὲν
3363 3278 3428 3348 τῇ
3463 3279 3665 3349 σφαγῇ,
3696 3278 3822 3342 τοὺς

559 3360 651 3427 qui
683 3376 847 3431 super
880 3370 1023 3417 tecta
1076 3365 1445 3425 luminaribus
1485 3371 1609 3424 caeli
1638 3373 1845 3426 cultum
1878 3374 2136 3430 exhibere

2237 3362 2295 3415 δὲ
2319 3364 2384 3433 τῇ
2419 3363 2781 3436 αἰχμαλωσίᾳ,
2807 3366 3181 3434 συναφανίζων
3204 3368 3387 3437 αὐτοῖς
3420 3369 3511 3421 καί
3537 3368 3603 3422 τὰ
3624 3368 3820 3425 εἴδωλα

558 3450 876 3507 studebant.
905 3453 1011 3510 Sed
1038 3457 1245 3525 justam
1271 3460 1515 3529 apprime
1538 3461 1571 3515 ii
1598 3464 1873 3532 patientur
1895 3479 2133 3536 poenam,

558 3539 651 3606 qui
698 3540 847 3594 circa
901 3545 1161 3613 templum
1220 3563 1400 3601 meum
1446 3559 1750 3612 versantes,
1789 3568 1898 3607 non
1938 3555 2136 3609 erube-

557 3639 719 3685 scunt
747 3631 1017 3689 idolorum
1044 3637 1216 3691 cultui
1248 3636 1472 3695 vacare:
1507 3642 1602 3696 sed
1630 3645 1792 3698 modo
1824 3644 1985 3720 252
2014 3645 2137 3716 qui-

554 3722 701 3784 dem,
760 3726 1089 3783 cultusmei
1116 3745 1173 3784 se
1202 3745 1474 3787 memores
1514 3734 1890 3801 05tendentes,
1922 3752 2020 3807 per
2049 3753 2135 3792 me

550 3812 773 3879 jurant;
815 3815 977 3870 modo
1010 3825 1189 3872 autem
1224 3834 1319 3889 per
1358 3820 1503 3876 idola
1532 3837 1752 3894 quoque
1775 3824 1998 3895 jurant:
2053 3836 2135 3881 et-

553 3902 701 3955 enim
727 3902 1085 3960 Melchomum
1114 3908 1317 3963 idolum
1350 3912 1619 3979 nominat,
1641 3921 1700 3967 ut
1723 3930 1790 3969 ex
1815 3931 1941 3979 uno,
1972 3923 2136 3986 prout

547 3992 714 4055 solet,
754 4000 950 4047 cuncta
985 3995 1205 4053 denotet
1240 3999 1405 4057 idola.

2236 3453 2434 3515 πάντα,
2466 3457 2567 3523 τήν
2600 3471 2658 3507 τε
2700 3456 2786 3507 ἐπ’
2831 3457 3012 3522 αὐτοῖς
3052 3458 3371 3529 θεραπείαν,
3414 3458 3553 3528 μετά
3585 3458 3692 3514 τῶν
3739 3462 3820 3512 ἰε·

2238 3545 2484 3615 ρατεύειν
2519 3547 2702 3609 αὐτοῖς
2736 3546 3054 3613 δοκούντων,
3085 3549 3221 3620 πρὸς
3251 3549 3422 3604 ἅπασί
3454 3568 3515 3603 τε
3566 3553 3692 3614 τοὺς
3724 3551 3820 3605 ἐπὶ

2233 3635 2342 3689 τῶν
2362 3635 2625 3705 δωμάτων
2648 3639 2773 3701 τοὺς
2795 3640 2913 3691 κατ’
2937 3639 3162 3710 οὐρανὸν
3184 3642 3474 3714 φωστῆρας
3495 3642 3818 3713 θεραπεύειν

2236 3728 2650 3792 ἐσπουδακότας·
2684 3729 2895 3784 δικαίαν
2932 3734 3041 3804 γὰρ
3085 3734 3149 3805 δὴ
3187 3734 3417 3805 μάλιστα
3458 3730 3602 3788 οῦτοι
3639 3735 3819 3802 δέξον-

2240 3837 2329 3872 ται
2367 3818 2467 3891 τὴν
2515 3821 2801 3892 τιμωρίαν,
2844 3822 2893 3876 οἳ
2944 3824 3072 3895 περί
3102 3825 3192 3878 τὸν
3231 3826 3358 3879 ναὸν
3404 3814 3683 3890 οἰκοῦντες
3724 3827 3819 3881 τὸν

2242 3911 2373 3980 ἐμὸν
2418 3911 2517 3965 ούκ
2555 3912 2897 3982 αἰσχύνονται
2941 3915 3069 3986 περὶ
3116 3916 3215 3987 τὴν
3255 3916 3617 3971 τῶνείδώλων
3648 3919 3818 3989 ἀσχοτ

2243 3998 2493 4069 λούμενοι
2519 4000 2844 4071 θεραπείαν⁹
2870 4002 2947 4073 (p.
2967 4003 3092 4076 584)
3119 4004 3253 4059 ἀλλὰ
3280 4005 3409 4058 ποτὲ
3437 4007 3534 4077 μὲν
3553 4006 3652 4077 τῆς
3676 4007 3817 4077 ἐμῆς

554 4081 912 4175 ἐνδείκνυνται
977 4085 1274 4158 θεραπείας
1330 4095 1634 4164 φροντίζειν
1683 4098 1760 4151 ὅτ’
1811 4098 1877 4155 ἂν
1938 4100 2121 4164 αύτοῖς
2168 4100 2386 4172 ὀμνύειν
2427 4103 2547 4155 κατ’
2591 4101 2725 4172 ἐμοῦ
2774 4102 2938 4175 δοκῇ,
2987 4106 3116 4159 ποτέ
3147 4106 3204 4161 δὲ
3242 4106 3382 4162 κατὰ
3424 4108 3533 4165 τῶν
3581 4108 3817 4165 εἰδώλων

552 4174 830 4244 ὀμνύουσιο
859 4176 1083 4248 Μελχὺμ
1113 4181 1221 4252 γὰρ
1247 4182 1307 4236 τὸ
1336 4184 1550 4240 εἴδωλον
1570 4187 1752 4256 λέγει·
1786 4190 1851 4242 ἵν’
1875 4190 1967 4260 ἀφ’
1990 4191 2129 4255 ἐνὸς,
2167 4192 2352 4256 καθὼς
2388 4192 2597 4258 εἴωθεν,
2641 4193 2856 4249 ἅπαντα
2888 4195 3017 4270 εἴπῃ
3043 4197 3111 4253 τὰ
3144 4186 3353 4255 εἴδωλα.

622 4266 819 4323 Multas
854 4271 1074 4325 memini
1106 4287 1191 4328 me
1224 4279 1642 4343 prmtermittere
1677 4278 1894 4338 fabulas
1941 4298 2131 4338 eorum

552 4359 646 4427 qui
682 4360 747 4413 ad
799 4359 1079 4430 Syriacam
1130 4365 1637 4436 interpretationem
1680 4372 2004 4441 respiciunt,
2065 4389 2133 4430 ne

2315 4285 2473 4339 Ἀλλά
2493 4286 2603 4354 γὰρ
2635 4286 2835 4351 πολλὰς
2864 4288 2963 4357 μὲν
2990 4284 3107 4343 οἴδα
3131 4290 3458 4362 μυθολογίας
3486 4296 3681 4367 παρεὶς
3702 4296 3815 4352 τῶν

2231 4377 2366 4447 πρὸς
2394 4376 2519 4439 τοὺς
2559 4375 2764 4448 Σύρους
2812 4377 3142 4452 κεχηνότων,
3191 4381 3267 4445 ὡς
3296 4383 3362 4438 ἂν
3411 4385 3485 4455 μὴ
3534 4385 3815 4458 φλυαριῶν

552 4447 772 4517 ineptiis
800 4450 1015 4504 viderer
1045 4450 1283 4506 divinam
1315 4454 1541 4524 implere
1569 4455 1932 4527 Scripturam.
1974 4460 2131 4515 Nunc

2237 4467 2439 4537 Βοκοίην
2470 4447 2792 4538 ἐμπιμπλᾷν
2970 4458 3122 4523 θείαν
3162 4447 3424 4544 Γραφήνδ
3443 4447 3501 4528 ἐν
3545 4447 3723 4547 καιρίί)
3752 4476 3812 4530 δὲ

553 4554 688 4595 vero
717 4549 1029 4610 opportune
1071 4544 1332 4600 existimo
1360 4548 1437 4601 rei
1479 4548 1644 4619 hujus
1676 4548 1861 4607 facere
1899 4553 2130 4607 mentio-

552 4647 701 4695 nem,
736 4633 807 4685 ub
835 4636 1245 4704 coarguendum
1278 4648 1391 4692 tum
1427 4638 1480 4693 id
1519 4641 1665 4711 quod
1698 4643 1767 4697 ab
1816 4644 1953 4713 ipsis
1981 4659 2128 4698 nunc

553 4723 855 4791 incongrue
899 4725 1125 4787 dicitur,
1183 4735 1296 4781 tum
1341 4730 1503 4784 etiam
1547 4740 1740 4786 uetera
1787 4735 2125 4803 hujusmodi,

552 4824 675 4880 quze
703 4811 772 4865 ab
815 4812 1007 4867 iisdem
1042 4816 1211 4882 dicta,
1262 4833 1363 4887 ego
1389 4828 1571 4874 tamen
1598 4823 1668 4875 ob
1699 4838 1817 4878 eam
1850 4840 2013 4894 quam
2047 4842 2133 4880 re-

555 4899 652 4953 tuli
686 4914 908 4955 causam
959 4907 1302 4971 praetermisi.
1354 4908 1554 4964 Dicunt
1591 4912 1756 4981 igitur
1800 4916 2130 4970 vocabulum

555 4986 914 5045 Mclchomum
949 4992 1052 5046 hoc
1096 4994 1217 5049 loco
1243 5013 1423 5067 regem
1468 5001 1810 5069 significare;
1845 5006 1972 5073 quia
2006 5005 2132 5061 Mel-

550 5079 711 5132 ehom
755 5094 849 5134 rex
894 5081 1097 5136 dicitur
1145 5084 1200 5137 in
1250 5085 1512 5158 Syrorum
1561 5101 1721 5161 atque
1772 5092 2123 5151 Hebraeorum

553 5170 769 5241 lingua;
823 5173 916 5228 sed
965 5173 1291 5246 interpretes
1318 5188 1506 5234 errore
1537 5180 1813 5252 deceptos.
1867 5200 1965 5255 pro
1999 5203 2125 5258 rege

552 5260 910 5318 Melehomum
956 5264 1185 5330 dixisse,
1234 5268 1380 5337 quod
1407 5278 1491 5324 est
1518 5271 1741 5326 idolum.
1795 5275 1957 5347 Atqui
1992 5278 2123 5333 illud

554 5352 826 5423 imprimis
889 5360 1179 5427 oportebat
1225 5359 1912 5427 considerare,‘divinam
1976 5368 2127 5424 Seri-

549 5450 763 5511 pturam
796 5444 1062 5503 llebraico
1094 5465 1350 5506 sermone
1374 5450 1543 5508 fuisse
1570 5454 1858 5525 dictatam,
1915 5461 1983 5514 ad
2019 5464 2123 5533 Sy-

553 5545 738 5585 rorum
771 5542 949 5589 autem
985 5552 1147 5593 usum
1185 5540 1506 5595 translatam
1542 5540 1714 5600 fuisse
1752 5548 1852 5604 abs
1884 5552 2129 5620 quolibet

549 5620 772 5677 homine
805 5626 1009 5695 (neque
1035 5631 1179 5682 enim
1214 5629 1283 5683 ad
1324 5632 1469 5688 hunc
1505 5652 1678 5706 usque
1708 5640 1849 5695 diem
1881 5643 2005 5711 quis
2038 5645 2127 5699 ille

543 5714 709 5771 fuerit
752 5717 1008 5773 rescitum
1041 5724 1166 5791 est).
1224 5720 1281 5776 In
1316 5724 1627 5784 Graecorum
1666 5741 1845 5789 autem
1885 5736 2125 5805 linguam

2226 4556 2320 4609 νῦν
2348 4558 2571 4626 ἐνόμισα
2588 4557 2675 4610 διὰ
2703 4557 2893 4611 τούτου
2927 4560 3253 4631 ποιήσασθαι
3289 4565 3525 4636 μνήμην,
3549 4567 3629 4631 εἰς
3655 4566 3811 4637 ελεγ-

2161 4681 2204 4734 D
2231 4664 2322 4715 χον
2352 4647 2462 4701 εἴτε
2508 4646 2601 4698 τοῦ
2661 4648 2755 4701 νῦν
2778 4650 2838 4702 ού
2867 4649 3092 4714 δεόντως
3133 4653 3261 4724 παρ’
3294 4654 3471 4709 αὐτῶν
3492 4656 3807 4728 λεγομένου,

2232 4737 2342 4790 εἴτε
2396 4736 2488 4789 καί
2521 4736 2628 4789 τῶν
2666 4737 2885 4805 λοιπῶν,
2916 4740 2950 4795 ἃ
2980 4741 3245 4821 λεγόντωγ
3277 4745 3453 4799 αὐτῶν
3483 4747 3707 4817 παρῆκα
3738 4748 3808 4801 δι’

2232 4829 2297 4897 ἢν
2344 4826 2479 4898 ἔφην
2510 4827 2710 4881 αἰτίαν.
2750 4830 2981 4899 Λέγουσι
3027 4834 3135 4906 γὰρ
3172 4835 3253 4889 ὅτι
3300 4837 3527 4908 Μελχὸμ
3577 4839 3811 4894 ἐνταῦθα

2229 4917 2320 4970 τὸν
2360 4917 2579 4988 βασιλέα
2613 4918 2856 4989 βούλεται
2890 4926 3083 4978 εἰπεῖν’
3132 4927 3357 4998 Math
3382 4930 3490 5001 γὰρ
3521 4931 3613 4983 τοῦ
3652 4931 3811 5001 βασι-

2229 5009 2364 5073 λέως
2386 5009 2679 5081 λεγομένου
2702 5014 2841 5069 κατά
2870 5016 2969 5086 τὴν
2996 5018 3184 5088 Σύρων
3217 5022 3309 5073 καὶ
3351 5021 3618 5094 Ἐϐραίων
3641 5023 3810 5090 γλῶτ-

2230 5118 2349 5162 ταν.
2388 5101 2754 5172 πλανηθέντας
2785 5106 2910 5170 τοὺς
2944 5109 3402 5180 ἑρμηνεύσαντας,
3431 5114 3554 5167 ἀντί
3586 5114 3678 5167 τοῦ
3710 5115 3809 5186 βα-

2234 5192 2445 5258 σιλέως,
2478 5194 2702 5267 Μελχὸμ
2739 5199 2933 5264 εἰπεῖν,
2975 5200 3111 5272 ὅπερ
3140 5204 3289 5257 ἐστὶν
3332 5206 3393 5259 τὸ
3418 5205 3651 5261 εἴδωλον.
3698 5208 3808 5273 Οὓς

2231 5284 2395 5355 ἐχρῆν
2427 5285 2532 5356 πρὸ
2563 5287 2779 5343 πάντων
2803 5290 2977 5343 ἐκεῖνο
3009 5292 3260 5360 συνιδεῖν,
3302 5297 3384 5351 ὅτι
3413 5298 3553 5352 κατὰ
3586 5300 3683 5368 μὲν
3708 5300 3808 5371 τὴν

2243 5372 2506 5446 Ἐϐραίων
2556 5377 2801 5446 γλῶτταν
2833 5381 3045 5452 εἴρηται
3086 5385 3155 5437 τὰ
3195 5386 3296 5455 τῆς
3343 5386 3493 5452 θείας
3541 5389 3763 5462 Γραφῆς
3795 5424 3812 5456 υ

2233 5467 2570 5537 ἡρμήνευται
2610 5467 2667 5521 δέ
2707 5468 2878 5523 ταῦτα
2918 5475 2997 5535 εἰς
3037 5474 3136 5543 μὲν
3163 5475 3259 5547 τὴν
3289 5477 3475 5549 Σύρων
3517 5482 3649 5552 παρ’
3682 5482 3807 5535 ὅτου

2224 5556 2610 5643 δήποτεᾼ(ούδέ
2636 5558 2745 5630 γὰρ
2768 5560 3036 5629 ἔγνωσται
3068 5566 3231 5638 μέχρι
3268 5568 3368 5638 τῆς
3391 5570 3630 5643 τήμερον
3656 5572 3807 5636 ὅστις

2228 5647 2356 5697 ποτὲ
2388 5638 2544 5708 οὗτός
2569 5649 2714 5699 ἐστιν
2799 5652 2877 5714 εἰς
2904 5652 2960 5703 δὲ
2989 5654 3088 5725 τὴν
3133 5656 3400 5725 Ἐλλήνων
3433 5638 3805 5731 ἐϐδομήκοντα

2231 5738 2649 5810 μετενηνόχασιν
2676 5741 2862 5816 ἄνδρες
2899 5747 3253 5823 πρεσϐύτεροι
3280 5751 3372 5809 τοῦ
3398 5751 3546 5823 λαοῦ,
3576 5756 3765 5837 ἐπιστῇ
3864 5794 3871 5797 -
