4118 6470
596 312 707 372 455

1781 293 2135 358 ἸἪΕΟΒΟΜ
2174 296 2402 353 MOPSU
2413 293 2661 350 ESTENI

3751 284 3862 344 ιεὸ

603 430 796 497 sistis,
826 422 1148 484 necessario
1176 432 1326 475 nunc
1361 415 1632 472 timebitis
1663 417 2032 471 umversalem
2070 413 2173 468 Do-

2298 410 2388 464 ξοῦ.
2429 429 2448 463 ι
2498 409 2635 462 Ἀλλ’
2666 405 2854 476 ἐπειδὴ
2885 404 3099 476 ἀμελῶς
3141 402 3268 475 περὶ
3294 402 3354 455 τὺ
3375 403 3533 455 Θεῖον
3565 400 3864 470 ἐσχήκατε,

603 522 811 576 minum
831 560 846 584 ,
876 532 1002 574 cum
1032 514 1252 584 dignam
1280 522 1496 580 poenam
1527 507 1768 577 peccatis
1788 506 2180 574 vestrisimpo-

549 631 561 656 ο
604 618 714 665 net.
731 608 848 663 Non
887 608 1030 663 enim
1071 605 1220 658 abest
1260 608 1477 669 tempus
1518 595 1678 660 illud,
1721 598 1833 650 imo
1871 597 2179 665 proximum

599 710 724 766 est,
757 714 866 768 quo
895 713 993 752 vos
1031 693 1285 749 hostibus
1317 690 1473 761 quasi
1506 688 1758 742 victimas
1780 688 1964 740 tradet
1995 703 2009 739 :
2042 699 2182 754 quos

601 791 694 847 ille
747 791 934 846 hostes
987 785 1211 857 proprio
1257 781 1518 836 mandato
1567 777 1638 832 ad
1686 778 1792 832 hoc
1822 777 1984 847 elegit
2013 789 2181 830 voca-

601 883 812 948 vitque.
865 878 921 933 Id
969 878 1114 931 enim
1165 872 1480 942 signiﬁcant
1528 870 1732 936 verba,
1761 885 1781 919 ι
1817 865 2183 923 sanctiﬁcavit

603 979 831 1026 vocatos
880 984 1013 1024 suos
1039 1007 1054 1031 ,
1083 985 1102 1018 ι
1134 964 1292 1035 quasi
1342 963 1490 1016 dicat
1544 961 1749 1014 habere
1796 975 1856 1014 se
1885 959 2002 1028 jam
2035 956 2184 1010 dele-

605 1069 760 1124 ctos,
793 1073 935 1129 quos
968 1057 1036 1111 ad
1075 1055 1218 1109 hanc
1251 1051 1490 1106 hostiam
1531 1047 1880 1103 mactandam
1914 1045 2132 1100 vocavit
2166 1061 2181 1110 ;

606 1153 792 1207 hostes
821 1150 1082 1204 nimirum
1115 1144 1446 1213 intelligens,
1473 1139 1566 1210 qui
1596 1148 1651 1194 et
1676 1155 1773 1194 vos
1801 1136 2182 1191 immolahunt.

611 1262 632 1296 ι
666 1242 732 1296 Ει
764 1242 871 1297 erit
911 1241 965 1294 in
1007 1239 1097 1293 die
1133 1236 1331 1292 hostiae
1365 1230 1619 1294 Domini,
1651 1239 1705 1284 et
1747 1228 1984 1282 ulciscar
2021 1240 2187 1296 super

607 1334 893 1404 principes
914 1372 928 1394 .
962 1338 1014 1384 et
1043 1344 1213 1398 super
1245 1329 1467 1380 domum
1498 1323 1643 1392 regis
1667 1361 1682 1385 ,
1718 1329 1774 1376 et
1803 1334 1968 1389 super
1995 1332 2186 1372 omnes

606 1425 701 1495 qui
737 1422 912 1478 induti
949 1428 1076 1476 sunt
1104 1425 1257 1473 veste
1287 1414 1600 1486 peregrina.
1635 1409 1701 1464 Et
1735 1410 1974 1464 ulciscar
2009 1409 2187 1462 mani-

609 1512 746 1567 teste
778 1525 945 1580 super
977 1507 1249 1565 vestibula
1283 1507 1336 1559 in
1371 1505 1462 1558 die
1494 1504 1587 1558 illa
1609 1546 1624 1568 ,
1659 1503 1752 1571 qui
1781 1501 2056 1570 complent
2090 1499 2187 1555 do-

608 1617 759 1657 mum
789 1601 883 1656 Dei
913 1601 996 1655 sui
1031 1597 1311 1668 impietate
1339 1609 1403 1648 ac
1437 1594 1584 1648 dolo.
1621 1611 1639 1644 ι
1666 1590 1936 1662 Tempore
1965 1591 2059 1646 illo
2089 1607 2190 1662 pu-

611 1695 759 1750 niam
791 1709 886 1748 eos
920 1692 1014 1762 qui
1053 1688 1335 1760 principes
1375 1685 1544 1741 vestri
1581 1683 1862 1746 videntur,
1903 1683 2188 1753 ipsamque

2280 502 2375 556 νῦν
2400 502 2528 570 γοῦν
2552 502 2641 553 ὑπ’
2667 499 2832 568 αὐτῆς
2854 499 2951 568 τῆς
2972 497 3218 565 ἀνάγκης
3241 492 3618 566 φοϐηθήσεσθε
3650 491 3741 543 τὸν
3766 491 3869 544 τοῦ

2283 591 2478 653 παντὸς
2511 589 2729 660 Κύριον,
2763 589 2852 641 ὅτε
2890 586 2986 658 τὴν
3017 585 3288 655 τιμωρίαν
3320 586 3449 654 ύμῖν
3479 581 3638 646 ἀξίαν
3667 581 3868 650 ἐπάγει

2281 684 2389 736 τῶν
2421 679 2932 752 πλημμελημάτων·
2965 675 3086 730 οὐδὲ
3124 675 3234 745 γὰρ
3264 675 3574 743 ἀφέστηκεν
3608 675 3637 726 ό
3674 673 3869 742 καιρὸς

2291 776 2520 836 ἐκεῖνος,
2565 771 2700 824 ἀλλά
2728 771 2822 822 κα)⁵
2879 768 3022 838 μάλα
3059 785 3122 834 γε
3149 765 3376 834 ἐγγύθεν
3407 761 3583 829 ἐστὶν,
3627 765 3686 816 ἐν
3711 754 3867 831 ᾧπερ

2285 865 2428 934 ὑμᾶς
2447 866 2511 934 τῇ
2536 862 2642 915 τῶν
2671 860 2943 930 πολεμίων
2983 857 3296 930 παραδώσει
3335 855 3517 926 θυσίᾳ,
3557 853 3652 916 οὒς
3679 854 3869 922 οἰκείῳ

2284 952 2665 1023 προστάγματι
2699 949 2974 1021 ἀφώρισέν
3005 965 3066 1001 τε
3097 947 3190 999 καὶ
3230 945 3497 1014 κέκληκεν
3539 944 3631 996 ἐπὶ
3659 945 3864 1013 τούτῳ·

2283 1045 2440 1098 τοῦτο
2460 1043 2568 1114 γὰρ
2585 1041 2731 1112 λέγει
2751 1041 2832 1105 τὸ,
2857 1039 3081 1110 ιὴγίασε
3113 1039 3221 1108 (50)
3243 1037 3368 1098 τοὺς
3393 1036 3621 1106 κλητοὺς
3641 1033 3825 1097 αὑτοῦ,
3841 1052 3864 1085 υ

2288 1135 2376 1187 ἴνα
2407 1133 2538 1206 εἴπῃ
2570 1132 2652 1184 ὅτι
2695 1130 3108 1202 ἀφωρισμένους
3138 1127 3250 1198 ἔχει
3279 1127 3403 1189 τοὺς
3429 1128 3508 1187 εἰς
3549 1125 3645 1196 τὴν
3677 1125 3872 1178 Θυσίαν

2283 1224 2486 1294 ταύτην
2505 1221 2889 1291 κεκλημένους·
2913 1220 3060 1288 λέγει
3081 1219 3138 1272 δὲ
3155 1219 3279 1281 τοὺς
3297 1217 3604 1287 πολεμίους,
3617 1217 3665 1268 οἳ
3695 1233 3870 1270 κατα-

2287 1317 2538 1371 θύσουσιν
2564 1316 2726 1386 ὑμᾶς.
2763 1333 2780 1364 ι
2812 1314 2923 1368 Καὶ
2943 1314 3094 1366 ἐσται
3121 1313 3178 1365 ἐν
3213 1311 3396 1382 ἡμέρᾳ
3420 1308 3608 1371 θυσίας
3638 1309 3869 1378 Κυρίου,

2286 1411 2381 1462 καὶ
2421 1408 2692 1475 ἐκδικήσω
2719 1404 2830 1475 (5i)
2865 1406 2956 1458 ἐπὶ
3005 1404 3132 1466 τοὺς
3172 1403 3460 1474 ἄρχοντας,
3509 1400 3603 1452 καὶ
3641 1401 3732 1452 ἐπὶ
3776 1400 3874 1453 τὸν

2287 1496 2434 1553 οἶκον
2461 1498 2554 1552 τοῦ
2586 1496 2870 1568 βασιλέως,
2916 1496 3009 1550 καὶ
3037 1495 3128 1548 ἐπὶ
3179 1495 3387 1557 πάντας
3418 1493 3546 1556 τοὺς
3585 1491 3873 1560 ἐνδεδυμέ-

2289 1609 2414 1656 νους
2461 1591 2738 1662 ἐνδύματα
2766 1588 3038 1658 ἀλλότρια·
3080 1588 3175 1641 καὶ
3216 1585 3488 1655 ἐκδικήσω
3517 1583 3610 1636 ἐπὶ
3657 1582 3872 1644 πάντας

2289 1680 2546 1752 ἐμφανῶς
2591 1681 2683 1733 ἐπὶ
2711 1679 2780 1732 τά
2811 1677 3064 1748 πρόπυλα
3095 1678 3154 1728 ἐν
3183 1674 3366 1746 ἐκείνῃ
3393 1675 3457 1744 τῇ
3498 1672 3679 1742 ἡμέρᾳ
3701 1710 3714 1733 ,
3743 1671 3874 1730 τοὺς

611 1785 759 1855 regis
789 1761 1012 1836 domum
1055 1779 1308 1833 funditus
1347 1776 1664 1840 destruam,
1697 1775 1825 1844 quia
1861 1774 1916 1828 in
1956 1775 2186 1845 captivi-

2298 1773 2629 1844 πληροῦντας
2660 1773 2752 1825 τὸν
2791 1768 2938 1824 οἷκον
2973 1769 3068 1821 τοῦ
3111 1766 3248 1820 Θεοῦ
3277 1765 3454 1818 αὐτῶν
3481 1763 3736 1825 ἀσεϐείας
3769 1761 3873 1814 καὶ

613 1885 784 1930 tatem
818 1872 1180 1928 abducendus
1206 1878 1293 1925 est
1323 1869 1372 1923 is
1403 1868 1496 1938 qui
1527 1875 1660 1921 tunc
1695 1881 1791 1921 rex
1821 1874 2002 1922 vester
2034 1866 2188 1923 vide-

611 1969 798 2022 hitur:
828 1974 993 2036 atque
1020 1965 1076 2017 in
1101 1977 1294 2018 omnes
1330 1975 1563 2029 prorsus
1599 1957 2058 2026 animadvertam,
2094 1959 2188 2028 qui

611 2066 906 2126 tantopere
930 2053 1224 2108 imitationi
1248 2052 1596 2108 ethnicorum
1619 2057 1791 2126 semet
1819 2049 2190 2116 tradiderunt,

613 2157 671 2205 ut
701 2151 864 2204 etiam
887 2147 1130 2202 vestium
1167 2146 1391 2199 illarum
1429 2158 1590 2200 usum
1623 2125 2004 2197 aﬂectaverint
2024 2181 2038 2206 ,
2069 2157 2190 2212 quae

613 2259 644 2296 a
673 2243 791 2312 lege
839 2241 1018 2294 vetitae
1042 2279 1057 2303 ,
1111 2237 1368 2308 gentibus
1420 2243 1750 2305 congruunt.
1789 2233 2059 2299 Cunctos,
2099 2233 2187 2287 in-

614 2347 780 2402 qnam
840 2339 967 2384 ante
997 2328 1272 2384 vestibula
1309 2325 1496 2395 templi
1527 2324 1750 2394 puniant
1773 2363 1788 2388 ,
1820 2331 2013 2376 contra
2042 2323 2191 2391 quod

616 2420 780 2490 impie
808 2427 1075 2489 egerunt;
1127 2415 1258 2471 dum
1311 2414 1443 2469 illuc
1493 2412 1918 2481 ingrederentur
1968 2411 2189 2480 quidem

617 2513 690 2568 ob
730 2510 1097 2567 simulandum
1143 2508 1355 2562 cultum
1403 2520 1621 2568 meum,
1670 2503 1766 2558 sed
1807 2503 2027 2558 nonnisi
2065 2519 2192 2558 cum

618 2601 891 2674 hypocrisi
921 2609 975 2655 et
1001 2599 1128 2654 dolo
1155 2597 1388 2651 introire
1416 2596 1548 2651 illuc
1576 2593 1841 2648 auderent
1867 2613 1879 2646 :
1916 2593 2188 2664 siquidem

620 2694 823 2747 nullam
861 2707 999 2747 verte
1028 2690 1308 2760 religionis
1332 2687 1600 2742 rationem
1641 2684 1844 2738 habere
1862 2685 2191 2750 voluerunt,

618 2786 715 2841 sed
745 2785 908 2840 idolis
942 2785 1123 2854 potius
1154 2782 1404 2837 studiose
1432 2779 1736 2834 adhaerere.

2285 1864 2458 1919 δόλου.
2489 1884 2507 1916 ι
2563 1865 2650 1917 Ἐν
2674 1863 2866 1932 ἐκείνῳ
2885 1860 2950 1930 δὴ
2971 1859 3049 1930 τῷ
3076 1857 3252 1928 καιρῷ
3281 1857 3408 1920 τοὺς
3436 1855 3627 1926 ἄρχειν
3659 1856 3717 1906 ἐν
3740 1853 3872 1922 ὑμῖν

2283 1958 2574 2022 δοκοῦντας
2602 1959 2984 2029 τιμωρήσομαι
3005 1972 3018 1986 ’
3058 1955 3218 2008 αὐτόν
3244 1971 3302 2006 τε
3345 1950 3618 2013 παντελῶς
3655 1949 3872 2018 ἀφανιῶ

2285 2049 2380 2103 τοῦ
2406 2050 2668 2120 βασιλέως
2699 2049 2788 2102 τὸν
2817 2046 2985 2114 οἷκον,
3031 2046 3125 2100 ἅτε
3161 2046 3297 2116 πρὸς
3341 2043 3724 2113 αἰχμαλωσίαν
3759 2041 3871 2092 ἀπ-

2289 2141 2517 2210 άγεσθαι
2552 2141 2834 2212 μέλλοντος
2870 2137 2965 2191 τοῦ
2996 2137 3114 2190 τότε
3151 2134 3448 2206 βασιλεύειν
3474 2131 3628 2203 ὑμῶν
3654 2129 3875 2185 δοκοῦν-

2284 2251 2397 2297 τος·
2439 2233 2515 2305 (p.
2555 2233 2682 2303 588)
2723 2232 2816 2286 καὶ
2859 2230 3067 2293 πάντας
3099 2228 3155 2281 δὲ
3188 2225 3443 2290 καθάπαξ
3485 2225 3875 2294 τιμωρήσομαι

2285 2327 2411 2389 τοὺς
2435 2323 2576 2378 οὓτω
2597 2323 2731 2394 πρὸς
2766 2323 2866 2392 τὴν
2901 2319 3232 2392 Ἑλληνικὴν
3271 2318 3500 2390 μίμησιν
3537 2314 3764 2376 ἑαυτοὺς
3790 2315 3879 2365 ἐκ·

2287 2417 2606 2483 δεδωκότας,
2655 2414 2731 2479 ὡς
2768 2413 3000 2467 καὶτῶν
3035 2413 3265 2488 ἱματίων
3311 2407 3506 2480 ζηλοῦν
3547 2405 3646 2477 τὴν
3676 2404 3880 2476 χρῆσιν

2287 2510 2388 2581 τὴν
2410 2509 2489 2580 τῷ
2517 2510 2666 2579 νόμῳ
2707 2507 2804 2579 μὲν
2831 2504 3307 2576 ἀπηγορευμένην,
3346 2505 3458 2564 τοῖς
3481 2498 3657 2553 ἔθνεσι
3680 2497 3736 2550 δέ
3770 2496 3878 2565 ἀρ-

2301 2599 2507 2670 μοδίαν.
2544 2600 2759 2662 Πάντας
2789 2598 2883 2669 δὴ,
2938 2596 3092 2666 φησὶ,
3133 2591 3445 2665 περιφανῶς
3491 2586 3880 2658 τιμωρήσομαι

2300 2691 2406 2762 πρὸ
2440 2691 2559 2746 τῶν
2574 2691 2668 2744 τοῦ
2705 2689 2835 2745 ναοῦ
2866 2687 3174 2760 προθύρων,
3207 2687 3285 2748 είς
3313 2683 3372 2736 ὃν
3403 2681 3654 2754 ἠσέΰουν,
3686 2676 3883 2730 εἰσιόν-

2299 2801 2391 2848 τες
2419 2785 2516 2854 μὲν
2545 2783 2624 2854 τῷ
2650 2784 2826 2836 δοκεῖν
2851 2783 2930 2843 εἰς
2958 2780 3097 2850 ἐμὴν
3135 2776 3456 2848 θεραπείαν,
3495 2772 3614 2841 μεθ’
3649 2769 3883 2839 ὑποκρί-

621 2894 758 2940 σεως
789 2877 846 2929 δὲ
875 2874 966 2929 καὶ
993 2873 1144 2927 δόλου
1188 2869 1453 2924 ποιεῖσθαι
1488 2868 1585 2939 τὴν
1615 2867 1818 2922 εἴσοδον
1847 2867 2187 2939 τολμῶντες,
2220 2874 2275 2927 εῖ
2303 2891 2367 2943 γε
2395 2873 2496 2945 τῆς
2535 2874 2634 2944 μὲν
2658 2872 2937 2936 εὐσεϐείας
2971 2869 3167 2923 οὐθένα
3193 2867 3350 2934 λόγον
3391 2863 3673 2916 ἐδούλοντο
3711 2857 3887 2911 ποιεῖ-

623 2969 766 3032 σθαι,
796 2968 908 3029 τοῖς
935 2963 1172 3026 εἰδώλοις
1193 2962 1250 3015 δὲ
1281 2962 1635 3032 προσανεῖχω
1671 2957 1897 3030 σπουδῇ.

697 3063 862 3119 Vens.
900 3060 988 3128 10,
1025 3060 1110 3113 Η.
1130 3076 1237 3109 -‹
1260 3055 1324 3111 Ει
1352 3055 1459 3110 erit
1489 3053 1578 3109 die
1610 3054 1727 3120 illa,
1751 3054 1887 3110 dicit
1907 3052 2194 3122 Dominus,

2372 3055 2515 3125 Στίχ.
2562 3061 2613 3117 ι’,
2656 3060 2743 3108 ια’.
2788 3081 2856 3093 -—
2892 3070 2913 3103 ι
2952 3050 3060 3104 Καὶ
3093 3049 3246 3101 ἔσται
3277 3048 3334 3099 ἐν
3367 3043 3549 3114 ἐκείνῃ
3578 3043 3642 3112 τῇ
3672 3039 3882 3111 ἡμέρᾳ,

623 3172 733 3212 vox
763 3153 1028 3209 clamoris
1058 3167 1088 3204 a
1123 3160 1277 3220 porta
1309 3147 1638 3202 caedentium
1661 3186 1677 3210 ,
1706 3154 1760 3200 et
1789 3147 2030 3201 ululatus
2062 3161 2092 3200 a
2124 3163 2204 3202 se-

626 3246 810 3302 cunda
833 3284 847 3310 ,
881 3251 936 3298 et
963 3241 1225 3297 contritio
1259 3253 1456 3308 magna
1488 3252 1517 3289 a
1555 3236 1811 3291 collibus.
1840 3255 1859 3288 ι
1883 3236 2037 3291 Tunc
2069 3252 2203 3294 sane

628 3355 729 3392 vox
783 3335 1028 3406 quaedam
1079 3331 1340 3387 terribilis
1397 3326 1748 3390 exaudictnr,
1787 3343 1816 3380 a
1855 3337 2014 3398 porta
2065 3329 2202 3383 inci.

630 3433 820 3502 piens,
883 3434 1109 3497 propter
1171 3425 1360 3477 hostes
1427 3420 1799 3489 irrumpentes
1849 3420 2206 3490 (multamque

629 3512 972 3573 occidionem
1008 3513 1169 3584 255
1202 3511 1483 3566 facientes.
1530 3508 1777 3578 Excipiet
1826 3525 1961 3564 vero
2011 3525 2204 3564 vocem

629 3612 781 3666 illam
828 3607 1071 3662 ululatus
1109 3600 1473 3657 intolerabilis
1521 3599 1808 3652 hominum
1865 3615 1964 3668 per
2012 3601 2206 3655 domos

628 3701 994 3759 contritorum
1021 3697 1280 3765 varieque
1304 3693 1648 3764 pereuntium
1680 3707 1694 3756 ;
1747 3692 2084 3760 insnperque
2115 3707 2208 3746 eo-

631 3809 752 3848 rum
784 3793 877 3862 qui
908 3789 976 3843 ad
1009 3789 1243 3843 celsiora
1282 3785 1401 3839 loca
1437 3798 1535 3853 spe
1574 3781 1842 3837 evadendi
1883 3780 2209 3850 confugient

632 3885 725 3956 (id
757 3886 903 3940 enim
936 3883 1067 3937 dicit
1092 3878 1419 3935 vocabulum
1471 3874 1695 3929 collibus
1720 3876 1765 3937 ),
1817 3890 1996 3944 neque
2024 3883 2208 3930 tamen

598 3977 930 4048 quidquam
980 3973 1103 4043 opis
1143 3969 1458 4031 invenient,
1499 3965 1595 4020 sed
1637 3971 1945 4019 extremum
1995 3966 2207 4034 suppli-

632 4067 776 4123 cium
805 4063 1101 4135 perferent.
1120 4059 1333 4125 Quibus
1363 4064 1735 4111 consentanec
1759 4055 1943 4110 subdit
1964 4074 2007 4109 ιι
2039 4054 2206 4110 Plan-

633 4158 758 4227 gite,
780 4156 876 4224 qui
919 4153 1187 4207 habitatis
1228 4148 1528 4204 concisam.
1569 4166 1586 4198 ι
1615 4144 1806 4211 Nunc,
1859 4147 2073 4216 inquit,
2132 4147 2212 4200 la-

635 4244 870 4300 mentari
897 4242 1120 4313 dignum
1151 4251 1234 4295 est
1258 4239 1600 4293 habitatores
1622 4235 2007 4300 Hierusalem,
2045 4251 2210 4306 quam

636 4336 789 4390 varia
825 4336 974 4391 caede
1023 4333 1331 4389 incolarum
1383 4330 1571 4384 hostes
1617 4327 1945 4394 concident,
1981 4327 2211 4398 ejusque

2308 3148 2454 3218 λέγει
2479 3147 2701 3218 Κύριος,
2731 3143 2882 3215 φωνὴ
2906 3141 3155 3215 κραυγῆς
3184 3139 3290 3192 ἀπὸ
3312 3137 3484 3206 πύλης
3518 3129 3887 3187 ἀποκεντούνο

2305 3257 2436 3304 των,
2472 3238 2566 3291 καὶ
2593 3236 2888 3305 ὀλολυγμὸς
2915 3232 3023 3286 ἀπὸ
3052 3232 3151 3302 τῆς
3181 3229 3457 3298 δευτέρας,
3494 3226 3588 3279 καὶ
3627 3239 3890 3294 συντριμ-

2307 3332 2406 3403 μδς
2457 3330 2632 3400 μέγας
2671 3329 2778 3381 ἀπὸ
2805 3327 2912 3380 τῶν
2952 3318 3176 3396 βουνῶν.
3218 3341 3236 3374 ›
3275 3320 3408 3374 Τότε
3442 3317 3507 3389 δὴ
3540 3314 3745 3386 φοϐερά
3779 3314 3885 3382 μέν

2302 3441 2386 3486 τις
2414 3423 2703 3493 γενήσεται
2735 3417 2888 3489 φωνὴ
2916 3417 3024 3471 ἀπὸ
3053 3416 3152 3486 τῆς
3194 3412 3366 3482 πύλης
3398 3408 3632 3462 λαϐοῦσα
3659 3405 3757 3476 τὴν
3780 3405 3888 3473 ἀρ-

2304 3516 2425 3586 χὴν,
2453 3514 2542 3567 διὰ
2569 3512 2679 3566 τῶν
2699 3511 2974 3564 εἰσιόντων
2995 3525 3054 3560 τε
3085 3505 3378 3575 πολεμίων,
3410 3499 3505 3554 καὶ
3529 3498 3694 3551 πολὺν
3718 3497 3891 3567 ἔργα-

2306 3607 2551 3678 ζομένων
2583 3605 2674 3658 τὸν
2704 3604 2881 3673 φόνον·
2912 3600 3214 3666 διαδέξεται
3243 3596 3420 3666 δὲτὴν
3453 3593 3633 3662 φωνὴν
3667 3587 3891 3658 ἐκείνην

2305 3700 2532 3769 ὀλολυγή
2560 3715 2644 3760 τις
2669 3697 2942 3766 ἀφόρητος
2970 3692 3075 3746 τῶν
3105 3692 3223 3745 κατ’
3245 3688 3419 3742 οἰκίαν
3449 3681 3892 3755 συντριὸομένων

2305 3808 2366 3844 τε
2393 3792 2486 3843 καὶ
2521 3789 2908 3859 ἀπολλυμένων
2943 3784 3218 3845 ποικίλως,
3255 3781 3334 3834 έτι
3375 3779 3470 3832 καὶ
3499 3775 3606 3829 τῶν
3655 3777 3712 3826 ἐν
3742 3771 3890 3840 ὑψη-

2307 3881 2548 3953 λοτέροις
2577 3881 2764 3942 τόποις
2809 3877 2985 3930 ἐλπίδι
3015 3875 3190 3945 φυγῆς
3229 3868 3673 3940 κατατρεχόντων
3708 3861 3895 3932 (τοῦτο

2307 3971 2418 4040 γὰρ
2445 3970 2592 4038 λέγει
2646 3988 2664 4020 ι
2703 3967 2905 4038 βουνῶν
2940 3985 2958 4017 ι
2982 3967 3023 4032 ),
3052 3964 3114 4017 οὐ
3163 3963 3320 4033 μόνον
3367 3960 3517 4013 οὐδὲν
3562 3953 3896 4023 ὠφελεῖσθαι

2307 4062 2620 4132 δυναμένων
2651 4059 2920 4120 ἐντεῦθεν,
2945 4056 3080 4111 ἀλλὰ
3099 4055 3207 4125 γὰρ
3233 4054 3326 4106 καὶ
3351 4053 3449 4121 τὴν
3478 4049 3710 4119 ἐσχάτην
3739 4045 3898 4114 δεχοο

2313 4153 2489 4224 μένων
2520 4151 2806 4223 τιμωρίαν.
2843 4146 2938 4210 Οἷς
2966 4145 3272 4208 ἀκολούθως
3301 4143 3495 4210 ἐπάγει
3514 4157 3527 4171 ·
3567 4136 3890 4207 «Θρηνείτε,

2309 4246 2359 4296 οἱ
2389 4241 2764 4304 κατοικοῦντες
2785 4241 2883 4311 τὴν
2905 4235 3418 4305 κατακεκομμένην.
3453 4251 3472 4284 ι
3507 4225 3773 4283 Ἐνταῦθα
3799 4225 3892 4295 δὴ,

2312 4336 2466 4407 φησὶ,
2496 4334 2712 4406 θρηνεῖν
2745 4333 2988 4395 ἅπαντας
3022 4328 3169 4393 ἄξιον
3200 4328 3325 4390 τοὺς
3346 4323 3628 4383 οἰκοῦντας
3656 4318 3755 4388 τὴν
3793 4317 3898 4370 Ἰε-

633 4428 868 4486 :edificia
923 4425 1306 4498 periringent,
1362 4428 1418 4475 et
1472 4420 1776 4490 inquilinos
1823 4419 2197 4475 trucidabnnt.

2316 4427 2614 4499 ρουσαλὴμ,
2649 4428 2714 4497 ἦν
2743 4423 3011 4495 διαφόρως
3039 4420 3127 4475 διὰ
3167 4419 3274 4472 τῶν
3318 4415 3609 4470 οἰκούντων
3649 4411 3896 4465 κατακό-

639 4519 826 4587 «Quia
881 4517 1177 4570 universus
1237 4511 1475 4582 populus
1530 4510 1875 4565 assimilatus
1935 4520 2021 4563 est
2070 4507 2214 4563 Cha-

637 4608 822 4673 naani,
843 4606 1217 4676 disperierunt
1242 4616 1434 4656 omnes
1458 4600 1552 4669 qui
1577 4601 1704 4656 elati
1734 4607 1892 4654 erant
1916 4606 2159 4668 argento.
2190 4617 2208 4650 ι

637 4697 1093 4766 Quandoquidem
1127 4694 1568 4749 Chananaaorum
1602 4705 1786 4746 mores
1817 4689 2015 4744 imitati
2048 4697 2212 4756 sunt,

639 4787 762 4843 ideo
791 4801 889 4857 par
917 4786 1028 4840 illis
1057 4784 1374 4840 sustinuere
1401 4781 1733 4851 supplicium
1754 4822 1770 4848 ,
1831 4781 2214 4851 pessumdati;

635 4877 1096 4948 quemadmodum
1129 4875 1340 4929 scilicet
1368 4882 1425 4928 et
1447 4873 1526 4926 illi
1560 4875 1848 4944 perierunt
1873 4886 1998 4929 cum
2027 4874 2211 4942 regio-

638 4983 761 5024 nem
802 4966 1067 5022 lsraelitis
1093 4964 1328 5022 tradidit
1359 4965 1524 5019 Deus.
1563 4963 1744 5018 Simul
1789 4965 2053 5034 peribunt
2085 4978 2214 5018 cum

638 5059 900 5129 reliquis,
936 5057 1013 5111 illi
1065 5057 1161 5126 qui
1217 5055 1642 5126 superbiebant,
1694 5053 1906 5109 divitiis
1945 5069 2007 5110 se
2045 5053 2217 5110 fultos

637 5161 968 5208 cernentes:
1009 5151 1221 5204 nullum
1277 5165 1308 5204 a
1361 5149 1482 5206 suis
1530 5147 1731 5219 opibus
1782 5148 2216 5203 emolumentum

638 5244 956 5308 habebunt,
989 5243 1084 5298 sed
1123 5251 1316 5298 contra
1343 5241 1572 5296 omnino
1605 5240 1767 5296 bonis
1797 5239 1915 5296 suis
1951 5240 2210 5310 spoliati,

640 5335 1002 5405 pauperrimis
1034 5334 1247 5392 similes
1279 5333 1433 5390 ilent.

2309 4519 2502 4588 ψουσιν
2546 4519 2596 4570 οἰ
2631 4516 2909 4586 πολέμιοι,
2941 4513 3040 4577 τάς
3088 4528 3148 4564 τε
3185 4507 3472 4579 οἰκοδομὰς
3499 4505 3670 4575 αὐτῆς
3709 4501 3898 4556 διατέ-

2315 4623 2537 4677 μνοντες
2557 4647 2572 4670 ,
2649 4607 2743 4659 καὶ
2810 4606 2934 4667 τοὺς
3004 4598 3390 4661 κατοικοῦντας
3443 4595 3894 4664 διασφάττοντες.

2319 4716 2339 4748 ι
2370 4697 2514 4751 Διότι
2536 4695 2647 4766 (52)
2676 4695 2932 4766 ὡμοιώθη
2964 4695 3072 4757 πᾶς
3093 4695 3120 4746 ό
3143 4691 3268 4753 λαὸς
3293 4688 3531 4752 Χαναὰν,
3559 4683 3895 4754 ἐξωλοθρεύ-

2316 4787 2487 4859 θησαν
2520 4787 2718 4849 πάντες
2745 4789 2793 4840 οξ
2829 4784 3128 4856 ἐπηρμένοι
3155 4780 3422 4852 ἀργυρίῳ.
3461 4797 3480 4830 ›
3527 4775 3746 4847 Ἐπειδὴ
3777 4773 3896 4844 γὰρ

2313 4877 2424 4932 τῶν
2441 4876 3109 4948 Χαναναίωνέμικήοαντο
3148 4875 3240 4928 τὸν
3266 4873 3489 4941 τρόπον,
3522 4870 3600 4940 (p.
3635 4867 3761 4935 389)
3801 4867 3899 4921 διὰ

2312 4971 2470 5025 τοῦτο
2484 4970 2876 5043 παραπλησίως
2894 4969 3122 5031 ἐκείνοις
3132 4967 3227 5021 καὶ
3241 4960 3340 5036 τὴν
3361 4960 3626 5033 τιμωρίαν
3643 4958 3902 5023 ἐδέξαντο

2311 5063 2684 5135 ἀπολλύμενοι,
2715 5061 3018 5125 παντελῶς,
3049 5062 3218 5130 ὅνπερ
3255 5045 3319 5129 δη
3368 5055 3570 5127 τρόπον
3614 5051 3901 5106 ἀπώλοντο

2313 5157 2554 5209 κάκεῖνοι
2573 5155 2810 5226 ὁπηνίκα
2829 5155 2942 5216 τοῖς
2971 5150 3334 5222 Ἰσραηλίταις
3356 5145 3642 5216 παρεδίδου
3669 5143 3768 5212 τὴν
3788 5142 3901 5212 γῆν

2314 5248 2344 5299 ὁ
2376 5245 2526 5310 Θεός·
2563 5243 3123 5315 συναφανισθήσονται
3165 5241 3274 5312 γὰρ
3307 5239 3371 5312 δὴ
3407 5239 3608 5300 πάντες
3640 5237 3752 5298 τοῖς
3783 5234 3904 5287 λοι-

2317 5338 2437 5398 ποίς
2466 5337 2560 5389 καὶ
2584 5336 2634 5388 οί
2664 5335 2804 5405 μέγα
2834 5331 3155 5404 φρονοῦντες
3192 5331 3283 5383 ἐπὶ
3311 5330 3525 5401 πλούτῳ
3563 5323 3902 5398 θεωροῦντες
3979 5317 3986 5324 ’

639 5428 860 5492 ἑαυτοὺς
885 5469 900 5494 ,
952 5428 1119 5500 μηδὲν
1158 5430 1221 5481 ἐκ
1264 5429 1362 5499 τῆς
1395 5427 1656 5500 εὐπορίας
1697 5430 1888 5500 κέρδος
1916 5427 2202 5490 λασόντες·
2236 5429 2546 5484 τούναντίον
2595 5430 2694 5500 μὲν
2723 5423 2815 5484 οὖν
2869 5429 2928 5480 ἐν
2975 5429 3039 5496 τῇ
3076 5426 3364 5496 ἀφαιρέσει
3392 5423 3503 5476 τῶν
3538 5420 3755 5475 οἰκείων
3788 5434 3906 5474 παρ

643 5516 928 5590 ραιελὴσιοι
959 5519 1240 5588 γεγονότες
1265 5523 1376 5584 τοῖς
1405 5521 1680 5589 παντελῶς
1713 5522 2046 5597 πενομένοις.

714 5651 825 5710 (50)
862 5653 936 5704 ltn
971 5655 1060 5707 hic
1089 5652 1212 5705 cod.

710 5721 824 5793 (5i)
857 5722 993 5780 Cod.
1030 5721 1331 5793 ἐκδίκησιν.¹

2385 5650 2498 5724 (52)
2527 5649 2662 5706 Cod.
2692 5649 2779 5702 διὰ
2812 5648 2884 5701 τί.
