2059 3252
148 250 207 278 867

645 248 921 281 COMMENTARIUS
938 249 973 277 IN
995 246 1179 277 SOPHONLE
1200 246 1277 275 CAP.
1297 246 1315 273 Ι.

1748 246 1800 273 358

190 306 269 341 Στίχ.
285 306 390 341 ιβ’-ις’.
408 321 443 327 -—
461 315 471 333 ‹
485 307 539 334 Καὶ
558 306 634 333 ἔσται
654 308 683 335 ἐν
698 310 732 344 τῇ
748 309 841 345 ἡμέρᾳ
856 308 954 344 ἐκείνῃ,

1048 303 1132 331 Vitas.
1152 302 1246 330 12-16.
1262 316 1296 323 -
1314 311 1323 327 ι
1340 300 1371 328 lit
1397 301 1449 329 erit
1472 301 1499 328 in
1517 301 1560 330 die
1580 302 1636 334 illa,
1656 304 1801 330 scrutabor

147 352 331 388 ἐξερευνήσω
343 352 392 388 τὴν
412 353 591 389 Ἰερουσαλὴμ
606 354 675 389 μετὰ
687 354 796 390 λύχνου.
815 364 825 381 ι
848 355 957 390 Ἐπειδὴ

146 401 212 432 τοίς
236 399 271 426 τὰ
294 399 425 427 ὲνδότατα
446 400 494 427 καὶ
515 400 602 436 σκότῳ
615 409 673 431 πως
691 401 896 438 κατειλημμένα
909 402 958 437 ζη-

148 445 250 473 τοῦσιν
262 466 271 479 ,
292 445 354 478 ἔθος
376 446 468 482 λύχνῳ
495 446 647 482 κεχρῆσθαι
664 448 733 481 πρὸς
758 448 957 484 ἀκριϐεστέραν

148 492 274 529 ἔρευναν
291 492 347 519 τῶν
366 492 632 528 ἀποκεκρυμμένων,
650 493 730 521 τοῦτο
737 493 873 527 rem,sz
888 492 957 529 μετὰ

148 537 261 573 πολλῆς
276 538 327 574 τῆς
341 537 486 573 ἀκριϐείας
499 537 744 574 ὲξερευνηθήσεται
756 539 846 566 πάντα
858 539 892 566 τὰ
904 539 954 574 τῆς

154 584 361 620 Ἰερουσαλὴμ,
382 584 420 616 ὡς
436 585 519 620 μηδὲν
533 585 587 611 τῶν
608 585 722 611 ἐνόντων
742 585 877 611 διαλαθεῖν
894 586 954 617 τοὺς

148 630 411 665 πολεμίους.’¹0·ιτερ
426 630 476 666 [Ε.
489 628 584 667 ᾧπερ]
599 631 753 662 ἀκολούθως
766 632 953 666 ὲπήγαγεντὸ,

151 685 162 702 ι
188 676 451 712 Ἐξωλοθρεύθησαν
464 677 563 708 πάντες
574 678 598 703 οἱ
613 676 763 712 ἐπηρμένοι
778 677 902 712 ἀργυρίῳ
912 685 918 691 ·
942 687 950 702 ι

148 721 267 752 δεικνὺς
286 722 328 748 ὅτι
338 721 410 748 οὕτω
428 722 516 748 πάντα
529 721 583 748 τῶν
598 721 725 757 εὐπόρων
740 722 953 757 ἀφαιρεθήσεται

147 765 187 792 τὰ
210 765 297 800 ὄντα,
313 766 423 798 οὐθενὸς
440 767 531 794 λαθεῖν
552 767 605 793 τῶν
622 767 758 802 πολεμὶων
774 768 824 802 τὴν
841 767 953 803 ἔρευναν

147 812 318 848 δυναμένου.
346 822 355 837 ι
374 813 430 839 Καὶ
452 813 587 848 ἐκδικήσω
611 813 658 839 ἐττί
680 814 743 844 τοὺς
767 813 866 848 ἄνδρας
890 814 952 845 τους

148 858 397 894 καταφρονοῦντας
416 859 461 885 ἐπὶ
483 859 516 886 τὰ
538 859 701 895 φυλάγματα
719 857 891 890 αὑτῶν,τοὺς
908 860 952 885 λέ-

147 909 255 940 γσντας
274 905 306 932 ὲν
321 906 382 936 ταῖς
398 905 522 941 καρδίαις
541 906 641 939 αὐτῶν,
656 906 694 932 Οὐ
710 905 747 941 μὴ
764 905 953 941 ὰγαθοποιήσῃ

148 949 272 986 Κύριος,
282 950 343 977 οὐδὲ
358 950 395 986 μὴ
408 951 533 986 κακώσῃ.
551 961 560 977 ι
577 952 776 988 Τιμωρήσομαι
793 952 857 987 γὰρ,
873 952 949 986 φησὶ,

1009 350 1183 379 Hierusalem
1200 357 1262 377 cum
1274 349 1413 376 lucerna.»
1424 347 1559 381 Quoniam
1574 356 1681 382 eorum,
1694 348 1742 384 qui
1760 350 1801 376 in-

1008 397 1074 424 tima
1091 397 1153 424 etin
1163 396 1283 424 tenebris
1297 395 1408 423 condita
1424 396 1802 429 quatrunt,mosestlucerna

1006 443 1047 470 uti
1059 442 1093 470 ad
1107 443 1309 470 accuratiorem
1319 442 1460 470 latentium
1476 449 1568 469 rerum
1582 437 1801 478 vestigationem.

1006 489 1110 516 idcirco
1128 488 1168 516 sic
1181 488 1313 524 loquitur,
1340 487 1399 516 fore
1421 495 1520 524 nempe
1537 495 1567 515 ut
1579 489 1666 516 multa
1679 496 1742 517 cum
1757 497 1802 517 se-

1006 535 1121 563 dulitate
1138 535 1310 570 vestigentur
1319 542 1364 562 res
1379 542 1475 562 omnes
1486 534 1668 567 Hierusalem,
1688 539 1718 562 ut
1733 536 1802 563 nihil

1006 586 1089 613 opum
1120 578 1180 614 ejus
1205 580 1296 606 hostes
1324 579 1415 606 lateat.
1440 579 1500 613 Quo
1520 579 1549 606 ﬁt
1571 584 1602 606 ut
1618 585 1802 608 conscntance

1006 625 1166 660 subiungat,
1184 635 1193 650 ε
1213 625 1405 660 Dispericrunt
1421 633 1518 654 omnes
1534 626 1598 653 elati
1613 628 1801 662 argento-ﬁsi-

1004 671 1138 706 guiticaus
1148 670 1206 697 fore
1219 677 1248 697 ut
1259 671 1350 697 cuncti
1367 671 1483 698 divitum
1493 672 1615 698 thesauri
1624 672 1800 707 diripiantur,

1005 726 1066 745 cum
1096 718 1164 745 nihil
1192 717 1313 744 hostium
1341 717 1549 752 vestigationem
1581 719 1732 745 vitaturum
1754 719 1800 747 sit.

1007 773 1016 789 ι
1033 763 1065 790 Et
1077 763 1193 790 ulciscar
1208 771 1290 797 super
1303 763 1388 794 viros,
1400 763 1447 797 qui
1464 767 1643 791 contemnunt
1660 765 1802 792 custodias

1004 818 1078 842 suas,
1097 810 1143 844 qui
1161 809 1256 836 (licunt
1273 809 1299 835 in
1313 809 1444 837 cordibus
1459 810 1536 837 suis:
1555 809 1654 846 Utique
1670 819 1703 838 ne
1718 810 1801 838 faciat

1005 857 1073 883 bene
1084 856 1228 888 Dominus,
1242 862 1269 883 et
1284 863 1338 883 non
1349 855 1432 883 faciat
1444 857 1542 884 male.»
1556 856 1622 890 llos,
1639 858 1739 892 inquit,
1751 866 1801 892 pu-

1003 904 1076 928 uiam
1094 902 1139 936 qui
1158 905 1293 936 prmcepta
1318 909 1377 928 mea
1395 902 1556 937 cultumque
1571 903 1682 931 omnino
1704 911 1800 938 asper—

1006 952 1116 981 nantur,
1133 948 1234 983 quibus
1254 947 1386 975 custodiri
1406 955 1438 975 ac
1459 949 1563 976 servari
1582 950 1617 977 ab
1630 950 1704 976 omni
1719 950 1802 985 256

147 984 279 1029 τούτους,
304 984 437 1032 (p.590)
459 997 484 1023 οἶ
508 984 563 1024 τῶν
580 984 630 1032 μὲν
657 984 884 1033 στροσταγμάτωνγ
900 984 952 1023 τῶν

1005 994 1170 1022 detrimento
1185 999 1488 1029 poterantzcoutraque
1503 996 1661 1023 existimant
1677 996 1734 1024 ﬁeri
1744 984 1798 1024 non

147 1041 232 1078 ἱμῶν
249 1042 298 1068 καὶ
317 1042 366 1077 τῆς
383 1042 532 1077 θεραπείας
549 1043 731 1078 κατεφρόνουν
747 1043 887 1075 παντελῶς
904 1044 952 1078 τῆς

146 1087 243 1122 εμῆς,
269 1087 316 1121 ἀφῗ
330 1084 368 1114 ὧν
392 1087 424 1122 δὴ
449 1088 633 1121 φυλάττεσθαι
650 1089 696 1115 καὶ
714 1089 900 1125 διατηρεῖσθαι
920 1090 952 1115 ὲκ

146 1132 249 1168 πάσης
274 1132 407 1167 ἠδύναντο
430 1133 577 1168 ἐπηρείας’
595 1133 784 1169 διακειμένους
805 1134 833 1159 δὲ
850 1134 889 1160 ὅτι
915 1133 952 1169 μὴ

146 1175 210 1206 οἷόν
225 1178 258 1205 τέ
273 1187 299 1205 τι
323 1178 408 1206 κακὸν
428 1179 519 1210 αὐτοῖς
540 1180 719 1214 ἐπενεχθῆναι
737 1180 848 1206 τοιαῦτα
863 1188 953 1214 παρα-

147 1224 302 1260 νομοῦσιν·
321 1225 353 1251 τὸ
377 1225 442 1261 γὰρ,
455 1234 464 1250 ι
485 1225 523 1251 Οὐ
542 1226 579 1261 μὴ
594 1226 782 1260 ἀγαθοποιήσῃ
800 1224 917 1260 Κύριος,
940 1235 950 1250 ι

148 1270 227 1299 κατὰ
256 1271 402 1307 ὑπόκρισιν
429 1272 632 1305 ἀναγνωστέον,
665 1272 725 1298 ἀντὶ
744 1272 808 1304 τοῦ,
841 1271 953 1305 Ἀγαθο-

147 1317 276 1353 τωιήσει.
304 1327 313 1343 ι
331 1318 387 1344 Καὶ
400 1317 477 1344 ἔσται
497 1319 513 1352 ὴ
532 1317 647 1353 δύναμις
665 1317 755 1344 αὐτῶν
781 1319 821 1349 είς
836 1318 953 1353 διαρπα-

148 1364 218 1400 γὴν,
232 1364 282 1398 καὶ
291 1364 315 1390 οι
329 1361 399 1390 οἶκοι
411 1363 501 1390 αὐτῶν
512 1364 552 1395 εἰς
573 1364 740 1398 ἀφανισμόν·
755 1363 800 1390 καὶ
814 1364 954 1399 οἰκοδομή-

148 1418 250 1438 σωσιν
275 1410 383 1442 οἰκίας,
405 1410 453 1436 καὶ
469 1410 500 1436 οὐ
518 1410 555 1445 μὴ
573 1410 771 1445 κατοικήσωσιν
791 1411 820 1436 ἐν
842 1410 952 1442 αὑταῖς

148 1456 202 1484 καὶ
218 1455 473 1490 καταφυτεύσουσιν
497 1456 677 1491 ἀμπελῶνας,
697 1456 745 1482 καὶ
763 1457 792 1482 οὐ
813 1456 851 1491 μὴ
871 1457 953 1483 πίωσι

149 1502 201 1530 σὺν
217 1500 291 1529 οἶνον
310 1501 417 1528 αὐτῶν·
434 1502 476 1528 ὅτι
488 1502 572 1536 ἐγγὺς
584 1502 675 1537 ἡμέρα
687 1502 789 1537 Κυρίου
803 1503 818 1537 ἡ
836 1502 953 1537 μεγάλη,

147 1549 241 1585 mi);
268 1548 316 1575 καὶ
338 1548 436 1583 ταχεῖα
455 1547 569 1583 σφόδρα.
593 1558 602 1574 ι
622 1548 700 1574 Πᾶσα
727 1548 776 1582 μὲν
797 1546 842 1574 οὖν
865 1547 953 1574 αὐτῶν

147 1596 167 1632 ὴ
178 1594 303 1630 δύναμις
322 1595 375 1622 ὑπὸ
389 1595 446 1622 τῶν
459 1594 597 1630 πολεμίων
614 1593 866 1629 περιαιρεθήσεται”
882 1595 953 1629 ἁφα-

147 1641 331 1677 νισθήσονται
353 1641 382 1668 δὲ
399 1642 445 1668 καὶ
459 1641 560 1672 πάντες
582 1640 671 1666 αὐτῶν
684 1641 709 1666 οἱ
724 1638 808 1666 οἴκοι·
827 1640 873 1666 καὶ
890 1640 951 1667 οὔτε

147 1688 212 1716 τῶν
222 1688 309 1715 οῐκων
322 1687 534 1719 ἀπολαύσουσιν,
550 1686 597 1719 οὓς
615 1687 684 1722 μετὰ
701 1686 800 1722 πολλῆς
811 1687 952 1722 οἰκοδομή-

148 1742 260 1766 σαντες·
278 1733 453 1769 ἐπιμελείας,
468 1732 530 1760 οὒτε
546 1732 599 1759 τῶν
616 1732 760 1767 γεωργιῶν
779 1732 832 1759 τῶν
847 1732 955 1759 οἰκείων

147 1779 290 1816 λήψονται
305 1779 352 1806 τὸν
369 1779 490 1815 καρπόνθ
516 1779 610 1814 ἐπειδὴ
629 1778 759 1813 πάρεστιν
779 1778 826 1804 καὶ
841 1778 955 1812 πλησίον

148 1826 227 1860 ἄγαν
237 1825 315 1852 ἐστὶν
329 1825 422 1861 ἡμέρα
432 1825 479 1852 τοῦ
491 1825 570 1857 Θεοῦ,
586 1825 646 1852 καθ’
659 1826 692 1860 ἣν
707 1824 854 1859 ἐκϐήσεται
868 1824 956 1850 πάντα

148 1871 230 1907 ἅπερ
252 1868 301 1899 οὖν
320 1871 512 1905 ἀποπέφανται
542 1872 601 1897 κατ’
618 1871 707 1898 αὐτῶν
725 1872 739 1897 ὁ
755 1870 831 1901 Θεὸς.
852 1878 860 1894 ι
877 1869 954 1904 Φωνὴ

149 1917 267 1954 ἡμέρας
288 1918 393 1954 Κυρίου
409 1918 496 1954 πικρὰ
521 1919 568 1944 καὶ
584 1917 689 1953 σκληρὰ
709 1918 847 1943 τέτακται.
869 1926 878 1942 ι
897 1917 954 1943 Με-

153 1964 280 2000 μήνυται
304 1965 360 2000 γὰρ
381 1965 396 1991 ὁ
419 1964 515 1999 καιρὸς
538 1964 587 1999 τῆς
608 1964 771 1998 ἀποφάσεως
794 1963 845 1997 τῆς
869 1962 953 1994 θείας,

1006 1048 1088 1076 posse
1109 1045 1137 1067 ut
1150 1041 1213 1067 tnali
1228 1041 1333 1075 aliquid
1351 1042 1392 1068 eis
1405 1042 1512 1068 accidat
1525 1042 1589 1069 talia
1607 1043 1796 1077 peccantibus.

1005 1086 1072 1113 Nam
1089 1087 1174 1113 dictio
1186 1097 1195 1112 ‹
1216 1086 1256 1114 Ne
1276 1088 1344 1114 bene
1359 1087 1453 1118 faciat,
1470 1097 1478 1111 ι
1500 1088 1612 1123 figurate
1629 1088 1743 1123 legenda
1756 1094 1800 1116 est

1003 1140 1066 1167 pro,
1085 1133 1154 1160 bene
1170 1132 1263 1161 faciet.
1279 1143 1288 1159 ι
1310 1133 1343 1160 Ει
1359 1134 1410 1160 erit
1424 1133 1555 1160 fortitudo
1570 1142 1665 1161 eorum
1681 1135 1709 1161 in
1725 1135 1800 1162 dirc-

1003 1179 1137 1213 ptionem.
1170 1184 1197 1206 et
1223 1179 1322 1207 domus
1345 1188 1440 1207 eorum
1470 1180 1496 1206 in
1524 1180 1730 1215 dissipationem
1748 1189 1754 1206 ε
1772 1186 1799 1207 et.

1004 1224 1179 1252 aedificabant
1203 1226 1310 1259 domos,
1339 1230 1366 1253 ct
1391 1234 1446 1253 non
1463 1227 1627 1254 habitabunt
1643 1227 1670 1254 in
1697 1227 1756 1261 eis;
1772 1233 1799 1255 ct

1005 1272 1167 1307 plantabunt
1188 1273 1292 1304 vincas,
1321 1278 1347 1299 et
1378 1280 1432 1299 non
1462 1273 1556 1300 bibent
1577 1273 1670 1300 vinum
1690 1281 1797 1304 earum,

1004 1318 1068 1353 quia
1086 1318 1166 1352 juxta
1193 1321 1235 1345 est
1270 1318 1329 1345 dies
1355 1317 1462 1345 Domini
1482 1326 1592 1353 magna,
1610 1320 1691 1353 juxta
1712 1324 1754 1347 est
1771 1324 1799 1346 et

1004 1364 1082 1390 velox
1095 1363 1188 1390 nimis.
1202 1372 1211 1389 ›
1229 1362 1377 1395 Universa,
1394 1364 1493 1399 inquit,
1506 1372 1600 1391 eorum
1619 1365 1749 1392 fortitudo
1764 1366 1798 1392 ab

1005 1409 1129 1437 hostibus
1144 1409 1345 1444 exstinguetur,
1370 1409 1547 1437 destrueutur
1575 1416 1681 1438 cuncta:
1697 1411 1798 1438 domus

1004 1463 1099 1482 eorum
1116 1465 1122 1482 :
1141 1463 1230 1491 neque
1245 1455 1371 1483 aediﬁciis
1400 1456 1527 1483 fruentur
1543 1464 1603 1492 qua:
1618 1456 1711 1484 sedula
1731 1465 1798 1484 cura

1004 1505 1210 1532 exstruxerant.
1227 1509 1318 1536 neque
1335 1502 1369 1529 de
1384 1502 1457 1529 arvis
1469 1502 1526 1529 suis
1541 1502 1659 1529 fructum
1674 1510 1796 1537 carpent.

1005 1547 1140 1580 Quoniam
1170 1547 1246 1575 adest
1263 1555 1403 1583 propeque
1420 1552 1462 1575 est
1478 1548 1523 1575 Dei
1540 1548 1610 1579 dies,
1625 1557 1681 1583 quo
1697 1553 1797 1576 cuncta

1004 1593 1130 1621 evenient
1143 1601 1203 1628 qua:
1218 1593 1251 1620 de
1271 1593 1327 1621 illis
1340 1594 1461 1621 decrevit
1473 1593 1554 1621 Deus.
1574 1603 1583 1619 ε
1602 1593 1660 1620 Vox
1675 1594 1728 1620 diei
1745 1594 1798 1621 Do-

1004 1639 1071 1666 mini
1088 1647 1180 1666 amara
1189 1644 1216 1667 et
1229 1639 1298 1667 dura
1316 1640 1404 1674 posita
1416 1644 1468 1667 est.
1486 1650 1494 1665 ι
1507 1639 1667 1667 Ρπιεάίεὶιυι·
1691 1645 1798 1674 tempus

1005 1685 1090 1711 divini
1106 1685 1220 1718 decreti,
1236 1684 1421 1712 amaritudine
1437 1686 1522 1711 multa
1533 1689 1560 1712 et
1578 1685 1726 1720 asperitate
1739 1686 1797 1721 ple-

1005 1739 1080 1758 num.
1100 1740 1110 1757 ‹
1129 1730 1230 1759 Potens
1259 1732 1318 1759 dies
1349 1732 1406 1759 irae.
1423 1741 1433 1757 ν
1453 1731 1564 1759 Validus
1577 1732 1724 1759 admodum
1745 1733 1799 1760 diei

1005 1777 1078 1804 illius
1094 1777 1181 1805 furor.
1197 1787 1206 1803 I
1224 1778 1286 1805 Dies
1304 1778 1361 1811 illa,
1377 1777 1437 1806 dies
1458 1778 1646 1806 tribulationis
1660 1782 1686 1806 et
1712 1786 1800 1814 angu—

1005 1823 1075 1856 sliat,
1093 1823 1152 1851 dies
1165 1823 1419 1858 intempestivitatis
1441 1827 1468 1850 et
1488 1824 1575 1856 exitii,
1591 1824 1650 1852 dics
1670 1825 1799 1852 tenebra~

1007 1876 1066 1895 rum
1084 1872 1111 1896 et
1124 1869 1263 1904 caliginis,
1279 1870 1338 1897 dies
1349 1870 1455 1897 nebula:
1471 1875 1499 1898 et
1510 1870 1639 1902 turbinis,
1652 1870 1711 1898 dies
1727 1871 1800 1898 tuba:

1004 1920 1031 1944 et
1049 1916 1178 1944 clamoris
1202 1925 1285 1952 super
1303 1917 1386 1945 urbes
1403 1918 1524 1945 munitas
1540 1920 1567 1945 et
1586 1925 1668 1952 super
1684 1918 1800 1953 angulos

1004 1963 1139 1990 excelsos.
1155 1971 1165 1988 ι

147 2008 258 2046 una;
272 2009 386 2045 πικρίας
400 2018 430 2036 τε
445 2009 491 2036 καὶ
506 2009 673 2044 τραχύτητος
687 2009 790 2044 γέμων.
811 2018 820 2033 ι
835 2008 941 2042 Δυνατὴ
955 2008 1047 2043 ἡμέρα
1062 2007 1157 2043 ὀργῆς.
1176 2017 1184 2032 ι
1196 2007 1317 2043 ’ἰσχυρὸς
1334 2008 1404 2042 ἄγαν
1423 2008 1472 2044 τῆς
1485 2009 1592 2044 ἡμέρας
1606 2009 1712 2044 ἐκείνης
1724 2010 1738 2036 ὁ
1751 2010 1799 2037 θυ-

149 2055 218 2091 μός.
228 2064 238 2082 ι
250 2055 283 2082 Ἦ
298 2056 390 2092 ἡμέρα
403 2055 505 2091 ἐκείνη,
517 2055 608 2091 ἡμέρα
626 2055 741 2089 θλίψεως
755 2056 801 2081 καὶ
817 2054 950 2089 ἀνάγκης,
968 2054 1060 2089 ἡμέρα
1077 2054 1181 2089 ἀωρίαις
1197 2055 1244 2080 καὶ
1260 2055 1425 2089 ἀφανισμοῦ,
1441 2054 1533 2090 ἡμέρα
1549 2055 1660 2086 σκότους
1673 2056 1720 2082 καὶ
1736 2056 1800 2090 γνό-

147 2110 219 2138 φου,
233 2101 329 2137 ἡμέρα
343 2102 459 2136 νεφέλης
470 2101 518 2127 καὶ
533 2100 659 2137 ὁμίχλης,
676 2100 767 2135 ἡμέρα
780 2099 930 2134 σάλπιγγος
943 2099 990 2125 καὶ
1005 2098 1130 2134 κραυγῆς
1141 2099 1179 2134 (p.
1195 2098 1259 2133 591)
1277 2098 1324 2124 ἐπὶ
1337 2098 1387 2130 τὰς
1402 2099 1494 2131 πόλεις
1505 2100 1554 2131 τὰς
1567 2100 1678 2137 ὀχυρὰς,
1691 2102 1738 2128 καὶ
1754 2102 1802 2129 ἐπὶ

145 2147 204 2180 τὰς
220 2146 326 2182 γωνίας
339 2146 388 2178 τὰς
407 2146 522 2182 ὑψηλάς.
544 2156 554 2172 ι

185 2192 269 2228 Στίχ.
286 2192 331 2227 ιζ’,
349 2196 394 2228 ιη’.
410 2208 447 2213 -
460 2193 528 2219 Τότε
544 2192 598 2228 γὰρ
622 2192 728 2228 ἀνάγκη
750 2201 778 2219 τε
802 2192 848 2219 καὶ⁴
865 2192 955 2227 θλίψις

147 2240 234 2268 ἔσται
250 2238 354 2275 πολλὴ,
373 2239 420 2265 καὶ
445 2239 555 2265 θάνατοι
569 2239 655 2275 ἄωροι
668 2239 723 2266 τῶν
745 2240 773 2265 ὲν
786 2238 872 2274 νηπία
885 2247 953 2272 σφα-

147 2283 281 2319 ζομένων
295 2284 330 2319 τῇ
343 2282 453 2319 ἡλικίᾳ·
478 2284 632 2319 ἀφανισμός
644 2293 674 2311 τε
688 2283 840 2321 ἀνθρώπων
853 2283 937 2315 πολὺς
946 2303 953 2315 ,

147 2330 192 2362 ὡς
214 2327 343 2356 ἐντεῦθεν
370 2329 494 2360 ἃπαντας
522 2329 611 2356 δοκεῖν
636 2329 736 2365 σκότῳ,
750 2330 842 2365 γνόφῳ
867 2331 884 2365 ἥ
901 2338 954 2356 τινι

1040 2190 1124 2218 Vens.
1142 2190 1236 2218 l7-l8.
1251 2206 1285 2211 —
1301 2190 1379 2217 Tunc
1393 2190 1467 2217 enim
1492 2191 1627 2225 angustiae
1646 2195 1747 2224 erunt,
1773 2197 1801 2220 et

1003 2236 1146 2264 tribulatio
1157 2236 1254 2269 multa,
1272 2238 1299 2263 et
1313 2235 1469 2262 immatura
1486 2240 1589 2264 mortes
1600 2237 1628 2263 in
1645 2241 1737 2264 tenera
1752 2245 1800 2265 oc-

1004 2282 1125 2310 cisorum
1136 2286 1225 2313 atate,
1236 2280 1324 2308 caedes
1339 2281 1480 2308 hominum
1495 2281 1592 2314 multa,
1609 2282 1646 2308 ita
1663 2287 1690 2309 ut
1700 2283 1800 2311 abhinc

1004 2328 1148 2355 videantur
1164 2334 1259 2355 oumes
1275 2326 1407 2357 tenebris,
1427 2326 1555 2361 caligine,
1572 2333 1599 2354 et
1613 2328 1713 2355 nebula
1731 2337 1800 2364 qua-

148 2371 258 2410 νιφέλῃ
282 2373 482 2409 περικεχύσθαι
507 2374 555 2401 καὶ
574 2374 692 2410 ὁμίχλῃ·
712 2375 729 2410 ἦ
747 2383 776 2402 τε
797 2375 852 2411 γὰρ
876 2375 954 2402 πολε-

1006 2374 1069 2402 dam
1086 2380 1118 2400 ac
1131 2373 1242 2400 turbine
1259 2372 1457 2400 circumfundi.
1473 2372 1541 2400 Nam
1567 2378 1593 2400 et
1610 2374 1706 2402 bellica
1722 2375 1800 2407 tuba.

150 2420 227 2456 μικὴ
243 2419 378 2454 σάλπιγξ,
400 2421 447 2447 καὶ
466 2421 482 2456 ὴ
508 2421 577 2456 μετὰ
590 2421 693 2456 ταύτης
710 2422 787 2458 φωνὴ
802 2422 857 2448 τῶν
876 2422 955 2449 πολε-

151 2467 230 2503 μίων
240 2465 371 2502 μέγιστον
382 2466 481 2502 ἠχήσει
492 2467 720 2503 προσημαίνουσα
729 2467 784 2495 τῶν
796 2477 825 2495 τε
837 2468 955 2504 ἰσχυρῶν

148 2513 264 2542 MV
287 2513 338 2540 καὶ
358 2512 413 2540 τῶν
437 2513 575 2548 μεγίστων
602 2512 695 2540 οἰκιῶν
716 2513 765 2550 τὴν
782 2514 953 2551 καθαίρεσιν.

151 2569 163 2587 ι
183 2559 247 2588 Καὶ
268 2558 391 2594 ὖκθλίψω
411 2559 476 2591 τοὺς
491 2558 672 2594 ἀνθρώπους,
695 2559 748 2585 ,καὶ
775 2560 955 2595 πορεύσονται

147 2605 193 2639 ὡς
205 2603 319 2640 τυφλοὶ,
335 2604 377 2631 ὅτι
400 2603 440 2639 τῷ
459 2604 555 2640 Κυρίῳ
575 2604 745 2639 ἐξήμαρτον
761 2605 807 2631 καὶ
823 2605 911 2640 ἐκχεῶ
926 2606 955 2633 τὸ

148 2649 227 2689 αἷμα
253 2650 345 2682 αὐτῶν
367 2650 405 2682 ὡς
435 2650 515 2685 χοῦν,
537 2650 583 2676 καὶ
608 2650 658 2682 τὰς
684 2650 789 2686 σάρκας
809 2651 899 2678 αὐτῶν
920 2651 956 2684 ὡς

149 2697 282 2736 βόλδιτα.
306 2707 317 2723 ι
335 2697 376 2733 Τῇ
392 2697 443 2733 μὲν
457 2697 512 2733 γὰρ
535 2696 674 2732 ὑπερϐολῇ
691 2697 740 2732 τῆς
761 2697 877 2732 θλίψεως
889 2697 956 2724 διοί-

149 2752 236 2777 σουσι
256 2743 367 2778 τυφλῶν
390 2743 480 2771 οὐδέν·
506 2742 566 2769 οὐδὲ
589 2742 623 2769 τὰ
647 2743 700 2779 πρὸ
720 2742 808 2769 ποδῶν
824 2743 890 2779 ὁρᾷν
906 2741 957 2770 οἷοί

149 2801 183 2819 τε
213 2790 312 2823 ὅντες·
338 2790 480 2818 πείσονται
506 2789 535 2816 δὲ
553 2789 660 2816 ἅπαντα
689 2790 828 2825 συντόμως
852 2791 955 2821 εἰπεῖν,

150 2836 312 2872 intona-rep
323 2835 394 2870 ἄγαν
405 2834 543 2869 ἠσέϐησαν
558 2835 595 2866 εἰς
613 2833 679 2860 Θεόν
689 2842 696 2849 ο
708 2833 778 2869 ὑπὲρ
791 2830 828 2860 ὧν
842 2834 957 2868 αἵματός

150 2891 187 2912 τι
202 2882 318 2919 ἔκχυσις
341 2881 380 2913 ὡς
405 2881 438 2907 ὲκ
463 2879 561 2908 πολλοῦ
580 2880 725 2915 γενήσεται
752 2879 848 2914 φόνου·
878 2880 909 2906 αῖ
928 2888 958 2906 τε

150 2929 214 2959 ὢν
232 2926 466 2964 ἀποθνησκόντων
491 2925 593 2961 σάρκες
611 2925 722 2960 ἀτάφων
744 2925 878 2960 μενόντων
903 2925 958 2951 τῶν

153 2973 378 3011 ἀναιρουμένων,
393 2972 459 2999 ὡσεὶ
483 2972 585 3008 κόπρος
601 2979 644 3003 τις
668 2971 738 2999 κατὰ
755 2971 854 3004 παντὸς
877 2971 959 3007 pta-il-

323 3019 461 3050 ΡΑτιοι.
479 3018 537 3049 Gn.
558 3017 659 3048 LXVI.

1005 2424 1032 2449 et
1043 2421 1114 2448 hanc
1131 2420 1297 2448 subsecutus
1314 2419 1435 2447 hostium
1448 2420 1554 2446 clamor
1574 2420 1708 2448 altissime
1723 2430 1801 2450 reso-

1005 2467 1095 2499 nabit,
1122 2466 1290 2494 munitarum
1312 2465 1421 2493 urbium
1444 2473 1476 2493 ac
1497 2466 1661 2501 palatiorum
1686 2469 1800 2496 exitium

1006 2513 1186 2549 portendens.
1203 2523 1212 2539 α
1230 2513 1263 2540 Et
1277 2512 1415 2539 tribulabo
1432 2512 1569 2545 homines,
1580 2517 1607 2540 et
1621 2514 1801 2542 ambulabunt

1006 2565 1037 2588 ut
1051 2560 1127 2594 caeci,
1137 2559 1202 2594 quia
1212 2558 1327 2585 Domino
1336 2562 1519 2593 peccaverunt
1534 2567 1540 2586 ;
1552 2558 1724 2588 eteﬂ‘undam
1736 2568 1800 2588 san-

1008 2606 1117 2641 guinem
1144 2612 1241 2632 eorum
1271 2605 1343 2632 sicut
1368 2604 1519 2639 pulverem,
1542 2609 1569 2631 et
1589 2612 1687 2632 carnes
1704 2614 1799 2634 eorum

1007 2653 1080 2680 sicut
1097 2655 1218 2680 stercora
1237 2651 1330 2678 boum.
1351 2660 1361 2676 ι
1379 2650 1578 2678 Tribulationis
1602 2659 1728 2682 excessu.
1745 2659 1800 2680 non

1007 2702 1088 2727 erunt
1116 2697 1197 2725 caecis
1228 2697 1388 2728 dissimiles.
1414 2696 1514 2724 ncilla
1530 2696 1640 2731 quidem
1666 2704 1725 2730 qua:
1738 2702 1801 2724 ante

1008 2744 1092 2779 pedes
1106 2747 1172 2770 sunt
1198 2743 1293 2770 videre
1306 2742 1438 2770 valentes.
1456 2742 1557 2778 Atque,
1588 2746 1617 2769 ut
1640 2744 1798 2771 summatim

1008 2790 1109 2821 dicam,
1127 2789 1195 2816 nihil
1212 2796 1267 2816 non
1283 2788 1363 2823 257
1385 2789 1533 2823 patientur,
1556 2789 1620 2824 quia
1637 2791 1758 2825 graviter
1772 2791 1798 2818 in

1008 2835 1093 2863 Deum
1108 2840 1300 2870 peccaverunt.
1313 2834 1349 2861 Ea
1364 2839 1475 2869 propter
1490 2839 1517 2862 et
1533 2836 1676 2871 sanguinis
1690 2835 1800 2868 cﬂ‘usio,

1009 2886 1138 2916 tanquam
1164 2881 1255 2908 multa:
1271 2880 1422 2908 occisionis
1440 2881 1503 2912 erit,
1523 2885 1550 2908 et
1565 2882 1721 2911 occisorum
1738 2889 1798 2910 car-

1008 2935 1069 2961 nes,
1101 2927 1252 2962 insepultis,
1279 2927 1395 2954 mortuis
1419 2926 1608 2961 manentibus,
1623 2927 1704 2962 quasi
1723 2928 1804 2957 ﬂmue

1010 2974 1120 3008 quidam
1137 2972 1211 3000 omni
1229 2972 1288 3000 loco
1309 2972 1496 3007 iactabuntur.
1517 2982 1526 2998 ‹
1545 2971 1578 2999 Et
1595 2977 1737 3007 argentum
1755 2981 1802 3002 au-
