4118 6470
510 472 662 531 -439

1755 472 1788 525 ’1
1805 472 2105 525 IILUDUIH
2144 473 2372 526 MUPSU
2382 474 2626 525 Eb'l'lLNl

3720 465 3825 519 460

557 594 791 654 rumque
818 593 1009 638 eorum
1066 593 1189 637 non
1210 579 1408 652 poterit
1441 580 1674 637 liberare
1701 596 1798 638 eos
1828 583 1884 637 in
1918 582 2006 639 die
2046 584 2139 638 irae

2247 601 2391 638 σεται
2455 584 2641 638 τόπου.
2692 596 2713 632 ί
2764 586 2874 640 Και
2929 586 2991 640 τὸ
3035 586 3298 659 ἀργῦριον
3344 590 3437 643 καὶ
3490 590 3553 644 τὸ
3607 592 3832 666 χρυσίον

555 674 797 742 Domini,
817 680 873 731 et
893 673 1018 746 igne
1033 673 1135 730 zeli
1156 672 1278 745 ejus
1299 681 1654 729 consumatur
1674 675 1931 730 universa
1953 686 2098 732 terra
2123 694 2136 731 :

554 769 684 838 quia
707 767 1239 824 consummationem
1261 774 1318 822 et
1344 765 1946 823 festinationem-etaciet
1976 782 2144 837 super

555 874 748 917 omnes
794 866 956 915 terrae
1016 857 1377 914 habitatores.
1413 876 1436 909 υ
1465 854 1611 911 Nihil
1654 856 1793 927 ipsis
1841 856 2143 928 proderunt

554 952 759 1007 divitiae
773 949 1132 1021 quasinjuste
1145 954 1633 1015 coaeervaverunt,
1655 948 1781 1017 quia
1814 947 1930 1002 haec
1960 949 2143 1003 omnia

554 1052 799 1113 tempore
852 1041 946 1096 illo
996 1040 1197 1096 divinae
1221 1037 1420 1094 cedent
1465 1036 1582 1101 irae,
1621 1051 1746 1107 quae
1787 1037 1937 1109 ignis
1963 1036 2143 1092 instar

556 1137 870 1192 universam
904 1139 1195 1190 consumet
1224 1139 1425 1187 terram
1447 1170 1463 1195 ,
1496 1137 1728 1185 cunctos
1758 1132 1939 1184 autem
1985 1128 2141 1182 habi-

555 1236 763 1283 tatores
799 1226 919 1296 ejus
968 1224 1138 1279 multa
1186 1236 1310 1277 cum
1349 1221 1699 1277 festinatione
1738 1218 2140 1290 pessumdabit.

553 1317 760 1374 Deinde
794 1324 917 1386 post
959 1316 1226 1370 malorum
1278 1311 1713 1383 praedictionem,
1746 1312 1988 1381 in‘spem
2019 1309 2143 1365 illos

530 1466 533 1471 .
556 1427 655 1482 pro
684 1425 837 1466 more
863 1424 971 1466 suo
990 1406 1258 1479 propheta
1281 1406 1519 1474 erigens,
1545 1403 1724 1474 pergit
1748 1403 1963 1459 dicere:

2238 674 2418 730 αὐτῶν
2467 676 2528 729 οὐ
2582 676 2657 749 μὴ
2711 677 2912 750 δυνηθῇ
2963 677 3241 744 ἐξελέσθαι
3289 681 3487 748 αὐτοὺς
3529 685 3589 738 ἑν
3644 685 3829 760 ἡμέρᾳ

2237 766 2408 836 ὀργῆς
2450 766 2655 838 Κυρίου
2679 805 2696 832 ,
2724 767 2819 821 καὶ
2846 768 2907 822 ὲν
2950 770 3085 840 πυρὶ
3116 768 3282 841 ζήλου
3310 773 3477 827 αὐτοῦ
3501 775 3827 829 καταναλω-

2240 855 2464 928 θήσεται
2504 857 2654 910 πᾶσα
2703 858 2739 927 ή
2778 857 2851 929 γῆ
2873 873 2887 888 ο
2933 857 3069 912 διότι
3101 860 3415 915 συντέλειαν
3467 862 3562 917 καὶ
3593 864 3830 935 σπουδήν

2241 950 2454 1021 ποιήσει
2487 950 2580 1003 ἐπὶ
2618 949 2829 1014 πάντας
2874 950 3002 1015 τοὺς
3056 953 3449 1019 κατοικοῦντας
3482 954 3582 1027 τὴν
3634 956 3759 1027 γῆν.
3801 977 3821 1010 ι

2245 1038 2469 1106 Ὄνησις
2515 1038 2699 1103 αὐτοῖς
2743 1040 2970 1111 οὐδεμία
3018 1040 3113 1094 τοῦ
3155 1042 3387 1098 πλούτου
3436 1047 3728 1116 γενήσεται
3767 1046 3827 1101 δν

2242 1134 2546 1203 συνήγαγον
2593 1134 2824 1199 ἀδίκως.
2885 1134 2903 1200 (
2921 1151 2974 1207 p.
3019 1136 3158 1207 392)
3208 1138 3397 1211 ἐπειδὴ
3436 1140 3613 1194 ταῦτα
3652 1142 3829 1196 πάντα

2241 1222 2383 1276 κατά
2412 1222 2504 1276 τὸν
2552 1225 2743 1297 καιρὸν
2791 1228 2998 1281 ἐκεῖνον
3046 1228 3275 1301 δεύτερα
3326 1230 3426 1301 τῆς
3460 1232 3634 1303 ὀργῆς
3674 1232 3830 1287 ἔσται

2238 1313 2339 1383 τῆς
2385 1314 2571 1382 θείας,
2624 1315 2659 1387 ἢ
2696 1318 2871 1390 πυρὸς
2898 1320 3056 1391 δίκην
3097 1323 3278 1377 πᾶσαν
3310 1324 3409 1394 μὲν
3447 1323 3830 1379 καταναλώσει

2240 1404 2341 1477 τὴν
2371 1407 2506 1478 γῆν,
2544 1408 2759 1474 πάντας
2800 1410 2859 1465 δὲ
2915 1414 3042 1477 τοὺς
3083 1414 3427 1480 ἐνοικοῦντας
3469 1415 3639 1487 αὐτὴν
3692 1415 3833 1487 μετά

555 1499 748 1554 πολλοῦ
773 1515 837 1566 γε
862 1496 1116 1551 ἀπολέσει
1140 1494 1234 1548 τοῦ
1262 1495 1481 1564 τάχους.
1519 1488 1651 1547 Εἶτα
1692 1493 1829 1564 μετά
1859 1493 1960 1564 τὴν
1997 1496 2227 1563 μήνυσιν
2260 1494 2369 1547 τῶν
2401 1495 2587 1550 κακῶν
2606 1537 2621 1561 ,
2656 1497 2941 1564 εὐέλπιδας
2967 1502 3164 1565 αὐτοὺς
3196 1502 3379 1567 καθὼς
3406 1502 3599 1557 εἴωθεν
3640 1502 3671 1556 δ
3696 1519 3834 1576 προ-

555 1595 730 1665 φήτης
759 1589 948 1655 ποιῶν,
976 1588 1169 1656 ἐπάγει
1200 1594 1216 1612 ’

1221 1674 1376 1733 CAP.
1405 1675 1470 1730 ll.

2892 1683 3049 1738 ΚΕΦ.
3092 1684 3166 1736 B'.

626 1772 791 1828 Vens.
820 1772 931 1826 1-5.
966 1799 1031 1812 --
1078 1788 1098 1822 ι
1126 1766 1573 1839 Congregamini,
1626 1764 1904 1835 simulque
1960 1772 2140 1826 orate.

2311 1770 2457 1842 Στίχ.
2493 1771 2639 1838 α’-γ’.
2688 1801 2758 1813 --
2804 1792 2823 1824 ι
2857 1773 3167 1847 Συνάχθητε
3232 1776 3324 1829 καὶ
3380 1775 3729 1848 συνδεήθητε,
3766 1783 3831 1837 τὸ

550 1881 686 1938 gens
712 1862 1010 1924 inerudita,
1043 1868 1340 1931 antequam
1388 1858 1534 1913 ﬁatis
1568 1866 1626 1912 ut
1652 1855 1752 1913 llos
1768 1856 2144 1927 pertransiens

2247 1858 2394 1922 ἔθνος
2414 1859 2475 1913 τὸ
2495 1860 2819 1917 ἀπαίδευτον
2842 1863 2949 1934 πρὸ
2974 1862 3067 1918 τοῦ
3096 1863 3349 1934 γενέσθαι
3381 1865 3528 1936 ὑμᾶς
3554 1865 3631 1928 ὡς
3670 1865 3831 1930 άνθος

519 1956 804 2019 ιόὶιιηιυε,
863 1960 1156 2020 antequam
1201 1947 1384 2003 veniat
1424 1961 1593 2017 super
1649 1960 1748 2001 vos
1790 1947 1869 1999 ira
1934 1943 2145 2000 furoris

2247 1951 2773 2023 παραπορευόμενον
2797 1954 3030 2024 ἡμέρας,
3058 1955 3165 2026 πρὸ
3184 1955 3278 2009 τοῦ
3300 1955 3549 2010 ἐπελθεῖν
3574 1957 3658 2025 ἐφ’
3684 1957 3830 2027 ὑμᾶς

552 2040 788 2096 Domini.
831 2058 850 2091 ι
896 2037 1092 2109 Agesis
1123 2034 1291 2100 enim,
1320 2048 1514 2089 omnes
1543 2032 1639 2102 qui
1673 2032 1947 2087 hactenus
1978 2032 2140 2087 ollicii

2247 2042 2412 2114 ὀργὴν
2445 2042 2620 2115 θυμοῦ
2654 2045 2881 2116 Κυρίου.
2925 2064 2947 2098 ι
2999 2046 3158 2101 Ἀλλὰ
3187 2048 3295 2120 γὰρ
3326 2050 3571 2114 ’ὅπαντες
3600 2051 3755 2121 ὑμεῖς
3777 2049 3829 2103 ei

552 2130 721 2186 vestri
743 2128 1096 2199 disciplinam
1119 2139 1230 2180 non
1271 2122 1601 2193 excepistis,
1638 2135 1788 2174 nunc
1812 2121 2142 2191 congregati

2249 2130 2411 2203 μέχρι
2453 2130 2549 2185 τοῦ
2572 2131 2731 2204 δεῦρο
2774 2132 2872 2204 τὴν
2902 2133 3011 2190 τῶν
3040 2136 3426 2207 προσηκόντων
3455 2137 3517 2190 οὐ
3545 2137 3830 2209 δεξάμενοι

552 2235 873 2277 communes
893 2218 1003 2275 Deo
1025 2231 1219 2288 preces
1239 2215 1503 2278 extollite,
1537 2230 1605 2269 ne
1635 2212 1776 2268 forte
1797 2211 1949 2268 ﬂoris
1967 2212 2145 2267 instar

551 2321 776 2384 repente
798 2309 1213 2369 marcescentis.
1235 2321 1550 2378 supremum
1575 2305 1804 2362 exitium
1833 2305 2141 2375 patiamini,

562 2412 675 2455 tota
706 2402 761 2454 in
787 2415 887 2453 vos
919 2399 1162 2452 irruente
1179 2396 1364 2451 divina
1395 2395 1496 2448 ira.
1523 2413 1541 2445 ι
1568 2394 1808 2461 Quaerite
1828 2393 2145 2461 Dominum,

534 2494 735 2549 .euucti
766 2492 1004 2547 humiles
1046 2499 1225 2546 terrae.
1262 2507 1282 2540 ι
1315 2486 1427 2543 Vos
1448 2486 1543 2557 qui
1586 2502 1699 2557 pra:
1737 2484 1951 2541 caeteris
1987 2492 2146 2540 terrae

554 2587 792 2650 incolis,
852 2581 1265 2639 calamitatibus
1320 2580 1546 2636 inﬂictis
1595 2579 1869 2635 humiliati
1933 2578 2142 2645 fuistis,

553 2689 702 2729 nunc
731 2679 1012 2742 resumpto
1031 2684 1175 2725 verae
1206 2668 1432 2741 pietatis
1458 2668 1666 2732 studio,
1702 2665 2146 2722 misericordiam

553 2766 845 2839 implorate
878 2763 1142 2819 divinam.
1185 2779 1204 2813 ι
1240 2759 1515 2816 Judicium
1563 2758 1867 2830 operamini
1898 2766 1953 2815 et
1979 2758 2149 2828 justi-

532 2861 688 2914 tiam
739 2857 988 2929 quaerite.
1022 2875 1041 2909 ι
1086 2852 1245 2911 Nunc
1270 2853 1403 2909 facti
1439 2852 1576 2923 justi
1608 2851 1806 2907 debita:
1838 2850 2146 2907 honestatis

553 2951 793 3021 judices,
833 2948 1327 3015 discernentesque
1354 2958 1385 2998 a
1410 2942 1689 2999 deteriore
1720 2941 1943 3006 melius,
1979 2941 2147 3012 justi-

558 3041 647 3093 tiae
658 3038 783 3092 date
799 3050 1045 3107 Operam.
1067 3031 1337 3099 «Quaerite
1351 3029 1830 3085 mansuetudinem
1848 3037 1904 3105 et
1923 3044 2151 3099 respon-

558 3124 683 3180 dete
712 3139 798 3191 ea,
818 3118 1255 3193 utprotegamini
1286 3118 1341 3172 in
1372 3116 1460 3172 die
1490 3116 1586 3172 ira:
1600 3114 1836 3171 Domini.
1855 3136 1872 3169 ι
1892 3113 2148 3171 Mansue-

558 3215 804 3271 tudinem
823 3214 1009 3284 eligite
1026 3218 1081 3267 et
1102 3208 1445 3282 patientiam,
1474 3222 1636 3264 secus
1666 3222 1731 3263 ac
1752 3208 1880 3262 olim
1935 3206 2152 3278 injustae

546 3318 864 3377 pauperum
891 3298 1234 3373 oppressioni
1264 3313 1487 3370 operam
1518 3296 1785 3354 dedistis:
1816 3296 1986 3368 258
2017 3296 2150 3368 quin

2246 2222 2520 2290 παιδείαν,
2561 2224 2658 2278 νῦν
2689 2224 2820 2295 γοῦν
2866 2226 3210 2293 συνελθόντες
3228 2269 3244 2294 ,
3268 2228 3453 2293 κοινὰς
3484 2228 3585 2293 τάς
3612 2229 3832 2301 δεήσεις

2245 2314 2323 2386 τῷ
2346 2315 2466 2387 Θεῷ
2494 2318 2874 2388 προσαγάγετε
2894 2359 2909 2385 ,
2941 2318 3017 2382 ὡς
3042 2318 3109 2373 ἂν
3131 2326 3203 2398 μὴ
3234 2318 3390 2390 δίκην
3412 2319 3606 2385 ἄνθους
3634 2321 3835 2395 ἀθρόον

2246 2402 2637 2471 ἀφανισθέντος
2690 2405 2935 2477 παντελῆ
2998 2406 3096 2478 τὴν
3140 2405 3415 2460 ἀπώλειαν
3461 2409 3792 2481 ὑπομείνητε
3815 2450 3830 2475 ,

2245 2492 2525 2559 ὁλοτελοῦς
2563 2497 2648 2566 ἐφ’
2678 2497 2822 2566 ὑμᾶς
2867 2496 3183 2567 ἐνεχθείσης
3208 2498 3310 2569 τῆς
3337 2500 3507 2571 ὀργῆς
3532 2500 3634 2571 τῆς
3654 2503 3828 2564 θείας.

2255 2603 2273 2637 ι
2308 2587 2585 2656 Ζητήσατε
2616 2587 2707 2640 τὸν
2738 2587 2966 2660 Κύριον,
3001 2588 3204 2653 πάντες
3232 2592 3478 2645 ταπεινοὶ
3510 2592 3630 2662 γῆς.
3665 2613 3685 2646 ι
3720 2594 3836 2649 Καὶ

2248 2677 2295 2728 oi
2328 2675 2479 2745 παρά
2514 2676 2723 2740 πάντας
2746 2678 2871 2740 τοὺς
2897 2678 2997 2750 τὴν
3030 2678 3137 2750 γῆν
3169 2679 3455 2745 οἰκοῦντας
3486 2684 3607 2746 ταῖς
3641 2683 3834 2736 ἐπενε-

2250 2767 2493 2837 χθείσαις
2527 2769 2654 2837 ὐμῖν
2703 2774 3008 2842 συμφοραῖς
3043 2771 3532 2843 τεταπεινωμένοι,
3562 2775 3833 2848 ἐπιμελη-

2251 2853 2437 2917 θέντες
2466 2855 2566 2923 τῆς
2607 2856 2909 2922 εὐσεϐείας,
2938 2857 3029 2911 τὸν
3061 2858 3210 2912 ἔλεον
3261 2861 3522 2931 αίτήσατε
3551 2860 3641 2915 τὸν
3663 2864 3828 2917 θεῖον.

2257 2962 2275 2994 ε
2314 2944 2502 3014 Κρῖμα
2551 2945 2859 3015 ἑργάσασθε
3062 2936 3337 3020 ζητήσατε
3387 2949 3755 3021 δικαιοσύνην.
3807 2970 3827 3005 ι

2251 3036 2366 3089 Νῦν
2397 3035 2548 3107 ὀρθοὶ
2577 3037 2671 3091 τοῦ
2720 3039 3090 3110 προσήκοντος
3138 3041 3421 3113 γενόμενοι
3454 3043 3674 3114 κριταὶ,
3733 3043 3835 3097 καὶ

2252 3126 2619 3197 διακρίνοντες
2643 3129 2709 3182 ὲκ
2741 3128 2835 3183 τοῦ
2858 3129 3102 3203 χείρονος
3127 3131 3188 3185 τὸ
3208 3134 3457 3204 κρεῖττον
3478 3132 3834 3203 ἐπιμελεῖσθε

2246 3206 2340 3261 τοῦ
2352 3208 2581 3265 δικαίου.
2600 3213 2677 3281 (p.
2700 3212 2830 3285 595)
2851 3231 2871 3264 ι
2892 3215 3173 3287 Ζητήσατε
3193 3214 3476 3285 πραότητα
3486 3215 3580 3269 καὶ
3602 3215 3834 3287 ἀποκρί-

2247 3297 2403 3352 νεσθε
2435 3299 2596 3367 αὐτὰ,
2629 3301 2777 3366 ὅπως
2815 3303 3161 3373 σκεπασθῆτε
3205 3306 3265 3357 ὲν
3304 3304 3488 3377 ἡμέρᾳ
3509 3306 3684 3377 ὀργῆς
3717 3307 3836 3360 Κυ-

560 3397 699 3453 adeo
728 3390 1016 3467 spondete,
1034 3406 1249 3448 morum
1271 3392 1467 3449 horum
1488 3389 1604 3446 fore
1642 3404 1741 3449 vos
1772 3390 2070 3445 studiosos:
2096 3388 2145 3443 id

2252 3389 2391 3460 ρίου.
2423 3409 2442 3443 ι
2491 3392 2825 3449 Ἐπιείκειαν
2858 3394 3045 3449 ἕλεσθε
3079 3396 3173 3449 καὶ
3208 3394 3580 3461 ἀνεξικακίαν,
3607 3395 3724 3450 ἀνθ’
3762 3392 3835 3469 ἦς

560 3488 706 3544 enim
723 3486 1095 3554 valetdictio,c
1108 3485 1519 3557 Bespondeteea
1534 3492 1648 3551 put
1658 3490 1902 3554 tempore
1922 3480 2147 3553 punitio-

2249 3482 2515 3554 πρότερον
2541 3484 2684 3539 κατά
2700 3485 2809 3539 τῶν
2838 3486 3179 3558 πενεστέρων
3204 3487 3561 3558 ὲπετηδεύετε
3595 3487 3834 3554 ἀδικίας,

560 3579 650 3634 nis
673 3572 1092 3647 consequamini
1126 3570 1363 3641 aliquam
1378 3585 1409 3625 a
1428 3564 1536 3626 Deo
1548 3585 1727 3641 opem.
1749 3569 1943 3627 Postea
1962 3573 2147 3626 recitat

2250 3575 2345 3630 καὶ
2373 3575 2438 3648 δὴ
2462 3575 2721 3631 σύνθεσθε
2751 3578 2879 3650 περὶ
2889 3577 2988 3650 τὴν
3000 3579 3207 3633 τούτων
3224 3579 3369 3650 ἔχειν
3392 3580 3627 3650 σπουδήν
3647 3580 3839 3636 ’τοῦτο

561 3668 877 3725 iul‘erendas
903 3662 1228 3737 alienigenis
1253 3662 1666 3733 castigationes,
1686 3669 1912 3732 propter
1931 3662 2147 3717 illorum

2250 3666 2361 3739 γὰρ
2386 3667 2536 3737 λέγει
2554 3668 2634 3734 τὸ,
2666 3687 2687 3721 ι
2717 3670 2829 3723 Καὶ
2851 3669 3215 3741 ἀποκρίνεσθε
3237 3671 3397 3734 αὐτὰ,
3428 3691 3446 3724 ι
3471 3673 3546 3736 ὡς
3574 3671 3640 3727 ἂν
3662 3689 3838 3744 προσ-

562 3763 825 3817 adversus
874 3756 1154 3814 lsraelitas
1215 3755 1582 3827 iniquitatem,
1643 3760 1704 3808 ut
1756 3754 1838 3808 sic
1888 3754 2147 3823 majorem

2249 3758 2460 3826 γένοιτο
2484 3759 2703 3830 ὑμῖνκὲν
2738 3758 2816 3830 τῷ
2847 3759 3027 3831 καιρῷ
3055 3760 3155 3831 τῆς
3185 3763 3458 3834 τιμωρίας
3482 3767 3664 3835 τυχεῖν
3684 3781 3836 3829 τινος

565 3853 659 3909 Dci
690 3867 818 3923 erga
850 3849 952 3906 hos
976 3848 1201 3903 tutelam
1238 3847 1596 3903 demonstret.

2250 3844 2403 3916 παρά
2448 3846 2543 3899 τοῦ
2581 3846 2719 3901 Θεοῦ
2765 3848 3044 3919 βοηθείας.
3082 3845 3215 3904 Εἶτα
3243 3849 3391 3918 λέγει
3418 3848 3518 3913 τάς
3543 3849 3685 3904 κατά
3724 3849 3836 3901 τῶν

565 3943 858 4013 ἀλλοτρίων
901 3937 1170 4011 τιμωρίας
1232 3938 1373 4010 ὑπὲρ
1425 3935 1523 4009 τῆς
1568 3938 1648 4000 είς
1682 3937 1879 4001 αὐτοὺς
1930 3938 2144 4007 ἀδικίας
2187 3938 2489 4025 ἐπάγεσθαι
2521 3942 2820 4012 μελλούσας
2841 3943 2917 4007 ὡς
2941 3941 3009 3997 ἂν
3041 3941 3263 4013 μείζονα
3315 3942 3416 4012 τῆς
3459 3942 3589 4013 περὶ
3636 3943 3837 4005 αὐτοὺς

538 4035 890 4109 κηδεμονίας
917 4033 1011 4087 τοῦ
1039 4032 1173 4087 Θεοῦ
1200 4034 1485 4103 ποιήσαιτο
1515 4031 1613 4103 τὴν
1639 4031 1929 4098 ἀπόδειξιν.

644 4126 805 4183 Vsus.
842 4126 957 4182 ι-θ.
1001 4150 1057 4167 --
1084 4144 1108 4177 l
1143 4126 1280 4193 Quia
1309 4125 1456 4182 Gaza
1487 4129 1800 4199 diripietur,
1830 4137 1886 4185 et
1916 4130 2150 4186 Ascalon

562 4222 620 4278 in
652 4220 1073 4287 desolationem,
1110 4228 1166 4275 et
1198 4219 1403 4276 Azotus
1432 4220 1662 4276 meridie
1721 4220 2065 4292 projicietur,
2100 4233 2153 4278 et

569 4317 816 4370 Accaron
847 4311 1239 4369 eradicabitur.
1277 4333 1297 4368 ι
1322 4313 1657 4385 Alienigena:
1686 4329 1904 4379 omnes,
1929 4323 2152 4385 propter

563 4421 624 4461 ca
651 4420 771 4475 quae
793 4408 1059 4459 adversus
1110 4420 1210 4461 vos
1246 4415 1496 4476 egerunt,
1549 4420 1656 4460 non
1696 4405 1918 4475 vulgare
1941 4403 2153 4474 suppli-

565 4501 709 4555 cium
769 4498 1065 4570 perferent.
1123 4496 1242 4553 Jam
1278 4517 1295 4550 ι
1328 4498 1577 4564 meridie,
1618 4518 1636 4550 ι
1683 4512 1979 4553 commune
2027 4498 2153 4552 aliis

563 4590 910 4652 vocabulum,
936 4589 1069 4644 dicit
1093 4603 1212 4659 prp,
1245 4588 1555 4653 manifeste,
1581 4590 1654 4644 ita
1681 4597 1743 4643 ut-
1769 4605 1858 4645 res
1881 4589 2153 4644 neminem

2319 4131 2467 4202 Στίχ.
2502 4130 2649 4197 δ’-ς’.
2692 4163 2761 4173 --
2796 4151 2814 4183 ι
2855 4133 3001 4186 Διότι
3050 4132 3200 4199 Γάζα
3236 4134 3616 4206 διηρπασμένη
3658 4132 3835 4191 ἔσται,

2249 4225 2343 4278 καὶ
2388 4222 2667 4277 Ἀσκάλων
2715 4225 2794 4286 είς
2826 4222 3168 4295 ἀφανισμὸν,
3194 4207 3306 4278 ’καὶ
3347 4223 3589 4288 Ἄζωτος
3619 4238 3837 4293 μεσημ-

2248 4314 2408 4386 ϐρίας
2442 4314 2822 4385 ὲκριφήσεται,
2868 4312 2963 4366 καὶ
3001 4312 3286 4383 Ἀκκαρὼν
3319 4312 3771 4384 ἐκμζωθήσεται.
3810 4331 3833 4365 ›

2250 4405 2457 4469 Πάντες
2474 4403 2587 4475 γὰρ
2653 4406 2703 4458 oi
2757 4402 3075 4473 ἀλλόφυλοι,
3117 4404 3256 4475 ὑπὲρ
3296 4397 3371 4459 ὧν
3406 4403 3526 4457 καθ’
3557 4402 3713 4475 ὑμῶν
3738 4419 3839 4456 πε-

2251 4495 2544 4565 ποιήκασι,
2591 4496 2865 4567 τιμωρίαν
2909 4494 3153 4563 δέξονται
3206 4496 3267 4548 οὐ
3302 4494 3400 4566 τὴν
3428 4494 3732 4565 τυχοῦσαν·
3774 4496 3839 4549 τὸ

2251 4585 2362 4657 γὰρ
2415 4604 2434 4638 ι
2488 4585 2839 4658 μεσημβρίας
2885 4604 2903 4638 ι
2949 4585 3093 4640 κατά
3141 4585 3324 4643 κοινοῦ
3379 4586 3527 4655 λέγει
3570 4586 3693 4641 ἀντὶ
3715 4585 3834 4650 τοῦ,

532 4681 732 4734 -‘liteat
779 4697 792 4736 :
837 4696 960 4735 nam
1005 4695 1125 4750 qum
1166 4681 1234 4735 de
1280 4680 1513 4750 singulis
1555 4681 1687 4735 dicit
1729 4680 1989 4745 urbibus,
2041 4679 2147 4734 sive

2254 4676 2540 4750 προδήλως
2563 4716 2577 4741 ,
2627 4677 2703 4740 ὼς
2748 4677 2958 4749 μηθένα
2990 4678 3053 4732 τὸ
3081 4679 3365 4749 γινόμενον
3403 4676 3615 4732 λαθεῖν·
3649 4677 3687 4733 ἃ
3728 4679 3839 4751 γὰρ

566 4770 735 4829 Gaza.
774 4771 903 4825 sive
925 4770 1216 4835 Ascalone,
1247 4770 1363 4826 sive
1403 4772 1650 4841 reliquis,
1690 4770 2056 4827 eorttuiunitcr
2089 4770 2147 4823 de

2256 4771 2384 4842 περὶ
2418 4770 2656 4840 ἑκάστης
2687 4769 2836 4838 λέγει
2864 4770 2973 4824 τῶν
3016 4771 3225 4825 πόλεων
3244 4811 3258 4836 ,
3292 4769 3348 4823 εί
3372 4786 3432 4823 τε
3460 4768 3658 4842 Γάζης,
3698 4771 3751 4824 εί
3776 4787 3839 4824 τε

565 4861 824 4916 omnibus
856 4860 1013 4927 dicit,
1030 4860 1143 4916 {etsi
1176 4859 1351 4916 diviso
1406 4876 1694 4927 sermone,
1734 4869 1793 4915 ut
1822 4860 1986 4917 solet.
2030 4858 2147 4913 Vult

2271 4860 2642 4924 Ἀσκάλωνος,
2697 4861 2830 4915 εἴτε
2866 4862 2976 4916 τῶν
3020 4862 3254 4928 λοιπῶν,
3298 4862 3439 4917 κατὰ
3474 4861 3653 4917 κοινοῦ
3706 4863 3839 4935 περὶ

564 4953 715 5010 enim
744 4951 927 5008 dicere
957 4960 1187 5008 cunctas
1216 4953 1648 5024 alienigenarum
1683 4956 1852 5010 urbes
1883 4953 2147 5021 direptum

2259 4952 2451 5006 πασῶν
2490 4952 2636 5021 λέγει
2688 4954 2883 5009 διελὼν
2910 4954 2988 5025 τῷ
3034 4954 3209 5026 λόγῳ,
3243 4952 3428 5017 καθὼς
3477 4953 3660 5010 εἴωθε.
3703 4953 3842 5006 Βού-

558 5048 1017 5118 destructumque
1044 5046 1135 5113 iri,
1164 5055 1223 5103 et
1252 5047 1403 5103 omni
1431 5062 1537 5103 sua
1559 5048 1892 5117 proprietate
1911 5044 2147 5115 deiectas

2256 5044 2407 5097 λεται
2432 5042 2542 5114 γὰρ
2569 5046 2747 5099 εἰπεῖν
2774 5046 2857 5100 ὅτι
2891 5046 3065 5100 nam
3090 5043 3201 5097 τῶν
3231 5043 3547 5113 ἀλλοφύλων
3570 5045 3626 5097 al
3653 5043 3842 5108 πόλεις

569 5152 889 5208 supremum
920 5136 1195 5194 excidium
1231 5151 1513 5208 passurae.
1567 5155 1585 5187 ι
1627 5135 1717 5191 Vat
1746 5136 1849 5206 qui
1891 5135 2147 5190 habitatis

2255 5134 2721 5206 διαρπαγήσονταί
2793 5152 2854 5189 τε
2904 5135 3001 5189 καὶ
3049 5132 3541 5206 ἀφανισθήσονται,
3593 5133 3689 5187 καὶ
3734 5122 3839 5205 τῆς

549 5230 874 5285 funiculum
892 5229 1081 5291 maris,
1104 5231 1326 5285 advena;
1346 5227 1656 5285 Cretenses!
1678 5226 1913 5283 Verbum
1938 5227 2147 5281 Domini

2250 5222 2458 5286 οἰκείας
2478 5224 2783 5296 εὐπραγίας
2798 5227 3192 5298 άπορριφεϊσαι
3214 5226 3449 5297 παντελῆ
3465 5225 3706 5293 δέξονται
3725 5225 3829 5297 τὴν

552 5336 883 5392 supervos,
906 5321 1169 5377 Chanaan
1203 5330 1351 5378 terra
1374 5320 1698 5375 alienorum.
1721 5318 1786 5373 Et
1807 5319 2031 5390 perdam
2054 5334 2147 5374 vos

2247 5313 2541 5371 ἀπώλειαν.
2592 5336 2610 5368 ι
2648 5319 2785 5372 Οὐαὶ
2818 5318 2870 5371 οἱ
2908 5317 3288 5383 κατοικοῦντες
3319 5317 3380 5372 τὺ
3413 5318 3701 5390 σχοινισμα
3726 5319 3831 5389 τῆς

560 5413 638 5467 de
656 5413 1016 5471 habitatione.
1038 5413 1106 5469 Et
1117 5414 1223 5470 erit
1238 5414 1407 5469 Creta
1424 5427 1627 5483 pascua
1651 5426 1901 5484 gregum,
1923 5421 1977 5467 et
2008 5411 2153 5467 ovile

568 5518 854 5573 pecorum.
896 5524 915 5557 ι
953 5504 1091 5572 Quia
1145 5504 1434 5560 maritima:
1475 5504 1641 5561 urbes
1676 5503 1784 5559 illa;
1820 5512 2000 5567 erant,
2031 5503 2152 5558 idco

572 5593 879 5649 funiculum
905 5598 1073 5653 maris
1094 5612 1189 5654 eas
1217 5597 1531 5668 appellavit,
1561 5597 1707 5654 sicut
1735 5598 1901 5653 etiam
1961 5597 2153 5651 beatus

576 5683 743 5741 David
768 5689 843 5742 ait
878 5688 965 5744 his
996 5688 1179 5744 verbis
1206 5705 1219 5741 :
1254 5707 1272 5740 ι
1304 5688 1455 5746 Dabo
1484 5690 1583 5748 tibi
1625 5688 1827 5746 tbrram
1858 5688 2150 5755 Chanaan,

577 5775 887 5833 funiculum
919 5778 1253 5838 hazreditatis
1291 5792 1489 5840 vestrae
1511 5783 1557 5817 ³⁸
1588 5801 1603 5841 :
1633 5800 1653 5834 ι
1679 5794 1931 5855 proeout
1958 5782 2106 5839 dicat
2136 5796 2152 5835 :

648 5889 693 5919 "
724 5886 865 5946 Psal.
894 5906 1003 5959 civ,
1046 5890 1132 5944 Η.

2250 5404 2547 5478 θαλάσσης,
2570 5408 2821 5477 πάροικοι
2838 5407 3072 5478 Κρητῶν
3095 5425 3110 5439 ”
3143 5409 3305 5477 λόγος
3322 5406 3530 5481 Κυρίου
3554 5411 3638 5480 ἐφ’
3659 5411 3829 5481 ὑμᾶς.

2249 5499 2472 5552 Χαναὰν
2510 5499 2580 5569 γῆ
2625 5499 2933 5568 ἀλλοφύλων
2954 5517 2968 5531 ο
3004 5499 3100 5553 καὶ
3139 5499 3328 5554 ἀπολῶ
3361 5501 3507 5572 ὑμᾶς
3549 5503 3615 5555 ὲκ
3649 5518 3835 5556 κατοι-

2250 5591 2405 5656 κίαςο
2443 5592 2537 5645 καὶ
2565 5588 2717 5644 ἔσται
2759 5590 2947 5663 Κρήτη
2991 5590 3139 5663 νομὴ
3166 5591 3451 5663 ποιμνίων,
3480 5594 3575 5649 καὶ
3620 5594 3833 5666 μάνδρα

2252 5684 2562 5756 προϐάτων.
2596 5703 2615 5734 ι
2650 5684 2734 5755 (p..
2771 5682 2899 5755 394)
2953 5682 3169 5755 Ἐπειδὴ
3202 5685 3505 5756 παραλίους
3554 5681 3698 5740 εἶναι
3730 5686 3836 5749 τὰς

2255 5777 2440 5840 πόλεις
2491 5774 2805 5838 συνάδαινε,
2857 5773 3147 5846 σχοίνισμα
3192 5773 3471 5846 θαλάσσης
3518 5773 3689 5837 αὐτάς
3734 5773 3833 5827 κι-
