4118 6470
259 457 376 514 £81

1276 456 1840 515 COMMENTARIUS
1869 456 1938 512 IN
1972 456 2347 514 'SOPHONl/E
2377 456 2532 514 CAP.
2574 454 2643 511 li.

3466 452 3574 513 £62

263 579 518 649 κληκεν,
553 580 631 643 ὡς
676 580 704 632 6
753 579 1024 650 μακάριος
1073 578 1221 648 λέγει
1265 579 1430 636 Δαυὶδ
1467 579 1675 649 λέγων’
1744 597 1761 630 ι
1799 578 1891 631 Σοὶ

2013 577 2339 634 θοι-»δεδεῖοηί
2354 584 2549 631 vestra:
2564 572 3253 631 addieameananacorum
3273 572 3576 644 regionem,

263 669 448 725 δώσω
521 673 622 742 τὴν
680 672 785 742 γῆν
837 671 1097 738 Χαναὰν,
1171 671 1463 741 σχοίνισμα
1521 669 1883 742 κληρονομίας

267 762 472 832 ὑμῶν·
521 783 537 813 ι
573 763 660 816 ἵνα
694 764 849 834 εἴπῃ,
902 763 984 816 ὅτι
1013 763 1107 826 Εἰς
1153 762 1345 833 κτῆσιν
1391 762 1520 832 ύμῖν
1549 759 1761 831 ἀφοριῶ
1788 758 1887 830 τὴν

266 851 620 910 Χαναναίων
654 854 781 925 γῆν,
813 855 879 908 ἐκ
902 855 1222 925 μεταφορᾶς
1244 853 1353 905 τῶν
1391 852 1589 923 σχοίνῳ
1624 850 1887 922 μετρούν-

268 965 397 1001 των
419 946 538 999 τῶν
562 965 621 1000 τε
640 946 989 1018 διοριζόντων
1006 945 1105 1017 τὴν
1129 946 1253 1017 γῆν.
1284 943 1472 1008 Οὕτως
1493 940 1585 997 οὖν
1608 941 1889 997 κάνταῦθα

270 1036 441 1105 λέγει
487 1055 508 1089 ι
548 1037 610 1090 τὸ
656 1036 951 1108 σχοίνισμα
982 1036 1081 1106 τῆς
1114 1036 1424 1106 Θαλάσσης,
1466 1055 1484 1087 ι
1514 1032 1753 1089 άντίτοῦ
1778 1073 1792 1095 ,
1826 1034 1890 1089 Οἱ

268 1131 384 1200 τὴν
432 1128 879 1201 παραθαλάττιον
927 1127 1201 1192 οἰκοῦντες
1232 1129 1444 1201 μερίδα.
1491 1128 1564 1181 Τὸ
1591 1127 1647 1179 δὲ
1683 1145 1700 1176 ι
1745 1125 1890 1195 πάρ-

273 1238 433 1277 οικοι
463 1219 705 1293 Κρητῶν
742 1240 761 1273 ι
793 1219 944 1288 λέγει
967 1260 981 1283 ,
1015 1219 1203 1290 ἐπειδὴ
1249 1237 1393 1282 τινες
1420 1221 1481 1272 ἐκ
1513 1220 1741 1290 Κρήτης
1770 1218 1890 1273 κατ’

274 1312 576 1384 ἐμπορίαν
633 1313 826 1366 αὐτόθι
876 1312 1315 1385 παραγεγονότες
1362 1313 1441 1376 ὡς
1499 1314 1578 1376 εἰς
1637 1311 1907 1382 παραθαοι

276 1404 562 1465 λασσίους
626 1405 845 1471 πόλεις,
904 1407 1075 1460 οἰκεῖν
1120 1405 1324 1458 εἴλοντο
1367 1405 1497 1476 παρ’
1549 1406 1754 1467 αὐτοῖς.
1805 1404 1895 1468 Ὠς

279 1498 389 1551 καὶ
424 1495 584 1568 παρὰ
613 1495 693 1571 τῷ
735 1496 919 1568 ’Δμὼς
959 1496 1130 1565 λέγει’
1187 1516 1205 1547 ι
1249 1496 1558 1566 Κατακόᾴω
1609 1476 1782 1566 φυλὴν
1833 1491 1894 1559 ἐξ

279 1589 517 1660 ἀνδρῶν
563 1587 837 1662 Χαρρὰν,
877 1610 893 1640 ι
930 1590 1059 1660 περί
1098 1590 1207 1643 τῶν
1254 1589 1466 1643 ἐκεῖθεν
1515 1591 1581 1660 τῇ
1616 1585 1896 1659 Δαμασκῷ

278 1683 716 1755 παροικούντων
757 1683 962 1751 λέγων·
994 1682 1166 1746 οὕτως
1209 1683 1317 1755 γὰρ
1349 1683 1443 1735 καὶ
1475 1680 1712 1736 ἐνταῦθα
1751 1696 1897 1751 παρ-

276 1775 484 1839 οίκους
528 1774 765 1848 Κρητῶν
815 1777 1001 1840 καλεῖ,
1063 1776 1150 1829 ἵνα
1201 1777 1330 1847 εἴπῃ
1358 1776 1484 1838 τοὺς
1529 1776 1659 1846 παρ’
1707 1773 1893 1836 αὐτοῖς

1996 680 2215 739 sumpta
2245 668 2563 739 metaphora
2593 667 2663 721 ab
2682 667 2748 723 iis
2766 667 2857 737 qui
2888 665 3149 723 funiculis
3170 667 3474 722 metiuntur
3513 683 3577 723 ac

1995 760 2246 816 dividunt
2276 769 2471 816 terras.
2502 759 2580 815 Ita
2609 775 2753 814 nunc
2782 759 2947 813 etiam
2983 777 3001 809 ς
3038 757 3338 814 funiculum
3362 761 3529 815 maris
3554 782 3574 813 ι

1996 849 2151 913 dicit,
2178 863 2280 921 pro
2298 850 2586 904 maritimae
2600 843 2769 915 partis
2799 839 3015 903 incolis.
3031 845 3273 917 Denique
3291 866 3309 899 ι
3337 850 3577 906 advenas

1994 943 2285 999 Cretenses
2324 938 2661 1011 idieit,quia
2676 939 3010 995 nonnulliex
3042 941 3207 995 Creta
3254 949 3578 997 mercaturan

1998 1053 2163 1093 causa
2217 1038 2350 1094 illuc
2398 1034 2672 1107 progressi
2725 1040 2916 1105 utpote
2949 1032 3015 1088 ad
3050 1034 3216 1091 urbes
3251 1035 3577 1099 maritimas,

1999 1130 2074 1185 ibi
2113 1131 2362 1184 habitare
2397 1129 2729 1183 maluerunt.
2762 1124 2916 1181 Sicut
2944 1126 3109 1180 etiam
3143 1126 3287 1197 apud
3317 1126 3580 1182 Amosqu

2000 1223 2204 1279 dicitur
2236 1242 2249 1277 :
2281 1240 2299 1273 ι
2340 1220 2639 1277 Coricidam
2673 1218 2873 1272 tribum
2904 1234 2970 1273 ex
3002 1218 3137 1272 viris
3165 1218 3414 1273 Cltarran
3443 1221 3513 1283 '9,
3559 1239 3578 1273 ι

2002 1316 2234 1386 loquens
2259 1314 2473 1370 scilicet
2499 1315 2565 1367 de
2598 1312 2745 1366 illius
2778 1312 3020 1382 regionis
3041 1313 3269 1369 advenis
3305 1314 3452 1369 circa
3477 1312 3584 1368 Da—

2004 1424 2252 1465 mascum
2282 1407 2676 1463 incolentibus.
2700 1406 2793 1459 Sic
2825 1420 2973 1460 nunc
2988 1422 3209 1476 quoque
3238 1406 3584 1463 Cretensium

2002 1500 2246 1556 advenas
2302 1499 2457 1563 dicit,
2493 1513 2590 1570 pro
2636 1514 2698 1553 ea
2737 1507 2890 1569 parte
2929 1497 3096 1569 259
3128 1499 3428 1554 incolarum
3467 1516 3591 1571 quae

2002 1592 2163 1648 Creta
2196 1599 2316 1647 erat
2348 1591 2607 1647 oriunda.
2635 1588 2765 1644 Vult
2790 1606 2924 1660 ergo
2952 1590 3137 1647 dicere
3168 1610 3182 1648 :
3214 1590 3590 1650 infelicissimi

2003 1682 2249 1738 omnium
2277 1676 2459 1734 cuncti
2475 1688 2596 1745 vos,
2614 1675 2706 1748 qui
2725 1679 3055 1735 maritimam
3074 1691 3288 1749 partem
3328 1680 3589 1738 habitatis

2004 1788 2127 1827 eum
2160 1771 2519 1829 Cretensibus
2541 1770 2788 1826 advenis.
2808 1769 3054 1826 Decrevit
3070 1781 3259 1828 contra
3279 1792 3376 1832 vos
3398 1788 3590 1837 omnes

279 1867 586 1932 οἰκοῦντας
631 1869 867 1941 Κρητῶν
890 1887 902 1899 ·
937 1867 1185 1939 βούλεται
1220 1863 1314 1921 οὖν
1366 1862 1543 1921 εἰπεῖν
1566 1859 1646 1919 ὅτι
1674 1860 1896 1919 Ἀθλιώ-

2013 1867 2171 1930 Deus,
2195 1882 2228 1921 o
2253 1865 2618 1921 Chananazam
2648 1865 2959 1922 habilantes
2985 1868 3325 1940 alienigenae.
3346 1872 3589 1943 perditi!»

279 1978 454 2013 τατοι
507 1963 749 2028 πάντων,
781 1963 981 2024 πάντες
1030 1962 1191 2031 ὑμεῖς
1236 1960 1287 2012 οἰ
1316 1959 1416 2032 τὴν
1458 1957 1898 2031 παραθαλάττιον

2013 1978 2123 2015 rum
2150 1976 2211 2016 se
2238 1976 2336 2015 vos
2353 1961 2602 2024 omnino,
2628 1976 2840 2015 necnon
2873 1977 2902 2015 a
2932 1961 3289 2019 Cretensibus
3320 1966 3463 2035 apud
3495 1984 3592 2024 vos

282 2053 586 2117 οἰκοῦντες
633 2054 851 2126 μερίδα,
877 2055 1017 2125 μετά
1050 2056 1143 2108 καὶ
1180 2053 1288 2109 τῶν
1320 2051 1727 2124 παροικούντων
1773 2052 1900 2121 ὑμῖν

2013 2055 2300 2110 rabitatam
2357 2055 2637 2125 regionem
2668 2053 2813 2124 (quae
2834 2070 3101 2125 pascuum
3136 2057 3224 2110 lict
3265 2073 3513 2129 gregarii,
3539 2073 3591 2112 rt

286 2146 584 2218 Κρητῶν·
641 2149 1024 2218 ἀποπέφανται
1080 2149 1191 2222 γάρ
1246 2148 1386 2202 κατά
1435 2148 1654 2202 πάντων
1685 2145 1840 2217 ὑμῶν
1871 2149 1900 2200 6

2013 2148 2167 2204 statio
2194 2147 2400 2217 ovium)
2440 2147 2493 2200 in
2527 2146 2883 2202 solitudinem
2915 2155 3127 2202 vastam
3164 2149 3392 2220 rediget.

285 2240 439 2306 Θεὸς
461 2239 577 2294 τῶν
603 2241 896 2298 οἰκούντων
916 2243 1015 2315 τὴν
1031 2241 1346 2299 Χαναναίαν
1375 2241 1689 2311 ἀλλοφύλων
1705 2258 1717 2271 ·
1749 2242 1832 2295 ὅτι
1862 2243 2006 2313 ὑμᾶς
2032 2260 2092 2296 τε
2121 2242 2375 2297 ἀπολέσει
2400 2241 2706 2306 παντελῶς,
2726 2243 2820 2297 καὶ
2847 2242 2944 2313 τὴν
2973 2243 3038 2297 ἐκ
3067 2243 3175 2297 τῶν
3204 2246 3440 2315 Κρητῶν
3462 2250 3592 2320 παρ’

288 2340 437 2410 ὑμῖν
462 2338 797 2411 οἰκουμένην
821 2338 1029 2411 χώραν,
1061 2341 1199 2411 νομή
1224 2357 1284 2397 τε
1305 2338 1569 2411 ποιμνίων
1603 2340 1697 2396 καὶ
1716 2338 1927 2411 οἴκησις
1951 2340 2239 2412 προὸάτων
2256 2380 2271 2403 ,
2317 2339 2405 2394 διά
2434 2339 2536 2410 τῆς
2573 2340 2813 2412 ἐρημίας
2851 2338 3163 2411 παραδώσει
3189 2342 3288 2411 τῆς
3323 2341 3547 2413 πολλῆς.

284 2512 295 2521 ,
364 2453 532 2525 Στίχ.
558 2451 701 2517 ζ’.--
727 2472 744 2505 ι
786 2454 897 2511 Καὶ
927 2453 1079 2508 ἔσται
1101 2454 1163 2508 τὸ
1189 2453 1478 2525 σχοίνισμα
1500 2454 1597 2523 τῆς
1631 2452 1908 2523 θαλάσσης

268 2544 423 2615 ’τοῖς
461 2549 819 2615 καταλοίποις
850 2549 1002 2605 οίκου
1061 2548 1227 2604 Ἰούδα
1246 2563 1260 2578 ⁸
1285 2548 1371 2603 ἐπ’
1402 2548 1599 2611 αὐτοὺς
1636 2547 1906 2617 νεμήσον-

287 2661 397 2700 ⁴ται
429 2645 491 2696 ἐν
523 2646 639 2707 τοῖς
679 2644 852 2706 οἴκοις
892 2643 1255 2706 Ἀσκάλωνος,
1306 2642 1488 2712 δείλης
1542 2640 1907 2695 καταλύσουσι

290 2738 420 2793 ἀπὸ
452 2736 750 2809 προσώπου
781 2736 891 2790 τῶν
919 2736 1051 2790 υἰῶν
1093 2736 1284 2802 Ἰούδα,
1319 2737 1401 2789 δτι
1426 2734 1767 2788 ἐπέσκεπται
1806 2734 1905 2785 αὑ-

290 2832 438 2893 τοὺς
458 2828 671 2900 Κύριος
698 2830 729 2883 ό
760 2828 894 2892 Θεὸς
926 2828 1251 2894 αὐτῶν,κα“ι
1282 2826 1594 2899 ἀπέστρεψε
1639 2826 1739 2896 τὴν
1790 2826 1911 2894 αἰχ..

298 2924 598 2998 μαλωσίαν
631 2923 834 2979 αὐτῶν.
872 2943 891 2975 ι
928 2924 1007 2995 (p.
1053 2922 1180 2994 595)
1209 2924 1272 2977 Oi
1310 2922 1419 2994 γὰρ
1460 2921 1910 2992 περισωξόμενοι,

296 3021 503 3093 φησὶν,
538 3021 603 3071 ἐκ
631 3018 733 3089 τῆς
756 3017 851 3071 τοῦ
885 3016 1056 3071 Ἰούδα
1079 3015 1274 3087 φυλῆς,
1304 3014 1485 3085 πάσης
1511 3013 1576 3084 δὴ
1600 3013 1699 3083 τῆς
1730 3026 1912 3082 παρα⁸

290 3110 608 3166 θαλαττίου
660 3108 953 3175 καθέξουσι
1006 3107 1241 3180 μερίδος,
1283 3105 1380 3159 καὶ
1418 3107 1599 3157 πᾶσαν
1643 3101 1814 3169 αὐτὴν
1840 3099 1915 3163 ὡς

2078 2453 2246 2509 Vens.
2289 2454 2343 2506 7.
2386 2483 2458 2493 —
2502 2472 2521 2504 ι
2551 2453 2615 2507 Et
2659 2453 2766 2507 erit
2816 2450 3100 2508 funiculus
3138 2454 3311 2509 maris
3369 2456 3597 2525 reliquis

2004 2547 2074 2601 de
2102 2547 2264 2601 domo
2292 2545 2448 2601 Iudae
2480 2565 2494 2601 :
2526 2560 2694 2615 super
2724 2545 2874 2615 ipsos
2905 2555 3208 2615 pascentur
3239 2547 3293 2601 in
3328 2546 3591 2605 domibus

2006 2636 2318 2699 Asealonis,
2352 2635 2418 2690 ad
2445 2649 2733 2706 vesperam
2765 2634 3113 2703 requiescent
3140 2634 3331 2690 afacie
3359 2637 3595 2692 filiorum

1961 2740 1968 2749 '
2005 2729 2178 2791 ludar,
2201 2728 2328 2798 quia
2353 2728 2538 2783 visilat
2558 2742 2657 2783 eos
2677 2725 2943 2781 Dominus
2962 2724 3105 2783 Deus
3127 2742 3339 2794 eorum,
3367 2736 3421 2784 et
3440 2744 3600 2786 aver.

2008 2823 2075 2875 tit
2104 2820 2477 2891 captivitatem
2510 2820 2772 2888 ipsorum.
2802 2837 2821 2869 ι
2851 2815 2987 2872 Nam
3015 2819 3109 2889 qui
3135 2821 3339 2875 servati
3372 2821 3598 2893 fuerint,

2010 2912 2211 2983 inquit,
2262 2912 2330 2967 de
2353 2910 2509 2967 Judae
2542 2910 2715 2974 tribu,
2762 2918 2929 2965 totam
2971 2911 3238 2967 tenebunt
3271 2913 3600 2977 maritimam

2015 3016 2247 3076 partem,
2280 3005 2541 3074 illamque
2574 3018 2792 3058 omnem
2843 3003 3004 3064 quasi
3042 3018 3201 3060 suam
3242 3005 3484 3062 incolent
3512 3021 3607 3062 re—

2012 3100 2228 3170 gionem
2265 3113 2441 3167 usque
2470 3097 2817 3151 Ascalonem.
2847 3093 2979 3149 Vult
3013 3105 3194 3152 autem
3223 3112 3287 3153 ex
3317 3113 3427 3152 una
3467 3114 3607 3153 cun.

292 3203 527 3258 οἰκείαν
559 3203 891 3274 νεμήσονται
929 3200 1137 3274 χώραν,
1169 3200 1310 3253 ὥστε
1343 3197 1471 3262 τοὺς
1498 3197 1599 3267 τῆς
1641 3193 1911 3248 Ἀσκάλω-

2018 3199 2136 3245 etas
2167 3188 2601 3259 alienigenarum
2638 3188 2803 3242 nrbes
2826 3186 3030 3251 dicere,
3059 3202 3215 3244 more
3242 3203 3346 3244 suo
3377 3205 3406 3243 a
3440 3198 3600 3262 parte

293 3311 423 3359 νος.
453 3257 719 3349 Βούλεται
765 3292 824 3347 δέ
856 3257 1091 3363 unum;
1124 3257 1231 3354 ’τὰς
1275 3290 1403 3352 ὅλας
1452 3257 1911 3352 τῶιλνὰλλοφύλων

2022 3291 2195 3337 totum
2241 3257 2594 3354 significans,
2638 3281 2900 3336 timentes
2931 3279 3171 3336 ﬁliorum
3203 3279 3358 3337 Jndm
3390 3257 3607 3339 fortitu-

297 3387 510 3451 πόλεις
546 3388 745 3453 εἰπεῖν,
776 3385 961 3450 καθὼς
1005 3384 1197 3440 εἴωθεν
1225 3383 1333 3437 ἀπὸ
1366 3382 1564 3453 μέρους
1587 3379 1646 3433 τὸ
1670 3377 1789 3431 ὅλον
1817 3392 1917 3429 κα-

286 3479 449 3545 λῶν,
483 3479 878 3551 ὑφορωμένους
904 3479 1016 3532 τῶν
1066 3479 1200 3534 υἰῶν
1251 3475 1417 3529 Ἰούδα
1440 3475 1542 3545 τὴν
1567 3473 1742 3542 ἰσχὺν,
1778 3468 1915 3541 μετὰ

297 3571 517 3627 πολλοῦ
547 3571 641 3627 τοῦ
674 3572 831 3637 δέους
856 3573 971 3634 τοῖς
996 3569 1218 3633 οἰκείοις
1249 3567 1458 3637 διάγειν
1478 3583 1491 3597 ·
1518 3564 1580 3618 τὸ
1611 3563 1739 3634 γὰρ,
1761 3580 1780 3613 ι
1805 3558 1916 3615 δεί-

298 3666 417 3738 λης
477 3662 889 3726 καταλύσουσι,
929 3681 948 3715 ι
1002 3662 1162 3717 τοῦτο
1209 3660 1378 3729 λέγει.
1427 3656 1650 3727 Ἐπειδὴ
1695 3652 1805 3725 γάρ
1855 3650 1916 3706 τὸ

306 3777 333 3814 ι
378 3757 742 3830 μεσημϐρίας
765 3778 784 3810 ι
817 3756 1042 3828 εἴληφεν
1071 3755 1165 3809 ἐπὶ
1195 3752 1289 3807 τοῦ
1322 3748 1637 3823 προφανῶς,
1667 3747 1730 3799 τὸ
1764 3764 1782 3796 ι
1809 3743 1917 3797 δεί-

298 3849 419 3924 λης
464 3869 487 3902 ι
520 3848 714 3903 ἔλασεν
748 3849 852 3902 ’ἐπὶ
887 3847 983 3901 τοῦ
1030 3846 1215 3909 δέους·
1250 3845 1326 3908 ὡς
1380 3841 1490 3896 τῶν
1538 3836 1910 3894 λανθανόντων

299 3942 638 4011 φευγόντων
665 3940 764 4012 μὲν
791 3940 881 3994 τὸν
902 3937 1164 4012 ἡμερινὸν
1190 3937 1404 4008 καιρὸν,
1442 3933 1535 3988 ἐπὶ
1564 3933 1622 3986 δὲ
1639 3932 1730 3985 τὸν
1752 3926 1913 3983 ἐσπέο

288 4048 436 4107 ’ριεν
456 4031 820 4103 κατατρέχειν
850 4029 1117 4083 εἰωθότων
1144 4028 1321 4082 ἐλπίδι
1355 4025 1449 4080 τοῦ
1486 4023 1691 4078 λαθεῖν.
1723 4019 1913 4074 Ταῦτα

2004 3373 2222 3438 ‘dinem,
2258 3373 2431 3427 multo
2459 3387 2583 3427 cum
2620 3386 2824 3442 pavore
2845 3370 2900 3425 in
2925 3372 3152 3444 proprio
3181 3374 3301 3429 solo
3323 3373 3605 3445 degentes.

2018 3466 2151 3521 Nam
2205 3465 2396 3527 dictio,
2430 3483 2450 3516 ι
2482 3463 2563 3519 Ad
2608 3478 2896 3533 vesperam
2950 3466 3353 3534 requiescentn
3395 3469 3498 3522 hoc
3536 3471 3613 3523 si.

2018 3554 2437 3628 gnilicat.Sieut
2469 3558 2616 3612 enim
2672 3575 2691 3608 ι
2721 3556 2953 3615 meridie
2977 3577 2998 3612 ι
3045 3573 3147 3628 pro
3186 3559 3499 3623 manifeste,
3534 3562 3610 3616 ita

2025 3662 2043 3695 ι
2068 3646 2389 3717 νεερθτπῐῑνι
2409 3658 2508 3715 pro
2525 3644 2930 3717 timorezquasi
2961 3649 2998 3703 ii
3034 3650 3126 3720 qui
3171 3651 3344 3705 latere
3383 3653 3612 3707 student

2024 3737 2287 3793 diurnum
2318 3747 2535 3808 tempus
2585 3739 2782 3803 vitent,
2810 3740 3126 3808 vespertino
3162 3750 3343 3795 autem
3393 3742 3614 3798 discur-

2024 3843 2145 3884 rere
2176 3829 2410 3892 soleant,
2443 3828 2691 3882 latitandi
2723 3844 2838 3901 spe.
2866 3827 3012 3893 Haec,
3058 3830 3258 3899 inquit,
3289 3842 3452 3886 erunt
3484 3850 3613 3888 cun:

2027 3922 2170 3978 Deus
2200 3920 2354 3977 Judae
2383 3921 2590 3976 tribum
2616 3921 2847 3976 visitans
2866 3930 3078 3978 avertet
3105 3938 3202 3979 eos
3228 3939 3260 3978 a
3292 3926 3614 3996 captivitate

2024 4023 2189 4083 atque
2215 4014 2270 4068 in
2305 4013 2541 4083 patriam
2565 4028 2762 4068 rursus
2794 4013 3005 4068 auxilio
3040 4029 3142 4071 suo
3168 4017 3450 4073 restituet.

297 4103 387 4192 δὲ,
431 4124 622 4195 φησὶν,
662 4123 837 4188 ἔσται,
875 4121 1096 4175 ἐπειδάν
1140 4118 1581 4189 ἐπισκεψάμενος
1621 4117 1651 4171 6
1700 4111 1836 4175 Θεὸς
1898 4108 2024 4170 τοὺς
2055 4107 2155 4176 τῆς
2189 4105 2362 4161 Ἰούδα
2391 4104 2567 4175 φυλῆς
2588 4103 2952 4170 ἀπαλλάξειέν
2972 4122 3034 4159 τε
3063 4106 3264 4171 αὐτοὺς
3286 4107 3385 4181 τῆς
3412 4110 3618 4182 αἰχμα-

296 4219 547 4281 λωσίας,
574 4216 669 4270 καὶ
698 4214 837 4287 πρὸς
869 4215 938 4268 τὰ
961 4216 1135 4268 οἰκεῖα
1159 4214 1320 4267 πάλιν
1354 4210 1493 4281 μετά
1516 4210 1616 4278 τῆς
1647 4206 1783 4269 ἰδίας
1822 4200 2160 4268 ἐπαναγάγοι
2188 4197 2441 4270 βοηθείας
2459 4245 2476 4261 ,
2586 4220 2609 4239 ς

384 4328 549 4401 Στίχ.
588 4335 725 4402 η’-ι’.
760 4360 831 4371 -
862 4324 1000 4383 Εἶτα
1032 4326 1143 4382 ἀπὸ
1190 4326 1300 4381 τῶν
1332 4322 1648 4393 ἀλλοφύλων
1679 4321 1762 4389 ἐφ’
1806 4317 1924 4372 ἐτέ-

306 4441 452 4498 ρους
528 4423 784 4495 μετάγων
835 4422 929 4475 τὸν
982 4420 1186 4491 λόγον,’
1225 4438 1242 4471 ι
1287 4418 1536 4471 Ἤκουσα
1585 4411 1924 4482 ὀνειδισμοὺς

302 4514 521 4580 Μωάὅ,
551 4516 648 4569 καὶ
681 4512 1078 4585 κονδυλισμοὺς
1104 4510 1237 4564 υἱῶν
1282 4506 1512 4580 Ἀμμὼν
1557 4508 1613 4559 ἐν
1647 4498 1728 4568 οἷς
1766 4501 1926 4555 ὠνεί-

306 4609 475 4674 διζον
521 4605 615 4661 τὸν
643 4603 775 4660 λαόν
808 4621 936 4676 μου,
974 4603 1069 4658 καὶ
1096 4599 1497 4673 ἐμεγαλύνοντο
1538 4596 1634 4650 ἐπὶ
1679 4594 1750 4649 τά
1796 4593 1923 4666 ὅρια

2094 4311 2259 4368 Vens.
2304 4312 2460 4366 8-10.
2500 4341 2573 4352 -—-
2610 4310 2819 4367 Deinde
2859 4309 2932 4368 ab
2974 4311 3300 4382 alienigenis
3348 4312 3417 4368 ad
3472 4310 3613 4393 alios

2024 4420 2336 4461 sermonem
2388 4401 2774 4468 transferens,
2840 4403 2968 4458 ait:
3010 4402 3257 4459 «Audivi
3316 4407 3617 4475 opprobria

2022 4496 2202 4563 Moab,
2232 4505 2287 4552 et
2320 4496 2690 4552 contumelias
2721 4494 2959 4551 ﬁliorum
2987 4495 3246 4561 Ammon,
3290 4498 3497 4568 quibus
3528 4516 3621 4555 ex-

2024 4590 2363 4661 probrabant
2389 4588 2598 4659 p0pulo
2633 4603 2779 4654 meo,
2829 4595 2884 4643 et
2918 4587 3419 4658 magniﬁcabantur
3451 4605 3624 4663 super

306 4699 495 4761 αὑτοῦ
517 4733 532 4748 .
556 4699 659 4753 Διὰ
672 4694 835 4753 τοῦτο
873 4695 955 4764 ζῶ
980 4695 1115 4767 ἐγὼ,
1144 4694 1294 4764 λέγει
1351 4692 1561 4765 Κύριος
1611 4688 1723 4744 τῶν
1754 4687 1911 4743 δυνά-

2027 4685 2290 4740 terminos
2317 4682 2460 4752 ejus.
2510 4681 2829 4751 Propterea,
2854 4679 2981 4735 vivo
3011 4696 3137 4752 ego,
3169 4680 3305 4737 dicit
3329 4681 3619 4748 Dominus.

309 4809 475 4865 μεων
509 4791 539 4844 6
561 4789 691 4852 Θεὸς
719 4787 961 4862 Ἰσραὴλ,
985 4788 1069 4841 ὅτι
1093 4784 1269 4841 Μωάὖ
1290 4784 1366 4849 ὡς
1385 4783 1594 4854 Σόδομα
1624 4780 1778 4833 ἔσται
1794 4819 1808 4842 ,
1833 4778 1928 4832 καὶ

308 4884 436 4939 υἰοί
476 4881 706 4954 ’Δμμὼν
731 4881 807 4946 ὡς
840 4879 1118 4953 Γόμορρα.
1148 4898 1168 4931 ι
1194 4876 1310 4932 Kal.
1331 4875 1400 4931 τά
1440 4875 1591 4946 παρὰ
1614 4869 1927 4928 Μωαϐιτῶν

468 4970 841 5055 ’Ᾱμμανιτῶνῗ
879 4974 962 5037 εἰς
1007 4973 1136 5035 τοὺς
1187 4970 1356 5042 ἐμοὺς
1410 4968 1674 5039 γινόμενα
1713 4963 1924 5055 ἐῴρων,

306 5053 400 5143 (Ρ.
424 5054 562 5138 396)
604 5066 701 5122 ἆτε
726 5054 916 5137 ἔλεγον
959 5063 1146 5127 αὐτοῖς
1178 5059 1526 5125 ὀνειδίζοντες
1562 5056 1640 5120 ὡς
1685 5053 1840 5109 οὐδὲν
1862 5054 1927 5106 ἐκ

306 5165 424 5236 τῆς
452 5160 599 5233 ἐμῆς
614 5156 1019 5232 ὠφελουμένοις
1040 5153 1362 5228 θεραπείας,
1377 5152 1477 5205 ὅσα
1501 5167 1561 5203 τε
1582 5147 1769 5212 αὐτοῖς

304 5234 421 5329 την
444 5252 680 5323 δύναμιν
708 5250 808 5329 τῂν
826 5248 1034 5305 οἰκείαν
1064 5247 1273 5319 ἐπῆγον
1297 5243 1448 5300 κακά
1472 5260 1487 5277 ο
1507 5239 1649 5298 ὥστε
1679 5238 1776 5293 xa‘t
1810 5234 1928 5329 μεθ’

309 5326 864 5418 ὑπερῦαλούσηςτῆς
882 5338 1260 5416 μεγαλαυχίας
1274 5336 1384 5391 τῶν
1399 5333 1563 5407 ὁρίων
1590 5326 1931 5401 ἐφάπτεσθαι

303 5439 432 5496 τῶν
447 5436 625 5510 ἐμῶν,
643 5436 720 5502 ὡς
749 5436 818 5492 ἂν
836 5435 1020 5500 αὐτοῖς
1043 5433 1342 5506 προσήκειν
1367 5425 1689 5498 ὀφειλόντων
1712 5420 1898 5475 λοιπόν
1916 5436 1932 5451 ο

310 5531 468 5604 ὑπὲρ
503 5523 580 5584 ὧν
618 5530 684 5603 δὴ
709 5522 963 5601 Σοδόμων
1016 5543 1078 5582 τε
1112 5525 1208 5580 καὶ
1242 5524 1541 5595 Γομόρρων
1592 5517 1924 5589 μιμήσονται

310 5627 424 5698 τὴν
457 5622 721 5696 ἐρημίαν.
763 5639 784 5675 ι
819 5620 933 5677 Καὶ
962 5619 1254 5694 Δαμασκὸς
1291 5612 1688 5684 ἐκλελειμμένη
1725 5609 1801 5673 ὡς
1827 5607 1926 5680 θηο

316 5715 515 5797 μωνιὰ
541 5713 749 5779 ἅλωνος
770 5713 867 5769 καὶ
898 5710 1247 5786 ἡφανισμένη
1279 5711 1358 5797 εἰς
1388 5709 1479 5763 τὸν
1506 5706 1678 5762 αἰῶνα
1697 5721 1710 5735 ν
1749 5702 1844 5757 καὶ
1875 5702 1926 5755 οἰ

394 5935 441 5969 ﬂ
480 5948 673 6016 AlnoS,
710 5959 748 6016 t,
774 5941 831 6003 ὕ.

2025 4778 2155 4847 quia
2186 4774 2347 4830 Moab
2383 4774 2528 4832 sicut
2560 4772 2800 4829 Sodoma
2827 4774 2951 4840 erit,
2974 4782 3029 4829 et
3060 4772 3154 4829 filii
3190 4774 3428 4831 Ammon
3461 4780 3626 4848 quasi

2026 4852 2355 4924 Gomorrha.
2386 4886 2404 4948 ξ
2434 4866 2799 4922 Moabitarum
2834 4881 3057 4938 quoque
3081 4872 3137 4921 et
3167 4866 3619 4925 Ammanitarum

2026 4961 2292 5016 adversus
2328 4952 2481 5015 m'eos
2511 4958 2769 5015 videbam
2804 4958 3076 5022 facinora,
3111 4966 3167 5013 et
3196 4958 3347 5031 quod
3375 4961 3458 5017 eis
3490 4976 3624 5016 con-

2025 5054 2299 5108 viriantes
2358 5050 2634 5118 dicerent,
2685 5050 2899 5105 nullum
2933 5049 3100 5127 260
3132 5050 3199 5108 iis
3248 5048 3369 5106 fore
3411 5051 3625 5105 emolu‘

2026 5151 2275 5201 mentum
2309 5143 2494 5199 cultus
2521 5144 2660 5209 mei;
2705 5149 2912 5214 quanta
2938 5142 3176 5213 denique
3228 5142 3369 5196 mala
3411 5141 3625 5197 viribus

2030 5244 2149 5294 suis
2180 5236 2504 5293 intulerunt.
2552 5237 2732 5306 Atque
2776 5235 2853 5290 ita
2890 5232 3241 5306 gloriabundi
3284 5231 3422 5289 ﬁnes
3468 5248 3625 5291 meos

2030 5333 2377 5393 invaserunt,
2411 5343 2513 5384 ceu
2541 5326 2760 5384 futuros
2783 5328 2838 5383 in
2867 5335 3147 5398 posterum
3180 5326 3325 5397 juris
3353 5326 3622 5397 ipsorum.

2033 5422 2408 5490 Quamobrem
2469 5418 2832 5475 Sodomorum
2883 5426 3050 5486 atque
3101 5415 3424 5475 Gomorrha:
3461 5435 3630 5492 expc.

2033 5517 2249 5572 rientur
2284 5514 2619 5571 vastitatem.
2655 5532 2674 5564 ι
2706 5510 2771 5565 Et
2816 5508 3122 5566 Damascus
3170 5509 3434 5568 derelicta
3481 5513 3631 5574 sicut

2038 5622 2268 5663 acervus
2321 5620 2486 5672 arcte,
2541 5619 2606 5659 ac
2641 5603 2914 5674 dissipata
2963 5604 3021 5658 in
3080 5609 3373 5659 aeternum.
3438 5604 3503 5660 Et
3531 5607 3630 5679 qui

2036 5701 2231 5773 reliqui
2265 5699 2469 5757 fuerint
2502 5699 2569 5755 de
2596 5698 2798 5773 populo
2834 5711 2957 5753 meo
2984 5695 3249 5771 diripient
3290 5714 3411 5771 eos,
3448 5706 3504 5759 at
3538 5714 3629 5761 re.
