4118 6470
534 458 640 517 463

1749 452 2097 510 THEODORI
2131 448 2613 506 MOPSUESTENI

3681 446 3787 514 ισι

535 573 677 631 sidui
742 572 919 643 gentis
973 585 1106 626 mea:
1159 570 1518 642 possidebunt
1573 586 1689 626 eos.
1734 593 1751 623 ι
1804 571 2101 626 Damascus

2214 569 2528 624 κατάλοιποι
2555 567 2685 622 λαοῦ
2714 586 2817 640 μου
2846 569 3183 642 διαρπῶνται
3209 570 3427 636 αὐτοὺς,
3469 574 3564 626 καὶ
3595 573 3647 626 οἱ
3684 591 3788 629 κα·-

532 666 717 729 etiam,
749 663 947 734 inquit,
999 664 1159 734 quasi
1211 679 1443 720 acervus
1477 665 1533 718 in
1582 679 1707 720 area
1742 666 2016 720 contritus
2056 674 2112 719 et

531 757 897 813 conculcatus
940 756 1280 820 destruetur,
1337 764 1504 826 atque
1565 756 1824 826 ignobilis
1874 754 1985 821 flet,
2044 771 2111 810 ex

530 857 749 903 tumore
784 847 1026 902 maximo
1062 848 1346 916 multaque
1393 846 1651 915 superbia
1701 846 1757 899 in
1808 846 1971 900 imam
2020 846 2113 901 de-

533 949 708 996 tracta
734 939 1098 995 humilitatem
1132 956 1144 992 :
1179 939 1253 992 ita
1287 946 1346 993 ut
1382 938 1476 1009 qui
1504 938 1702 1007 reliqui
1724 937 1793 993 de
1824 937 1961 993 meis
1998 937 2113 992 fue-

530 1034 667 1095 rint,
720 1032 1072 1102 reditumque
1115 1030 1315 1094 sortiti,
1373 1039 1608 1085 cunctos
1662 1031 1775 1087 sint
1819 1030 2108 1101 direpturi,

531 1136 589 1179 et
619 1124 826 1178 alienas
876 1138 1008 1192 opes
1055 1137 1153 1190 pro
1185 1120 1301 1176 suis
1340 1120 1674 1190 possessuri.
1730 1139 1749 1171 ι
1780 1121 1906 1174 Haec
1949 1128 2113 1174 erunt

530 1220 613 1272 eis
662 1230 762 1286 pro
821 1213 1154 1269 contumelia
1201 1227 1322 1276 sua,
1373 1212 1501 1282 quia
1543 1213 1839 1267 conviciati
1888 1219 2017 1267 sunt
2058 1222 2112 1266 et

531 1304 866 1376 niagniﬁcati
899 1309 1031 1358 sunt
1087 1317 1252 1370 super
1302 1301 1563 1371 populum
1606 1299 1824 1355 Domini
1855 1300 2109 1371 omnipo-

532 1399 720 1454 tentis.
746 1416 764 1449 ι
795 1395 939 1459 llaec,
991 1396 1188 1464 inquit,
1224 1394 1505 1464 patientur
1558 1402 1783 1465 propter
1828 1407 1984 1448 suam
2025 1393 2116 1447 ad-

532 1503 727 1544 versus
786 1486 955 1542 Deum
1017 1486 1326 1550 audaciam,
1372 1492 1428 1539 et
1479 1493 1707 1556 pr0pter
1751 1485 2112 1540 contumelias

530 1581 732 1651 quibus
781 1578 913 1633 mihi
969 1576 1284 1648 populoque
1317 1590 1439 1631 meo
1492 1576 1786 1630 conviciati
1835 1582 1986 1639 sunt,
2035 1576 2114 1629 in-

531 1674 799 1729 sultantes
853 1671 901 1727 ei
947 1670 1162 1726 scilicet
1205 1676 1469 1737 tanquam
1503 1669 1763 1724 extremis
1806 1668 1965 1735 malis
2015 1666 2112 1722 de-

528 1780 733 1822 merso.

602 1944 768 1999 Vsus.
793 1945 877 2010 ll,
905 1944 994 1999 l2.
1034 1971 1105 1986 --
1146 1962 1165 1995 ι
1190 1944 1488 2015 Apparebit
1501 1944 1771 1999 Dominus
1797 1957 1963 2012 super
1990 1956 2108 2007 eos,

528 2046 586 2092 et
617 2036 897 2107 disperdet
930 2050 1124 2092 omnes
1173 2035 1309 2093 deos
1338 2037 1583 2107 gentium
1616 2044 1800 2100 terrae,
1833 2042 1890 2090 et
1915 2034 2114 2089 adora-

532 2128 668 2182 bunt
694 2144 817 2184 cum
848 2127 1052 2199 singuli
1079 2128 1148 2184 de
1186 2128 1308 2183 loco
1338 2142 1460 2193 suo,
1507 2137 1720 2183 cunctae
1753 2127 1948 2183 insulae
1980 2141 2113 2196 gen-

528 2220 691 2275 tium.
722 2239 741 2272 ι
778 2220 1051 2277 lllustrem
1111 2220 1277 2277 faciet
1321 2221 1587 2277 ultionem
1621 2237 1779 2278 suam
1813 2220 1979 2287 Deus,
2036 2221 2113 2274 ita

520 2319 592 2366 .ut
622 2311 954 2383 alienigenas
983 2328 1176 2369 omnes
1200 2327 1326 2367 cum
1360 2313 1526 2369 cultis
1557 2314 1624 2368 ab
1656 2314 1737 2368 eis
1767 2313 1874 2368 diis
1888 2313 2116 2383 disper-

529 2405 624 2458 dat
659 2421 672 2457 :
706 2418 815 2474 quo
844 2402 934 2457 lict
975 2410 1035 2457 ut
1088 2404 1288 2475 reliqui
1352 2419 1545 2459 omnes
1576 2404 1781 2474 ubique
1838 2403 2110 2468 homines,

528 2498 587 2550 in
656 2495 885 2551 urbibus
942 2495 1275 2564 insulisque,
1328 2494 1424 2550 Dei
1470 2494 1820 2551 facinoribus
1868 2495 2111 2561 attoniti,

527 2603 821 2644 commune
852 2587 929 2641 illi
964 2587 1286 2657 obsequium
1324 2586 1639 2653 exhibeant,
1665 2588 1721 2641 in
1753 2602 1854 2643 sua
1878 2588 2115 2657 quisque

528 2678 766 2734 statione
794 2691 1068 2732 summam
1096 2677 1245 2732 illius
1287 2677 1586 2747 potentiam
1621 2676 1965 2732 conﬁtentes.
2006 2694 2024 2728 ι
2048 2675 2115 2730 Ει

523 2783 661 2831 vos,
683 2763 990 2840 Ethiopes,
1018 2770 1488 2843 vuineratigladio
1509 2788 1654 2831 meo.
1684 2789 1702 2822 ι
1740 2767 1852 2823 Vos
1893 2782 2114 2839 quoque

524 2859 711 2930 gladio
740 2874 769 2913 a
802 2859 942 2915 meis
977 2859 1306 2929 puniemini,
1340 2866 1565 2929 propter
1598 2873 1664 2913 ea
1695 2874 1816 2930 qua:
1847 2859 2113 2914 adversus

528 2953 632 3006 bos
657 2951 953 3021 peccastis.
969 2950 1453 3018 IEtbiOpesautem
1477 2966 1623 3005 nunc
1645 2951 1808 3006 etiam
1834 2953 1967 3006 dicit
1990 2952 2112 3007 illos

526 3037 766 3112 Algypto
801 3039 1086 3095 finitimos.
1120 3037 1213 3094 Sic
1238 3047 1421 3093 autem
1452 3040 1692 3111 loquitur
1734 3041 1953 3095 beatum
1985 3040 2112 3094 imi-

2206 659 2451 713 τάλοιποι
2481 658 2666 724 ἔθνους
2697 677 2799 732 μου
2837 658 3337 733 κληρονομήσουσιν
3364 654 3582 727 αὐτούς.
3621 681 3641 717 ι
3676 664 3789 718 Καὶ

2206 754 2239 822 ή
2266 752 2556 823 Δαμασκδς
2582 752 2659 819 δὲ,
2692 753 2875 823 φησὶν,
2900 753 2977 819 ὡς
3010 754 3076 809 ἂν
3110 754 3362 825 θημωνιὰ
3379 756 3438 808 ἐν
3461 753 3628 810 ἆλωνι
3663 771 3788 809 συν-

2206 828 2454 916 τριϐεῖσα
2497 845 2856 921 ἀφανισθείη,
2908 845 3082 910 οὕτως
3130 847 3344 919 ἀφανὴς
3392 848 3684 919 γενήσεται
3730 846 3791 911 ἐξ

2210 937 2374 1006 ὗγκου
2405 938 2664 1009 μεγίστου
2697 939 2792 992 καὶ
2832 938 3208 1011 ὑπερηφανίας
3252 938 3453 1010 πολλῆς
3484 941 3567 1003 είς
3594 955 3787 993 ταπει-

2208 1030 2405 1099 νὸτητα
2451 1029 2785 1100 καταχθεῖσα
2816 1031 3109 1101 μεγίστην·
3141 1029 3282 1084 ὥστε
3310 1031 3435 1094 τοὺς
3479 1031 3793 1101 ύπολιμπα-

2208 1119 2464 1189 νομένους
2487 1119 2598 1172 τῶν
2638 1119 2788 1191 ἐμῶν
2818 1120 2912 1174 καὶ
2958 1120 3060 1191 τῆς
3099 1119 3357 1173 ἐπανόδου
3407 1120 3703 1192 τυχόντας,
3732 1121 3795 1173 ἐν

2207 1210 2484 1282 διαρπαγῇ
2527 1228 2587 1263 τε
2642 1210 2969 1281 ποιήσασθαι
3004 1212 3209 1275 πάντας
3250 1210 3447 1274 αὐτοὺς
3476 1210 3567 1263 καὶ
3598 1210 3793 1281 κτῆσιν

2211 1300 2347 1354 ίδίαν
2401 1304 2553 1372 σχεῖν
2605 1302 2673 1355 τὰ
2728 1303 2971 1355 ἐκείνων.
3021 1320 3042 1353 ι
3098 1302 3245 1373 Αὐτὴ
3298 1302 3482 1365 αὐτοῖς
3531 1301 3652 1355 ἀντὶ
3691 1300 3792 1371 τῆς

2210 1390 2422 1463 ὖὸρεως
2469 1393 2671 1455 αὐτῶν,
2719 1394 2853 1446 διότι
2894 1394 3177 1448 ὼνείδισαν
3222 1394 3317 1447 καὶ
3342 1391 3792 1464 ἐμεγαλύνθησαν

2209 1484 2303 1535 ἐπὶ
2342 1483 2432 1537 τὸν
2465 1484 2591 1537 λαὸν
2622 1485 2827 1557 Κυρίου
2879 1486 3336 1558 παντοκράτορος.
3388 1505 3407 1538 ι
3444 1483 3631 1538 Ταῦτα
3658 1483 3792 1555 γὰρ,

2209 1576 2363 1643 φησὶ,
2396 1576 2676 1630 πείσονται
2727 1577 2869 1648 ὑπὲρ
2912 1569 2989 1630 ὧν
3032 1577 3337 1649 ἐτόλμησαν
3375 1580 3455 1642 είς
3489 1578 3658 1645 Θεὸν,
3695 1579 3794 1631 καὶ

2208 1667 2516 1738 ἐξυϐρίζειν
2546 1668 2899 1734 ὀνειδίζοντες
2932 1673 3046 1734 τοῖς
3079 1672 3234 1741 ἐμοῖς
3258 1671 3345 1724 ἐπ’
3377 1671 3502 1740 ἐμοὶ
3530 1687 3793 1723 κατεπαι-

2140 1792 2185 1846 B
2215 1760 2431 1832 ρόμενοι
2481 1759 2659 1813 αὐτῶν
2712 1759 2789 1823 ὡς
2838 1758 2904 1813 ἂν
2938 1762 2995 1813 ἐν
3055 1764 3360 1832 συμφοραῖς
3413 1760 3580 1816 όντων
3628 1759 3794 1831 ἐσχά-

2212 1868 2355 1916 ταις.

2283 1942 2432 2012 Στίχ.
2467 1948 2557 2008 ια’,
2595 1941 2675 2011 ιβ’.
2710 1970 2780 1981 --
2813 1959 2830 1991 ι
2855 1941 3153 2013 Ἐπιφανὴς
3180 1940 3333 1996 ἔσται
3361 1940 3565 2012 Κύριος
3594 1941 3681 1995 ἐπ’
3702 1941 3796 1995 αὑ-

2210 2034 2359 2098 τοὺς,
2379 2034 2472 2087 καὶ
2506 2032 2874 2105 ἐξολοθρεύσει
2898 2032 3106 2097 πάντας
3134 2032 3262 2097 τοὺς
3307 2033 3461 2097 θεοὺς
3484 2033 3592 2087 τῶν
3621 2031 3793 2086 ἐθνῶν

2211 2130 2311 2199 τῆς
2342 2128 2464 2199 γῆς·
2505 2127 2581 2199 (p.
2609 2128 2736 2198 597)
2766 2129 2858 2181 καὶ
2886 2128 3352 2200 προσκυνήσουσιν
3380 2125 3529 2197 αὐτῷ
3565 2126 3796 2188 ἕκαστος

2213 2223 2279 2276 ἐκ
2303 2222 2469 2276 τόπου
2502 2221 2669 2275 αὑτοῦ
2707 2224 2877 2276 πᾶσαι
2920 2224 2978 2276 αἱ
3024 2222 3177 2293 νῆσοι
3208 2221 3315 2275 τῶν
3347 2220 3535 2275 ἐθνῶν.
3576 2239 3594 2272 ι
3623 2221 3796 2290 Περι-

2214 2315 2358 2384 φανῆ
2383 2315 2567 2368 τοίνυν
2599 2316 2884 2386 ποιήσεται
2932 2316 3032 2387 τὴν
3069 2316 3277 2369 οἰκείαν
3316 2315 3560 2369 ἐκδικίαν
3581 2317 3608 2367 ό
3637 2313 3793 2376 Θεὸς,

2212 2405 2355 2460 ὥστε
2390 2406 2596 2469 πάντας
2622 2409 2756 2470 τοὺς
2777 2405 3090 2470 ἀλλοτρίους
3126 2405 3264 2476 μετά
3303 2404 3411 2458 τῶν
3451 2404 3581 2475 παρ’
3611 2405 3796 2467 αὐτοῖς

2214 2500 2665 2571 θρησκευομένων
2724 2498 2986 2553 ἀπολέσαι
3047 2498 3216 2553 θεῶν·
3278 2497 3524 2559 ἅπαντάς
3567 2514 3627 2550 τε
3665 2495 3796 2559 τοὺς

2215 2591 2493 2662 πανταχοῦ
2521 2591 2703 2645 λοιπὸν
2738 2589 3079 2661 ἀνθρώπους,
3116 2590 3170 2643 εί
3192 2606 3251 2643 τε
3289 2591 3347 2641 ἐν
3394 2587 3611 2641 πόλεσιν
3655 2586 3709 2641 εῐ
3733 2603 3797 2641 τε

2213 2686 2271 2738 ἐν
2298 2685 2503 2754 νήσοις,
2529 2682 2729 2754 πολλὴν
2758 2684 2850 2737 ἐπὶ
2877 2685 2987 2746 τοῖς
3012 2681 3164 2753 παρά
3190 2680 3284 2734 τοῦ
3314 2679 3449 2734 Θεοῦ
3489 2679 3799 2750 γινομένοις

2211 2776 2311 2846 τὴν
2340 2772 2600 2847 ἔκπληξιν
2627 2774 2911 2839 λαϐόντας,
2946 2774 3131 2842 κοινὴν
3161 2770 3312 2841 αὐτῷ
3356 2775 3453 2842 τὴν
3483 2771 3795 2841 προσκύνη-

2215 2882 2299 2918 σιν
2347 2863 2675 2925 ἀποδιδόναι,
2703 2864 2761 2915 ἐν
2793 2867 2904 2925 τοῖς
2943 2861 3090 2924 ἰδίοις
3119 2860 3350 2913 ἐκάστου
3396 2858 3584 2921 τόποις
3612 2856 3802 2927 ὁμολο-

2212 2955 2438 3026 γοῦντος
2481 2955 2581 3025 τῆς
2635 2953 2920 3024 δυνάμεως
2951 2950 3116 3005 αὑτοῦ
3144 2951 3243 3022 τὴν
3276 2948 3602 3021 ὑπερϐολήν.
3630 2967 3649 2999 ι
3684 2947 3800 2999 Καὶ

2213 3048 2392 3118 ὑμεῖς,
2422 3045 2695 3111 Αἰθίοπες,
2734 3043 3070 3117 τραυματίαι
3112 3042 3387 3114 ῥομφαίας
3435 3058 3537 3112 μου
3586 3038 3731 3093 ἐστέ.
3773 3057 3794 3090 ι

526 3139 656 3185 tans
687 3130 1007 3200 prophetam
1042 3129 1327 3193 Amosum,
1348 3129 1441 3199 qui
1465 3128 1592 3183 dum
1624 3127 1841 3184 lsraelis
1872 3145 1973 3186 nec
2000 3146 2109 3185 non

2215 3138 2326 3191 Καὶ
2345 3137 2497 3190 αὐτοί¹
2521 3135 2575 3189 δέ
2600 3135 2742 3204 ξίφει
2777 3134 2889 3204 (53)
2926 3133 3017 3186 διὰ
3042 3132 3149 3187 τῶν
3174 3133 3321 3203 ἐμῶν
3347 3126 3799 3201 τιμωρηθήσεσθε

527 3220 872 3275 Hierusalem
910 3218 1127 3275 futuros
1148 3234 1312 3275 casus
1336 3221 1550 3284 recitat,
1568 3220 1816 3275 meminit
1854 3221 2013 3292 261
2038 3222 2115 3278 si-

526 3315 641 3367 mul
665 3313 1115 3383 alienigenarum,
1141 3314 1322 3383 qualia
1339 3313 1550 3369 scilicet
1569 3313 1786 3384 passuri
1803 3313 2119 3370 sintDama-

526 3405 704 3468 sceni,
725 3403 899 3475 Tyrii,
938 3403 1183 3468 ldumaei,
1206 3404 1553 3471 Ammanitze,
1598 3406 1892 3476 caeterique
1920 3421 2115 3463 omnes

528 3514 762 3566 quorum
794 3498 926 3552 facit
954 3498 1305 3552 mentionem.
1341 3496 1544 3553 Eodem
1596 3497 1764 3569 igitur
1796 3499 1958 3555 modo
1990 3500 2119 3555 bea-

528 3598 619 3645 tus
647 3588 958 3661 Soplionias
989 3597 1280 3659 postquam
1311 3600 1573 3646 eventura
1613 3591 1737 3645 urbi
1759 3590 2107 3649 Hierusalem

531 3700 562 3736 ιι
594 3682 908 3753 Babyloniis
939 3684 1080 3736 mala
1114 3682 1386 3752 praedixit,
1440 3692 1710 3738 memorat
1748 3685 1914 3739 etiam
1945 3691 2113 3754 quot-

524 3784 669 3847 ,quot
721 3774 810 3830 bis
839 3776 907 3829 ab
957 3773 1083 3829 aliis
1124 3775 1377 3846 gentibus
1423 3774 1607 3830 clades
1647 3782 1805 3829 erant
1839 3790 1935 3845 per
1970 3775 2108 3829 illud

527 3877 746 3938 tempus
784 3876 1217 3934 superventurae.
1246 3865 1592 3935 Quapropter
1632 3873 1757 3937 post
1789 3873 1918 3922 ante
1960 3866 2108 3922 dicta

528 3971 839 4012 sermonem
863 3958 1125 4012 transfert
1159 3957 1227 4013 ad
1256 3958 1515 4029 Assyrios
1565 3967 1619 4012 ct
1665 3954 1925 4023 Niniven,
1976 3958 2107 4028 quia

526 4046 788 4105 nimirum
821 4056 951 4101 tunc
980 4045 1258 4118 Babylonii
1278 4048 1627 4119 Assyriorum
1647 4048 1936 4117 imperium
1968 4047 2112 4102 dele-

2214 3229 2356 3300 ύπὲρ
2389 3221 2465 3282 ὧν
2499 3225 3003 3298 πεπλημμελήκατε
3046 3227 3125 3289 εἰς
3160 3223 3358 3287 αὐτούς
3392 3238 3405 3253 ·
3449 3222 3709 3283 Αἰθίοπας
3740 3219 3801 3274 δέ

2214 3321 2309 3375 καὶ
2336 3319 2431 3373 νῦν
2452 3320 2578 3383 τοὺς
2604 3319 3001 3391 πλησιάζοντας
3031 3316 3291 3388 Αἰγύπτῳ
3312 3309 3479 3385 λέγειῖ
3497 3313 3667 3369 Ταυτὶ
3696 3312 3800 3383 μὲν

2216 3406 2307 3465 οὖν
2342 3411 2463 3465 καθ’
2493 3411 2786 3481 ὁμοιότητα
2838 3409 2932 3463 τοῦ
2977 3409 3245 3481 μακαρίου
3292 3406 3473 3479 ’Δμὼς
3513 3404 3609 3459 τοῦ
3664 3420 3803 3475 προ-

2216 3506 2389 3575 φήτου
2424 3503 2611 3574 φησὶν,
2640 3503 2698 3563 ὃς
2724 3502 2795 3555 τά
2817 3519 2876 3555 τε
2918 3501 2996 3572 τῷ
3036 3499 3271 3572 Ἰσραὴλ,
3295 3500 3365 3553 τά
3396 3516 3456 3552 τε
3489 3501 3556 3570 τῇ
3602 3498 3801 3568 Ἰερου-

2213 3595 2397 3667 σαλὴμ
2426 3593 2818 3665 συμϐησόμενα
2847 3593 3043 3661 λέγων,
3076 3593 3351 3663 μέμνηται
3384 3591 3478 3644 καὶ
3514 3587 3625 3642 τῶν
3652 3586 3802 3667 ἀλλοο

2208 3688 2376 3759 τρίων
2424 3686 2599 3741 ὁπόσα
2638 3686 2919 3739 πείσονται
2973 3684 3068 3738 καὶ
3121 3682 3294 3746 αὐτοὶ,
3340 3678 3692 3752 Δαμασκηνοὶ
3738 3694 3801 3730 τε

2210 3779 2354 3845 λέγω
2386 3776 2484 3830 καὶ
2542 3777 2773 3848 Τύριοι,
2822 3776 3110 3846 Ἰδουμαῖοι
3160 3776 3255 3828 καὶ
3297 3776 3647 3845 Ἀμμανῖται,
3704 3773 3802 3825 καὶ

2210 3872 2413 3933 πάντες
2443 3869 2500 3923 δὲ
2521 3870 2733 3922 ὁπόσων
2773 3870 3064 3939 πεποίηται
3093 3868 3315 3938 μνήμην
3335 3883 3347 3896 ·
3379 3866 3471 3919 τὸν
3499 3864 3660 3918 αὑτὸν
3690 3863 3802 3935 γὰρ

2213 3963 2278 4036 δὴ
2331 3962 2534 4034 τρόπον
2581 3961 2677 4015 καὶ
2714 3962 2743 4014 ό
2778 3960 3048 4031 μακάριος
3107 3959 3368 4027 Σοφονίας
3414 3958 3483 4011 τά
3534 3957 3664 4026 περὶ
3697 3955 3800 4026 τὴν

2228 4054 2585 4129 Ἰερουσαλήμ
2611 4054 2845 4124 ἐσόμενα
2886 4052 3038 4123 παρά
3075 4051 3183 4104 τῶν
3209 4050 3564 4104 Βαϐυλωνίων
3593 4048 3651 4102 ἐν
3676 4047 3801 4099 τού-

527 4144 743 4201 verunt,
801 4137 947 4206 regia
1002 4138 1248 4207 ipsorum
1300 4136 1434 4189 urbe
1488 4134 1681 4203 Nnive
1740 4137 2004 4191 subversa
2055 4145 2109 4191 et

2214 4165 2328 4211 τοις
2381 4146 2580 4215 λέγων,
2612 4144 2889 4215 μέμνηται
2924 4143 3019 4197 καὶ
3051 4142 3159 4195 τῶν
3203 4142 3305 4195 ὃσα
3345 4143 3459 4203 τοῖς
3497 4137 3803 4208 ἀλλοτρίοις

525 4230 771 4285 vastitati
800 4230 1128 4287 omnimodtn
1158 4230 1379 4285 tradita.
1419 4228 1573 4284 Unde
1601 4229 1752 4284 addit
1786 4249 1799 4285 :

2217 4243 2335 4296 κατ’
2367 4243 2573 4294 ἐκεῖνον
2615 4236 2935 4308 συμὸαίνειν
2969 4233 3204 4306 ήμελλεν
3252 4234 3342 4286 τὸν
3387 4231 3598 4303 καιρόν.
3634 4227 3809 4283 Ὅθεν

525 4321 591 4392 δὴ
610 4320 751 4393 μετὰ
769 4322 837 4374 τὰ
868 4320 1251 4393 προρρηθέντα
1288 4320 1382 4372 ἐπὶ
1415 4322 1540 4383 τοὺς
1577 4320 1898 4389 Ἀσσυρίους
1928 4341 1984 4377 τε
2008 4330 2103 4383 καὶ
2133 4331 2231 4404 τὴν
2255 4327 2459 4398 Νινευὴ
2499 4327 2727 4396 μετάγει
2757 4325 2850 4377 τὸν
2873 4323 3030 4392 λόγον
3052 4339 3066 4353 ο
3104 4322 3293 4394 ἐπειδὴ
3324 4323 3443 4376 τότε
3469 4318 3802 4373 Βαϐυλώνιοι

526 4413 622 4469 καὶ
652 4413 1063 4486 τὴνἋσσυρίων
1085 4412 1333 4466 καθεῖλον
1363 4410 1559 4482 ἀρχὴν,
1580 4412 1678 4483 τὴν
1702 4412 2093 4482 βασιλεύουσαν
2127 4424 2183 4478 ἐν
2210 4424 2392 4485 αὐτοῖς
2423 4418 2598 4484 πόλιν,
2618 4422 2695 4489 (p.
2726 4415 2849 4487 398)
2872 4416 2970 4485 τὴν
3004 4414 3206 4487 Νινευὴ
3237 4413 3401 4481 λέγω,
3424 4410 3801 4483 ἐκπορθήσαν-

523 4506 615 4570 τές
648 4523 706 4560 τε
739 4506 833 4559 καὶ
867 4505 1074 4578 ἐρημίᾳ
1120 4505 1373 4559 παντελεῖ
1399 4505 1923 4573 παραδόντες.”Οθεν
1952 4512 2181 4581 ἐπάγει⁹

597 4600 767 4658 Vens.
840 4602 1021 4656 13-15.
1061 4630 1131 4643 -—
1174 4599 1287 4653 «Et
1362 4599 1621 4656 extendet
1675 4617 1897 4658 manum
1955 4621 2111 4662 suam

2288 4609 2437 4679 Στίχ.
2469 4605 2736 4677 ιΥ-ιεῖ-
2757 4623 2777 4657 ι
2814 4607 2925 4660 Καὶ
2956 4606 3166 4659 ἐκτενεῖ
3195 4604 3294 4674 τὴν
3328 4605 3485 4673 χεῖρα
3513 4598 3679 4654 αὐτοῦ
3707 4599 3803 4652 ἐπὶ

520 4709 692 4764 super
715 4693 1054 4763 aquilonem,
1095 4700 1151 4747 et
1183 4693 1375 4762 perdet
1404 4694 1721 4765 Assyrium,
1750 4703 1806 4749 ct
1838 4710 2003 4765 ponet
2030 4698 2113 4751 Ni-

2220 4701 2444 4773 βορρᾶν,
2489 4701 2585 4753 καὶ
2634 4700 2829 4753 ἀπολεί
2882 4698 2975 4752 τὸν
3016 4696 3333 4765 ’Δσσύριον,
3366 4696 3460 4748 καὶ
3499 4693 3652 4765 θήσει
3701 4692 3803 4762 τὴν

518 4784 689 4840 niven
738 4785 791 4838 in
831 4783 1226 4839 desolationem
1273 4785 1595 4853 inaquosam
1621 4786 1780 4854 quasi
1812 4786 2109 4843 desertum.

2220 4789 2423 4860 Νινευὴ
2461 4792 2544 4853 εἰς
2600 4790 2907 4861 ἀφανισμὸν
2945 4790 3171 4861 ἄνυδρον
3203 4789 3277 4852 ὡς
3327 4787 3553 4858 ἔρημον,
3586 4785 3681 4839 καὶ
3709 4800 3801 4837 νε-

524 4876 594 4931 Ει
618 4887 914 4947 pascentur
939 4878 993 4930 in
1018 4875 1196 4931 medio
1221 4877 1342 4945 ejus
1372 4892 1586 4947 greges,
1618 4884 1674 4931 et
1703 4892 1893 4932 omnes
1927 4878 2113 4934 bestias

2222 4883 2455 4952 μήσεται
2475 4885 2533 4936 ἐν
2569 4883 2720 4953 μέσῳ
2744 4884 2914 4955 αὐτῆς
2937 4882 3190 4954 ποίμνια,
3220 4885 3314 4938 καὶ
3330 4882 3508 4934 πάντα
3535 4878 3605 4931 τά
3634 4877 3804 4948 θηρία

522 4980 707 5035 terrae,
739 4981 793 5026 et
819 4971 1240 5033 chamaeleontes
1270 4978 1325 5023 ct
1359 4970 1514 5022 ericii
1546 4968 1600 5021 in
1627 4969 1971 5039 praesepibus
1998 4970 2113 5038 ejus

2216 4973 2312 5041 τῆς
2337 4971 2463 5040 γῆς,
2498 4972 2592 5025 καὶ
2620 4974 3009 5045 χαμαιλέοντες
3039 4973 3134 5026 καὶ
3163 4974 3330 5042 ἐχῖνοι
3360 4974 3417 5026 ἐν
3451 4975 3563 5034 τοῖς
3590 4969 3803 5040 φατνώ-

525 5062 845 5141 cubabunt:
879 5074 927 5116 et
956 5062 1149 5118 bestiae
1198 5060 1514 5114 clamabunt
1562 5060 1616 5112 in
1670 5058 1843 5114 foveis
1874 5060 2017 5129 ejus,
2062 5068 2113 5116 et

2219 5079 2380 5133 μασιν
2414 5063 2584 5135 αὐτῆς
2617 5066 3088 5138 κοιτασθήσονται,
3123 5066 3217 5119 καὶ¹
3259 5065 3424 5137 θηρία
3459 5065 3696 5134 φωνήσει
3740 5063 3802 5116 ὲν

524 5155 677 5210 corvi
734 5156 789 5209 in
829 5156 1007 5225 portis
1039 5154 1182 5223 ejus,
1234 5152 1363 5222 quia
1400 5151 1599 5205 cedrus
1642 5149 1876 5205 altitudo
1920 5151 2060 5220 ejus.
2091 5171 2109 5203 ι

2214 5154 2327 5214 τοῖς
2366 5152 2725 5225 διορύγμασιν
2765 5156 2955 5226 αὐτῆς,
2989 5157 3083 5209 καὶ
3108 5156 3340 5226 κόρακες
3383 5157 3441 5207 ἐν
3471 5158 3582 5218 τοῖς
3614 5152 3802 5206 πυλῶ-

523 5245 780 5303 Profecto
820 5248 987 5302 etiam
1023 5247 1093 5301 ab
1140 5245 1383 5316 Assyriis
1432 5257 1625 5313 pmnas
1671 5257 1977 5312 reposcam,
2018 5246 2112 5314 qui

2212 5258 2295 5295 σιν
2323 5244 2493 5314 αὐτῆς
2515 5263 2529 5277 σ
2570 5247 2703 5299 διότι
2754 5246 2944 5316 κέδρος
2978 5246 3040 5300 τὸ
3074 5248 3364 5317 ἀνάστημα
3408 5246 3599 5315 αὐτῆς.
3634 5263 3653 5296 ι
3690 5245 3802 5297 Καὶ

523 5341 619 5393 tali
651 5355 776 5394 cum
826 5338 1113 5409 proposito
1148 5336 1490 5390 Hierusalem
1546 5336 1791 5403 aggressi
1829 5344 1979 5388 sunt.
2019 5334 2111 5389 Et-

523 5430 671 5481 enim
706 5429 951 5497 ipsorum
971 5427 1174 5497 regiam
1196 5426 1385 5479 urbem
1405 5421 1633 5477 Ninivcn
1649 5423 1785 5478 adeo
1802 5425 2105 5489 destruam,

524 5529 585 5571 ut
615 5519 777 5587 plane
808 5519 1027 5573 deserta
1066 5518 1182 5580 ﬂat,
1239 5524 1294 5570 et
1342 5516 1394 5568 in
1427 5516 1606 5569 medio
1639 5515 1759 5584 cjus
1810 5525 2107 5586 pascantur

523 5624 735 5679 greges.
756 5616 808 5661 et
836 5608 963 5663 fera».
982 5611 1319 5671 habitent,et
1352 5615 1619 5677 quotquot
1645 5607 1902 5661 animalia
1926 5609 2107 5662 solent

526 5698 583 5751 in
620 5694 1015 5754 desertissimis
1046 5698 1181 5755 locis
1224 5696 1494 5755 cubitare.
1547 5697 1657 5754 llas
1692 5706 1872 5753 autem
1923 5697 2101 5770 justas

595 5856 711 5927 (5'3)
749 5857 883 5914 Cod.
913 5856 1061 5928 ξίφη.

2206 5333 2315 5405 γὰρ
2347 5335 2440 5387 καὶ
2473 5336 2623 5408 παρὰ
2656 5336 2766 5390 τῶν
2795 5337 3095 5407 Ἀσσυρίων
3115 5338 3236 5392 τότε
3262 5336 3326 5408 δὴ
3354 5336 3595 5407 λήψομαι
3619 5336 3798 5399 δίκας.

2217 5426 2356 5497 μετά
2394 5428 2649 5500 τοιαύτης
2670 5428 2894 5499 γνώμης
2943 5429 3192 5482 ἐπελθεῖν
3235 5427 3705 5499 ἐπιχειρησάντων
3732 5429 3799 5497 τῇ

2228 5519 2584 5591 Ἰερουσαλήμ
2624 5538 2638 5552 ο
2680 5521 2895 5590 ἀφανιῶ
2928 5522 3038 5593 γὰρ
3082 5522 3263 5575 αὐτῶν
3317 5520 3411 5574 καὶ
3464 5520 3665 5588 Νινευὴ
3701 5518 3802 5587 τὴν

2217 5608 2462 5679 βασιλίδα
2498 5612 2684 5666 πόλιν’
2724 5612 2864 5666 ὥστε
2919 5613 3173 5682 γενέσθαι
3228 5612 3329 5683 μὲν
3382 5611 3551 5683 αὐτὴν
3593 5609 3802 5679 ἔρημον

2223 5701 2521 5766 παντελῶς,
2555 5703 2613 5757 ἐν
2664 5703 2814 5775 μέσῳ
2844 5706 2902 5758 δὲ
2932 5706 3107 5776 αὐτῆς
3141 5703 3371 5777 ποίμνιά
3401 5720 3463 5757 τε
3510 5699 3797 5773 νέμεσθαι,
