4118 6462
269 323 397 385 365
928 349 932 352 ν
1253 327 1805 385 COMMENTARIUS
1845 327 1895 383 Ib

1997 325 2320 384 ΟΡΗΟΝΙίΕ
2371 325 2525 382 CAP.
2570 326 2656 381 111.
3481 323 3582 379 εἰθθ

267 443 385 500 καὶ
418 441 586 514 θηρία
614 443 953 512 διάγειν,καὶ
970 443 1040 497 τὰ
1067 443 1228 498 λοιπὰ
1259 447 1322 518 δὴ
1344 448 1458 512 ζῶα
1498 450 1670 503 ὁπόσα
1696 451 1752 502 ὲν
1776 452 1886 513 τοῖς

1997 448 2139 502 dabit
2169 463 2383 518 ρωπος,
2414 449 2542 518 quia
2589 454 2779 502 contra
2818 460 3010 500 omnes
3054 442 3408 512 superbiebat
3447 441 3587 496 civi-

272 535 658 608 ἐρημοτάτοις
693 535 1052 606 ἐμφωλεύεινι
1079 538 1270 592 εἴωθεν
1298 539 1502 603 τόποις.
1541 541 1756 612 Ταύτην
1783 543 1889 613 γὰρ

1997 549 2155 606 tates,
2183 541 2338 611 quasi
2359 539 2554 594 cedrus
2579 540 2719 592 inter
2759 539 2999 610 reliquas
3039 538 3269 592 arbores
3295 543 3463 605 caput
3489 552 3582 590 ex-

269 627 456 678 δὼσει
500 625 656 698 δίκην
715 627 931 680 δικαίαν
983 628 1124 700 ὑπὲρ
1173 623 1249 684 ὧν
1309 631 1452 701 μέγα
1501 633 1641 686 κατὰ
1701 634 1891 686 πασῶν

275 719 512 790 ἐφρόνει
550 717 663 770 τῶν
709 719 937 784 πόλεων,
963 720 1162 774 ὡσανεὶ
1205 722 1401 794 κέδρου
1451 725 1608 794 δίκην
1660 727 1796 797 πρὸς
1823 729 1891 781 τὰ

274 809 459 862 λοιπὰ
493 811 827 882 κρινομένης
856 811 999 880 φυτὰ
1043 813 1432 888 ὑπερφέρουσα
1462 817 1571 870 τῶν
1611 819 1885 873 ἁπάντων.

282 922 301 949 ι
334 900 491 971 Αῦτη
519 903 553 970 ή
585 900 739 964 πόλις
764 905 796 972 ἡ
823 903 1154 974 φαυλίστρια
1183 908 1215 975 ή
1245 907 1572 961 κατοικοῦσα
1595 910 1886 977 ἐπ’ὲλπίδι,

273 993 312 1060 ὴ
357 991 594 1059 λέγουσα
628 993 686 1045 ὲν
720 993 920 1064 καρδίᾳ
954 995 1144 1065 αὐτῆς,
1184 996 1324 1064 Ἐγὼ
1347 999 1485 1067 εἰμι,
1519 999 1612 1053 καὶ
1646 1001 1745 1053 οὐκ
1775 1001 1888 1054 ἐστι

277 1083 412 1152 μετ’
431 1082 535 1152 ἐμὲ
566 1082 666 1135 ἔτι.
683 1102 700 1134 ο
726 1083 959 1154 Εὔδηλον
984 1085 1040 1139 δὲ
1060 1087 1140 1139 ὅτι
1175 1089 1237 1140 ὲκ
1256 1088 1356 1157 τῆς
1374 1090 1585 1152 πόλεως
1609 1091 1716 1144 τῶν
1748 1093 1888 1146 ἐνοι-

277 1173 536 1226 κούντων
559 1173 617 1226 τὸ
646 1175 904 1247 φρόνημα
931 1177 1079 1246 λέγει
1102 1197 1114 1208 ·
1139 1179 1200 1231 ού
1231 1180 1342 1252 γὰρ
1373 1180 1438 1252 δὴ
1466 1182 1595 1254 περὶ
1618 1183 1726 1236 τῶν
1751 1183 1889 1254 ἀψύ-

276 1282 403 1335 χων
438 1265 607 1318 λίθων
637 1267 814 1320 ταῦτὰ
857 1286 1042 1339 φησιν.
1076 1269 1224 1342 Δῦτη
1265 1273 1466 1336 τοίνυν,
1498 1258 1681 1345 φησιν,
1742 1274 1887 1329 ἐστιν

277 1358 317 1424 ἡ
356 1356 712 1428 φαυλίστρια,
750 1359 871 1412 ἀντὶ
905 1360 1021 1422 τοῦ,
1057 1362 1090 1432 ή
1125 1365 1303 1419 πάντα
1338 1365 1437 1434 μὲν
1459 1367 1884 1436 ὲκφαυλίζουσα,

277 1440 366 1507 (p.
416 1438 550 1505 599)
589 1441 688 1493 καὶ
747 1441 919 1513 μηθὲν
976 1440 1118 1498 εἶναι
1158 1449 1283 1512 τοὺς
1341 1450 1562 1514 λοιποὺς
1609 1453 1886 1523 ἡγουμένη

277 1528 432 1598 πρὸς
482 1529 708 1601 ἑαυτὴν,
750 1534 942 1603 ἀρκεῖν
971 1533 1028 1586 δὲ
1055 1536 1220 1608 ἑαυτῇ
1247 1539 1384 1609 πρὸς
1412 1539 1626 1594 ἅπαντα
1661 1541 1886 1613 ὑπειλη-

279 1625 426 1690 φυῖα
447 1639 462 1652 ·
485 1623 648 1676 τοῦτο
686 1624 796 1692 γάρ
837 1627 953 1679 ἐστι
991 1627 1054 1680 τὸ
1087 1649 1104 1679 ι
1144 1630 1477 1684 κατοικοῦσα
1511 1633 1597 1684 ἐπ’
1631 1633 1828 1697 ἐλπίδι,
1862 1653 1880 1685 ι

278 1713 415 1766 ἀντὶ
467 1714 598 1777 τοῦ,
633 1715 824 1770 ἐλπίδα
857 1719 982 1789 περὶ
1017 1720 1218 1791 ἑαυτῆς
1261 1720 1458 1791 ἔχουσα
1499 1722 1576 1786 ὡς
1608 1723 1762 1778 οὐδὲν
1802 1724 1887 1777 ούο

1995 631 2215 685 tollens.
2261 648 2279 680 ι
2311 628 2434 684 Haec
2465 637 2549 683 est
2581 629 2774 683 civitas
2809 627 3174 698 vilipendens,
3219 642 3342 696 qua?
3371 627 3584 682 habitat

1994 723 2046 775 in
2085 737 2200 791 spe,
2229 737 2350 791 quae
2375 721 2510 774 dicit
2543 720 2601 773 in.
2641 720 2807 775 corde
2858 734 2958 775 suo
2992 739 3008 774 :
3033 719 3142 789 Ego
3181 735 3325 785 sum,
3374 727 3429 773 et
3471 736 3582 772 non

1993 821 2077 868 est
2113 822 2232 883 post
2257 828 2341 867 me
2387 812 2644 882 amplius.
2669 832 2687 863 ι
2721 811 2876 865 Patet
2929 812 3243 881 prophetam
3297 810 3446 866 urbis
3483 827 3583 866 nos

1994 906 2140 959 mine
2168 907 2468 959 incolarum
2520 905 2833 973 superbiam
2859 906 3117 959 denotare
3153 920 3166 958 :
3206 921 3380 974 neque
3433 903 3579 959 enim

1993 998 2061 1053 de
2102 999 2396 1054 insensatis
2440 997 2716 1067 lapidibus
2768 997 2883 1050 lucc
2928 996 3079 1050 dicit.
3125 997 3249 1051 Haec
3301 1007 3384 1052 est
3425 1012 3578 1067 ergo,

1993 1090 2193 1160 inquit,
2226 1091 2356 1144 urbs
2391 1089 2752 1159 vilipendens,
2781 1087 2832 1142 id
2880 1097 2964 1144 est
2999 1090 3246 1142 omnium
3301 1098 3582 1158 contemp-

1993 1176 2126 1240 trix,
2155 1184 2417 1231 etomnes
2434 1177 2673 1246 reliquas
2695 1192 2805 1247 pra:
2836 1193 2894 1232 se
2914 1178 3069 1232 ﬂocci
3103 1178 3329 1243 faciens,
3367 1178 3582 1247 sibique

1990 1269 2092 1339 ipsi
2128 1270 2194 1324 ad
2217 1270 2400 1324 omnia
2429 1270 2678 1326 suﬂicere
2719 1270 3062 1326 existimans.
3101 1271 3155 1325 ld
3187 1272 3332 1325 enim
3374 1272 3584 1342 signiﬁ-

1990 1370 2118 1416 cant
2169 1362 2331 1432 262
2367 1361 2528 1416 verba
2583 1381 2601 1414 ι
2633 1362 2889 1416 habitans
2929 1363 2983 1416 in
3014 1378 3129 1432 spe,
3159 1382 3176 1414 ι
3216 1363 3269 1418 id
3295 1371 3400 1427 est,
3426 1379 3579 1433 spem

1991 1455 2181 1510 fovens
2210 1456 2342 1509 nihil
2379 1469 2617 1524 unquam
2644 1456 2770 1510 mali
2789 1472 2847 1512 se
2870 1456 2968 1511 abs
2987 1458 3230 1527 quolibet
3252 1473 3574 1527 passuram:

1991 1549 2207 1602 unicam
2231 1557 2408 1602 semet
2454 1547 2800 1612 existimans,
2850 1548 3166 1617 nullamque
3215 1549 3405 1603 urbem
3458 1564 3581 1604 esse

1988 1638 2208 1708 dignam
2241 1655 2360 1708 qua:
2390 1654 2576 1693 secum
2604 1651 2975 1710 comparetur.
3011 1639 3107 1695 llis
3141 1656 3248 1695 non
3299 1640 3418 1696 sine
3452 1655 3583 1696 con-

1992 1732 2134 1786 vicio
2165 1731 2350 1794 dictis,
2376 1731 2608 1801 ejusque
2655 1731 2920 1788 adversus
2955 1747 3148 1787 omnes
3182 1733 3439 1804 superbia
3478 1734 3580 1788 ob-

276 1804 488 1861 δέποτε
517 1808 818 1880 πεισομένη
849 1810 980 1880 παρ’
1011 1811 1200 1882 ἐτέρου
1240 1814 1408 1868 κακόν
1426 1829 1440 1845 ο
1463 1809 1776 1887 διακειμένη
1800 1831 1881 1882 τε,

1997 1822 2227 1892 iurgata,
2253 1794 2469 1892 egregie
2502 1794 2654 1876 addit
2689 1840 2701 1876 :
2737 1841 2754 1873 ι
2787 1821 3070 1888 Quomodo
3115 1794 3371 1881 facta-est
3399 1825 3456 1880 in
3487 1840 3583 1900 so-

279 1900 484 1970 φησὶν,
519 1900 595 1963 ὼς
632 1901 767 1972 μόνη
809 1919 867 1955 τε
892 1899 1056 1969 οὖσα,
1083 1906 1175 1957 καὶ
1197 1905 1316 1957 οὐδὲ
1349 1908 1406 1959 ὲν
1431 1906 1508 1978 τῷ
1539 1905 1680 1963 εἶναι
1711 1908 1893 1981 κρίνεο

281 1990 422 2042 σθαι
476 1989 644 2056 ἀξίων
684 1991 858 2045 οὐσῶν
887 1992 997 2045 τῶν
1040 1994 1244 2046 λοιπῶν
1279 1994 1488 2049 πόλεων
1531 1997 1670 2068 πρὸς
1698 1998 1890 2069 αὑτήν.

282 2073 434 2132 Εἶτα
454 2079 826 2144 ὸνειδιστικῶς
851 2081 1024 2136 ταῦτα
1050 2084 1239 2148 εἰπὼν,
1273 2087 1364 2138 καὶ
1397 2087 1496 2158 τὴν
1519 2088 1659 2142 κατὰ
1677 2090 1894 2143 πάντων

278 2170 884 2244 ὀνειδίσαςύπεροψίαν
902 2177 1060 2247 αὐτῇ,
1078 2177 1337 2232 κάλλιστα
1357 2181 1572 2248 ἐπάγει·
1597 2201 1614 2231 ι
1629 2181 1752 2245 Πῶς
1774 2183 1898 2251 ὲγέ-

279 2281 420 2318 νετο
438 2267 522 2329 εἰς
549 2266 857 2337 ἀφανισμὸν
883 2268 1020 2339 νομὴ
1049 2269 1285 2340 θηρίων;
1317 2275 1424 2334 πᾶς
1443 2275 1471 2326 ὁ
1497 2276 1893 2346 παραπορευό-

286 2352 465 2426 μενος
495 2356 668 2428 αὐτῆς
713 2361 1025 2428 συριεῖ,καὶ
1052 2363 1266 2433 κινήσει
1305 2365 1405 2426 τὰς
1435 2367 1620 2436 χεῖρας
1653 2367 1838 2420 αὑτοῦ.
1867 2388 1886 2421 ι

298 2448 476 2502 Ἀλλὰ
505 2449 616 2523 γὰρ
648 2451 770 2505 οἵαν
796 2452 1223 2526 ὑπομεμένηκας
1253 2456 1351 2528 τὴν
1385 2458 1686 2529 μεταϐολὴν
1706 2498 1719 2522 ,
1742 2460 1892 2525 ὅπως

1991 1911 2300 1976 litudiuem,
2328 1913 2383 1965 in
2416 1928 2678 1983 pascuum
2720 1913 3064 1967 bestiarum?
3121 1911 3315 1969 Omnis
3359 1915 3450 1985 qui
3485 1931 3581 1985 per

1990 2019 2110 2058 eam
2143 2005 2423 2068 transibit,
2472 2006 2712 2061 sibilabit
2749 2021 3054 2078 manusque
3095 2023 3225 2063 suas
3271 2022 3583 2062 commove~

1995 2093 2094 2147 bit.
2123 2112 2139 2142 ι
2160 2093 2520 2164 llemqualem
2539 2108 2765 2166 experta
2799 2115 2859 2153 es
2884 2100 3328 2162 conversionem,
3374 2099 3429 2152 in
3463 2108 3582 2153 lan-

1995 2193 2111 2241 tum
2138 2193 2194 2241 ut
2222 2202 2490 2257 pascuum
2525 2189 2824 2245 bestiarum
2849 2192 3090 2246 evaseris
3119 2232 3132 2255 ,
3168 2200 3227 2246 ut
3251 2193 3579 2262 omnesqui

1994 2279 2149 2348 juxta
2171 2288 2225 2335 te
2251 2287 2558 2347 transeunt,
2586 2282 2896 2346 exsibilent,
2930 2301 3236 2354 manusque
3281 2301 3413 2340 suas
3453 2301 3581 2356 erga

1997 2372 2380 2439 teintendant,
2415 2384 2617 2428 tantam
2652 2376 2916 2430 mirantes
2945 2378 3402 2433 conversionem!
3441 2376 3583 2444 Quid

1994 2479 2126 2518 vero
2155 2464 2444 2520 dicentes?

281 2542 352 2595 δὲ
371 2544 456 2607 είς
478 2544 716 2615 ἐρημίαν
748 2545 1026 2610 καταστὰς
1057 2547 1196 2619 νομὴ
1224 2548 1455 2616 γέγονας
1488 2549 1723 2621 θηρίων;
1754 2550 1895 2604 ὥστε
1931 2551 2179 2617 ἅπαντας
2206 2555 2334 2617 τοὺς
2360 2555 2656 2625 παριόντας
2686 2555 2958 2626 συρίττειν
2986 2573 3043 2608 τε
3075 2557 3167 2608 ἐπὶ
3196 2557 3276 2610 τοὶ
3299 2559 3393 2610 καὶ
3416 2560 3585 2610 κινεῖν

282 2631 396 2696 τὰς
427 2637 636 2707 χεῖρας,
661 2635 1039 2707 θαυμάζοντας
1058 2655 1152 2691 σου
1179 2639 1278 2710 τὴν
1307 2639 1575 2711 τοσαύτην
1611 2640 1946 2712 μεταϐολήν·
1979 2643 2072 2696 καὶ
2108 2643 2162 2695 τί
2189 2641 2403 2711 λέγειν;

963 2799 1120 2852 ΚΕΦ.
1152 2798 1222 2854 Γ.

367 2911 522 2982 Στίχ.
548 2919 618 2978 α’,
656 2910 722 2982 β’.
751 2943 820 2953 —-
856 2909 955 2967 «Ὦ
988 2916 1020 2984 ή
1065 2915 1334 2987 ἐπιφανὴς
1379 2916 1474 2969 καὶ
1507 2916 1892 2989 λελυτρωμένη

287 3003 483 3065 πόλιςο
508 3005 542 3074 ή
579 3004 882 3074 περιστερὰ
911 3006 1013 3058 οὐκ
1051 3007 1339 3076 εἰσήκουσε
1372 3009 1556 3078 φωνῆς
1577 3051 1591 3075 ,
1627 3009 1746 3064 οὐδὲ
1779 3010 1893 3064 ἐδέ-

285 3095 428 3160 ξατο
459 3095 730 3160 παιδείαν,
762 3096 856 3148 ἐπὶ
884 3095 962 3166 τῷ
985 3097 1175 3170 κυρίῳ
1205 3098 1302 3150 οὐκ
1332 3099 1611 3152 ἐπεποίθει
1639 3100 1733 3154 καὶ
1757 3101 1891 3171 πρὸς

286 3186 390 3239 τὸν
426 3185 565 3239 Θεὸν
590 3185 763 3256 αὐτῆς
793 3187 894 3240 οὐκ
944 3188 1193 3258 ήγγισεν.
1231 3208 1249 3242 ι
1285 3189 1492 3255 Ταῦτα,
1518 3193 1703 3262 φησὶν,
1736 3193 1894 3264 ἐροῦ-

289 3296 408 3343 σιν,
437 3278 643 3350 Ὀπόση
666 3295 752 3342 τις
770 3275 838 3350 ἦν
869 3280 903 3351 ή
933 3280 1141 3352 ταύτης
1170 3282 1516 3351 περιφάνεια,
1545 3283 1694 3347 ὅπως
1729 3284 1896 3338 ἁπάν-

285 3388 406 3423 των
451 3367 788 3442 ἐκεχώριστο
818 3370 926 3424 τῶν
970 3370 1191 3437 κακῶν;
1215 3372 1375 3426 τοῦτο
1407 3372 1516 3447 γὰρ
1548 3373 1715 3441 λέγει,
1754 3394 1773 3426 ι
1803 3374 1894 3428 λε-

287 3462 628 3532 λυτρωμένη
672 3479 686 3492 '
722 3481 741 3515 ι
777 3465 948 3535 ὁπόση
991 3481 1077 3527 τις
1131 3464 1304 3534 αὐτῆς
1351 3460 1420 3536 ἦν
1473 3467 1506 3537 ή
1551 3466 1891 3536 εὐπρέπεια;

288 3554 398 3624 τὴν
431 3553 544 3625 γὰρ
567 3555 896 3625 περιστερὰν
918 3555 1075 3608 τοῦτό
1107 3573 1293 3627 φησιν,
1313 3557 1500 3630 ἐπειδή
1527 3575 1644 3622 πως
1665 3559 1894 3631 τερπνὸν

289 3649 357 3699 ἐν
383 3647 597 3717 ὀρνέοις
630 3643 769 3701 εἶναι
793 3648 941 3702 δοκεῖ
971 3648 1033 3702 τὸ
1068 3649 1207 3713 ζῶον
1239 3650 1335 3704 καὶ
1361 3651 1610 3722 σοϐαρῶς
1637 3652 1852 3723 βαδίζον
1875 3670 1890 3685 ο

289 3738 446 3793 οὕτω
480 3739 574 3792 καὶ
595 3741 623 3792 ό
647 3741 916 3811 μακάριος
950 3740 1098 3808 λέγει
1119 3741 1282 3794 Δαυῖδ
1302 3758 1316 3774 ο
1364 3761 1382 3793 ι
1436 3742 1562 3797 Ἐὰν
1596 3745 1896 3817 κοιμηθῆτε

2648 2805 2801 2861 car.
2841 2806 2926 2862 Ill.
2999 2767 3006 2782 ’

2076 2919 2308 2982 νειιε.1,
2327 2917 2456 2974 2.-
2483 2936 2501 2972 ι
2529 2916 2573 2973 Ο
2604 2919 2836 2976 illustris
2858 2927 2912 2974 et
2943 2921 3218 2990 redempta
3246 2919 3459 2986 civitas,
3486 2934 3582 2975 co-

1997 3008 2199 3063 lumba!
2233 3007 2352 3063 Non
2383 3006 2660 3063 exaudivit
2682 3023 2906 3072 vocem;
2939 3023 3046 3062 non
3075 3009 3297 3064 admisit
3330 3007 3580 3080 discipli-

1995 3101 2224 3168 nam;in
2257 3101 2487 3156 Domino
2522 3117 2631 3156 non
2660 3109 2746 3156 est
2777 3101 3006 3165 confisa,
3032 3101 3207 3157 ctDeo
3233 3117 3334 3158 suo
3364 3117 3472 3156 non
3489 3117 3583 3173 ap-

1997 3194 2406 3265 propinquavit.
2434 3213 2452 3246 ι
2499 3192 2592 3250 Sic
2632 3209 2842 3261 omnes,
2869 3195 3070 3265 inquit,
3108 3193 3291 3250 dicent
3327 3192 3586 3259 :Quanta

1997 3286 2102 3340 fuit
2153 3288 2317 3356 hujus
2370 3287 2705 3344 celebritas!
2753 3297 3022 3358 quantum
3064 3287 3212 3342 omni
3269 3286 3588 3342 calamitate

1998 3378 2190 3434 aberat
2210 3380 2223 3432 ι
2272 3374 2327 3430 Id
2341 3377 2544 3447 quippe
2558 3375 2784 3429 denotat
2796 3375 2985 3442 dictio,
2999 3395 3015 3426 ι
3036 3375 3587 3449 redempta.tQuanta

1997 3471 2118 3542 ejus
2145 3469 2499 3541 pulchritudo
2531 3471 2674 3526 erat!
2719 3469 2823 3524 hoc
2853 3469 3000 3525 enim
3048 3467 3272 3524 denotat
3316 3469 3586 3525 columbae

1999 3562 2349 3626 vocabulum,
2381 3560 2528 3632 quod
2558 3560 2761 3614 animal
2789 3559 3004 3616 videtur
3024 3561 3167 3615 inter
3186 3575 3316 3615 aves
3339 3561 3589 3630 apprime

1999 3653 2321 3709 delectabile
2357 3661 2412 3706 et
2455 3666 2580 3706 cum
2634 3649 2902 3721 dignitate
2946 3651 3225 3704 incedens.
3278 3647 3373 3704 Sic
3420 3650 3588 3703 etiam

1998 3746 2197 3801 beatus
2228 3745 2306 3799 ait
2334 3742 2504 3799 David
2537 3763 2551 3799 :
2593 3762 2612 3796 ι
2643 3741 2699 3796 Si
2741 3741 3192 3798 dormiatisinter
3221 3741 3432 3797 medios
3478 3741 3590 3795 cle-

293 3831 409 3883 ἁνὰ
435 3829 620 3901 μέσων
647 3830 756 3884 τῶν
785 3831 1025 3902 κλήρων,
1047 3833 1123 3902 (p.
1148 3832 1275 3904 400)
1299 3834 1417 3886 ἐκεῖ
1435 3835 1705 3906 πτέρυγες
1736 3856 1895 3909 περι-

2000 3852 2116 3902 ros,
2151 3837 2224 3892 ibi
2259 3837 2359 3891 ala:
2392 3837 2661 3892 columbae
2692 3838 3082 3908 deargentataz,
3114 3845 3167 3890 et
3196 3835 3422 3890 dorsum
3466 3834 3590 3904 ejus

294 3923 506 3992 στερᾶς
555 3922 1100 3992 περιηργυρωμέναι,
1135 3924 1231 3975 καὶ
1260 3925 1328 3977 τὰ
1368 3926 1684 3998 μετάφρενα
1727 3929 1895 4000 αὐτῆς

2002 3944 2125 3984 cum
2153 3929 2362 3999 pallore
2395 3933 2513 3983 auri
2529 3928 2628 3983 ⁸⁰.›
2659 3927 2798 3983 Dicit
2831 3927 3089 3982 nimirum
3129 3934 3250 3996 post
3265 3925 3588 3998 acquisitam

291 4017 360 4068 ἐν
391 4014 701 4084 χλωρότητι
753 4013 1000 4085 χρυσίου·
1047 4034 1066 4068 ι
1110 4015 1487 4082 ἀπολαϐόντας
1515 4020 1613 4090 τὴν
1661 4021 1765 4092 γῆν
1799 4021 1895 4092 τῆς

2003 4020 2394 4091 promissionis
2427 4031 2652 4086 terram,
2688 4018 2966 4076 lsraelitas
3012 4018 3182 4073 videri
3229 4033 3338 4088 pra:
3375 4019 3592 4075 caneris

293 4107 665 4176 ἐπαγγελίας,
717 4107 975 4161 ἁπάντων
1027 4107 1318 4178 φανεῖσθαι
1365 4111 1494 4174 τοὺς
1559 4113 1895 4184 Ἰσραηλίτας

2005 4113 2381 4180 delectabiles,
2447 4114 2513 4168 ad
2563 4113 2831 4168 columbae
2874 4111 3314 4168 similitudinem.
3361 4109 3440 4165 Ita
3485 4111 3590 4166 hoc

293 4200 706 4273 τερπνοτέρους
757 4201 933 4269 λέγων
985 4203 1052 4272 τῇ
1104 4201 1204 4271 τῆς
1242 4205 1573 4276 περιστερᾶς
1595 4206 1895 4277 -όμοιώσει·

2003 4204 2167 4258 etiam
2221 4205 2343 4259 loco
2374 4205 2561 4259 dicere
2581 4203 2765 4258 'voluit
2798 4219 2898 4274 pro
2941 4205 3170 4273 pulchra
3215 4210 3268 4257 et
3314 4205 3588 4272 speciosa.

295 4293 451 4348 οὕτω
479 4291 762 4347 κάνταῦθα
796 4295 974 4348 εἰπεῖν
1000 4294 1300 4368 ἠϐουλήθη,
1348 4297 1469 4351 ἀντὶ
1508 4297 1625 4362 τοῦ,
1653 4299 1832 4370 ὡραία
1863 4302 1895 4374 ἢ

2003 4294 2167 4351 Velut
2222 4297 2386 4350 etiam
2425 4295 2620 4352 beatus
2668 4294 2951 4350 Nahumus
2999 4296 3047 4350 ei
3092 4295 3408 4350 convicians
3469 4297 3587 4351 ait:

294 4386 614 4457 ἐπιτερπής
633 4403 648 4418 ο
684 4385 761 4449 ὡς
789 4385 882 4439 καὶ
913 4387 942 4438 ό
977 4387 1248 4457 μακάριος
1277 4389 1473 4460 Ναοὺμ
1504 4389 1776 4454 ὀνειδίζων
1805 4394 1895 4446 αὺ-

2009 4407 2027 4441 σ
2054 4387 2312 4464 Meretrix
2365 4387 2592 4458 pulchra
2632 4395 2686 4441 et
2714 4387 3038 4457 gratiosa".
3079 4406 3097 4438 ι
3138 4386 3284 4441 Talis
3323 4402 3447 4441 cum
3497 4403 3591 4442 es-

294 4481 370 4551 τῇ
407 4478 560 4547 λέγει
585 4477 670 4542 τὸ,
704 4496 724 4530 ι
761 4478 943 4549 Πόρνη
977 4477 1118 4550 καλὴ
1148 4479 1240 4532 καὶ
1283 4480 1557 4553 ἐπίχαρις.
1592 4501 1609 4533 ι
1645 4483 1903 4556 Τοιαύτη,

297 4575 498 4644 φησιν,
525 4566 683 4636 οὖσα,
715 4571 812 4640 τῆς
854 4571 950 4624 τοῦ
1001 4570 1345 4642 πεμφθέντος
1387 4573 1524 4644 πρὸς
1557 4574 1726 4646 αὐτὴν
1773 4594 1906 4648 προσ

297 4666 484 4736 φήτου
518 4663 709 4734 φωνῆς
755 4665 857 4716 οὐκ
890 4665 972 4732 εἰς
1008 4663 1160 4726 τέλος
1207 4664 1460 4736 ήκουσεν,
1491 4667 1613 4720 οὐδὲ
1664 4668 1928 4739 παντελῆ.

297 4758 406 4829 τὴν
463 4757 676 4810 ἐκεῖθεν
733 4755 953 4820 ἐδέξατο
1005 4755 1392 4811 διδασκαλίαν·
1437 4759 1573 4830 πρὸς
1621 4760 1816 4832 μικρὸν
1847 4761 1905 4815 δὲ

303 4850 751 4922 μεταϐάλλεσθαι
782 4848 1014 4903 δοκοῦσα
1041 4889 1056 4914 ,
1088 4844 1247 4912 αὖθις
1276 4851 1370 4903 ἐπὶ
1421 4851 1522 4922 τὴν
1574 4853 1778 4922 ἑαυτῆς
1810 4855 1906 4907 ἀν-

297 4944 548 5018 έδραμεν
583 4941 784 4995 κακίαν
807 4959 820 4972 ·
857 4941 979 4994 οὐδὲ
1011 4940 1143 5009 γοῦν
1181 4941 1337 5009 λόγον
1377 4943 1498 4996 τινὰ
1528 4944 1622 4996 τοῦ
1663 4946 1749 4998 τὸν
1777 4963 1908 5017 προ-

297 5035 491 5106 φήτην
535 5032 962 5096 ἀποστείλαντος
991 5032 1290 5102 ἐποιήσατο
1319 5033 1478 5095 Θεοῦ,
1500 5035 1620 5087 οὐδὲ
1654 5036 1908 5106 ἐδοκίμα-

299 5145 401 5181 σεν
446 5125 600 5195 αύτῷ
653 5124 840 5178 λοιπὸν
899 5123 1283 5195 προσανέχειν,
1337 5123 1596 5195 τοιαύτην
1655 5127 1906 5198 εἰληφυῖα

296 5220 532 5288 πεῖραν.
560 5217 886 5271 Τούναντίον
911 5217 1012 5288 μὲν
1043 5211 1137 5269 οῦν
1168 5216 1381 5286 ἀπέστη
1417 5233 1478 5269 τε
1507 5217 1672 5271 αὑτοῦ
1710 5237 1909 5274 παντε-

293 5314 439 5378 λῶς,
479 5311 575 5366 καὶ
633 5310 772 5379 πρὸς
822 5309 1062 5379 πόλεμον
1105 5308 1273 5362 αὐτοῦ
1308 5309 1568 5379 κατέστη,
1617 5313 1758 5381 μετὰ
1807 5313 1907 5383 τὴν

293 5405 417 5459 τῶν
452 5403 589 5457 δέκα
613 5401 797 5470 φυλῶν
828 5401 1110 5472 ἀναίρεσιν
1139 5399 1505 5470 ὲπεληλυθυῖα
1527 5405 1593 5472 τῇ
1631 5404 1906 5474 Ἰερουσα-

301 5496 446 5564 λὴμ,
477 5494 536 5545 ὲν
587 5486 734 5564 ᾗπερ
769 5486 911 5544 εἶναι
965 5489 1061 5541 τοῦ
1109 5488 1245 5543 Θεοῦ
1299 5490 1584 5545 συνέϐαινε
1633 5494 1726 5547 τὸν
1755 5496 1901 5550 ναόν.

315 5584 592 5641 Ἐνταῦθα
623 5583 786 5638 πάλιν
818 5585 865 5635 οἱ
897 5580 1206 5653 θαυμαστοὶ
1239 5581 1527 5651 μυθολόγοι
1553 5585 1659 5639 τῶν
1695 5585 1904 5658 Σύρων,

364 5779 416 5814 ³ο
462 5773 794 5833 l’sai.vatt,
831 5771 912 5826 ιι.
995 5771 1034 5802 ³¹
1066 5767 1203 5826 Nah.
1243 5785 1321 5839 ιιι,
1356 5769 1410 5824 4.

2006 4467 2090 4537 set
2121 4479 2360 4550 (Ninive)
2389 4479 2546 4534 missi
2579 4478 2646 4532 ad
2676 4493 2795 4532 eam
2845 4478 3124 4548 prophetat
3163 4478 3346 4531 noluit
3399 4493 3591 4533 vocem

2005 4587 2179 4642 usque
2209 4572 2277 4626 ad
2327 4569 2488 4625 ﬁnem
2541 4570 2751 4632 audire,
2810 4583 2989 4638 neque
3029 4567 3324 4639 perfectam
3370 4568 3592 4624 admisit

2004 4664 2389 4734 disciplinam;
2426 4659 2523 4717 sed
2557 4661 2829 4731 tantisper
2845 4661 2959 4716 visa
2988 4663 3256 4723 converti,
3289 4676 3485 4716 rursus
3523 4662 3591 4716 ad

2008 4753 2258 4810 eamdem
2291 4752 2529 4808 recurrit
2555 4753 2878 4821 nequitiam.
2917 4751 3062 4806 Nihil
3094 4752 3249 4821 pensi
3286 4751 3451 4808 Deum
3504 4753 3604 4806 ha-

2006 4845 2126 4900 buit
2169 4843 2262 4915 qui
2295 4844 2618 4914 prophetam
2653 4841 2899 4907 miserat,
2933 4857 3112 4911 neque
3148 4841 3310 4913 263
3354 4843 3431 4896 illi
3466 4842 3595 4900 obe-

2007 4940 2128 4993 dire
2181 4938 2447 5007 deinceps
2490 4937 2686 5001 voluit,
2743 4949 3059 5005 quanquam
3103 4936 3212 4990 tale
3267 4943 3597 5006 tantumque

2006 5031 2442 5101 experimentum
2486 5035 2726 5100 ceperat.
2792 5027 2899 5082 Sed
2939 5035 3131 5082 contra
3182 5029 3369 5098 potius
3417 5043 3447 5080 a
3484 5027 3622 5083 Deo,-

2008 5137 2237 5192 prorsus
2285 5121 2536 5186 recessit,
2578 5119 2690 5174 imo
2739 5121 2940 5176 bellum
3000 5121 3054 5174 in
3100 5135 3225 5174 eum
3279 5120 3594 5184 commovit,

2007 5231 2132 5270 cum
2188 5222 2311 5284 post
2357 5215 2546 5270 decem
2597 5214 2836 5268 tribuum
2891 5214 3203 5279 excidium,
3250 5212 3594 5268 Hierusalem

2005 5307 2196 5362 adorta
2230 5314 2336 5369 est,
2369 5320 2478 5376 qua
2509 5305 2565 5359 in
2605 5305 2742 5361 urbe
2774 5305 3036 5373 templum
3075 5303 3167 5358 Dei
3210 5313 3348 5357 erat.
3377 5302 3593 5357 Rursus

2005 5399 2094 5454 hic
2143 5397 2420 5453 mirabiles
2470 5395 2731 5468 Syrorum
2804 5394 3103 5465 mythologi
3170 5395 3324 5450 aiunt
3398 5411 3411 5448 :
3463 5407 3590 5447 tom

2007 5494 2268 5563 Syrorum
2326 5490 2510 5560 lingua
2559 5486 2820 5558 appellari
2865 5485 3198 5540 columbam.
3252 5484 3618 5556 Sephoniam..

2005 5586 2189 5657 igitur,
2221 5583 2458 5640 voluisse
2493 5583 2634 5637 hanc
2669 5578 2943 5649 appellare
2980 5578 3260 5649 propheta:
3298 5577 3450 5636 Jona:
3492 5593 3624 5634 uru-
