4118 6484
523 285 628 351 ΑθΊ
1730 288 2081 356 ἸἫΕΟΒΟΒΙ
2117 292 2605 361 ΜΟΡΒΒΕδΤΕΝῐ
3681 294 3785 355 668

523 404 646 461 bern
672 446 688 474 ,
721 407 817 481 qui
847 402 957 463 illie
985 409 1301 479 praedicavit
1334 428 1347 466 :
1384 419 1439 465 at
1470 411 1719 469 Graecum
1747 414 2101 486 interpretem
2134 438 2149 481 λ

2163 440 2176 482 ι
2220 419 2411 487 Ἰωνᾶ,
2463 419 2616 489 φασὶ,
2664 418 2880 485 λέγεται
2925 419 3070 475 κατά
3101 417 3200 491 τὴν
3251 416 3438 489 Σύρων
3466 414 3712 486 γλῶτταν
3751 419 3789 494 ἠ

524 496 837 552 columbam
866 513 975 553 non
1011 501 1129 556 sine
1166 517 1352 558 errore
1384 498 1613 559 divisse.
1643 502 1747 559 Sed
1775 508 1923 561 enim
1956 509 2102 576 quod

2207 511 2531 582 περιστερά·
2565 512 2594 563 ὁ
2621 511 2719 582 μὲν
2737 506 2829 565 οὗν
2863 511 3171 582 προφήτης,
3211 510 3366 564 Ἰωνᾶ
3384 508 3483 563 τοῦ
3505 508 3788 581 προφήτου

522 602 634 671 non
681 590 1028 659 septuaginta
1072 590 1174 646 viri
1239 595 1565 659 erraverint,
1619 594 1715 651 sed
1762 597 1880 667 ipse
1919 599 2104 668 potius

2211 602 2365 655 πόλιν
2396 601 2569 671 αὐτὴν
2605 599 2850 671 βούλεται
2881 599 3062 667 λέγειν
3088 599 3177 653 διὰ
3204 598 3266 651 τὸ
3288 597 3479 652 αὐτόθι
3503 596 3741 669 κηρύξαι
3772 614 3790 645 ο.

524 668 824 747 Scripturae
858 677 1033 751 Syrus
1066 681 1342 753 interpres
1382 699 1604 740 errores
1643 700 1842 755 passus
1881 688 2104 742 creden-

2209 694 2238 743 ὁ
2269 668 2617 763 ἑρμηνεύσας.
2635 690 2712 755 δέ,
2730 689 3061 762 περιστερὰν
3090 689 3260 758 αὐτὴν
3291 684 3413 741 εἶπε
3439 687 3786 756 διασφαλείς.

522 767 629 823 dus
659 768 750 835 sit,
780 769 990 826 dictum
1020 789 1050 828 a
1089 775 1249 832 nobis
1283 786 1444 832 antea
1483 776 1620 834 satis
1648 777 1774 834 fuit.
1804 777 1939 833 lllud
1973 795 2103 833 vero

2213 783 2347 854 Περὶ
2373 783 2471 853 μὲν
2502 779 2596 837 οὖν
2643 780 2737 835 τοῦ
2784 782 2860 854 μὴ
2890 783 3017 845 τοὺς
3057 779 3460 852 Ἐὗδομήκοντα
3499 780 3785 848 ἐσφάλθαι,

521 860 800 928 quomodo
849 863 904 917 bi
932 865 1056 919 miri
1097 868 1398 939 mythologi
1424 884 1535 924 non
1574 870 1905 941 intelligunt,
1951 872 2099 941 quod

2209 872 2289 940 (p.
2318 871 2443 939 401)
2482 872 2573 925 τὸν
2592 871 2649 924 δὲ
2675 872 2755 935 εἰς
2780 871 2880 942 τὴν
2911 868 3101 941 Σύρων
3130 869 3379 939 γλῶτταν
3400 870 3786 942 ἡρμηνευκότα

520 960 620 1021 per
637 954 948 1012 convicium
980 957 1112 1012 dicit
1150 977 1165 1013 :
1192 978 1211 1011 ι
1249 958 1295 1037 Q
1327 962 1557 1019 illustris
1582 971 1636 1018 et
1663 963 1941 1033 redempta
1968 965 2102 1018 civ:-

2206 964 2306 1034 τὴν
2337 962 2560 1035 Γραφὴν
2597 963 2775 1034 πολλῷ
2815 961 3149 1032 δικαιότερον
3185 961 3252 1014 ἂν
3280 959 3600 1031 νομισθῆναι
3630 959 3788 1013 τοῦτο

522 1051 629 1110 tas,
661 1046 989 1103 columba?)
1026 1048 1153 1106 Haec
1181 1060 1310 1109 sunt
1340 1054 1485 1109 enim
1517 1062 1572 1111 et
1600 1055 1710 1110 alia
1754 1054 2094 1125 bujusmodi,

2214 1054 2561 1119 πεπονθέναι,
2583 1054 2798 1128 εἴρηται
2819 1054 3053 1127 πρόσθεν
3080 1053 3217 1125 ἡμῖν
3238 1051 3553 1124 ἀρκούντως
3571 1068 3585 1082 ο
3612 1053 3788 1107 ἐκεῖνο

520 1133 686 1188 veluti
706 1138 851 1207 apud
869 1138 1212 1197 Nahumum:
1256 1162 1275 1196 ι
1293 1144 1548 1200 Meretrix
1582 1147 1808 1218 pulchra
1824 1158 1877 1203 et
1895 1148 2099 1218 gratio-

2205 1143 2263 1197 δέ
2285 1146 2336 1197 οἱ
2365 1144 2669 1216 θαυμαστοὶ
2708 1145 2996 1216 μυθολόγοι
3027 1145 3142 1209 πῶς
3170 1144 3233 1197 οὐ
3271 1143 3507 1197 συνεῖδον
3538 1143 3621 1196 ὅτι
3646 1144 3787 1196 ὀνει-

521 1242 642 1304 s_a;:
671 1229 925 1287 similiter
955 1249 1102 1288 nunc
1130 1236 1291 1289 etiam
1324 1239 1590 1306 exprobat
1614 1240 1762 1293 illam
1793 1255 1899 1309 qua
1941 1249 2097 1294 antea

2214 1236 2373 1302 δίςων
2408 1239 2481 1308 τῇ
2513 1237 2665 1290 πόλει
2690 1236 2858 1306 λέγει,
2901 1256 2921 1289 ι
2961 1234 3036 1291 Ὦ
3067 1234 3336 1306 ἐπιφανὴς
3384 1235 3480 1288 καὶ
3518 1234 3788 1306 λελυτρω·

520 1318 860 1385 gloriabatur
899 1322 1321 1383 formositatem.
1367 1328 1755 1385 Verumtamen
1790 1329 1943 1385 lenae
1970 1345 2101 1400 pro-

2211 1327 2345 1398 μένη
2405 1326 2642 1397 πόλις,ή
2696 1327 3032 1398 περιστεράς
3073 1345 3091 1378 ι
3137 1324 3379 1381 Τοιαῦτα
3422 1324 3532 1395 γὰρ
3574 1324 3669 1377 καὶ
3716 1323 3788 1377 τά

520 1407 697 1475 phetaa
723 1413 916 1468 urbem
942 1456 957 1476 .
996 1424 1285 1486 propterea
1321 1420 1466 1488 quod
1498 1420 1567 1474 ab
1601 1420 1695 1474 illo
1724 1421 1934 1476 salvata
1966 1421 2093 1484 fuit,

2202 1417 2351 1488 ἑξῆς,
2383 1412 2494 1471 οἷον
2526 1418 2641 1470 ἐστὶ
2666 1418 2761 1471 καὶ
2791 1418 2942 1487 παρὰ
2974 1416 3052 1488 τῷ
3080 1416 3276 1484 Ναοὺμ
3307 1415 3418 1480 τδ,ι
3437 1414 3616 1485 Πόρνη
3648 1413 3785 1483 καλὴ

519 1509 798 1573 nunquam
844 1522 963 1563 eam
1014 1512 1059 1566 si
1112 1512 1556 1578 conviciaretur,
1595 1514 1847 1569 dixisset.
1887 1516 1957 1566 At
2006 1514 2097 1568 isti

2201 1510 2295 1562 καὶ
2332 1510 2589 1580 ἐπίχαρις
2607 1522 2654 1562 ἰ
2687 1509 2891 1580 ὁμοίως
2918 1508 3027 1581 γάρ
3051 1509 3189 1580 αὑτῇ
3216 1505 3497 1561 κάνταόθα
3536 1505 3787 1569 ὀνειδίζει

521 1592 761 1652 dictione
791 1615 896 1653 non
944 1602 1243 1667 intellecta,
1287 1604 1355 1658 ad
1411 1602 1670 1676 Syriacas
1697 1606 1981 1676 anilesque
2009 1604 2091 1658 fa-

2199 1602 2285 1670 ἐφ’
2376 1600 2610 1671 πρόσθεν
2637 1598 2960 1671 ἐσεμνύνετο
2988 1598 3287 1671 εὐπρεπείᾳ
3307 1616 3320 1628 ’
3355 1599 3512 1652 Ἰωνᾶ
3536 1597 3593 1650 δὲ
3632 1597 3788 1652 πόλιν

520 1683 676 1741 bulas
710 1694 961 1749 conversi
996 1703 1147 1750 sunt.

2199 1692 2368 1763 αὑτὴν
2418 1690 2513 1745 τοῦ
2567 1691 2850 1761 προφήτου
2898 1690 2989 1747 διὰ
3017 1690 3081 1745 τὸ
3116 1689 3186 1755 ἐξ
3230 1690 3442 1742 ἐκείνου
3493 1688 3785 1753 σεσῶσθαι,

518 1777 617 1829 οὑκ
637 1780 703 1832 ἄν
732 1797 861 1835 ποτε
882 1785 1155 1849 ὀνειδίζων
1175 1787 1299 1858 ἔφη·
1328 1788 1445 1840 ἀλλ’
1473 1791 1522 1842 oi
1560 1788 1656 1859 μὲν
1677 1790 1738 1844 οὑ
1772 1788 2087 1859 νενοηκότες
2118 1786 2178 1840 τὸ
2198 1784 2512 1857 εἰρημένον,
2542 1783 2637 1838 ἐπὶ
2670 1779 2967 1850 Συριακούς
2996 1797 3056 1836 τε
3081 1784 3172 1838 καὶ
3198 1781 3465 1855 γραώδεις
3486 1783 3790 1853 ἐτράποντο

521 1865 744 1936 μύθους.

591 2048 757 2107 Vens.
788 2055 908 2110 5-6.
935 2087 1003 2098 υ-
1041 2050 1243 2119 Verum
1305 2061 1571 2131 propheta
1600 2072 1966 2117 consentanee
2002 2078 2091 2117 se-
2125 2066 2168 2123 Β

2162 2074 2168 2114 ἰ
2267 2054 2414 2130 Στίχ.
2455 2057 2611 2127 γ’-ς¹.
2634 2088 2705 2097 --
2736 2058 2797 2111 ’0
2824 2058 2881 2112 δὲ
2915 2059 3202 2129 προφήτης
3243 2054 3551 2118 ἀκολούθως
3597 2055 3691 2107 καὶ
3715 2053 3788 2107 τὰ

517 2145 741 2210 quentia
792 2161 1013 2217 quoque
1072 2150 1259 2215 addit,
1303 2152 1543 2221 priscam
1590 2154 1737 2208 illius
1782 2153 2097 2209 felicitatem

2202 2156 2330 2225 ἑξῆς
2347 2156 2561 2223 ἐπάγει,
2586 2153 2682 2225 τὴν
2702 2151 2940 2206 παλαιὰν
2961 2150 3270 2221 εὐπραγίαν
3292 2148 3464 2217 αὐτῆς
3486 2145 3786 2218 εἰρωνικῶς

519 2235 727 2293 ironice
750 2240 911 2294 simul
954 2250 1007 2296 et
1043 2258 1165 2296 cum
1193 2244 1443 2300 convicio
1482 2261 1831 2302 memorans:
1872 2266 1889 2296 ι
1926 2246 2092 2300 Prin-

2199 2265 2259 2300 τε
2282 2249 2397 2318 ἅμα
2428 2246 2601 2315 λέγων
2631 2246 2724 2300 καὶ
2751 2241 3148 2306 όνειδιστικῶς·
3182 2260 3200 2292 ι
3225 2241 3288 2295 Οἱ
3315 2238 3574 2309 ἄρχοντες
3611 2238 3785 2307 αὑτῆς

518 2326 670 2396 cipes
692 2328 811 2397 ejus
840 2330 894 2384 in
931 2347 993 2387 ea
1020 2334 1182 2387 veluti
1215 2336 1494 2406 rugientes
1525 2338 1727 2391 leones.
1768 2356 1786 2389 ι
1816 2337 1965 2391 Adeo
2000 2352 2098 2406 po-

2201 2342 2259 2392 ἐν
2294 2339 2430 2410 αὐτῇ
2466 2339 2541 2401 ὡς
2578 2338 2792 2400 λέοντες
2820 2336 3144 2407 ὠρυόμενοι.
3179 2353 3199 2386 ι
3236 2332 3392 2386 οὕτω
3440 2331 3656 2385 δυνατοὶ
3687 2330 3785 2383 καὶ

518 2426 735 2486 tentes,
784 2430 838 2476 et
875 2424 1142 2480 adversus
1178 2441 1369 2481 omnes
1411 2429 1609 2497 asperi.
1657 2448 1675 2479 ί
1725 2425 1948 2484 Iudices
1978 2429 2098 2498 ejus

2201 2431 2343 2485 κατὰ
2389 2431 2607 2484 πάντων
2652 2428 3063 2498 θρασυνόμενοι.
3105 2445 3124 2477 ι
3157 2426 3221 2478 Οἱ
3271 2423 3457 2494 κριταὶ
3500 2422 3668 2492 αὐτῆς
3705 2420 3784 2483 ὡς

522 2518 581 2566 ut
612 2513 724 2584 lupi
765 2516 1016 2583 Arabiae,
1074 2521 1209 2575 nihil
1242 2520 1593 2577 dimittebant
1629 2524 1682 2577 in
1735 2537 1915 2578 mane.
1960 2542 1979 2576 ι
2014 2525 2095 2577 Ad

2200 2521 2354 2575 λύκοι
2389 2521 2487 2590 τῆς
2530 2519 2808 2591 Ἀραϐίας,
2837 2518 2936 2589 οὐχ
2965 2517 3294 2571 ὑπελίποντο
3325 2516 3405 2578 είς
3446 2513 3509 2566 τὸ
3552 2512 3715 2582 πρωΐ.
3758 2531 3777 2564 ι

518 2608 634 2659 rem
675 2605 1068 2664 conﬁciendam
1113 2612 1357 2677 celeres,
1409 2620 1468 2667 ut
1509 2629 1615 2667 una
1665 2614 1967 2683 eademque
2010 2614 2099 2669 die

2215 2613 2387 2677 ὐξεῖς
2435 2614 2561 2681 περὶ
2604 2611 2668 2664 τὸ
2717 2614 2891 2680 πέρας
2930 2609 3230 2664 ἐπιτιθέναι
3273 2610 3388 2670 τοῖς
3437 2608 3779 2677 πράγμασιν,

519 2704 716 2751 cuncta
751 2701 1062 2766 concidant,
1111 2703 1356 2774 nihilque
1397 2719 1506 2758 non
1545 2705 1856 2759 confectum
1909 2705 1963 2759 in
1996 2720 2095 2774 po-

2201 2705 2340 2759 ὥστε
2370 2705 2681 2775 αὐθημερον
2729 2705 2944 2757 ἅπαντα
2989 2701 3229 2773 τέμνειν,
3258 2700 3354 2754 καὶ
3390 2699 3555 2769 μηδὲν
3588 2696 3783 2761 ἀτελὲς

519 2795 726 2842 Sterum
756 2791 1089 2861 relinquant.
1133 2812 1152 2845 ι
1185 2793 1472 2864 Propheta:
1498 2795 1621 2863 ejus
1645 2794 1844 2865 spiritu
1876 2798 2094 2867 perciti,

2201 2801 2281 2861 εἰς
2320 2798 2419 2867 τὴν
2466 2795 2589 2867 ἑξῆς
2626 2796 2864 2863 ἀφιέναι.
2927 2813 2945 2845 ι
2979 2798 3039 2847 Οί
3074 2792 3353 2866 προφῆται
3399 2791 3570 2861 αὐτῆς
3616 2807 3782 2845 πνευ-

520 2879 623 2933 viri
669 2890 1094 2953 contemptores.
1137 2904 1155 2937 ι
1191 2884 1295 2952 Qui
1336 2887 1480 2957 apud
1529 2889 1726 2957 ipsam,
1756 2888 1966 2959 inquit,
2007 2906 2099 2945 va-

2204 2886 2499 2960 ματοφόροι
2540 2886 2729 2959 ἄνδρες
2784 2884 3211 2956 καταφρονηταί.
3254 2902 3272 2934 ι
3330 2883 3441 2935 Καὶ
3473 2882 3523 2935 οἱ
3546 2884 3604 2935 ἐν
3639 2881 3779 2951 αὐτῇ

520 2972 734 3027 ticinari
764 2979 1055 3042 spondent,
1092 2978 1264 3032 multo
1294 2993 1420 3033 cum
1450 2979 1593 3034 fastu
1626 2981 1743 3035 visa
1780 2981 1884 3036 sibi
1910 2981 2100 3052 loque-

2199 2981 2274 3047 δὲ,
2312 2980 2465 3051 φησὶ,
2507 2978 2867 3050 μαντεύεσθαι
2897 2977 3377 3046 ἐπαγγελλόμενοι,
3414 2975 3551 3045 μετὰ
3580 2972 3783 3043 πολλῆς

518 3062 740 3117 bantur.
811 3079 832 3114 ι
877 3063 1201 3127 Sacerdotes
1255 3069 1377 3138 ejus
1435 3072 1813 3127 contaminant
1874 3084 2095 3137 saneta,

2202 3073 2503 3145 ὑπεροψίας
2533 3073 2602 3126 τὰ
2631 3071 2892 3125 δοκοῦντα
2921 3069 3265 3138 ἐφθέγγοντο.
3318 3088 3336 3120 ι
3370 3068 3433 3121 υἱ
3472 3069 3635 3137 ἱερεῖς
3679 3067 3785 3119 αὑ-

520 3159 750 3221 peceant
774 3154 830 3208 in
866 3156 1059 3225 legem.
1102 3175 1121 3211 ι
1154 3157 1257 3225 Qui
1299 3160 1441 3229 apud
1473 3177 1568 3217 eos
1604 3161 1754 3234 fungi
1786 3166 2098 3221 sacerdotio

2200 3167 2298 3236 τῆς
2321 3163 2607 3236 βεϐηλοῦσι
2629 3163 2695 3217 τά
2718 3161 2869 3232 ἆγια,
2898 3163 2992 3214 καὶ
3010 3160 3296 3215 ἀσεϐοῦσιν
3325 3162 3402 3224 είς
3428 3158 3520 3213 τὸν
3542 3160 3721 3227 νόμον.
3758 3177 3777 3210 ι

518 3245 869 3311 videbantur,
919 3248 1085 3320 264
1135 3259 1327 3307 contra
1359 3254 1529 3322 legem
1579 3270 1754 3309 meam
1788 3264 2099 3326 contraque

2204 3261 2279 3327 (p.
2310 3253 2462 3326 602)
2516 3255 2629 3309 Καὶ
2684 3256 2733 3307 ot
2782 3251 3067 3316 δοκοῦντες
3110 3251 3167 3305 δὲ
3224 3252 3352 3323 παρ’
3394 3251 3579 3313 αὐτοῖς
3629 3252 3778 3320 ἱεραί

518 3336 781 3405 templum
817 3338 980 3409 impie
1012 3340 1274 3409 agebant;
1318 3351 1374 3397 et
1412 3358 1551 3413 quos
1600 3344 1967 3415 obsequentes
1996 3345 2096 3400 ha-

2198 3348 2397 3411 τεύειν,
2445 3348 2524 3411 εἷς
2554 3364 2617 3399 τε
2654 3345 2745 3399 τὸν
2791 3342 2956 3415 νόμον
2985 3344 3078 3398 τὸν
3128 3344 3260 3413 ἐμὸν
3297 3342 3379 3406 είς
3414 3359 3473 3395 τε
3514 3343 3605 3394 τὸν
3653 3337 3783 3393 ναὸν

521 3426 744 3492 hebant,
782 3430 847 3483 ad
887 3429 1003 3484 haec
1043 3430 1162 3502 ipsa
1196 3435 1404 3489 scelera
1438 3436 1686 3493 studiose
1721 3439 2092 3496 concitabant.
2124 3422 2147 3477 (

2157 3422 2453 3512 ίὴσέϐουν,
2513 3437 2801 3507 διεγείρειν
2860 3436 2953 3490 ἐπὶ
3009 3434 3183 3489 ταῦτα
3245 3435 3373 3497 τοὺς
3429 3432 3783 3502 πειθομένους

517 3517 884 3583 Quamobrem
915 3533 1323 3593 consequenter
1355 3527 1542 3583 subdit
1577 3547 1589 3582 :
1622 3547 1641 3581 ι
1694 3528 1961 3585 Dominus
1997 3546 2096 3584 au-

2204 3532 2386 3596 αὑτοῖς
2439 3531 2620 3583 πᾶσαν
2678 3530 2893 3599 ἔχοντες
2917 3526 3015 3597 τὴν
3047 3526 3302 3596 σπουδήν.
3339 3518 3434 3587 Οἷς
3471 3521 3810 3584 ἀκολούθως“

519 3606 829 3675 iemjustus
857 3610 912 3663 in
945 3610 1127 3667 medio
1161 3612 1373 3680 eerum,
1399 3622 1453 3670 et
1481 3616 1617 3671 nihil
1656 3626 1778 3688 aget
1800 3619 2047 3689 iniquum
2079 3638 2091 3672 :

2203 3628 2484 3697 ἐπήγαγεν
2507 3644 2521 3657 ⁶
2552 3643 2571 3676 t
2619 3625 2675 3678 '0
2706 3624 2764 3678 δὲ
2797 3623 3001 3694 Κύριος
3044 3621 3252 3687 δίκαιος
3290 3623 3348 3675 ἐν
3387 3611 3537 3692 μέσῳ
3576 3617 3779 3679 αὐτῶν,

517 3712 678 3754 mane
712 3700 1242 3770 proferetjudicium
1276 3720 1439 3760 suum
1477 3708 1532 3762 in
1560 3709 1758 3763 lucem.
1795 3726 1814 3761 ι
1854 3710 1925 3763 At
1945 3710 2093 3764 enim

2203 3721 2299 3774 καὶ
2324 3719 2383 3772 οὑ
2412 3719 2488 3789 μὴ
2521 3718 2720 3789 ποιήσῃ
2757 3715 2940 3769 ἄδικον
2960 3734 2973 3746 ·
3013 3714 3157 3786 πρωῒ
3203 3713 3363 3767 δώσει
3414 3716 3587 3784 κρίμα
3611 3712 3780 3766 αὑτοῦ

517 3789 652 3843 nihil
696 3791 777 3846 eis
810 3792 1017 3862 profuit
1063 3795 1154 3850 illa
1216 3796 1484 3865 iniquitas
1531 3814 1545 3851 :
1595 3814 1835 3870 namque
1884 3803 1942 3856 in
1985 3817 2097 3857 me-

2203 3811 2283 3873 είς
2318 3808 2455 3878 φῶς.
2496 3826 2516 3859 ι
2574 3805 2735 3860 Ἀλλά
2766 3805 2876 3876 γὰρ
2919 3804 3075 3859 οὐθὲν
3101 3802 3295 3872 ὄφελος
3327 3803 3511 3865 αὐτοῖς
3557 3802 3781 3869 γέγονεν

516 3884 611 3936 «lio
650 3893 841 3939 eorum
894 3888 1220 3942 versabatur
1272 3888 1449 3954 Deus,
1492 3894 1709 3948 etiamsi
1758 3909 1883 3949 eum
1937 3893 2096 3951 ﬂocci

2202 3901 2301 3971 τῆς
2330 3898 2676 3970 παρανομίας
2709 3897 2925 3967 ἐκείνης
2950 3913 2962 3925 ·
3004 3896 3099 3950 καὶ
3135 3895 3245 3965 γὰρ
3273 3894 3369 3949 καὶ
3406 3894 3647 3947 ἀκόντων
3683 3893 3784 3947 αὑ-

518 3973 793 4029 faciebant
833 3977 972 4046 :qui
1020 3986 1204 4034 tamen
1255 3997 1589 4054 magnOpere
1631 3986 1863 4056 iustitiae
1904 3997 2091 4051 tenax,

2200 3990 2311 4043 τῶν
2367 3991 2427 4042 έν
2463 3989 2613 4060 μέσῳ
2650 3987 2782 4051 Θεὸς
2819 3988 3094 4058 ὑπῆρχεν,
3132 3988 3181 4039 εί
3228 3988 3323 4059 καὶ
3368 3985 3576 4056 μηδένα
3620 3984 3782 4053 λόγον

515 4074 587 4121 ne
613 4082 760 4121 nunc
808 4070 1028 4138 quidem
1071 4071 1266 4128 borum
1310 4074 1656 4146 iniquitatem
1685 4078 1783 4134 diu
1817 4080 2095 4135 dominari

2202 4081 2367 4135 αὑτοῦ
2427 4080 2699 4134 ποιεῖσθαι
2756 4078 3072 4133 ἐϐούλοντο·
3132 4078 3192 4141 ὃς
3248 4078 3447 4150 πολλὴν
3492 4077 3630 4147 ἔχων
3683 4076 3781 4129 τοῦ

514 4157 659 4212 sinet
688 4161 919 4215 :etenim
952 4176 1076 4218 cum
1104 4164 1353 4235 iniquum
1381 4178 1597 4240 reputet
1626 4171 1882 4241 impunes
1911 4170 2096 4226 dimit-

2199 4175 2411 4229 δικαίου
2460 4174 2738 4246 φροντίδα,
2781 4170 2904 4226 οὑδὲ
2938 4171 3033 4226 νῦν
3062 4172 3313 4238 ἀνέξεται
3346 4173 3445 4242 τῆς
3478 4169 3630 4241 παρὰ
3654 4167 3783 4227 τού-

443 4264 459 4275 ·
512 4256 630 4305 tere
655 4250 969 4321 hujusinodi
1012 4256 1298 4324 homines,
1329 4270 1680 4331 properatum
1720 4263 1993 4333 judicium
2024 4266 2069 4320 dt

2200 4283 2307 4320 των
2351 4264 2772 4334 ἐπιτελουμένης
2830 4262 3040 4326 ἀδικίας
3094 4263 3188 4315 ἐπὶ⁵
3240 4261 3376 4315 πολὺ
3433 4258 3740 4332 κρατούσης
3762 4275 3777 4289 ·

518 4342 605 4398 bis
644 4345 961 4411 exercebit,
1013 4348 1402 4421 publicamque
1448 4352 1690 4423 imponet
1714 4355 1797 4411 eis
1839 4364 2094 4426 peccato-

2198 4357 2383 4412 ἄδικον
2408 4355 2465 4409 δὲ
2496 4354 2845 4427 ἡγησάμενος
2869 4353 2931 4407 τὸ
2955 4352 3341 4423 ἀτιμωρήτους
3361 4353 3580 4420 ἀφεῖναι
3603 4349 3780 4403 τοιού-

515 4449 635 4489 rum
704 4438 1074 4507 punitionem.
1135 4440 1273 4498 Nam
1330 4442 1633 4515 duplicata,
1663 4445 2093 4513 dictio,¢mane

2199 4465 2325 4512 τους
2346 4448 2527 4513 ὄντας,
2544 4445 2722 4513 ὀξεῖαν
2756 4442 2935 4516 κρίσιν
2966 4444 3075 4497 τῶν
3094 4445 3212 4499 κατ’
3237 4444 3433 4507 αὐτοὺς
3469 4444 3776 4513 ποιήσεται,

514 4541 691 4592 mane.
721 4544 1037 4587 rsummam
1067 4534 1412 4591 celeritatem
1466 4538 1709 4593 denotat.
1762 4538 1966 4593 Deinde
2011 4540 2089 4593 rei

2200 4539 2295 4592 καὶ
2321 4536 2588 4608 πρόδηλον
2609 4536 2795 4600 αὐτοῖς
2824 4534 3016 4600 ἐπάξει
3040 4536 3138 4607 τὴν
3168 4532 3307 4601 ὑπὲρ
3334 4535 3443 4588 τῶν
3482 4532 3782 4603 ἐπταισμέ-

511 4617 766 4673 eﬁ‘ectum
820 4622 1146 4690 signiﬁcans
1173 4642 1218 4678 ει
1244 4625 1299 4680 ln
1331 4630 1670 4696 corruptela,
1701 4628 1902 4697 inquit,
1944 4628 2088 4683 traxi

2199 4645 2305 4682 νων
2332 4627 2603 4697 τιμωρίαν
2630 4643 2645 4658 ·
2677 4627 2743 4679 τὸ
2770 4628 2879 4699 γὰρ
2909 4646 2928 4678 r
2971 4625 3116 4699 πρωϊ
3151 4623 3298 4697 πρωῒ
3334 4644 3354 4678 ι
3389 4625 3488 4697 τὴν
3513 4626 3654 4693 ἄγαν
3682 4640 3782 4679 τα-

512 4710 802 4777 superbus,
853 4711 1110 4780 dissipati
1154 4721 1283 4767 sunt
1335 4717 1518 4787 anguli
1572 4730 1786 4781 eorum,
1839 4718 2138 4789 desertas.

2155 4719 2406 4789 _xd'.-q‘ra
2464 4717 2632 4785 λέγει.
2688 4714 2819 4771 Εῐτα
2874 4718 2995 4772 τίνα
3056 4716 3123 4771 τά
3161 4719 3227 4770 ἐκ
3269 4716 3462 4770 τούτου
3514 4715 3781 4785 γινόμενα

512 4800 740 4853 omnino
773 4800 966 4857 faciam
1000 4803 1119 4858 vias
1158 4817 1375 4869 eorum,
1412 4808 1486 4861 ila
1515 4818 1574 4862 ut
1610 4824 1774 4863 nemo
1804 4809 1938 4862 illuc
1969 4826 2095 4877 μετά
2126 4777 2138 4829 Ι

2150 4777 2401 4873 )λέγων·
2463 4825 2480 4856 ι
2536 4777 2623 4859 ξεν
2671 4807 2938 4880 διαφθορᾷ
2994 4807 3315 4862 κατέσπασα
3371 4777 3776 4876 ὑπερηφάνους,

514 4898 765 4946 transeat
796 4910 809 4948 :
858 4893 1183 4951 deiecerunt
1228 4896 1487 4951 civitates
1513 4913 1737 4963 eorum,
1764 4899 1893 4966 quia
1938 4913 2099 4954 nemo

2196 4893 2573 4966 ἠφανίσθησαν
2622 4897 2816 4964 γωνίαι
2847 4896 3025 4952 αὑτῶν
3047 4915 3060 4929 ο
3103 4895 3440 4969 ἐξερημώσω
3491 4895 3590 4959 τὰς
3622 4895 3779 4958 ὁδοὺς

515 4994 768 5053 superest
810 4984 894 5040 vel
918 4984 1209 5043 inhabitat.
1262 5005 1282 5038 ι
1331 4988 1675 5056 Corruptela:
1716 4987 1920 5043 tradidi
1973 4990 2099 5044 illos

2197 4985 2376 5039 αὐτῶν
2422 4985 2485 5039 τὸ
2523 4988 2783 5057 παράπαν
2807 4987 2901 5042 τοῦ
2934 4988 3009 5059 μὴ
3042 4987 3373 5041 διοδεύεσθαι
3397 5005 3411 5017 ·
3444 4986 3690 5051 ἐξέλιπον
3718 4988 3778 5040 αί

512 5083 737 5143 propter
789 5075 1103 5146 superbiam
1163 5092 1176 5126 :
1237 5076 1519 5132 destruant
1572 5086 1800 5132 cunctas
1850 5081 2096 5149 ipsorum

2196 5076 2381 5141 πόλεις
2413 5079 2591 5131 αὐτῶν
2620 5079 2775 5151 παρά
2792 5081 2853 5134 τὸ
2880 5079 3084 5151 μηδένα
3111 5080 3377 5152 ὑπάρχειν
3424 5079 3556 5148 μηδέ
3596 5095 3778 5131 κατοι-

516 5167 792 5232 civitates,
857 5185 1055 5237 reSque
1105 5168 1323 5225 illorum
1371 5168 1440 5223 ad
1488 5176 1694 5223 tantam
1746 5170 2096 5227 solitudinem

2196 5173 2332 5225 κείν.
2371 5190 2389 5221 ι
2417 5172 2697 5243 Διαφθορᾷ
2737 5170 2835 5243 μὲν
2858 5174 2969 5244 γὰρ
3017 5173 3215 5236 αὐτοὺς
3241 5171 3331 5225 διὰ
3360 5172 3457 5243 τὴν
3489 5172 3775 5242 ὑπερηφα.

510 5260 757 5333 redigam
781 5301 798 5329 ,
830 5272 890 5317 ut
922 5265 1056 5333 ipsae
1090 5261 1383 5331 incognitae
1412 5259 1611 5330 futura:
1651 5262 1765 5316 sint
1792 5272 2091 5319 transeun-

2193 5262 2312 5316 νίαν
2356 5264 2537 5318 αὑτῶν
2578 5265 2976 5337 παραδέδωκα·
3010 5265 3227 5334 ἀφανιῶ
3267 5262 3325 5318 δὲ
3359 5264 3540 5327 πάσας
3590 5262 3775 5316 αὐτῶν

450 5376 455 5379 -
508 5350 647 5406 tium
671 5354 938 5421 penuria;
967 5353 1114 5423 quod
1149 5352 1332 5420 ipsum
1364 5352 1584 5407 cunctis
1618 5368 1838 5423 quoque
1865 5355 2076 5412 urbibus

2190 5356 2290 5418 τάς
2321 5356 2537 5420 πόλεις’
2587 5359 2667 5419 είς
2707 5357 2977 5426 τοσαύτην
3014 5373 3073 5409 τε
3104 5355 3338 5427 ἐρημίαν
3366 5355 3480 5421 ἄξω
3528 5355 3599 5408 τὰ
3638 5355 3773 5426 παρ’

508 5444 760 5509 eveniet,
792 5447 922 5514 quia
960 5447 1146 5501 nullus
1178 5441 1441 5513 deinceps
1475 5443 1657 5499 incola
1701 5447 2011 5502 invenietur
2036 5450 2091 5503 in

2190 5447 2394 5513 αὐτοῖς,
2418 5451 2495 5517 (p.
2528 5448 2633 5503 405
2661 5448 2678 5516 )
2711 5447 2851 5502 ὥστε
2890 5450 2985 5502 καὶ
3020 5447 3119 5512 τάς
3152 5447 3305 5509 ὁδοὺς
3328 5445 3515 5502 λοιπὸν
3543 5445 3773 5515 ἀδήλους

507 5533 609 5587 eis.
643 5530 900 5599 Jamvero
935 5551 1227 5607 posrquam
1272 5537 1361 5593 bis
1404 5535 1588 5593 verbis
1624 5536 1847 5594 Ninives
1877 5540 2091 5596 desola-

2189 5532 2330 5591 εἶναι
2362 5537 2572 5610 ἐρημία
2598 5538 2707 5591 τῶν
2741 5538 3087 5592 διοδευόντων
3111 5581 3125 5604 ,
3156 5532 3299 5611 ᾗπερ
3334 5533 3429 5591 οὖν
3460 5534 3773 5608 παραδώσω

509 5622 715 5676 tionem
749 5626 1021 5689 ostendit,
1060 5637 1114 5681 et
1148 5626 1428 5697 Assyriaci
1464 5626 1682 5697 imperii
1712 5629 2081 5695 eversionem,

2193 5629 2287 5682 καὶ
2315 5628 2415 5692 τὰς
2435 5629 2618 5693 πόλεις
2643 5629 2824 5683 αὐτῶν
2858 5631 3096 5693 ἁπάσας,
3118 5628 3258 5683 ὥστε
3289 5628 3493 5700 μηθένα
3516 5625 3769 5681 οἰκοῦντα

503 5710 671 5768 Vertit
695 5710 763 5769 ad
786 5709 1004 5773 Iudaeos
1042 5731 1378 5787 sermonem,
1413 5717 1594 5790 aitque
1622 5734 1634 5770 :

2193 5712 2541 5783 εὑρίσκεσθαι
2574 5716 2631 5768 ἐν
2667 5717 2875 5781 αὑταῖς.
2925 5716 3083 5771 Ἀλλά
3126 5717 3234 5788 γὰρ
3276 5715 3521 5789 δηλώσας
3557 5718 3617 5771 ἐν
3646 5712 3768 5769 τού-
