4118 6466
289 273 411 334 469
1253 274 1808 337 COMMENTARIUS
1837 276 1906 331 1N
1937 277 1983 335 54

2090 274 2308 335 1οΝιῶ
2348 277 2504 336 CAP.
2537 276 2655 335 111.«
3501 273 3603 330 £70

288 404 411 456 τοις
446 392 548 448 καὶ
574 394 672 466 τῆς
703 393 907 468 Νινευῆ
936 395 1038 468 τὴν
1074 395 1338 469 ἐρημίαν,
1375 399 1477 470 τῆς
1515 416 1573 453 τε
1603 397 1710 454 τῶν
1757 398 2064 470 ’Λσσυρίων
2097 397 2272 469 ἀρχῆς
2310 398 2408 469 τὴν
2440 396 2780 468 καθαίρεσιν,
2811 393 3004 466 τρέπει
3035 392 3169 464 πρὸς
3192 388 3317 456 τοὺς
3342 392 3440 463 τῆς
3481 391 3608 448 Ἰου-

284 490 461 554 δαίας
487 490 584 547 τὸν
614 492 773 561 λόγον
798 494 891 547 καί
914 511 1080 566 φησιν
1100 512 1113 525 ο

368 586 534 658 Στίχ.
564 585 632 653 ζ’,
659 593 733 658 η’.
756 618 824 627 -
857 607 877 640 ι
908 584 1113 643 Εἶπονο
1142 589 1290 663 Πλὴν
1318 589 1570 660 φοϐεῖσθέ
1603 607 1693 662 με,
1716 590 1812 645 καὶ
1835 587 1921 643 δέ-
1950 595 1983 653 Α

2098 586 2266 644 Vens.
2309 589 2361 652 7-,
2396 587 2451 643 8.
2476 619 2545 628 -
2574 605 2591 639 ι
2630 585 2750 641 Dixi
2784 603 2799 640 :
2835 583 3240 640 Verumtamem
3274 582 3463 637 timete
3498 594 3611 643 me,

285 679 472 745 ξασθε
495 680 770 745 παιδείαν,
792 682 887 735 καὶ
902 682 965 735 οὐ
987 681 1062 753 μὴ
1081 680 1499 756 ἐξολοθρευθῆτε
1525 682 1586 749 ἐξ
1614 682 1912 756 ὀφθαλμῶν

2097 668 2337 752 excipite
2375 680 2765 752 disciplinam,
2802 684 2969 748 atque
3000 676 3075 730 ita
3108 690 3221 730 non
3256 672 3623 747 peribilis‘ex’

283 776 483 847 αὑτῆς
505 776 597 832 διὰ
624 778 804 832 πάντα
834 778 936 833 ὅσα
956 778 1245 851 ἐξεδίκησα
1270 779 1356 833 ἐπ’
1385 781 1577 851 αὐτήν.
1605 800 1624 832 ο
1648 778 1785 851 Ἤδη
1812 780 1914 852 μὲν

2090 773 2197 829 ulis
2225 773 2396 838 illius,
2430 781 2656 844 propter
2684 786 2745 827 ea
2769 769 2975 832 omnia,
3013 782 3135 840 quae
3157 768 3307 823 ultus
3332 780 3456 821 sum
3481 774 3640 817 con!

282 864 391 921 οὖν
451 865 1236 939 προλαϐὼνεδιεμαρτυρόιμην
1271 867 1411 939 ὑμῖν
1437 867 1526 922 διὰ
1552 867 1662 922 τῶν
1696 884 1915 942 προφη-

2090 880 2103 916 ι
2162 878 2307 919 eam.
2354 884 2371 916 ι
2419 862 2761 934 Iampridem
2822 867 3062 916 testatus
3133 858 3291 913 vobis
3344 871 3464 915 sum
3519 867 3618 924 per

281 959 439 1027 τῶν,
471 960 622 1015 ὥστε
651 960 710 1013 ἐν
751 960 902 1032 φόϐῳ
948 962 1043 1033 μὲν
1085 959 1232 1032 ἔχειν
1256 961 1380 1032 ἐμὲ,
1411 961 1507 1016 ἆτε
1533 960 1733 1034 ῥᾳδίως
1769 962 1918 1034 ὑμᾶς

2090 957 2340 1029 Ophetas,
2378 963 2438 1011 ut
2474 970 2563 1011 me
2607 954 2901 1020 timeretis,
2948 952 3042 1025 qui
3082 950 3243 1006 facile
3278 964 3530 1020 possum,
3570 946 3619 1002 si

284 1056 343 1109 εἰ
387 1055 643 1110 πταίοιτε
668 1050 769 1109 καῖ·
807 1053 1169 1126 τιμωρεῖσθαι
1202 1054 1526 1126 δυνάμενον,
1565 1054 1825 1122 δέξασθαι
1859 1055 1919 1109 δὲ

2094 1036 2409 1112 ccaveritis',
2436 1046 2668 1121 punire;
2709 1056 2875 1117 atque
2907 1056 2967 1099 ut
2998 1043 3125 1099 data
3168 1042 3377 1096 monita
3409 1039 3623 1110 recipe-

289 1150 408 1220 τὴν
435 1148 870 1220 προσαγομένην
892 1150 1021 1220 ὑμῖν
1041 1148 1392 1203 διδασκαλίαν
1412 1149 1886 1223 ἐπαγγειλάμενος
1900 1166 1919 1183 ⁸

2090 1141 2164 1197 tis
2196 1140 2550 1207 denuntiavi,
2583 1154 2867 1211 nunquam
2904 1152 3041 1204 vos,
3081 1135 3130 1192 si
3176 1135 3254 1190 ita
3286 1150 3383 1191 vos
3432 1146 3625 1205 gesse-

292 1244 437 1298 οὔτε
468 1241 764 1313 ἀφανίζειν
796 1242 965 1312 ὑμᾶς,
1024 1243 1074 1295 εί
1106 1240 1283 1295 ταῦτα
1324 1244 1551 1308 ποιοῖτε,
1583 1243 1686 1313 τῆς
1738 1259 1909 1313 προσ-

2090 1235 2172 1300 iis,
2230 1250 2318 1290 me
2361 1234 2801 1297 destructurum,
2847 1247 3025 1304 neque
3066 1246 3099 1285 a
3153 1230 3292 1285 locis
3339 1241 3481 1298 quos
3524 1240 3627 1295 ego

294 1336 495 1405 ὁψεως
536 1335 638 1405 τῆς
692 1333 835 1405 ἐμῆς
874 1333 1277 1407 ἀφαιρεθέντας
1322 1331 1432 1386 τῶν
1470 1332 1681 1399 τόπων,
1722 1336 1779 1386 ἐν
1810 1327 1925 1386 οἶσ-

2096 1334 2257 1397 pectu
2311 1342 2438 1382 meo
2477 1326 2674 1399 dignos
2722 1325 2952 1396 judico,
2993 1323 3356 1396 expulsurum
3405 1337 3417 1372 :
3470 1317 3629 1373 deni-

298 1445 425 1501 περ
474 1427 834 1482 διατέτακται·
868 1425 969 1497 τῆς
1004 1424 1303 1497 θεραπείας
1354 1426 1501 1497 ὑμᾶς
1544 1424 1927 1496 ἐπιμελεῖσθαι

2090 1435 2138 1474 ie
2178 1418 2318 1474 nihil
2352 1434 2544 1476 eorum
2577 1426 2888 1491 gesturum,
2915 1433 3037 1489 quae
3081 1429 3230 1471 nunc
3269 1419 3628 1486 peccatorum

298 1521 417 1591 τῆς
473 1519 651 1590 ἐμῆς·
715 1519 832 1573 οὐτ’
884 1517 966 1572 ἔτι
1019 1516 1425 1591 διαπράξασθαι
1475 1516 1684 1571 τούτων
1741 1515 1778 1570 ἃ
1832 1515 1929 1571 νῦν

2090 1523 2347 1571 :strorum
2384 1512 2743 1568 multitudine
2765 1510 2928 1589 265
2953 1515 3268 1566 commotus
3299 1506 3384 1561 ira
3416 1503 3635 1561 vindice

300 1586 607 1685 ἐπήγαγον
636 1612 769 1684 ὑμῖν
793 1613 873 1676 είς
899 1609 1148 1665 ἐκδικίαν
1159 1586 1247 1664 ’ὧν
1272 1608 1781 1681 πεπλημμελήκατε
1804 1608 1932 1662 πολ-

2090 1606 2373 1679 irpetravi.
2426 1624 2446 1657 ι
2500 1586 2842 1677 Praeparare,
2880 1617 3155 1675 consurge
3193 1599 3462 1665 diluculo,
3510 1611 3637 1650 cora

301 1707 503 1771 λὰκις.
532 1725 552 1759 ‹
603 1705 931 1776 Ἐτοιμάζου
959 1744 975 1768 ,
1026 1702 1284 1777 ὄρθρισον
1309 1744 1324 1767 ,
1360 1702 1684 1774 διέφθαρται
1716 1703 1869 1755 πᾶσα
1896 1703 1929 1770 ἡ

2090 1712 2197 1772 ipta
2230 1706 2316 1755 est
2342 1696 2680 1754 frondositas
2723 1711 2941 1752 eorum.
2979 1713 3000 1748 ι
3036 1692 3143 1751 Sed
3178 1694 3312 1765 quia
3348 1700 3485 1745 tunc
3515 1687 3637 1745 oili—

306 1799 615 1872 ἐπιφυλλὶς
636 1798 840 1854 αὐτῶν.
872 1818 890 1851 ι
936 1797 1077 1851 Ἀλλ’
1099 1796 1288 1868 ἐπειδὴ
1312 1796 1438 1849 τότε
1472 1795 1533 1849 τὸ
1559 1795 1676 1850 δέον
1711 1794 1936 1867 παρελί-

2096 1809 2187 1848 um
2215 1800 2466 1850 vestrum
2495 1789 2852 1858 deseruistis,
2880 1788 3116 1859 ideoque
3148 1785 3266 1844 haec
3290 1778 3637 1858 pertulistis;

306 1912 457 1952 τιετε
485 1894 583 1949 καὶ
607 1892 915 1946 πεπόνθατε
942 1889 1190 1955 τοιαῦτα,
1218 1888 1314 1944 νῦν
1347 1886 1479 1958 γοῦν
1508 1888 1737 1954 ἑαυτοὺς
1758 1889 1836 1952 είς
1875 1885 1939 1940 τὸ
1976 1957 1983 1958 7

2090 1900 2192 1944 unc
2235 1892 2450 1942 vosmet
2495 1890 2815 1955 comparate
2851 1882 2918 1937 ad
2962 1879 3336 1938 obediendum
3363 1874 3643 1933 mandatis

304 1990 444 2044 δέον
489 1986 956 2059 παρασκευάσατε
999 1986 1080 2049 είς
1113 1984 1177 2038 τὸ
1216 1956 1368 2055 μετ-δι⁷
1387 1984 1571 2057 πάσης
1618 1981 1938 2056 ἐπιμελείας
1973 1957 1983 2011 1

2090 1983 2179 2039 ιείε
2219 1980 2517 2038 sedulitate
2557 1977 2709 2033 omni
2759 1991 2823 2031 ac
2872 1975 3097 2043 studio;
3126 1973 3332 2046 quippe
3368 1969 3466 2042 qui
3507 1982 3645 2022 meae

309 2100 383 2137 τε
417 2080 518 2135 καὶ
548 2058 791 2148 σπουδῆς
822 2075 933 2144 τῶν
963 2076 1102 2148 παρ’
1149 2074 1291 2147 ἐμοῦ
1320 2074 1772 2146 διατεταγμένων
1813 2075 1945 2129 ἀντ⁸

2090 2088 2172 2147 rga
2221 2088 2320 2129 vos
2376 2069 2741 2143 providentia
2792 2064 3331 2124 demonstrationem
3385 2058 3642 2120 habetis,

310 2172 577 2246 ἔχεσθαι,
604 2170 701 2225 ἅτε
732 2169 831 2223 καὶ
867 2168 969 2238 τῆς
1009 2167 1341 2240 κηδεμονίας
1367 2185 1470 2240 μου
1510 2167 1613 2238 τῆς
1641 2166 1772 2240 περὶ
1800 2166 1947 2239 ὑμᾶς

2090 2167 2287 2223 ostium
2330 2173 2646 2222 vestrorum
2692 2162 2959 2233 potentiae
3010 2171 3332 2232 supremum
3377 2151 3647 2210 extermi-

313 2265 611 2333 ἀπόδειξιν
647 2262 867 2335 ἔχοντες
914 2262 977 2317 τδ
1022 2263 1207 2317 πᾶσαν
1244 2259 1531 2324 παντελῶς
1579 2258 1948 2332 ἀφαιρεθῆναι

2090 2261 2224 2317 iuni.
2256 2277 2276 2311 ι
2315 2259 2617 2330 Propterea
2646 2265 2909 2328 exspecta
2936 2269 3061 2320 me,
3090 2251 3227 2307 dicit
3263 2248 3556 2312 Dominus,
3590 2247 3649 2299 in

313 2363 433 2433 τὴν
484 2357 719 2430 δύναμιν
761 2357 869 2411 τῶν
933 2355 1169 2429 ἐχθρῶν.
1219 2373 1237 2407 ι
1278 2353 1379 2408 Διὰ
1423 2352 1588 2407 τοῦτο
1651 2352 1951 2424 ὑπόμεινόν

2091 2355 2197 2410 iem
2227 2352 2661 2409 resurrectionis
2689 2365 2825 2407 mea:
2857 2349 2915 2403 in
2944 2344 3348 2404 testimonium.
3394 2358 3413 2392 )
3452 2339 3531 2393 Ad
3563 2352 3651 2391 me

250 2496 259 2502 .
319 2472 426 2527 με,
467 2452 624 2523 λέγει
651 2452 862 2523 Κύριος
882 2491 897 2515 ,
931 2450 1008 2521 (p.
1048 2448 1155 2503 404
1184 2447 1202 2505 l
1228 2449 1308 2511 είς
1336 2447 1555 2518 ἡμέραν
1589 2443 1939 2508 ἀναστάσεως

2090 2446 2397 2502 οηιίηοηιοιν
2449 2444 2740 2518 respicite,
2789 2454 3091 2512 utcumque
3157 2434 3425 2492 auxilium
3448 2445 3645 2502 exspe-

321 2564 440 2620 μου
495 2547 580 2610 είς
620 2542 947 2617 μαρτύριον.
988 2562 1007 2594 ι
1046 2543 1161 2595 Καὶ
1213 2541 1510 2595 διατελεῖτε
1540 2539 1606 2613 δὴ
1651 2538 1791 2611 πρὸς
1840 2538 1943 2610 ἐμὲ

2090 2547 2199 2596 late
2216 2539 2362 2611 quod
2388 2554 2491 2596 suo
2512 2548 2758 2610 tempore
2782 2533 3092 2599 conferam,
3112 2529 3247 2587 dum
3272 2543 3370 2585 vos
3392 2534 3659 2597 tanquam

321 2640 679 2715 ἀφορῶντες,
707 2638 805 2694 καὶ
838 2639 938 2704 τὴν
966 2636 1098 2709 παρ’
1124 2634 1262 2708 ἐμοῦ
1295 2633 1553 2706 βοήθειαν
1581 2633 1944 2704 ἀναμένοντες

2106 2632 2344 2687 mortuis
2369 2630 2677 2695 suscitabo,
2708 2636 2764 2685 et
2783 2626 3072 2698 expediam
3108 2620 3456 2692 captivitate,
3488 2623 3662 2687 atque

321 2709 403 2810 ἢν
451 2709 599 2791 κατὰ
648 2732 844 2821 καιρὸν
875 2732 1006 2803 ὑμῖν
1041 2728 1287 2802 παρέξω,
1326 2727 1405 2792 ὡς
1451 2729 1519 2781 ἐκ
1563 2725 1775 2800 νεκρῶν
1801 2726 1946 2797 ὑμᾶς

2091 2723 2123 2777 d
2167 2723 2390 2796 propria
2440 2735 2896 2796 unumquemque
2937 2719 3060 2775 loca
3111 2716 3397 2771 reducam.
3444 2709 3661 2783 Quippe

324 2806 602 2892 ὁινιστῶν,
658 2818 757 2881 καὶ⁵
813 2823 1179 2879 ἀπαλλάττων
1242 2822 1342 2893 μὲν
1400 2821 1498 2891 τῆς
1546 2816 1946 2891 αἰχμαλωσίας,

2090 2834 2175 2873 aro
2215 2818 2348 2873 olim
2381 2833 2479 2889 per
2500 2817 2821 2889 prophetas,
2854 2823 2909 2870 et
2939 2826 3090 2868 nunc
3113 2809 3298 2865 denuo
3327 2806 3681 2863 collaturum‘

324 2919 639 2990 ἐπανάγων
671 2915 729 2971 δὲ
754 2914 967 2978 πάντας
989 2914 1137 2985 ὑμᾶς
1170 2912 1265 2966 ἐπὶ
1292 2911 1362 2965 τὰ
1391 2911 1590 2965 οἰκεῖα.
1622 2907 1810 2964 Ταῦτα
1840 2908 1951 2981 γὰρ

2090 2928 2149 2968 ne
2176 2912 2335 2968 vobis
2361 2913 2632 2984 spondeo,
2662 2919 2723 2967 ut
2762 2908 3014 2966 veritatis
3044 2903 3477 2978 promissionum
3508 2912 3655 2954 mea-

327 3012 513 3068 παλαι
544 3028 605 3065 τε
635 3007 729 3064 διὰ
754 3006 863 3061 τῶν
894 3002 1194 3078 προφητῶν
1230 3003 1322 3056 καὶ
1362 3001 1459 3055 νῦν
1508 3001 1640 3071 ὑμῖν
1679 2999 1952 3071 ἐπήγγελ-

2096 3019 2185 3058 um
2226 3007 2389 3061 testis
2418 3004 2576 3061 vobis
2600 3003 2672 3061 sit
2694 3017 2876 3058 rerum
2905 3000 3107 3057 exitus.

328 3121 445 3177 μαι
482 3100 743 3177 παρέξειν
769 3141 787 3169 ν
837 3099 915 3163 ὥς
952 3098 1018 3153 ἂν
1056 3097 1366 3169 μαρτυρίαν
1401 3094 1501 3166 τῆς
1536 3092 1799 3165 ἀληθείας
1843 3092 1953 3146 τῶν
2001 3099 2133 3170 παρ’
2168 3096 2306 3170 ἐμοῦ
2357 3097 2859 3172 προηγορευμένων
2890 3096 3067 3165 ἔχοιτε
3101 3090 3208 3146 τῶν
3234 3086 3538 3160 γινομένων
3564 3084 3666 3158 τὴν
3688 3105 3703 3121 ιι

328 3200 578 3256 ἑκϐασιν

413 3291 571 3364 Στίχ.
601 3293 671 3361 θ’,
707 3294 761 3345 ι’.
794 3317 863 3331 -
897 3304 918 3338 ι
946 3284 1094 3362 ᾼιότι
1131 3282 1193 3337 τὸ
1226 3281 1405 3356 κρῖμὰ
1444 3297 1547 3352 μου
1599 3280 1680 3343 εἰς
1709 3295 1958 3348 συναγω-

2138 3282 2310 3340 Vsas.
2357 3283 2414 3349 9,
2448 3284 2535 3341 10.
2569 3311 2636 3324 —-
2671 3302 2690 3335 ι
2720 3280 2860 3349 Quia
2885 3278 3160 3351 judicium
3204 3255 3387 3332 meum
3423 3273 3494 3328 ad
3535 3287 3672 3326 con-

320 3391 452 3458 τὰς
488 3384 669 3439 ἐθνῶν
700 3380 800 3437 τοῦ
852 3377 1200 3446 εἰσδέξασθαι
1236 3375 1478 3449 βασιλεῖς
1510 3372 1604 3428 τοῦ
1646 3371 1837 3446 ἐκχέαι
1869 3373 1956 3425 ἐπ’

2090 3378 2420 3451 negationes
2449 3377 2718 3449 gentium,
2758 3381 2817 3431 ut
2851 3372 3152 3444 corripiam
3182 3384 3364 3444 reges,
3394 3376 3456 3424 ut
3490 3365 3672 3424 eﬂ‘un-

340 3457 558 3542 αὐτοὺς
593 3477 775 3531 πᾶσαν
796 3471 970 3546 ὀργὴν
1003 3467 1179 3542 θυμοῦ
1206 3485 1306 3541 μου
1327 3483 1341 3497 ο
1371 3466 1506 3521 διότι
1535 3466 1594 3519 ἐν
1624 3464 1762 3535 πυρὶ
1791 3463 1957 3536 ζήλου

2090 3469 2195 3523 lam
2247 3483 2416 3540 super
2466 3483 2563 3523 eos
2593 3520 2600 3528 .
2628 3473 2802 3523 totam
2849 3465 2989 3521 iram
3026 3462 3236 3520 furoris
3262 3461 3391 3530 mei,
3435 3459 3563 3531 quia
3616 3457 3678 3512 in

349 3591 461 3646 μου
516 3566 1037 3638 καταναλωθήσεται
1071 3563 1224 3617 πᾶσα
1260 3562 1293 3632 ἡ
1352 3559 1448 3630 γῆ.
1492 3578 1510 3612 ι
1558 3557 1695 3611 Τότε
1737 3556 1847 3629 γὰρ
1894 3556 1960 3626 δὴ

2092 3576 2197 3632 gne
2239 3561 2342 3616 zeli
2394 3562 2498 3617 mei
2543 3564 2906 3615 consumetur
2935 3556 3195 3612 universa
3239 3561 3410 3610 terra.
3457 3569 3478 3604 ι
3517 3547 3676 3605 Tunc

348 3643 602 3738 μάλιστα
632 3659 781 3733 σαφῆ
826 3658 926 3731 τὴν
965 3656 1151 3727 κρίσιν
1196 3651 1542 3724 ἐπιδείξομαι
1574 3651 1677 3723 τὴν
1710 3650 1850 3721 ἐμὴν
1895 3647 1963 3720 ἣν

2090 3654 2313 3710 naxime
2349 3653 2613 3708 ultionem
2645 3665 2825 3707 meam
2854 3647 3206 3706 manifestam
3232 3643 3485 3710 reddam,
3508 3657 3693 3715 quam.

350 3759 507 3831 ὑπὲρ
537 3756 696 3829 ὑμῶν
748 3752 1077 3824 ποιήσομαι,
1108 3749 1236 3812 τοὺς
1271 3744 1613 3816 πανταχόθεν
1641 3740 1966 3816 ἀθροιζομέ-

2075 3760 2177 3818 pro
2209 3745 2368 3801 vobis
2403 3744 2657 3800 facturus
2691 3758 2837 3807 sum,
2880 3756 3005 3796 cum
3049 3745 3243 3812 gentes
3271 3735 3518 3806 undique
3544 3747 3677 3788 coa-

349 3830 489 3916 γους
520 3849 638 3906 τῶν
686 3846 858 3902 ἐθνῶν
893 3845 999 3899 ὑπὸ
1034 3840 1313 3914 τιμωρίαν
1359 3837 1512 3908 ἄγων
1533 3853 1547 3869 ο
1596 3835 1827 3900 πολλοὺς
1857 3834 1967 3904 γὰρ

2090 3849 2330 3895 :ervatas
2355 3852 2532 3911 pteuae
2563 3835 2883 3907 subjiciam.
2914 3832 3116 3889 Multos
3154 3830 3304 3888 enim
3333 3842 3490 3899 reges
3515 3833 3680 3895 atque
3708 3844 3713 3849 -

348 3949 423 4019 δὴ
458 3942 722 4017 βασιλέας
747 3958 810 3996 τε
842 3941 940 3996 καὶ
969 3938 1260 4010 σατράπας
1284 3936 1381 3990 σὺν
1413 3937 1527 3998 τοῖς
1549 3930 1772 3995 οίκείοις
1801 3946 1968 4002 στρα-

352 4038 614 4106 τοπέδοις
646 4036 742 4090 ἐπὶ
776 4034 878 4107 τὴν
908 4030 1270 4106 Ἰερουσαλὴμ
1289 4026 1604 4102 χωροῦντας
1632 4022 1964 4096 εἰσδέξομαι,

354 4136 646 4192 τουτέστιν
689 4132 866 4189 ἐλθεῖν
891 4130 1040 4186 ἐάσω
1061 4173 1076 4198 ,
1107 4128 1250 4184 ὥστε
1279 4126 1427 4197 σαφῆ
1462 4125 1562 4197 μέν
1607 4141 1712 4196 μου
1741 4122 1841 4195 τὴν
1867 4138 1970 4195 κη-

352 4228 626 4302 δεμονίαν
658 4225 758 4299 τὴν
791 4224 924 4297 περὶ
970 4223 1117 4295 ὑμᾶς
1162 4219 1346 4274 αὐτῶν
1400 4217 1627 4290 ποιῆσαι
1665 4214 1776 4269 τῶν
1825 4229 1973 4286 πρα-

360 4322 602 4395 γμάτων
626 4336 641 4352 ·
705 4317 910 4391 πολλὴν
962 4317 1019 4373 δέ
1085 4332 1209 4369 τινα
1248 4312 1348 4387 τὴν
1400 4312 1488 4367 ἐπ’
1547 4311 1747 4374 αὐτοὺς
1803 4307 1974 4380 ὀργὴν

361 4414 586 4488 ἐκχέαι,
626 4411 812 4468 πᾶσάν
840 4428 900 4465 τε
922 4410 1094 4481 αὐτὴν
1123 4407 1244 4464 κατ’
1278 4405 1462 4462 αὐτῶν
1496 4404 1757 4475 κινῆσαι·
1786 4398 1977 4470 ἐπειδὴ

360 4508 575 4563 ὡσανεὶ
601 4505 692 4561 διὰ
720 4503 899 4579 πυρὸς
931 4500 1199 4559 ἀναλὼσω
1226 4499 1438 4563 πάντας
1469 4495 1670 4559 αὐτοὺς
1696 4493 1843 4567 ζήλῳ
1869 4491 1979 4545 τινὶ

364 4607 437 4659 λα
445 4601 794 4675 μδανόμενος
815 4635 832 4662 ,
859 4597 944 4651 ὅτι
980 4593 1126 4649 κατὰ
1163 4591 1277 4647 τῶν
1305 4589 1525 4647 οίκείων
1560 4587 1671 4642 τῶν
1704 4583 1855 4658 ἐμῶν
1885 4599 1978 4637 τε-

366 4696 690 4769 τολμήκασι
737 4688 1032 4746 τοσοῦτονο
1066 4688 1146 4760 (p.
1199 4685 1354 4758 405)
1400 4683 1551 4753 λέγει
1591 4680 1651 4736 δὲ
1695 4679 1806 4734 τῶν
1852 4676 1983 4749 περὶ

366 4789 470 4842 τὸν
495 4785 622 4859 Γὼγ
646 4785 858 4850 ἕνεκεν,
880 4780 977 4846 οὓς
1004 4778 1146 4852 μετὰ
1165 4777 1266 4853 τὴν
1286 4777 1548 4834 ἐπάνοδον
1578 4771 1983 4846 ἐπεληλυθότας

373 4881 574 4946 αὐτοῖς
644 4875 1062 4952 ἀναριθμήτους
1125 4872 1292 4937 ὄντας
1368 4868 1654 4927 ἀπώλεσεν
1712 4869 1986 4933 ἅπαντας.

378 4992 400 5024 σ
426 4972 558 5027 Ὀτι
583 4971 710 5027 τότε
769 4965 1138 5044 μεταστρέψω
1193 4964 1288 5021 ἐπὶ
1343 4965 1509 5030 λαοὺς
1587 4963 1846 5034 γλῶσσαν
1907 4961 1989 5027 είς

373 5064 580 5140 γενεὰς
632 5062 815 5118 αὐτῶν
835 5102 851 5126 ,
886 5059 983 5117 τοῦ
1036 5056 1419 5113 ἐπικαλεῖσθαι
1465 5054 1675 5122 πάντας
1716 5054 1780 5108 τὸ
1817 5050 1990 5125 δνομα

374 5159 617 5233 Κυρίου,
655 5155 752 5212 τοῦ
784 5151 1063 5210 δουλεύειν
1093 5148 1244 5222 αὐτῷ
1274 5148 1380 5203 ὑπὸ
1412 5147 1580 5217 ζυγὸν
1604 5147 1722 5202 ἕνα.
1752 5165 1771 5199 ι
1791 5143 1992 5216 Θαῦμα

376 5251 519 5326 γοῦν
568 5249 752 5306 κοινὸν
807 5249 1062 5308 ἅπαντας
1102 5240 1337 5316 λήψεται
1388 5241 1517 5306 τοὺς
1567 5238 1848 5309 πανταχοῦ
1881 5235 1992 5295 τῶν

380 5344 700 5419 ἀνθρώπων
747 5343 843 5397 ἐπὶ
889 5342 956 5413 τῇ
1007 5336 1291 5408 καινότητι
1329 5333 1440 5389 τῶν
1478 5332 1803 5405 γινομένων,
1848 5330 1993 5387 ὥστε

383 5437 594 5495 ὡσανεὶ
644 5436 746 5509 μιᾷ
784 5433 1006 5506 γλώττῃ
1050 5425 1430 5501 κεχρημένους
1458 5426 1586 5490 τοὺς
1614 5428 1673 5481 ἐν
1716 5424 1996 5497 διαφόροις

381 5549 448 5586 τε
475 5527 832 5592 καθεστῶτας
862 5527 1069 5591 τόποις,
1106 5522 1202 5577 καὶ
1228 5522 1310 5589 είς
1332 5520 1569 5593 διάφορα
1601 5516 1992 5583 συντελοῦντας

384 5622 546 5696 ῑθνη,
572 5619 884 5693 συμφώνως
909 5616 1043 5672 Θεόν
1072 5633 1130 5669 τε
1164 5614 1450 5687 ὁμολογεῖν
1487 5613 1575 5667 τὸν
1612 5610 1723 5666 τῶν
1778 5611 1994 5683 Ἰσραη-

384 5716 557 5771 λιτῶν
587 5713 744 5778 Θεὸν,
782 5710 975 5782 ὥσπερ
1007 5709 1098 5778 ὑφ’
1133 5708 1215 5762 ἐν).
1254 5705 1406 5778 ζυγῷ
1450 5706 1659 5770 πάντας
1688 5700 1997 5761 καταστάν-

395 5824 502 5875 τας
542 5804 888 5879 μακαριστὴν
932 5799 1185 5875 ἡγεῖσθαι
1229 5800 1330 5873 τὴν
1372 5798 1464 5853 ὑπ’
1512 5796 1663 5870 αὑτῷ
1715 5794 1998 5875 δουλείαν,

2078 3942 2330 4003 satrapas
2381 3945 2508 3986 cum
2554 3929 2674 3987 suis
2726 3926 3066 3984 exercitibus
3103 3922 3370 3981 adversus
3413 3921 3677 3977 Hierusa-

2081 4025 2186 4080 lem
2228 4023 2506 4080 irruentes
2533 4021 2828 4091 excipiam,
2853 4019 2907 4075 id
2933 4025 3020 4075 est
3040 4016 3232 4075 venire
3260 4012 3597 4087 permittam,
3620 4016 3683 4065 ut

2080 4130 2261 4171 meam
2312 4129 2441 4170 mox
2492 4128 2622 4187 erga
2662 4128 2763 4169 vos
2803 4111 3032 4168 tutelam
3075 4108 3241 4166 rebus
3274 4105 3412 4178 ipsis
3456 4105 3684 4161 demon-

2082 4215 2255 4264 strem
2306 4225 2320 4262 :
2371 4207 2600 4262 multam
2646 4204 2704 4260 in
2769 4219 2867 4260 eos
2916 4204 3054 4259 iram
3100 4198 3404 4265 effundam,
3460 4203 3686 4267 totoque

2085 4300 2294 4370 impetu
2362 4296 2734 4367 intorquebo,
2795 4296 2927 4367 quia
2984 4304 3249 4365 tanquam
3308 4291 3435 4363 igne
3490 4302 3721 4345 omnese

2085 4406 2415 4449 consumam
2442 4393 2563 4447 zelo
2593 4389 2835 4462 quodam
2864 4394 3183 4457 correptus,
3217 4391 3506 4457 propterea
3537 4381 3688 4453 quod

2084 4491 2278 4539 contra
2310 4483 2577 4556 populmn
2611 4496 2794 4538 meum
2828 4480 2961 4535 talia
3008 4478 3129 4533 ausi
3162 4483 3315 4534 sunt.
3350 4473 3584 4544 insuper
3619 4471 3691 4527 de

2090 4577 2228 4650 Gogi
2282 4591 2507 4649 quoque
2561 4572 2899 4630 exercitibus
2958 4569 3129 4627 verba
3190 4564 3342 4631 facit,
3387 4578 3528 4636 quos
3564 4573 3692 4634 post

2090 4672 2468 4730 lsraelitarum
2499 4668 2739 4726 reditum
2786 4682 2912 4723 cum
2961 4663 3175 4720 infinito
3218 4673 3452 4717 numero
3499 4657 3692 4714 incur-

2091 4766 2303 4822 sionem
2348 4761 2616 4818 facientes
2661 4756 2924 4831 perdidit.
2965 4773 2982 4807 ι
3017 4753 3158 4821 Quia
3204 4759 3340 4808 tunc
3372 4757 3695 4806 convertam

2091 4873 2264 4926 super
2295 4855 2533 4929 populos
2563 4853 2807 4926 linguam
2855 4851 2910 4906 in
2960 4846 3351 4922 generationes
3382 4858 3602 4910 eorum,
3635 4851 3700 4897 ut

2092 4950 2353 5005 invocent
2390 4961 2588 5004 omnes
2632 4959 2834 5001 nomen
2870 4940 3112 5007 Domini,
3143 4938 3318 5011 ﬂes
3364 4944 3426 4992 ut
3476 4935 3528 4993 ei
3574 4943 3699 4989 tan-

2095 5057 2263 5115 quam
2318 5055 2430 5097 uno
2480 5039 2585 5096 sub
2614 5038 2749 5111 jugo
2798 5035 3065 5094 serviant.
3100 5053 3121 5086 ι
3153 5029 3464 5088 Ᾱὰιηῑτιιιίο
3503 5042 3702 5084 omnes

2096 5134 2411 5194 communis
2450 5131 2712 5205 corripiet
2744 5130 2947 5202 ubique
2987 5126 3257 5200 gentium,
3288 5128 3516 5195 pr0pter
3544 5126 3700 5174 acta-

2096 5246 2219 5285 rum
2276 5242 2460 5284 rerum
2527 5227 2848 5288 novitatem,
2894 5223 2970 5278 ita
3024 5228 3086 5277 ut
3130 5216 3340 5277 cuncti,
3375 5228 3484 5270 una
3530 5211 3700 5267 veluti

2098 5324 2285 5396 lingua
2335 5328 2582 5387 utentes,
2628 5319 2724 5391 qui
2771 5315 3010 5372 diversis
3059 5310 3313 5367 habitant
3355 5304 3700 5377 regionibus,

2098 5427 2153 5472 et
2176 5415 2234 5471 in
2262 5414 2450 5470 varias
2480 5412 2644 5468 scissi
2673 5416 2806 5468 sunt
2828 5416 3044 5481 gentes,
3075 5418 3182 5459 una
3207 5414 3342 5457 voce
3368 5396 3542 5454 Deum
3573 5410 3698 5454 esse

2099 5508 2492 5571 conﬁteantur,
2541 5502 2917 5561 lsraelitarum
2955 5496 3151 5560 Deum,
3194 5502 3249 5550 et
3292 5502 3554 5563 tanquam
3605 5488 3701 5543 uni

2099 5605 2234 5674 jugo
2294 5596 2530 5671 subjecti
2591 5596 2815 5651 beatum
2877 5587 3199 5674 existiment
3245 5583 3293 5640 ei
3339 5581 3580 5647 servire,
3638 5595 3702 5636 ea

2104 5670 2366 5752 nimirum
2399 5689 2664 5748 beneficia
2692 5670 2984 5743 cernentes
3014 5680 3220 5755 quibus
3249 5693 3352 5751 ego
3384 5689 3480 5732 vos
3505 5671 3699 5744 digna-

2107 5797 2266 5877 turus
2310 5800 2455 5845 sum.
2492 5802 2510 5837 ι
2548 5781 2732 5855 Usque
2761 5795 2791 5837 a
2834 5777 3033 5837 finibus
3078 5774 3366 5833 fluminum
3408 5763 3705 5839 Ethiopian
