4118 6536
443 275 501 334 τι
1576 252 1929 335 Tneonom
1976 277 2463 336 uorsuesrrsm
3554 271 3665 327 ιη

408 386 677 458 excipiam
715 387 1087 461 supplicantes
1122 390 1256 445 mihi
1292 409 1308 446 :
1340 406 1465 448 cum
1508 393 1777 467 dispersis
1798 395 1982 468 (meis)

2096 396 2180 467 ἀφ’
2211 389 2285 450 ῶν
2313 396 2544 464 αὐτοίγε
2581 393 2862 460 ἀξιοῦσθαι
2888 392 3110 464 μέλλετε
3146 389 3464 464 παρ’ἐμοῦ.
3509 411 3528 443 ι
3568 393 3663 446 Ἐκ

408 476 545 533 mihi
584 478 838 535 victimas
877 479 1128 536 afferent.
1172 499 1192 533 ι
1226 480 1459 540 Venient
1502 486 1708 558 itaque,
1751 503 1985 559 meoque

2096 485 2344 558 περάτων
2390 483 2648 555 ποταμῶν
2686 484 2967 546 Αἰθιοπίας
3011 481 3373 554 προσδέξομαι
3399 482 3526 544 τοὺς
3549 481 3663 538 lace-

409 569 639 625 servitio
693 570 977 637 accedent,
1026 571 1096 626 ab
1137 570 1456 646 Ethiopum
1502 578 1844 649 regionibus,
1890 580 1985 650 qui

2096 574 2384 639 τεύοντας,
2432 573 2570 644 μετά
2616 573 2722 626 τῶν
2761 572 3174 643 διεσπαρμένων
3212 571 3420 625 οἴσουσι
3472 569 3664 633 θυσίας

410 660 697 717 vobiscum
745 678 896 718 nunc
939 665 1255 734 captivitate
1296 669 1585 739 dispersis,
1629 677 1762 725 tunc
1803 678 1984 725 autem

2097 684 2208 739 μοι.
2240 685 2259 718 ι
2314 665 2654 719 Ἐλεύσονται
2694 665 2825 733 γοῦν
2875 667 2942 735 τῇ
2986 663 3198 735 δουλείᾳ
3236 663 3664 735 προστρέχοντες

411 752 742 821 reducibus,
783 757 1152 814 communiter
1196 759 1332 814 mihi
1382 760 1634 815 victimas
1691 761 1983 817 adducent.

2096 760 2165 829 τῇ
2190 761 2296 830 ἐμῇ
2338 758 2446 811 ἀπὸ
2475 757 2584 812 τῶν
2626 756 2912 820 Αἰθιοπίας
2946 755 3148 827 μερῶν,
3177 757 3228 809 οί
3267 754 3385 827 μεθ’
3420 752 3572 824 ὐμῶν
3598 752 3670 823 δὴ

409 844 517 901 τῶν
543 845 639 902 νῦν
665 846 768 918 μὲν
796 847 1211 922 διεσπαρμένων
1236 853 1293 904 ἐν
1322 855 1390 924 τῇ
1419 852 1788 925 αἰχμαλωσίᾳ,
1817 850 2292 924 ἐπανεληλυθότων
2314 850 2371 903 δὲ
2400 852 2544 916 τότε,
2575 850 2759 913 κοινάς
2799 866 2888 920 μοι
2914 849 3245 921 προσάξουσι
3274 848 3608 911 τάςθυσίας.

482 938 652 1001 Vens.
685 943 875 1000 11-15.
907 978 978 988 -
1004 966 1023 1001 ι
1060 946 1120 1004 In
1151 950 1240 1005 die
1268 950 1360 1004 illa
1382 966 1492 1007 non
1521 951 1878 1007 confunderis
1918 951 1988 1006 ab

2160 951 2308 1022 Στίχ.
2360 955 2562 1009 ,ια’-ιε’.
2615 945 2837 998 -ίἘν
2884 946 2952 1015 τῇ
2986 943 3171 1015 ἡμέρᾳ
3223 942 3408 1013 ἐκείνῃ
3469 943 3529 995 οὐ
3590 943 3673 1014 μὴ

414 1036 673 1092 omnibus
711 1036 1195 1096 adinventionibus
1227 1042 1358 1106 tuis,
1394 1042 1597 1113 quibus
1626 1043 1792 1115 impie
1829 1042 1988 1114 egisti

2096 1042 2494 1113 καταισχυνθῇς
2538 1041 2603 1092 ἐκ
2643 1037 2865 1091 πάντων
2918 1034 3029 1088 τῶν
3067 1034 3515 1104 ἐπιτηδευμάτων
3571 1049 3668 1085 σου

412 1130 469 1183 in
500 1142 608 1197 me,
637 1129 767 1201 quia
796 1139 929 1187 tunc
954 1130 1201 1188 auferam
1229 1148 1258 1187 a
1288 1142 1345 1191 te
1373 1135 1672 1206 vilipendia
1701 1141 1992 1190 contume-

2096 1127 2167 1189 ῶν
2198 1131 2476 1203 ἠσέϐησας
2521 1130 2600 1192 εἰς
2631 1128 2752 1198 ἐμὲ,
2786 1126 2867 1180 ὅτι
2893 1125 3014 1179 τότε
3066 1122 3301 1195 περιελῶ
3329 1123 3437 1177 ἀπὸ
3462 1122 3555 1176 σοῦ
3597 1121 3669 1177 τά

412 1221 501 1275 lite
534 1227 664 1289 tute,
715 1230 769 1277 et
799 1222 944 1277 ultra
992 1239 1103 1279 non
1152 1225 1380 1296 adjicies
1410 1234 1471 1281 ut
1520 1227 1775 1298 glorieris
1826 1242 1993 1298 super

2096 1224 2445 1295 φαυλίσματα
2469 1220 2571 1290 τῆς
2613 1216 2823 1291 ’ύϐρεώς
2850 1234 2943 1271 σου
2962 1256 2978 1281 ,
3013 1216 3108 1270 καὶ
3138 1217 3241 1269 οὐκ
3273 1215 3353 1269 ἐτι
3391 1215 3466 1287 μὴ
3494 1233 3666 1287 προσ-

414 1319 660 1368 montem
713 1322 966 1369 sanctum
1015 1330 1219 1371 meum.
1255 1335 1275 1369 »
1333 1314 1431 1372 lllo
1476 1316 1695 1388 quidem
1744 1325 1991 1388 tempore

414 1401 555 1458 nihil
596 1402 896 1474 experieris
937 1421 1152 1474 eorum,
1195 1422 1318 1477 quae
1365 1422 1515 1463 nunc
1561 1408 1857 1479 impietatis
1886 1416 1993 1463 tuae

415 1508 581 1550 causa
603 1495 815 1565 patiens
831 1496 1039 1567 pudore
1059 1498 1295 1568 plurimo
1319 1497 1591 1554 obrueris.
1620 1499 1827 1555 Cuncta
1846 1497 1989 1554 enim

415 1585 1128 1667 qum‘egistisyobsequium
1157 1605 1337 1645 meum
1365 1590 1722 1662 negligentes,
1750 1589 1992 1658 mihique

356 1730 363 1738 .
416 1690 579 1735 omne
608 1692 780 1749 genus
805 1679 1017 1749 injuriae
1051 1695 1149 1751 per
1191 1680 1465 1735 idolorum
1499 1681 1816 1736 servitutem
1855 1679 1991 1735 infe-

350 1776 355 1779 '
416 1776 625 1833 rentes,
661 1767 776 1824 haec
802 1771 1020 1841 inquam
1054 1770 1244 1842 procul
1289 1771 1544 1827 omnibus
1574 1770 1730 1827 vobis
1770 1769 1990 1834 faciam,

417 1869 611 1926 pamas
654 1860 815 1915 simul
862 1861 932 1917 ob
967 1877 1032 1918 ea
1084 1862 1239 1918 vobis
1283 1862 1568 1933 impositas
1614 1863 1893 1929 auferens,
1938 1873 1996 1917 ut

414 1962 515 2003 vos
538 1948 796 2021 deinceps
837 1952 891 2005 in
915 1963 1101 2009 monte
1129 1953 1225 2025 qui
1255 1954 1425 2009 cultui
1458 1969 1578 2009 meo
1611 1962 1694 2011 est
1720 1955 1992 2021 addictus,

414 2039 511 2095 tali
572 2056 696 2096 cum
757 2044 1014 2115 superbia
1058 2061 1170 2100 non
1201 2048 1562 2112 consistatis,
1611 2049 1719 2104 mei
1775 2049 1994 2119 quidem

413 2131 595 2196 obliti,
630 2122 843 2189 cultum
881 2150 1008 2191 vero
1037 2151 1257 2191 omnem
1296 2136 1618 2194 exhibentes
1649 2138 1833 2193 idolis.
1872 2159 1892 2190 ι
1932 2137 1998 2191 Et

412 2223 722 2296 relinquam
747 2225 804 2280 in
826 2233 881 2281 te
909 2227 1169 2297 populum
1202 2240 1547 2285 mansuetum
1571 2235 1626 2284 et
1654 2229 1935 2285 humilem.
1969 2250 1989 2282 ι

413 2313 693 2370 Reducam
723 2330 823 2372 vos
858 2317 995 2372 satis
1037 2317 1285 2374 eruditos
1314 2333 1381 2374 ex
1417 2319 1755 2389 captivitate,
1788 2328 1849 2375 ut
1879 2320 1994 2391 jam

412 2417 698 2463 mansuete
756 2408 1152 2481 humiliterque
1204 2410 1474 2477 viventes,
1517 2412 1605 2482 pie
1660 2412 1812 2468 cultu
1874 2429 1997 2469 meo

412 2495 742 2567 fungamini.
779 2496 933 2554 Unde
969 2500 1118 2555 addit
1147 2519 1159 2554 :
1201 2519 1220 2553 ι
1254 2500 1319 2556 Et
1348 2502 1686 2559 verebuntur
1709 2519 1741 2559 a
1776 2506 1997 2561 nomine

412 2585 635 2643 Domini
668 2590 914 2661 reliquiae
951 2589 1195 2654 lsraelis,
1246 2601 1301 2647 et
1335 2608 1445 2648 non
1494 2593 1699 2651 facient
1733 2596 1995 2668 iniquita-

413 2684 547 2743 tem,
584 2686 638 2733 et
681 2694 793 2734 non
826 2682 1118 2752 loquentur
1151 2698 1314 2749 vana,
1360 2693 1417 2740 et
1456 2701 1566 2741 non
1600 2686 1909 2743 invenietur
1939 2688 1996 2743 in

413 2781 511 2822 ore
543 2784 733 2823 eorum
761 2769 946 2842 lingua
991 2773 1202 2837 dolosa,
1242 2775 1502 2844 quoniam
1544 2777 1648 2847 ipsi
1678 2786 1993 2847 pascentur,

415 2856 472 2917 ct
502 2877 609 2916 non
634 2864 741 2918 erit
765 2863 928 2935 267
956 2865 1049 2935 qui
1077 2874 1351 2921 exterreat
1369 2883 1485 2923 eos.
1519 2886 1539 2920 ι
1570 2868 1996 2926 Perseverabitis

416 2959 600 3008 autem
669 2968 771 3010 vos
818 2954 1049 3009 reduces
1109 2970 1141 3009 e
1201 2957 1517 3026 captivitate
1564 2974 1764 3015 nomen
1811 2975 1993 3016 meum

2100 1317 2200 1389 θῇς
2242 1313 2335 1369 τοῦ
2381 1309 2790 1385 μεγαλαυχῗμαι
2818 1308 2910 1362 ἐπὶ
2947 1308 3009 1360 τὸ
3038 1307 3163 1378 ὅρος
3210 1306 3271 1360 τὸ
3300 1307 3454 1376 ἆγιόν
3489 1324 3611 1377 μου.
3645 1327 3665 1358 ι

2098 1408 2235 1461 Κατ’
2259 1407 2467 1458 ἐκεῖνον
2494 1403 2561 1474 δὴ
2585 1402 2677 1455 τὸν
2709 1400 2901 1471 καιρὸν
2931 1399 3029 1469 οὐχ
3059 1400 3353 1469 ὑπομενεῖς
3380 1397 3537 1451 οὐθὲν
3560 1397 3673 1451 τῶν

2098 1503 2198 1556 ὅσα
2245 1502 2335 1555 διὰ
2367 1502 2465 1565 τὰς
2515 1498 2769 1562 ἀσεϐείας
2820 1502 2925 1551 σου
2961 1497 3245 1569 πάσχουσα
3296 1494 3395 1550 νῦν
3439 1493 3673 1565 αἰσχύνῃ

2099 1593 2488 1665 περιϐέϐλησαι
2545 1591 2801 1662 πλείστῃ·
2852 1590 3031 1643 πάντα
3066 1587 3174 1660 γὰρ
3198 1588 3297 1641 ὅσα
3336 1586 3672 1656 πεποιήκατε

2099 1682 2517 1755 ὲκφαυλίζοντές
2545 1700 2605 1736 τε
2641 1681 2711 1736 τά
2744 1682 2885 1752 ἐμά,
2924 1680 3019 1734 καὶ
3048 1678 3308 1741 παντοίας
3336 1676 3548 1749 ὕϐρεώς
3581 1692 3673 1746 μοι

2096 1774 2186 1829 διὰ
2210 1774 2308 1845 τῆς
2348 1773 2477 1844 περὶ
2508 1772 2576 1827 τὰ
2608 1770 2802 1824 εἴδωλα
2837 1768 3131 1841 θεραπείας
3173 1768 3449 1837 γινόμενοι
3478 1765 3670 1838 πρόξε·

2096 1884 2197 1932 νοι,
2226 1866 2302 1937 (p.
2334 1864 2482 1936 406.)
2510 1863 2743 1934 περιελῶ
2771 1862 2835 1933 δὴ
2859 1860 2920 1926 ἐξ
2947 1860 3200 1914 ἀπάντων
3232 1858 3407 1931 ὑμῶν,
3444 1859 3541 1913 ἆτε
3578 1860 3673 1913 καὶ

2095 1963 2192 2027 τάς
2217 1962 2308 2016 ἐπὶ
2335 1960 2544 2024 τούτοις
2572 1957 2902 2028 ἐπαχθείσας
2930 1958 3058 2026 ὐμῖν
3088 1953 3357 2026 τιμωρίας
3386 1952 3637 2024 ἀφαιρῶν
3655 1969 3673 1984 ο

2096 2056 2173 2119 ὡς
2205 2052 2402 2126 μηκέτι
2436 2052 2514 2123 μὴ
2542 2051 2597 2104 δέ
2620 2050 2764 2122 ὑμᾶς
2792 2049 2850 2102 ὲν
2873 2047 2947 2118 τῷ
2975 2046 3090 2119 δρει
3112 2044 3191 2117 τῷ
3214 2045 3351 2116 πρὸς
3380 2044 3674 2117 θεραπείαν

2096 2146 2237 2219 ἐμὴν
2263 2141 2569 2199 καθεστῶτι
2591 2140 2728 2213 μετά
2758 2137 3132 2212 ὑπερηφανίας
3156 2137 3363 2206 διάγειν
3383 2136 3677 2208 τοσαύτης,

2096 2237 2433 2311 ἀμελοῦντας
2478 2234 2577 2306 μὲν
2609 2233 2717 2287 τῶν
2749 2233 2869 2286 κατ’
2907 2231 3042 2302 ἐμὲ,
3077 2228 3373 2302 θεραπείαν
3401 2228 3459 2282 δὲ
3492 2228 3679 2282 πᾶσαν

2097 2332 2475 2405 προσάγοντας
2512 2330 2628 2391 τοῖς
2677 2324 2937 2388 εἰδώλοις.
2987 2341 3007 2375 ι
3036 2322 3147 2377 Καὶ
3199 2321 3564 2392 ὑπολείψομαι
3616 2323 3678 2375 ἐν

2098 2426 2181 2478 σο)⁵
2206 2423 2334 2477 λαὸν
2365 2421 2538 2492 πρᾶον
2569 2420 2665 2473 καὶ
2700 2416 2974 2472 ταπεινόν.
3014 2434 3033 2466 ι
3079 2412 3363 2478 Ἐπανάξω
3388 2412 3495 2484 γὰρ
3529 2414 3678 2483 ὐμᾶς
3766 2469 3779 2478 ,

2097 2514 2563 2585 πεπαιδευμένους
2596 2514 2661 2565 ἐκ
2693 2511 2795 2581 τῆς
2820 2506 3216 2580 αἰχμαλωσίας.
3240 2504 3381 2558 ὥστε
3407 2504 3679 2577 πραότητι

2096 2606 2192 2660 καὶ
2242 2602 2591 2673 ταπεινότητι
2634 2600 2910 2666 συζῶντας
2957 2598 3024 2652 δι’
3080 2595 3367 2659 εὐλαϐείας
3411 2594 3555 2667 ἐχειν
3606 2594 3677 2649 τά

2097 2697 2228 2769 ἐμά.
2265 2695 2428 2751 Ὅθεν
2456 2695 2654 2764 ἐπάγει
2675 2711 2689 2725 ’
2740 2712 2758 2744 ι
2790 2692 2899 2746 Καὶ
2936 2687 3399 2760 εὐλαϐηθήσονται
3440 2683 3549 2738 ἀπὸ
3578 2684 3674 2738 τοῦ

2097 2789 2359 2859 ὀνόματος
2379 2785 2587 2858 Κυρίου
2621 2787 2671 2839 οί
2709 2782 3027 2838 κατάλοιποι
3057 2779 3151 2835 τοῦ
3196 2779 3445 2852 Ἰσραὴλ,
3483 2778 3578 2832 καὶ
3612 2780 3674 2832 οὐ

2099 2879 2413 2951 ποιήσουσιν
2454 2875 2667 2930 ἀδικίαν
2694 2915 2708 2939 ,
2748 2873 2844 2927 καὶ
2880 2873 2941 2927 οὐ
2973 2871 3273 2943 λαλήσουσι
3305 2871 3539 2940 μάταιαο
3579 2867 3678 2926 καὶ

2098 2973 2159 3026 οὐ
2192 2972 2269 3042 μὴ
2296 2969 2494 3041 εὑρεθῇ
2544 2971 2603 3023 ἐν
2626 2968 2705 3040 τῷ
2742 2969 2969 3040 στόματι
2999 2966 3178 3021 αὐτῶν
3223 2966 3443 3035 γλῶσσα
3490 2964 3673 3019 δολία⁶

414 3042 604 3097 timori
636 3042 924 3109 habentes,
955 3043 1024 3098 ab
1051 3042 1340 3114 iniquitate
1369 3048 1516 3102 omni
1547 3048 1906 3116 abstinentes,
1939 3059 1994 3107 et

2096 3063 2231 3117 διότι
2267 3062 2421 3117 αὐτοὶ
2463 3061 2789 3133 νεμήσονται
2814 3099 2830 3124 ,
2872 3058 2971 3113 καὶ
3010 3059 3112 3112 οὐκ
3166 3056 3320 3110 ἔσται
3357 3056 3387 3109 ό
3427 3054 3676 3125 ἐκφοϐῶν

416 3134 566 3189 omni
595 3135 730 3190 vitio
760 3137 999 3207 purgati,
1042 3137 1129 3192 cui
1169 3148 1328 3193 antea
1373 3138 1560 3197 fuistis
1592 3142 1813 3198 obnoxii
1850 3161 1864 3197 :
1897 3157 1993 3198 ca-

410 3222 613 3279 vebitis
633 3229 815 3278 autem
844 3226 1140 3294 quominus
1165 3226 1372 3281 cultum
1399 3243 1578 3285 meum
1597 3229 1785 3286 dolosa
1813 3239 1995 3288 mente

412 3312 708 3377 simuletis,
750 3312 880 3367 dum
924 3313 1085 3369 idolis
1133 3314 1447 3373 adhaeretis.
1497 3318 1639 3374 Hinc
1676 3321 1835 3378 vobis
1868 3337 1996 3378 con-

412 3401 588 3473 tinget
611 3413 670 3457 ut
690 3419 882 3459 secure
900 3420 1130 3477 prorsus
1149 3410 1475 3477 pascamini,
1498 3412 1809 3483 vestrisque
1836 3414 1995 3470 bonis

412 3493 698 3561 fruamini,
740 3504 905 3567 atque
943 3497 999 3553 in
1027 3499 1136 3553 alta
1165 3500 1356 3569 requie
1389 3502 1609 3568 vivatis,
1645 3504 1862 3560 nemine
1898 3521 1994 3562 vos

417 3587 645 3643 turbare
672 3592 980 3662 vestrisque
1027 3591 1250 3649 sedibus
1280 3594 1555 3651 abducere
1590 3598 1823 3653 valente.
1870 3597 1995 3654 llaec

415 3680 526 3736 illis
556 3688 680 3752 post
730 3681 964 3738 reditqu
1018 3683 1136 3740 fore
1178 3685 1525 3753 vaticinatus,
1552 3685 1748 3742 deinde
1793 3689 1943 3743 addit
1977 3709 1989 3744 :

422 3790 441 3823 ι
478 3770 690 3828 Laetare
720 3774 898 3841 valde,
957 3775 1064 3829 ﬁlia
1098 3775 1271 3844 Sion;
1308 3778 1563 3847 praedico,
1596 3779 1706 3832 tilia
1739 3779 1996 3835 Hierusa-

413 3862 556 3928 lem;
587 3863 804 3917 exsulta
834 3872 890 3919 et
924 3865 1198 3920 delectare
1235 3873 1348 3920 toto
1384 3866 1550 3920 corde
1587 3875 1700 3932 tuo,
1742 3867 1846 3923 filia
1878 3868 1994 3924 Hic-

413 3959 688 4023 rusalem;
725 3959 954 4015 abstulit
980 3957 1242 4014 Dominus
1272 3966 1497 4028 peccata
1525 3965 1641 4024 tua,
1672 3961 1901 4015 redemit
1941 3969 1994 4016 te

414 4049 682 4131 Dominus
731 4049 799 4105 de
864 4065 1028 4104 manu
1085 4050 1433 4105 inimicorum
1483 4059 1737 4118 tuorum;
1804 4062 1994 4123 regnat

412 4141 682 4197 Dominus
717 4141 772 4195 in
798 4141 978 4196 medio
1000 4141 1077 4195 tui
1103 4161 1114 4196 :
1137 4156 1246 4195 non
1279 4139 1493 4195 videbis
1522 4142 1660 4196 mala
1684 4143 1936 4199 ulterius.
1968 4162 1986 4195 ι

412 4233 475 4287 In
505 4234 820 4289 omnimoda
854 4232 1113 4303 deinceps
1144 4231 1423 4303 voluptate
1450 4246 1695 4296 versare,
1735 4248 1768 4287 ο
1793 4232 1994 4289 llicru-

415 4324 798 4395 salemtcum
848 4326 997 4381 omni
1068 4325 1253 4380 lzetitia
1310 4335 1363 4380 et
1414 4326 1774 4383 delectatione
1823 4329 1990 4383 vitam

412 4417 567 4489 exige
600 4436 613 4471 :
651 4432 778 4472 nam
806 4433 933 4472 cum
967 4426 1058 4471 tua
1097 4418 1280 4471 omnia
1319 4425 1545 4488 peccata
1582 4417 1728 4474 Deus
1769 4419 1988 4475 deleve-
2020 4405 2069 4464 Ι)

410 4512 504 4574 rit,
543 4512 855 4567 necessario
904 4517 960 4566 te
1007 4512 1076 4565 ab
1123 4510 1476 4565 inimicorum
1535 4519 1823 4581 potentatu
1859 4513 1993 4568 sub—

411 4601 586 4664 duxit,
640 4603 843 4671 quibus
900 4616 1025 4656 eras
1080 4602 1329 4672 subjecta
1397 4601 1525 4655 dum
1575 4601 1757 4670 justas
1803 4615 1993 4672 poenas

410 4695 610 4750 lueres.
664 4693 783 4748 Erit
816 4709 945 4749 vero
971 4693 1117 4763 apud
1159 4702 1213 4748 te
1255 4694 1456 4757 abhinc
1501 4692 1666 4756 Deus,
1699 4708 1798 4763 per
1832 4709 1991 4749 suum

409 4800 538 4855 erga
605 4791 660 4840 te
712 4784 1101 4854 patrocinium,
1151 4783 1434 4854 proprium
1490 4798 1720 4854 regnum
1766 4783 1995 4838 demon-

410 4886 618 4931 strans.
656 4875 842 4942 Quare
866 4876 1014 4930 nulla
1042 4874 1155 4945 jam
1188 4874 1253 4929 ad
1289 4881 1344 4930 te
1370 4872 1991 4944 propinquare‘calami-

408 4977 497 5023 tas
525 4968 744 5037 poterit.

2095 3154 2313 3218 αὐτούς.
2355 3173 2375 3206 ι
2408 3155 2720 3224 Διαμενείτε
2756 3149 2864 3223 γὰρ
2892 3151 2943 3204 οἱ
2979 3148 3441 3221 ἐπανεληλυθότες
3476 3149 3542 3201 ἐκ
3574 3146 3675 3217 τῆς

2095 3244 2469 3317 αἰχμαλωσίας
2504 3246 2563 3298 ἐν
2600 3243 2752 3315 φόϐῳ
2783 3242 2882 3315 μὲν
2908 3242 3124 3314 ἔχοντες
3158 3240 3256 3311 τὴν
3295 3239 3432 3311 ἐμὴν
3481 3240 3679 3310 ὀνομα-

2097 3339 2253 3401 σίαν,
2286 3336 2501 3400 ἀδικίας
2532 3336 2590 3389 δὲ
2627 3336 2961 3406 ἀπεχόμενοι
3007 3334 3218 3405 πάσης,
3268 3333 3364 3387 καὶ
3400 3331 3509 3385 τῶν
3549 3333 3676 3386 ἀτο-

2096 3427 2236 3481 πιῶν
2264 3426 2660 3498 καθαρεύοντες
2700 3424 2765 3489 ἃς
2787 3423 2851 3495 δὴ
2887 3424 3138 3495 μετῄειτε
3178 3424 3442 3495 πρότερον
3463 3441 3476 3453 ·
3503 3422 3676 3492 φυλά-

2095 3519 2251 3586 ξεσθε
2304 3518 2362 3572 δὲ
2407 3519 2529 3571 τότε
2563 3516 2659 3572 καὶ
2690 3516 2749 3570 τδ
2788 3515 2983 3587 δολερᾷ
3011 3518 3080 3588 τῇ
3120 3514 3330 3587 διανοίᾳ
3363 3516 3679 3586 προσποιεῖ-

2097 3610 2219 3665 σθαι
2252 3610 2349 3680 μέν
2379 3611 2478 3679 τὴν
2527 3608 2666 3680 ἐμὴν
2697 3608 3016 3681 θεραπείαν,
3059 3608 3418 3679 προσκεῖσθαι
3468 3608 3524 3661 δέ
3566 3610 3676 3670 τοῖς

2094 3699 2331 3764 εἰδώλοις
2352 3717 2366 3732 ο
2396 3699 2645 3754 ἐντεῦθεν
2671 3699 2800 3768 γοῦν
2831 3700 2958 3770 ὑμῖν
2987 3699 3286 3771 προσέσται
3322 3698 3416 3752 καὶ
3444 3699 3501 3752 τὸ
3537 3699 3677 3769 μετά

2094 3792 2275 3863 πάσης
2300 3789 2481 3853 ἀδείας
2507 3788 2766 3860 νέμεσθαί
2793 3806 2852 3842 τε
2876 3789 2970 3841 καὶ
2989 3786 3285 3842 ἀπολαύειν
3310 3787 3417 3841 τῶν
3437 3789 3675 3853 οἰκείων,

2094 3885 2152 3935 ὲν
2181 3882 2366 3954 ἀπάσῃ
2391 3899 2452 3935 τε
2480 3881 2687 3950 διάγειν
2720 3880 3047 3945 ἀναπαύσει,
3090 3880 3313 3951 μηδενὸς
3343 3881 3486 3949 ὑμᾶς
3517 3882 3676 3934 ἐκτει-

2097 3976 2315 4048 ράττειν
2355 3993 2415 4029 τε
2453 3974 2547 4029 καὶ
2578 3975 2813 4046 ἀφιστᾷν
2857 3973 2965 4028 τῶν
2994 3973 3209 4027 οἰκείων
3242 3974 3423 4028 τόπων
3463 3974 3575 4027 οἴου
3619 3990 3677 4025 τε

2092 4066 2265 4129 ὄντος.
2314 4063 2499 4119 Ταῦτα
2549 4062 2949 4133 ’ὑποσχόμενος
2992 4062 3174 4126 αὐτοῖς
3223 4061 3554 4134 παρέσεσθαι
3612 4062 3678 4115 ἐκ

2092 4160 2191 4230 τῆς
2248 4157 2540 4221 ἐπανόδου,
2603 4155 2800 4223 ἐπάγει
2848 4155 3072 4209 λοιπόν·
3132 4175 3151 4207 ι
3187 4153 3381 4226 Χαῖρε,
3439 4153 3677 4226 θύγατερ

2093 4249 2270 4314 Σιὼν,
2339 4248 2571 4319 σφόδρα*
2632 4249 2912 4318 κήρυσσε,
2973 4246 3209 4316 θύγατερ
3287 4244 3673 4317 Ἰερουσαλὴμ,

2094 4342 2171 4413 (p.
2210 4339 2338 4412 407)
2405 4337 2698 4411 εὐφραίνου
2759 4337 2856 4392 καὶ
2909 4337 3254 4409 κατατέρπου
3307 4324 3367 4403 ἐξ
3411 4336 3537 4405 ὅλης
3577 4336 3675 4405 τῆς

2095 4429 2323 4503 καρδίας
2353 4445 2468 4497 σου,
2506 4427 2742 4496 θύγατερ
2773 4426 3165 4499 Ἰερουσαλήμ·
3205 4427 3440 4497 περιεῖλε
3475 4426 3678 4497 Κύριος

2092 4521 2162 4575 τὰ
2188 4520 2502 4592 ἀδικήματά
2540 4536 2662 4572 σου·
2697 4517 3032 4588 λελύτρωταί
3068 4535 3125 4571 σε
3163 4518 3366 4588 Κύριος
3397 4520 3461 4570 ἐκ
3499 4518 3681 4589 χειρὸς

2092 4611 2304 4684 ἐχθρῶν
2352 4626 2475 4664 σου*
2537 4610 2811 4680 βασιλεύει
2855 4610 3062 4682 Κύριος
3113 4612 3171 4663 ἐν
3231 4610 3380 4681 μέσῳ
3419 4625 3545 4662 σου·
3580 4610 3681 4662 οὐκ

2092 4704 2211 4774 ὄψει
2246 4703 2391 4758 κακά
2419 4702 2622 4755 οὐκέτι.
2669 4721 2687 4753 ι
2730 4702 2818 4756 Ἐν
2847 4702 3059 4772 ἡδοναῖς
3079 4701 3135 4756 δὲ
3158 4700 3341 4755 λοιπὸν
3370 4700 3524 4769 δίαγε
3555 4718 3682 4754 πανο

2094 4793 2288 4857 τοίαις,
2328 4787 2373 4845 ῶ
2428 4790 2812 4863 Ἰερουσαλὴμ,
2876 4795 2998 4864 μετ’
3044 4792 3384 4865 εὐφροσύνης
3423 4792 3518 4846 καὶ
3553 4792 3681 4862 τέρ-

2098 4885 2243 4953 ψεως
2268 4883 2526 4952 διάγουσα
2552 4884 2874 4949 παντελοῦς·
2910 4884 3127 4956 ἀφελὼν
3154 4884 3263 4955 γάρ
3288 4901 3380 4937 σου
3409 4883 3588 4938 πάντα
3613 4885 3683 4936 τά

2102 4975 2547 5047 παρανομήματα
2573 4977 2601 5028 ὁ
2618 4975 2772 5040 Θεὸς,
2796 4977 3107 5044 ἀναγκαίως
3134 4993 3193 5028 σε
3217 4978 3311 5029 καὶ
3333 4975 3442 5029 τῶν
3465 4972 3684 5045 ἐχθρῶν

408 5073 600 5142 ἀφεῖλε
631 5074 972 5137 δυναστείας,
1006 5073 1093 5141 ὐφ’
1122 5070 1214 5136 οὓς
1237 5072 1597 5137 ἐπεπτώκεις,
1621 5072 1721 5143 τῆς
1750 5073 2021 5143 τιμωρίας
2049 5073 2269 5129 διδοῦσα
2295 5072 2481 5137 δίκας·
2518 5058 2761 5127 ἔσται’τε
2799 5072 3003 5145 Κύριος
3036 5075 3094 5127 ἐν
3124 5074 3206 5127 σοὶ
3240 5071 3429 5126 λοιπὺν
3460 5070 3546 5126 διὰ
3583 5070 3682 5141 τῆς

409 5169 489 5229 είς
520 5167 581 5219 σὲ
614 5166 939 5239 κηδεμονίας
966 5164 1065 5237 τὴν
1098 5164 1302 5219 οἰκείαν
1330 5163 1606 5233 βασιλείαν
1635 5162 1917 5217 δεικνύων*
1958 5164 2034 5229 ὡς
2076 5160 2242 5238 μ’ἢδέν
2270 5164 2351 5218 ἔτι
2382 5180 2465 5218 σοι
2494 5164 2853 5234 προσεγγίσαι
2882 5157 2993 5217 οἷόν
3013 5180 3073 5217 τε
3102 5158 3241 5217 εἶναι
3271 5161 3462 5218 κακόν.

482 5258 652 5315 Vens.
706 5259 891 5314 16-20.
918 5290 988 5300 -—-
1015 5280 1034 5312 ι
1071 5258 1341 5330 Tempore
1382 5260 1475 5313 illo
1528 5257 1675 5313 dicet
1723 5256 1988 5318 Dominus

410 5351 755 5409 Hierusalem
785 5370 798 5408 :
829 5351 1236 5421 Confide,Sion,
1260 5368 1370 5408 non
1397 5351 1774 5408 dissolvantur
1797 5367 1994 5408 manus

352 5456 357 5463 ί
412 5452 540 5500 tuae.
578 5443 843 5499 Dominus
871 5443 1018 5500 Deus
1051 5451 1181 5501 tuus
1208 5444 1263 5499 in
1308 5453 1361 5499 te
1391 5453 1623 5514 :potens
1660 5444 1893 5499 salvabit
1917 5452 1992 5508 te,

413 5545 467 5589 et
518 5535 801 5592 renovabit
831 5544 883 5592 te
922 5537 1190 5592 charitate
1235 5551 1356 5600 sua,
1408 5543 1464 5591 et
1511 5536 1786 5621 laetabitur
1840 5537 1894 5592 in
1939 5546 1993 5594 te

414 5618 797 5690 delectatione,
832 5626 989 5695 quasi
1021 5626 1076 5681 in
1123 5624 1213 5680 die
1242 5618 1494 5681 solemni.
1529 5618 1594 5681 Et
1639 5627 1992 5697 congregabit

416 5710 754 5772 confractus.
799 5735 818 5768 ι
847 5715 1004 5772 Tunc
1054 5717 1123 5773 ab
1175 5719 1322 5776 omni
1385 5716 1702 5775 inﬁrmitate
1749 5718 1993 5776 tuebitur

2166 5262 2314 5333 Στίχ.
2353 5266 2527 5327 ις’-κ’.
2553 5290 2618 5301 -—
2638 5277 2656 5310 ι
2679 5258 2770 5315 Ἐν
2786 5259 2864 5329 τῷ
2897 5257 3074 5331 καιρῷ
3100 5258 3291 5331 ἐκείνῳ
3324 5260 3443 5330 ἐρεῖ
3472 5257 3676 5329 Κύριος

2095 5355 2161 5426 τῇ
2202 5345 2557 5424 Ἰερουσαλήμ
2580 5368 2593 5381 ·
2633 5350 2853 5421 Θάρσει,
2910 5348 3069 5413 Σιὼν,
3105 5348 3180 5421 μὴ
3208 5345 3591 5420 παρείσθωσαν
3619 5346 3678 5401 αι

2095 5445 2276 5518 χεῖρές
2300 5461 2394 5498 σου
2417 5460 2429 5473 ·
2459 5442 2663 5515 Κύριος
2689 5442 2719 5494 ό
2751 5441 2882 5504 Θεός
2917 5459 3012 5494 σου
3035 5444 3094 5496 ἐν
3122 5441 3225 5505 σοὶ,
3258 5439 3483 5503 δυνατὸς
3512 5437 3677 5494 σώσει

2097 5554 2177 5605 σε,
2202 5535 2394 5601 ἐπάξει
2449 5535 2541 5588 ἐπὶ
2588 5534 2647 5588 οέ
2684 5533 3044 5604 εὐφροσύνην,
3086 5534 3180 5587 καὶ
3204 5533 3403 5586 καινιεῖ
3434 5548 3492 5585 σε
3517 5530 3576 5583 ὲν
3608 5531 3675 5603 τῇ

2098 5629 2371 5699 ἀγαπήσει
2404 5625 2590 5691 αὐτοῦ,
2626 5625 2718 5679 καὶ
2746 5624 3180 5696 εὐφρανθήσεται
3209 5623 3301 5677 ἐπὶ
3333 5622 3418 5677 σοὶ
3458 5623 3516 5675 ἐν
3546 5619 3676 5690 τέρ-

2098 5722 2190 5794 ψει
2232 5721 2307 5785 ὡς
2363 5721 2421 5772 ἐν
2468 5717 2647 5791 ἡμέρᾳ
2691 5717 2902 5789 ἑορτῆς,
2940 5720 3035 5780 καὶ
3076 5718 3290 5785 συνάξει
3326 5715 3451 5782 τοὺς
3492 5730 3677 5801 cuin:-
