4118 6470
285 320 413 383 477

1306 324 1871 390 COMMENTARIUS
1907 325 1974 387 ια
2013 332 2251 410 acum
2287 326 2440 389 cap.
2470 332 2507 388 ι.

3509 333 3619 388 Πὸ

287 448 358 501 ἐν
383 442 542 519 αὐτῷ
561 443 889 515 συναγωγῆς
904 441 1003 515 τήν
1027 442 1308 514 βελτίωσιν
1332 445 1561 517 δέχοιτο,
1585 448 1727 519 ὑπὲρ
1745 448 1913 503 ἀπάν-

2027 447 2286 518 eiusmodi
2316 450 2455 503 Deus
2501 447 2713 519 recipit,
2740 462 2848 504 non
2880 447 3012 519 quia
3052 446 3170 517 ipse
3200 446 3288 504 his
3309 456 3489 520 egeat,
3522 450 3618 504 sed

287 556 440 604 των,
499 537 578 604 ὡς
623 537 783 611 ἔφην,
815 536 1121 611 ἀνθρώπων
1151 537 1254 608 τῆς
1289 539 1432 594 οὕτω
1485 541 1687 613 πολλῆς
1719 560 1779 595 τε
1825 542 1921 597 καὶ

294 632 584 703 μεγίστης
621 631 948 703 ἀξιούμενος
1007 630 1361 701 ἐπιμελείας·
1421 632 1499 696 ὡς
1550 634 1659 706 γὰρ
1719 632 1921 687 θυσιῶν

289 726 569 797 ἀνέχεται
593 723 691 778 καὶ
717 722 831 777 τῶν
850 722 1029 778 ἄλλων
1049 721 1113 790 δὴ
1137 722 1244 777 τῶν
1271 723 1528 778 τοιούτων
1548 727 1575 779 6
1591 725 1744 790 Θεὸς,
1766 726 1923 780 οὐθὲν

291 819 517 873 τούτων
524 818 779 889 δεόμενος
792 816 1049 884 καθάπαξ
1062 816 1226 881 αὐτὸς
1237 817 1323 872 διὰ
1339 817 1437 889 τήν
1448 820 1479 888 ὴ
1490 817 1617 889 μετέ
1624 836 1722 891 ραν
1734 837 1768 890 χ
1774 837 1832 891 ρε
1841 820 1945 897 ίαν,

290 913 386 981 (p.
405 907 703 981 419)οῦτω
724 907 820 962 καὶ
870 906 972 976 τῆς
1012 908 1141 977 περὶ
1162 907 1254 962 τὸν
1271 907 1399 962 ναὸν
1411 911 1588 980 εἴχετο
1616 909 1918 980 φροντίδος,

287 1002 359 1056 οὐ
368 1021 403 1072 χ
418 1000 623 1056 ἑαυτοῦ
637 1016 703 1071 γε
715 999 925 1064 ἕνεκεν,
940 999 1054 1052 ἀλλ’
1072 1000 1214 1071 ὑπὲρ
1227 999 1474 1065 ἐκείνων,
1492 1000 1586 1066 οὓς
1598 1001 1787 1056 αὐτόθι
1806 1019 1924 1057 συν-

292 1094 448 1149 ιέναι
466 1109 526 1146 τε
555 1092 655 1146 καὶ
674 1091 772 1162 τὴν
786 1090 1139 1162 καθήκουσαν
1162 1090 1240 1162 τῷ
1265 1091 1387 1163 Θεῷ
1408 1093 1702 1163 θεραπείαν
1728 1094 1918 1147 ἀποδι-

289 1185 457 1240 δόναι
477 1186 758 1257 προσῆκον
778 1179 848 1256 ἦν
869 1185 1011 1255 ὑπὲρ
1032 1184 1287 1239 ἀπάντων
1304 1201 1368 1254 γε
1390 1183 1713 1255 ἀνθρώπων,
1732 1185 1919 1257 ὥσπερ

289 1276 400 1333 οὖν
423 1278 606 1349 ἔφθην
626 1276 867 1347 πρόσθεν
896 1275 1091 1331 εἰπών.
1132 1278 1286 1348 Ἔχει
1315 1278 1372 1330 δέ
1406 1294 1527 1331 τινα
1559 1278 1655 1331 καὶ
1686 1280 1920 1350 μήνυσιν

2019 542 2317 597 utilitatum
2356 550 2672 598 nostrarum
2715 556 2919 602 causa:
2953 542 3035 597 sic
3084 543 3246 597 etiam
3283 542 3469 614 templi
3514 551 3622 597 stu-

2019 633 2171 689 dium
2228 650 2341 706 prae
2385 651 2444 691 se
2474 634 2704 698 ferebat,
2735 652 2843 691 non
2882 635 3137 706 equidem
3191 636 3277 693 sui
3310 635 3623 707 gratia,sed

2019 726 2360 793 Judzeorum,
2417 745 2557 799 quos
2609 730 2721 784 illic
2762 728 3087 800 congregari
3135 728 3455 798 iustamque
3506 725 3623 781 Deo

2023 822 2346 891 religionem
2380 823 2712 893 persolvere,
2751 822 3056 893 prar271
3091 821 3327 885 caeteris,
3359 827 3420 874 ut
3454 819 3621 890 paulo

2026 922 2153 970 ante
2187 915 2322 978 dixi,
2345 915 2682 979 hominibus,
2705 930 2922 985 aequum
2950 919 3091 969 erat.
3119 911 3445 967 Futurarum
3477 926 3621 982 pra:-

2024 1016 2176 1061 terea
2207 1022 2393 1062 rerum
2456 1008 2667 1063 mentio
2695 1006 2879 1077 aliqua
2919 1006 2975 1060 in
3007 1003 3194 1061 libello
3239 1010 3354 1070 est;
3385 1016 3620 1073 quarum

2026 1098 2284 1152 notitiam
2342 1114 2407 1154 ex
2465 1098 2602 1169 ipsis
2675 1098 2899 1169 scriptis
2957 1109 3291 1168 cognoscere
3374 1099 3620 1164 praestat.

2025 1185 2142 1243 Hoc
2169 1197 2253 1244 est
2282 1189 2449 1260 igitur
2466 1198 2850 1262 argumentum
2878 1188 3028 1256 libri,
3060 1188 3157 1260 qui
3174 1188 3287 1259 iam
3304 1186 3621 1258 singillatim
3652 1218 3655 1221 λ

2024 1282 2406 1351 explanandus
2437 1293 2544 1341 est.

292 1372 590 1444 ἐσομένων
616 1372 680 1426 τὸ
708 1371 934 1443 βιϐλίον,
973 1373 1082 1429 τῶν
1108 1373 1238 1444 περὶ
1270 1372 1361 1426 τὸν
1390 1372 1515 1442 Γὼγ
1549 1375 1713 1445 φημὶ,
1742 1376 1809 1446 ἣν
1842 1375 1939 1428 ἀπ’
1968 1376 2151 1430 αὐτῶν
2176 1378 2288 1434 τῶν
2321 1381 2723 1454 γεγραμμένων
2756 1379 2981 1451 ἄμεινον
3020 1378 3121 1433 ίδοι
3147 1396 3232 1442 τις
3262 1378 3355 1432 ἄν·
3385 1376 3500 1432 ἀλλ’
3529 1369 3622 1433 οὗ·

288 1488 396 1536 τος
427 1470 533 1541 μὲν
554 1472 586 1526 6
603 1468 698 1526 τοῦ
725 1469 932 1542 βιϐλίου
964 1469 1186 1533 σκοπός.
1219 1470 1558 1542 Προσεκτέον
1584 1470 1644 1524 δὲ
1666 1473 1783 1534 τοῖς
1804 1472 1947 1525 κατὰ
1974 1472 2141 1543 μέρος
2178 1474 2384 1530 λοιπόν.

990 1566 1150 1621 ΚΕΦ.
1173 1567 1250 1620 A'.

376 1660 535 1731 Στίχ.
571 1665 645 1722 α’,
671 1657 738 1729 β’.
764 1690 832 1701 --
868 1677 886 1709 ι
928 1658 1019 1713 Ἑν
1054 1658 1109 1712 δὲ
1156 1657 1234 1729 τῷ
1282 1658 1521 1731 δευτέρῳ
1548 1659 1657 1713 ἔτει
1698 1660 1789 1713 ἐπὶ
1814 1662 1917 1713 Δα-

266 1751 458 1824 ρείου
498 1751 596 1806 τοῦ
656 1751 942 1822 βασιλέως,
982 1753 1043 1807 ἐν
1077 1751 1156 1821 τῷ
1197 1750 1329 1822 μηνὶ
1373 1750 1450 1822 τῷ
1478 1751 1646 1823 ἕκτῳ,
1680 1753 1778 1823 μιᾷ
1820 1751 1914 1805 τοῦ

2709 1571 2861 1628 CAP.
2902 1572 2939 1626 Ι,

2095 1660 2262 1719 Vens.
2298 1665 2350 1727 l,
2381 1664 2438 1717 2.
2480 1692 2550 1702 -
2588 1681 2606 1714 ι
2648 1664 2811 1717 Anno
2837 1661 2980 1718 Darii
3036 1663 3319 1733 regnantis
3352 1659 3621 1723 secundo,

2023 1771 2215 1813 mense
2245 1765 2421 1818 sexto,
2450 1754 2540 1810 die
2584 1769 2689 1808 una
2749 1755 2968 1825 (prima)
3017 1755 3247 1817 mensis,
3311 1753 3489 1808 factus
3538 1760 3625 1807 cst

297 1844 485 1917 μηνὸς
518 1842 742 1912 ἐγένετο
785 1841 943 1911 λόγος
969 1844 1177 1914 Κυρίου
1216 1842 1276 1894 ὲν
1321 1842 1466 1913 χειρὶ
1519 1841 1776 1913 Ἀγγαίου
1818 1840 1914 1896 τοῦ

2027 1865 2204 1906 sermo
2230 1849 2446 1905 Domini
2497 1848 2551 1902 in
2586 1863 2751 1903 manu
2786 1849 2963 1919 Aggaei
3006 1848 3287 1918 prophetae
3317 1846 3553 1901 dicens:
3598 1864 3618 1896 ι

296 1936 602 2008 προφήτου
655 1936 866 2004 λέγων·
903 1955 923 1988 ι
982 1936 1324 2007 ὲνιδευτέρῳ
1377 1935 1477 2006 μὲν
1534 1935 1644 1989 ἔτει
1684 1936 1914 2007 Δαρείου

296 2027 546 2099 Περσῶν
596 2026 974 2097 βασιλεύοντος
1025 2026 1122 2080 τοῦ
1171 2028 1430 2101 τετάρτου
1465 2027 1603 2098 μετά
1633 2029 1814 2100 Κῦρον
1856 2028 1915 2091 ὃς

298 2116 534 2189 πρῶτος
571 2117 774 2188 Μήδων
824 2133 886 2169 τε
936 2116 1032 2170 καὶ
1068 2116 1293 2187 Περσῶν
1324 2117 1464 2172 κατά
1513 2117 1707 2171 ταυτὸν
1734 2117 1916 2173 ἐϐασί-

293 2210 527 2273 λευσεν,
562 2207 1044 2279 ἐπανεληλυθότων
1076 2208 1178 2280 ήδη
1203 2211 1284 2273 είς
1306 2209 1376 2262 τά
1398 2211 1575 2263 οἰκεῖα
1602 2210 1711 2263 τῶν
1727 2224 1787 2263 τε
1814 2208 1915 2280 τῆς

311 2303 503 2356 Ἰούδα
532 2303 709 2372 φυλῆς
743 2301 966 2356 καὶτῶν
998 2302 1202 2356 λοιπῶν
1240 2303 1554 2374 ὁπόσοιπερ
1581 2303 1766 2367 αὐτοῖς
1792 2320 1913 2358 συν-

298 2396 563 2450 ανελθεῖν
596 2395 911 2466 προθυμίαν
945 2393 1126 2466 ἔσχον,
1158 2395 1254 2449 κα)⁵
1281 2395 1347 2466 δὴ
1376 2396 1470 2449 καὶ
1507 2396 1606 2465 τῆς
1649 2396 1918 2467 Ἰερουσα-

297 2484 425 2558 λὴμ
457 2484 846 2556 άπιληφότων
900 2485 1002 2558 τὴν
1049 2485 1285 2557 οἴκησιν,
1332 2487 1585 2554 Ἀγγαῖον
1613 2486 1707 2540 τὸν
1739 2487 1918 2557 μακά-

304 2594 433 2650 ριον
458 2578 749 2647 προφήτην
805 2576 1200 2647 ἀποκαλύψεως
1235 2576 1500 2648 ἠξιῶσθαι
1535 2578 1685 2643 θείας
1727 2577 1914 2650 φησὶν,

300 2670 409 2724 ἐπὶ
431 2669 514 2740 τῷ
537 2669 638 2742 τὴν
666 2669 776 2724 τῶν
797 2671 1188 2743 προσηκόντων
1219 2671 1454 2738 διάλεξιν
1483 2672 1622 2746 πρὸς
1651 2674 1780 2737 τοὺς
1821 2674 1918 2727 ἁν-

302 2761 650 2834 εληλυθότας
700 2762 1033 2832 ποιήσασθαι
1086 2762 1196 2818 τῶν
1257 2764 1549 2833 Ἰουδαίων,
1580 2766 1677 2819 καὶ
1715 2765 1825 2837 πρό
1852 2781 1918 2833 γε

300 2854 424 2908 τῶν
456 2854 634 2908 ἄλλων
657 2856 762 2926 τῆς
787 2855 1078 2927 οἰκοδομῆς
1108 2856 1553 2927 καταμελοῦντας
1566 2856 1794 2928 ἐλέγξαι
1822 2855 1918 2911 τοῦ

300 2944 471 3009 ναοῦ,
505 2945 566 2999 δν
593 2945 658 3017 δὴ
694 2947 934 3018 μάλιστα
956 2947 1424 3019 ἐπανεληλυθότας
1453 2949 1563 3003 ἀπὸ
1591 2950 1693 3021 τῆς
1716 2950 1921 3021 αίχμα·

300 3038 524 3102 λωσίας
568 3040 706 3108 μετά
740 3038 943 3110 πολλῆς
982 3040 1262 3110 ἀνεγεῖραι
1293 3041 1393 3112 τῆς
1414 3041 1724 3113 προθυμίας
1751 3058 1920 3113 προσ-

299 3130 453 3201 ἧκον
506 3125 597 3201 ἦν.
647 3129 1111 3206 Ἐπισημαίνεταιθ
1161 3130 1217 3185 δὲ
1268 3132 1365 3184 καὶ
1399 3132 1491 3185 τὸν
1518 3132 1664 3203 μῆνα
1694 3134 1791 3187 καὶ
1817 3132 1916 3205 τὴν

2018 1954 2164 1998 anno
2202 1940 2444 1997 secundo
2489 1938 2636 1994 Darii
2681 1937 2979 1994 Persarum
3032 1938 3199 2008 regis,
3248 1937 3434 2008 quarti
3500 1941 3626 2007 post

2017 2033 2220 2106 Cyrum
2270 2033 2425 2087 illum
2481 2031 2575 2101 qui
2621 2029 2836 2101 primus
2893 2029 3172 2086 Medorum
3231 2028 3396 2084 simul
3456 2031 3624 2092 atque

2020 2128 2312 2183 Persarum
2346 2126 2639 2197 imperium
2684 2130 2957 2187 tenuerat,
2995 2138 3119 2178 cum
3146 2121 3258 2192 iam
3307 2120 3363 2175 in
3389 2118 3621 2191 patriam

2020 2235 2080 2276 se
2111 2220 2449 2290 recepissent
2478 2225 2748 2289 quotquot
2773 2232 2838 2273 ex
2863 2214 2890 2269 J
2899 2216 3017 2271 udae
3042 2214 3189 2268 tribu
3215 2220 3270 2268 et
3294 2227 3360 2268 ex
3394 2209 3625 2280 reliquis

2021 2319 2215 2384 sponte
2235 2326 2360 2366 cum
2395 2309 2488 2365 illa
2524 2308 2706 2364 redire
2722 2308 3283 2373 voluerant,cumque
3306 2302 3342 2356 ii
3366 2300 3626 2356 Hieroso-

2020 2406 2293 2477 lymorum
2334 2403 2527 2458 urbem
2581 2402 2694 2472 iam
2755 2400 3082 2461 incolerent,
3134 2397 3337 2452 beatus
3393 2394 3625 2464 Aggaeus

2020 2497 2289 2567 propheta
2335 2493 2521 2549 divina
2592 2492 2929 2548 revelatione
2980 2491 3343 2545 collustratus
3392 2486 3623 2550 dicitur;

2021 2598 2082 2645 ut
2105 2588 2153 2644 is
2174 2586 2436 2643 nimirum
2466 2585 2699 2641 reduces
2721 2582 2944 2639 Iudaeos
2967 2582 3038 2637 de
3061 2581 3253 2637 oﬂiciis
3281 2580 3622 2642 admoneret,

2023 2691 2184 2751 atque
2216 2681 2465 2752 apprime
2512 2677 2899 2750 negligentiam
2944 2691 3137 2732 eorum
3186 2675 3246 2753 in
3301 2669 3628 2728 aediﬁcando

2022 2775 2228 2845 templo
2260 2773 2599 2844 obiurgaret,
2652 2771 2748 2841 qui
2794 2784 2929 2825 sane
2963 2767 3240 2824 excitandi
3273 2766 3423 2821 illius
3446 2762 3626 2817 maxi-

2024 2883 2175 2922 mum
2245 2865 2491 2922 studium
2542 2865 2867 2922 debuissent
2925 2875 3268 2932 expromere.
3342 2855 3628 2927 Signiﬁcat

2024 2960 2193 3016 etiam
2217 2972 2460 3014 mensem
2493 2971 2557 3011 ac
2583 2956 2752 3021 diem,
2786 2969 2897 3025 quo
2938 2950 3242 3009 secundum
3279 2949 3372 3003 Dei
3416 2946 3627 3001 revela-

2027 3050 2230 3105 tionem
2252 3048 2514 3119 propheta
2533 3045 2599 3100 ad
2622 3047 2880 3116 populum
2902 3044 3048 3114 loqui
3072 3054 3236 3097 orsus
3249 3034 3631 3107 est;utdeinde

2029 3142 2322 3198 ordinatim
2340 3140 2487 3194 dicat
2502 3137 2633 3211 quid
2650 3138 2730 3194 eis
2747 3136 3010 3192 acciderit
3029 3135 3099 3189 ob
3112 3134 3418 3205 neglectum
3441 3128 3625 3201 templi

302 3222 534 3295 ἡμέραν
573 3222 695 3276 καθ’
723 3223 793 3293 ῆν
840 3221 902 3288 ἐξ
955 3222 1351 3293 ἀποκαλύψεως
1380 3223 1530 3288 θείας
1560 3227 1589 3278 6
1633 3227 1921 3298 προφήτης

2027 3233 2678 3304 aedilicium;quantoque
2700 3229 2926 3286 meliore
2964 3228 3020 3283 in
3049 3234 3193 3282 statu
3224 3234 3357 3280 tunc
3388 3222 3626 3289 fuerint,

303 3316 524 3388 ἐχρῆτο
546 3318 661 3380 τοῖς
687 3316 827 3389 πρὸς
874 3316 1163 3380 Ἰουδαίους
1206 3315 1408 3385 λόγοις,
1439 3317 1514 3381 ὡς
1539 3316 1605 3371 ἂν
1640 3319 1917 3389 τεταγμέ-

2022 3340 2146 3382 cum
2168 3333 2503 3381 structuram
2527 3322 2672 3376 illam
2695 3321 2863 3376 alacri
2894 3320 3289 3388 animourgere
3320 3319 3625 3386 creperum.

306 3430 425 3477 νως
445 3411 676 3477 δείξειεν
707 3412 858 3476 ὅπως
888 3412 987 3483 μὲν
1021 3413 1206 3475 αὐτοῖς
1232 3411 1308 3481 (p.
1341 3410 1468 3481 M5)
1496 3410 1595 3481 τῆς
1626 3412 1919 3481 οἰκοδομῆς

2027 3415 2140 3473 Jam
2158 3432 2408 3488 quaenam
2437 3415 2505 3470 iis
2534 3412 2798 3485 propheta
2818 3411 3002 3467 dicere
3030 3425 3060 3463 a
3081 3407 3192 3463 Deo
3220 3408 3412 3476 jussus
3429 3404 3625 3463 fuerat.

310 3502 587 3574 ἀμελοῦσι
618 3501 715 3557 τοῦ
745 3502 874 3557 ναοῦ
905 3503 974 3557 τά
1001 3504 1304 3576 πράγματα
1331 3503 1638 3558 διακεῖσθαι
1664 3504 1919 3558 συνέϐαι-

308 3611 428 3660 νεν,
476 3595 609 3664 ὅσην
657 3594 717 3648 δὲ
778 3595 1119 3665 μετάστασιν
1163 3595 1256 3648 ἐπὶ
1308 3594 1371 3648 τὸ
1418 3596 1667 3665 κρεῖττον
1719 3593 1920 3649 ἔλαϐον

310 3686 567 3758 ὁπηνίκα
594 3686 694 3756 τῆς
722 3685 853 3758 περὶ
875 3685 966 3740 τὸν
989 3685 1117 3740 ναὸν
1144 3684 1437 3755 οἰκοδομῆς
1473 3684 1572 3757 τὴν
1611 3685 1922 3757 προσήκου-

316 3795 421 3832 σαν
461 3775 608 3849 ἔχειν
627 3775 864 3849 ἤρξαντο
895 3777 1173 3850 φροντίδα.
1212 3777 1347 3831 Τίνα
1388 3776 1445 3830 δὲ
1473 3772 1543 3849 ἦν
1568 3777 1714 3850 άπερ
1747 3779 1922 3831 εἰπεῖν

315 3871 462 3941 πρὸς
490 3871 692 3934 αὐτοὺς
726 3873 756 3925 6
785 3872 1073 3943 προφήτης
1110 3869 1404 3943 ἐκελεύσθη
1444 3870 1599 3943 παρὰ
1630 3870 1725 3925 τοῦ
1760 3871 1920 3939 Θεοῦ,

313 3964 454 4033 ἑξῆς
481 3962 669 4034 φησίν.
698 3982 718 4015 ι
741 3962 910 4017 Είπὸν
926 3963 1066 4035 πρὸς
1094 3962 1402 4036 Ζοροϐάϐελ
1420 3963 1514 4017 τὸν
1536 3961 1630 4017 τοῦ
1653 3963 1924 4035 Σαλαθιήλ

312 4059 387 4110 ὲκ
421 4056 598 4129 φυλῆς
637 4055 831 4121 Ἰούδα,
865 4056 959 4110 καί¹
997 4056 1134 4128 πρὸς
1176 4056 1385 4127 Ἰησοῦν
1423 4057 1517 4112 τὸν
1544 4057 1637 4111 τοῦ
1678 4057 1927 4112 Ἰωσεδὲκ

314 4151 416 4204 τὸν
444 4150 599 4222 ίερέα
623 4149 716 4203 τὸν
740 4148 915 4220 μέγαν
936 4149 1119 4217 λέγων
1143 4167 1158 4181 ·
1187 4147 1328 4203 Τάδε
1360 4148 1509 4218 λέγει
1539 4149 1745 4221 Κύριος
1790 4167 1926 4203 παν-

316 4242 616 4314 τοκράτωρ
647 4240 821 4309 λέγων
840 4255 854 4269 ’
892 4241 950 4295 '0
979 4240 1106 4305 λαὸς
1133 4234 1289 4304 οὗτος
1303 4239 1574 4307 λέγουσιν,
1605 4242 1719 4312 Οὐχ
1751 4241 1878 4312 ἥκει
1897 4243 1926 4295 6

320 4335 522 4409 καιρὸς
548 4335 644 4388 τοῦ
671 4333 1026 4405 οἰκοδομῆσαι
1073 4335 1165 4388 τὸν
1208 4330 1356 4390 οἷκον
1371 4335 1602 4408 Κυρίου.
1632 4354 1653 4387 ι
1695 4334 1928 4390 Κελεύει

318 4431 439 4503 γὰρ
469 4430 621 4500 αὐτῷ
646 4432 785 4501 πρός
818 4446 879 4483 τε
906 4430 995 4484 τὸν
1021 4427 1327 4499 Ζοροϐάϐελ
1343 4427 1402 4492 ὃς
1416 4427 1517 4496 τῆς
1551 4424 1722 4480 Ἰούδα
1752 4425 1928 4496 φυλῆς

320 4524 617 4595 ὑπάρχων,
638 4522 701 4576 ἐκ
717 4540 774 4577 τε
792 4520 887 4576 τοῦ
912 4521 1182 4594 μακαρίου
1201 4518 1365 4576 Δαυῖδ
1387 4508 1763 4590 καταγόμενος
1786 4518 1928 4572 κατὰ

317 4614 429 4677 τὰς
444 4611 782 4683 ἐπαγγελίας
811 4611 912 4675 τάς
943 4608 1095 4674 θείας
1142 4610 1431 4664 ἐϐασίλευε
1460 4609 1581 4663 τότε
1609 4607 1706 4663 τοῦ
1753 4608 1885 4663 λαοῦ
1914 4627 1929 4642 ο

321 4705 426 4758 καὶ
484 4702 597 4775 μὴν
631 4703 726 4756 καὶ
767 4700 905 4772 πρὸς
949 4699 1042 4755 τὸν
1084 4700 1333 4755 Ἰωσεδὲκ
1367 4699 1596 4771 Ἰησοῦν,
1641 4699 1701 4764 ὃς
1744 4699 1806 4754 τὸ
1832 4699 1934 4771 τῆς

320 4795 748 4868 ἀρχιερωσύνης
767 4793 929 4872 ἔργον
958 4792 1255 4865 ἀκολουθίᾳ
1283 4792 1478 4863 γένους
1503 4793 1649 4848 κατά
1674 4793 1775 4866 τὴν
1799 4793 1935 4847 Μω-

325 4887 533 4960 σαῖκὴν
565 4884 813 4952 διάταξιν
854 4887 917 4939 ἐκ
958 4884 1054 4939 τοῦ
1105 4880 1317 4955 Ἀαρὼν
1355 4885 1733 4958 καταγόμενος
1777 4887 1935 4940 ἐκτε-

321 4980 447 5033 λεῖν
472 4980 857 5040 ἐπεπίστευτο,
883 4977 1059 5030 είπείν
1090 4972 1267 5029 ταῦτα
1305 4974 1450 5047 ἅπερ
1482 4973 1577 5032 οῦν
1611 4978 1700 5031 ἐπ’
1725 4976 1936 5048 ἐλέγχῳ

322 5074 432 5143 τῆς
466 5070 599 5140 περὶ
633 5068 725 5122 τὸν
752 5069 880 5122 ναὸν
912 5066 1006 5121 τοῦ
1042 5066 1174 5121 λαοῦ
1210 5065 1486 5139 ῥᾳθυμίας
1524 5066 1734 5133 διδάξαι
1768 5084 1940 5140 προσ-

325 5163 470 5233 ῆκον
501 5156 592 5233 ἦν.
616 5160 803 5214 Ταῦτα
855 5160 966 5232 γὰρ
1016 5159 1082 5230 δὴ
1145 5159 1285 5231 πρὸς
1327 5158 1552 5223 τούτους
1586 5159 1822 5230 μάλιστα
1862 5156 1941 5223 ὡς

328 5254 679 5326 ἡγουμένους
730 5253 958 5317 εἰκότως
984 5252 1231 5322 ἐλέγετοο
1278 5252 1376 5307 ἅτε
1411 5252 1507 5309 καὶ
1554 5253 1681 5316 τοὺς
1719 5252 1940 5316 λοιποὺς

328 5346 627 5418 διεγείρειν
680 5345 776 5399 ἐπὶ
820 5345 883 5398 τὸ
912 5346 1148 5418 πρᾶγμα
1189 5343 1530 5414 ὀφείλοντας,
1558 5343 1808 5413 φαίνεται
1837 5343 1939 5396 οὐκ

330 5441 525 5503 αὐτοῖς
570 5439 630 5491 ὲν
659 5437 737 5508 τῷ
764 5437 910 5509 λόγῳ
962 5436 1482 5509 καταμεμφόμενος,
1511 5435 1647 5489 ἀλλά
1679 5434 1758 5507 τῷ
1779 5434 1896 5506 λαῷ
1918 5452 1932 5468 ’

331 5534 412 5597 ὡς
438 5531 597 5598 δῆλον
622 5526 762 5584 εἶναι
785 5531 932 5585 ὃτιοί
958 5530 1057 5601 μὲν
1086 5529 1189 5601 τὴν
1219 5530 1603 5603 προσήκουσαν
1632 5525 1778 5599 εἶχον
1809 5528 1938 5599 περὶ

332 5628 397 5680 τὸ
465 5612 702 5697 πρᾶγμα
761 5623 1091 5696 προθυμίαν,
1127 5624 1204 5695 (p.
1237 5623 1365 5695 414)
1428 5623 1667 5679 ἐκτελεῖν
1699 5621 1757 5675 δὲ
1797 5622 1937 5693 ὅπερ

2022 3511 2080 3565 in
2102 3509 2459 3580 sequentibus
2479 3506 2760 3562 declarat:
2797 3521 2816 3556 ι
2846 3502 3095 3573 Loquere
3134 3500 3201 3555 ad
3236 3497 3629 3554 Zorobabelem

2025 3600 2342 3658 Salathielis
2361 3599 2532 3654 ﬁlium
2552 3598 2619 3653 de
2643 3596 2789 3652 tribu
2805 3595 2978 3661 Judze,
2997 3601 3052 3649 et
3078 3593 3144 3648 ad
3163 3591 3351 3647 Jesum
3380 3588 3632 3645 Josedeci

2024 3696 2195 3752 ﬁlium
2215 3693 2555 3750 sacerdotem
2578 3689 3089 3760 magnum,dicens:
3115 3686 3239 3741 Haec
3262 3686 3337 3738 ait
3353 3684 3617 3738 Dominus

2024 3784 2374 3857 omnipotens
2389 3782 2613 3838 dicens:
2634 3780 2875 3849 Populus
2894 3781 2998 3835 iste
3014 3778 3170 3841 dicit,
3189 3775 3308 3831 Non
3327 3774 3475 3831 venit
3494 3781 3635 3828 temo

2024 3895 2128 3951 pus
2143 3875 2449 3934 aediﬁcandi
2463 3875 2684 3931 domum
2710 3873 2945 3927 Domini.
2961 3869 3211 3926 )Mandat
3226 3869 3301 3934 ei,
3320 3877 3375 3922 ut
3390 3865 3635 3921 Zoroba-

2026 3972 2134 4028 beli
2163 3970 2258 4042 qui
2290 3969 2358 4025 de
2377 3966 2865 4037 Judtez'lztrihu
2892 3971 3138 4030 ortus,et
3166 3961 3232 4017 de
3248 3960 3391 4017 beati
3411 3958 3633 4019 Davidis

2027 4057 2288 4128 posteris,
2313 4054 2472 4125 juxta
2504 4051 2720 4106 divinas
2748 4049 3145 4134 promissiones
3171 4047 3434 4127 regnabat
3460 4044 3513 4098 in
3540 4056 3637 4112 po-

2030 4146 2193 4217 pulo;
2217 4145 2344 4199 item
2358 4141 2488 4198 Jesu
2506 4139 2758 4196 Josedeci
2776 4133 2909 4201 lilio,
2936 4138 3025 4194 cui
3050 4135 3410 4192 sacerdotalis
3426 4133 3631 4204 operis,

2030 4238 2101 4293 0b
2120 4237 2319 4293 seriem
2336 4233 2553 4305 generis
2569 4230 3038 4303 iuxtaMosaicam
3055 4228 3527 4287 constitutionem,
3545 4234 3637 4279 ut.

2031 4334 2159 4399 pote
2178 4340 2240 4382 ex
2260 4324 2482 4379 Aarone
2497 4321 2759 4386 oriundo,
2778 4318 3188 4373 administratio
3203 4316 3499 4372 commissa
3521 4315 3639 4369 fue~

2030 4428 2138 4482 rat,
2156 4417 2378 4473 mandat
2399 4416 2515 4470 haec
2535 4415 2722 4469 dicere
2743 4427 2867 4482 qua;
2883 4409 2950 4465 ad
2966 4410 3469 4481 reprehendendam
3491 4408 3637 4462 circa

2036 4511 2300 4582 templum
2321 4506 2608 4579 segnitiem
2636 4516 2762 4576 apta
2784 4512 2962 4559 erant.
2985 4502 3158 4557 Porro
3183 4503 3298 4557 haec
3331 4500 3635 4571 praesertim

2038 4602 2274 4660 ducibus
2309 4598 2508 4655 merito
2549 4596 2900 4661 dicebantur,
2930 4596 3024 4667 qui
3064 4594 3336 4665 reliquum
3374 4591 3635 4663 populum

2038 4697 2107 4754 ad
2146 4711 2286 4768 opus
2312 4692 2671 4751 exstimulare
2697 4691 2973 4747 debebant
3001 4709 3014 4746 :
3048 4699 3104 4746 ct
3134 4688 3490 4744 nihilominus
3526 4700 3638 4741 non

2040 4802 2147 4847 tam
2177 4789 2348 4845 duces
2378 4801 2543 4856 quam
2578 4785 2841 4857 populum
2866 4784 3164 4855 obiurgare
3196 4781 3462 4853 pr0pheta
3490 4779 3640 4834 vide-

2038 4890 2151 4948 tur;
2206 4879 2500 4936 constabat
2521 4878 2666 4932 enim
2690 4877 2866 4933 duces
2887 4876 3308 4931 convenientem
3334 4872 3518 4944 operis
3539 4887 3640 4928 cu-

2037 4988 2154 5030 ram
2191 4972 2464 5044 gessisse,
2497 4968 2644 5025 haud
2679 4976 2862 5024 tamen
2897 4968 3008 5022 voti
3040 4976 3327 5039 compotes
3372 4965 3486 5020 ﬁeri
3508 5004 3524 5028 ,
3555 4979 3641 5018 re-

2039 5074 2243 5123 nuente
2277 5064 2480 5137 populo
2507 5062 2575 5118 ad
2615 5061 2670 5117 id
2698 5062 2983 5134 cooperari
3018 5079 3031 5115 :
3061 5060 3421 5131 quamobrem
3457 5058 3540 5111 his
3573 5070 3638 5110 ea

2039 5175 2161 5231 qua:
2184 5159 2249 5212 ad
2286 5157 2472 5229 populi
2507 5155 2947 5228 obiurgationem
2999 5154 3350 5225 pertinebant
3380 5151 3535 5217 dicit,
3578 5155 3641 5202 ut

2038 5261 2092 5309 et
2129 5251 2232 5323 ipsi
2264 5249 2438 5321 magis
2466 5248 2530 5302 ad
2556 5263 2696 5319 opus
2734 5247 3129 5311 excitarentur,
3160 5252 3213 5300 et
3243 5242 3479 5314 populus
3507 5255 3643 5296 con.

2039 5357 2229 5415 gruam
2261 5341 2665 5410 correptionem
2695 5337 2994 5407 acciperet,
3035 5352 3144 5407 quo
3178 5334 3327 5390 omni
3354 5333 3643 5390 alacritate
3669 5360 3673 5365 τ

2044 5434 2260 5492 aedilicii
2298 5433 2580 5489 laboribus
2606 5432 2901 5493 instarent,
2928 5430 3157 5499 suisque
3203 5426 3437 5482 ducibus
3465 5426 3640 5482 multa

2044 5544 2170 5583 cum
2200 5526 2481 5582 docilitate
2511 5523 2819 5586 obedirent,
2865 5529 3139 5592 quatenus
3184 5518 3289 5576 sibi
3322 5517 3426 5573 hoc
3465 5518 3518 5572 in
3545 5532 3644 5573 ne-

2047 5620 2199 5692 gotio
2238 5618 2620 5689 praeciperent,
2659 5622 2921 5685 tanquam
2958 5612 3221 5683 Deiiussa
3262 5611 3512 5666 facturis.

334 5696 625 5772 ἐϐούλοντο
667 5714 948 5778 ἀδυνάτως
987 5709 1163 5784 εἶχον,
1186 5715 1287 5769 οὐκ
1328 5714 1607 5776 ἐθέλοντος
1654 5712 1838 5775 αὐτοῖς
1876 5708 1972 5763 τοῦ
2021 5708 2152 5789 λαοῦ
2198 5708 2337 5781 πρὸς
2365 5709 2525 5762 τοῦτο
2552 5705 2957 5780 συμπράττειν⁸
2989 5702 3178 5776 διόπερ
3214 5703 3427 5767 τούτοις
3459 5700 3528 5756 τὰ
3554 5696 3645 5753 ἐπ’

336 5807 555 5878 ἐλέγχῳ
587 5805 683 5862 τοῦ
720 5805 852 5862 λαοῦ
906 5805 1248 5863 συντείνοντα
1291 5804 1461 5876 λέγει,
1494 5806 1570 5870 ὡς
1604 5804 1670 5860 ἂν
1698 5796 1844 5857 οὗτοί
1879 5820 1936 5856 τε
1965 5801 2166 5874 μᾶλλον
2197 5803 2289 5855 ἐπὶ
2318 5801 2378 5855 τὸ
2410 5800 2572 5873 ἔργον
2605 5796 2956 5871 διεγερθείεν,
3001 5799 3240 5853 κάκεῖνοι
3269 5796 3326 5851 δὲ
3360 5792 3643 5868 διόρθωσιν
