4118 6504
483 337 581 395 ίῖθ

1694 330 2043 388 TUEODORI
2086 332 2562 391 MOPSUESTENI

3619 338 3725 397 680

475 455 720 521 δέξαιντο
755 455 852 525 τὴν
879 453 1255 523 προσήκουσαν
1274 492 1287 515 ,
1330 452 1406 514 εἰς
1440 450 1498 504 τὸ
1532 451 1676 522 πάσῃ
1703 454 1770 522 τῇ
1798 448 2075 520 προθυμίᾳ
2106 447 2176 501 τά
2212 451 2549 505 συντείνοντα
2580 452 2661 514 εἰς
2692 451 2790 523 τὴν
2820 451 3109 524 οἰκοδομὴν
3131 452 3225 505 τοῦ
3253 452 3381 507 ναοῦ
3410 453 3722 527 διαπράττε-

481 544 627 610 σθαι,
662 545 755 598 καὶ
788 543 927 615 μετά
974 542 1175 612 πολλῆς
1219 560 1282 610 γε
1316 541 1594 595 πείθεσθαι
1627 543 1739 604 τοῖς
1772 539 2094 611 ἡγουμένοις
2126 539 2224 609 τῆς
2272 541 2648 612 ἑτοιμότητος,
2681 543 2816 614 πρὸς
2866 543 3011 616 ἅπερ
3044 543 3111 598 ἂν
3154 545 3337 604 αὐτοῖς
3379 547 3508 618 περί⁵
3538 547 3730 601 τούτου

478 637 793 701 κελεύωσιν,
833 638 911 701 ώς
942 636 1082 691 κατά
1115 635 1368 707 βούλησιν
1400 636 1550 690 Θείαν
1575 636 1635 689 τὸ
1664 635 1942 705 ἐπίταγμα
1972 633 2335 703 ποιουμένοις.

557 730 718 786 Vsus.
746 731 867 785 3-5.
893 760 965 772 ——
984 729 1013 785 J
1019 746 1102 783 am
1122 745 1254 785 vero
1275 728 1342 783 ad
1371 729 1553 799 populi
1573 728 2047 798 reprehensionem

2228 727 2374 798 Στίχ.
2407 734 2551 795 γ¹κε’.
2578 760 2649 769 -
2669 730 3015 801 Τρεπόμενος
3055 731 3111 785 δέ
3144 732 3236 785 ἐπὶ
3263 732 3353 785 τὸν
3390 732 3610 803 ἔλεγχον
3636 736 3731 790 τοῦ

481 838 804 883 conversus,
838 823 1099 893 praeclare
1129 836 1197 877 ex
1251 823 1494 892 ipsorum
1531 821 1786 877 simulata
1818 832 2053 875 excusa-

479 917 628 972 tione
654 914 869 969 initium
904 914 1075 980 ducit,
1097 929 1203 984 qua
1234 919 1468 977 utentes,
1497 912 1746 983 specioso
1761 926 1884 967 cum
1914 924 2054 981 prm-

483 1015 635 1063 textu
664 1006 1055 1062 existimabant
1088 1022 1147 1061 se
1176 1020 1338 1076 posse
1381 1019 1520 1076 opus
1548 1004 1844 1075 negligere.
1888 1003 2054 1057 Aiunt

480 1098 651 1163 enim,
710 1098 908 1168 inquit,
972 1096 1214 1151 nondum
1273 1103 1487 1165 tempus
1509 1092 1811 1149 aediﬁcandi
1867 1092 2053 1162 templi

480 1189 695 1253 adesse,
723 1190 798 1244 ita
829 1198 890 1243 ut
919 1188 1114 1243 merito
1164 1200 1381 1241 cessare
1412 1185 1496 1239 ab'
1511 1199 1677 1255 opere
1716 1184 2050 1239 viderentur.

483 1280 688 1336 Deinde
716 1279 908 1334 falsam
932 1278 1075 1333 hanc
1121 1277 1497 1333 defensionem
1523 1290 1832 1346 coarguens
1858 1290 1925 1330 ex
1958 1290 2054 1330 ne—

481 1372 654 1441 quitia
683 1379 858 1425 ortam
908 1370 976 1425 ad
1030 1369 1256 1425 desidia:
1311 1368 1590 1424 obtentum
1619 1367 1797 1438 pergit
1827 1366 2050 1422 dicere:

487 1483 507 1516 ι
545 1463 611 1517 Ει
657 1462 859 1518 factum
902 1469 989 1516 est
1036 1462 1258 1516 verbum
1306 1459 1522 1515 Domini
1573 1458 1629 1513 in
1684 1458 2054 1530 manuAggaai

479 1555 778 1625 prophetae,
806 1552 995 1609 dicens
1022 1573 1036 1607 :
1070 1551 1129 1607 Si
1158 1562 1371 1622 tempus
1393 1550 1611 1622 quidem
1668 1551 1825 1606 vobis
1851 1559 1937 1606 est
1964 1551 2057 1606 ba-

479 1646 688 1701 bitandi
718 1646 772 1699 in
803 1646 1057 1702 domibus
1091 1644 1287 1700 vestris
1325 1644 1611 1714 laqueatis.
1640 1644 1836 1700 domus
1871 1652 2051 1699 autem

482 1737 598 1793 haec
626 1737 843 1792 deserta
877 1733 998 1792 est?
1025 1756 1044 1787 ι
1086 1734 1289 1789 Deinde
1340 1735 1416 1788 ait
1444 1753 1457 1789 :
1487 1734 1569 1790 Ad
1594 1742 1807 1790 vestras
1832 1736 2051 1806 quidem

479 1830 873 1885 aedificationes
903 1828 1094 1884 scdulo
1146 1827 1481 1891 incumbitis,
1540 1843 1680 1897 quas
1733 1842 1842 1881 non
1873 1827 2050 1881 solum

479 1921 724 1977 studiosa
749 1935 911 1991 opera
937 1920 1211 1980 excitatis,
1258 1934 1444 1973 verum
1478 1918 1643 1973 etiam
1689 1920 1819 1974 tonis
1847 1920 2053 1973 viribus

2157 817 2306 883 λαοῦ,
2336 820 2516 885 καλῶς
2545 823 2609 875 ἐκ
2633 823 2732 891 τῆς
2786 822 3175 894 πεπλασμένης
3217 823 3396 877 αὐτῶν
3437 825 3732 894 ἀπολογίας

2158 914 2388 965 ποιεῖται
2428 911 2526 985 τὴν
2571 913 2766 985 ἀρχὴν,
2796 908 2943 988 ⁴ᾗπερ
2982 914 3309 985 κεχρημένοι
3363 916 3733 987 εὐπροσώπως

2157 1002 2481 1073 καταμελεῖν
2522 1005 2739 1059 ἐδόκουν
2773 1003 2867 1058 τοῦ
2911 1004 3095 1076 ἔργου.
3124 1006 3357 1075 Λέγουσι
3382 1008 3510 1078 γὰρ,
3542 1009 3730 1077 φησὶν,

2154 1092 2306 1148 οὔπω
2336 1097 2586 1164 παρεῖναι
2617 1094 2718 1164 τῆς
2764 1096 3051 1167 οἰκοδομῆς
3087 1095 3181 1149 τοῦ
3210 1096 3341 1150 ναοῦ
3374 1096 3466 1150 τὸν
3515 1099 3729 1168 καιρὸν,

2154 1185 2231 1247 ώς
2285 1184 2352 1239 ἂν
2412 1186 2634 1250 δικαίως
2682 1186 3011 1257 ἀμελοῦντες
3082 1187 3354 1256 φαίνοιντο
3397 1187 3497 1240 τοῦ
3544 1187 3727 1260 ἔργου.

2153 1272 2288 1330 Εῐτα
2317 1277 2703 1350 πεπλασμένην
2736 1278 2973 1349 ἐλέγχων
2996 1277 3094 1349 τὴν
3120 1278 3417 1346 ἀπολογίαν
3445 1280 3509 1332 ἐκ
3533 1281 3731 1346 κακίας

2153 1367 2470 1439 ηὑρημένην
2516 1371 2594 1433 εἰς
2628 1369 2998 1441 προκάλυμμα
3037 1371 3135 1443 τῆς
3171 1372 3463 1443 ῥᾳθυμίας,
3495 1374 3689 1442 ἐπάγει
3714 1393 3728 1407 -

2159 1479 2179 1511 ι
2209 1460 2320 1514 Καὶ
2378 1461 2595 1529 ἐγένετο
2642 1462 2799 1530 λόγος
2844 1463 3049 1532 Κυρίου
3082 1465 3140 1518 ἐν
3169 1465 3310 1535 χειρὶ
3348 1464 3602 1534 Ἀγγαίου
3634 1467 3730 1520 τοῦ

2154 1552 2429 1622 προφήτου
2459 1550 2632 1620 λέγων
2656 1570 2671 1584 '
2704 1553 2767 1606 Εἰ
2800 1553 2988 1624 καιρὸς
3018 1554 3118 1625 μὲν
3146 1555 3275 1625 ὑμῖν
3307 1557 3423 1608 ἐστι
3444 1555 3537 1609 τοῦ
3559 1558 3731 1611 οἰκεῖν

2151 1641 2209 1692 ἐν
2236 1640 2404 1704 οἴκοις
2428 1641 2583 1710 ὑμῶν
2608 1641 3037 1714 κοιλοστάθμοις,
3053 1646 3082 1697 ό
3105 1644 3162 1697 δὲ
3181 1638 3326 1708 οἶκος
3349 1637 3501 1708 οὗτος
3532 1644 3698 1717 ὲξηρή
3714 1678 3731 1686 -

2155 1746 2330 1799 μωται
2359 1746 2373 1793 ;
2417 1750 2436 1782 ι
2479 1726 2616 1787 Εἶτά
2650 1720 2816 1802 φησίν
2842 1747 2856 1761 ·
2891 1733 3027 1805 Περὶ
3060 1733 3157 1803 μὲν
3184 1733 3281 1797 τὰς
3314 1734 3601 1804 οἰκοδομὰς
3629 1737 3729 1799 τάς

2152 1820 2357 1882 οἰκείας
2400 1819 2575 1885 οὕτως
2623 1823 3012 1887 ἐσπουδάκατε,
3066 1825 3127 1877 ού
3157 1824 3315 1895 μόνον
3353 1826 3491 1896 μετά
3526 1826 3728 1898 πολλῆς

2151 1911 2319 1976 αὐτὰς
2349 1913 2721 1983 ἀνεγείροντες
2747 1914 2848 1981 τῆς
2866 1914 3197 1987 προθυμίας,
3225 1916 3360 1970 ἀλλὰ
3392 1918 3486 1971 καὶ
3519 1918 3731 1973 καλλωε

479 2013 762 2070 exornatis
800 2032 812 2067 :
841 2013 1013 2067 solius
1042 2024 1219 2065 autem
1274 2012 1457 2081 templi
1488 2010 1805 2067 exstruendi
1835 2020 2047 2081 tempus

2155 2002 2401 2067 πίζοντες
2431 2004 2600 2067 αὑτὰς
2633 2007 2731 2060 σὺν
2759 2006 2905 2078 πάσῃ
2940 2006 3166 2079 δυνάμει
3194 2026 3211 2041 ’
3231 2008 3310 2079 τῷ
3338 2009 3393 2063 δὲ
3432 2009 3544 2080 ναῷ
3580 2010 3729 2081 μόνῳ

475 2108 657 2162 adhuc
686 2122 793 2161 non
818 2105 1009 2160 adest?
1055 2103 1240 2174 Neque
1281 2119 1375 2159 vos
1421 2103 1605 2172 pudet,
1637 2118 1860 2158 causam
1895 2103 2047 2158 vobis

2152 2093 2342 2163 καιρὸς
2368 2095 2657 2165 οἰκοδομῆς
2708 2097 2769 2149 οὐ
2807 2097 3102 2167 πάρεστινς
3142 2099 3261 2152 οὐδὲ
3290 2099 3605 2170 αἰσχύνεσθε
3633 2102 3728 2154 τὸν

420 2233 431 2247 ο
474 2196 765 2268 cuiuslibet
787 2195 1140 2261 boni_Deum,
1172 2194 1223 2247 in
1252 2191 1412 2262 2'73
1437 2201 1586 2247 tanta
1609 2192 1861 2247 vastitate
1886 2193 2053 2248 relin-

476 2290 671 2359 quere?
699 2290 774 2343 ita
804 2296 864 2341 ut
898 2295 1093 2342 vestrae
1115 2284 1332 2357 quidem
1357 2284 1554 2339 domus
1580 2298 1690 2338 non
1715 2284 2053 2340 aedificentur

478 2378 879 2442 tantummodo,
931 2393 1120 2433 verum
1171 2378 1330 2432 etiam
1384 2376 1536 2432 omni
1588 2390 1712 2430 cum
1761 2376 2051 2432 sedulitate

475 2477 812 2525 exornentur
836 2485 853 2536 ;
878 2482 1004 2523 area
1051 2481 1179 2523 vero
1235 2467 1422 2538 templi
1448 2481 1676 2538 prorsus
1713 2467 1927 2523 deserta
1957 2467 2048 2533 sit,

477 2560 613 2615 nihil
639 2558 792 2615 vobis
822 2559 888 2613 ad
906 2557 1024 2627 ejus
1044 2565 1376 2614 structuram
1419 2561 1672 2619 conferre
1717 2563 2045 2621 volentibus.

480 2670 500 2703 ι
544 2650 606 2705 Et
632 2665 776 2706 nunc
805 2650 919 2704 haec
953 2650 1084 2705 dicit
1130 2648 1391 2708 Dominus
1437 2653 1826 2724 omnipotens:
1860 2657 2051 2715 Ponite

474 2740 641 2797 corda
671 2748 852 2796 vestra
877 2740 944 2794 ad
968 2742 1086 2797 vias
1118 2751 1345 2799 vestras.
1372 2764 1390 2796 ι
1421 2743 1711 2815 Reputate,
1740 2748 1936 2819 inquit,
1963 2766 2050 2807 res

476 2840 706 2898 vestras,
732 2841 787 2886 et
814 2831 956 2886 facta
1008 2834 1309 2902 explorate,
1367 2838 1461 2905 qui
1514 2837 1755 2893 divinum
1785 2843 2048 2911 templum

476 2926 788 2996 negligitis;
838 2931 892 2980 et
920 2940 1171 2995 quamam
1220 2926 1377 2983 vobis
1426 2929 1655 2997 proinde
1699 2932 2046 3002 contigerint.

476 3016 631 3073 Patet
653 3030 834 3072 autem
862 3017 1181 3086 prephetam
1208 3017 1472 3073 vocabulo
1493 3020 1837 3086 viaa,illorum
1861 3037 2048 3094 opera,

478 3118 642 3179 prout
666 3110 823 3172 solet,
852 3107 1162 3179 designare.

546 3280 715 3338 Vsus.
753 3281 869 3337 6-8.
893 3310 965 3321 —
985 3279 1182 3337 Postea
1215 3280 1349 3336 dicit
1376 3299 1390 3336 :
1424 3302 1442 3334 ι
1473 3280 1808 3342 Seminastis
1836 3289 2007 3342 multa
2030 3330 2045 3355 ,

476 3383 532 3430 et
563 3374 827 3429 intulistis
856 3388 1031 3445 pauca
1059 3392 1073 3428 :
1104 3374 1441 3441 come‘distis,
1463 3383 1517 3430 et
1542 3391 1654 3431 non
1688 3378 1754 3433 ad
1787 3381 2051 3435 saturita-

477 3476 587 3521 tem
619 3481 633 3517 :
672 3466 909 3534 bibistis,
936 3475 991 3521 et
1017 3480 1126 3521 non
1152 3465 1219 3521 ad
1247 3466 1568 3525 ebrietatem
1593 3487 1608 3525 :
1641 3469 1900 3528 induistis
1929 3488 2046 3537 vos,

474 3569 530 3614 et
555 3572 666 3613 non
694 3558 834 3613 estis
866 3558 1120 3613 calefacti
1157 3558 1211 3613 in
1246 3558 1366 3615 eis:
1401 3570 1455 3616 et
1484 3561 1579 3631 qui
1611 3563 1893 3620 mercedes
1919 3580 2053 3620 con-

474 3654 772 3723 gregabat,
805 3654 1152 3709 coacervavit
1173 3668 1269 3709 eas
1291 3654 1347 3708 in
1379 3657 1656 3711 sacculum
1686 3666 1991 3727 pertusum.
2023 3678 2043 3712 ο

472 3746 874 3809 Considerate,
926 3747 1292 3815 in-quantam
1347 3758 1545 3804 vestrae
1598 3749 1828 3820 ignavia
1878 3765 2049 3807 causa

474 3837 810 3894 deveneritis
839 3848 1139 3909 egestatem
1170 3847 1226 3898 et
1250 3840 1329 3895 rei
1361 3841 1689 3897 necessariae
1714 3842 2005 3912 penuriam
2031 3862 2045 3898 :

478 3928 556 3982 ita
589 3939 651 3983 ut
678 3930 748 3985 de
779 3932 970 3988 multis
1001 3933 1310 3989 seminibus
1344 3934 1602 4004 exiguum
1635 3933 1879 3989 fructum
1928 3935 2047 3989 col-

478 4016 752 4087 legeritis,
787 4030 841 4074 et
879 4037 1058 4091 neque
1097 4038 1225 4079 esca
1271 4039 1450 4093 neque
1494 4032 1623 4094 potu
1667 4040 1847 4096 neque
1875 4027 2046 4082 vesti-

476 4117 664 4163 mento
696 4110 833 4167 satis
871 4110 975 4167 frui
1015 4115 1339 4183 potueritis,
1382 4131 1561 4186 neque
1597 4125 1886 4188 urgentem
1915 4132 2047 4191 ege-

473 4208 671 4254 statem
704 4201 943 4268 satiare,
977 4203 1106 4272 quia
1144 4206 1299 4261 vobis
1347 4208 1661 4262 necessaria
1708 4209 1890 4264 omnia
1947 4211 2046 4265 de-

474 4287 716 4344 fuerunt.
764 4289 906 4347 Hinc
937 4295 1102 4347 etiam
1148 4296 1444 4366 pensiones
1494 4306 1723 4365 vestrae,
1774 4307 2046 4372 quotquot

472 4375 724 4434 locandis
753 4381 901 4451 agris
931 4383 1012 4437 vel
1063 4385 1190 4440 aliis
1224 4386 1544 4456 huiusmodi
1575 4392 2000 4460 comparavistis
2022 4434 2039 4461 ,

471 4465 542 4520 ad
575 4467 809 4524 nihilum
842 4472 1079 4529 redactae
1120 4474 1344 4531 fuerunt
1376 4496 1388 4531 :
1424 4478 1627 4533 etenim
1671 4480 2046 4550 pessumdatis

470 4557 744 4616 iructihus
775 4601 791 4626 ,
828 4578 897 4618 ne
936 4567 1230 4634 pensiones
1269 4566 1492 4637 quidem
1529 4583 1559 4622 a
1599 4571 2042 4642 redemptoribus

464 4648 591 4702 dari
630 4653 922 4719 potuerint.
983 4652 1137 4709 Sicut
1180 4666 1362 4712 autem
1395 4658 1450 4712 in
1483 4673 1745 4716 crumena
1774 4670 1871 4721 aut
1903 4679 2042 4733 pano

2153 2185 2332 2255 πάσης
2365 2185 2493 2256 ὑμῖν
2529 2187 2628 2257 τῆς
2662 2187 2934 2259 σωτηρίας
2964 2189 3132 2243 αίτιον
3159 2191 3218 2242 ἐν
3260 2190 3493 2261 τοσαύτῃ
3519 2192 3726 2261 τυγχά-

2149 2293 2307 2329 νοντα
2341 2276 2705 2348 περιορῶντες
2733 2280 2959 2352 ἐρημίᾳ,
2992 2279 3068 2351 (p.
3090 2281 3214 2352 415)
3248 2283 3322 2347 ώς
3355 2282 3423 2336 τά
3459 2284 3555 2354 μὲν
3579 2286 3726 2354 οἰκή-

2153 2385 2299 2439 ματα
2356 2370 2509 2441 ὑμῶν
2556 2371 2649 2423 καὶ
2693 2371 2972 2439 γεγονέναι
3006 2374 3145 2442 μετά
3173 2370 3236 2427 δὲ
3285 2374 3724 2430 κεκαλλωπίσθαι

2152 2459 2291 2529 μετά
2320 2459 2521 2532 πολλῆς
2569 2460 2709 2528 ἄγαν
2741 2461 2843 2531 τῆς
2898 2462 3235 2532 ἐπιμελείας,
3280 2464 3373 2518 τοῦ
3395 2465 3523 2519 ναοῦ
3551 2466 3606 2520 δὲ
3632 2466 3725 2520 τὸν

2147 2549 2312 2602 τόπον
2330 2550 2535 2621 ἐρημίᾳ
2558 2548 2957 2621 παραδεδόσθαι
2978 2550 3079 2616 ἔτι,
3102 2552 3272 2623 μηθὲν
3297 2554 3451 2625 ὑμῶν
3469 2557 3549 2617 εἰς
3573 2557 3722 2609 οἰκο-

2148 2639 2317 2709 δομὴν
2352 2640 2516 2693 αὐτοῦ
2568 2638 2791 2710 ποιῆσαι
2836 2640 3088 2707 καθάπαξ
3113 2644 3405 2714 ἑλομένων.
3444 2664 3463 2698 ι
3498 2649 3605 2700 Καὶ
3626 2647 3725 2701 νῦν

2149 2731 2275 2785 τάδε
2308 2731 2453 2800 λέγει
2475 2733 2675 2804 Κύριος
2699 2736 3117 2809 παντοκράτωρο
3144 2735 3351 2801 Τάξατε
3379 2736 3476 2802 τὰς
3499 2738 3724 2810 καρδίας

2151 2818 2305 2889 ὑμῶν
2364 2820 2562 2883 εἰςτὰς
2599 2822 2750 2886 ὁδοὺς
2805 2823 2981 2895 ὑμῶν.
3021 2843 3039 2875 ι
3092 2822 3530 2892 Ἀναλογίσασθε,
3563 2825 3720 2892 φησὶ,

2150 2910 2218 2964 τά
2256 2910 2378 2965 καθ’
2406 2911 2630 2978 ἑαυτοὺς
2656 2916 2749 2970 καὶ
2791 2916 3125 2986 δοκιμάσατε
3173 2916 3271 2985 μὲν
3311 2915 3347 2968 ἃ
3379 2916 3723 2986 πεπράχατε,

2150 2999 2244 3056 τοῦ
2269 3000 2401 3056 ναοῦ
2449 3005 3001 3076 κωαρῤᾳθυμοῦντες
3032 3005 3124 3059 τοῦ
3172 3005 3337 3072 θείου,
3364 3006 3485 3060 τίνα
3514 3006 3569 3060 δέ
3595 3007 3725 3077 ύμῖν

2151 3093 2216 3146 ἐκ
2239 3092 2429 3147 τούτου
2453 3094 2815 3167 συμϐέϐηκεν.
2855 3094 3090 3166 Εὔδηλον
3120 3095 3228 3167 γάρ
3251 3097 3331 3151 ὅτι
3365 3097 3518 3161 ὁδοὺς
3544 3097 3724 3151 αὐτῶν

2148 3182 2251 3247 τὰς
2288 3181 2514 3253 πράξεις
2543 3184 2723 3239 αὐτῶν
2753 3183 2927 3250 καλεῖ,
2958 3185 3143 3248 καθὼς
3170 3184 3376 3242 εἴωθεν.

2222 3274 2372 3345 Στίχ.
2402 3281 2559 3346 ς’-η’.
2607 3303 2677 3316 --
2714 3271 2851 3329 Εἶτα
2871 3276 3020 3345 λέγει
3045 3294 3061 3309 ο
3115 3295 3135 3328 ι
3180 3275 3503 3348 Ἐσπείρατε
3530 3276 3723 3344 πολλὰ,

2153 3367 2247 3420 καὶ
2262 3366 2617 3436 εἰσηνέγκατε
2634 3368 2807 3437 όλίγα·
2838 3369 3095 3438 ἐφάγετε,
3125 3370 3220 3424 καὶ
3246 3370 3346 3423 οὐκ
3373 3371 3452 3435 εἰς
3479 3370 3725 3442 πλησμοο

2154 3462 2280 3532 νήν·
2318 3461 2501 3514 ὲπίετε
2520 3500 2536 3525 ,
2578 3461 2676 3515 καὶ
2705 3461 2807 3514 οὐκ
2839 3462 2920 3525 εἰς
2950 3461 3140 3533 μέθην·
3188 3461 3597 3533 περιεϐάλεσθε,
3628 3463 3727 3517 καὶ

2152 3555 2253 3608 οὐκ
2280 3553 2653 3627 ἐθερμάνθητε
2683 3555 2743 3609 ἐν
2774 3555 2976 3619 αὐτοῖς’
3010 3558 3106 3610 καὶ
3130 3559 3159 3611 ό
3186 3556 3313 3621 τοὺς
3340 3556 3564 3627 μισθοὺς
3593 3574 3724 3611 συν-

2153 3647 2336 3716 άγων,
2387 3648 2692 3717 συνήγαγεν
2724 3650 2805 3712 είς
2845 3648 3044 3720 δεσμὸν
3072 3647 3504 3719 τετρυπημένον.
3532 3668 3553 3701 ι
3603 3649 3725 3701 Ἐν-

2150 3740 2380 3810 νοήσατε
2407 3738 2519 3811 γὰρ
2542 3741 2600 3794 ἐν
2626 3740 2725 3812 ὅσῃ
2766 3740 2857 3795 διὰ
2892 3740 2991 3813 τὴν
3044 3739 3316 3813 ρᾳθυμίαν
3346 3740 3564 3811 ἐκείνην
3592 3757 3726 3795 κατ-

2151 3832 2345 3903 έστητε
2371 3831 2548 3903 ἐνδείᾳ
2573 3850 2634 3886 τε
2667 3833 2762 3887 κα)⁴
2794 3834 2987 3887 σπάνει
3011 3832 3120 3886 τῶν
3144 3832 3457 3901 ἀναγκαίων
3476 3850 3490 3864 ’
3515 3833 3590 3897 ώς
3615 3831 3726 3887 ἀπὸ

2150 3922 2361 3976 πολλῶν
2410 3924 2510 3994 μὲν
2556 3924 2887 3995 σπερμάτων
2919 3924 3124 3996 βραχὺν
3168 3924 3444 3993 συλλέγειν
3488 3923 3721 3996 καρπὸν,

2151 4014 2443 4069 ἀπολαύειν
2487 4016 2545 4070 δὲ
2578 4015 2653 4087 μὴ
2683 4016 2910 4088 τροφῆς,
2947 4017 3020 4087 μὴ
3064 4018 3249 4080 πότου,
3289 4014 3363 4087 μὴ
3410 4015 3726 4087 ἐνδυμάτων

2150 4106 2288 4179 πρὸς
2322 4107 2483 4177 κόρον
2512 4107 2609 4177 τῆς
2638 4106 3069 4179 κατεπειγούσης
3095 4108 3285 4179 χρείας
3309 4149 3326 4175 ,
3376 4106 3470 4161 ἀτε
3502 4107 3724 4161 πάντων

2150 4198 2523 4263 σπανιζόντων
2550 4200 2679 4269 ὑμῖν
2705 4198 2814 4253 τῶν
2839 4199 3172 4268 ἀναγκαίων.
3210 4200 3305 4253 Ἐκ
3330 4199 3386 4252 δέ
3416 4200 3605 4251 τούτου
3626 4197 3724 4252 καὶ

2146 4290 2218 4345 τά
2268 4269 2594 4362 μισθώματα
2646 4291 2794 4361 ὑμῖν,
2847 4291 2923 4354 ὡς
2970 4290 3136 4356 εἰκὸς,
3182 4291 3391 4362 ὅσαπερ
3450 4288 3722 4343 ἐποιεῖσθε

2148 4381 2353 4452 ἀγρούς
2380 4394 2441 4435 τε
2479 4381 2897 4451 ἐκμισθοῦντες,
2942 4382 3037 4436 καὶ
3062 4381 3238 4436 ὁπόσα
3279 4381 3342 4451 δὴ
3384 4381 3608 4435 τοιαῦτα
3641 4381 3723 4443 εἰς

2145 4476 2298 4530 οὐδὲν
2340 4474 2551 4543 ἐγίνετο
2580 4474 2771 4544 ὄφελος
2792 4490 2806 4504 ·
2856 4474 3044 4545 ἐπειδὴ
3087 4472 3195 4527 τῶν
3222 4472 3451 4543 καρπῶν
3483 4471 3721 4526 ἀπολλυ-

2148 4568 2345 4638 μένων,
2375 4567 2497 4620 οὐδέ
2521 4566 2590 4620 τὰ
2617 4564 2945 4637 μισθώματα
2978 4567 3105 4636 ὑμῖν
3130 4564 3283 4637 παρά
3305 4564 3415 4618 τῶν
3443 4563 3724 4635 ἐκλαμϐα-

2145 4658 2343 4711 νόντων
2372 4655 2640 4709 τελεῖσθαι
2681 4654 2904 4710 δυνατὸν
2946 4654 3210 4726 ὑπῆρχεν.
3257 4655 3328 4723 (p.
3351 4653 3476 4723 H6)
3508 4652 3721 4722 Ὥσπερ

471 4740 655 4796 niculo
684 4751 778 4796 aut
818 4744 1017 4812 quovis
1048 4746 1157 4800 alio
1192 4746 1513 4813 involucra,
1560 4750 1703 4821 quod
1754 4762 2038 4822 pertusum

2149 4747 2202 4800 δὲ
2235 4748 2293 4800 ἐν
2320 4744 2589 4817 βαλαντίῳ
2620 4748 2653 4817 ἢ
2686 4746 2842 4817 ράκει
2868 4747 2903 4818 ἦ
2929 4762 3033 4799 τινι
3062 4745 3198 4809 ὅλως
3229 4744 3522 4814 ἀποδέσμῳ
3550 4744 3600 4796 εἰ
3626 4761 3718 4796 τε-

472 4828 672 4895 fuerit,
706 4835 1023 4888 coacervari
1058 4845 1343 4906 argentum
1374 4840 1606 4909 nequit,
1640 4839 1788 4909 quod
1817 4842 2046 4897 omnino

470 4921 720 4977 elllueret
763 4936 826 4975 ac
858 4924 1082 4992 periret,
1125 4926 1209 4981 sic
1244 4930 1413 4982 etiam
1450 4929 1810 4998 pereuntibus
1849 4929 2045 4986 fructi-

473 5010 613 5072 bus,
662 5018 874 5066 vestras
912 5027 1131 5082 quoque
1183 5014 1483 5085 pensiones
1529 5014 1781 5085 deperire
1813 5030 2045 5071 necesse

472 5103 597 5156 fuit.
625 5123 643 5155 ι
671 5103 795 5159 Ilaec
826 5105 904 5158 ait
932 5102 1195 5161 Dominus
1218 5106 1566 5177 omnipotens
1598 5125 1610 5159 :
1643 5105 1840 5161 Ponite
1868 5106 2038 5161 corda

470 5200 654 5247 vestra
685 5194 753 5249 ad
786 5194 906 5250 vias
948 5201 1208 5252 vestras:
1248 5196 1534 5251 ascendite
1576 5197 1629 5251 in
1675 5204 1923 5253 montem
1945 5239 1961 5264 ,
1990 5208 2045 5253 et

469 5285 754 5354 praecidite
776 5287 922 5358 ligna
942 5327 958 5352 ,
990 5295 1045 5343 et
1073 5286 1287 5344 deferte
1306 5328 1321 5351 ,
1353 5303 1418 5344 ac
1447 5290 1712 5360 templum
1742 5289 2031 5356 azdiiicate,

468 5382 524 5428 et
551 5374 868 5432 delectabar
894 5378 950 5433 in
981 5392 1045 5434 eo
1069 5419 1084 5443 ,
1113 5388 1169 5433 et
1193 5378 1566 5448 gloriﬁcabor,
1596 5379 1676 5433 ait
1702 5376 1988 5437 Dominus.
2018 5399 2038 5432 ι

470 5461 563 5517 Eia
602 5479 737 5535 ergo
769 5466 886 5521 haec
920 5479 1271 5539 reputantes,
1305 5469 1470 5525 facite
1497 5486 1618 5540 quae
1650 5470 1921 5528 hactenus
1950 5489 2044 5528 ne-

468 5554 755 5625 glexistis,
789 5557 954 5630 274
985 5568 1039 5615 et
1066 5560 1137 5616 de
1170 5560 1374 5630 templo
1420 5563 1760 5618 exstruendo
1817 5565 2036 5620 solliciti

468 5654 679 5712 estote,
719 5647 862 5718 ligna
902 5651 1299 5721 praecidentes,
1332 5668 1398 5710 ae
1437 5655 1646 5726 reliqua
1684 5654 2036 5712 mdiﬁcationi

469 5739 663 5796 idonea
715 5741 886 5797 multo
936 5757 1060 5800 cum
1110 5745 1275 5803 animi
1324 5746 1537 5805 fervore
1589 5756 1870 5812 parantes.
1922 5747 2037 5817 Ego

2142 4837 2492 4911 τρυπημένον
2532 4836 2638 4908 εἴη,
2670 4837 3022 4907 συλλέγεσθαι
3062 4836 3327 4909 ἀργύριον
3350 4835 3601 4906 οὐδαμῶς
3626 4836 3717 4889 δυ·-

2143 4929 2323 4995 νατδν,
2339 4929 2654 4983 διεκπίπτον
2682 4931 2776 4984 καὶ
2801 4930 3172 5000 ἀπολλύμενον
3202 4930 3438 4993 πάντως,
3455 4926 3630 4991 οὕτως
3649 4929 3715 4998 τῇ

2142 5019 2251 5073 τῶν
2286 5017 2513 5090 καρπῶν
2545 5017 2791 5090 ἀπωλείᾳ
2824 5018 2919 5073 καὶ
2954 5017 3024 5072 τὰ
3056 5016 3388 5089 μισθώματα
3428 5017 3557 5086 ὑμῖν
3594 5032 3719 5068 συν-

2142 5107 2549 5181 διαφθείρεσθαι
2575 5111 2881 5179 ἀναγκαῖον
2900 5110 3165 5181 ὑπῆρχεν.
3207 5126 3226 5159 ι
3253 5107 3393 5161 Τάδε
3420 5106 3568 5179 λέγει
3606 5106 3720 5159 Κύ-

2149 5218 2262 5272 ριος
2296 5201 2692 5273 παντοκράτωρ
2710 5218 2724 5232 ο
2756 5200 2928 5254 Θέσθε
2948 5200 3049 5264 τὰς
3076 5199 3305 5271 καρδίας
3334 5198 3487 5270 ὑμῶν
3510 5199 3589 5262 εἰς
3617 5197 3721 5260 τὰς

2142 5290 2296 5353 ὁδοὺς
2327 5289 2509 5360 ὑμῶν’
2543 5290 2780 5361 ἀνάὸητε
2810 5291 2903 5344 ἐπὶ
2932 5290 2993 5344 τὸ
3025 5289 3174 5364 ὅρος,
3205 5291 3300 5345 καὶ
3329 5289 3533 5359 κόψατε
3563 5286 3716 5354 ξύλα,

2142 5382 2237 5434 καὶ
2263 5380 2468 5447 οἴσατε,
2494 5383 2591 5436 καὶ
2617 5382 3012 5453 οἰκοδομήσατε
3038 5381 3206 5448 οἰκον,
3235 5383 3328 5436 καὶ
3355 5381 3634 5452 εὐδοκήσω
3662 5381 3720 5433 ὲν

2142 5470 2292 5542 αὐτῷ
2325 5471 2421 5525 καὶ
2448 5472 2928 5544 ἐνδοξασθήσομαι,
2960 5468 3082 5526 εἰπε
3115 5472 3339 5543 Κύριος.
3372 5491 3392 5525 ι
3432 5470 3595 5525 Ἀλλά
3612 5468 3720 5540 γάρ

2146 5560 2317 5615 ταῦτα
2345 5561 2815 5633 ἀναλογισάμενοι,
2848 5562 3214 5636 διορθώσασθε
3246 5561 3346 5633 μὲν
3369 5563 3440 5617 τὰ
3466 5560 3561 5616 νῦν
3590 5561 3721 5633 παρ’

2147 5652 2301 5722 ὑμῶν
2325 5652 2692 5724 ἀμελούμενα,
2720 5656 2816 5709 καὶ
2840 5657 3163 5726 φροντίσατε
3189 5657 3289 5727 τῆς
3316 5655 3607 5727 οἰκοδομῆς
3622 5653 3721 5709 τοῦ

2124 5742 2274 5799 ιναοῦ
2298 5760 2312 5778 ·
2351 5744 2480 5810 ξύλα
2514 5762 2572 5798 τε
2604 5745 2947 5818 ἐκτεμόντες,
2979 5750 3071 5803 καὶ
3097 5747 3167 5803 τὰ
3195 5748 3360 5804 λοιπά
3395 5748 3459 5821 δὴ
3487 5748 3556 5802 τά
3585 5745 3725 5820 πρὸς
