4118 6468
333 430 448 486 481

1353 417 1913 478 COMMENTARIUS
1977 415 2044 469 IN
2119 416 2358 474 AGGIEI
2396 419 2549 474 CAP.
2582 419 2618 473 1.

3530 419 3636 473 ιὸἳ.

330 551 446 620 τὴν
475 545 770 617 οίκοδομὴν
801 543 1082 615 ἐπιτήδεια
1125 539 1265 612 μετά
1297 539 1502 609 πολλῆς
1533 535 1944 604 εἰσενέγκαντες

2061 547 2183 587 vero
2222 532 2473 588 vicissim
2519 532 2626 586 hoc
2665 536 2849 585 vestro
2881 529 3074 600 templi
3113 531 3347 586 mdiﬁcno
3385 531 3635 588 delecta—

329 642 448 710 τῆς
478 638 794 711 προθυμίας
818 655 830 667 ·
881 634 1134 706 ἀρεσθεὶς
1167 633 1224 686 δὲ
1258 633 1354 686 xui
1385 631 1548 693 αὑτὸς
1576 633 1643 701 τῇ
1674 625 1946 698 γενομένῃ

334 735 484 803 παρ’
524 732 680 802 ὑμῶν
719 729 977 800 οἰκοδομῇ
1004 724 1100 780 τοῦ
1124 723 1276 788 ναοῦ,
1306 723 1530 777 τοιαῦτα
1558 723 1640 785 εἰς
1673 719 1947 791 ὑμετέραν

334 824 676 896 εὐεργεσίαν
699 820 1027 893 ἐργάσομαι,
1055 817 1092 872 ἃ.
1125 816 1276 888 παρὰ
1303 815 1437 868 πᾶσί
1471 831 1536 884 με
1566 812 1784 880 ποιήσει
1808 809 1948 877 γνώ-

337 935 536 988 ριμον,
568 915 646 979 ὡς
673 915 909 986 μέγιστα
940 912 1065 974 τοὺς
1110 908 1292 980 εὐνοίᾳ
1326 925 1414 977 μοι
1449 904 1730 958 πείθεσθαι
1762 902 1948 972 βουλο-

340 1011 551 1082 μένους
580 1007 880 1078 δυνάμενον
908 1003 1162 1072 ὠφελεῖν.

417 1100 575 1170 Στίχ.
606 1098 772 1151 θ’-ια’.
816 1126 872 1137 -
921 1089 1054 1147 Εἶτα
1083 1092 1245 1146 πάλιν
1281 1091 1715 1161 ὑπομιμνήσκων
1747 1087 1946 1148 αὑτοὺς

331 1186 423 1248 ὦ)
448 1192 516 1245 τὸ
545 1191 812 1261 πρότερον
853 1186 942 1240 διά
973 1185 1071 1256 τὴν
1105 1185 1376 1256 ρᾳθυμίαν
1405 1182 1698 1250 ὑπέμενον,
1739 1179 1834 1232 xui
1865 1179 1942 1230 εἰ·

332 1285 491 1351 πὼν,
547 1303 564 1334 ι
590 1280 962 1350 Ἐπεϐλέψατε
1005 1279 1085 1341 εἰς
1130 1275 1334 1340 πολλὰ,
1379 1276 1474 1328 xui
1518 1274 1733 1343 ἐγένετο
1765 1271 1945 1339 ὀλίγα,

331 1381 444 1434 καὶ
470 1375 764 1448 εἰσηνέχθη
805 1375 884 1437 εἰς
917 1371 1008 1425 τὸν
1033 1367 1204 1437 οἶκον,
1249 1369 1342 1422 xui
1376 1367 1686 1437 ἐξεφύσησα
1728 1365 1886 1419 αὑτά.
1923 1382 1939 1414 ι

331 1475 466 1526 Ἵνα
489 1471 622 1542 εἴπῃ
638 1471 739 1523 ὅτι·
761 1467 900 1521 Οῦτε
918 1468 1044 1530 τοὺς
1061 1464 1306 1537 καρποὺς
1333 1465 1459 1534 ὑμῖν
1477 1463 1542 1514 ἐκ
1567 1461 1667 1531 τῆς
1682 1460 1787 1529 γῆς
1805 1476 1948 1530 παρ-

331 1563 570 1636 έχεσθαι
608 1561 737 1614 είων
758 1577 772 1591 ·
809 1559 903 1612 xui
931 1557 1002 1610 τὰ
1037 1556 1300 1610 δοκοῦντα
1339 1554 1620 1622 γίνεσθαι,
1655 1550 1943 1605 ἀπόλλυον.

343 1655 597 1725 Ἑτέρως
644 1651 878 1718 ἐπάγει’
941 1667 960 1700 ι
999 1646 1098 1700 Διά
1139 1645 1298 1699 τοῦτο
1350 1643 1475 1697 τάδε
1535 1643 1681 1710 λέγει
1742 1640 1948 1712 Κύριος

331 1743 752 1815 παντοκράτωρ
773 1781 788 1805 ,
836 1739 924 1810 (p.
953 1738 1055 1792 417
1080 1738 1098 1809 )
1127 1736 1267 1789 Ἀνθ’
1293 1729 1368 1788 ὧν
1399 1735 1428 1787 6
1458 1729 1608 1796 οἶκός
1653 1750 1756 1803 μου
1798 1731 1948 1783 ἐστὶν

333 1842 446 1912 ξρη
457 1855 582 1909 μος,
597 1837 758 1908 ὑμεῖς
785 1834 842 1886 δὲ
867 1832 1091 1886 διώκετε
1113 1831 1342 1891 ἕκαστος
1365 1829 1445 1890 εἰς
1475 1827 1564 1880 τὸν
1587 1821 1735 1878 οἶκον
1756 1821 1945 1888 αὑτοῦ,

2051 632 2141 679 tus
2163 667 2177 689 ,
2213 638 2277 678 ea
2312 625 2472 681 vobis
2511 623 2780 679 beneﬁcia
2817 623 3097 679 conferam
3121 666 3135 688 ,
3170 640 3291 694 qua:
3326 639 3412 680 me
3450 627 3632 696 palam

2049 717 2381 782 ostendent,
2435 718 2564 774 illos
2599 720 2837 774 maxime
2867 719 3063 789 juvare
3093 722 3362 776 valentem
3400 723 3493 792 qui
3537 722 3636 776 be-

2051 811 2247 866 nevolo
2267 811 2539 881 obsequio
2572 811 2704 864 mihi
2741 811 3027 866 obediunt.

2122 1091 2293 1146 Vens.
2338 1092 2492 1146 9-H.
2529 1122 2596 1131 -—
2632 1091 2850 1148 Rursus
2907 1103 3097 1164 postea
3156 1111 3635 1164 commemorans,

2050 1198 2170 1252 quae
2214 1192 2374 1237 antea
2432 1195 2655 1254 propter
2707 1201 2864 1241 suam
2911 1187 3204 1258 segnitiem
3248 1192 3634 1260 pertulerunt,

2050 1277 2164 1328 ait:
2201 1293 2219 1326 ι
2254 1275 2599 1345 Respexistis
2623 1277 2692 1330 ad
2736 1279 2930 1346 multa,
2965 1289 3018 1335 et
3063 1279 3206 1334 facta
3247 1291 3378 1338 sunt
3419 1300 3591 1354 pauca
3618 1328 3634 1350 ,

2048 1374 2104 1419 et
2133 1366 2284 1420 illata
2312 1378 2444 1422 sunt
2474 1369 2530 1422 in
2559 1367 2824 1437 domum,
2859 1379 2914 1426 et
2944 1370 3229 1426 exsuﬁlavi
3261 1389 3347 1429 ea.
3381 1393 3399 1425 ι
3431 1375 3485 1429 ld
3513 1388 3634 1443 est,

2053 1456 2134 1512 Nc
2163 1459 2352 1529 fruges
2380 1460 2603 1529 quidem
2629 1461 2787 1515 vobis
2806 1476 2834 1514 a
2863 1472 3006 1516 terra
3040 1464 3382 1532 suppeditari
3408 1466 3511 1522 sivi
3541 1486 3554 1520 :
3584 1477 3638 1522 et

2049 1565 2172 1619 qua:
2201 1557 2343 1605 nata:
2375 1552 2728 1617 videbantur,
2759 1568 2853 1610 eas
2883 1557 3263 1624 pessumdedi.
3290 1557 3430 1612 Tum
3460 1563 3638 1630 pergit

2053 1641 2236 1697 dicere
2263 1661 2276 1696 :
2311 1662 2329 1693 ι
2351 1644 2653 1714 Pr0pterea
2686 1646 2801 1701 haec
2834 1647 2912 1700 ait
2941 1645 3209 1704 Dominus
3242 1652 3592 1722 omnipotens
3615 1677 3634 1713 :

2057 1727 2195 1794 Quia
2211 1728 2409 1786 domus
2427 1747 2548 1786 mea
2589 1734 2807 1790 deserta
2835 1746 2919 1792 est
2939 1779 2953 1803 ,
2982 1755 3080 1794 vos
3114 1749 3296 1795 autem
3328 1747 3638 1814 properatis

2050 1826 2429 1897 unusquisque
2453 1827 2505 1881 in
2531 1830 2805 1898 propriam
2833 1830 3082 1896 domum,
3105 1833 3315 1888 idcirco
3339 1835 3638 1892 abstinebit

332 1932 432 1986 διὰ
479 1930 642 1984 τοῦτο
689 1926 868 1990 ἀνέξει
917 1927 946 1979 6
991 1923 1220 1994 οὐρανὸς
1267 1920 1376 1974 ἀπὸ
1401 1919 1632 1990 δρόσου,
1674 1917 1769 1970 xui
1811 1916 1844 1984 ή
1875 1914 1944 1985 γῆ

2061 1917 2255 1972 coelum
2293 1932 2323 1969 a
2355 1932 2517 1982 rore,
2567 1928 2622 1974 et
2673 1930 2819 1975 terra
2874 1924 3164 1978 subtrahet
3211 1928 3634 1995 procreationes

334 2023 618 2078 πελεῖται
661 2021 729 2073 τὰ
760 2018 992 2088 ἐκφόρια
1035 2015 1208 2085 αὑτῆς
1253 2015 1341 2084 ἐφ’
1379 2014 1562 2083 ὑμᾶς’
1616 2011 1712 2064 xui
1759 2007 1946 2074 ἐπάξω

335 2116 629 2189 ῥομφαίαν
671 2113 768 2166 ἐπὶ
794 2112 894 2183 τήν
920 2111 1044 2181 γῆν,
1081 2109 1176 2162 καὶ
1211 2107 1305 2162 ἐπὶ
1335 2105 1407 2160 τὰ
1433 2105 1558 2177 ὅρη,
1597 2104 1691 2158 καὶ
1727 2103 1821 2156 ἐπὶ
1852 2103 1946 2155 τὸν

335 2213 522 2273 σῖτον,
554 2208 650 2262 xui
687 2207 780 2260 ἐπὶ
814 2204 905 2258 τὸν
934 2197 1098 2266 οἶνον,
1130 2201 1226 2255 xui
1257 2199 1351 2254 ἐπί⁵
1381 2199 1442 2251 τὸ
1479 2197 1680 2258 ἔλαιον,
1719 2195 1813 2249 καὶ
1853 2195 1948 2247 ἐπὶ

334 2303 534 2358 πάντα
565 2301 667 2353 ὅσα
710 2296 936 2368 ἐκφέρει
978 2296 1011 2365 ή
1045 2293 1138 2364 γῆ,
1171 2292 1266 2346 xui.
1305 2291 1398 2344 ἐπὶ
1430 2290 1558 2351 τοὺς
1599 2285 1944 2357 ἀνθρώπους,

335 2397 446 2452 καὶ
486 2395 583 2448 ἐπὶ
609 2393 681 2446 τά
713 2391 912 2462 κτήνη,
943 2389 1040 2442 xui
1072 2386 1167 2439 ἐπὶ
1197 2385 1407 2447 πάντας
1439 2383 1566 2446 τοὺς
1609 2381 1804 2442 πόνους
1835 2379 1946 2462 τῷν

337 2485 550 2560 χειρῶν
581 2480 786 2537 αὑτῶν.
808 2459 848 2531 ν»
879 2459 1152 2531 Βούλεται
1194 2474 1250 2527 δὲ
1281 2473 1368 2526 διά
1396 2470 1601 2524 τούτων
1639 2468 1838 2531 αὑτοὺς
1870 2459 1947 2520 ὧν

338 2558 684 2650 ἀμελοῦντες
733 2571 831 2625 τοῦ
869 2568 998 2623 ναοῦ
1045 2565 1383 2620 πεπόνθεσαν
1429 2560 1760 2631 ὑπομνῆσαι.
1815 2558 1948 2610 Ὅτε

339 2672 483 2744 γάρ,
513 2670 670 2740 φησί,
699 2665 791 2720 τὸν
831 2658 980 2716 οἷκον
1008 2660 1100 2714 τὸν
1132 2659 1264 2730 ἐμὸν
1293 2659 1352 2710 ἐν
1383 2654 1592 2726 ἐρημίᾳ
1617 2651 1951 2722 τυγχάνοντα

339 2763 747 2838 περιορῶντες,
782 2759 914 2830 περὶ⁵
954 2757 1056 2827 τὴν
1082 2751 1373 2824 οἰκοδομὴν
1401 2751 1509 2805 τῶν
1550 2747 1716 2803 οῐκων
1749 2749 1950 2800 ἐσπου-

338 2859 544 2924 δάζετε
578 2855 688 2908 τῶν
722 2852 894 2930 ἰδίων,
934 2849 1079 2912 τότε,
1111 2847 1298 2918 φησὶν,
1329 2845 1358 2898 δ
1403 2860 1464 2897 τε
1494 2841 1652 2905 ὑετὸς
1679 2839 1948 2910 ἐπείχετο,

340 2954 446 3007 xui
495 2953 530 3022 ή
579 2949 652 3020 γῆ
701 2946 793 3002 τὸν
839 2943 1052 3016 καρπὸν
1078 2942 1179 2995 οὑκ
1211 2939 1422 3004 ἐδίδου,
1465 2936 1560 2990 xui
1609 2935 1799 3006 ὥσπερ
1846 2933 1955 2986 τινὶ

343 3048 502 3116 ξίφει
549 3043 761 3104 πάντας
799 3038 928 3102 τοὺς
971 3035 1066 3089 ἐπὶ
1105 3037 1205 3106 τῆς
1238 3033 1341 3102 γῆς
1372 3028 1636 3102 ἠφάνιζον
1681 3026 1950 3098 καρποὺς,

343 3137 666 3207 ἁπτόμενος
717 3133 815 3186 καὶ
868 3127 1174 3201 ἀνθρώπων
1227 3124 1322 3179 xui
1381 3120 1613 3207 x'r'qvibv
1649 3117 1913 3180 πολλάκις
1935 3158 1952 3185 ,

2053 2023 2185 2064 suas
2214 2009 2392 2065 vobis.
2425 2009 2492 2064 Et
2523 2011 2782 2067 inducam
2830 2015 3071 2085 gladium
3117 2031 3288 2087 super
3317 2027 3553 2087 terram,
3584 2027 3642 2075 et

2051 2117 2218 2172 super
2249 2115 2465 2161 montes
2488 2145 2502 2169 ,
2533 2117 2587 2161 et
2617 2123 2786 2178 super
2815 2109 3055 2163 triticum
3075 2150 3089 2174 ,
3121 2120 3175 2165 et
3210 2127 3378 2183 super
3408 2115 3593 2169 vinum
3620 2155 3638 2179 ,

2050 2202 2106 2250 et
2139 2209 2313 2265 super
2343 2197 2527 2252 oleum
2553 2239 2567 2265 ,
2605 2209 2660 2254 et
2694 2215 2862 2271 super
2895 2202 3079 2256 omnia
3128 2219 3250 2273 quae
3303 2205 3469 2262 tellus
3517 2223 3644 2276 ger-

2049 2289 2255 2355 minat,
2297 2301 2353 2347 et
2392 2309 2558 2362 super
2597 2296 2886 2364 homines,
2940 2289 3000 2352 et
3057 2315 3225 2370 super
3256 2299 3546 2368 iumenta,
3586 2317 3643 2360 et

2050 2381 2270 2438 labores
2298 2385 2576 2454 quoslibet
2607 2401 2871 2441 manuum
2912 2401 3248 2446 vestrarum.
3284 2411 3301 2443 ι
3329 2391 3427 2449 liis
3460 2395 3644 2451 verbis

2048 2473 2168 2526 vult
2199 2476 2282 2528 eis
2316 2475 2371 2529 in
2409 2478 2732 2531 memoriam
2768 2493 3032 2535 revocare
3070 2497 3194 2552 quae
3224 2483 3296 2537 oh
3333 2486 3642 2555 neglectum

2051 2566 2318 2636 templum
2371 2569 2516 2621 mala
2573 2571 2936 2638 pertulerant.
2990 2571 3127 2627 Dum
3184 2577 3369 2640 enim,
3425 2579 3644 2648 inquit,

2050 2655 2316 2724 templum
2367 2671 2549 2710 meum
2603 2657 2658 2710 in
2696 2659 2954 2714 vastitate
2998 2661 3186 2729 jacere
3229 2663 3514 2730 sinentes,
3552 2681 3648 2721 ve-

2051 2753 2292 2800 strarum
2324 2745 2917 2802 aedium'exstructioni
2948 2764 3172 2819 operam
3208 2751 3462 2823 dabatis;
3492 2764 3646 2822 tunc,

2056 2835 2260 2905 inquit,
2299 2835 2476 2890 imber
2506 2837 2821 2906 prohibitus
2851 2838 2977 2906 fuit,
3002 2842 3167 2897 tellus
3191 2842 3377 2914 fruges
3406 2848 3648 2918 negavit,

2054 2933 2109 2981 et
2141 2926 2379 2994 quodam
2416 2928 2587 2982 veluti
2621 2928 2809 3000 gladio
2836 2942 3071 2989 cunctos
3105 2949 3208 3004 ego
3235 2943 3397 2992 terra:
3430 2939 3650 2994 fructus

2055 3018 2346 3085 destruxi,
2401 3019 2724 3076 hominibus
2777 3037 3001 3093 quoque
3052 3039 3117 3081 ac
3167 3025 3440 3097 jumentis
3496 3030 3649 3085 haud

2058 3128 2190 3167 raro
2244 3114 2574 3184 percussis;
2631 3117 2851 3173 cunctis
2901 3118 3171 3190 denique,
3217 3127 3278 3175 ut
3333 3125 3652 3179 summatim

344 3205 537 3288 πάντα
558 3245 618 3282 τε
651 3223 935 3294 συντόμως
963 3221 1137 3274 εἰπεῖν
1157 3215 1396 3279 ἀπολλὺς
1415 3215 1557 3287 ὑπὲρ
1577 3205 1653 3266 ὧν
1683 3213 1950 3266 ἐπονεῖτε.

2061 3205 2240 3260 dicam
2263 3247 2278 3272 ,
2313 3206 2831 3265 laboribus-vestris
2863 3213 3260 3279 pessumdatis.
3292 3211 3412 3268 Jam
3446 3225 3652 3296 printer

363 3321 496 3377 Ἐπὶ
520 3320 628 3389 γὰρ
656 3320 724 3389 τῇ
759 3314 1048 3386 προτροπῇ
1074 3310 1170 3364 τοῦ
1203 3307 1471 3378 ἀναϐῆναι
1503 3305 1598 3360 xui
1631 3303 1798 3373 κόψαι
1820 3301 1952 3368 ξύλα

347 3415 604 3483 ἐνεγκεῖν
630 3427 690 3463 τε
737 3409 834 3463 xui
860 3403 1146 3477 φροντίσαι
1177 3403 1277 3472 τῆς
1307 3399 1617 3468 οίκοδομῆς,
1640 3396 1815 3450 ταῦτα
1857 3397 1957 3447 ἐπ-

349 3511 560 3580 ήγαγε,
587 3506 654 3576 τῇ
689 3501 879 3573 μνήμῃ
928 3497 1036 3551 τῶν
1079 3493 1382 3565 γεγονότων
1411 3489 1592 3560 φοϐῶν
1636 3487 1834 3551 αὑτοὺς
1880 3485 1956 3557 μὴ

356 3599 625 3675 ῥᾳθύμως
651 3591 909 3661 δέξασθαι
937 3590 1000 3644 τὸ
1028 3589 1336 3658 ἐπίταγμα.
1377 3583 1609 3652 Ἐπάγει
1638 3581 1772 3652 γοῦν
1797 3598 1808 3610 ·

431 3775 585 3844 Στίχ.
620 3772 802 3843 ιβ’-ιδ’.
834 3800 901 3810 ——
947 3787 966 3819 ι
993 3767 1236 3820 Ἤκουσε
1267 3761 1574 3834 Ζοροϐάϐελ
1601 3762 1630 3813 6
1653 3757 1748 3812 τοῦ
1782 3757 1958 3813 Σαλα-

358 3867 488 3939 θιὴλ
519 3869 588 3920 ἐκ
620 3864 794 3935 φυλῆς
840 3860 1034 3924 Ἰούδα,
1067 3858 1162 3912 xui
1203 3854 1408 3928 Ἰησοῦς
1451 3857 1479 3908 6
1511 3851 1606 3907 τοῦ
1649 3851 1896 3906 Ἰωσεδὲκ
1927 3850 1958 3902 6

361 3955 548 4026 ἱερεὺς
579 3954 608 4005 6
640 3951 836 4024 μέγας,
880 3949 975 4003 καὶ
1018 3948 1220 4008 πάντες
1252 3945 1302 3998 οἱ
1329 3943 1649 3998 κατάλοιποι
1673 3940 1768 3994 τοῦ
1804 3939 1957 4008 λαοῦ,

357 4046 466 4115 τῆς
492 4043 678 4114 φωνῆς
705 4042 916 4114 Κυρίου
941 4039 1035 4094 τοῦ
1067 4037 1203 4093 Θεοῦ
1247 4036 1451 4102 αὑτῶν,
1482 4035 1578 4090 καὶ
1624 4034 1732 4088 τῶν
1784 4033 1960 4100 λόγων

375 4138 639 4208 Ἀγγαίου
669 4135 764 4190 τοῦ
794 4135 1102 4206 προφήτου,
1141 4131 1331 4186 καθότι
1370 4127 1756 4196 ἐξαπέστειλεν
1795 4126 1963 4180 αὑτὸν

361 4232 573 4303 Κύριος
603 4233 633 4285 6
678 4229 811 4292 Θεὸς
855 4225 1036 4282 αὐτῶν
1067 4225 1204 4296 πρὸς
1237 4223 1457 4287 αὐτοὺς,
1501 4223 1596 4276 xui
1642 4219 1888 4290 ἐφοϐήθη
1936 4222 1965 4273 6

360 4326 495 4390 λαδς
520 4324 632 4380 ἀπὸ
663 4321 960 4395 προσώπου
991 4319 1218 4391 Κυρίου.
1252 4337 1270 4369 ι
1323 4317 1551 4379 Δεικνὺς
1597 4315 1678 4368 ὅτι
1727 4314 1828 4366 οὑκ
1867 4315 1965 4367 ἁν-

365 4418 601 4488 ωφελεῖς
630 4418 682 4470 οί
709 4416 858 4484 λόγοι
899 4413 1158 4483 γεγόνασι
1203 4411 1340 4481 πρὸς
1385 4409 1618 4471 αὐτοὺς,
1669 4406 1873 4470 πάντες
1906 4405 1966 4458 δὲ

363 4513 470 4584 τὴν
511 4513 576 4564 ἐκ
620 4509 729 4562 τῶν
762 4506 1070 4578 εἰρημένων
1103 4503 1431 4573 φοϐηθέντες
1475 4498 1706 4571 ἀπειλήν
1739 4497 1967 4551 ἕνευσαν

2062 3299 2513 3355 exhortationem
2567 3309 2626 3354 ut
2663 3300 2732 3354 ad
2765 3304 3118 3372 praecidenda
3155 3320 3220 3360 ac
3251 3305 3544 3363 deferenda
3588 3309 3656 3363 li-

2060 3407 2166 3462 gna
2197 3395 2566 3450 ascenderem
2591 3437 2606 3460 ,
2643 3404 2698 3450 et
2730 3397 2948 3451 mdiiicii
2986 3414 3175 3454 curam
3219 3410 3507 3472 gererent,
3541 3405 3655 3459 haec

2060 3485 2308 3552 addidit,
2358 3488 2765 3557 praeteritorum
2819 3490 3083 3546 nimirum
3128 3495 3394 3549 memoria
3441 3506 3656 3554 terrens

2062 3579 2187 3635 illos
2214 3582 2513 3651 quominus
2548 3582 2794 3652 segniter
2825 3585 3143 3641 mandatum
3172 3587 3513 3657 exciperent.
3546 3588 3656 3643 Ad-

2061 3671 2144 3727 tlit
2177 3673 2350 3744 igitur
2375 3691 2388 3726 :

2135 3763 2303 3821 Vsus.
2347 3765 2536 3822 12-14.
2575 3800 2642 3810 -
2673 3789 2690 3820 ι
2735 3768 2805 3824 Et
2861 3769 3076 3825 audivit
3132 3770 3441 3828 Zorobabel
3499 3771 3657 3828 Sala-

2063 3858 2252 3916 thielis
2285 3861 2431 3918 lilius
2463 3863 2528 3917 de
2559 3863 2704 3918 tribu
2737 3862 2893 3919 Iudae
2917 3905 2931 3931 ,
2963 3871 3018 3920 et
3039 3863 3201 3922 Jesus
3231 3863 3482 3922 Josedeci
3509 3867 3659 3930 ﬁlius

2063 3953 2228 4025 275
2278 3956 2539 4012 sacerdos
2575 3973 2847 4029 magnus,
2890 3965 2946 4014 et
2981 3958 3182 4029 reliqui
3221 3975 3414 4016 omnes
3448 3960 3516 4016 de
3553 3976 3655 4032 po-

2061 4047 2227 4116 pulo,
2257 4063 2450 4102 vocem
2493 4047 2714 4104 Domini
2753 4050 2852 4106 Dei
2898 4054 3019 4116 sui,
3067 4060 3122 4108 et
3172 4067 3454 4108 sermones
3474 4053 3657 4123 Aggzci

2066 4137 2382 4207 prophetae,
2410 4149 2572 4210 prout
2599 4144 2828 4198 miserat
2851 4157 2975 4197 eum
3005 4143 3266 4198 Dominus
3291 4141 3436 4198 Deus
3465 4154 3657 4197 eorum

2066 4228 2137 4283 ad
2193 4229 2381 4300 ipsos,
2429 4231 2724 4303 timuitque
2774 4234 3011 4304 populus
3068 4250 3097 4289 a
3148 4234 3293 4291 facie
3354 4233 3596 4290 Domini.
3633 4254 3652 4288 ι

2068 4319 2323 4375 Ostendit
2357 4321 2504 4379 haud
2538 4324 2776 4380 inaniter
2810 4324 2954 4380 facta
2990 4326 3158 4381 verba
3194 4327 3260 4380 ad
3299 4342 3397 4382 eos
3435 4325 3657 4392 fuisse;

2068 4413 2273 4469 etenim
2321 4417 2508 4470 cuncti
2553 4417 2847 4488 prtedictas
2892 4418 3072 4474 minas
3118 4428 3372 4476 verentes
3421 4421 3505 4486 ad.
3539 4424 3658 4476 olli-

2071 4505 2220 4560 cium
2255 4506 2575 4586 redierant:
2617 4510 2689 4563 ita
2729 4518 2788 4563 ut
2829 4510 3034 4564 missus
3066 4525 3095 4564 a
3133 4509 3244 4564 Deo
3278 4511 3544 4582 propheta
3572 4510 3661 4566 di-

367 4605 509 4677 πρὸς
537 4605 598 4656 τὸ
631 4603 752 4656 δέον
780 4616 793 4631 ·
844 4601 921 4669 (p.
953 4598 1080 4669 418)
1114 4596 1256 4651 ὥστε
1288 4595 1383 4650 xui
1409 4592 1786 4648 ἀποσταλέντα
1814 4588 1956 4662 παρὰ

2071 4598 2215 4653 xerit
2263 4598 2433 4653 eiszc
2468 4598 2580 4672 Ego
2636 4602 2922 4656 vobiscum
2970 4617 3130 4667 sum,
3183 4602 3260 4656 ait
3315 4601 3603 4658 Dominus.
3636 4620 3655 4654 ι

364 4697 466 4753 τοῦ
493 4695 630 4750 Θεοῦ
665 4694 755 4747 τὸν
794 4693 1082 4765 προφήτην
1112 4691 1285 4744 εἰπεῖν
1323 4689 1460 4760 πρὸς
1489 4686 1708 4750 αὐτοὺς,
1765 4703 1784 4734 ‹
1825 4681 1970 4751 Ἐγώ

366 4795 489 4863 εἰμι
523 4788 644 4860 μεθ’
679 4786 856 4857 ὑμῶν,
887 4785 1036 4853 λέγει
1074 4782 1298 4854 Κύριος.
1322 4801 1340 4832 ι
1406 4781 1495 4844 Ὡς
1533 4779 1600 4834 ἂν
1638 4777 1863 4843 δείξειεν
1886 4777 1970 4830 ὃτι

366 4886 492 4954 ἅμα
522 4880 888 4952 μετεϐάλοντο
930 4877 1022 4931 τὸν
1052 4876 1284 4947 τρόπον,
1320 4874 1414 4928 xui
1459 4874 1588 4945 περὶ
1629 4872 1732 4941 τὴν
1764 4870 1971 4924 οἰκοδο-

370 4976 484 5046 μὴν
514 4974 611 5027 τοῦ
640 4971 772 5026 ναοῦ
800 4970 900 5041 τὴν
931 4967 1169 5039 σπουδὴν
1200 4967 1392 5037 ἔσχον,
1438 4967 1534 5020 xui
1583 4965 1747 5030 εὐθὺς
1794 4967 1971 5034 ἐπηγ-

368 5065 596 5136 γείλατο
624 5063 758 5126 Θεὸς
783 5064 840 5116 ὲν
867 5060 1073 5114 άπασιν
1100 5059 1282 5121 αὐτοῖς
1310 5057 1408 5127 τὴν
1440 5057 1637 5111 ἐαυτοῦ
1668 5059 1973 5129 παρασχεῖν

369 5153 738 5226 κηδεμονίαν·
786 5151 947 5206 τοῦτο
985 5149 1096 5222 γὰρ
1133 5149 1284 5221 δηλοῖ
1310 5149 1394 5212 τὸ,
1427 5167 1446 5199 ι
1475 5147 1606 5214 ΕΞμί
1633 5149 1752 5220 μεθ’
1791 5150 1967 5220 ὑμῶν,

369 5249 526 5316 λέγει
576 5246 804 5318 Κύριος,
830 5265 849 5298 ι
900 5244 1022 5298 ἀντί⁵
1052 5243 1168 5305 τοῦ,
1212 5239 1387 5295 συνών
1429 5257 1491 5292 τε
1531 5239 1660 5311 ὑμῖν
1687 5242 1781 5294 xui.
1814 5242 1977 5314 κηδό-

375 5357 547 5412 μενος
567 5338 662 5391 xui
691 5339 875 5392 πᾶσαν
900 5335 1090 5407 χρείαν
1113 5335 1243 5405 ὑμῖν
1274 5331 1522 5406 πληρῶν.
1560 5332 1702 5386 «Καὶ
1724 5332 1975 5404 ἐξήγειρε

372 5431 587 5504 Κύριος
617 5431 680 5484 τὸ
707 5428 928 5500 πνεῦμα
960 5426 1267 5499 Ζοροϐάϐελ
1290 5423 1385 5479 τοῦ
1417 5424 1687 5497 Σαλαθιήλ
1717 5427 1780 5479 ἐκ
1805 5426 1979 5495 φυλῆς

389 5523 598 5587 Ἰούδα,
651 5523 750 5577 xui
801 5521 865 5574 τὸ
917 5519 1136 5589 πνεῦμα
1201 5517 1377 5589 Ἰησοῦ
1433 5517 1528 5572 τοῦ
1600 5517 1843 5571 Ἰωσεδὲκ
1883 5517 1978 5571 τοῦ

378 5617 578 5688 ἱερέως
608 5615 701 5669 τοῦ
739 5613 998 5685 μεγάλου,
1034 5614 1126 5666 xui
1156 5612 1218 5665 τὸ
1243 5611 1460 5682 πνεῦμα
1489 5611 1598 5663 τῶν
1629 5609 1978 5664 καταλοίπων

376 5711 584 5773 παντὸς
622 5709 718 5762 τοῦ
751 5706 907 5772 λαοῦ,
953 5707 1048 5760 xui
1081 5706 1320 5776 εἰσῆλθε,
1365 5706 1462 5758 xui
1493 5704 1713 5757 ἐποίουν
1748 5702 1886 5774 ἔργα
1923 5704 1981 5754 ἐν

2071 4689 2278 4760 Nempe
2307 4700 2368 4745 ut
2399 4693 2690 4758 ostendat,
2725 4695 2869 4762 quod
2903 4693 3072 4748 simul
3116 4709 3180 4749 ac
3229 4710 3414 4750 mores
3463 4695 3664 4750 immu—

2073 4790 2296 4849 tat-unt,
2349 4794 2404 4838 et
2457 4784 2783 4839 aediﬁcando
2833 4785 3037 4856 templo
3084 4785 3330 4841 studium
3383 4786 3665 4857 impende~

2074 4883 2240 4940 runt,
2275 4875 2465 4930 statim
2517 4875 2664 4932 Deus
2707 4877 3029 4948 promiserit
3085 4893 3145 4934 se
3189 4879 3557 4948 patrocinium
3598 4876 3669 4934 ad

2076 4967 2263 5020 omnia
2307 4965 2708 5022 exhibiturum.
2747 4965 2965 5022 Etenim
3009 4969 3114 5022 hoc
3153 4967 3422 5023 denatant
3457 4968 3664 5022 verba:

2083 5074 2100 5108 ι
2137 5056 2430 5113 Vobiscum
2484 5074 2606 5113 sum
2634 5101 2648 5124 ,
2710 5060 2783 5114 ait
2863 5058 3173 5127 Dominus;
3205 5078 3224 5111 ι
3287 5058 3338 5116 id
3365 5064 3467 5121 est,
3497 5053 3668 5114 Vobis

2079 5150 2310 5213 adsum,
2367 5153 2700 5218 consulens,
2757 5160 2814 5207 et
2864 5152 3132 5223 quidquid
3186 5151 3344 5206 vobis
3394 5164 3534 5220 Opus
3584 5161 3670 5205 est

2080 5242 2460 5313 suppeditans.
2492 5262 2510 5295 σ
2538 5242 2605 5297 Ει
2636 5244 2929 5299 suscitavit
2958 5242 3224 5299 Dominus
3264 5240 3523 5312 spiritum
3562 5241 3668 5294 Zo-

2081 5336 2362 5390 robabelis
2402 5335 2496 5389 ﬁlii
2539 5334 2857 5390 Salathielis
2895 5335 2964 5390 de
3003 5333 3156 5388 tribu
3196 5331 3388 5395 Judaa,
3420 5341 3476 5386 et
3507 5332 3672 5402 spiri-

2084 5439 2196 5482 tum
2236 5426 2367 5483 Jesu
2411 5427 2504 5481 ﬁlii
2538 5425 2792 5482 Josedeci
2814 5468 2827 5491 ,
2858 5427 3165 5481 sacerdotis
3199 5425 3426 5494 magni,
3456 5432 3510 5478 et
3548 5424 3674 5478 reli-

2084 5535 2317 5590 quorum
2371 5520 2441 5575 de
2494 5521 2645 5574 omni
2696 5518 2941 5588 populo,
2997 5517 3092 5588 qui
3148 5517 3436 5592 ingressus
3485 5525 3569 5570 est
3607 5516 3672 5568 ad

2084 5629 2224 5684 opus
2255 5610 2563 5666 faciendum
2600 5613 2651 5664 in
2690 5611 2854 5666 demo
2890 5609 3108 5664 Domini
3141 5608 3542 5678 omnipotentis
3579 5606 3676 5661 Dei

2087 5708 2194 5763 sui.
2235 5705 2716 5760 nNimirumhaud
2771 5721 2934 5761 suum
2986 5705 3370 5760 tantummodo
3425 5703 3671 5774 patroci-

374 5801 463 5874 τῷ
484 5802 620 5872 οἴκῳ
640 5801 846 5870 Κυρίου
875 5798 1314 5870 παντοκράτορος
1336 5795 1473 5849 Θεοῦ
1505 5795 1705 5850 αὐτῶν.
1722 5815 1740 5847 ι
1775 5793 1850 5846 Ού
1873 5793 1956 5863 γάι

2087 5799 2240 5851 nium
2279 5797 2538 5867 promisit
2571 5795 2742 5860 Deus,
2778 5794 2873 5851 sed
2905 5795 3245 5851 alacritatem
3277 5794 3441 5849 simul
3475 5793 3676 5848 ducum

378 5894 759 5969 ἐπηγγείλατο
792 5893 954 5965 μόνον
997 5890 1160 5954 αὑτὸς
1207 5889 1307 5962 τήν
1356 5889 1564 5946 οἰκείαν
1598 5887 1923 5959 κηδεμονίαν

2088 5890 2393 5947 concitavit
2423 5889 2782 5950 universique
2821 5890 3044 5960 populi,
3092 5895 3153 5944 ut
3198 5887 3418 5944 cat-leris
3463 5883 3676 5941 cunctis
