4118 6466
292 426 417 487 485

1389 402 1943 465 COMMENTARIUS
1977 407 2046 464 IN
2077 406 2313 465 Αοοιει
2352 405 2503 464 CAP.
2536 407 2598 462 ll.

3514 395 3618 469 tae

294 560 444 602 σατε
469 542 653 601 πάντα
680 537 750 593 τὰ
773 537 920 608 ἔθνη,
952 530 1306 606 βαπτίζοντες
1327 533 1528 597 αὐτοὺς
1553 533 1632 596 εἰς
1660 531 1724 585 τὸ
1749 531 1922 604 δνομα

2036 539 2236 601 gentes,
2275 531 2618 601 baptizantes
2649 544 2743 584 eos
2775 529 2827 584 in
2860 530 3082 586 nomine
3110 527 3292 588 Patris
3321 537 3373 587 et
3406 529 3532 589 Filii
3563 541 3620 590 et

294 636 408 693 τοῦ
429 635 652 708 Πατρδς
681 633 777 687 καὶ
793 629 890 686 τοῦ
917 627 1047 682 Υἰοῦ
1079 627 1176 680 καὶ
1206 625 1303 678 τοῦ
1339 625 1495 694 ἁγίου
1526 623 1862 696 Πνεύματος·
1897 645 1915 676 ι

296 730 406 798 ἀφ’
442 720 522 782 ὧν
574 725 640 798 δὴ
692 721 1040 796 μανθάνομεν
1090 716 1304 788 Πατρός
1349 733 1408 770 τε
1443 716 1737 788 πρόσωπον
1769 716 1920 781 ίδιον,

298 821 409 874 καὶ
481 817 617 872 Υίοῦ
674 815 969 886 πρόσωπον
1023 811 1151 864 ἴδιον
1177 848 1194 874 ,
1243 809 1340 862 καὶ
1392 808 1710 879 Πνεύματος
1765 808 1920 878 ἁγίου

300 909 617 982 πρόσωπον
649 906 803 970 ἴδιον,
833 904 933 974 τῆς
967 901 1119 964 θείας
1144 900 1240 953 καὶ
1272 897 1443 952 ἀϊδίου
1477 898 1666 962 οὐσίας
1695 899 1923 952 ἕκαστον

300 1001 527 1055 τούτων
581 993 722 1052 εἶναι
765 995 1081 1066 νομίζοντες
1123 992 1343 1063 ὁμοίως,
1380 991 1475 1045 ἆτε
1521 992 1650 1062 μιᾶς
1687 991 1785 1062 μὲν
1823 991 1924 1062 τῆς

307 1091 628 1165 μαθητείας
657 1088 825 1160 οὐσης
851 1087 917 1158 ήν
947 1085 1040 1139 ἐπὶ
1065 1083 1386 1156 διδασκαλίᾳ
1413 1083 1513 1154 τῆς
1535 1084 1685 1148 θείας
1708 1083 1926 1149 ἐξεπαιο

304 1185 540 1239 δεύοντο
575 1179 830 1250 γνώσεως
855 1195 869 1209 ο
919 1176 1037 1240 ἐνὸς
1073 1176 1130 1229 δὲ
1159 1174 1254 1229 τοῦ
1295 1174 1671 1246 βαπτίσματος
1708 1177 1802 1228 τοῦ
1836 1175 1923 1228 ἐπ’

304 1276 548 1346 ὀνόματι
571 1272 777 1326 τούτων
801 1266 1203 1341 πληρουμένου.
1246 1265 1312 1320 Ἠ
1336 1266 1632 1332 Παλαιὰδὲ,
1660 1265 1735 1331 ὡς
1765 1265 1924 1338 ἔφην,

304 1369 554 1440 Πνεῦμα
588 1367 744 1435 ἆγιον
780 1366 839 1418 ἐν
879 1363 994 1434 ἰδίῳ
1026 1359 1306 1434 προσώπῳ
1335 1359 1430 1413 καὶ
1469 1361 1765 1414 ὑποστάσει
1796 1360 1922 1430 ἰδίᾳ,

305 1459 754 1534 κεχωρισμένως
792 1456 886 1510 τοῦ
935 1453 1072 1508 Θεοῦ
1117 1452 1218 1506 οὐκ
1257 1451 1525 1522 ἠπίστατο
1549 1468 1563 1480 ⁸
1604 1451 1829 1522 Πνεῦμα
1869 1452 1927 1506 δὲ

306 1554 480 1621 ἅγιον
520 1548 730 1612 ἐκάλει,
773 1548 896 1618 ἦτοι
940 1544 1169 1614 Πνεῦμα
1199 1542 1356 1607 Θεοῦ,
1395 1542 1494 1612 τήν
1533 1542 1694 1612 χάριν
1736 1542 1924 1608 αὐτοῦ,

304 1646 348 1718 ἢ
388 1644 492 1717 τὴν
523 1638 937 1710 ἐπιστασίαν,ἢ
976 1637 1076 1706 τὴν
1115 1635 1525 1708 κηδεμονίαν,ἢ
1563 1637 1662 1708 τὴν
1703 1637 1830 1708 περί
1875 1654 1928 1689 τι

2028 622 2270 693 Spiritus
2299 625 2473 678 sancti
2495 622 2575 676 ³⁸;
2601 641 2619 674 ι
2655 623 2799 676 unde
2830 621 3096 678 discimus
3114 621 3291 679 Patris
3321 637 3616 694 personam

2025 716 2326 785 propriam,
2358 723 2413 769 et
2451 713 2574 768 Filii
2604 727 2899 783 personam
2944 717 3246 783 prepriam,
3275 725 3328 768 et
3377 713 3618 785 Spiritus

2026 807 2201 863 sancti
2233 822 2520 878 personam
2557 806 2867 878 propriam,
2918 822 3372 877 unumquemque
3420 809 3618 863 horum

2025 899 2268 954 divinam
2295 915 2360 954 ac
2387 898 2778 968 sempiternam
2819 912 2975 968 aeque
3007 897 3207 952 habere
3252 899 3618 953 substantiam

2025 999 2354 1060 censentes;
2390 991 2834 1060 quandoquidem
2866 1006 2975 1045 una
3005 998 3088 1044 est
3114 991 3386 1056 doctrina,
3422 1006 3528 1061 qua
3564 992 3621 1048 in

2026 1085 2229 1141 divinae
2275 1088 2523 1143 scientiae
2575 1085 2876 1142 traditione
2941 1087 3329 1142 imbuebantur
3379 1106 3392 1142 :
3449 1103 3623 1142 unum

2028 1179 2156 1234 item
2182 1179 2455 1250 baptisma
2481 1181 2534 1234 in
2562 1180 2786 1235 nomine
2810 1180 3006 1234 horum
3034 1181 3316 1234 collatum.
3359 1181 3428 1235 At
3474 1178 3625 1234 Seri-

2027 1277 2188 1341 ptura
2220 1278 2400 1334 vetus,
2433 1277 2492 1324 ut
2523 1271 2660 1334 dixi,
2702 1269 2969 1340 Spiritum
3015 1281 3267 1327 sanetum
3318 1272 3371 1325 in
3403 1271 3624 1342 propria

2027 1373 2294 1433 persona,
2339 1365 2476 1419 etin
2531 1365 2750 1435 propria
2786 1365 3097 1436 hypostasi,
3147 1380 3398 1420 seorsum
3448 1381 3477 1419 a
3529 1365 3623 1420 Dei

2029 1458 2268 1527 generali
2314 1459 2540 1514 notione
2582 1458 2855 1514 nescivit:
2894 1455 3159 1528 Spiritum
3194 1474 3322 1512 vero
3372 1466 3623 1512 sanctum

2030 1550 2146 1604 sive
2177 1548 2442 1619 Spiritum
2475 1548 2592 1613 Dei,
2637 1551 2869 1617 gratiam
2908 1550 3083 1620 ipsius
3116 1553 3369 1613 vocabat,
3407 1552 3489 1605 vel
3524 1551 3626 1605 im-

2029 1642 2244 1712 perium
2278 1656 2342 1695 ac
2379 1642 2802 1712 providentiam,
2839 1643 2923 1696 vel
2959 1657 3087 1710 erga
3120 1642 3328 1711 aliquid
3377 1641 3626 1696 alit-ctio-

306 1737 589 1800 διάθεσιν,
617 1735 650 1804 ἢ
672 1732 726 1788 εί
742 1750 795 1786 τι
827 1731 1088 1786 τοιοῦτον·
1126 1730 1201 1801 (ρ.
1225 1729 1352 1799 421)
1383 1729 1523 1782 «Ποῦ
1547 1729 1798 1801 πορευθῶ
1821 1730 1929 1782 ἀπὸ

2036 1749 2176 1794 nem,
2197 1733 2281 1788 vel
2305 1734 2524 1804 quidvis
2549 1732 2882 1803 hujusmodi.
2923 1751 2940 1784 ι
2971 1733 3134 1801 Quoa
3155 1733 3363 1805 Spiritu
3388 1742 3482 1789 tuo
3505 1735 3628 1788 ibo?

307 1828 416 1882 τοῦ
444 1824 772 1896 Πνεύματός
807 1838 940 1886 σου;
980 1822 1076 1874 καὶ
1103 1821 1212 1874 ἀπὸ
1235 1821 1328 1874 τοῦ
1364 1820 1658 1891 προσώπου
1692 1839 1784 1875 σου
1823 1821 1926 1875 ποῦ

2036 1836 2085 1881 et
2121 1841 2152 1879 a
2197 1824 2334 1880 facie
2369 1832 2461 1879 tua
2491 1841 2601 1895 quo
2649 1823 2956 1896 fugiam“?
2993 1843 3012 1876 ι
3068 1823 3197 1878 Vult
3244 1826 3392 1880 enim
3442 1826 3627 1882 dicere

311 1920 521 1991 φύγω;
547 1938 565 1970 ι
598 1888 858 1970 Πούλεται
879 1913 988 1985 γὰρ
1008 1915 1181 1967 εἰπεῖν
1203 1913 1285 1966 ὅτι
1314 1888 1459 1978 Ἔξω
1487 1914 1587 1984 τῆς
1610 1914 1930 1980 ἐπιστασίας

2037 1911 2152 1967 ﬁeri
2181 1927 2292 1966 non
2324 1927 2508 1981 posse,
2536 1922 2594 1967 ut
2623 1925 2779 1968 extra
2805 1923 2957 1968 tuum
2991 1912 3282 1982 imperium
3315 1916 3443 1979 sim,
3493 1933 3630 1986 quo-

313 2033 423 2070 σου
457 2011 716 2082 γενέσθαι
750 2011 812 2064 οὐ
838 2008 1084 2072 δυνατὸν,
1126 2007 1317 2078 ἐπειδὴ
1361 2008 1530 2077 πάρει
1575 2009 1686 2071 τοῖς
1726 2009 1925 2061 πᾶσιν·

309 2105 529 2172 ἐπάγει
572 2101 702 2172 γοῦν
745 2100 884 2171 πρὸς
923 2097 1014 2150 τὸν
1057 2096 1212 2156 Θεὸν.
1251 2094 1434 2168 οὐκέτι
1470 2094 1788 2164 Πνεύματος
1829 2110 1926 2164 με·

316 2195 610 2268 μνημένος
630 2211 644 2225 ο
679 2211 698 2244 ι
725 2192 852 2244 Ἐὰν
875 2187 1063 2244 ἀναϐῶ
1081 2189 1161 2251 εἰς
1178 2186 1272 2240 τὸν
1299 2185 1548 2258 οὐρανὸν,
1576 2187 1640 2240 σὺ
1667 2186 1784 2239 ἐκεῖ
1806 2180 1875 2237 εἷ’
1904 2204 1922 2236 ο

315 2290 414 2344 ενα
441 2288 576 2357 εἴπῃ
601 2286 685 2338 ὅτι
722 2281 900 2332 Ὅπου
918 2278 1037 2332 ποτ’
1060 2276 1126 2330 ἂν
1149 2273 1217 2343 ὦ,
1244 2278 1350 2332 ὐπὸ
1381 2279 1481 2350 τὴν
1508 2278 1759 2346 ἐξουσίαν
1793 2278 1930 2331 καθ-

313 2381 539 2451 έστηκα
572 2377 670 2448 τὴν
703 2375 824 2446 σὴν,
855 2372 978 2427 καθ’
1005 2372 1072 2443 ἢν
1089 2372 1238 2435 ὅπως
1259 2371 1326 2426 ἂν
1353 2370 1544 2442 ἐθέλῃς
1571 2388 1628 2424 τε
1653 2373 1766 2434 τοῖς
1795 2371 1928 2425 πᾶσι

317 2472 524 2544 παρὼν
575 2469 646 2524 τὰ
699 2467 822 2522 κατ’
863 2466 964 2537 ἐμὲ
1004 2464 1228 2528 διοικεῖς
1251 2481 1266 2494 ·
1329 2483 1347 2515 ι
1377 2464 1450 2517 Τὸ
1481 2462 1710 2534 Πνεῦμά
1745 2479 1841 2516 σου
1867 2462 1930 2516 τὸ

317 2561 536 2632 ἀγαθὸν
577 2560 840 2630 ὁδηγήσει
882 2574 948 2628 με
981 2558 1039 2610 ἐν
1065 2559 1134 2627 γῇ
1165 2555 1368 2626 εὐθείᾳ·
1400 2575 1418 2607 ι
1456 2555 1545 2609 ἵνα
1574 2556 1722 2628 εἴπῃ,
1769 2557 1930 2623 Ἀγα-

317 2657 516 2728 θότητι
542 2654 778 2708 πάντοτε
818 2650 888 2704 τὰ
919 2649 1039 2703 κατ’
1079 2649 1179 2720 ἐμὲ
1214 2649 1516 2719 διοικήσας,
1553 2648 1695 2702 κατὰ
1722 2647 1930 2718 ταύτην

320 2767 395 2822 με
426 2749 526 2803 καὶ
557 2747 654 2801 νῦν
685 2743 979 2809 ἐπανάξεις
1003 2759 1016 2772 ·
1065 2762 1084 2795 ι
1109 2743 1183 2796 Τὸ
1209 2741 1436 2812 Πνεῦμα
1465 2759 1559 2795 σου
1581 2741 1644 2794 τὸ
1667 2741 1820 2810 ἅγιον
1854 2740 1928 2811 μὴ

315 2843 629 2915 ἀντανέλῃς
669 2842 765 2896 ἀπ’
801 2838 959 2908 ἐμοῦ,
984 2857 1003 2891 ι
1055 2837 1143 2891 ἵνα
1177 2837 1343 2910 εἴπῃ,
1386 2837 1498 2906 Τὴν
1524 2834 1802 2906 ἐξαίρετόν
1834 2850 1928 2886 σου

318 2939 423 2992 καὶ
455 2933 844 3004 ἐξειλεγμένην
889 2928 1216 3002 κηδεμονίαν
1255 2929 1350 2982 ἀπ’
1397 2927 1532 2997 ἐμοῦ
1579 2925 1653 2998 μὴ
1702 2926 1927 2999 ἀφέλῃς.

316 3029 521 3090 υῦτως
546 3027 641 3081 καὶ
673 3024 909 3079 ἐνταῦθα
934 3023 1111 3091 λέγει·
1157 3039 1175 3072 ι
1199 3022 1310 3075 Καὶ
1344 3021 1404 3074 τὸ
1431 3019 1659 3089 Πνεῦμά
1687 3037 1790 3090 μου
1840 3021 1932 3089 ἐερ-

317 3125 562 3194 έστηκεν
595 3120 652 3172 ἐν
687 3117 840 3190 μέσῳ
874 3115 1050 3188 ὐμῶνο
1083 3135 1102 3168 ι
1141 3115 1227 3168 ἵνα
1258 3113 1410 3186 εἴπῃ,
1455 3114 1518 3165 'H
1557 3113 1770 3184 χάριςή
1797 3112 1927 3184 ἐμὴ,

317 3214 425 3268 καὶ
452 3213 489 3282 ή
532 3210 660 3281 περὶ
696 3208 844 3279 ὑμᾶς
875 3205 1116 3268 διάθεσις
1153 3203 1407 3256 συνέσται
1453 3204 1604 3272 ὑμῖν,
1639 3203 1932 3272 ἐφεστῶσά
1959 3233 2000 3290 C

316 3324 386 3362 τε
407 3305 508 3360 καὶ
535 3303 636 3372 τὴν
667 3299 866 3370 ἑαυτῆς
888 3301 1021 3370 ήμῖν
1044 3296 1360 3369 παρέχουσα
1380 3294 1668 3362 ὠφέλειαν.
1713 3297 1802 3360 Ὠς
1821 3295 1933 3366 γὰρ

318 3399 427 3470 τήν
457 3396 639 3467 ψυχὴν
673 3395 767 3448 ἐπὶ
810 3392 904 3445 τοῦ
947 3389 1085 3444 Θεοῦ
1116 3389 1286 3457 λέγει,
1322 3389 1421 3459 οὐχ
1462 3388 1760 3441 ὐπόστασίν
1789 3405 1932 3454 τινα,

319 3491 426 3561 τὴν
456 3487 514 3540 δὲ
546 3485 676 3555 περί
709 3502 762 3537 τι
792 3481 1030 3537 διάθεσιν
1056 3480 1228 3543 οὕτως
1253 3477 1564 3550 ὀνομάζων·
1607 3473 1718 3533 οἷον
1758 3479 1835 3532 ὅτ’
1868 3479 1934 3532 ἂν

322 3580 490 3651 λέγῃ,
529 3596 548 3629 ι
580 3577 694 3639 Τὰς
713 3574 1004 3645 νεομηνίας
1032 3570 1186 3641 ὑμῶν
1221 3570 1314 3624 καὶ
1341 3571 1411 3624 τὰ
1442 3569 1692 3624 σάϐϐατα
1723 3571 1872 3640 μισεῖ
1898 3571 1930 3641 ἡ

319 3670 476 3742 ψυχή
504 3685 629 3738 μου,
661 3685 680 3718 ι
726 3666 814 3718 ἵνα
843 3663 941 3735 τήν
972 3663 1210 3717 διάθεσιν
1248 3663 1378 3735 εῐπῃ
1410 3660 1532 3716 καθ’
1561 3663 1626 3735 ἢν
1655 3661 1838 3732 ἐμίσει
1867 3662 1935 3715 τὰ

2034 2005 2184 2059 niam
2216 2005 2475 2061 omnibus
2506 2006 2671 2062 rebus
2713 2005 2866 2060 ades.
2907 2003 3087 2076 Pergit
3120 2006 3305 2076 itaque
3333 2009 3515 2063 dicere
3559 2009 3629 2063 de

2034 2097 2146 2152 Deo
2183 2098 2391 2152 omissa
2432 2097 2675 2168 Spiritus
2718 2097 3029 2153 mentione:
3071 2116 3088 2150 ι
3118 2099 3174 2153 Si
3225 2102 3528 2156 ascendere
3572 2100 3628 2156 in

2033 2191 2257 2256 caelum,
2293 2201 2349 2244 tu
2380 2189 2449 2244 ibi
2486 2206 2546 2245 es
2572 2190 2648 2258 ἐς
2683 2187 3029 2256 »ιὼίουηηυε
3047 2186 3217 2258 luero,
3237 2195 3339 2249 sub
3362 2204 3630 2265 potestate

2035 2293 2126 2338 tua
2169 2298 2289 2339 sum
2318 2284 2680 2347 constitutus,
2715 2298 2824 2353 qua
2851 2283 3348 2354 quomodocunque
3389 2290 3631 2343 volucris

2033 2377 2250 2432 cunctis
2275 2391 2542 2445 praesens,
2568 2392 2659 2431 res
2691 2391 2842 2431 meas
2873 2377 3171 2447 gubernas.
3199 2397 3216 2428 ι
3240 2376 3479 2448 Spiritus
3503 2389 3633 2437 tuus

2033 2471 2210 2525 bonus
2249 2469 2482 2523 deducet
2515 2485 2600 2523 me
2630 2470 2682 2522 in
2717 2477 2918 2523 terram
2952 2479 3158 2524 rectam
3181 2471 3259 2539 ²⁶;
3287 2491 3305 2524 ι
3337 2473 3511 2540 idest,
3533 2476 3634 2528 lio-

2034 2561 2206 2615 nitate
2249 2570 2338 2614 tua
2380 2575 2468 2614 res
2504 2575 2654 2614 meas
2699 2561 3037 2631 gubernans,
3081 2561 3182 2615 hac
3216 2564 3330 2633 ipsa
3363 2581 3450 2619 me
3489 2581 3634 2620 nunc

2033 2653 2288 2708 reduces.
2321 2671 2339 2704 ι
2374 2651 2639 2722 Spiritum
2685 2659 2938 2706 sanetum
2991 2665 3144 2707 tuum
3199 2670 3266 2709 ne
3325 2655 3546 2712 auferas
3604 2675 3633 2711 a

2035 2761 2156 2812 me;
2183 2763 2200 2795 ι
2226 2744 2278 2798 id
2303 2751 2387 2798 est
2411 2745 2685 2814 peculiare
2703 2746 3077 2815 selertumque
3104 2749 3467 2818 patrocinium
3495 2767 3523 2803 a
3549 2768 3635 2806 me

2035 2855 2142 2893 non
2163 2838 2402 2893 auferas.
2420 2837 2512 2891 Sic
2533 2833 2696 2887 etiam
2716 2832 2818 2886 hoc
2837 2831 3102 2887 locoait"
3123 2854 3136 2890 :
3157 2853 3174 2884 ‹
3204 2841 3446 2912 δρίτίιηε
3479 2859 3636 2897 meus

2035 2931 2211 2985 astitit
2253 2931 2306 2983 in
2337 2929 2518 2983 medio
2551 2931 2720 2983 vestri
2745 2948 2760 2996 ;
2782 2944 2800 2977 ι
2821 2929 2871 2984 id
2891 2937 2988 2994 est,
3009 2930 3194 2986 Gratia
3231 2949 3350 2988 mea
3373 2951 3637 3003 meusque

2034 3036 2162 3093 erga
2191 3037 2293 3078 vos
2330 3021 2561 3076 affectus
2587 3022 2875 3076 vobiscum
2907 3033 3014 3086 est,
3044 3026 3346 3094 przesidens
3371 3043 3637 3096 suamque

2034 3113 2194 3168 vobis
2229 3129 2386 3182 opem
2417 3113 2694 3182 praebens.
2720 3112 2877 3168 Sicut
2901 3116 3158 3171 videlicet
3179 3117 3420 3172 animam
3450 3119 3504 3173 in
3532 3118 3639 3172 Deo

2035 3203 2196 3267 dicit,
2229 3218 2338 3258 non
2369 3204 2529 3273 quasi
2559 3205 2853 3274 quamdam
2880 3216 3242 3277 hypostasun,
3263 3210 3356 3264 sed
3387 3209 3638 3265 aﬂectum

2038 3309 2167 3361 erga
2196 3295 2402 3365 aliquid
2433 3296 2507 3349 ita
2539 3296 2855 3350 nominans.
2882 3292 3058 3350 Veluti
3079 3311 3203 3350 cum
3224 3294 3377 3352 dicit:
3402 3312 3420 3344 ι
3445 3300 3640 3354 Calen-

2039 3384 2140 3439 das
2171 3394 2418 3446 vestras,
2467 3393 2522 3439 et
2575 3385 2803 3440 sabbata
2853 3386 2969 3440 odit
3023 3386 3206 3441 anima
3231 3402 3351 3442 mea
3371 3388 3641 3455 “parte-

2037 3477 2275 3530 ctionem
2325 3477 2494 3547 278
2535 3477 2682 3531 illam
2714 3479 3050 3548 signiﬁcans,
3079 3494 3186 3549 qua
3217 3481 3435 3536 illorum
3475 3481 3662 3553 Opera

2038 3569 2232 3625 oderat
2263 3569 2532 3639 improbis
2560 3571 2810 3626 moribus
2855 3571 3233 3640 prreditorum.
3261 3574 3336 3628 Ita
3374 3576 3644 3645 Spiritum

2037 3678 2258 3733 quoque
2275 3663 2432 3717 dicit.
2453 3661 2656 3718 Verum
2677 3663 2744 3718 de
2759 3663 2845 3717 his
2865 3665 3003 3720 satis
3022 3681 3300 3736 superque
3319 3666 3526 3722 dictum
3547 3670 3643 3724 sit.

325 3765 465 3834 παρ’
500 3760 683 3814 αὐτῶν
708 3757 972 3829 γινόμενα
1001 3752 1293 3827 μοχθηρῶν
1324 3753 1494 3808 ὄντων
1532 3753 1624 3807 τὸν
1647 3752 1848 3824 τρόπον
1876 3769 1889 3782 ·
1921 3751 2098 3816 οὕτως
2144 3753 2241 3808 καὶ
2273 3753 2334 3806 τὸ
2369 3751 2594 3825 Πνεῦμα
2637 3753 2805 3822 λέγει.
2826 3753 2985 3808 Ἀλλὰ
3026 3753 3133 3828 γὰρ
3159 3756 3334 3810 ταῦτα
3368 3759 3468 3828 μὲν
3503 3759 3646 3832 ὑπὲρ

326 3859 580 3922 πλείονος
606 3855 847 3929 εἰρήσθω
867 3853 967 3924 τῆς
993 3851 1299 3924 ἀκριϐείας.

406 3973 562 4025 Στίκ.
595 3976 734 4035 ς’-ι’.
766 3998 838 4008 -
881 3968 938 4020 ὐ
970 3967 1029 4020 δέ
1061 3981 1124 4035 γε
1165 3965 1300 4028 Θεὸς
1329 3965 1520 4037 ἐπειδὴ
1552 3965 1790 4046 διήγειρε
1838 3967 1935 4036 μὲν

2109 3960 2280 4016 Vens.
2315 3959 2474 4016 6-10.
2511 3960 2578 4014 Et
2625 3961 2772 4018 Deus
2816 3962 3040 4032 quidem
3070 3977 3197 4018 cum
3235 3963 3534 4019 excitasset
3589 3966 3646 4020 in

327 4069 391 4120 ἐν
439 4067 557 4128 τοῖς
605 4061 1032 4134 προειρημένοις
1079 4059 1170 4114 τὸν
1211 4057 1341 4112 λαὸν
1387 4059 1479 4112 διὰ
1519 4058 1615 4111 τοῦ
1652 4059 1932 4129 προφήτου

2037 4056 2313 4125 ριἐιιάἰοιίδ
2347 4056 2610 4126 populum
2644 4073 2739 4127 per
2770 4058 3094 4128 prephetam
3118 4058 3188 4112 ad
3231 4057 3448 4114 aedilicii
3481 4075 3642 4130 opus,

328 4154 470 4226 περὶ
507 4153 571 4206 τὸ
606 4151 769 4224 ἔργον
801 4152 904 4222 τῆς
935 4147 1228 4220 οἰκοδομῆς
1260 4148 1555 4219 αὐτάρκως
1590 4147 1688 4201 καὶ
1733 4147 1938 4219 προθυ-

333 4248 608 4321 μοτέρους
635 4241 955 4318 εἰργάσατο,
998 4243 1075 4313 (p.
1105 4240 1232 4312 4‘22)
1274 4239 1423 4310 ἐώρα
1449 4239 1506 4293 δὲ
1549 4239 1936 4310 συλλογιζομέ-

329 4358 462 4404 νους
491 4338 657 4393 πόθεν
692 4337 759 4392 ἂν
788 4337 972 4399 αὐτοῖς
1006 4335 1363 4406 προσγένοιτο
1391 4331 1632 4386 τοσαῦτα
1661 4333 1741 4384 ἔτι
1774 4349 1934 4386 πενο-

335 4433 524 4506 μένοις
557 4433 624 4484 ὲκ
654 4429 757 4501 τῆς
783 4428 1188 4500 αἰχμαλωσίας,
1221 4427 1314 4496 ἀφ’
1346 4419 1421 4480 ῶν
1448 4425 1678 4480 δυνατὸν
1704 4425 1849 4480 κατὰ
1875 4427 1938 4478 τὸ

331 4523 619 4598 προσῆκόν
650 4539 712 4577 τε
746 4519 1154 4592 ἀπαρτισθῆναι
1182 4520 1274 4574 τὸν
1307 4519 1433 4572 ναὸν
1461 4519 1554 4573 καὶ
1579 4519 1762 4572 πᾶσαν
1787 4515 1936 4588 αὐτῷ

2037 4146 2284 4216 satisque
2315 4162 2440 4201 eum
2473 4156 2786 4218 promptum
2826 4148 3122 4216 effecisset,
3161 4152 3424 4206 cernebat
3462 4161 3645 4207 tamen

2037 4253 2162 4292 eum
2188 4247 2555 4307 reputantem,
2592 4242 2869 4296 undenam
2906 4243 3008 4298 sibi
3049 4245 3276 4313 pauperi
3310 4260 3376 4298 ex
3417 4245 3648 4315 captivi-

2041 4337 2154 4384 tate
2202 4329 2436 4387 facultas
2486 4333 2626 4388 foret
2676 4334 2838 4404 digne
2888 4337 3153 4404 templum
3207 4337 3563 4401 exstruendi,
3593 4345 3645 4391 cl

2046 4433 2352 4492 congruum
2377 4430 2630 4478 ornatum
2657 4425 2915 4489 addcndi,
2940 4429 3157 4495 qualem
3185 4435 3345 4481 antea
3376 4429 3648 4485 habuerat

2051 4513 2108 4568 in
2141 4515 2437 4570 structuris
2477 4529 2541 4568 ac
2571 4517 2718 4570 vasis
2757 4517 2967 4572 sanctis
3009 4527 3062 4571 et
3096 4519 3363 4588 reliquis;
3413 4520 3649 4592 ideoque

328 4585 436 4691 τήν
466 4585 1225 4688 προσήκουσαν-εὐπρέπειαν
1252 4610 1606 4681 ἀποδοθῆναι,
1631 4611 1750 4664 οἵαν
1777 4609 1841 4681 δὴ
1874 4585 1932 4663 to

2045 4609 2233 4666 addit:
2273 4611 2605 4680 (Conﬁdile,
2649 4630 2826 4686 neque
2857 4616 3134 4672 metuatis.
3160 4637 3178 4668 ι
3220 4585 3391 4686 illaec,
3431 4585 3647 4691 inquit,

331 4709 608 4781 πρότερον
639 4701 789 4778 εἶχεν
824 4706 884 4757 ἐν
910 4703 1220 4774 οἰκοδομαῖς
1252 4719 1313 4756 τε
1349 4703 1444 4756 καὶ
1471 4701 1724 4756 σκεύεσιν
1757 4701 1935 4770 ἁγίοις

331 4803 433 4856 καὶ
479 4803 596 4866 τοῖς
646 4799 880 4864 λοιποῖς,
935 4796 1166 4864 ἐπάγει·
1231 4815 1249 4848 ι
1307 4795 1692 4868 Θαρσεῖτε,μὴ
1733 4795 1798 4867 δὴ
1843 4811 1940 4864 φο-

332 4895 542 4950 ϐεῖσθε.
591 4913 611 4947 ι
652 4891 793 4965 Περὶ
832 4890 1070 4955 τούτων,
1108 4891 1278 4960 φησι,
1316 4891 1414 4944 καὶ
1455 4889 1574 4954 πῶς
1601 4888 1800 4953 ἔνεστι,
1863 4888 1938 4959 μὴ

331 4987 618 5061 φοϐεῖσθε.
667 5005 685 5037 ι
734 4985 881 5038 Διότι
919 4983 1047 5038 τάδε
1080 4982 1231 5050 λέγει
1271 4981 1476 5053 Κύριος
1515 4982 1932 5054 παντοκράτωρ·

333 5084 463 5137 Ἔτι
500 5080 651 5147 ἅπαξ
696 5077 818 5146 ἐγὼ
851 5079 982 5132 σείω
1028 5078 1120 5130 τὸν
1164 5076 1394 5147 οὐρανὸν
1436 5077 1532 5129 καὶ
1565 5075 1666 5148 τὴν
1706 5076 1812 5146 γῆν
1843 5077 1939 5129 καὶ

328 5173 435 5246 τὴν
465 5172 744 5226 θάλασσαν
779 5171 875 5224 καὶ
895 5173 996 5242 τὴν
1021 5169 1212 5241 ξηράψ
1253 5168 1348 5222 καὶ
1374 5167 1645 5221 συσσείσω
1666 5168 1846 5221 πάντα
1875 5168 1945 5221 τὰ

329 5266 466 5337 ἔθνη
494 5281 508 5296 ³
541 5264 637 5318 καὶ
665 5264 787 5335 ήξει
819 5264 890 5318 τὰ
919 5262 1156 5316 ἐκλεκτὰ
1197 5259 1417 5314 πάντων
1459 5258 1572 5312 τῶν
1612 5258 1812 5314 ἐθνῶνο
1849 5259 1945 5313 καὶ

329 5359 530 5431 πλήσω
547 5357 642 5413 τὸν
659 5351 811 5412 οἷκον
824 5355 1014 5411 τοῦτον
1031 5355 1212 5423 δόξης,
1236 5353 1387 5424 λέγει
1406 5352 1614 5426 Κύριος
1635 5352 1940 5424 παντοκρά-

329 5466 469 5522 τωρ·
501 5450 637 5504 διότι
670 5448 884 5522 μεγάλη
902 5450 936 5520 ή
963 5448 1094 5515 δόξα
1122 5447 1217 5502 τοῦ
1243 5447 1396 5500 οίκου
1423 5445 1614 5500 τούτου
1632 5486 1652 5514 ,
1674 5445 1707 5515 ή
1730 5443 1934 5516 ἐσχάτη

330 5527 493 5615 ὑπὲρ
511 5543 612 5614 τὴν
635 5541 884 5614 πρώτην,
912 5541 1062 5611 λέγει
1083 5539 1288 5612 Κύριος
1311 5537 1734 5610 παντοκράτωρ,
1762 5538 1858 5591 καὶ
1879 5539 1937 5590 ἐν

328 5635 416 5708 τῷ
441 5635 595 5708 τόπῳ
625 5633 802 5705 τούτῳ
830 5633 988 5688 δώσω
1014 5634 1241 5705 εἰρήνην
1261 5673 1275 5699 ,
1306 5632 1458 5700 λέγει
1489 5631 1697 5704 Κύριος
1736 5648 1939 5685 παντο-

2047 4705 2324 4775 quomodo
2381 4705 2560 4760 futura
2611 4708 2752 4772 sint,
2807 4724 2876 4763 ne
2924 4709 3237 4780 ambigatis.
3277 4729 3294 4762 ι
3337 4711 3477 4778 Quia
3507 4689 3649 4768 'haac
3723 4689 3728 4693 ε

2049 4796 2468 4853 dicitDominus
2502 4799 2885 4869 omnipotens:
2916 4800 3111 4856 Adhuc
3144 4817 3246 4872 ego
3277 4804 3477 4858 cadum
3518 4819 3653 4860 eon-

2049 4890 2198 4945 ουῑίο
2231 4897 2285 4946 οι
2319 4899 2522 4946 terram
2553 4905 2618 4947 ac
2648 4907 2801 4947 mare
2835 4902 2890 4948 θι
2921 4894 3130 4948 aridam
3158 4912 3172 4948 ἒ
3211 4905 3266 4949 et
3292 4897 3653 4953 001111110ὶέὺο

2049 4997 2244 5039 omnes
2287 4991 2515 5050 gentes:
2550 4994 2606 5038 et
2636 4985 2871 5059 ‘venient
2921 4987 3094 5042 electa
3130 5002 3363 5058 quaeque
3404 4989 3650 5044 omnium

2049 5078 2338 5148 gentium:
2388 5085 2444 5134 et
2487 5078 2728 5149 implebo
2778 5080 3002 5135 domum
3055 5082 3199 5136 hanc
3251 5082 3464 5152 gloria,
3517 5084 3652 5136 dicit

2048 5171 2314 5227 Dominus
2339 5171 2693 5242 omnipotens
2717 5191 2730 5225 :
2758 5173 2887 5243 quia
2909 5188 3104 5234 magna
3128 5175 3232 5227 erit
3255 5174 3427 5244 gloria
3451 5172 3652 5230 domus

2047 5262 2236 5333 hujus,
2270 5263 2546 5333 posterior
2574 5275 2687 5333 prae
2711 5262 2918 5330 priore,
2952 5259 3088 5316 dicit
3112 5259 3380 5316 Dominus
3406 5261 3650 5332 omnipo-

2050 5366 2203 5412 tens:
2255 5362 2311 5411 et
2340 5355 2448 5410 hoc
2479 5356 2532 5410 in
2581 5357 2702 5411 loco
2733 5353 2876 5409 dabo
2927 5367 3150 5424 pacem,
3201 5350 3336 5407 dicit
3385 5351 3654 5409 Dominus

2048 5449 2424 5519 omnipotens,
2457 5455 2511 5503 et
2532 5462 2721 5518 pacem
2757 5449 2954 5502 animae
2981 5445 3037 5499 in
3072 5445 3495 5516 acquisitionem
3532 5460 3654 5501 om-

2049 5543 2103 5595 ni
2135 5540 2452 5604 aediﬂcanti,
2493 5549 2551 5594 ut
2577 5540 2844 5610 templum
2874 5540 2977 5595 hoc
3011 5545 3284 5596 exstruat.
3313 5558 3331 5592 ι
3367 5537 3444 5594 De
3477 5554 3654 5610 penu-

2047 5632 2131 5686 ria
2163 5634 2641 5698 necessariorum,
2686 5632 2885 5703 inquit,
2931 5649 2999 5688 ne
3045 5632 3272 5690 solliciti
3320 5633 3445 5690 sitis
3487 5651 3501 5689 :
3550 5649 3654 5705 ego

397 5813 458 5894 _”
489 5813 689 5872 Matth.
731 5827 930 5884 xxvm,
959 5814 1052 5891 l9=
1126 5813 1171 5844 “
1209 5811 1359 5869 Psal.
1400 5827 1667 5878 cxxxvm,
1710 5811 1762 5868 7.
1846 5811 1889 5843 "
1931 5808 2143 5868 lbid.8.
2229 5814 2272 5845 ³⁵
2313 5812 2459 5871 Psal.
2503 5829 2672 5882 cxut,
2703 5813 2792 5869 10.
2871 5811 2916 5846 ³⁷
2953 5811 3174 5878 Psal.L,
3221 5812 3309 5870 13.
3388 5811 3433 5845 ³⁸
3475 5811 3578 5870 in.
3612 5829 3648 5884 ι,

333 5887 428 5942 15.
