4118 6540
451 455 552 513 487

1606 442 1698 498 ΤΗ
1706 440 1958 499 EODORI
1997 439 2484 500 MOPSUESTENI

3614 447 3722 505 688

451 567 598 622 enim
628 558 854 618 cunctas
887 574 1021 632 pene
1068 567 1423 612 commovens
1457 564 1664 627 gentes,
1697 571 1897 628 magno
1928 573 2034 612 nu-

2145 557 2382 630 κράτωρ,
2408 556 2502 607 καὶ
2525 555 2750 625 εἰρήνην
2773 554 2950 626 ψυχῆς
2979 557 3058 620 εἰς
3083 557 3431 629 περιποίησιν
3457 563 3619 612 παντὶ
3643 561 3726 630 τῷ

453 671 608 712 mero
655 655 950 722 multisque
1004 650 1262 721 prmditas
1312 650 1541 720 opibus,
1591 649 1658 703 ad
1708 665 1807 704 vos
1843 650 2033 705 venire

453 746 786 818 permittam.
821 743 956 798 Dicit
985 751 1170 797 autem
1207 741 1341 811 Gogi
1393 742 1674 812 p0pulum,
1711 755 1820 810 quo
1867 739 2034 794 adve-

452 840 658 900 niente,
684 844 816 891 tunc
843 835 1076 890 maxime
1099 833 1295 888 domus
1319 833 1482 901 hujus
1511 833 1683 902 gloria
1710 833 2034 886 inclarescet

455 938 678 1001 propter
712 943 886 984 meam
922 929 1183 982 tutelam:
1220 942 1344 980 nam
1387 927 1604 981 illorum
1647 934 1931 997 argentum
1979 931 2034 980 et

456 1037 671 1086 aurum,
701 1029 754 1076 et
781 1019 1067 1090 quidquid,
1098 1025 1155 1072 ut
1176 1017 1488 1072 summatim
1515 1016 1714 1079 dicam,
1746 1017 1781 1069 ii
1808 1015 2031 1081 habent,

457 1129 635 1169 meum
663 1120 768 1176 est,
791 1112 1049 1181 quoniam
1078 1109 1212 1162 nihil
1244 1108 1298 1162 in
1327 1109 1528 1162 mundo
1561 1122 1739 1163 meum
1768 1122 1879 1161 non
1910 1113 2032 1169 est,

454 1207 582 1277 quia
610 1215 860 1258 creatura
893 1203 1074 1256 omnis
1095 1217 1232 1270 opus
1263 1215 1443 1254 meum
1467 1207 1588 1254 est:
1620 1215 1742 1269 qua:
1764 1213 1868 1268 ego
1898 1197 2035 1268 ipsis

454 1303 640 1364 erepta
689 1293 755 1346 ad
787 1307 884 1346 vos
929 1291 1281 1352 transferam,
1314 1290 1520 1342 nullam
1555 1290 1624 1346 iis
1665 1288 1923 1358 injuriam
1955 1286 2038 1342 fa-

456 1387 608 1442 ciens
639 1387 731 1454 qui
763 1400 871 1437 non
907 1400 1003 1436 sua
1043 1383 1422 1454 possidebant;
1461 1380 1556 1436 sed
1609 1395 1728 1434 mea
1755 1380 1881 1448 jure
1921 1394 2036 1434 me-

455 1477 673 1546 ritoque
700 1475 836 1528 meis
865 1472 1157 1527 conferens
1178 1490 1194 1538 ;
1219 1472 1290 1525 ita
1320 1477 1377 1523 ut
1402 1470 1627 1539 gloriam
1655 1483 1830 1524 meam
1857 1469 1913 1523 in
1933 1469 2038 1523 hoc

456 1567 658 1636 templo
690 1581 785 1634 per
810 1581 873 1619 ea
905 1579 1026 1634 quae
1045 1578 1226 1633 geram
1251 1571 1578 1616 ostensurus
1597 1562 1724 1623 sim,
1745 1575 1932 1630 preces
1947 1575 2038 1614 ve-

456 1667 601 1713 stras
637 1656 800 1726 279
840 1656 948 1709 illic
974 1654 1273 1725 excipiens,
1316 1655 1584 1722 vobisque
1627 1652 1894 1707 adversus
1938 1652 2036 1707 ho-

456 1759 570 1802 stes
635 1749 778 1801 vires
838 1746 1229 1816 suppeditans,
1287 1745 1423 1798 tales
1478 1755 1766 1812 tantosque
1827 1742 1920 1812 qui
1983 1748 2039 1795 et

456 1855 674 1893 onmem
705 1854 992 1892 numerum
1029 1845 1382 1907 exsuperant,
1414 1845 1469 1890 et
1494 1837 1687 1890 bellica
1722 1835 1912 1905 peritia
1950 1835 2038 1888 in-

2139 648 2396 712 κτίςοντι,
2434 645 2529 700 τοῦ
2563 647 2864 716 ἀναστῆλαι
2901 648 2992 700 τὸν
3021 648 3146 701 ναὸν
3174 648 3384 703 τοῦτον.
3425 669 3443 700 ι
3479 651 3616 721 Περὶ
3661 651 3724 704 δὲ

2138 744 2237 812 τῆς
2284 741 2530 802 σπάνεως
2560 739 2671 791 τῶν
2706 739 3045 809 ἐπιτηδείων,
3083 741 3236 809 φησὶ,
3275 740 3348 812 μὴ
3379 741 3719 811 φροντίζετν

2143 832 2301 903 μόνον
2334 831 2445 901 γὰρ
2474 831 2570 901 οὑχ
2601 830 2814 884 ἅπαντα
2849 831 3137 894 συσσείσας
3166 834 3233 885 τὰ
3271 833 3419 903 ἔθνη,
3458 833 3628 889 πολλά
3659 851 3721 887 τε

2139 925 2234 977 καὶ
2265 923 2463 977 πολλοῦ
2493 923 2732 994 γέμοντα
2761 924 3018 991 πλούτου,
3047 927 3132 995 ἐφ’
3169 927 3313 996 ὑμᾶς
3346 926 3521 980 ἐλθεῖν
3549 927 3717 981 ἐάσω.

2141 1017 2307 1084 Λέγει
2333 1015 2391 1068 δὲ
2412 1017 2538 1078 τοὺς
2572 1017 2699 1086 περὶ
2727 1017 2818 1068 τὸν
2848 1015 3000 1085 Γὼγ,
3043 1012 3118 1070 ὧν
3144 1018 3480 1088 ἐληλυθότων
3501 1019 3621 1070 τότε
3653 1019 3720 1088 δὴ

2142 1108 2242 1176 τῆς
2288 1105 2446 1176 δόξης
2497 1105 2592 1158 τοῦ
2643 1104 2794 1158 οἴκου
2841 1105 3031 1158 τούτου
3084 1106 3146 1159 τὸ
3203 1106 3434 1176 μέγεθος
3489 1107 3722 1174 ἐκφανὲς

2141 1200 2353 1270 ποιήσω
2393 1198 2480 1251 διὰ
2513 1199 2613 1268 τῆς
2638 1199 2964 1270 κηδεμονίας
3004 1199 3104 1268 τῆς
3143 1199 3282 1268 ἐμῆς
3307 1215 3322 1228 ο
3364 1198 3458 1251 καὶ
3490 1198 3598 1267 γὰρ
3625 1201 3722 1250 καὶ

2141 1291 2202 1344 τὸ
2231 1290 2493 1360 ἀργύριον
2521 1288 2582 1341 τὸ
2605 1290 2806 1360 προσὸν
2838 1289 3087 1357 ἐκείνοις,
3125 1291 3202 1360 (p.
3223 1290 3350 1360 425)
3377 1290 3471 1343 καὶ
3498 1291 3559 1342 τὸ
3583 1308 3719 1362 χρυ-

2144 1382 2289 1448 σίον,
2322 1379 2418 1434 καί¹
2465 1380 2644 1433 πάντα
2686 1381 2750 1452 δὴ
2801 1381 3082 1451 συντόμως
3128 1384 3303 1435 εἰπεῖν
3335 1381 3404 1434 τὰ
3449 1383 3720 1452 προσόντα

2143 1471 2370 1534 ἐκείνοις
2395 1470 2531 1541 ἐμά’
2565 1469 2658 1522 ἅτε
2680 1469 2744 1540 δὴ
2773 1469 2946 1522 πάντα
2967 1469 3098 1522 ὄντα
3130 1469 3268 1539 ἐμά·
3298 1470 3422 1522 ἐπεὶ
3450 1471 3542 1523 καὶ
3572 1471 3722 1523 πᾶσα

2143 1561 2302 1631 ἔργον
2348 1561 2381 1631 ή
2426 1559 2603 1621 κτίσις
2643 1559 2808 1628 ἐμόν·
2853 1559 2997 1629 ειπερ
3045 1555 3138 1612 οὖν
3183 1559 3418 1628 ἀφελὼν,
3456 1562 3534 1623 εἰς
3577 1561 3723 1630 ὑμᾶς

2146 1652 2490 1719 μεταστήσω,
2520 1649 2621 1701 οὑκ
2654 1647 2854 1701 ἀδικῶν
2891 1650 3018 1709 τοὺς
3048 1647 3269 1718 ἔχοντας
3301 1650 3354 1702 οἵ
3382 1667 3446 1718 γε
3475 1645 3619 1721 εἶχον
3650 1651 3722 1703 τὰ

2147 1741 2222 1811 μὴ
2248 1740 2446 1794 αὐτῶνθ
2474 1738 2545 1792 τὰ
2569 1738 2680 1810 ἐμὰ
2703 1738 2759 1791 δέ
2785 1739 3011 1802 εἰκότως
3039 1739 3213 1804 διδοὺς
3239 1743 3352 1804 τοῖς
3382 1743 3554 1812 ἐμοῖς·
3578 1741 3718 1796 ὥστε

2143 1833 2242 1903 τὴν
2283 1833 2406 1885 τότε
2443 1832 2800 1902 δεικνυμένην
2852 1833 2980 1902 περὶ
3021 1831 3112 1885 τὸν
3145 1829 3292 1885 οἷκον
3330 1833 3520 1887 τοῦτον
3565 1833 3720 1898 δόξαν

455 1930 588 1981 victi
625 1938 751 1982 sunt
777 1947 788 1980 :
824 1943 932 1996 quo
959 1928 1047 1980 fiet
1086 1935 1142 1979 ut
1169 1926 1382 1980 cunctis
1413 1927 1586 1994 major
1617 1935 1873 1995 appareat
1905 1940 2042 1996 prae-

2145 1925 2236 1994 ὰφ⁹
2258 1918 2332 1977 ὢν
2354 1924 2777 1995 διαπράττομαι,
2802 1923 3084 2012 δεχόμενός
3109 1942 3170 1978 τε
3193 1925 3346 1995 ὑμῶν
3366 1926 3464 1990 τὰς
3493 1927 3550 1979 ἐν
3574 1926 3723 1995 αὐτῷ

458 2034 606 2081 scus,
652 2033 815 2086 quam
874 2017 1146 2087 praeterita
1200 2018 1389 2086 templi
1439 2018 1601 2086 hujus
1640 2019 1859 2086 gloria:
1913 2019 2044 2087 quia

459 2107 640 2176 majus
669 2108 771 2160 hoc
810 2108 1082 2161 videbitur
1119 2107 1352 2171 facinus,
1387 2123 1550 2178 quam
1585 2107 1741 2176 prius
1774 2106 1908 2161 illud
1941 2108 2045 2162 sub

457 2200 700 2270 Assyriis
730 2200 812 2254 vel
854 2199 1185 2270 quibusdam
1239 2199 1400 2252 aliis:
1439 2206 1725 2268 propterea
1756 2199 1901 2268 quod
1933 2213 2045 2253 non

457 2289 806 2342 multitudine
844 2298 1082 2353 tantum,
1108 2290 1200 2344 sed
1233 2291 1417 2360 vigore
1448 2290 1611 2343 etiam
1650 2297 1813 2358 atque
1846 2289 2044 2360 peritia

458 2389 764 2447 praesentes
802 2379 988 2432 hostes
1024 2378 1220 2448 priscis
1252 2379 1604 2434 antecellant.
1631 2379 1843 2444 Quibus
1865 2378 2047 2432 omni-

461 2470 563 2524 bus
585 2472 789 2525 virtute
820 2486 939 2524 mea
972 2471 1299 2524 mirabiliter
1321 2473 1618 2540 superatis,
1654 2472 1707 2525 in
1733 2471 2048 2526 omnitnoda

461 2576 593 2630 pace
635 2561 852 2623 vivetis,
907 2561 1206 2631 tranquillo
1251 2562 1437 2615 animo
1482 2570 1708 2632 pr0pter
1755 2562 2048 2632 cujuslibet

462 2650 636 2705 hostis
667 2651 1064 2720 depulsionem,
1105 2651 1466 2722 plurimisque
1501 2650 1774 2705 manubiis
1806 2651 1933 2709 inde
1956 2668 2046 2708 re-

459 2743 714 2811 portatis,
765 2757 997 2813 quarum
1051 2743 1210 2813 potiti
1256 2742 1472 2798 facilem
1518 2743 1790 2799 habebitis
1834 2745 2048 2814 copiam

459 2849 558 2905 pro
616 2843 802 2890 vestro
861 2835 1018 2890 libito
1076 2837 1338 2904 templum
1392 2829 1498 2888 hoc
1542 2836 1860 2891 exstruendi
1895 2846 1948 2891 et
1991 2836 2048 2891 in

2143 2015 2380 2085 δεήσεις,
2431 2017 2529 2068 καὶ
2571 2015 2824 2088 παρέχων
2865 2017 2994 2086 ὑμῖν
3029 2016 3090 2068 τὸ
3138 2017 3276 2069 κατὰ
3303 2016 3410 2068 τῶν
3449 2017 3724 2088 πολεμίων

2144 2108 2363 2178 κράτος,
2389 2107 2660 2160 τοσούτων
2685 2125 2744 2161 τε
2765 2107 2934 2161 ὄντων
2961 2109 3052 2160 καὶ
3087 2107 3361 2173 τοιούτων,
3386 2107 3464 2172 ὡς
3491 2108 3723 2179 ἀριθμὸν

2146 2198 2245 2268 μὲν
2269 2197 2468 2260 αὐτοὺς
2494 2196 2572 2267 τῷ
2599 2196 2791 2263 πλήθει
2820 2199 2996 2269 νικᾷν,
3019 2200 3476 2272 ἀκαταμαχήτους
3497 2201 3553 2254 δέ
3586 2198 3723 2254 εἶναι

2143 2288 2231 2342 διὰ
2259 2288 2489 2359 δύναμίν
2534 2306 2594 2342 τε
2625 2290 2720 2344 καὶ
2752 2291 3057 2362 πολεμικὴν
3088 2293 3382 2364 ἐμπειρίαν
3402 2310 3416 2323 ·
3445 2297 3556 2358 τοῖς
3590 2297 3725 2348 πᾶσι

2144 2379 2320 2433 δοκεῖν
2368 2381 2592 2450 μείζονα
2637 2383 2924 2451 φαίνεσθαι
2969 2383 3069 2454 τῆς
3108 2384 3238 2436 ποτέ
3282 2385 3409 2456 περὶ
3445 2385 3535 2438 τὸν
3573 2381 3721 2438 οἰκον

2145 2471 2333 2526 τοῦτον
2368 2475 2628 2545 φανείσης
2659 2475 2852 2546 δόξης·
2880 2477 2977 2531 ἆτε
3011 2479 3106 2530 καὶ
3138 2477 3231 2531 τοῦ
3270 2477 3434 2550 ἔργου
3479 2477 3721 2550 μείζονος

2145 2565 2298 2629 όντος
2324 2566 2356 2636 ἢ
2388 2568 2655 2640 πρότερον
2686 2570 2776 2622 ἐπί
2805 2587 2866 2622 τε
2891 2569 2999 2622 τῶν
3040 2571 3415 2643 Ἀσσυρίων,ἢ
3447 2571 3540 2625 καί
3564 2589 3725 2625 τινων

2147 2657 2350 2728 ἐτέρων
2382 2658 2626 2726 ἐγένετοο
2659 2659 2752 2712 διὰ
2783 2661 2845 2713 τὸ
2884 2662 2947 2715 οὐ
2988 2661 3180 2732 πλήθει
3216 2663 3408 2733 μόνον,
3453 2663 3590 2717 ἀλλὰ
3630 2665 3724 2716 καὶ

2147 2747 2376 2819 δυνάμει
2412 2751 2506 2803 καὶ
2537 2752 2802 2822 ἐμπειρίᾳ
2829 2753 3098 2824 πολεμικῇ
3139 2755 3266 2818 τοὺς
3286 2753 3382 2808 νῦν
3407 2738 3725 2826 ὑπεραίρειν

2147 2838 2256 2892 τῶν
2283 2841 2451 2895 πάλαι
2471 2856 2483 2870 ⁸
2510 2836 2584 2896 ὧν
2613 2843 2676 2915 δὴ
2701 2845 2915 2897 πάντων
2935 2848 3002 2916 τῇ
3030 2848 3136 2917 ἐμῇ
3159 2845 3387 2915 δυνάμει
3410 2847 3724 2917 παραδόξως

460 2926 632 2978 altum
685 2926 998 2990 attollendi,
1051 2934 1108 2979 ιιι
1132 2925 1304 2980 decus
1345 2940 1506 2979 suum
1559 2925 1777 2988 habeat,
1828 2936 2042 2996 propter

2153 2934 2572 3003 περιγεγονότες
2602 2937 2660 2988 ἐν
2681 2938 2873 3010 εἰρήνῃ
2900 2938 3154 2991 παντελεῖ
3177 2939 3497 3010 γενήσεσθε,
3528 2938 3726 3011 ἀθόρυι

459 3033 555 3072 eos
584 3019 676 3087 qui
721 3020 916 3073 orandi
967 3028 1023 3074 et
1067 3019 1276 3072 cultum
1308 3017 1602 3072 exhibendi
1631 3033 1799 3074 causa
1848 3033 2042 3075 conve-

2151 3021 2236 3075 σοί
2263 3041 2321 3076 τε
2357 3028 2479 3090 ταῖς
2515 3026 2712 3096 ψυχαῖς
2739 3028 3084 3100 διαμένοντες
3114 3029 3205 3084 διὰ
3231 3032 3293 3084 τὸ
3322 3032 3520 3097 παντὸς
3546 3031 3722 3103 ἀπηλ-

462 3109 634 3163 nieut.
2150 3113 2346 3184 λάχθαι
2376 3116 2664 3187 πολεμίου,
2695 3121 2790 3171 καὶ
2819 3119 3048 3174 πλεῖστα
3074 3123 3172 3176 ὅσα
3205 3125 3269 3176 ἐκ
3297 3122 3405 3176 τῶν
3430 3126 3540 3187 τοῖς
3567 3122 3726 3176 πόλει

467 3201 611 3271 μίοις
649 3200 960 3272 προσόντων
990 3199 1207 3272 λάφυρα
1252 3200 1684 3268 συναγαγόντεςο
1718 3201 1754 3254 ὃ.
1793 3205 2245 3276 περιποιήσαντες
2282 3208 2529 3275 ἐαυτοῖς,
2561 3208 2780 3264 εὔκολον
2812 3212 2961 3276 ἕξετε
2995 3213 3343 3285 βουληθέντες
3373 3215 3469 3286 τὴν
3497 3214 3726 3286 δύναμιν

460 3294 554 3348 τοῦ
581 3295 671 3348 τὸν
693 3294 818 3346 ναὸν
847 3292 1032 3346 τοῦτον
1068 3294 1472 3346 κατασκευάσαι
1503 3311 1562 3346 τε
1593 3293 1687 3348 καὶ
1715 3295 2017 3366 ἀνεγεῖραι,
2041 3295 2118 3360 ὡς
2143 3296 2210 3350 ἂν
2233 3299 2331 3369 τὴν
2355 3300 2560 3354 οἰκείαν
2585 3303 2920 3374 εὐπρέπειαν
2940 3304 3072 3375 ἔχοι,
3089 3307 3187 3378 τῆς
3209 3308 3317 3360 τῶν
3343 3310 3401 3361 ἐν
3423 3308 3570 3380 αὐτῷ
3596 3325 3724 3363 συν-

469 3393 656 3448 ιόντων
691 3392 874 3443 ’ἐνεκεν
909 3390 1072 3460 εὐχῆς
1105 3407 1165 3442 τε
1197 3391 1290 3442 καὶ
1317 3389 1633 3462 θεραπείας.

534 3500 699 3554 Vens.
728 3500 911 3554 11-15.
931 3530 1000 3540 —
1018 3499 1135 3553 Jam
1169 3512 1457 3570 postquam
1493 3502 1767 3572 pradictis
1787 3503 2042 3560 omnibus

2223 3505 2369 3576 Στίχ.
2403 3513 2584 3562 ια’-ιε’.
2605 3539 2674 3548 -
2691 3510 2765 3581 (p.
2782 3509 2910 3582 424)
2929 3512 3024 3566 Διὰ
3041 3512 3104 3584 δὴ
3124 3514 3339 3568 πάντων
3357 3515 3460 3568 τῶν
3482 3518 3726 3589 προειληο

463 3593 598 3649 satis
622 3607 718 3646 eos
736 3592 1060 3646 adhortatus
1077 3602 1180 3654 est,
1209 3603 1371 3662 atque
1395 3593 1463 3646 ad
1483 3609 1705 3664 operam
1737 3594 2042 3650 aediﬁcandi

2149 3595 2328 3664 φότων
2359 3599 2672 3669 ἀρκούντως
2705 3603 2901 3666 αὐτοὺς
2927 3605 3374 3677 προτρεψάμενός
3402 3625 3459 3659 τε
3501 3611 3593 3662 καὶ
3629 3629 3718 3662 παι

464 3684 696 3754 impulit,
734 3684 1198 3754 promissionibus
1225 3686 1388 3739 etiam
1434 3687 1487 3739 in
1519 3703 1669 3756 spem
1700 3689 1898 3752 erexit,
1931 3687 2047 3742 fore

464 3784 524 3830 ut
550 3776 718 3830 multa
753 3776 1012 3832 beatitate
1051 3774 1306 3830 fruantur
1347 3777 1475 3832 facti
1512 3779 1762 3835 hostibus
1799 3781 2048 3849 superio-

462 3881 572 3930 res,
600 3875 654 3920 et
688 3867 832 3936 quod
857 3869 1042 3922 omnia
1078 3868 1143 3922 ad
1187 3869 1373 3938 templi
1402 3868 1821 3924 :edificationetn
1851 3871 2047 3926 idonea

464 3959 703 4012 habituri
743 3957 946 4010 aﬂatim
976 3959 1107 4013 sint.
1148 3958 1416 4013 Caeterum
1450 3967 1598 4016 recte
1634 3962 1756 4016 illos
1791 3963 2048 4032 posthinc

466 4049 711 4101 victuros
751 4047 982 4116 putavit,
1015 4058 1070 4102 et
1112 4049 1166 4102 in
1210 4049 1438 4118 reliquis
1471 4063 1762 4108 curaturos
1797 4061 2049 4122 peccato-

464 4154 584 4192 rum
649 4153 872 4192 suorum
938 4139 1400 4194 emendationem.
1468 4140 1559 4196 Sic
1628 4155 1808 4198 autem
1871 4145 2043 4200 dicit:

471 4249 490 4281 ι
517 4231 720 4296 Quarta
745 4238 795 4284 et
819 4230 1075 4286 vicesima
1099 4233 1305 4288 mensis
1332 4234 1485 4298 noni,
1512 4251 1657 4289 anno
1683 4239 1927 4293 secundo
1943 4238 2047 4294 sub

468 4320 652 4384 Dario,
696 4319 874 4374 factus
909 4328 994 4375 est
1044 4337 1226 4376 sermo
1260 4322 1476 4378 Domini
1513 4327 1579 4380 ad
1612 4327 1868 4398 Aggmum
1918 4346 2048 4400 pro-

467 4410 685 4485 phetatn
715 4411 944 4467 dicens:
993 4414 1118 4468 lla3c
1165 4417 1301 4470 dicit
1346 4417 1611 4474 Dominus
1656 4422 2042 4492 omnipotens:

471 4505 754 4574 Interroga
788 4521 932 4559 nunc
979 4507 1293 4563 sacerdotes
1344 4510 1513 4579 legem
1548 4511 1774 4567 dicens:
1809 4511 1863 4568 Si
1897 4529 2048 4567 sum-

467 4592 634 4663 pserit
692 4595 855 4650 homo
885 4611 1104 4652 carnem
1147 4608 1393 4654 sanctam
1426 4601 1479 4654 in
1526 4604 1843 4659 summitate
1883 4606 2047 4660 vesti-

467 4687 634 4739 menti
660 4686 765 4750 sui,
794 4697 846 4741 et
878 4689 1114 4758 tetigerit
1142 4693 1435 4747 summitas
1466 4695 1775 4749 vestimenti
1800 4693 1919 4762 ejus
1950 4710 2044 4765 pa-

400 4827 402 4830 ,
466 4792 587 4830 nem
611 4788 700 4830 aut
722 4792 832 4830 rem
850 4790 1056 4832 coctam
1077 4782 1370 4836 autvinum
1396 4791 1490 4836 aut
1510 4785 1710 4849 oleum,
1742 4795 1836 4839 aut
1859 4802 2046 4856 quem-

467 4867 594 4920 libet
623 4867 826 4930 cibum,
859 4883 988 4922 num
1022 4871 1486 4927 sanctificabitur?
1513 4873 2044 4947 Responderuntque

467 4956 780 5012 sacerdotes
807 4966 862 5013 et
890 4959 1144 5015 dixerunt
1185 4962 1593 5033 :Nequaquam.
1646 4966 1900 5036 Dixitque
1938 4969 2048 5038 Ag-

465 5065 656 5118 ga'us:
696 5047 752 5102 Si
789 5050 1023 5119 tetigerit
1047 5052 1228 5106 animo
1271 5057 1508 5124 pollutus
1546 5058 1614 5113 de
1642 5059 1900 5114 omnibus
1937 5061 2042 5124 his,

465 5155 596 5195 num
621 5141 1121 5196 contaminabitur?
1139 5141 1668 5218 Responderuntque
1693 5153 2041 5208 sacerdotes:

465 5230 957 5286 Contaminabitur.
987 5233 1395 5307 ilesponditque
1412 5239 1661 5309 Aggaeus,
1681 5251 1734 5296 et
1754 5245 1890 5298 dixit
1917 5264 1930 5299 :
1955 5245 2047 5300 Sic

466 5323 698 5392 populus
732 5324 854 5384 iste.
878 5333 932 5380 et
961 5326 1041 5380 sic
1063 5342 1194 5398 gens
1213 5328 1326 5384 haec
1349 5345 1532 5385 coram
1562 5348 1667 5395 me,
1702 5334 1836 5388 dicit
1865 5335 2047 5392 Domi-

466 5429 603 5480 nus;
638 5423 692 5469 ει
713 5415 878 5485 280
902 5419 981 5473 sic
1019 5420 1200 5472 omnia
1230 5436 1394 5491 opera
1431 5439 1688 5478 manuum
1728 5441 1917 5482 eorum
1948 5447 1964 5484 :
1994 5439 2048 5487 et

465 5505 777 5574 quicunque
798 5512 1312 5581 appropinquaverit
1334 5514 1486 5578 illuc,
1509 5521 1992 5577 contaminabitur.
2021 5543 2038 5576 ι

468 5591 596 5652 Vult
616 5594 738 5651 illos
757 5599 1175 5667 reprehendere,
1203 5604 1295 5673 qui
1318 5618 1475 5660 sacra
1495 5621 1642 5672 vasa,
1661 5618 1714 5663 et
1732 5610 1942 5681 reliqua
1962 5612 2045 5667 di-

702 5767 1056 5865 lita-Graecus
1105 5765 1312 5865 textus:
1341 5788 1522 5865 fliam
1546 5786 1879 5865 Vaticanus,
1920 5809 2046 5852 cum
2079 5795 2333 5858 Arabico.
2371 5801 2476 5860 Sed
2508 5806 2705 5864 melius
2744 5808 2796 5865 in

467 5845 687 5919 “ligato
711 5844 966 5905 dicuntur
997 5854 1354 5913 contaminari
1378 5859 1557 5915 omnia
1583 5859 1693 5916 illic
1720 5844 1921 5919 oblata.

2153 3691 2440 3761 ρορμήσας
2465 3693 2558 3744 ἐπὶ
2577 3692 2637 3744 τὸ
2665 3693 2826 3764 ἔργον
2846 3695 2943 3766 τῆς
2960 3697 3252 3768 οἰκοδομῆς
3268 3739 3282 3759 ,
3303 3700 3395 3752 καὶ
3415 3699 3478 3772 δὴ
3501 3703 3591 3754 καὶ
3606 3707 3727 3768 ταῖς

2149 3781 2500 3848 ἐπαγγελίαις
2525 3784 2810 3849 εὐέλπιδας
2833 3790 3082 3860 ποιήσας,
3107 3790 3187 3843 ὅτι
3216 3791 3416 3863 πολλῆς
3442 3795 3732 3865 μεθέξουσι

2148 3873 2247 3943 τῆς
2301 3874 2562 3946 εὐπορίας
2603 3882 3008 3950 κεκρατηκότες
3060 3881 3168 3935 τῶν
3209 3885 3507 3956 πολεμίων,
3539 3889 3614 3952 ὡς
3659 3890 3729 3943 ἂν

2149 3963 2365 4018 ἅπαντα
2400 3969 2536 4037 πρός
2566 3986 2624 4020 τε
2668 3970 2763 4040 τὴν
2792 3972 3079 4043 οἰκοδομὴν
3111 3976 3205 4029 τοῦ
3236 3977 3366 4030 ναοῦ
3398 3981 3490 4033 καὶ
3523 3982 3654 4054 πρὸς
3697 3985 3726 4037 ὅ

2148 4073 2202 4109 τι
2227 4056 2291 4109 ἂν
2321 4057 2553 4112 ἐθέλοιεν
2577 4060 2783 4130 ἄφθονα
2809 4063 3002 4133 ἔχοιεν.
3030 4066 3135 4118 Τοῦ
3163 4066 3348 4123 λοιποῦ
3377 4071 3556 4133 καλῶς
3581 4073 3726 4144 ἔχειν

2150 4150 2395 4219 ήγήσατο
2424 4151 2516 4203 καὶ
2542 4152 2640 4223 τὴν
2681 4155 2742 4206 ἐν
2782 4156 2988 4226 ἑτέροις
3024 4158 3307 4228 διόρθωσιν
3347 4163 3530 4228 αὐτοῖς
3559 4183 3724 4235 προσ-

2149 4245 2375 4310 αγαγεῖν
2409 4245 2465 4295 ἐν
2499 4239 2694 4315 οἷσπερ
2727 4249 3057 4317 ἡμάρτανον.
3094 4251 3257 4320 Λέγει
3287 4253 3344 4307 δέ
3372 4255 3563 4319 οὕτως·
3592 4278 3609 4310 ι
3643 4260 3724 4332 Τῇ

2147 4334 2362 4405 τετράδι
2395 4335 2490 4387 καὶ
2527 4336 2700 4389 εἰκάδι
2726 4337 2818 4390 τοῦ
2848 4339 3037 4392 ἐνάτου
3068 4343 3257 4413 μηνὸς,
3291 4345 3444 4410 ἔτους
3469 4347 3724 4416 δευτέρου

2149 4426 2242 4477 ἐπὶ⁸
2279 4426 2534 4496 Δαρείου,
2579 4426 2796 4494 ἐγένετο
2830 4429 2985 4499 λόγος
3032 4435 3237 4503 Κυρίου
3282 4439 3417 4508 πρὸς
3473 4440 3725 4509 ’Λγγαῖον

2148 4517 2237 4571 τὸν
2277 4519 2561 4589 προφήτην
2591 4517 2793 4586 λέγων’
2833 4522 2970 4575 Τάδε
2999 4523 3148 4592 λέγει
3184 4529 3388 4600 Κύριος
3417 4537 3724 4607 παντοκρά-

2147 4611 2279 4678 τώρο
2336 4608 2713 4679 Ἐπερώτησον
2745 4613 2871 4676 τοὺς
2913 4616 3076 4687 ἱερεῖς
3124 4619 3288 4690 νόμον
3334 4621 3535 4691 λέγων’
3598 4625 3723 4682 Ἐὰν

2148 4698 2287 4771 λάϐῃ
2311 4699 2596 4771 ἄνθρωπος
2623 4702 2788 4770 κρέας
2816 4705 2971 4773 ἅγιον
3005 4709 3064 4760 ἐν
3092 4709 3168 4780 τῷ
3202 4711 3355 4783 ἄκρῳ
3381 4714 3472 4768 τοῦ
3508 4717 3722 4786 ἱματίου

2149 4789 2336 4882 αὐτοῦ,
2359 4791 2452 4843 καὶ
2481 4790 2683 4862 ἅψηται
2706 4795 2766 4847 τὸ
2786 4797 2952 4867 ἄκρον
2980 4799 3074 4852 τοῦ
3113 4803 3325 4871 ίματίου
3361 4807 3526 4862 αὑτοῦ
3555 4809 3721 4882 ἄρτου

2147 4880 2179 4950 ἦ
2222 4881 2499 4952 ἑψήματος
2527 4885 2558 4954 ἢ
2589 4886 2733 4938 οἴνου
2778 4888 2811 4958 ἢ
2849 4889 3027 4944 ἐλαίου
3057 4894 3150 4947 καὶ
3176 4897 3376 4961 παντὸς
3413 4880 3719 4972 βρώματος.

2147 4973 2195 5023 εἰ
2231 4973 2656 5044 ἁγιασθήσεται;
2687 4979 2796 5032 Καὶ
2825 4982 3205 5057 ἀπεκρίθησαν
3232 4990 3281 5041 οί
3315 4992 3496 5061 ἱερεῖς,
3537 4996 3630 5048 καὶ
3654 4990 3728 5048 εἷ-

2148 5081 2267 5118 πονο
2315 5067 2495 5164 Coxis
2523 5071 2633 5164 Kal.
2664 5071 2818 5128 εἶπεν
2873 5079 3152 5147 Ἀγγαῖος·
3214 5084 3340 5138 Ἐὰν
3379 5087 3582 5160 ἅψηται
3624 5110 3720 5164 με-

2150 5161 2573 5256 μιασμένοςέπὶ
2595 5163 2740 5237 ψυχῇ
2775 5169 2883 5221 ἀπὸ
2914 5171 3132 5227 πάντων
3155 5176 3379 5242 τούτων,
3414 5181 3463 5232 εἰ
3495 5161 3721 5256 μιανθή-

2149 5265 2334 5314 σεται;
2372 5253 2478 5304 Kal
2521 5255 2894 5329 ἀπεκρίθησαν
2935 5264 2982 5314 oi
3021 5264 3184 5333 ίερεῖς
3222 5270 3316 5321 καὶ
3354 5266 3528 5325 eia-tow
3562 5253 3732 5329 Mtav-

2145 5343 2386 5433 θήσεται.
2418 5347 2528 5400 Καὶ
2551 5350 2822 5423 ἀπεκρίθη
2863 5355 3237 5425 ’Λγγαῖος,καὶ
3259 5361 3412 5418 εἶπεν
3430 5383 3442 5396 ο
3487 5367 3673 5433 Οὕτως
3700 5374 3724 5424 ἐ

2143 5433 2269 5498 λαὸς
2302 5430 2474 5501 οὗτος,
2515 5440 2608 5492 καὶ
2637 5442 2808 5507 οὕτως
2834 5445 2894 5498 τὸ
2921 5447 3073 5513 ἔθνος
3114 5452 3272 5507 τοῦτο
3303 5455 3534 5512 ἐνώπιον
3562 5460 3722 5531 ἐμοῦ,

2143 5525 2306 5625 λέγειζ
2329 5529 2538 5625 Κύριος
2553 5548 2565 5560 ·
2606 5535 2699 5625 καί
2719 5536 2890 5602 οὕτως
2919 5541 3097 5595 πάντα
3123 5543 3192 5596 τὰ
3218 5545 3354 5616 ἔργα
3384 5550 3492 5602 τῶν
3524 5525 3721 5625 χείρών

2143 5618 2308 5672 αὐτοῦ
2330 5634 2343 5648 ·
2388 5623 2481 5674 καὶ
2516 5622 2574 5685 ὃς
2613 5623 2708 5678 ἐὰν
2733 5627 2924 5700 ἐγγίσῃ
2957 5632 3075 5684 ἐκεῖ
3105 5632 3239 5705 (56),
3289 5618 3663 5711 μιανθὴσεται.
3699 5663 3714 5692 ι

2857 5811 3161 5886 Hebraico,
3196 5815 3332 5890 Syro
3385 5828 3548 5892 atque
3595 5819 3717 5883 Lata

3097 5994 3126 6002 -ο
