  <div class='ocr_page' id='page_1' title='image "/cluster/home/n/w/nwhite01/storage/ocr_20150623/66/coo.31924054869676/252.png"; bbox 0 0 2059 3240; ppageno 0'>
   <div class='ocr_carea' id='block_1_1' title="bbox 11 3213 75 3228">
    <p class='ocr_par' dir='ltr' id='par_1_1' title="bbox 11 3213 75 3228">
     <span class='ocr_line' id='line_1_1' title="bbox 11 3213 75 3228; baseline 0.031 -8"><span class='ocrx_word' id='word_1_1' title='bbox 11 3213 75 3228; x_wconf 63' lang='grc' dir='ltr'><strong>-ννι,</strong></span> 
     </span>
    </p>
   </div>
   <div class='ocr_carea' id='block_1_2' title="bbox 152 167 216 197">
    <p class='ocr_par' dir='ltr' id='par_1_2' title="bbox 152 167 216 197">
     <span class='ocr_line' id='line_1_2' title="bbox 152 167 216 197; baseline 0 0"><span class='ocrx_word' id='word_1_2' title='bbox 152 167 216 197; x_wconf 67' lang='grc'><strong>489</strong></span> 
     </span>
    </p>
   </div>
   <div class='ocr_carea' id='block_1_3' title="bbox 699 163 1806 204">
    <p class='ocr_par' dir='ltr' id='par_1_3' title="bbox 699 163 1806 204">
     <span class='ocr_line' id='line_1_3' title="bbox 699 163 1806 204; baseline -0.005 -5"><span class='ocrx_word' id='word_1_3' title='bbox 699 164 975 199; x_wconf 63' lang='lat' dir='ltr'><strong>COMMENTARIUS</strong></span> <span class='ocrx_word' id='word_1_4' title='bbox 996 168 1028 196; x_wconf 78' lang='lat' dir='ltr'><strong>IN</strong></span> <span class='ocrx_word' id='word_1_5' title='bbox 1055 163 1166 197; x_wconf 58' lang='lat' dir='ltr'><strong>ACCAE]</strong></span> <span class='ocrx_word' id='word_1_6' title='bbox 1184 164 1261 197; x_wconf 74' lang='lat' dir='ltr'><strong>CAP.</strong></span> <span class='ocrx_word' id='word_1_7' title='bbox 1291 169 1322 196; x_wconf 88' lang='grc'><strong>11.</strong></span> <span class='ocrx_word' id='word_1_8' title='bbox 1753 170 1806 204; x_wconf 65' lang='grc' dir='ltr'><strong>ωο</strong></span> 
     </span>
    </p>
   </div>
   <div class='ocr_carea' id='block_1_4' title="bbox 151 228 953 266">
    <p class='ocr_par' dir='ltr' id='par_1_4' title="bbox 151 229 953 266">
     <span class='ocr_line' id='line_1_4' title="bbox 151 229 953 266; baseline 0 -10"><span class='ocrx_word' id='word_1_9' title='bbox 151 229 295 257; x_wconf 78' lang='grc' dir='ltr'>Βούλεται</span> <span class='ocrx_word' id='word_1_10' title='bbox 315 230 365 266; x_wconf 75' lang='grc' dir='ltr'>μὲν</span> <span class='ocrx_word' id='word_1_11' title='bbox 382 230 481 263; x_wconf 75' lang='grc' dir='ltr'>αὐτοὺς</span> <span class='ocrx_word' id='word_1_12' title='bbox 503 230 625 266; x_wconf 73' lang='grc' dir='ltr'><strong>ἐλέγχειν</strong></span> <span class='ocrx_word' id='word_1_13' title='bbox 646 231 683 262; x_wconf 83' lang='grc' dir='ltr'>ὼς</span> <span class='ocrx_word' id='word_1_14' title='bbox 698 230 753 257; x_wconf 83' lang='grc' dir='ltr'><strong>τῶν</strong></span> <span class='ocrx_word' id='word_1_15' title='bbox 776 230 881 257; x_wconf 90' lang='grc' dir='ltr'>σκευῶν</span> <span class='ocrx_word' id='word_1_16' title='bbox 903 229 953 256; x_wconf 76' lang='grc' dir='ltr'><strong>τῶι</strong></span> 
     </span>
    </p>
   </div>
   <div class='ocr_carea' id='block_1_5' title="bbox 1006 228 1807 266">
    <p class='ocr_par' dir='ltr' id='par_1_5' title="bbox 1011 228 1807 266">
     <span class='ocr_line' id='line_1_5' title="bbox 1011 228 1807 266; baseline 0.005 -11"><span class='ocrx_word' id='word_1_17' title='bbox 1011 229 1075 257; x_wconf 89' lang='lat' dir='ltr'><strong>vino</strong></span> <span class='ocrx_word' id='word_1_18' title='bbox 1085 231 1169 257; x_wconf 86' lang='lat' dir='ltr'><strong>cultui</strong></span> <span class='ocrx_word' id='word_1_19' title='bbox 1182 230 1303 264; x_wconf 78' lang='lat' dir='ltr'><strong>congrua</strong></span> <span class='ocrx_word' id='word_1_20' title='bbox 1317 229 1485 265; x_wconf 75' lang='lat' dir='ltr'><strong>negligenter</strong></span> <span class='ocrx_word' id='word_1_21' title='bbox 1495 228 1734 266; x_wconf 83' lang='lat' dir='ltr'><strong>inditTerenterque</strong></span> <span class='ocrx_word' id='word_1_22' title='bbox 1746 236 1807 259; x_wconf 70' lang='lat' dir='ltr'><strong>tan-</strong></span> 
     </span>
    </p>
   </div>
   <div class='ocr_carea' id='block_1_6' title="bbox 152 276 960 312">
    <p class='ocr_par' dir='ltr' id='par_1_6' title="bbox 152 276 960 312">
     <span class='ocr_line' id='line_1_6' title="bbox 152 276 960 312; baseline 0 -10"><span class='ocrx_word' id='word_1_23' title='bbox 152 276 324 311; x_wconf 73' lang='grc' dir='ltr'>ιερατικῶν,</span> <span class='ocrx_word' id='word_1_24' title='bbox 337 276 386 303; x_wconf 75' lang='grc' dir='ltr'>καὶ</span> <span class='ocrx_word' id='word_1_25' title='bbox 397 276 453 303; x_wconf 87' lang='grc' dir='ltr'><strong>τῶν</strong></span> <span class='ocrx_word' id='word_1_26' title='bbox 466 276 568 303; x_wconf 86' lang='grc' dir='ltr'>λοιπῶν</span> <span class='ocrx_word' id='word_1_27' title='bbox 579 276 611 312; x_wconf 84' lang='grc' dir='ltr'><strong>δὴ</strong></span> <span class='ocrx_word' id='word_1_28' title='bbox 624 276 678 303; x_wconf 87' lang='grc' dir='ltr'><strong>τῶν</strong></span> <span class='ocrx_word' id='word_1_29' title='bbox 688 278 722 312; x_wconf 80' lang='grc' dir='ltr'>τῇ</span> <span class='ocrx_word' id='word_1_30' title='bbox 734 276 781 303; x_wconf 81' lang='grc' dir='ltr'>τοῦ</span> <span class='ocrx_word' id='word_1_31' title='bbox 794 276 866 303; x_wconf 81' lang='grc' dir='ltr'>θείου</span> <span class='ocrx_word' id='word_1_32' title='bbox 879 276 960 311; x_wconf 84' lang='grc' dir='ltr'>θερα-</span> 
     </span>
    </p>
   </div>
   <div class='ocr_carea' id='block_1_7' title="bbox 151 321 960 358">
    <p class='ocr_par' dir='ltr' id='par_1_7' title="bbox 151 321 960 358">
     <span class='ocr_line' id='line_1_7' title="bbox 151 321 960 358; baseline -0.001 -10"><span class='ocrx_word' id='word_1_33' title='bbox 151 322 228 358; x_wconf 73' lang='grc' dir='ltr'>πείᾳ</span> <span class='ocrx_word' id='word_1_34' title='bbox 241 322 438 358; x_wconf 80' lang='grc' dir='ltr'><strong>προσηκόντων</strong></span> <span class='ocrx_word' id='word_1_35' title='bbox 449 323 559 358; x_wconf 81' lang='grc' dir='ltr'><strong>ἀμελῶς</strong></span> <span class='ocrx_word' id='word_1_36' title='bbox 574 322 621 349; x_wconf 73' lang='grc' dir='ltr'>καὶ</span> <span class='ocrx_word' id='word_1_37' title='bbox 635 323 788 358; x_wconf 78' lang='grc' dir='ltr'>προχείρως</span> <span class='ocrx_word' id='word_1_38' title='bbox 803 321 960 356; x_wconf 76' lang='grc' dir='ltr'>ἐφαπτομέ-</span> 
     </span>
    </p>
   </div>
   <div class='ocr_carea' id='block_1_8' title="bbox 152 367 958 404">
    <p class='ocr_par' dir='ltr' id='par_1_8' title="bbox 152 367 958 404">
     <span class='ocr_line' id='line_1_8' title="bbox 152 367 958 404; baseline -0.001 -9"><span class='ocrx_word' id='word_1_39' title='bbox 152 377 236 402; x_wconf 81' lang='grc' dir='ltr'>νους,</span> <span class='ocrx_word' id='word_1_40' title='bbox 254 370 303 395; x_wconf 79' lang='grc' dir='ltr'>καὶ</span> <span class='ocrx_word' id='word_1_41' title='bbox 317 369 348 395; x_wconf 90' lang='grc' dir='ltr'><strong>οὺ</strong></span> <span class='ocrx_word' id='word_1_42' title='bbox 367 369 436 404; x_wconf 83' lang='grc' dir='ltr'><strong>μετά</strong></span> <span class='ocrx_word' id='word_1_43' title='bbox 449 369 497 396; x_wconf 81' lang='grc' dir='ltr'>τοῦ</span> <span class='ocrx_word' id='word_1_44' title='bbox 515 370 702 404; x_wconf 81' lang='grc' dir='ltr'>προσήκοντος</span> <span class='ocrx_word' id='word_1_45' title='bbox 720 368 813 400; x_wconf 73' lang='grc' dir='ltr'>δέους,</span> <span class='ocrx_word' id='word_1_46' title='bbox 832 369 871 404; x_wconf 87' lang='lat' dir='ltr'><strong>(p.</strong></span> <span class='ocrx_word' id='word_1_47' title='bbox 896 367 958 403; x_wconf 66' lang='lat'><strong>4‘25)</strong></span> 
     </span>
    </p>
   </div>
   <div class='ocr_carea' id='block_1_9' title="bbox 152 412 958 457">
    <p class='ocr_par' dir='ltr' id='par_1_9' title="bbox 152 412 958 457">
     <span class='ocr_line' id='line_1_9' title="bbox 152 412 958 457; baseline -0.001 -16"><span class='ocrx_word' id='word_1_48' title='bbox 152 414 233 451; x_wconf 70' lang='grc' dir='ltr'>ὑπὲρ</span> <span class='ocrx_word' id='word_1_49' title='bbox 251 412 284 442; x_wconf 67' lang='grc' dir='ltr'>οὗ</span> <span class='ocrx_word' id='word_1_50' title='bbox 297 414 330 450; x_wconf 81' lang='grc' dir='ltr'><strong>δὴ</strong></span> <span class='ocrx_word' id='word_1_51' title='bbox 351 417 407 447; x_wconf 86' lang='grc' dir='ltr'>τοῖς</span> <span class='ocrx_word' id='word_1_52' title='bbox 431 415 532 451; x_wconf 75' lang='grc' dir='ltr'>ἱερεῦσι</span> <span class='ocrx_word' id='word_1_53' title='bbox 550 416 737 457; x_wconf 60' lang='grc' dir='ltr'>προσαγαγεῖν</span> <span class='ocrx_word' id='word_1_54' title='bbox 758 415 808 450; x_wconf 85' lang='grc' dir='ltr'>τὴν</span> <span class='ocrx_word' id='word_1_55' title='bbox 825 414 958 450; x_wconf 73' lang='grc' dir='ltr'><strong>ἐρώτησιν</strong></span> 
     </span>
    </p>
   </div>
   <div class='ocr_carea' id='block_1_10' title="bbox 108 459 958 497">
    <p class='ocr_par' dir='ltr' id='par_1_10' title="bbox 108 459 958 497">
     <span class='ocr_line' id='line_1_10' title="bbox 108 459 958 497; baseline 0 -11"><span class='ocrx_word' id='word_1_56' title='bbox 108 486 114 490; x_wconf 78' lang='grc'><strong>,</strong></span> <span class='ocrx_word' id='word_1_57' title='bbox 151 459 266 496; x_wconf 77' lang='grc' dir='ltr'>ταύτην</span> <span class='ocrx_word' id='word_1_58' title='bbox 281 461 434 496; x_wconf 79' lang='grc' dir='ltr'>προσέταξε</span> <span class='ocrx_word' id='word_1_59' title='bbox 451 461 490 496; x_wconf 83' lang='grc' dir='ltr'>τῷ</span> <span class='ocrx_word' id='word_1_60' title='bbox 512 462 655 497; x_wconf 51' lang='grc' dir='ltr'>προτὴτῃ,</span> <span class='ocrx_word' id='word_1_61' title='bbox 674 462 721 488; x_wconf 79' lang='grc' dir='ltr'>ἆτε</span> <span class='ocrx_word' id='word_1_62' title='bbox 739 461 768 486; x_wconf 83' lang='grc' dir='ltr'><strong>ὲν</strong></span> <span class='ocrx_word' id='word_1_63' title='bbox 791 460 906 491; x_wconf 82' lang='grc' dir='ltr'>ἐκείνοις</span> <span class='ocrx_word' id='word_1_64' title='bbox 929 459 958 486; x_wconf 82' lang='grc' dir='ltr'>ὃν</span> 
     </span>
    </p>
   </div>
   <div class='ocr_carea' id='block_1_11' title="bbox 149 505 959 542">
    <p class='ocr_par' dir='ltr' id='par_1_11' title="bbox 149 505 959 542">
     <span class='ocr_line' id='line_1_11' title="bbox 149 505 959 542; baseline 0 -10"><span class='ocrx_word' id='word_1_65' title='bbox 149 505 188 532; x_wconf 68' lang='grc' dir='ltr'>τὸ</span> <span class='ocrx_word' id='word_1_66' title='bbox 202 506 239 534; x_wconf 77' lang='grc' dir='ltr'>τὰ</span> <span class='ocrx_word' id='word_1_67' title='bbox 251 506 366 533; x_wconf 78' lang='grc' dir='ltr'>τοιαῦτα</span> <span class='ocrx_word' id='word_1_68' title='bbox 379 507 408 533; x_wconf 82' lang='grc' dir='ltr'>ὲν</span> <span class='ocrx_word' id='word_1_69' title='bbox 423 507 537 542; x_wconf 76' lang='grc' dir='ltr'><strong>ἀμελείᾳ</strong></span> <span class='ocrx_word' id='word_1_70' title='bbox 549 507 693 537; x_wconf 75' lang='grc' dir='ltr'>ποιεῖσθαι,</span> <span class='ocrx_word' id='word_1_71' title='bbox 705 507 721 542; x_wconf 83' lang='grc' dir='ltr'><strong>ἢ</strong></span> <span class='ocrx_word' id='word_1_72' title='bbox 733 506 801 541; x_wconf 84' lang='grc' dir='ltr'>μετὰ</span> <span class='ocrx_word' id='word_1_73' title='bbox 816 506 862 532; x_wconf 82' lang='grc' dir='ltr'>τοῦ</span> <span class='ocrx_word' id='word_1_74' title='bbox 877 515 959 541; x_wconf 87' lang='grc' dir='ltr'>προσ-</span> 
     </span>
    </p>
   </div>
   <div class='ocr_carea' id='block_1_12' title="bbox 150 550 956 588">
    <p class='ocr_par' dir='ltr' id='par_1_12' title="bbox 150 550 956 588">
     <span class='ocr_line' id='line_1_12' title="bbox 150 550 956 588; baseline -0.001 -9"><span class='ocrx_word' id='word_1_75' title='bbox 150 553 273 588; x_wconf 73' lang='grc' dir='ltr'>ήκοντος</span> <span class='ocrx_word' id='word_1_76' title='bbox 294 552 380 584; x_wconf 83' lang='grc' dir='ltr'><strong>δέους.</strong></span> <span class='ocrx_word' id='word_1_77' title='bbox 400 552 539 580; x_wconf 75' lang='grc' dir='ltr'>Κάλλιστα</span> <span class='ocrx_word' id='word_1_78' title='bbox 559 553 587 580; x_wconf 77' lang='grc' dir='ltr'><strong>δὲ</strong></span> <span class='ocrx_word' id='word_1_79' title='bbox 612 554 658 579; x_wconf 73' lang='grc' dir='ltr'>καὶ</span> <span class='ocrx_word' id='word_1_80' title='bbox 680 553 729 588; x_wconf 78' lang='grc' dir='ltr'>τὴν</span> <span class='ocrx_word' id='word_1_81' title='bbox 751 552 886 587; x_wconf 76' lang='grc' dir='ltr'><strong>ἐρώτησιν</strong></span> <span class='ocrx_word' id='word_1_82' title='bbox 902 550 956 578; x_wconf 73' lang='grc' dir='ltr'><strong>ἀπὸ</strong></span> 
     </span>
    </p>
   </div>
   <div class='ocr_carea' id='block_1_13' title="bbox 150 597 957 634">
    <p class='ocr_par' dir='ltr' id='par_1_13' title="bbox 150 597 957 634">
     <span class='ocr_line' id='line_1_13' title="bbox 150 597 957 634; baseline 0 -10"><span class='ocrx_word' id='word_1_83' title='bbox 150 597 278 625; x_wconf 77' lang='grc' dir='ltr'>εὐτελῶν</span> <span class='ocrx_word' id='word_1_84' title='bbox 293 599 460 634; x_wconf 74' lang='grc' dir='ltr'>ἐποιήσατο,</span> <span class='ocrx_word' id='word_1_85' title='bbox 474 599 518 626; x_wconf 87' lang='grc' dir='ltr'><strong>ἴνα</strong></span> <span class='ocrx_word' id='word_1_86' title='bbox 541 599 671 634; x_wconf 77' lang='grc' dir='ltr'><strong>μειζόνως</strong></span> <span class='ocrx_word' id='word_1_87' title='bbox 687 599 717 625; x_wconf 70' lang='grc' dir='ltr'>τὸ</span> <span class='ocrx_word' id='word_1_88' title='bbox 738 599 807 627; x_wconf 67' lang='grc' dir='ltr'>κατὰ</span> <span class='ocrx_word' id='word_1_89' title='bbox 822 598 855 624; x_wconf 76' lang='grc' dir='ltr'>τΞι</span> <span class='ocrx_word' id='word_1_90' title='bbox 873 598 957 632; x_wconf 76' lang='grc' dir='ltr'>σκεύη</span> 
     </span>
    </p>
   </div>
   <div class='ocr_carea' id='block_1_14' title="bbox 149 644 959 681">
    <p class='ocr_par' dir='ltr' id='par_1_14' title="bbox 149 644 959 681">
     <span class='ocr_line' id='line_1_14' title="bbox 149 644 959 681; baseline -0.001 -10"><span class='ocrx_word' id='word_1_91' title='bbox 149 644 191 672; x_wconf 72' lang='grc' dir='ltr'>τὰ</span> <span class='ocrx_word' id='word_1_92' title='bbox 216 644 286 679; x_wconf 74' lang='grc' dir='ltr'>ἆγια</span> <span class='ocrx_word' id='word_1_93' title='bbox 304 645 496 680; x_wconf 81' lang='grc' dir='ltr'><strong>πλημμέλημα</strong></span> <span class='ocrx_word' id='word_1_94' title='bbox 517 645 635 681; x_wconf 75' lang='grc' dir='ltr'><strong>αὐξήσῃ.</strong></span> <span class='ocrx_word' id='word_1_95' title='bbox 654 646 735 679; x_wconf 77' lang='grc' dir='ltr'>Λέγει</span> <span class='ocrx_word' id='word_1_96' title='bbox 755 645 845 671; x_wconf 80' lang='grc' dir='ltr'>τοίνυν</span> <span class='ocrx_word' id='word_1_97' title='bbox 859 645 910 676; x_wconf 80' lang='grc' dir='ltr'>ὅτι,</span> <span class='ocrx_word' id='word_1_98' title='bbox 926 645 959 671; x_wconf 80' lang='grc' dir='ltr'><strong>Εἴ</strong></span> 
     </span>
    </p>
   </div>
   <div class='ocr_carea' id='block_1_15' title="bbox 149 691 956 728">
    <p class='ocr_par' dir='ltr' id='par_1_15' title="bbox 149 691 956 728">
     <span class='ocr_line' id='line_1_15' title="bbox 149 691 956 728; baseline 0 -10"><span class='ocrx_word' id='word_1_99' title='bbox 149 699 200 724; x_wconf 78' lang='grc' dir='ltr'><strong>τις</strong></span> <span class='ocrx_word' id='word_1_100' title='bbox 216 691 304 727; x_wconf 79' lang='grc' dir='ltr'>κρέας</span> <span class='ocrx_word' id='word_1_101' title='bbox 318 691 395 726; x_wconf 79' lang='grc' dir='ltr'>ᾶγιον</span> <span class='ocrx_word' id='word_1_102' title='bbox 415 692 446 718; x_wconf 85' lang='grc' dir='ltr'><strong>τὸ</strong></span> <span class='ocrx_word' id='word_1_103' title='bbox 469 692 523 718; x_wconf 73' lang='grc' dir='ltr'><strong>ἀπὸ</strong></span> <span class='ocrx_word' id='word_1_104' title='bbox 543 692 638 724; x_wconf 79' lang='grc' dir='ltr'>θυσίας</span> <span class='ocrx_word' id='word_1_105' title='bbox 661 693 678 728; x_wconf 77' lang='grc' dir='ltr'><strong>ἦ</strong></span> <span class='ocrx_word' id='word_1_106' title='bbox 702 700 774 723; x_wconf 85' lang='grc' dir='ltr'>τινος</span> <span class='ocrx_word' id='word_1_107' title='bbox 798 692 956 727; x_wconf 72' lang='grc' dir='ltr'>προσφορᾶς</span> 
     </span>
    </p>
   </div>
   <div class='ocr_carea' id='block_1_16' title="bbox 150 737 954 774">
    <p class='ocr_par' dir='ltr' id='par_1_16' title="bbox 150 737 954 774">
     <span class='ocr_line' id='line_1_16' title="bbox 150 737 954 774; baseline -0.001 -10"><span class='ocrx_word' id='word_1_108' title='bbox 150 737 327 773; x_wconf 75' lang='grc' dir='ltr'><strong>ἡγιασμένον</strong></span> <span class='ocrx_word' id='word_1_109' title='bbox 341 739 370 764; x_wconf 77' lang='grc' dir='ltr'>ἐν</span> <span class='ocrx_word' id='word_1_110' title='bbox 385 738 462 774; x_wconf 84' lang='grc' dir='ltr'>μέρει</span> <span class='ocrx_word' id='word_1_111' title='bbox 478 739 531 765; x_wconf 83' lang='grc' dir='ltr'>τινὶ</span> <span class='ocrx_word' id='word_1_112' title='bbox 543 739 590 764; x_wconf 79' lang='grc' dir='ltr'>τοῦ</span> <span class='ocrx_word' id='word_1_113' title='bbox 608 739 716 773; x_wconf 79' lang='grc' dir='ltr'>ἱματίου</span> <span class='ocrx_word' id='word_1_114' title='bbox 734 738 840 773; x_wconf 75' lang='grc' dir='ltr'>ἐμϐάλῃ</span> <span class='ocrx_word' id='word_1_115' title='bbox 856 738 902 765; x_wconf 78' lang='grc' dir='ltr'><strong>τοῦ</strong></span> <span class='ocrx_word' id='word_1_116' title='bbox 916 739 954 764; x_wconf 78' lang='lat' dir='ltr'><strong>ol—</strong></span> 
     </span>
    </p>
   </div>
   <div class='ocr_carea' id='block_1_17' title="bbox 149 782 955 820">
    <p class='ocr_par' dir='ltr' id='par_1_17' title="bbox 149 782 955 820">
     <span class='ocr_line' id='line_1_17' title="bbox 149 782 955 820; baseline 0 -10"><span class='ocrx_word' id='word_1_117' title='bbox 149 784 245 817; x_wconf 77' lang='grc' dir='ltr'>κείου,</span> <span class='ocrx_word' id='word_1_118' title='bbox 263 782 323 811; x_wconf 82' lang='grc' dir='ltr'>εἶτα</span> <span class='ocrx_word' id='word_1_119' title='bbox 343 785 424 811; x_wconf 82' lang='grc' dir='ltr'>τοῦτο</span> <span class='ocrx_word' id='word_1_120' title='bbox 445 785 477 820; x_wconf 86' lang='grc' dir='ltr'><strong>δὴ</strong></span> <span class='ocrx_word' id='word_1_121' title='bbox 495 785 525 811; x_wconf 79' lang='grc' dir='ltr'><strong>τὸ</strong></span> <span class='ocrx_word' id='word_1_122' title='bbox 542 785 626 820; x_wconf 81' lang='grc' dir='ltr'>ἄκρον</span> <span class='ocrx_word' id='word_1_123' title='bbox 649 784 743 819; x_wconf 79' lang='grc' dir='ltr'>ἑτέρου</span> <span class='ocrx_word' id='word_1_124' title='bbox 766 784 838 816; x_wconf 82' lang='grc' dir='ltr'>τινὸς</span> <span class='ocrx_word' id='word_1_125' title='bbox 859 784 955 819; x_wconf 69' lang='grc' dir='ltr'>ἅψεται</span> 
     </span>
    </p>
   </div>
   <div class='ocr_carea' id='block_1_18' title="bbox 150 828 956 866">
    <p class='ocr_par' dir='ltr' id='par_1_18' title="bbox 150 828 956 866">
     <span class='ocr_line' id='line_1_18' title="bbox 150 828 956 866; baseline 0 -9"><span class='ocrx_word' id='word_1_126' title='bbox 150 830 230 857; x_wconf 77' lang='grc' dir='ltr'>οἴνου</span> <span class='ocrx_word' id='word_1_127' title='bbox 254 831 271 866; x_wconf 83' lang='grc' dir='ltr'><strong>ἥ</strong></span> <span class='ocrx_word' id='word_1_128' title='bbox 296 831 389 858; x_wconf 85' lang='grc' dir='ltr'>ὲλαίου</span> <span class='ocrx_word' id='word_1_129' title='bbox 410 831 426 866; x_wconf 85' lang='grc' dir='ltr'>ἢ</span> <span class='ocrx_word' id='word_1_130' title='bbox 445 831 507 858; x_wconf 85' lang='grc' dir='ltr'><strong>ὅτου</strong></span> <span class='ocrx_word' id='word_1_131' title='bbox 525 831 556 866; x_wconf 86' lang='grc' dir='ltr'><strong>δή</strong></span> <span class='ocrx_word' id='word_1_132' title='bbox 581 840 645 857; x_wconf 86' lang='grc' dir='ltr'>ποτε</span> <span class='ocrx_word' id='word_1_133' title='bbox 670 831 724 857; x_wconf 84' lang='grc' dir='ltr'><strong>τῶν</strong></span> <span class='ocrx_word' id='word_1_134' title='bbox 748 830 877 866; x_wconf 81' lang='grc' dir='ltr'>βρωτῶν,</span> <span class='ocrx_word' id='word_1_135' title='bbox 899 828 956 866; x_wconf 73' lang='grc' dir='ltr'>ἆρα</span> 
     </span>
    </p>
   </div>
   <div class='ocr_carea' id='block_1_19' title="bbox 150 877 955 913">
    <p class='ocr_par' dir='ltr' id='par_1_19' title="bbox 150 877 955 913">
     <span class='ocr_line' id='line_1_19' title="bbox 150 877 955 913; baseline -0.002 -9"><span class='ocrx_word' id='word_1_136' title='bbox 150 877 236 912; x_wconf 70' lang='grc' dir='ltr'>ἃγισν</span> <span class='ocrx_word' id='word_1_137' title='bbox 253 877 330 904; x_wconf 77' lang='grc' dir='ltr'>ἔσται</span> <span class='ocrx_word' id='word_1_138' title='bbox 343 878 373 905; x_wconf 82' lang='grc' dir='ltr'><strong>τὸ</strong></span> <span class='ocrx_word' id='word_1_139' title='bbox 385 879 491 905; x_wconf 81' lang='grc' dir='ltr'>τοιοῦτο</span> <span class='ocrx_word' id='word_1_140' title='bbox 503 878 547 905; x_wconf 78' lang='grc' dir='ltr'><strong>διὰ</strong></span> <span class='ocrx_word' id='word_1_141' title='bbox 558 879 608 913; x_wconf 85' lang='grc' dir='ltr'>τὴν</span> <span class='ocrx_word' id='word_1_142' title='bbox 621 878 669 904; x_wconf 83' lang='grc' dir='ltr'>τοῦ</span> <span class='ocrx_word' id='word_1_143' title='bbox 682 878 767 913; x_wconf 82' lang='grc' dir='ltr'>ἄκρου</span> <span class='ocrx_word' id='word_1_144' title='bbox 784 877 830 903; x_wconf 81' lang='grc' dir='ltr'>τοῦ</span> <span class='ocrx_word' id='word_1_145' title='bbox 848 877 955 912; x_wconf 79' lang='grc' dir='ltr'>ἱματίου</span> 
     </span>
    </p>
   </div>
   <div class='ocr_carea' id='block_1_20' title="bbox 1015 275 1808 311">
    <p class='ocr_par' dir='ltr' id='par_1_20' title="bbox 1015 275 1808 311">
     <span class='ocr_line' id='line_1_20' title="bbox 1015 275 1808 311; baseline 0.004 -9"><span class='ocrx_word' id='word_1_146' title='bbox 1015 275 1124 310; x_wconf 81' lang='lat' dir='ltr'><strong>gebant,</strong></span> <span class='ocrx_word' id='word_1_147' title='bbox 1134 280 1223 303; x_wconf 90' lang='lat' dir='ltr'><strong>etnon</strong></span> <span class='ocrx_word' id='word_1_148' title='bbox 1231 282 1293 302; x_wconf 91' lang='lat' dir='ltr'><strong>cum</strong></span> <span class='ocrx_word' id='word_1_149' title='bbox 1305 276 1483 303; x_wconf 88' lang='lat' dir='ltr'><strong>conveniente</strong></span> <span class='ocrx_word' id='word_1_150' title='bbox 1491 283 1591 311; x_wconf 86' lang='lat' dir='ltr'><strong>pavore</strong></span> <span class='ocrx_word' id='word_1_151' title='bbox 1604 285 1611 304; x_wconf 70' lang='grc'><strong>3</strong></span> <span class='ocrx_word' id='word_1_152' title='bbox 1623 283 1675 310; x_wconf 90' lang='lat' dir='ltr'><strong>qua</strong></span> <span class='ocrx_word' id='word_1_153' title='bbox 1684 284 1767 311; x_wconf 86' lang='lat' dir='ltr'><strong>super</strong></span> <span class='ocrx_word' id='word_1_154' title='bbox 1777 284 1808 305; x_wconf 80' lang='lat' dir='ltr'><strong>re</strong></span> 
     </span>
    </p>
   </div>
   <div class='ocr_carea' id='block_1_21' title="bbox 1015 321 1804 357">
    <p class='ocr_par' dir='ltr' id='par_1_21' title="bbox 1015 321 1804 357">
     <span class='ocr_line' id='line_1_21' title="bbox 1015 321 1804 357; baseline 0.003 -9"><span class='ocrx_word' id='word_1_155' title='bbox 1015 322 1172 349; x_wconf 80' lang='lat' dir='ltr'><strong>sacerdotes</strong></span> <span class='ocrx_word' id='word_1_156' title='bbox 1189 322 1436 356; x_wconf 82' lang='lat' dir='ltr'><strong>ipsosinterrogari</strong></span> <span class='ocrx_word' id='word_1_157' title='bbox 1452 330 1466 348; x_wconf 85' lang='lat' dir='ltr'><strong>a</strong></span> <span class='ocrx_word' id='word_1_158' title='bbox 1484 322 1616 357; x_wconf 87' lang='lat' dir='ltr'><strong>propheta</strong></span> <span class='ocrx_word' id='word_1_159' title='bbox 1631 321 1804 356; x_wconf 85' lang='lat' dir='ltr'><strong>Deusjubet,</strong></span> 
     </span>
    </p>
   </div>
   <div class='ocr_carea' id='block_1_22' title="bbox 1016 366 1804 402">
    <p class='ocr_par' dir='ltr' id='par_1_22' title="bbox 1016 366 1804 402">
     <span class='ocr_line' id='line_1_22' title="bbox 1016 366 1804 402; baseline 0.003 -10"><span class='ocrx_word' id='word_1_160' title='bbox 1016 366 1041 392; x_wconf 89' lang='lat' dir='ltr'><strong>iu</strong></span> <span class='ocrx_word' id='word_1_161' title='bbox 1056 374 1171 401; x_wconf 91' lang='lat' dir='ltr'><strong>quorum</strong></span> <span class='ocrx_word' id='word_1_162' title='bbox 1186 367 1301 393; x_wconf 88' lang='lat' dir='ltr'><strong>arbitrio</strong></span> <span class='ocrx_word' id='word_1_163' title='bbox 1311 371 1369 394; x_wconf 85' lang='lat' dir='ltr'><strong>erat</strong></span> <span class='ocrx_word' id='word_1_164' title='bbox 1383 367 1440 394; x_wconf 56' lang='lat' dir='ltr'><strong>haec</strong></span> <span class='ocrx_word' id='word_1_165' title='bbox 1454 368 1494 394; x_wconf 89' lang='lat' dir='ltr'><strong>vel</strong></span> <span class='ocrx_word' id='word_1_166' title='bbox 1505 368 1674 402; x_wconf 70' lang='lat' dir='ltr'><strong>negligenter</strong></span> <span class='ocrx_word' id='word_1_167' title='bbox 1689 367 1730 395; x_wconf 87' lang='lat' dir='ltr'><strong>vel</strong></span> <span class='ocrx_word' id='word_1_168' title='bbox 1741 375 1804 395; x_wconf 89' lang='lat' dir='ltr'><strong>cum</strong></span> 
     </span>
    </p>
   </div>
   <div class='ocr_carea' id='block_1_23' title="bbox 1014 411 1803 448">
    <p class='ocr_par' dir='ltr' id='par_1_23' title="bbox 1014 411 1803 448">
     <span class='ocr_line' id='line_1_23' title="bbox 1014 411 1803 448; baseline 0 -10"><span class='ocrx_word' id='word_1_169' title='bbox 1014 411 1106 438; x_wconf 89' lang='lat' dir='ltr'><strong>debito</strong></span> <span class='ocrx_word' id='word_1_170' title='bbox 1125 417 1197 439; x_wconf 86' lang='lat' dir='ltr'><strong>metu</strong></span> <span class='ocrx_word' id='word_1_171' title='bbox 1213 415 1341 439; x_wconf 90' lang='lat' dir='ltr'><strong>tractare.</strong></span> <span class='ocrx_word' id='word_1_172' title='bbox 1356 412 1469 447; x_wconf 82' lang='lat' dir='ltr'><strong>Egregie</strong></span> <span class='ocrx_word' id='word_1_173' title='bbox 1483 420 1547 439; x_wconf 88' lang='lat' dir='ltr'><strong>vero</strong></span> <span class='ocrx_word' id='word_1_174' title='bbox 1561 413 1803 448; x_wconf 70' lang='lat' dir='ltr'><strong>interrogationem</strong></span> 
     </span>
    </p>
   </div>
   <div class='ocr_carea' id='block_1_24' title="bbox 1014 457 1805 493">
    <p class='ocr_par' dir='ltr' id='par_1_24' title="bbox 1014 457 1805 493">
     <span class='ocr_line' id='line_1_24' title="bbox 1014 457 1805 493; baseline 0.003 -10"><span class='ocrx_word' id='word_1_175' title='bbox 1014 457 1112 485; x_wconf 78' lang='lat' dir='ltr'><strong>vilibus</strong></span> <span class='ocrx_word' id='word_1_176' title='bbox 1128 458 1155 484; x_wconf 92' lang='lat' dir='ltr'><strong>in</strong></span> <span class='ocrx_word' id='word_1_177' title='bbox 1178 458 1258 486; x_wconf 89' lang='lat' dir='ltr'><strong>rebus</strong></span> <span class='ocrx_word' id='word_1_178' title='bbox 1272 458 1346 490; x_wconf 81' lang='lat' dir='ltr'><strong>facit,</strong></span> <span class='ocrx_word' id='word_1_179' title='bbox 1363 464 1392 485; x_wconf 88' lang='lat' dir='ltr'><strong>ut</strong></span> <span class='ocrx_word' id='word_1_180' title='bbox 1416 458 1548 486; x_wconf 89' lang='lat' dir='ltr'><strong>adversus</strong></span> <span class='ocrx_word' id='word_1_181' title='bbox 1565 465 1643 485; x_wconf 86' lang='lat' dir='ltr'><strong>sacra</strong></span> <span class='ocrx_word' id='word_1_182' title='bbox 1660 466 1724 486; x_wconf 84' lang='lat' dir='ltr'><strong>vasa</strong></span> <span class='ocrx_word' id='word_1_183' title='bbox 1740 466 1805 493; x_wconf 50' lang='lat' dir='ltr'><strong>perm</strong></span> 
     </span>
    </p>
   </div>
   <div class='ocr_carea' id='block_1_25' title="bbox 1013 502 1804 539">
    <p class='ocr_par' dir='ltr' id='par_1_25' title="bbox 1013 502 1804 539">
     <span class='ocr_line' id='line_1_25' title="bbox 1013 502 1804 539; baseline 0.001 -10"><span class='ocrx_word' id='word_1_184' title='bbox 1013 507 1103 529; x_wconf 85' lang='lat' dir='ltr'><strong>catum</strong></span> <span class='ocrx_word' id='word_1_185' title='bbox 1119 504 1205 539; x_wconf 84' lang='lat' dir='ltr'><strong>magis</strong></span> <span class='ocrx_word' id='word_1_186' title='bbox 1222 508 1331 538; x_wconf 82' lang='lat' dir='ltr'><strong>augeat.</strong></span> <span class='ocrx_word' id='word_1_187' title='bbox 1352 504 1398 531; x_wconf 86' lang='lat' dir='ltr'><strong>Ait</strong></span> <span class='ocrx_word' id='word_1_188' title='bbox 1418 503 1502 539; x_wconf 84' lang='lat' dir='ltr'><strong>igitur</strong></span> <span class='ocrx_word' id='word_1_189' title='bbox 1519 512 1526 530; x_wconf 92' lang='lat'><strong>:</strong></span> <span class='ocrx_word' id='word_1_190' title='bbox 1544 502 1647 536; x_wconf 76' lang='lat' dir='ltr'><strong>Quodsi</strong></span> <span class='ocrx_word' id='word_1_191' title='bbox 1668 504 1729 538; x_wconf 91' lang='lat' dir='ltr'><strong>quis</strong></span> <span class='ocrx_word' id='word_1_192' title='bbox 1742 512 1804 531; x_wconf 75' lang='lat' dir='ltr'><strong>san-</strong></span> 
     </span>
    </p>
   </div>
   <div class='ocr_carea' id='block_1_26' title="bbox 1013 550 1803 585">
    <p class='ocr_par' dir='ltr' id='par_1_26' title="bbox 1013 550 1803 585">
     <span class='ocr_line' id='line_1_26' title="bbox 1013 550 1803 585; baseline 0 -10"><span class='ocrx_word' id='word_1_193' title='bbox 1013 553 1084 576; x_wconf 86' lang='lat' dir='ltr'><strong>ctam</strong></span> <span class='ocrx_word' id='word_1_194' title='bbox 1105 556 1216 577; x_wconf 86' lang='lat' dir='ltr'><strong>carnem</strong></span> <span class='ocrx_word' id='word_1_195' title='bbox 1232 550 1266 577; x_wconf 88' lang='lat' dir='ltr'><strong>de</strong></span> <span class='ocrx_word' id='word_1_196' title='bbox 1284 550 1395 577; x_wconf 78' lang='lat' dir='ltr'><strong>victima</strong></span> <span class='ocrx_word' id='word_1_197' title='bbox 1411 554 1459 577; x_wconf 88' lang='lat' dir='ltr'><strong>aut</strong></span> <span class='ocrx_word' id='word_1_198' title='bbox 1475 550 1596 585; x_wconf 89' lang='lat' dir='ltr'><strong>qualibet</strong></span> <span class='ocrx_word' id='word_1_199' title='bbox 1611 550 1759 581; x_wconf 88' lang='lat' dir='ltr'><strong>oblatione,</strong></span> <span class='ocrx_word' id='word_1_200' title='bbox 1777 550 1803 576; x_wconf 92' lang='lat' dir='ltr'><strong>in</strong></span> 
     </span>
    </p>
   </div>
   <div class='ocr_carea' id='block_1_27' title="bbox 1013 594 1805 630">
    <p class='ocr_par' dir='ltr' id='par_1_27' title="bbox 1013 594 1805 630">
     <span class='ocr_line' id='line_1_27' title="bbox 1013 594 1805 630; baseline -0.001 -9"><span class='ocrx_word' id='word_1_201' title='bbox 1013 601 1118 629; x_wconf 87' lang='lat' dir='ltr'><strong>partem</strong></span> <span class='ocrx_word' id='word_1_202' title='bbox 1139 596 1260 630; x_wconf 82' lang='lat' dir='ltr'><strong>aliquam</strong></span> <span class='ocrx_word' id='word_1_203' title='bbox 1277 596 1433 622; x_wconf 82' lang='lat' dir='ltr'><strong>vestimenti</strong></span> <span class='ocrx_word' id='word_1_204' title='bbox 1455 596 1498 622; x_wconf 90' lang='lat' dir='ltr'><strong>sui</strong></span> <span class='ocrx_word' id='word_1_205' title='bbox 1514 595 1681 630; x_wconf 80' lang='lat' dir='ltr'><strong>conjccerit;</strong></span> <span class='ocrx_word' id='word_1_206' title='bbox 1706 594 1805 622; x_wconf 66' lang='lat' dir='ltr'><strong>deinde</strong></span> 
     </span>
    </p>
   </div>
   <div class='ocr_carea' id='block_1_28' title="bbox 1013 641 1806 677">
    <p class='ocr_par' dir='ltr' id='par_1_28' title="bbox 1013 641 1806 677">
     <span class='ocr_line' id='line_1_28' title="bbox 1013 641 1806 677; baseline 0.001 -11"><span class='ocrx_word' id='word_1_207' title='bbox 1013 641 1095 676; x_wconf 86' lang='lat' dir='ltr'><strong>hujus</strong></span> <span class='ocrx_word' id='word_1_208' title='bbox 1109 642 1194 669; x_wconf 81' lang='lat' dir='ltr'><strong>vestis</strong></span> <span class='ocrx_word' id='word_1_209' title='bbox 1209 642 1354 669; x_wconf 79' lang='lat' dir='ltr'><strong>summitas</strong></span> <span class='ocrx_word' id='word_1_210' title='bbox 1382 641 1454 668; x_wconf 88' lang='lat' dir='ltr'><strong>aliud</strong></span> <span class='ocrx_word' id='word_1_211' title='bbox 1469 642 1569 676; x_wconf 89' lang='lat' dir='ltr'><strong>aliquid</strong></span> <span class='ocrx_word' id='word_1_212' title='bbox 1591 642 1736 677; x_wconf 80' lang='lat' dir='ltr'><strong>contigerit</strong></span> <span class='ocrx_word' id='word_1_213' title='bbox 1748 641 1806 668; x_wconf 72' lang='lat' dir='ltr'><strong>sive</strong></span> 
     </span>
    </p>
   </div>
   <div class='ocr_carea' id='block_1_29' title="bbox 1012 686 1804 720">
    <p class='ocr_par' dir='ltr' id='par_1_29' title="bbox 1012 686 1804 720">
     <span class='ocr_line' id='line_1_29' title="bbox 1012 686 1804 720; baseline 0.001 -9"><span class='ocrx_word' id='word_1_214' title='bbox 1012 687 1105 713; x_wconf 83' lang='lat' dir='ltr'><strong>viuum</strong></span> <span class='ocrx_word' id='word_1_215' title='bbox 1129 687 1187 713; x_wconf 77' lang='lat' dir='ltr'><strong>sive</strong></span> <span class='ocrx_word' id='word_1_216' title='bbox 1214 687 1316 718; x_wconf 90' lang='lat' dir='ltr'><strong>oleum,</strong></span> <span class='ocrx_word' id='word_1_217' title='bbox 1339 686 1399 713; x_wconf 85' lang='lat' dir='ltr'><strong>sive</strong></span> <span class='ocrx_word' id='word_1_218' title='bbox 1420 687 1569 720; x_wconf 80' lang='lat' dir='ltr'><strong>quamlibet</strong></span> <span class='ocrx_word' id='word_1_219' title='bbox 1595 687 1676 713; x_wconf 84' lang='lat' dir='ltr'><strong>aliam</strong></span> <span class='ocrx_word' id='word_1_220' title='bbox 1701 694 1804 718; x_wconf 79' lang='lat' dir='ltr'><strong>escam,</strong></span> 
     </span>
    </p>
   </div>
   <div class='ocr_carea' id='block_1_30' title="bbox 1012 731 1805 767">
    <p class='ocr_par' dir='ltr' id='par_1_30' title="bbox 1012 731 1805 767">
     <span class='ocr_line' id='line_1_30' title="bbox 1012 731 1805 767; baseline 0 -9"><span class='ocrx_word' id='word_1_221' title='bbox 1012 740 1075 758; x_wconf 77' lang='lat' dir='ltr'><strong>num</strong></span> <span class='ocrx_word' id='word_1_222' title='bbox 1093 731 1130 764; x_wconf 81' lang='lat' dir='ltr'><strong>id,</strong></span> <span class='ocrx_word' id='word_1_223' title='bbox 1142 732 1266 766; x_wconf 86' lang='lat' dir='ltr'><strong>inquam,</strong></span> <span class='ocrx_word' id='word_1_224' title='bbox 1279 735 1406 759; x_wconf 83' lang='lat' dir='ltr'><strong>sanctum</strong></span> <span class='ocrx_word' id='word_1_225' title='bbox 1419 732 1513 759; x_wconf 90' lang='lat' dir='ltr'><strong>evadet</strong></span> <span class='ocrx_word' id='word_1_226' title='bbox 1524 736 1636 767; x_wconf 88' lang='lat' dir='ltr'><strong>propter</strong></span> <span class='ocrx_word' id='word_1_227' title='bbox 1647 732 1747 759; x_wconf 88' lang='lat' dir='ltr'><strong>sunnni</strong></span> <span class='ocrx_word' id='word_1_228' title='bbox 1759 739 1805 758; x_wconf 82' lang='lat' dir='ltr'><strong>vc-</strong></span> 
     </span>
    </p>
   </div>
   <div class='ocr_carea' id='block_1_31' title="bbox 1011 778 1805 813">
    <p class='ocr_par' dir='ltr' id='par_1_31' title="bbox 1011 778 1805 813">
     <span class='ocr_line' id='line_1_31' title="bbox 1011 778 1805 813; baseline 0 -9"><span class='ocrx_word' id='word_1_229' title='bbox 1011 778 1131 805; x_wconf 86' lang='lat' dir='ltr'><strong>stimenti</strong></span> <span class='ocrx_word' id='word_1_230' title='bbox 1157 783 1332 810; x_wconf 85' lang='lat' dir='ltr'><strong>contactum,</strong></span> <span class='ocrx_word' id='word_1_231' title='bbox 1364 779 1391 805; x_wconf 93' lang='lat' dir='ltr'><strong>in</strong></span> <span class='ocrx_word' id='word_1_232' title='bbox 1420 786 1475 813; x_wconf 93' lang='lat' dir='ltr'><strong>quo</strong></span> <span class='ocrx_word' id='word_1_233' title='bbox 1496 786 1561 806; x_wconf 72' lang='lat' dir='ltr'><strong>raro</strong></span> <span class='ocrx_word' id='word_1_234' title='bbox 1583 779 1703 813; x_wconf 85' lang='lat' dir='ltr'><strong>reposita</strong></span> <span class='ocrx_word' id='word_1_235' title='bbox 1728 779 1805 806; x_wconf 75' lang='lat' dir='ltr'><strong>erat?</strong></span> 
     </span>
    </p>
   </div>
   <div class='ocr_carea' id='block_1_32' title="bbox 1011 822 1804 859">
    <p class='ocr_par' dir='ltr' id='par_1_32' title="bbox 1011 822 1804 859">
     <span class='ocr_line' id='line_1_32' title="bbox 1011 822 1804 859; baseline 0.003 -10"><span class='ocrx_word' id='word_1_236' title='bbox 1011 822 1049 849; x_wconf 87' lang='lat' dir='ltr'><strong>Illi</strong></span> <span class='ocrx_word' id='word_1_237' title='bbox 1067 831 1130 850; x_wconf 76' lang='lat' dir='ltr'><strong>vero</strong></span> <span class='ocrx_word' id='word_1_238' title='bbox 1146 826 1329 859; x_wconf 79' lang='lat' dir='ltr'><strong>congruenter</strong></span> <span class='ocrx_word' id='word_1_239' title='bbox 1343 824 1556 858; x_wconf 85' lang='lat' dir='ltr'><strong>responderunt,</strong></span> <span class='ocrx_word' id='word_1_240' title='bbox 1572 832 1629 851; x_wconf 86' lang='lat' dir='ltr'><strong>rem</strong></span> <span class='ocrx_word' id='word_1_241' title='bbox 1646 824 1804 858; x_wconf 75' lang='lat' dir='ltr'><strong>huiusmodi</strong></span> 
     </span>
    </p>
   </div>
   <div class='ocr_carea' id='block_1_33' title="bbox 1011 870 1805 905">
    <p class='ocr_par' dir='ltr' id='par_1_33' title="bbox 1011 870 1805 905">
     <span class='ocr_line' id='line_1_33' title="bbox 1011 870 1805 905; baseline 0.004 -10"><span class='ocrx_word' id='word_1_242' title='bbox 1011 874 1132 896; x_wconf 88' lang='lat' dir='ltr'><strong>sanctam</strong></span> <span class='ocrx_word' id='word_1_243' title='bbox 1154 877 1207 896; x_wconf 89' lang='lat' dir='ltr'><strong>non</strong></span> <span class='ocrx_word' id='word_1_244' title='bbox 1231 870 1299 901; x_wconf 79' lang='lat' dir='ltr'><strong>fore,</strong></span> <span class='ocrx_word' id='word_1_245' title='bbox 1316 875 1452 905; x_wconf 81' lang='lat' dir='ltr'><strong>quatenus</strong></span> <span class='ocrx_word' id='word_1_246' title='bbox 1473 878 1528 897; x_wconf 93' lang='lat' dir='ltr'><strong>non</strong></span> <span class='ocrx_word' id='word_1_247' title='bbox 1550 870 1702 898; x_wconf 74' lang='lat' dir='ltr'><strong>sutiiciebat</strong></span> <span class='ocrx_word' id='word_1_248' title='bbox 1720 871 1805 898; x_wconf 77' lang='lat' dir='ltr'><strong>restis</strong></span> 
     </span>
    </p>
   </div>
   <div class='ocr_carea' id='block_1_34' title="bbox 147 917 953 960">
    <p class='ocr_par' dir='ltr' id='par_1_34' title="bbox 147 920 953 960">
     <span class='ocr_line' id='line_1_34' title="bbox 147 920 953 960; baseline -0.002 -10"><span class='ocrx_word' id='word_1_249' title='bbox 147 922 242 959; x_wconf 66' lang='grc' dir='ltr'>ἇφὴν,</span> <span class='ocrx_word' id='word_1_250' title='bbox 260 924 290 950; x_wconf 82' lang='grc' dir='ltr'>ὲν</span> <span class='ocrx_word' id='word_1_251' title='bbox 307 920 385 960; x_wconf 81' lang='grc' dir='ltr'>ᾧπερ</span> <span class='ocrx_word' id='word_1_252' title='bbox 398 924 528 951; x_wconf 77' lang='grc' dir='ltr'>ἀπέκειτο</span> <span class='ocrx_word' id='word_1_253' title='bbox 545 925 576 950; x_wconf 79' lang='grc' dir='ltr'>τὸ</span> <span class='ocrx_word' id='word_1_254' title='bbox 592 924 693 959; x_wconf 80' lang='grc' dir='ltr'>κρέας;</span> <span class='ocrx_word' id='word_1_255' title='bbox 710 925 741 950; x_wconf 80' lang='lat' dir='ltr'><strong>Ol</strong></span> <span class='ocrx_word' id='word_1_256' title='bbox 761 924 790 950; x_wconf 78' lang='grc' dir='ltr'><strong>δὲ</strong></span> <span class='ocrx_word' id='word_1_257' title='bbox 804 922 953 954; x_wconf 71' lang='grc' dir='ltr'><strong>ἀκολούθως</strong></span> 
     </span>
    </p>
   </div>
   <div class='ocr_carea' id='block_1_35' title="bbox 1006 917 1804 960">
    <p class='ocr_par' dir='ltr' id='par_1_35' title="bbox 1010 917 1804 952">
     <span class='ocr_line' id='line_1_35' title="bbox 1010 917 1804 952; baseline 0.001 -9"><span class='ocrx_word' id='word_1_258' title='bbox 1010 917 1165 948; x_wconf 85' lang='lat' dir='ltr'><strong>summitas,</strong></span> <span class='ocrx_word' id='word_1_259' title='bbox 1183 917 1209 944; x_wconf 91' lang='lat' dir='ltr'><strong>in</strong></span> <span class='ocrx_word' id='word_1_260' title='bbox 1226 925 1278 952; x_wconf 85' lang='lat' dir='ltr'><strong>qua</strong></span> <span class='ocrx_word' id='word_1_261' title='bbox 1297 925 1362 944; x_wconf 91' lang='lat' dir='ltr'><strong>caro</strong></span> <span class='ocrx_word' id='word_1_262' title='bbox 1386 923 1479 945; x_wconf 84' lang='lat' dir='ltr'><strong>sancta</strong></span> <span class='ocrx_word' id='word_1_263' title='bbox 1505 917 1610 945; x_wconf 88' lang='lat' dir='ltr'><strong>inclusa</strong></span> <span class='ocrx_word' id='word_1_264' title='bbox 1628 922 1712 950; x_wconf 85' lang='lat' dir='ltr'><strong>esset,</strong></span> <span class='ocrx_word' id='word_1_265' title='bbox 1728 926 1804 945; x_wconf 73' lang='lat' dir='ltr'><strong>com~</strong></span> 
     </span>
    </p>
   </div>
   <div class='ocr_carea' id='block_1_36' title="bbox 150 968 957 1005">
    <p class='ocr_par' dir='ltr' id='par_1_36' title="bbox 150 968 957 1005">
     <span class='ocr_line' id='line_1_36' title="bbox 150 968 957 1005; baseline -0.002 -9"><span class='ocrx_word' id='word_1_266' title='bbox 150 969 264 1004; x_wconf 78' lang='grc' dir='ltr'>ῐφασαν</span> <span class='ocrx_word' id='word_1_267' title='bbox 282 969 324 996; x_wconf 81' lang='grc' dir='ltr'>ὅτι</span> <span class='ocrx_word' id='word_1_268' title='bbox 344 969 382 1005; x_wconf 88' lang='grc' dir='ltr'><strong>μὴ</strong></span> <span class='ocrx_word' id='word_1_269' title='bbox 403 969 481 1004; x_wconf 85' lang='grc' dir='ltr'>ἆγιον</span> <span class='ocrx_word' id='word_1_270' title='bbox 495 970 598 1004; x_wconf 81' lang='grc' dir='ltr'>γίνεται</span> <span class='ocrx_word' id='word_1_271' title='bbox 613 969 644 995; x_wconf 77' lang='grc' dir='ltr'><strong>τὸ</strong></span> <span class='ocrx_word' id='word_1_272' title='bbox 660 968 775 999; x_wconf 80' lang='grc' dir='ltr'>τοιοῦτο,</span> <span class='ocrx_word' id='word_1_273' title='bbox 793 970 830 999; x_wconf 81' lang='grc' dir='ltr'>ὡς</span> <span class='ocrx_word' id='word_1_274' title='bbox 844 969 893 995; x_wconf 76' lang='grc' dir='ltr'>οὐκ</span> <span class='ocrx_word' id='word_1_275' title='bbox 910 968 957 994; x_wconf 84' lang='grc' dir='ltr'>αὑ-</span> 
     </span>
    </p>
   </div>
   <div class='ocr_carea' id='block_1_37' title="bbox 150 1012 957 1050">
    <p class='ocr_par' dir='ltr' id='par_1_37' title="bbox 150 1012 957 1050">
     <span class='ocr_line' id='line_1_37' title="bbox 150 1012 957 1050; baseline -0.005 -8"><span class='ocrx_word' id='word_1_276' title='bbox 150 1015 270 1050; x_wconf 74' lang='grc' dir='ltr'>τάρκως</span> <span class='ocrx_word' id='word_1_277' title='bbox 285 1014 394 1050; x_wconf 85' lang='grc' dir='ltr'>ἔχοντος</span> <span class='ocrx_word' id='word_1_278' title='bbox 409 1014 455 1041; x_wconf 86' lang='grc' dir='ltr'>τοῦ</span> <span class='ocrx_word' id='word_1_279' title='bbox 469 1015 555 1050; x_wconf 84' lang='grc' dir='ltr'>ἄκρου</span> <span class='ocrx_word' id='word_1_280' title='bbox 573 1014 620 1040; x_wconf 74' lang='grc' dir='ltr'>τοῦ</span> <span class='ocrx_word' id='word_1_281' title='bbox 636 1013 743 1049; x_wconf 73' lang='grc' dir='ltr'>ἱματίου</span> <span class='ocrx_word' id='word_1_282' title='bbox 760 1013 803 1040; x_wconf 81' lang='grc' dir='ltr'><strong>διὰ</strong></span> <span class='ocrx_word' id='word_1_283' title='bbox 821 1012 851 1039; x_wconf 74' lang='grc' dir='ltr'><strong>τὸ</strong></span> <span class='ocrx_word' id='word_1_284' title='bbox 867 1013 957 1047; x_wconf 82' lang='grc' dir='ltr'>ἐγκεί-</span> 
     </span>
    </p>
   </div>
   <div class='ocr_carea' id='block_1_38' title="bbox 152 1058 955 1096">
    <p class='ocr_par' dir='ltr' id='par_1_38' title="bbox 152 1058 955 1096">
     <span class='ocr_line' id='line_1_38' title="bbox 152 1058 955 1096; baseline -0.005 -7"><span class='ocrx_word' id='word_1_285' title='bbox 152 1069 243 1096; x_wconf 80' lang='grc' dir='ltr'>μενον</span> <span class='ocrx_word' id='word_1_286' title='bbox 257 1060 342 1096; x_wconf 72' lang='grc' dir='ltr'>κρέας</span> <span class='ocrx_word' id='word_1_287' title='bbox 354 1060 432 1095; x_wconf 72' lang='grc' dir='ltr'>ἅγιον</span> <span class='ocrx_word' id='word_1_288' title='bbox 449 1060 536 1096; x_wconf 84' lang='grc' dir='ltr'>ἑτέρῳ</span> <span class='ocrx_word' id='word_1_289' title='bbox 550 1059 646 1096; x_wconf 80' lang='grc' dir='ltr'>βρωτῷ</span> <span class='ocrx_word' id='word_1_290' title='bbox 659 1060 705 1086; x_wconf 75' lang='grc' dir='ltr'>τὸν</span> <span class='ocrx_word' id='word_1_291' title='bbox 723 1059 858 1094; x_wconf 74' lang='grc' dir='ltr'>ἀγιασμὸν</span> <span class='ocrx_word' id='word_1_292' title='bbox 876 1058 955 1094; x_wconf 79' lang='grc' dir='ltr'>παρέ-</span> 
     </span>
    </p>
   </div>
   <div class='ocr_carea' id='block_1_39' title="bbox 149 1104 955 1142">
    <p class='ocr_par' dir='ltr' id='par_1_39' title="bbox 149 1104 955 1142">
     <span class='ocr_line' id='line_1_39' title="bbox 149 1104 955 1142; baseline -0.004 -8"><span class='ocrx_word' id='word_1_293' title='bbox 149 1115 227 1142; x_wconf 74' lang='grc' dir='ltr'>χειν.</span> <span class='ocrx_word' id='word_1_294' title='bbox 247 1104 315 1140; x_wconf 71' lang='grc' dir='ltr'>Εἶτα</span> <span class='ocrx_word' id='word_1_295' title='bbox 341 1107 423 1134; x_wconf 81' lang='grc' dir='ltr'>πάλιν</span> <span class='ocrx_word' id='word_1_296' title='bbox 439 1107 547 1142; x_wconf 78' lang='grc' dir='ltr'>ἐρωτᾷ,</span> <span class='ocrx_word' id='word_1_297' title='bbox 569 1107 632 1133; x_wconf 76' lang='grc' dir='ltr'><strong>Ἐὰν</strong></span> <span class='ocrx_word' id='word_1_298' title='bbox 657 1106 686 1132; x_wconf 80' lang='grc' dir='ltr'><strong>δὲ</strong></span> <span class='ocrx_word' id='word_1_299' title='bbox 708 1115 749 1137; x_wconf 83' lang='grc' dir='ltr'><strong>τις</strong></span> <span class='ocrx_word' id='word_1_300' title='bbox 771 1106 955 1141; x_wconf 76' lang='grc' dir='ltr'>μεμιασμένος</span> 
     </span>
    </p>
   </div>
   <div class='ocr_carea' id='block_1_40' title="bbox 149 1149 954 1188">
    <p class='ocr_par' dir='ltr' id='par_1_40' title="bbox 149 1149 954 1188">
     <span class='ocr_line' id='line_1_40' title="bbox 149 1149 954 1188; baseline -0.005 -8"><span class='ocrx_word' id='word_1_301' title='bbox 149 1153 200 1187; x_wconf 63' lang='grc' dir='ltr'><strong>ἔφ’</strong></span> <span class='ocrx_word' id='word_1_302' title='bbox 218 1153 274 1188; x_wconf 78' lang='grc' dir='ltr'><strong>ὅτῳ</strong></span> <span class='ocrx_word' id='word_1_303' title='bbox 298 1152 399 1188; x_wconf 85' lang='grc' dir='ltr'>δήποτε</span> <span class='ocrx_word' id='word_1_304' title='bbox 418 1152 521 1187; x_wconf 69' lang='grc' dir='ltr'>ἅψηται</span> <span class='ocrx_word' id='word_1_305' title='bbox 538 1152 592 1179; x_wconf 78' lang='grc' dir='ltr'><strong>τῶν</strong></span> <span class='ocrx_word' id='word_1_306' title='bbox 610 1151 754 1182; x_wconf 73' lang='grc' dir='ltr'>τοιούτων,</span> <span class='ocrx_word' id='word_1_307' title='bbox 779 1151 878 1186; x_wconf 78' lang='grc' dir='ltr'>μιαίνει</span> <span class='ocrx_word' id='word_1_308' title='bbox 898 1149 954 1186; x_wconf 71' lang='grc' dir='ltr'>ἆρα</span> 
     </span>
    </p>
   </div>
   <div class='ocr_carea' id='block_1_41' title="bbox 149 1194 954 1234">
    <p class='ocr_par' dir='ltr' id='par_1_41' title="bbox 149 1194 954 1234">
     <span class='ocr_line' id='line_1_41' title="bbox 149 1194 954 1234; baseline -0.005 -9"><span class='ocrx_word' id='word_1_309' title='bbox 149 1198 270 1230; x_wconf 81' lang='grc' dir='ltr'>πάντως</span> <span class='ocrx_word' id='word_1_310' title='bbox 286 1197 366 1230; x_wconf 82' lang='grc' dir='ltr'>αὐτὰ,</span> <span class='ocrx_word' id='word_1_311' title='bbox 387 1197 404 1234; x_wconf 85' lang='grc' dir='ltr'>ἢ</span> <span class='ocrx_word' id='word_1_312' title='bbox 419 1197 465 1230; x_wconf 74' lang='grc' dir='ltr'>οὖ;</span> <span class='ocrx_word' id='word_1_313' title='bbox 482 1199 513 1223; x_wconf 77' lang='grc' dir='ltr'><strong>Οἱ</strong></span> <span class='ocrx_word' id='word_1_314' title='bbox 528 1198 555 1224; x_wconf 73' lang='grc' dir='ltr'><strong>δὲ</strong></span> <span class='ocrx_word' id='word_1_315' title='bbox 574 1194 680 1231; x_wconf 64' lang='grc' dir='ltr'>ἔφασαν</span> <span class='ocrx_word' id='word_1_316' title='bbox 704 1196 830 1232; x_wconf 78' lang='grc' dir='ltr'>μιαίνειν.</span> <span class='ocrx_word' id='word_1_317' title='bbox 858 1195 954 1222; x_wconf 82' lang='grc' dir='ltr'><strong>’116ου-</strong></span> 
     </span>
    </p>
   </div>
   <div class='ocr_carea' id='block_1_42' title="bbox 148 1241 953 1282">
    <p class='ocr_par' dir='ltr' id='par_1_42' title="bbox 148 1241 953 1282">
     <span class='ocr_line' id='line_1_42' title="bbox 148 1241 953 1282; baseline -0.006 -10"><span class='ocrx_word' id='word_1_318' title='bbox 148 1245 227 1282; x_wconf 78' lang='grc' dir='ltr'>λήθη</span> <span class='ocrx_word' id='word_1_319' title='bbox 241 1244 271 1272; x_wconf 84' lang='grc' dir='ltr'><strong>δὲ</strong></span> <span class='ocrx_word' id='word_1_320' title='bbox 285 1243 330 1271; x_wconf 81' lang='grc' dir='ltr'><strong>διὰ</strong></span> <span class='ocrx_word' id='word_1_321' title='bbox 344 1244 447 1270; x_wconf 81' lang='grc' dir='ltr'>τούτων</span> <span class='ocrx_word' id='word_1_322' title='bbox 460 1244 547 1270; x_wconf 81' lang='grc' dir='ltr'>εἰπεῖν</span> <span class='ocrx_word' id='word_1_323' title='bbox 567 1243 620 1275; x_wconf 83' lang='grc' dir='ltr'>ὅτι,</span> <span class='ocrx_word' id='word_1_324' title='bbox 637 1244 743 1277; x_wconf 83' lang='grc' dir='ltr'>’Ὥσπερ</span> <span class='ocrx_word' id='word_1_325' title='bbox 759 1242 789 1268; x_wconf 85' lang='grc' dir='ltr'>τὺ</span> <span class='ocrx_word' id='word_1_326' title='bbox 809 1242 891 1276; x_wconf 76' lang='grc' dir='ltr'>ἄκρον</span> <span class='ocrx_word' id='word_1_327' title='bbox 907 1241 953 1267; x_wconf 84' lang='grc' dir='ltr'><strong>τοῦ</strong></span> 
     </span>
    </p>
   </div>
   <div class='ocr_carea' id='block_1_43' title="bbox 152 1287 954 1326">
    <p class='ocr_par' dir='ltr' id='par_1_43' title="bbox 152 1287 954 1326">
     <span class='ocr_line' id='line_1_43' title="bbox 152 1287 954 1326; baseline -0.005 -9"><span class='ocrx_word' id='word_1_328' title='bbox 152 1290 279 1326; x_wconf 77' lang='grc' dir='ltr'>ἱματίου,</span> <span class='ocrx_word' id='word_1_329' title='bbox 295 1290 325 1316; x_wconf 80' lang='grc' dir='ltr'><strong>οὺ</strong></span> <span class='ocrx_word' id='word_1_330' title='bbox 340 1289 384 1316; x_wconf 77' lang='grc' dir='ltr'><strong>διὰ</strong></span> <span class='ocrx_word' id='word_1_331' title='bbox 398 1289 429 1316; x_wconf 83' lang='grc' dir='ltr'><strong>τὸ</strong></span> <span class='ocrx_word' id='word_1_332' title='bbox 447 1289 620 1324; x_wconf 76' lang='grc' dir='ltr'>ἐπικείμενον</span> <span class='ocrx_word' id='word_1_333' title='bbox 636 1288 712 1321; x_wconf 77' lang='grc' dir='ltr'>ἅγιον</span> <span class='ocrx_word' id='word_1_334' title='bbox 731 1287 854 1321; x_wconf 82' lang='grc' dir='ltr'>ἁγιάζειν</span> <span class='ocrx_word' id='word_1_335' title='bbox 874 1287 954 1313; x_wconf 74' lang='grc' dir='ltr'>δύνα-</span> 
     </span>
    </p>
   </div>
   <div class='ocr_carea' id='block_1_44' title="bbox 150 1332 953 1372">
    <p class='ocr_par' dir='ltr' id='par_1_44' title="bbox 150 1332 953 1372">
     <span class='ocr_line' id='line_1_44' title="bbox 150 1332 953 1372; baseline -0.007 -8"><span class='ocrx_word' id='word_1_336' title='bbox 150 1346 202 1364; x_wconf 82' lang='grc' dir='ltr'><strong>ται</strong></span> <span class='ocrx_word' id='word_1_337' title='bbox 213 1337 246 1364; x_wconf 81' lang='grc' dir='ltr'><strong>τὸ</strong></span> <span class='ocrx_word' id='word_1_338' title='bbox 257 1336 450 1372; x_wconf 82' lang='grc' dir='ltr'>προσεγγίζον,</span> <span class='ocrx_word' id='word_1_339' title='bbox 465 1337 479 1362; x_wconf 84' lang='grc' dir='ltr'>ὀ</span> <span class='ocrx_word' id='word_1_340' title='bbox 495 1335 681 1371; x_wconf 80' lang='grc' dir='ltr'>μεμιασμένος</span> <span class='ocrx_word' id='word_1_341' title='bbox 695 1334 722 1360; x_wconf 74' lang='grc' dir='ltr'><strong>δὲ</strong></span> <span class='ocrx_word' id='word_1_342' title='bbox 737 1333 888 1369; x_wconf 78' lang='grc' dir='ltr'>ἁπτόμενος</span> <span class='ocrx_word' id='word_1_343' title='bbox 900 1332 953 1359; x_wconf 80' lang='grc' dir='ltr'><strong>τῶν</strong></span> 
     </span>
    </p>
   </div>
   <div class='ocr_carea' id='block_1_45' title="bbox 150 1379 953 1419">
    <p class='ocr_par' dir='ltr' id='par_1_45' title="bbox 150 1379 953 1419">
     <span class='ocr_line' id='line_1_45' title="bbox 150 1379 953 1419; baseline -0.007 -8"><span class='ocrx_word' id='word_1_344' title='bbox 150 1383 289 1411; x_wconf 76' lang='grc' dir='ltr'>τοιούτων</span> <span class='ocrx_word' id='word_1_345' title='bbox 311 1383 414 1419; x_wconf 87' lang='grc' dir='ltr'>μιαίνει</span> <span class='ocrx_word' id='word_1_346' title='bbox 438 1382 546 1413; x_wconf 83' lang='grc' dir='ltr'>πάντως</span> <span class='ocrx_word' id='word_1_347' title='bbox 568 1382 652 1411; x_wconf 74' lang='grc' dir='ltr'>αὐτὰ,</span> <span class='ocrx_word' id='word_1_348' title='bbox 672 1381 742 1407; x_wconf 61' lang='grc' dir='ltr'>οὕτω</span> <span class='ocrx_word' id='word_1_349' title='bbox 765 1381 818 1416; x_wconf 75' lang='grc' dir='ltr'><strong>χρὴ</strong></span> <span class='ocrx_word' id='word_1_350' title='bbox 833 1379 953 1414; x_wconf 80' lang='grc' dir='ltr'>νομίζειν</span> 
     </span>
    </p>
   </div>
   <div class='ocr_carea' id='block_1_46' title="bbox 150 1426 954 1465">
    <p class='ocr_par' dir='ltr' id='par_1_46' title="bbox 150 1426 954 1465">
     <span class='ocr_line' id='line_1_46' title="bbox 150 1426 954 1465; baseline -0.006 -7"><span class='ocrx_word' id='word_1_351' title='bbox 150 1430 204 1458; x_wconf 72' lang='grc' dir='ltr'>καὶ</span> <span class='ocrx_word' id='word_1_352' title='bbox 214 1430 288 1465; x_wconf 79' lang='grc' dir='ltr'>ὑμᾶς</span> <span class='ocrx_word' id='word_1_353' title='bbox 298 1429 469 1464; x_wconf 82' lang='grc' dir='ltr'>ἁπτομένους</span> <span class='ocrx_word' id='word_1_354' title='bbox 481 1427 642 1463; x_wconf 75' lang='grc' dir='ltr'>προχείρως,</span> <span class='ocrx_word' id='word_1_355' title='bbox 658 1434 695 1463; x_wconf 71' lang='grc' dir='ltr'>ιι).</span> <span class='ocrx_word' id='word_1_356' title='bbox 708 1427 769 1461; x_wconf 70' lang='grc'><strong>426)</strong></span> <span class='ocrx_word' id='word_1_357' title='bbox 784 1428 829 1454; x_wconf 63' lang='grc' dir='ltr'>καὶ</span> <span class='ocrx_word' id='word_1_358' title='bbox 839 1427 869 1453; x_wconf 73' lang='grc' dir='ltr'>οὐ</span> <span class='ocrx_word' id='word_1_359' title='bbox 885 1426 954 1462; x_wconf 81' lang='grc' dir='ltr'>μετὰ</span> 
     </span>
    </p>
   </div>
   <div class='ocr_carea' id='block_1_47' title="bbox 149 1473 951 1512">
    <p class='ocr_par' dir='ltr' id='par_1_47' title="bbox 149 1473 951 1512">
     <span class='ocr_line' id='line_1_47' title="bbox 149 1473 951 1512; baseline -0.005 -9"><span class='ocrx_word' id='word_1_360' title='bbox 149 1475 203 1503; x_wconf 72' lang='grc' dir='ltr'>τοῦ</span> <span class='ocrx_word' id='word_1_361' title='bbox 217 1476 404 1512; x_wconf 79' lang='grc' dir='ltr'>προσήκοντος</span> <span class='ocrx_word' id='word_1_362' title='bbox 421 1474 592 1509; x_wconf 78' lang='grc' dir='ltr'>σεὸάσματος</span> <span class='ocrx_word' id='word_1_363' title='bbox 605 1473 658 1500; x_wconf 83' lang='grc' dir='ltr'><strong>τῶν</strong></span> <span class='ocrx_word' id='word_1_364' title='bbox 674 1473 818 1510; x_wconf 74' lang='grc' dir='ltr'>ἱερατικῶν</span> <span class='ocrx_word' id='word_1_365' title='bbox 833 1473 951 1504; x_wconf 81' lang='grc' dir='ltr'>σκευῶν,</span> 
     </span>
    </p>
   </div>
   <div class='ocr_carea' id='block_1_48' title="bbox 148 1520 953 1558">
    <p class='ocr_par' dir='ltr' id='par_1_48' title="bbox 148 1520 953 1558">
     <span class='ocr_line' id='line_1_48' title="bbox 148 1520 953 1558; baseline -0.006 -7"><span class='ocrx_word' id='word_1_366' title='bbox 148 1523 170 1558; x_wconf 79' lang='grc' dir='ltr'>ἢ</span> <span class='ocrx_word' id='word_1_367' title='bbox 196 1522 253 1550; x_wconf 85' lang='grc' dir='ltr'><strong>τῶν</strong></span> <span class='ocrx_word' id='word_1_368' title='bbox 268 1523 343 1554; x_wconf 82' lang='grc' dir='ltr'>ὅπως</span> <span class='ocrx_word' id='word_1_369' title='bbox 359 1522 425 1549; x_wconf 72' lang='grc' dir='ltr'>ποτε</span> <span class='ocrx_word' id='word_1_370' title='bbox 446 1521 485 1556; x_wconf 83' lang='grc' dir='ltr'>τῷ</span> <span class='ocrx_word' id='word_1_371' title='bbox 501 1520 561 1556; x_wconf 86' lang='grc' dir='ltr'><strong>Θεῷ</strong></span> <span class='ocrx_word' id='word_1_372' title='bbox 586 1520 787 1555; x_wconf 78' lang='grc' dir='ltr'>προσηκόντων,</span> <span class='ocrx_word' id='word_1_373' title='bbox 807 1521 847 1547; x_wconf 78' lang='grc' dir='ltr'><strong>ὅτι</strong></span> <span class='ocrx_word' id='word_1_374' title='bbox 867 1520 915 1555; x_wconf 80' lang='grc' dir='ltr'>οὐχ</span> <span class='ocrx_word' id='word_1_375' title='bbox 940 1521 953 1546; x_wconf 80' lang='grc' dir='ltr'><strong>ὁ</strong></span> 
     </span>
    </p>
   </div>
   <div class='ocr_carea' id='block_1_49' title="bbox 150 1565 951 1602">
    <p class='ocr_par' dir='ltr' id='par_1_49' title="bbox 150 1565 951 1602">
     <span class='ocr_line' id='line_1_49' title="bbox 150 1565 951 1602; baseline -0.006 -6"><span class='ocrx_word' id='word_1_376' title='bbox 150 1568 271 1596; x_wconf 70' lang='grc' dir='ltr'>ἐκείνων</span> <span class='ocrx_word' id='word_1_377' title='bbox 284 1567 421 1602; x_wconf 80' lang='grc' dir='ltr'>ἁγιασμὸς</span> <span class='ocrx_word' id='word_1_378' title='bbox 439 1567 511 1602; x_wconf 77' lang='grc' dir='ltr'>ὑμᾶς</span> <span class='ocrx_word' id='word_1_379' title='bbox 532 1565 650 1600; x_wconf 77' lang='grc' dir='ltr'>ἁγιάζει,</span> <span class='ocrx_word' id='word_1_380' title='bbox 671 1566 685 1591; x_wconf 86' lang='grc' dir='ltr'><strong>ὀ</strong></span> <span class='ocrx_word' id='word_1_381' title='bbox 699 1566 727 1592; x_wconf 76' lang='grc' dir='ltr'>δὲ</span> <span class='ocrx_word' id='word_1_382' title='bbox 742 1565 874 1600; x_wconf 84' lang='grc' dir='ltr'>ὑμέτερος</span> <span class='ocrx_word' id='word_1_383' title='bbox 888 1566 951 1601; x_wconf 81' lang='grc' dir='ltr'>τρό-</span> 
     </span>
    </p>
   </div>
   <div class='ocr_carea' id='block_1_50' title="bbox 150 1610 952 1649">
    <p class='ocr_par' dir='ltr' id='par_1_50' title="bbox 150 1610 952 1649">
     <span class='ocr_line' id='line_1_50' title="bbox 150 1610 952 1649; baseline -0.005 -9"><span class='ocrx_word' id='word_1_384' title='bbox 150 1622 207 1647; x_wconf 67' lang='grc' dir='ltr'><strong>πος</strong></span> <span class='ocrx_word' id='word_1_385' title='bbox 225 1613 414 1649; x_wconf 83' lang='grc' dir='ltr'>μεμιασμένος</span> <span class='ocrx_word' id='word_1_386' title='bbox 427 1611 464 1638; x_wconf 84' lang='grc' dir='ltr'><strong>ὢν</strong></span> <span class='ocrx_word' id='word_1_387' title='bbox 475 1611 554 1648; x_wconf 75' lang='grc' dir='ltr'>ὓϐριν</span> <span class='ocrx_word' id='word_1_388' title='bbox 570 1611 766 1647; x_wconf 79' lang='grc' dir='ltr'>προστρίϐεται</span> <span class='ocrx_word' id='word_1_389' title='bbox 782 1612 838 1642; x_wconf 87' lang='grc' dir='ltr'>τοῖς</span> <span class='ocrx_word' id='word_1_390' title='bbox 854 1610 952 1644; x_wconf 81' lang='grc' dir='ltr'>ἁγίοις,</span> 
     </span>
    </p>
   </div>
   <div class='ocr_carea' id='block_1_51' title="bbox 150 1657 954 1696">
    <p class='ocr_par' dir='ltr' id='par_1_51' title="bbox 150 1657 954 1696">
     <span class='ocr_line' id='line_1_51' title="bbox 150 1657 954 1696; baseline -0.007 -8"><span class='ocrx_word' id='word_1_391' title='bbox 150 1661 238 1696; x_wconf 75' lang='grc' dir='ltr'>εἴπερ</span> <span class='ocrx_word' id='word_1_392' title='bbox 253 1658 301 1686; x_wconf 73' lang='grc' dir='ltr'>οὖν</span> <span class='ocrx_word' id='word_1_393' title='bbox 317 1659 407 1685; x_wconf 85' lang='grc' dir='ltr'>αὐτῶν</span> <span class='ocrx_word' id='word_1_394' title='bbox 428 1658 480 1690; x_wconf 78' lang='grc' dir='ltr'>ἔξω</span> <span class='ocrx_word' id='word_1_395' title='bbox 498 1658 544 1684; x_wconf 80' lang='grc' dir='ltr'>τοῦ</span> <span class='ocrx_word' id='word_1_396' title='bbox 562 1658 749 1692; x_wconf 81' lang='grc' dir='ltr'>προσήκοντος</span> <span class='ocrx_word' id='word_1_397' title='bbox 771 1657 954 1691; x_wconf 72' lang='grc' dir='ltr'>ἐφαπτόμενοι</span> 
     </span>
    </p>
   </div>
   <div class='ocr_carea' id='block_1_52' title="bbox 151 1702 952 1743">
    <p class='ocr_par' dir='ltr' id='par_1_52' title="bbox 151 1702 952 1743">
     <span class='ocr_line' id='line_1_52' title="bbox 151 1702 952 1743; baseline -0.006 -10"><span class='ocrx_word' id='word_1_398' title='bbox 151 1705 310 1743; x_wconf 79' lang='grc' dir='ltr'>φαίνοισθε.</span> <span class='ocrx_word' id='word_1_399' title='bbox 324 1704 406 1732; x_wconf 85' lang='grc' dir='ltr'>Ὅθεν</span> <span class='ocrx_word' id='word_1_400' title='bbox 417 1704 465 1731; x_wconf 76' lang='grc' dir='ltr'>καὶ</span> <span class='ocrx_word' id='word_1_401' title='bbox 478 1705 492 1730; x_wconf 90' lang='grc' dir='ltr'><strong><em>ὁ</em></strong></span> <span class='ocrx_word' id='word_1_402' title='bbox 507 1704 649 1739; x_wconf 71' lang='grc' dir='ltr'>προφήτης</span> <span class='ocrx_word' id='word_1_403' title='bbox 661 1703 840 1738; x_wconf 81' lang='grc' dir='ltr'>ἀποκρίνεται</span> <span class='ocrx_word' id='word_1_404' title='bbox 855 1703 892 1734; x_wconf 89' lang='grc' dir='ltr'>ὠς</span> <span class='ocrx_word' id='word_1_405' title='bbox 906 1702 952 1729; x_wconf 76' lang='grc' dir='ltr'>τοῦ</span> 
     </span>
    </p>
   </div>
   <div class='ocr_carea' id='block_1_53' title="bbox 151 1747 954 1783">
    <p class='ocr_par' dir='ltr' id='par_1_53' title="bbox 151 1747 954 1783">
     <span class='ocr_line' id='line_1_53' title="bbox 151 1747 954 1783; baseline -0.009 -3"><span class='ocrx_word' id='word_1_406' title='bbox 151 1750 225 1780; x_wconf 79' lang='grc' dir='ltr'>θεοῦ</span> <span class='ocrx_word' id='word_1_407' title='bbox 250 1750 376 1782; x_wconf 80' lang='grc' dir='ltr'>είπόντος</span> <span class='ocrx_word' id='word_1_408' title='bbox 394 1749 453 1781; x_wconf 84' lang='grc' dir='ltr'>ὅτι,</span> <span class='ocrx_word' id='word_1_409' title='bbox 477 1749 588 1775; x_wconf 77' lang='grc' dir='ltr'>Τοιοῦτο</span> <span class='ocrx_word' id='word_1_410' title='bbox 613 1748 644 1783; x_wconf 85' lang='grc' dir='ltr'><strong>δὴ</strong></span> <span class='ocrx_word' id='word_1_411' title='bbox 667 1749 713 1774; x_wconf 74' lang='grc' dir='ltr'><strong>καὶ</strong></span> <span class='ocrx_word' id='word_1_412' title='bbox 738 1748 768 1773; x_wconf 76' lang='grc' dir='ltr'>τὺ</span> <span class='ocrx_word' id='word_1_413' title='bbox 791 1749 856 1782; x_wconf 82' lang='grc' dir='ltr'>παρ’</span> <span class='ocrx_word' id='word_1_414' title='bbox 877 1747 954 1782; x_wconf 81' lang='grc' dir='ltr'>ὑμῶν</span> 
     </span>
    </p>
   </div>
   <div class='ocr_carea' id='block_1_54' title="bbox 154 1793 952 1832">
    <p class='ocr_par' dir='ltr' id='par_1_54' title="bbox 154 1793 952 1832">
     <span class='ocr_line' id='line_1_54' title="bbox 154 1793 952 1832; baseline -0.008 -8"><span class='ocrx_word' id='word_1_415' title='bbox 154 1796 301 1832; x_wconf 79' lang='grc' dir='ltr'>γινόμενον</span> <span class='ocrx_word' id='word_1_416' title='bbox 311 1794 395 1827; x_wconf 79' lang='grc' dir='ltr'>ἐστιν,</span> <span class='ocrx_word' id='word_1_417' title='bbox 409 1794 447 1820; x_wconf 82' lang='grc' dir='ltr'><strong>ὅτ’</strong></span> <span class='ocrx_word' id='word_1_418' title='bbox 460 1794 492 1820; x_wconf 79' lang='grc' dir='ltr'><strong>ἂν</strong></span> <span class='ocrx_word' id='word_1_419' title='bbox 503 1793 627 1828; x_wconf 79' lang='grc' dir='ltr'>ἆπτησθὲ</span> <span class='ocrx_word' id='word_1_420' title='bbox 642 1801 713 1824; x_wconf 82' lang='grc' dir='ltr'>τινος</span> <span class='ocrx_word' id='word_1_421' title='bbox 723 1793 777 1819; x_wconf 85' lang='grc' dir='ltr'><strong>τῶν</strong></span> <span class='ocrx_word' id='word_1_422' title='bbox 792 1794 853 1828; x_wconf 72' lang='grc' dir='ltr'>ἐμοὶ</span> <span class='ocrx_word' id='word_1_423' title='bbox 869 1801 952 1827; x_wconf 83' lang='grc' dir='ltr'>προσ-</span> 
     </span>
    </p>
   </div>
   <div class='ocr_carea' id='block_1_55' title="bbox 152 1839 953 1879">
    <p class='ocr_par' dir='ltr' id='par_1_55' title="bbox 152 1839 953 1879">
     <span class='ocr_line' id='line_1_55' title="bbox 152 1839 953 1879; baseline -0.006 -10"><span class='ocrx_word' id='word_1_424' title='bbox 152 1843 280 1879; x_wconf 67' lang='grc' dir='ltr'>ηκόντως</span> <span class='ocrx_word' id='word_1_425' title='bbox 304 1840 407 1874; x_wconf 85' lang='grc' dir='ltr'>ἁγίων·</span> <span class='ocrx_word' id='word_1_426' title='bbox 425 1839 495 1866; x_wconf 83' lang='grc' dir='ltr'>ὥστε</span> <span class='ocrx_word' id='word_1_427' title='bbox 524 1839 673 1875; x_wconf 81' lang='grc' dir='ltr'>προσήκειν</span> <span class='ocrx_word' id='word_1_428' title='bbox 695 1839 767 1873; x_wconf 77' lang='grc' dir='ltr'>ὑμᾶς</span> <span class='ocrx_word' id='word_1_429' title='bbox 795 1839 893 1865; x_wconf 70' lang='grc' dir='ltr'>εἰδέναι</span> <span class='ocrx_word' id='word_1_430' title='bbox 912 1840 953 1865; x_wconf 74' lang='grc' dir='ltr'>ὅτι</span> 
     </span>
    </p>
   </div>
   <div class='ocr_carea' id='block_1_56' title="bbox 154 1885 953 1922">
    <p class='ocr_par' dir='ltr' id='par_1_56' title="bbox 154 1885 953 1922">
     <span class='ocr_line' id='line_1_56' title="bbox 154 1885 953 1922; baseline -0.004 -7"><span class='ocrx_word' id='word_1_431' title='bbox 154 1889 212 1920; x_wconf 73' lang='grc' dir='ltr'><strong>πᾶς</strong></span> <span class='ocrx_word' id='word_1_432' title='bbox 228 1886 348 1922; x_wconf 76' lang='grc' dir='ltr'>ὲγγίζων</span> <span class='ocrx_word' id='word_1_433' title='bbox 363 1886 425 1921; x_wconf 76' lang='grc' dir='ltr'>ἐμοὶ</span> <span class='ocrx_word' id='word_1_434' title='bbox 440 1886 581 1920; x_wconf 75' lang='grc' dir='ltr'>(ἐγγίζειν</span> <span class='ocrx_word' id='word_1_435' title='bbox 603 1886 658 1920; x_wconf 81' lang='grc' dir='ltr'><strong>γὰρ</strong></span> <span class='ocrx_word' id='word_1_436' title='bbox 675 1886 737 1920; x_wconf 76' lang='grc' dir='ltr'>ἐμοὶ</span> <span class='ocrx_word' id='word_1_437' title='bbox 748 1885 820 1919; x_wconf 77' lang='grc' dir='ltr'>λέγω</span> <span class='ocrx_word' id='word_1_438' title='bbox 832 1905 839 1916; x_wconf 84' lang='grc'><strong>,</strong></span> <span class='ocrx_word' id='word_1_439' title='bbox 855 1886 885 1911; x_wconf 85' lang='grc' dir='ltr'><strong>τὸ</strong></span> <span class='ocrx_word' id='word_1_440' title='bbox 900 1886 953 1912; x_wconf 80' lang='grc' dir='ltr'><strong>τῶν</strong></span> 
     </span>
    </p>
   </div>
   <div class='ocr_carea' id='block_1_57' title="bbox 152 1931 951 1970">
    <p class='ocr_par' dir='ltr' id='par_1_57' title="bbox 152 1931 951 1970">
     <span class='ocr_line' id='line_1_57' title="bbox 152 1931 951 1970; baseline -0.005 -9"><span class='ocrx_word' id='word_1_441' title='bbox 152 1933 219 1970; x_wconf 70' lang='grc' dir='ltr'>ἐμοὶ</span> <span class='ocrx_word' id='word_1_442' title='bbox 233 1933 428 1968; x_wconf 79' lang='grc' dir='ltr'>προσηκόντων</span> <span class='ocrx_word' id='word_1_443' title='bbox 450 1940 480 1958; x_wconf 85' lang='grc' dir='ltr'><strong>τε</strong></span> <span class='ocrx_word' id='word_1_444' title='bbox 501 1932 548 1958; x_wconf 66' lang='grc' dir='ltr'><strong>καὶ</strong></span> <span class='ocrx_word' id='word_1_445' title='bbox 563 1931 753 1966; x_wconf 75' lang='grc' dir='ltr'>ἀνακειμένων</span> <span class='ocrx_word' id='word_1_446' title='bbox 774 1932 951 1966; x_wconf 71' lang='grc' dir='ltr'>ἐφάπτεσθαι)</span> 
     </span>
    </p>
   </div>
   <div class='ocr_carea' id='block_1_58' title="bbox 153 1976 953 2015">
    <p class='ocr_par' dir='ltr' id='par_1_58' title="bbox 153 1976 953 2015">
     <span class='ocr_line' id='line_1_58' title="bbox 153 1976 953 2015; baseline -0.005 -9"><span class='ocrx_word' id='word_1_447' title='bbox 153 1980 179 2006; x_wconf 76' lang='grc' dir='ltr'><strong>εί</strong></span> <span class='ocrx_word' id='word_1_448' title='bbox 191 1977 348 2015; x_wconf 81' lang='grc' dir='ltr'>προχείρως</span> <span class='ocrx_word' id='word_1_449' title='bbox 364 1978 411 2004; x_wconf 76' lang='grc' dir='ltr'>καὶ</span> <span class='ocrx_word' id='word_1_450' title='bbox 425 1977 454 2003; x_wconf 74' lang='grc' dir='ltr'>ἐν</span> <span class='ocrx_word' id='word_1_451' title='bbox 469 1977 585 2012; x_wconf 74' lang='grc' dir='ltr'>ἀμελείᾳ</span> <span class='ocrx_word' id='word_1_452' title='bbox 599 1976 647 2003; x_wconf 72' lang='grc' dir='ltr'><strong>καὶ</strong></span> <span class='ocrx_word' id='word_1_453' title='bbox 659 1977 859 2011; x_wconf 77' lang='grc' dir='ltr'>καταφρονήσει</span> <span class='ocrx_word' id='word_1_454' title='bbox 874 1976 953 2003; x_wconf 83' lang='grc' dir='ltr'>τοῦτο</span> 
     </span>
    </p>
   </div>
   <div class='ocr_carea' id='block_1_59' title="bbox 153 2022 952 2061">
    <p class='ocr_par' dir='ltr' id='par_1_59' title="bbox 153 2022 952 2061">
     <span class='ocr_line' id='line_1_59' title="bbox 153 2022 952 2061; baseline -0.006 -8"><span class='ocrx_word' id='word_1_455' title='bbox 153 2025 260 2061; x_wconf 72' lang='grc' dir='ltr'><strong>¹ινοιοίη,</strong></span> <span class='ocrx_word' id='word_1_456' title='bbox 277 2025 309 2051; x_wconf 89' lang='grc' dir='ltr'><strong>οὺ</strong></span> <span class='ocrx_word' id='word_1_457' title='bbox 333 2024 414 2059; x_wconf 79' lang='grc' dir='ltr'>μόνον</span> <span class='ocrx_word' id='word_1_458' title='bbox 433 2023 542 2054; x_wconf 76' lang='grc' dir='ltr'>οὐθενὸς</span> <span class='ocrx_word' id='word_1_459' title='bbox 563 2022 695 2048; x_wconf 81' lang='grc' dir='ltr'>ἀπολαύει</span> <span class='ocrx_word' id='word_1_460' title='bbox 719 2023 832 2058; x_wconf 80' lang='grc' dir='ltr'>κέρδους</span> <span class='ocrx_word' id='word_1_461' title='bbox 851 2024 883 2049; x_wconf 84' lang='grc' dir='ltr'><strong>ἐκ</strong></span> <span class='ocrx_word' id='word_1_462' title='bbox 903 2024 952 2058; x_wconf 85' lang='grc' dir='ltr'>τῆς</span> 
     </span>
    </p>
   </div>
   <div class='ocr_carea' id='block_1_60' title="bbox 153 2068 952 2107">
    <p class='ocr_par' dir='ltr' id='par_1_60' title="bbox 153 2068 952 2107">
     <span class='ocr_line' id='line_1_60' title="bbox 153 2068 952 2107; baseline -0.004 -10"><span class='ocrx_word' id='word_1_463' title='bbox 153 2071 240 2107; x_wconf 75' lang='grc' dir='ltr'><strong>ἁφῆς.</strong></span> <span class='ocrx_word' id='word_1_464' title='bbox 256 2070 326 2097; x_wconf 72' lang='grc' dir='ltr'>ἀλλὰ</span> <span class='ocrx_word' id='word_1_465' title='bbox 345 2070 400 2104; x_wconf 81' lang='grc' dir='ltr'><strong>γὰρ</strong></span> <span class='ocrx_word' id='word_1_466' title='bbox 417 2069 464 2096; x_wconf 78' lang='grc' dir='ltr'><strong>καὶ</strong></span> <span class='ocrx_word' id='word_1_467' title='bbox 481 2068 625 2104; x_wconf 72' lang='grc' dir='ltr'>μολύνεται</span> <span class='ocrx_word' id='word_1_468' title='bbox 641 2068 892 2104; x_wconf 81' lang='grc' dir='ltr'>προσαδικούμενος</span> <span class='ocrx_word' id='word_1_469' title='bbox 905 2069 952 2095; x_wconf 80' lang='grc' dir='ltr'>καὶ</span> 
     </span>
    </p>
   </div>
   <div class='ocr_carea' id='block_1_61' title="bbox 154 2112 966 2153">
    <p class='ocr_par' dir='ltr' id='par_1_61' title="bbox 154 2112 966 2153">
     <span class='ocr_line' id='line_1_61' title="bbox 154 2112 966 2153; baseline -0.006 -9"><span class='ocrx_word' id='word_1_470' title='bbox 154 2115 417 2153; x_wconf 79' lang='grc' dir='ltr'>προσσλαπτόμενος</span> <span class='ocrx_word' id='word_1_471' title='bbox 427 2135 433 2147; x_wconf 88' lang='grc'><strong>,</strong></span> <span class='ocrx_word' id='word_1_472' title='bbox 451 2115 519 2150; x_wconf 77' lang='grc' dir='ltr'>ὑπὲρ</span> <span class='ocrx_word' id='word_1_473' title='bbox 537 2112 574 2141; x_wconf 80' lang='grc' dir='ltr'>ὧν</span> <span class='ocrx_word' id='word_1_474' title='bbox 589 2113 642 2140; x_wconf 86' lang='grc' dir='ltr'><strong>τῶν</strong></span> <span class='ocrx_word' id='word_1_475' title='bbox 658 2113 744 2145; x_wconf 77' lang='grc' dir='ltr'>οὕτως</span> <span class='ocrx_word' id='word_1_476' title='bbox 760 2114 845 2147; x_wconf 76' lang='grc' dir='ltr'>ἁγίων</span> <span class='ocrx_word' id='word_1_477' title='bbox 863 2114 966 2149; x_wconf 50' lang='grc' dir='ltr'>ἥψατο</span> 
     </span>
    </p>
   </div>
   <div class='ocr_carea' id='block_1_62' title="bbox 152 2159 952 2200">
    <p class='ocr_par' dir='ltr' id='par_1_62' title="bbox 152 2159 952 2200">
     <span class='ocr_line' id='line_1_62' title="bbox 152 2159 952 2200; baseline -0.006 -10"><span class='ocrx_word' id='word_1_478' title='bbox 152 2162 320 2200; x_wconf 66' lang='grc' dir='ltr'>προχείρως.</span> <span class='ocrx_word' id='word_1_479' title='bbox 349 2170 359 2187; x_wconf 80' lang='grc' dir='ltr'><strong>ι</strong></span> <span class='ocrx_word' id='word_1_480' title='bbox 386 2161 500 2188; x_wconf 80' lang='grc' dir='ltr'>Ἕνεκεν</span> <span class='ocrx_word' id='word_1_481' title='bbox 524 2160 578 2187; x_wconf 85' lang='grc' dir='ltr'><strong>τῶν</strong></span> <span class='ocrx_word' id='word_1_482' title='bbox 605 2160 757 2195; x_wconf 81' lang='grc' dir='ltr'>λημμάτων</span> <span class='ocrx_word' id='word_1_483' title='bbox 782 2160 872 2187; x_wconf 75' lang='grc' dir='ltr'>αὐτῶν</span> <span class='ocrx_word' id='word_1_484' title='bbox 896 2159 952 2185; x_wconf 83' lang='grc' dir='ltr'><strong>τῶν</strong></span> 
     </span>
    </p>
   </div>
   <div class='ocr_carea' id='block_1_63' title="bbox 152 2204 950 2244">
    <p class='ocr_par' dir='ltr' id='par_1_63' title="bbox 152 2204 950 2244">
     <span class='ocr_line' id='line_1_63' title="bbox 152 2204 950 2244; baseline -0.008 -8"><span class='ocrx_word' id='word_1_485' title='bbox 152 2207 289 2244; x_wconf 76' lang='grc' dir='ltr'>ὀρθρινῶν</span> <span class='ocrx_word' id='word_1_486' title='bbox 317 2206 528 2242; x_wconf 79' lang='grc' dir='ltr'>ὀδυνηθήσονται</span> <span class='ocrx_word' id='word_1_487' title='bbox 553 2205 608 2232; x_wconf 76' lang='grc' dir='ltr'><strong>ἀπὸ</strong></span> <span class='ocrx_word' id='word_1_488' title='bbox 637 2205 784 2241; x_wconf 85' lang='grc' dir='ltr'>προσώπου</span> <span class='ocrx_word' id='word_1_489' title='bbox 813 2204 950 2240; x_wconf 79' lang='grc' dir='ltr'>πονηριῶν</span> 
     </span>
    </p>
   </div>
   <div class='ocr_carea' id='block_1_64' title="bbox 151 2250 949 2287">
    <p class='ocr_par' dir='ltr' id='par_1_64' title="bbox 151 2250 949 2287">
     <span class='ocr_line' id='line_1_64' title="bbox 151 2250 949 2287; baseline -0.009 -6"><span class='ocrx_word' id='word_1_490' title='bbox 151 2252 256 2286; x_wconf 80' lang='grc' dir='ltr'>αὐτῶν,</span> <span class='ocrx_word' id='word_1_491' title='bbox 271 2252 318 2279; x_wconf 72' lang='grc' dir='ltr'>καὶ</span> <span class='ocrx_word' id='word_1_492' title='bbox 339 2252 460 2287; x_wconf 79' lang='grc' dir='ltr'>ὲμισεῖτε</span> <span class='ocrx_word' id='word_1_493' title='bbox 480 2251 509 2276; x_wconf 79' lang='grc' dir='ltr'>ἐν</span> <span class='ocrx_word' id='word_1_494' title='bbox 526 2250 625 2282; x_wconf 80' lang='grc' dir='ltr'>πύλαις</span> <span class='ocrx_word' id='word_1_495' title='bbox 641 2250 812 2285; x_wconf 75' lang='grc' dir='ltr'>ἐλέγχοντας.</span> <span class='ocrx_word' id='word_1_496' title='bbox 841 2259 850 2274; x_wconf 73' lang='grc' dir='ltr'><strong>ι</strong></span> <span class='ocrx_word' id='word_1_497' title='bbox 871 2250 949 2284; x_wconf 83' lang='grc' dir='ltr'>Λημ-</span> 
     </span>
    </p>
   </div>
   <div class='ocr_carea' id='block_1_65' title="bbox 153 2294 947 2334">
    <p class='ocr_par' dir='ltr' id='par_1_65' title="bbox 153 2294 947 2334">
     <span class='ocr_line' id='line_1_65' title="bbox 153 2294 947 2334; baseline -0.008 -8"><span class='ocrx_word' id='word_1_498' title='bbox 153 2299 251 2334; x_wconf 77' lang='grc' dir='ltr'>μάτων</span> <span class='ocrx_word' id='word_1_499' title='bbox 269 2297 375 2331; x_wconf 84' lang='grc' dir='ltr'>αὐτῶν,</span> <span class='ocrx_word' id='word_1_500' title='bbox 395 2297 439 2324; x_wconf 83' lang='grc' dir='ltr'>ἶνα</span> <span class='ocrx_word' id='word_1_501' title='bbox 462 2296 528 2333; x_wconf 73' lang='grc' dir='ltr'>εἴπῃ</span> <span class='ocrx_word' id='word_1_502' title='bbox 552 2296 589 2327; x_wconf 87' lang='grc' dir='ltr'>ὼς</span> <span class='ocrx_word' id='word_1_503' title='bbox 618 2294 839 2330; x_wconf 74' lang='grc' dir='ltr'>ἐπελαμϐάνοντο</span> <span class='ocrx_word' id='word_1_504' title='bbox 863 2294 947 2330; x_wconf 85' lang='grc' dir='ltr'>πράτ-</span> 
     </span>
    </p>
   </div>
   <div class='ocr_carea' id='block_1_66' title="bbox 149 2338 949 2377">
    <p class='ocr_par' dir='ltr' id='par_1_66' title="bbox 149 2338 949 2377">
     <span class='ocr_line' id='line_1_66' title="bbox 149 2338 949 2377; baseline -0.006 -6"><span class='ocrx_word' id='word_1_505' title='bbox 149 2352 246 2376; x_wconf 80' lang='grc' dir='ltr'>τοντες</span> <span class='ocrx_word' id='word_1_506' title='bbox 258 2344 288 2370; x_wconf 84' lang='grc' dir='ltr'>οὐ</span> <span class='ocrx_word' id='word_1_507' title='bbox 301 2343 424 2374; x_wconf 81' lang='grc' dir='ltr'>δεόντως.</span> <span class='ocrx_word' id='word_1_508' title='bbox 444 2342 531 2377; x_wconf 80' lang='grc' dir='ltr'>Ὑπὲρ</span> <span class='ocrx_word' id='word_1_509' title='bbox 542 2342 596 2377; x_wconf 80' lang='grc' dir='ltr'><strong>γὰρ</strong></span> <span class='ocrx_word' id='word_1_510' title='bbox 607 2338 655 2373; x_wconf 85' lang='grc' dir='ltr'>ὧν,</span> <span class='ocrx_word' id='word_1_511' title='bbox 667 2341 761 2376; x_wconf 78' lang='grc' dir='ltr'>φησὶν,</span> <span class='ocrx_word' id='word_1_512' title='bbox 778 2342 949 2376; x_wconf 82' lang='grc' dir='ltr'>ὲπεχειρείτε</span> 
     </span>
    </p>
   </div>
   <div class='ocr_carea' id='block_1_67' title="bbox 151 2386 948 2426">
    <p class='ocr_par' dir='ltr' id='par_1_67' title="bbox 151 2386 948 2426">
     <span class='ocr_line' id='line_1_67' title="bbox 151 2386 948 2426; baseline -0.005 -10"><span class='ocrx_word' id='word_1_513' title='bbox 151 2389 287 2426; x_wconf 78' lang='grc' dir='ltr'>πράξεσιν</span> <span class='ocrx_word' id='word_1_514' title='bbox 303 2388 431 2420; x_wconf 85' lang='grc' dir='ltr'>ἀτόποις,</span> <span class='ocrx_word' id='word_1_515' title='bbox 447 2387 552 2423; x_wconf 75' lang='grc' dir='ltr'>ὅρθριοι</span> <span class='ocrx_word' id='word_1_516' title='bbox 569 2387 609 2419; x_wconf 82' lang='grc' dir='ltr'><strong>εἰς</strong></span> <span class='ocrx_word' id='word_1_517' title='bbox 627 2386 707 2413; x_wconf 82' lang='grc' dir='ltr'>τοῦτο</span> <span class='ocrx_word' id='word_1_518' title='bbox 724 2387 926 2421; x_wconf 85' lang='grc' dir='ltr'>διανιστάμενοι</span> <span class='ocrx_word' id='word_1_519' title='bbox 941 2407 948 2418; x_wconf 84' lang='grc'><strong>,</strong></span> 
     </span>
    </p>
   </div>
   <div class='ocr_carea' id='block_1_68' title="bbox 151 2434 944 2473">
    <p class='ocr_par' dir='ltr' id='par_1_68' title="bbox 151 2434 944 2473">
     <span class='ocr_line' id='line_1_68' title="bbox 151 2434 944 2473; baseline -0.005 -9"><span class='ocrx_word' id='word_1_520' title='bbox 151 2437 200 2464; x_wconf 72' lang='grc' dir='ltr'>καὶ</span> <span class='ocrx_word' id='word_1_521' title='bbox 213 2437 282 2473; x_wconf 73' lang='grc' dir='ltr'>μετὰ</span> <span class='ocrx_word' id='word_1_522' title='bbox 295 2437 385 2471; x_wconf 80' lang='grc' dir='ltr'>πάσης</span> <span class='ocrx_word' id='word_1_523' title='bbox 399 2436 434 2462; x_wconf 81' lang='grc' dir='ltr'>τὰ</span> <span class='ocrx_word' id='word_1_524' title='bbox 447 2436 535 2462; x_wconf 82' lang='grc' dir='ltr'>ἄτοπα</span> <span class='ocrx_word' id='word_1_525' title='bbox 547 2435 597 2470; x_wconf 80' lang='grc' dir='ltr'>τῆς</span> <span class='ocrx_word' id='word_1_526' title='bbox 611 2434 728 2469; x_wconf 81' lang='grc' dir='ltr'>σπουδῆς</span> <span class='ocrx_word' id='word_1_527' title='bbox 744 2434 944 2466; x_wconf 71' lang='grc' dir='ltr'>ἐπιτελοῦντες,</span> 
     </span>
    </p>
   </div>
   <div class='ocr_carea' id='block_1_69' title="bbox 1010 962 1804 992">
    <p class='ocr_par' dir='ltr' id='par_1_69' title="bbox 1010 962 1804 992">
     <span class='ocr_line' id='line_1_69' title="bbox 1010 962 1804 992; baseline 0.005 -4"><span class='ocrx_word' id='word_1_528' title='bbox 1010 962 1175 989; x_wconf 87' lang='lat' dir='ltr'><strong>munieando</strong></span> <span class='ocrx_word' id='word_1_529' title='bbox 1190 963 1266 990; x_wconf 85' lang='lat' dir='ltr'><strong>alteri</strong></span> <span class='ocrx_word' id='word_1_530' title='bbox 1284 971 1355 991; x_wconf 64' lang='lat' dir='ltr'><strong>escae</strong></span> <span class='ocrx_word' id='word_1_531' title='bbox 1366 964 1626 992; x_wconf 86' lang='lat' dir='ltr'><strong>sanetiticationcm.</strong></span> <span class='ocrx_word' id='word_1_532' title='bbox 1639 964 1700 991; x_wconf 83' lang='lat' dir='ltr'><strong>Mox</strong></span> <span class='ocrx_word' id='word_1_533' title='bbox 1712 965 1804 992; x_wconf 88' lang='lat' dir='ltr'><strong>denuo</strong></span> 
     </span>
    </p>
   </div>
   <div class='ocr_carea' id='block_1_70' title="bbox 1010 1006 1803 1044">
    <p class='ocr_par' dir='ltr' id='par_1_70' title="bbox 1010 1006 1803 1044">
     <span class='ocr_line' id='line_1_70' title="bbox 1010 1006 1803 1044; baseline 0.004 -11"><span class='ocrx_word' id='word_1_534' title='bbox 1010 1006 1158 1042; x_wconf 77' lang='lat' dir='ltr'><strong>interrogat</strong></span> <span class='ocrx_word' id='word_1_535' title='bbox 1178 1017 1184 1034; x_wconf 88' lang='lat'><strong>:</strong></span> <span class='ocrx_word' id='word_1_536' title='bbox 1207 1007 1235 1034; x_wconf 88' lang='lat' dir='ltr'><strong>Si</strong></span> <span class='ocrx_word' id='word_1_537' title='bbox 1260 1009 1322 1042; x_wconf 91' lang='lat' dir='ltr'><strong>quis</strong></span> <span class='ocrx_word' id='word_1_538' title='bbox 1341 1008 1590 1044; x_wconf 86' lang='lat' dir='ltr'><strong>quomodocnnque</strong></span> <span class='ocrx_word' id='word_1_539' title='bbox 1617 1010 1738 1044; x_wconf 89' lang='lat' dir='ltr'><strong>pollutus</strong></span> <span class='ocrx_word' id='word_1_540' title='bbox 1759 1018 1803 1037; x_wconf 74' lang='lat' dir='ltr'><strong>res</strong></span> 
     </span>
    </p>
   </div>
   <div class='ocr_carea' id='block_1_71' title="bbox 1009 1053 1891 1091">
    <p class='ocr_par' dir='ltr' id='par_1_71' title="bbox 1009 1053 1891 1091">
     <span class='ocr_line' id='line_1_71' title="bbox 1009 1053 1891 1091; baseline 0.006 -13"><span class='ocrx_word' id='word_1_541' title='bbox 1009 1053 1164 1087; x_wconf 88' lang='lat' dir='ltr'><strong>hujusmodi</strong></span> <span class='ocrx_word' id='word_1_542' title='bbox 1188 1054 1321 1088; x_wconf 77' lang='lat' dir='ltr'><strong>attigerit.</strong></span> <span class='ocrx_word' id='word_1_543' title='bbox 1339 1062 1402 1080; x_wconf 92' lang='lat' dir='ltr'><strong>num</strong></span> <span class='ocrx_word' id='word_1_544' title='bbox 1420 1054 1480 1082; x_wconf 88' lang='lat' dir='ltr'><strong>illas</strong></span> <span class='ocrx_word' id='word_1_545' title='bbox 1494 1055 1605 1082; x_wconf 85' lang='lat' dir='ltr'><strong>omnino</strong></span> <span class='ocrx_word' id='word_1_546' title='bbox 1616 1056 1803 1083; x_wconf 82' lang='lat' dir='ltr'><strong>contaminat?</strong></span> <span class='ocrx_word' id='word_1_547' title='bbox 1852 1087 1859 1091; x_wconf 32' lang='grc' dir='ltr'><strong>η</strong></span> <span class='ocrx_word' id='word_1_548' title='bbox 1890 1078 1891 1083; x_wconf 53' lang='grc' dir='ltr'><strong>η</strong></span> 
     </span>
    </p>
   </div>
   <div class='ocr_carea' id='block_1_72' title="bbox 1009 1097 1802 1136">
    <p class='ocr_par' dir='ltr' id='par_1_72' title="bbox 1009 1097 1802 1136">
     <span class='ocr_line' id='line_1_72' title="bbox 1009 1097 1802 1136; baseline 0.005 -12"><span class='ocrx_word' id='word_1_549' title='bbox 1009 1097 1048 1124; x_wconf 88' lang='lat' dir='ltr'><strong>Illi</strong></span> <span class='ocrx_word' id='word_1_550' title='bbox 1071 1107 1136 1126; x_wconf 84' lang='lat' dir='ltr'><strong>vero</strong></span> <span class='ocrx_word' id='word_1_551' title='bbox 1162 1100 1289 1127; x_wconf 83' lang='lat' dir='ltr'><strong>dixerunt</strong></span> <span class='ocrx_word' id='word_1_552' title='bbox 1304 1110 1310 1125; x_wconf 87' lang='lat'><strong><em>:</em></strong></span> <span class='ocrx_word' id='word_1_553' title='bbox 1325 1098 1510 1127; x_wconf 86' lang='lat' dir='ltr'><strong>Contaminat.</strong></span> <span class='ocrx_word' id='word_1_554' title='bbox 1534 1100 1626 1128; x_wconf 82' lang='lat' dir='ltr'><strong>Voluit</strong></span> <span class='ocrx_word' id='word_1_555' title='bbox 1647 1106 1738 1128; x_wconf 85' lang='lat' dir='ltr'><strong>autem</strong></span> <span class='ocrx_word' id='word_1_556' title='bbox 1754 1109 1802 1136; x_wconf 81' lang='lat' dir='ltr'><strong>per</strong></span> 
     </span>
    </p>
   </div>
   <div class='ocr_carea' id='block_1_73' title="bbox 1008 1145 1803 1183">
    <p class='ocr_par' dir='ltr' id='par_1_73' title="bbox 1008 1145 1803 1183">
     <span class='ocr_line' id='line_1_73' title="bbox 1008 1145 1803 1183; baseline 0.005 -12"><span class='ocrx_word' id='word_1_557' title='bbox 1008 1145 1065 1172; x_wconf 68' lang='lat' dir='ltr'><strong>haec</strong></span> <span class='ocrx_word' id='word_1_558' title='bbox 1079 1145 1181 1177; x_wconf 83' lang='lat' dir='ltr'><strong>dicere,</strong></span> <span class='ocrx_word' id='word_1_559' title='bbox 1195 1146 1269 1181; x_wconf 87' lang='lat' dir='ltr'><strong>quod</strong></span> <span class='ocrx_word' id='word_1_560' title='bbox 1281 1147 1437 1174; x_wconf 82' lang='lat' dir='ltr'><strong>vestimenti</strong></span> <span class='ocrx_word' id='word_1_561' title='bbox 1449 1147 1560 1182; x_wconf 88' lang='lat' dir='ltr'><strong>quidem</strong></span> <span class='ocrx_word' id='word_1_562' title='bbox 1577 1148 1721 1175; x_wconf 85' lang='lat' dir='ltr'><strong>summitas</strong></span> <span class='ocrx_word' id='word_1_563' title='bbox 1739 1156 1803 1183; x_wconf 91' lang='lat' dir='ltr'><strong>pro-</strong></span> 
     </span>
    </p>
   </div>
   <div class='ocr_carea' id='block_1_74' title="bbox 1006 1191 1801 1227">
    <p class='ocr_par' dir='ltr' id='par_1_74' title="bbox 1006 1191 1801 1227">
     <span class='ocr_line' id='line_1_74' title="bbox 1006 1191 1801 1227; baseline 0.004 -11"><span class='ocrx_word' id='word_1_564' title='bbox 1006 1193 1067 1224; x_wconf 82' lang='lat' dir='ltr'><strong>pter</strong></span> <span class='ocrx_word' id='word_1_565' title='bbox 1085 1197 1142 1217; x_wconf 91' lang='lat' dir='ltr'><strong>rem</strong></span> <span class='ocrx_word' id='word_1_566' title='bbox 1158 1194 1284 1217; x_wconf 89' lang='lat' dir='ltr'><strong>sanctam</strong></span> <span class='ocrx_word' id='word_1_567' title='bbox 1303 1191 1437 1219; x_wconf 87' lang='lat' dir='ltr'><strong>inclusam</strong></span> <span class='ocrx_word' id='word_1_568' title='bbox 1457 1192 1630 1220; x_wconf 85' lang='lat' dir='ltr'><strong>sanctiﬁcare</strong></span> <span class='ocrx_word' id='word_1_569' title='bbox 1646 1193 1801 1227; x_wconf 87' lang='lat' dir='ltr'><strong>proximum</strong></span> 
     </span>
    </p>
   </div>
   <div class='ocr_carea' id='block_1_75' title="bbox 1007 1235 1802 1279">
    <p class='ocr_par' dir='ltr' id='par_1_75' title="bbox 1007 1235 1802 1279">
     <span class='ocr_line' id='line_1_75' title="bbox 1007 1235 1802 1279; baseline 0.006 -18"><span class='ocrx_word' id='word_1_570' title='bbox 1007 1235 1108 1269; x_wconf 88' lang='lat' dir='ltr'><strong>aliquid</strong></span> <span class='ocrx_word' id='word_1_571' title='bbox 1131 1240 1267 1271; x_wconf 87' lang='lat' dir='ltr'><strong>nequeat;</strong></span> <span class='ocrx_word' id='word_1_572' title='bbox 1291 1236 1339 1264; x_wconf 90' lang='lat' dir='ltr'><strong>sed</strong></span> <span class='ocrx_word' id='word_1_573' title='bbox 1358 1237 1433 1272; x_wconf 87' lang='lat' dir='ltr'><strong>quod</strong></span> <span class='ocrx_word' id='word_1_574' title='bbox 1456 1238 1537 1265; x_wconf 88' lang='lat' dir='ltr'><strong>homo</strong></span> <span class='ocrx_word' id='word_1_575' title='bbox 1555 1238 1677 1279; x_wconf 74' lang='lat' dir='ltr'><strong>pollutus</strong></span> <span class='ocrx_word' id='word_1_576' title='bbox 1696 1240 1719 1266; x_wconf 90' lang='lat' dir='ltr'><strong>si</strong></span> <span class='ocrx_word' id='word_1_577' title='bbox 1736 1240 1802 1274; x_wconf 86' lang='lat' dir='ltr'><strong>quid</strong></span> 
     </span>
    </p>
   </div>
   <div class='ocr_carea' id='block_1_76' title="bbox 1006 1282 1802 1321">
    <p class='ocr_par' dir='ltr' id='par_1_76' title="bbox 1006 1282 1802 1321">
     <span class='ocr_line' id='line_1_76' title="bbox 1006 1282 1802 1321; baseline 0.006 -13"><span class='ocrx_word' id='word_1_578' title='bbox 1006 1282 1139 1316; x_wconf 83' lang='lat' dir='ltr'><strong>ejusmodi</strong></span> <span class='ocrx_word' id='word_1_579' title='bbox 1159 1287 1263 1317; x_wconf 83' lang='lat' dir='ltr'><strong>tangat,</strong></span> <span class='ocrx_word' id='word_1_580' title='bbox 1286 1283 1365 1318; x_wconf 84' lang='lat' dir='ltr'><strong>plane</strong></span> <span class='ocrx_word' id='word_1_581' title='bbox 1388 1284 1455 1310; x_wconf 92' lang='lat' dir='ltr'><strong>illud</strong></span> <span class='ocrx_word' id='word_1_582' title='bbox 1477 1285 1660 1313; x_wconf 78' lang='lat' dir='ltr'><strong>eontauiinet:</strong></span> <span class='ocrx_word' id='word_1_583' title='bbox 1687 1285 1802 1321; x_wconf 85' lang='lat' dir='ltr'><strong>ideoque</strong></span> 
     </span>
    </p>
   </div>
   <div class='ocr_carea' id='block_1_77' title="bbox 1005 1328 1801 1362">
    <p class='ocr_par' dir='ltr' id='par_1_77' title="bbox 1005 1328 1801 1362">
     <span class='ocr_line' id='line_1_77' title="bbox 1005 1328 1801 1362; baseline 0.003 -7"><span class='ocrx_word' id='word_1_584' title='bbox 1005 1328 1184 1360; x_wconf 86' lang='lat' dir='ltr'><strong>credendum,</strong></span> <span class='ocrx_word' id='word_1_585' title='bbox 1204 1328 1278 1362; x_wconf 88' lang='lat' dir='ltr'><strong>quod</strong></span> <span class='ocrx_word' id='word_1_586' title='bbox 1295 1328 1317 1355; x_wconf 88' lang='lat' dir='ltr'><strong>si</strong></span> <span class='ocrx_word' id='word_1_587' title='bbox 1334 1335 1383 1356; x_wconf 78' lang='lat' dir='ltr'><strong>vos</strong></span> <span class='ocrx_word' id='word_1_588' title='bbox 1400 1332 1513 1360; x_wconf 83' lang='lat' dir='ltr'><strong>temere,</strong></span> <span class='ocrx_word' id='word_1_589' title='bbox 1531 1333 1558 1356; x_wconf 89' lang='lat' dir='ltr'><strong>et</strong></span> <span class='ocrx_word' id='word_1_590' title='bbox 1573 1330 1633 1357; x_wconf 88' lang='lat' dir='ltr'><strong>sine</strong></span> <span class='ocrx_word' id='word_1_591' title='bbox 1652 1329 1743 1357; x_wconf 88' lang='lat' dir='ltr'><strong>debita</strong></span> <span class='ocrx_word' id='word_1_592' title='bbox 1758 1339 1801 1357; x_wconf 80' lang='lat' dir='ltr'><strong>re-</strong></span> 
     </span>
    </p>
   </div>
   <div class='ocr_carea' id='block_1_78' title="bbox 1006 1375 1802 1410">
    <p class='ocr_par' dir='ltr' id='par_1_78' title="bbox 1006 1375 1802 1410">
     <span class='ocr_line' id='line_1_78' title="bbox 1006 1375 1802 1410; baseline 0.004 -9"><span class='ocrx_word' id='word_1_593' title='bbox 1006 1375 1106 1410; x_wconf 86' lang='lat' dir='ltr'><strong>ligioue</strong></span> <span class='ocrx_word' id='word_1_594' title='bbox 1124 1382 1188 1402; x_wconf 88' lang='lat' dir='ltr'><strong>vasa</strong></span> <span class='ocrx_word' id='word_1_595' title='bbox 1213 1382 1304 1407; x_wconf 86' lang='lat' dir='ltr'><strong>sacra,</strong></span> <span class='ocrx_word' id='word_1_596' title='bbox 1329 1375 1370 1402; x_wconf 86' lang='lat' dir='ltr'><strong>vel</strong></span> <span class='ocrx_word' id='word_1_597' title='bbox 1391 1375 1524 1410; x_wconf 87' lang='lat' dir='ltr'><strong>quidquid</strong></span> <span class='ocrx_word' id='word_1_598' title='bbox 1540 1375 1633 1402; x_wconf 86' lang='lat' dir='ltr'><strong>divino</strong></span> <span class='ocrx_word' id='word_1_599' title='bbox 1653 1376 1738 1403; x_wconf 89' lang='lat' dir='ltr'><strong>cultui</strong></span> <span class='ocrx_word' id='word_1_600' title='bbox 1754 1377 1802 1404; x_wconf 86' lang='lat' dir='ltr'><strong>ad-</strong></span> 
     </span>
    </p>
   </div>
   <div class='ocr_carea' id='block_1_79' title="bbox 1005 1420 1801 1455">
    <p class='ocr_par' dir='ltr' id='par_1_79' title="bbox 1005 1420 1801 1455">
     <span class='ocr_line' id='line_1_79' title="bbox 1005 1420 1801 1455; baseline 0.004 -9"><span class='ocrx_word' id='word_1_601' title='bbox 1005 1420 1108 1447; x_wconf 89' lang='lat' dir='ltr'><strong>dictum</strong></span> <span class='ocrx_word' id='word_1_602' title='bbox 1123 1424 1174 1451; x_wconf 86' lang='lat' dir='ltr'><strong>est,</strong></span> <span class='ocrx_word' id='word_1_603' title='bbox 1203 1420 1357 1455; x_wconf 78' lang='lat' dir='ltr'><strong>tetigeritis,</strong></span> <span class='ocrx_word' id='word_1_604' title='bbox 1378 1420 1450 1447; x_wconf 88' lang='lat' dir='ltr'><strong>haud</strong></span> <span class='ocrx_word' id='word_1_605' title='bbox 1475 1421 1585 1448; x_wconf 89' lang='lat' dir='ltr'><strong>illorum</strong></span> <span class='ocrx_word' id='word_1_606' title='bbox 1607 1422 1738 1449; x_wconf 85' lang='lat' dir='ltr'><strong>sanctitas</strong></span> <span class='ocrx_word' id='word_1_607' title='bbox 1752 1430 1801 1449; x_wconf 80' lang='lat' dir='ltr'><strong>vos</strong></span> 
     </span>
    </p>
   </div>
   <div class='ocr_carea' id='block_1_80' title="bbox 1005 1465 1800 1502">
    <p class='ocr_par' dir='ltr' id='par_1_80' title="bbox 1005 1465 1800 1502">
     <span class='ocr_line' id='line_1_80' title="bbox 1005 1465 1800 1502; baseline 0.003 -9"><span class='ocrx_word' id='word_1_608' title='bbox 1005 1465 1168 1497; x_wconf 79' lang='lat' dir='ltr'><strong>sanctiﬁcet,</strong></span> <span class='ocrx_word' id='word_1_609' title='bbox 1188 1466 1234 1493; x_wconf 85' lang='lat' dir='ltr'><strong>sed</strong></span> <span class='ocrx_word' id='word_1_610' title='bbox 1257 1466 1313 1493; x_wconf 80' lang='lat' dir='ltr'><strong>vita</strong></span> <span class='ocrx_word' id='word_1_611' title='bbox 1333 1470 1424 1494; x_wconf 78' lang='lat' dir='ltr'><strong>vestra</strong></span> <span class='ocrx_word' id='word_1_612' title='bbox 1443 1467 1587 1502; x_wconf 83' lang='lat' dir='ltr'><strong>inquinata</strong></span> <span class='ocrx_word' id='word_1_613' title='bbox 1607 1469 1800 1495; x_wconf 89' lang='lat' dir='ltr'><strong>contumeliam</strong></span> 
     </span>
    </p>
   </div>
   <div class='ocr_carea' id='block_1_81' title="bbox 1005 1513 1801 1549">
    <p class='ocr_par' dir='ltr' id='par_1_81' title="bbox 1005 1513 1801 1549">
     <span class='ocr_line' id='line_1_81' title="bbox 1005 1513 1801 1549; baseline 0.003 -9"><span class='ocrx_word' id='word_1_614' title='bbox 1005 1513 1088 1540; x_wconf 88' lang='lat' dir='ltr'><strong>rebus</strong></span> <span class='ocrx_word' id='word_1_615' title='bbox 1110 1513 1216 1539; x_wconf 86' lang='lat' dir='ltr'><strong>sanctis</strong></span> <span class='ocrx_word' id='word_1_616' title='bbox 1238 1517 1376 1547; x_wconf 75' lang='lat' dir='ltr'><strong>aspergat,</strong></span> <span class='ocrx_word' id='word_1_617' title='bbox 1395 1513 1530 1548; x_wconf 88' lang='lat' dir='ltr'><strong>siquidem</strong></span> <span class='ocrx_word' id='word_1_618' title='bbox 1557 1513 1618 1541; x_wconf 88' lang='lat' dir='ltr'><strong>illas</strong></span> <span class='ocrx_word' id='word_1_619' title='bbox 1635 1514 1738 1549; x_wconf 88' lang='lat' dir='ltr'><strong>absque</strong></span> <span class='ocrx_word' id='word_1_620' title='bbox 1754 1516 1801 1542; x_wconf 84' lang='lat' dir='ltr'><strong>dc-</strong></span> 
     </span>
    </p>
   </div>
   <div class='ocr_carea' id='block_1_82' title="bbox 1005 1557 1800 1591">
    <p class='ocr_par' dir='ltr' id='par_1_82' title="bbox 1005 1557 1800 1591">
     <span class='ocr_line' id='line_1_82' title="bbox 1005 1557 1800 1591; baseline 0.004 -8"><span class='ocrx_word' id='word_1_621' title='bbox 1005 1557 1061 1584; x_wconf 88' lang='lat' dir='ltr'><strong>bita</strong></span> <span class='ocrx_word' id='word_1_622' title='bbox 1077 1557 1229 1584; x_wconf 86' lang='lat' dir='ltr'><strong>reverentia</strong></span> <span class='ocrx_word' id='word_1_623' title='bbox 1247 1561 1419 1585; x_wconf 86' lang='lat' dir='ltr'><strong>contrectare</strong></span> <span class='ocrx_word' id='word_1_624' title='bbox 1435 1558 1593 1585; x_wconf 83' lang='lat' dir='ltr'><strong>videamini.</strong></span> <span class='ocrx_word' id='word_1_625' title='bbox 1617 1559 1800 1591; x_wconf 86' lang='lat' dir='ltr'><strong>Quamobrem</strong></span> 
     </span>
    </p>
   </div>
   <div class='ocr_carea' id='block_1_83' title="bbox 1006 1603 1800 1640">
    <p class='ocr_par' dir='ltr' id='par_1_83' title="bbox 1006 1603 1800 1640">
     <span class='ocr_line' id='line_1_83' title="bbox 1006 1603 1800 1640; baseline 0.006 -12"><span class='ocrx_word' id='word_1_626' title='bbox 1006 1603 1087 1629; x_wconf 87' lang='lat' dir='ltr'><strong>etiam</strong></span> <span class='ocrx_word' id='word_1_627' title='bbox 1109 1603 1240 1638; x_wconf 83' lang='lat' dir='ltr'><strong>propheta</strong></span> <span class='ocrx_word' id='word_1_628' title='bbox 1261 1604 1420 1639; x_wconf 90' lang='lat' dir='ltr'><strong>respondet,</strong></span> <span class='ocrx_word' id='word_1_629' title='bbox 1444 1609 1574 1639; x_wconf 85' lang='lat' dir='ltr'><strong>tauquam</strong></span> <span class='ocrx_word' id='word_1_630' title='bbox 1591 1604 1645 1632; x_wconf 83' lang='lat' dir='ltr'><strong>Deo</strong></span> <span class='ocrx_word' id='word_1_631' title='bbox 1662 1605 1800 1640; x_wconf 86' lang='lat' dir='ltr'><strong>loquente,</strong></span> 
     </span>
    </p>
   </div>
   <div class='ocr_carea' id='block_1_84' title="bbox 1007 1647 1804 1684">
    <p class='ocr_par' dir='ltr' id='par_1_84' title="bbox 1007 1647 1804 1684">
     <span class='ocr_line' id='line_1_84' title="bbox 1007 1647 1804 1684; baseline 0.006 -11"><span class='ocrx_word' id='word_1_632' title='bbox 1007 1648 1059 1674; x_wconf 91' lang='lat' dir='ltr'><strong>hoc</strong></span> <span class='ocrx_word' id='word_1_633' title='bbox 1074 1647 1162 1682; x_wconf 86' lang='lat' dir='ltr'><strong>ipsum</strong></span> <span class='ocrx_word' id='word_1_634' title='bbox 1178 1648 1259 1683; x_wconf 78' lang='lat'><strong>281</strong></span> <span class='ocrx_word' id='word_1_635' title='bbox 1277 1649 1312 1675; x_wconf 90' lang='lat' dir='ltr'><strong>ab</strong></span> <span class='ocrx_word' id='word_1_636' title='bbox 1331 1649 1364 1676; x_wconf 91' lang='lat' dir='ltr'><strong>iis</strong></span> <span class='ocrx_word' id='word_1_637' title='bbox 1377 1648 1435 1676; x_wconf 83' lang='lat' dir='ltr'><strong>ﬁeri</strong></span> <span class='ocrx_word' id='word_1_638' title='bbox 1452 1649 1671 1684; x_wconf 86' lang='lat' dir='ltr'><strong>quotiescunque</strong></span> <span class='ocrx_word' id='word_1_639' title='bbox 1682 1657 1725 1678; x_wconf 88' lang='lat' dir='ltr'><strong>res</strong></span> <span class='ocrx_word' id='word_1_640' title='bbox 1739 1658 1804 1678; x_wconf 86' lang='lat' dir='ltr'><strong>san-</strong></span> 
     </span>
    </p>
   </div>
   <div class='ocr_carea' id='block_1_85' title="bbox 1005 1694 1802 1730">
    <p class='ocr_par' dir='ltr' id='par_1_85' title="bbox 1005 1694 1802 1730">
     <span class='ocr_line' id='line_1_85' title="bbox 1005 1694 1802 1730; baseline 0.005 -10"><span class='ocrx_word' id='word_1_641' title='bbox 1005 1698 1064 1721; x_wconf 88' lang='lat' dir='ltr'><strong>ctas</strong></span> <span class='ocrx_word' id='word_1_642' title='bbox 1071 1694 1156 1720; x_wconf 89' lang='lat' dir='ltr'><strong>cultui</strong></span> <span class='ocrx_word' id='word_1_643' title='bbox 1166 1702 1227 1721; x_wconf 89' lang='lat' dir='ltr'><strong>meo</strong></span> <span class='ocrx_word' id='word_1_644' title='bbox 1239 1694 1364 1722; x_wconf 87' lang='lat' dir='ltr'><strong>addictas</strong></span> <span class='ocrx_word' id='word_1_645' title='bbox 1374 1695 1523 1730; x_wconf 77' lang='lat' dir='ltr'><strong>tetigerint.</strong></span> <span class='ocrx_word' id='word_1_646' title='bbox 1534 1695 1716 1728; x_wconf 82' lang='lat' dir='ltr'><strong>Quamobrem</strong></span> <span class='ocrx_word' id='word_1_647' title='bbox 1730 1697 1802 1724; x_wconf 87' lang='lat' dir='ltr'><strong>scire</strong></span> 
     </span>
    </p>
   </div>
   <div class='ocr_carea' id='block_1_86' title="bbox 1005 1739 1800 1777">
    <p class='ocr_par' dir='ltr' id='par_1_86' title="bbox 1005 1739 1800 1777">
     <span class='ocr_line' id='line_1_86' title="bbox 1005 1739 1800 1777; baseline 0.003 -10"><span class='ocrx_word' id='word_1_648' title='bbox 1005 1739 1123 1771; x_wconf 82' lang='lat' dir='ltr'><strong>debetis,</strong></span> <span class='ocrx_word' id='word_1_649' title='bbox 1145 1740 1296 1774; x_wconf 92' lang='lat' dir='ltr'><strong>quemlibet</strong></span> <span class='ocrx_word' id='word_1_650' title='bbox 1319 1741 1386 1767; x_wconf 91' lang='lat' dir='ltr'><strong>mihi</strong></span> <span class='ocrx_word' id='word_1_651' title='bbox 1406 1741 1638 1776; x_wconf 82' lang='lat' dir='ltr'><strong>propinquantem</strong></span> <span class='ocrx_word' id='word_1_652' title='bbox 1670 1742 1800 1777; x_wconf 72' lang='lat' dir='ltr'><strong>(propin~</strong></span> 
     </span>
    </p>
   </div>
   <div class='ocr_carea' id='block_1_87' title="bbox 1005 1786 1801 1823">
    <p class='ocr_par' dir='ltr' id='par_1_87' title="bbox 1005 1786 1801 1823">
     <span class='ocr_line' id='line_1_87' title="bbox 1005 1786 1801 1823; baseline 0.005 -11"><span class='ocrx_word' id='word_1_653' title='bbox 1005 1793 1090 1821; x_wconf 90' lang='lat' dir='ltr'><strong>quare</strong></span> <span class='ocrx_word' id='word_1_654' title='bbox 1105 1791 1196 1813; x_wconf 85' lang='lat' dir='ltr'><strong>autem</strong></span> <span class='ocrx_word' id='word_1_655' title='bbox 1210 1786 1277 1813; x_wconf 94' lang='lat' dir='ltr'><strong>mihi</strong></span> <span class='ocrx_word' id='word_1_656' title='bbox 1295 1787 1371 1814; x_wconf 91' lang='lat' dir='ltr'><strong>illum</strong></span> <span class='ocrx_word' id='word_1_657' title='bbox 1389 1787 1462 1819; x_wconf 87' lang='lat' dir='ltr'><strong>dico,</strong></span> <span class='ocrx_word' id='word_1_658' title='bbox 1477 1788 1523 1823; x_wconf 91' lang='lat' dir='ltr'><strong>qui</strong></span> <span class='ocrx_word' id='word_1_659' title='bbox 1544 1795 1589 1816; x_wconf 89' lang='lat' dir='ltr'><strong>res</strong></span> <span class='ocrx_word' id='word_1_660' title='bbox 1605 1795 1681 1816; x_wconf 87' lang='lat' dir='ltr'><strong>meas</strong></span> <span class='ocrx_word' id='word_1_661' title='bbox 1700 1789 1801 1816; x_wconf 78' lang='lat' dir='ltr'><strong>tnihire</strong></span> 
     </span>
    </p>
   </div>
   <div class='ocr_carea' id='block_1_88' title="bbox 1004 1832 1800 1867">
    <p class='ocr_par' dir='ltr' id='par_1_88' title="bbox 1004 1832 1800 1867">
     <span class='ocr_line' id='line_1_88' title="bbox 1004 1832 1800 1867; baseline 0.005 -9"><span class='ocrx_word' id='word_1_662' title='bbox 1004 1832 1111 1859; x_wconf 80' lang='lat' dir='ltr'><strong>oblatas</strong></span> <span class='ocrx_word' id='word_1_663' title='bbox 1131 1832 1269 1867; x_wconf 81' lang='lat' dir='ltr'><strong>attingit),</strong></span> <span class='ocrx_word' id='word_1_664' title='bbox 1291 1834 1314 1860; x_wconf 89' lang='lat' dir='ltr'><strong>si</strong></span> <span class='ocrx_word' id='word_1_665' title='bbox 1330 1837 1432 1861; x_wconf 84' lang='lat' dir='ltr'><strong>temere</strong></span> <span class='ocrx_word' id='word_1_666' title='bbox 1447 1842 1479 1861; x_wconf 86' lang='lat' dir='ltr'><strong>ac</strong></span> <span class='ocrx_word' id='word_1_667' title='bbox 1503 1834 1654 1862; x_wconf 90' lang='lat' dir='ltr'><strong>socorditer</strong></span> <span class='ocrx_word' id='word_1_668' title='bbox 1670 1839 1717 1862; x_wconf 87' lang='lat' dir='ltr'><strong>aut</strong></span> <span class='ocrx_word' id='word_1_669' title='bbox 1733 1843 1800 1862; x_wconf 82' lang='lat' dir='ltr'><strong>con-</strong></span> 
     </span>
    </p>
   </div>
   <div class='ocr_carea' id='block_1_89' title="bbox 1005 1879 1800 1914">
    <p class='ocr_par' dir='ltr' id='par_1_89' title="bbox 1005 1879 1800 1914">
     <span class='ocr_line' id='line_1_89' title="bbox 1005 1879 1800 1914; baseline 0.004 -9"><span class='ocrx_word' id='word_1_670' title='bbox 1005 1879 1127 1914; x_wconf 88' lang='lat' dir='ltr'><strong>temptim</strong></span> <span class='ocrx_word' id='word_1_671' title='bbox 1142 1879 1169 1906; x_wconf 92' lang='lat' dir='ltr'><strong>id</strong></span> <span class='ocrx_word' id='word_1_672' title='bbox 1185 1883 1258 1914; x_wconf 81' lang='lat' dir='ltr'><strong>agat,</strong></span> <span class='ocrx_word' id='word_1_673' title='bbox 1275 1887 1328 1907; x_wconf 90' lang='lat' dir='ltr'><strong>non</strong></span> <span class='ocrx_word' id='word_1_674' title='bbox 1346 1880 1427 1907; x_wconf 90' lang='lat' dir='ltr'><strong>modo</strong></span> <span class='ocrx_word' id='word_1_675' title='bbox 1442 1882 1547 1908; x_wconf 92' lang='lat' dir='ltr'><strong>nullum</strong></span> <span class='ocrx_word' id='word_1_676' title='bbox 1562 1888 1595 1908; x_wconf 78' lang='lat' dir='ltr'><strong>ex</strong></span> <span class='ocrx_word' id='word_1_677' title='bbox 1610 1885 1738 1908; x_wconf 87' lang='lat' dir='ltr'><strong>contactu</strong></span> <span class='ocrx_word' id='word_1_678' title='bbox 1755 1890 1800 1909; x_wconf 80' lang='lat' dir='ltr'><strong>ca-</strong></span> 
     </span>
    </p>
   </div>
   <div class='ocr_carea' id='block_1_90' title="bbox 1005 1925 1799 1962">
    <p class='ocr_par' dir='ltr' id='par_1_90' title="bbox 1005 1925 1799 1962">
     <span class='ocr_line' id='line_1_90' title="bbox 1005 1925 1799 1962; baseline 0.005 -11"><span class='ocrx_word' id='word_1_679' title='bbox 1005 1932 1069 1959; x_wconf 87' lang='lat' dir='ltr'><strong>pere</strong></span> <span class='ocrx_word' id='word_1_680' title='bbox 1080 1925 1305 1958; x_wconf 83' lang='lat' dir='ltr'><strong>emolumentum,</strong></span> <span class='ocrx_word' id='word_1_681' title='bbox 1317 1934 1412 1953; x_wconf 84' lang='lat' dir='ltr'><strong>verum</strong></span> <span class='ocrx_word' id='word_1_682' title='bbox 1425 1927 1507 1954; x_wconf 89' lang='lat' dir='ltr'><strong>etiam</strong></span> <span class='ocrx_word' id='word_1_683' title='bbox 1524 1927 1662 1962; x_wconf 88' lang='lat' dir='ltr'><strong>inquinari</strong></span> <span class='ocrx_word' id='word_1_684' title='bbox 1678 1936 1731 1955; x_wconf 92' lang='lat' dir='ltr'><strong>nou</strong></span> <span class='ocrx_word' id='word_1_685' title='bbox 1740 1929 1799 1955; x_wconf 89' lang='lat' dir='ltr'><strong>sine</strong></span> 
     </span>
    </p>
   </div>
   <div class='ocr_carea' id='block_1_91' title="bbox 1004 1971 1799 2008">
    <p class='ocr_par' dir='ltr' id='par_1_91' title="bbox 1004 1971 1799 2008">
     <span class='ocr_line' id='line_1_91' title="bbox 1004 1971 1799 2008; baseline 0.005 -12"><span class='ocrx_word' id='word_1_686' title='bbox 1004 1978 1054 1997; x_wconf 90' lang='lat' dir='ltr'><strong>sua</strong></span> <span class='ocrx_word' id='word_1_687' title='bbox 1075 1972 1155 2005; x_wconf 84' lang='lat' dir='ltr'><strong>culpa</strong></span> <span class='ocrx_word' id='word_1_688' title='bbox 1178 1978 1210 1998; x_wconf 87' lang='lat' dir='ltr'><strong>ac</strong></span> <span class='ocrx_word' id='word_1_689' title='bbox 1234 1971 1344 2004; x_wconf 78' lang='lat' dir='ltr'><strong>daturin,</strong></span> <span class='ocrx_word' id='word_1_690' title='bbox 1374 1978 1515 2007; x_wconf 86' lang='lat' dir='ltr'><strong>propterea</strong></span> <span class='ocrx_word' id='word_1_691' title='bbox 1536 1974 1608 2008; x_wconf 91' lang='lat' dir='ltr'><strong>quod</strong></span> <span class='ocrx_word' id='word_1_692' title='bbox 1629 1978 1732 2002; x_wconf 84' lang='lat' dir='ltr'><strong>temere</strong></span> <span class='ocrx_word' id='word_1_693' title='bbox 1755 1983 1799 2002; x_wconf 48' lang='lat' dir='ltr'><strong>ret~</strong></span> 
     </span>
    </p>
   </div>
   <div class='ocr_carea' id='block_1_92' title="bbox 1004 2017 1797 2054">
    <p class='ocr_par' dir='ltr' id='par_1_92' title="bbox 1004 2017 1797 2054">
     <span class='ocr_line' id='line_1_92' title="bbox 1004 2017 1797 2054; baseline 0.008 -12"><span class='ocrx_word' id='word_1_694' title='bbox 1004 2017 1073 2044; x_wconf 86' lang='lat' dir='ltr'><strong>adeo</strong></span> <span class='ocrx_word' id='word_1_695' title='bbox 1087 2021 1197 2045; x_wconf 80' lang='lat' dir='ltr'><strong>sanctas</strong></span> <span class='ocrx_word' id='word_1_696' title='bbox 1217 2020 1439 2046; x_wconf 82' lang='lat' dir='ltr'><strong>coutrcctaverit.</strong></span> <span class='ocrx_word' id='word_1_697' title='bbox 1467 2019 1602 2054; x_wconf 72' lang='lat' dir='ltr'><strong>«Propter</strong></span> <span class='ocrx_word' id='word_1_698' title='bbox 1617 2028 1729 2047; x_wconf 84' lang='lat' dir='ltr'><strong>munera</strong></span> <span class='ocrx_word' id='word_1_699' title='bbox 1749 2028 1797 2048; x_wconf 87' lang='lat' dir='ltr'><strong>sua</strong></span> 
     </span>
    </p>
   </div>
   <div class='ocr_carea' id='block_1_93' title="bbox 1005 2063 1799 2101">
    <p class='ocr_par' dir='ltr' id='par_1_93' title="bbox 1005 2063 1799 2101">
     <span class='ocr_line' id='line_1_93' title="bbox 1005 2063 1799 2101; baseline 0.008 -12"><span class='ocrx_word' id='word_1_700' title='bbox 1005 2064 1138 2091; x_wconf 85' lang='lat' dir='ltr'><strong>matutina</strong></span> <span class='ocrx_word' id='word_1_701' title='bbox 1151 2063 1309 2092; x_wconf 87' lang='lat' dir='ltr'><strong>dolebuuta</strong></span> <span class='ocrx_word' id='word_1_702' title='bbox 1331 2065 1400 2092; x_wconf 82' lang='lat' dir='ltr'><strong>facie</strong></span> <span class='ocrx_word' id='word_1_703' title='bbox 1423 2066 1598 2101; x_wconf 88' lang='lat' dir='ltr'><strong>iniquitatum</strong></span> <span class='ocrx_word' id='word_1_704' title='bbox 1617 2074 1747 2095; x_wconf 86' lang='lat' dir='ltr'><strong>suarum:</strong></span> <span class='ocrx_word' id='word_1_705' title='bbox 1772 2075 1799 2095; x_wconf 83' lang='lat' dir='ltr'><strong>et</strong></span> 
     </span>
    </p>
   </div>
   <div class='ocr_carea' id='block_1_94' title="bbox 1003 2108 1797 2147">
    <p class='ocr_par' dir='ltr' id='par_1_94' title="bbox 1003 2108 1797 2147">
     <span class='ocr_line' id='line_1_94' title="bbox 1003 2108 1797 2147; baseline 0.005 -12"><span class='ocrx_word' id='word_1_706' title='bbox 1003 2108 1123 2136; x_wconf 92' lang='lat' dir='ltr'><strong>oderatis</strong></span> <span class='ocrx_word' id='word_1_707' title='bbox 1135 2115 1280 2145; x_wconf 81' lang='lat' dir='ltr'><strong>arguentes</strong></span> <span class='ocrx_word' id='word_1_708' title='bbox 1292 2111 1318 2137; x_wconf 91' lang='lat' dir='ltr'><strong>in</strong></span> <span class='ocrx_word' id='word_1_709' title='bbox 1336 2111 1433 2146; x_wconf 91' lang='lat' dir='ltr'><strong>portis.</strong></span> <span class='ocrx_word' id='word_1_710' title='bbox 1447 2121 1456 2136; x_wconf 84' lang='grc'><strong>›</strong></span> <span class='ocrx_word' id='word_1_711' title='bbox 1471 2111 1582 2138; x_wconf 81' lang='lat' dir='ltr'><strong>Munera</strong></span> <span class='ocrx_word' id='word_1_712' title='bbox 1594 2112 1660 2139; x_wconf 87' lang='lat' dir='ltr'><strong>dicit</strong></span> <span class='ocrx_word' id='word_1_713' title='bbox 1673 2121 1732 2147; x_wconf 69' lang='lat' dir='ltr'><strong>qum</strong></span> <span class='ocrx_word' id='word_1_714' title='bbox 1744 2121 1797 2140; x_wconf 77' lang='lat' dir='ltr'><strong>nou</strong></span> 
     </span>
    </p>
   </div>
   <div class='ocr_carea' id='block_1_95' title="bbox 1004 2156 1798 2193">
    <p class='ocr_par' dir='ltr' id='par_1_95' title="bbox 1004 2156 1798 2193">
     <span class='ocr_line' id='line_1_95' title="bbox 1004 2156 1798 2193; baseline 0.009 -13"><span class='ocrx_word' id='word_1_715' title='bbox 1004 2159 1077 2181; x_wconf 91' lang='lat' dir='ltr'><strong>recte</strong></span> <span class='ocrx_word' id='word_1_716' title='bbox 1094 2156 1199 2190; x_wconf 84' lang='lat' dir='ltr'><strong>agendo</strong></span> <span class='ocrx_word' id='word_1_717' title='bbox 1219 2156 1404 2191; x_wconf 85' lang='lat' dir='ltr'><strong>accipiebant.</strong></span> <span class='ocrx_word' id='word_1_718' title='bbox 1423 2156 1538 2192; x_wconf 86' lang='lat' dir='ltr'><strong>Propter</strong></span> <span class='ocrx_word' id='word_1_719' title='bbox 1562 2158 1702 2193; x_wconf 86' lang='lat' dir='ltr'><strong>improbos</strong></span> <span class='ocrx_word' id='word_1_720' title='bbox 1720 2165 1798 2187; x_wconf 75' lang='lat' dir='ltr'><strong>actus</strong></span> 
     </span>
    </p>
   </div>
   <div class='ocr_carea' id='block_1_96' title="bbox 1003 2201 1799 2237">
    <p class='ocr_par' dir='ltr' id='par_1_96' title="bbox 1003 2201 1799 2237">
     <span class='ocr_line' id='line_1_96' title="bbox 1003 2201 1799 2237; baseline 0.009 -12"><span class='ocrx_word' id='word_1_721' title='bbox 1003 2204 1119 2232; x_wconf 88' lang='lat' dir='ltr'><strong>vestros,</strong></span> <span class='ocrx_word' id='word_1_722' title='bbox 1134 2208 1205 2235; x_wconf 91' lang='lat' dir='ltr'><strong>quos</strong></span> <span class='ocrx_word' id='word_1_723' title='bbox 1220 2201 1342 2228; x_wconf 88' lang='lat' dir='ltr'><strong>diluculo</strong></span> <span class='ocrx_word' id='word_1_724' title='bbox 1356 2207 1566 2237; x_wconf 78' lang='lat' dir='ltr'><strong>consurgentes,</strong></span> <span class='ocrx_word' id='word_1_725' title='bbox 1580 2203 1738 2231; x_wconf 84' lang='lat' dir='ltr'><strong>omnimoda</strong></span> <span class='ocrx_word' id='word_1_726' title='bbox 1755 2213 1799 2232; x_wconf 65' lang='lat' dir='ltr'><strong>se»</strong></span> 
     </span>
    </p>
   </div>
   <div class='ocr_carea' id='block_1_97' title="bbox 1004 2245 1799 2283">
    <p class='ocr_par' dir='ltr' id='par_1_97' title="bbox 1004 2245 1799 2283">
     <span class='ocr_line' id='line_1_97' title="bbox 1004 2245 1799 2283; baseline 0.004 -11"><span class='ocrx_word' id='word_1_727' title='bbox 1004 2245 1118 2273; x_wconf 82' lang='lat' dir='ltr'><strong>dulitate</strong></span> <span class='ocrx_word' id='word_1_728' title='bbox 1131 2247 1312 2279; x_wconf 81' lang='lat' dir='ltr'><strong>exercebatis,</strong></span> <span class='ocrx_word' id='word_1_729' title='bbox 1323 2247 1350 2273; x_wconf 91' lang='lat' dir='ltr'><strong>in</strong></span> <span class='ocrx_word' id='word_1_730' title='bbox 1364 2248 1457 2282; x_wconf 86' lang='lat' dir='ltr'><strong>gravia</strong></span> <span class='ocrx_word' id='word_1_731' title='bbox 1478 2247 1548 2274; x_wconf 85' lang='lat' dir='ltr'><strong>mala</strong></span> <span class='ocrx_word' id='word_1_732' title='bbox 1561 2247 1708 2279; x_wconf 84' lang='lat' dir='ltr'><strong>incidistis.</strong></span> <span class='ocrx_word' id='word_1_733' title='bbox 1729 2257 1799 2283; x_wconf 71' lang='grc' dir='ltr'>ιιι-ιο-</span> 
     </span>
    </p>
   </div>
   <div class='ocr_carea' id='block_1_98' title="bbox 1003 2292 1798 2328">
    <p class='ocr_par' dir='ltr' id='par_1_98' title="bbox 1003 2292 1798 2328">
     <span class='ocr_line' id='line_1_98' title="bbox 1003 2292 1798 2328; baseline 0.001 -8"><span class='ocrx_word' id='word_1_734' title='bbox 1003 2292 1097 2320; x_wconf 87' lang='lat' dir='ltr'><strong>sertim</strong></span> <span class='ocrx_word' id='word_1_735' title='bbox 1109 2292 1172 2326; x_wconf 83' lang='lat' dir='ltr'><strong>quia</strong></span> <span class='ocrx_word' id='word_1_736' title='bbox 1182 2293 1377 2327; x_wconf 87' lang='lat' dir='ltr'><strong>prophetarum</strong></span> <span class='ocrx_word' id='word_1_737' title='bbox 1392 2293 1633 2327; x_wconf 87' lang='lat' dir='ltr'><strong>reprehensionem</strong></span> <span class='ocrx_word' id='word_1_738' title='bbox 1647 2301 1726 2328; x_wconf 76' lang='lat' dir='ltr'><strong>:equo</strong></span> <span class='ocrx_word' id='word_1_739' title='bbox 1738 2295 1798 2321; x_wconf 74' lang='lat' dir='ltr'><strong>ani~</strong></span> 
     </span>
    </p>
   </div>
   <div class='ocr_carea' id='block_1_99' title="bbox 1002 2338 1797 2374">
    <p class='ocr_par' dir='ltr' id='par_1_99' title="bbox 1002 2338 1797 2374">
     <span class='ocr_line' id='line_1_99' title="bbox 1002 2338 1797 2374; baseline 0.003 -10"><span class='ocrx_word' id='word_1_740' title='bbox 1002 2346 1047 2365; x_wconf 92' lang='lat' dir='ltr'><strong>mo</strong></span> <span class='ocrx_word' id='word_1_741' title='bbox 1068 2346 1122 2364; x_wconf 94' lang='lat' dir='ltr'><strong>uou</strong></span> <span class='ocrx_word' id='word_1_742' title='bbox 1134 2338 1238 2365; x_wconf 88' lang='lat' dir='ltr'><strong>tulistis</strong></span> <span class='ocrx_word' id='word_1_743' title='bbox 1251 2347 1258 2371; x_wconf 87' lang='lat'><strong>;</strong></span> <span class='ocrx_word' id='word_1_744' title='bbox 1273 2338 1432 2373; x_wconf 79' lang='lat' dir='ltr'><strong>indignatus</strong></span> <span class='ocrx_word' id='word_1_745' title='bbox 1451 2338 1493 2365; x_wconf 88' lang='lat' dir='ltr'><strong>his</strong></span> <span class='ocrx_word' id='word_1_746' title='bbox 1508 2338 1572 2365; x_wconf 91' lang='lat' dir='ltr'><strong>dum</strong></span> <span class='ocrx_word' id='word_1_747' title='bbox 1588 2339 1615 2365; x_wconf 90' lang='lat' dir='ltr'><strong>in</strong></span> <span class='ocrx_word' id='word_1_748' title='bbox 1630 2341 1716 2374; x_wconf 85' lang='lat' dir='ltr'><strong>portis</strong></span> <span class='ocrx_word' id='word_1_749' title='bbox 1732 2347 1797 2366; x_wconf 47' lang='lat' dir='ltr'><strong>con.</strong></span> 
     </span>
    </p>
   </div>
   <div class='ocr_carea' id='block_1_100' title="bbox 1003 2386 1798 2420">
    <p class='ocr_par' dir='ltr' id='par_1_100' title="bbox 1003 2386 1798 2420">
     <span class='ocr_line' id='line_1_100' title="bbox 1003 2386 1798 2420; baseline 0.001 -8"><span class='ocrx_word' id='word_1_750' title='bbox 1003 2386 1142 2415; x_wconf 82' lang='lat' dir='ltr'><strong>sisterent,</strong></span> <span class='ocrx_word' id='word_1_751' title='bbox 1159 2389 1188 2411; x_wconf 93' lang='lat' dir='ltr'><strong>ut</strong></span> <span class='ocrx_word' id='word_1_752' title='bbox 1213 2393 1385 2412; x_wconf 87' lang='lat' dir='ltr'><strong>communem</strong></span> <span class='ocrx_word' id='word_1_753' title='bbox 1405 2386 1512 2413; x_wconf 89' lang='lat' dir='ltr'><strong>cunctis</strong></span> <span class='ocrx_word' id='word_1_754' title='bbox 1530 2386 1746 2420; x_wconf 76' lang='lat' dir='ltr'><strong>ingredientibus</strong></span> <span class='ocrx_word' id='word_1_755' title='bbox 1770 2392 1798 2413; x_wconf 90' lang='lat' dir='ltr'><strong>ct</strong></span> 
     </span>
    </p>
   </div>
   <div class='ocr_carea' id='block_1_101' title="bbox 1002 2433 1760 2461">
    <p class='ocr_par' dir='ltr' id='par_1_101' title="bbox 1002 2433 1760 2461">
     <span class='ocr_line' id='line_1_101' title="bbox 1002 2433 1760 2461; baseline 0.001 -1"><span class='ocrx_word' id='word_1_756' title='bbox 1002 2433 1168 2460; x_wconf 78' lang='lat' dir='ltr'><strong>exeuntibus</strong></span> <span class='ocrx_word' id='word_1_757' title='bbox 1188 2433 1268 2460; x_wconf 86' lang='lat' dir='ltr'><strong>dictis</strong></span> <span class='ocrx_word' id='word_1_758' title='bbox 1287 2434 1345 2460; x_wconf 87' lang='lat' dir='ltr'><strong>suis</strong></span> <span class='ocrx_word' id='word_1_759' title='bbox 1362 2433 1510 2460; x_wconf 86' lang='lat' dir='ltr'><strong>suaderent</strong></span> <span class='ocrx_word' id='word_1_760' title='bbox 1529 2434 1760 2461; x_wconf 81' lang='lat' dir='ltr'><strong>emendationem.</strong></span> 
     </span>
    </p>
   </div>
   <div class='ocr_carea' id='block_1_102' title="bbox 149 2478 1797 2520">
    <p class='ocr_par' dir='ltr' id='par_1_102' title="bbox 149 2478 1797 2520">
     <span class='ocr_line' id='line_1_102' title="bbox 149 2478 1797 2520; baseline -0.001 -10"><span class='ocrx_word' id='word_1_761' title='bbox 149 2485 184 2520; x_wconf 81' lang='grc' dir='ltr'>τῇ</span> <span class='ocrx_word' id='word_1_762' title='bbox 196 2483 331 2520; x_wconf 79' lang='grc' dir='ltr'>βαρύτητι</span> <span class='ocrx_word' id='word_1_763' title='bbox 342 2482 396 2509; x_wconf 87' lang='grc' dir='ltr'><strong>τῶν</strong></span> <span class='ocrx_word' id='word_1_764' title='bbox 411 2481 633 2517; x_wconf 82' lang='grc' dir='ltr'>προσγεγονότων</span> <span class='ocrx_word' id='word_1_765' title='bbox 644 2480 708 2515; x_wconf 80' lang='grc' dir='ltr'>ὑμῖν</span> <span class='ocrx_word' id='word_1_766' title='bbox 722 2481 953 2516; x_wconf 82' lang='grc' dir='ltr'>περιπεπτώκατε</span> <span class='ocrx_word' id='word_1_767' title='bbox 968 2479 1070 2510; x_wconf 82' lang='grc' dir='ltr'>κακῶν,</span> <span class='ocrx_word' id='word_1_768' title='bbox 1082 2480 1129 2506; x_wconf 77' lang='grc' dir='ltr'>καὶ</span> <span class='ocrx_word' id='word_1_769' title='bbox 1143 2478 1232 2514; x_wconf 80' lang='grc' dir='ltr'>πολλῷ</span> <span class='ocrx_word' id='word_1_770' title='bbox 1244 2488 1276 2514; x_wconf 87' lang='grc' dir='ltr'>γε</span> <span class='ocrx_word' id='word_1_771' title='bbox 1291 2479 1373 2506; x_wconf 79' lang='grc' dir='ltr'>πλέον</span> <span class='ocrx_word' id='word_1_772' title='bbox 1392 2479 1487 2515; x_wconf 75' lang='grc' dir='ltr'>ἐπειδὴ</span> <span class='ocrx_word' id='word_1_773' title='bbox 1500 2479 1545 2506; x_wconf 73' lang='grc' dir='ltr'>τὸν</span> <span class='ocrx_word' id='word_1_774' title='bbox 1568 2481 1644 2516; x_wconf 68' lang='grc' dir='ltr'>παρὰ</span> <span class='ocrx_word' id='word_1_775' title='bbox 1668 2482 1721 2507; x_wconf 87' lang='grc' dir='ltr'><strong>τῶν</strong></span> <span class='ocrx_word' id='word_1_776' title='bbox 1735 2489 1797 2517; x_wconf 49' lang='grc' dir='ltr'>προ.</span> 
     </span>
    </p>
   </div>
   <div class='ocr_carea' id='block_1_103' title="bbox 149 2527 1796 2565">
    <p class='ocr_par' dir='ltr' id='par_1_103' title="bbox 149 2527 1796 2565">
     <span class='ocr_line' id='line_1_103' title="bbox 149 2527 1796 2565; baseline -0.001 -9"><span class='ocrx_word' id='word_1_777' title='bbox 149 2529 246 2565; x_wconf 77' lang='grc' dir='ltr'>φητῶν</span> <span class='ocrx_word' id='word_1_778' title='bbox 259 2528 370 2564; x_wconf 77' lang='grc' dir='ltr'>ἔλεγχον</span> <span class='ocrx_word' id='word_1_779' title='bbox 382 2528 432 2554; x_wconf 79' lang='grc' dir='ltr'><strong>οὐκ</strong></span> <span class='ocrx_word' id='word_1_780' title='bbox 446 2527 587 2563; x_wconf 77' lang='grc' dir='ltr'>ἐδέχεσθε’</span> <span class='ocrx_word' id='word_1_781' title='bbox 602 2527 640 2562; x_wconf 88' lang='lat' dir='ltr'><strong>(p.</strong></span> <span class='ocrx_word' id='word_1_782' title='bbox 659 2527 723 2562; x_wconf 73' lang='grc'><strong>427)</strong></span> <span class='ocrx_word' id='word_1_783' title='bbox 738 2527 943 2563; x_wconf 84' lang='grc' dir='ltr'>ὲδυσχεραίνετε</span> <span class='ocrx_word' id='word_1_784' title='bbox 963 2527 990 2554; x_wconf 78' lang='grc' dir='ltr'><strong>δὲ</strong></span> <span class='ocrx_word' id='word_1_785' title='bbox 1014 2527 1082 2562; x_wconf 84' lang='grc' dir='ltr'>πρὸς</span> <span class='ocrx_word' id='word_1_786' title='bbox 1107 2527 1206 2558; x_wconf 78' lang='grc' dir='ltr'>αὐτοὺς</span> <span class='ocrx_word' id='word_1_787' title='bbox 1219 2527 1264 2553; x_wconf 78' lang='grc' dir='ltr'>ἐπὶ</span> <span class='ocrx_word' id='word_1_788' title='bbox 1292 2529 1351 2557; x_wconf 80' lang='grc' dir='ltr'>ταῖς</span> <span class='ocrx_word' id='word_1_789' title='bbox 1369 2527 1467 2560; x_wconf 80' lang='grc' dir='ltr'>πύλαις</span> <span class='ocrx_word' id='word_1_790' title='bbox 1484 2527 1616 2560; x_wconf 74' lang='grc' dir='ltr'>ἑστῶτας,</span> <span class='ocrx_word' id='word_1_791' title='bbox 1631 2528 1669 2559; x_wconf 85' lang='grc' dir='ltr'>ὡς</span> <span class='ocrx_word' id='word_1_792' title='bbox 1690 2528 1723 2555; x_wconf 81' lang='grc' dir='ltr'>ἂν</span> <span class='ocrx_word' id='word_1_793' title='bbox 1740 2537 1796 2555; x_wconf 79' lang='grc' dir='ltr'>κοι-</span> 
     </span>
    </p>
   </div>
   <div class='ocr_carea' id='block_1_104' title="bbox 139 2574 1495 2648">
    <p class='ocr_par' dir='ltr' id='par_1_104' title="bbox 139 2574 1495 2648">
     <span class='ocr_line' id='line_1_104' title="bbox 139 2574 1495 2611; baseline -0.003 -5"><span class='ocrx_word' id='word_1_794' title='bbox 139 2579 201 2607; x_wconf 74' lang='grc' dir='ltr'>’νὶνιν</span> <span class='ocrx_word' id='word_1_795' title='bbox 217 2578 304 2606; x_wconf 69' lang='grc' dir='ltr'>ἅπασι</span> <span class='ocrx_word' id='word_1_796' title='bbox 316 2578 372 2608; x_wconf 81' lang='grc' dir='ltr'>τοῖς</span> <span class='ocrx_word' id='word_1_797' title='bbox 387 2575 501 2603; x_wconf 80' lang='grc' dir='ltr'>εἱσιοῦσί</span> <span class='ocrx_word' id='word_1_798' title='bbox 517 2583 547 2602; x_wconf 88' lang='grc' dir='ltr'><strong>τε</strong></span> <span class='ocrx_word' id='word_1_799' title='bbox 563 2576 611 2602; x_wconf 77' lang='grc' dir='ltr'><strong>καὶ</strong></span> <span class='ocrx_word' id='word_1_800' title='bbox 624 2574 725 2607; x_wconf 73' lang='grc' dir='ltr'>ἐξιοῦσι</span> <span class='ocrx_word' id='word_1_801' title='bbox 741 2575 790 2611; x_wconf 84' lang='grc' dir='ltr'><strong>τὴν</strong></span> <span class='ocrx_word' id='word_1_802' title='bbox 808 2576 863 2602; x_wconf 77' lang='grc' dir='ltr'><strong>ἀπὸ</strong></span> <span class='ocrx_word' id='word_1_803' title='bbox 876 2576 931 2602; x_wconf 83' lang='grc' dir='ltr'><strong>τῶν</strong></span> <span class='ocrx_word' id='word_1_804' title='bbox 950 2575 1106 2610; x_wconf 83' lang='grc' dir='ltr'>λεγομένων</span> <span class='ocrx_word' id='word_1_805' title='bbox 1128 2576 1293 2610; x_wconf 81' lang='grc' dir='ltr'>προσάγοιεν</span> <span class='ocrx_word' id='word_1_806' title='bbox 1312 2575 1416 2611; x_wconf 82' lang='grc' dir='ltr'>ὲνδιόρθ</span> <span class='ocrx_word' id='word_1_807' title='bbox 1444 2583 1495 2602; x_wconf 89' lang='grc' dir='ltr'>σιν.</span> 
     </span>
     <span class='ocr_line' id='line_1_105' title="bbox 175 2584 1482 2648; baseline 0 0"><span class='ocrx_word' id='word_1_808' title='bbox 175 2604 262 2648; x_wconf 47' lang='grc' dir='ltr'>’Στίι</span> <span class='ocrx_word' id='word_1_809' title='bbox 280 2625 368 2648; x_wconf 73' lang='grc' dir='ltr'><strong>ις’-κ’.</strong></span> <span class='ocrx_word' id='word_1_810' title='bbox 384 2636 420 2642; x_wconf 91' lang='lat'>—</span> <span class='ocrx_word' id='word_1_811' title='bbox 437 2630 447 2647; x_wconf 75' lang='grc' dir='ltr'><strong>ι</strong></span> <span class='ocrx_word' id='word_1_812' title='bbox 466 2622 522 2648; x_wconf 80' lang='grc' dir='ltr'>Καὶ</span> <span class='ocrx_word' id='word_1_813' title='bbox 549 2621 596 2648; x_wconf 80' lang='grc' dir='ltr'>νῦν</span> <span class='ocrx_word' id='word_1_814' title='bbox 611 2620 690 2647; x_wconf 79' lang='grc' dir='ltr'>θέσθε</span> <span class='ocrx_word' id='word_1_815' title='bbox 704 2621 736 2648; x_wconf 77' lang='grc' dir='ltr'><strong>δὴ</strong></span> <span class='ocrx_word' id='word_1_816' title='bbox 755 2622 801 2647; x_wconf 75' lang='grc' dir='ltr'><strong>ἐπὶ</strong></span> <span class='ocrx_word' id='word_1_817' title='bbox 814 2622 864 2648; x_wconf 78' lang='grc' dir='ltr'><strong>τὰς</strong></span> <span class='ocrx_word' id='word_1_818' title='bbox 879 2630 949 2648; x_wconf 87' lang='grc' dir='ltr'>καο-</span> <span class='ocrx_word' id='word_1_819' title='bbox 1035 2621 1118 2648; x_wconf 66' lang='lat' dir='ltr'><strong>Vens.</strong></span> <span class='ocrx_word' id='word_1_820' title='bbox 1136 2621 1230 2648; x_wconf 66' lang='lat' dir='ltr'><strong>lli-&#39;20.</strong></span> <span class='ocrx_word' id='word_1_821' title='bbox 1261 2636 1297 2641; x_wconf 89' lang='lat'><strong>-—-</strong></span> <span class='ocrx_word' id='word_1_822' title='bbox 1317 2630 1326 2647; x_wconf 78' lang='grc' dir='ltr'><strong>ι</strong></span> <span class='ocrx_word' id='word_1_823' title='bbox 1357 2621 1389 2648; x_wconf 87' lang='grc' dir='ltr'><strong>ΕΙ.</strong></span> <span class='ocrx_word' id='word_1_824' title='bbox 1408 2584 1482 2648; x_wconf 52' lang='grc' dir='ltr'><strong>ἓως</strong></span> 
     </span>
    </p>
   </div>
   <div class='ocr_carea' id='block_1_105' title="bbox 184 2620 949 2659">
    <p class='ocr_par' dir='ltr' id='par_1_105' title="bbox 184 2620 949 2659">
     <span class='ocr_line' id='line_1_106' title="bbox 184 2620 949 2659; baseline -0.005 -8"><span class='ocrx_word' id='word_1_825' title='bbox 184 2623 262 2659; x_wconf 85' lang='grc' dir='ltr'>Στίχ.</span> <span class='ocrx_word' id='word_1_826' title='bbox 280 2625 368 2655; x_wconf 85' lang='grc' dir='ltr'><strong>ις’-κ’.</strong></span> <span class='ocrx_word' id='word_1_827' title='bbox 384 2636 420 2642; x_wconf 91' lang='lat'>—</span> <span class='ocrx_word' id='word_1_828' title='bbox 437 2630 447 2647; x_wconf 75' lang='grc' dir='ltr'><strong>ι</strong></span> <span class='ocrx_word' id='word_1_829' title='bbox 466 2622 522 2648; x_wconf 80' lang='grc' dir='ltr'>Καὶ</span> <span class='ocrx_word' id='word_1_830' title='bbox 549 2621 596 2648; x_wconf 80' lang='grc' dir='ltr'>νῦν</span> <span class='ocrx_word' id='word_1_831' title='bbox 611 2620 690 2647; x_wconf 79' lang='grc' dir='ltr'>θέσθε</span> <span class='ocrx_word' id='word_1_832' title='bbox 704 2621 736 2656; x_wconf 81' lang='grc' dir='ltr'><strong>δὴ</strong></span> <span class='ocrx_word' id='word_1_833' title='bbox 755 2622 801 2647; x_wconf 75' lang='grc' dir='ltr'><strong>ἐπὶ</strong></span> <span class='ocrx_word' id='word_1_834' title='bbox 814 2622 864 2653; x_wconf 83' lang='grc' dir='ltr'><strong>τὰς</strong></span> <span class='ocrx_word' id='word_1_835' title='bbox 879 2630 949 2657; x_wconf 83' lang='grc' dir='ltr'>καρ-</span> 
     </span>
    </p>
   </div>
   <div class='ocr_carea' id='block_1_106' title="bbox 147 2667 949 2705">
    <p class='ocr_par' dir='ltr' id='par_1_106' title="bbox 147 2667 949 2705">
     <span class='ocr_line' id='line_1_107' title="bbox 147 2667 949 2705; baseline -0.004 -9"><span class='ocrx_word' id='word_1_836' title='bbox 147 2671 210 2701; x_wconf 70' lang='grc' dir='ltr'>δίας</span> <span class='ocrx_word' id='word_1_837' title='bbox 235 2668 315 2705; x_wconf 80' lang='grc' dir='ltr'>ὑμῶν</span> <span class='ocrx_word' id='word_1_838' title='bbox 340 2667 395 2695; x_wconf 75' lang='grc' dir='ltr'><strong>ἀπὸ</strong></span> <span class='ocrx_word' id='word_1_839' title='bbox 414 2668 463 2703; x_wconf 83' lang='grc' dir='ltr'>τῆς</span> <span class='ocrx_word' id='word_1_840' title='bbox 482 2667 590 2703; x_wconf 84' lang='grc' dir='ltr'>ἡμέρας</span> <span class='ocrx_word' id='word_1_841' title='bbox 613 2667 716 2700; x_wconf 78' lang='grc' dir='ltr'>ταύτης</span> <span class='ocrx_word' id='word_1_842' title='bbox 746 2667 793 2693; x_wconf 80' lang='grc' dir='ltr'><strong>καὶ</strong></span> <span class='ocrx_word' id='word_1_843' title='bbox 819 2667 949 2703; x_wconf 78' lang='grc' dir='ltr'>ὑπεράνω</span> 
     </span>
    </p>
   </div>
   <div class='ocr_carea' id='block_1_107' title="bbox 148 2712 946 2752">
    <p class='ocr_par' dir='ltr' id='par_1_107' title="bbox 148 2712 946 2752">
     <span class='ocr_line' id='line_1_108' title="bbox 148 2712 946 2752; baseline -0.004 -11"><span class='ocrx_word' id='word_1_844' title='bbox 148 2715 205 2752; x_wconf 78' lang='grc' dir='ltr'><strong>πρὸ</strong></span> <span class='ocrx_word' id='word_1_845' title='bbox 228 2714 278 2741; x_wconf 82' lang='grc' dir='ltr'>τοῦ</span> <span class='ocrx_word' id='word_1_846' title='bbox 295 2714 382 2743; x_wconf 76' lang='grc' dir='ltr'>θεῖναι</span> <span class='ocrx_word' id='word_1_847' title='bbox 403 2713 476 2740; x_wconf 87' lang='grc' dir='ltr'>λίθον</span> <span class='ocrx_word' id='word_1_848' title='bbox 500 2714 546 2739; x_wconf 74' lang='grc' dir='ltr'><strong>ἐπὶ</strong></span> <span class='ocrx_word' id='word_1_849' title='bbox 561 2713 634 2740; x_wconf 80' lang='grc' dir='ltr'>λίθον</span> <span class='ocrx_word' id='word_1_850' title='bbox 649 2713 678 2740; x_wconf 84' lang='grc' dir='ltr'>ἐν</span> <span class='ocrx_word' id='word_1_851' title='bbox 694 2712 733 2748; x_wconf 78' lang='grc' dir='ltr'>τῷ</span> <span class='ocrx_word' id='word_1_852' title='bbox 752 2712 808 2748; x_wconf 83' lang='grc' dir='ltr'><strong>ναῷ</strong></span> <span class='ocrx_word' id='word_1_853' title='bbox 821 2713 925 2748; x_wconf 83' lang='grc' dir='ltr'>Κυρίου</span> <span class='ocrx_word' id='word_1_854' title='bbox 939 2720 946 2727; x_wconf 88' lang='grc'>·</span> 
     </span>
    </p>
   </div>
   <div class='ocr_carea' id='block_1_108' title="bbox 147 2758 946 2797">
    <p class='ocr_par' dir='ltr' id='par_1_108' title="bbox 147 2758 946 2797">
     <span class='ocr_line' id='line_1_109' title="bbox 147 2758 946 2797; baseline -0.004 -9"><span class='ocrx_word' id='word_1_855' title='bbox 147 2762 222 2793; x_wconf 75' lang='grc' dir='ltr'>τίνες</span> <span class='ocrx_word' id='word_1_856' title='bbox 245 2758 295 2797; x_wconf 79' lang='grc' dir='ltr'>ἦτε</span> <span class='ocrx_word' id='word_1_857' title='bbox 311 2760 358 2787; x_wconf 84' lang='grc' dir='ltr'>ὅτε</span> <span class='ocrx_word' id='word_1_858' title='bbox 378 2759 537 2786; x_wconf 78' lang='grc' dir='ltr'>ἑνεϐάλλετε</span> <span class='ocrx_word' id='word_1_859' title='bbox 558 2760 598 2791; x_wconf 81' lang='grc' dir='ltr'>εἰς</span> <span class='ocrx_word' id='word_1_860' title='bbox 622 2759 740 2794; x_wconf 75' lang='grc' dir='ltr'>κυψέλην</span> <span class='ocrx_word' id='word_1_861' title='bbox 755 2758 843 2786; x_wconf 77' lang='grc' dir='ltr'>εἴκοσι</span> <span class='ocrx_word' id='word_1_862' title='bbox 860 2759 946 2791; x_wconf 88' lang='grc' dir='ltr'>σάτα,</span> 
     </span>
    </p>
   </div>
   <div class='ocr_carea' id='block_1_109' title="bbox 146 2804 946 2841">
    <p class='ocr_par' dir='ltr' id='par_1_109' title="bbox 146 2804 946 2841">
     <span class='ocr_line' id='line_1_110' title="bbox 146 2804 946 2841; baseline -0.004 -8"><span class='ocrx_word' id='word_1_863' title='bbox 146 2807 197 2834; x_wconf 77' lang='grc' dir='ltr'>καὶ</span> <span class='ocrx_word' id='word_1_864' title='bbox 210 2806 316 2841; x_wconf 74' lang='grc' dir='ltr'>ἐγίνετο</span> <span class='ocrx_word' id='word_1_865' title='bbox 336 2806 402 2832; x_wconf 70' lang='grc' dir='ltr'>δέκα</span> <span class='ocrx_word' id='word_1_866' title='bbox 419 2806 489 2832; x_wconf 84' lang='grc' dir='ltr'>σάτα</span> <span class='ocrx_word' id='word_1_867' title='bbox 504 2805 618 2840; x_wconf 77' lang='grc' dir='ltr'>κριθῆςο</span> <span class='ocrx_word' id='word_1_868' title='bbox 637 2806 684 2831; x_wconf 78' lang='grc' dir='ltr'><strong>καὶ</strong></span> <span class='ocrx_word' id='word_1_869' title='bbox 701 2804 889 2839; x_wconf 80' lang='grc' dir='ltr'>εἰσεπορεύετο</span> <span class='ocrx_word' id='word_1_870' title='bbox 906 2805 946 2836; x_wconf 81' lang='grc' dir='ltr'>εἰς</span> 
     </span>
    </p>
   </div>
   <div class='ocr_carea' id='block_1_110' title="bbox 145 2851 945 2888">
    <p class='ocr_par' dir='ltr' id='par_1_110' title="bbox 145 2851 945 2888">
     <span class='ocr_line' id='line_1_111' title="bbox 145 2851 945 2888; baseline -0.004 -8"><span class='ocrx_word' id='word_1_871' title='bbox 145 2853 178 2880; x_wconf 64' lang='grc' dir='ltr'>εδ</span> <span class='ocrx_word' id='word_1_872' title='bbox 201 2853 346 2888; x_wconf 79' lang='grc' dir='ltr'>ὑπολήνιον</span> <span class='ocrx_word' id='word_1_873' title='bbox 365 2851 526 2886; x_wconf 77' lang='grc' dir='ltr'>ἐξαντλῆσαι</span> <span class='ocrx_word' id='word_1_874' title='bbox 548 2852 717 2887; x_wconf 79' lang='grc' dir='ltr'>πεντήκοντα</span> <span class='ocrx_word' id='word_1_875' title='bbox 738 2851 875 2887; x_wconf 80' lang='grc' dir='ltr'>μετρητὰς</span> <span class='ocrx_word' id='word_1_876' title='bbox 898 2851 945 2877; x_wconf 82' lang='grc' dir='ltr'><strong>καὶ</strong></span> 
     </span>
    </p>
   </div>
   <div class='ocr_carea' id='block_1_111' title="bbox 146 2897 944 2936">
    <p class='ocr_par' dir='ltr' id='par_1_111' title="bbox 146 2897 944 2936">
     <span class='ocr_line' id='line_1_112' title="bbox 146 2897 944 2936; baseline -0.004 -10"><span class='ocrx_word' id='word_1_877' title='bbox 146 2898 270 2936; x_wconf 72' lang='grc' dir='ltr'>ιγίνοντο</span> <span class='ocrx_word' id='word_1_878' title='bbox 289 2898 409 2925; x_wconf 76' lang='grc' dir='ltr'>εἴκοσιν·</span> <span class='ocrx_word' id='word_1_879' title='bbox 435 2898 557 2930; x_wconf 70' lang='grc' dir='ltr'>ἐπάταξα</span> <span class='ocrx_word' id='word_1_880' title='bbox 572 2897 644 2929; x_wconf 79' lang='grc' dir='ltr'>ὑμᾶς</span> <span class='ocrx_word' id='word_1_881' title='bbox 670 2899 698 2924; x_wconf 76' lang='grc' dir='ltr'>ἐν</span> <span class='ocrx_word' id='word_1_882' title='bbox 719 2898 820 2933; x_wconf 70' lang='grc' dir='ltr'>ἀφορίᾳ</span> <span class='ocrx_word' id='word_1_883' title='bbox 844 2897 891 2923; x_wconf 71' lang='grc' dir='ltr'>καὶ</span> <span class='ocrx_word' id='word_1_884' title='bbox 915 2898 944 2923; x_wconf 85' lang='grc' dir='ltr'>ὲν</span> 
     </span>
    </p>
   </div>
   <div class='ocr_carea' id='block_1_112' title="bbox 310 2947 661 2977">
    <p class='ocr_par' dir='ltr' id='par_1_112' title="bbox 310 2947 661 2977">
     <span class='ocr_line' id='line_1_113' title="bbox 310 2947 661 2977; baseline -0.003 0"><span class='ocrx_word' id='word_1_885' title='bbox 310 2948 448 2977; x_wconf 77' lang='grc' dir='ltr'><strong>Ρηιιοι..</strong></span> <span class='ocrx_word' id='word_1_886' title='bbox 470 2947 528 2977; x_wconf 80' lang='lat' dir='ltr'><strong>Gn.</strong></span> <span class='ocrx_word' id='word_1_887' title='bbox 556 2947 606 2976; x_wconf 77' lang='lat' dir='ltr'><strong>LX</strong></span> <span class='ocrx_word' id='word_1_888' title='bbox 615 2947 661 2976; x_wconf 76' lang='grc'><strong>1⁷1.</strong></span> 
     </span>
    </p>
   </div>
   <div class='ocr_carea' id='block_1_113' title="bbox 1035 2621 1796 2656">
    <p class='ocr_par' dir='ltr' id='par_1_113' title="bbox 1035 2621 1796 2656">
     <span class='ocr_line' id='line_1_114' title="bbox 1035 2621 1796 2656; baseline 0.003 -9"><span class='ocrx_word' id='word_1_889' title='bbox 1035 2621 1118 2649; x_wconf 70' lang='lat' dir='ltr'><strong>Vsus.</strong></span> <span class='ocrx_word' id='word_1_890' title='bbox 1136 2621 1230 2648; x_wconf 73' lang='lat' dir='ltr'><strong>lli-&#39;20.</strong></span> <span class='ocrx_word' id='word_1_891' title='bbox 1261 2636 1297 2641; x_wconf 81' lang='lat'><strong>——</strong></span> <span class='ocrx_word' id='word_1_892' title='bbox 1317 2630 1326 2647; x_wconf 78' lang='grc' dir='ltr'><strong>ι</strong></span> <span class='ocrx_word' id='word_1_893' title='bbox 1357 2621 1389 2648; x_wconf 86' lang='grc' dir='ltr'>Ει</span> <span class='ocrx_word' id='word_1_894' title='bbox 1408 2621 1482 2648; x_wconf 77' lang='lat' dir='ltr'><strong>illinc</strong></span> <span class='ocrx_word' id='word_1_895' title='bbox 1499 2621 1591 2656; x_wconf 88' lang='lat' dir='ltr'><strong>ponite</strong></span> <span class='ocrx_word' id='word_1_896' title='bbox 1618 2621 1645 2648; x_wconf 94' lang='lat' dir='ltr'><strong>in</strong></span> <span class='ocrx_word' id='word_1_897' title='bbox 1666 2621 1796 2649; x_wconf 81' lang='lat' dir='ltr'><strong>cordibus</strong></span> 
     </span>
    </p>
   </div>
   <div class='ocr_carea' id='block_1_114' title="bbox 996 2667 1795 2702">
    <p class='ocr_par' dir='ltr' id='par_1_114' title="bbox 996 2667 1795 2702">
     <span class='ocr_line' id='line_1_115' title="bbox 996 2667 1795 2702; baseline 0 -7"><span class='ocrx_word' id='word_1_898' title='bbox 996 2668 1096 2695; x_wconf 79' lang='lat' dir='ltr'><strong>vestris</strong></span> <span class='ocrx_word' id='word_1_899' title='bbox 1106 2677 1120 2694; x_wconf 72' lang='grc' dir='ltr'><strong>ιι</strong></span> <span class='ocrx_word' id='word_1_900' title='bbox 1135 2668 1179 2695; x_wconf 86' lang='lat' dir='ltr'><strong>die</strong></span> <span class='ocrx_word' id='word_1_901' title='bbox 1190 2668 1240 2695; x_wconf 85' lang='lat' dir='ltr'><strong>hac</strong></span> <span class='ocrx_word' id='word_1_902' title='bbox 1249 2672 1277 2696; x_wconf 90' lang='lat' dir='ltr'><strong>et</strong></span> <span class='ocrx_word' id='word_1_903' title='bbox 1287 2675 1380 2702; x_wconf 87' lang='lat' dir='ltr'><strong>supra,</strong></span> <span class='ocrx_word' id='word_1_904' title='bbox 1396 2672 1542 2702; x_wconf 84' lang='lat' dir='ltr'><strong>antequam</strong></span> <span class='ocrx_word' id='word_1_905' title='bbox 1560 2670 1710 2702; x_wconf 87' lang='lat' dir='ltr'><strong>poneretur</strong></span> <span class='ocrx_word' id='word_1_906' title='bbox 1726 2667 1795 2702; x_wconf 69' lang='lat' dir='ltr'><strong>lapis</strong></span> 
     </span>
    </p>
   </div>
   <div class='ocr_carea' id='block_1_115' title="bbox 998 2713 1794 2750">
    <p class='ocr_par' dir='ltr' id='par_1_115' title="bbox 998 2713 1794 2750">
     <span class='ocr_line' id='line_1_116' title="bbox 998 2713 1794 2750; baseline -0.001 -8"><span class='ocrx_word' id='word_1_907' title='bbox 998 2721 1082 2749; x_wconf 87' lang='lat' dir='ltr'><strong>super</strong></span> <span class='ocrx_word' id='word_1_908' title='bbox 1102 2714 1220 2750; x_wconf 86' lang='lat' dir='ltr'><strong>lapidem</strong></span> <span class='ocrx_word' id='word_1_909' title='bbox 1244 2715 1270 2741; x_wconf 93' lang='lat' dir='ltr'><strong>in</strong></span> <span class='ocrx_word' id='word_1_910' title='bbox 1287 2715 1389 2748; x_wconf 89' lang='lat' dir='ltr'><strong>templo</strong></span> <span class='ocrx_word' id='word_1_911' title='bbox 1408 2713 1534 2740; x_wconf 85' lang='lat' dir='ltr'><strong>Domini:</strong></span> <span class='ocrx_word' id='word_1_912' title='bbox 1551 2713 1661 2747; x_wconf 88' lang='lat' dir='ltr'><strong>quinam</strong></span> <span class='ocrx_word' id='word_1_913' title='bbox 1677 2713 1794 2746; x_wconf 70' lang='lat' dir='ltr'><strong>fueritis,</strong></span> 
     </span>
    </p>
   </div>
   <div class='ocr_carea' id='block_1_116' title="bbox 998 2758 1795 2795">
    <p class='ocr_par' dir='ltr' id='par_1_116' title="bbox 998 2758 1795 2795">
     <span class='ocr_line' id='line_1_117' title="bbox 998 2758 1795 2795; baseline -0.001 -9"><span class='ocrx_word' id='word_1_914' title='bbox 998 2760 1108 2795; x_wconf 89' lang='lat' dir='ltr'><strong>quando</strong></span> <span class='ocrx_word' id='word_1_915' title='bbox 1121 2760 1272 2787; x_wconf 87' lang='lat' dir='ltr'><strong>mittebatis</strong></span> <span class='ocrx_word' id='word_1_916' title='bbox 1288 2759 1314 2786; x_wconf 94' lang='lat' dir='ltr'><strong>in</strong></span> <span class='ocrx_word' id='word_1_917' title='bbox 1330 2758 1564 2794; x_wconf 82' lang='lat' dir='ltr'><strong>cypseleuvigiuti</strong></span> <span class='ocrx_word' id='word_1_918' title='bbox 1577 2762 1684 2789; x_wconf 86' lang='lat' dir='ltr'><strong>sata.et</strong></span> <span class='ocrx_word' id='word_1_919' title='bbox 1695 2758 1795 2785; x_wconf 79' lang='lat' dir='ltr'><strong>ﬁebant</strong></span> 
     </span>
    </p>
   </div>
   <div class='ocr_carea' id='block_1_117' title="bbox 999 2805 1795 2841">
    <p class='ocr_par' dir='ltr' id='par_1_117' title="bbox 999 2805 1795 2841">
     <span class='ocr_line' id='line_1_118' title="bbox 999 2805 1795 2841; baseline -0.003 -8"><span class='ocrx_word' id='word_1_920' title='bbox 999 2806 1094 2833; x_wconf 81' lang='lat' dir='ltr'><strong>decem</strong></span> <span class='ocrx_word' id='word_1_921' title='bbox 1111 2811 1171 2833; x_wconf 88' lang='lat' dir='ltr'><strong>sata</strong></span> <span class='ocrx_word' id='word_1_922' title='bbox 1187 2806 1282 2833; x_wconf 90' lang='lat' dir='ltr'><strong>hordei</strong></span> <span class='ocrx_word' id='word_1_923' title='bbox 1301 2815 1307 2832; x_wconf 88' lang='lat'><strong>:</strong></span> <span class='ocrx_word' id='word_1_924' title='bbox 1326 2810 1352 2833; x_wconf 85' lang='lat' dir='ltr'><strong>ct</strong></span> <span class='ocrx_word' id='word_1_925' title='bbox 1372 2805 1602 2841; x_wconf 79' lang='lat' dir='ltr'><strong>iugrediebamini</strong></span> <span class='ocrx_word' id='word_1_926' title='bbox 1621 2805 1744 2831; x_wconf 85' lang='lat' dir='ltr'><strong>torcular</strong></span> <span class='ocrx_word' id='word_1_927' title='bbox 1765 2809 1795 2831; x_wconf 83' lang='lat' dir='ltr'><strong>ut</strong></span> 
     </span>
    </p>
   </div>
   <div class='ocr_carea' id='block_1_118' title="bbox 1000 2850 1793 2886">
    <p class='ocr_par' dir='ltr' id='par_1_118' title="bbox 1000 2850 1793 2886">
     <span class='ocr_line' id='line_1_119' title="bbox 1000 2850 1793 2886; baseline 0 -8"><span class='ocrx_word' id='word_1_928' title='bbox 1000 2851 1146 2879; x_wconf 86' lang='lat' dir='ltr'><strong>hauriretis</strong></span> <span class='ocrx_word' id='word_1_929' title='bbox 1158 2851 1356 2886; x_wconf 83' lang='lat' dir='ltr'><strong>quinquaginta</strong></span> <span class='ocrx_word' id='word_1_930' title='bbox 1373 2852 1562 2886; x_wconf 83' lang='lat' dir='ltr'><strong>amphoras,et</strong></span> <span class='ocrx_word' id='word_1_931' title='bbox 1572 2850 1673 2877; x_wconf 85' lang='lat' dir='ltr'><strong>ﬁebant</strong></span> <span class='ocrx_word' id='word_1_932' title='bbox 1689 2850 1793 2885; x_wconf 76' lang='lat' dir='ltr'><strong>viginti.</strong></span> 
     </span>
    </p>
   </div>
   <div class='ocr_carea' id='block_1_119' title="bbox 999 2897 1795 2932">
    <p class='ocr_par' dir='ltr' id='par_1_119' title="bbox 999 2897 1795 2932">
     <span class='ocr_line' id='line_1_120' title="bbox 999 2897 1795 2932; baseline 0 -8"><span class='ocrx_word' id='word_1_933' title='bbox 999 2897 1128 2925; x_wconf 88' lang='lat' dir='ltr'><strong>Percussi</strong></span> <span class='ocrx_word' id='word_1_934' title='bbox 1138 2905 1184 2925; x_wconf 84' lang='lat' dir='ltr'><strong>vos</strong></span> <span class='ocrx_word' id='word_1_935' title='bbox 1194 2899 1350 2931; x_wconf 84' lang='lat' dir='ltr'><strong>sterilitate,</strong></span> <span class='ocrx_word' id='word_1_936' title='bbox 1358 2902 1384 2925; x_wconf 90' lang='lat' dir='ltr'><strong>et</strong></span> <span class='ocrx_word' id='word_1_937' title='bbox 1395 2899 1467 2926; x_wconf 88' lang='lat' dir='ltr'><strong>aeris</strong></span> <span class='ocrx_word' id='word_1_938' title='bbox 1476 2897 1664 2932; x_wconf 78' lang='lat' dir='ltr'><strong>corruptione,</strong></span> <span class='ocrx_word' id='word_1_939' title='bbox 1674 2901 1700 2923; x_wconf 85' lang='lat' dir='ltr'><strong>ct</strong></span> <span class='ocrx_word' id='word_1_940' title='bbox 1712 2903 1795 2931; x_wconf 80' lang='lat' dir='ltr'><strong>gran-</strong></span> 
     </span>
    </p>
   </div>
   <div class='ocr_carea' id='block_1_120' title="bbox 1594 2946 1628 2974">
    <p class='ocr_par' dir='ltr' id='par_1_120' title="bbox 1594 2946 1628 2974">
     <span class='ocr_line' id='line_1_121' title="bbox 1594 2946 1628 2974; baseline 0.029 -1"><span class='ocrx_word' id='word_1_941' title='bbox 1594 2946 1628 2974; x_wconf 79' lang='lat' dir='ltr'><strong>iG</strong></span> 
     </span>
    </p>
   </div>
  </div>
