4118 6466
541 291 644 349 491

1755 305 2105 363 THEODORI
2140 304 2624 365 MOPSUESTENI

3689 320 3796 377 492

543 415 671 470 dine
731 413 913 469 omnia
975 428 1142 484 opera
1207 430 1471 472 manuum
1519 426 1860 486 vestrarum;
1909 431 1962 477 et
2018 438 2100 478 no:

2230 421 2595 495 ἀνεμοφθορίᾳ
2626 425 2718 477 καὶ
2745 425 2802 476 ἐν
2838 426 3044 500 χαλάζῃ
3083 429 3258 486 πάντα
3289 432 3355 486 τά
3387 431 3522 504 ἔργα
3549 435 3659 489 τῶν
3690 456 3802 509 χειο

543 503 748 560 reversi
779 503 913 559 estis
961 505 1029 560 ad
1058 521 1164 570 me,
1203 505 1341 562 dicit
1362 506 1646 565 Dominus.
1669 510 1942 580 Apponite
1973 527 2100 566 num

2225 511 2334 582 ρῶν
2376 512 2563 584 ὑμῶν’
2612 516 2705 569 καὶ
2746 517 2844 570 οὐκ
2892 521 3259 591 ἐπεστρέψατε
3319 503 3457 596 πρός
3494 544 3596 596 με,
3652 503 3804 598 λέγει

543 595 708 651 corda
741 608 918 651 vestra
953 611 982 650 a
1014 596 1102 652 die
1134 598 1240 653 ista
1287 606 1340 654 et
1369 615 1558 670 supra,
1595 616 1626 654 a
1665 607 1864 670 quarta
1891 607 1948 654 et
1974 601 2122 656 vice-

537 689 677 743 sima
708 690 836 743 noni
868 689 1095 754 mensis,
1159 699 1216 746 et
1247 707 1277 745 a
1308 692 1396 747 die
1431 709 1537 763 qua
1594 692 1948 748 fundamenta
1971 692 2121 762 jacta

541 784 670 834 sunt
712 779 897 849 templi
957 779 1194 836 Domini.
1245 781 1440 838 Ponite
1487 784 1544 838 in
1576 783 1837 839 cordibus
1893 783 2118 848 vestris,

539 881 721 926 utrum
753 871 933 926 adhuc
981 882 1348 943 cognoscetur
1407 891 1572 946 super
1624 889 1832 942 aream,
1892 882 1948 929 et
1986 890 2118 929 num

538 963 717 1019 adhuc
767 963 864 1018 viti
915 971 969 1020 et
1000 963 1126 1020 [icui
1179 973 1233 1020 et
1279 967 1677 1038 malogranato,
1721 975 1778 1022 et
1823 966 2118 1023 arboribus

537 1055 692 1120 oleae,
721 1071 844 1125 qua:
859 1055 1098 1111 fructum
1127 1066 1350 1128 negant,
1383 1075 1447 1115 ex
1473 1060 1578 1116 hac
1603 1060 1692 1116 die
1719 1060 2062 1116 benedicam.
2093 1077 2112 1108 ο

535 1146 956 1217 Comparatione
1010 1149 1258 1204 instituta
1311 1152 1618 1221 superioris
1674 1152 1961 1222 temporis,
2007 1165 2117 1220 quo

537 1237 726 1308 templi
755 1238 1172 1295 aedificationem
1207 1242 1572 1312 negligebant,
1600 1250 1656 1297 et
1691 1242 1978 1311 praesentis
2006 1257 2117 1312 quo

539 1344 732 1398 urgere
761 1344 899 1399 opus
938 1340 1242 1401 cmperant,
1276 1333 1566 1388 ostendere
1596 1334 1766 1388 voluit
1789 1349 1972 1388 rerum
1996 1349 2117 1402 quae

536 1421 700 1492 282
726 1422 860 1492 ipsis
886 1423 1222 1478 obvenerant
1263 1424 1626 1480 differentiam
1666 1445 1680 1481 :
1719 1433 1774 1480 et
1804 1425 1859 1479 in
1911 1434 2114 1495 quanta

534 1516 816 1585 neglectus
854 1524 1096 1586 tempore
1149 1516 1353 1572 versati
1412 1515 1648 1575 fuissent
1699 1517 2012 1582 sterilitate,
2063 1526 2117 1573 et

535 1617 737 1679 quanta
768 1608 909 1664 bona
938 1607 1146 1678 experti
1191 1614 1481 1678 postquam
1531 1605 1866 1662 exstruendo
1913 1608 2115 1679 templo

535 1701 762 1756 multam
838 1699 1200 1755 contulissent
1261 1697 1627 1754 sedulitatem.
1685 1689 1849 1768 Ergo,
1914 1699 2111 1770 inquit,

2223 603 2424 675 Κύριος
2473 607 2866 678 παντοκράτωρ
2887 623 2899 638 ⁸
2937 609 3133 676 τάξατε
3164 612 3227 683 δὴ
3260 615 3358 678 τάς
3391 617 3618 688 καρδίας
3649 621 3804 692 ὑμῶν

2221 693 2330 745 ἀπὸ
2359 693 2458 763 τῆς
2493 694 2704 765 ἡμέρας
2756 697 2959 767 ταύτης
3008 700 3099 754 καὶ
3131 701 3405 770 ἐπέκεινα,
3445 706 3552 760 ἀπὸ
3581 710 3679 780 τῆς
3709 729 3802 764 τε·

2219 783 2413 854 τράδος
2448 785 2541 872 καὶ
2569 786 2780 851 εἰκάδος
2816 789 2909 842 τοῦ
2963 790 3154 845 ἐνάτου
3197 794 3401 865 μηνὸς,
3435 800 3528 850 καὶ
3563 799 3670 853 ἀπὸ
3698 803 3802 872 τῆς

2219 875 2432 947 ἡμέρας
2461 871 2528 948 ἧς
2559 877 2892 950 ἐθεμελιὼθη
2927 883 2954 934 ὀ
2976 881 3100 946 ναὸς
3121 885 3328 954 Κυρίου
3351 904 3365 917 ·
3409 887 3566 942 θέσθε
3593 893 3651 944 ἐν
3678 871 3800 958 ταῖς

2219 968 2465 1041 καρδίαις
2510 969 2662 1040 ὑμῶν
2692 971 2740 1024 εἰ
2774 971 2856 1025 ἔτι
2893 975 3360 1047 ἐπιγνωσθήσεται
3390 979 3483 1033 ἐπὶ
3509 981 3609 1052 τῆς
3647 984 3761 1038 ἅλω
3781 1003 3794 1014 ·

2219 1058 2314 1110 καὶ
2358 1060 2406 1111 εἰ
2453 1059 2535 1112 ἐτι
2567 1063 2600 1131 ἡ
2647 1062 2888 1132 ἄμπελος
2935 1067 3028 1118 καὶ
3072 1068 3106 1137 ἡ
3153 1068 3293 1138 συκῆ
3341 1070 3435 1123 καὶ
3469 1071 3568 1141 pos
3610 1075 3801 1128 καὶτὰ

2219 1148 2350 1212 ξύλα
2394 1149 2495 1219 τῆς
2535 1151 2719 1216 ἐλαίας
2764 1153 2834 1206 τά
2880 1156 2942 1208 ού
2999 1157 3234 1228 φέροντα
3268 1161 3514 1231 καρπὸν,
3558 1165 3667 1217 ἀπὸ
3695 1167 3799 1232 τῆς

2217 1241 2428 1311 ἡμέρας
2471 1241 2676 1312 ταύτης
2719 1244 3019 1318 εὐλογήσω.
3072 1268 3092 1300 ι
3136 1250 3443 1321 Παραθέσει
3477 1255 3643 1310 πάλιν
3687 1257 3799 1311 τῶν

2216 1348 2276 1384 τε
2326 1333 2622 1404 πρότερον,
2665 1336 2754 1388 ὅτε
2789 1354 2895 1408 περ
2938 1339 3176 1409 ἠμέλουν
3224 1341 3325 1412 τῆς
3381 1345 3664 1418 οἰκοδομῆς
3698 1348 3800 1401 τοῦ

2216 1424 2378 1488 ναοῦ,
2415 1426 2509 1478 καὶ
2553 1427 2660 1481 τῶν
2698 1427 2792 1481 νῦν
2838 1428 2987 1494 ἐξότε
3034 1449 3137 1502 περ
3189 1434 3511 1500 σπουδάζειν
3563 1439 3800 1510 ἤρξαντο

2217 1516 2344 1585 περί
2370 1515 2431 1569 τὸ
2459 1516 2638 1587 ἔργον,
2670 1518 2942 1592 ἠϐουλήθη
2979 1521 3147 1587 δεῖξαι
3185 1524 3295 1577 τῶν
3327 1528 3628 1596 γεγονότων
3666 1534 3800 1604 περὶ

2216 1606 2412 1669 αὐτοὺς
2458 1607 2555 1678 τὴν
2588 1608 2883 1681 διαφοράν·
2937 1613 3031 1666 καὶ
3078 1616 3136 1667 ἐν
3183 1615 3282 1686 ὅσῃ
3333 1617 3428 1683 μὲν
3467 1620 3800 1692 ἀμελοῦντες

2215 1696 2417 1770 ἀφορίᾳ
2453 1700 2784 1767 γεγόνεσαν,
2823 1703 2963 1758 ὅσων
2998 1706 3055 1759 δὲ
3089 1709 3310 1778 ἀγαθῶν
3341 1715 3399 1766 ἐν
3429 1711 3594 1785 πείρᾳ
3625 1715 3793 1768 κατέ-

533 1798 784 1862 reputate
847 1791 1131 1862 superiora
1192 1796 1465 1860 tempora,
1497 1803 1622 1843 eum
1661 1789 1903 1844 nondum
1943 1790 2100 1844 aediﬁ-

2221 1802 2446 1856 στησαν,
2463 1789 2646 1860 ἐπειδὴ
2662 1793 2728 1862 τῇ
2747 1792 2840 1846 τοῦ
2859 1794 2987 1848 ναοῦ
3008 1799 3293 1870 προσέχειν
3312 1803 3565 1875 οἰκοδομῇ
3589 1805 3795 1876 προθυ-

532 1881 692 1936 candi
753 1880 934 1951 templi
994 1895 1186 1934 curam
1237 1879 1630 1950 susceperatis,
1679 1879 1735 1934 in
1785 1879 2100 1950 quibusnam

2221 1877 2348 1946 μίαν
2373 1877 2529 1950 ἔσχον
2553 1881 2773 1954 πολλήν.
2813 1884 3229 1955 Ἀναλογίσασθε
3264 1888 3356 1947 οὖν
3376 1933 3390 1957 ,
3427 1895 3580 1964 φησὶ,
3604 1895 3675 1949 τὰ
3693 1896 3797 1966 τῆς

530 1986 714 2026 rerum
742 1971 1018 2040 adiunctis
1049 1971 1426 2035 versaremini,
1444 1987 1567 2026 cum
1585 1971 1841 2026 nimirum
1866 1975 2100 2044 manipu-

2216 1969 2428 2040 ἡμέρας
2475 1971 2751 2044 ἀνώτερα,
2786 1975 2870 2046 (p.
2900 1976 3038 2049 428)
3076 1981 3163 2034 ὅτε
3197 1984 3350 2038 οὔπω
3375 1985 3473 2055 τῆς
3501 1985 3795 2058 οἰκοδομῆς

528 2063 613 2119 los
660 2062 997 2133 colligebatis
1051 2063 1246 2136 viginti
1303 2071 1548 2118 satorum
1609 2062 1814 2119 fructui
1857 2065 2100 2135 suppedi-

2215 2061 2557 2130 ἐφροντίζετε
2601 2062 2692 2117 τοῦ
2724 2066 2884 2132 ναοῦ,
2927 2069 2986 2122 ἐν
3032 2071 3164 2134 οἵοις
3207 2068 3303 2144 ἦτε
3326 2117 3341 2139 ,
3366 2075 3446 2128 ὅτι
3475 2075 3790 2144 συνελέγετε

523 2155 698 2210 tando
722 2155 942 2220 idonea,
973 2157 1065 2211 vix
1110 2165 1291 2210 autem
1321 2155 1613 2211 exstabant
1666 2157 1855 2213 decem
1891 2165 2100 2228 propter

2217 2152 2314 2222 μὲν
2354 2153 2642 2226 δράγματα
2683 2158 2844 2212 ίκανά
2867 2162 3080 2233 καρπὸν
3113 2165 3287 2219 εἴκοσι
3326 2167 3502 2222 σάτων
3536 2169 3789 2223 ἀποδιδό-

525 2247 744 2317 frugnm
771 2247 1160 2317 corruptelam.
1186 2246 1252 2301 Et
1273 2247 1493 2317 quidem
1525 2247 1688 2303 etiam
1711 2248 1838 2304 vitis
1870 2247 2108 2303 fructum

526 2342 737 2389 tantum
752 2336 1093 2407 eolligebatis
1122 2345 1386 2406 quantum
1415 2337 1695 2407 amphoris
1715 2338 2110 2408 quinquaginta

528 2425 820 2496 implendis
842 2427 988 2500 satis
1017 2435 1168 2496 erat;
1202 2436 1439 2484 attamen
1471 2429 1559 2482 vix
1595 2429 1785 2500 viginti
1837 2428 2109 2486 elﬁcieba-

528 2517 622 2583 tis,
659 2517 787 2588 quia
820 2499 874 2574 et
921 2518 1008 2573 hic
1037 2519 1108 2574 ab
1137 2534 1265 2576 aere
1287 2526 1518 2574 exustus
1564 2499 1761 2575 fuerat.
1806 2518 1951 2576 Sane
2008 2537 2109 2593 ego

514 2606 682 2662 vobis
711 2607 909 2663 immisi
937 2607 1240 2664 sterilitatis
1270 2609 1523 2679 aerisque
1550 2609 1862 2678 pestilentis
1893 2613 2103 2680 plagas,

523 2699 848 2768 quinetiam
901 2699 1166 2770 grandine
1198 2707 1412 2756 vestros
1467 2716 1658 2756 omnes
1703 2699 1918 2756 labores
1979 2717 2105 2772 per-

516 2790 681 2845 didi:
719 2805 816 2846 vos
873 2799 1054 2846 autem
1093 2800 1218 2861 post
1278 2792 1369 2846 illa
1427 2807 1647 2863 quoque
1702 2795 2104 2848 contumaciam

520 2889 758 2936 vestram
793 2881 1114 2938 retinuistis.
1155 2880 1262 2937 Sed
1303 2896 1389 2947 ea,
1435 2883 1632 2952 inquit,
1668 2884 1930 2952 przeteriti
1964 2892 2102 2937 tem-

521 2971 671 3040 poris
705 2977 854 3025 sunt.
907 2969 1060 3024 Nunc
1088 2986 1218 3026 vero
1268 2971 1632 3036 considerate,
1662 2988 1910 3042 quaenam
1946 2973 2102 3028 vobis

2212 2262 2320 2309 ναι,
2351 2246 2505 2315 μόγις
2534 2248 2589 2301 δὲ
2615 2249 2873 2314 ἐξεδίδοτο
2899 2253 3029 2308 δέκα
3057 2257 3120 2310 ἐκ
3140 2257 3233 2312 τοῦ
3259 2261 3383 2324 τοὺς
3415 2262 3659 2333 καρποὺς
3683 2263 3793 2315 διε-

2213 2333 2469 2406 φθάρθαι.
2507 2339 2616 2392 Καὶ
2658 2340 2764 2411 μὴν
2799 2343 2894 2395 καὶ
2925 2345 3022 2416 τῆς
3047 2346 3291 2416 ἀμπέλου
3327 2350 3542 2420 καρποῦ
3573 2350 3793 2404 συνελέ-

2210 2441 2334 2493 γετε
2378 2426 2513 2498 πρὸς
2568 2431 2902 2502 πεντήκοντα
2961 2436 3245 2508 μετρητῶν
3277 2439 3552 2510 ἀρκοῦντα
3584 2443 3792 2514 φοράν,

2209 2516 2302 2570 καὶ
2331 2517 2486 2589 μόγις
2534 2519 2855 2591 ἐκομίζεσθε
2896 2526 3067 2580 εἰκοσι
3096 2527 3185 2580 διὰ
3214 2528 3275 2582 τὸ
3303 2532 3529 2586 κάκεῖνα
3561 2534 3796 2606 ἐξηράν-

2209 2607 2299 2662 θαι
2331 2608 2410 2681 τῷ
2439 2611 2590 2682 ἀέρι·
2637 2612 2791 2681 κάγὼ
2823 2614 2920 2684 μὲν
2949 2617 3226 2688 ἐπήγαγον
3251 2621 3380 2690 ὑμῖν
3409 2621 3622 2692 πληγὰς
3656 2626 3791 2694 ἀφο-

2211 2700 2328 2772 ρίας
2359 2719 2418 2756 τε
2445 2703 2539 2756 καί
2563 2705 2983 2779 άνεμοφθορίας,
3017 2710 3109 2763 καὶ
3137 2710 3204 2783 δὴ
3231 2713 3324 2766 καὶ
3345 2713 3553 2786 χαλάζῃ
3578 2716 3789 2780 πάντας

2209 2789 2361 2860 ὑμῶν
2402 2791 2640 2860 ἠφάνισα
2677 2796 2802 2858 τοὺς
2850 2798 3080 2862 πόνουςο
3131 2802 3352 2872 ἐμένετε
3406 2804 3462 2856 δὲ
3508 2807 3789 2876 ἁκαμπεῖς

2207 2882 2303 2935 καὶ
2329 2881 2466 2951 πρὸς
2487 2883 2692 2938 ἐκεῖνα.
2731 2885 2889 2941 Ἀλλά
2914 2889 3089 2943 ταῦτα
3114 2891 3212 2961 μὲν
3237 2892 3342 2963 πρὸ
3365 2893 3576 2960 τούτου,
3599 2898 3784 2967 φησίν.

2219 2971 2634 3042 Ἀναλογίσασθε
2681 2977 2737 3031 δέ
2767 2980 2852 3032 ἐπ’
2900 2981 3128 3046 ἐκείνοις
3162 2980 3359 3058 οἷάπερ
3391 2988 3518 3058 ὑμῖν
3553 2990 3658 3042 ἀπὸ
3686 2992 3789 3061 τῆς

520 3077 583 3114 ex
614 3061 703 3114 illa
735 3061 823 3116 die
853 3062 1157 3126 evenerint,
1188 3076 1294 3132 qua
1323 3061 1390 3115 ad
1441 3061 1625 3130 templi
1681 3062 2097 3117 aediﬁcationem

2207 3065 2420 3136 ἡμέρας
2451 3070 2665 3140 ἐκείνης
2699 3075 3062 3144 προσγέγονεν
3089 3080 3146 3130 ἐν
3182 3073 3325 3152 ᾗπερ
3349 3082 3478 3152 περί⁸
3500 3082 3597 3152 τὴν
3636 3085 3786 3136 οἱκο-

519 3153 765 3223 cmpistis
804 3155 1125 3210 incumbere

519 3260 659 3299 area:
690 3243 948 3308 fructum,
977 3259 1153 3315 neque
1181 3246 1462 3310 arborum,
1490 3249 1920 3319 comparandum
1975 3264 2101 3304 cum

519 3336 799 3404 superiore
836 3353 850 3389 :
878 3351 940 3390 ex
967 3335 1052 3391 his
1078 3337 1220 3390 enim
1246 3347 1407 3392 antea
1422 3336 1606 3391 nullus
1623 3339 1777 3395 vobis
1803 3351 2102 3410 proventus

518 3426 770 3483 exstabat
805 3445 817 3482 :
859 3435 1148 3498 postquam
1178 3443 1306 3483 vero
1323 3430 1512 3500 templi
1548 3430 1650 3485 mei
1680 3447 1866 3486 curam
1891 3434 2098 3504 geritis,

517 3520 704 3574 omnia
731 3527 913 3576 vestra
945 3520 1419 3577 benedictionibus
1447 3523 1583 3578 meis
1624 3524 1934 3590 cumulans,
1965 3526 2100 3582 ube-

518 3625 630 3664 rem
660 3611 814 3667 vobis
836 3611 991 3668 effeci
1033 3611 1248 3684 frugum
1300 3629 1480 3669 usum.
1526 3613 1646 3669 Jam
1678 3627 1966 3687 postquam
2025 3618 2098 3673 ita

516 3716 610 3756 eos
663 3703 981 3761 cohortatus
1025 3705 1223 3769 fuerat,
1265 3714 1427 3776 atque
1458 3707 1526 3761 ad
1569 3722 1709 3777 opus
1764 3708 2099 3764 excitaverat

517 3802 761 3850 veterum
829 3812 1012 3851 rerum
1071 3799 1359 3860 memoria,
1397 3805 1453 3852 et
1511 3797 1878 3866 posteriorum
1913 3799 2097 3869 adjec-

519 3883 687 3947 Iione,
733 3895 957 3956 propter
982 3903 1136 3942 suam
1193 3887 1372 3943 adhuc
1418 3888 1757 3959 ambigentes
1791 3892 2093 3960 penuriam,

517 3986 710 4028 rursus
744 3973 954 4030 animos
979 3975 1061 4031 eis
1093 3976 1240 4031 addit
1261 3976 1449 4032 dicens
1482 3996 1494 4034 :

586 4156 753 4213 Vens.
794 4157 988 4212 21-25.
1015 4189 1086 4200 -
1123 4179 1141 4212 ι
1183 4159 1248 4214 Et
1283 4159 1484 4217 factum
1505 4169 1589 4219 est
1621 4164 1843 4219 verbum
1879 4165 2092 4222 Domini

513 4249 753 4305 secundo
775 4249 842 4304 ad
887 4250 1137 4322 Aggaeum
1166 4253 1482 4324 prophetam
1523 4264 1722 4325 quarta
1748 4266 1802 4312 et
1833 4260 2092 4316 vicesima

516 4344 740 4408 mensis,
790 4343 977 4399 dicens
1012 4363 1025 4399 :
1087 4343 1336 4416 Loquere
1375 4346 1442 4401 ad
1505 4346 1897 4406 Zorobabelem
1937 4351 2085 4406 Sala-

1190 3154 1604 3225 :comperietis
1678 3155 1845 3222 enim,
1923 3171 2100 3226 neque

2204 3134 2371 3231 διψῆν
2401 3134 2767 3218 ἐσπουδάσατε
2802 3166 2894 3219 τοῦ
2927 3169 3054 3222 ναοῦ
3081 3187 3092 3200 ·
3127 3134 3386 3244 εὑρήσετε
3414 3134 3521 3246 γὰρ
3551 3134 3672 3228 δῦτε
3691 3175 3787 3229 τὸν

2203 3253 2302 3320 τῆς
2330 3251 2534 3316 ἅλωνος
2583 3255 2825 3328 καρπὸν,
2861 3256 2984 3312 οὔτε
3025 3259 3114 3313 τὸν
3148 3261 3257 3314 τῶν
3308 3262 3570 3334 δένδρων,
3608 3281 3787 3335 παρα-

2205 3343 2351 3397 θέσει
2397 3344 2506 3399 τῶν
2552 3346 2675 3400 τότε
2725 3349 3127 3421 ἐπιγνωσθῆναι
3161 3351 3474 3423 δυνάμενον.
3512 3355 3786 3426 Πρότερον

2205 3435 2305 3504 μὲν
2335 3435 2442 3506 γὰρ
2472 3438 2596 3508 ὑμῖν
2641 3439 2814 3503 οὐδεὶς
2843 3441 2898 3507 ἐξ
2929 3441 3108 3496 αὐτῶν
3136 3443 3334 3498 ἐδίδοτο
3365 3448 3603 3517 καρπός⁸
3633 3446 3784 3510 ἐξότε

2202 3529 2257 3583 δὲ
2286 3531 2416 3602 περί
2449 3532 2544 3585 τὸν
2575 3533 2700 3587 ναὸν
2734 3535 3106 3590 ἐσπουδάσατε
3137 3538 3225 3590 τὸν
3247 3538 3398 3609 ἐμὸν,
3433 3541 3606 3594 πάντα
3635 3541 3788 3594 εὺλο-
3894 3571 3906 3577 -

2202 3620 2326 3687 γίας
2382 3620 2680 3693 πληρώσας
2724 3623 2792 3677 τά
2831 3627 3100 3696 προσόντα
3149 3627 3306 3698 ὑμῖν,
3362 3629 3589 3699 ἄφθονον
3639 3631 3785 3702 ἔχειν

2201 3711 2433 3783 ἐποίησα
2470 3713 2578 3767 τῶν
2628 3716 2858 3786 καρπῶν
2895 3719 2992 3790 τὴν
3036 3719 3358 3776 ἀπόλαυσιν.
3395 3719 3524 3776 Εἶτα
3572 3724 3782 3790 τούτοις

2201 3805 2396 3868 αὐτοὺς
2432 3806 2593 3860 πάλιν
2643 3807 3086 3880 προτρεψάμενος
3120 3811 3213 3865 καὶ
3259 3811 3531 3882 διεγείρας
3561 3814 3686 3884 περί
3719 3817 3789 3869 τὸ

2201 3901 2361 3972 ἔργον
2403 3904 2468 3972 τῇ
2529 3904 2716 3975 μνήμῃ
2755 3903 2863 3958 τῶν
2919 3904 3166 3958 παλαιῶν
3220 3907 3312 3960 καὶ
3365 3910 3430 3979 τῇ
3481 3909 3784 3980 παραθέσει

2199 3993 2307 4046 τῶν
2337 3992 2563 4063 ὕστερον
2583 4036 2598 4059 ,
2625 3994 2714 4048 διὰ
2754 3996 2852 4067 τὴν
2882 3996 3072 4050 πενίαν
3099 3997 3536 4067 ἀμφιϐάλλοντας
3569 4001 3647 4054 ἔτι
3679 4003 3785 4073 τὴν

2197 4085 2422 4148 οἰκείαν,
2465 4085 2875 4158 παραθαῤῥύνει
2909 4087 3068 4142 πάλιν
3092 4089 3186 4142 καί
3214 4107 3380 4159 φησιν
3405 4091 3597 4155 οὓτως·

2270 4177 2287 4245 (
2307 4192 2360 4246 p.
2393 4177 2530 4249 429)
2554 4177 2700 4248 Στίχ.
2725 4180 2946 4247 κα’-·κγ¹.
2975 4208 3035 4219 -—
3073 4199 3091 4231 ι
3119 4180 3228 4232 Καὶ
3253 4181 3469 4249 ἐγένετο
3493 4181 3648 4251 λόγος
3669 4183 3778 4236 Κυ-

2199 4267 2315 4337 ρίου
2346 4269 2408 4320 ἐκ
2429 4268 2682 4340 δευτέρου
2708 4269 2845 4340 πρὸς
2886 4270 3133 4339 Ἀγγαῖον
3163 4273 3250 4323 τὸν
3282 4274 3594 4344 προφήτην,
3625 4275 3682 4326 ἐν
3707 4279 3775 4347 τῇ

2195 4359 2412 4430 τετράδι
2433 4360 2527 4414 καί
2556 4361 2731 4414 εἰκάδι
2760 4359 2853 4414 τοῦ
2877 4362 3066 4432 μηνὸς,
3098 4361 3291 4431 λέγων’
3324 4364 3492 4418 Εἰπὸν
3523 4365 3656 4436 πρὸς
3681 4368 3776 4420 Ζο-

505 4433 696 4489 thiclis
732 4434 902 4490 ﬁlium
941 4435 1008 4491 de
1037 4435 1184 4492 tribu
1238 4435 1414 4503 Judaz,
1447 4439 1641 4495 dicens
1676 4457 1689 4494 :
1737 4441 1932 4498 Adhuc
1987 4459 2088 4515 ego

2204 4451 2430 4522 ροϐάϐελ
2471 4452 2561 4505 τὸν
2601 4451 2694 4504 τοῦ
2723 4453 2990 4523 Σαλαθιὴλ
3028 4454 3090 4506 ἐκ
3122 4453 3295 4525 φυλῆς
3336 4456 3542 4522 Ἰούδα,
3566 4433 3773 4526 λέγων·

509 4527 677 4582 semel
703 4541 1019 4583 commoveo
1058 4529 1258 4582 omium
1280 4537 1335 4583 et
1367 4537 1588 4597 terram,
1617 4547 1682 4586 ac
1707 4548 1859 4589 mare
1893 4543 1948 4590 et
1977 4535 2087 4590 ari-

510 4619 656 4673 dam.
690 4617 755 4672 Et
774 4619 1086 4674 subvertam
1118 4621 1346 4676 thronos
1379 4636 1590 4692 regum,
1625 4631 1680 4678 et
1714 4625 1936 4693 perdam
1975 4625 2087 4681 for-

507 4709 799 4764 titudinem
835 4709 982 4780 regis
1039 4710 1303 4779 gentium,
1338 4712 1762 4784 subvertamque
1793 4730 1992 4772 currus
2033 4726 2088 4771 et

514 4812 840 4854 ascensores
874 4807 968 4852 :et
1001 4797 1336 4855 descendent
1370 4803 1495 4871 equi
1545 4812 1598 4858 et
1645 4817 1967 4861 ascensores
1996 4820 2087 4860 eo-

511 4900 656 4950 rum,
685 4887 1064 4955 unusquisque
1096 4901 1220 4941 cum
1263 4888 1445 4958 gladio
1469 4891 1635 4961 283
1670 4891 1934 4949 adversus
1974 4894 2086 4950 fra-

509 4986 646 5032 trem
679 4992 863 5032 suum.
901 4995 920 5029 ι
957 4975 1165 5032 Similia
1205 4979 1482 5048 prioribus
1526 4982 1692 5049 dicit;
1729 4983 1859 5037 talia
1887 4985 2088 5056 quippe

510 5079 639 5125 sunt
651 5065 1152 5126 verbauELfactum
1170 5073 1492 5128 estverbum
1515 5073 1731 5129 Domini
1752 5077 1994 5132 secundo
2017 5077 2086 5133 ad

507 5169 782 5233 Aggteum.
807 5161 1070 5232 tAtquiin
1100 5163 1480 5234 superioribus
1510 5173 1738 5236 apparet
1763 5182 1909 5238 saepe
1938 5167 2085 5223 divi-

508 5267 635 5307 nam
663 5254 1050 5309 reve'tationem
1080 5252 1360 5322 accepisse
1414 5256 1758 5325 prophetam,
1792 5265 1848 5314 et
1875 5275 2086 5328 secun-

507 5343 639 5399 dum
665 5344 812 5400 illam
844 5347 1046 5417 populo
1093 5346 1354 5401 locutum.
1389 5343 1497 5400 Sed
1519 5361 1664 5402 nunc
1696 5348 1772 5404 ait
1824 5369 1842 5402 ι
1891 5369 2086 5413 secun-

507 5435 634 5498 do,»
668 5435 798 5506 quia
825 5452 914 5494 res
941 5437 1076 5509 (Ξοεί
1100 5438 1282 5493 denuo
1313 5435 1622 5506 denuntiat,
1659 5450 1719 5496 ut
1739 5443 1834 5514 qui
1867 5457 2086 5520 propter

507 5532 727 5587 illarum
776 5533 1210 5600 magnitudinem
1267 5530 1680 5601 discredebant,
1756 5545 2082 5599 sententiam

508 5619 720 5674 firmam
755 5622 1120 5691 susciperent,
1174 5620 1436 5692 quoniam
1472 5623 1616 5679 haud
1646 5630 1813 5684 semel
1845 5637 2084 5690 tantum-

507 5710 690 5776 modo.
757 5727 946 5768 verum
997 5713 1164 5769 etiam
1220 5713 1505 5782 secundo,
1576 5717 1931 5778 denuntiabat
1989 5741 2081 5784 eas

2197 4542 2320 4595 Ἔτι
2347 4541 2495 4606 ἅπαξ
2519 4541 2630 4610 ἐγὼ
2653 4543 2782 4596 σείω
2811 4542 2903 4596 τὸν
2931 4545 3157 4613 οὐρανὸν
3187 4545 3280 4599 καὶ
3307 4547 3407 4612 τὴν
3433 4549 3533 4618 γῆν
3560 4551 3652 4603 καὶ
3677 4551 3777 4620 τὴν

2191 4631 2462 4686 θάλασσαν
2507 4634 2600 4687 καὶ
2631 4633 2730 4704 τὴν
2780 4633 2949 4706 ξηράν
2971 4652 2984 4666 ·
3032 4637 3126 4689 καλ⁵
3163 4638 3525 4708 καταστρέφω
3555 4639 3775 4711 θρόνους

2192 4724 2474 4792 βασιλέων,
2503 4725 2598 4778 καὶ
2627 4726 2992 4798 ἐξολοθρεύσω
3017 4727 3248 4798 δύναμιν
3289 4729 3554 4799 βασιλέως
3584 4731 3773 4792 ἐθνῶν,

2190 4815 2283 4868 καὶ
2335 4817 2696 4887 καταστρέφω
2750 4817 3008 4890 ἅρματα,
3064 4820 3158 4872 καὶ
3196 4821 3503 4885 ἀναϐάτας·
3539 4823 3632 4875 καὶ
3673 4841 3770 4876 και

2189 4905 2514 4977 ταϐήσονται
2559 4907 2714 4962 ἵπποι
2748 4912 2839 4963 καὶ
2879 4910 3148 4965 ἀναϐάται
3192 4911 3407 4977 αὐτῶν,
3461 4914 3682 4967 ἔκαστοι
3717 4917 3776 4969 ἐν

2191 4999 2439 5069 ῥομφαίᾳ
2489 5000 2624 5071 πρὸς
2654 5000 2745 5062 τὸν
2779 5001 3007 5072 ἀδελφὺν
3057 5002 3244 5057 αὐτοῦ.
3284 5021 3303 5054 ι
3347 5005 3430 5058 Τὰ
3465 5005 3604 5058 αὐτὰ
3661 5009 3777 5071 τοῖς

2189 5089 2474 5162 προτέροις
2520 5090 2668 5161 λέγει
2689 5108 2701 5122 °
2730 5093 2890 5148 τοῦτο
2923 5098 3032 5167 γὰρ
3060 5097 3211 5168 δηλοί
3233 5099 3323 5165 τὺ,
3362 5121 3381 5152 ι
3417 5102 3528 5156 Καὶ
3561 5103 3778 5170 ἐγένετο

2187 5177 2346 5248 λόγος
2375 5183 2582 5253 Κυρίου
2631 5186 2695 5238 ἐκ
2737 5185 2994 5258 δευτέρου
3041 5189 3176 5261 πρὸς
3217 5191 3490 5261 Ἀγγαῖον.
3531 5212 3551 5245 ι
3583 5194 3776 5247 Καίτοι

2187 5287 2251 5340 γε
2287 5271 2533 5342 φαίνεται
2576 5276 2634 5328 ἐν
2663 5279 2777 5340 τοῖς
2821 5279 3115 5351 ἀνωτέροις
3146 5282 3405 5348 πολλάκις
3431 5287 3776 5357 ἀποκάλυψιν

2187 5380 2246 5416 τε
2296 5363 2443 5417 θείαν
2489 5365 2780 5438 δεξάμενος
2813 5370 2842 5422 ὁ
2893 5373 3179 5444 προφήτης
3226 5376 3321 5428 καὶ
3368 5377 3516 5431 κατά
3570 5376 3778 5448 ταύτην

2187 5451 2486 5524 διαλεχθεὶς
2533 5454 2612 5526 τῷ
2649 5456 2782 5528 λαῷ.
2834 5458 2995 5513 ’Λλλὰ
3036 5461 3195 5515 τοῦτὸ
3239 5480 3405 5534 φησιν
3439 5483 3456 5515 ι
3499 5467 3565 5520 ἐκ
3594 5467 3777 5520 δευτέ-

2192 5561 2307 5615 ρου,
2349 5565 2368 5596 ι
2402 5547 2484 5599 δτι
2516 5548 2582 5602 τὰ
2614 5551 2740 5620 περί
2785 5550 2877 5602 τοῦ
2910 5551 3032 5620 Γὼγ
3063 5553 3157 5606 νῦν
3195 5552 3358 5610 πάλιν
3389 5556 3555 5620 αὐτὸς
3599 5558 3775 5624 ἐπαγ·-

2189 5635 2464 5704 γέλλεται,
2499 5637 2584 5690 ἵνα
2621 5639 2696 5710 μὴ
2739 5641 2829 5694 διὰ
2851 5641 2912 5693 τὸ
2942 5642 3172 5711 μέγεθος
3213 5645 3485 5699 ἀπιστῶσι
3516 5646 3596 5717 τῷ
3621 5646 3778 5716 λεγο-

2191 5729 2362 5800 μένῳ,
2396 5730 2850 5802 ἀναμφίϐολονδὲ
2884 5733 3048 5804 ἔχωσι
3088 5735 3185 5806 τὴν
3208 5735 3454 5809 γνώμην,
3487 5740 3552 5793 ἐκ
3583 5737 3676 5792 τοῦ
3699 5736 3776 5808 μὴ
