4118 6470
296 384 413 440 493

1414 377 1964 439 COMMENTARIUS
2003 384 2067 437 ΙΝ
2110 377 2534 438 ΖΛΕΙΙΑΒΙᾹΜ.

3498 379 3602 434 $9.5

302 501 476 572 μόνον
507 499 692 568 ἅπαξ,
732 498 868 554 ἀλλὰ
915 501 1011 554 καὶ
1058 499 1310 573 δεύτερον
1357 504 1790 572 ἐπαγγείλασθαι
1841 505 1909 557 τὰ

2027 506 2181 560 Deus.
2223 505 2362 560 Dicit
2411 505 2555 559 enim
2587 505 2636 560 ei
2676 521 2688 556 :
2751 503 2829 557 En
2859 518 2960 576 ego
2995 501 3390 574 propemodum
3419 504 3602 556 omnia

298 595 452 648 αύτά
495 593 589 647 τὸν
642 593 798 647 Θεόν.
864 587 999 647 Eine
1028 595 1138 665 γὰρ
1183 593 1352 665 αὐτῷ,
1407 596 1593 666 φησιν,
1627 598 1707 649 ὅτι
1735 599 1910 650 Μονο-

2027 598 2358 659 :oncutiens,
2437 595 2852 652 subversionem
2965 593 3196 664 patrabo
3297 591 3602 647 multorum

299 683 466 757 νουχὶ
522 685 818 748 συσσείσας
881 685 1098 739 ἅπαντα
1159 689 1545 758 καταστροφὴν
1605 689 1914 760 ἐργάσομαι

2027 705 2204 758 regum
2255 689 2475 742 thronis
2546 685 2823 756 regalibus
2910 685 3287 762 praeditorum.

301 777 532 833 πολλῶν
576 777 847 849 βασιλέων
891 769 1100 848 Θρόνοις
1137 777 1434 848 βασιλικοῖς
1492 780 1911 852 κοσμουμένων,

301 871 412 942 τὴν
444 868 677 941 δύναμίν
708 887 768 922 τε
819 871 999 924 πᾶσαν
1046 868 1224 923 αὐτῶν
1270 869 1547 940 ἀφανίζων
1569 911 1582 934 ,
1616 873 1710 924 καὶ
1750 888 1916 924 κατα-

305 960 569 1034 στρέφων
621 951 694 1012 τά
727 959 947 1031 ἅρματα
981 959 1078 1012 σὺν
1119 958 1231 1022 τοῖς
1287 957 1756 1029 ἐπαναϐεϐηκόσιν
1815 959 1913 1011 αύ-

303 1043 619 1115 τοῖςῗῦστε
637 1051 718 1113 είς
737 1049 1002 1117 ἀλλήλους
1025 1047 1224 1109 αὐτοὺς
1246 1047 1648 1118 συμπεσόντας,
1669 1048 1685 1116 (
1705 1064 1757 1118 p.
1785 1048 1910 1118 450)

299 1139 442 1204 τούς
470 1157 534 1194 τε
568 1140 773 1202 ἵππους
819 1139 913 1191 καὶ
941 1139 1068 1202 τοὺς
1114 1136 1511 1207 ἐπιϐεϐηκότας
1536 1138 1643 1192 τῶν
1683 1139 1868 1194 ἵππων
1893 1179 1908 1206 ,

301 1231 567 1304 ἀλλήλοιν
590 1231 847 1302 γενέσθαι
878 1231 1140 1300 σφαγέας,
1168 1230 1262 1282 καὶ
1291 1227 1459 1283 πολὺν
1484 1231 1912 1303 ἀποτελεσθῆναι

300 1323 404 1379 τδν
449 1325 646 1395 φόνον,
688 1323 1098 1393 ἀναιρουμένων
1130 1321 1309 1375 αὐτῶν
1344 1318 1435 1376 ὑπ’
1466 1323 1744 1396 ἀλλήλων
1777 1327 1914 1398 ὅπερ

283 1411 406 1471 ςοῦν
447 1417 788 1489 ἐργάσομαι,
825 1414 965 1468 ὥστε
1010 1415 1166 1485 δῆλον
1196 1416 1253 1480 ἐξ
1303 1415 1556 1470 ἁπάντων
1619 1417 1910 1486 γενέσθαι,

3382 698 3604 738 onmem

2014 780 2233 836 illorum
2258 780 2558 850 potentiam
2601 777 2915 841 destruens,
2940 787 2994 832 et
3029 791 3228 832 currus
3251 791 3374 831 cum
3412 789 3607 832 ascen-

2015 872 2239 929 soribus
2300 873 2417 929 suis
2469 871 2829 935 subvertens;
2876 869 2949 923 ita
3008 878 3066 924 ut
3124 867 3357 923 invicem
3406 867 3608 939 impin-

2018 975 2208 1034 gentcs
2247 971 2362 1017 tum
2399 962 2526 1032 equi
2584 969 2699 1015 tum
2729 974 2997 1030 equorum
3029 973 3374 1020 ascensores,
3430 957 3605 1011 mutui

2015 1056 2295 1112 occisores
2351 1054 2503 1120 ﬂant,
2561 1053 2902 1124 multamque
2945 1051 3149 1106 cmdem
3180 1049 3419 1106 eﬂiciant
3471 1050 3611 1102 alter

2019 1149 2250 1204 alterum
2313 1148 2711 1204 interimentes.
2750 1145 2907 1212 Quod
2945 1143 3168 1215 quidem
3197 1159 3298 1214 ego
3331 1157 3506 1214 agam,
3552 1148 3609 1194 ut

2021 1237 2200 1308 palam
2229 1241 2486 1295 omnibus
2511 1238 2622 1302 liat,
2648 1237 2794 1292 haud
2832 1251 3093 1290 manuum
3124 1242 3434 1290 vestrarum
3466 1248 3609 1304 opus

2021 1328 2164 1383 hanc
2212 1344 2334 1384 esse
2359 1329 2484 1382 belli
2512 1327 2932 1383 conversionem
2961 1335 3122 1396 atque
3167 1324 3476 1390 victoriam,
3515 1324 3610 1379 sed

2023 1419 2282 1488 potentia:
2317 1433 2450 1474 mea)
2486 1417 2709 1488 viribus,
2731 1416 2914 1471 omnia
2937 1430 3062 1470 esse
3101 1413 3370 1470 confecta.

301 1505 393 1562 ὅτι
447 1509 512 1562 οὐ
549 1509 648 1580 τῆς
681 1508 955 1578 ὑμετέρας
994 1507 1083 1560 διὰ
1127 1508 1304 1579 χειρὸς
1355 1508 1513 1580 ἔργον
1551 1513 1582 1582 ἡ
1632 1513 1808 1583 τροπὴ
1848 1511 1941 1565 τοῦ
1982 1512 2217 1584 πολέμου
2254 1513 2348 1567 καὶ
2391 1512 2426 1580 ἡ
2469 1511 2628 1584 νίκη,
2675 1507 2780 1564 ὑπὸ
2839 1509 2897 1564 δὲ
2955 1511 3053 1581 τῆς
3091 1509 3377 1580 δυνάμεως
3417 1507 3612 1562 ἀποτε-

301 1597 569 1654 τέλεσται
597 1597 658 1651 τὸ
687 1599 798 1650 πᾶν
826 1598 924 1667 τῆς
956 1595 1116 1667 ἐμῆς.

385 1691 542 1761 Στίχ.
571 1689 673 1743 κδ’.
699 1717 771 1728 -
806 1707 823 1738 ι
872 1687 960 1740 Ἐν
985 1690 1050 1759 τῇ
1080 1689 1260 1759 ήμέρα
1303 1688 1506 1761 ἐκείνῃ,
1535 1689 1682 1759 λέγει
1711 1690 1915 1762 Κύριος

311 1779 757 1852 παντοκράτωρ,
797 1778 1036 1850 λήψομαί
1087 1780 1530 1852 σε,Ζοροϐάϐελ,
1554 1782 1644 1835 τὸν
1683 1783 1776 1836 τοῦ
1815 1784 1916 1836 Σα-

2096 1685 2265 1742 Vens.
2295 1685 2388 1740 24.
2413 1715 2482 1725 —
2535 1703 2555 1736 ι
2595 1683 2692 1739 Die
2735 1683 2848 1747 illa,
2884 1683 3020 1739 dicit
3059 1681 3326 1741 Dominus
3358 1687 3616 1758 omnipo-

2022 1784 2148 1834 tens
2173 1814 2190 1842 ,
2233 1791 2508 1833 assumam
2549 1785 2603 1832 te
2631 1776 3028 1832 Zorobabelem
3064 1774 3378 1833 Salathielis
3416 1777 3612 1839 tilium,

311 1872 521 1944 λαθιήλ
545 1872 638 1925 τὸν
660 1870 844 1924 δοῦλόν
877 1889 998 1939 μου.
1026 1871 1176 1940 λέγει
1198 1871 1429 1944 Κύριος·
1456 1878 1548 1928 καὶ
1587 1875 1823 1947 Θήσομαὶ
1856 1894 1916 1930 σε

2027 1885 2242 1928 servum
2295 1885 2500 1936 meum,
2535 1869 2672 1925 dicit
2712 1869 2978 1925 Dominus
3011 1887 3026 1923 :
3080 1879 3135 1925 et
3167 1884 3366 1940 ponam
3414 1879 3466 1927 te
3489 1880 3606 1927 tan-

314 1965 398 2032 ὠς
441 1964 746 2038 σφραγῖδα·
785 1962 918 2016 διότι
943 1980 1001 2016 σε
1033 1963 1280 2034 ᾑρέτισα,
1302 1965 1450 2035 λέγει
1483 1967 1685 2039 Κύριος
1721 1984 1918 2022 παντοο

314 2058 570 2132 κράτωρ.
612 2076 633 2109 ι
667 2057 800 2110 Τότε
823 2056 910 2124 δὴ,
940 2057 1124 2126 φησιν,
1157 2050 1201 2109 ὦ
1230 2058 1556 2128 Ζοροϐάϐελ,
1594 2061 1692 2130 τῆς
1713 2062 1920 2124 οἰκείας

316 2152 568 2220 ἀξιώσας
597 2149 902 2222 ἡγούμενον
939 2147 1034 2201 τοῦ
1087 2149 1482 2221 Ἰσραηλιτικοῡ
1508 2147 1663 2217 λαοῢ,
1703 2153 1921 2207 πάντων

317 2245 598 2322 κρατῆσαι
633 2241 1076 2314 παρασκευάσω·
1134 2240 1275 2294 ὥστε
1327 2241 1385 2307 ἐξ
1419 2243 1598 2296 αὐτῶν
1642 2241 1799 2314 δῆλον
1828 2261 1923 2314 γε-

316 2339 517 2395 νέσθαι
555 2336 662 2392 τῶν
701 2336 901 2407 ἔργων,
945 2337 1026 2390 ὅτι
1076 2335 1243 2407 ψήφῳ
1294 2338 1359 2407 τῇ
1405 2336 1513 2407 ἐμῇ
1565 2334 1816 2406 βασιλεύς
1861 2355 1921 2391 τε

319 2437 533 2510 ᾕρησαι
565 2429 824 2501 βεϐαίως,
864 2428 959 2481 καί
987 2429 1250 2499 ἀρεσκείᾳ
1280 2429 1344 2498 τῇ
1385 2429 1491 2498 ὲμῇ
1527 2430 1607 2490 είς
1636 2427 1734 2499 τὴν
1763 2427 1922 2493 ἀξίαν

319 2523 746 2598 προκεχείρισαι
789 2519 996 2592 ταύτην
1022 2535 1035 2548 °
1085 2519 1287 2583 παντὸς
1316 2519 1566 2584 συνέντος
1613 2521 1680 2574 ὃν
1725 2521 1923 2592 ῥαδίως

319 2617 407 2672 δτι
436 2613 732 2687 δυνηθῆναί
777 2631 835 2667 σε
877 2613 1050 2668 ταῦτα
1102 2611 1354 2684 οὐδαμῶς
1390 2609 1500 2666 οἷόν
1538 2631 1598 2666 τε
1643 2607 1732 2686 ἦν,
1765 2615 1813 2666 εἰ
1848 2615 1922 2686 μὴ

319 2708 470 2764 κατὰ
491 2707 723 2778 γνώμην
749 2705 892 2778 ἐμὴν
915 2703 975 2759 τὸ
1016 2704 1320 2776 βασιλεύειν
1351 2705 1510 2776 ἔχων,
1535 2708 1641 2777 ἐμῇ
1672 2708 1739 2777 τῇ
1784 2709 1922 2778 ῥοπῇ

318 2800 422 2855 καὶ
445 2798 548 2872 τὴν
581 2795 856 2868 τοσαύτην
881 2798 1215 2876 κατεπράξω
1260 2799 1439 2871 νίκην.
1503 2796 1720 2870 Ἐπειδὴ
1751 2799 1859 2870 γὰρ
1890 2801 1923 2869 ή

329 2887 574 2966 σφραγὶς
607 2890 964 2963 ἐπιτιθεμένη
999 2891 1300 2962 ἀσφάλειάν
1346 2909 1468 2945 τινα
1514 2895 1626 2955 τοῖς
1659 2891 1925 2962 ἐμϐαλλοο

325 2983 516 3057 μένοις
541 2982 806 3055 παρέχειν
843 2983 1010 3043 δοκεῖ,
1041 2982 1201 3035 τοῦτο
1238 2981 1388 3050 λέγει
1417 2981 1478 3035 τὸ
1500 3003 1546 3047 ,ι
1565 2980 1814 3054 Θήσομαί
1865 2998 1925 3034 σε

315 3075 399 3141 ὡς
433 3068 908 3148 σφραγῖδα,ιὰντὶ
929 3071 1054 3140 τοῦ,
1088 3073 1256 3140 Δείξω
1286 3093 1345 3128 σε
1376 3075 1676 3143 ἀσφάλειαν
1711 3077 1806 3129 καὶ
1840 3075 1927 3146 βε-

321 3168 560 3224 ϐαίωσιν
582 3169 714 3224 ὄντα
739 3168 940 3232 παντὸς
967 3168 1060 3221 τοῦ
1093 3167 1249 3231 λαοῦ,
1285 3166 1380 3221 ἅτε
1407 3167 1676 3221 τοσούτων
1703 3170 1770 3239 τῇ
1797 3169 1927 3238 ἡγε-

2023 1979 2189 2035 quam
2227 1963 2607 2034 signaculum;
2663 1963 2793 2033 quia
2847 1971 2900 2020 te
2937 1963 3101 2035 elegi,
3157 1964 3295 2020 dicit
3343 1965 3610 2021 Dominus

2023 2055 2394 2128 omnipotens.
2439 2073 2457 2107 ι
2490 2051 2648 2110 Tunc
2677 2069 2810 2110 vero
2840 2063 2916 2121 te,
2948 2055 3044 2121 ait,
3070 2071 3103 2112 o
3127 2055 3456 2122 Zorobabel,
3491 2072 3616 2112 meo

2023 2148 2258 2218 dignans
2289 2147 2497 2203 auxilio
2532 2147 2728 2202 ducem
2790 2147 2976 2218 populi
3036 2148 3346 2214 lsraelitici,
3397 2151 3615 2204 cunctis

2023 2239 2299 2296 dominari
2328 2237 2526 2294 faciam
2556 2258 2568 2293 :
2601 2237 2676 2292 ita
2713 2245 2772 2292 ut
2798 2253 2865 2294 ex
2906 2237 3042 2310 ipsis
3070 2239 3332 2310 operibus
3361 2240 3616 2311 explora-

2026 2339 2146 2388 tum
2180 2331 2295 2399 (lat,
2331 2339 2386 2388 te
2416 2329 2682 2401 suﬂ‘ragio
2705 2345 2826 2385 meo
2854 2346 3034 2402 regem
3071 2333 3324 2388 stabilem
3356 2335 3615 2398 electum,

2024 2435 2258 2492 meoque
2290 2421 2632 2490 beneplacito
2661 2420 2726 2475 ad
2747 2420 2886 2475 hanc
2905 2431 3248 2492 assumptum
3267 2422 3615 2495 dignitatem;

2027 2523 2087 2568 ut
2119 2529 2282 2569 nemo
2333 2527 2443 2568 non
2491 2512 2657 2569 facile
2689 2513 2958 2584 intelligat
3012 2521 3064 2568 te
3116 2515 3434 2572 nullatenus
3487 2517 3615 2571 talia

2025 2606 2273 2677 patuisse
2303 2614 2525 2676 patrare
2575 2604 2842 2669 facinora,
2890 2605 2997 2661 nisi
3048 2605 3332 2662 voluntate
3370 2623 3491 2663 mea
3522 2624 3618 2664 rex

2026 2699 2226 2762 factus,
2250 2713 2351 2767 ope
2376 2696 2584 2767 pariter
2615 2712 2735 2752 mea
2762 2697 3048 2752 victoriam
3075 2705 3283 2752 tantam
3308 2700 3614 2757 retulisses.

2025 2791 2162 2848 Nam
2190 2794 2335 2848 sicut
2353 2793 2699 2864 signaculum
2725 2792 3044 2864 impositum
3065 2795 3292 2848 tutelam
3316 2796 3614 2866 quamdam

2028 2887 2326 2957 supposita:
2348 2886 2426 2940 rei
2455 2884 2710 2941 conferre
2736 2883 2970 2951 videtur,
3004 2887 3127 2941 ideo
3168 2886 3304 2941 dicit
3330 2905 3342 2942 :
3366 2909 3383 2939 ι
3408 2887 3616 2943 Ponam

2027 2987 2084 3034 te
2114 2988 2376 3050 tanquam
2417 2978 2786 3050 signaculum,
2816 2996 2833 3030 ι
2871 2978 2924 3032 id
2960 2987 3066 3043 est,
3088 2975 3382 3034 Ostendam
3415 2988 3467 3036 te
3496 2996 3623 3037 esse

2029 3071 2197 3144 284
2249 3075 2476 3126 tutelam
2513 3071 2791 3140 totiusque
2843 3071 3025 3140 populi
3054 3061 3480 3140 ﬁrmamentum,
3524 3072 3620 3144 qui

2029 3162 2162 3215 talia
2189 3161 2394 3217 ducatu
2426 3169 2524 3215 tuo
2541 3166 2875 3215 consecutus
2927 3165 3033 3220 est,
3064 3159 3156 3229 qui
3198 3175 3319 3215 meo
3355 3158 3619 3230 suffragio

325 3258 496 3333 μανία
541 3260 905 3332 τυγχάνοντος
946 3262 1013 3332 τῇ
1049 3262 1114 3332 σῇ
1138 3302 1152 3322 ,
1186 3260 1372 3332 ἐπειδὴ
1402 3260 1570 3332 ψήφῳ
1608 3262 1744 3334 πρὸς
1765 3261 1925 3316 τοῦτο

2031 3254 2098 3310 ad
2124 3253 2178 3309 id
2206 3252 2369 3309 ofﬁcii
2395 3253 2605 3308 electus
2638 3266 2720 3307 es.
2755 3249 2849 3306 Sic
2882 3251 3046 3305 etiam
3080 3249 3134 3304 in
3181 3248 3494 3321 Evangeliis
3529 3249 3616 3304 di-

321 3353 533 3427 ᾕρησαι
567 3353 636 3426 τῇ
678 3355 808 3425 ἐμῇ.
842 3351 1029 3415 Οὕτως
1058 3355 1153 3405 καὶ
1188 3353 1245 3405 ἐν
1286 3354 1400 3416 τοῖς
1433 3351 1787 3421 Εὑαγγελίοις
1834 3353 1927 3406 λέο

323 3462 419 3516 γει
442 3461 456 3475 ο
545 3465 564 3498 ι
602 3445 808 3499 Τοῦτον
836 3445 944 3518 γὰρ
977 3449 1005 3499 ὁ
1041 3446 1232 3516 Πατὴρ
1265 3447 1600 3517 ἐσφράγισεν
1637 3447 1664 3500 ό
1693 3445 1860 3511 Θεὸς,
1900 3465 1920 3500 ι

324 3536 453 3593 ἀντὶ
495 3537 590 3592 τοῦ
609 3580 622 3602 ,
659 3537 860 3592 Τοῦτον
897 3538 1130 3607 βεϐαίως
1155 3537 1407 3604 ἀπέδειξε
1435 3537 1692 3607 πρόξενον
1723 3537 1927 3593 ἅπασιν

325 3627 644 3701 ἀνθρώποις
682 3627 791 3682 τῶν
835 3628 1108 3700 μεγίστων
1161 3627 1403 3696 ἀγαθῶν.
1434 3626 1520 3697 (p.
1568 3627 1706 3694 451)
1758 3629 1869 3681 Καὶ
1902 3628 1931 3680 ό

332 3723 609 3796 μακάριος
645 3720 704 3776 δὲ
747 3720 991 3784 Παῦλοςο
1063 3739 1081 3770 ι
1131 3721 1195 3772 Ἦ
1239 3719 1348 3790 γὰρ
1393 3719 1628 3791 σφραγὶς
1655 3720 1753 3790 τῆς
1794 3719 1933 3791 ἐμῆς

329 3814 645 3886 ἀποστολῆς
685 3815 844 3886 ὑμεῖς
887 3815 1041 3878 ὲστε,
1097 3831 1114 3864 ι
1152 3808 1273 3865 ἀντὶ
1304 3805 1433 3873 τοῦ,
1495 3811 1787 3865 Βεϐαιοῦτέ
1840 3828 1931 3882 μοι

325 3907 434 3979 τὴν
471 3906 986 3977 ἀποστολὴν,ὖμεῖς
1041 3906 1087 3957 οί
1133 3903 1581 3967 πεπιστευκότες.
1624 3903 1729 3957 Τὸν
1767 3903 1932 3957 αὑτὸν

327 3995 428 4056 οὖν
465 4000 676 4074 τρόπον
715 3997 997 4054 κάνταῦθα
1041 3996 1189 4066 λέγει
1235 3996 1326 4060 τὸ,
1391 4016 1408 4047 ι
1449 3996 1700 4067 Θήσομαί
1750 4013 1810 4049 σε
1858 3995 1934 4059 ὡς

330 4093 644 4168 σφραγῖδα,
686 4111 706 4146 ι
741 4090 864 4146 ἀντὶ
897 4089 1028 4153 τοῦ,
1073 4087 1307 4142 Βεϐαίαν
1331 4087 1600 4152 ἀποδείξω
1641 4086 1738 4158 τὴν
1779 4086 1933 4156 βασι-

327 4184 488 4239 λείαν
533 4183 632 4254 τὴν
681 4180 780 4252 σὴν
820 4181 906 4234 ἐπ’
954 4179 1189 4249 ἀσφαλεῖ
1241 4179 1497 4232 ἁπάντων
1541 4177 1650 4232 τῶν
1685 4177 1931 4243 οἰκείων,

330 4273 606 4348 ἀρεσκείᾳ
635 4269 1092 4346 προϐεϐλημένην
1122 4273 1189 4342 τῇ
1224 4271 1354 4342 ἐμῇ.
1392 4271 1630 4333 Εἰκότως
1664 4271 1722 4324 δὲ
1757 4271 1936 4326 ἁπαν-

337 4365 516 4439 ταχοῦ
542 4368 698 4437 κοινῇ
733 4363 871 4437 πρός
890 4380 950 4416 τε
974 4361 1068 4416 τὸν
1114 4362 1421 4434 Ζοροϐάϐελ
1454 4363 1548 4416 καὶ
1593 4362 1685 4416 τὸν
1725 4361 1935 4434 Ἰησοῦν

330 4458 752 4531 διαλεγόμενος,
813 4454 1049 4510 ἐνταῦθα
1095 4453 1232 4526 πρὸς
1273 4455 1366 4509 τὸν
1418 4453 1725 4529 Ζοροϐάϐελ
1771 4455 1936 4526 μόνον

331 4549 640 4623 ιποιήσατο
688 4547 782 4602 τὸν
826 4545 1019 4614 λόγον,
1071 4547 1371 4618 ἐπειδήπερ
1413 4545 1510 4599 τοῦ
1555 4545 1792 4617 πολέμου
1836 4546 1936 4617 τὴν

2031 3345 2424 3400 οἰιιιι’;‹Ηιιιιο
2443 3343 2588 3399 enim
2620 3342 2784 3398 Pater
2824 3342 3063 3413 signavit
3115 3340 3258 3397 Deus
3309 3341 3376 3404 ³⁸,
3401 3341 3486 3395 ιίιι
3513 3350 3620 3405 est,

2033 3436 2432 3494 lhmcﬁrmiter
2448 3435 2680 3507 praebuit
2713 3435 2852 3490 Deus
2875 3435 3120 3489 datorem
3145 3434 3359 3489 cunctis
3386 3434 3624 3488 homini-

2033 3532 2139 3587 bus
2173 3531 2537 3584 maximorum
2568 3528 2860 3582 bonorum.
2895 3523 3032 3581 Tum
3070 3533 3122 3581 et
3156 3527 3348 3582 beatus
3372 3523 3576 3580 Paulus
3606 3541 3621 3579 :

2038 3641 2058 3676 ι
2097 3620 2452 3692 Signaculum
2482 3618 2823 3690 apostolatus
2869 3616 3046 3672 nostri
3097 3630 3194 3670 vos
3225 3615 3380 3676 estis,
3400 3613 3489 3668 rid
3514 3620 3623 3678 est,

2033 3713 2292 3774 Firmatis
2309 3709 2442 3765 mihi
2468 3711 2836 3779 apostolatum
2871 3722 2970 3763 vos
3022 3706 3115 3777 qui
3155 3703 3488 3761 credidistis.
3517 3704 3626 3758 Eo-

2033 3809 2156 3865 dem
2184 3807 2370 3876 itaque
2400 3804 2561 3860 modo
2591 3804 2678 3858 hic
2720 3803 2887 3858 etiam
2917 3801 3051 3856 dicit
3081 3800 3125 3832 ‘°
3156 3817 3169 3854 :
3201 3816 3219 3851 ι
3256 3797 3460 3852 Ponam
3481 3805 3532 3851 te
3567 3804 3627 3851 ut

2035 3899 2402 3973 signaculum,
2429 3915 2450 3948 ν
2473 3895 2525 3951 id
2555 3893 2877 3961 estﬁtabile
2895 3894 3178 3949 ostendam
3202 3897 3624 3961 regnumtuum,

2035 3992 2184 4065 quod
2219 3991 2290 4048 ob
2320 3997 2542 4046 tuorum
2584 3991 2829 4044 omnium
2889 3988 3140 4051 tutelam,
3172 3985 3458 4040 voluntate
3504 3997 3628 4038 mea

2037 4085 2401 4140 constitutum
2433 4082 2558 4137 fuit.
2580 4077 2702 4137 1am
2738 4096 2864 4137 cum
2898 4081 3102 4152 ubique
3130 4078 3500 4135 communiter
3529 4075 3630 4131 Zo-

2036 4174 2350 4230 robabelem
2401 4173 2565 4228 simul
2604 4179 2659 4228 et
2703 4170 2891 4228 Jesum
2950 4171 3224 4226 allocutus
3285 4169 3380 4235 sit,
3432 4166 3630 4223 merito

2039 4281 2188 4320 nunc
2273 4265 2670 4320 Zorobabelem
2747 4264 2928 4320 solum
3020 4262 3342 4334 alloquitur,
3454 4276 3630 4332 quan-

2039 4359 2336 4429 doquidem
2405 4359 2534 4415 belli
2595 4357 2832 4414 ducatus
2917 4357 3031 4429 regi
3093 4357 3371 4427 praecipue
3428 4369 3631 4409 conve-

2042 4450 2249 4505 niebat.

339 4615 642 4714 ἡγεμονίαν
667 4637 749 4711 τῷ
784 4637 998 4710 βασιλεῖ
1027 4615 1266 4709 μάλιστα
1299 4615 1597 4708 προσήκειν
1619 4615 1806 4707 ἐχρῆν.
1894 4615 1901 4617 ﬁ
1970 4615 2014 4672 Ῑ)

411 4776 458 4808 ⁹⁹
482 4773 644 4832 Joan.
673 4791 752 4840 γι,
775 4774 868 4829 27.
945 4771 1037 4827 “’l
1073 4772 1202 4828 Cor.
1236 4784 1316 4840 ιχ,
1355 4771 1410 4826 2.

907 5039 1475 5129 ΕΡΜΗΝΕΙΑ
1551 5039 1925 5130 ΖΑΧΑΡ]

2027 5042 2104 5130 γ
2159 5043 2390 5131 ΤΟΥ
2443 5043 3100 5134 ΠΡΟΦΗΤΟΥ.
3313 5127 3324 5138 .
3627 5032 3658 5061 ’

342 5399 1502 5520 COMMENTARIUS
1585 5403 1734 5519 IN
1794 5400 2643 5520 ZACHARIAM
2705 5399 3693 5578 PROPHETAMa

419 5785 578 5839 Κατά
609 5784 702 5838 τὸν
746 5784 908 5840 αὑτὸν
945 5783 1136 5856 καιρὸν
1199 5783 1438 5856 ’Λγγαίῳ
1477 5785 1732 5856 προφήτῃ
1785 5784 1925 5856 δῆλά

2130 5785 2246 5843 Sub
2268 5785 2410 5842 idem
2450 5793 2690 5856 tempus,
2725 5799 2836 5857 quo
2884 5785 3080 5842 beatus
3127 5786 3361 5858 Aggzeus
3424 5785 3480 5844 in
3525 5801 3659 5856 pro-

345 5878 466 5931 ὲοτι
503 5877 598 5932 καὶ
626 5876 654 5929 ὁ
693 5877 964 5947 μακάριος
1000 5874 1362 5948 προφητεύων
1398 5875 1707 5948 Ζαχαρίας·
1745 5877 1803 5932 ἐν
1835 5876 1919 5931 Ere

2055 5877 2236 5956 pltctis
2264 5877 2616 5940 versabatur.
2645 5878 2867 5934 beatum
2895 5879 3060 5935 etiam
3093 5877 3420 5934 Zachariam
3452 5876 3650 5936 vatici-
