4118 6494
501 331 610 388 495

1688 337 2037 394 'IHEODORI
2082 341 2567 398 MOPSUESTENI

3659 350 3763 405 496

505 448 656 503 nium
709 463 868 504 suum
949 449 1221 505 cecinisse
1289 459 1631 520 compertum
1676 461 1780 506 est.
1838 453 2064 525 Namqm

2188 460 2294 532 γὰρ
2334 461 2569 534 δευτέρῳ
2616 462 2872 534 Δαρείου,
2923 461 3106 528 καθὼς
3136 463 3193 531 ἐξ
3231 464 3400 536 αὐτῆς
3433 467 3544 520 ἔστι
3573 465 3765 535 μαθεῖν

504 554 647 595 anno
672 541 818 595 Darii
849 542 1109 606 secundo,
1138 550 1196 596 ut
1222 558 1284 598 ex
1322 544 1456 613 ipsis
1488 559 1818 616 cognoscere
1844 548 1968 602 licet
1999 549 2082 602 di-

503 629 643 685 vinis
667 629 910 694 Litteris,
953 631 1134 685 aiebat
1169 631 1260 687 ille
1286 647 1346 687 se
1388 640 1513 702 post
1547 645 1824 705 acceptam
1867 639 2080 691 revela-

501 721 704 776 tionem
751 722 969 777 initium
1019 723 1198 779 facere
1256 725 1654 795 prophetandi;
1691 737 1743 781 et
1793 743 1941 784 nunc
1977 728 2081 784 iste

499 813 772 870 similiter.
800 815 981 882 Quare
1011 824 1134 886 post
1164 816 1398 872 reditum
1434 816 1716 872 lsraelitici
1740 819 1948 889 populi,
1985 822 2079 890 qui

487 905 771 979 Babylone
818 908 870 961 in
897 907 1140 964 Judzeam
1192 925 1253 964 se
1311 910 1534 980 recepit,
1589 927 1818 982 prorsus
1863 919 2080 966 constat

504 1008 796 1069 utrumque
838 1000 1180 1071 prophetiam
1241 999 1422 1056 edere.
1484 999 1620 1056 Cum
1675 1003 1819 1057 enim
1878 1003 2076 1074 Cyrus,

495 1093 586 1162 qui
620 1092 833 1162 primus
874 1092 1055 1148 Persis
1087 1093 1250 1147 simul
1281 1103 1335 1149 et
1385 1093 1555 1150 Medis
1601 1094 1957 1164 imperitavit,
1989 1111 2076 1151 re-

495 1185 630 1239 verti
679 1184 732 1238 in
782 1187 1009 1255 patriam
1061 1185 1262 1241 Judmis
1304 1188 1692 1251 concessisset,
1737 1204 1846 1243 non
1881 1189 2076 1259 exigua

493 1275 578 1330 vis
615 1276 800 1345 populi
859 1277 913 1330 in
953 1279 1139 1332 urbem
1175 1276 1514 1332 Hierusalem
1559 1287 1721 1349 atque
1747 1279 1802 1334 in
1829 1279 2072 1335 Judaaam

493 1383 747 1438 regressa
795 1377 901 1433 est,
947 1369 1084 1425 duce
1119 1370 1476 1427 Zorobabele.
1526 1373 1702 1442 Atque
1739 1374 1791 1428 bi
1842 1374 2073 1429 reduces

494 1460 846 1515 fundamenta
877 1462 1061 1532 templi
1100 1463 1373 1529 jecerunt,
1410 1463 1464 1517 in
1515 1480 1688 1536 eoque
1719 1466 1890 1521 altare
1919 1466 2071 1520 exci-

493 1561 765 1606 laverunt.
794 1552 900 1607 Sed
919 1554 1062 1607 enim
1085 1565 1370 1624 postquam
1398 1570 1536 1624 opus
1559 1556 1805 1627 impediri
1829 1565 2069 1628 emptum

491 1649 595 1707 cst,
663 1643 859 1712 partim
905 1645 1259 1699 molestorum
1295 1645 1533 1702 hostium
1587 1646 1814 1712 malitia,
1871 1649 2069 1718 partim

492 1736 607 1804 ipsa
641 1731 953 1790 Judaeorum
985 1735 1216 1800 desidia,
1245 1737 1409 1809 285
1443 1749 1570 1794 tunc
1613 1740 1808 1797 beatus
1837 1741 2068 1812 Aggreus

2189 552 2288 621 τῆς
2339 552 2488 616 θείας
2537 554 2794 624 Γραφῆς,
2846 555 3052 618 ἐκεῖνός
3112 573 3169 608 τε
3223 555 3365 609 κατὰ
3422 556 3765 626 ἀποκάλυψιν

2190 640 2338 695 Θείαν
2368 640 2633 709 ἄρξασθαι
2684 641 2832 710 λέγει
2861 642 2960 712 τῆς
3005 643 3338 714 προφητείας
3357 683 3372 708 ,
3400 643 3493 697 καὶ
3521 643 3628 714 μὴν
3671 643 3766 695 καὶ

2188 727 2341 798 οὗτος
2365 735 2597 805 ὁμοίως,
2632 733 2707 797 ὡς
2752 735 2890 805 μετὰ
2933 735 3031 805 τὴν
3075 735 3330 789 ἐπάνοδον
3356 735 3448 788 τοῦ
3495 733 3764 808 Ἰσραηλι-

2187 826 2340 879 τικοῦ
2387 827 2518 880 λαοῦ
2571 826 2679 880 ἀπὸ
2726 827 2824 897 τῆς
2872 826 3191 890 Βαϐυλῶνος
3232 829 3312 890 εἰς
3349 827 3446 898 τὴν
3504 825 3765 879 Ἰουδαίαν

2187 917 2584 988 ἐπαναχθέντος
2609 918 2948 989 ἀμφοτέρους
2973 915 3254 988 προδήλως
3274 916 3556 985 φαίνεσθαι
3581 932 3762 969 ποιου-

2189 1007 2383 1077 μένους
2424 1008 2523 1080 τὴν
2580 1009 2936 1080 προφητείαν.
2998 1007 3182 1078 Κύρου
3238 1007 3345 1078 γὰρ
3395 1005 3488 1059 τοῦ
3545 1005 3760 1076 πρώτου

2187 1095 2410 1168 Περσῶν
2450 1115 2508 1150 τε
2559 1099 2652 1151 καὶ
2696 1097 2895 1169 Μήδων
2929 1098 3070 1150 κατὰ
3101 1097 3294 1150 ταύτὸν
3346 1095 3763 1166 βασιλεύσαντος

2184 1184 2498 1242 ἐπανελθεῖν
2519 1187 2598 1250 εἰς
2628 1187 2725 1256 τὴν
2757 1188 2964 1241 οἰκείαν
2996 1187 3386 1258 ἐπιτρέψαντος
3409 1186 3611 1256 χώραν,
3639 1186 3762 1238 ἀνε·

2183 1276 2414 1346 λήλυθεν
2457 1278 2547 1348 (ρ.
2581 1279 2721 1345 452)
2765 1281 2862 1350 μὲν
2914 1279 3116 1350 πλῆθος
3146 1279 3226 1343 είς
3261 1297 3319 1332 τε
3351 1279 3450 1349 τὴν
3487 1278 3758 1348 Ἰερουσα-

2182 1367 2292 1440 λὴμ
2342 1370 2437 1423 καὶ
2481 1371 2579 1442 τὴν
2643 1373 2901 1424 Ἰουδαίαν
2947 1374 3046 1426 οὐκ
3083 1373 3261 1442 ὀλίγον
3310 1371 3612 1442 ἡγουμένου
3663 1368 3759 1422 τοῦ

2181 1463 2512 1532 Ζοροϐάϐελ,
2558 1463 2606 1516 οἳ
2641 1465 2890 1527 καὶτοὺς
2931 1464 3212 1534 θεμελίους
3255 1462 3614 1516 κατεϐάλοντο
3660 1459 3758 1513 τοῦ

2181 1554 2309 1608 ναοῦ
2357 1555 2450 1608 καὶ
2489 1556 2550 1608 τὸ
2601 1555 2985 1628 θυσιαστήριον
3033 1559 3326 1628 ἀνήγειραν
3372 1558 3428 1610 ἐν
3462 1554 3627 1624 αὐτῷ.
3667 1554 3760 1616 Ὠς

2179 1646 2233 1698 δέ
2258 1646 2316 1698 τὸ
2345 1645 2504 1716 ἔργον
2534 1647 2766 1718 ἀχθῆναι
2799 1649 2935 1718 πρὸς
2985 1648 3157 1719 πέρας
3199 1647 3468 1701 ἐκωλύετο
3488 1687 3501 1706 ,
3530 1645 3624 1699 νῦν
3658 1645 3759 1714 μέν

2177 1735 2268 1790 διὰ
2295 1737 2394 1806 τὴν
2410 1737 2518 1790 τῶν
2549 1738 2907 1808 ἐνοχλούντων
2940 1740 3121 1802 αὐτοῖς
3151 1739 3378 1804 κακίαν,
3404 1736 3557 1800 αὖθις
3581 1737 3636 1789 δέ
3667 1737 3757 1790 διὰ

492 1828 754 1897 propheta
799 1827 982 1882 divina
1051 1827 1347 1885 instinctus
1407 1831 1740 1887 revelatione
1789 1833 2064 1904 segnitiem

2175 1827 2273 1897 τὴν
2307 1828 2484 1881 αύτῶν
2539 1831 2761 1882 ἐκείνων
2814 1831 3106 1902 ρᾳθυμίαν,
3170 1831 3419 1900 ’Λγγαῖος
3452 1831 3547 1901 μὲν
3581 1833 3610 1882 ὁ
3654 1848 3759 1900 μα-

489 1917 705 1971 illorum
736 1917 1078 1988 objurgabal,
1109 1929 1271 1988 atque
1320 1921 1502 1991 Operis
1554 1923 1860 1993 neglectum
1885 1939 2075 1979 vecor-

489 2009 591 2063 diae
643 2009 960 2064 eorumdem
1011 2011 1335 2080 imputabat,
1391 2014 1483 2083 qui
1545 2015 1790 2083 privatos
1850 2015 2071 2086 quidem

465 2100 630 2155 lares
680 2117 789 2154 non
819 2101 993 2156 solum
1045 2101 1236 2156 scdulo
1258 2103 1638 2168 exstruebant,
1687 2120 1877 2160 verum
1923 2106 2071 2160 omni

486 2208 702 2262 quoque
723 2194 992 2264 elegantia
1017 2194 1357 2248 exornabant
1386 2213 1400 2261 ;
1431 2194 1525 2249 Dei
1545 2211 1675 2250 vero
1699 2196 2070 2252 habitaculum

478 2285 830 2356 negligebant
853 2306 866 2341 :
891 2295 948 2342 et
975 2287 1054 2342 sic
1077 2302 1268 2343 omnes
1299 2295 1358 2341 ut
1389 2287 1663 2342 instarent
1685 2289 1834 2358 operi
1874 2304 2070 2358 perur-

483 2374 682 2443 gebat;
738 2392 902 2447 quam
955 2393 1071 2433 rem
1125 2379 1244 2450 ipse
1302 2379 1582 2449 propheta
1637 2379 1777 2435 liber
1839 2381 2066 2436 demon-

483 2475 644 2522 strat.

551 2650 668 2706 lant
697 2662 750 2707 et
785 2652 975 2708 beatus
1018 2653 1334 2721 Zacharias,
1368 2653 1552 2710 divina
1579 2663 1805 2725 accepta
1855 2658 2070 2724 revela:-

481 2745 651 2809 tione,
681 2745 798 2800 suis
832 2747 1040 2815 pariter
1069 2747 1524 2818 praedictionibus
1562 2747 1850 2803 conﬁrmat
1884 2751 2067 2820 populi

477 2834 756 2900 reditum;
807 2834 1076 2907 ﬁdemque
1126 2837 1355 2907 insuper
1400 2836 1554 2903 facit,
1607 2839 1723 2894 fore
1772 2848 1831 2893 ut
1872 2857 2066 2897 rursus

480 2927 616 2981 urbs
660 2926 1002 2983 Hierusalem
1059 2931 1344 3000 proprium
1379 2931 1550 2987 decus
1593 2943 1898 3002 recuperet,
1941 2950 2066 3006 rege

481 3020 554 3074 ibi
601 3021 785 3076 divina
826 3025 1098 3078 sententia
1147 3024 1349 3088 electo,
1399 3025 1726 3098 coalestique
1755 3028 1930 3097 gratia
1982 3029 2066 3082 in-

479 3121 710 3178 structo,
748 3115 823 3168 ita
878 3123 937 3168 ut
984 3125 1038 3170 et
1085 3115 1276 3171 urbem
1316 3118 1601 3188 gubernet,
1644 3130 1697 3174 et
1745 3129 2060 3175 exterorum

478 3205 721 3262 hostium
779 3207 934 3262 bellis
987 3208 1256 3265 resistat:
1288 3209 1526 3282 denique
1575 3213 1652 3267 ait
1692 3215 2060 3271 sacerdotium

478 3294 661 3349 denuo
687 3311 811 3350 cum
841 3305 1022 3353 vetere
1053 3298 1331 3355 hilaritate
1360 3300 1680 3372 dignitatem
1723 3319 1880 3360 suam
1915 3320 2066 3361 rece-

477 3395 722 3458 pturum.
750 3388 926 3458 Atque
951 3389 1024 3444 ita
1051 3389 1348 3449 reducibus
1375 3408 1594 3464 quoque
1623 3393 1835 3450 ﬁrmam
1867 3396 1984 3452 fore
2007 3397 2060 3450 in

477 3479 657 3550 patria
705 3481 993 3536 stationem
1043 3483 1352 3539 suadebat:
1390 3501 1627 3556 namque
1676 3487 1857 3541 adhuc
1902 3488 2064 3543 dubi-

478 3579 596 3624 tare
629 3586 724 3625 eos
754 3572 1054 3627 verisimile
1087 3582 1228 3640 erat,
1275 3585 1460 3630 utrum
1495 3576 1642 3632 domi
1679 3586 1867 3634 essent
1905 3593 2062 3632 man-

479 3664 594 3718 suri
656 3680 852 3729 necne,
913 3665 1030 3721 sive
1081 3675 1304 3736 propter
1367 3669 1621 3723 acerbam
1683 3669 2060 3740 captivitatem

477 3771 638 3825 quam
689 3772 968 3827 nunquam
1019 3773 1077 3812 se
1125 3773 1484 3828 perpessuros
1532 3762 1897 3830 putavissent,
1945 3761 2061 3816 sive

475 3854 700 3916 propter
728 3846 902 3916 ipsius
951 3846 1163 3902 reditus
1199 3847 1398 3902 mirum
1439 3850 1770 3923 prodigium.
1815 3852 2059 3922 Denique

477 3937 641 3991 etiam
672 3938 937 4007 reliquos,
972 3939 1065 4008 qui
1099 3938 1278 3994 adhuc
1311 3941 1364 3995 in
1405 3942 1723 4012 captivitate
1761 3945 2060 4000 versaban-

474 4039 587 4092 tur,
625 4030 901 4084 redituros
947 4029 1001 4083 in
1037 4026 1278 4084 Judaeam
1322 4033 1664 4101 spondebat;
1709 4049 1832 4104 qua
1877 4049 1965 4089 res
2004 4033 2057 4088 in

477 4120 668 4192 primis
711 4119 903 4174 stabile
946 4119 1062 4175 fore
1100 4119 1524 4190 postliminium,
1569 4123 1656 4179 bis
1688 4123 1784 4194 qui
1823 4123 1935 4194 jam
1971 4141 2058 4180 re-

480 4211 712 4276 dierant,
751 4211 1043 4267 testimonii
1081 4211 1205 4265 loco
1246 4217 1384 4266 erat.
1414 4211 1647 4269 Videtur
1683 4225 1866 4270 autem
1905 4231 2058 4271 com-

472 4305 659 4370 plures
711 4303 1070 4374 diversasque
1118 4304 1483 4360 revelationes
1535 4305 1763 4372 vidisse,
1820 4323 2054 4379 quarum

471 4394 787 4464 singillatim
832 4394 939 4448 vim
975 4403 1214 4449 enarrat.
1261 4395 1546 4466 Signiﬁcat
1588 4397 1753 4454 etiam
1799 4399 2054 4456 bellicam

468 4485 602 4558 Gogi
637 4489 1025 4551 incursionem,
1051 4485 1278 4558 ejusque
1301 4488 1544 4544 futuram
1580 4490 2051 4562 internecionem;

2177 1918 2364 1988 κάριος
2395 1921 2679 1991 προφήτης
2731 1921 2872 1974 κατά
2910 1921 3060 1974 θείαν
3097 1922 3439 1990 ἀποκάλυψιν
3471 1920 3760 1991 ἐμέμψατό

2173 2025 2232 2059 τε
2261 2009 2443 2072 αὐτοῖς
2479 2011 2606 2079 περὶ
2641 2011 2742 2080 τῆς
2783 2011 3078 2083 ῥᾳθυμίας,
3103 2013 3196 2065 καί
3226 2012 3500 2083 μοχθηρίᾳ
3529 2009 3759 2082 γνώμης

2175 2099 2510 2169 ἀμελοῦντας
2535 2101 2758 2170 ἐλέγξας
2786 2102 2876 2156 τοῦ
2910 2102 3095 2174 ἔργου,
3125 2104 3216 2172 ἀφ’
3245 2097 3320 2157 ὧν
3343 2105 3470 2174 περί¹
3506 2104 3603 2174 μὲν
3627 2103 3760 2166 τοὺς

2175 2193 2383 2248 ἑαυτῶν
2446 2194 2776 2259 ἐσπούδαζον
2831 2195 3046 2260 οἴκους,
3113 2197 3262 2259 ὅπως
3322 2196 3388 2249 ἂν
3439 2197 3632 2269 αὐτοὺς
3679 2202 3758 2268 μὴ

2175 2287 2376 2338 ποιοῖεν
2418 2285 2598 2356 μόνον,
2629 2286 2765 2340 ἀλλά
2792 2289 2884 2341 καὶ
2917 2288 3053 2358 μετά
3085 2287 3283 2358 πολλῆς
3312 2287 3629 2358 ἐργάζοιντο
3651 2287 3759 2357 τῆς

2175 2377 2542 2448 εὐπρεπείας,
2592 2378 2688 2432 τοῦ
2737 2379 2794 2432 δὲ
2833 2379 2983 2432 οἴκου
3037 2379 3381 2451 κατημέλουν
3443 2380 3535 2433 τοῦ
3572 2379 3755 2441 θείου,

2171 2474 2445 2545 διήγειρεν
2475 2473 2722 2539 ἅπαντας
2758 2475 2849 2528 ἐπὶ
2877 2475 2938 2528 τὸ
2981 2474 3172 2547 ἔργον,
3203 2473 3278 2536 ὡς
3305 2472 3442 2542 αὐτὴ
3481 2471 3757 2525 δείκνυσιν

2175 2563 2206 2632 ή
2235 2561 2326 2616 τοῦ
2359 2565 2636 2634 προφήτου
2669 2562 2867 2632 βίϐλος.

2245 2655 2521 2728 Ζαχαρίας
2559 2655 2614 2708 δὲ
2645 2655 2674 2707 ὁ
2725 2655 2994 2726 μακάριος
3036 2653 3176 2707 κατὰ
3217 2651 3556 2722 ἀποκάλυψιν
3601 2649 3757 2704 θείαν

2173 2749 2266 2802 καὶ
2287 2748 2448 2811 αὐτὸς
2469 2748 2670 2818 ὁμοίως
2688 2747 2896 2817 βεϐαιοῖ
2922 2746 3018 2818 μὲν
3039 2749 3158 2809 ταῖς
3173 2745 3398 2808 οἰκείαις
3415 2743 3758 2816 προρρήσεσι

2173 2839 2274 2912 τὴν
2322 2839 2580 2893 ἐπάνοδον
2631 2839 2725 2893 τοῦ
2780 2839 2948 2892 λαοῦο
2985 2837 3266 2891 πιστοῦται
3315 2838 3371 2890 δέ
3412 2837 3474 2889 τὸ
3518 2836 3610 2888 καὶ
3649 2836 3756 2904 τὴν

2182 2931 2538 3004 Ἰερουσαλὴμ
2583 2931 2676 2984 ἐπὶ
2710 2931 2807 3000 τῆς
2855 2932 3060 2993 οἰκείας
3096 2929 3314 2982 ἔσεσθαι
3355 2928 3514 2981 πάλιν
3549 2928 3754 2995 εὐπρε-

2173 3025 2362 3088 πείας,
2396 3023 2660 3094 βασιλέως
2697 3041 2754 3076 τε
2785 3025 2843 3075 ἐν
2873 3022 3009 3093 αὐτῇ
3049 3021 3143 3075 τοῦ
3175 3020 3313 3074 κατά
3343 3019 3492 3073 θείαν
3520 3036 3754 3089 γεγενη-

2173 3116 2336 3187 μένου
2367 3116 2578 3186 ψῆφον,
2625 3115 2845 3184 καὶτῆς
2874 3114 3080 3168 ἐκεῖθεν
3114 3111 3436 3184 ἠξιωμένου,
3471 3111 3752 3174 διέποντός

2167 3227 2227 3264 τε
2261 3207 2327 3263 τὰ
2373 3211 2494 3262 κατ’
2546 3208 2714 3279 αὐτὴν
2761 3206 2857 3262 καὶ
2905 3205 3311 3278 προμαχοῦντος
3360 3205 3613 3260 ἁπάντων
3665 3206 3754 3268 εἰς

2167 3301 2293 3364 τοὺς
2323 3300 2464 3356 κατὰ
2492 3301 2602 3352 τῶν
2641 3298 2937 3370 ἀλλοτρίων
2986 3298 3284 3368 πολέμους·
3315 3298 3413 3367 τῆς
3445 3296 3751 3376 ἰερωσύνης

2166 3410 2225 3446 τε
2261 3392 2424 3446 πάλιν
2452 3391 2594 3463 μετὰ
2626 3392 2724 3463 τῆς
2769 3389 3004 3454 παλαιᾶς
3051 3389 3404 3460 φαιδρότητος
3429 3387 3519 3440 τὸν
3547 3390 3750 3439 οἰκεῖον

2166 3485 2550 3557 ἀπολαϐούσης
2599 3485 2836 3556 κόσμον³
2887 3482 2963 3546 ὡς
3013 3482 3078 3536 ἂν
3121 3481 3206 3534 διὰ
3240 3481 3442 3534 τούτων
3494 3480 3750 3542 καὶτοὺς

2165 3579 2562 3650 ἀνεληλυθότας
2602 3579 2703 3648 ήδη
2749 3577 2986 3629 πείσειεν
3021 3574 3242 3645 βεϐαίαν
3273 3575 3360 3643 (p.
3392 3573 3530 3643 455)
3564 3575 3750 3637 αὐτοῖς

2164 3669 2432 3740 ἐσομένην
2464 3667 2713 3738 ἡγεῖσθαι
2747 3665 2843 3736 τὴν
2882 3665 2974 3719 ἐπὶ
3002 3666 3111 3717 τῶν
3141 3665 3318 3718 τόπων
3346 3665 3578 3735 οἴκησιν,
3616 3665 3750 3734 περὶ

2162 3755 2230 3830 ἦς
2272 3759 2418 3824 εἰκὸς
2458 3753 2525 3830 ἦν
2561 3759 2758 3820 αὐτοὺς
2807 3756 2900 3810 καὶ
2939 3754 3403 3824 ἐπανεληλυθότας
3447 3754 3750 3824 ἀμφίϐολον

2163 3851 2243 3906 ἔτι
2276 3850 2373 3922 τὴν
2405 3849 2630 3920 γνώμην
2663 3848 2828 3919 ἐχειν,
2862 3849 2910 3900 εἰ
2947 3846 3196 3917 μενοῦσιν
3229 3845 3492 3916 βεϐαίως,
3517 3848 3625 3900 εἴτε
3656 3847 3749 3901 διὰ

2161 3938 2260 4010 τὴν
2283 3935 2657 4008 γεγενημένην
2689 3937 2970 4009 βαρύτητα
2995 3937 3092 4008 τῆς
3124 3936 3519 4007 αἰχμαλωσίας,
3546 3936 3612 4006 ἣν
3643 3938 3748 3991 οὐκ

2161 4032 2228 4086 ἀν
2286 4048 2416 4084 ποτε
2469 4031 2705 4102 ἤλπισαν
2762 4028 3081 4100 ὑπομένειν,
3136 4027 3245 4081 εἴτε
3281 4030 3374 4081 καὶ
3417 4028 3505 4082 διὰ
3553 4029 3614 4081 τὸ
3643 4029 3749 4098 τῆς

2161 4123 2423 4178 ἐπανόδου
2444 4121 2765 4194 παράδοξον.
2804 4122 2909 4176 Καὶ
2931 4122 2994 4192 δὴ
3028 4122 3122 4174 καὶ
3147 4120 3368 4190 ἐτέρους
3399 4119 3506 4174 τῶν
3526 4121 3618 4173 ἐπὶ
3647 4123 3751 4189 τῆς

2161 4215 2536 4288 αἰχμαλωσίας
2577 4215 2745 4269 ὄντων
2778 4214 2858 4267 ἔτι
2892 4213 3153 4278 διδάξειεν
3223 4215 3302 4277 εἰς
3333 4213 3430 4284 τὴν
3483 4213 3748 4267 Ἰουδαίαν

2159 4308 2690 4380 ἐπανελευσομένους
2710 4324 2722 4337 ο
2753 4307 2780 4359 δ
2805 4307 2869 4377 δὴ
2920 4305 3153 4376 μάλιστα
3183 4305 3278 4358 καὶ
3315 4308 3430 4368 τοῖς
3459 4304 3748 4358 ἀνελθοῦσι

2157 4400 2252 4454 τοῦ
2287 4399 2502 4470 βεϐαίου
2553 4399 2655 4468 τῆς
2687 4397 2947 4451 ἐπανόδου
2999 4397 3178 4459 πίστις
3221 4396 3447 4464 ἐγίνετο.
3489 4397 3748 4451 Φαίνεται

2158 4492 2216 4546 δὲ
2247 4491 2446 4556 πολλάς
2480 4507 2632 4554 τινας
2665 4491 2759 4544 καὶ
2787 4488 3071 4559 διαφόρους
3106 4487 3475 4555 ἀποκαλύψεις
3507 4486 3745 4556 βλέπων,

467 4581 671 4650 quippe
718 4581 879 4650 cujus
933 4580 1078 4634 vires
1133 4579 1308 4635 ,ἰυόωί
1362 4591 1557 4651 praeter
1621 4599 1838 4640 omnem
1895 4602 2049 4658 spem

2170 4578 2235 4639 ὧν
2278 4585 2517 4653 ἑκάστης
2565 4581 2662 4652 τὴν
2703 4555 3286 4652 δύναμιν-ἐξηγεῖται·
3324 4555 3516 4650 μηνύει
3559 4578 3613 4632 δὲ
3647 4582 3748 4634 καὶ

467 4670 787 4726 debellaturi
838 4679 1016 4735 erant,
1062 4687 1188 4741 rege
1221 4671 1557 4729 Zorobabele
1593 4689 1656 4729 ac
1698 4675 1854 4732 duce.
1911 4675 2051 4730 Mala

468 4777 686 4832 quoque
737 4762 1266 4831 his_superventura
1311 4771 1597 4829 memorat,
1630 4781 1752 4836 quae
1799 4765 2052 4821 Maccha-

467 4854 708 4906 baeorum
747 4861 906 4908 actate
944 4869 973 4907 a
1021 4852 1356 4908 Macedonici
1394 4855 1607 4925 imperii
1637 4859 2051 4913 successoribus

467 4945 838 5014 contigerunt.

2158 4675 2269 4729 τῶν
2301 4675 2426 4746 περὶ
2449 4674 2541 4726 τὸν
2563 4672 2686 4740 Γὼγ
2709 4673 2807 4744 τὴν
2830 4672 3036 4743 ἐφοδον,
3061 4674 3160 4744 τήν
3185 4689 3241 4724 τε
3266 4670 3540 4726 ἀπώλειαν
3562 4671 3748 4724 αὐτῶν

2160 4765 2428 4836 ἐσομένην
2475 4763 2784 4828 παντελῶς·
2835 4765 2929 4818 καὶ
2965 4764 3046 4816 ὅτι
3101 4761 3418 4834 παραδόξως
3450 4761 3542 4815 καὶ
3589 4763 3745 4832 παρὰ

2161 4858 2344 4910 πᾶσαν
2378 4855 2726 4927 ἀνθρωπίνην
2759 4856 2950 4910 ἐλπίδα
2986 4855 3348 4926 κρατήσουσιν
3379 4853 3555 4906 αὐτῶν
3607 4855 3745 4906 Ἰου-

2161 4946 2300 4998 δαίοι
2333 4945 2438 4998 ὑπὸ
2471 4943 2550 5015 τῷ
2575 4944 2881 5017 Ζοροϐάϐελ
2922 4942 3332 5014 βασιλευόμενοί
3361 4960 3419 4994 τε
3452 4944 3544 4996 καὶ
3573 4959 3743 5012 στρα-

463 5035 809 5108 τηγούμενοι.
858 5037 1149 5108 Μέμνηται
1176 5038 1234 5092 δὲ
1270 5043 1362 5096 καὶ
1406 5042 1514 5095 τῶν
1563 5045 1686 5110 μετ’
1714 5042 1895 5096 ἐκεῖνο
1938 5039 2356 5112 προσεσομένων
2401 5038 2580 5100 αὐτοῖς
2621 5037 2907 5110 λυπηρῶν,
2939 5037 2974 5090 ἃ
3019 5035 3160 5089 κατὰ
3189 5035 3313 5097 τοὺς
3359 5034 3465 5087 τῶν
3512 5037 3744 5089 Μακκα-

466 5129 636 5183 ϐαίων
664 5131 847 5194 αὐτοῖς
880 5130 1096 5197 ἐγένετο
1137 5132 1356 5202 χρόνους
1390 5131 1495 5185 ὑπὸ
1527 5130 1633 5182 τῶν
1661 5129 1921 5199 διαδόχων
1950 5129 2050 5200 τῆς
2075 5129 2451 5198 Μακεδονικῆς
2485 5128 2779 5198 βασιλείας.

540 5219 724 5292 Neque
751 5230 837 5277 est
862 5221 1170 5276 mirandum
1196 5225 1239 5276 si
1269 5238 1372 5292 qua
1392 5223 1504 5292 jam
1534 5221 1832 5290 prmterita,
1871 5229 2052 5276 tamen

469 5326 639 5371 instar
669 5316 744 5371 rei
780 5327 994 5379 tuturaa,
1032 5317 1084 5370 in
1112 5315 1442 5371 revelatione
1460 5315 1625 5385 286
1649 5313 2050 5370 ostenduntur:

465 5408 631 5464 v.elu.t
683 5423 809 5460 cum
844 5415 1083 5477 quatuor
1121 5421 1353 5466 cornua,
1392 5422 1512 5476 qua:
1549 5404 1804 5459 lsraelem
1840 5403 2056 5474 disper-

425 5537 429 5540 -
465 5507 672 5565 serant,
707 5509 992 5552 contracta
1021 5500 1154 5554 Vidit
1194 5501 1462 5570 propheta
1492 5515 1505 5552 :
1543 5513 1778 5566 namque
1818 5497 1920 5550 hoc
1948 5512 2056 5551 non

465 5587 736 5653 futurum,
779 5590 874 5644 sed
900 5590 1011 5658 jam
1048 5599 1270 5661 peracta
1309 5591 1504 5646 fuerat.
1537 5589 1662 5643 Sive
1701 5588 1846 5642 enim
1885 5589 2054 5660 Assy—

466 5679 599 5743 rios,
657 5677 1002 5750 Babylonios,
1063 5681 1274 5750 Medos,
1329 5680 1634 5747 Persasque
1683 5679 1768 5734 his
1813 5689 2052 5750 quatuor

2227 5219 2536 5292 Θαυμάξειν
2566 5220 2623 5273 δέ
2654 5221 2715 5272 οὐ
2760 5218 3056 5289 προσῆκεν,
3102 5219 3154 5270 εἴ
3195 5236 3316 5272 τινα
3351 5218 3444 5272 καὶ
3478 5215 3741 5284 γεγονότα

2155 5309 2277 5380 ἤδη,
2297 5309 2368 5372 ὼς
2392 5309 2623 5379 ἐσόμενα
2638 5308 2704 5362 δι’
2725 5307 3128 5377 ἀποκαλύψεως.
3143 5307 3292 5378 δηλοῖ
3309 5325 3319 5339 ’
3344 5309 3419 5371 ὡς
3437 5309 3564 5361 ὅταν
3581 5306 3737 5376 λέγῃ,

2153 5403 2234 5455 ὅτι
2265 5402 2506 5472 τέσσαρα
2536 5401 2740 5472 κέρατα
2758 5400 3217 5469 διασκορπίσαντα
3257 5399 3348 5452 τὸν
3385 5397 3603 5469 Ἰσραὴλ
3628 5393 3738 5452 εἶδε

2157 5492 2572 5564 συντριϐόμενα.
2603 5491 2790 5545 Ταῦτα
2835 5491 2944 5563 γὰρ
2983 5491 3204 5560 εὔδηλον
3227 5532 3240 5554 ,
3272 5492 3353 5544 ὃτι
3393 5492 3490 5544 οὐκ
3519 5490 3738 5544 ἔσεσθαι

2154 5583 2408 5654 ἤμελλεν,
2458 5583 2575 5636 ἀλλ’
2612 5583 2872 5651 ἐγεγόνει.
2921 5583 2981 5635 Εἰ
3019 5582 3118 5652 μὲν
3163 5583 3271 5654 γὰρ
3300 5582 3389 5635 τὸν
3451 5582 3738 5654 ’Λσσύριον

2153 5676 2248 5729 καὶ
2281 5673 2617 5730 Βαϐυλώνιον
2651 5677 2742 5728 καὶ
2767 5674 2950 5744 Μῆδον
2993 5675 3083 5727 καὶ
3115 5674 3332 5744 Πέρσην
3372 5674 3622 5744 σημαίνει
3648 5675 3738 5728 διὰ

468 5770 734 5826 cornibus
771 5772 966 5838 innuit,
1007 5781 1064 5828 ut
1106 5773 1494 5829 nonnullorum
1523 5771 1707 5839 opinio
1751 5772 1874 5837 l'crt,
1909 5774 2045 5844 satis

2170 5767 2257 5823 τῶν
2283 5767 2561 5837 τεσσάρων
2592 5767 2834 5839 κεράτων
2863 5768 2952 5838 (p.
2984 5765 3116 5831 43-!)
3149 5766 3224 5829 ὡς
3243 5767 3269 5818 ὁ
3299 5765 3454 5821 ἐνίων
3485 5765 3734 5825 βούλεται
