4118 6472
327 434 442 489 497

315 546 513 655 λόγος,
544 557 813 655 πρόδηλον
865 566 963 637 μὲν
1009 570 1090 625 ὅτι
1134 574 1228 629 καὶ
1289 577 1565 655 Ἀσσύριοι
1600 587 1695 640 καὶ
1746 588 1921 642 Βαϐυ-

318 637 509 747 λώνιοι
537 645 845 708 δεδώκεσαν
871 659 967 729 ήδη
995 661 1152 730 δίκας
1174 669 1316 724 κατά
1343 675 1432 726 τὸν
1461 637 1912 747 καιρὸννέκετνον.

318 731 546 842 ξίήδξυς
572 739 630 792 δὲ
669 743 850 817 Κῦρος
888 753 1134 810 καθεῖλεο
1180 761 1299 831 μεθ’
1329 764 1387 817 ὃν
1426 731 1688 841 τέταρτος

319 825 570 932 Δαρετρςο
625 837 779 904 παρά
812 839 1038 912 Περσῶν
1083 847 1142 901 δὲ
1174 825 1299 905 οὐδὲ
1345 857 1537 925 γέγονέ
1562 825 1630 913 ’τι
1666 825 1914 932 ’χᾶλέπδν

313 919 436 980 τοῖς
491 917 892 996 Ἰσραηλίταις·
942 938 1254 996 τούναντίον
1309 917 1528 1017 μὲνοῦν
1578 947 1638 1006 εὗ
1680 917 1785 1008 ύπὸ
1817 957 1915 1026 τῆς

317 1009 602 1080 βασιλείας
647 1019 848 1078 ἔπαθον
871 1027 1107 1102 ἐκείνης,
1141 1009 1408 1109 πρότερον
1442 1043 1543 1112 μὲν
1571 1046 1768 1112 αὐτοὺς

320 1118 420 1172 pou
452 1106 548 1160 τοῦ
594 1111 810 1181 πρώτου
848 1117 1268 1192 βασιλεύσαντος
1297 1106 1531 1199 ἀφέντος
1577 1137 1677 1208 τῆς
1710 1106 1911 1211 αίχμα-

315 1193 556 1267 λωσίας,
608 1207 727 1272 μετ’
779 1210 955 1264 έκεῖνο
988 1214 1045 1268 δὲ
1094 1218 1325 1290 Δαρείου
1348 1193 1490 1289 ϋτοῖς
1510 1193 1746 1295 ⁷λοιποῖς
1769 1193 1910 1286 Λτῶν

328 1287 605 1348 Ἰουδαίων
660 1297 752 1352 τοῦ
790 1303 1038 1361 ἀνελθεῖν
1075 1287 1276 1375 είς-τὰ
1314 1287 1490 1371 οἰκεῖα
1533 1287 1910 1394 παρασχόντος

313 1378 419 1450 τὴν
469 1381 674 1441 ἄδειαν.
728 1390 790 1443 Ei
820 1391 875 1446 δὲ
919 1398 1013 1450 καὶ
1045 1399 1210 1474 ἕτερά
1240 1423 1323 1469 τις
1355 1378 1628 1476 βούλοιτο⁸
1649 1378 1910 1485 σημαίνεί

312 1471 446 1524 σθαι
490 1474 560 1528 τὰ
605 1477 851 1553 τέσσαρα
891 1488 1098 1559 κέρατα
1139 1471 1749 1561 ⁷κακῶς-διατεθεικότιῖι
1783 1510 1910 1574 τοὺς

323 1561 669 1635 Ἰσραηλίτας
699 1571 792 1626 ἐπὶ
823 1576 915 1629 τοῦ
960 1581 1062 1652 τῆς
1091 1587 1472 1656 αἰχμαλωσίας
1503 1596 1728 1667 καιροῦ,
1772 1561 1908 1672 πρόί

308 1655 475 1724 δηλον
501 1659 584 1712 ὅτι
617 1663 845 1720 κάκεῖνα
871 1669 1046 1742 πέρας
1074 1655 1305 1747 εἰλήφει.
1349 1655 1489 1738 Ἀλλ’
1513 1655 1688 1742 ἔοικεν
1776 1655 1908 1763 rtva

311 1748 496 1819 φήτης
525 1751 636 1806 τῶν
677 1757 937 1813 τοιούτων
988 1762 1078 1818 διὰ
1106 1767 1265 1823 τοῦτο
1309 1779 1702 1846 μνημονεύειν,
1734 1748 1906 1847 ὡςιᾶν

308 1841 414 1893 καὶ
442 1842 542 1912 τῆς
575 1843 726 1911 θείας
752 1849 970 1922 χάριτος
997 1856 1083 1910 διὰ
1124 1861 1280 1915 τοῦτο
1310 1841 1585 1940 νῦν-αύτῷ
1614 1841 1906 1927 τούτο-δει-

1298 466 1854 530 (ΖΟΜΜΕΝΤΑΒΙΟΞ
1889 476 1954 532 IN
1991 478 2368 540 ZACllARl/E
2403 485 2556 546 CAP.
2588 490 2629 547 l.

3511 506 3614 564 493

1949 594 2242 652 Aconstat
2305 601 2562 672 Assyrios
2626 619 2689 661 ac
2743 607 3072 682 Babylonios
3124 624 3249 673 ante
3292 619 3344 674 id
3394 629 3606 690 tempus

2021 699 2216 752 punias
2245 687 2439 744 luisse.
2481 687 2667 750 Medos
2707 696 2838 752 item
2879 700 3110 773 imperio
3154 721 3184 759 a
3219 707 3360 780 Cyro
3402 687 3606 780 spolia-

2021 780 2108 830 tos
2147 777 2356 836 scimus
2389 799 2401 834 :
2443 790 2568 852 post
2607 800 2769 855 quem
2815 790 3065 863 reliquus
3108 805 3193 851 est
3235 777 3464 868 quartus
3499 803 3606 857 Da-

2019 869 2161 924 rius.
2195 868 2368 926 Porro
2403 887 2433 926 a
2477 873 2665 934 Persis
2698 878 2838 934 nihil
2881 883 3174 950 molestum
3209 891 3475 949 Israelitis
3518 911 3604 950 ac-

2019 957 2184 1026 cidit;
2226 960 2338 1016 imo
2379 965 2564 1019 omnia
2613 982 2776 1025 secus
2815 971 2885 1027 ab
2924 974 3157 1031 istorum
3197 995 3366 1051 regno
3394 989 3600 1054 experti

2017 1059 2182 1119 sunt;
2225 1051 2368 1125 Cyro
2418 1057 2653 1126 primum
2697 1060 2915 1132 imperii
2964 1076 3189 1126 auctore
3232 1051 3600 1144 captivitatem

2015 1140 2298 1210 solvente,
2337 1143 2739 1206 deindeDario
2771 1150 2975 1212 Iudicis
3027 1159 3254 1230 reliquis
3303 1140 3361 1217 ut
3401 1164 3457 1220 in
3505 1183 3601 1236 pa-

2018 1232 2183 1286 triam
2229 1235 2469 1292 redirent
2508 1239 2794 1310 largiente.
2830 1244 2985 1312 Quod
3031 1250 3076 1305 si
3110 1252 3234 1322 quis
3275 1254 3424 1312 aliud
3469 1232 3600 1328 quid

2015 1323 2104 1380 his
2151 1338 2388 1396 quatuor
2430 1333 2710 1402 cornibus,
2767 1353 2889 1408 quae
2939 1339 3206 1401 lsraelitis
3262 1323 3600 1419 captivitatis

2014 1423 2260 1488 tempore
2290 1432 2619 1495 nocuerunt,
2654 1429 2959 1500 signiﬁcari
3010 1437 3334 1506 arbitratur,
3380 1453 3599 1500 constat

2011 1506 2063 1561 id
2089 1522 2309 1580 quoque
2336 1511 2449 1582 jam
2480 1522 2595 1571 tum
2627 1516 2791 1575 ﬁnem
2820 1519 3037 1580 fecisse.
3073 1527 3181 1583 Sed
3211 1532 3357 1587 enim
3383 1535 3598 1593 videtur

2013 1601 2274 1670 propheta
2308 1604 2515 1662 idcirco
2552 1608 2752 1666 horum
2791 1616 3110 1674 meminisse
3145 1621 3348 1691 (divina
3388 1628 3599 1686 scilicet

2007 1693 2182 1761 gratia
2224 1695 2295 1749 ob
2331 1695 2386 1750 id
2435 1698 2616 1768 ipsum
2658 1702 2774 1760 haec
2814 1705 3003 1762 eadem
3034 1711 3083 1767 ei
3135 1712 3592 1790 demonstrante),

2008 1792 2067 1836 ut
2105 1798 2135 1837 a
2179 1787 2392 1844 caelesti
2433 1792 2765 1851 revelatione
2813 1806 3025 1856 certum
3059 1802 3178 1874 ipse
3229 1822 3414 1865 rerum
3470 1828 3594 1882 per-

2009 1883 2254 1932 actarum
2281 1881 2655 1938 testimonium
2692 1888 3000 1959 acciperet,
3039 1909 3282 1968 suosque
3312 1881 3593 1962 auditores

308 1933 617 2006 κνυοὺσης,
661 1938 728 1992 ἵν’
761 1944 825 1995 ὲκ
857 1946 957 2016 τῆς
990 1949 1386 2024 ἀποκαλύψεως
1425 1958 1528 2030 τῆς
1556 1933 1707 2026 θείας
1741 1965 1886 2029 αὐτός

308 2037 372 2052 -ι
425 2024 644 2052 ο-ι..ι..-.
675 2030 767 2052 ιημ
841 2036 868 2048 ~
1111 2042 1123 2052 .
1304 2047 1314 2052 -
1445 2050 1453 2052 ξ

2318 1933 2357 1935 ν,
2417 1933 2655 1938 _,_-_-_.._--
2692 1933 3000 1959 ..-εστιν-νυ,
3039 1933 3281 1968 υιιυῡιιυυ
3312 1933 3593 1962 αυυιιυηςδ

2009 1967 2236 2022 omnino
2288 1973 2550 2029 certiores
2586 1974 2791 2033 faceret
2836 1979 2905 2036 de
2950 1981 3170 2042 decreta
3209 1988 3452 2050 inimicis
3498 2011 3594 2052 e0-

305 2037 373 2076 τε
423 2024 645 2100 βεϐαίαν
673 2030 773 2105 ἔχῃ
800 2036 907 2089 τῶν
933 2042 1234 2108 γεγονότων
1265 2047 1362 2118 τὴν
1393 2024 1604 2120 πίστιν,
1644 2024 1738 2109 καὶ
1775 2024 1902 2122 τοὺς

305 2114 610 2184 ἀκούοντας
651 2121 710 2175 δὲ
748 2125 991 2198 ἀκριϐῶς
1025 2114 1600 2215 πεπεῖσθαι-διδάσκῃ,
1630 2147 1710 2199 ὅτι
1750 2114 1898 2218 μένει

306 2208 415 2279 μὲν
451 2211 485 2282 ἡ
517 2212 629 2268 τῶν
678 2215 1064 2292 λελυπηκότων
1100 2229 1296 2294 αὐτοὺς
1325 2208 1600 2306 τιμωρία·
1648 2208 1798 2310 μένει
1841 2243 1898 2296 δὲ

303 2300 406 2354 καὶ
441 2303 628 2370 αὐτοῖς
654 2307 846 2379 βέϐαια
872 2315 942 2368 τὰ
967 2317 1068 2388 τῆς
1095 2319 1340 2396 δοθείσης
1363 2300 1702 2400 εὐεργεσίας.
1738 2334 1899 2406 Εῐρη-

302 2407 400 2445 ται
428 2393 487 2448 δὲ
517 2397 690 2453 ταῦτα
720 2403 854 2474 ἡμῖν
881 2407 979 2479 οὐχ
1030 2411 1216 2478 ἁπλῶς
1237 2457 1250 2479 ,
1286 2393 1402 2471 ἀλλ’
1435 2393 1522 2474 ἵνα
1558 2423 1631 2493 μὴ
1664 2393 1766 2478 ῗὲπὶ
1795 2393 1897 2496 έῆις

304 2487 452 2539 κατά
498 2490 664 2562 μέρος
705 2496 1002 2569 ἑρμηνείας
1032 2504 1264 2575 ὁρῶντές
1289 2528 1413 2565 τινα
1455 2487 1788 2586 μηνϋυόμενα,

304 2575 377 2632 ἂν
408 2579 644 2651 ἐσόμενα
663 2625 678 2651 ,
706 2586 743 2640 ἃ
769 2591 991 2659 γέγονεν
1014 2597 1134 2669 ἤδη,
1167 2575 1535 2674 θαυμάζωμεν
1564 2608 1595 2678 ἢ
1624 2575 1894 2682 διαπόρῶί

306 2688 412 2742 μεν
439 2676 568 2746 περὶ
594 2678 689 2732 τοῦ
730 2683 1008 2755 σχήματος
1039 2691 1131 2743 τοῦ
1161 2693 1474 2766 λεγομένου.
1643 2676 1894 2773 455).Τά

305 2763 412 2833 μὲν
428 2765 492 2838 δὴ
514 2769 614 2840 τῆς
634 2771 941 2840 ὑποθέσεως
962 2780 1020 2832 ὲν
1039 2782 1248 2848 τούτοις
1263 2801 1276 2814 ·
1295 2763 1442 2842 *κατά
1464 2763 1628 2859 μέρος
1650 2792 1706 2846 δὲ
1723 2763 1892 2868 προσ-

301 2854 495 2912 εκτέον
523 2859 730 2932 λοιπὸν,
767 2866 950 2934 καθὼς
989 2871 1054 2925 ἂν
1085 2875 1117 2944 ή
1151 2875 1270 2930 θεία
1308 2854 1639 2954 χάρις-διδῷ.

958 2961 1115 3016 ΚΕΦ.
1156 2965 1234 3019 Α’.

374 3038 526 3110 Στίχ.
559 3043 702 3100 α’-δ’.
727 3075 801 3090 -
834 3067 852 3102 ι
893 3051 980 3108 Ἐν
1007 3053 1084 3126 τῷ
1125 3057 1292 3132 ὀγδόῳ
1316 3064 1446 3134 μηνὶ
1467 3065 1621 3133 ἔτους
1641 3069 1891 3146 δευτέρου

296 3133 396 3186 In).
427 3137 677 3207 Δαρείου,
721 3142 936 3208 ἐγένετο
984 3145 1140 3216 λόγος
1184 3153 1386 3225 Κυρίου
1431 3159 1567 3231 πρὸς
1618 3133 1892 3238 Ζαχαρίαν

294 3221 392 3278 τὸν
435 3227 530 3281 τοῦ
566 3230 871 3303 Βαραχίου,
903 3238 1019 3292 υἱὸν
1074 3221 1285 3311 Ἐδδὼ,
1307 3247 1400 3302 τὸν
1435 3221 1887 3327 προιρήτης,.>.έ-

2008 2073 2128 2112 rum
2163 2075 2348 2130 paena,
2403 2076 2456 2119 et
2500 2065 2566 2121 de
2607 2067 2861 2126 beneﬁcii
2922 2073 3196 2144 impetrati
3249 2088 3586 2144 constantia.

2004 2152 2184 2222 Atque
2235 2155 2349 2210 haec
2379 2172 2478 2228 ego
2507 2174 2615 2214 non
2659 2168 2865 2219 temere
2913 2168 3173 2236 praefatus
3213 2189 3360 2241 sum,
3399 2179 3494 2235 sed
3531 2189 3590 2236 ut

2004 2242 2133 2297 dum
2190 2245 2244 2299 in
2289 2263 2456 2304 cursu
2503 2250 2977 2322 interpretationis
3019 2263 3265 2331 quaedam
3300 2265 3440 2326 forte
3485 2287 3585 2328 ceu

2005 2335 2184 2392 futura
2227 2351 2544 2410 occurrent,
2578 2361 2700 2414 quae
2716 2347 2827 2417 jam
2857 2362 3175 2424 evenerant,
3205 2373 3274 2412 ne
3301 2361 3586 2430 miremur,

2002 2444 2179 2500 neque
2209 2432 2276 2488 de
2324 2434 2425 2500 rei,
2464 2452 2586 2506 quae
2629 2438 2853 2507 dicitur,
2896 2444 3080 2501 oblata
3128 2453 3312 2520 specie
3345 2457 3589 2530 ambiga-

2000 2536 2142 2576 mus.
2190 2521 2264 2578 De
2298 2527 2598 2596 prophetiae
2631 2541 2958 2601 argumento
2993 2536 3282 2600 hactenus.
3326 2545 3588 2617 Superest

2000 2619 2059 2666 ut
2091 2629 2179 2669 res
2228 2615 2493 2686 singulas,
2550 2633 2712 2692 prout
2757 2622 2945 2680 divina
2994 2635 3174 2700 gratia
3223 2643 3583 2709 concesserit,

1995 2720 2408 2779 persequamur.

2659 2998 2810 3055 CAP.
2849 3000 2888 3054 l.

2075 3079 2234 3139 Vens.
2273 3084 2389 3141 1-4,
2419 3104 2534 3140 -.‹
2570 3088 2778 3148 Octavo
2811 3101 3002 3150 mense
3032 3095 3160 3151 anni
3196 3099 3448 3166 secundi,
3478 3103 3580 3156 im-

1996 3186 2224 3246 perante
2254 3176 2440 3248 Dario,
2478 3179 2658 3240 factus
2689 3197 2775 3243 est
2800 3203 2985 3245 sermo
3015 3189 3234 3245 Domini
3268 3191 3336 3246 ad
3363 3191 3581 3247 Zacha-

1914 3303 1960 3365 ο
1994 3268 2135 3323 riam
2161 3269 2462 3342 Baracbite,
2491 3274 2590 3331 ﬁlii
2616 3277 2730 3350 (57)
2755 3278 3022 3346 Eddonis,
3048 3283 3392 3353 prophetam.
3431 3305 3448 3336 ι
3483 3283 3580 3341 llis

293 3332 428 3384 γων.
472 3337 490 3371 ι
535 3321 639 3374 Τὸν
676 3325 773 3394 μὲν
811 3328 999 3398 χρόνον
1029 3333 1298 3405 ἐδήλωσεν
1331 3341 1389 3393 ἑν
1420 3342 1632 3408 τούτοις
1671 3347 1794 3400 καθ’
1828 3349 1886 3404 ὂν

293 3408 504 3444 δειλώ..
541 3412 642 3444 ..ι-ν.-
676 3417 1068 3444 1...-....\J_.I___,
1115 3427 1172 3444 _~
1245 3429 1277 3444 πη
1319 3430 1331 3444 ι
1516 3434 1528 3444 .
1648 3437 1687 3444 μ
1746 3439 1769 3444 --

2028 3321 2056 3322 ρ
2162 3321 2462 3342 -ηηωη,
2491 3321 2590 3331 .....
2616 3321 2729 3350 νη,
2755 3321 3022 3346 -..ννηηη
3050 3321 3392 3353 μυνιιυηη...
3431 3321 3448 3336 .
3483 3321 3580 3341 ...υ

1990 3361 2174 3418 verbis
2223 3373 2438 3435 tempus
2486 3367 2798 3440 signiﬁcat,
2835 3373 3000 3444 287
3027 3389 3139 3444 quo
3189 3375 3370 3430 divina
3425 3392 3580 3432 reve-

293 3408 506 3482 ηξιὼθη
541 3412 642 3484 τῆς
673 3417 1072 3491 ἀποκαλύψεως
1110 3427 1209 3498 τῆς
1245 3429 1435 3495 θείας·
1476 3434 1597 3489 τίνα
1643 3437 1701 3491 δὲ
1743 3439 1886 3512 ἅπερ

291 3499 592 3575 ικελεύσθη
627 3507 764 3578 πρὸς
791 3509 883 3566 τὸν
913 3511 1040 3568 λαὸν
1067 3517 1263 3584 εἰπεῖν,
1288 3521 1414 3592 ἑξῆς
1444 3525 1663 3596 ἐπάγει.
1697 3549 1716 3580 ‹
1762 3499 1884 3602 Ὠρζ

293 3592 458 3666 γίσθη
519 3597 726 3669 Κύριος
775 3603 869 3656 ἐπὶ
917 3607 1045 3671 τοὺς
1084 3613 1328 3684 πατέρας
1371 3615 1526 3685 ὑμῶν
1565 3592 1736 3693 όργὴν
1783 3592 1882 3695 με·

288 3687 485 3756 γάλην.
538 3709 557 3741 ι
593 3693 812 3763 Πρέπον
849 3697 926 3768 τῷ
960 3702 1138 3775 καιρῷ
1165 3706 1226 3759 τὸ
1267 3711 1555 3780 προοίμιον
1587 3687 1884 3789 έποιήσατο

287 3779 318 3830 ὁ
348 3783 656 3855 προφήτης.
687 3788 876 3862 ἐπειδὴ
909 3793 1017 3864 γὰρ
1046 3797 1247 3867 νεαρὰν
1272 3779 1366 3856 καὶ
1393 3779 1614 3861 ἔναυλον
1642 3779 1752 3862 τῶν
1782 3813 1882 3883 τῆς

287 3873 667 3940 αἰχμαλωσίας
699 3882 888 3934 κακῶν
928 3880 1075 3956 εἶχον
1115 3889 1213 3961 τὴν
1250 3898 1490 3970 μνήμην,
1526 3899 1650 3971 ἄρτι
1689 3918 1748 3955 τε
1779 3873 1878 3956 a6:

283 3963 389 4032 τῆς
411 3967 826 4040 ἀπαλλαγέντες
853 3978 947 4030 καὶ
970 3981 1051 4043 εἰς
1077 3981 1146 4035 τὰ
1171 3963 1351 4039 οἰκεῖα
1366 3963 1689 4046 ἐπανελθεῖν
1717 3995 1878 4070 δυνη-

284 4053 492 4123 θέντες,
520 4061 750 4128 εἰκότως
781 4067 888 4138 πρὸ
915 4071 1120 4137 παντὸς
1145 4073 1303 4144 λόγου
1331 4079 1431 4150 τῆς
1461 4087 1751 4157 συμφορᾶς
1778 4053 1877 4142 αύ-

280 4150 410 4214 τοὺς
446 4151 860 4228 ὑπομιμνήσκει
892 4161 993 4232 τῆς
1025 4165 1228 4236 ἀρτίως
1257 4150 1666 4247 γεγενημένηςζ
1701 4150 1776 4245 ῶς
1809 4182 1876 4236 ἂν

279 4244 346 4312 τῇ
380 4245 573 4318 μνήμῃ
601 4247 710 4302 τῶν
739 4254 1041 4321 γεγονότων
1063 4259 1417 4326 φυλάττοιντο
1444 4267 1524 4331 είς
1547 4244 1743 4343 πεῖραν
1760 4244 1874 4330 τῶν

278 4333 463 4388 αὐτῶν
502 4339 840 4411 καταστῆναι
879 4344 1060 4400 πάλιν.
1109 4349 1257 4404 Ἴστε
1303 4354 1441 4426 γὰρ,
1479 4333 1681 4430 φησὶν,
1715 4362 1870 4435 ὀργι-

280 4425 430 4490 σθεὶς
459 4427 654 4501 ἡλίκην
681 4434 795 4496 τοῖς
826 4438 1063 4507 πατράσι
1097 4442 1210 4505 τοῖς
1259 4425 1552 4519 ὑμετέροις
1591 4425 1872 4524 ἐπήγαγον

274 4520 572 4590 τιμωρίαν,
606 4522 735 4577 οἵων
760 4542 820 4578 τε
843 4528 1041 4593 αὐτοὺς
1068 4531 1156 4587 διὰ
1178 4533 1277 4608 τὴν
1306 4538 1596 4599 ἀπείθειαν
1622 4520 1871 4620 ὲνγπείρᾳ

1988 3451 2193 3508 latione
2245 3454 2448 3527 dignus
2507 3459 2728 3516 habitus
2774 3473 2861 3518 est
2894 3483 2908 3518 :
2947 3461 3210 3536 deinceps
3253 3483 3384 3522 vero
3425 3469 3576 3524 addit

1986 3559 2106 3614 qua:
2160 3545 2228 3610 ad
2274 3549 2536 3618 p0pulum
2583 3551 2732 3622 loqui
2767 3553 2963 3623 jussus
3007 3555 3129 3610 fuit.
3183 3575 3202 3610 ι
3233 3557 3435 3613 Grandi
3493 3561 3574 3615 ira

1986 3632 2251 3690 adversus
2298 3646 2558 3706 parentes
2606 3649 2827 3698 vestros
2873 3643 3051 3700 iratus
3101 3654 3186 3701 est
3229 3645 3516 3704 Dominus.
3549 3669 3568 3702 ι

1985 3724 2302 3798 Congruum
2340 3733 2573 3802 tempori
2614 3734 2905 3790 exordium
2940 3737 3207 3807 propheta
3237 3737 3400 3806 fecit;
3444 3756 3572 3795 nam

1982 3817 2112 3887 quia
2155 3827 2431 3877 recentem
2482 3823 2663 3880 adhuc
2711 3834 3151 3899 praesentemque
3197 3830 3469 3886 malorum
3516 3833 3571 3887 in

1982 3911 2300 3981 captivitate
2358 3918 2768 3974 exantlatorum
2837 3919 3152 3976 retinebant
3210 3924 3568 3991 memoriam;

1980 4001 2183 4072 quippe
2212 4004 2305 4074 qui
2334 4005 2427 4061 vix
2468 4022 2589 4063 eam
2638 4009 2984 4081 depulerant,
3024 4013 3226 4085 vixque
3261 4015 3404 4070 lares
3441 4031 3572 4072 suos

1979 4105 2309 4163 recuperare
2374 4103 2696 4165 potuerant;
2772 4103 2971 4158 merito
3044 4111 3337 4176 antequam
3419 4107 3567 4162 aliud

1979 4183 2150 4254 dicat,
2205 4188 2572 4246 calamitatem
2623 4192 2821 4249 iisdem
2871 4195 3119 4263 refricat,
3177 4215 3340 4269 quam
3394 4215 3569 4271 nuper

1979 4279 2223 4347 perpessi
2277 4279 2534 4348 fuerant;
2580 4294 2640 4337 ut
2684 4286 2946 4342 nimirum
2997 4292 3403 4359 praeteritorum
3449 4309 3568 4349 ma-

1977 4370 2154 4424 lorum
2200 4387 2472 4430 memores
2511 4386 2768 4432 caverent
2799 4380 2990 4450 utique
3025 4397 3092 4437 ne
3126 4383 3178 4436 in
3205 4384 3393 4439 eadem
3441 4400 3566 4440 rur-

1975 4476 2074 4516 sus
2118 4461 2446 4518 inciderent.
2480 4464 2688 4534 Nostis,
2749 4469 2931 4540 inquit
2981 4470 3146 4537 Deus,
3193 4482 3429 4544 quantas
3462 4492 3564 4548 ego

1976 4552 2152 4608 iratus
2178 4555 2501 4623 parentibus
2529 4560 2728 4616 vestris
2751 4575 2947 4631 poenas
2977 4564 3357 4634 imposuerim,
3385 4581 3563 4635 quan-

277 4611 590 4685 κατέστησα
616 4617 827 4686 κακῶν,
857 4621 1073 4691 ἀφελὼν
1118 4627 1218 4697 μὲν
1249 4630 1347 4701 τῆς
1380 4633 1483 4705 γῆς
1512 4635 1611 4706 τῆς
1638 4611 1863 4706 GMP-fas;

2179 4611 2196 4623 _
2416 4611 2419 4612 ν
2751 4611 2945 4631 τππ-
2977 4611 3357 4634 ----,,,--.ν-..-.,
3387 4611 3532 4635 .,..-...

1988 4644 2157 4714 :isque
2200 4646 2632 4706 adversitatibus
2684 4660 2909 4723 propter
2962 4655 3208 4724 ipsorum
3273 4667 3562 4712 contuma-

273 4701 584 4774 ἀπαγαγὼν
626 4706 684 4760 δὲ
731 4711 1110 4781 αἰχμαλώτους
1159 4719 1242 4783 εἰς
1281 4701 1399 4793 γῆν
1429 4701 1753 4799 ἀλλοτρίαν,

269 4794 426 4850 οὔπω
456 4799 727 4872 πρότερον
753 4798 913 4859 εἶδον.
950 4825 969 4857 σ
1007 4809 1119 4863 Καὶ
1151 4813 1297 4884 ἐρεῖς
1322 4817 1460 4888 πρὸς
1485 4794 1703 4886 αὐτοὺς,
1726 4794 1866 4878 Τάδε

269 4885 418 4956 λέγει
453 4891 659 4962 Κύριος
692 4899 1089 4973 παντοκράτωρ
1109 4920 1122 4934 ·
1173 4885 1564 4980 Ἐπιστρέψατε
1600 4915 1738 4985 πρός
1770 4934 1859 4987 με,

271 4979 420 5047 λέγει
464 4981 673 5052 Κύριος
718 4987 829 5040 τῶν
875 4989 1161 5063 δυνάμεων
1186 5033 1200 5056 ,
1242 4998 1337 5050 καὶ
1373 4979 1862 5078 ἐπιστραιρήσομαι

264 5069 406 5140 πρὸς
439 5071 607 5143 ὑμᾶς,
642 5074 791 5144 λέγει
820 5078 1021 5152 Κύριος
1048 5083 1157 5137 τῶν
1191 5085 1475 5159 δυνάμεων
1495 5107 1508 5120 °
1535 5069 1638 5148 καὶ⁷
1762 5069 1856 5168 γί-

261 5162 422 5216 νεσθε
467 5165 653 5230 καθὼς
683 5169 731 5222 οἱ
772 5173 1007 5245 πατέρες
1041 5177 1194 5248 ὑμῶν
1234 5176 1316 5244 οἷς
1349 5184 1638 5242 ἐνεκάλουν
1672 5190 1856 5253 αὐτοῖς

259 5254 311 5306 cl
345 5257 626 5328 προφῆται
654 5261 703 5314 oi
739 5260 1050 5336 ἔμπροσθεν
1081 5268 1365 5340 λέγοντες,
1406 5276 1425 5344 (
1443 5291 1495 5346 p.
1533 5278 1666 5351 436)
1715 5283 1854 5337 Τάδε

260 5343 412 5412 λέγει
449 5348 656 5420 Κύριος
701 5358 1133 5433 παντοκράτωρ,
1189 5343 1596 5438 Ἀποστρέψατε
1640 5343 1704 5440 δὴ
1747 5373 1854 5430 ἀπὸ

257 5437 374 5491 τῶν
413 5439 556 5495 ὁδῶν
586 5443 743 5514 ὑμῶν
785 5447 895 5502 τῶν
927 5453 1200 5526 πονηρῶν,
1248 5458 1344 5511 καὶ
1369 5460 1478 5513 ἀπὸ
1518 5462 1626 5517 τῶν
1664 5437 1854 5538 ἐπιτη-

256 5527 551 5602 δευμάτων
581 5533 734 5606 ὑμῶν
759 5538 873 5593 τῶν
899 5544 1154 5616 πονηρῶν
1173 5563 1186 5577 ο
1213 5549 1307 5603 καὶ
1334 5552 1435 5604 οὐκ
1459 5553 1722 5624 ἥκουσαν,
1757 5563 1852 5613 καὶ

255 5622 314 5675 οὗ
373 5625 680 5698 προσέσχον
729 5631 825 5685 τοῦ
878 5637 1199 5694 είσακοῢσαί
1254 5659 1389 5712 μου,
1440 5622 1588 5717 λέγει
1644 5649 1851 5722 Κύριος

256 5718 677 5792 παντοκράτωρ.
746 5744 763 5775 ι
828 5726 990 5784 ’Λλλά
1036 5731 1130 5786 νῦν
1179 5736 1310 5804 γοῦν
1363 5739 1696 5806 ἀποστάντες
1750 5743 1852 5814 τῆς

324 5880 414 5950 57)
464 5882 557 5940 Gr.
601 5885 792 5952 ﬁlium.

1968 4735 2110 4792 ciam
2158 4752 2254 4794 eos
2300 4738 2601 4806 obruerim,
2657 4744 2832 4812 patria
2874 4745 3166 4815 spoliatos,
3213 4748 3267 4802 in
3324 4749 3558 4804 alienam

1967 4826 2248 4897 regionem
2302 4843 2468 4899 quam
2520 4845 2799 4902 nunquam
2836 4835 3091 4891 viderant
3135 4839 3412 4894 serviliter
3458 4839 3558 4894 ab-

1970 4924 2144 4973 actos.
2195 4937 2213 4970 ‹
2258 4917 2529 4991 Dicesque
2571 4921 2674 4987 eis,
2712 4921 2840 4980 Haec
2885 4927 2965 4981 ait
3001 4927 3271 4985 Dominus
3305 4930 3558 5002 omnipo-

1967 5018 2090 5064 tens
2138 5010 2540 5068 :Revertimini
2587 5014 2655 5068 ad
2698 5031 2819 5083 me,
2891 5017 3025 5076 dicit
3061 5020 3330 5078 Dominus
3377 5025 3556 5078 virtu-

1969 5112 2118 5171 tum;
2148 5113 2204 5158 et
2235 5119 2335 5176 ego
2356 5114 2652 5163 convertar
2678 5110 2746 5166 ad
2779 5125 2900 5179 vos,
2932 5113 3067 5170 dicit
3093 5113 3355 5173 Dominus
3380 5119 3552 5174 virtu-

1969 5204 2102 5250 tum.
2176 5194 2364 5266 Neque
2409 5197 2553 5257 ﬁalis
2594 5207 2656 5255 ut
2701 5208 2886 5272 patres
2926 5207 3140 5273 vestri,
3186 5223 3327 5278 quos
3367 5225 3552 5282 repre-

1967 5283 2282 5341 hendebant
2307 5291 2620 5359 superiores
2655 5292 2934 5364 prophetae
2961 5294 3210 5352 dicentes
3264 5315 3277 5351 :
3316 5299 3444 5355 Haec
3473 5302 3550 5354 ait

1969 5375 2235 5435 Dominus
2262 5382 2610 5454 omnipotens
2641 5403 2658 5442 :
2685 5385 2944 5444 Becedite
2989 5402 3022 5442 a
3064 5387 3168 5444 viis
3203 5390 3405 5446 vestris
3436 5406 3549 5446 ma-

1961 5470 2051 5536 lis,
2080 5480 2244 5542 atque
2283 5488 2313 5528 a
2361 5475 2565 5534 studiis
2605 5479 2806 5537 vestris
2836 5480 3022 5538 malis.
3066 5478 3150 5536 illi
3185 5487 3370 5538 tamen
3412 5485 3544 5540 mihi

1959 5579 2072 5619 non
2119 5565 2504 5635 obediverunt,
2547 5585 2726 5642 neque
2765 5573 2906 5630 meis
2943 5572 3128 5630 verbis
3177 5589 3367 5631 aurem
3401 5592 3543 5648 prae-

1959 5655 2221 5726 buerunt,
2277 5661 2356 5715 ait
2411 5659 2678 5719 Dominus
2731 5665 3108 5736 omnipotens.
3146 5686 3166 5722 ι
3210 5667 3366 5725 Nunc
3411 5686 3545 5741 ergo

1962 5749 2172 5807 omissa
2222 5751 2529 5812 imitatione
2569 5754 2843 5827 majorum
2873 5764 3182 5814 vestrorum
3227 5759 3294 5816 ad
3336 5775 3421 5816 me
3460 5774 3545 5815 re.
