4118 6464
516 429 621 492 ιον
1693 425 2044 482 THEODORI
2084 423 2569 482 MOPSUESTENI
3665 416 3774 472 500

517 545 750 615 spicite,
799 545 1043 615 meisque
1088 543 1251 600 dictis
1302 559 1368 599 ac
1416 545 1641 602 monitis
1696 554 1884 601 erecto
1928 546 2093 600 oculo

2198 545 2481 614 μιμήσεως
2515 543 2623 596 τῶν
2661 541 2911 612 πατέρων
2951 538 3060 594 τῶν
3109 539 3345 602 οίκείων,
3375 536 3511 610 πρός
3543 553 3611 607 με
3639 534 3774 588 ἀποο

517 637 801 718 attendite,
848 647 906 692 ut
952 653 1053 709 ego
1088 653 1308 708 quoque
1336 653 1438 693 vos
1472 639 1788 708 respiciam,
1817 637 2093 708 vestrique

2195 633 2423 704 ϐλέψατε
2445 678 2458 699 ,
2496 635 2589 688 ml
2618 633 2753 705 πρὸς
2790 632 2858 685 τὰ
2895 633 3020 702 παρ’
3051 631 3183 702 ἐμοῦ
3217 629 3486 700 λεγόμενα
3523 628 3650 718 ὑμῖν
3681 625 3776 718 καὶ
3823 711 3826 718 Ι

515 710 704 779 curam
732 725 964 790 libenter
987 740 1191 798 geram.
1227 725 1305 782 Ne
1332 734 1517 796 patres
1558 734 1770 782 vestros
1804 723 2093 780 imitemini

2194 726 2670 796 συμϐουλευόμενα
2722 724 3015 792 τεταμένον
3064 721 3213 793 ἔχετε
3272 721 3332 774 τὸ
3363 723 3552 791 ὄμμα,
3594 717 3668 780 ὡς
3709 715 3776 771 ἀν
3823 711 3833 757 ἒ

511 812 862 866 vehementer
910 820 1123 882 cavete,
1169 812 1262 884 qui
1322 827 1448 866 cum
1497 811 1593 865 diu
1657 811 2002 881 multumque
2061 825 2093 864 a

2195 815 2290 868 ml
2321 814 2486 876 αὐτὸς
2530 814 2733 884 ἐφορᾷν
2775 814 2901 882 ὑμῖν
2945 811 3040 864 καὶ⁵
3065 810 3131 863 δι’
3165 807 3487 878 ἐπιμελείας
3531 806 3675 877 ἔχειν
3706 805 3777 858 τὰ

513 903 712 972 priscis
743 904 1027 973 prephetis
1074 903 1337 958 admoniti
1383 903 1618 958 fuissent
1661 909 1824 972 atque
1857 903 2091 968 exorati,

2194 907 2316 963 καθ’
2368 907 2512 982 ὑμᾶς
2570 906 2827 975 ἑλοίμην·
2876 901 3184 972 φυλάξασθε
3230 901 3289 954 δὲ
3317 901 3497 953 πᾶσαν
3544 897 3776 968 μίμησιν
3829 947 3844 951 _

512 1008 622 1063 quo
671 994 880 1049 scilicet
941 1010 971 1048 a
1033 1009 1132 1050 sua
1193 995 1461 1064 pravitate
1510 992 1848 1057 recederent,
1912 1009 2093 1063 neque

2197 997 2297 1067 τὴν
2344 999 2481 1069 πρὸς
2527 998 2654 1062 τοῦς
2698 998 2941 1069 πατέρας
2967 995 3094 1057 τοὺς
3127 992 3459 1065 ὑμετέρουςο
3499 993 3550 1044 οἳ
3577 989 3775 1060 πολλὴν

513 1084 825 1139 auscultare
865 1084 1176 1158 voluerunt,
1220 1099 1399 1154 neque
1445 1084 1611 1139 ullam
1655 1083 2089 1139 admonitionum

2198 1089 2292 1143 καὶ
2318 1089 2515 1159 συχνὴν
2560 1088 2710 1159 παρά
2754 1088 2862 1142 τῶν
2903 1085 3196 1158 προφητῶν
3237 1083 3345 1137 τῶν
3383 1082 3644 1153 πρότερον
3681 1098 3775 1148 γε-

515 1174 783 1229 rationem
812 1173 1032 1230 habere.

2199 1179 2439 1250 νομένων
2471 1180 2780 1252 συμϐουλὴν
2807 1179 3089 1250 δεξάμενοι
3127 1177 3222 1229 ml.
3257 1176 3596 1246 παραίνεσιν,
3634 1173 3776 1228 ὥστε

511 1262 612 1330 τῆς
651 1262 846 1326 κακίας
896 1263 1192 1333 ἀποστῆναι
1255 1264 1357 1333 τῆς
1383 1263 1608 1329 οἰκείας,
1645 1266 1736 1319 ml
1776 1265 2030 1335 κερδᾶναι
2086 1265 2176 1337 τὴν
2209 1269 2351 1341 ὑπὲρ
2401 1269 2509 1323 τῶν
2557 1271 2740 1335 κακῶς
2783 1268 3188 1340 πεπραγμένων
3243 1267 3422 1329 αὐτοῖς
3471 1264 3773 1335 τιμωρίαν,

510 1354 634 1410 οὔτε
685 1356 970 1429 προσέχειν
1015 1356 1137 1412 οὔτε
1185 1357 1341 1425 λόγον
1389 1359 1510 1414 τινὰ
1561 1360 1832 1413 ποιείσθαι
1868 1359 1974 1414 τῶν
2002 1359 2358 1417 διδασκόντων
2382 1364 2682 1418 ἐϐούλοντο.

587 1442 750 1498 Vens.
811 1445 862 1511 5,
885 1445 1262 1508 6.—gPatres
1323 1448 1492 1502 vestri
1539 1449 1764 1506 ubinam
1825 1449 1988 1506 sunt?
2038 1456 2094 1505 et

513 1535 790 1604 prophetat
820 1551 950 1594 num
996 1553 1213 1610 semper
1242 1538 1464 1594 vivent?
1496 1538 1590 1594 Eia
1625 1554 1776 1595 meos
1804 1555 2092 1597 sermones

512 1627 679 1696 288
708 1627 990 1698 legemque
1037 1644 1212 1687 meam
1264 1632 1518 1702 excipite,
1565 1630 1834 1701 quidquid
1877 1645 1979 1702 ego
2011 1632 2094 1686 vi-

511 1719 714 1775 delicet
757 1719 1017 1798 praecipio
1070 1721 1123 1775 in
1159 1718 1365 1792 Spiritu
1405 1737 1526 1778 meo
1577 1724 1752 1777 servis
1799 1723 1935 1779 meis
1965 1738 2094 1793 pro-

513 1809 716 1886 phetis,
741 1810 833 1886 qui
860 1820 1046 1885 patres
1076 1820 1288 1867 vestros
1315 1813 1870 1883 comprehenderunt.
1904 1832 1922 1866 ι
1958 1811 2094 1867 Pro-

513 1899 653 1957 fecto
681 1884 898 1978 aequum
936 1910 1021 1956 est
1052 1918 1148 1959 vos
1190 1911 1466 1974 reputare,
1509 1905 1658 1974 quod
1699 1919 1876 1973 neque
1912 1914 2096 1974 patres

511 1990 677 2044 vestri
710 1990 823 2060 jam
857 1993 1140 2062 supersint
1181 2009 1362 2064 neque
1397 1995 1676 2066 prophetae
1703 2013 1716 2049 :
1743 2010 1871 2049 nam
1914 1995 2095 2051 ethos

509 2086 565 2133 et
625 2079 752 2135 illos
808 2082 1122 2137 communis
1175 2091 1387 2139 natura:
1449 2083 1708 2139 interitus
1777 2085 2093 2154 intercepit,

511 2169 811 2240 quominus
852 2173 1024 2226 vitam
1067 2171 1280 2229 diutius
1315 2181 1705 2244 propagarent.
1745 2172 1812 2227 Et
1859 2173 1938 2228 illi
1966 2173 2095 2242 qui-

513 2262 638 2322 dem
673 2278 704 2318 e
737 2262 876 2319 vivis
905 2274 1288 2333 excesserunt,
1323 2265 1689 2320 contumaciae
1728 2279 1840 2318 suae
1877 2276 2095 2334 poenam

511 2355 758 2424 experti;
820 2355 1103 2426 propheta:
1141 2365 1322 2412 autem
1379 2356 1484 2412 etsi
1529 2355 1694 2424 hujus
1752 2355 1875 2409 vita:
1933 2355 2093 2410 finem

513 2447 784 2511 fecerunt,
817 2445 1178 2501 nihilominus
1212 2447 1502 2503 verborum
1541 2462 1766 2502 suorum
1808 2445 2094 2501 veritatem

513 2536 678 2591 factis
737 2538 1273 2606 comprobaverunt;
1316 2537 1762 2610 quandoquidem
1810 2538 1896 2593 vel
1959 2536 2095 2608 ipsis

512 2625 744 2680 mortuis
779 2626 1041 2680 vaticinia
1083 2641 1246 2681 suum
1297 2628 1506 2680 exitum
1553 2641 1709 2695 aeque
1747 2625 2092 2692 habuerunt;

510 2714 637 2781 quia
673 2713 788 2769 haec
831 2715 1092 2769 nimirum
1127 2730 1214 2771 me
1249 2715 1478 2784 jubente
1523 2715 1670 2770 edita
1709 2714 1944 2770 fuerant.
1999 2712 2095 2768 llis

513 2805 778 2874 exemplis
824 2807 1065 2861 monitos
1097 2821 1184 2870 ea,
1229 2822 1354 2876 quae
1399 2806 1681 2876 prophetae
1718 2821 1840 2861 meo
1871 2807 2096 2860 nomine

511 2893 696 2959 aiunt,
731 2911 838 2950 non
874 2898 1272 2966 parvipendere
1299 2896 1479 2960 decet,
1516 2897 1626 2950 imo
1658 2895 1745 2951 his
1780 2895 2095 2950 auscultare

511 3000 633 3056 quae
669 2986 907 3057 Spiritali
931 2987 1107 3058 gratia
1143 2987 1401 3042 commoti
1451 2987 1793 3057 loquuntur:
1831 3002 1958 3041 nam
1999 3002 2094 3042 ne‘

510 3092 618 3146 que
647 3076 796 3133 dicta
827 3079 895 3133 ab
934 3080 1001 3134 iis
1032 3077 1241 3135 irritari
1269 3087 1499 3149 queunt,
1529 3093 1707 3148 neque
1739 3077 1894 3133 vobis
1923 3077 2095 3132 dicto-

513 3182 633 3220 rum
675 3167 956 3236 neglectus
1011 3183 1205 3224 vacare
1249 3168 1490 3239 periculo
1536 3177 1737 3242 potest.
1779 3167 1878 3224 llis
1908 3169 2094 3224 verbis

511 3267 877 3328 compunctus
900 3260 1154 3330 populus,
1182 3276 1417 3330 quorum
1440 3262 1660 3317 veritati
1683 3263 1925 3332 locuples
1948 3261 2093 3317 facta

513 3351 886 3407 testiinonium
919 3352 1147 3418 dabant,
1180 3355 1263 3410 sic
1303 3353 1610 3423 respondit,
1649 3363 1708 3410 ut
1744 3353 2090 3410 docilitatem

511 3444 822 3500 animorum
866 3460 1091 3501 suorum
1129 3446 1476 3506 manifestam
1521 3447 1748 3503 faceret.
1790 3466 1808 3499 ι
1843 3445 2093 3516 Respon-

511 3536 729 3598 derunt,
772 3535 971 3608 inquit,
1020 3545 1186 3608 atque
1231 3538 1490 3592 dixerunt
1536 3557 1548 3592 :
1601 3537 1774 3593 Sicuti
1823 3539 2096 3614 disposuit

514 3625 775 3682 Dominus
808 3629 1156 3696 omnipotens
1202 3626 1384 3683 facere
1438 3629 1598 3684 nobis
1629 3630 1935 3685 secundum
1977 3631 2094 3686 vias

512 3726 751 3780 nostras,
775 3725 828 3774 et
853 3717 1153 3772 secundum
1183 3716 1364 3774 studia
1383 3727 1592 3785 nostra,
1615 3719 1694 3773 sic
1720 3719 1848 3774 fecit
1865 3717 2047 3773 nobis.
2070 3735 2089 3770 ι

517 3805 1195 3881 νεὼιιιηίὰἱεροειιίιιρτο
1229 3808 1580 3877 disposuerat
1603 3809 1866 3880 ponitur:
1891 3809 2092 3865 etenim

513 3895 656 3951 haud
702 3895 770 3950 de
800 3897 1079 3966 praesenti,
1121 3897 1215 3952 sed
1251 3898 1319 3952 de
1348 3899 1621 3968 praeterita
1667 3913 1729 3954 re
1773 3912 1954 3954 sermo
1985 3907 2089 3955 est.

510 3985 791 4052 Fatemur,
831 3987 1031 4056 inquit,
1073 4002 1196 4057 quae
1246 3985 1395 4043 Deus
1447 3987 1606 4044 nobis
1655 3996 1921 4044 eventura
1967 4005 2096 4060 por-

513 4075 789 4138 teuderat,
830 4090 1076 4147 congruo
1111 4075 1452 4134 facinoribus
1501 4079 1709 4134 nostris
1754 4079 1999 4147 decreto,
2030 4096 2094 4137 ea

512 4181 613 4221 nos
682 4181 872 4222 revera
931 4175 1188 4240 expertos
1245 4169 1420 4225 fuisse
1464 4185 1681 4242 :quare
1743 4171 2096 4228 vehementer

511 4257 671 4314 nobis
711 4274 1036 4329 persuasum
1075 4269 1162 4317 est
1205 4261 1478 4318 dictorum
1539 4261 1850 4318 divinorum
1894 4264 2095 4319 verita-

2272 1455 2420 1526 Στίχ.
2457 1461 2520 1518 ε’,
2557 1454 2814 1520 ς’.-ιοί
2844 1453 3078 1525 πατέρες
3106 1451 3259 1523 ὑμῶν
3289 1447 3392 1503 ποῦ
3420 1449 3526 1501 είσι
3554 1464 3568 1512 ;
3599 1447 3692 1501 καὶ
3723 1445 3775 1499 οἱ

2200 1546 2474 1617 προφῆται
2515 1548 2590 1617 μὴ
2632 1548 2712 1610 εἰς
2761 1547 2852 1600 τὸν
2897 1545 3072 1601 αἰῶνα
3113 1544 3410 1615 ζήσονται;
3458 1541 3603 1611 Πλὴν
3647 1538 3775 1602 τοὺς

2197 1636 2386 1702 λόγους
2426 1655 2526 1708 μου
2575 1639 2670 1692 καὶ
2713 1637 2785 1690 τὰ
2818 1637 3026 1708 νόμιμά
3081 1653 3183 1706 μου
3235 1632 3476 1703 δέχεσθε,
3529 1632 3630 1684 ὅσα
3664 1627 3776 1696 ἐγὼ

2199 1727 2515 1798 ἐντέλλομαι
2562 1731 2620 1782 ὲν
2660 1728 2940 1798 Πνεύματί
2988 1745 3088 1798 μου
3117 1729 3228 1790 τοίς
3273 1725 3478 1786 δούλοις
3517 1740 3616 1788 μου
3656 1724 3772 1785 τοῖς

2201 1823 2525 1891 προφήταις,
2549 1822 2599 1874 οἳ
2620 1822 2917 1875 κατέλαϐον
2949 1821 3076 1884 τοὺς
3098 1819 3340 1889 πατέρας
3369 1817 3544 1888 ὑμῶν.
3586 1835 3604 1866 ι
3641 1814 3778 1870 Καί-

2196 1927 2278 1964 τοι
2305 1928 2368 1979 γε
2409 1911 2586 1976 καλῶς
2620 1911 2686 1966 ἂν
2715 1912 2828 1982 έχοι
2861 1913 3085 1966 κάκεῖνο
3119 1911 3264 1980 ὑμᾶς
3312 1906 3734 1976 συλλογίσασθαι
3757 1943 3773 1968 ,

2195 2003 2276 2056 ὅτι
2316 2001 2438 2076 οῦτε
2469 2006 2516 2056 οἱ
2551 2004 2786 2075 πατέρες
2813 2003 2972 2074 ὑμῶν
3007 2003 3146 2056 εἰσὶν
3171 2001 3249 2054 ἔτι
3270 2042 3285 2067 ,
3320 1999 3442 2053 οῦτε
3477 2000 3526 2052 οἰ
3557 1998 3771 2068 προφῆ-

2195 2109 2285 2146 ται
2306 2109 2319 2124 ·
2371 2093 2809 2162 προκατελάϐετο
2842 2093 2898 2146 δὲ
2933 2093 3221 2155 κάκείνους
3247 2091 3342 2144 καὶ
3361 2089 3584 2151 τούτους
3609 2090 3637 2142 6
3663 2103 3780 2140 κοι-

2197 2183 2287 2248 νὸς
2319 2183 2418 2253 τῆς
2449 2183 2666 2252 φύσεως
2699 2185 2928 2249 θάνατος
2947 2225 2962 2251 ,
2993 2184 3087 2237 ἐπὶ
3119 2183 3367 2236 πλεῖστον
3399 2179 3772 2251 ἐκτεταμένην

2195 2273 2340 2344 ἔχειν
2377 2275 2475 2346 τὴν
2506 2275 2712 2329 οἰκείαν
2754 2275 2899 2346 ζωὴν
2947 2276 3050 2330 ούκ
3095 2276 3235 2329 ἐῶν·
3287 2277 3364 2344 (p.
3407 2272 3530 2341 457)
3574 2269 3688 2325 ἀλλ’
3723 2271 3772 2324 οἰ

2199 2369 2296 2439 μὲν
2340 2367 2710 2440 ἀπεληλύθασι
2752 2370 2852 2438 τὴν
2902 2370 2968 2422 ἐκ
3017 2366 3119 2436 τῆς
3157 2365 3441 2428 ἀπειθείας
3490 2363 3780 2432 δεξάμενοι

2196 2460 2463 2530 τιμωρίαν
2486 2477 2499 2491 ο
2537 2461 2586 2513 οἰ
2627 2462 2904 2532 προφῆται
2937 2461 2993 2514 δέ
3031 2461 3127 2514 ml
3155 2458 3496 2527 παυσάμενοι
3527 2455 3622 2508 τοῦ
3669 2470 3778 2507 πα-

2201 2551 2382 2620 ρόντος
2414 2550 2532 2620 βίου
2563 2550 2672 2607 τῶν
2713 2551 2931 2607 οἰκείων
2973 2551 3237 2623 ῥημάτων
3271 2551 3455 2621 ἔργοις
3493 2542 3778 2608 ἐπέδειξαν

2195 2642 2296 2712 τὴν
2353 2641 2612 2714 ἀλήθειαν
2638 2661 2653 2676 ·
2712 2643 2838 2696 ἐπεὶ
2899 2643 2992 2696 καὶ
3055 2639 3520 2710 τετελευτηκότων
3561 2635 3767 2698 αὐτῶν,

2195 2737 2352 2791 οὐθὲν
2395 2733 2558 2810 ἦττον
2609 2737 2754 2808 άπερ
2799 2732 2953 2790 εἷπον
3002 2737 3082 2800 εἰς
3136 2734 3310 2804 πέρας
3363 2730 3622 2801 ἐξήγετο,
3675 2729 3776 2782 ac:

2195 2833 2314 2886 κατ’
2361 2833 2499 2904 ἐμὴν
2539 2829 2806 2900 εἰρημένα
2853 2827 3104 2899 γνώμην.
3144 2826 3284 2897 Πρὸς
3337 2823 3401 2893 δὴ
3452 2821 3611 2874 τοῦτο
3638 2821 3777 2888 ἀφο-

2197 2923 2406 2996 ρῶντας
2437 2923 2703 2994 προσήκοι
2738 2920 2802 2973 ἂν
2840 2920 2914 2990 μὴ
2952 2919 3204 2990 πάρεργα
3232 2914 3502 2969 ποιεῖσθαι
3535 2911 3602 2964 τὰ
3642 2912 3774 2980 παρ’

2195 3011 2329 3082 ἐμοῦ
2382 3011 2470 3066 διὰ
2522 3010 2631 3064 τῶν
2690 3007 2988 3081 προφητῶν
3045 3007 3349 3077 λεγόμενα·
3401 3000 3652 3072 δέχεσθαι
3717 2999 3776 3052 δὲ

2196 3101 2376 3156 πάντα
2417 3103 2627 3172 ὅσαπερ
2671 3099 2800 3170 ὑμῖν
2847 3098 2935 3153 διὰ
2973 3099 3353 3171 πνευματικῆς
3410 3097 3628 3164 λέγουσι
3674 3095 3778 3164 τῆς

2121 3194 2164 3253 C
2198 3194 2420 3265 χάριτος
2447 3209 2460 3223 ·
2502 3193 2626 3245 ἐπεὶ
2657 3194 2794 3263 μήτε
2825 3191 3128 3262 ψευσθῆναι
3163 3185 3275 3243 οἷόν
3303 3189 3362 3242 τέ
3394 3205 3448 3241 τι
3477 3186 3586 3239 τῶν
3620 3183 3781 3253 λεγοφ

2200 3285 2375 3356 μένων
2422 3285 2552 3355 παρ’
2607 3284 2807 3352 αὐτῶν,
2853 3283 2980 3355 μήθ’
3025 3285 3155 3354 ὑμῖν
3210 3280 3496 3335 ἀκίνδυνον
3548 3275 3779 3346 ἀμελεῖν

2197 3375 2438 3429 ἐθέλουσι
2457 3375 2566 3430 τῶν
2593 3376 2723 3447 παρ’
2749 3375 2929 3429 αὐτῶν
2950 3375 3280 3446 λεγομένων.
3323 3373 3445 3426 Ἐπὶ
3473 3372 3537 3443 δὴ
3562 3371 3780 3434 τούτοις

2197 3464 2424 3527 εἰκότως
2453 3466 2563 3529 τοῖς
2595 3465 2839 3537 ῥήμασιν
2865 3467 2914 3518 οἱ
2944 3464 3037 3518 τοῦ
3067 3464 3220 3530 λαοῦ,
3249 3464 3344 3517 au
3369 3462 3478 3516 τῶν
3511 3461 3777 3533 πραγμά-

2195 3571 2301 3607 των
2327 3557 2392 3625 τῇ
2411 3554 2519 3606 τῶν
2540 3553 2848 3624 λεγομένων
2870 3553 3098 3625 ἀληθείᾳ
3129 3553 3551 3624 μαρτυρούντων
3573 3551 3780 3622 αὐτάρς

2196 3661 2327 3710 κως,
2361 3644 2653 3714 ἀπόκρισιν
2681 3645 3026 3715 ἐποιήσαντο,
3057 3644 3205 3713 σαφῆ
3233 3643 3333 3713 τῆς
3353 3641 3779 3712 εὐγνωμοσύνης

2196 3736 2404 3790 ἑαυτῶν
2432 3737 2794 3808 παρεχόμενοι
2821 3736 2918 3808 τὴν
2949 3735 3245 3801 ἀπόδειξιν.
3281 3753 3300 3786 ι
3331 3735 3438 3788 Καὶ
3468 3731 3780 3803 ἀπεκρίθη-

2197 3845 2296 3884 σαν
2339 3829 2447 3900 γὰρ
2473 3869 2488 3894 ,
2535 3829 2721 3900 φησιν,
2754 3830 2849 3881 καὶ
2881 3823 3034 3881 εἷπον
3058 3845 3070 3856 ·
3126 3825 3325 3890 Καθὼς
3363 3824 3777 3897 παρατέτακται

2195 3919 2398 3990 Κύριος
2451 3919 2850 3990 παντοκράτωρ
2895 3917 2988 3972 τοῦ
3035 3917 3256 3988 ποιῆσαι
3313 3918 3445 3988 ἡμῖν
3487 3914 3632 3970 κατά
3672 3914 3776 3978 τὰς

2194 4007 2346 4072 ὁδοὺς
2374 4008 2552 4078 ἡμῶν,
2579 4009 2670 4061 ml
2694 4006 2836 4061 κατὰ
2864 4007 2932 4060 τὰ
2957 4006 3364 4076 ἐπιτηδεύματα
3390 4003 3568 4074 ἡμῶν,
3597 4001 3778 4067 οὕτως

2195 4099 2449 4169 ἐποίησεν
2478 4100 2629 4170 ἡμῖν.
2667 4116 2684 4148 ι
2713 4098 2787 4150 Τὸ
2821 4116 2839 4148 ι
2881 4096 3313 4168 παρατέτακται,
3348 4113 3367 4147 ι
3393 4092 3779 4162 Παρετέτακτο

2195 4187 2372 4256 λέγει’
2403 4188 2463 4240 οὐ
2494 4187 2601 4258 γὰρ
2627 4187 2758 4258 περὶ
2787 4185 3071 4258 παρόντων
3104 4184 3432 4252 διαλέγεται,
3466 4182 3603 4236 ἀλλά
3639 4184 3775 4253 περὶ

2194 4278 2302 4332 τῶν
2352 4279 2651 4348 γεγονότων
2695 4278 2817 4349 ἤδη.
2866 4275 3300 4348 Ὀμολογοῦμεν,
3335 4275 3522 4345 φησὶν,
3553 4274 3635 4326 ὅτι
3657 4268 3777 4328 old-

509 4360 616 4406 tem
655 4366 780 4407 esse
806 4352 1193 4410 certissimam.
1231 4353 1357 4410 Hac
1387 4355 1661 4422 elocutus,
1703 4355 2090 4412 revelationem

508 4441 770 4514 deinceps
815 4446 1082 4515 pmpheta
1123 4457 1312 4502 narrat
1351 4447 1454 4503 sibi
1493 4463 1522 4502 a
1570 4445 1680 4502 Deo
1721 4449 1983 4512 oblatam,
2023 4464 2090 4504 ex

507 4552 615 4603 qua
641 4551 765 4591 cum
795 4537 913 4607 ipse
945 4553 1052 4596 non
1085 4540 1304 4595 dubiam
1334 4541 1568 4611 publica:
1591 4539 1868 4596 felicitatis
1893 4541 2089 4596 confir-

2197 4541 2290 4594 ml
2350 4539 2696 4610 πεπόνθαμεν
2759 4539 2901 4593 ὥστε
2969 4537 3174 4608 σφόδρα
3226 4537 3372 4606 ἡμᾶς
3438 4535 3767 4598 πεπεῖσθαι,

506 4629 804 4683 mationem
851 4631 1116 4702 percepit,
1149 4639 1265 4685 tum
1315 4631 1545 4687 fidenter
1597 4631 1941 4688 auditoribus
1971 4632 2087 4691 visa.

2200 4633 2276 4702 (p.
2299 4631 2424 4696 438)
2447 4632 2528 4683 ὅτι
2545 4630 2936 4703 ἁναντίρῤητος
2952 4627 3059 4682 τῶν
3082 4627 3230 4698 παρὰ
3246 4625 3379 4679 Θεοῦ
3400 4623 3709 4695 λεγομένων
3734 4626 3768 4693 ή

509 4720 800 4774 nuntiavit.
835 4721 928 4776 Sic
951 4733 1132 4781 autem
1164 4725 1277 4782 ait:

2197 4719 2421 4790 ἀλήθεια
2440 4737 2452 4750 ·
2485 4720 2578 4772 ml
2607 4720 2707 4772 ούκ
2723 4719 3000 4772 ἀκίνδυνον
3034 4720 3157 4790 ημῖν
3177 4715 3395 4787 ἀμελεῖν
3428 4713 3776 4785 βουλομένοις

505 4813 613 4866 τῶν
634 4817 766 4886 παρ’
785 4817 950 4870 αὐτοῦ
969 4818 1298 4888 λεγομένων.
1329 4816 1546 4870 Τούτων
1587 4817 1758 4880 οὕτως
1799 4817 2126 4887 εἰρημένων,
2164 4813 2504 4882 ἀποκάλυψιν
2547 4813 2730 4866 λοιπὸν
2772 4815 2800 4866 6
2832 4813 3118 4884 προφήτης
3165 4810 3431 4880 διηγεῖται
3463 4808 3773 4878 δειχθεῖσαν

504 4909 652 4980 αύτῷ
692 4912 842 4982 παρά
872 4912 965 4965 τοῦ
1013 4911 1171 4976 Θεοῦ,
1204 4912 1296 4980 ἀφ’
1325 4908 1393 4984 ἦς
1439 4912 1600 4974 αὑτός
1659 4929 1717 4964 τε
1755 4911 1957 4981 ἀκριϐῆ
1995 4910 2106 4963 τῶν
2154 4909 2283 4980 περί¹
2310 4908 2403 4960 τὸν
2430 4907 2556 4960 λαὸν
2599 4906 2822 4977 ἀγαθῶν
2862 4906 2960 4978 τὴν
2990 4906 3168 4960 πίστιν
3219 4902 3511 4973 ἐλάμϐανε,
3538 4902 3770 4954 καὶτοῖς

503 5001 760 5056 ἀκούουσι
817 5003 1161 5076 θαρρούντως
1205 5005 1586 5075 εὐηγγελίζετο
1639 5005 1706 5059 τὰ
1759 5002 2248 5076 φαινόμενα.Λέγει
2281 5002 2338 5055 δέ
2365 5000 2569 5064 οὓτως·

574 5094 741 5164 289
791 5092 959 5149 Vens.
1014 5094 1167 5151 7-10.
1215 5125 1286 5134 —
1337 5114 1354 5146 ι
1421 5095 1517 5152 Die
1571 5095 1828 5150 vicesima
1889 5104 2085 5166 quarta

2270 5093 2420 5164 Στίχ.
2449 5092 2583 5158 ζ’-ι’.
2615 5122 2685 5133 -—-
2724 5113 2742 5145 ι
2782 5094 2860 5164 Τῇ
2891 5093 3109 5164 τετράδι
3140 5092 3234 5145 ml
3287 5089 3491 5154 εἰκάδι,
3517 5087 3597 5160 τῷ
3622 5086 3770 5141 ἑνδεο

504 5188 712 5241 mensis
747 5186 1047 5248 undecimi,
1079 5187 1170 5256 qui
1204 5195 1289 5250 est
1320 5189 1494 5252 sabat,
1528 5187 1770 5242 secundo
1801 5186 1946 5242 Darii
1984 5203 2084 5242 an-

2194 5187 2340 5257 κάτῳ
2373 5186 2539 5256 μηνὶ,
2569 5179 2726 5249 οὗτός
2759 5187 2908 5237 ἐστιν
2940 5186 2968 5237 6
3007 5183 3112 5254 μὴν
3151 5182 3344 5247 σαϐἀτ,
3372 5184 3431 5234 ἐν
3459 5181 3518 5235 δὲ
3541 5179 3627 5260 ,τῷ
3651 5180 3771 5232 δευ-

502 5293 594 5341 no,
638 5293 821 5334 sermo
857 5277 1072 5357 Domini
1108 5277 1285 5336 factus
1324 5279 1500 5338 estad
1557 5279 1879 5333 Zachariam
1918 5281 2084 5335 Bara-

2194 5279 2326 5350 τέρῳ
2368 5280 2478 5332 ἔτει
2508 5280 2600 5333 ἐπὶ
2637 5277 2864 5350 Δαρείου
2886 5317 2900 5341 ,
2942 5275 3160 5345 ἐγένετο
3202 5275 3359 5342 λόγος
3390 5272 3593 5343 Κυρίου
3629 5272 3769 5343 πρὸς

501 5371 658 5434 ειιίαε,
691 5370 786 5424 filii
812 5371 925 5439 (58)
954 5371 1216 5434 Eddonis.
1238 5373 1580 5444 prophetam,
1605 5370 1813 5428 dicens.
1849 5391 1867 5424 ι
1908 5372 2081 5428 Verba

2194 5374 2460 5444 Ζαχαρίαν
2494 5373 2586 5426 τὸν
2613 5372 2707 5426 τοῦ
2738 5371 3036 5442 Βαραχίου,
3058 5372 3175 5425 υἱὸν
3215 5369 3402 5434 Ἐδδὼ,
3438 5369 3528 5424 τὸν
3552 5369 3769 5440 προφή-

508 5479 526 5508 σ
568 5459 759 5513 Sermo
782 5459 998 5515 Domini
1032 5460 1210 5518 factus
1241 5471 1325 5517 est
1351 5480 1369 5513 ι
1396 5477 1512 5538 pro,
1538 5463 1720 5517 divina
1752 5464 2080 5520 revelatione

2194 5483 2306 5537 την,
2331 5466 2526 5534 λέγων.
2559 5483 2578 5516 ι
2607 5465 2681 5517 Τὸ
2707 5463 2987 5531 ιἘγένετο
3007 5462 3164 5532 λόγος
3185 5460 3414 5531 Κυρίου,
3455 5479 3472 5510 ι
3499 5458 3620 5512 ἀντὶ
3649 5457 3766 5522 τοῦ,

2201 5558 2616 5627 ’Λποκαλύψεως
2657 5556 2894 5626 ἠξιώθην
2930 5555 3110 5620 θείας*
3147 5556 3270 5609 ὅθεν
3303 5553 3401 5626 τὴν
3423 5549 3768 5621 ἀποκάλυψιν

2719 5645 2996 5717 Ἑώρακα,
3052 5646 3220 5717 φησὶ,
3253 5643 3352 5714 τὴν
3392 5642 3582 5696 νύκτα.
3622 5659 3641 5694 t
3683 5636 3762 5700 Οὐ

2196 4383 2301 4438 περ
2322 4368 2351 4419 6
2376 4359 2507 4430 Θεδς
2533 4368 2854 4436 ἀπεφήνατο
2881 4363 3134 4433 γενέσθαι
3156 4363 3284 4434 περ)⁵
3310 4363 3476 4432 ἡμᾶς,
3511 4359 3774 4428 ἀνάλογον

2195 4449 2272 4517 οἷς
2303 4454 2643 4523 ἐπράττομεν
2681 4450 2933 4506 ἐκϐαλὼν
2977 4450 3074 4522 τὴν
3107 4451 3402 4518 ἀπόφασιν,
3449 4447 3674 4501 τοιαῦτα
3715 4447 3776 4501 δὲ

499 5566 600 5618 ego
629 5552 827 5620 dignus
847 5553 1065 5610 habitus
1087 5571 1229 5616 sum,
1266 5563 1576 5628 ponuntur;
1616 5559 1760 5618 unde
1789 5557 2078 5612 revelatio-

502 5653 626 5692 nem
656 5640 950 5696 indicans:
983 5663 1000 5694 ι
1038 5642 1158 5698 Vidi
1193 5661 1288 5715 per
1321 5654 1556 5712 noctem,
1592 5666 1608 5697 ι
1651 5647 1847 5718 inquit.
1895 5646 2079 5717 Neque

2194 5647 2366 5716 λέγων
2392 5648 2596 5711 λοιπὸν,
2648 5667 2664 5694 ι

570 5817 684 5887 (58)
717 5820 903 5878 Graece
937 5823 1136 5894 ﬁlium.
1179 5825 1437 5884 Scholion
1467 5827 1712 5885 Graecum
1744 5845 1769 5881 τι
1812 5845 1974 5885 manu
2003 5841 2088 5882 rec

2194 5824 2342 5895 lore,
2385 5834 2444 5879 ut
2485 5834 2537 5880 et
2572 5827 2874 5898 ερηιιοηιὶςι.
