4118 6502
469 382 573 436 503

1621 379 1968 443 THEODORI
1998 381 2220 439 MOPSU
2234 381 2476 441 ESTENI

3601 385 3710 441 505

479 497 672 553 Vetere
703 496 1056 560 Testamento
1075 500 1194 555 erat
1226 514 1239 549 :
1265 493 1424 551 Patre
1458 494 1677 569 quidem
1712 496 2041 567 generaliter

2144 498 2235 550 ἐπὶ
2280 497 2374 571 τῆς
2400 493 2642 560 Halani;
2671 491 2737 572 ἦν
2787 496 3089 573 Διαθήκης·
3126 498 3326 570 πατρὸς
3379 499 3479 570 μὲν
3511 501 3706 563 κοινῶς

470 589 581 644 Deo
614 587 887 659 appellato
932 584 1216 640 hominum
1248 601 1378 640 cura
1420 586 1542 654 ejus
1579 585 1914 651 fruentium;
1955 586 2041 642 his

466 681 710 735 vicissim
744 678 869 734 (iliis
905 678 1215 750 appellatis,
1254 678 1346 749 qui
1378 678 1500 747 plus
1534 677 1742 748 aliquid
1781 677 2042 732 haberent

468 781 693 843 propter
735 771 828 826 Dei
870 769 1324 825 familiaritatem.
1361 768 1465 824 Sed
1515 777 1695 824 tamen
1728 767 1896 824 Deum
1935 768 2040 823 Pa-

469 874 630 928 trem,
665 870 723 916 ιιι
748 862 864 932 jam
891 862 1027 924 dixi,
1059 858 1151 916 Dei
1172 858 1317 923 Filii,
1349 868 1403 915 et
1435 859 1635 915 Filium
1664 859 1833 914 Deum
1863 858 2041 915 Patris

473 956 592 1021 Dei,
639 953 848 1010 sciebat
901 952 1184 1009 hominum
1235 952 1385 1007 illius
1434 950 1534 1006 aevi
1584 966 1813 1021 prorsus
1856 965 2038 1008 nemo.

476 1047 692 1104 Etenim
727 1045 894 1101 Deum
925 1045 1305 1099 tantummodo
1338 1053 1391 1099 et
1419 1043 1752 1100 creationem
1780 1052 2043 1099 noverant

470 1144 741 1212 quotquot
775 1145 903 1192 ante
931 1137 1134 1192 Christi
1170 1135 1387 1191 Domini
1418 1135 1712 1191 adventum
1746 1150 1928 1191 veram
1958 1150 2043 1190 re-

469 1231 727 1302 ligionem
758 1229 936 1285 edocti
982 1227 1200 1284 fuerant
1234 1243 1251 1282 :
1296 1226 1460 1283 Deum
1495 1226 1714 1298 quidem
1753 1227 2041 1297 sempiter—

473 1336 598 1375 nam
642 1328 1000 1389 agnoscentes
1052 1316 1413 1373 substantiam
1469 1325 1523 1372 et
1571 1331 1750 1372 rerum
1796 1316 2042 1371 omnium

472 1426 735 1479 causam;
766 1411 922 1480 291
958 1412 1293 1466 creationem
1328 1416 1533 1475 autem,
1579 1417 1641 1462 ut
1674 1408 1913 1463 breviter
1954 1407 2043 1462 di-

470 1518 613 1567 cam,
641 1518 731 1558 res
774 1504 843 1558 ab
872 1502 965 1557 illo
993 1517 1059 1557 ex
1108 1500 1281 1556 nihilo
1315 1500 1383 1555 ad
1426 1499 1799 1556 exsistendum
1842 1499 2044 1570 produ-

471 1603 611 1648 ctas.
640 1593 805 1664 idque
835 1593 969 1649 satis
1004 1593 1411 1649 demonstratur
1441 1592 1524 1646 vel
1562 1606 1626 1646 ex
1658 1589 1794 1661 ipsis
1825 1599 2043 1661 aposto-

471 1688 560 1750 lis,
594 1687 686 1756 qui
720 1686 776 1741 in
807 1685 1021 1740 Domini
1052 1684 1310 1749 adventu,
1348 1684 1510 1755 longo
1537 1692 1780 1753 tempore
1816 1698 1942 1739 cum
1977 1699 2043 1739 eo

470 1779 696 1843 versati,
722 1778 1002 1833 Christum
1035 1776 1254 1848 quidem
1279 1791 1403 1831 eum
1431 1776 1851 1841 confitebantur,
1880 1784 2042 1846 prout

2144 590 2282 642 κατὰ
2312 587 2632 659 κηδεμονίαν
2659 588 2751 641 τοῦ
2777 587 2913 641 Θεοῦ
2944 588 3236 660 λεγομένου
3259 589 3367 644 τῶν
3383 589 3484 660 τῆς
3505 587 3714 645 ἐκεῖθεν

2144 679 2458 751 ἐπιμελείας
2470 678 2617 747 ἀξίου
2626 681 2800 749 μένων
2816 680 2911 734 ἀνθ
2919 678 3276 750 ρώπων,υῐῶν
3287 681 3342 734 δὲ
3359 680 3466 734 τῶν
3480 681 3713 752 ἐχόντων

2141 790 2194 825 τι
2217 770 2375 825 πλέον
2397 770 2535 824 κατὰ
2550 770 2819 829 οἰκείωσιν
2845 771 3000 823 Θεοῦ·
3029 771 3249 841 Πατέρα
3267 771 3325 824 δὲ
3352 771 3503 836 θεὸν,
3520 770 3713 843 ὥσπερ

2142 858 2234 915 οῦν
2257 861 2390 933 έφην
2411 861 2532 937 ἤδη,
2560 861 2688 915 Υίοῦ
2706 861 2864 924 Θεοῦ,
2892 862 2987 915 καὶ
3009 862 3135 916 Υίὸν
3156 862 3286 916 Θεὸν
3315 862 3450 916 Θεοῦ
3475 863 3707 936 Πατρδς,

2141 956 2407 1031 ἠπίστατο
2457 954 2566 1007 τῶν
2594 954 2716 1007 τότε
2762 953 3018 1019 καθάπαξ
3048 954 3224 1018 οὐδείς
3247 970 3261 985 ·
3309 955 3442 1009 Θεὸν
3474 955 3584 1027 γὰρ
3617 958 3714 1014 καὶ

2144 1046 2320 1100 κτίσιν
2356 1046 2515 1116 μόνον
2548 1046 2742 1121 ᾔδεσαν
2774 1048 2822 1099 oi
2862 1048 2967 1117 πρὸ
3004 1047 3105 1116 τῆς
3148 1046 3241 1100 τοῦ
3274 1048 3545 1102 Δεσπότου
3573 1050 3711 1119 Χρι·

2145 1137 2269 1191 στοῦ
2301 1139 2602 1209 παρουσίας
2617 1137 2998 1208 παιδευόμενοι
3017 1139 3115 1209 τὴν
3132 1137 3431 1194 εὐσέϐειαψ
3457 1139 3587 1197 Θεὸν
3615 1141 3714 1210 μὲν

2143 1228 2238 1284 τὸν
2264 1228 2434 1283 ἀΐδιον
2468 1229 2828 1301 γνωρίζοντες
2858 1229 3046 1284 οὐσίαν
3101 1231 3194 1285 καὶ
3241 1231 3457 1286 πάντων
3490 1232 3668 1286 αἰτίαν
3695 1249 3709 1265 ο

2140 1316 2321 1374 κτίσιν
2351 1320 2407 1373 δὲ
2448 1319 2624 1374 πάντα
2674 1318 2953 1390 συντόμως
2992 1322 3166 1375 εἰπεῖν
3194 1320 3264 1375 τά
3297 1322 3390 1375 ὑπ’
3440 1323 3603 1376 αὐτοῦ
3648 1325 3715 1378 ἐκ

2140 1412 2235 1467 τοῦ
2275 1412 2349 1483 μὴ
2381 1411 2531 1476 ὄντος
2558 1413 2638 1475 εἰς
2666 1411 2727 1465 τὸ
2757 1409 2896 1465 εἷναι
2930 1413 3358 1483 παρεληλυθότα.
3379 1415 3491 1469 Καὶ
3522 1414 3713 1468 τούτου

2143 1519 2206 1572 γε
2237 1502 2508 1567 ἀπόδειξις
2538 1502 2819 1573 αὐτάρκης
2842 1502 2908 1555 ἐκ
2936 1502 3045 1555 τῶν
3079 1503 3365 1575 μακαρίων
3397 1504 3712 1559 ἀποστόλων

2142 1590 2354 1661 γένοιτο
2381 1589 2469 1653 ἂν,
2505 1591 2554 1644 οἳ
2588 1591 2680 1643 ὲπὶ
2720 1589 2820 1660 τῆς
2852 1589 2948 1643 τοῦ
2984 1591 3253 1645 Δεσπότου
3289 1592 3592 1664 παρουσίας
3620 1594 3716 1645 ἐπὶ

2096 1754 2101 1759 ἡ
2147 1676 2343 1747 μακρῷ
2379 1676 2458 1747 τῷ
2487 1677 2664 1748 χρόνῳ
2710 1678 3099 1746 συγγεγονότες
3144 1680 3313 1749 αὐτῷ,
3347 1682 3581 1752 Χριστὸν
3614 1681 3715 1751 μὲν

2143 1769 2306 1822 αὑτὸν
2325 1769 2657 1840 ὡμολόγουν,
2678 1768 2977 1838 ἐγνωκότες
3002 1770 3089 1824 διὰ
3115 1771 3317 1842 πολλῆς
3336 1773 3682 1839 διδασκαλίας
3696 1790 3711 1805 ·

470 1884 535 1923 ex
566 1868 736 1921 multo
777 1866 1094 1937 magisterio
1138 1864 1474 1932 didicerant;
1520 1864 1716 1920 Filium
1741 1857 1951 1934 tamen,
1982 1879 2041 1920 ea

2152 1859 2283 1913 Υίὸν
2329 1860 2386 1913 δὲ
2405 1902 2420 1925 ,
2454 1860 2576 1913 καθ’
2605 1859 2665 1913 ὃν
2693 1859 2829 1931 ἔφην
2857 1859 3034 1928 λόγον,
3069 1861 3204 1914 Θεοῦ
3235 1864 3334 1915 οὐκ
3378 1864 3676 1932 ἠπίσταντο
3697 1880 3711 1893 ·

471 1973 579 2029 qua
619 1957 734 2013 dixi
775 1958 1010 2020 ratione.
1058 1955 1154 2010 Dei
1184 1970 1306 2011 esse
1352 1956 1671 2011 nesciebant
1703 1976 1715 2011 :
1746 1957 1855 2011 nisi
1898 1956 2042 2026 quod

472 2034 818 2121 peculiariter
840 2049 932 2104 Dei
959 2048 1155 2103 Filium
1183 2047 1435 2103 dicebant
1461 2048 2044 2118 Christum,antiquio-

469 2157 589 2195 rmn
631 2156 784 2196 more
847 2147 1165 2196 sanctorum
1213 2147 1376 2209 atque
1413 2139 1707 2208 iustorum.
1747 2138 1887 2201 Hinc
1916 2137 2048 2192 Phi-

472 2228 653 2298 lippus
704 2227 936 2282 Domino
976 2226 1157 2282 aiebat
1204 2246 1215 2280 :
1271 2243 1290 2277 ‹
1343 2224 1580 2282 Ostende
1621 2228 1779 2283 nobis
1829 2227 2041 2282 Patrem

472 2327 650 2383 tuum,
678 2328 732 2374 et
764 2318 962 2373 sufﬁcit
1000 2318 1161 2373 nobis
1184 2317 1266 2384 “;
1310 2336 1329 2370 ›
1375 2318 1522 2391 quod
1550 2330 1834 2387 nunquam
1873 2318 2045 2382 (lixis-

472 2417 576 2475 set,
607 2411 653 2466 si
682 2410 905 2481 quinam
927 2418 1072 2467 esset
1095 2409 1287 2475 Filius,
1319 2393 1542 2480 quinam
1565 2411 1693 2465 item
1724 2410 1905 2477 Pater,
1937 2413 2043 2468 sci-

474 2500 671 2554 visset.
708 2500 926 2570 Alioqui
959 2501 1120 2569 plane
1146 2512 1375 2556 noverat
1400 2500 1733 2555 invisibilem
1758 2515 1881 2557 esse
1907 2501 2045 2556 divi-

468 2606 597 2645 nam
624 2600 895 2646 naturam.
943 2590 1098 2647 Unde
1125 2598 1179 2645 et
1218 2591 1480 2647 Dominus
1506 2591 1583 2646 illi
1614 2593 1787 2649 dixit:
1818 2612 1837 2645 ι
1867 2592 2044 2653 Tanto

470 2693 712 2754 tempore
744 2683 1023 2740 vobiscum
1055 2700 1201 2750 sum,
1235 2692 1289 2740 et
1313 2699 1424 2739 non
1453 2685 1759 2756 cognovisti
1783 2700 1889 2751 me,
1916 2685 2045 2740 Phi-

465 2776 612 2846 lippe
636 2776 681 2809 “
708 2794 721 2830 :
753 2794 772 2827 ι
798 2775 1113 2840 ostendens,
1135 2774 1282 2843 quod
1316 2791 1386 2831 ne
1415 2776 1593 2846 ipsum
1627 2774 1845 2843 quidem
1876 2790 2039 2847 agno-

467 2876 664 2928 sceret,
707 2882 869 2937 quem
903 2866 1047 2922 scire
1080 2866 1343 2936 putabat:
1384 2867 1615 2936 ideoque
1647 2866 1863 2921 Patrem
1904 2881 2042 2937 quo-

466 2973 577 3028 que
622 2958 805 3013 videre
851 2958 1122 3028 postulat,
1177 2957 1573 3027 impossibilem
1628 2972 1741 3013 rem
1793 2958 2041 3028 cupiens.

470 3050 668 3105 Subdit
693 3064 825 3121 ergo
848 3049 1114 3104 Dominus
1140 3067 1154 3103 :
1195 3068 1214 3102 ι
1244 3049 1348 3115 Qui
1373 3049 1519 3104 videt
1549 3066 1654 3114 me,
1688 3051 1836 3105 videt
1863 3058 1916 3106 et
1939 3050 2044 3105 Pa-

469 3150 609 3195 trem
650 3155 832 3196 meum
855 3141 944 3195 εστ
989 3161 1007 3194 ι
1043 3142 1340 3198 ostendens
1380 3156 1458 3207 se,
1498 3144 1566 3196 ad
1596 3140 1851 3201 deitatem
1896 3144 2042 3213 quod

2146 1950 2284 2022 πλὴν
2309 1952 2431 2004 ὅσον
2459 1951 2600 2005 κατά
2641 1951 2915 2005 οίκείωσιν
2946 1951 3130 2021 έλεγον
3162 1952 3295 2006 Θεοῦ
3327 1954 3440 2007 υἱὸν
3472 1954 3560 2007 τὸν
3582 1956 3715 2027 Χρι-

2146 2043 2269 2096 στὸν
2320 2042 2460 2096 κατά
2493 2043 2553 2095 τὸ
2598 2041 2705 2097 τῶν
2736 2041 2967 2113 πρόσθεν
3018 2042 3137 2106 ἔθος
3180 2043 3349 2111 ἁγίων
3389 2062 3448 2098 τε
3494 2046 3589 2099 καὶ
3633 2046 3712 2099 δι-

2144 2132 2315 2186 καίων
2366 2131 2501 2201 (61).
2578 2130 2859 2184 Ἐντεῦθεν
2893 2133 2921 2183 ό
2952 2129 3216 2195 Φίλιππος
3260 2132 3405 2201 λέγει
3445 2134 3579 2204 πρὸς
3623 2133 3717 2189 τόν

2143 2221 2611 2293 Κύριον’(Δεῖξον
2646 2224 2779 2294 ἡμῖν
2821 2224 2911 2277 τὸν
2961 2224 3181 2296 Πατέρα
3224 2241 3340 2289 σου,
3395 2226 3488 2278 καὶ
3555 2226 3719 2293 ἀρκεῖ

2141 2317 2273 2385 ἡμῖν
2291 2307 2446 2364 ἰοὺκ
2467 2315 2532 2371 ἄν
2563 2332 2626 2384 γε
2654 2314 2813 2369 τοῦτο
2840 2314 3008 2368 εἰπὼν
3055 2317 3104 2370 εἰ
3136 2317 3398 2387 ἠπίστατο
3416 2358 3430 2382 ,
3461 2317 3542 2381 τίς
3569 2318 3669 2387 μὲν
3689 2320 3718 2373 ό

2144 2405 2291 2470 Υίδς,
2320 2406 2404 2469 τίς
2430 2405 2489 2458 δὲ
2515 2408 2543 2459 ό
2571 2407 2759 2477 Πατήρ
2784 2425 2796 2437 ο
2835 2406 3101 2477 ἠπίστατο
3144 2406 3253 2479 γὰρ
3294 2409 3527 2472 πάντως,
3556 2409 3630 2471 ὡς
3659 2408 3718 2463 δὲ

2143 2497 2369 2551 ἀθέατον
2412 2499 2444 2567 ἡ
2487 2497 2608 2551 θεία
2650 2499 2948 2571 φύσιςζα).
2981 2500 3110 2567 Ml)
3157 2500 3279 2554 ὅθεν
3314 2502 3407 2554 καὶ
3454 2503 3482 2555 ὁ
3512 2501 3719 2572 Κύριος

2144 2588 2294 2661 λέγει
2323 2587 2460 2657 πρὸς
2486 2587 2675 2642 αὐτόν⁹
2706 2609 2722 2641 ι
2753 2589 3021 2644 Τοσοῦτον
3044 2592 3232 2663 χρόνον
3258 2592 3373 2663 μεθ’
3405 2593 3557 2664 ὑμῶν
3579 2594 3716 2663 εἰμι,

2144 2683 2238 2736 καὶ
2262 2682 2363 2735 οὐκ
2395 2680 2641 2749 έγνωκάς
2670 2698 2736 2752 με
2759 2721 2773 2745 ,
2806 2681 3070 2750 Φίλιππες
3096 2681 3332 2746 »δεικνὺς
3355 2685 3436 2738 ὅτι
3462 2685 3585 2739 οὐδὲ
3615 2687 3717 2739 αὐ-

2142 2772 2234 2825 τὸν
2265 2770 2550 2841 ἠπίστατο.
2585 2769 2645 2824 ὃν
2669 2771 2866 2827 ειδέναι
2894 2771 3052 2844 ᾤετο.
3080 2774 3193 2827 Καὶ
3219 2775 3410 2829 τούτου
3443 2794 3504 2846 γε
3533 2776 3720 2832 ἕνεκεν

2146 2861 2362 2916 καὶτὸν
2405 2862 2624 2934 Πατέρα
2658 2862 2788 2916 ἰδεῖν
2838 2865 3019 2930 αἰτεῖ,
3068 2867 3394 2937 πράγματος
3437 2869 3722 2939 ἐφιέμενος

2144 2952 2405 3006 ἀδυνάτου
2438 2968 2452 2984 ·
2485 2953 2682 3023 ἐπάγει
2709 2954 2840 3023 γοῦν
2861 2972 2874 2986 ·
2907 2974 2927 3007 ‹
2975 2957 3034 3010 ’0
3070 2958 3330 3029 ἑωρακὼς
3357 2962 3475 3030 ἐμὲ,
3508 2961 3722 3031 ἑώρακε

2144 3043 2236 3097 τὸν
2277 3044 2525 3116 Πατέρα’
2575 3065 2595 3097 ι
2632 3045 2842 3111 δεικνὺς
2876 3048 2956 3101 δτι
2994 3048 3133 3102 κατά
3159 3050 3256 3119 τὴν
3286 3048 3514 3122 θεότητα
3555 3050 3721 3106 τοῦτὸ

2146 3136 2294 3209 ἐστιν
2326 3136 2463 3206 ὅπερ
2492 3136 2534 3189 ’ὁ
2578 3135 2768 3209 Πατὴρ
2788 3179 2802 3205 ,
2854 3138 3080 3203 ἀθέατος
3119 3140 3319 3206 ὁμοίως
3369 3142 3560 3212 ἐκείνῳ
3580 3183 3594 3207 ,
3626 3144 3725 3195 καὶ

468 3232 684 3297 attinet,
711 3231 962 3288 eumdem
992 3246 1117 3288 esse
1144 3247 1209 3287 ac
1252 3230 1489 3299 Patrem,
1539 3232 1866 3297 invisibilem
1895 3235 2041 3305 pari-

2152 3225 2276 3296 όψις
2304 3227 2444 3298 αὑτὴ
2474 3228 2682 3282 ἐκείνου
2712 3232 2746 3301 ἢ
2769 3230 2864 3282 καὶ
2887 3229 3102 3284 τούτου.
3136 3231 3246 3285 Καὶ
3274 3231 3505 3304 ἑτέρωθι
3535 3232 3591 3286 δὲ
3622 3250 3724 3287 σα-

468 3328 556 3374 ter
589 3337 604 3374 :
643 3318 1011 3390 eamdemque
1039 3334 1163 3375 esse
1187 3321 1473 3390 utriusque
1496 3331 1871 3391 conspectum.
1901 3309 2041 3379 Alibi

471 3422 599 3463 vero
627 3406 972 3464 manifestius
997 3408 1137 3464 dixit
1168 3408 1276 3465 illis
1302 3407 1568 3464 Dominus
1595 3428 1608 3464 :
1639 3429 1657 3462 ι
1690 3409 1814 3465 Haec
1842 3412 1897 3469 in
1918 3425 2045 3481 pro-

468 3501 675 3557 verbiis
699 3501 914 3571 locutus
944 3516 1065 3557 sum
1090 3500 1277 3569 vobis;
1308 3501 1401 3557 sed
1434 3502 1577 3556 venit
1611 3502 1746 3558 hora
1776 3516 1901 3557 cum
1929 3503 2044 3573 jam

468 3609 578 3649 non
596 3595 649 3649 in
668 3593 977 3665 proverbiis
1000 3593 1193 3663 loquar
1209 3593 1384 3656 vobis,
1402 3593 1497 3649 sed
1515 3601 1701 3663 aperte
1723 3594 1936 3650 Patrem
1957 3610 2047 3659 vo-

468 3685 553 3739 bis
574 3684 906 3739 annuntiabo
927 3684 970 3716 "
992 3703 1005 3738 :
1029 3703 1049 3737 ι
1071 3684 1385 3756 significans
1401 3684 1543 3754 quod
1570 3694 1826 3753 tanquam
1846 3685 1899 3739 in
1913 3687 2044 3740 aeni-

468 3785 645 3849 gmate
655 3774 835 3832 Patris
846 3777 1167 3831 vocabulum
1189 3774 1496 3839 audierant,
1513 3774 1582 3831 de
1596 3783 1791 3829 natura
1804 3775 2043 3831 humana

471 3867 772 3929 secundum
817 3866 1061 3921 eamdem
1098 3867 1420 3921 relationem
1466 3866 1519 3920 id
1559 3865 1957 3936 intelligentes;
1989 3873 2045 3920 at

475 3965 663 4025 postea
693 3970 883 4011 verum
926 3954 1021 4009 Dei
1054 3954 1253 4009 Filium
1283 3955 1445 4025 292
1480 3956 1764 4026 agnituros
1786 3955 1954 4010 Deum
1978 3971 2044 4011 ex

478 4047 611 4114 Deo,
646 4046 1083 4104 substantialiter
1112 4062 1178 4102 ex
1212 4047 1333 4117 ipso
1364 4047 1740 4112 exsistentem,
1775 4047 2046 4103 eamdem-

2154 3317 2417 3393 φὲστερον
2456 3320 2596 3390 πρὸς
2633 3319 2830 3384 αὐτοὺς
2864 3321 2892 3373 ὁ
2926 3320 3131 3393 Κύριος
3169 3321 3353 3390 λέγει·
3394 3341 3413 3373 ι
3449 3324 3634 3377 Ταῦτα
3664 3326 3725 3377 ἐν

2155 3410 2475 3481 παροιμίαις
2496 3410 2764 3482 λελάληκα
2786 3410 2934 3483 ὑμῖν,
2956 3412 3072 3465 ἀλλ’
3097 3412 3315 3484 ἔρχεται
3346 3414 3465 3486 ὥρα
3493 3416 3581 3469 ὅτε
3601 3416 3730 3471 οὐκ·

2153 3498 2235 3553 έτι
2287 3502 2343 3552 ὲν
2389 3500 2708 3571 παροιμίαις
2759 3500 2975 3573 λαλήσω
3024 3501 3192 3574 ὑμῖν,
3253 3504 3388 3558 ἀλλά
3443 3506 3735 3578 παρρησίᾳ

2154 3590 2394 3662 περὶτοῦ
2418 3592 2629 3663 Πατρὸς
2661 3593 2959 3663 ἀπαγγελῶ
2978 3595 3108 3665 ὑμῖν
3127 3613 3139 3627 ·
3170 3615 3188 3648 ι
3219 3596 3434 3660 δεικνὺς
3457 3598 3538 3651 ὅτι
3565 3597 3640 3661 ὡς
3665 3600 3730 3651 ὲν

2154 3683 2435 3754 αἰνίγματι
2481 3683 2579 3755 τὴν
2626 3683 2719 3737 τοῦ
2764 3686 2977 3758 Πατρὺς
3016 3687 3212 3757 ἤκουον
3259 3688 3462 3760 φωνὴν.
3504 3691 3596 3743 ἐπὶ
3626 3691 3729 3761 τῆς

2153 3771 2497 3845 ἀνθρωπείας
2527 3774 2742 3845 φύσεως
2776 3778 2918 3831 κατὰ
2944 3778 3127 3848 σχέσιν
3154 3778 3323 3850 αὐτὴν
3356 3781 3732 3852 ἐκλαμϐάνον-

2153 3884 2262 3931 τες,
2299 3866 2599 3937 γνώσονται
2631 3868 2688 3923 δὲ
2715 3869 2929 3941 ἀληθῶς
2957 3871 3084 3924 Υίὺν
3106 3873 3183 3926 ὅτ’
3213 3873 3280 3926 ἂν
3309 3874 3476 3942 γνῶσι
3508 3874 3637 3928 Θεὸν
3661 3877 3730 3929 ὲκ

2152 3957 2289 4012 Θεοῦ
2319 3960 2437 4013 κατ’
2466 3960 2654 4013 οὐσίαν
2691 3961 2819 4013 avra
2854 3961 2911 4027 ἐξ
2944 3961 3108 4016 αὑτοῦ
3130 4003 3143 4026 ,
3174 3964 3267 4016 καὶ
3291 3963 3448 4017 τοῦτο
3471 3964 3598 4018 ὄντα
3626 3964 3732 4036 τὴν

2156 4051 2342 4105 οὐσίαν
2368 4051 2504 4122 ὅπερ
2531 4053 2753 4116 ἐκεῖνος.
2794 4053 2856 4105 Ei
2881 4053 2936 4106 δὲ
2965 4055 3013 4107 οἱ
3048 4053 3324 4125 προφῆται
3348 4058 3439 4109 καὶ
3469 4057 3518 4110 οἱ
3554 4057 3732 4129 πρόσ-

541 4210 588 4243 ""
624 4208 783 4265 Joan.
834 4225 945 4277 xtv,
986 4210 1043 4266 8.
1115 4209 1161 4241 “
1192 4208 1328 4264 lhid.
1361 4211 1412 4266 9.
1490 4211 1536 4243 “
1572 4211 1712 4297 ibid.
1789 4209 1833 4242 "’
1867 4207 2023 4265 Joan.
2065 4225 2175 4277 xvi,
2211 4209 2303 4264 25.

469 4365 591 4424 non}
633 4350 783 4424 inter
821 4367 916 4408 eos
960 4360 1213 4410 auctores
1249 4356 1340 4424 qui
1370 4332 1456 4410 ex
1507 4354 1628 4411 Vct.
1676 4355 2027 4411 Testamento

471 4419 591 4495 Filii
617 4420 956 4495 divinitatem
980 4419 1353 4495 aStruseru'nt.
1378 4424 1497 4480 Jatn
1523 4441 1766 4495 prtcsens
1791 4426 2027 4480 invectio

471 4492 705 4565 fortasse
740 4491 806 4565 fit
827 4492 1095 4565 adversus
1142 4491 1569 4565 Hieronymum,
1601 4497 1697 4565 qui
1741 4495 2024 4551 Christum

2133 4357 2202 4411 sit
2260 4371 2351 4422 per
2408 4362 2799 4424 sacramentum
2848 4355 3258 4424 regenerationis
3324 4356 3381 4407 in
3427 4353 3570 4424 [ilius
3630 4353 3732 4424 Dei

2134 4427 2326 4480 nasci?
2351 4423 2409 4479 Si
2442 4423 2730 4479 secundum
2770 4422 2919 4477 Itane
2954 4426 3394 4493 nuncupationem
3425 4422 3474 4475 F
3478 4424 3600 4477 ilius
3630 4423 3733 4480 Dei

2139 4496 2389 4551 Christus
2437 4507 2535 4558 est,
2582 4493 3015 4574 interrogo_quid
3054 4493 3197 4574 illud
3244 4495 3333 4574 sit.
3363 4494 3513 4574 quod
3568 4493 3731 4574 Petro

472 4562 757 4636 Ilorninum
794 4561 898 4636 hoc
932 4563 1055 4617 loco
1085 4561 1364 4636 agnoscit:
1406 4564 1468 4617 Et
1502 4561 1720 4636 quidem
1755 4580 2035 4636 oppugna—
2068 4565 2114 4621 D
2149 4584 2166 4615 ι
2204 4582 2307 4636 non
2342 4580 2465 4636 caro
2495 4580 2654 4636 neque
2685 4561 2911 4636 sanguis
2930 4564 3196 4636 reuelauit,
3228 4563 3517 4636 >s_ed_P_ater
3543 4565 3639 4636 qui
3671 4565 3732 4620 in

469 4638 583 4706 tum
622 4630 791 4686 fuisse
813 4629 922 4706 al_io
951 4629 1167 4706 opere}
1197 4629 1582 4706 Mopsuesteno
1616 4629 2032 4706 Hieronjm'um,

469 4701 815 4754 demonstrat
839 4700 1084 4772 Cavaeus.
1111 4700 1434 4772 Quanquam
1465 4705 1510 4759 si
1542 4702 1782 4759 fortasse
1813 4700 2037 4758 nonnisi

471 4775 968 4843 Grazcos‘auctores
995 4770 1208 4840 legebat
1232 4770 1322 4843 hij:
1354 4782 1561 4843 noster,
1590 4774 1788 4843 respici
1822 4775 1891 4827 ab
1919 4775 2039 4843 ipso

472 4847 605 4907 puto
633 4837 715 4891 vel
765 4837 1113 4918 llippqutum
1161 4842 1241 4894 vel
1272 4837 1561 4918 Oi'igenenj
1597 4837 1704 4918 vel:
1718 4837 2037 4918 Didymuln,

473 4906 617 4981 quos
647 4906 890 4975 appellat
924 4906 1397 4981 Hieronymusin'
1421 4912 1577 4981 prmi.
1635 4912 1704 4965 ad
1739 4906 1904 4966 Zarh.
1936 4911 2041 4966 De-

473 4978 644 5053 nique
686 4992 794 5053 non
824 4986 911 5030 est
946 4978 1444 5053 dissimulandum,
1486 4983 1590 5053 abs
1614 4982 1947 5053 Hieronymo
1973 4981 2038 5034 ad

471 5045 609 5122 Dan.
634 5046 803 5122 x,_2l.
827 5061 926 5122 sit,
950 5048 1006 5122 _i_,
1032 5049 1470 5122 nonAChristum,
1498 5045 1869 5122 sedangeluin
1900 5053 2040 5122 apud

480 5116 801 5193 zachariam
823 5116 1088 5189 intelligi,
1119 5118 1263 5193 sicut
1291 5122 1455 5193 etiam
1482 5135 1517 5193 a
1551 5116 1916 5188 Theodoreto,
1936 5116 2039 5193 'qui

472 5187 857 5256 Mopsuesteno
885 5187 1079 5253 nostro
1105 5191 1246 5245 solet
1280 5191 1650 5245 subscribere.

542 5258 653 5330 (6|)
683 5256 1473 5330 Mopsuesteniiinterpretatio
1515 5274 1628 5315 nzec
1668 5276 1773 5315 non
1815 5271 1899 5330 est
1948 5261 2043 5314 ad-

471 5328 734 5383 mittenda
756 5328 809 5380 in
840 5328 1185 5385 confessione
1211 5328 1356 5384 certe
1382 5329 1527 5386 Petri
1554 5349 1565 5384 :
1608 5330 1686 5383 Tu
1722 5348 1775 5385 es
1805 5329 2046 5387 Christus

478 5393 653 5451 Filius
683 5397 778 5452 Dei
808 5400 927 5464 vivi,
977 5411 1086 5454 etc.
1137 5398 1345 5453 Etenim
1379 5399 1438 5454 S.
1487 5399 1728 5456 Hilarius
1773 5400 1852 5454 De
1894 5401 2041 5455 Trin.

470 5481 552 5545 vi,
588 5466 861 5545 ﬁtiill’on
907 5479 1007 5545 est,
1062 5470 1271 5545 inquit,
1319 5471 1616 5545 evangelica
1662 5482 1709 5525 et
1757 5472 2045 5540 apostolica

469 5535 620 5611 fides,
658 5535 858 5611 Filium
902 5537 997 5611 Dei
1035 5535 1244 5611 nurnine
1282 5535 1645 5611 potius"quam
1688 5535 1880 5605 natura
1931 5558 2044 5595 ere-

466 5604 698 5680 didisse._
736 5605 795 5659 Si
829 5610 985 5680 enim
1031 5604 1310 5678 adoptione
1353 5611 1463 5665 ha’c
1499 5604 1830 5680 nuncupatio
1870 5622 1966 5673 est.
1997 5622 2046 5664 et

468 5690 572 5751 non
595 5674 789 5751 idcirco
817 5674 865 5728 Ρ
868 5677 990 5751 ilius
1016 5688 1114 5751 est,
1134 5674 1259 5748 quia
1286 5681 1471 5735 exierit
1494 5696 1525 5733 o
1550 5674 1695 5744 Deoj
1712 5698 1889 5751 quer
1912 5683 2048 5736 unde

468 5742 657 5819 beatus
682 5745 863 5819 Simon
906 5742 1155 5816 Barjona'
1192 5763 1266 5803 est
1321 5751 1591 5819 confessus
1616 5767 1634 5801 :
1672 5742 1751 5804 Τίι
1799 5769 1853 5805 es
1889 5751 2046 5807 Clui-

467 5822 581 5883 ρεαδ
615 5815 789 5871 Filius
842 5819 936 5872 Dei
980 5815 1115 5875 vivi?
1162 5820 1308 5874 Anne
1364 5815 1479 5881 cum
1531 5823 1770 5876 omnibus
1813 5833 2044 5892 potestas

2145 4635 2289 4688 caelis
2324 4635 2441 4689 est?
2478 4653 2496 4684 ι
2532 4631 2804 4688 Generalis
2847 4633 3103 4701 professio
3147 4632 3271 4703 quid
3318 4631 3470 4687 habet
3512 4631 3734 4691 meriti?

2142 4716 2232 4756 aut
2257 4720 2372 4773 qua:
2398 4702 2731 4773 reuelationis
2754 4712 2830 4757 est
2851 4702 3023 4772 gloria
3044 4704 3098 4756 in
3127 4702 3337 4772 publica
3365 4704 3687 4773 conscientia
3708 4709 3735 4748 7

2143 4772 2206 4827 Si
2235 4771 2299 4826 ea:
2328 4773 2607 4841 adoptione
2635 4771 2812 4841 Filius
2844 4771 2941 4834 est,
2979 4771 3133 4826 unde
3157 4773 3267 4825 [nec
3300 4774 3354 4825 in
3386 4771 3543 4826 Petro
3573 4772 3734 4828 beata

2142 4844 2402 4912 confessio
2426 4842 2660 4912 astu/ioc
2687 4840 2830 4895 Filio
2868 4842 3126 4911 deferenti
3173 4843 3310 4912 quod
3343 4851 3419 4896 est
3455 4858 3735 4899 commune

2143 4909 2490 4967 sanctorum?
2528 4909 2682 4965 Ultra
2711 4909 2999 4966 humanam
3033 4909 3209 4967 autent
3236 4913 3639 4981 intelligentiam
3673 4931 3735 4969 se

2143 4983 2274 5052 ﬁdes
2311 4981 2600 5052 apostolica
2652 4983 2940 5052 protendit.
2990 4982 3172 5050 Pergit
3218 4982 3326 5036 alia
3378 4982 3576 5052 ibidem
3615 4997 3735 5035 cu—

2144 5051 2351 5107 mulare
2383 5051 2793 5122 Hilarius,qua2
2819 5053 3053 5107 breviter
3078 5054 3164 5107 hic
3199 5051 3564 5122 recitarirnon
3601 5067 3733 5121 pos-

2145 5132 2293 5178 sunt.
2339 5121 2617 5192 Consonat
2684 5121 2863 5177 autem
2926 5122 3353 5192 llilarioAaltera
3411 5121 3731 5192 dogmatum

2146 5193 2294 5247 basis
2343 5190 2401 5247 S.
2457 5192 2788 5248 Athanasius
2837 5192 2915 5246 De
2957 5203 3089 5246 sent.
3136 5189 3405 5261 Dionysii,
3448 5189 3615 5261 nIA8,
3661 5200 3735 5261 iet

2147 5262 2344 5318 Contra
2371 5262 2601 5316 Arianos
2636 5271 2778 5318 orat.
2813 5261 2877 5327 ll,
2920 5277 2976 5317 η.
3018 5262 3104 5319 18.
3139 5261 3228 5325 62,
3259 5258 3314 5314 εἰ
3342 5260 3489 5315 alibi.
3525 5258 3617 5315 Sic
3640 5260 3736 5316 de-

2147 5336 2309 5404 nique
2343 5331 2486 5404 Petri
2525 5334 2689 5387 verba
2714 5333 2781 5387 de
2818 5330 3226 5404 naturalifilio
3271 5329 3364 5386 Dei
3395 5328 3735 5404 Christodi-

2147 5400 2238 5457 cla
2275 5403 2659 5457 intellexerunt
2698 5410 2997 5458 summates
3025 5402 3113 5454 alii
3150 5402 3338 5455 Patres
3380 5400 3731 5469 Ambrosius,

2147 5472 2513 5547 Augustinus,
2536 5471 2806 5547 Cyrillus,
2838 5471 3286 5547 Chrynsostomus,
3322 5484 3462 5539 quos
3505 5468 3737 5547 Tirinus

2148 5540 2415 5596 intemerat
2444 5542 2513 5594 ad
2540 5540 2735 5599 Matth.
2768 5558 2879 5602 xw,
2926 5540 3012 5595 16.
3057 5540 3165 5596 Nos
3208 5540 3375 5610 igitur
3417 5541 3738 5610 necessario

2149 5614 2291 5671 hanc
2338 5612 2586 5666 criticum
2653 5612 3058 5669 adnotationem
3125 5610 3431 5665 faciendam
3471 5609 3739 5679 judicavi-

2150 5698 2301 5751 ntus,
2342 5682 2644 5750 praesertim
2675 5681 2798 5751 quia
2841 5680 3065 5736 Graccus
3111 5680 3459 5751 scholiastes,
3489 5680 3580 5750 qui
3623 5679 3734 5751 alia

2150 5754 2216 5875 inl
2259 5750 2641 5875 illitipsuesteno
2685 5749 2909 5817 notavit,
2955 5752 3089 5805 nihil
3140 5752 3243 5805 hoc
3283 5750 3361 5805 in'
3398 5749 3518 5805 loco
3555 5749 3735 5803 anim-

2153 5839 2198 5875 ὲὶι
2226 5837 2316 5875 ver
2345 5838 2356 5873 l
2390 5860 2403 5874 .

2153 5831 2403 5876 ειιινριίιι.
