4118 6470
281 413 401 469 505

1240 415 1803 475 COMMENTARIUS
1833 416 1901 472 IN
1942 415 2318 472 ZACHARIE
2362 417 2519 473 CAP.
2562 417 2601 475 ι.

3485 428 3591 484 506

283 530 389 585 θεν
435 529 504 603 δὴ
544 532 747 597 πάντες
783 532 1080 602 ἠπίσταντο
1125 534 1347 608 Πατέρα
1375 537 1471 591 καὶ
1507 537 1655 603 Υἱὸν,
1698 539 1794 592 καὶ
1819 537 1888 609 δὴ

2019 553 2105 607 lue
2134 536 2314 593 Patris
2349 539 2717 595 substantiam
2751 539 3063 597 habentem.
3094 540 3252 609 Quod
3285 542 3333 599 si
3362 548 3601 615 prephe-

286 624 455 677 τοῦτο
500 624 565 677 ὲκ
607 622 718 678 τῶν
754 624 916 680 θείων
957 626 1301 681 ἐδιδάσκοντο
1334 628 1591 700 Γραφῶν,
1643 628 1751 700 πρὸ
1780 628 1891 682 τῶν

286 716 475 770 ἄλλων
515 715 717 788 ᾔδεσαν
754 718 823 773 ἂν
853 720 905 772 οἱ
941 718 1232 774 ἀπόστολοι
1269 721 1430 775 τοῦτο
1454 738 1469 753 ·
1503 720 1619 776 ἀλλ’
1663 720 1889 792 εὔδηλον

282 802 368 867 ὡς
401 805 505 857 οὐκ
555 805 781 876 ᾔδεσαν,
828 807 1032 880 ἔμαθον
1058 809 1116 863 δὲ
1145 811 1388 882 ὁπηνίκα
1427 811 1521 865 τοῦ
1571 812 1891 882 Πνεύματος

284 896 494 951 ἔλαϐον
526 898 630 970 τὴν
672 900 836 972 χάριν
871 903 1208 975 φοιτήσασαν
1241 906 1329 958 ἐπ’
1374 905 1570 969 αὐτοὺς
1622 905 1761 975 μετὰ
1794 904 1892 975 τὴν

284 989 376 1051 εἰς
399 988 667 1060 οὐρανοὺς
688 989 877 1045 ἄνοδον
900 992 994 1045 τοῦ
1021 994 1297 1048 Δεσπότου
1320 995 1579 1065 Χριστοῦ.
1609 994 1771 1049 Ὅθεν
1798 995 1892 1049 καὶ

285 1084 318 1134 6
342 1083 557 1155 Κύριός
579 1101 714 1156 φησι
736 1086 875 1158 πρὸς
901 1089 1121 1153 αὐτοὺς,
1151 1108 1170 1140 ι
1207 1089 1331 1143 Ἔτι
1360 1088 1533 1142 πολλὰ
1555 1088 1663 1157 ἔχω
1689 1088 1889 1156 λέγειν,

291 1172 413 1226 ἀλλ’
443 1172 507 1228 οὐ
527 1173 759 1230 δύνασθε
784 1176 1078 1247 βαστάζειν
1104 1178 1249 1250 ἄρτι·
1283 1179 1361 1233 ὅτ’
1388 1180 1454 1233 ἂν
1480 1178 1537 1233 δὲ
1559 1178 1686 1250 ἔλθῃ
1718 1180 1892 1231 έκεῖνο

290 1265 354 1317 τὸ
391 1264 624 1336 Πνεῦμα
645 1267 751 1338 τῆς
774 1268 1082 1341 ἀληθείας,(
1111 1287 1164 1342 p.
1194 1271 1324 1340 442)
1351 1270 1610 1343 ὁδηγήσει
1643 1272 1786 1341 ὑμᾶς
1812 1273 1892 1334 εἰς

297 1358 492 1413 πᾶσαν
520 1358 622 1430 τὴν
650 1361 929 1433 ἀλήθειαν.
965 1381 985 1415 ι
1021 1364 1084 1417 Ei
1109 1364 1167 1418 δὲ
1192 1364 1292 1434 τὴν
1331 1364 1565 1436 θεότητα
1590 1365 1686 1417 τοῦ
1715 1366 1891 1418 Μονο-

293 1450 495 1518 γενοῦς
539 1453 842 1522 ἠπίσταντο
865 1495 880 1518 ,
912 1456 1007 1509 καὶ
1042 1455 1106 1527 δὴ
1142 1456 1239 1509 καὶ
1279 1456 1500 1526 Πατέρα
1526 1456 1620 1509 τὸν
1648 1456 1724 1520 ὡς
1760 1455 1894 1510 Θεὸν

288 1542 437 1596 Θεοῦ
468 1544 712 1617 Πατέρα,
755 1546 807 1599 τί
835 1547 902 1614 δὴ
940 1546 1146 1602 τούτων
1175 1546 1362 1618 μεῖζον
1403 1544 1490 1618 ἦν,
1526 1547 1555 1601 ὃ
1598 1548 1893 1619 μανθάνειν

294 1636 536 1707 ἥμελλον
557 1637 817 1710 ὖστερονς
847 1639 959 1711 Τὴν
979 1640 1159 1694 τοίνυν
1177 1638 1408 1710 θεότητα
1436 1640 1531 1694 τοῦ
1558 1638 1895 1708 Μονογενοῦς

288 1730 426 1783 οὔτε
448 1730 722 1802 ἠπίστατό
744 1748 830 1796 τις
848 1732 959 1786 τῶν
983 1732 1092 1802 πρὸ
1113 1732 1213 1803 τῆς
1240 1730 1334 1785 τοῦ
1359 1733 1629 1786 Δεσπότου
1655 1731 1893 1804 Χριστοῦ

294 1824 629 1896 παρουσίας,
661 1823 787 1878 οὔτε
820 1841 903 1890 τις
928 1824 1038 1878 τῶν
1065 1824 1362 1897 προφητῶν
1391 1825 1521 1894 περὶ
1547 1824 1753 1895 ταύτης
1775 1825 1893 1879 δια-

293 1915 521 1983 λέγεται
555 1915 692 1985 (62).
1522 1948 1528 1954 -

387 2007 541 2059 Ἐπεὶ⁹
585 2008 808 2060 κάκεῖνο
845 2008 1026 2079 πάσης
1071 2008 1258 2071 ἀνοίας
1302 2009 1420 2063 ἐστὶ
1456 2009 1674 2081 μεστὸν,
1708 2007 1902 2080 ἀληθέ-

298 2114 499 2162 στερον
539 2096 598 2150 δὲ
636 2099 833 2161 εἰπεῖν,
871 2099 1320 2170 φρενοϐλαϐείας,
1370 2100 1432 2154 τὸ
1486 2100 1664 2170 λέγειν
1701 2102 1782 2154 ὅτι
1825 2100 1902 2153 ὅτ’

295 2188 369 2243 ἂν
397 2187 632 2257 ἀγγέλου
673 2205 734 2242 τε
763 2188 1040 2261 μέμνηται
1080 2190 1174 2243 καὶ
1218 2188 1439 2261 Κυρίου,
1471 2189 1614 2244 κατά
1646 2188 1835 2243 τοῦτον
1870 2190 1904 2262 ἡ

300 2278 519 2333 Παλαιὰ
557 2279 649 2332 τὸν
692 2280 819 2333 Υἱὸν
847 2279 940 2334 τοῦ
978 2279 1115 2334 Θεοῦ
1147 2280 1332 2350 λέγει·
1362 2281 1455 2346 οὓς
1483 2281 1652 2352 ὲχρῆν
1685 2283 1906 2351 αἰσχυν-

300 2371 472 2442 θῆναι
504 2370 654 2441 γοῦν,
683 2370 778 2426 τοῦ
825 2373 1097 2444 μακαρίου
1146 2372 1358 2427 Παύλου
1401 2373 1502 2445 τὴν
1539 2373 1724 2444 φωνὴν
1764 2372 1905 2427 διαι-

305 2462 533 2535 ροῦντος
576 2465 643 2517 ὲκ
682 2463 791 2519 τῶν
831 2464 1079 2536 ἀγγέλων
1120 2465 1214 2519 τὸν
1256 2465 1408 2533 Υίὸν,
1453 2466 1548 2519 καί
1597 2465 1907 2529 δεικνύντος

303 2557 386 2619 ὡς
423 2554 615 2609 τούτου
658 2573 720 2610 τε
770 2557 1024 2611 κάκείνου
1054 2558 1116 2612 τὸ
1153 2558 1316 2630 μέσον
1354 2559 1472 2612 ἐστὶ
1508 2559 1603 2613 καὶ
1631 2554 1935 2626 τοσοῦτον,Δ

303 2649 434 2701 ὅσον
465 2664 529 2717 γε
558 2648 826 2721 ὑπηρέτου
870 2651 964 2704 καὶ
1008 2652 1302 2706 Δεσπότου.
1339 2651 1501 2721 Λέγει
1543 2651 1674 2721 γοῦν
1704 2649 1906 2716 οὕτως·

314 2760 333 2792 ι
377 2738 489 2793 Καὶ
524 2738 659 2813 πρὸς
696 2742 796 2813 μὲν
835 2743 961 2808 τοὺς
988 2744 1251 2813 ἀγγέλους
1284 2744 1452 2814 λέγει,
1490 2746 1548 2799 Ὁ
1580 2745 1750 2799 ποιῶν
1782 2745 1910 2811 τοὺς

308 2830 579 2898 ἀγγέλους
623 2832 788 2886 αὐτοῦ
848 2835 1137 2907 πνεύματα
1160 2876 1175 2903 ,
1236 2836 1332 2891 καὶ¹
1382 2838 1509 2903 τοὺς
1564 2838 1912 2911 λειτουργοὺς

308 2922 480 2977 αὐτοῦ
531 2923 702 2997 πυρὸς
738 2923 942 2995 φλόγα·
985 2946 1003 2978 ι
1031 2927 1169 2999 πρὸς
1212 2928 1271 2982 δὲ
1310 2928 1405 2984 τὸν
1434 2930 1584 2995 Υίὸν,
1622 2949 1641 2982 ι
1686 2932 1745 2985 '0
1789 2932 1914 3004 θρό-

307 3032 405 3079 νος
452 3033 570 3083 σου,
623 3019 654 3071 ὁ
711 3017 878 3085 Θεὸς,
924 3020 1006 3084 είς
1048 3020 1139 3074 τὸν
1183 3018 1356 3075 αίῶνα
1398 3022 1493 3076 τοῦ
1534 3023 1762 3089 αἰῶνος·
1813 3027 1912 3097 ρά-

309 3109 439 3174 ϐδος
477 3110 772 3183 εὐθύτητος
819 3113 853 3184 ἡ
898 3112 1091 3185 ῥάϐδος
1134 3115 1234 3184 τῆς
1277 3114 1553 3186 βασιλείας
1592 3134 1706 3184 σου,
1753 3136 1772 3169 ι
1808 3117 1915 3171 δει-

310 3205 447 3269 κνὺς
482 3204 680 3259 ὁπόσον
730 3206 848 3260 ἐστὶ
898 3206 960 3260 τὸ
999 3208 1277 3280 διάφορον,
1322 3209 1454 3263 Υίοῦ
1500 3227 1561 3263 τε
1605 3212 1699 3265 καὶ
1743 3212 1913 3281 ἀγγέ-

1999 640 2069 685 tte
2090 641 2145 687 et
2166 631 2243 687 illi
2277 641 2487 687 veteres
2509 633 2696 687 cuncti
2720 634 3005 690 novissent
3028 632 3246 691 Patrem
3280 652 3342 692 ac
3367 636 3589 704 Filium,

1999 723 2167 793 idque
2203 737 2234 777 a
2276 724 2484 781 divinis
2524 723 2832 794 Scripturis
2872 726 3054 781 edocti
3083 727 3365 793 .fuissent,
3403 731 3594 799 utique

1998 816 2231 886 apostoli
2276 832 2390 887 prae
2436 817 2654 873 caeteris
2693 817 3012 873 scivissent.
3071 816 3182 875 Sed
3231 829 3451 876 constat
3496 837 3594 876 eos

1999 907 2307 978 ignorasse,
2339 916 2394 963 et
2421 916 2537 963 tum
2579 909 2803 964 demum
2853 909 3142 975 didicisse,
3179 926 3304 966 cum
3352 908 3594 983 Spiritus

1999 999 2181 1053 sancti
2226 1000 2457 1070 gratiam
2508 1008 2841 1070 receperunt
2874 1000 2929 1054 in
2979 1016 3078 1057 eos
3119 1002 3422 1061 immissam
3472 1013 3595 1074 post

1998 1090 2203 1145 Christi
2240 1090 2454 1145 Domini
2485 1091 2541 1145 in
2571 1092 2746 1149 caelos
2777 1092 3037 1148 reditum.
3067 1091 3223 1149 Unde
3243 1100 3298 1149 et
3331 1093 3596 1150 Dominus

1999 1183 2179 1238 aiebat
2196 1183 2306 1240 illis
2323 1180 2398 1235 "‘z
2434 1203 2452 1235 ι
2479 1184 2672 1241 Adhuc
2697 1186 2868 1240 multa
2894 1185 3073 1241 habeo
3094 1185 3252 1243 vobis
3268 1185 3473 1250 dicere,
3499 1188 3595 1242 sed

2002 1291 2111 1330 non
2144 1277 2379 1345 potestis
2407 1284 2629 1347 portare
2656 1275 2857 1345 modo;
2890 1291 3016 1331 cum
3048 1284 3231 1332 autem
3269 1278 3481 1331 venerit
3506 1276 3596 1332 ille

2002 1366 2239 1436 Spiritus
2256 1368 2527 1446 veritatis,
2545 1369 2779 1425 deducet
2799 1385 2896 1425 vos
2912 1369 2968 1423 in
2990 1384 3211 1424 onmem
3235 1370 3539 1423 veritatem.
3571 1387 3589 1421 ι

2001 1456 2155 1523 Quod
2190 1459 2236 1514 si
2265 1459 2522 1515 deitatem
2554 1459 2830 1533 Unigeniti
2867 1461 3190 1525 scivissent,
3224 1456 3463 1530 itemque
3490 1459 3595 1514 Pa-

2001 1557 2141 1603 trem
2175 1564 2273 1603 ceu
2304 1548 2474 1605 Deum
2515 1551 2612 1607 Dei
2644 1552 2885 1617 Patrem,
2921 1553 3052 1622 quid
3086 1553 3266 1628 majus
3311 1559 3598 1622 supererat

2002 1643 2149 1712 quod
2191 1651 2379 1711 postea
2427 1644 2749 1700 discerent?
2776 1630 2972 1716 ‘lgitur
3015 1643 3299 1714 Unigeniti
3335 1644 3596 1700 deitatem

2004 1750 2104 1789 nec
2128 1735 2422 1803 quisquam
2456 1736 2608 1791 novit
2638 1746 2766 1791 ante
2794 1735 3005 1790 Christi
3034 1734 3249 1790 Domini
3277 1736 3594 1799 adventum,

2005 1843 2185 1899 neque
2208 1828 2408 1899 aliquis
2439 1829 2834 1901 prOphetarum
2872 1829 2939 1885 de
2970 1829 3076 1883 hac
3104 1828 3373 1901 loquitur.

2074 2014 2308 2084 Insuper
2335 2020 2389 2067 et
2412 2011 2546 2066 illud
2569 2020 2713 2083 puta:
2736 2012 3064 2084 insipientize
3091 2013 3310 2083 plenum
3335 2021 3438 2080 est,
3466 2013 3596 2078 imo,

2006 2116 2065 2161 ut
2079 2105 2262 2161 verius
2273 2104 2511 2168 dicatur,
2524 2104 2778 2169 insaniae,
2794 2102 3048 2159 videlicet
3062 2105 3108 2158 si
3122 2104 3249 2172 quis
3266 2101 3434 2169 dicat,
3452 2104 3597 2174 quod

2010 2200 2101 2256 ubi
2132 2200 2310 2271 angeli
2340 2198 2550 2254 mentio
2572 2198 2630 2252 lit
2654 2213 2719 2252 ac
2738 2196 2978 2263 Domini,
3007 2196 3082 2251 ibi
3107 2196 3274 2252 Vetus
3311 2194 3600 2267 Scriptura

2008 2292 2207 2347 Filium
2240 2291 2337 2347 Dei
2371 2291 2616 2347 denotet.
2653 2289 2819 2362 Atqui
2853 2287 3143 2360 Oportebat
3172 2289 3414 2344 revereri
3456 2289 3601 2343 beati

2008 2383 2163 2439 Pauli
2180 2397 2369 2439 vocem
2391 2380 2782 2453 distinguentis
2807 2379 2878 2435 ab
2906 2378 3114 2449 angelis
3136 2376 3358 2444 Filium,
3383 2387 3438 2432 et
3462 2377 3606 2431 inter

2009 2476 2161 2532 hunc
2187 2482 2354 2545 atque
2376 2472 2871 2529 illosintervallum
2897 2479 3109 2526 tantum
3131 2471 3408 2541 portentis,
3428 2483 3609 2540 quau-

2011 2577 2125 2624 tum
2147 2576 2234 2623 est
2256 2569 2400 2623 inter
2431 2565 2697 2621 famulum
2740 2563 3164 2635 Dominumque.
3196 2561 3291 2617 Sic
3316 2577 3450 2634 ergo
3484 2561 3559 2615 ait
3587 2577 3602 2613 :

2017 2680 2035 2713 ε
2067 2658 2132 2714 Et
2162 2660 2227 2715 ad
2251 2659 2477 2730 angelos
2497 2655 2719 2729 quidem
2747 2655 2883 2711 dicit
2911 2650 3045 2721 :Qui
3067 2654 3199 2711 facit
3218 2656 3445 2725 angelos
3474 2668 3606 2710 suos

2012 2752 2262 2823 Spiritus,
2281 2759 2336 2806 et
2353 2750 2636 2807 ministros
2666 2763 2799 2805 suos
2825 2747 2971 2819 ignis
2986 2743 3605 2803 ﬂammamnAdFilium

2013 2842 2537 2901 autemuThronus
2587 2851 2736 2909 tuus,
2772 2841 2939 2909 Deus,
2975 2840 3032 2895 in
3063 2839 3323 2897 saeculum
3375 2838 3561 2894 saeculi
3590 2856 3606 2892 :

2013 2939 2170 3010 virga
2204 2937 2504 3008 aequitatis,
2540 2936 2700 3006 .virga
2732 2936 2891 3005 regni
2944 2933 3024 2988 tui
3050 2934 3128 2999 ‘9;
3159 2951 3176 2984 ι
3219 2931 3609 2986 demonstrans

2014 3040 2224 3104 quanta
2258 3032 2331 3088 sit
2367 3031 2679 3086 diﬂ‘erentia
2714 3027 2839 3083 Filii
2893 3028 2961 3081 ab
2991 3026 3223 3094 angelis,
3260 3034 3315 3079 et
3361 3022 3507 3096 quod
3543 3038 3611 3079 ne

2016 3120 2328 3193 comparari
2382 3119 2605 3190 quidem
2665 3119 2781 3173 haec
2835 3115 3096 3171 vocabula
3151 3113 3315 3185 293
3358 3115 3505 3168 inter
3552 3128 3613 3170 se

2019 3214 2270 3286 possint:
2321 3211 2699 3267 invisibilibus
2733 3208 2957 3280 quidem
2991 3206 3380 3277 potestatibus,
3415 3213 3469 3259 et
3510 3205 3612 3258 tui-

308 3301 450 3354 λων·
503 3299 599 3355 καὶ
654 3301 739 3355 ὅτι
787 3302 924 3374 μηδὲ
977 3303 1256 3359 συνελθεῖν
1309 3298 1421 3357 οἷόν
1476 3321 1537 3357 τε
1585 3305 1685 3369 τὰς
1732 3306 1915 3375 φωνάς

2019 3305 2309 3364 nistraudo
2354 3304 2613 3370 addictis,
2661 3302 2860 3359 merito
2912 3300 3230 3371 angelorum
3266 3298 3510 3354 nomine
3560 3308 3613 3352 et

310 3392 574 3466 ἀλλήλαις
612 3392 840 3462 ταύτας,
883 3395 995 3451 τῶν
1043 3396 1142 3468 μὲν
1197 3397 1453 3469 ἀοράτων
1500 3396 1783 3470 δυνάμεων
1823 3400 1918 3453 καὶ⁵

312 3484 455 3556 πρὸς
511 3483 855 3556 λειτουργίαν
916 3486 1332 3559 ἐκτεταγμένων
1388 3488 1616 3553 εἰκότως
1669 3489 1916 3559 ἀγγέλων

314 3578 413 3632 καὶ
456 3577 810 3650 λειτουργῶν,
858 3579 948 3634 διὰ
985 3581 1086 3653 τὴν
1119 3581 1423 3655 ὑπουργίαν
1451 3583 1805 3654 καλουμένων
1839 3585 1919 3646 είς

312 3672 385 3742 ἣν
428 3671 727 3742 ἐτύγχανον
765 3672 1201 3747 προϐεϐλημένοι
1224 3693 1239 3706 ·
1289 3675 1383 3730 τοῦ
1425 3677 1561 3731 Υίοῦ
1612 3677 1668 3731 δὲ
1714 3677 1920 3742 ταύτας

320 3764 421 3833 μὲν
461 3765 524 3818 ού
568 3766 932 3838 προσιεμένου
981 3767 1080 3832 τὰς
1134 3768 1340 3838 φωνὰς,
1390 3770 1559 3841 μόνην
1607 3770 1663 3825 δὲ
1714 3770 1920 3843 ταύτην

316 3852 725 3925 ἀναδεξαμένου
767 3854 868 3928 τὴν
909 3856 1094 3928 φωνὴν
1138 3858 1382 3925 δικαίως,
1411 3860 1531 3931 τὴν,
1575 3878 1594 3911 ι
1647 3860 1704 3914 '0
1732 3859 1922 3932 θρόνος

320 3960 438 4010 σου,
468 3946 498 3998 6
522 3943 679 4009 Θεὸς,
708 3948 789 4012 είς
822 3947 916 4002 τὸν
956 3947 1128 4004 αἰῶνα
1159 3950 1255 4003 τοῦ
1293 3949 1512 4016 αἰῶνος,
1550 3951 1624 4022 (p.
1658 3951 1786 4022 445)
1826 3952 1922 4024 ῥά-

319 4035 446 4100 ϐδος
475 4030 833 4111 εύθύτητοςή
874 4040 1068 4112 ῥάϐδος
1095 4044 1196 4114 τῆς
1238 4042 1514 4112 βασιλείας
1553 4061 1669 4108 σου,
1719 4063 1738 4096 ι
1784 4046 1923 4117 ὅπερ

318 4126 444 4179 ἐστὶ
479 4126 734 4196 λέγοντος
767 4129 939 4184 ἀΐδιον
978 4130 1204 4201 βασιλέα
1236 4133 1444 4205 Κύριον
1485 4133 1596 4187 τῶν
1642 4136 1919 4201 ἁπάντων,

320 4221 384 4273 ὲν
420 4219 681 4294 εὐθύτητι
721 4223 873 4295 πάσῃ
912 4223 974 4277 τὸ
1013 4225 1122 4278 πᾶν
1164 4224 1490 4280 διοικοῦντα·
1533 4225 1652 4290 πῶς
1690 4222 1783 4282 οὖν
1824 4228 1925 4281 οὐκ

319 4309 555 4381 ἀνόητον
606 4313 702 4366 καὶ
755 4312 985 4384 μανικὸν
1034 4314 1303 4384 τοσαύτης
1351 4315 1457 4369 ὑπὸ
1501 4315 1592 4369 τοῦ
1650 4316 1922 4387 μακαρίου

322 4403 539 4458 Παύλου
568 4404 671 4476 τῆς
714 4400 978 4478 διαφορᾶς
1021 4409 1157 4478 ἡμῖν
1198 4406 1680 4480 ὑποδεδειγμένης,
1719 4408 1925 4480 τολμᾷν

325 4497 584 4566 συνάγειν
622 4498 693 4552 τά
729 4490 1042 4570 ἀσύμϐατα,
1078 4500 1174 4555 καὶ
1205 4490 1395 4569 λέγειν
1424 4501 1519 4554 καὶ
1556 4501 1794 4570 ἄγγελον
1832 4503 1927 4556 καὶ

2021 3398 2400 3454 ministrorum
2444 3382 2669 3466 propter
2721 3392 3091 3448 ministerium
3142 3390 3475 3463 appellatis,
3526 3391 3611 3443 cui

2022 3496 2152 3545 sunt
2180 3488 2389 3555 creati;
2427 3485 2566 3541 Filio
2597 3495 2780 3541 autem
2826 3482 3148 3555 hujusmodi
3192 3483 3466 3538 dictiones
3503 3499 3612 3535 non

2022 3582 2282 3653 patiente,
2310 3591 2476 3633 unam
2489 3575 2782 3646 verojuste
2796 3575 3193 3642 admittente,id
3207 3586 3307 3630 est:
3322 3593 3340 3627 ι
3357 3577 3615 3633 Thrnnus

2023 3683 2176 3731 tuus.
2205 3673 2375 3739 Deus,
2406 3671 2461 3726 in
2495 3671 2719 3736 saecula,
2768 3669 2920 3737 virga
2954 3666 3234 3737 aequitatis
3281 3666 3435 3736 virga
3467 3666 3617 3735 regni

2025 3765 2333 3837 tui;»quod
2370 3764 2599 3836 perinde
2642 3770 2728 3819 est
2772 3775 2835 3815 ac
2877 3761 3062 3816 dicere
3093 3759 3489 3828 sempiternum
3534 3774 3621 3812 re-

2023 3870 2142 3926 gem
2178 3852 2582 3922 Dominumque
2626 3851 2898 3914 omnium,
2946 3849 3097 3904 oumi
3135 3849 3393 3918 aequitate
3424 3857 3623 3901 cuneta

2026 3954 2327 4016 regentem.
2372 3944 2577 4012 Quidni
2629 3944 2796 4015 igitur
2845 3942 3113 4013 insipiens
3145 3941 3217 3995 sit
3251 3951 3417 4011 atque
3455 3939 3624 3993 furio-

2028 4053 2172 4103 sum,
2200 4040 2353 4093 tanta
2385 4036 2548 4092 nobis
2570 4051 2600 4090 a
2633 4037 2795 4090 beato
2822 4035 2991 4090 Paulo
3018 4033 3330 4088 ditferentia
3351 4039 3623 4086 iuonstra-

2026 4137 2104 4199 ta,
2131 4130 2395 4201 copulare
2424 4127 2630 4183 audere
2669 4142 2791 4197 quae
2819 4124 3077 4196 componi
3113 4130 3414 4193 nequeunt,
3451 4138 3514 4175 ac
3542 4119 3626 4173 di-

2028 4237 2157 4277 cere
2201 4220 2320 4276 ﬁeri
2351 4235 2514 4291 posse
2541 4226 2602 4274 ut
2640 4219 2871 4288 angelus
2901 4233 2965 4271 ac
3002 4216 3268 4271 Dominus
3300 4215 3513 4269 dicatur
3542 4211 3629 4266 Fi-

2032 4313 2180 4369 lius?
2208 4311 2380 4368 Plane
2423 4312 2591 4382 igitur
2619 4311 2963 4381 exploratum
2992 4318 3099 4375 est,
3134 4306 3280 4377 quod
3316 4307 3404 4361 ubi
3439 4306 3630 4375 hujus-

2036 4387 2182 4461 modi
2221 4403 2430 4475 aliquid
2462 4404 2520 4458 in
2552 4401 2738 4457 divina
2768 4400 3060 4471 Scriptura
3092 4400 3290 4464 fertur,
3322 4399 3394 4452 ibi
3434 4397 3503 4452 de
3533 4413 3631 4451 au—

2033 4504 2153 4574 gelo
2190 4502 2370 4570 agitur
2425 4500 2737 4556 ministerio
2783 4512 2999 4562 eorum,
3058 4494 3126 4550 de
3170 4494 3370 4564 quibus
3424 4507 3629 4556 sermo,

325 4588 537 4661 Κύριον
570 4589 796 4645 δυνατὸν
822 4580 1078 4662 λέγεσθαι
1099 4592 1192 4647 τὸν
1220 4592 1384 4659 Υίόν;
1428 4593 1567 4647 Ἀλλ’
1593 4592 1816 4666 εὔδηλον
1844 4594 1915 4648 ὅτι

2036 4594 2255 4650 addicto
2286 4615 2297 4648 :
2336 4589 2387 4626 “
2414 4592 2544 4663 quia
2575 4586 2768 4647 omnes
2800 4597 2928 4645 sunt
2968 4584 3430 4642 administrator-ii
3469 4582 3632 4654 spiri-

324 4682 479 4736 ὁπότ’
508 4682 576 4737 ἄν
600 4699 655 4736 τι
676 4682 917 4738 τοιοῦτον
939 4684 996 4738 ἐν
1021 4686 1089 4757 τῇ
1122 4682 1244 4756 θείᾳ
1262 4683 1499 4757 φέρηται
1517 4683 1731 4757 Γραφῇ,
1759 4684 1926 4754 ἀγγέ-

325 4773 423 4828 λου
455 4777 555 4849 μὲν
576 4776 856 4849 μέμνηται
880 4773 976 4830 τοῦ
997 4776 1133 4848 πρὸς
1149 4774 1249 4847 τὴν
1265 4775 1569 4849 ὑπηρεσίαν
1588 4777 1928 4849 ἐκτεταγμέ-

2041 4697 2128 4743 tus
2159 4686 2214 4740 in
2243 4684 2613 4740 ministerium
2646 4682 2802 4738 missi
2844 4687 3068 4753 propter
3097 4692 3192 4733 eos
3223 4677 3315 4747 qui
3341 4673 3631 4732 iueredita-

2037 4769 2392 4847 tem‘capient
2421 4773 2640 4836 salutis,
2672 4778 2734 4826 ut
2759 4771 2956 4826 beatus
2980 4769 3056 4823 ait
3087 4766 3312 4823 Paulus.

326 4884 423 4921 νου
462 4869 573 4927 τῶν
612 4869 1010 4941 δεικνυμένων·
1060 4866 1247 4939 ἐπειδὴ
1300 4869 1504 4933 πάντες
1550 4869 1659 4923 εἰσὶ
1700 4867 2053 4942 λειτουργικὰ
2096 4867 2387 4939 πνεύματα
2435 4867 2516 4931 είς
2566 4863 2845 4921 διακονίαν
2886 4858 3329 4932 ἀποστελλόμενα
3369 4855 3459 4912 διὰ
3510 4857 3636 4920 τοὺς

331 4965 630 5047 μέλλοντας
672 4960 1032 5034 κληρονομεῖν
1061 4956 1361 5029 σωτηρίαν,
1395 4958 1472 5022 ὼς
1500 4960 1529 5012 ὁ
1560 4959 1830 5032 μακάριος
1863 4959 2074 5024 Παῦλός
2102 4975 2258 5047 φησι.

403 5044 611 5129 Κύριον
657 5056 716 5111 δὲ
763 5055 1019 5127 ὀνομάζει
1055 5055 1117 5109 ού
1159 5055 1252 5109 τὸν
1279 5054 1516 5124 ἄγγελον
1556 5054 1700 5110 οὕτω
1725 5055 1931 5123 καλῶν,

328 5150 427 5204 ἐπὶ
454 5148 588 5204 Θεὸν
617 5148 675 5203 δὲ
704 5147 993 5221 ἀναφέρων
1023 5144 1120 5201 τοῦ
1153 5148 1442 5220 γινομένου
1489 5147 1555 5201 τὸ
1594 5147 1756 5220 ἔργον
1782 5166 1796 5180 ο
1823 5148 1935 5203 ὦσ-

331 5259 444 5314 περ
475 5236 570 5297 οὖν
612 5240 709 5296 καὶ
752 5242 803 5295 οί
843 5240 1125 5312 προφῆται
1176 5238 1438 5304 πολλάκις
1481 5237 1553 5292 τὰ
1597 5240 1937 5313 ἁρμόττοντα

2050 5088 2053 5089 ν
2107 5044 2408 5111 Dominum
2438 5058 2621 5107 autem
2659 5049 2929 5113 nominat,
2957 5064 3067 5104 non
3100 5045 3246 5118 quod
3280 5044 3531 5116 angelum
3564 5046 3639 5102 ita

2034 5147 2305 5219 appellet,
2339 5146 2436 5204 sed
2477 5146 2544 5200 ad
2572 5144 2742 5200 Deum
2784 5145 2863 5199 rei
2890 5150 3059 5213 gestae
3105 5153 3328 5210 operam
3371 5136 3635 5192 referens.

2041 5239 2227 5297 Veluti
2284 5241 2451 5297 etiam
2511 5237 2794 5310 propheta:
2833 5250 2978 5306 saepe
3037 5231 3203 5289 verba
3266 5228 3459 5284 dicunt
3526 5227 3635 5283 Deo

407 5378 454 5409 ’⁸⁸
479 5378 639 5434 Joan.
676 5396 789 5449 xw,
830 5378 921 5448 12,
964 5379 1054 5436 l5.
1092 5378 1138 5411 ’⁵³
1176 5377 1344 5435 Hebr.
1385 5393 1424 5445 t,
1464 5378 1521 5446 7,
1560 5378 1615 5434 8.
1690 5379 1739 5411 '°
1779 5379 1916 5435 ibid.
1956 5379 2048 5437 14.

410 5497 524 5570 (62)
545 5498 826 5570 Scholion.
850 5498 963 5570 Καὶ
988 5496 1145 5553 τοῦτο
1169 5498 1399 5570 ἀμαθῶς
1429 5497 1690 5570 νομίζεις.
1709 5498 1938 5560 Ἡσαΐας

334 5571 448 5657 γὰρ
479 5568 669 5657 ὥσπερ
702 5569 790 5657 διὰ
825 5568 1259 5657 τοῦιτιριὶσαγίου.
1287 5571 1389 5657 τάς
1420 5568 1575 5657 ερεῖς
1610 5569 1938 5657 ὐκποστάσεις

335 5638 654 5707 ὑποφαίνει,
686 5638 830 5694 οὕτω
854 5640 954 5693 καὶ
979 5638 1188 5694 διὰτοῦ
1212 5638 1534 5706 είπεῖν,Κα“ι
1560 5641 1808 5709 καλεῖται
1835 5638 1939 5709 τῆς

338 5710 590 5782 μεγάλης
616 5710 811 5782 βουλῆς
841 5708 1095 5782 ἄγγελος.
1135 5710 1367 5782 ἄγγελον
1409 5711 1572 5782 αὐτὸν
1597 5707 1742 5782 εἶναι
1766 5707 1936 5782 λέγει,

336 5780 399 5836 οὐ
430 5780 592 5851 κατὰ
631 5780 964 5851 τὴνςούσίαν
1002 5780 1111 5833 τῶν
1155 5781 1436 5850 ἀγγέλων,
1484 5781 1620 5835 ἀλλά
1661 5781 1804 5836 κατὰ
1840 5780 1939 5851 τὴν

334 5848 610 5921 Δεσπότου
634 5848 731 5920 τῆν
761 5852 954 5904 αὐτοῦ·
987 5853 1034 5904 εἰ
1058 5852 1165 5921 γὰρ
1195 5848 1478 5921 ἀπεστάλη
1512 5851 1665 5921 παρὰ
1700 5851 1793 5904 τοῦ
1823 5848 1937 5903 Πα-

338 5917 473 5989 τρὸς
508 5923 583 5987 ὡς
620 5917 727 5976 ἀπὸ
769 5922 972 5990 αἰτίου,
1021 5917 1248 5993 ἄγγελός
1295 5917 1476 5991 ἐστιν,
1514 5917 1799 5993 ἀνήγγειλε
1829 5922 1937 5991 γὰρ

2076 5498 2167 5569 μῖν
2220 5494 2321 5567 τὴν
2366 5489 2677 5569 σωτηρίανᾷ
2696 5485 2803 5569 ὣς.
2831 5503 2936 5569 πον
2968 5480 3087 5569 ,καὶ
3121 5481 3331 5569 καύτρς,
3356 5479 3526 5569 ,φησιν

2076 5498 2167 5569 μῖν
2220 5498 2321 5567 τὴν
2366 5498 2663 5564 σωτηρίαν·
2696 5498 2774 5550 ῶς
2831 5503 2936 5541 που
2988 5498 3087 5539 και
3136 5498 3331 5568 αυτος,
3360 5498 3563 5550 φησιν,
3618 5498 3644 5526 ιι

2033 5498 2248 5641 ξκουρα
2290 5564 2444 5641 παρᾲ
2480 5560 2577 5641 τρῦ
2629 5556 2846 5641 “dare:
2882 5554 3188 5641 ἐνηγγξελςι
3227 5551 3644 5641 Perrexit“

2036 5619 2844 5710 arripiamusIzhvn’Anoatéiou
2869 5619 3028 5710 ῥῆσιν
3045 5619 3122 5677 ’δι’
3154 5619 3638 5710 ἑτέρανεὶσαχθεξξ

2039 5690 2397 5762 σανῄαὶτίαν.
2439 5690 2576 5759 ’Ποσ
2633 5701 2758 5754 item
2811 5690 3051 5763 imperite
3105 5690 3415 5771 arbitraris.
3462 5690 3639 5771 Isaias

2036 5781 2178 5835 enim
2226 5780 2363 5833 sicut
2404 5791 2498 5844 per
2533 5773 2816 5844 triagghtnt
2857 5779 2962 5844 tres
3007 5781 3258 5844 personas
3302 5763 3526 5844 indicet,
3566 5763 3644 5813 ita

2047 5834 2208 5904 etiam
2235 5849 2343 5903 illis
2377 5834 2595 5902 verbisn
2623 5834 2716 5898 llic
2751 5839 3048 5910 appellatur
3081 5835 3258 5904 magni
3297 5834 3506 5910 consilii
3544 5847 3642 5884 mt-

2048 5903 2194 5989 qelus
2234 5919 2371 5987 (Ian.
2418 5913 2646 5986 1χ,,6),ο
2688 5903 2934 5983 ang-clum
2976 5909 3146 5976 ipsum
3198 5920 3308 5958 esse
3355 5903 3507 5967 dicit,
3542 5913 3645 5954 mm
