4118 6512
443 405 548 461 507
1613 400 1965 458 THEODORI
1993 401 2220 458 MOPSU
2232 399 2475 457 ESTENI
3604 400 3707 456 508

439 518 849 585 convenientia,
881 531 991 572 non
1024 517 1169 589 quod
1206 518 1310 575 sibi
1334 519 1480 576 dicta
1505 521 1598 574 illa
1622 523 1886 591 tribuant,
1921 524 2015 580 sed

2129 525 2334 592 λέγουσι
2380 521 2459 592 τῷ
2504 521 2642 592 Θεῷ,
2689 521 2786 592 οὐχ
2831 522 3039 582 ἑαυτοῖς
3073 519 3407 590 λογιζόμενοι
3453 518 3518 571 τά
3559 519 3710 587 λεγό-

444 609 556 665 Deo
585 623 805 664 causam
845 625 1033 664 eorum
1099 611 1450 682 imputantes.
1485 614 1664 683 Atque
1705 615 1810 670 hoc
1836 617 2024 672 statim

2129 629 2283 683 μενα,
2331 612 2423 664 ἐπὶ
2467 610 2597 665 Θεὸν
2639 610 2695 664 δὲ
2746 607 2926 664 αὐτῶν
2969 608 3328 679 ἀναφέροντες
3364 607 3465 679 τὴν
3511 610 3707 664 αἰτίαν.

442 717 510 755 ex
543 708 811 770 praesente
857 701 1119 771 propheta
1172 703 1448 774 quispiam
1504 715 1819 776 cognoscet.
1887 705 2023 761 Nam

444 801 734 863 postquam
760 794 835 846 ait
865 811 878 848 :
916 813 934 845 ι
967 792 1206 849 Verbum
1238 795 1451 850 Domini
1483 795 1686 852 factum
1714 809 1798 852 est
1826 797 1895 852 ad
1931 797 2026 852 Za-

445 885 713 952 chariam,
745 883 957 949 dicens,
1001 904 1019 938 ›
1056 885 1264 940 addidit
1297 905 1309 940 :
1354 905 1372 939 ι
1420 886 1599 943 Iratus
1631 895 1716 943 est
1757 867 2026 946 Dominus

448 973 737 1028 adversum
763 981 946 1044 patres
967 984 1179 1031 vestros
1203 977 1283 1030 ira
1305 990 1528 1046 magna.
1561 997 1579 1030 ι
1607 976 1770 1048 Atqui
1794 993 2027 1034 consen-

449 1073 670 1118 taneum
721 1074 840 1120 erat
876 1065 1098 1121 dicere:
1128 1065 1357 1122 Factum
1410 1077 1497 1124 est
1548 1069 1774 1124 verbum
1811 1068 2026 1124 Domini

448 1157 637 1212 dicens
688 1180 699 1212 :
733 1157 910 1214 Iratus
945 1173 1068 1213 sum
1119 1159 1409 1215 adversum
1446 1166 1629 1228 patres
1659 1168 1897 1225 vestros;
1960 1177 2028 1216 ne

445 1248 612 1303 verba
647 1247 859 1302 Domini
895 1249 962 1303 ad
997 1249 1313 1318 prophetam
1350 1248 1514 1315 facta,
1559 1250 1626 1305 de
1658 1250 1766 1305 alio
1789 1250 2025 1320 quodam

446 1338 764 1394 viderentur
779 1339 1002 1394 domino
1034 1341 1217 1395 dicere
1252 1348 1512 1410 tanquam
1542 1341 1703 1395 irato.
1740 1340 1845 1396 Sed
1880 1341 2024 1396 enim

445 1437 618 1500 patet.
647 1430 793 1500 quod
823 1445 946 1485 cum
981 1432 1176 1495 dictio,
1214 1449 1232 1483 ι
1278 1430 1501 1487 Factum
1537 1442 1621 1489 est
1657 1432 1885 1488 verbum
1918 1431 2026 1484 Do-

447 1521 642 1583 mini,»
671 1521 999 1576 revelantem
1052 1523 1344 1592 signiticet,
1376 1523 1527 1578 addit
1550 1539 1674 1578 mox
1703 1523 1867 1580 verba
1897 1537 2028 1593 pro-

450 1614 610 1683 pheta
646 1629 767 1684 quae
796 1613 940 1669 Deus
965 1615 1080 1685 ipse
1113 1616 1330 1670 locutus
1377 1623 1497 1678 est;
1531 1631 1708 1686 neque
1744 1631 1843 1671 sua
1875 1615 2025 1677 dicit,

451 1700 547 1756 sed
579 1716 698 1771 quae
724 1700 868 1757 Deus
902 1702 1300 1771 pronuntiavit,
1353 1703 1597 1774 exponit.
1633 1703 1835 1758 Eodem
1870 1703 2030 1772 plane

448 1795 613 1846 modo
644 1799 697 1848 et
721 1807 844 1847 cum
873 1793 1124 1864 angelum
1143 1793 1299 1857 dixit,
1327 1793 1524 1851 deinde
1547 1796 1710 1850 etiam
1735 1783 2027 1850 Dominum

448 1883 612 1956 294
643 1885 907 1952 nominat,
937 1886 1116 1956 angeli
1146 1885 1368 1955 quidem
1405 1887 1674 1942 vocabulo
1715 1887 2028 1944 ministrum
2063 1873 2100 1928 Β

447 1973 701 2034 denotat;
745 1973 959 2028 Domini
994 1974 1287 2042 vocabulo,
1323 1976 1474 2030 illum
1507 1977 1601 2047 qui
1657 1991 1755 2047 per
1806 1978 2030 2048 angelos

448 2064 540 2118 illa
593 2064 706 2118 ﬁeri
746 2065 1042 2120 mandavit.
1101 2064 1208 2122 Sed
1234 2075 1289 2120 et
1340 2067 1472 2123 illud
1528 2069 1876 2139 exploratum
1918 2077 2026 2135 est,

446 2158 669 2228 angelos
695 2157 985 2213 visibiliter
1037 2159 1351 2216 hominibus
1387 2168 1741 2231 apparentes,
1799 2178 1926 2218 cum
1973 2163 2029 2219 id

447 2247 559 2302 Deo
614 2249 903 2318 placuerit,
935 2251 1231 2305 humanam
1293 2251 1524 2306 formam
1571 2253 1774 2308 imitari
1832 2255 2028 2321 solere,

445 2355 569 2409 quae
588 2354 829 2410 congrua
863 2350 949 2398 est
970 2343 1324 2399 cernentibus
1362 2353 1416 2399 et
1445 2346 1830 2402 revelationem
1878 2347 2030 2403 exci-

445 2429 740 2500 pientibus.
777 2429 954 2500 Atque
972 2431 1074 2486 hoc
1105 2448 1173 2487 ex
1231 2432 1383 2488 Novo
1409 2449 1629 2504 quoque
1680 2436 2030 2493 Testamento

447 2522 767 2577 condiscere
794 2522 1068 2592 quispiam
1101 2531 1300 2595 potest.
1333 2525 1542 2581 Etenim
1576 2526 1782 2583 Christi
1813 2528 2027 2586 Domini

446 2614 908 2670 resurrectionem
938 2614 1125 2670 divina
1166 2615 1450 2687 Scriptura
1481 2633 1738 2684 narrans,
1763 2621 1840 2674 ait
1866 2634 2031 2694 ange-

445 2704 561 2758 lum
595 2704 773 2758 visum
805 2704 900 2774 qui
955 2703 1189 2776 lapidem
1221 2707 1527 2762 revolverat
1555 2708 1622 2762 ⁸¹.
1657 2708 1780 2765 Mox
1821 2710 2031 2767 descri-

443 2797 582 2850 bens
612 2797 736 2865 quis
761 2803 930 2860 esset,
957 2803 1013 2851 et
1035 2797 1312 2866 quomodo
1339 2797 1510 2862 visus,
1535 2816 1553 2848 ‹
1589 2797 1741 2864 Erat,
1783 2819 1802 2852 ι
1831 2802 2025 2872 inquit,

2087 723 2090 726 ’
2126 707 2238 760 Καὶ
2267 705 2422 759 τοῦτό
2470 721 2532 773 γε
2571 703 2730 767 εὐθὺς
2759 705 2823 757 ὲκ
2844 701 2936 756 τοῦ
2989 703 3269 771 προφήτου
3314 700 3407 754 τοῦ
3443 700 3712 772 παρόντος

2128 800 2226 852 ι’δοι
2253 815 2337 862 τις
2367 797 2462 850 ἄν’
2499 795 2668 848 εἰπὼν
2703 794 2811 865 γὰρ
2839 795 2944 856 ὅτι,
2975 812 2994 844 ι
3037 792 3282 861 Ἐγένετο
3326 791 3480 858 λόγος
3507 793 3711 861 Κυρίου

2129 889 2264 961 πρὸς
2289 887 2562 960 Ζαχαρίαν
2599 887 2795 955 λέγων,
2835 904 2852 936 ι
2892 886 3203 956 ἐπήγαγεν·
3237 904 3254 934 ι
3299 882 3554 952 Ὠργίσθη
3597 883 3710 936 Κύ-

2129 997 2245 1050 ριος
2289 979 2382 1032 ἐπὶ
2408 981 2533 1042 τοὺς
2563 978 2805 1048 πατέρας
2833 975 2985 1045 ὑμῶν
3029 975 3197 1046 ὀργὴν
3236 973 3498 1044 μεγάλην.
3531 992 3549 1024 ι
3586 972 3714 1026 Καί-

2126 1088 2208 1123 τοι
2235 1087 2298 1138 γε
2325 1067 2391 1141 ἦν
2423 1069 2712 1123 ἀκόλουθον
2743 1070 2790 1120 εί
2820 1067 2932 1135 (65)
2961 1065 3070 1135 ἄρα
3121 1068 3292 1118 εἰπεῖν
3331 1065 3430 1130 ὅτι,
3468 1063 3713 1133 Ἐγένετο

2127 1162 2284 1231 λόγος
2325 1161 2520 1233 Κυρίου
2559 1160 2692 1232 πρὸς
2737 1159 3006 1231 Ζαχαρίαν
3053 1159 3247 1226 λέγων,
3281 1155 3570 1226 Ὦργίσθην
3621 1157 3715 1208 ἐπὶ

2127 1255 2252 1316 τοὺς
2295 1253 2538 1322 πατέρας
2573 1250 2726 1322 ὑμῶν
2747 1269 2758 1280 ο
2796 1250 2871 1313 ὡς
2903 1249 2970 1304 ἂν
2995 1249 3069 1320 μὴ
3108 1251 3136 1302 6
3169 1246 3408 1316 γεγονὼς
3429 1245 3585 1315 λόγος
3618 1243 3713 1298 τοῦ

2129 1343 2333 1414 Κυρίου
2360 1341 2498 1413 πρὸς
2524 1342 2615 1394 τὸν
2645 1342 2952 1412 προφήτην,
2978 1339 3106 1411 περὶ
3138 1339 3326 1409 ἐτέρου
3352 1337 3495 1400 τινὸς
3520 1337 3715 1406 φαίνη-

2128 1449 2218 1485 ται
2266 1431 2454 1500 κυρίου
2493 1429 2662 1499 λέγων
2703 1429 2780 1493 ὡς
2805 1427 3168 1501 ὀργισθέντος.
3206 1426 3342 1480 Ἀλλ’
3379 1425 3600 1496 εὔδηλον
3633 1426 3715 1478 ὄτι

2129 1521 2209 1584 τὸ,
2253 1539 2272 1572 ι
2317 1521 2563 1589 Ἐγένετο
2608 1519 2763 1588 λόγος
2810 1519 3040 1589 Κυρίου,
3094 1536 3110 1570 ι
3151 1518 3243 1571 τὸν
3290 1513 3716 1583 ἀποκαλύψαντα

2129 1612 2318 1676 είπὼν,
2349 1614 2424 1685 (p.
2451 1613 2577 1683 444)
2611 1613 2806 1680 ἐπάγει
2839 1611 3024 1665 λοιπὸν
3046 1609 3114 1664 τὰ
3137 1612 3354 1681 ῥήματα
3380 1611 3409 1662 6
3432 1607 3718 1677 προφήτης

2131 1707 2274 1778 άπερ
2310 1706 2472 1771 αὐτὸς
2507 1703 2657 1760 εἶπεν
2695 1709 2723 1759 6
2770 1705 2922 1769 Θεὸς,
2966 1706 3066 1759 οὐκ
3099 1705 3274 1758 οἰκεῖα
3316 1701 3510 1769 λέγων,
3547 1699 3618 1752 τὰ
3658 1699 3716 1752 δὲ

2133 1797 2282 1868 παρὰ
2307 1797 2400 1850 τοῦ
2426 1797 2559 1849 Θεοῦ
2586 1796 2886 1866 λελεγμένα
2919 1795 3287 1866 ἐκτιθέμενος.
3313 1793 3417 1845 Τὸν
3449 1790 3612 1844 αὐτὸν
3650 1788 3714 1859 δὴ

2128 1893 2330 1962 τρόπον
2377 1891 2470 1942 καὶ
2516 1890 2595 1942 ὅτ’
2627 1889 2692 1943 ἂν
2737 1888 2967 1957 ἄγγελον
3013 1887 3169 1959 λέγῃ,
3213 1880 3333 1938 εἶτα
3380 1883 3474 1936 καὶ
3512 1880 3716 1950 Κύριον

2129 1980 2392 2053 ὀνομάζῃ,
2428 1979 2506 2049 τῷ
2547 1980 2644 2050 μὲν
2689 1978 2906 2047 ἀγγέλῳ
2948 1978 3040 2030 τὸν
3086 1973 3463 2046 ὑπουργοῦντα
3503 1972 3712 2025 δείκνυ-

2131 2089 2236 2135 σιν,
2271 2074 2336 2141 τῇ
2367 2070 2422 2123 δὲ
2449 2069 2542 2122 τοῦ
2575 2069 2776 2140 Κυρίου
2807 2070 2956 2138 φωνῇ
2991 2068 3081 2120 τὸν
3120 2065 3451 2129 ἐπιτάξαντα
3490 2061 3577 2115 διά
3607 2061 3716 2115 τῶν

2130 2161 2376 2232 ἀγγέλων
2398 2163 2579 2213 ἐκεῖνα
2605 2160 2879 2228 γενέσθαι.
2918 2158 3079 2212 Ἀλλὰ
3108 2157 3220 2229 γὰρ
3242 2155 3460 2226 εὔδηλον
3482 2154 3562 2206 ὅτι
3590 2152 3716 2214 τοὺς

2130 2253 2392 2322 ἀγγέλους
2449 2251 2720 2322 αἰσθητῶς
2791 2249 3150 2321 φαινομένους
3208 2250 3320 2311 τοῖς
3387 2243 3715 2316 ἀνθρώποις,

2129 2347 2204 2400 ὅτ’
2250 2346 2318 2400 ἂν
2357 2345 2514 2400 τοῦτο
2557 2344 2689 2415 δοκῇ
2737 2341 2817 2412 τῷ
2863 2340 3018 2409 Θεῷ,
3062 2339 3180 2403 ἔθος
3232 2337 3534 2408 ἀνθρώπων
3577 2331 3719 2398 εἶδος

2133 2437 2436 2510 μιμεῖσθαι,
2469 2437 2605 2508 ὅπερ
2633 2435 2830 2491 οἰκεῖόν
2865 2435 2982 2488 ὲστι
3019 2437 3129 2496 τοῖς
3165 2430 3332 2503 ὁρῶσί
3359 2447 3417 2484 τε
3459 2427 3551 2482 καὶ
3591 2445 3717 2480 παι-

2129 2530 2455 2602 δευομένοις.
2507 2528 2678 2582 Τοῦτο
2725 2527 2783 2580 δὲ
2833 2527 2928 2580 καὶ
2965 2528 3029 2579 ἐκ
3049 2525 3149 2596 τῆς
3186 2523 3391 2594 Καινῆς
3440 2520 3719 2590 Διαθήκης

2129 2625 2227 2694 οὐχ
2254 2619 2414 2695 ἦττον
2447 2621 2605 2692 μάθοι
2641 2637 2726 2683 τις
2769 2620 2868 2674 ἄν’
2905 2618 2975 2671 τά
3015 2617 3124 2688 γάρ
3173 2616 3312 2669 κατὰ
3343 2614 3440 2684 τὴν
3480 2612 3722 2666 ἀνάστα-

2135 2731 2217 2768 σιν
2255 2713 2348 2767 τοῦ
2381 2712 2656 2766 Δεσπότου
2683 2709 2918 2783 Χριστοῦ
2951 2707 3278 2779 διηγουμένη
3313 2709 3346 2778 ὴ
3381 2705 3502 2758 θεία
3527 2702 3721 2774 Γραφὴ

2133 2804 2300 2872 λέγει,
2335 2802 2562 2872 ἄγγελον
2600 2795 2777 2869 ὦφθαι
2831 2800 2923 2854 τὸν
2967 2798 3373 2852 άποκυλίσαντα
3409 2795 3499 2848 τὸν
3538 2793 3716 2846 λίθον·

453 2906 472 2940 ι
508 2887 677 2943 facies
735 2887 855 2955 ejus
918 2896 978 2941 ut
1030 2887 1235 2958 fulgur,
1294 2889 1620 2944 vestimenta
1677 2899 1858 2947 autem
1908 2893 2028 2948 alba

2133 2894 2252 2948 εἶτα
2277 2895 2648 2965 διαγράφουσα
2679 2887 2791 2956 οἷός
2823 2909 2906 2955 τις
2934 2887 3024 2962 ἦν,
3056 2891 3150 2944 καὶ
3173 2892 3323 2952 ὅπως
3351 2886 3532 2957 ὤφθη,
3561 2904 3580 2936 ι
3610 2880 3720 2937 τΗν

448 2992 706 3050 tanquam
739 2980 833 3034 nix
867 2980 1039 3036 ¹¹.»Ει
1058 2991 1181 3050 post
1211 2979 1427 3034 Domini
1461 2981 1514 3035 in
1539 2983 1737 3036 caelum
1773 2983 2028 3050 reditum,

2131 2983 2317 3050 αὑτοῦ,
2349 3003 2367 3037 ι
2403 2985 2588 3054 φησὶν,
2621 3000 2641 3035 ι
2672 2985 2704 3053 ή
2747 2982 2893 3036 εἰδέα
2924 2981 3001 3045 ὼς
3028 2977 3304 3051 ἀστραπὴ,
3330 2977 3400 3032 τά
3435 2977 3490 3030 δὲ
3529 2975 3724 3045 ἱμάτια

447 3070 636 3124 hiante
700 3085 797 3126 ore
845 3070 1195 3139 stupentibus
1238 3069 1306 3124 ad
1347 3071 1424 3124 rei
1460 3071 1759 3127 novitatem
1795 3074 2028 3143 discipu-

2133 3076 2303 3129 λευκά
2332 3075 2407 3138 ὡς
2438 3073 2594 3145 χιών.
2647 3093 2664 3125 ι
2702 3073 2813 3126 Καὶ
2853 3071 2991 3145 μετά
3033 3073 3132 3142 τὴν
3170 3070 3354 3125 ἄνοδον
3391 3068 3446 3122 δὲ
3478 3067 3571 3120 τοῦ
3606 3068 3724 3120 Κυ-

447 3160 640 3224 lis",¢
664 3162 824 3222 Ecce,
855 3179 874 3212 ι
917 3160 1114 3229 inquit,
1146 3178 1165 3210 ι
1197 3159 1309 3214 duo
1343 3161 1444 3214 viri
1481 3163 1776 3217 astiterunt
1806 3164 1859 3218 in
1883 3172 2028 3220 veste

2136 3167 2252 3240 ρίου
2291 3167 2390 3238 τὴν
2415 3168 2496 3229 εἰς
2531 3166 2778 3238 οὐρανὸν,
2808 3165 3114 3236 κεχηνότων
3144 3163 3280 3234 πρὸς
3309 3161 3406 3232 τὴν
3438 3160 3532 3214 τοῦ
3561 3175 3723 3228 γεγο-

448 3249 702 3304 candida.
735 3268 753 3300 ι
789 3249 958 3302 Erant
992 3215 1189 3303 laut'em
1232 3250 1429 3320 angeli,
1459 3250 1552 3320 qui
1582 3250 1884 3322 discipulos
1914 3269 2027 3308 rem

2133 3215 2284 3323 νότος
2313 3215 2621 3330 καινότηταΓ
2634 3257 2742 3311 τῶν
2764 3215 3050 3328 μαθητῶν,
3084 3275 3102 3307 ι
3137 3215 3292 3320 Ἰδοὺ,
3335 3215 3540 3322 ιιφησὶ,
3577 3271 3594 3304 ι
3626 3250 3725 3304 δύο

449 3349 655 3409 gestam
688 3340 976 3394 docebant.
1004 3337 1207 3395 Eodem
1237 3340 1396 3396 modo
1421 3356 1569 3396 nunc
1586 3343 1748 3397 etiam
1773 3343 2024 3414 angelum

2133 3350 2323 3422 ἄνδρες
2347 3352 2688 3422 εἰστήκεισαν
2709 3350 2765 3401 ὲν
2801 3349 2988 3420 ἐσθῆτι
3011 3348 3210 3418 λευκῇ·
3246 3366 3265 3399 ι
3298 3341 3438 3417 ἦσαν
3461 3346 3518 3399 δὲ
3551 3345 3727 3412 ἄγγε-

449 3431 594 3485 videt
621 3431 886 3502 pr0pheta
914 3447 942 3486 a
967 3433 1141 3514 gratia
1173 3435 1400 3490 missum
1430 3435 1500 3491 ob
1516 3450 1580 3490 ea
1593 3435 2028 3493 administranda

2133 3441 2214 3493 λοι
2252 3441 2590 3504 διδάσκοντες
2628 3439 2826 3504 αὐτοὺς
2862 3438 2899 3492 ἃ.
2934 3441 3210 3508 προσῆκον
3238 3433 3305 3507 ἦν
3343 3437 3436 3490 ἐπὶ
3469 3439 3582 3498 τοῖς
3627 3451 3725 3503 γε-

451 3537 572 3590 ῳιιιι
601 3521 852 3576 humanae
877 3523 1037 3578 saluti
1079 3524 1390 3582 conferunt.

2133 3533 2347 3600 γονόσιν
2371 3532 2586 3586 εἰδέναι,
2637 3530 2740 3583 Τὸν
2792 3529 2956 3583 αὐτὸν
2991 3529 3056 3599 δὴ
3092 3529 3290 3599 τρόπον
3330 3527 3608 3582 κάνταῦθα.
3657 3527 3724 3578 ὲν

449 3610 737 3682 ἀνθρώπου
775 3615 955 3684 μορφῇ
996 3613 1225 3682 ἄγγελον
1265 3614 1462 3687 θεωρεῖ
1503 3617 1638 3688 πρὸς
1684 3617 1986 3693 ὑπουργίαν
2026 3621 2129 3675 ὑπὸ
2166 3623 2263 3694 τῆς
2296 3624 2517 3694 χάριτος
2555 3623 2886 3694 τεταγμένον
2918 3621 3025 3676 τῶν
3057 3623 3137 3685 είς
3172 3619 3448 3692 σωτηρίαν
3479 3621 3726 3690 ήκόντων

446 3702 812 3776 ἀνθρωπίνην.

527 3800 694 3856 Vens.
709 3799 1360 3872 9,10.—Speciesitaque
1383 3806 1609 3854 externa
1647 3801 1898 3871 angelum
1938 3820 2028 3858 ex-

2205 3805 2353 3875 Στίχ.
2381 3809 2455 3873 θ’,
2482 3803 2531 3859 ι’.
2561 3837 2628 3849 -
2650 3805 2716 3858 Ἥ
2743 3805 2840 3876 μὲν
2869 3799 2963 3856 οὖν
2995 3803 3116 3872 ὕψις
3141 3800 3371 3871 ἄγγελον
3394 3799 3579 3871 ἐδήλου
3597 3815 3609 3829 ·
3651 3801 3726 3854 τὰ

451 3885 672 3939 bibebat
707 3897 803 3952 ;at
833 3888 1008 3956 ipsius
1059 3888 1339 3957 adjuncta,
1377 3890 1755 3958 significabant
1785 3907 1873 3949 res
1911 3910 2028 3965 qua

2135 3899 2264 3970 περὶ
2299 3898 2459 3952 αὑτὸν
2491 3897 2547 3950 δὲ
2591 3893 2658 3968 ἦν
2699 3897 2970 3968 μηνυτικά
3006 3895 3376 3966 πραγμάτων·
3417 3893 3585 3946 ἵππου
3619 3893 3722 3962 μὲν

453 3976 672 4031 ﬁebant.
701 3973 909 4046 Equum
933 3977 1114 4048 itaque
1139 3978 1506 4044 inscenderat,
1531 3981 1601 4035 ob
1617 3981 2028 4052 signiﬁcandum

2133 3986 2225 4044 οὖν
2247 3989 2595 4060 ἐπιϐεϐλήκει
2619 3991 2697 4053 είς
2713 3989 2944 4060 δήλωσιν
2967 3989 3060 4042 τοῦ
3079 3987 3297 4058 τάχους,
3318 3985 3436 4056 μεθ’
3457 3979 3517 4038 οὗ
3541 3985 3726 4038 πάντα

452 4066 811 4135 celeritatem,
847 4083 954 4138 qua
988 4070 1170 4123 omnia
1201 4071 1427 4141 exsequi
1453 4072 1758 4130 invisibiles
1789 4085 2030 4146 potesta-

452 4165 534 4213 tes
565 4160 742 4214 solent
762 4159 857 4216 Dei
894 4163 1172 4219 mandata.
1201 4162 1377 4221 Rufus
1427 4176 1610 4224 autem
1665 4178 1783 4224 erat
1829 4187 2028 4242 equus,

448 4250 518 4304 ob
574 4250 710 4305 iram
745 4253 1130 4322 denotandam,
1158 4271 1266 4327 qua
1309 4271 1410 4327 pro
1449 4258 1532 4315 eis
1562 4262 1789 4331 angelus
1839 4273 2029 4318 contra

449 4339 658 4396 alienos
683 4351 800 4396 erat
829 4341 1108 4400 incensus.
1135 4343 1283 4401 Inter
1312 4354 1524 4403 montes
1546 4348 1782 4420 denique
1807 4349 2029 4405 umbro-

447 4447 540 4488 sos
560 4433 883 4488 constiterat
903 4455 915 4490 ε
941 4443 994 4490 et
1014 4445 1227 4492 montes
1244 4438 1462 4507 quidem
1481 4441 1682 4496 celsam
1707 4440 2029 4511 ﬁrmamque

2135 4079 2404 4134 ἐπιτελεῖν
2430 4081 2551 4143 ταῖς
2584 4079 2836 4153 ἀοράτοις
2881 4079 3171 4149 δυνάμεσιν
3197 4076 3357 4147 ἔργον
3388 4075 3536 4130 ἐστὶν
3575 4075 3720 4147 άπερ

2138 4170 2204 4226 ἂν
2247 4170 2512 4244 ἐπιτάττῃ
2549 4171 2710 4234 Θεός·
2745 4171 2822 4241 (p.
2856 4170 2984 4240 445)
3034 4168 3245 4241 πυρῤοὗ
3282 4167 3360 4231 δὲ,
3390 4167 3466 4231 ὡς
3515 4165 3582 4220 ἂν
3625 4166 3722 4219 τὸν

2137 4263 2307 4335 θυμὸν
2326 4263 2543 4334 δεικνύῃ
2584 4262 2641 4316 ὃν
2672 4263 2811 4334 ὑπὲρ
2848 4261 3027 4315 αὐτῶν
3063 4255 3208 4331 εἶχεν
3241 4258 3384 4314 κατὰ
3426 4258 3534 4312 τῶν
3562 4257 3724 4311 uno.

2133 4357 2319 4428 τρίων.
2349 4355 2437 4409 Ἐν
2480 4355 2627 4426 μέσῳ
2664 4355 2722 4407 δὲ
2757 4354 3066 4408 κατασκίων
3096 4352 3265 4422 ὀρέων
3304 4351 3577 4419 εἱστήκειο
3608 4349 3718 4404 τῶν

2137 4449 2236 4519 μὲν
2283 4447 2482 4520 ὀρέων,
2527 4446 2590 4500 τὸ
2630 4446 2830 4518 ὑψηλὸν
2877 4445 2972 4500 καὶ
3020 4443 3244 4515 στερρὸν
3287 4442 3386 4512 τῆς
3433 4441 3717 4510 δυνάμεως

445 4527 743 4594 potentiam
787 4526 966 4598 angeli
1021 4528 1473 4585 administratorii
1544 4531 2027 4596 demonstrabant;

2132 4537 2227 4590 τοῦ
2266 4537 2702 4608 λειτουργοῦντος
2749 4535 2980 4606 φανερὸν
3027 4532 3353 4588 ποιούντωνο
3391 4530 3500 4584 τῶν
3550 4547 3720 4584 κατα-

444 4619 703 4673 umbrosa
766 4629 946 4674 autem
979 4622 1236 4689 qualitas,
1262 4623 1650 4691 perfectionem
1689 4637 1852 4693 quam
1885 4638 2025 4691 pra:-

442 4707 572 4763 bere
602 4711 806 4778 populo
849 4727 951 4766 suo
995 4712 1136 4768 Deus
1163 4715 1514 4783 promiserat.
1554 4714 1860 4784 Interrogat
1894 4729 2027 4783 ergo

444 4801 709 4870 propheta
743 4821 754 4855 :
789 4821 806 4852 ι
833 4802 976 4870 Quid
1007 4803 1135 4858 isti?
1169 4824 1187 4857 ι
1222 4807 1556 4861 revelatione
1576 4821 1701 4861 eum
1726 4804 1818 4859 ad
1848 4806 2025 4859 inter-

444 4892 746 4962 rogandum
807 4895 1140 4964 impellente,
1199 4905 1260 4951 ut
1285 4897 1565 4953 edocendo
1594 4899 1680 4951 via
1725 4895 2021 4967 pandatur.

442 4999 470 5035 ι
507 4983 813 5054 Respondit
842 4994 1050 5050 autem,
1079 4988 1279 5059 inquit,
1307 4989 1535 5058 angelus
1565 4989 1659 5058 qui
1698 4988 2026 5059 loquebatur

2135 4625 2301 4679 σκίων
2331 4626 2406 4690 δὲ,
2437 4625 2668 4697 δήλωσιν
2697 4627 2927 4697 ἐχόντων
2962 4625 3062 4696 τῆς
3108 4623 3316 4693 σκέπης
3353 4622 3420 4693 ἦν
3459 4622 3719 4692 παρέχειν

2131 4717 2161 4769 6
2184 4716 2316 4780 Θεὸς
2357 4716 2738 4787 εὐηγγελίζετο
2781 4716 2858 4788 τῷ
2891 4716 3005 4786 λαῷ
3032 4715 3110 4788 τῷ
3134 4714 3338 4785 οἰκείῳ.
3377 4712 3586 4784 Ἐρωτᾷ
3615 4712 3717 4782 μὲν

2132 4801 2225 4860 οὖν
2273 4809 2302 4859 ὁ
2351 4809 2655 4878 προφήτης,
2694 4827 2712 4859 ι
2757 4809 2821 4861 Τί
2875 4801 3053 4875 οὗτος
3100 4827 3119 4859 ι
3169 4809 3268 4877 τῆς
3317 4802 3717 4871 ἀποκαλύψεως

2132 4899 2269 4971 πρὸς
2312 4898 2410 4970 τὴν
2457 4897 2724 4971 ἐρώτησιν
2773 4899 2943 4969 αὐτὴν
2989 4899 3324 4970 κινησάσης,
3369 4897 3446 4959 ὡς
3505 4895 3571 4950 ἂν
3619 4897 3718 4948 καὶ

2130 4991 2246 5046 ὁδὸν
2273 4993 2306 5063 ή
2331 4990 2643 5046 διδασκαλία
2668 4991 2842 5047 λάϐοι.
2874 5010 2891 5043 ι
2930 4990 3318 5060 ’Λποκρίνεται
3355 4988 3433 5054 δὲ,
3465 5007 3484 5039 ι
3524 4985 3714 5056 φησὶν,

440 5074 503 5131 in
534 5091 662 5131 me:
700 5075 811 5147 Ego
854 5078 1138 5134 ostendam
1185 5080 1280 5135 tibi
1332 5081 1465 5149 quid
1494 5080 1604 5134 sint
1642 5080 1777 5135 haec.
1827 5098 1847 5131 ι
1879 5077 2024 5134 Dicit

2137 5103 2155 5136 ι
2188 5086 2216 5136 6
2247 5082 2472 5152 ἄγγελος
2498 5085 2526 5136 6
2562 5082 2736 5136 λαλῶν
2771 5085 2828 5136 ἐν
2851 5082 2994 5152 ἐμοί·
3032 5080 3172 5150 Ἐγὼ
3207 5079 3366 5147 δείξω
3398 5096 3480 5132 σοι
3515 5079 3568 5131 τί
3596 5077 3717 5130 ἐστι

443 5183 575 5222 vero
596 5169 772 5239 ipsum
818 5170 1020 5234 virum,
1056 5187 1219 5242 quem
1258 5170 1587 5227 insidentem
1616 5187 1757 5241 equo
1787 5171 1910 5228 rufo
1938 5172 2022 5226 vi-

2130 5173 2320 5227 ταῦτα.
2355 5191 2372 5223 ι
2415 5172 2578 5240 Λέγει
2610 5173 2668 5226 δὲ
2707 5172 2868 5226 αὑτὸν
2916 5172 3007 5226 τὸν
3040 5171 3211 5244 ἄνδρα
3241 5170 3300 5226 ὃν
3344 5168 3717 5238 ἐπιὸεσηκότα

442 5261 616 5316 derat.
647 5260 854 5318 idcirco
883 5264 1045 5319 etiam
1068 5264 1259 5335 dixit;
1288 5263 1392 5330 Qui
1426 5265 1750 5334 loquebatur
1779 5264 1833 5318 in
1859 5281 1965 5330 me,
1996 5285 2015 5318 ι

2129 5267 2219 5320 ἐπὶ
2249 5266 2414 5319 ἵππον
2446 5263 2582 5317 εἶδεν
2614 5263 2817 5335 πυρρόν
2839 5279 2850 5293 ·
2887 5263 2976 5317 διὰ
3007 5261 3163 5316 τοῦτο
3193 5261 3287 5315 καὶ
3310 5260 3390 5326 τὸ,
3429 5280 3447 5312 r
3483 5261 3511 5313 6
3535 5257 3717 5314 λαλῶν

510 5426 554 5458 ¹¹
595 5423 786 5482 Matth.
839 5440 1034 5491 xxvtn,
1073 5424 1129 5478 2.
1206 5424 1252 5456 "
1287 5421 1421 5478 Ibid.
1463 5423 1516 5478 5.
1594 5423 1640 5454 ⁸³
1681 5423 1801 5478 Act.
1845 5439 1883 5490 ι,
1928 5424 2012 5479 10.

2129 5605 2224 5657 tre,
2263 5596 2498 5649 auntiavi
2544 5595 2684 5649 vobis
2720 5593 2908 5664 (Joau.
2951 5612 3039 5657 xv,
3083 5593 3188 5664 15).
3232 5611 3248 5643 ι
3281 5591 3427 5664 (ρῖἀυεΔ
3470 5606 3595 5660 ergo
3647 5605 3717 5644 ne

2125 5665 2366 5734 Apostoli
2405 5667 2605 5719 dictum
2647 5661 2940 5732 pervertas,
2982 5663 3120 5736 quod
3163 5663 3327 5719 aliaat
3377 5661 3439 5717 ob
3493 5675 3714 5716 causam

2126 5737 2393 5805 prolatum
2423 5737 2544 5803 fuit.

2199 5808 2309 5877 (65)
2352 5807 2424 5860 Ita
2459 5806 2580 5861 cod.

441 5592 725 5652 secundum
779 5596 1086 5661 angelorum
1137 5597 1529 5661 substantiam,
1591 5596 1683 5650 sed
1735 5597 2016 5650 secundum

443 5681 615 5724 suam,
647 5664 702 5717 id
732 5673 808 5718 est
844 5664 1076 5722 Domim'.
1127 5668 1188 5723 Si
1224 5670 1363 5722 enim
1409 5669 1600 5722 missus
1640 5668 1739 5735 fuit
1779 5684 1814 5719 a
1856 5666 2018 5720 Patre

443 5745 697 5809 tanquam
727 5747 998 5809 causante,
1028 5740 1240 5809 angelus
1270 5750 1380 5805 est;
1409 5741 1669 5794 nuntiavit
1703 5738 1840 5809 enim
1870 5737 2019 5809 nobis

444 5805 704 5868 salutem;
737 5815 792 5858 ut
830 5807 1024 5871 alicubi
1062 5805 1168 5880 ipse
1196 5811 1321 5865 dicit
1351 5826 1368 5864 .'
1417 5828 1434 5861 ι
1471 5809 1600 5876 Qum
1641 5806 1818 5862 audivi
1850 5826 1880 5861 a
1915 5807 2018 5861 Pa-
