4118 6482
1611 416 1957 473 THEODORI
2001 418 2483 476 MOPSUESTENI

3575 425 3679 478 512

422 537 522 593 par
549 529 664 576 erat
693 519 1008 588 participes,
1038 518 1105 573 de
1127 519 1422 576 antedictis
1475 522 1862 594 loquebantur,
1899 525 1991 580 alii

2117 527 2268 580 ;θνῶν
2298 527 2435 580 κατά
2470 526 2702 598 ἀριθμὸν
2753 527 2998 597 ἀγγέλων
3029 529 3186 586 Θεοῦ.
3214 549 3234 583 ι
3279 532 3487 604 Ὥσπερ
3513 528 3605 588 οῦν
3629 536 3678 589 οι

419 629 550 667 vero
593 611 757 666 etiam
819 610 1038 664 aiebant
1094 611 1410 667 universam
1450 620 1650 668 terram
1708 616 1761 669 in
1819 619 2003 686 quiete

421 705 629 759 versari
655 721 671 769 ;
711 719 774 758 ex
810 703 896 757 bis
927 703 1018 757 ille
1043 719 1263 773 quoque
1291 707 1638 762 occasionem
1677 716 1873 764 nactus
1893 717 1999 775 est,

419 797 511 865 qui
555 797 696 849 inter
747 795 1038 850 umbrosos
1082 803 1296 850 montes
1326 797 1643 867 apparebat,
1691 815 1791 854 ceu
1819 802 2000 870 papuli

421 887 524 941 sibi
554 902 686 940 cura
717 886 1053 950 concredita,
1073 901 1138 941 ac
1166 887 1357 942 dolens
1380 888 1544 942 veluti
1571 890 1715 958 quod
1733 905 1858 944 eum
1883 907 2003 946 om-

421 981 510 1033 nia
542 979 724 1046 quiete
760 989 1000 1048 agerent,
1027 978 1198 1031 solius
1229 977 1569 1034 Hierusalem
1595 982 2003 1037 resturbaren-

425 1079 532 1134 tur,
556 1070 926 1133 occasionem,
951 1071 1193 1139 inquam,
1217 1071 1364 1140 cepit
1389 1085 1604 1140 precem
1630 1074 1921 1142 quamdam
1949 1083 2004 1129 et

423 1160 857 1213 obsecrationem
906 1175 1004 1228 pro
1049 1161 1310 1215 universo
1344 1163 1544 1231 populo
1573 1161 1665 1217 Dei
1713 1163 1998 1219 oﬂerendi.

433 1268 449 1298 ι
472 1247 774 1318 Respondit
797 1250 964 1316 enim,
1002 1251 1197 1320 inquit,
1221 1253 1448 1322 angelus
1473 1252 1683 1307 Domini
1755 1256 2005 1327 dixitque

427 1338 541 1401 (ille
565 1338 774 1392 scilicet
802 1339 895 1407 qui
930 1339 1069 1393 inter
1095 1349 1308 1396 montes
1346 1343 1715 1409 consistebat;
1748 1359 1870 1398 nam
1899 1361 2004 1399 cae.

428 1429 530 1482 teri
573 1428 883 1483 universam
927 1440 1128 1483 terram
1178 1431 1432 1484 dixerant
1469 1429 1707 1486 habitari
1755 1440 1809 1487 et
1843 1434 2004 1502 quie-

430 1520 602 1589 scere)
630 1541 641 1574 :
737 1519 962 1574 Domine
988 1522 1357 1591 omnipotens,
1392 1538 1680 1594 quousque
1705 1539 1813 1578 non
1840 1525 2004 1579 mise-

426 1612 633 1666 reberis
667 1609 1022 1675 Hierusalem,
1059 1613 1389 1683 urbiumque
1413 1613 1588 1678 Judae,
1619 1631 1758 1684 quas
1784 1623 2005 1684 septua-

425 1707 573 1771 ginta
600 1703 712 1772 jam
744 1718 918 1757 annos
950 1715 1280 1772 aspernatus
1303 1706 1441 1760 es?»
1485 1705 1682 1762 Dicens
1713 1723 2005 1778 propemo-

425 1793 554 1847 dum
580 1812 591 1846 :
631 1793 856 1848 Caeteris
881 1796 1134 1864 gentibus
1161 1797 1440 1861 omnibus,
1474 1805 1652 1852 tutum
1675 1799 1889 1868 praebes
1918 1799 2003 1852 in-

2103 616 2278 669 λοιποὶ
2307 616 2415 671 τῶν
2441 616 2688 685 ἀγγέλων
2719 617 3098 682 κοινωνοῦντες
3122 618 3198 683 ὡς
3228 621 3372 684 εἰκὸς
3393 623 3489 692 τῆς
3523 641 3682 693 φρον-

2102 704 2246 768 τίδος
2279 706 2409 777 περὶ
2437 704 2543 758 τῶν
2573 708 2947 778 προκειμένων
2969 707 3293 777 διελέγοντο,
3331 710 3380 763 οἳ
3417 712 3512 763 καὶ¹
3539 712 3679 783 ἐμή-

2106 814 2273 850 νυσαν
2307 797 2455 867 αύτῷ
2482 798 2543 850 τὸ
2565 799 2746 850 πᾶσαν
2777 797 2875 868 τὴν
2902 798 3004 866 γῆν
3032 799 3090 850 ἐν
3121 799 3322 871 ἠσυχίᾳ
3353 799 3681 855 καθεστάναι

2103 889 2223 942 τότε
2246 906 2260 920 ·
2291 890 2382 957 ἀφ’
2411 882 2486 942 ῶν
2521 890 2582 960 δὴ
2617 890 2709 943 καὶ
2739 888 2922 961 χώραν
2949 891 3154 954 ἐκεῖνος
3190 890 3369 944 λαϐὼν
3409 892 3682 961 ἀναμέσον

2103 982 2213 1033 τῶν
2240 982 2551 1034 κατασκίων
2577 981 2749 1051 ὁρέων
2771 980 2990 1050 ὀφθεὶς,
3020 981 3092 1052 (ρ.
3118 981 3242 1052 448)
3263 982 3338 1045 ὡς
3366 983 3432 1036 ἂν
3460 983 3558 1053 τὴν
3587 983 3680 1036 τοῦ

2104 1071 2236 1124 λαοῦ
2262 1073 2516 1142 φροντίδα
2558 1072 3015 1143 πεπιστευμένος,
3046 1074 3140 1126 καί
3169 1090 3220 1126 τι
3269 1074 3361 1126 καὶ
3400 1073 3588 1128 παθὼν
3632 1077 3680 1127 εί

2107 1161 2284 1214 πάντα
2326 1161 2424 1231 μὲν
2453 1161 2599 1214 ἐστιν
2626 1165 2682 1215 ἐν
2717 1163 2950 1232 ἡσυχίᾳ,
2983 1161 3053 1215 τά
3092 1162 3232 1215 κατά
3269 1161 3367 1232 τὴν
3406 1164 3680 1233 Ἰερουσα-

2103 1252 2213 1322 λὴμ
2253 1252 2309 1304 δὲ
2366 1251 2784 1322 διατετάρακται
2822 1253 2978 1322 μόνα,
2999 1253 3163 1323 εὐχήν
3197 1269 3317 1304 τινα
3363 1252 3459 1304 καὶ
3499 1253 3682 1323 δέησιν

2105 1343 2246 1413 ὑπὲρ
2277 1342 2475 1407 παντὸς
2508 1343 2602 1396 τοῦ
2643 1342 2829 1408 ἔθνους
2861 1345 3132 1416 προσάγει
3177 1345 3256 1418 τῷ
3291 1343 3429 1414 Θεῷ.
3477 1363 3495 1393 ι
3520 1345 3682 1397 Ἀπε-

2105 1433 2268 1504 κρίθη
2300 1434 2408 1504 γὰρ
2430 1476 2444 1500 ,
2483 1436 2646 1504 φησιν
2671 1473 2686 1498 ,
2728 1437 2756 1487 6
2782 1435 3013 1504 ἄγγελος
3049 1436 3253 1507 Κυρίου
3305 1436 3398 1489 καὶ
3452 1431 3622 1487 εἶπεν.
3661 1454 3677 1486 ι

2118 1527 2353 1589 Ἐκεῖνος
2393 1526 2457 1596 δὴ
2502 1526 2530 1578 6
2571 1527 2845 1596 ἀναμέσον
2876 1527 2984 1580 τῶν
3033 1527 3203 1599 ὀρέων
3233 1526 3472 1596 ἐφεστὼς
3497 1567 3511 1589 ,
3546 1529 3684 1598 ὅπερ

2104 1611 2197 1669 οὖν
2247 1612 2399 1668 εἷπον
2427 1617 2476 1667 οί
2523 1614 2700 1668 λοιποὶ
2734 1615 2795 1668 τὸ
2829 1618 3008 1670 πᾶσαν
3035 1615 3134 1686 τὴν
3166 1617 3269 1685 γῆν
3314 1615 3684 1668 κατοικεῖσθαι

2105 1707 2198 1760 καὶ
2225 1706 2538 1776 ἡσυχάζειν.
2581 1725 2598 1756 ι
2624 1705 2795 1776 Κύριε
2838 1705 3264 1777 παντοκράτωρ,
3293 1706 3396 1768 ἓως
3435 1705 3576 1768 τίνος
3621 1705 3682 1756 οὐ

2110 1797 2184 1867 μὴ
2206 1796 2434 1868 ἐλεήσῃς
2462 1797 2562 1866 τὴν
2607 1796 2961 1867 Ἰερουσαλὴμ
2988 1797 3082 1848 καὶ
3125 1796 3223 1860 τάς
3272 1796 3452 1859 πόλεις
3492 1794 3682 1855 Ἰούδα,

425 1885 662 1938 colatum
691 1895 745 1940 et
772 1886 1031 1955 quietem,
1066 1887 1119 1940 iu
1143 1902 1250 1957 qua
1304 1889 1427 1945 illas
1458 1889 1665 1944 versari
1702 1890 2004 1958 concedis;

2117 1887 2172 1950 λς
2200 1887 2480 1958 ὑπερεῖδες
2531 1887 2689 1941 τοῦτο
2715 1888 3112 1958 ἑϐδομηκοστὸν
3137 1888 3255 1951 ἔτος
3278 1907 3291 1954 ;
3321 1908 3338 1939 ι
3388 1890 3687 1957 Μονονουχὶ

426 1976 542 2028 sola
575 1991 702 2030 vero
743 1988 859 2042 tua,
922 1986 982 2032 ut
1028 1979 1262 2045 videtur,
1307 1979 1647 2037 Hierusalem
1682 1989 1738 2036 et
1787 1982 2009 2052 reliqua:

425 2063 578 2120 Iudae
603 2065 855 2121 civitates
880 2071 1161 2124 communi
1195 2071 1299 2124 hoc
1326 2087 1437 2126 non
1468 2071 1730 2126 fruuntur
1758 2086 2006 2126 munere.

428 2153 536 2210 Sed
582 2159 842 2224 quoniam
893 2159 969 2213 rei
1017 2160 1183 2230 hujus
1212 2177 1380 2217 causa
1414 2171 1636 2231 peccata
1657 2163 2006 2227 exstiterunt,

426 2256 588 2314 atque
635 2250 934 2320 impietatis
989 2253 1259 2320 studium,
1321 2254 1486 2324 297
1533 2264 1587 2309 et
1637 2255 2005 2320 contumacia,

427 2343 802 2397 misericordia
847 2345 1007 2400 malis
1047 2345 1172 2414 ejus
1209 2347 1475 2409 medetor,
1520 2356 1575 2402 et
1605 2362 1875 2401 annorum
1910 2363 2012 2399 nu-

428 2447 642 2486 merum
680 2435 986 2503 respiciens
1015 2437 1218 2507 quibus
1252 2438 1336 2493 ltis
1381 2449 1710 2509 premuntur
1733 2439 2014 2493 calamita-

429 2524 597 2590 tibus,
638 2526 996 2583 suﬂicientem
1024 2529 1138 2598 jam
1170 2531 1410 2599 peccatis
1440 2532 1738 2586 arbitrator
1771 2532 2014 2600 punitiov

427 2626 550 2664 nem
591 2613 733 2666 mala
770 2613 904 2674 haec.
939 2631 1061 2684 qua:
1097 2617 1247 2685 ipsos
1281 2626 1438 2671 tanto
1467 2609 1714 2688 tempore
1744 2619 2006 2672 obruunt.

428 2703 795 2769 Quamobrem
850 2710 1138 2764 clementia
1191 2721 1282 2765 tua
1333 2724 1558 2781 peccato
1611 2713 1758 2766 omni
1807 2711 2006 2774 deleto,

429 2795 717 2864 pristinam
771 2799 940 2852 redde
987 2800 1428 2870 prosperitatem,
1487 2810 1547 2854 ut
1573 2809 1628 2856 et
1668 2800 2008 2854 Hierusalem

426 2887 583 2956 juxta
628 2889 865 2956 priorem
905 2888 1134 2944 formam
1163 2891 1486 2957 asdiﬁcetur,
1521 2899 1575 2946 et
1608 2891 1831 2962 reliqua:
1855 2889 2010 2944 Judae

428 2977 680 3032 civitates
711 2979 893 3033 denuo
923 2980 1256 3034 consistant.

2104 1980 2299 2046 λέγων,
2324 1981 2464 2033 Πᾶσι
2492 1982 2604 2043 τοῖς
2622 1981 2827 2043 λοιποῖς
2847 1980 3024 2033 ἔθνεσι
3045 1982 3156 2043 τοῖς
3177 1980 3314 2033 κατά
3339 1980 3440 2048 γῆν
3470 1979 3686 2048 ἀσφαλῆ

2106 2068 2380 2139 παρέσχες
2401 2068 2498 2139 τὴν
2521 2071 2732 2140 οἴκησιν
2762 2069 2856 2122 καὶ
2885 2070 2983 2140 τὴν
3009 2069 3239 2139 ἡσυχίαν
3263 2110 3276 2131 ,
3315 2069 3432 2138 μεθ’
3459 2063 3528 2140 ἦς
3560 2068 3689 2120 ἐτα-

2108 2159 2205 2224 ξας
2232 2159 2438 2228 διάγειν
2471 2160 2667 2224 αὐτούς
2687 2177 2700 2190 ο
2730 2161 2866 2230 μόνη
2885 2160 2940 2213 δὲ
2981 2162 3013 2230 ὴ
3043 2159 3109 2230 σὴ
3148 2160 3222 2222 ὡς
3245 2159 3420 2212 ἔοικεν
3443 2199 3458 2222 ,
3487 2159 3688 2230 Ἰερου-

2061 2288 2066 2293 .
2111 2248 2293 2318 σαλὴμ
2338 2250 2432 2300 καὶ
2472 2249 2527 2302 αἱ
2573 2251 2758 2302 λοιπαὶ
2805 2249 2898 2302 τοῦ
2943 2249 3111 2303 Ἰούδα
3157 2249 3338 2312 πόλεις
3375 2249 3471 2319 τῆς
3504 2249 3691 2318 κοινῆς

2107 2339 2307 2408 ταύτης
2352 2341 2452 2392 ούκ
2512 2339 2844 2393 ἀπολαύουσι
2908 2341 3134 2410 δωρεᾶς.
3201 2339 3338 2392 Ἀλλ’
3393 2341 3690 2412 ἐπειδήπερ

2108 2428 2256 2481 αἰτία
2293 2429 2496 2483 τούτων
2525 2431 2708 2493 αὐτοῖς
2735 2430 2804 2482 τά
2859 2430 3232 2500 ἁμαρτήματα
3265 2429 3484 2498 γέγονε,
3532 2429 3626 2483 καὶ
3657 2432 3689 2499 ἠ

2106 2522 2207 2590 τῆς
2254 2522 2506 2584 ἀσεϐείας
2539 2521 2841 2592 ἐπιμέλεια,
2878 2522 2972 2574 καὶ
3004 2521 3065 2572 τὸ
3095 2520 3377 2584 δυσπειθὲς
3404 2562 3418 2584 ,
3453 2520 3586 2588 ἐλέῳ
3625 2521 3690 2589 δὴ

2106 2612 2176 2664 τὰ
2210 2615 2330 2666 κατ’
2366 2613 2533 2676 αὑτὰς
2563 2614 2742 2675 ῐασαι,
2779 2611 2811 2682 ἧ
2851 2612 2986 2682 πρὸς
3021 2612 3111 2664 τὸν
3142 2611 3375 2682 ἀριθμὸν
3413 2611 3521 2665 τῶν
3554 2611 3693 2664 ἐτῶν

2118 2703 2432 2772 ἀποϐλέψας
2468 2705 2526 2756 ἐν
2563 2698 2644 2766 οἷς
2693 2706 2751 2756 ἐν
2782 2707 2904 2767 ταῖς
2935 2706 3240 2775 συμφοραῖς
3279 2705 3533 2773 γεγόνασι
3561 2703 3694 2756 ταύ-

2116 2812 2268 2857 ταις,
2298 2793 2571 2864 ἀρκοῦσαν
2601 2795 2740 2865 ὑπὲρ
2771 2789 2846 2848 ῶν
2869 2797 3116 2866 ἥμαρτον
3153 2795 3363 2863 λόγισαι
3388 2796 3488 2865 τὴν
3519 2812 3693 2866 τιμω-

2121 2886 2240 2955 ρίαν
2268 2887 2372 2938 τῶν
2419 2888 2474 2939 ἐν
2525 2887 2765 2958 τοσούτῳ
2808 2888 2984 2958 χρόνῳ
3014 2890 3454 2959 περιεσχηκότων
3498 2889 3696 2953 αὐτοὺς

2116 2979 2302 3033 κακῶν
2324 2996 2336 3009 ·
2376 2979 2509 3049 ἐλέῳ
2539 2997 2599 3032 τε
2621 2980 2804 3050 οἰκείῳ
2820 2979 2888 3032 τὰ
2920 2981 3293 3052 ἁμαρτήματα
3314 2981 3492 3035 αὐτῶν
3520 2999 3692 3052 παραυ

430 3067 777 3137 γραψάμενος
803 3068 1036 3131 ἅπαντα,
1066 3071 1159 3122 καὶ
1200 3070 1296 3140 τὴν
1339 3070 1576 3124 παλαιάν
1604 3071 1784 3134 αὐτοῖς
1823 3071 2054 3134 ἀποδοὺς
2083 3069 2385 3140 εὐπραγίαν
2409 3088 2422 3101 ·
2460 3071 2600 3124 ὥστε
2635 3071 2729 3124 καὶ
2759 3071 2860 3141 τὴν
2893 3071 3246 3142 Ἰερουσαλὴμ
3278 3073 3582 3143 οἰκισθῆναι
3635 3073 3697 3125 τδ

432 3159 696 3232 πρότερον
749 3163 936 3233 σχῆμα
1008 3164 1229 3228 καὶτὰς
1255 3165 1449 3229 λοιπὰς
1481 3166 1574 3219 τοῦ
1619 3166 1790 3220 Ἰούδα
1831 3167 2012 3230 πόλεις
2051 3163 2204 3231 αὖθις
2237 3168 2517 3238 συστῆναι.

501 3251 670 3308 Vens.
708 3255 788 3318 I3,
813 3254 894 3307 Π.
923 3283 985 3292 -
1015 3255 1242 3325 Insuper
1270 3259 1446 3327 pergit
1474 3259 1691 3312 dicere:
1727 3277 1744 3308 ι
1768 3257 2013 3326 Respon-

2187 3259 2334 3327 Στίχ.
2365 3265 2456 3326 ιγ’,
2484 3259 2568 3323 ιζ’.
2595 3289 2663 3300 -
2683 3259 2826 3330 Πρὸς
2856 3257 2912 3312 δὲ
2936 3256 3113 3310 ταῦτα
3134 3257 3358 3326 ἐπάγειο
3380 3275 3398 3308 ι
3426 3258 3537 3310 Καὶ
3566 3259 3700 3310 ἀπε-

432 3346 625 3413 ditque
658 3345 926 3400 Dominus
955 3349 1306 3418 omnipotens
1342 3351 1536 3420 angelo
1564 3350 1804 3419 loquenti
1840 3350 1894 3403 in
1931 3365 2016 3404 me

432 3433 576 3487 bona
606 3435 768 3488 verba
815 3444 870 3489 et
916 3451 1198 3493 sermones
1249 3440 1719 3494 consolatorios.»
1760 3439 2017 3495 Ostendit

436 3524 524 3580 his
576 3525 759 3582 verbis
814 3527 957 3582 hanc
1011 3545 1132 3584 esse
1181 3531 1485 3585 orationem
1535 3531 1684 3584 illius
1734 3529 1827 3600 qui
1877 3533 2018 3584 inter

435 3626 650 3672 montes
699 3619 992 3675 umbrosos
1046 3622 1372 3691 loquebatur
1415 3623 1468 3676 in
1507 3636 1606 3678 eo:
1669 3619 1756 3676 cui
1829 3617 2008 3688 inquit

436 3711 791 3780 respondisse
884 3712 1054 3766 Deum
1107 3713 1296 3783 plenos
1347 3713 1685 3783 benignitate
1733 3727 2018 3768 sermones

437 3802 843 3873 multorumque
893 3804 1162 3859 bonorum
1210 3806 1596 3874 promissor-cs,
1652 3803 1858 3873 quique
1904 3818 2020 3857 om—

438 3893 569 3947 nino
625 3895 690 3948 ad
733 3897 1131 3952 consolandum
1177 3897 1490 3952 suﬂicerent
1541 3895 1792 3950 homines
1831 3895 1886 3948 in
1939 3902 2020 3948 tot

437 3985 716 4054 tantisque
763 3989 1030 4055 angustiis
1077 3997 1384 4044 versantes.
1418 3986 1633 4052 Quibus
1673 3984 1857 4040 verbis
1903 3985 2020 4055 ipse

439 4077 666 4146 angelus
707 4079 774 4131 ad
814 4078 1068 4133 ﬁduciam
1109 4088 1348 4143 erectus,
1400 4077 1675 4146 signiﬁcat
1711 4076 2014 4147 propheta),

440 4183 563 4236 quae
608 4169 711 4224 sibi
771 4169 912 4224 Deus
967 4170 1181 4225 dixerat
1230 4169 1470 4223 maxima
1525 4169 1667 4223 bona
1717 4167 2018 4237 spondeus,

441 4275 564 4327 qua:
593 4259 859 4331 deinceps
891 4261 1011 4315 urbi
1052 4260 1389 4316 Hierusalem
1425 4259 1692 4315 conferet.
1730 4279 1749 4311 ι
1771 4257 2022 4328 Dixitque

445 4353 825 4423 trtibiangelus
851 4355 941 4423 qui
970 4355 1022 4408 in
1049 4370 1135 4408 me
1167 4354 1525 4423 loquebatur:
1557 4353 1766 4416 clama,
1793 4351 2016 4405 dicens:

448 4447 574 4500 Haec
638 4445 771 4498 dicit
793 4442 1056 4500 Dominus
1077 4445 1460 4513 omnipotens:
1499 4442 1718 4498 Zelatus
1739 4457 1860 4496 sum
1890 4440 2022 4494 Sion

445 4542 609 4603 atque
655 4535 997 4591 Hierusalem
1044 4537 1163 4592 zelo
1205 4552 1420 4607 magno.
1460 4535 1526 4589 Et
1564 4535 1644 4590 ira
1686 4549 1882 4605 magna
1913 4533 2023 4586 ira-

2123 3347 2283 3418 κρίθη
2305 3347 2508 3417 Κύριος
2533 3348 2925 3420 παντοκράτωρ
2951 3347 3029 3419 τῷ
3047 3346 3262 3417 ἀγγέλῳ
3283 3347 3359 3418 τῷ
3377 3346 3625 3399 λαλοῦντι
3643 3350 3700 3400 ἐν

2123 3440 2246 3508 ἐμοὶ
2259 3442 2476 3510 ῥήματα
2489 3440 2627 3493 κοιλά
2643 3441 2737 3493 καὶ
2747 3440 2935 3508 λόγους
2947 3457 3022 3492 πα
3030 3439 3412 3510 ρακλητικούς.
3435 3458 3451 3490 ι
3475 3439 3549 3510 (p.
3569 3439 3700 3506 449)

2127 3531 2333 3598 Ἐδειξε
2366 3531 2461 3584 καὶ
2499 3531 2586 3584 διὰ
2613 3530 2804 3584 τούτου
2837 3532 2920 3584 ὅτι
2950 3530 3114 3583 αὐτοῦ
3158 3530 3250 3583 τοῦ
3295 3529 3566 3600 ἀναμέσον
3592 3529 3703 3582 τῶν

2122 3622 2294 3692 ὀρέων
2325 3622 2431 3674 τῶν
2459 3623 2768 3675 κατασκίων
2813 3621 2908 3674 τοῦ
2937 3619 3224 3682 λαλοῦντος
3272 3620 3330 3672 ἐν
3357 3617 3504 3688 αὐτῷ
3540 3619 3633 3671 καὶ
3666 3620 3701 3687 ἡ

2123 3713 2304 3783 δέησις
2324 3709 2391 3783 ἦν
2418 3712 2556 3781 αῦτη
2580 3729 2593 3742 ⁸
2624 3712 2759 3784 πρὸς
2785 3712 2844 3765 ὃν
2863 3712 3011 3780 λέγει
3038 3711 3129 3764 τὸν
3156 3711 3288 3764 Θεὸν
3309 3709 3705 3780 ἀποκεκρίσθαι

2126 3802 2330 3872 πολλῆς
2377 3803 2710 3872 ἀγαθότητος
2759 3803 3025 3873 γέμοντας
3078 3803 3296 3870 λόγους,
3352 3802 3446 3855 καὶ
3493 3801 3706 3854 πολλῶν

2127 3895 2347 3964 ἀγαθῶν
2377 3897 2598 3966 ἔχοντας
2632 3896 2966 3964 ἐπαγγελίαν
2989 3935 3004 3958 ,
3039 3896 3133 3948 καὶ
3182 3896 3401 3958 ἱκανοὺς
3446 3894 3708 3947 παντοίαν

2127 3985 2471 4056 παράκλησιν
2498 3988 2608 4048 τοῖς
2635 3987 2691 4038 ἐν
2725 3985 3001 4047 τοσούτοις
3031 4001 3086 4036 τε
3106 3984 3199 4037 καὶ
3219 3983 3495 4047 τοιαύταις
3533 4000 3712 4053 προσο

2129 4081 2354 4146 αγαγεῖν
2400 4079 2683 4145 ἀνάγκαις.
2733 4075 2848 4146 Ἐφ’
2897 4071 2977 4138 οἷς
3028 4077 3091 4146 δὴ
3143 4076 3237 4129 καὶ
3289 4078 3317 4128 ό
3367 4074 3596 4143 ἄγγελος
3648 4075 3711 4127 τὸ

2129 4168 2351 4240 θαρρεῖν
2381 4167 2580 4234 λαϐὼν,
2618 4167 2809 4238 μηνύει
2832 4166 2909 4238 τῷ
2939 4169 3192 4238 προφήτῃ
3225 4161 3421 4237 οἷάπερ
3454 4165 3602 4235 αύτῷ
3629 4166 3712 4217 εῖ-

2132 4276 2263 4329 ρητο
2318 4260 2469 4330 παρά
2523 4259 2615 4311 τοῦ
2649 4259 2784 4311 Θεοῦ
2836 4258 3164 4326 ἐπαγγελίαν
3217 4258 3484 4328 μεγίστων
3517 4257 3712 4327 ἔχοντα

2130 4352 2371 4421 ἀγαθῶν,
2407 4351 2442 4405 ἃ
2472 4353 2600 4422 περὶ
2628 4351 2724 4422 τὴν
2751 4351 3108 4422 Ἰερουσαλὴμ
3134 4351 3456 4416 ἐπιδείξεται
3480 4350 3574 4404 τοῦ
3600 4351 3712 4404 λοι-

2131 4445 2257 4499 ποῦ.
2295 4446 2456 4512 Λέγει
2483 4446 2539 4498 δὲ
2563 4445 2733 4508 οὕτως
2755 4461 2768 4474 °
2808 4463 2825 4497 t
2854 4447 2964 4499 Kal.
2995 4441 3114 4498 εἷπε
3141 4445 3277 4516 πρός
3308 4461 3375 4514 με
3419 4445 3448 4495 6
3480 4443 3711 4512 ἅγγελος

2131 4540 2158 4590 6
2184 4537 2362 4592 λαλῶν
2391 4539 2448 4589 ἐν
2481 4537 2603 4607 ἐμοί
2623 4557 2636 4570 ο
2680 4537 3188 4607 Ἀνάκραγε,λέγων
3214 4552 3226 4564 ⁸
3260 4536 3397 4590 Τάδε
3424 4535 3572 4603 λέγει
3599 4535 3714 4588 Κύ-

445 4642 573 4680 scor
615 4642 716 4698 ego
753 4643 920 4696 super
967 4637 1160 4698 gentes
1193 4643 1316 4697 qua:
1363 4627 1637 4682 hostiliter
1669 4627 2013 4680 invaserunt:

2136 4643 2245 4696 ριος
2272 4626 2694 4696 παντοκράτωρ·
2735 4627 3014 4697 Ἐζήλωκα
3047 4626 3146 4695 τὴν
3177 4624 3314 4678 Σιὼν
3347 4625 3439 4678 καὶ
3470 4624 3567 4694 τὴν
3616 4625 3715 4678 Ἰε-

445 4718 706 4786 quoniam
756 4734 856 4790 ego
893 4720 1107 4774 modice
1139 4720 1315 4774 iratus
1347 4719 1445 4782 fui,
1505 4719 1609 4772 illae
1643 4725 1823 4771 autem
1855 4716 2029 4770 scele-

2131 4715 2411 4787 ρουσαλὴμ
2441 4713 2600 4784 ζῆλον
2635 4716 2807 4786 μέγαν
2837 4735 2851 4747 ·
2889 4718 2982 4770 καὶ
3005 4717 3140 4788 ὀργῇ
3179 4716 3390 4787 μεγάλῃ
3423 4715 3531 4784 ἐγὼ
3554 4717 3716 4787 ὀργίο

446 4819 586 4867 stant
625 4813 1035 4881 aggressionem
1089 4811 1362 4865 fecerunt.
1400 4808 1696 4878 Propterea
1745 4807 1860 4859 haec
1898 4804 2013 4858 dici

2129 4806 2292 4874 ζομαι
2321 4807 2412 4858 ἐπὶ
2443 4807 2512 4860 τὰ
2553 4806 2678 4877 ἔθνη
2727 4809 2794 4862 τά
2826 4808 3275 4878 συνεπιτιθέμενα
3299 4827 3312 4838 ·
3347 4808 3463 4861 ἀνθ’
3497 4801 3571 4861 ὧν
3601 4807 3718 4876 ἐγὼ

448 4903 747 4958 Dominus:
800 4903 1067 4958 Revertar
1097 4902 1162 4955 ad
1187 4901 1527 4956 Hierusalem
1561 4914 1684 4952 cum
1717 4897 2035 4951 misericor-

2135 4901 2233 4969 μὲν
2261 4899 2538 4969 ὠργίσθην
2560 4899 2715 4969 ὀλίγα
2739 4941 2753 4964 ,
2795 4901 2947 4953 αὐτοὶ
2969 4900 3024 4953 δὲ
3057 4899 3409 4952 συνεπέθεντο
3442 4899 3522 4962 εἰς
3544 4899 3715 4953 κακά.

447 4995 559 5058 dia,
596 5006 648 5051 et
678 4997 875 5052 domus
911 5011 1029 5050 mea
1069 5011 1266 5051 rursus
1296 4994 1660 5049 aadilicabitur
1697 4993 1750 5045 in
1784 5007 1869 5054 ea,
1902 4990 2008 5044 dici

2133 4991 2231 5044 Διά
2267 4990 2425 5043 τοῦτο
2475 4991 2599 5044 τάδε
2632 4991 2780 5060 λέγει
2831 4990 3030 5061 Κύριος
3053 5009 3066 5022 ο
3117 4991 3458 5062 Ἐπιστρέψω
3490 4991 3581 5042 ἐπὶ
3619 4991 3711 5042 Ὶεο

451 5085 716 5143 Dominus
745 5087 1118 5156 omnipotens,
1140 5095 1195 5141 et
1219 5099 1474 5140 mensura
1496 5081 1821 5138 extendetur
1851 5080 2030 5134 adhuc

450 5178 505 5233 in
543 5179 905 5234 Hierusalem.
933 5177 1001 5232 Et
1023 5177 1164 5233 dixit
1188 5176 1321 5231 mihi
1343 5175 1569 5246 angelus
1591 5173 1684 5243 qui
1710 5172 2031 5242 loquebatur

450 5272 504 5326 in
537 5288 641 5335 me,
675 5272 886 5335 Clama,
925 5269 1149 5325 dicens:
1193 5268 1321 5323 Hmc
1367 5269 1440 5322 ait
1481 5267 1742 5320 Dominus
1780 5265 2031 5331 omnipo-

450 5371 608 5419 tens:
641 5364 832 5418 Adhuc
859 5363 1080 5416 atlluent
1104 5361 1355 5415 civitates
1385 5359 1564 5422 bonis,
1596 5368 1650 5410 et
1681 5357 2029 5412 miserebitur

453 5458 632 5509 adhuc
663 5454 927 5510 Dominus
953 5453 1108 5517 Sion,
1141 5462 1195 5508 et
1223 5451 1384 5522 eliget
1409 5450 1767 5506 Hierusalem.
1794 5468 1812 5501 ι

530 5726 795 5794 Accepto,
813 5724 1010 5793 inquit,
1034 5725 1135 5778 hoc
1167 5741 1193 5778 a
1220 5725 1326 5779 Deo
1352 5742 1614 5796 l‘t‘SpttllSO
1637 5724 1881 5795 angelus,
1919 5735 2028 5778 tum

461 5821 575 5893 ipse
620 5817 706 5872 his
735 5816 897 5872 dictis
947 5819 1165 5887 gavisus
1200 5827 1306 5887 est,
1361 5828 1474 5874 tum
1532 5835 1617 5874 me
1652 5832 1867 5890 quoque
1901 5833 2032 5872 con-

2140 5082 2423 5154 ρουσαλὴμ
2451 5085 2508 5136 ἐν
2532 5084 2801 5154 οἰκτιρμῷ
2824 5125 2840 5150 ,
2867 5085 2961 5138 καὶ
2991 5087 3019 5137 6
3041 5079 3186 5145 οἶκος
3216 5101 3316 5154 μου
3359 5082 3718 5154 ἀνοικοδομη-

2137 5175 2362 5246 θήσεται
2406 5177 2463 5227 ἐν
2517 5177 2652 5247 αὐτῇ
2680 5217 2694 5240 ,
2728 5177 2876 5244 λέγει
2928 5175 3131 5245 Κύριος
3169 5175 3590 5245 παντοκράτωρ·
3622 5176 3723 5229 καὶ

2140 5265 2337 5336 μέτρον
2364 5265 2720 5336 ἐκταθήσεται
2754 5265 2848 5317 ἐπὶ
2891 5263 3248 5335 Ἰερουσαλὴμ
3299 5263 3400 5318 ἔτι.
3442 5265 3554 5316 Καὶ
3594 5258 3721 5318 εἶπε

2138 5358 2273 5428 πρός
2310 5375 2378 5428 με
2411 5360 2440 5410 6
2467 5356 2694 5426 ἄγγελος
2725 5359 2752 5409 ό
2775 5355 2951 5410 λαλῶν
2986 5357 3044 5410 ἐν
3081 5354 3203 5425 ἐμοί
3229 5373 3241 5386 ·
3291 5355 3612 5426 Ἀνάκραγε,
3631 5354 3725 5408 λέο

2142 5466 2286 5518 γων·
2323 5448 2462 5502 Τάδε
2488 5449 2637 5516 λέγει
2680 5448 2884 5519 Κύριος
2909 5447 3335 5518 παντοκράτωρο
3372 5448 3494 5500 Ἔτι
3535 5447 3735 5518 διαχυ-

2139 5541 2395 5612 θήσονται
2429 5540 2609 5602 πόλεις
2638 5539 2694 5594 ἐν
2723 5539 2948 5607 ἀγαθοῖς
2966 5579 2981 5602 ,
3009 5539 3103 5591 καὶ
3131 5537 3346 5608 ἐλεήσει
3388 5535 3593 5607 Κύριος
3638 5535 3723 5590 ἔτι

2138 5631 2236 5702 τὴν
2261 5631 2418 5697 Σιὼν,
2446 5631 2536 5684 καὶ
2569 5632 2798 5701 αἱρετιεῖ
2819 5630 2898 5682 ἔτι
2931 5629 3028 5700 τὴν
3077 5629 3452 5700 Ἰερουσαλήμ.
3477 5647 3495 5679 ›

2213 5724 2287 5792 (p.
2320 5722 2446 5789 450)
2479 5722 2778 5790 Δεξάμενος
2809 5721 2914 5791 γὰρ
2941 5762 2954 5785 ,
2992 5721 3153 5790 φησιν
3181 5761 3192 5782 ,
3239 5719 3529 5789 ἀπόκρισιν
3569 5714 3726 5782 παρὰ

2139 5815 2230 5870 τοῦ
2258 5815 2390 5868 Θεοῦ
2427 5813 2679 5883 τοιαύτην
2709 5815 2734 5866 6
2761 5813 3020 5880 ἄγγελος,
3056 5813 3216 5874 αὐτός
3259 5830 3315 5865 τε
3345 5813 3435 5863 ἐπὶ
3478 5811 3587 5873 τοῖς
3635 5808 3726 5859 λε·
