4118 6470
259 338 383 397 διδ
414 311 450 331 κ

1264 336 1813 395 COMMENTARIUS
1851 338 1916 393 IN
1957 337 2335 396 ZACHABIE
2367 338 2518 395 CAP.
2556 339 2596 393 1.

3460 339 3562 399 ιιι

260 462 529 535 γομένοις
555 459 720 532 ἥσθη,
751 458 971 531 καί-ἐμὲ
993 459 1216 530 θαρρεῖν
1244 460 1464 514 ἐκέλευε
1494 463 1625 533 περὶ
1650 461 1863 517 πάντων

1975 462 2141 518 fidere
2163 462 2332 531 jussit
2363 462 2432 517 de
2451 459 2712 517 omnibus
2739 460 2796 515 in
2830 458 3110 517 futurum:
3149 461 3223 516 ita
3254 468 3314 516 ut
3343 477 3562 533 possem

260 558 356 620 εἰς
385 554 451 609 τὸ
469 553 600 625 ἑξῆς
624 570 638 584 ·
668 552 809 607 ὥστε
840 553 934 607 καί
959 551 1270 625 θαρροῦντα
1299 553 1524 624 μηνύειν
1549 553 1755 608 ἅπασιν
1782 555 1865 608 ὅτι

263 647 485 718 σφόδρα
530 647 672 718 ὑπὲρ
712 647 813 718 τῆς
842 646 1202 718 Ἰερουσαλήμ
1252 647 1534 718 ὀργίζεται
1583 646 1727 702 κατὰ
1758 647 1867 702 τῶν

259 746 546 813 τοσαύτην
567 738 830 810 ὠμότητα
851 738 1276 810 ἐπιδειξαμένων
1303 742 1385 804 εἰς
1415 740 1640 805 αὐτούς·
1668 740 1718 795 οἳ
1751 741 1869 811 μεί-

261 836 405 901 ζονα
424 835 530 906 τῆς
559 834 732 906 ὀργῆς
753 832 855 902 τῆς
878 832 1021 903 ἐμῆς
1046 832 1144 903 τήν
1167 834 1439 905 τιμωρίαν
1463 835 1648 898 αὐτοῖς
1671 836 1737 887 ἐκ
1765 834 1867 904 τῆς

264 926 415 991 ἰδίας
462 924 750 997 ἐπήγαγον
801 923 1001 987 κακίας
1026 940 1039 954 °
1076 924 1365 996 τοιγαροῦν
1397 926 1652 979 ἁπάντων
1681 926 1867 979 ἕνεκεν

260 1016 458 1090 πολλῷ
507 1018 787 1089 χρήσομαι
834 1018 964 1088 περί
1019 1017 1120 1089 τὴν
1169 1018 1528 1091 Ἰερουσαλὴμ
1574 1019 1653 1090 τῷ
1696 1019 1863 1091 ἐλέῳ·

260 1108 417 1165 ὥστε
446 1108 541 1164 καὶ
573 1107 667 1163 τὸν
713 1103 861 1161 οἰκον
893 1107 984 1160 τὸν
1021 1109 1154 1178 ἐμὸν
1186 1110 1244 1162 ἐν
1288 1110 1425 1182 αὐτῇ
1470 1110 1733 1179 γεγονότα
1767 1110 1867 1181 τὴν

262 1201 483 1274 συνήθη
531 1205 646 1267 τοίς
675 1202 763 1254 ἐπ’
812 1202 976 1255 αὑτὸν
1031 1201 1303 1256 συνιοῦσιν
1330 1202 1600 1272 ὠφέλειαν
1634 1203 1867 1274 παρέχε-

264 1293 422 1360 σθαι,
455 1295 553 1348 καὶ
578 1294 681 1365 τὴν
726 1294 1084 1367 Ἰερουσαλὴμ
1109 1295 1203 1347 ἐπ)⁵
1236 1295 1418 1365 μεῖζον
1443 1296 1476 1365 ἢ
1503 1295 1598 1349 νῦν
1626 1296 1865 1367 ἐκταθῆ-

262 1383 512 1441 ναιοηί
537 1386 719 1446 πάσας
751 1383 828 1448 δὲ,
863 1384 1144 1454 συντόμως
1172 1384 1365 1448 εἰπεῖν,
1397 1385 1496 1448 τὰς
1524 1385 1660 1457 αὐτῇ
1695 1403 1868 1458 προσ-

262 1475 517 1548 ηκούσας
578 1475 764 1540 πόλεις
815 1477 872 1529 ἐν
934 1475 1164 1548 ἀφθονίᾳ
1219 1478 1555 1550 καταστῆναι
1614 1479 1826 1537 πολλῶν
1850 1500 1866 1513 ο

262 1568 395 1626 τότε
427 1569 538 1642 γὰρ
566 1568 703 1641 ἐλέῳ
732 1569 1009 1641 χρήσομαι
1043 1568 1223 1640 πολλῷ
1252 1573 1381 1641 περὶ
1413 1572 1585 1643 αὑτήν
1605 1588 1620 1603 ο
1658 1572 1863 1627 δεδοκί-

266 1677 427 1733 pcata
452 1662 564 1715 πᾶν
591 1661 620 1715 ὃ
650 1677 703 1713 τι
728 1661 966 1732 χρηστὸν
993 1660 1335 1731 ἐργάσασθαι
1361 1664 1442 1726 εἰς
1470 1664 1643 1735 αὐτήν
1680 1682 1741 1718 τε
1771 1667 1866 1720 καὶ

262 1755 400 1820 τοὺς
419 1754 798 1827 προσήκοντας
818 1753 955 1824 αὐτῇ
979 1752 1072 1806 τοῦ
1099 1753 1310 1808 λοιποῦ.
1334 1754 1571 1827 Εὓδηλον
1601 1757 1658 1810 δὲ
1680 1758 1763 1811 ὅτι
1785 1759 1864 1812 ὅτ’

264 1849 340 1903 ἂν
374 1844 608 1921 λέγῃτδ,
628 1866 647 1899 ι
671 1844 995 1918 Ὀργίζομαι
1029 1846 1122 1900 ἐπὶ
1159 1846 1228 1900 τὰ
1263 1846 1392 1917 ἔθνη
1424 1846 1495 1900 τὰ
1526 1849 1861 1903 συνεπιτιθέ-

268 1957 434 2013 μινα,
469 1938 587 1994 ἀνθ’
616 1933 693 1993 ὧν
714 1937 827 2007 ἐγὼ
860 1939 960 2009 μὲν
984 1938 1264 2009 ὠργίσθην
1293 1938 1470 2007 ὀλίγα,
1507 1941 1865 1995 συνεπέθεντο

263 2032 329 2088 δὲ
362 2035 446 2097 εἰς
470 2032 639 2095 κακὰ,
668 2050 687 2084 ι
744 2032 872 2103 περί
919 2049 980 2085 τε
1019 2032 1126 2085 τῶν
1169 2032 1662 2103 ἐκπεπορθηκότων
1693 2036 1863 2102 αὐτὴν

266 2124 632 2180 Βαϐυλωνίων
651 2124 848 2193 λέγων,
870 2120 966 2178 καὶ
989 2125 1099 2178 τῶν
1119 2125 1268 2188 ὅπως
1288 2125 1417 2178 ποτὲ
1447 2128 1527 2190 εἰς
1547 2125 1706 2180 τοῦτο
1733 2144 1796 2181 συ
1804 2146 1866 2198 μ-

265 2215 601 2288 πῳξάντων
625 2215 831 2279 αὐτοῖς,
854 2214 954 2286 τὴν
984 2214 1359 2285 γενησομένην
1382 2215 1566 2279 αὐτοῖς
1592 2215 1864 2286 τιμωρίαν

264 2307 361 2363 διὰ
388 2307 597 2362 τούτων
630 2306 907 2379 σημαίνει.
934 2304 1247 2360 Δεδώκεσαν
1283 2306 1384 2378 μὲν
1412 2305 1523 2379 γὰρ
1557 2307 1659 2377 ήδη
1685 2307 1863 2360 Βαϐυ-

264 2401 455 2459 λώνιοι
486 2401 643 2465 δίκας
671 2441 687 2466 ,
720 2401 816 2455 καὶ
859 2398 1140 2471 καθῄρητο
1176 2398 1275 2471 μὲν
1313 2398 1492 2453 αὐτῶν
1524 2402 1558 2470 ή
1590 2397 1857 2469 βασιλεία,

265 2496 502 2569 είληπτο
531 2495 590 2549 δέ
622 2495 658 2567 ή
701 2493 859 2557 πόλις
890 2492 1172 2556 παντελῶς
1218 2491 1324 2545 ὑπὸ
1357 2491 1543 2563 Κύρου
1586 2490 1681 2544 τοῦ
1716 2492 1862 2562 Περ-

268 2590 386 2646 σῶν
408 2589 704 2661 βασιλέως·
733 2586 1114 2659 τετιμώρηντο
1134 2587 1192 2640 δὲ
1223 2588 1273 2640 οἰ
1314 2585 1737 2658 συμπράξαντες
1765 2587 1862 2640 αύ-

264 2683 386 2747 τοῖς
431 2680 723 2752 Ἰδουμαῖοί
749 2696 810 2733 τε
841 2680 935 2734 καὶ
960 2681 1007 2732 οἰ
1049 2678 1228 2732 λοιποὶ
1253 2677 1317 2750 δὴ
1344 2678 1543 2742 πάντες
1562 2695 1574 2707 ο
1601 2677 1742 2731 ὥστε
1767 2676 1863 2748 δῆ·

266 2776 363 2831 λον
383 2776 562 2830 ἐκεῖνο
594 2769 736 2827 εἶναι
760 2773 823 2826 τὸ
845 2774 976 2843 παρ’
997 2770 1158 2842 ἡμῶν
1188 2770 1281 2824 ἐπὶ
1308 2771 1408 2841 τῆς
1432 2769 1742 2833 ὑποθέσεως
1784 2771 1862 2822 εἰ-

269 2867 511 2943 ρημένον
547 2906 563 2929 ,
620 2865 704 2919 ὅτι
780 2863 997 2917 πολλῶν
1055 2863 1327 2933 μέμνηται
1378 2861 1681 2931 γεγονότων
1737 2862 1861 2933 ήδη,

266 2960 353 3033 (p.
378 2958 506 3026 451)
543 2956 781 3029 βεϐαιῶν
830 2955 973 3011 αὐτὰ
1015 2958 1139 3019 ταῖς
1172 2953 1400 3019 οἰκείαις
1429 2954 1785 3023 ἐπαγγελίαις
1835 2956 1865 3007 ὁ

264 3050 407 3116 Θεός
422 3067 439 3082 ⁸
466 3050 592 3103 ἐπεὶ
616 3049 710 3103 καὶ
733 3047 940 3119 σφόδρα
958 3046 1166 3100 τούτων
1187 3045 1296 3098 ἔδει
1320 3046 1441 3099 τότε
1460 3048 1574 3109 τοῖς
1597 3045 1864 3118 Ἰσραηλί-

1971 568 2097 608 cum
2134 552 2333 608 ﬁducia
2363 553 2531 624 298
2560 553 2738 622 palam
2768 552 3101 624 significare,
3134 552 3306 608 Deum
3334 569 3559 627 magno-

1971 660 2101 715 pere
2147 645 2491 702 Hierusalem
2555 660 2726 701 causa
2782 645 2948 701 irasci
3004 646 3272 701 adversus
3320 662 3418 701 eos
3468 646 3562 717 qui

1971 745 2177 795 tantam
2213 738 2480 794 adversus
2532 737 2681 792 illam
2713 744 3089 794 exercuerunt
3135 738 3562 804 crudelitatem;

1970 831 2067 899 qui
2105 830 2396 901 majorem,
2444 845 2609 901 quam
2658 831 2747 885 ira
2787 845 2907 886 mea
2939 830 3179 895 tulisset,
3221 831 3563 901 punitionem

1971 922 2222 979 fecerunt
2249 924 2515 981 adversus
2543 922 2846 980 lsraelitas.
2877 922 3083 978 Horum
3109 923 3294 993 itaque
3316 924 3561 978 omnium

1969 1029 2141 1070 causa
2176 1015 2405 1070 multam
2432 1029 2756 1086 expromam
2793 1028 2925 1086 erga
2962 1013 3304 1070 Hierusalem
3343 1015 3564 1091 miseri-

1970 1109 2218 1164 cordiam
2249 1126 2262 1162 :
2304 1109 2383 1165 ita
2413 1118 2475 1165 ut
2499 1109 2698 1165 domus
2726 1124 2950 1180 quoque
2980 1122 3123 1174 mea,
3153 1123 3277 1178 qua:
3309 1107 3423 1163 illic
3455 1116 3561 1171 est,

1969 1206 2293 1251 consuetam
2323 1197 2785 1255 convenientibus
2812 1198 2869 1253 in
2893 1214 2960 1254 ea
2984 1198 3274 1253 utilitatem
3299 1197 3561 1268 praebeat,

1968 1297 2024 1343 et
2049 1289 2183 1346 urbs
2218 1289 2564 1347 Hierusalem
2596 1290 2782 1361 majus
2809 1291 2992 1347 adhuc
3017 1289 3257 1361 spatium
3290 1290 3363 1346 sit
3390 1305 3562 1345 occu—

1969 1390 2187 1452 patura,
2219 1390 2559 1452 ceteraque,
2583 1391 2642 1439 ut
2665 1384 2984 1441 summatim
3011 1385 3213 1450 dicam,
3233 1385 3283 1439 ei
3301 1385 3564 1454 subjectae

1971 1474 2137 1530 urbes
2170 1476 2224 1530 in
2252 1477 2425 1531 multa
2458 1493 2641 1532 rerum
2666 1479 2824 1549 copia
2849 1477 3046 1533 futurae
3075 1478 3208 1533 sint.
3232 1476 3391 1533 Tune
3411 1478 3562 1532 enim

1968 1569 2197 1625 multam
2244 1571 2520 1626 exhibebo
2564 1571 2690 1626 urbi
2729 1570 3074 1626 Hierusalem
3119 1569 3559 1641 benignitatem:

1969 1662 2173 1733 quippe
2206 1662 2424 1719 decrevi
2449 1663 2587 1718 nihil
2615 1678 2726 1718 non
2753 1662 2885 1718 boni
2916 1662 3047 1717 huic
3076 1661 3259 1718 facere
3293 1662 3347 1717 in
3381 1669 3564 1732 poste-

1971 1770 2114 1816 rum.
2147 1770 2249 1810 nec
2277 1770 2387 1810 non
2414 1754 2634 1812 caeteris
2680 1754 2748 1810 ad
2788 1769 2907 1812 eam
2945 1754 3375 1825 pertinentibus.
3428 1751 3561 1807 Sine

1967 1847 2137 1903 dubio
2180 1854 2387 1911 autem,
2433 1862 2560 1902 cum
2608 1862 2672 1904 se
2711 1847 2879 1902 irasci
2913 1847 3049 1902 dicit
3096 1847 3375 1918 gentibus,
3440 1863 3561 1918 qua:

1967 1938 2307 1995 Hierusalem
2358 1938 2636 1996 hostiliter
2677 1939 3017 2004 invaserant,
3065 1936 3155 1992 cui
3188 1952 3292 2009 ego
3344 1938 3561 1993 modice

1967 2032 2141 2088 iratus
2187 2047 2362 2097 eram,
2406 2031 2538 2104 ipsae
2581 2042 2763 2088 autem
2810 2031 3102 2087 scelestam
3143 2031 3559 2102 aggressionem

1968 2124 2235 2191 fecerant,
2278 2125 2347 2182 de
2384 2124 2700 2197 Babyloniis
2736 2123 2981 2194 loquitur
3028 2123 3125 2194 qui
3175 2124 3349 2194 ipsam
3389 2123 3559 2190 depo-

1966 2218 2140 2289 pulati
2174 2217 2414 2284 fuerant,
2461 2217 2640 2289 deque
2665 2216 2790 2273 aliis
2819 2215 2915 2286 qui
2955 2216 3090 2271 socii
3134 2215 3259 2270 belli
3294 2214 3415 2285 ejus
3439 2214 3561 2270 fue-

1967 2316 2138 2376 runt;
2168 2318 2225 2364 et
2245 2308 2655 2379 impendentem
2686 2307 2797 2362 illis
2829 2320 3049 2378 pcenam
3066 2305 3155 2360 his
3174 2304 3358 2361 verbis
3387 2304 3559 2375 signi-

1966 2400 2116 2456 ﬁcat.
2150 2398 2298 2455 Sane
2321 2400 2437 2471 jam
2460 2414 2659 2472 pmnas
2679 2400 2902 2456 luerant
2921 2397 3231 2470 Babylonii,
3253 2412 3561 2467 eorumque

1967 2507 2197 2564 regnum
2228 2498 2543 2559 corruerat,
2594 2500 2649 2548 et
2676 2491 2809 2547 urbs
2837 2506 2870 2548 a
2899 2489 3048 2563 Cyro
3086 2489 3381 2546 Persarum
3432 2504 3561 2560 rege

1966 2592 2237 2655 occupata
2303 2584 2503 2642 fuerat.
2571 2582 2793 2639 Idumaei
2851 2598 3073 2655 quoque
3132 2581 3560 2652 Babyloniorum

1967 2676 2250 2747 adjutores
2285 2676 2598 2746 reliquique
2629 2690 2822 2731 omnes
2864 2675 3041 2745 puniti
3078 2673 3319 2728 fuerant.
3350 2672 3561 2739 Quam-

1968 2769 2160 2823 obrem
2209 2775 2437 2838 apparet
2486 2767 2623 2823 illud
2648 2766 2794 2838 quod
2825 2782 2927 2822 nos
2960 2767 3017 2821 in
3049 2773 3375 2837 argumento
3399 2779 3558 2819 com-

1967 2858 2227 2914 mentarii
2263 2857 2542 2929 :diximus,
2598 2857 2803 2913 multas
2846 2856 2938 2911 hic
2977 2870 3068 2912 res
3100 2855 3395 2911 memorari
3436 2869 3562 2925 qua

1964 2950 2077 3020 jam
2114 2960 2434 3019 evenerant,
2464 2966 2717 3022 quasque
2755 2952 2874 3006 suis
2921 2948 3389 3020 promissionibus
3421 2962 3558 3003 con—

1968 3044 2152 3100 firmat
2174 3047 2354 3102 Deus:
2389 3044 2479 3100 his
2514 3044 2663 3100 enim
2699 3057 3033 3115 magnopere
3074 3041 3396 3113 indigebant
3427 3049 3560 3097 tunc

263 3158 425 3208 ταις,
454 3142 515 3194 ἐν
546 3137 835 3212 ἀμφιὸόλῳ
875 3137 971 3191 καί.
1009 3136 1148 3208 μετὰ
1197 3136 1296 3208 τὴν
1353 3138 1626 3208 σωτηρίαν
1677 3137 1862 3209 ἔχουσι

1967 3136 2252 3203 Israelita,
2282 3138 2378 3209 qui
2403 3137 2569 3193 etiam
2606 3144 2731 3208 post
2756 3135 2995 3192 reditum
3019 3132 3088 3190 de
3117 3135 3297 3191 salute
3330 3149 3432 3190 sua
3456 3132 3559 3189 du-

262 3233 371 3306 τὴν
395 3232 605 3289 οἰκείαν
629 3249 644 3263 ·
673 3232 750 3294 ὡς
783 3229 859 3301 μὴ
887 3229 944 3282 δὲ
966 3229 1058 3282 τὸν
1087 3228 1213 3281 ναὸν
1244 3228 1335 3282 τὸν
1360 3228 1502 3282 θεῖον
1522 3229 1865 3301 ἀρξαμένους

264 3326 451 3399 πέρας
468 3323 744 3386 ἐκϐαλεῖν,
769 3321 877 3375 εἴτε
900 3321 989 3374 διὰ
1016 3320 1114 3393 τὴν
1144 3320 1424 3391 ἐνόχλησιν
1451 3320 1561 3374 τῶν
1582 3317 1863 3389 ἐναντίωνζ

263 3418 383 3473 ac:
413 3417 511 3471 καὶ
545 3415 637 3471 διὰ
668 3415 770 3486 τὴν
816 3414 1000 3469 αὐτῶν
1054 3412 1327 3485 ρᾳθυμίαν
1366 3414 1740 3486 αὐξανομένην
1787 3414 1866 3480 ὡς

263 3510 419 3575 εἰκὸς
445 3512 514 3581 τῇ
552 3507 665 3563 τῶν
707 3507 981 3579 πολεμίων
1012 3506 1209 3578 κακίᾳ·
1244 3504 1338 3559 δύο
1373 3506 1473 3576 μὲν
1507 3506 1571 3579 δὴ
1596 3506 1769 3560 ταῦτα
1799 3508 1865 3560 ἐκ

264 3603 371 3673 τῆς
394 3599 801 3671 ἀποκαλύψεως
839 3599 1140 3668 ἐγνωκέναι
1174 3597 1313 3670 ἔφη,
1342 3599 1424 3651 ὅτι
1470 3615 1531 3652 τε
1576 3599 1704 3662 τοὺς
1750 3598 1865 3669 ήδι-

272 3696 512 3768 eum;
545 3693 640 3750 τὸν
674 3686 802 3747 λαὸν
840 3692 1214 3764 τιμωρήσεται
1249 3692 1278 3743 ὁ
1311 3691 1466 3755 Θεὸς,
1513 3692 1608 3744 καὶ
1646 3692 1732 3745 ὅτι
1762 3692 1863 3764 τὴν

278 3784 642 3860 Ἰερουσαλὴμ
679 3783 760 3848 εἰς
809 3782 908 3851 τὴν
932 3780 1194 3836 ’παλαιὰν
1237 3781 1546 3854 εὐπραγίαν
1585 3782 1864 3837 ἀποκατα-

266 3880 463 3954 στήσει
490 3877 679 3933 πάλιν.

334 3972 493 4043 xxix.
535 3976 776 4043 ιη’-κα’.
813 3997 885 4009 --
918 3967 1044 4021 Ἐπὶ
1094 3964 1383 4037 βεϐαιώσει
1440 3966 1496 4019 δὲ
1536 3966 1862 4039 ἀμφοτέρων

264 4061 646 4133 ἀποκαλύψεις
677 4059 917 4129 καθεξῆς
954 4058 1225 4112 ἐκτίθεται
1257 4058 1480 4129 ἐτέρας,
1514 4056 1580 4121 ἃς
1616 4056 1740 4111 ἰδὼν
1765 4058 1864 4111 αὖ-

256 4158 451 4222 τόςτσ
482 4155 586 4228 τὴν
613 4153 709 4208 ἐπὶ
754 4154 866 4216 τοῖς
910 4149 1225 4223 εἰρημένοις
1260 4148 1362 4221 ήδη
1397 4150 1581 4204 πίστιν
1626 4146 1739 4221 εἶχε
1769 4150 1861 4221 βε-

263 4248 465 4306 ϐαίαν·
502 4247 600 4304 καὶ
642 4245 708 4318 δὴ
757 4246 854 4300 καὶ
885 4244 1014 4309 τοὺς
1062 4241 1157 4297 τοῦ
1206 4242 1339 4297 λαοῦ
1395 4243 1604 4307 πάντας
1647 4242 1861 4297 ἔπειθεν

262 4338 739 4416 ὁμοιυςήγιῖσθαι
761 4352 777 4368 ⁹
801 4337 898 4391 καὶ
928 4334 1152 4408 πρώτην
1182 4351 1248 4404 γε
1279 4335 1408 4406 περί
1437 4334 1538 4404 τῆς
1570 4333 1679 4387 τῶν
1707 4336 1863 4387 ὲναν-

261 4435 400 4491 τίων
428 4429 704 4505 τιμωρίας
729 4427 903 4499 λέγει,
927 4428 1107 4500 ἥνπερ
1135 4422 1228 4481 οὖν
1264 4427 1360 4480 καὶ
1389 4426 1484 4479 ἐπὶ
1506 4426 1608 4496 τῆς
1644 4444 1862 4499 προκει-

1968 3230 2252 3288 bitabant:
2276 3232 2349 3286 ita
2373 3239 2434 3286 ut
2453 3246 2523 3287 ne
2540 3229 2729 3301 templi
2748 3229 2972 3301 quidem
2991 3227 3369 3292 mdiﬁcationi,
3392 3243 3558 3300 quam

1966 3332 2274 3396 coeperant,
2302 3324 2468 3380 ﬁnem
2498 3324 2785 3395 imponere
2802 3322 3173 3385 curavissent,
3195 3321 3313 3377 sive
3336 3328 3560 3391 propter

1967 3419 2419 3475 adversariorum
2444 3417 2776 3483 molestiam,
2800 3416 2916 3473 sive
2944 3423 3169 3487 propter
3198 3415 3561 3485 ipsorummet

1969 3514 2280 3585 segnitiem,
2320 3512 2390 3567 ab
2422 3512 2665 3568 hostium
2697 3510 2906 3565 malitia
2957 3517 3017 3563 ut
3047 3508 3314 3565 credibile
3342 3515 3429 3563 est
3458 3522 3558 3562 au-

1967 3614 2135 3661 ctam.
2187 3604 2578 3660 Verumtamen
2614 3602 2725 3659 duo
2765 3603 2881 3658 haec
2906 3617 2973 3657 ex
3012 3601 3355 3657 revelatione
3396 3601 3557 3655 inno-

1967 3696 2143 3751 tuisse
2180 3696 2278 3761 ait,
2316 3694 2461 3765 quod
2484 3692 2699 3749 Judaici
2723 3694 2906 3765 populi
2930 3692 3235 3748 ol‘fensores
3261 3693 3557 3762 puniturus

1966 3787 2038 3843 sit
2070 3786 2236 3854 Deus,
2276 3796 2331 3842 et
2368 3786 2516 3859 quod
2555 3786 2747 3842 urbem
2785 3784 3126 3841 Hierusalem
3158 3785 3215 3839 in
3267 3782 3558 3854 pristinam

1966 3879 2284 3935 felicitatem
2320 3880 2708 3934 restituturus.
3026 3864 3029 3867 ’

2037 3970 2205 4027 Vens.
2241 3970 2429 4026 18-21.
2457 3970 2712 4027 Jamvero
2738 3968 2805 4025 ad
2829 3970 3120 4040 utriusque.
3153 3967 3233 4023 rei
3261 3964 3559 4022 conﬁrma-

1965 4063 2194 4127 tionem,
2228 4063 2366 4118 duas
2405 4063 2543 4120 alias
2591 4063 2849 4134 posthinc
2895 4062 3125 4131 exponit
3164 4059 3555 4123 revelationes,

1963 4156 2130 4226 299
2154 4172 2294 4227 quas
2311 4172 2435 4211 cum
2458 4156 2579 4227 ipse
2606 4157 2861 4223 vidisset,
2880 4156 3091 4211 firmam
3109 4156 3258 4211 circa
3276 4171 3365 4212 res
3379 4154 3558 4210 dictas

1966 4250 2124 4304 fidem
2145 4250 2436 4317 retinebat,
2452 4257 2502 4305 et
2524 4251 2728 4321 populo
2745 4251 3007 4307 universo
3030 4257 3090 4304 ut
3112 4248 3252 4305 idem
3272 4247 3555 4304 existima-

1964 4352 2048 4399 ret
2068 4341 2354 4399 suadebat.
2374 4341 2622 4397 Priorem
2663 4344 2885 4413 quidem
2905 4342 2974 4397 de
2996 4342 3438 4397 adversariorum
3455 4356 3557 4410 pu-

1962 4436 2176 4492 nitione
2194 4434 2409 4501 recitat,
2429 4449 2596 4505 quam
2614 4436 2778 4489 etiam
2816 4434 2873 4488 in
2904 4427 3189 4504 superiore
3221 4433 3556 4489 revelatione

266 4527 444 4602 μένης
472 4522 877 4594 ἀποκαλύψεως
905 4520 1179 4592 προτέραν
1202 4518 1375 4575 εἶπεν.
1415 4539 1434 4572 ι
1459 4521 1569 4573 Kal.
1597 4515 1708 4591 ἦρα
1735 4521 1862 4585 τοὺς

1967 4527 2201 4600 primam
2257 4535 2537 4597 posuerat.
2574 4544 2593 4576 ι
2618 4527 2683 4581 Et
2734 4522 2905 4581 levavi
2928 4526 3119 4580 oculos
3152 4539 3326 4589 meos,
3350 4532 3407 4579 et
3440 4523 3553 4578 vidi

261 4617 584 4691 ὀφθαλμούς
611 4633 716 4689 μου
743 4613 840 4668 καὶ
868 4608 1008 4667 εἶδον
1036 4614 1280 4684 τέσσαρα
1309 4611 1520 4682 κέρατα
1543 4626 1557 4640 ·
1591 4611 1688 4664 καὶ
1710 4607 1864 4665 εἷπον

264 4710 409 4787 πρὸς
450 4709 546 4766 τὸν
604 4707 840 4778 ἄγγελον
887 4704 982 4760 τὸν
1016 4702 1286 4758 λαλοῦντα
1320 4706 1379 4759 ἐν
1432 4703 1595 4775 ἐμοὶ,
1648 4704 1713 4756 Τί
1747 4705 1863 4757 ἐστι

264 4805 463 4872 ταῦτα,
495 4801 710 4875 Κύριες
743 4800 855 4854 Καὶ
881 4793 1005 4853 εἰπε
1036 4796 1174 4867 πρός
1205 4812 1273 4868 με
1298 4812 1315 4828 ο
1350 4795 1535 4850 Ταῦτα
1562 4794 1631 4850 τὰ
1657 4797 1862 4867 κέρατα

262 4898 339 4954 τὰ
379 4894 850 4968 δωσκορπίσαντα
874 4891 967 4945 τὸν
1008 4889 1210 4944 Ἰούδαν
1244 4890 1338 4943 καὶ
1386 4887 1479 4942 τὸν
1524 4888 1740 4961 Ἰσραὴλ
1770 4890 1864 4942 καὶ

259 4989 365 5062 τὴν
407 4984 790 5060 Ἰερουσαλήμ.
825 4983 937 5038 Καὶ
973 4980 1147 5047 ἐδειξέ
1203 4995 1294 5050 μοι
1338 4979 1545 5051 Κύριος
1589 4980 1862 5050 τέσσαρας

260 5081 528 5141 τέκτονας
550 5090 565 5110 ⁸
603 5078 700 5133 καί.
726 5071 905 5142 εἶπον,
934 5074 1000 5128 Τί
1018 5066 1167 5128 οὗτοι
1196 5070 1450 5143 ἔρχονται
1476 5070 1722 5143 ποιῆσαι,
1752 5071 1864 5124 Κύ-

263 5189 390 5249 ριε;
422 5172 537 5227 Καὶ
565 5165 712 5235 εἷπε,
736 5168 922 5223 Ταῦτα
950 5166 1021 5222 τὰ
1057 5165 1269 5237 κέρατα
1302 5162 1371 5217 τὰ
1401 5163 1864 5237 διασκορπίσαντα

256 5269 359 5326 τὸν
398 5266 607 5322 Ἰούδαν
645 5265 753 5319 καὶ·
779 5264 872 5319 τὸν
907 5261 1125 5334 Ἰσραὴλ
1145 5304 1159 5329 ,
1200 5260 1296 5314 καὶ
1333 5257 1606 5324 κατέαξαν
1641 5258 1740 5313 καὶ
1766 5258 1860 5312 ού-

256 5360 375 5426 δσὶς
404 5357 591 5415 αὐτῶν
610 5352 749 5431 ἦρεν
780 5354 1028 5425 κεφαλήν
1052 5370 1066 5384 ·
1104 5354 1182 5424 (ρ.
1211 5351 1342 5421 452)
1378 5348 1475 5405 καί
1512 5349 1735 5421 ἐξῆλθον
1763 5350 1863 5403 αύ-

258 5452 349 5511 τοὶ
374 5450 475 5507 τοῦ
525 5449 714 5520 agam
744 5447 888 5504 αὐτὰ
919 5450 1001 5511 εἰς
1039 5450 1230 5518 χεῖρας
1276 5443 1485 5499 αὐτῶν·
1519 5444 1587 5499 τὰ
1614 5444 1861 5516 τέσσαρα

258 5547 478 5619 κέρατα
499 5543 573 5599 τὰ
618 5540 754 5614 ἔθνη
791 5540 865 5596 τὰ
906 5538 1249 5610 ἐπαιρόμενα
1288 5536 1462 5610 κέρας
1503 5537 1596 5590 ἐπὶ
1625 5537 1726 5608 τὴν
1754 5536 1860 5607 γῆν

257 5636 498 5719 κυρίου,
528 5633 629 5691 τοῦ
653 5633 1041 5706 διασκορπίσαι
1081 5632 1273 5703 αύτήν.
1295 5649 1313 5683 ι
1349 5631 1412 5684 Οἱ
1446 5629 1546 5701 μὲν
1568 5625 1661 5682 οὖν
1699 5628 1865 5701 μυθο-

256 5731 447 5801 λογεῖν
480 5727 761 5792 ἐθέλοντες
781 5765 799 5792 ,
821 5725 1068 5796 τέσσαρα
1090 5724 1300 5796 κέρατα
1333 5722 1422 5776 τὸν
1454 5721 1739 5794 Ἀσσύριον
1764 5723 1859 5775 καὶ

256 5826 356 5882 τὸν
394 5818 738 5880 Βαϐυλώνιον
758 5819 849 5876 τόν
870 5835 931 5873 τε
969 5816 1152 5890 Μῆδον
1173 5817 1268 5871 καὶ
1295 5816 1386 5871 τὸν
1418 5815 1635 5887 Πέρσην
1668 5816 1853 5884 φασίν.

1966 4627 2207 4690 quatuor
2256 4633 2489 4673 cornua.
2532 4615 2595 4671 Et
2630 4617 2743 4672 dixi
2791 4616 2987 4687 angelo
3026 4616 3082 4669 in
3133 4631 3222 4671 me
3269 4615 3548 4686 loquenti:

1967 4712 2110 4779 Quid
2148 4718 2280 4768 sunt
2307 4710 2443 4775 haec,
2479 4708 2746 4764 Domine?
2789 4707 3044 4779 Dixitque
3066 4707 3235 4763 mihi:
3265 4707 3391 4764 Haec
3421 4716 3552 4764 sunt

1966 4816 2196 4865 cornua,
2224 4815 2346 4870 qua:
2371 4800 2753 4871 disperserunt
2777 4795 2975 4853 ludam
3005 4806 3059 4853 et
3098 4797 3353 4855 lsraelem
3387 4808 3553 4871 atque

1968 4894 2331 4951 Hierusalem.
2400 4892 2467 4947 Et
2524 4892 2766 4949 ostendit
2819 4893 2953 4947 mihi
3006 4892 3270 4951 Dominus
3318 4904 3557 4966 quatuor

1968 4990 2176 5044 fabros.
2215 4987 2284 5043 Et
2316 4987 2427 5043 dixi
2456 5004 2471 5042 :
2502 4986 2645 5054 Quid
2676 4986 2765 5042 isti
2794 4986 3021 5042 veniunt
3050 4985 3253 5052 facere,
3291 4988 3556 5044 Donnine?

1965 5079 2030 5134 Et
2065 5079 2244 5135 dixit:
2302 5077 2427 5134 Haec
2457 5087 2589 5135 sunt
2634 5092 2844 5132 cornua
2875 5093 2998 5148 qum
3037 5078 3421 5148 disperserunt
3450 5078 3552 5133 Ju-

1964 5170 2113 5236 dam,
2140 5178 2307 5240 atque
2338 5169 2594 5226 lsraelem
2618 5169 3029 5240 confregcrunt,
3054 5176 3109 5224 et
3141 5184 3301 5222 nemo
3333 5170 3550 5224 illorum

1966 5261 2165 5316 levavit
2211 5271 2413 5331 caput:
2471 5270 2528 5317 et
2559 5260 2817 5317 exierunt
2858 5261 2948 5317 isti
2995 5261 3063 5315 ad
3100 5266 3165 5316 'ea
3198 5260 3444 5314 acuenda
3493 5259 3550 5312 in

1964 5353 2222 5408 manibus
2263 5352 2403 5408 suis.
2446 5350 2700 5417 Quatuor
2738 5364 2971 5417 cornua,
3022 5356 3212 5420 gentes
3262 5355 3393 5403 sunt
3431 5360 3555 5416 quae

1964 5460 2138 5501 cornu
2167 5444 2485 5501 extulerunt
2517 5457 2686 5514 super
2715 5450 2919 5498 terram
2956 5440 3171 5497 Domini
3199 5448 3259 5495 ut
3291 5453 3412 5495 eam
3436 5439 3553 5494 dis-

1963 5538 2273 5610 perdereut.
2296 5555 2316 5590 ι
2359 5536 2464 5605 Qui
2509 5550 2641 5607 ergo
2669 5533 2888 5589 fabulas
2928 5543 3147 5590 nectere
3172 5532 3383 5598 volunt,
3410 5547 3550 5603 qua-

1962 5638 2090 5686 tuor
2139 5644 2350 5685 cornua
2387 5629 2579 5684 dicunt
2620 5640 2745 5683 esse
2794 5624 3107 5699 Assyrium,
3165 5623 3549 5695 Babylonium,
3584 5656 3592 5665 -

1962 5704 2204 5786 Medum,
2254 5737 2318 5777 ac
2368 5719 2631 5777 Persam:
2686 5717 3036 5775 considerare
3079 5717 3224 5771 enim
3276 5717 3549 5782 nolentes,

1961 5831 2103 5886 saepe
2153 5829 2441 5871 numerum
2487 5830 2517 5869 a
2553 5811 2736 5870 divina
2772 5809 3061 5874 Scriptura
3110 5807 3257 5865 haud
3289 5818 3550 5867 accurate
