4118 6478
493 332 600 385 515

1666 321 2017 380 TIIEODORI
2054 320 2552 395 .MOPSUESTENI

3653 323 3759 378 5M

496 448 712 503 numeri
727 458 890 500 causa
908 443 1038 507 diei,
1057 442 1150 498 sed
1169 443 1240 498 ob
1257 443 1403 498 aliud
1422 443 1622 513 aliquid
1636 439 2074 512 signiﬁcandum,

2179 440 2251 492 Οὐ
2291 437 2398 509 γὰρ
2443 444 2730 509 προσέχειν
2759 437 3061 500 ἐθέλοντες,
3096 437 3179 490 ὅτι
3213 437 3474 500 πολλάκις
3513 436 3605 490 τὸν
3634 438 3756 508 ἀρι-

497 538 889 610 appellationes
950 551 1179 590 numero
1234 535 1650 591 accommodare
1709 531 2074 598 contendunt;

498 630 856 700 quamobrem
896 643 1066 682 vanas
1097 626 1312 681 fabulas
1355 631 1757 695 consequenter
1802 623 1958 692 sequi
1985 635 2080 676 co-

494 729 718 792 guntur,
745 728 802 775 ut
827 736 986 775 suum
1007 721 1190 773 (ictum
1211 727 1583 773 commentum
1603 718 1906 771 instruant:
1933 713 2078 783 quod

492 830 620 868 cum
653 829 796 882 saepe
841 813 968 866 alibi
1018 813 1354 882 passi‘sunt,
1416 821 1530 863 tum
1575 809 1631 862 in
1660 809 1805 863 beati
1840 806 2079 861 Michazae

493 905 780 976 prophetia
812 904 1064 968 dicentis.
1107 910 1570 959 consurrecturos
1607 901 1882 956 adversus
1908 903 2077 970 Assy-

495 1001 638 1052 rium
669 1008 875 1068 septem
922 1008 1194 1068 pastores,
1241 1005 1294 1052 et
1329 1003 1457 1051 octo
1502 996 1786 1049 hominum
1818 1009 2072 1049 morsus:

495 1101 704 1160 septem
759 1089 978 1160 quidem
1034 1089 1305 1156 homines,
1359 1096 1647 1158 pastores;
1717 1094 1844 1141 octo
1896 1095 2075 1141 autem

496 1181 768 1246 homines,
799 1197 1020 1237 morsus
1047 1195 1335 1235 numerare
1362 1179 1646 1234 studentes
1666 1179 1743 1246 ";
1776 1177 1920 1248 quod
1949 1193 2076 1232 cum

496 1271 724 1340 faciunt,
757 1273 925 1326 multa
952 1272 1067 1326 risu
1095 1271 1258 1341 digna
1281 1273 1350 1325 ob
1379 1271 1524 1324 hanc
1553 1284 1776 1324 causam
1802 1279 2079 1340 coguntur

495 1364 698 1419 dicere.
745 1365 867 1418 Pari
902 1366 1064 1418 modo
1113 1363 1203 1418 hic
1236 1379 1454 1433 quoque
1487 1371 1727 1433 quatuor
1759 1375 1966 1416 cornua
1995 1361 2078 1414 di-

496 1464 631 1510 cunt
660 1471 784 1512 esse
818 1471 956 1525 quas
981 1455 1388 1510 nominavimus
1420 1462 1608 1525 gentes
1634 1471 1646 1508 :
1688 1470 1795 1509 non
1826 1461 2079 1524 reputan-

495 1553 601 1610 tes,
656 1545 802 1614 quod
845 1547 1057 1615 jamdiu
1095 1544 1355 1614 Assyrius
1403 1557 1466 1598 ac
1522 1543 1854 1612 Babylonius
1883 1557 2076 1611 pmnas

495 1633 796 1699 dederant;
831 1633 970 1688 Medi
999 1641 1180 1688 autem
1212 1648 1242 1686 a
1261 1632 1407 1704 Cyro
1429 1632 1592 1686 deleti
1624 1633 1869 1697 fuerant;
1896 1629 2078 1686 Persa:

497 1726 734 1796 denique
795 1726 930 1780 nihil
980 1726 1107 1780 mali
1149 1739 1391 1795 unquam
1442 1723 1705 1778 lsraelitis
1757 1724 2073 1787 intulerant,

497 1817 608 1872 imo
633 1819 816 1887 potius
847 1817 1164 1886 captivitate
1196 1831 1291 1872 eos
1316 1815 1665 1870 dimiserant.

2179 530 2315 600 θμὸν
2346 533 2378 601 ή
2404 529 2525 584 θεία
2548 528 2741 602 Γραφὴ
2766 530 2865 582 οὐκ
2893 527 3129 599 ἀριθμοῦ
3161 546 3223 595 γε
3256 528 3443 583 ἕνεκεν
3471 529 3760 600 ἀκριϐολο-

2177 622 2415 692 γουμένη
2446 621 2614 689 λέγει,
2645 621 2737 673 ἐπὶ
2765 617 2992 688 δηλώσει
3021 619 3076 672 δὲ
3106 621 3291 689 ἐτέρου
3326 621 3491 683 τινος,
3529 620 3760 690 φιλονειο

2177 714 2333 767 κοῦσι
2368 715 2465 784 μὲν
2509 713 2837 782 ἐφαρμόζειν
2871 713 3164 782 ὀνομασίας
3199 713 3278 783 τῷ
3305 713 3524 784 ἀριθμῷ
3547 731 3560 744 ο
3595 714 3762 784 μυθο-

2177 806 2353 874 λογεῖν
2379 808 2435 860 δὲ
2460 805 2534 869 ὡς
2556 806 2703 868 εἰκὸς
2727 803 3127 873 ἀναγκάζονται
3154 807 3234 868 εἰς
3260 805 3358 876 τὴν
3382 807 3488 858 τῶν
3512 805 3762 875 πλασμά-

2176 917 2285 953 των
2319 899 2622 970 συνθήκην·
2655 900 2793 970 ὅπερ
2833 896 2926 952 οὖν
2959 898 3226 969 πολλαχοῦ
3259 899 3356 968 μὲν
3399 899 3491 952 καὶ
3533 899 3760 969 ἑτέρωθι

2179 990 2510 1056 πεπόνθασι,
2542 993 2636 1045 καὶ
2678 992 2784 1062 μὴν
2817 992 2912 1045 καὶ
2960 992 3052 1044 ὲπί
3081 991 3180 1060 τῆς
3219 990 3316 1043 τοῦ
3345 991 3618 1062 μακαρίου
3650 993 3759 1045 Μι-

2178 1083 2333 1154 χαίου
2369 1083 2703 1154 προφητείας
2740 1083 2990 1150 λέγοντος
3018 1083 3102 1136 ὅτι
3123 1123 3138 1147 ,
3177 1101 3195 1134 ι
3219 1081 3638 1152 Ἑγερθήσονται
3667 1081 3762 1135 ἐπὶ

2177 1173 2266 1226 τὸν
2311 1172 2594 1243 Ἀσσύριον
2617 1173 2759 1226 έπτά
2787 1173 3045 1244 ποιμένες
3075 1174 3170 1228 καὶ
3205 1172 3351 1226 ὀκτὼ
3383 1173 3636 1244 δήγματα
3667 1174 3762 1226 ἀν-

2178 1261 2206 1314 0
2216 1261 2412 1333 ρώπων
2431 1280 2444 1292 ·
2473 1281 2491 1314 ι
2515 1263 2654 1316 ὲπτά
2680 1263 2774 1332 μὲν
2803 1263 3124 1334 ἀνθρώπους
3145 1263 3271 1326 τοὺς
3300 1264 3563 1334 ποιμένας
3581 1303 3594 1325 ,
3615 1263 3762 1327 ὀκτὼ

2176 1354 2232 1408 δὲ
2270 1353 2589 1425 ἀνθρώπους
2626 1357 2694 1408 τά
2736 1355 2989 1426 δήγματα
3031 1357 3282 1428 ἀριθμεῖν
3331 1355 3761 1424 φιλονεικοῦντες

2178 1447 2609 1519 ἀναγκαζόμενοί
2654 1467 2711 1503 τε
2757 1449 2846 1504 διὰ
2882 1449 3088 1520 ταύτην
3137 1449 3235 1521 τὴν
3277 1451 3456 1503 αἰτίαν
3504 1451 3760 1503 πλείστου

2176 1539 2413 1607 γέλωτος
2439 1541 2564 1608 ἄξια
2589 1542 2792 1608 λέγειν.
2830 1542 2934 1595 Τὸν
2958 1541 3121 1595 αὑτὸν
3159 1541 3215 1595 δὲ
3244 1542 3446 1612 τρόπον
3481 1540 3761 1594 κάνταῦθα

2176 1634 2418 1704 τέσσαρα
2461 1636 2669 1706 κέρατά
2704 1653 2836 1702 φασι
2860 1636 2986 1699 τοὺς
3015 1635 3424 1706 προρρηθέντας
3452 1635 3582 1705 ἡμῖν
3609 1650 3622 1663 ⁸
3659 1633 3761 1686 οῦκ

2179 1723 2483 1788 ἐννοοῦντες
2505 1725 2588 1778 ὅτι
2628 1725 2797 1779 πάλαι
2844 1726 2941 1796 μὲν
2969 1726 2998 1778 ὁ
3053 1725 3331 1796 Ἀσσύριός
3354 1743 3414 1779 τε
3449 1726 3545 1779 καὶ
3585 1727 3614 1778 ὁ
3655 1727 3762 1778 Ba;

2111 1801 2152 1856 Β
2183 1814 2442 1880 ὄυλώνιος
2472 1817 2774 1872 δεδώκεσαν
2804 1818 2988 1881 δίκας⁶
3027 1819 3201 1889 Μῆδοι
3231 1818 3286 1871 δὲ
3316 1818 3421 1872 ὑπὸ
3448 1817 3632 1890 Κύρου
3658 1834 3762 1871 κα‹

496 1911 761 1983 θῄρηντο⁶
786 1911 992 1981 Πέρσαι
1031 1909 1088 1962 δὲ
1138 1910 1291 1964 οὐδὲν
1331 1909 1527 1972 αὐτοὺς
1574 1907 1828 1972 καθάπαξ
1878 1907 2198 1979 ἠδικηκότες
2240 1910 2605 1982 εὑρίσκονται,
2648 1913 2955 1967 τούναντίον
3015 1915 3113 1985 μὲν
3145 1910 3238 1968 οὖν
3295 1915 3390 1967 καὶ
3425 1917 3524 1984 τῆς
3561 1916 3766 1983 αἰχμα-

492 2003 693 2068 λωσίας
722 2002 974 2072 ἀφέντες.

561 2097 726 2168 300
742 2095 930 2150 Divina
961 2095 1130 2165 igitur
1160 2092 1444 2164 Scriptura
1473 2100 1710 2164 quatuor
1735 2107 1942 2147 cornua
1967 2108 2074 2148 non

492 2188 709 2256 aliquos
742 2187 1065 2241 nominatim
1099 2185 1350 2240 homines
1377 2185 1546 2252 dicit;
1583 2184 1677 2241 sed
1703 2186 1830 2255 quia
1859 2185 1912 2238 in
1942 2200 2080 2254 qua-

492 2293 619 2336 tuor
651 2287 839 2350 partes
872 2276 1230 2332 distributum
1267 2277 1457 2331 orbem
1491 2275 1753 2340 dicimus,
1790 2275 2078 2339 orientem,

490 2385 772 2435 occasum,
808 2369 1262 2440 septentrionem,
1305 2382 1368 2422 ac
1403 2367 1707 2433 meridiem,
1743 2381 2078 2422 commemo-

492 2469 578 2516 rat
609 2476 752 2531 sa'pe
777 2460 897 2514 haec
930 2461 1174 2523 climata,
1206 2464 1267 2512 ut
1307 2471 1428 2528 quae
1467 2457 1652 2512 multis
1684 2457 1738 2510 in
1776 2457 1911 2512 locis
1943 2455 2080 2510 ﬁunt

491 2555 760 2624 designet.
779 2551 956 2607 Veluti
975 2567 1101 2606 cum
1121 2551 1255 2605 dicit
1275 2550 1467 2605 beatus
1497 2549 1668 2604 David
1695 2549 1760 2603 de
1779 2547 2076 2604 lsraelitis:

497 2666 517 2699 ο
545 2647 735 2700 Dicant
760 2644 1027 2714 redempti
1056 2658 1086 2696 a
1119 2641 1370 2707 Domino,
1391 2657 1530 2712 quos
1562 2641 1795 2696 redemit
1813 2640 1880 2695 de
1913 2654 2080 2694 manu

491 2738 721 2802 inimici,
744 2745 798 2792 et
831 2737 898 2791 de
929 2735 1245 2806 regionibus
1271 2734 1624 2806 congregavit
1655 2749 1774 2797 eos,
1808 2733 1878 2787 ab
1899 2732 2080 2809 oriens

491 2838 562 2893 te,
594 2829 662 2881 ab
691 2843 914 2889 occasu,
948 2841 977 2878 a
1020 2826 1206 2890 borea,
1237 2835 1293 2880 et
1333 2839 1360 2878 a
1403 2826 1542 2878 mari
1569 2823 1643 2880 ".
1681 2843 1700 2876 ι
1739 2823 1906 2894 Atqui
1942 2838 2078 2878 con-

491 2930 620 2985 stat,
663 2919 807 2990 quod
846 2934 1190 2987 nequaquam
1229 2933 1324 2987 per
1353 2925 1592 2986 quatuor
1630 2915 1781 2971 orbis
1816 2916 2081 2971 terminos

491 3015 773 3082 dispersos
810 3010 1089 3067 lsraelitas
1123 3009 1474 3080 congregavit
1502 3007 1668 3074 Deus,
1711 3008 1806 3062 sed
1839 3005 1942 3062 sub
1972 3005 2080 3060 Ba-

490 3101 730 3172 byloniis
799 3099 1180 3156 tantummodo
1234 3108 1399 3169 atque
1468 3099 1708 3171 Assyriis
1762 3101 2080 3155 servitutem

489 3193 796 3252 servientes
854 3193 908 3246 in
966 3191 1243 3262 propriam
1302 3190 1578 3262 regionem
1625 3191 1886 3246 restituit.
1938 3189 2082 3244 Dicit

493 3294 675 3340 autem
713 3283 1117 3354 Scripturacab
1150 3283 1364 3338 oriente
1396 3290 1450 3336 et
1490 3297 1690 3337 occasu
1733 3294 1787 3337 et
1827 3284 1990 3338 borea
2025 3289 2081 3337 et

2269 2093 2334 2145 Ἦ
2360 2093 2418 2145 δὲ
2447 2092 2565 2144 θεία
2586 2091 2773 2162 Γραφὴ
2801 2092 3043 2162 τέσσαρα
3069 2092 3276 2162 κέρατα
3296 2093 3356 2145 οὐ
3380 2091 3577 2163 ρητούς
3609 2105 3764 2157 τινας

2180 2182 2500 2257 ἀνθρώπους
2544 2184 2712 2253 λέγει,
2769 2184 2884 2237 ἀλλ’
2913 2184 3107 2258 ἐπειδή
3144 2186 3224 2248 εἰς
3256 2184 3500 2254 τέσσαρα
3547 2185 3765 2255 πέρατα

2184 2276 2510 2348 μεμερίσθαι
2537 2277 2638 2346 τὴν
2663 2276 2986 2347 οἰκουμένην
3015 2275 3216 2345 φαμὲν,
3248 2275 3515 2339 ἀνατολάς
3559 2293 3619 2330 τε
3665 2276 3764 2330 καὶ

2179 2369 2389 2438 δυσμὰς
2435 2370 2527 2422 καί
2552 2369 2751 2440 ἄρκτον
2783 2367 3270 2440 καὶνμεσημϐρίαν,
3300 2368 3376 2440 (p.
3403 2369 3527 2435 455)
3559 2368 3766 2439 μέμνη-

2180 2476 2269 2513 ται
2285 2459 2391 2512 τῶν
2415 2459 2693 2528 κλιμάτων
2713 2458 2917 2512 τούτων
2947 2458 3208 2522 πολλάκις
3232 2458 3294 2512 τὸ
3320 2459 3590 2529 πολλαχοῦ
3618 2461 3766 2528 γινόο

2184 2569 2344 2625 μενον
2360 2551 2618 2622 δηλοῦσα⁶
2657 2552 2730 2616 ὡς
2757 2553 2885 2606 ὅταν
2913 2554 2942 2604 ὁ
2985 2553 3252 2622 μακάριος
3284 2552 3416 2622 λέγῃ
3454 2551 3616 2606 Δαυῖδ
3635 2554 3765 2623 περὶ

2178 2641 2290 2695 τῶν
2329 2639 2707 2713 Ἰσραηλιτῶνο
2740 2661 2757 2691 ι
2792 2641 3118 2695 Είπάτωσαν
3136 2643 3186 2694 οἰ
3234 2640 3633 2712 λελυτρωμένοι
3660 2641 3766 2694 ὑπὸ

2181 2734 2415 2807 Κυρίου,
2433 2733 2524 2798 οὓς
2549 2732 2890 2805 ὲλυτρώσατο
2912 2735 2976 2788 ὲκ
3000 2733 3188 2805 χειρὸς
3209 2733 3428 2804 ἐχθροῦ,
3451 2735 3545 2787 καί
3569 2735 3632 2786 ὲκ
3655 2733 3764 2786 τῶν

2179 2825 2381 2898 χειρῶν
2409 2826 2715 2894 συνήγαγεν
2739 2825 2958 2888 αὐτοὺς,
2984 2825 3092 2878 ἀπὸ
3120 2825 3394 2879 ἀνατολῶν
3425 2827 3517 2878 καὶ
3542 2824 3763 2895 δυσμῶν

2181 2920 2277 2973 καὶ
2309 2918 2480 2991 βορρᾶ
2504 2919 2598 2972 καὶ
2627 2918 2919 2989 θαλάσσης,
2945 2937 2962 2970 δ
2982 2917 3216 2989 Εὔδηλον
3240 2919 3349 2990 γὰρ
3374 2919 3580 2987 ὅτιούκ
3596 2922 3674 2983 εἰς
3693 2919 3763 2972 τὰ

2180 3011 2424 3082 τέσσαρα
2475 3012 2686 3081 πέρατα
2729 3011 2828 3082 τῆς
2873 3011 3201 3082 οἰκουμένης
3245 3011 3764 3082 διασκορπισθέντας

2179 3104 2308 3167 τοὺς
2345 3103 2685 3175 Ἰσραηλίτας
2715 3104 3019 3174 συνήγαγεν
3039 3105 3067 3156 ὁ
3087 3101 3240 3168 Θεὸς,
3275 3102 3378 3156 ὑπὸ
3405 3101 3765 3166 Βασυλωνίοις

2179 3196 2239 3252 δὲ
2272 3195 2367 3249 καί⁸
2408 3195 2712 3265 Ἀσσυρίοις
2753 3193 2935 3265 μόνοις
2968 3193 3347 3265 αἰχμαλώτους
3373 3194 3530 3258 ὄντας
3557 3197 3636 3258 εἰς
3665 3193 3766 3264 τὴν

2182 3287 2386 3342 οἰκείαν
2418 3287 2732 3358 ἐπανήγαγε
2777 3289 2904 3357 γῆν.
2936 3285 3099 3354 Λέγει
3121 3281 3187 3338 ’δὲ
3225 3287 3257 3356 ή
3288 3285 3478 3357 Γραφὴ
3505 3285 3566 3338 τὸ
3602 3303 3619 3335 ι
3655 3285 3766 3339 ἀπὸ

493 3380 748 3441 ιηοτῑ,ιιιι
781 3379 1000 3431 denotet
1042 3375 1187 3446 quod
1224 3375 1408 3430 multis
1459 3375 1592 3430 locis
1629 3374 1910 3444 dispersos
1944 3389 2077 3428 con-

2181 3377 2452 3434 ἀνατολῶν
2485 3379 2581 3433 καὶ
2607 3378 2827 3449 δυσμῶν
2859 3378 2953 3431 καὶ
2979 3377 3154 3448 βορρᾶ
3172 3377 3266 3430 καί
3297 3377 3593 3447 θαλάσσης,
3627 3395 3646 3427 ι
3675 3377 3768 3430 ἴνα

493 3471 800 3541 gregaverit
847 3476 1011 3539 atque
1058 3468 1111 3522 in
1165 3469 1400 3538 patriam
1454 3466 1756 3521 reduxerit.
1804 3464 1896 3520 Sic
1947 3480 2080 3535 ergo

492 3565 583 3620 hic
615 3579 832 3632 quoque
869 3569 1110 3632 quatuor
1139 3575 1348 3614 cornua
1383 3559 1538 3624 dicit,
1595 3571 1654 3612 ut
1683 3557 1932 3628 designet
1983 3575 2083 3626 po-

490 3656 652 3726 pulos
683 3655 1051 3722 undecunqne
1092 3651 1356 3706 lsraelitis
1391 3650 1664 3706 hostiliter
1688 3649 2083 3719 supervenien-

490 3753 596 3806 tes.
639 3753 693 3798 et
727 3743 1058 3798 omnimodis
1084 3743 1166 3797 eis
1199 3757 1400 3796 nocere
1429 3741 1700 3804 volentes,
1740 3741 1857 3796 sive
1887 3740 1940 3794 hi
1974 3737 2081 3794 As-

492 3835 626 3906 syrii
659 3833 881 3896 fuerint,
900 3833 1016 3888 sive
1047 3831 1356 3902 Babylonii,
1387 3831 1503 3886 sive
1527 3829 1771 3891 Idumaei,
1797 3830 1910 3884 sive
1927 3830 2080 3883 Moa-

491 3927 653 3988 bitae,
693 3926 809 3980 sive
863 3925 1043 3979 carteri
1082 3923 1326 3989 ﬁnitimi,
1365 3923 1479 3978 sive
1513 3923 1748 3992 denique
1787 3922 1877 3976 alii
1915 3922 2079 3992 quili-

493 4019 602 4073 bet.
639 4016 712 4069 Ea
748 4024 969 4086 propter
995 4023 1235 4086 quatuor
1275 4017 1438 4068 etiam
1480 4014 1665 4070 fabros
1694 4016 1858 4081 videt,
1891 4024 1950 4070 ut
1978 4015 2080 4070 mi-

493 4110 842 4165 nistratorias
875 4114 1175 4178 potestates
1220 4105 1386 4172 dicat,
1437 4107 1599 4176 quasi
1636 4107 1808 4164 variis
1837 4123 1904 4162 ex
1943 4107 2079 4164 locis

494 4201 762 4272 supplicia
787 4201 855 4254 iis
890 4199 1106 4270 populis
1130 4199 1490 4266 adducentes,
1521 4201 1650 4256 dum
1679 4199 2078 4271 singulaejuxta

493 4295 589 4350 Dei
626 4295 903 4349 decretum
943 4292 1012 4347 ab
1050 4291 1159 4348 illis
1196 4307 1388 4362 poenas
1435 4302 1754 4363 reposcunt.
1800 4291 1919 4348 Jain
1955 4309 2081 4349 cor-

493 4402 604 4444 nua
621 4381 1103 4452 mxaeuereidixit,
1126 4400 1246 4454 pro,
1273 4383 1364 4437 illa
1395 4393 1714 4447 extenuare,
1740 4392 1903 4455 atque
1928 4385 2078 4439 omni

493 4486 789 4550 asperttate
819 4478 1094 4549 Spoliare;
1132 4475 1184 4530 id
1221 4487 1305 4532 est
1337 4477 1502 4542 vires,
1539 4477 1740 4548 quibus
1774 4477 1807 4530 ii
1855 4491 2076 4547 aggres-

493 4588 649 4628 sores
682 4571 888 4627 suﬂ'ulti
922 4575 1101 4633 erant,
1139 4569 1370 4637 eripere.
1409 4567 1704 4638 Postquam
1738 4568 1839 4622 hac
1870 4570 2079 4624 revela-

496 4666 644 4718 tione
695 4677 912 4732 poenam
965 4661 1333 4717 oﬂ‘ensoribus
1381 4661 1752 4715 lsraelitarum
1787 4659 2077 4727 imponen-

2181 3471 2310 3544 εῐπῃ
2342 3472 2422 3525 ὅτι
2466 3472 2594 3535 τοὺς
2640 3469 2926 3541 πολλαχόθι
2971 3469 3400 3542 διεσπαρμένους
3447 3468 3670 3541 ἦθροισέ
3704 3484 3767 3522 τε

2180 3564 2277 3617 καὶ
2322 3563 2670 3633 ἐπανήγαγεν
2718 3562 2799 3623 εἰς
2843 3561 2912 3614 τὰ
2948 3563 3141 3616 οἰκεῖα.
3199 3558 3386 3624 Οὕτως
3416 3556 3510 3614 οῦν
3546 3560 3642 3613 καὶ
3677 3560 3755 3612 ὲνο

2178 3653 2357 3710 ταῦθα
2382 3654 2626 3725 τέσσαρα
2645 3654 2853 3726 κέρατα
2884 3653 3052 3723 λέγει,
3090 3655 3174 3707 ἵνα
3207 3655 3333 3724 εἴπῃ
3357 3655 3482 3716 τοὺς
3504 3652 3768 3723 πολλαχό-

2181 3743 2275 3799 θεν
2295 3745 2478 3807 αὐτοῖς
2503 3743 2902 3813 ὲπεληλυθότας
2929 3743 3024 3796 καὶ
3043 3743 3310 3805 παντοίως
3340 3741 3537 3804 αὐτοὺς
3565 3739 3767 3810 βλάψαι

2183 3833 2560 3906 βουληθέντας,
2589 3831 2699 3885 εἴτε
2754 3833 3068 3903 Ἀσσυρίους
3098 3833 3205 3884 εῐτε
3245 3831 3614 3894 Βαϐυλωνίους
3653 3829 3768 3882 εἴτε

2193 3927 2556 3998 Ἰδουμαίους,
2611 3926 2643 3994 ἢ
2701 3924 2989 3989 Μωαϐίτας
3035 3925 3068 3995 ἢ
3112 3925 3204 3977 καὶ
3246 3925 3368 3987 τοὺς
3406 3924 3625 3986 λοιποὺς
3673 3939 3773 3976 πε-

2183 4020 2442 4091 ριοίκους,
2491 4018 2588 4071 εἴθ’
2643 4017 2897 4080 οῦστινας
2933 4018 3130 4088 δήποτε
3177 4017 3416 4087 ἑτέρους.
3470 4016 3567 4070 Διά
3608 4013 3772 4070 τοῦτο

2180 4108 2277 4162 καὶ
2310 4107 2568 4172 τέκτονας
2584 4109 2854 4180 τέσσαρας
2893 4109 3101 4178 βλέπει,
3127 4109 3214 4163 ἵνα
3243 4111 3373 4182 εἴπῃ
3404 4110 3500 4174 τὰς
3532 4109 3785 4179 λειτουρ-

2181 4199 2344 4268 γικάς
2381 4199 2658 4268 δυνάμεις,
2689 4197 2764 4260 ώς
2797 4199 3124 4269 πολλαχόθεν
3157 4200 3341 4262 αὐτοῖς
3366 4200 3465 4269 τὴν
3495 4197 3772 4268 τιμωρίαν

2181 4290 2656 4358 ὲπαναγαγούσας,
2689 4291 2934 4344 ἑκάστων
2956 4291 3082 4355 τοὺς
3123 4292 3253 4363 παρ’
3291 4292 3474 4354 αὐτοῖς
3499 4290 3640 4344 κατά
3664 4290 3771 4360 τὴν

2181 4386 2456 4456 ἀπόφασιν
2476 4385 2950 4456 τιμωρησαμένων
2975 4385 3072 4456 τὴν
3103 4385 3272 4439 θείαν.
3298 4384 3371 4438 Τὸ
3391 4385 3446 4438 δὲ
3481 4405 3498 4436 ι
3525 4384 3710 4450 όξῦναι
3742 4403 3764 4435 ι

2181 4478 2250 4533 τά
2303 4478 2508 4550 κέρατα
2559 4476 2708 4546 λέγει
2757 4478 2878 4531 ἀντὶ
2923 4477 3016 4530 τοῦ
3099 4474 3430 4530 ἐκλεπτῦναι
3485 4476 3625 4530 αὐτὰ
3670 4475 3772 4528 καὶ

2182 4571 2360 4624 πάντα
2388 4570 2477 4623 τὸν
2497 4571 2658 4638 δγκον
2687 4569 2865 4623 αὐτῶν
2895 4569 3115 4637 ἀφελεῖν
3136 4586 3149 4600 ⁸
3194 4570 3281 4622 ἵνα
3315 4569 3446 4642 εἴπῃ
3479 4568 3577 4640 τήν
3610 4583 3775 4639 πείκ-

2183 4662 2443 4733 κειμένην
2473 4665 2582 4726 τοῖς
2610 4661 2895 4716 ἐπελθοῦσι
2918 4661 3144 4732 δύναμιν
3178 4660 3438 4730 ἀφανίσαι
3459 4677 3472 4689 ο
3503 4659 3676 4713 ταῦτα
3698 4659 3771 4731 δὴ

493 4755 618 4808 dam
648 4726 911 4824 propheta
945 4753 1251 4821 aﬂirmavit,
1300 4754 1460 4807 aliam
1492 4754 1669 4822 pergit
1709 4726 1936 4806 narrare
1970 4753 2077 4806 sibi

2183 4757 2249 4825 τῇ
2277 4726 2632 4825 ’ἀποκαλύψει
2672 4755 2770 4827 τὴν
2810 4754 2918 4809 τῶν
2945 4726 3283 4826 ἠδικηκότων
3311 4756 3437 4818 τοὺς
3491 4726 3770 4824 Ἰσραηλίέ

497 4848 695 4901 factam
726 4846 1137 4910 revelationem,
1158 4863 1279 4914 quae
1308 4846 1462 4900 urbis
1491 4844 1837 4899 Hierusalem
1859 4842 2074 4898 instau-

495 4939 760 4994 rationem
791 4936 1226 4992 demonstrabat.
1258 4936 1351 4992 Sic
1382 4945 1564 4992 autem
1598 4936 1734 4991 dicit
1775 4955 1787 4990 :

1162 5120 1315 5175 CAP.
1352 5119 1415 5172 ΙΙ.

562 5211 721 5281 301
753 5210 916 5266 Vens.
943 5210 1060 5264 1-5.
1091 5241 1162 5252 -
1190 5230 1209 5262 ι
1246 5210 1551 5281 Levavique
1576 5213 1767 5270 oculos
1811 5231 1986 5281 meos,
2021 5229 2076 5275 et

497 5302 627 5366 vidi,
659 5311 712 5357 et
750 5303 998 5358 ecce'vir
1031 5303 1084 5358 in
1119 5300 1280 5372 cujus
1320 5317 1484 5356 manu
1527 5305 1809 5367 funiculus
1853 5322 2075 5377 geome-

494 5395 683 5450 tricus.
715 5393 946 5466 Dixique
971 5396 1019 5450 ei
1045 5414 1060 5448 :
1085 5394 1204 5460 Quo
1227 5401 1282 5448 tu
1306 5395 1523 5466 pergis?
1549 5396 1614 5452 Et
1637 5397 1775 5453 dixit
1805 5401 1974 5455 mihi:
2004 5401 2072 5457 Ut

491 5484 746 5541 dimetiar
771 5485 1131 5551 Hierusalem,
1160 5495 1214 5541 et
1247 5486 1458 5542 videam
1499 5499 1702 5561 quanta
1737 5493 1808 5547 sit
1837 5493 2070 5549 latitudo

491 5577 610 5648 ejus
631 5585 679 5632 et
700 5586 902 5648 quanta
928 5578 1227 5648 longitudo.
1251 5578 1312 5631 Et
1343 5593 1468 5636 ecce
1495 5582 1718 5655 angelus
1749 5583 1844 5663 qui
1870 5585 2062 5657 loque-

558 5759 608 5793 ⁸⁵
645 5759 808 5815 Mich.
851 5777 900 5829 ν,
939 5760 991 5816 5.
1068 5761 1113 5796 ⁵⁸
1151 5760 1294 5820 Psal.
1325 5777 1433 5835 ενι,
1473 5764 1528 5818 Ξ.

2178 4864 2278 4912 τας
2301 4847 2573 4918 τιμωρίαν
2603 4847 2906 4917 βεϐαιώσας
2934 4849 2964 4902 ὁ
2986 4849 3291 4919 προφήτης,
3314 4850 3392 4916 (p.
3422 4847 3548 4916 454)
3571 4846 3774 4917 ἑτέραν

2179 4939 2524 5008 ἀποκάλυψιν
2571 4941 2724 5009 λέγει
2779 4939 3080 5010 δειχθεῖσαν
3125 4939 3275 5011 αὑτῷ
3317 4937 3620 5010 δηλωτικὴν
3661 4935 3775 5006 τῆς

2177 5033 2320 5085 κατά
2352 5032 2449 5104 τὴν
2495 5034 2849 5104 Ἰερουσαλὴμ
2875 5031 3243 5096 ἀνανεώσεως.
3277 5032 3440 5101 Λέγει
3467 5031 3524 5084 δὲ
3551 5029 3726 5093 οὕτως
3751 5047 3772 5064 ο

2834 5127 2993 5179 ΚΕΦ.
3036 5125 3112 5180 B'.

2247 5217 2394 5287 Στίχ.
2429 5225 2575 5273 α’-ε’.
2613 5248 2682 5259 ο-
2719 5237 2737 5270 ι
2769 5219 2880 5272 Καὶ
2906 5214 3016 5289 ἦρα
3047 5217 3176 5278 τοὺς
3202 5215 3513 5285 ὀφθαλμούς
3545 5231 3644 5285 μου
3675 5215 3781 5268 καὶ

2175 5301 2313 5360 εἶδον
2333 5323 2347 5338 ο
2406 5309 2500 5362 καὶ
2535 5308 2643 5362 ἰδοὺ
2669 5308 2834 5379 ἀνὴρ,
2875 5309 2969 5362 καὶ
2999 5308 3056 5362 ὲν
3082 5309 3147 5378 τῇ
3176 5306 3321 5378 χειρὶ
3341 5305 3507 5360 αὐτοῦ
3534 5304 3780 5375 σχοινίον

2175 5401 2548 5471 γεωμετρικόν
2565 5418 2579 5432 ο
2613 5401 2708 5454 καὶ
2728 5397 2881 5454 εἷπον
2907 5401 3044 5472 πρὸς
3072 5400 3256 5464 αὐτὸν,
3281 5398 3390 5453 Ποῦ
3425 5400 3490 5452 σὺ
3522 5395 3773 5469 πορεύῃς

2176 5494 2270 5548 καὶ
2314 5488 2434 5547 εἷπε
2482 5493 2619 5567 πρός
2666 5513 2769 5566 με,
2822 5495 3195 5566 Διαμετρῆσαι
3241 5494 3340 5566 τὴν
3384 5491 3777 5564 Ἰερουσαλὴμ,

2175 5587 2269 5640 τοῦ
2311 5587 2441 5642 ἰδεῖν
2475 5587 2705 5660 πηλίκον
2735 5588 2797 5642 τὸ
2824 5587 3026 5650 πλάτος
3057 5587 3227 5661 αὐτῆς
3253 5587 3368 5640 ἐστι
3405 5586 3499 5639 καὶ
3537 5581 3779 5648 πηλίκον
