4118 6462
558 292 663 348 519

1741 281 2093 338 TIIEODORI
2128 284 2356 344 MOPSU
2368 286 2613 346 ESTENI

3709 292 3818 350 δειο

554 410 734 479 gelum
761 406 953 478 angelo
984 404 1295 476 signiticare
1326 400 1456 472 quid
1488 398 1758 472 agendum
1791 400 1885 464 sit,
1918 402 1994 455 nil
2022 403 2125 456 nti—

2229 407 2336 478 γάρ
2381 407 2459 479 τῷ
2504 408 2618 479 Υίῷ
2649 408 2743 462 τοῦ
2792 410 2927 465 Θεοῦ
2959 412 3222 476 κελεύειν,
3251 411 3362 466 τῶν
3401 410 3677 466 ἀδάνάτων
3722 406 3816 482 ἦν,

556 517 717 556 rum:
760 514 884 553 nam
918 508 970 553 et
1028 496 1355 550 famulorum
1398 501 1481 548 est
1526 493 1760 547 invicem
1806 492 2133 550 denuntiare

557 594 866 645 voluntates
907 586 1232 648 dominicas,
1277 586 1559 654 multoque
1610 583 1783 653 magis
1832 584 1937 639 hoc
1978 585 2136 640 decet

559 682 680 736 illos
708 680 802 751 qui
826 680 896 735 ab
921 679 1164 734 omnium
1183 676 1416 732 Domino
1445 675 1512 729 ad
1544 674 1597 729 id
1629 674 1939 741 mittuntur,
1971 684 2135 743 prout

558 786 705 826 nunc
753 770 972 825 accidit.
1018 767 1269 838 Namque
1317 765 1513 835 angelo
1558 764 1652 834 qui
1705 764 2033 834 loquebatur
2078 765 2133 819 in

450 875 471 887 ‘
558 866 841 936 propheta,
878 872 932 919 et
957 875 1059 933 pro
1086 861 1221 916 urbe
1249 858 1461 923 orabat,
1503 856 1699 915 merito
1738 857 1966 927 angelus
1998 857 2127 912 mis-

556 973 652 1013 sus
684 973 750 1011 ex
792 954 1061 1012 sententia
1109 950 1227 1015 Dei,
1264 963 1487 1005 currere
1528 947 1689 1017 303
1735 947 1843 1018 ipsi
1889 946 2127 1017 imperat

554 1059 608 1103 et
631 1047 778 1117 loqui
821 1060 942 1115 qua:
970 1059 1111 1113 opus
1152 1050 1269 1098 erat
1316 1038 1751 1101 adolescentulo,
1795 1045 1960 1108 atque
1989 1054 2131 1092 nun-

554 1140 692 1193 tiare
737 1152 928 1209 preces
962 1138 1083 1206 ejus
1130 1148 1358 1203 scopum
1401 1145 1525 1185 esse
1571 1138 1875 1194 assecutas,
1925 1126 2133 1198 Deique

554 1231 890 1284 voluntatem
913 1243 1042 1300 erga
1061 1223 1403 1281 Hierusalem
1434 1221 1633 1276 factam
1655 1236 1780 1277 esse
1798 1220 2089 1290 benignam
2115 1236 2130 1273 :

554 1331 807 1392 Oportere
841 1327 1022 1375 autent
1072 1319 1249 1387 ipsum
1285 1320 1508 1384 propter
1540 1312 1892 1381 impetratum
1933 1311 2027 1368 Dei
2056 1309 2136 1365 fa-

556 1432 766 1479 vorem,
797 1415 1031 1469 libenter
1071 1412 1320 1481 jussibus
1350 1410 1579 1481 obsequi
1606 1426 1621 1475 ;
1667 1415 1721 1462 et
1752 1404 2007 1462 celeriter
2036 1404 2134 1459 ad—

555 1512 800 1571 modum,
828 1508 876 1562 ei
911 1522 1005 1577 qut
1031 1505 1099 1559 ad
1126 1503 1500 1559 aedificandam
1543 1500 1731 1555 urbem
1764 1498 1973 1553 missus
2015 1495 2134 1552 fue-

557 1608 663 1660 rat,
698 1596 1006 1667 significare
1036 1610 1157 1665 quae
1187 1592 1332 1648 Deus
1356 1592 1425 1649 de
1452 1593 1571 1663 ipsa
1602 1594 1936 1645 decreverat.

2235 499 2330 551 acati.
2379 498 2620 569 νομίζειν
2661 501 2717 554 δὲ
2768 502 2924 557 τοῦτο
2949 504 3049 574 τῆς
3087 504 3322 575 ἐσχάτης
3347 504 3497 557 ἐστὶν
3525 502 3780 565 ἀσεϐείας
3801 519 3816 533 ·

2235 587 2465 655 ἄγγελον
2511 589 2567 642 δὲ
2600 591 2817 664 ἀγγέλῳ
2857 594 3140 664 σημαίνειν
3177 594 3240 647 τὸ
3279 594 3570 665 πρακτέον,
3606 593 3822 663 θαυμα-

2237 680 2360 734 στὸν
2387 680 2568 734 οὐδέν’
2608 683 2795 754 ἐπειδὴ
2840 684 2947 737 τῶν
2982 685 3269 755 ὑπηρετῶν
3309 686 3439 738 ἴδιον
3473 683 3697 755 μηνύειν
3726 685 3821 737 ἀλ-

2234 768 2414 839 λήλοις
2466 771 2534 824 τὰ
2594 772 2888 827 δεσποτικὰ
2939 774 3301 846 βουλεύματα,
3363 775 3459 828 καὶ
3514 774 3695 844 πολλῷ
3754 792 3820 843 γε

2236 860 2397 913 πλέον
2427 863 2553 924 τοὺς
2581 863 2852 917 ἐπὶτοῦτο
2890 864 3275 935 πεμπομένους
3305 864 3455 935 παρά
3479 864 3572 918 τοῦ
3598 866 3821 918 πάντων

2233 950 2454 1023 Κυρίου,
2500 948 2613 1008 οἷόν
2649 973 2702 1009 τι
2748 957 2839 1010 καὶ
2882 956 2977 1011 νῦν
3020 957 3259 1026 ἐγίνετο’
3309 956 3404 1010 τοῦ
3435 956 3545 1027 γὰρ
3578 956 3817 1025 ἀγγέλου

2232 1042 2325 1095 τοῦ
2359 1044 2644 1110 λαλοῦντος
2674 1049 2731 1101 ὲν
2766 1047 2914 1119 αὑτῷ
2958 1047 3056 1120 τὴν
3090 1048 3231 1120 ὑπὲρ
3261 1048 3361 1117 τῆς
3392 1048 3598 1111 πόλεως
3644 1065 3813 1117 προσ·-

2232 1135 2529 1203 αγαγόντος
2554 1136 2761 1206 δέησιν,
2795 1140 3020 1202 εἰκότως
3063 1139 3093 1190 6
3119 1138 3387 1208 πεμφθεὶς
3419 1139 3648 1207 ἄγγελος
3675 1141 3814 1195 κατὰ

2235 1223 2460 1295 γνώμην
2489 1225 2645 1289 Θεοῦ,
2677 1228 2904 1299 δραμεῖν
2942 1228 3089 1300 αὑτῷ
3118 1229 3212 1282 καὶ
3238 1229 3467 1301 λαλῆσαι
3495 1230 3706 1283 κελεύει
3749 1231 3816 1285 τά

2232 1316 2579 1385 προσήκοντα
2630 1318 2765 1389 πρὸς
2795 1319 2888 1373 τὸν
2922 1322 3224 1389 νεανίσκον,
3260 1321 3335 1385 ὡς
3367 1322 3433 1375 ἂν
3470 1321 3814 1391 εὐαγγελιζό-

2236 1421 2395 1474 μενος
2451 1407 2533 1460 ότι
2588 1426 2693 1480 περ
2740 1411 2887 1481 αὑτῷ
2919 1411 2989 1466 τά
3035 1413 3137 1483 τῆς
3190 1414 3428 1484 δεήσεως
3470 1408 3623 1468 ῖκται
3677 1415 3816 1485 πρὸς

2233 1497 2429 1567 πέρας⁹
2473 1500 2567 1553 καὶ
2611 1500 2853 1555 δέδοκται
2900 1505 2996 1575 μὲν
3027 1505 3156 1576 περὶ
3199 1505 3297 1576 τῆς
3336 1504 3691 1577 Ἰερουσαλὴμ
3734 1506 3813 1577 τῷ

2235 1584 2354 1656 Θεῷ
2387 1588 2453 1640 τὰ
2479 1589 2710 1659 κρείττω
2730 1609 2741 1623 ·
2772 1593 2877 1664 χρὴ
2902 1593 2958 1646 δὲ
2992 1593 3085 1647 καὶ
3113 1594 3271 1647 αὑτὸν
3297 1593 3372 1656 ὡς
3404 1593 3697 1663 ἰσχύσαντα
3726 1594 3815 1665 ἐφ’

552 1683 633 1753 οἷς
679 1689 871 1759 ἐδεήθη
917 1687 1067 1759 παρὰ
1115 1685 1193 1757 τῷ
1238 1684 1393 1755 Θεῷ,
1449 1683 1566 1755 μεθ’
1620 1681 1813 1754 ἡδονῆς
1877 1696 1936 1733 τε
1989 1679 2101 1741 τοῖς
2162 1676 2606 1749 κεκελευσμένοις
2654 1683 3076 1755 ὑπηρετεῖσθαι,
3134 1687 3228 1739 καὶ
3281 1685 3420 1756 μετά
3471 1685 3666 1740 πολλοῦ
3714 1684 3813 1741 τοῦ

551 1783 752 1853 τάχους
772 1781 849 1851 τῷ
870 1782 962 1835 ἐπὶ
986 1780 1083 1853 τὴν
1101 1778 1389 1850 οἰκοδομὴν
1412 1777 1769 1832 ἀποσταλέντι
1796 1774 1900 1845 τῆς
1928 1772 2135 1833 πόλεως
2166 1771 2430 1842 γνωρίσαι
2467 1774 2532 1827 τὰ
2565 1777 2693 1847 περὶ
2723 1778 2893 1848 αὑτῆς
2925 1778 3152 1845 δόξαντα
3173 1777 3251 1847 τῷ
3297 1777 3435 1849 Θεῷ.

625 1877 792 1932 Vnus.
822 1878 1016 1932 6-7.-——
1062 1874 1174 1945 Age
1204 1889 1333 1929 vero
1373 1873 1683 1929 necessaria
1714 1870 1907 1926 llducia
1946 1868 2015 1924 ab
2046 1868 2125 1922 his

2306 1870 2452 1940 Στίχ.
2499 1872 2636 1936 ς’-ζ’.
2676 1904 2742 1914 -
2800 1872 2960 1928 ’Δλλά
2997 1873 3105 1942 γάρ
3134 1874 3445 1943 ἀναγκαίως
3474 1874 3706 1947 θάρσους
3747 1876 3812 1929 ὲκ

553 1970 784 2024 ostentis
818 1966 1083 2038 propheta
1115 1966 1359 2036 repletus
1390 1963 1732 2019 exclamabat
1761 1961 1987 2015 dicens:
2013 1976 2030 2009 ι
2052 1956 2131 2021 0,

554 2076 588 2115 ο
611 2103 625 2124 ,
664 2059 832 2130 fugite
868 2073 897 2112 a
929 2067 1073 2113 terra
1109 2056 1340 2121 boreali,
1372 2056 1507 2112 dicit
1547 2054 1841 2117 Dominus;
1875 2050 2134 2122 quoniam

552 2167 583 2205 a
614 2160 853 2223 quatuor
887 2152 1064 2205 ventis
1099 2151 1224 2205 caeli
1255 2150 1601 2221 congregabo
1631 2161 1754 2205 vos.
1780 2144 1915 2200 dicit
1948 2142 2135 2196 Domi-

551 2258 680 2298 nus.
706 2241 786 2297 Ad
837 2240 968 2296 Sion
1001 2241 1140 2296 salvi
1183 2238 1498 2310 confugite,
1534 2252 1630 2293 vos
1669 2237 1761 2307 qui
1806 2251 1954 2290 nunc
1988 2230 2134 2303 apud

554 2333 721 2387 filiam
754 2331 1049 2402 Babylonis
1082 2329 1343 2385 incolitis.
1382 2346 1400 2379 ι
1433 2326 1653 2382 Mandat
1682 2325 1845 2381 etiam
1874 2322 2131 2391 reliquis,

552 2423 649 2493 qui
684 2422 863 2477 adhuc
899 2422 955 2477 in
985 2422 1302 2492 captivitate
1334 2426 1648 2484 versantur,
1696 2425 1757 2471 ut
1793 2414 1967 2470 multa
2006 2426 2132 2467 cum

554 2513 914 2569 festinatione
946 2512 1011 2568 ad
1045 2510 1229 2567 Sionis
1254 2519 1496 2565 montem
1529 2516 1824 2564 accurrant
1854 2505 2133 2561 conliden-

554 2616 637 2662 tes
686 2606 778 2661 Dei
808 2605 1270 2676 promissionibus
1311 2603 1380 2659 de
1421 2602 1798 2668 Hierusalem,
1826 2601 1920 2670 qui
1961 2599 2134 2654 unde-

551 2712 768 2769 cunque
838 2712 932 2752 eos
966 2697 1201 2752 illuc.se
1240 2702 1698 2767 congregaturum
1740 2691 2129 2764 spoponderat.

552 2792 730 2861 Atque
756 2790 846 2846 hic
898 2790 1301 2849 rursusdictior
1320 2802 1349 2841 a
1372 2794 1610 2858 quatuor
1631 2783 2004 2851 ventis,.haud
2031 2784 2133 2837 ali-

550 2899 712 2953 quem
744 2895 1065 2947 numerum,
1101 2882 1198 2935 sed
1243 2879 1427 2950 potius
1484 2878 1849 2947 undecunque
1873 2875 2128 2939 denotat,

551 2986 611 3030 ttt
643 2975 816 3030 Judaei
859 2974 951 3045 qui
984 2973 1164 3028 adhuc
1199 2971 1579 3043 Babylonicam
1620 2970 1896 3041 regionem
1929 2967 2133 3021 incoleo

551 3069 705 3132 bant,
742 3067 806 3121 ad
842 3065 1033 3120 urbem
1074 3062 1418 3119 Hierusalem
1459 3062 1642 3117 cuncti
1681 3061 2042 3127 festinarent;
2074 3060 2129 3113 in

549 3174 658 3229 qua
699 3158 958 3229 degentes
1001 3155 1188 3211 stabili
1222 3156 1481 3227 posthinc
1526 3155 1708 3211 salute
1751 3152 2127 3224 perfruentur,

551 3249 662 3304 Deo
706 3251 858 3318 ipsos
904 3249 1062 3319 juxta
1111 3248 1380 3318 promissa
1421 3262 1518 3303 sua
1567 3245 1958 3303 custodiente:
1997 3244 2124 3315 quia

547 3340 661 3409 jam
692 3347 808 3392 tum
832 3339 1009 3393 deleta
1040 3337 1220 3392 fuerat
1246 3337 1507 3409 Babylon,
1548 3345 1771 3408 totaque
1799 3337 2126 3409 Babylonio-

551 3444 671 3484 rum
699 3424 999 3483 dominatio
1030 3428 1320 3495 desiverat,
1352 3427 1497 3482 Darii
1519 3429 1778 3483 nimirum
1810 3427 1955 3498 regis
1986 3437 2123 3481 tem-

550 3519 798 3588 poribus.
827 3518 999 3572 Simul
1025 3524 1207 3573 tamen
1238 3518 1487 3589 praedicit
1518 3519 1588 3575 de
1611 3519 1723 3574 illis
1743 3519 1836 3589 qui
1868 3533 1965 3590 per
1991 3516 2125 3572 illud

549 3620 762 3680 tempus
800 3610 1031 3666 redituri
1076 3619 1256 3668 erant.
1295 3609 1431 3664 Nam
1467 3625 1660 3681 reapse
1706 3610 1989 3665 redierunt
2020 3609 2125 3662 sub

550 3701 715 3757 Dario
753 3718 862 3758 non
894 3703 1054 3773 pauci
1086 3722 1100 3758 :
1138 3702 1495 3758 nihilominus
1533 3701 1688 3772 jubet
1717 3717 1812 3758 eos
1850 3700 2126 3770 Babylone

547 3796 772 3857 reverti,
824 3795 879 3849 id
928 3804 1013 3851 est
1055 3796 1123 3852 de
1161 3796 1475 3867 captivitate
1517 3809 1683 3866 quam
1729 3808 1759 3847 a
1809 3791 2124 3863 Babyloniis

549 3886 793 3955 perpessi
824 3894 1000 3941 erant.
1021 3885 1247 3942 Constat
1288 3894 1468 3941 autem
1507 3885 1829 3955 prophetam
1856 3882 1960 3937 sub
1976 3880 2122 3952 jussi

549 3976 721 4047 figura
742 3978 1148 4048 praedictionem
1173 3978 1250 4035 rei
1292 3977 1489 4033 futurae
1514 3977 1715 4035 facere.

619 4245 785 4303 Vens.
814 4248 966 4304 8-12.
1002 4279 1073 4289 -—
1103 4268 1121 4301 ι
1154 4247 1278 4305 Haec
1305 4251 1448 4306 enim
1483 4252 1558 4307 ait
1580 4251 1843 4308 Dominus
1864 4226 2118 4323 omnipo-

548 4348 670 4394 tens
704 4358 716 4393 :
748 4341 874 4397 Post
913 4342 1146 4412 gloriam
1190 4343 1338 4398 misit
1377 4359 1463 4399 me
1501 4344 1570 4400 ad
1612 4355 1803 4417 gentes
1834 4362 1954 4420 quae
1986 4363 2119 4420 spo-

547 4433 817 4488 liaverunt
864 4449 985 4500 vos,
1023 4434 1152 4506 quia
1200 4435 1293 4505 qui
1352 4437 1597 4508 tetigerit
1642 4436 1760 4506 v0s,
1813 4439 1972 4510 quasi
2022 4441 2116 4511 qui

546 4535 734 4597 tangat
764 4527 1021 4597 pupillam
1052 4527 1199 4583 oculi
1241 4528 1383 4599 ejus.
1419 4528 1559 4596 Quia
1594 4546 1723 4586 ecce
1753 4547 1854 4602 ego
1884 4531 2115 4587 inferam
2150 4560 2196 4615 ι)

545 4634 767 4674 manum
799 4634 973 4674 meam
1003 4634 1167 4689 super
1206 4636 1336 4689 eos;
1393 4629 1446 4676 et
1473 4630 1635 4676 erunt
1677 4624 1872 4692 praeda:
1921 4624 1989 4678 iis
2022 4626 2116 4693 qui

544 4711 847 4764 servierant
874 4710 1038 4780 ipsis:
1062 4710 1225 4783 304
1242 4720 1297 4767 et
1321 4715 1668 4782 cognoscetis
1697 4715 1825 4783 quia
1851 4713 2116 4769 Dominus

544 4801 885 4870 omnipotens
916 4804 1063 4858 misit
1090 4819 1195 4858 me.
1238 4821 1257 4855 ι
1292 4802 1417 4859 Haec
1448 4821 1570 4875 ego,
1605 4806 1814 4873 inquit,
1849 4807 2008 4861 vobis
2034 4805 2117 4879 ef-a

545 4889 651 4943 fata
686 4893 873 4954 recito,
902 4890 991 4947 Dei
1023 4892 1116 4961 qui
1147 4891 1228 4947 sic
1244 4890 1326 4947 est
1349 4893 1599 4949 elocutus
1628 4894 1809 4962 jussu,
1835 4895 1928 4963 qui
1967 4894 2116 4949 misit

543 4997 628 5035 nte
666 4982 894 5052 gloriam
933 4983 1053 5052 ejus
1109 4984 1516 5051 nuntiaturum,
1565 4999 1631 5038 ac
1677 4983 2107 5052 magnitudinem

541 5074 798 5143 potentiae
859 5089 1011 5137 suae,
1058 5088 1223 5144 quam
1277 5085 1470 5131 contra
1531 5075 1832 5131 oﬂ’ensores
1895 5085 2110 5133 vestros

539 5165 789 5219 ostendet
831 5183 843 5219 :
881 5172 1166 5234 tantopere
1190 5165 1258 5220 iis
1288 5179 1622 5221 succensens
1652 5166 1749 5235 qui
1783 5181 1881 5221 vos
1911 5180 2112 5221 vexare

537 5257 864 5322 voluerunt,
924 5266 1132 5327 quanto
1181 5258 1248 5312 iis
1295 5257 1623 5312 irasceretur
1680 5259 1774 5328 qui
1823 5259 2110 5313 oculorum

540 5345 715 5415 ipsius
745 5347 978 5416 pupillas
1010 5346 1246 5402 laederet.
1271 5344 1425 5399 Patet
1449 5355 1629 5400 autem
1663 5346 1827 5402 Deum
1861 5348 2106 5405 humano

539 5434 796 5503 loquendi
842 5451 993 5491 more
1019 5437 1273 5490 eximiam
1314 5437 1711 5505 providentiam
1741 5453 1898 5493 suam
1934 5439 2111 5495 deno-

539 5535 656 5578 tare
685 5526 939 5580 voluisse.
966 5527 1097 5580 Tant
1124 5542 1341 5596 gravem
1367 5566 1381 5590 ,
1417 5527 1613 5597 inquit,
1650 5529 1888 5585 inimicis
1911 5532 2107 5589 vestris

538 5631 755 5686 pugnam
792 5616 1043 5679 inferant,
1081 5627 1138 5670 ut
1177 5618 1245 5670 ab
1284 5616 1390 5671 illis
1427 5619 1770 5689 expugnandi
1800 5624 1909 5674 sint
1940 5630 2105 5692 atque

541 5709 812 5776 vastandi,
869 5725 1006 5776 quos
1054 5717 1211 5765 antea
1260 5710 1581 5767 famulorum
1640 5712 1758 5767 loco
1809 5713 2099 5770 habebant.

2236 1961 2342 2015 τῶν
2370 1963 2685 2033 δειχθέντων
2716 1966 2745 2018 6
2770 1966 3055 2037 προφήτης
3090 1966 3400 2038 πληρωθεὶς
3428 1966 3557 2020 ἐϐόα
3597 1968 3772 2035 λέγων
3793 1984 3808 2000 θ

2241 2072 2259 2103 ι
2275 2053 2339 2105 Ὢ
2352 2051 2417 2117 ὣ,
2443 2053 2669 2122 φεύγετε
2694 2054 2802 2108 ἀπὸ
2823 2055 2925 2125 γῆς
2952 2055 3144 2127 βορρᾶ,
3167 2055 3318 2123 λέγει
3336 2055 3558 2122 Κύριος’
3585 2056 3662 2125 (p.
3680 2054 3810 2125 457)

2233 2142 2371 2195 διότι
2400 2145 2465 2196 ὲκ
2495 2143 2602 2196 τῶν
2646 2143 2927 2215 τεσσάρων
2966 2144 3182 2215 ἀνέμων
3210 2144 3304 2197 τοῦ
3336 2142 3565 2215 ούρανοῦ
3598 2143 3813 2209 συνάξω

2236 2234 2400 2305 ὑμᾶς,
2427 2235 2573 2304 λέγει
2604 2234 2806 2309 Κύριος
2825 2254 2839 2267 ’
2874 2238 2952 2300 εἰς
2981 2236 3119 2290 Σιὼν
3147 2235 3513 2301 ἀνασώζεσθε,
3541 2236 3590 2289 οἱ
3621 2252 3811 2290 κατοι-

2235 2326 2457 2391 κοῦντες
2490 2327 2760 2400 θυγατέρα
2793 2327 3128 2409 Βαϐυλῶνος.
3157 2349 3176 2382 ι
3225 2328 3453 2384 Κελεύει
3484 2330 3591 2400 γὰρ
3618 2329 3682 2401 δὴ
3717 2329 3812 2382 καὶ⁵

2233 2421 2346 2482 τοῖς
2388 2417 2594 2482 λοιποῖς
2622 2420 2731 2475 τῶν
2776 2422 2867 2474 ἐπὶ
2899 2420 2998 2493 τῆς
3045 2421 3419 2492 αἰχμαλωσίας
3463 2422 3631 2475 όντων
3690 2420 3807 2487 ἔτι,

2237 2510 2376 2579 μετὰ
2400 2510 2599 2581 πολλῆς
2626 2512 2905 2583 ἐκτρέχειν
2930 2512 3029 2587 τῆς
3053 2507 3285 2583 σπουδῆς
3303 2510 3397 2565 ἐπὶ
3418 2511 3479 2565 τὸ
3500 2510 3640 2565 Σιὼν
3660 2512 3808 2584 ὅρος,

2234 2599 2565 2671 θαρροῦντας
2615 2603 2727 2664 τοῖς
2775 2598 3203 2673 ὲπηγγελμένοις
3243 2598 3321 2672 τῷ
3364 2600 3484 2673 Θεῷ
3534 2603 3663 2674 περὶ
3709 2604 3810 2672 τῆς

2244 2690 2637 2763 Ἰερουσαλὴμ,
2687 2690 2747 2759 δς
2798 2693 3062 2764 ὑπέσχετο
3110 2694 3442 2766 πανταχόθεν
3493 2696 3690 2759 αὑτοὺς
3729 2696 3810 2758 εἰς

2233 2782 2404 2853 αὐτὴν
2444 2783 2692 2849 συνάξειν
2714 2800 2728 2815 ’
2771 2785 3049 2839 κάνταῦθα
3085 2786 3267 2857 μέντοι
3313 2787 3476 2840 πάλιν
3510 2786 3671 2841 τὸιὶκ
3697 2788 3809 2841 τῶν

2230 2875 2510 2946 τεσσάρων
2526 2879 2772 2945 ἀνέμων»
2791 2876 2891 2929 οὑκ
2925 2877 3155 2948 ἀριθμόν
3182 2895 3324 2941 τινα,
3350 2877 3485 2932 ἀλλὰ
3508 2879 3569 2932 τὸ
3597 2892 3807 2934 παντα-

2232 2966 2388 3037 χόθεν
2432 2966 2598 3037 δηλοῖ,
2632 2967 2707 3033 ὡς
2753 2967 2818 3022 ἂν
2858 2967 3186 3039 θαρροῦντες
3225 2970 3274 3022 οἰ
3308 2969 3406 3040 τὴν
3453 2968 3807 3025 Βαϐυλωνίων

2231 3057 2504 3122 οἰκοῦντες
2538 3057 2720 3130 χώραν
2749 3059 2829 3113 ἔτι
2861 3059 2969 3113 τῶν
3018 3060 3304 3125 Ἰουδαίων,
3335 3060 3427 3113 ἐπὶ
3459 3062 3557 3132 τὴν
3606 3062 3807 3132 Ἰερου-

2224 3138 2415 3225 σαλὴμ
2452 3153 2753 3221 ἐπείγοιντο
2787 3153 2988 3217 πάντες
3018 3171 3031 3184 ·
3077 3146 3248 3225 οὗπερ
3276 3154 3549 3223 διάγοντες
3582 3154 3809 3225 βεϐαίαν

2232 3244 2410 3308 ἕξουσι
2441 3243 2533 3297 τοῦ
2568 3243 2754 3299 λοιποῦ
2788 3245 2885 3316 τὴν
2918 3245 3208 3317 σωτηρίαν,
3243 3241 3336 3299 τοῦ
3371 3244 3506 3299 Θεοῦ
3540 3246 3683 3300 κατά
3707 3247 3807 3309 τὰς

2232 3334 2437 3399 οἰκείας
2485 3336 2688 3400 αὑτοὺς
2744 3336 3099 3406 φυλάττοντος
3151 3336 3520 3406 ἐπαγγελίας,
3572 3336 3654 3391 ὅτι
3709 3334 3809 3409 μὲν

2232 3424 2507 3498 καθῃρέθη
2540 3427 2658 3480 τότε
2691 3427 2967 3491 Βαϐυλὼν,
3000 3430 3095 3482 καὶ
3130 3428 3279 3482 πᾶσα
3308 3429 3605 3500 πέπαυτοη
3630 3429 3808 3482 Βαϐυ-

2229 3516 2435 3571 λωνίων
2464 3518 2627 3590 ἀρχὴ,
2657 3522 2799 3574 κατά
2820 3520 2912 3574 τὸν
2939 3522 3163 3593 Δαρείου
3195 3518 3288 3576 τοῦ
3322 3520 3583 3592 βασιλέως
3615 3523 3809 3595 καιρὸν

2230 3608 2386 3680 δῆλον
2413 3628 2425 3641 ·
2480 3610 2593 3663 ἀλλ’
2640 3612 2789 3683 ὅμως
2831 3613 3048 3684 μηνύων
3084 3614 3210 3678 τοὺς
3254 3617 3375 3668 κατ’
3422 3616 3625 3667 ἐκεῖνον
3655 3614 3809 3683 ὀφεί-

2230 3698 2419 3763 λοντας
2459 3700 2549 3755 τὸν
2581 3701 2771 3774 καιρὸν
2802 3702 3069 3758 ἀνελθεῖν.
3122 3703 3232 3756 Καὶ
3282 3703 3389 3775 γάρ
3440 3703 3665 3773 ἀνῆλθον
3714 3702 3806 3758 ἐπὶ

2228 3792 2452 3863 Δαρείου
2478 3793 2578 3846 οὐκ
2606 3793 2773 3862 ὀλίγοι
2807 3794 2894 3847 τὸν
2922 3793 3182 3865 ἀριθμόν’
3218 3794 3368 3864 ὅμως
3402 3792 3466 3848 ἐκ
3498 3794 3595 3866 τῆς
3631 3796 3806 3847 Βαϐυ-

2228 3880 2395 3946 λῶνος
2443 3883 2637 3947 αὑτοὺς
2680 3884 2991 3938 ἐπανελθεῖν
3034 3884 3276 3949 κελεύει,
3311 3882 3398 3938 ἴνα
3438 3884 3566 3958 εἴπῃ
3594 3886 3690 3957 τῆς
3719 3887 3805 3939 αἰ-

2227 3971 2551 4042 χμαλωσίας
2607 3972 2673 4043 ἢν
2728 3972 2833 4026 ὑπὸ
2881 3973 3237 4028 Βαϐυλωνίων
3296 3976 3801 4047 ὑπομεμενήκεσαν.

2227 4062 2501 4136 Πρόδηλον
2528 4063 2584 4117 δὲ
2616 4064 2690 4128 ὡς
2718 4064 2776 4117 ἒν
2796 4065 3165 4136 ἐπιτάγματος
3193 4067 3429 4137 σχήματι
3459 4068 3686 4138 μήνυσιν
3707 4068 3804 4121 τοῦ

2226 4155 2487 4227 ἐσομένου
2525 4158 2778 4212 ποιεῖται.
3593 4142 3605 4153 ’

2296 4250 2443 4321 Στίχ.
2480 4250 2641 4321 η’-ιβ⁹.
2685 4280 2755 4289 -
2810 4267 2830 4301 ι
2856 4249 3000 4303 Διότι
3027 4248 3149 4303 τάδε
3180 4246 3327 4318 λέγει
3364 4248 3567 4319 Κύριος
3609 4266 3804 4302 παντο-

2225 4342 2446 4413 κράτωρ
2464 4358 2480 4373 ·
2527 4340 2732 4395 Ὀπίσω
2754 4339 2910 4409 δόξης
2932 4340 3240 4393 ἀπέσταλκε
3273 4357 3340 4411 με
3368 4339 3462 4393 ἐπὶ
3489 4339 3556 4392 τὰ
3582 4339 3706 4409 ἔθνη
3734 4340 3803 4392 τά

2227 4434 2598 4487 σκυλεύσαντα
2622 4433 2787 4503 ὑμᾶς’
2819 4432 2953 4485 διότι
2984 4433 3013 4483 6
3039 4431 3343 4501 ἁπτόμενος
3366 4429 3538 4501 ὑμῶν,
3570 4431 3646 4500 (p.
3672 4430 3800 4499 458)

2224 4524 2300 4589 ὡς
2327 4526 2355 4578 6
2383 4525 2684 4595 ἁπτόμενος
2708 4525 2806 4595 τῆς
2836 4523 3004 4596 κόρης
3029 4520 3123 4576 τοῦ
3146 4520 3421 4595 ὀφθαλμοῦ
3451 4522 3613 4576 αὑτοῦ
3631 4540 3643 4554 ⁸
3668 4522 3800 4575 διότι

2224 4614 2337 4685 ἐγὼ
2369 4616 2611 4688 ὲπιφέρω
2656 4615 2753 4688 τὴν
2778 4615 2936 4687 χεῖρά
2966 4632 3068 4687 μου
3101 4615 3187 4668 ἐπ’
3214 4614 3434 4679 αὐτοὺς,
3464 4614 3556 4667 καὶ
3586 4612 3801 4668 ἔσονται

2221 4707 2393 4777 σκῦλα
2444 4707 2935 4770 τοίς-δουλεύουσιν
2978 4708 3197 4771 αὐτοῖς,
3249 4708 3344 4761 καὶ
3388 4705 3658 4778 γνώσεσθε
3717 4706 3800 4761 ὅτι

2219 4798 2424 4867 Κύριος
2468 4800 2860 4870 παντοκράτωρ
2907 4800 3215 4855 ἀπέσταλκέ
3249 4817 3336 4871 με.
3381 4820 3399 4853 t
3462 4799 3644 4854 Ταῦτα
3690 4801 3801 4871 γὰρ

2221 4889 2371 4959 ὑμῖν,
2430 4890 2615 4958 φησὶν,
2650 4891 2916 4961 εἰρημένα
2952 4892 3116 4959 λέγω,
3159 4891 3253 4945 τοῦ
3304 4893 3583 4963 εἰρηκότος
3616 4892 3801 4946 κελεύοι

2224 4996 2419 5044 σαντος
2443 4979 2600 5046 Θεοῦ,
2639 4980 2699 5046 ὃς
2741 4982 3046 5037 ἀπέσταλκε
3078 5000 3145 5054 με
3174 4984 3273 5054 τὴν
3300 4983 3455 5050 δόξαν
3485 4984 3611 5054 ὑμῖν
3654 5001 3799 5052 γνω-

2227 5073 2462 5144 ριοῦντα,
2496 5076 2590 5128 καὶ
2604 5075 2664 5129 τὸ
2695 5073 2921 5146 μέγεθος
2948 5076 3047 5144 τῆς
3078 5075 3242 5129 αὑτοῦ
3273 5076 3554 5146 δυνάμεως
3584 5069 3650 5147 ἧς
3682 5079 3802 5129 ἐπι-

2223 5162 2453 5226 δείξεται
2485 5162 2626 5217 κατά
2650 5165 2760 5217 τῶν
2789 5164 2933 5234 ὑμᾶς
2965 5164 3303 5235 ἠδικηκότων
3324 5181 3337 5196 ο
3385 5165 3557 5228 οὑτως
3587 5165 3801 5235 ὀργιζό-

2226 5272 2385 5326 μενος
2433 5257 2525 5311 ἐπὶ
2565 5260 2678 5321 τοῖς
2724 5273 2777 5310 τι
2824 5256 3015 5312 λυπεῖν
3048 5258 3194 5327 ὑμᾶς
3224 5256 3585 5327 βουλομένοις,
3621 5256 3696 5319 ὼς
3731 5257 3799 5311 ἂν

2220 5346 2499 5418 ὀργισθείη
2556 5350 2609 5402 εί
2656 5366 2738 5412 τις
2803 5348 2963 5404 αὑτοῦ
3025 5349 3124 5414 τὰς
3182 5349 3351 5420 κόρας
3403 5349 3628 5418 βλάπτοι
3688 5348 3797 5402 τῶν

2217 5438 2510 5511 ὀφθαλμῶν
2538 5457 2549 5469 ·
2603 5439 2825 5511 εὔδηλον
2856 5439 2954 5511 μὲν
2981 5436 3074 5494 οὖν
3101 5441 3185 5494 ὅτι
3225 5440 3580 5512 ἀνθρωπίνως
3603 5441 3662 5494 τὸ
3694 5441 3797 5511 τῆς

2216 5531 2543 5603 κηδεμονίας
2606 5530 2881 5604 ἐξαίρετον
2934 5533 3106 5584 εἰπεῖν
3162 5532 3455 5604 ἠϐουλήθη.
3517 5531 3677 5587 Οὕτω
3737 5532 3796 5588 δὲ

2218 5624 2437 5695 βαρεῖαν
2482 5623 2664 5688 ἐπάξω
2686 5665 2700 5686 ,
2755 5624 2887 5693 φησί
2913 5668 2925 5688 ,
2976 5627 3085 5687 τοῖς
3115 5624 3327 5694 ἐχθροῖς
3359 5625 3470 5686 τοῖς
3509 5624 3796 5694 ὑμετέροις

2216 5714 2317 5783 τὴν
2350 5712 2649 5783 τιμωρίαν,
2696 5710 2834 5765 ὥστε
2886 5713 2977 5766 ὑπ’
3030 5714 3251 5767 ἐκείνων
3303 5711 3790 5785 ἐκπολιορκηθῆναι
