2059 3235
139 192 143 201 1
161 156 216 186 σοι

637 154 915 184 COMMENTARIUS
935 154 968 182 IN
992 155 1181 184 ZACIIARle
1201 156 1279 184 CAP.
1301 157 1332 184 ll.

1766 159 1820 187 522

160 222 196 241 τε
211 213 260 241 καὶ
273 213 443 250 πορθηθῆναι
459 214 505 246 οὓς
521 214 552 241 τὸ
566 214 708 250 ιπρότερον
730 214 759 240 ὲν
771 214 875 240 δούλων
895 211 968 248 εἶχον

1021 213 1208 246 Quamobrem
1223 222 1257 242 ex
1279 215 1338 251 ipso
1354 221 1445 242 rerum
1462 218 1562 243 eventu
1580 215 1691 251 pateﬁet
1710 223 1753 243 me
1773 216 1820 244 Dei

160 260 253 293 τάξει·
267 260 306 293 ὡς
319 261 352 287 ἂν
364 260 394 293 ὲΞ
406 260 497 287 αὐτῶν
509 261 615 294 γένοιτο
624 261 703 296 δῆλον
716 260 770 287 τῶν
786 260 969 296 πραγμάτων,

160 307 208 335 ὃτι
222 307 323 343 γνώμῃ
338 306 407 333 Θεοῦ
425 307 472 333 τοῦ
498 307 607 334 πάντων
624 307 728 343 Κυρίου
753 307 968 342 εὐαγγελίζομαι

161 353 254 381 ταῦτα
270 353 354 388 ὑμᾶς.
383 350 450 379 Εἶτα
474 353 520 379 καὶ
537 353 605 388 πρὸς
626 353 676 388 τὴν
693 352 771 379 πολιν
793 352 969 388 ἀποστρέψας

162 396 213 424 τὸν
224 397 305 432 λόγον
317 406 324 412 ·
349 396 488 433 θυγατέρα
504 397 559 433 γὰρ
573 397 624 432 τῆς
640 397 709 424 Σιὼν
722 397 771 433 τὴν
792 397 970 433 Ἰερουσαλὴμ

162 443 263 471 εἴωθεν
278 443 424 479 ὀνομάζειν
435 452 441 459 ·
468 453 477 469 ι
491 444 600 479 Τέρπου
616 445 663 471 καὶ¹
675 444 833 480 εὐφραίνου,
848 443 969 479 θύγατερ

162 488 237 516 Σιών
248 497 256 505 ο
276 489 344 515 διὸτι
359 489 413 515 ἰδοὺ
427 488 483 523 ἐγὼ
499 488 628 524 ἔρχομαι,
647 489 695 516 καὶ
712 489 917 524 κατασκηνώσω
940 489 969 515 ἐν

161 535 244 572 μέσῳ
263 544 309 563 σου
320 557 327 568 ,
343 535 418 570 λέγει
435 535 551 571 Κύριος.
570 544 580 561 ι
603 536 647 562 Ἐν
665 536 774 571 ἡδοναῖς
793 535 838 562 ἔσο
854 535 901 562 τοῦ
915 535 967 561 λοι-

160 580 229 612 ποῦ,
245 579 318 613 ἔξεις
335 581 389 616 γάρ
406 589 438 616 με
456 581 486 607 ὲν
501 581 541 607 σοι
560 582 594 617 τῇ
611 580 762 617 κηδεμονίᾳ
778 580 964 616 δεικνύμενον·

162 635 176 652 ι
195 626 253 653 Καὶ
273 625 492 661 καταφεὺξονται
511 626 575 661 ἔθνη
597 627 682 653 πολλὰ
702 627 749 653 ἐπὶ
763 627 808 653 τδν
823 627 926 662 Κύριον
940 627 969 653 ἑν

160 673 199 708 τῇ
222 671 319 708 ἡμέρᾳ
342 671 454 708 ἐκείνῃ·
482 672 530 699 καὶ
544 672 651 699 ἔσονται
668 671 745 707 αὐτῷ
768 673 808 704 είς
825 671 898 704 λαὸν,
921 672 969 698 καὶ

161 718 429 753 κατασκηνώσουσιν
444 718 473 744 ὲν
489 718 566 753 μέσῳ
584 727 631 745 σου
642 738 649 750 ,
669 719 717 745 καὶ
738 718 832 754 γνώσῃ
849 718 890 745 ὅτι
913 717 970 744 Κύ-

162 773 224 801 ριος
247 763 447 800 παντοκράτωρ
473 765 659 797 ἐξαπέσταλκέ
691 774 725 800 με
748 765 817 800 πρός
842 773 890 791 σε·
922 764 969 790 καὶ

162 810 439 846 κατακληρονομήσει
464 810 568 846 Κύριος
593 811 640 837 τὸν
670 810 770 837 Ἰούδαν
794 811 845 846 τὴν
872 810 969 846 μερίδα

161 858 251 885 αὐτοῦ
263 859 311 885 ἐπὶ
322 858 370 894 τὴν
382 858 465 892 ἁγίαν
478 859 541 895 γῆν,
557 860 594 894 (p.
607 859 669 894 Δ459)
684 859 731 885 καὶ
739 860 855 895 αξρετιεῖ
866 859 906 885 ἔτι
920 858 969 893 τὴν

1023 260 1164 288 voluntate
1181 261 1305 288 omnium
1327 261 1432 288 Domini
1454 261 1511 289 haec
1528 263 1605 290 vobis
1623 270 1697 290 nunc
1712 262 1821 290 denun—

1023 307 1101 334 tiare.
1124 306 1229 334 Deinde
1246 306 1280 334 ad
1297 307 1392 335 urbem
1407 315 1517 343 quoque
1536 316 1691 336 sermonem
1704 316 1823 336 convcr-

1020 357 1083 381 tens
1097 353 1181 389 (nam
1197 353 1281 380 liliam
1299 354 1366 381 Sion
1382 355 1452 382 solet
1469 354 1641 382 Hierusalem
1654 356 1821 391 appellare).

1024 410 1032 426 ι
1051 399 1166 432 [.mtare,
1186 410 1195 426 ι
1212 400 1312 436 inquit,
1333 409 1342 426 ‹
1357 404 1384 428 et
1402 401 1500 436 gaude,
1518 401 1574 428 lilia
1593 400 1670 433 Sion.
1682 402 1747 437 quia
1758 409 1823 430 ecce

1020 454 1071 482 ego
1091 447 1184 479 venio,
1202 451 1229 473 et
1253 446 1385 474 habitabo
1408 447 1435 474 in
1456 448 1545 474 medio
1567 448 1620 478 tui.
1638 448 1705 475 dicit
1731 449 1823 476 Domi-

1021 500 1085 520 nus.
1107 502 1115 518 ι
1133 492 1247 520 [ιωιίῑὶἱε
1271 493 1400 527 posthinc
1421 493 1534 526 incede;
1551 493 1664 521 habebis
1685 494 1758 521 enim
1778 502 1823 521 me.

1021 539 1123 572 tecum,
1151 539 1244 566 tutelae
1265 539 1290 566 vi
1309 538 1542 569 demonstratum.
1565 548 1576 564 ι
1604 538 1824 575 Confugieutque

1021 589 1117 620 gentes
1134 585 1226 613 multa:
1242 585 1276 614 ad
1293 585 1440 613 Dominum
1456 586 1500 614 die
1516 586 1562 613 illa
1578 595 1584 613 :
1605 592 1741 622 eruntque
1755 587 1780 614 ei
1796 587 1823 614 in

1021 631 1164 666 populum,
1176 636 1205 658 et
1227 631 1255 658 in
1270 631 1362 659 medio
1375 632 1415 659 tui
1431 632 1606 665 habitabant,
1629 636 1657 660 et
1669 641 1824 668 cognosces

1021 676 1095 711 quod
1119 684 1163 704 me
1188 677 1365 712 omnipotens
1391 675 1525 705 Dominus
1544 677 1579 704 ad
1602 681 1629 705 te
1654 677 1773 705 miserit.
1792 676 1825 704 Et

1021 722 1175 757 pessidebit
1199 722 1332 751 Dominus
1350 723 1449 751 Judani
1468 724 1550 759 quasi
1570 729 1677 758 partem
1696 731 1775 751 suam
1796 724 1823 750 in

1021 772 1094 796 terra
1106 773 1216 801 sancta,
1232 773 1259 797 et
1272 770 1353 806 eliget
1365 770 1455 797 adhuc
1468 769 1651 798 Hierusalem.
1671 779 1681 795 ι
1695 769 1823 799 Tantam.

1023 815 1121 850 inquit,
1150 816 1233 843 vestri
1264 816 1482 844 sollicitudinem
1510 824 1566 852 pra:
1596 824 1640 843 me
1666 815 1763 848 feram,
1794 820 1824 842 ut

1021 863 1181 898 alienigena:
1206 871 1317 899 quoque
1344 863 1422 891 limiti
1446 863 1482 891 ad
1512 871 1561 891 vos
1583 864 1729 891 accursuri
1756 863 1823 895 sint,

167 903 387 940 Ἰερουσαλήμ.»
416 903 558 938 Τοσαύτην
573 903 613 935 δὲ,
632 904 710 938 φησὶ,
733 903 782 938 τὴν
807 903 871 938 περὶ
894 903 966 937 ὑμᾶς

1022 900 1162 944 Deumque
1182 917 1226 937 me
1246 910 1401 938 confessuri
1424 910 1470 945 qui
1493 910 1565 946 apud
1589 918 1639 938 vos
1662 917 1818 945 agnoscet:

159 947 338 985 ἐπιδείξομαι
356 950 541 985 κηδεμονίαν,
571 949 642 976 ὥστε
665 950 713 976 καὶ
739 949 793 976 τῶν
818 949 968 984 ἀλλοτρίων

160 995 281 1027 πολλοὺς
303 997 346 1031 ἐφ’
369 996 441 1031 ὑμᾶς
468 997 657 1030 καταφυγεῖν,
685 995 752 1022 Θεὸν
769 995 969 1031 ὁμολογοῦντας

160 1043 271 1070 ἑαυτῶν
285 1044 335 1079 ἐμὲ
349 1043 393 1070 τὸν
408 1043 472 1079 παρ’
487 1043 564 1079 ὑιιιῖιν
578 1042 780 1079 γνωριζόμενον
789 1052 795 1059 ·
813 1043 837 1070 οἳ
852 1044 899 1070 καὶ
912 1043 968 1069 τῶν

159 1090 273 1117 οἰκείων
286 1090 455 1122 ἀποστάντες
469 1089 560 1117 τόπων
570 1090 619 1125 τὴν
629 1092 737 1125 οἴκησιν
748 1090 907 1126 αἱρήσονται
918 1089 969 1125 τὴν

160 1137 194 1163 ὲν
205 1136 246 1163 σοὶ
258 1135 303 1163 διὰ
314 1136 364 1173 τὴν
378 1136 540 1172 κηδεμονίαν
555 1136 603 1172 τὴν
619 1136 690 1171 ἐμήν
700 1144 707 1152 '
721 1136 782 1163 τότε
797 1135 829 1171 δὴ
846 1136 964 1171 μάλιστα

159 1181 303 1216 γνώσεσθέ
318 1190 352 1218 με
367 1181 433 1209 Θεοῦ
451 1181 548 1218 γνώμῃ
562 1181 610 1208 τοῦ
625 1182 735 1208 πάντων
756 1182 859 1217 Κυρίου
875 1181 963 1208 ταῦτα

1020 954 1077 986 isti,
1101 954 1227 989 inquam,
1255 963 1271 983 a
1298 956 1358 984 suis
1384 957 1453 985 locis
1475 956 1671 991 digredientes,
1699 956 1824 984 habitare

1021 1001 1093 1034 apud
1117 1006 1142 1028 le
1165 1002 1287 1033 malent,
1315 1002 1499 1037 patrocinium
1520 1010 1611 1030 meum
1633 1002 1822 1038 exquirentes.

1021 1046 1091 1073 Tum
1104 1055 1169 1075 vero
1182 1049 1301 1076 maxime
1315 1056 1363 1076 vos
1378 1049 1553 1084 cognoscetis
1567 1056 1609 1076 me
1630 1048 1678 1076 Dei
1695 1049 1819 1076 omnium

1023 1091 1130 1120 Domini
1150 1093 1291 1121 voluntate
1313 1094 1371 1121 haec
1393 1094 1469 1122 vobis
1487 1094 1629 1127 nuntiare,
1642 1095 1689 1129 qui
1707 1099 1734 1122 et
1746 1094 1824 1122 Iuda:

1018 1142 1138 1166 veterem
1163 1144 1243 1168 terra:
1260 1141 1409 1177 assignatae
1434 1145 1539 1176 partem
1560 1141 1706 1175 reSIitueI,
1725 1145 1825 1169 totam—

1018 1192 1072 1218 que
1090 1184 1260 1212 Hierusalem
1275 1187 1385 1213 cunctis
1401 1186 1573 1221 splendidam
1589 1185 1696 1213 elliciet.

161 1229 229 1264 ὑμῖν
242 1227 502 1264 εὐαγγελιζόμενον,
517 1228 547 1260 ὃς
563 1228 601 1264 τῷ
618 1237 648 1255 τε
669 1228 755 1264 Ἰούδᾳ
774 1229 824 1264 τὴν
838 1228 956 1255 παλαιὰν
977 1229 1050 1265 αὐτῷ
1068 1231 1166 1266 μερίδα
1181 1233 1230 1267 τῆς
1244 1232 1295 1267 γῆς
1307 1232 1454 1265 ἀποδώσει,
1471 1234 1561 1260 πᾶσαν
1574 1233 1624 1269 τὴν
1646 1233 1825 1269 Ἰερουσαλήμ

161 1286 194 1305 τε
209 1278 345 1313 ἀποφανεῖ
359 1278 433 1313 παρὰ
448 1279 531 1305 πᾶσιν
544 1278 686 1313 λαμπράν.

201 1325 274 1360 Στίχ.
295 1329 339 1360 ιγ’.
364 1340 399 1345 -—
426 1323 493 1352 Εἶτα
524 1324 681 1356 ἀκολούθως
711 1325 808 1358 ἐπάγει
822 1333 828 1339 ·
850 1334 859 1350 ι
878 1324 967 1352 Εὐλα-

162 1371 266 1399 ϐείσθω
289 1371 365 1398 πᾶσα
388 1371 457 1406 σὰρξ
482 1371 536 1398 ἀπὸ
558 1371 705 1407 προσώπου
728 1371 846 1407 Κυρίου,
865 1372 906 1398 ὅτι
926 1371 969 1403 ἐξ·

161 1419 314 1455 εγήγερται
336 1418 369 1444 ἐκ
390 1417 510 1453 νεφελῶν
534 1418 619 1452 ἁγίων
639 1418 733 1445 αὐτοῦ.
754 1428 763 1444 ι
788 1418 869 1445 Ὥστε
886 1419 968 1445 πᾶσιν

160 1465 266 1501 ὁμοίως
276 1465 334 1497 τοῖς
349 1473 379 1491 τε
396 1465 506 1496 οἰκείοις
517 1465 564 1491 καὶ
579 1466 634 1497 τοῖς
650 1465 803 1501 ἀλλοτρίοις
818 1466 967 1501 ἁρμόττειν

160 1512 315 1540 δεδοικέναι
333 1512 427 1539 λοιπὸν
446 1511 490 1538 τὸν
506 1512 583 1545 Θεὸν,
603 1511 632 1544 ὃς
648 1513 680 1538 ὲκ
695 1512 749 1539 τῶν
765 1512 910 1548 ὰνωτέρων
926 1512 969 1538 τό·

1056 1324 1141 1352 Vens.
1158 1324 1200 1351 l3.
1217 1339 1251 1344 —
1269 1324 1370 1352 Deinde
1386 1325 1474 1360 pergit
1488 1325 1580 1353 dicere
1594 1335 1600 1353 :
1615 1335 1626 1351 ‹
1640 1326 1748 1355 Timent
1763 1329 1825 1355 nni-

1020 1377 1098 1396 vcrsa
1122 1376 1187 1396 caro
1208 1377 1221 1395 a
1247 1369 1317 1396 facie
1343 1369 1463 1403 Domini,
1493 1371 1624 1405 quoniam
1648 1375 1824 1401 consurrexit

1019 1415 1100 1450 305
1126 1415 1160 1442 de
1188 1415 1309 1443 nubibus
1335 1416 1441 1443 sanctis
1467 1417 1537 1444 suis.
1561 1428 1569 1442 ι
1588 1418 1713 1447 Cunttos
1746 1428 1823 1455 irque

1021 1465 1077 1487 lltlll
1093 1461 1261 1489 domesticos
1275 1466 1332 1488 tum
1345 1462 1514 1498 alienigenas
1531 1464 1630 1491 timore
1648 1464 1694 1492 Dei
1711 1467 1822 1500 percelli

1021 1506 1151 1542 deinceps
1167 1507 1266 1539 decet,
1289 1508 1335 1542 qui
1355 1508 1389 1535 de
1406 1509 1536 1544 supernis
1558 1509 1627 1536 locis
1638 1530 1644 1541 ,
1659 1518 1729 1545 quos
1746 1512 1823 1538 inco-

164 1569 237 1593 πων,
255 1560 303 1592 οὓς
318 1561 403 1586 οἰκεῖν
419 1568 450 1586 τε
463 1559 540 1586 εἴωθε
556 1559 602 1585 καὶ
616 1559 711 1593 ἁγίους
726 1560 759 1585 ἐκ
776 1560 824 1595 τῆς
837 1560 969 1595 οἰκήσεως

1024 1553 1079 1580 lere
1105 1554 1185 1585 solet,
1209 1561 1334 1588 quosque
1363 1561 1476 1582 sanctos
1505 1555 1626 1581 incolatu
1656 1563 1707 1583 suo
1729 1556 1822 1589 eﬂicit,

161 1606 358 1635 ἀποδεικνύναι
380 1606 428 1641 τῆς
446 1606 560 1637 οἰκείας,
580 1605 722 1640 κεκίνηται
737 1605 765 1632 δὲ
780 1605 826 1632 ἐπὶ
843 1606 969 1641 βοήθειαν

163 1653 307 1689 ἡμετέραν
332 1652 434 1685 ἐλθεῖν,
457 1652 551 1679 τοῦτον
566 1651 707 1686 φοϐεῖσθαι
729 1652 811 1678 πᾶσιν
833 1652 969 1687 ἁρμόττον

162 1702 221 1732 τοῖς
233 1710 263 1729 τε
277 1701 400 1734 οἰκείοις,
414 1701 452 1732 ὼς
467 1701 501 1727 ἂν
515 1701 554 1736 μὴ
570 1701 755 1736 παρανομοῖεν
772 1700 908 1733 καθάπαξ,
922 1701 970 1726 καὶ

163 1750 221 1782 τοῖς
235 1748 388 1784 ἀλλοτρίας
405 1748 443 1779 ὡς
457 1748 490 1775 ἂν
508 1747 592 1783 μηδὲν
611 1747 675 1782 περὶ
699 1747 762 1778 τοὺς
791 1746 867 1782 αύτῷ
884 1755 970 1782 προσ-

165 1795 284 1832 ήκοντας
298 1795 464 1830 ἐπιχειροῖεν
485 1793 536 1820 ἔτι.
552 1792 630 1820 Οὕτω
646 1793 678 1828 δὴ
701 1794 763 1825 ταῖς
780 1792 969 1837 ἀποκαλύριετι

163 1841 279 1873 ταύταις
293 1840 327 1868 τὰ
339 1840 387 1867 ἐπὶ
403 1840 452 1875 τῆς
469 1839 585 1875 προσθεν
600 1839 800 1873 ἀποκαλύψεως
815 1838 970 1874 μηνυθέντα

165 1887 332 1924 βεβαιώσας,
356 1887 396 1914 ὃτι
424 1886 643 1922 τετιμωρήσεται
668 1886 732 1917 τοὺς
751 1885 900 1918 ἐναντίους,
923 1886 970 1911 καὶ

164 1935 208 1963 ὅτι
232 1934 376 1970 εὐποιῂσει
404 1933 454 1972 τὴν
473 1931 669 1968 Ἰερουσαλὴμ,
698 1931 822 1963 ἅπαντάς
846 1940 875 1957 τε
908 1932 970 1962 τοὺς

166 1982 357 2017 προσήκοντας
371 1979 442 2015 αὐτῇ
456 1979 511 2006 τῶν
528 1978 735 2013 Ἰουδαίων,ιὲφ“
752 1977 850 2014 ἑτέρας
866 1978 971 2004 ἀποκοι-

164 2027 261 2063 tota;
275 2026 407 2063 τρέπεται
424 2025 496 2061 μάλα
509 2034 541 2060 γε
558 2025 627 2060 πρὸς
641 2025 672 2051 τὸ
689 2025 870 2060 προκείμενον
886 2025 970 2059 ἀναγ-

166 2072 268 2105 καίας·
295 2073 325 2099 ἐν
347 2071 522 2107 αἰχμαλωσίᾳ
553 2070 604 2106 μὲν
631 2069 686 2105 γὰρ
710 2070 900 2105 τυγχάνοντες,
922 2070 970 2097 καὶ

166 2117 301 2154 βασιλέως
311 2118 457 2154 ἐστέρηντο
472 2117 520 2144 καὶ
531 2116 642 2153 ἱερέως,
654 2117 693 2152 (p.
710 2116 774 2151 460)
790 2115 808 2143 δι
823 2116 856 2151 δὴ
871 2115 970 2152 κυριώε

165 2174 236 2193 τατα
247 2164 316 2202 πρὸς
328 2164 379 2200 τὴν
391 2164 439 2191 τοῦ
455 2163 549 2195 ἔθνους
562 2163 750 2200 συγκράτησιν
764 2160 798 2198 ἦν
808 2171 816 2177 θ
833 2162 881 2189 τοῦ
896 2162 970 2197 βασι-

165 2211 236 2243 λέως
254 2209 306 2246 μὲν
326 2209 357 2236 ἐν
382 2218 412 2236 τε
436 2210 494 2241 τοῖς
511 2208 643 2244 πολέμοις
669 2209 717 2236 καὶ
737 2209 770 2245 τῇ
792 2208 847 2235 τῶν
867 2208 969 2235 λοιπῶν

1023 1607 1097 1625 mine
1115 1607 1179 1626 vero
1195 1599 1228 1626 ad
1245 1607 1324 1634 opem
1343 1600 1422 1627 nobis
1435 1600 1576 1628 ferendam
1591 1602 1725 1636 procedit.
1744 1602 1823 1630 Hunc

1022 1653 1036 1671 a
1057 1645 1117 1672 suis
1130 1646 1259 1673 omnibus
1274 1646 1362 1674 timeri
1377 1651 1497 1681 oportet.
1513 1652 1542 1674 ut
1562 1649 1674 1675 omnino
1686 1657 1740 1677 non
1758 1658 1823 1685 pec-

1022 1696 1104 1725 cent;
1130 1693 1164 1719 ab
1188 1693 1354 1728 alienigenis
1388 1698 1491 1727 autem,
1520 1703 1555 1722 ne
1583 1704 1704 1732 unquam
1729 1701 1822 1732 postea

1021 1738 1152 1773 populum
1166 1739 1190 1766 ei
1203 1740 1344 1767 addictum
1359 1740 1458 1769 laedere
1468 1741 1574 1769 ausint.
1591 1742 1637 1770 Sic
1650 1744 1733 1779 igitur
1748 1749 1823 1779 pust‘
1868 1764 1871 1773 ι

1020 1791 1103 1819 quam
1130 1785 1172 1812 his
1205 1786 1429 1819 revelationibus,
1465 1794 1511 1814 res
1540 1788 1633 1823 priore
1658 1789 1825 1817 revelatione

1023 1831 1167 1866 pnediclas
1190 1832 1384 1865 continuavit,
1412 1841 1511 1869 nempe
1543 1836 1617 1870 quod
1650 1837 1824 1864 adversarios

1021 1878 1127 1913 puniet,
1152 1882 1180 1906 ct
1202 1879 1261 1906 urbi
1291 1878 1463 1908 Hierusalem
1488 1881 1556 1909 bene
1582 1882 1673 1915 faciet,
1697 1891 1747 1911 nec
1770 1891 1824 1911 non

1021 1926 1151 1952 onmibus
1172 1926 1199 1952 in
1216 1925 1303 1959 ipsius
1325 1926 1429 1955 ditione
1443 1927 1565 1960 Iudaeis;
1588 1929 1621 1957 ad
1638 1930 1707 1958 alias
1724 1933 1825 1959 transit

1022 1972 1204 2000 revelationes
1241 1973 1306 2000 huic
1339 1974 1481 2010 proposito
1521 1976 1644 2011 apprime
1676 1985 1821 2013 congruas.

1022 2018 1130 2046 Etenim
1149 2020 1175 2046 in
1196 2021 1357 2055 captivitate
1380 2025 1534 2054 versantes,
1557 2030 1620 2059 rege
1645 2024 1778 2052 carebant
1792 2033 1823 2052 ac

1021 2065 1174 2098 sacerdote,
1189 2066 1236 2101 qui
1249 2067 1330 2094 ambo
1347 2067 1464 2095 maxime
1475 2068 1508 2096 ad
1527 2069 1633 2097 lirmam
1649 2070 1739 2105 gentis
1757 2077 1824 2097 eon-

1021 2111 1192 2141 stitutionem
1205 2113 1356 2140 necessarii
1374 2119 1470 2142 erant:
1488 2119 1517 2142 ut
1531 2123 1577 2143 rex
1598 2117 1729 2144 nimirum
1744 2117 1824 2145 bellis

1021 2158 1149 2193 gerendis
1165 2159 1335 2195 reliquisque
1352 2160 1429 2196 regni
1448 2161 1545 2189 usibus
1556 2163 1742 2198 exsequendis
1760 2171 1825 2198 0pc—

1022 2212 1080 2231 ram
1106 2211 1184 2232 suam
1212 2209 1336 2239 naval-et,
1364 2206 1495 2235 sacerdos
1522 2211 1614 2235 autem
1639 2209 1769 2244 precibus
1797 2215 1825 2237 et

168 2244 301 2294 διοικησει
323 2256 374 2293 τὴν
390 2255 485 2291 χρείαν
505 2255 693 2291 παρεχομένου
710 2255 760 2291 τὴν
777 2254 893 2287 οἰκείαν,
920 2254 968 2281 τοῦ

1022 2250 1288 2286 supplicationibus,
1308 2255 1335 2279 et
1350 2252 1486 2280 universa:
1503 2252 1559 2281 Deo
1580 2254 1681 2282 debita)
1705 2255 1824 2290 liturgia:

169 2303 265 2340 ἱερέως
281 2303 310 2330 δὲ
325 2302 380 2330 τῶν
396 2311 425 2329 τε
437 2302 556 2338 δεήσεων
570 2302 617 2329 καὶ
626 2301 680 2329 τῶν
697 2301 808 2328 ἱκεσιῶν
818 2301 863 2328 καὶ
881 2301 971 2337 πάσης

172 2350 205 2387 δὴ
229 2350 279 2386 τῆς
305 2349 366 2385 Θεῷ
387 2349 580 2385 προσηκούσης
601 2347 763 2385 ἐξάρχοντος
788 2348 970 2384 λειτουργίας.

173 2395 263 2434 Ὅπερ
275 2393 323 2425 οὖν
337 2396 384 2423 καὶ
406 2396 421 2423 ό
440 2395 584 2431 προφήτης
606 2395 686 2430 Ὠσηὲ
701 2394 854 2430 προλέγων,
876 2403 884 2420 ι
898 2394 972 2421 Διότι

172 2443 290 2480 ἡμέρας,
307 2452 317 2470 ι
336 2442 414 2478 φησὶ,
429 2452 439 2469 ι
459 2441 561 2473 πολλὰς
575 2440 733 2468 καθίσονται
747 2441 772 2467 οἱ
786 2441 840 2467 υίοὶ
862 2440 971 2476 Ἰσραὴλ

170 2488 223 2518 οὐκ
231 2490 307 2522 δντος
320 2490 463 2525 ἄρχοντος,
472 2487 533 2515 οὐδὲ
547 2486 630 2523 οΰσηι,
644 2486 749 2519 θυσίας,
759 2487 822 2514 οὐδὲ
834 2487 910 2519 ὄντος
927 2486 972 2513 θυ-

171 2535 412 2572 σιαστηρίου.οὺδὲ
430 2535 579 2572 ἱερατείας.
595 2533 656 2560 οὐδὲ
667 2533 767 2569 δήλων.
786 2543 795 2559 ι
807 2533 931 2560 Δεικνύει
943 2533 972 2560 δὲ

168 2582 216 2610 διὰ
227 2583 278 2618 τῆς
294 2582 437 2618 παρούσης
459 2580 660 2614 ἀποκαλύψεως
676 2580 690 2607 ὁ
704 2576 770 2612 Θεὸς
787 2580 826 2615 τῷ
843 2580 972 2616 προφήτῃ

168 2628 212 2661 εις
224 2627 399 2657 διδασκαλίαν
422 2627 523 2659 παντὸς
545 2626 593 2653 τοῦ
618 2625 693 2658 λαοῦ,
713 2625 755 2652 ὅτι
779 2625 826 2652 καὶ
850 2624 938 2652 ταῦτα
954 2624 972 2651 δι

168 2675 203 2712 δὴ
220 2674 339 2711 μέγιστά
353 2683 384 2702 τε
397 2671 432 2711 ἦν
445 2674 493 2702 καὶ
509 2673 606 2709 πρῶτα
622 2674 670 2700 καὶ
683 2672 822 2707 ἀναγκαῖα
839 2671 907 2713 πρὸς
921 2673 972 2707 τὴν

168 2721 218 2748 τοῦ
232 2721 323 2748 κοινοῦ
338 2720 535 2757 συγκράτησιν,
554 2715 646 2755 ὧνπερ
660 2719 706 2746 ἐπὶ
719 2718 771 2754 τῆς
784 2717 973 2754 αἰχμαλωσίας

1022 2301 1160 2334 ρι’ωθεεοι.
1193 2297 1271 2331 Quod
1305 2297 1392 2326 Oseas
1420 2307 1530 2334 quoque
1562 2299 1702 2336 propheta
1724 2301 1822 2336 prmdi-

1023 2352 1088 2372 cens
1102 2365 1109 2377 ,
1127 2353 1136 2370 ι
1154 2343 1224 2378 Quia
1243 2344 1303 2373 dies
1320 2345 1431 2378 multos,
1451 2355 1460 2371 ι
1480 2345 1580 2381 inquit,
1599 2356 1608 2372 ι
1627 2346 1761 2375 sedebant
1776 2347 1824 2375 ﬁlii

1024 2391 1134 2419 lsraelis’
1157 2391 1218 2419 sine
1238 2391 1373 2427 principe,
1397 2392 1457 2420 sine
1481 2393 1629 2427 sacriﬁcio,
1653 2395 1714 2423 sine
1731 2394 1823 2427 altari,

1024 2439 1084 2466 sine
1099 2438 1209 2466 vatibus
1220 2438 1272 2465 ⁸⁷.»
1287 2438 1427 2466 Ρτοξεοηιο
1442 2447 1508 2467 vero
1521 2440 1688 2469 revelatione
1702 2443 1825 2470 ostendit

1025 2485 1164 2520 propheta:
1186 2484 1256 2512 Deus
1281 2485 1314 2512 ad
1333 2486 1417 2512 totius
1435 2486 1527 2521 populi
1552 2487 1748 2520 eruditionem,
1767 2488 1825 2516 fore

1025 2535 1054 2557 ut
1082 2531 1139 2558 [nec
1166 2531 1223 2566 ipsa
1251 2539 1312 2567 quae
1341 2531 1375 2558 ad
1398 2532 1593 2560 continendam
1625 2523 1824 2570 rempublicam

1025 2578 1143 2605 maxima
1167 2582 1278 2606 suntet
1304 2580 1392 2613 prima
1418 2587 1451 2606 ac
1475 2579 1645 2612 necessaria,
1671 2580 1771 2615 quibus
1797 2581 1824 2608 in

1026 2625 1186 2660 captivitate
1210 2626 1352 2658 carebant,
1371 2625 1439 2660 ipsis
1455 2633 1469 2651 a
1492 2625 1548 2653 Deo
1569 2625 1720 2653 reddantur
1737 2635 1744 2642 ο
1760 2628 1826 2662 quia

1027 2671 1094 2698 urbs
1114 2670 1244 2698 nimirum
1270 2678 1333 2697 cum
1355 2674 1568 2706 gente’omnem
1594 2675 1721 2698 ornatum
1745 2679 1826 2700 suum

1028 2722 1172 2752 receptura
1189 2721 1259 2744 erat.
1280 2717 1324 2744 Sic
1336 2725 1400 2752 ergo
1419 2718 1456 2744 ait
1473 2726 1479 2743 :

169 2766 245 2800 εἰκὸς
265 2768 422 2803 ἐστέρηντο,
439 2768 638 2804 ἀποδοθήσεται
657 2767 704 2794 νῦν
724 2767 815 2798 αὐτοῖς
836 2767 911 2802 παρὰ
927 2766 973 2793 τοῦ
994 2766 1073 2797 Θεοῦ,
1096 2765 1143 2792 ἅτε
1160 2766 1208 2795 τῖς
1226 2766 1330 2797 πόλεως
1355 2766 1402 2793 σὺν
1426 2766 1464 2801 τῷ
1483 2766 1552 2793 ἔθνει
1576 2767 1666 2795 πᾶσαν
1686 2767 1735 2802 τὴν
1750 2768 1828 2795 eimo-

170 2813 257 2851 σμίαν
269 2813 475 2850 ἀπολαμᾱάνειν
492 2813 641 2850 μελλούσης
662 2814 712 2850 τὴν
727 2813 839 2840 οἰκείαν.
858 2813 939 2847 Λέγει
957 2813 1045 2840 τοίνυν
1060 2812 1155 2844 οὕτως’

209 2906 232 2923 ⁸⁷
251 2906 313 2934 Ose.
343 2913 384 2937 nl,
405 2906 433 2933 4.

337 2954 378 2984 ΡΑ
384 2961 474 2983 met.
488 2951 545 2984 Gn.
570 2950 680 2995 LX\'1_

1620 2955 1664 2984 17.
