4118 6462
503 370 622 429 75⁸13

1161 481 1314 537 CAP.
1359 482 1444 536 Ill.

593 585 756 637 νειιε.
798 581 901 635 1-5.
924 608 992 620 --
1027 594 1043 628 ι
1089 574 1153 631 Et
1179 574 1426 631 ostendit
1461 573 1594 628 mihi
1625 571 1888 628 Dominus
1914 568 2102 627 .lesum

517 674 858 732 sacerdotem
913 685 1193 741 magnum,
1245 675 1483 723 stantem
1525 674 1654 722 ante
1691 664 1887 720 faciem
1927 663 2102 736 angeli

518 765 758 828 Domini,
790 772 844 819 et
875 761 1130 818 diabolus
1163 760 1348 816 stabat
1377 774 1408 813 a
1432 758 1639 814 dextris
1669 758 1816 829 ejus,
1840 766 1900 812 ut
1920 755 2106 811 adver-

518 868 734 914 saretur
779 856 850 910 ei.
903 853 967 908 Et
1006 853 1144 908 dixit
1185 851 1451 906 Dominus
1500 849 1667 922 306
1709 848 1929 903 diabolo
1965 866 1979 902 :
2022 847 2106 902 ln-

498 959 703 1020 crepet
732 947 996 1002 Dominus
1019 952 1093 1010 te,
1125 943 1372 1010 diabole;
1406 949 1460 997 et
1480 943 1725 1010 increpet
1760 949 1812 996 te
1838 939 2106 994 Dominus

498 1041 612 1113 qui
661 1039 823 1108 elegit
862 1036 1224 1092 Hierusalem.
1277 1033 1470 1089 Nonne
1517 1047 1648 1090 ecce
1692 1033 1794 1088 hoc
1832 1041 1891 1086 ut
1937 1032 2106 1087 torris

495 1145 707 1191 .erutus
739 1131 806 1186 de
833 1131 954 1202 igne
982 1128 1104 1183 est?
1149 1126 1216 1180 Et
1245 1124 1407 1182 Jesus
1445 1123 1675 1179 indutus
1707 1129 1827 1178 erat
1860 1121 2106 1177 vestibus

494 1224 796 1290 sordidis,
847 1233 900 1278 ct
930 1222 1110 1278 stabat
1143 1227 1271 1274 ante
1306 1217 1502 1273 faciem
1544 1216 1743 1287 angeli.
1777 1214 2107 1284 Respondit-

491 1335 648 1391 sque,
689 1326 744 1374 et
775 1317 851 1371 ait
900 1313 1249 1370 adstantibus
1293 1325 1478 1366 coram
1531 1307 1672 1364 facie
1715 1322 1814 1363 sua
1862 1307 2054 1361 dicens
2091 1323 2103 1358 :

518 1412 745 1468 Auferte
794 1407 1119 1464 vestimenta
1167 1403 1392 1460 sordida
1445 1401 1515 1458 ab
1563 1415 1650 1456 eo.
1699 1398 1958 1468 Dixitque
2000 1396 2050 1452 ei
2088 1411 2104 1449 :

521 1504 663 1560 Ecce
699 1501 897 1558 abstuli
940 1497 1258 1569 iniquitates
1293 1505 1448 1562 tuas;
1485 1499 1542 1549 et
1589 1491 1798 1546 induite
1841 1505 1966 1546 eum
2011 1504 2108 1560 po-

521 1601 652 1654 dere
673 1639 688 1663 ,
720 1603 775 1652 et
821 1591 1082 1663 imponite
1124 1590 1344 1644 mitram
1377 1602 1439 1642 ac
1463 1586 1692 1642 cidarim
1721 1583 1981 1640 mundam
2014 1597 2108 1639 su-

522 1707 617 1762 per
649 1696 814 1760 caput
847 1687 988 1756 ejus.
1032 1683 1098 1738 Et
1131 1681 1599 1751 circumjecerunt
1636 1678 1686 1734 ei
1727 1676 2054 1733 vestimenta
2090 1689 2101 1724 :

519 1793 574 1839 ct
601 1783 981 1852 imposuerunt
1010 1777 1227 1830 mitram
1273 1788 1338 1829 ac
1376 1771 1606 1827 cidarim
1649 1769 1908 1825 mundam
1940 1783 2106 1838 super

1727 357 2076 416 TllliODORl
2108 354 2588 414 MOPSUESTENI

3690 349 3798 409 $25

2872 471 3027 524 ΚΕΦ.
3073 471 3143 524 Γ’.

2278 567 2425 637 Στίχ.
2459 567 2597 620 α’-ε’ἰ
2639 593 2699 604 ——
2733 582 2751 614 ι
2779 563 2886 616 Καὶ
2906 563 3074 629 ἔδειξέ
3113 581 3202 632 μοι
3230 561 3435 633 Κύριος
3467 561 3558 616 τὸν
3587 559 3798 632 Ἰησοῦν

2205 657 2296 714 τὸν
2327 657 2478 730 ἱερέα
2509 657 2600 710 τὸν
2639 656 2811 726 μέγαν
2853 653 3064 707 ἑστῶτα
3094 652 3203 726 πρὸ
3234 651 3528 724 προσώπου
3559 651 3799 722 ἀγγέλου

2207 747 2414 820 Κυρίου
2434 765 2447 778 ·
2481 746 2576 800 καὶ
2606 747 2635 799 6
2661 743 2905 807 διάόολος
2932 743 3174 812 εἱστήκει
3203 742 3268 794 ἐκ
3295 740 3483 806 δεξιῶν
3509 739 3674 794 αὐτοῦ
3701 741 3800 796 τοῦ

2205 838 2546 894 ἀντικεῖσθαι
2585 835 2734 907 αύτῷ
2755 850 2768 864 ⁸
2810 835 2904 889 καὶ
2943 830 3064 890 εἷπε
3093 833 3296 906 Κύριος
3330 833 3466 903 πρὸς
3492 832 3583 886 τὸν
3614 832 3798 887 διάδο-

2206 934 2299 986 λον
2323 950 2336 963 ·
2390 929 2752 1000 Ἐπιτιμήσαι·
2773 925 2978 997 Κύριος
3006 925 3065 976 ἐν
3093 925 3198 988 σοὶ,
3230 922 3466 987 διάϐολε,
3500 924 3594 976 καὶ
3627 925 3803 977 ἐπιτι-

2209 1027 2378 1096 μήσαι
2405 1022 2608 1092 Κύριος
2637 1022 2695 1072 ἐν
2726 1020 2807 1072 σοὶ
2835 1020 2863 1071 ὁ
2889 1015 3250 1086 ἐκλεξάμενος
3277 1015 3378 1087 τὴν
3417 1014 3724 1086 Ἰερουσαλή
3734 1032 3794 1086 μ.

2207 1115 2321 1167 υύκ
2348 1113 2454 1166 ἰδοὺ
2489 1111 2648 1164 τοῦτο
2678 1110 2752 1172 ὡς
2794 1107 2949 1170 δαλὸς
2991 1107 3392 1177 ἐξεσπασμένος
3421 1106 3563 1160 κατά
3594 1107 3800 1178 πυρός;

2206 1205 2316 1257 Καὶ⁸
2355 1201 2563 1274 Ἰησοῦς
2595 1196 2664 1272 ἦν
2702 1197 3059 1275 ¹ἐνδεδυμένος
3092 1198 3286 1268 ἱμάτια
3323 1197 3562 1269 ῥυπαρὰ,
3599 1198 3692 1250 καὶ
3724 1199 3805 1250 εί-

2208 1296 2396 1365 στήκει
2442 1295 2548 1364 πρὸ
2590 1291 2885 1364 προσώπου
2932 1289 3026 1345 τοῦ
3061 1287 3295 1358 ἀγγέλου
3322 1304 3336 1319 ο
3389 1289 3482 1342 καὶ
3526 1288 3803 1359 ἀπεκρίθη

2207 1388 2300 1440 καὶ
2325 1383 2446 1439 εἷπε
2480 1385 2616 1457 πρὸς
2659 1385 2785 1446 τοὺς
2817 1383 3117 1454 ἑστηκότας
3161 1380 3268 1448 πρὸ
3310 1378 3603 1448 προσώπου
3636 1378 3804 1432 αὐτοῦ

2207 1475 2386 1543 λέγων
2414 1494 2428 1508 ο
2471 1475 2548 1544 (p.
2571 1474 2698 1544 461)
2753 1473 3004 1542 Ἀφέλετε
3031 1471 3101 1524 τὰ
3136 1471 3327 1541 ἱμάτια
3358 1468 3428 1522 τὰ
3464 1468 3683 1540 ῥυπαρὰ
3707 1468 3805 1521 ἀπ’

2206 1570 2370 1624 αὑτοῦ
2388 1587 2400 1599 ·
2421 1554 2516 1624 καέ
2530 1567 2652 1623 εἷπε
2669 1567 2801 1640 πρὸς
2821 1567 3004 1628 αὐτὸν,
3024 1565 3156 1618 Ἰδοὺ
3178 1561 3440 1635 ἀφῄρηκα
3458 1561 3566 1615 ἀπὸ
3587 1559 3680 1614 σοῦ
3701 1559 3803 1624 τὰς

2219 1662 2453 1732 ἀνομίας
2485 1677 2578 1714 σου
2598 1678 2612 1691 ·
2660 1662 2754 1714 καὶ
2787 1658 3042 1713 ἐνδύσατε
3085 1655 3246 1710 αὑτὸν
3282 1655 3515 1726 ποδήρη,
3555 1654 3650 1708 καὶ
3683 1653 3805 1706 ἐπί-

2208 1755 2330 1808 θετε
2384 1755 2578 1827 μίτραν
2621 1755 2716 1808 καὶ
2751 1753 2962 1823 κίδαριν
3010 1747 3258 1819 καθαρὰν
3291 1747 3383 1800 ἐπὶ
3427 1747 3527 1817 τὴν
3558 1746 3806 1817 κεφαλὴν

520 1836 700 1944 caput.
726 1870 867 1939 ejus.
909 1886 928 1920 ›
977 1863 1306 1921 Necessario
1362 1861 1658 1918 sacerdotii
1705 1836 2106 1915 restitutionem

2216 1843 2377 1902 αὑτοῦ
2399 1865 2412 1878 ο
2465 1848 2562 1900 καὶ
2600 1844 2922 1917 περιέϐαλον
2959 1841 3122 1895 αὑτὸν
3157 1840 3371 1912 ἱμάτια,
3403 1840 3496 1893 καὶ
3525 1838 3804 1910 ἐπέθηκαν

523 1964 578 2018 in
609 1959 912 2019 sacerdotis
948 1971 1183 2029 persona
1227 1954 1407 2019 videt;
1444 1968 1622 2024 neque
1672 1953 1820 2008 enim
1852 1950 2111 2008 sacerdo-

495 2055 658 2108 .tium
698 2065 795 2124 per
821 2065 881 2106 se
925 2047 1140 2103 visibile
1171 2055 1275 2112 est,
1307 2048 1401 2102 sed
1460 2043 1515 2098 in
1558 2043 1628 2098 iis
1663 2051 1877 2098 tantum
1909 2041 2110 2112 quibus

520 2144 662 2200 illud
704 2155 896 2214 gerere
930 2137 1290 2194 commissum
1317 2143 1423 2190 est.
1474 2132 1635 2189 Videt
1655 2146 1786 2203 ergo
1809 2129 1996 2186 Jesum
2027 2145 2114 2185 sa-

497 2236 799 2293 cerdotem
830 2245 1088 2304 magnum
1138 2228 1325 2300 (porro
1360 2241 1619 2298 magnum
1661 2224 1796 2280 dicit
1830 2224 1984 2278 illum
2017 2223 2110 2292 qui

522 2325 896 2386 successionis
966 2323 1091 2393 jure
1127 2363 1143 2389 ,
1225 2319 1590 2376 ministerium
1662 2315 1865 2371 Aaroni
1958 2316 2112 2370 attri-

505 2425 713 2476 .lmtum
773 2417 1026 2490 gerebat)
1076 2413 1270 2485 angelo
1320 2420 1624 2476 astantem,
1677 2408 1936 2479 quoniam
1992 2421 2113 2461 om-

525 2515 676 2569 nium
723 2510 1005 2567 hominum
1046 2506 1256 2577 angelis
1296 2518 1429 2560 cura
1478 2501 1771 2558 commissa
1801 2506 1924 2566 est;
1970 2497 2115 2554 sicut

523 2611 688 2663 etiam
724 2603 993 2659 Dominus
1024 2600 1080 2655 in
1114 2597 1426 2668 Evangeliis
1459 2595 1536 2651 ait
1579 2613 1591 2648 :
1634 2611 1654 2647 ι
1691 2593 1882 2665 Angeli
1920 2607 2110 2649 eorum

524 2712 741 2768 semper
799 2695 986 2749 vident
1029 2691 1226 2748 [aciem
1295 2690 1497 2745 Patris.
1536 2687 1643 2743 mei
1695 2687 1790 2758 qui
1849 2687 1905 2741 in
1953 2685 2114 2742 caelis

519 2799 610 2848 est
640 2790 708 2844 ³⁸.
738 2807 767 2841 -›
802 2787 942 2841 Tum
971 2792 1026 2840 et
1063 2783 1121 2838 in
1151 2780 1380 2838 Actibus
1398 2779 1688 2835 beatorum
1714 2779 2112 2850 apostolorum,

509 2903 548 2936 ε(
594 2881 836 2952 Angelus
864 2877 985 2949 ejus
1009 2886 1116 2940 est,
1153 2892 1170 2925 ι
1201 2873 1268 2928 de
1305 2874 1461 2927 beato
1499 2871 1659 2926 Petro
1688 2869 1944 2926 dixerunt
1984 2868 2111 2940 qui-

522 2979 671 3032 dam.
735 2969 1062 3029 Necessario
1107 2973 1289 3021 autem
1340 2965 1428 3019 hic
1477 2963 1642 3019 etiam
1681 2977 1868 3018 coram
1921 2962 2114 3033 angelo

527 3068 840 3124 consistens
878 3065 1140 3134 apparet,
1172 3057 1226 3113 id
1253 3064 1339 3112 est
1362 3069 1551 3110 coram
1586 3055 1678 3110 illo
1707 3054 1795 3109 cui
1829 3053 2113 3109 curandus

526 3177 560 3216 a
607 3158 792 3215 divina
839 3153 1120 3209 voluntate
1159 3147 1491 3204 commissus
1525 3145 1722 3202 fuerat;
1749 3145 1942 3200 Stabat
1982 3145 2110 3199 item

530 3251 782 3307 diabolus
822 3246 1120 3302 adversans
1166 3241 1215 3296 ei
1241 3280 1256 3305 ,
1299 3239 1460 3310 cujus
1497 3240 1776 3309 negotium
1808 3245 1894 3294 est
1932 3237 2114 3292 homi-

533 3355 662 3396 num
699 3339 844 3394 bono
879 3331 1180 3390 adversari.
1227 3330 1327 3385 Hic
1355 3369 1370 3395 ,
1409 3329 1627 3401 inquit,
1660 3342 1858 3382 nocere
1890 3328 1969 3382 illi
2002 3334 2115 3382 tota

521 3444 700 3503 Opera
725 3427 1025 3500 satagebat,
1047 3423 1194 3480 omni
1227 3422 1471 3494 legitimo
1495 3420 1802 3477 ministerio
1818 3420 2110 3491 repellens,

530 3521 679 3595 quod
722 3519 965 3589 alioquin
1003 3516 1059 3572 in
1100 3516 1414 3586 captivitate
1445 3526 1708 3584 peragere
1751 3526 1860 3566 non
1893 3510 2112 3566 licebat.

533 3613 676 3669 Dicit
710 3618 891 3666 autem
934 3609 1082 3664 hunc
1115 3621 1145 3660 a
1181 3604 1292 3660 Deo
1333 3603 1680 3674 increpitum,
1710 3601 1806 3672 qui
1855 3600 2116 3658 Hierusa-

535 3703 639 3757 lem
672 3698 1022 3772 peculiariter
1054 3694 1160 3752 sibi
1201 3692 1474 3749 asciverat
1502 3709 1519 3745 .:
1558 3700 1724 3761 atque
1759 3689 1835 3745 ita
1873 3690 2118 3746 ostendit

2216 1939 2413 2010 μίτραν
2438 1939 2532 1992 xci.
2556 1937 2769 2008 κίδαριν
2799 1932 3046 2004 καθαρὰν
3071 1935 3164 1986 ἐπὶ
3187 1931 3284 2002 τὴν
3307 1930 3548 2002 κεφαλὴν
3571 1930 3758 1983 αὑτοῦ.
3777 1949 3799 1983 ι

2226 2030 2565 2098 Ἀναγκαίως
2616 2026 2680 2097 δὴ
2728 2027 2827 2097 τῆς
2871 2023 3171 2096 ἱερωσύνης
3211 2021 3309 2094 τὴν
3351 2022 3806 2075 ἀποκατάστασιν

2213 2121 2306 2174 ἐπὶ
2332 2119 2428 2173 τοῦ
2460 2117 2755 2190 προσώπου
2792 2114 2887 2169 τοῦ
2921 2113 3108 2186 ἱερέως
3124 2113 3248 2184 ὁρᾷ.
3278 2110 3373 2166 ἆτε
3403 2111 3497 2164 καὶ
3531 2111 3628 2182 τῆς
3656 2111 3806 2181 ἱερωο

2217 2211 2384 2282 σύνης
2417 2211 2478 2263 ού
2508 2209 2630 2262 καθ’
2664 2208 2834 2278 αὐτὴν
2858 2204 3212 2276 φαινομένης,
3235 2203 3350 2257 ἀλλ’
3382 2203 3476 2256 ἐπὶ
3503 2203 3609 2256 τῶν
3645 2219 3809 2273 μετα-

2214 2299 2551 2373 χειρίζεσθαι
2583 2297 2932 2369 τεταγμένων
2971 2296 3162 2365 αὐτήν.
3219 2294 3353 2364 Ὁρᾷ
3377 2292 3557 2346 τοίνυν
3595 2290 3806 2362 Ἰησοῦν

2212 2392 2305 2446 τὸν
2333 2391 2484 2462 ἱερέα
2518 2389 2608 2444 τὸν
2645 2391 2840 2462 μέγαν,
2867 2386 3043 2458 μέγαν
3083 2387 3140 2440 δὲ
3171 2384 3319 2454 λέγει
3342 2383 3434 2437 τὸν
3460 2381 3601 2438 κατά
3630 2383 3809 2437 διαδο-

2215 2484 2315 2555 χὴν
2351 2485 2450 2555 τὴν
2490 2481 2568 2553 τῷ
2634 2479 2844 2552 Ἀαρὼν
2895 2479 3279 2550 προσήκουσαν
3327 2475 3648 2530 ἐκτελοῦντα
3691 2473 3810 2526 λει-

2215 2573 2498 2642 τουργίαν,
2529 2572 2665 2643 πρὸς
2695 2570 2926 2639 ἀγγέλου
2960 2569 3058 2641 μέν
3091 2567 3325 2634 ἑστῶτα,
3359 2566 3547 2639 ἐπειδὴ
3583 2566 3806 2620 πάντων

2219 2667 2319 2738 μὲν
2352 2663 2656 2738 ἀνθρώπων
2700 2664 2921 2734 ἄγγελοι
2953 2662 3053 2734 τὴν
3099 2661 3421 2715 ἐπιστασίαν
3455 2661 3592 2714 είσὶν
3619 2661 3810 2714 ἐπιτε-·

2213 2756 2522 2828 τραμμένοι
2553 2755 2695 2827 (65)·
2750 2753 2934 2818 καθὼς
2971 2754 2999 2807 ὅ
3043 2770 3102 2807 τε
3140 2752 3349 2824 Κύριος
3393 2754 3452 2806 ἐν
3483 2755 3592 2816 τοῖς
3623 2753 3808 2821 Εὐαγ-

2215 2848 2415 2918 γελίοις
2463 2847 2626 2918 φησίν
2650 2865 2664 2882 ο
2716 2866 2735 2900 ί
2765 2849 2827 2901 Οἱ
2859 2845 3081 2916 ἄγγελοι
3115 2846 3294 2901 αὐτῶν
3335 2845 3421 2899 διὰ
3456 2845 3656 2909 παντὸς
3687 2843 3810 2915 βλέ-

2217 2958 2378 2994 πουσι
2415 2941 2475 2994 τὸ
2505 2939 2796 3014 πρόσωπον
2835 2938 2930 2992 τοῦ
2977 2939 3191 3010 Πατρός
3235 2954 3338 3008 μου
3371 2936 3465 2991 τοῦ
3494 2939 3552 2991 ἐν
3583 2940 3696 3002 τοῖς
3719 2938 3811 2991 ού-

2218 3036 2432 3105 ρανοῖς·
2466 3053 2484 3086 ι
2540 3032 2598 3085 ἐν
2645 3049 2704 3086 τε
2747 3033 2870 3095 ταῖς
2915 3029 3157 3102 Πράξεσι
3195 3029 3304 3082 τῶν
3354 3027 3641 3100 μακαρίων
3671 3029 3811 3083 ἀπο·

2220 3125 2440 3190 στόλων,
2476 3126 2557 3179 ὄτι
2611 3143 2629 3176 ι
2662 3122 2926 3200 Ἀγγελος
2967 3121 3134 3176 αὐτοῦ
3171 3123 3306 3186 ἐστι,
3339 3139 3357 3172 ι
3413 3119 3541 3192 περὶ
3571 3119 3666 3174 τοῦ
3699 3137 3810 3191 μα-

2218 3221 2407 3292 καρίου
2438 3219 2683 3288 λέγοντες
2731 3216 2962 3288 Πέτρου.
3027 3215 3366 3283 Ἀναγκαίως
3407 3214 3465 3267 δέ
3514 3213 3611 3267 καὶ⁸
3652 3207 3810 3278 οὗτος

2212 3309 2319 3380 πρὸ
2369 3307 2663 3381 προσώπου
2706 3307 2954 3377 φαίνεται
2994 3292 3254 3376 ἀγγέλου,
3305 3303 3552 3358 τουτέστι
3584 3303 3678 3356 τοῦ
3708 3302 3811 3375 τὴν

2213 3400 2538 3471 κηδεμονίαν
2570 3398 2735 3454 αὑτοῦ
2779 3397 2918 3452 κατὰ
2960 3396 3112 3450 θείαν
3157 3392 3637 3466 ἐπιτετραμμένοι)
3683 3393 3813 3464 βου·

2211 3493 2310 3564 λήν
2329 3509 2342 3525 ο
2385 3494 2626 3565 εἱστήκει
2657 3491 2714 3545 δέ
2748 3491 2844 3546 καὶ
2877 3492 2906 3544 6
2937 3488 3183 3551 διάϐολος
3210 3486 3304 3540 τοῦ
3340 3484 3682 3540 ἀντικεῖσθαι
3708 3485 3812 3540 αύ-

2213 3585 2312 3656 τῷ,
2333 3586 2472 3658 ὅπερ
2492 3585 2606 3656 (64)
2637 3584 2797 3656 ἔργον
2818 3583 3202 3654 ἀντιπράττειν
3230 3582 3342 3644 τοῖς
3365 3579 3474 3633 τῶν
3505 3575 3812 3648 ἀνθρώπων

2221 3676 2464 3746 ἀγαθοῖς.
2513 3669 2679 3739 Οὗτος
2706 3673 2791 3746 δὴ,
2829 3673 2984 3745 φησι,
3010 3673 3106 3726 καὶ
3141 3670 3262 3726 τότε
3299 3667 3632 3743 ἐπηρεάζειν
3657 3666 3812 3738 αύτῷ

533 3758 870 3846 diabolicum
899 3799 1117 3842 omnem
1152 3789 1412 3837 conatum
1447 3779 1542 3834 Dei
1571 3758 1913 3850 protectione
1951 3777 2111 3834 fuisse

2222 3769 2404 3822 πᾶσαν
2435 3766 2578 3840 εἱχεν
2609 3767 2867 3840 σπουδὴν,
2892 3763 3109 3832 ἐξωθῶν
3141 3763 3304 3818 αὐτὸν
3327 3761 3430 3828 τῆς
3465 3758 3814 3830 τεταγμένης

534 3889 945 3948 compressum;
991 3872 1085 3942 qui
1130 3881 1414 3940 postquam
1455 3866 1558 3922 sibi
1609 3865 1888 3937 propriam
1924 3864 2125 3922 Hieru-

534 3965 706 4022 salem
755 3961 1176 4026 vindicaverat,
1239 3954 1557 4012 necessario
1619 3953 1784 4008 etiam
1847 3955 2120 4011 sacerdoti

535 4051 818 4123 dignitatis
842 4063 956 4105 suae
983 4046 1152 4101 decus
1179 4043 1434 4099 reddidit.

2219 3859 2372 3931 αύτῷ
2401 3857 2578 3912 λειτου
2587 3856 2763 3927 ργίας,
2783 3855 2928 3929 (462)
2943 3857 3012 3929 ἢν
3024 3853 3144 3910 οὐδὲ
3159 3850 3404 3908 ἐκτελεῖν
3412 3848 3573 3905 αὑτὸν
3587 3851 3686 3906 ἐπὶ
3705 3847 3810 3920 τῆς

2221 3948 2598 4022 αἱχμαλωσίας
2642 3940 2753 4000 οἷόν
2792 3962 2850 3998 τε
2879 3940 2968 4017 ἦν.
3020 3943 3186 4014 Λέγει
3221 3942 3287 4016 δὴ
3334 3941 3509 4015 τούτῳ
3549 3939 3642 3995 τὸν
3673 3938 3809 3994 Θεὸν

2217 4039 2540 4112 ἐπιτιμῆσαι
2568 4041 2661 4094 τὸν
2690 4038 2792 4112 τὴν
2823 4036 3179 4110 Ἰερουσαλὴμ
3220 4033 3600 4106 ἐκλεξάμενον,
3635 4031 3713 4096 ὡς
3741 4029 3810 4085 ἂν

533 4147 690 4217 γνοίη
735 4145 916 4198 πᾶσαν
945 4141 1044 4214 τὴν
1070 4138 1383 4194 ἀντίστασιν
1409 4136 1507 4210 τὴν
1535 4134 1846 4208 διαδολικὴν
1868 4136 1974 4192 ὑπὸ
2015 4135 2114 4208 τῆς
2139 4134 2236 4190 τοῦ
2269 4134 2406 4190 Θεοῦ
2437 4134 2793 4206 πεπαυμένην
2833 4132 3188 4204 κηδεμονίας·
3229 4130 3290 4196 ὃς
3314 4129 3416 4202 τὴν
3450 4124 3810 4201 Ἰερουσαλὴμ

489 4313 492 4316 γ
533 4236 926 4308 ἐκλεξάμενος,
963 4228 1277 4302 ἀναγκαίως
1302 4228 1398 4282 καὶ
1422 4227 1594 4298 τούτῳ
1618 4227 1716 4298 τῆς
1742 4227 2041 4300 ἱερωσύνης
2073 4226 2366 4281 ἀποδίδωσι
2395 4227 2492 4298 τὴν
2527 4225 2880 4299 εὐπρέπειαν.

605 4329 765 4403 307
789 4327 908 4383 Jam
940 4321 1162 4382 verba,c
1184 4330 1439 4390 tanquam
1457 4317 1622 4374 torris
1638 4317 1707 4374 de
1720 4318 2064 4391 igncerutus,
2084 4343 2102 4376 ι

2309 4320 2384 4376 Τὸ
2427 4321 2508 4387 δέ,
2547 4340 2564 4373 ι
2610 4321 2717 4375 ἰδοὺ
2765 4317 2922 4374 τοῦτο
2971 4318 3047 4382 ὼς
3086 4316 3243 4380 δαλὸς
3294 4313 3700 4384 ἐξεσπασμένος
3744 4315 3814 4368 ἐκ

536 4423 875 4495 significant,
932 4416 1078 4490 quod
1120 4416 1233 4472 Ceu
1281 4419 1329 4470 si
1388 4414 1516 4484 quis
1567 4413 1776 4487 lignum
1823 4430 1952 4470 mox
1990 4415 2116 4486 igne

533 4512 1002 4580 consumendum,
1055 4514 1370 4564 extractum
1425 4512 1610 4560 servet
1662 4507 1972 4562 incolume:
2041 4505 2117 4560 ita

536 4607 684 4664 Deus
733 4607 889 4660 hunc
934 4601 1302 4666 sacerdotem,
1366 4598 1489 4669 igne
1524 4599 1696 4654 veluti
1768 4600 2114 4671 captivitatis

533 4705 854 4770 correptum
883 4703 938 4752 et
968 4709 1091 4750 Ittox
1124 4692 1376 4748 comburi
1430 4691 1864 4762 periclitantem,
1907 4693 2026 4747 erui
2057 4698 2116 4746 et

538 4789 868 4860 urgentibus
924 4785 1087 4840 malis
1136 4782 1400 4840 subduxi.
1449 4781 1686 4837 indutus
1755 4796 1920 4851 porro
1994 4787 2115 4835 erat

535 4881 886 4939 vestimentis
918 4876 1162 4934 sordidis
1200 4874 1386 4940 Jesus,
1416 4888 1518 4946 pro
1562 4889 1628 4929 eo
1662 4888 1728 4928 ac
1761 4873 1912 4928 dicat
1959 4873 2116 4929 illum

499 4974 876 5046 ~captivitatis
917 4973 1068 5026 luctu
1105 4970 1366 5026 obrutum
1404 4967 1482 5040 (in
1518 4981 1630 5036 quo
1668 4979 1903 5021 versans
1951 4973 2112 5021 extra

529 5068 766 5124 cumino
798 5063 1043 5119 divinam
1087 5059 1371 5132 liturgiam
1405 5065 1548 5123 erat,
1594 5063 1652 5112 et
1687 5056 1840 5127 gravi
1883 5056 2117 5112 servitio

529 5158 835 5230 addictus),
865 5154 1048 5223 illum,
1071 5153 1516 5227 inquam,juberi
1549 5165 1581 5204 a
1602 5148 1714 5204 Deo
1742 5150 2004 5207 sordibus
2039 5150 2111 5206 iis

535 5251 762 5322 spoliari
816 5247 1153 5303 adstantium
1213 5259 1405 5308 manu,
1465 5241 1518 5296 id
1571 5248 1656 5297 est
1715 5241 2111 5314 liturgicarum

536 5346 800 5396 virtutum
832 5355 1033 5410 opera;
1088 5351 1212 5407 quae
1238 5333 1437 5388 divinae
1478 5325 1750 5387 voluntati
1799 5333 2123 5404 obsequen-

537 5441 619 5485 tes
659 5433 994 5501 captivitatis
1046 5436 1198 5484 veste
1252 5426 1406 5480 illum
1457 5432 1758 5491 exuerunt,
1840 5426 2106 5497 omnique

607 5588 651 5618 ⁵⁵
686 5587 873 5640 Matth.
918 5605 1075 5652 xvm,
1131 5586 1219 5642 10.
1295 5585 1342 5617 ⁵⁹
1393 5584 1514 5641 Act.
1549 5599 1647 5652 xu,
1699 5585 1783 5641 l5.

2227 4412 2418 4487 πυρὸς,
2445 4432 2464 4465 ι
2501 4413 2587 4468 ἵνα
2614 4413 2746 4486 εἴπῃ
2775 4412 2877 4470 ὅτι.
2914 4409 2991 4472 ὼς
3017 4409 3084 4463 ἂν
3113 4411 3166 4463 st
3194 4413 3280 4472 ’τις
3307 4407 3462 4472 ξύλον
3488 4405 3679 4477 μέλλον
3708 4405 3815 4460 ὑπὸ

2227 4507 2398 4579 πυρὸς
2445 4503 2935 4558 καταναλίσκεσθαι
2967 4501 3197 4572 ἀθρόον,
3245 4499 3528 4563 ἐκσπάσας
3577 4497 3814 4562 ἀϐλαϐὲς

2224 4600 2530 4669 τηρήσειεν,
2565 4596 2708 4650 οὕτω
2749 4595 2813 4667 δὴ
2859 4596 2954 4650 καὶ
2993 4594 3178 4647 τοῦτον
3221 4592 3296 4655 ὼς
3326 4591 3384 4643 ἐν
3421 4590 3555 4662 πυρὶ
3599 4593 3664 4661 τῇ
3713 4589 3814 4661 τῆς

2226 4688 2604 4758 αἱχμαλωσίας
2633 4687 2846 4760 ἀνάγκῃ
2884 4684 3202 4741 καθεστῶτα
3241 4685 3334 4738 καὶ
3370 4683 3813 4754 καταφλεχθῆναι

2227 4782 2318 4834 ὕπ’
2353 4780 2524 4850 αὐτῆς
2553 4781 2748 4852 μικροῦ
2780 4777 3156 4834 κινδυνεύοντα
3184 4775 3460 4842 ἐξέσπασά
3494 4792 3555 4828 τε
3585 4772 3814 4829 καὶτῶν

2226 4870 2590 4943 περιεχόντων
2623 4868 2908 4942 ἀπήλλαξα
2941 4869 3146 4922 κακῶν.
3193 4865 3495 4921 Ἐνεδέδυτο
3521 4864 3598 4928 δέ,
3625 4864 3814 4934 φησῗν,

2226 4963 2420 5035 ἱμάτια
2455 4961 2675 5034 ῥυπαρά
2702 4964 2730 5016 6
2773 4961 3003 5033 Ἰησοῦς,
3031 4962 3117 5017 ἵνα
3141 4960 3268 5031 εἴπῃ
3293 4960 3396 5023 ὅτι,
3424 4957 3498 5011 Τὸ
3522 4973 3818 5028 περικεχυ-

2227 5054 2388 5129 μένον
2426 5055 2490 5109 ἐκ
2535 5055 2637 5126 τῆς
2679 5054 3060 5126 αἰχμαλωσίας
3098 5052 3280 5107 αὐτῶν
3320 5050 3538 5115 πένθος,
3573 5051 3632 5103 ἐν
3658 5041 3816 5121 ᾧπερ

2223 5148 2377 5220 διῆγε
2424 5146 2703 5212 παντελῶς
2740 5147 2846 5213 ἔξω
2889 5145 2990 5217 τῆς
3029 5144 3372 5216 λειτουργίας
3418 5142 3680 5215 ὑπάρχων
3715 5140 3819 5211 τῆς

2225 5242 2396 5306 θείας,
2425 5243 2482 5296 ἐν
2510 5241 2776 5315 βαρύτητι
2805 5237 3085 5302 καθεστὼς
3107 5236 3370 5300 δουλείας,
3397 5235 3570 5289 ταῦτα
3595 5232 3818 5304 ἀφελεῖν

2225 5335 2320 5390 ἀπ’
2357 5333 2522 5413 αὑτοῦ
2554 5337 2667 5398 τοῖς
2693 5334 2981 5405 ἐστηκόσιν
3011 5331 3292 5386 ἐπιτάττει
3324 5328 3457 5392 Θεός
3480 5344 3496 5363 ·
3541 5325 3816 5392 τουτέστι,

2225 5430 2346 5492 ταῖς
2393 5425 2866 5500 ύπηρετουμέναις
2913 5424 3318 5496 λειτουργικαῖς
3353 5419 3668 5492 δυνάμεσιν,
3716 5417 3814 5472 ἅτε

750 5735 996 5826 Qllserva
1039 5738 1435 5826 alopsufsmni,
1483 5743 1591 5811 imp
1623 5739 1722 5800 SS.
1778 5739 2100 5806 Bibliorum,
2129 5736 2458 5797 sententiam
2488 5735 2794 5826 de_angelis
2825 5734 3116 5793 hominum
3146 5732 3492 5804 custodibus.

606 5810 723 5881 (ως.
746 5808 886 5863 Num
917 5825 1012 5881 pro
1040 5807 1252 5882 οἱπερτ
