2059 3239
174 177 235 205 525

631 175 909 206 COMMENTARIUS
923 175 957 204 ΙΝ
974 176 1162 206 ZACIIARUE
1178 179 1256 208 CAP.
1275 179 1322 208 ΙΙΙ.
1360 203 1370 214 ,

1764 185 1818 215 526

175 237 240 268 ταῐς
255 234 342 267 θείαις
353 234 573 272 ὑπηρετούμεναι
591 235 702 271 βουλαῖς
717 234 827 270 ἀφεῖλόν
841 243 871 261 τε
891 233 974 262 αὐτοῦ

1028 235 1160 271 praedicto
1176 237 1265 271 luctu,
1278 241 1306 266 et
1323 238 1350 266 in
1366 240 1505 275 propriam
1523 239 1620 269 urbem
1636 240 1822 272 reduxerunt.

175 281 230 316 τῆς
245 281 434 316 αίχμα).ωοιας
457 281 506 317 τὴν
522 281 633 316 ἐσθῆτα,
657 282 703 308 καὶ
726 281 756 308 τὸ
781 282 878 313 πένθος
901 282 974 309 ἆπαν

176 327 270 355 ἐκεῖνο
282 347 289 358 ,
315 327 362 353 καὶ
385 328 425 359 είς
443 327 492 362 τὴν
510 328 587 353 πόλιν
604 329 777 363 ἐπανήγαγον
793 328 842 363 τὴν
858 327 973 355 οἰκείαν.

175 371 248 401 Εἶτα
263 374 359 400 τούτου
372 374 523 407 γεγονότος,
539 374 605 408 φησὶ
620 374 687 409 πρὸς
702 374 783 400 αὐτόν
794 382 800 388 ·
832 374 975 409 Ἀφῄρηκα

177 419 272 450 πάσας
286 419 334 451 τὰς
351 420 466 454 ἀνομίας
484 426 531 445 σου
542 428 548 434 ·
571 420 657 455 δηλῶν
671 421 711 446 ὅτι
726 420 759 446 τὰ
772 421 820 456 τῆς
835 421 975 455 αἰχμαλω-

178 464 242 497 σίας
255 464 365 491 λέλυται
382 466 464 495 κακὰ,
483 466 576 501 ἐπειδὴ
590 466 643 492 τῶν
662 466 803 501 ἁμαρτιῶν
817 467 908 500 ἀφεῖλε
926 467 975 502 τὴν

178 510 302 545 μνήμην.
331 511 367 544 (p.
382 510 443 544 465)
473 509 539 536 Εἶτα
555 511 617 546 ἑξῆς
640 511 745 537 κελεύει
761 511 806 537 τὸν
821 512 926 547 ποδήρη
946 521 975 537 τε

174 556 260 582 αὑτὸν
277 556 437 583 ἐνδύσασθαι
461 557 507 583 καὶ
522 557 697 592 περιτεθῆναί
719 567 748 583 τε
772 557 846 592 αὐτῷ
872 558 922 592 τήν
944 566 974 583 τε

176 602 279 637 μίτραν
301 603 348 628 καὶ
374 602 422 637 τὴν
447 603 562 638 κίδαριν,
582 604 621 635 εἰς
638 603 749 636 ἔνδειξιν
766 604 813 630 τοῦ
830 604 879 639 τῆς
897 605 974 640 ἱερω-

175 646 262 682 σύνης
276 647 351 682 αὐτῷ
364 647 456 673 λοιπὸν
471 648 669 683 ἐπιτετράφθαι
683 650 731 683 τὴν
747 648 871 681 ἐξουσίαν
881 658 886 664 ·
905 651 973 685 ὅπερ

174 691 224 720 οὖν
245 694 292 720 καὶ
314 694 408 727 γέγονε
428 694 499 720 κατὰ
519 695 548 721 τὸ
575 695 698 730 σύνθημα
724 695 754 721 τὸ
777 696 856 722 θεῖον.
879 696 972 723 Ταῦτα

174 740 297 775 εἰρηκὼς
323 741 336 767 ὁ
358 742 500 776 προφήτης
516 743 554 773 είς
571 742 682 774 ἔνδειξιν
698 743 744 769 τοῦ
758 743 806 777 τὴν
822 743 972 778 ἱερωσύνην

1028 281 1088 315 Quo
1101 281 1185 315 facto,
1197 286 1324 317 cunctas,
1337 283 1385 317 ait,
1398 285 1501 313 abstuli
1515 286 1677 322 iniquitates
1691 291 1753 316 tuas
1764 297 1772 321 ς
1783 289 1822 316 ita

1029 328 1180 356 Ostendens
1202 328 1342 356 dissoluta
1367 338 1430 358 esse
1453 332 1625 366 captivitatis
1647 334 1731 368 mala,
1755 335 1822 370 quia

1028 378 1207 408 peccatorum
1238 376 1402 403 memoriam
1433 376 1582 406 deleverat.
1612 378 1715 408 Deinde
1742 380 1823 416 jubet

1031 424 1059 446 ut
1073 421 1174 454 pedere
1191 429 1253 448 eum
1269 422 1396 457 induant,
1407 423 1516 451 mitram
1534 428 1617 460 atque
1633 426 1748 454 cidarim
1768 428 1822 454 cir-

1029 471 1208 501 cumponant,
1230 471 1260 494 ut
1280 467 1410 495 ostendat
1434 469 1564 497 traditam
1592 470 1617 497 ei
1633 470 1660 497 in
1678 475 1822 506 posterum

1027 512 1173 539 sacerdotii
1187 512 1351 548 dignitatem
1369 522 1376 541 :
1395 514 1470 549 quod
1488 523 1586 550 reapse
1598 516 1693 544 divino
1710 517 1823 545 decreto

1025 558 1153 593 contigit.
1184 558 1233 587 His
1258 559 1351 592 dictis,
1380 560 1415 587 ob
1442 561 1651 595 significandam
1674 563 1824 591 sacerdotii

1025 604 1160 633 lsraelitis
1176 606 1395 639 restitutionem,
1414 611 1442 634 et
1458 608 1631 636 sacerdotem
1642 609 1743 637 abhinc
1753 617 1822 637 con-

1029 656 1109 677 sueto
1137 647 1295 679 ministerio
1317 652 1514 681 destinandutn
1541 653 1611 687 fore,
1636 655 1684 690 qui
1711 656 1823 692 proprio

1028 697 1123 724 officio
1140 697 1312 726 confidenter
1337 703 1364 726 et
1375 704 1451 728 recto
1477 700 1541 736 jure
1563 701 1706 738 fungetur,
1732 703 1824 739 pergit

1026 743 1117 771 dicere
1134 753 1142 771 :

174 787 270 818 αὐτοῖς
284 787 471 819 ἀποδεδόσθαι,
487 788 590 814 καὶτὸν
612 789 685 824 ἱερέα
709 788 789 814 πάλιν
809 789 854 814 ἐπὶ
879 788 929 823 τῆς
953 789 1084 825 συνήθους
1105 789 1281 824 ἐξετάζεσθαι
1303 791 1484 829 λειτουργίας,
1505 793 1556 830 τὴν
1578 795 1683 822 οἰκείαν
1706 795 1771 831 περὶ
1792 795 1824 822 τὸ

174 835 294 870 πρᾶγμα
310 835 466 869 παρρησίαν
480 843 508 861 τε
531 835 626 870 ἔχοντα
644 836 690 862 καὶ
706 836 840 868 ἐξουσίαν,
857 837 963 870 ἐπάγει·

212 881 287 915 Στίχ.
304 880 341 913 ς’,
360 881 391 912 ζ’.
403 895 438 899 ——
452 891 460 905 ‹
477 881 532 907 Καὶ
544 883 558 907 ὁ
574 882 688 915 ἅγγελος
709 882 809 916 Κυρίου
827 882 896 917 πρὸς
920 883 972 917 Ίη-

1064 879 1146 908 Vens.
1165 879 1193 914 6,
1211 880 1237 907 7.
1254 895 1291 901 -—
1304 890 1313 907 ι
1325 881 1361 909 Et
1371 882 1722 918 angelusDominidiecbat
1732 884 1799 913 Iesu
1813 896 1820 914 :

175 926 241 953 σοῦν
254 926 351 961 λέγων,
369 927 438 953 Τάδε
457 927 530 961 λέγει
552 928 653 963 Κύριος
670 928 868 963 παντοκράτωρ
880 937 886 943 '
911 928 973 954 Ἐὰν

174 974 206 1000 ὲν
218 975 278 1004 ταῖς
295 974 364 1005 ὁδοῖς
381 983 431 1008 μου
449 974 581 1009 πορεύσῃ,
598 975 645 1000 καὶ
662 975 709 1001 ἐὰν
723 975 756 1000 τὰ
774 975 975 1010 προστάγματα

176 1028 229 1055 μου
246 1020 377 1056 φυλάξῃς,
397 1021 443 1046 καὶ
464 1022 495 1046 σὺ
519 1020 667 1055 διακρινεῐς
691 1021 735 1047 τον
751 1019 824 1047 οἶκόν
843 1029 909 1055 μον·
927 1022 974 1047 καὶ

174 1065 225 1091 ἐὰν
239 1066 425 1101 διαφυλάσσῃς
444 1066 493 1100 τὴν
509 1066 594 1101 αὐλήν
613 1074 674 1099 μου,
691 1066 738 1091 καὶ
751 1065 829 1092 δώσω
845 1066 975 1100 ἀναστρε-

175 1112 312 1146 φομένους
325 1112 353 1137 ὲν
367 1111 441 1146 μέσῳ
453 1111 505 1137 τῶν
520 1111 675 1146 ἑστηκότων
686 1111 797 1137 τούτων.
818 1121 825 1136 i
849 1110 975 1137 Ἀκολού-

175 1157 232 1189 οως
251 1158 414 1193 ἀπειληφότι
431 1158 480 1193 τῆς
502 1158 653 1193 ἱερωσύνης
677 1158 726 1193 τὴν
747 1157 869 1190 ἐξουσίαν
887 1157 974 1184 ταῦτα

174 1203 303 1240 εἰρῆσθαί
319 1213 416 1239 φησιν·
433 1204 470 1236 ὡς
490 1204 522 1230 ἂν
536 1205 612 1239 γνοίη
627 1205 700 1235 ὅπως
714 1204 794 1230 αὐτὸν
812 1204 972 1239 μεταχειρὶυ

175 1249 271 1282 ζεσθαι
295 1251 418 1286 προτῆκε
438 1251 487 1285 τὴν
503 1250 683 1284 λειτουργίαν.
717 1249 779 1275 Ἐὰν
797 1250 862 1284 γὰρ,
887 1250 970 1284 φησὶ,

175 1296 312 1332 ἐπιμένῃς
335 1296 390 1322 τῶν
407 1297 654 1331 προστεταγμένων
671 1297 736 1331 παρ’
757 1296 824 1331 ἐμοῦ
844 1296 972 1331 φροντίδα

176 1341 350 1376 ποιούμενος,
369 1341 418 1377 ἔσῃ
435 1341 484 1376 μὲν
499 1342 527 1367 ἐν
544 1341 639 1377 ἱερέως
654 1341 781 1376 αὖθεντίᾳ
796 1342 896 1376 κρίνων
916 1343 974 1372 τοῖς

177 1388 260 1414 πᾶσι·
274 1388 321 1414 καὶ
334 1388 367 1422 τῇ
382 1387 449 1423 αὐλῇ
465 1387 492 1413 δὲ
503 1389 537 1423 τῇ
553 1388 605 1422 ἐμῇ
618 1388 666 1422 τὴν
683 1388 874 1422 προσήκουσαν
889 1387 974 1421 φυλα-

177 1433 229 1468 κὴν
244 1433 288 1460 διὰ
299 1433 349 1468 τῆς
361 1432 522 1465 ἐπιμελείας
537 1432 684 1468 προσάγων
695 1432 743 1467 τῆς
755 1432 869 1463 οἰκείας,
884 1440 974 1467 παρα-

177 1479 297 1514 πέμψεις
313 1478 341 1504 δὲ
359 1478 406 1504 καὶ
421 1478 460 1508 εἰς
476 1477 615 1512 διαδόχους
633 1478 681 1512 τὴν
695 1478 789 1513 τιμὴν,
806 1477 829 1503 οἳ
845 1478 975 1512 γενήσον-

176 1533 223 1551 ται
237 1526 265 1551 ὲν
289 1524 365 1560 μέσῳ
385 1524 485 1556 παντὸς
499 1524 546 1550 τοῦ
565 1523 629 1549 λαοῦ
648 1523 696 1558 τὴν
714 1524 907 1558 προσήκουσαν
925 1523 972 1549 αὑ-

177 1573 234 1604 τοῖς
246 1571 418 1602 ἐκτελοῦντες
431 1571 613 1605 λειτουργίαν.
630 1568 696 1596 Εἶτα
712 1570 758 1596 ml.
771 1570 820 1605 τῆς
833 1569 972 1605 βασιλείας
987 1562 1007 1589 C

176 1618 228 1654 τὴν
252 1618 477 1644 ἀποκατάστασιν
499 1616 597 1651 δηλῶν,
616 1616 687 1642 οὕτω
711 1615 785 1649 λέγει
799 1623 805 1628 ·
831 1616 878 1651 (p.
901 1616 973 1651 4M)

179 1672 189 1688 ι
208 1663 308 1689 ’Δκουε
333 1662 375 1698 δὴ,
407 1661 493 1697 Ἰησοῦ
515 1662 529 1687 ὁ
554 1661 644 1695 ἱερεὺς
664 1662 678 1687 ό
702 1661 799 1696 μέγας,
825 1661 857 1687 σὺ
880 1661 926 1688 καὶ
949 1662 974 1687 οξ

176 1708 291 1744 πλησίον
316 1717 363 1735 σου
378 1709 402 1735 οί
422 1708 572 1743 καθήμενοι
588 1707 640 1743 πρὸ
659 1707 807 1743 προσώπου
825 1716 872 1733 σου
883 1716 890 1722 ·
905 1706 972 1733 διότι

176 1755 272 1791 ἄνδρες
285 1755 481 1790 τερατοσκόποι
498 1754 576 1781 εἰσίν.
598 1763 607 1779 ι
628 1754 687 1780 Ἴνα
701 1754 776 1789 εἴπῃ,
793 1753 865 1789 Πρὸς
881 1753 911 1780 σέ
929 1762 973 1788 μοι

176 1802 191 1828 ὁ
207 1802 296 1836 λόγος,
315 1802 361 1828 καὶ
384 1801 487 1832 πάντας
506 1801 569 1832 τοὺς
588 1800 636 1827 σὺν
659 1801 700 1826 σοὶ
722 1800 818 1835 ἄρχειν
838 1800 883 1826 τοῦ
907 1800 973 1826 λαοῦ

177 1846 425 1882 πεπιστευμένους,
438 1847 465 1872 ἓν
476 1854 506 1872 τε
520 1845 679 1881 διδασκαλίᾳ
696 1846 743 1872 καὶ
757 1846 888 1881 ἐξηγήσει
902 1846 975 1881 νομί-

179 1902 247 1928 μων,
266 1894 314 1920 καὶ
335 1895 368 1929 τῇ
384 1893 463 1928 λοιπῇ
482 1893 536 1919 τῶν
553 1894 592 1924 εἰς
609 1892 765 1919 θεοσέϐειαν
783 1892 905 1927 ἡκόντων
919 1893 974 1918 λει-

175 1939 291 1975 τουργίᾳ
302 1947 309 1954 ·
325 1939 372 1970 οὒς
388 1939 605 1975 τερατοσκόπονς
617 1939 660 1965 διὰ
675 1938 754 1965 τοῦτο
769 1938 856 1971 καλεῖ,
870 1938 907 1970 ὡς
919 1939 973 1964 τῶν

176 1984 253 2020 παρὰ
267 1985 314 2011 τοῦ
328 1984 396 2011 Θεοῦ
411 1984 569 2019 παραδόξως
584 1984 734 2019 γινομένων
747 1984 796 2015 τὰς
808 1984 898 2015 αἰτίας
912 1992 974 2010 ento-

176 2032 238 2057 πεῖν
250 2039 278 2057 τε
296 2031 344 2057 καὶ
360 2030 459 2056 εἰδέναι
473 2030 545 2061 οἴους
560 2039 589 2056 τε
605 2031 692 2062 ὖντας.
708 2030 740 2056 Τί
755 2028 801 2057 οὖν
816 2030 899 2065 φησίς

212 2076 286 2111 Στίχ.
300 2080 334 2111 η’,
348 2076 381 2102 0’.
391 2090 426 2095 ——
437 2085 445 2101 ι
464 2076 536 2102 Διότι
550 2076 604 2102 ἰδοὺ
619 2076 674 2110 ἐγὼ
686 2076 744 2109 ἄγω
754 2076 799 2102 τὸν
813 2076 905 2102 δοῦλόν
922 2085 973 2111 μου

176 2122 320 2152 ἀνατολήν·
340 2122 407 2148 διότι
422 2122 494 2152 λίθος
510 2121 539 2148 ὃν
557 2122 645 2148 ἔδωκα
668 2121 721 2157 πρὸ
742 2121 890 2157 προσώπου
919 2123 974 2157 Ἰη-

178 2167 238 2199 σοῦ,
254 2168 301 2194 ἐπὶ
323 2167 369 2194 τὸν
389 2167 462 2193 λίθον
481 2167 526 2193 τὸν
540 2167 588 2194 ἕνα
613 2167 683 2193 ἑπτὰ
703 2166 838 2201 ὀφθαλμοί
854 2168 933 2193 εἰσιν.
962 2177 971 2193 ι

183 2214 253 2248 Ἐγὼ
265 2214 331 2250 γὰρ,
348 2214 426 2248 φησι,
442 2213 488 2239 τὸν
499 2213 592 2240 δοῦλον
606 2214 650 2240 τὸν
664 2213 741 2249 ὲμὺν,
759 2213 804 2239 τὸν
821 2214 973 2249 Ζοροϐάϐελ

176 2260 274 2294 λέγων,
289 2260 338 2286 καὶ
350 2259 554 2295 ἀποκαθίστημι
572 2261 604 2295 τῇ
625 2259 758 2294 βασιλείᾳ,
777 2259 911 2294 ἀνατολῆς
923 2260 973 2295 οὐχ

176 2305 257 2342 ἧττον
274 2305 401 2341 λαμπρὸν
421 2306 455 2340 τῇ
469 2306 518 2340 τῆς
536 2306 596 2341 (sic)
614 2305 721 2340 ἐξουσίᾳ
735 2305 852 2336 δεικνύς.
872 2305 974 2332 Τοῦτον

171 2346 208 2388 Ἲδὴ
223 2352 317 2387 ὥσπερ
339 2351 402 2378 τινὰ
414 2351 486 2378 λίθον
498 2351 592 2386 τίθημι
616 2351 670 2386 πρὸ
691 2352 744 2379 τῶν
757 2351 904 2387 ὀφθαλμῶν
920 2351 974 2378 τῶν

178 2397 243 2429 σῶν,
267 2398 308 2432 ἐφ’
323 2394 401 2432 ᾧπερ
423 2397 584 2431 ἐστηρίχθαι
601 2405 630 2422 σε
654 2397 724 2432 χρὴ,
746 2397 901 2433 παρέχοντα
922 2397 972 2432 μὲν

177 2442 252 2478 αὑτῷ
274 2442 323 2478 τὴν
346 2443 379 2469 ἐκ
414 2442 468 2468 τῶν
497 2442 656 2477 προσευχῶν
668 2442 715 2468 καὶ
744 2443 793 2478 τῆς
822 2441 974 2477 ἱερωσύνης

178 2489 322 2524 βοήθειαν.
340 2488 521 2523 κομιζόμενον
540 2488 567 2514 δὲ
584 2488 648 2523 παρ’
665 2488 747 2514 αὑτοῦ
767 2488 817 2523 τὴν
843 2488 971 2523 σπουδὴν,

177 2537 211 2570 ἢν
223 2536 252 2562 ἐν
266 2537 322 2567 τοῖς
335 2535 405 2561 κατὰ
419 2533 472 2561 τῶν
491 2534 619 2560 ἐναντίων
635 2534 818 2560 ἐπιδείκνυται
833 2534 974 2569 πολέμοις,

176 2581 215 2613 ὡς
228 2582 261 2608 ἂν
274 2582 302 2608 ὲν
319 2582 416 2618 είρήνῃ
428 2581 567 2615 διάγοντες
581 2580 735 2614 ἐκτελοίητε
752 2580 801 2615 τὴν
824 2580 975 2615 ἱερωσύνην

176 2627 306 2659 δεόντως’
332 2628 443 2664 θαρρεῖν
470 2627 498 2653 δέ
525 2636 555 2653 σε
575 2626 662 2661 τούτῳ
686 2626 809 2662 προσῆκε
834 2626 873 2660 τῷ
896 2625 973 2660 λίθῳ,

177 2673 249 2700 ἑπτὰ
264 2674 389 2709 μετέχειν
400 2673 481 2700 αὑτὸν
491 2673 639 2707 ὀφθαλμῶν
651 2672 806 2706 νομίζοντα.
824 2671 975 2698 Κάνταῦθα

176 2719 207 2746 δὲ
220 2719 260 2755 τῷ
274 2719 345 2746 ἑπτὰ
359 2721 408 2746 οὑκ
424 2720 470 2745 ἐπὶ
481 2718 674 2755 ἀκριϐολογίας
689 2718 806 2753 ἀριθμοῦ
819 2718 904 2751 λέγει,
915 2717 974 2744 ἀλλ’

177 2768 223 2794 ἵνα
237 2768 312 2803 εἴπῃ,
324 2768 365 2793 ὅτι
379 2768 527 2801 Δυνήσεται
538 2766 565 2792 δὲ
578 2765 666 2792 ταῦτα
681 2765 694 2790 ό
710 2764 861 2799 Ζοροϐάϐελ
874 2765 912 2795 εἰς
925 2764 975 2799 τὴν

179 2814 321 2850 βασιλείαν
340 2814 405 2849 παρ’
431 2813 498 2849 ἐμοῦ
516 2812 734 2848 προχειρισθεὶς,
759 2812 852 2846 ἐπειδὴ
875 2810 975 2846 πολλήν

176 2870 242 2888 τινα
254 2860 302 2888 καὶ
315 2860 418 2894 ἄφατον
431 2859 506 2895 αὐτῷ
520 2859 631 2894 παρέξω
642 2861 691 2893 τὴν
704 2858 820 2892 εποψίαν
832 2857 881 2892 τὴν
894 2857 974 2892 ἐμὴν,

178 2906 220 2944 (p.
240 2906 305 2943 465)
323 2906 370 2934 καὶ
389 2905 439 2942 τὴν
463 2904 621 2940 ἐπιμέλειαν
648 2904 693 2939 ἀφ’
719 2901 753 2939 ἧς
775 2912 801 2930 τι
830 2904 975 2939 γενήσεται

1026 925 1087 953 llrcc
1101 926 1139 952 ait
1153 925 1488 962 Dominusomnipotens:
1525 928 1553 956 Si
1570 929 1598 956 in
1610 930 1660 958 viis
1677 931 1747 959 meis
1762 940 1819 959 am-

1025 972 1177 1004 bulaveris,
1207 977 1234 1000 et
1254 973 1386 1001 mandata
1411 981 1472 1001 mea
1496 977 1662 1008 servaveris,
1681 981 1708 1005 et
1723 981 1753 1005 tu
1771 979 1823 1006 do-

1025 1026 1099 1045 mum
1118 1026 1206 1046 meam
1233 1019 1371 1053 judieabis
1388 1028 1395 1046 :
1414 1024 1440 1047 et
1454 1020 1478 1048 si
1495 1022 1596 1049 atrium
1617 1030 1708 1051 meum
1726 1029 1823 1052 custo-

1025 1065 1121 1097 dieris,
1150 1069 1178 1092 et
1200 1065 1272 1093 dabo
1299 1066 1348 1093 tibi
1376 1067 1423 1102 qui
1450 1072 1653 1096 conversentur
1673 1070 1701 1097 in
1730 1071 1822 1098 medit-

1026 1110 1160 1136 stantium
1178 1110 1309 1139 istorum.
1324 1120 1333 1137 ι
1350 1110 1510 1147 Opp0rtune
1523 1113 1561 1141 ait
1576 1113 1650 1142 dicta
1662 1114 1721 1143 haec
1733 1115 1822 1145 fuisse

1025 1155 1131 1181 homini
1152 1155 1200 1190 qui
1230 1156 1378 1184 sacerdotii
1406 1157 1567 1194 dignitatem
1591 1166 1762 1196 susceperat,
1791 1167 1822 1190 ut

1025 1200 1095 1227 idem
1113 1198 1426 1237 agnosceretrquomodo
1446 1213 1541 1240 gerere
1565 1198 1749 1235 ministerium
1773 1210 1822 1237 de-

1026 1245 1111 1273 beret.
1124 1245 1153 1274 Si
1165 1247 1239 1274 enim
1257 1251 1490 1283 perseveraveris,
1504 1252 1604 1287 inquit,
1626 1253 1653 1281 in
1669 1261 1823 1291 pratcepto-

1027 1299 1086 1318 rum
1102 1299 1225 1333 meorum
1246 1294 1436 1328 observantia,
1455 1298 1578 1325 manebit
1595 1299 1644 1326 tibi
1660 1302 1823 1329 sacerdota-

1026 1336 1059 1362 lis
1072 1337 1224 1366 auctoritas
1234 1338 1377 1373 judicandi
1392 1341 1425 1368 de
1437 1343 1578 1371 omnibus.
1597 1343 1662 1372 Etsi
1676 1347 1749 1375 atrio
1760 1356 1822 1376 meo

1026 1382 1234 1410 convenientem
1251 1385 1404 1412 custodiam
1423 1387 1570 1416 sedulitate
1582 1394 1629 1418 tua
1647 1392 1820 1426 adhibueris.

1026 1427 1108 1462 308
1126 1429 1245 1463 posteris
1265 1438 1375 1466 quoque
1395 1432 1558 1467 dignitatem
1580 1439 1656 1464 tuam
1677 1440 1822 1467 transmit-

1027 1477 1079 1504 tcs,
1095 1474 1141 1509 qui
1156 1475 1184 1502 in
1200 1475 1291 1503 medio
1305 1478 1427 1505 universi
1446 1480 1539 1514 populi
1553 1480 1617 1515 jure
1635 1483 1670 1510 ad
1692 1492 1722 1512 se
1737 1487 1822 1520 perti-

1028 1525 1138 1548 nentem
1153 1522 1321 1550 exercebunt
1336 1523 1486 1560 liturgiam.
1503 1525 1602 1555 Postea
1620 1530 1699 1564 regni
1711 1538 1823 1567 quoque

1026 1567 1399 1602 instaurationeminnuens,
1425 1570 1462 1598 ait
1481 1581 1488 1599 :
1512 1573 1614 1606 «Audi,
1637 1575 1702 1604 Jcsu
1725 1585 1822 1611 snect—

1025 1612 1077 1639 dos
1097 1620 1205 1649 magne,
1221 1618 1294 1642 luet
1316 1616 1434 1651 proximi
1463 1619 1502 1646 tui
1520 1619 1567 1654 qui
1591 1621 1686 1649 sedent
1697 1628 1761 1652 ante
1778 1624 1821 1652 fa-

1025 1658 1094 1684 ciem
1108 1662 1195 1692 tuam,
1210 1659 1275 1695 quia
1291 1660 1342 1688 viri
1351 1666 1520 1697 spectatores
1529 1669 1718 1699 portentorum
1727 1674 1819 1698 suum

1027 1703 1056 1730 ld
1074 1708 1126 1736 est,
1150 1705 1192 1732 Ad
1204 1710 1229 1734 te
1240 1715 1332 1735 sermo
1360 1716 1438 1738 meus
1458 1715 1541 1746 atque
1554 1712 1589 1739 ad
1604 1720 1701 1742 omnes
1718 1714 1821 1749 quibus

1026 1753 1116 1776 tecum
1135 1751 1228 1786 populi
1246 1752 1418 1789 principatus
1432 1757 1556 1785 creditus
1570 1761 1623 1791 est,
1643 1763 1674 1786 ut
1687 1760 1821 1796 magiste-

1027 1797 1069 1823 rio
1090 1797 1214 1832 legisque
1231 1799 1459 1835 interpretatione
1477 1803 1642 1839 fungamini,
1664 1809 1691 1833 et
1713 1807 1822 1842 reliquo

1026 1850 1119 1869 rerum
1137 1842 1232 1872 divino
1248 1845 1334 1873 cultui
1358 1846 1530 1876 addictarum
1555 1850 1709 1879 ministerio
1726 1861 1733 1880 :
1750 1861 1822 1889 quos

1025 1887 1152 1916 homines
1179 1890 1299 1925 appellat
1324 1896 1515 1926 portentorum
1556 1899 1740 1930 spectatores,
1759 1887 1820 1926 >ceu
1844 1916 1848 1919 ι

1026 1942 1117 1962 rerum
1145 1940 1245 1971 praeter
1276 1939 1509 1973 exspectationem
1532 1948 1547 1968 a
1570 1940 1626 1969 Deo
1646 1946 1820 1978 patratarum

1026 1989 1127 2010 causas
1155 1983 1332 2013 considerare
1353 1989 1381 2014 et
1401 1993 1571 2023 cognoscere
1596 1988 1722 2020 idoneos.
1749 1990 1822 2025 Quid

1025 2035 1091 2063 ergo
1109 2029 1166 2056 ait?

1064 2074 1145 2103 Vens.
1159 2075 1187 2108 8,
1202 2076 1231 2105 9.
1248 2092 1283 2098 —
1305 2087 1315 2104 ‹
1328 2078 1398 2107 Ecce
1415 2079 1488 2108 enim
1504 2088 1555 2117 ego
1578 2081 1686 2110 adduco
1708 2090 1821 2113 servum

1026 2129 1129 2154 meum,
1144 2121 1284 2151 Orientem
1301 2132 1308 2151 :
1324 2125 1389 2160 quia
1401 2125 1471 2161 lapis
1485 2135 1566 2162 quem
1575 2127 1638 2156 dedi
1649 2134 1712 2157 ante
1723 2129 1822 2158 faciem

1025 2167 1105 2201 Jcsu;
1120 2175 1203 2203 super
1218 2169 1338 2204 lapidem
1353 2179 1437 2198 unum
1447 2164 1552 2207 septem
1563 2175 1637 2201 oculi
1647 2179 1722 2202 sunt.
1738 2185 1747 2202 ι
1765 2175 1822 2211 Ego

1027 2213 1110 2246 enim,
1128 2213 1228 2249 inquit,
1244 2222 1355 2242 servum
1376 2224 1479 2250 meum,
1506 2217 1532 2245 id
1548 2222 1590 2245 est
1611 2218 1821 2253 Zorobabelcm.

1027 2266 1118 2293 regem
1134 2260 1285 2291 constituo,
1302 2261 1352 2288 soli
1374 2262 1474 2289 orienti
1495 2263 1643 2298 splendore
1670 2272 1764 2300 parem
1786 2267 1823 2295 ob

1027 2305 1171 2340 dignitatis
1186 2313 1244 2334 suae
1260 2306 1480 2342 amplitudinem.
1496 2308 1575 2336 Hunc
1586 2318 1651 2338 vero
1663 2319 1713 2339 ceu
1727 2320 1821 2347 quem-

1026 2350 1088 2377 dam
1104 2351 1222 2386 lapidem
1240 2360 1363 2387 propono
1379 2361 1472 2381 coram
1495 2354 1584 2382 oculis
1598 2356 1665 2389 tuis,
1684 2357 1712 2384 in
1727 2365 1781 2392 quo
1797 2363 1825 2386 te

1027 2398 1142 2425 ﬁrmiter
1156 2398 1207 2425 niti
1219 2403 1337 2433 oportet,
1355 2399 1500 2435 eidemque
1514 2401 1645 2430 exhibere
1669 2411 1780 2437 precum
1793 2409 1822 2433 et

1026 2443 1172 2471 sacerdotii
1190 2444 1337 2478 auxilium,
1358 2445 1537 2482 vicissimque
1556 2447 1591 2475 ab
1604 2456 1637 2476 eo
1652 2448 1757 2478 referre
1781 2454 1825 2477 tu-

1029 2490 1121 2522 telam,
1136 2497 1218 2525 quam
1242 2491 1322 2519 bellis
1341 2495 1437 2519 contra
1463 2493 1557 2521 hostes
1574 2495 1703 2529 gerendis
1724 2504 1825 2532 repeti-

1029 2536 1079 2568 dit,
1105 2539 1134 2562 ut
1158 2544 1225 2571 pace
1251 2537 1375 2565 fruentes
1401 2539 1557 2567 sacerdotio
1578 2542 1630 2568 rite
1659 2542 1825 2577 fungamini.

1028 2581 1174 2609 Conlidere
1188 2586 1279 2610 autem
1306 2587 1332 2610 te
1347 2584 1413 2611 huic
1428 2584 1511 2620 lapidi
1539 2590 1658 2621 oportet,
1677 2590 1706 2613 ct
1720 2593 1825 2624 Scpleltl

1029 2636 1091 2654 eum
1105 2628 1205 2656 habere
1218 2629 1315 2657 oculos
1326 2630 1495 2658 existimare.
1508 2630 1568 2659 Jam
1590 2632 1643 2660 hoc
1654 2635 1737 2661 etiam
1765 2634 1826 2661 loco

1030 2675 1194 2701 vocabulum
1209 2679 1313 2710 septem
1331 2676 1403 2704 haud
1419 2677 1454 2705 de
1469 2681 1568 2705 exacto
1586 2686 1702 2706 numero
1717 2679 1766 2713 ait,
1777 2680 1826 2708 sed

1031 2725 1061 2748 ut
1081 2721 1156 2749 dicat
1173 2721 1371 2750 Zorobabelem
1391 2723 1424 2751 ad
1448 2723 1507 2751 haec
1527 2724 1646 2752 validum
1668 2725 1736 2759 fore,
1752 2733 1768 2753 a
1784 2734 1829 2755 me

1031 2767 1138 2794 scilicet
1159 2767 1186 2794 in
1204 2774 1318 2802 regnum
1347 2770 1599 2804 provectum;quia
1617 2769 1641 2797 ei
1654 2770 1769 2798 multam
1786 2775 1829 2798 at-

1031 2822 1083 2849 quc
1102 2813 1264 2841 ineffabilem
1290 2814 1490 2848 providentiam
1506 2823 1594 2844 meam
1610 2824 1761 2852 curamque
1773 2818 1827 2845 im-

1031 2860 1159 2895 pendam,
1169 2867 1222 2895 qua
1238 2860 1327 2894 majus
1336 2859 1540 2889 incrementum
1553 2863 1653 2898 capiet.
1669 2873 1678 2890 ι
1695 2863 1764 2892 Ecce
1776 2871 1829 2900 ego

1032 2906 1105 2935 fodio
1124 2905 1241 2941 foveam,
1265 2906 1331 2934 dicit
1348 2905 1481 2936 Dominus
1503 2909 1689 2945 omnipotens,
1712 2915 1739 2939 et
1762 2918 1829 2940 con-
