2059 3236
210 188 266 217 529

668 186 946 217 COMMENTARIUS
965 186 998 215 IN
1019 185 1209 215 ZACHABIAS
1230 187 1307 216 CAP.
1325 185 1368 215 IV.

1811 188 1865 217 5‘50

209 247 227 273 ὁ
247 245 363 280 ἄγγελος
379 245 393 271 ὁ
406 244 494 271 λαλῶν
510 246 538 271 ὲν
552 245 623 280 ἐμοὶ,
639 246 685 272 καὶ
700 244 759 272 εἶπε
778 246 846 282 πρός
863 254 896 281 με
912 245 1000 280 λέγων

1065 244 1230 280 loquebatur
1246 243 1273 271 in
1288 252 1342 278 me,
1359 248 1453 279 anque
1469 244 1535 271 mihi
1564 244 1661 273 dicens
1677 254 1683 272 :
1698 244 1757 273 Non
1774 253 1864 281 agno-

210 291 252 318 οὑ
265 289 412 326 γινώσκεις
422 290 449 317 τί
463 291 520 316 ὲστι
535 290 622 317 ταῦτα
634 299 640 323 ;
653 291 709 318 Καὶ
721 289 808 320 εἷπον.
820 292 898 325 Οὐχὶ.
913 290 1010 326 Κύριε.

209 337 269 364 Καὶ
287 336 426 372 ἀπεκρίθη
442 337 489 364 καὶ
504 334 566 362 εἶπε
582 337 650 372 προς
667 345 700 372 με
716 337 818 372 λέγων·
842 333 927 369 Οὗτος
942 338 956 363 ὁ
970 337 1014 363 λό-

209 391 262 418 γος
280 383 386 419 Κυρίου
402 383 471 418 πρὸς
487 382 640 418 Ζοροϐάϐελ
655 383 754 417 λέγων,
778 384 836 410 Οὐκ
852 385 881 411 ἐν
897 384 1012 419 δυνάμει

211 428 338 464 μεγᾶλῃ,
354 428 416 455 οὐδὲ
430 429 459 454 ὲν
477 428 564 464 ίσχύῖ,
583 428 641 455 ἀλλ’
655 429 684 455 ὲν
703 429 842 465 Πνεύματί
858 438 920 465 μου,
938 429 1012 464 λέγει

209 474 316 511 Κύριος
331 475 542 510 παντοκράτωρ.
564 484 573 500 ι
594 471 679 506 Οὗτος
695 475 727 510 δὴ
746 476 760 501 ό
775 475 908 509 ἄγγελος,
932 475 962 503 ὃν
984 477 1013 502 ἐν

209 519 289 555 αὐτῷ
309 520 401 547 λαλεῖν
419 521 433 547 ὁ
456 521 601 556 προφήτης
626 520 712 555 λέγει,
734 517 812 553 οὗτος
837 521 870 556 δὴ
895 521 943 547 καὶ
962 521 1012 553 τὰς

209 565 284 602 ὑπὲρ
298 565 348 601 τῆς
366 565 547 602 Ἰερουσαλὴμ
562 566 671 601 δεήσεις
687 565 766 602 ὤφθη
784 566 955 602 ποιούμενος,
974 567 1012 599 ὡς

209 611 342 639 ἁπάντων
361 613 411 647 μὲν
434 612 488 638 τῶν
510 613 581 640 κατὰ
605 613 655 648 τὴν
681 613 811 640 Ἰουδαίαν
827 613 877 649 τὴν
899 614 1012 640 ἐπιστα-

209 658 274 686 σίαν
299 659 555 694 ἐπιτετραμμένος·
575 660 732 694 ἀναγκαίως
753 661 782 688 δὲ
799 662 846 688 καὶ
871 661 942 698 ὑπὲρ
962 661 1011 697 τὴν

208 704 302 732 αὐτῶν
318 704 410 740 δέησιν
431 706 579 740 προσάγων
596 705 635 741 τῷ
650 706 719 742 Θεῷ.
741 707 822 734 Ὀϐεν
840 707 887 734 καὶ
903 709 917 734 ὁ
937 717 1011 743 προ-

209 751 303 787 φήτης
314 750 411 778 τοῦτον
429 752 476 778 καὶ
490 752 591 788 ἐρωτᾷ,
607 753 655 780 καὶ
669 753 704 780 τὰ
725 753 787 781 καθ’
806 753 922 781 ἕκαστον
941 764 1009 790 μαν-

208 795 302 823 θάνει·
318 795 414 832 ἐπειδὴ
430 797 539 824 πάντων
558 796 614 824 τῶν
629 798 791 833 δειχθέντων
806 799 923 835 δήλωσιν
938 801 1012 836 ἐχόν-

207 849 276 874 των,
299 841 350 877 τῆς
374 842 439 878 περί
459 851 488 869 τε
507 843 555 879 τὴν
573 843 650 871 πόλιν
665 845 713 872 καὶ
735 845 767 872 τὺ
783 845 858 878 ἔθνος
876 847 922 873 τοῦ
942 847 1010 874 Θεοῦ

208 885 380 922 φιλοτιμίας,
405 888 564 922 ἀναγκαίως
585 889 740 925 ἥρμοττεν,
762 892 838 926 παρὰ
859 892 955 920 τούτου
974 894 1009 920 τὰ

1066 289 1122 317 seis
1135 288 1203 325 quid
1217 293 1282 317 sunt
1297 289 1377 317 haec?
1394 288 1428 316 Et
1440 289 1499 319 dixi
1513 289 1724 326 :Nequaquam,
1739 290 1865 320 Domine.

1067 335 1100 362 Et
1124 335 1278 371 respondit,
1301 335 1424 370 mihique
1447 336 1485 363 ait
1510 337 1624 364 dicens:
1642 337 1695 366 Iste
1713 342 1757 366 est
1774 345 1866 366 sermo

1067 381 1175 408 Domini
1188 380 1221 408 ad
1239 379 1436 408 Zorohahelem
1454 380 1550 408 dicens
1563 391 1571 409 :
1584 381 1645 410 Non
1661 383 1688 410 in
1703 382 1867 411 fortitudine

1067 434 1177 461 magna,
1191 433 1281 462 neque
1297 426 1326 454 in
1338 426 1456 459 viribus,
1484 427 1533 455 sed
1550 428 1577 455 in
1590 428 1695 464 Spiritu
1709 436 1785 463 meo,
1800 429 1867 458 dicit

1066 471 1199 500 Dominus
1207 473 1395 508 omnipotens.
1409 483 1418 500 ι
1430 474 1616 511 Isteangelus,
1630 481 1711 509 quem
1727 475 1755 501 in
1773 482 1803 503 se
1824 475 1860 503 lo-

1064 522 1196 552 quentem
1210 518 1344 554 propheta
1366 524 1474 553 narrat.
1500 519 1573 547 idem
1592 519 1638 547 ille
1652 525 1695 547 est
1718 521 1764 555 qui
1786 522 1865 549 visus

1066 564 1116 591 fuit
1131 572 1180 600 pro
1191 565 1260 593 urbe
1275 564 1447 594 Hierusalem
1461 566 1615 601 deprecari,
1628 570 1776 602 propterea
1791 568 1866 602 quod

1063 610 1141 638 Iuda:
1152 611 1251 639 incola:
1264 618 1362 640 omnes
1380 613 1473 640 tutelae
1496 613 1585 648 ipsius
1598 613 1740 642 commissi
1760 618 1840 642 erant
1855 623 1862 648 ;

1064 657 1222 686 necessario
1242 659 1326 687 simul
1348 667 1398 695 pro
1415 659 1471 688 illis
1490 667 1601 696 quoque
1620 667 1718 696 preces
1741 659 1796 688 Deo
1817 660 1862 688 ot“-

1063 703 1370 741 i'erenszquamobrem
1398 704 1532 742 propheta
1548 706 1623 734 hunc
1646 706 1809 742 interrogat,
1837 710 1865 734 et

1062 758 1106 779 res
1119 752 1243 789 singulas
1259 748 1402 781 educetur.
1420 753 1487 780 Nam
1504 752 1569 788 quia
1587 756 1696 781 ostenta
1711 753 1805 781 omnia
1831 760 1866 780 eo

1062 797 1222 831 tendebant,
1243 803 1274 826 ut
1289 799 1337 827 Dei
1350 806 1415 834 erga
1433 799 1529 827 urbem
1541 806 1636 826 curam
1659 799 1796 835 ingentem
1815 799 1864 826 de-

1063 848 1260 878 monstrarent,
1271 846 1431 874 necessario
1445 845 1571 881 Oportuit
1586 846 1748 881 prophetam
1760 846 1794 873 ab
1810 846 1863 873 hoc

1063 891 1160 925 angelo
1177 892 1348 928 singularum
1364 893 1502 920 visionum
1517 892 1738 928 explanationem
1755 893 1862 921 audire.

208 931 381 960 καθέκαστον
398 933 453 961 τῶν
464 934 660 971 δεικνυμένων,
677 937 753 967 ὅπως
766 938 834 973 ἔχοι,
849 939 1005 974 μανθάνειν.

1064 935 1190 965 Breviter
1206 922 1273 973 ergo
1288 938 1420 973 patefecit
1442 939 1468 967 ei
1497 922 1672 967 ostentorum
1696 938 1770 972 vim;
1792 938 1863 967 hanc

208 977 356 1014 Συντόμως
372 977 419 1007 οὖν
433 979 510 1009 εἶπεν
525 982 600 1017 αὐτῷ
615 983 670 1009 τῶν
686 983 848 1019 δειχθέντων
864 986 913 1022 τὴν
928 987 1010 1014 δύνα-

208 1032 268 1060 μιν,
284 1024 325 1051 ὅτι
342 1025 394 1060 τῆς
409 1027 521 1062 χάριτός
534 1028 594 1055 ἐστι
608 1029 726 1064 δήλωσις
742 1030 792 1065 τῆς
810 1031 902 1064 θείας,
925 1034 941 1068 ἢ
961 1034 1010 1060 καὶ

205 1070 261 1106 τὴν
293 1071 342 1098 τοῦ
373 1073 528 1109 Ζοροϐάϐελ
557 1076 770 1111 προεχειρίσατο
800 1077 953 1112 βασιλείαν·
979 1081 1009 1113 ὃς

204 1117 316 1146 οτκοθεν
344 1119 394 1155 μὲν
418 1120 530 1148 δύναται
554 1123 601 1149 καὶ
625 1123 686 1150 καθ’
701 1125 755 1160 ⁶τῇ
781 1124 840 1161 θείᾳ
858 1125 1010 1162 προϐεϐλη-

206 1164 307 1199 μένος,
324 1166 411 1203 ταύτῃ
427 1168 474 1194 καὶ
501 1168 632 1196 δύνασθαι
650 1170 716 1205 ἔχει.
737 1171 819 1198 Ὅθεν
837 1173 884 1200 καὶ
900 1173 1007 1206 δεικνὺς

204 1210 259 1246 τῆς
292 1213 357 1249 περὶ
387 1213 468 1240 αὑτὸν
500 1214 605 1250 δωρεᾶς
633 1217 715 1244 αὐτὸν
752 1217 828 1245 οὐδὲν
857 1220 1007 1255 κατορθοῦν

204 1256 262 1284 τῶν
285 1258 326 1290 είς
349 1259 400 1295 τὴν
427 1259 568 1295 βασιλείαν
593 1263 715 1298 ἡκόντων
740 1265 788 1290 καὶ
802 1265 852 1301 τὴν
874 1266 921 1292 τοῦ
940 1266 1007 1293 λαοῦ

204 1304 394 1338 προστασίαν,
411 1307 444 1342 τῇ
464 1306 492 1333 δὲ
516 1307 610 1343 χάριτι
637 1309 667 1335 τὸ
683 1309 809 1344 μέγεθος,
835 1320 844 1335 ι
863 1311 911 1342 Τίς
924 1312 949 1338 εί
974 1313 1006 1339 σὺ

203 1347 237 1388 τὺ
251 1348 314 1384 ὅρος
325 1350 356 1377 τὸ
376 1350 448 1386 μέγα
473 1353 527 1387 πρὸ
544 1353 690 1388 προσώπου
706 1355 859 1391 Ζοροϐάϐελ
873 1357 920 1383 τοῦ
941 1367 1007 1385 κατ-

203 1394 344 1430 ορθῶσαι;
375 1398 423 1424 καὶ
447 1399 546 1432 ἐξοίσω
566 1400 612 1426 τὸν
636 1400 708 1427 λίϐον
731 1402 779 1436 τῆς
805 1401 1006 1438 κληρονομίας,

205 1439 320 1477 ἰσότητα
342 1442 455 1479 χάριτος
476 1444 571 1480 αὐτῆς.
593 1455 602 1471 ι
634 1446 679 1481 (ρ.
704 1447 775 1482 468)
810 1448 921 1485 Ἐπειδὴ
951 1449 1007 1485 γὰρ

201 1485 280 1514 λίθον
301 1487 430 1524 ὠνόμασε
443 1490 490 1517 τὸν
503 1491 656 1526 Ζοροϐάϐελ
667 1512 673 1524 ,
690 1493 753 1528 δρος
768 1493 841 1528 λέγει
857 1495 929 1530 μέγα
942 1496 1007 1528 τοὺς

202 1533 278 1568 ἄγαν
301 1533 433 1568 δυνατοὺς
454 1537 484 1563 ἐν
505 1537 627 1574 βασιλείᾳ
640 1547 670 1565 τε
690 1540 737 1566 καὶ
753 1541 942 1575 στρατοπέδων
958 1542 1006 1569 καὶ

204 1578 337 1614 ὑπηκόων
361 1581 470 1616 πλήθει.
494 1583 542 1614 Τίς
569 1583 623 1619 γὰρ
636 1584 679 1620 δὴ,
703 1586 803 1620 φησὶν,
826 1586 898 1613 οὕτω
918 1587 1006 1622 μέγας

203 1621 291 1656 ἐστὶν,
305 1623 323 1660 ἢ
337 1623 410 1652 οὕτω
427 1625 500 1661 μέγα
510 1627 660 1662 δυνάμενος
673 1629 717 1655 διά
737 1638 766 1656 τε
782 1630 812 1656 τὸ
834 1621 936 1666 πλῆθος
950 1621 1005 1660 τῶν

203 1669 337 1705 ὑπηκόων
353 1672 400 1698 καὶ
422 1673 472 1708 τὴν
490 1673 538 1700 τοῦ
555 1675 696 1702 ὁπλιτικοῦ
721 1668 898 1713 παρασκευὴν
909 1698 916 1710 ,
933 1679 1004 1706 ὥστε

201 1715 353 1752 δυνηθῆναι
371 1718 537 1752 ἀπεναντίας
550 1729 576 1747 τι
594 1721 641 1748 τοῦ
659 1723 812 1758 Ζοροϐάϐελ
837 1725 960 1759 laxum;
974 1725 1004 1752 ὃν

200 1761 328 1798 διάδοχον
341 1763 392 1799 τῆς
408 1764 554 1802 βασιλικῆς
580 1768 725 1801 ἀποδείξας
749 1770 947 1806 κληρονομίας.
969 1769 1004 1808 ἦς

200 1807 255 1840 τὰς
276 1809 446 1844 ἐπαγγελίας
473 1812 542 1848 πρὸς
566 1813 611 1841 τὸν
640 1816 801 1851 προπάτορα
827 1817 875 1844 τοῦ
908 1807 1003 1852 γένους

201 1855 391 1892 ἐποιησάμην,
407 1857 479 1892 λέγω
493 1858 521 1884 δὲ
534 1859 580 1886 τὸν
593 1859 685 1892 Δαυῒδ,
701 1861 761 1888 ὅλον
773 1862 805 1888 δι’
820 1863 882 1890 ὅλου
896 1864 945 1899 τῆς
955 1864 1004 1900 χὰ-

202 1909 280 1937 ριτος
293 1902 432 1939 πληρώσω
443 1903 493 1939 τῆς
510 1905 597 1941 ἐμῆς.
614 1906 700 1934 Τοῦτο
724 1907 777 1945 γὰρ
796 1909 907 1945 ἰσότητα
930 1910 1003 1945 λέγει

1019 1608 1042 1639 C

1063 983 1195 1011 nimirum
1215 991 1277 1013 esse
1288 985 1389 1013 divina!
1406 985 1501 1021 gratia:
1524 985 1787 1018 manifestationem,
1800 992 1863 1020 qua:

1062 1028 1240 1059 Zorobabelis
1258 1039 1370 1066 quoque
1391 1039 1506 1067 regnum
1519 1032 1705 1059 constituerat
1723 1038 1731 1058 :
1749 1031 1795 1066 qui
1814 1038 1863 1066 per

1062 1083 1093 1103 se
1109 1075 1221 1110 quidem
1235 1078 1412 1113 propriisque
1435 1078 1542 1105 viribus
1560 1077 1665 1104 nullum
1685 1078 1761 1113 regni
1779 1076 1859 1112 311

1061 1123 1201 1158 negotium
1221 1124 1352 1159 expedire
1366 1125 1481 1157 valeret,
1499 1132 1589 1158 neque
1605 1124 1705 1159 populo
1718 1130 1837 1159 praeesse
1851 1132 1858 1156 ;

1061 1168 1108 1195 sed
1126 1172 1221 1197 tamen
1244 1170 1339 1198 divina
1356 1170 1445 1207 gratia
1466 1174 1621 1205 promotus,
1647 1171 1682 1197 ab
1697 1170 1749 1197 hac
1764 1169 1861 1205 agendi

1060 1215 1190 1242 virtutem
1205 1215 1300 1244 habet.
1317 1217 1408 1252 Atque
1430 1221 1460 1244 ut
1471 1216 1538 1244 doni
1558 1217 1620 1252 ejus
1643 1216 1860 1252 magnitudinem

1060 1261 1199 1295 ostendat,
1212 1273 1221 1289 ι
1231 1263 1300 1297 Quis
1309 1263 1453 1298 tu.inquit.
1471 1270 1552 1291 mons
1564 1270 1672 1298 magne,
1685 1265 1748 1289 ante
1761 1260 1859 1288 faciem

1062 1306 1254 1340 Zorobabelis,
1275 1313 1306 1336 ut
1330 1316 1465 1344 prospere
1481 1309 1635 1345 quidquam
1659 1308 1746 1344 agas?
1768 1307 1800 1334 Et
1818 1306 1860 1334 ef-

1060 1351 1145 1380 feram
1182 1353 1299 1389 lapidem
1327 1354 1510 1386 luereditatis,
1549 1354 1733 1389 aequalitatem
1765 1353 1860 1389 gratiae

1058 1399 1131 1434 ejus.
1153 1409 1162 1426 ι
1187 1400 1416 1436 Quandoquidem
1440 1401 1556 1437 lapidem
1574 1401 1719 1436 appellavit
1738 1399 1860 1427 Zoroba-

1058 1447 1159 1478 belcm,
1177 1452 1298 1474 montem
1324 1447 1392 1474 dicit
1413 1455 1542 1483 magnum
1568 1451 1694 1482 potentes
1711 1445 1790 1473 valde
1809 1445 1859 1473 ho-

1059 1494 1149 1520 mines
1176 1492 1235 1520 sive
1260 1493 1337 1528 regni
1362 1493 1509 1528 dignitate,
1534 1493 1592 1520 sive
1616 1493 1715 1520 bellica
1746 1493 1856 1523 virtnle.

1059 1539 1118 1566 sive
1146 1538 1322 1566 subditorum
1344 1539 1531 1567 multitudine.
1555 1539 1624 1572 Quis
1643 1539 1729 1571 enim,
1757 1539 1856 1574 inquit.

1059 1588 1155 1612 tantus
1169 1588 1210 1613 est
1227 1589 1339 1620 tamque
1353 1585 1461 1612 validus
1484 1584 1656 1612 subditorum
1681 1592 1798 1612 numero
1829 1591 1856 1612 ct

1057 1638 1199 1658 armorum
1215 1635 1361 1666 apparatu,
1373 1635 1402 1659 ut
1416 1631 1549 1659 adversus
1557 1630 1755 1658 Zorobahelem
1769 1631 1854 1658 hilum

1040 1676 1145 1711 ‘possit
1159 1676 1308 1712 proﬁcere?
1323 1685 1404 1712 quem
1414 1677 1514 1713 regalis
1530 1677 1699 1705 liazrcditatis
1713 1685 1856 1705 successo-

200 1945 325 1982 χάριτος,
343 1948 391 1984 ἀφ’
409 1945 501 1993 ἧσπερ
518 1951 593 1986 αὐτῷ
615 1952 772 1986 ἀναγκαίως
799 1955 946 1991 προσέσται
972 1957 1003 1984 τὸ
1022 1970 1029 1977 ·

200 1993 312 2028 μεγάλα
337 1994 409 2031 ὑπὲρ
427 1997 483 2024 τῶν
504 1997 613 2025 οἰκείων
637 2000 837 2036 στρατηγοῦντι
855 2001 1002 2038 δυνηθῆναι

199 2038 275 2067 κατὰ
288 2040 344 2068 τῶν
358 2041 499 2070 ἐναντίων.

238 2085 314 2122 Στίχ.
325 2087 398 2119 η’-ι’.
417 2103 449 2108 -
464 2086 532 2116 Εἶτα.
551 2090 601 2122 τὰς
618 2090 787 2125 ἐπαγγελίας
802 2092 853 2125 τὰς
869 2094 934 2129 περὶ
953 2095 1002 2122 αὑ-

197 2129 250 2156 τὸν
263 2129 384 2166 βεϐαιῶν
397 2140 404 2147 ·
426 2141 435 2158 ι
455 2133 512 2160 Καὶ
528 2133 639 2168 ἐγένετο
661 2135 740 2170 λόγος
757 2137 861 2173 Κυρίου
882 2139 951 2174 πρός
966 2149 1001 2176 με

197 2175 300 2211 λέγων,
320 2178 354 2204 At
370 2179 461 2214 χεῖρες
482 2179 637 2215 Ζοροϐάϐελ
654 2181 842 2217 ἐθεμελίωσαν
861 2185 908 2211 τὸν
925 2183 1001 2212 οἷκον

196 2221 307 2256 τοῦτον,
321 2224 370 2251 καὶ
379 2225 407 2251 αἱ
421 2225 512 2261 χεῖρες
527 2226 610 2254 αὐτοῦ
628 2228 833 2256 ὲπιτελέσουσιν
846 2231 938 2258 αὐτόν·
953 2233 1000 2259 καὶ

1055 1730 1113 1750 rem
1131 1723 1295 1758 designavi;
1309 1723 1391 1758 cujus
1407 1723 1445 1752 rei
1464 1724 1665 1759 promissiones
1684 1725 1854 1760 progenitori

1055 1768 1161 1803 stirpis.
1190 1768 1285 1796 Davidi
1308 1769 1434 1804 inquam,
1467 1768 1556 1797 factas
1585 1770 1754 1797 adamnssim
1770 1775 1854 1805 atque

1057 1815 1170 1842 omnino
1187 1815 1275 1850 gratia
1287 1822 1346 1843 mea
1360 1814 1514 1850 complebo.
1543 1815 1570 1843 ld
1584 1815 1658 1842 enim
1675 1815 1771 1843 dicunt
1792 1824 1850 1844 ver-

1054 1860 1088 1887 ba
1111 1869 1117 1887 :
1143 1860 1344 1896 Equalitatcm
1366 1861 1461 1896 gratia:
1474 1872 1486 1896 ,:
1502 1869 1556 1896 qua
1586 1861 1675 1889 fretus
1693 1863 1854 1890 necessario

1054 1906 1166 1933 insitam
1183 1906 1237 1934 vim
1254 1906 1365 1935 habebit
1388 1906 1504 1942 grandia
1524 1906 1587 1935 belli
1606 1906 1741 1936 adversus
1758 1907 1854 1936 hostes

1054 1956 1174 1987 patrare.

1090 2091 1174 2119 Vsus.
1187 2091 1308 2119 8-10.—-
1319 2091 1417 2120 Postea
1435 2091 1634 2128 promissiones
1650 2091 1685 2120 de
1698 2091 1745 2120 illo
1768 2091 1855 2120 factas

1053 2139 1237 2172 confirmans,
1259 2139 1311 2166 ait:
1327 2147 1335 2165 ι
1357 2138 1389 2166 Et
1411 2139 1502 2166 factus
1519 2143 1562 2167 est
1578 2146 1671 2167 sermo
1691 2138 1801 2166 Domini
1817 2140 1852 2167 ad

1057 2193 1101 2213 me
1123 2185 1220 2213 dicens
1243 2195 1250 2213 :
1269 2185 1366 2213 Manus
1389 2185 1570 2214 Zorobabelis
1595 2185 1782 2213 fundaverant
1802 2185 1852 2213 do-

1053 2240 1128 2259 mum
1144 2232 1238 2264 istam,
1254 2237 1283 2260 et
1294 2239 1395 2260 manus
1409 2232 1471 2266 ejus
1487 2232 1630 2268 perﬁcient
1644 2239 1716 2259 eam.
1729 2232 1763 2259 Et
1779 2233 1852 2260 scie-

195 2269 386 2304 ὲπιγνώσεσθε
400 2270 442 2298 ὅτι
464 2271 568 2307 Κύριος
582 2274 784 2311 παντοκράτωρ
809 2275 997 2308 ὲξαπὲσταλκέ

1057 2278 1091 2306 tis
1104 2279 1234 2313 quoniam
1251 2277 1385 2306 Dominus
1403 2279 1580 2313 omnipotens
1593 2277 1668 2305 misit
1680 2285 1724 2305 me
1739 2277 1772 2304 ad
1792 2284 1850 2305 vos.

197 2323 236 2350 με
260 2315 330 2351 πρὸς
355 2316 446 2352 ὑμᾶς·
464 2317 534 2344 διότι
557 2319 600 2350 τίς
623 2319 805 2353 ἑξουδένωσεν
829 2323 870 2355 εὶς
892 2324 1000 2359 ἡμέρας

198 2361 332 2397 μακράςς
357 2371 368 2388 ι
386 2363 473 2395 Αὐτὸς
487 2363 516 2390 δὲ
528 2361 608 2397 οὗτος
624 2366 671 2393 καὶ
692 2366 741 2393 τοῦ
759 2368 828 2403 ἐμοῦ
844 2369 920 2396 οἴκου
935 2372 1000 2403 τοὺς

153 2441 155 2444 ν
195 2406 345 2453 θεμελίους
366 2409 590 2445 καταϐαλόμενος
603 2432 611 2444 ,
639 2412 721 2445 αὐτὸς
746 2415 830 2442 αὐτὸν
857 2417 904 2442 καὶ
931 2418 1000 2453 πρὸς

195 2452 289 2498 πέρας
297 2453 358 2488 ἄξει
367 2462 375 2470 ο
392 2454 464 2482 ὥστε
475 2457 524 2484 καὶ
537 2458 569 2484 ἐκ
584 2457 682 2485 τούτου
698 2460 766 2486 πᾶσι
777 2461 858 2497 δῆλον
870 2452 1000 2497 γενέσθαι

193 2499 241 2528 ὅτι
268 2499 368 2538 γνώμῃ
398 2501 467 2529 Θεοῦ
495 2503 674 2539 παραγέγονα
702 2505 790 2534 ταῦτα
813 2510 999 2545 προμηνύσων

147 2580 151 2587 ,
194 2548 274 2585 ὑμῖν.
297 2547 344 2585 Μὴ
361 2548 452 2577 τοίνυν
475 2550 539 2586 μηδ’
557 2551 595 2583 ὡς
620 2551 650 2579 ὲν
667 2553 756 2588 χρόνῳ
782 2554 873 2591 πολλῷ
894 2557 998 2586 τούτων

193 2593 323 2629 γίνεσθαι
350 2595 506 2631 μελλόντων
536 2597 711 2633 ἀπιστήσητε
733 2600 790 2632 τοῖς
815 2598 974 2637 λεγομένοις
989 2614 995 2619 ·

193 2639 348 2685 bonum
369 2640 425 2677 γὰρ
447 2642 490 2678 εἴη
514 2642 548 2670 av
568 2644 583 2670 ό
605 2643 655 2675 τὰς
674 2643 827 2679 ἀποφάσεις
850 2647 901 2679 τὰς
926 2649 996 2685 ἐμὰς

192 2683 317 2730 ἁτξλεῐςΤ
330 2686 451 2722 νομίζων
467 2687 508 2723 τῷ
533 2689 618 2724 μήκει
636 2689 780 2724 γίγνεσθαι
807 2691 856 2719 τοῦ
878 2683 976 2730 χρόνου
988 2704 997 2712 ο

192 2729 278 2757 τοῦτο
286 2729 342 2766 γὰρ
356 2730 502 2766 umet”
521 2733 702 2766 ἐξουδένωσεν
716 2736 823 2772 ἡμέρας
838 2729 948 2774 μακράς
958 2749 964 2754 ·
985 2750 994 2767 ι

193 2774 267 2811 ἐμοῦ
277 2775 431 2813 δυναμένου
446 2777 476 2805 οὺ
484 2779 506 2790 “
517 2779 618 2815 ῥᾳδίως
628 2781 717 2808 πάντα
731 2781 823 2814 καθὼς
832 2782 865 2809 ἂν
876 2783 998 2819 ἐθελήσω

191 2821 297 2855 ποιεῖν,
314 2822 354 2859 (p.
372 2823 438 2859 469)
450 2824 521 2860 μετὰ
534 2825 637 2862 πολλῆς
648 2836 677 2854 τε
689 2828 766 2863 ἄγειν
781 2829 831 2865 τῆς
847 2831 994 2866 συντομίας

232 2879 245 2892 ⁸
260 2879 342 2917 υξοει
355 2880 472 2917 aliquid.

1051 2324 1120 2357 Quis
1133 2324 1207 2352 enim
1230 2323 1357 2359 despexit
1371 2324 1399 2352 in
1413 2324 1472 2352 dies
1489 2324 1605 2359 longos?
1619 2333 1628 2350 i
1654 2323 1727 2352 Idem
1743 2323 1788 2351 hic
1802 2323 1850 2360 qui

1051 2371 1150 2397 domus
1161 2378 1228 2398 mea:
1241 2370 1420 2398 fundamenta
1433 2370 1510 2405 jccit,
1523 2371 1595 2397 idem
1611 2370 1711 2402 eidem,
1725 2370 1850 2405 inquam,

1052 2416 1213 2444 coronidcm
1240 2416 1372 2452 imponet.
1396 2416 1488 2450 Quare
1509 2425 1541 2444 ex
1566 2416 1618 2445 hoc
1633 2425 1742 2452 quoque
1761 2418 1849 2452 palam

1051 2463 1182 2490 omnibus
1200 2463 1256 2494 fiet.
1282 2471 1325 2491 me
1339 2463 1482 2491 voluntate
1506 2463 1552 2491 Dei
1569 2464 1627 2491 haec
1642 2463 1721 2492 vobis
1738 2465 1849 2491 nuntia-

1050 2504 1145 2536 turnm
1164 2510 1284 2537 venisse.
1303 2509 1404 2538 Cavete
1418 2510 1501 2546 igitur
1517 2510 1665 2545 quominus
1686 2510 1770 2538 dictis
1792 2511 1848 2538 dis-

1052 2554 1173 2582 crcdatis
1193 2556 1273 2590 quasi
1296 2556 1383 2583 multo
1395 2559 1518 2591 tempore
1531 2560 1595 2590 post
1607 2555 1746 2583 eventuris
1761 2563 1767 2578 ε
1784 2563 1847 2583 nam

1052 2600 1236 2628 stultissimus
1252 2600 1334 2633 foret,
1352 2602 1400 2637 qui
1421 2601 1531 2630 decreta
1545 2609 1605 2629 mea
1619 2601 1697 2629 irrita
1710 2601 1769 2629 fieri
1787 2610 1847 2637 pro-

1051 2645 1159 2674 lixitate
1167 2647 1302 2682 temporis
1311 2647 1493 2676 existimaret.
1502 2646 1530 2674 Id
1539 2646 1613 2675 enim
1621 2647 1845 2679 innuunt‘verlia.

1057 2701 1066 2717 ι
1076 2691 1202 2728 despexit
1209 2692 1302 2721 indies
1310 2687 1436 2729 longoszi
1444 2694 1574 2730 egoenim
1583 2694 1740 2732 facilequeo
1753 2695 1845 2723 omnia

1048 2742 1132 2772 prout
1147 2737 1262 2765 voluero
1279 2737 1380 2771 facere,
1393 2739 1535 2775 multoque
1552 2740 1717 2775 compendio
1738 2741 1772 2769 ad
1789 2742 1845 2769 exi-

1049 2787 1108 2810 tum
1121 2791 1165 2811 res
1174 2783 1311 2811 deducere
1322 2791 1383 2818 quae
1396 2784 1506 2820 longum
1517 2789 1629 2821 tempus
1640 2786 1843 2815 desiderarent.

1050 2828 1119 2858 Tum
1143 2830 1217 2858 dicta
1240 2830 1418 2866 conﬁrmans,
1437 2840 1447 2858 ι
1475 2830 1507 2859 Et
1531 2831 1715 2868 imtabuntur,
1741 2833 1843 2869 inquit,

238 2916 258 2928 “
273 2915 462 2953 Expungenda
475 2919 595 2955 negatio.
617 2929 700 2956 quam
715 2922 826 2957 quidem
847 2931 901 2952 non
919 2924 984 2961 legit
998 2925 1144 2962 interpres.
1158 2923 1236 2952 Emr.
