4118 6462
449 449 545 508 53!

1595 434 1953 495 THEODORI
1987 433 2472 496 MOPSUESTENI

3609 435 3717 491 552

448 567 614 629 atque
635 553 904 611 videbunt
947 552 1188 628 lapidem
1232 562 1527 612 stanneum
1567 553 1622 611 in
1669 571 1836 612 manu
1871 555 2034 611 Zoro-

2147 559 2217 622 είς
2257 558 2431 629 πέρας
2456 556 2527 611 τὰ
2569 551 2768 609 πολλοῦ
2800 523 3031 624 δεόμενα
3080 551 3176 608 τοῦ
3222 517 3436 624 χρόνου.
3480 551 3594 606 Καὶ
3633 552 3714 622 βου

449 650 679 707 ba'belis.
711 667 730 700 ι
758 647 920 719 312
955 646 1032 704 Ne
1063 663 1215 720 ergo,
1248 647 1447 719 inquit,
1487 647 1647 705 ﬁdem
1673 650 1838 706 dictis
1865 650 2030 706 dene-

449 741 619 812 getis;
667 740 864 794 borum
904 739 1109 810 quippe
1144 740 1349 795 exitum
1399 739 1677 807 videbitis,
1720 755 1784 796 ac
1821 741 2033 796 lactabi-

450 832 586 886 mini
629 839 906 902 potentem
950 831 1017 886 ad
1063 832 1248 886 omnia
1290 832 1541 888 videntes
1589 832 1978 887 Zorobabelem
2013 849 2029 888 :

449 941 577 980 nam
611 934 876 980 stanneus
920 924 1059 995 lapis
1107 923 1344 979 futuram
1375 924 1496 994 ejus
1528 923 1886 994 Deojuvaute
1923 924 2034 978 for-

452 1017 745 1073 titudiuem
801 1016 1094 1087 signiﬁcat.
1156 1015 1522 1083 Quamobrem
1580 1029 1804 1069 causam
1865 1015 2031 1076 etiam

454 1108 608 1163 addit
645 1126 658 1162 :
695 1127 712 1158 ι
764 1104 985 1176 Septem
1025 1105 1080 1159 bi
1112 1105 1256 1159 oculi
1291 1103 1504 1158 Domini
1538 1109 1688 1168 sunt,
1719 1102 2032 1156 universam

454 1209 655 1254 terram
677 1201 1046 1266 speculantes.
1082 1217 1101 1249 ι
1125 1197 1340 1254 Etenim
1369 1197 1463 1268 qui
1493 1203 1692 1251 cuncta
1723 1194 1946 1264 inspicit
1971 1208 2036 1247 ac

455 1293 594 1362 regit
623 1291 908 1361 salvatque
939 1291 1162 1361 copiose
1193 1305 1258 1344 ac
1303 1289 1473 1356 varie,
1508 1287 1652 1344 idem
1692 1297 1774 1343 est
1803 1287 1896 1357 qui
1920 1286 2036 1340 haec

379 1409 382 1413 ι
456 1378 525 1434 de
569 1378 906 1434 Zorobabele
941 1377 1194 1448 promisit
1229 1383 1286 1432 et
1321 1375 1390 1430 ad
1431 1376 1637 1431 exitum
1671 1374 2038 1444 perducturus

457 1480 720 1538 esumam
754 1469 859 1524 hoc
897 1471 1025 1524 item
1062 1469 1187 1526 loco
1226 1467 1553 1525 vocabulum
1631 1485 1650 1519 ι
1673 1471 1881 1536 septem
1914 1483 1934 1517 ι
1968 1462 2040 1519 de

464 1558 705 1624 perlecta
743 1567 809 1611 re
841 1553 1066 1613 dicitur.

531 1835 701 1894 Vens.
736 1837 922 1894 H-M.
946 1867 1007 1879 --
1043 1855 1062 1890 ι
1095 1836 1162 1892 Et
1192 1833 1482 1908 respondi,
1512 1833 1737 1905 dixique
1763 1833 1815 1890 ei
1853 1852 1869 1890 :
1898 1831 2040 1900 Quid

461 1938 592 1985 sunt
620 1930 741 1985 dua:
768 1929 904 1984 oleae
927 1929 1046 1985 istae
1068 1969 1083 1992 ,
1123 1943 1247 1999 quae
1272 1897 1535 1983 adextris
1570 1897 1887 1981 candelabri
1919 1897 1975 1978 et
2009 1936 2040 1975 a
2071 1897 2116 1956 Β

439 2013 748 2078 ἐἰιιίεῑιοίεἳ
782 2019 849 2074 Et
880 2020 1212 2091 interrogavi
1229 2018 1492 2083 secundo,
1523 2016 1746 2087 dixique
1771 2016 1822 2071 ei
1851 2035 1865 2069 :
1899 2014 2042 2082 Quid

462 2117 575 2170 duo
609 2114 746 2170 rami
772 2114 1018 2169 olearum
1055 2113 1110 2167 in
1159 2111 1415 2167 manibus
1443 2110 1678 2165 duarum
1707 2108 1921 2163 narium
1944 2123 2046 2162 au-

465 2221 723 2272 rearum,
789 2221 912 2275 qua:
964 2202 1262 2258 infundunt
1311 2210 1367 2258 et
1421 2201 1710 2258 retrahunt
1751 2197 2044 2255 suﬂ'usoria

465 2297 672 2353 aurea?
711 2296 967 2366 Dixitque
1006 2294 1182 2349 milii:
1220 2293 1338 2351 Non
1377 2295 1522 2350 nosti
1563 2293 1692 2364 quid
1725 2298 1855 2348 sunt
1895 2291 2047 2345 haec?

463 2388 533 2444 Et
572 2388 724 2444 dixi:
763 2385 1146 2458 Nequaquam,
1182 2387 1433 2442 Domine.
1473 2385 1541 2441 Et
1568 2385 1706 2441 dixit
1745 2402 1758 2438 :
1803 2382 1894 2439 Isti
1935 2383 2047 2438 duo

464 2480 560 2536 lilii
587 2480 934 2552 pinguediuis
959 2521 974 2544 ,
1007 2479 1104 2550 qui
1136 2479 1408 2534 universa:
1445 2486 1607 2533 terra:
1640 2476 1870 2532 Domino
1905 2475 2048 2532 assi-

465 2581 637 2630 stunt.
679 2593 696 2626 I
732 2571 1040 2642 lnterrogat
1071 2571 1203 2643 quid
1243 2572 1346 2628 sibi
1380 2572 1550 2628 velint
1571 2570 1692 2625 duae
1720 2569 1873 2632 oleas,
1905 2583 2046 2638 qua-

464 2680 586 2720 rum
620 2679 725 2720 una
752 2663 808 2718 in
841 2663 1032 2719 dextra
1067 2670 1222 2733 parte
1243 2701 1258 2727 ,
1291 2662 1462 2716 altera
1496 2661 1552 2716 in
1581 2659 1804 2716 sinistra
1846 2657 2048 2712 cande-

465 2759 605 2814 labri
653 2764 793 2824 erat,
833 2755 948 2814 sive
1001 2754 1270 2826 lampadis
1314 2770 1482 2824 super
1527 2768 1594 2810 eo
1633 2751 1868 2824 positas?
1908 2748 2050 2817 Quid

468 2849 598 2907 item
629 2849 746 2904 nati
775 2863 840 2905 ex
882 2848 1018 2904 oleis
1057 2847 1172 2903 duo
1216 2846 1399 2901 rami?
1442 2844 1518 2901 De
1562 2845 1786 2915 quibus,
1832 2843 2046 2898 audiit:

469 2936 537 2991 lli
573 2944 704 2994 sunt
748 2937 863 2993 duo
901 2937 996 2992 lilii
1040 2934 1422 3008 pinguedinis,
1457 2934 1551 3006 qui
1595 2934 1865 2989 universa:
1891 2942 2052 2988 terra:

470 3027 702 3083 Domino
727 3029 1016 3084 assistunt.
1045 3025 1181 3081 Nam
1208 3026 1336 3096 quia
1373 3027 1494 3080 duae
1516 3024 1650 3080 oleae
1679 3023 1827 3096 regni
1870 3037 1933 3077 ac
1962 3037 2054 3078 sa-

472 3121 706 3177 cerdotii
755 3119 1020 3174 indicium
1063 3126 1254 3183 erant,
1291 3133 1414 3188 qua:
1445 3117 1554 3172 duo
1593 3117 1651 3172 in
1682 3125 1829 3172 terra
1869 3115 2052 3171 domi-

2135 649 2305 703 ϐαιῶν
2351 648 2413 703 τὸ
2457 646 2765 720 εἰρημένον,
2807 663 2826 695 ι
2877 644 2986 699 Kal.
3023 645 3390 715 χαρήσονται,
3431 643 3527 698 καὶ
3555 641 3706 714 ὀψον-

2136 757 2225 794 ται
2257 739 2346 793 τὸν
2380 737 2528 791 λίθον
2547 736 2639 790 τὸν
2667 735 3042 804 κασσιτέρινον
3071 734 3129 785 ἐν
3153 734 3299 804 χειρὶ
3327 732 3653 805 Ζοροϐάϐελ.
3688 752 3709 786 ι

2137 829 2228 900 Μὴ
2262 827 2443 882 τοίνυν
2471 829 2776 890 ἀπιστεῖτε,
2808 825 2965 894 φησὶ,
3002 826 3116 886 τοῖς
3141 824 3455 893 λεγομένοις
3477 841 3491 855 ·
3526 823 3714 894 ἐπειδὴ

2137 921 2235 974 καὶ
2260 919 2455 988 ὄψεσθε
2487 917 2668 972 αὐτῶν
2691 916 2752 970 τὸ
2781 915 2974 986 πέρας,
3007 916 3100 967 καὶ
3124 913 3432 984 χαρήσεσθε
3459 914 3556 984 τὴν
3589 915 3717 986 περὶ

2139 1011 2319 1064 πάντα
2362 1009 2590 1080 δύναμιν
2638 1008 2874 1078 ὁρῶντες
2916 1005 3010 1059 τοῦ
3042 1005 3376 1076 Ζοροϐάϐελ·
3421 1003 3581 1059 τοῦτο
3608 1006 3719 1075 γὰρ

2136 1103 2393 1170 λέγειτδν
2423 1103 2801 1173 κασσιτέρινον
2821 1101 2988 1166 λίθον,
3023 1099 3122 1170 τὴν
3152 1098 3544 1167 περιεσομένην
3571 1096 3719 1167 αὐτῷ

2137 1194 2314 1266 δηλῶν
2359 1194 2514 1264 ἰσχὺν
2547 1192 2701 1265 παρὰ
2742 1192 2838 1245 τοῦ
2869 1189 3026 1244 Θεοῦ.
3062 1188 3225 1242 Ὅθεν
3271 1190 3364 1241 καὶ
3391 1189 3491 1258 τὴν
3537 1188 3719 1240 αἰτίαν

2137 1288 2436 1359 ἐπήγαγεν·
2489 1305 2509 1337 ι
2555 1282 2730 1338 Ἑπτὰ
2767 1278 2912 1338 οὗτοι
2939 1280 3208 1352 ὀφθαλμοὶ
3240 1278 3446 1350 Κυρίου
3480 1278 3640 1342 εἰσὶν,
3668 1277 3721 1331 οἶ

2139 1379 2530 1443 ἐπιϐλέποντες
2559 1377 2652 1431 ἐπὶ
2675 1379 2854 1431 πᾶσαν
2877 1376 2976 1446 τὴν
3002 1374 3127 1443 γῆν.
3176 1392 3194 1424 ι
3237 1372 3296 1425 Ὀ
3318 1370 3426 1441 γὰρ
3447 1369 3516 1423 τὰ
3543 1369 3723 1423 πάντα
3819 1387 3826 1398 ί

2139 1472 2353 1543 ἐφορῶν
2383 1489 2445 1525 τε
2475 1471 2570 1525 καὶ
2590 1468 2824 1525 ,διοικῶν
2867 1467 2963 1520 καὶ
2994 1465 3181 1530 σώζων
3232 1463 3504 1526 πλουσίως
3536 1479 3595 1515 τε
3629 1461 3724 1542 καὶ

2147 1564 2445 1628 ποικίλως,
2479 1558 2632 1626 οὗτός
2665 1563 2814 1616 ἐστιν
2852 1562 2882 1614 ὁ
2915 1558 3011 1614 καὶ
3047 1557 3221 1610 ταῦτα
3267 1553 3635 1625 ὑποσχόμενός
3662 1569 3724 1606 τε

2140 1656 2275 1730 περὶ
2304 1656 2400 1711 τοῦ
2429 1653 2738 1728 Ζοροϐάϐελ
2775 1653 2870 1708 καὶ
2902 1651 3040 1724 πρὸς
3075 1648 3248 1718 πέρας
3275 1647 3418 1711 ἄξων
3440 1662 3454 1675 ·
3493 1645 3589 1698 καὶ
3615 1643 3727 1715 γὰρ

2084 1761 2094 1771 '
2144 1749 2424 1807 κάνταῦθα
2453 1748 2516 1802 τὸ
2555 1767 2574 1800 ι
2611 1746 2754 1802 ἐπτὰ
2796 1766 2816 1798 ι
2850 1745 2942 1798 ἐπὶ
2973 1742 3066 1796 τοῦ
3095 1741 3306 1794 τελείου
3332 1739 3507 1806 λέγει.

2219 1843 2370 1913 Στίχ.
2408 1839 2591 1896 ια’-ιδ’.
2631 1868 2704 1880 ——
2741 1857 2759 1890 ι
2799 1836 2903 1891 Καὶ
2931 1833 3238 1906 ἀπεκρίθην
3270 1831 3364 1884 καὶ
3405 1823 3560 1881 εἷπον
3589 1824 3725 1896 πρὸς

2149 1934 2344 1990 αὐτόν·
2376 1933 2445 1986 Τί
2476 1931 2533 1985 αι
2568 1930 2662 1985 δύο
2692 1928 2869 1982 ἐλαῖαι
2902 1921 3062 1981 αὗται
3101 1925 3156 1979 αἱ
3192 1923 3258 1974 ἐκ
3287 1919 3475 1985 δεξιῶν
3513 1918 3611 1988 τῆς
3635 1917 3730 1968 λυ-

2149 2027 2304 2098 χνίας
2353 2027 2451 2080 καὶ
2480 2023 2541 2090 ἐξ
2573 2019 2871 2091 εὐωνύμων
2897 2017 3069 2088 αὐτῆς
3095 2034 3110 2082 ;
3159 2015 3270 2069 Kal
3301 2010 3635 2084 ἐπηρώτησα
3665 2010 3731 2062 ἐκ

2150 2118 2442 2190 δευτέρου,
2478 2115 2573 2171 καὶ
2615 2109 2769 2166 εἷπον
2808 2111 2945 2182 πρὸς
2978 2109 3164 2173 αὑτὸν,
3199 2106 3265 2160 Τί
3316 2106 3366 2158 οἱ
3409 2103 3501 2158 δύο
3546 2101 3732 2156 κλάδοι

2152 2210 2262 2265 τῶν
2286 2207 2483 2263 ἐλαιῶν
2499 2208 2552 2260 oi
2583 2207 2641 2259 ἐν
2666 2207 2785 2268 ταῖς
2813 2202 2969 2275 χερσὶ
2987 2201 3098 2254 τῶν
3128 2199 3226 2254 δύο
3256 2198 3592 2270 μυξωτήρων
3621 2192 3734 2248 τῶν

2152 2302 2371 2376 χρυσῶν
2402 2298 2510 2354 τῶν
2556 2297 2884 2368 ἐπιχεόντων
2921 2294 3016 2348 καὶ
3061 2291 3447 2360 ἐπαναγόντων
3486 2286 3586 2349 τὰς
3631 2286 3734 2338 ἐπ-

2153 2371 2482 2468 αρυστρίδας
2525 2391 2624 2454 τὰς
2655 2389 2899 2460 χρυσᾶς,
2932 2385 3044 2439 Kal.
3082 2379 3203 2438 εἷπε
3235 2381 3370 2453 πρός
3402 2397 3490 2468 με,
3515 2377 3631 2431 Οὐκ
3655 2371 3738 2468 0‘5:-

2155 2461 2252 2550 δας
2283 2461 2344 2538 τί
2383 2484 2502 2536 ἐστι
2543 2478 2757 2545 ταῦτα;
2795 2476 2914 2530 Καὶ
2945 2470 3124 2538 εἷπον,
3172 2470 3331 2541 Οὐχὶ,
3381 2466 3594 2537 Κύριε·
3643 2461 3740 2517 καὶ

2153 2573 2337 2643 εἶπεν,
2381 2565 2544 2627 Οὗτοι
2572 2570 2622 2623 οἱ
2648 2567 2742 2624 δύο
2782 2567 2891 2620 υἱοὶ
2917 2565 3018 2636 τῆς
3055 2561 3314 2632 πιότητος
3332 2599 3348 2624 ,
3377 2558 3428 2611 οἳ
3456 2552 3740 2625 παρεστή-

2156 2687 2284 2726 κασι
2315 2667 2394 2739 τῷ
2429 2665 2618 2738 Κυρίῳ
2659 2664 2840 2732 πάσης
2872 2659 2971 2730 τῆς
2996 2658 3120 2728 γῆς.
3161 2675 3180 2706 ι
3225 2651 3438 2724 Ἐρωτᾷ
3468 2648 3521 2701 τί
3553 2645 3652 2719 μὲν

2155 2766 2250 2822 δύο
2288 2735 2570 2836 βούλονται
2594 2735 2819 2820 ἐλαῖαι,
2848 2746 2924 2811 ὧν
2964 2755 2998 2824 ἡ
3045 2751 3144 2822 μὲν
3179 2749 3245 2802 ἐκ
3274 2743 3486 2836 δεξιῶν,
3519 2742 3556 2813 ἡ
3581 2739 3638 2836 δι
3679 2735 3742 2836 εξ

2159 2831 2458 2928 εὐωνύμων
2493 2852 2755 2921 ἐτύγχανε
2777 2849 2874 2919 τῆς
2907 2845 3149 2916 λυχνίας,
3178 2841 3299 2913 ἦτοι
3325 2835 3420 2892 τοῦ
3451 2836 3537 2892 ἐπ’
3571 2831 3742 2928 αὐτήν

2159 2923 2506 3021 λαμπαδίου;
2556 2944 2611 2997 τί
2654 2942 2711 2996 δὲ
2763 2941 2814 2994 οἱ
2861 2936 3235 3021 ἐκπεφυκότες
3283 2931 3378 3021 δύο
3410 2927 3598 3021 κλάδοι
3632 2923 3745 3021 τῶν

2159 3015 2375 3106 autem
2393 3040 2469 3110 (p.
2489 3036 2612 3104 470)
2635 3051 2702 3088 πε
2711 3035 2763 3105 pl.
2785 3025 2860 3086 ὧν
2876 3031 3126 3102 ήκουσεν·
3153 3016 3312 3077 Οὗτοι
3335 3020 3383 3074 οἱ
3403 3017 3496 3073 δύο
3514 3017 3620 3071 υίοὶ
3643 3015 3744 3110 τῇς

2162 3106 2454 3204 πιότητος,
2503 3128 2553 3181 οἳ
2603 3124 2986 3197 παρεστήκασι
3033 3118 3112 3190 τῷ
3157 3114 3350 3187 Κυρίῳ
3407 3110 3588 3204 πάσης
3638 3106 3744 3204 τῇς

473 3212 590 3270 nari
643 3212 789 3268 Deus
838 3211 1145 3275 constituit,
1199 3209 1341 3267 duos
1374 3225 1560 3267 ramos
1585 3226 1649 3266 ex
1695 3210 1817 3265 olea
1861 3219 2044 3265 enatos

2162 3228 2268 3298 γῆς
2291 3199 2323 3255 ·-
2355 3219 2544 3292 ἐπειδὴ
2586 3217 2697 3290 γὰρ
2728 3217 2786 3272 al
2835 3214 3013 3268 ἐλαῖαι
3047 3210 3150 3282 τῆς
3197 3205 3472 3279 βασιλείας
3506 3200 3603 3256 καὶ
3621 3199 3746 3298 Δ’τῆς

472 3305 610 3360 dicit
645 3303 1039 3359 Zorobabelem
1085 3309 1251 3374 atque
1289 3299 1518 3369 Jesum;
1560 3316 1797 3372 quorum
1839 3299 1990 3370 prior
2025 3313 2044 3352 ε

2163 3259 2464 3390 ἱῐερῖοσύνης
2496 3259 2640 3384 ἦῑσείν
2665 3259 2970 3380 γνώρισμα,
2994 3305 3060 3390 ἃς
3090 3259 3325 3390 ἐπῖιγῇς
3363 3297 3587 3390 κρατεῖν
3619 3292 3746 3390 ἐτα-

474 3397 661 3452 divina
708 3396 882 3468 gratia
935 3395 988 3451 iu
1031 3409 1260 3466 regnum
1310 3393 1489 3450 fuerat
1537 3403 1865 3464 provectus;
1920 3391 2044 3446 alte:

2162 3378 2253 3471 ξεν
2282 3403 2310 3455 ὁ
2338 3378 2496 3464 Θεδς,
2521 3378 2624 3450 *δύο
2653 3378 2879 3454 κλάδους
2909 3391 2972 3443 ἐκ
2995 3388 3103 3444 τῶν
3134 3383 3329 3441 ἐλαιῶν
3365 3378 3749 3471 ἐκπεφυκότας

475 3504 607 3544 vero
653 3466 945 3543 sacerdotii
987 3487 1164 3558 gratia
1205 3486 1394 3542 divino
1445 3485 1750 3541 ministerio
1785 3483 2044 3540 addictus

2161 3466 2311 3560 λέγει
2331 3489 2424 3542 τόν
2455 3503 2516 3540 τε
2543 3480 2848 3554 Ζοροϐάϐελ
2871 3479 2966 3533 καὶ
2997 3479 3088 3532 τὸν
3126 3475 3334 3548 Ἰησοῦν
3355 3495 3367 3504 ·
3397 3466 3472 3526 ὧν
3501 3471 3529 3523 ὁ
3554 3468 3652 3560 μὲν
3683 3466 3751 3560 ἐκ

476 3583 772 3652 Propterea
809 3581 1160 3651 pinguedinis
1182 3594 1400 3651 quoque
1419 3593 1515 3635 eos
1538 3578 1778 3649 appellat
1816 3573 1980 3643 ﬁlios,
2005 3577 2044 3630 ίι

2287 3581 2438 3642 θείας
2481 3578 2700 3647 χάριτος
2737 3575 2813 3637 εἰς
2843 3572 2942 3641 τὴν
2968 3567 3244 3641 βασιλείαν
3267 3562 3574 3637 παρῆκτο,ὁ
3599 3559 3655 3613 δὲ
3681 3559 3750 3629 τῇ

476 3686 561 3732 cst
590 3693 656 3732 ex
682 3676 901 3732 duobus
940 3673 1201 3730 maximis
1229 3681 1283 3730 et
1316 3673 1460 3744 apud
1495 3672 1747 3728 homines
1785 3671 2044 3726 honoran-

2165 3651 2266 3746 τ’ής
2296 3669 2596 3742 ἱερωσύνης
2621 3666 2804 3737 χάριτι
2830 3663 2966 3734 πρὸς
2992 3661 3090 3732 τὴν
3114 3657 3457 3728 λειτουργίαν
3486 3651 3754 3746 προσεϐέ-

477 3769 725 3825 dissiuiis
760 3777 912 3824 ortos
938 3807 955 3832 ,
993 3781 1164 3837 regno
1213 3780 1280 3820 ac
1325 3742 1669 3830 sacerdotio;
1711 3762 1802 3832 qui
1861 3761 2044 3832 paritei

2168 3742 2333 3836 ϐλητο
2354 3761 2452 3833 τὴν
2484 3759 2657 3814 θείαν.
2690 3755 2790 3809 Διὰ
2813 3754 2973 3810 τοῦτο
2996 3753 3090 3806 καὶ
3119 3751 3371 3821 πιότητος
3393 3746 3590 3805 αὐτοὺς
3624 3742 3755 3796 sxa-

483 3860 592 3916 Deo
613 3860 888 3916 deservire
906 3857 1048 3928 jussi
1074 3865 1203 3914 sunt
1233 3855 1474 3912 omnium
1493 3853 1746 3909 Domino.
1769 3853 1947 3922 Atque
1963 3851 2044 3905 hoc

2167 3858 2324 3910 λεσεν
2355 3854 2524 3915 υἱοὺς,
2561 3851 2648 3902 ἵνα
2669 3848 2822 3920 εἴπῃ,
2855 3853 2918 3905 Oi
2938 3850 3001 3902 ἐκ
3019 3845 3130 3899 τῶν
3149 3842 3419 3917 μεγίστων
3437 3839 3531 3893 καὶ
3555 3851 3754 3905 τιμιω-

482 3961 600 4007 toto
650 3927 926 4014 sermone,
971 3965 1060 4006 res
1107 3947 1450 4004 Hierusalem
1494 3945 1786 4018 gentisque
1825 3944 2044 4006 Judaica

2169 3949 2347 4002 τάτων
2382 3943 2537 4015 παρὰ
2575 3943 2686 4004 τοῖς
2719 3935 3028 4010 ἀνθρώποις
3058 3931 3430 4001 ἐκπεφυκότες
3471 3927 3747 4001 βασιλείας

481 4045 781 4100 maximum
803 4035 1074 4098 bonorum
1113 4040 1513 4095 incrementum
1547 4046 1806 4108 capturas
1839 4035 2044 4091 dement

2172 4057 2232 4094 τε
2267 4039 2354 4092 καὶ
2412 4014 2744 4107 ἱερωσύνης·
2785 4030 2834 4083 οἳ
2885 4027 3084 4090 πάντες
3132 4025 3426 4095 ὑπουργεῖν
3477 4023 3584 4074 είσι
3628 4014 3750 4086 Θεῷ

485 4135 678 4192 stravit
694 4133 855 4206 313
873 4133 1154 4203 propheta,
1181 4131 1432 4187 hostibus
1453 4130 1668 4184 illorum
1689 4129 1914 4201 punitis,
1939 4142 2038 4197 pro

2173 4128 2501 4200 τεταγμένοι
2534 4124 2611 4196 τῷ
2645 4124 2860 4178 πάντων
2904 4118 3114 4189 Κυρίῳ.
3159 4115 3254 4169 Διὰ
3278 4114 3523 4206 πάντων
3558 4111 3656 4182 μέν
3687 4108 3753 4206 δὴ

487 4199 738 4281 videnti;
755 4199 996 4295 plurima
1021 4229 1076 4278 et
1103 4219 1420 4278 omnimoda
1453 4235 1581 4289 erga
1609 4199 1884 4276 Israelitas
1911 4231 1940 4270 a
1962 4215 2044 4271 Dei

2173 4199 2377 4277 τούτων
2422 4217 2491 4272 τὰ
2538 4214 2680 4270 κατά
2729 4229 2790 4266 τε
2839 4209 2938 4281 τὴν
2997 4205 3351 4280 Ἰερουσαλὴμ
3393 4203 3489 4258 καὶ
3541 4203 3603 4254 τὸ
3646 4199 3760 4252 τῶν

485 4294 848 4389 exprompta;
892 4314 1153 4387 quoniam
1197 4313 1264 4370 de
1303 4312 1621 4384 captivitate
1651 4310 1880 4366 redituri
1914 4323 2044 4363 eran

2188 4313 2459 4369 Ἰουδαίων
2481 4310 2655 4374 ἔθνος,
2685 4307 2767 4360 ὅτι
2803 4303 3067 4376 μεγίστην
3096 4299 3337 4353 ἐπίδοσιν
3361 4299 3440 4361 εἰς
3473 4296 3537 4349 τὸ
3574 4294 3760 4366 κρεῖτ-

485 4412 581 4467 alii
619 4426 787 4483 prepe
839 4409 1149 4474 innumeri,
1189 4407 1283 4480 qui
1342 4407 1522 4462 adhuc
1563 4407 1618 4461 in
1651 4420 1715 4461 ea
1759 4403 2040 4460 condition

2176 4425 2267 4462 τον
2298 4405 2528 4477 λήψεται
2565 4399 2867 4470 δεδήλωκεν
2901 4397 2929 4448 ὁ
2958 4393 3246 4465 προφήτης
3272 4407 3285 4421 ·
3321 4387 3765 4460 τιμωρουμένων

488 4511 619 4560 tunc
641 4509 797 4558 erant
833 4519 845 4556 :
881 4501 1012 4556 dato
1046 4501 1265 4557 demum
1288 4497 1492 4555 Iudaeis
1523 4513 1690 4570 regno
1721 4512 1785 4551 ac
1818 4493 2044 4553 sacerdo

2183 4501 2282 4570 μὲν
2315 4475 2424 4550 τῶν
2452 4491 2844 4566 ἐχθραινὸντων
2875 4486 3079 4549 αὐτοῖς,
3115 4481 3444 4553 κηδεμονίας
3477 4479 3533 4531 δὲ
3559 4475 3764 4544 πολλῆς

487 4601 585 4659 tali
608 4599 892 4672 dignitate,
913 4597 969 4650 in
993 4596 1212 4650 illorum
1236 4593 1512 4664 personis,
1529 4567 1670 4663 quas
1691 4589 1875 4645 divina
1898 4585 2038 4658 grati

2147 4628 2154 4664 ,
2186 4586 2525 4659 ἀξιουμένων
2559 4586 2617 4637 ἐν
2665 4581 2868 4636 ἅπασιν
2899 4575 3079 4631 αὐτῶν
3109 4572 3262 4645 παρὰ
3307 4571 3399 4626 τοῦ
3449 4568 3584 4624 Θεοῦ
3608 4611 3622 4635 ,
3663 4567 3762 4620 ἆτε

490 4693 560 4747 ad
607 4692 722 4746 luce
768 4689 942 4744 oﬂ‘tcia
976 4693 1341 4759 promoverat.
1395 4685 1503 4739 Sed
1540 4683 1718 4745 enim,
1766 4696 1834 4736 ne
1875 4679 2040 4735 eximi

2147 4659 2150 4664 γ
2182 4682 2277 4735 καὶ⁹
2296 4676 2580 4732 ἐπανιέναι
2615 4673 2723 4728 ἀπὸ
2753 4674 2852 4743 τῆς
2895 4667 3272 4741 αἰχμαλωσίας
3305 4662 3605 4735 μελλόντων
3648 4659 3766 4712 ἐτέ-

491 4787 762 4842 bonorum
789 4751 1070 4854 prmdictio
1101 4776 1411 4850 ignaviores
1437 4772 1714 4831 lsraclitas
1741 4770 1969 4835 faceret,
2005 4769 2044 4824 it

2181 4787 2289 4843 ρων
2315 4769 2416 4822 οὐκ
2435 4763 2624 4836 εὐαριο
2633 4765 2817 4835 μήτων
2836 4762 3020 4824 τινῶν,
3049 4758 3142 4823 οὒς
3161 4756 3249 4810 ἐπ’
3277 4755 3486 4810 ἐκείνου
3508 4751 3602 4806 τοῦ
3635 4751 3765 4820 σχή-

492 4841 555 4933 ut
584 4841 806 4931 divinis.
831 4841 1171 4928 conﬁdentes
1218 4866 1527 4939 promissis,
1556 4862 1795 4919 cilicium
1840 4861 2044 4930 neglige

2182 4841 2350 4937 ματος
2381 4859 2521 4914 εἶναι
2546 4859 2665 4912 τότε
2700 4854 3016 4910 συνέϐαινεν
3043 4851 3122 4904 ἔτι
3147 4867 3160 4881 ·
3199 4845 3558 4914 ἀποδοθείσης
3587 4842 3643 4895 δὲ
3666 4841 3766 4939 ab:

493 4978 641 5036 rent,
697 4965 1092 5024 rcvelationem
1149 4959 1406 5033 posthinc
1442 4957 1614 5021 videt,
1639 4969 1708 5010 ex
1753 4968 1863 5024 qua
1911 4929 2044 5022 pave

2179 4929 2291 5016 τοῖς
2317 4952 2414 5005 καὶ
2443 4951 2540 5021 τῆς
2574 4946 2858 5021 βασιλικῆς
2897 4942 3115 5012 καὶτῆς
3140 4936 3422 5010 ἱερατικῆς
3454 4934 3644 5000 ἀξίας,
3677 4929 3769 4984 διὰ

495 5025 640 5122 illis.
665 5059 1056 5122 incutiebatur,
1102 5025 1213 5127 quo
1250 5051 1442 5107 vitium
1503 5047 1776 5121 fugerent,
1817 5046 2044 5100 virtutem

2181 5045 2292 5100 τῶν
2322 5046 2388 5098 ἐκ
2421 5044 2520 5114 τῆς
2543 5042 2694 5104 θείας
2722 5040 2943 5112 χάριτος
2981 5036 3076 5090 ἐπ)⁸
3100 5031 3260 5087 τοῦτο
3284 5025 3768 5127 προϐεϐλημένων.

496 5158 976 5230 amplecterentur.
1017 5149 1110 5206 Sic
1137 5164 1270 5220 ergo
1297 5144 1467 5200 dicit:

2199 5134 2358 5189 Ἀλλὰ
2383 5133 2491 5206 γὰρ
2515 5133 2656 5188 ὥστε
2687 5132 2760 5203 μὴ
2787 5131 2886 5201 τὴν
2921 5123 3367 5199 ὑπερϐάλλουσαν
3402 5123 3632 5192 μήνυσιν
3659 5114 3772 5169 τῶν

740 5209 1166 5322 ’ῥᾴθυμοτέρους
1201 5209 1407 5320 αὐτρὺς
1443 5231 1894 5307 ἀπεργάσασθαι,
1929 5227 2265 5302 θαρροῦντας
2302 5228 2398 5300 μὲν
2432 5229 2552 5292 ταῖς
2582 5223 2937 5293 ἐπαγγελίαις
2973 5222 3094 5284 ταῖς
3118 5217 3314 5282 θείαις·
3351 5211 3688 5285 ἀμελοῦντας
3712 5209 3773 5262 δὲ

633 5305 1003 5413 προσήκοντος
1073 5315 1418 5400 ἀποκάλυψιν
1453 5305 1567 5400 ὁρᾷή
1585 5323 1772 5378 λοιπὸν
1799 5323 1866 5377 δι’
1889 5319 1957 5396 ἦς
1986 5324 2170 5387 αὐτοῖς
2203 5323 2298 5378 καὶ
2325 5321 2488 5391 φόϐος
2525 5316 2794 5372 ἐνετίθετο
2825 5313 2964 5386 πρὸς
3005 5312 3069 5365 τὸ
3097 5309 3320 5381 φεύγειν
3356 5309 3454 5380 μὲν
3479 5306 3548 5360 τὰ
3580 5305 3772 5377 χείρω,

500 5436 746 5508 μετιέναι
779 5434 835 5486 δέ
865 5432 934 5486 τὰ
967 5428 1220 5502 κρείττω.
1256 5425 1420 5492 Λέγει
1445 5423 1504 5478 δέ
1534 5421 1727 5484 οὕτως·

1154 5517 1313 5574 CAP.
1355 5516 1422 5572 V.

2844 5499 3003 5552 ΚΕΦ.
3039 5499 3114 5550 E'.

575 5615 746 5671 Vsus.
793 5613 909 5668 Μ,
956 5639 1030 5652 —-
1064 5627 1083 5661 ι
1129 5609 1197 5663 Et
1241 5623 1542 5666 conversus
1605 5622 1748 5669 sum,
1799 5613 1855 5660 et
1910 5605 2044 5659 levai

2264 5600 2413 5671 Στίχ.
2467 5597 2608 5650 αὐδν.
2657 5623 2728 5635 —-
2769 5608 2788 5641 ι
2833 5589 2946 5644 Καὶ
2982 5587 3294 5657 ἐπέστρεψα
3350 5582 3444 5638 καὶ
3489 5577 3600 5656 ᾖρα
3646 5581 3776 5645 τοὺς

500 5711 699 5768 oculos
733 5723 917 5774 meos,
947 5715 1004 5762 et
1029 5705 1172 5768 vidi,
1201 5714 1255 5761 et
1281 5718 1413 5760 ecce
1443 5701 1550 5757 falx
1582 5702 1796 5756 volans.
1828 5697 2044 5767 Dixitqu

2192 5690 2504 5765 ὀφθαλμούς
2538 5705 2638 5759 μου
2663 5702 2676 5716 ·
2720 5685 2815 5738 καὶ
2841 5678 3000 5746 εἷδον,
3035 5680 3132 5734 καὶ
3176 5678 3284 5732 ἰδοὺ
3315 5677 3582 5749 δρέπανον
3612 5673 3775 5727 πετό-

504 5762 693 5858 iisti;
711 5762 934 5866 Quid—tu
971 5797 1122 5854 vides
1139 5762 1170 5851 ι’
1189 5797 1256 5852 Et
1284 5795 1396 5852 dixi
1426 5814 1438 5849 :
1467 5791 1637 5848 Video
1667 5789 1863 5846 falcem
1899 5762 2044 5861 volat

2198 5762 2357 5858 μενον
2387 5799 2404 5812 ·
2428 5782 2524 5835 καὶ
2555 5776 2674 5832 εῐπε
2702 5775 2837 5847 πρός
2873 5791 2941 5845 με
2962 5791 2974 5803 ·
3001 5769 3070 5824 Τί
3098 5771 3164 5824 σὺ
3187 5770 3438 5840 βλέπεις;
3464 5769 3560 5823 καὶ
3588 5762 3772 5820 εἶπον·

507 5902 622 5952 tem
663 5892 1024 5967 longitudinis
1062 5891 1373 5950 cubitorum
1418 5887 1651 5960 viginti,
1686 5893 1737 5941 et
1777 5882 2044 5939 latitudini

2200 5880 2280 5943 (Ρ.
2303 5877 2399 5933 471
2434 5877 2453 5948 )
2487 5871 2628 5943 Ἐγὼ
2650 5869 2763 5944 ὁρῶ
2795 5867 3062 5943 δρέπανον
3091 5863 3406 5936 πετόμενον,
3437 5861 3644 5935 μήκους
3673 5875 3788 5933 πη-ηη
