2059 3244
206 206 261 234 553

678 204 957 235 COMMENTARIUS
982 205 1015 234 IN
1041 205 1228 234 ZACHARIIE
1247 205 1326 235 CAP.
1344 206 1374 235 ν.

1796 203 1848 232 534

206 264 264 300 χῶν
283 264 380 298 εἰκοσι,
397 264 445 291 καὶ
457 264 575 296 πλάτους
591 264 686 300 πηχῶν
701 264 768 291 δέκα
779 272 786 279 ·
803 264 851 291 καὶ
860 260 921 291 εἷπε
933 262 1002 299 πρός

1059 263 1210 291 subitorum
1229 263 1336 291 decem.
1361 262 1489 298 Dixitque
1505 262 1570 290 mihi
1596 271 1602 290 :
1622 261 1686 290 Haec
1705 266 1749 291 est
1764 264 1849 290 male-

208 318 245 346 με
258 318 265 325 ⁶
278 309 352 341 Δΰτη
366 310 382 346 ἡ
396 309 450 345 ἀρὰ
467 310 484 345 ἡ
497 310 701 346 ἐκπορευομένη
719 310 767 337 ἐπὶ
786 310 933 346 πρόσωπον
947 310 1000 337 πά-

207 364 259 391 σης
266 355 316 390 τῆς
325 355 386 390 γῆς’
394 354 462 382 διότι
471 355 525 387 πᾶς
531 355 546 381 ὁ
552 354 673 390 κλέπτης
682 355 715 382 ἐκ
722 354 818 382 τούτου
824 355 876 387 ἕως
886 355 1001 382 θανάτου

205 402 431 437 ἐκδικηθήσεται·
446 403 491 428 καὶ
505 403 558 434 πᾶς
572 403 585 428 ὁ
599 402 726 437 ἐπίορκος
737 403 770 429 ἐκ
783 402 876 429 τούτου
892 402 943 434 ἕως
956 402 1002 429 Θα-

206 447 289 475 νάτου
303 448 512 484 ὲκδικηθήσεται
522 457 529 463 ·
549 449 595 475 καὶ
610 448 706 481 ἐξοίσω
721 449 797 482 αὐτὸ,
811 449 884 483 λέγει
902 448 1002 485 Κύριος

206 495 426 530 παντοκράτωρ·
453 494 499 520 καὶ
518 494 704 529 εἰσελεύσεται
725 495 766 526 εις
788 494 834 521 τὸν
854 492 928 522 οἷκον
955 495 1001 522 τοῦ

207 540 337 573 κλέπτου,
362 541 409 568 καὶ
432 542 471 573 είς
494 542 538 568 τὸν
555 539 628 568 οἷκον
652 541 698 567 τοῦ
718 540 863 576 ὀμνύοντος
885 541 922 577 τῷ
946 543 1004 569 ὀνό-

209 589 276 623 ματί
295 597 345 623 μου
364 589 410 615 ἐπὶ
425 587 534 623 ψεύδει·
559 589 606 614 καὶ
631 588 779 615 καταλύσει
796 589 824 616 ἐν
846 589 920 624 μέσῳ
949 590 997 616 τοῦ

206 634 284 662 οἴκου
307 634 410 666 αὑτοῦ,
438 635 485 661 καὶ
509 635 663 662 συντελέσει
693 634 776 662 αὑτὸν
802 635 849 662 καὶ
877 636 911 662 τὰ
938 634 1003 668 ξύλα

206 681 292 708 αὑτοῦ
310 681 357 708 καὶ
377 682 440 713 τοὺς
457 681 547 713 λίθους
573 681 667 709 αὑτοῦ.
688 690 698 707 ι
724 681 863 717 Δρέπανον
881 682 932 717 μὲν
952 682 1004 717 ὁρᾷ

208 727 302 754 ῑκανὺν
333 727 454 755 κάτωθεν
482 728 516 754 τὰ
540 728 746 763 προσπίπτοντα
778 728 936 763 ἐκτέμνειντ
955 736 1003 754 πε-

205 772 322 808 τόμενον
341 772 387 805 δέ,
412 773 453 804 εἰς
478 772 595 808 δήλωσιν
614 772 661 800 τοῦ
685 772 769 805 ὀξέως
797 772 847 808 τὴν
867 772 1004 808 τιμωρίαν

207 818 362 853 ἐπάγεσθαι
380 817 430 854 τὴν
449 818 525 845 θείαν
541 820 598 851 τοῖς
615 818 719 854 ταύτης
742 819 844 851 ἀξίοις·
863 818 964 851 πλάτος
977 818 1005 845 δὲ

207 865 257 893 καὶ
284 865 391 900 μῆκος,
412 865 450 897 ὼς
472 865 505 892 ἂν
519 865 566 892 καὶ
586 864 626 901 τῷ
642 865 753 901 μεγέθει
777 864 921 901 φοϐήσειεν
942 865 1005 897 τοὺς

206 912 369 944 ἀκούοντας.
387 912 469 946 Λέγει
485 912 514 939 δὲ
538 912 587 947 τὴν
611 911 747 948 τιμωρίαν
772 911 875 948 ταύτην
890 911 961 938 κατά
974 920 1004 938 τε

1052 309 1137 338 dictio
1151 317 1212 345 qua)
1225 308 1365 346 egreditur
1382 316 1466 345 super
1482 308 1579 336 faciem
1595 309 1731 337 universa:
1745 312 1847 339 terrae;

1052 355 1117 390 quia
1130 354 1220 384 omnis
1233 354 1277 383 I‘ur
1289 355 1390 383 abhinc
1409 362 1497 390 usque
1512 354 1546 382 ad
1564 359 1681 382 mOrtem
1701 355 1845 390 punietur.

1052 405 1080 428 et
1105 400 1196 428 omnis
1218 400 1347 436 perjurus
1371 399 1471 427 abhinc
1490 407 1578 434 usque
1596 399 1629 426 ad
1646 403 1762 427 mortem
1783 399 1848 426 item

1054 447 1192 482 punietur.
1205 446 1239 472 Et
1250 446 1363 474 educam
1380 445 1454 472 illam
1466 465 1474 478 ,
1492 445 1559 473 dicit
1576 445 1709 472 Dominus
1724 444 1851 480 omnipo-

1055 497 1126 524 lens,
1143 495 1171 518 et
1185 491 1354 527 ingredietur
1369 490 1396 518 in
1418 490 1530 517 domutn
1550 489 1637 522 iuris,
1652 494 1679 517 et
1695 490 1722 516 in
1737 490 1849 516 domum

1052 537 1173 572 jurantis
1186 537 1298 565 nomine
1310 544 1371 564 meo
1386 544 1470 572 super
1482 535 1638 568 mendacio,
1655 539 1682 563 et
1698 535 1851 563 diversabi-

1055 589 1100 611 tur
1126 584 1153 611 in
1181 584 1270 611 medio
1295 583 1395 611 domus
1421 583 1492 618 ejus,
1516 586 1544 610 et
1568 588 1714 611 consumet
1734 590 1806 616 eam,
1823 586 1851 609 et

1055 630 1127 664 ligna
1142 630 1203 664 ejus
1216 633 1243 657 et
1263 629 1368 665 lapides
1389 630 1461 665 ejus.
1478 640 1487 656 ι
1509 629 1618 657 Falcem
1636 629 1711 657 videt
1723 629 1852 656 idoneam

1054 676 1182 703 deorsutn
1192 675 1313 703 secando
1323 683 1495 711 quaecunque
1502 679 1683 703 occurrerent
1695 684 1701 708 ;
1713 675 1854 702 volantem

1055 724 1145 748 autem
1159 720 1194 748 ob
1214 720 1402 748 denotandum
1419 721 1540 748 divinam
1558 728 1668 756 pinnam
1685 721 1741 748 cito
1756 720 1852 747 inferri

1055 766 1226 794 merentibus
1244 775 1250 793 :
1271 766 1391 801 denique
1413 766 1474 801 ejus
1499 766 1673 794 latitudinem
1703 765 1854 801 longitudi-

1054 820 1173 848 netnque
1199 813 1276 846 dicit,
1302 817 1331 840 ut
1360 813 1550 848 magnitudine
1575 820 1685 848 quoque
1709 811 1854 838 audientes

1056 861 1227 889 terrel‘aciat.
1242 861 1313 889 Dicit
1329 869 1394 889 vero
1417 861 1487 889 hanc
1501 868 1610 896 poenam
1626 859 1760 887 adversus
1778 858 1853 885 fures

1056 910 1083 934 et
1102 907 1228 941 perjuros
1244 906 1412 937 commoveri
1427 915 1433 934 :
1447 913 1605 942 quanquam
1624 905 1725 940 alioqui
1744 908 1857 932 constat

208 943 386 985 κλεπτόντων
402 943 450 984 καὶ
468 943 670 993 ἐπιορκούντων
686 943 829 984 ’κινεῖσθαι
842 943 858 973 Ἰ
870 957 950 993 δήλου
972 965 1005 991 γε

1059 952 1129 979 haud
1151 952 1208 979 luteo
1225 952 1415 979 tantummodo
1435 952 1541 979 versari
1562 951 1634 978 inter
1647 950 1781 978 homines
1790 956 1855 984 pec-

210 1005 290 1036 ὄντος
302 1025 309 1034 .
327 1005 366 1037 ὡς
380 1004 411 1031 οὐ
423 1004 509 1031 ταῦτα
525 1004 604 1039 μόνον
619 1003 693 1030 ἐστὶν
708 1004 736 1030 ἐν
746 1003 900 1040 ἀνθρώποις
914 1012 1005 1039 παραυ

207 1051 374 1086 νομήματα,
396 1050 483 1077 πολλὰ
502 1050 530 1077 δὲ
548 1051 594 1078 καὶ
613 1051 711 1086 ἕτερα,
730 1050 810 1085 φόνος
832 1059 863 1077 τε
880 1051 927 1077 καὶ
948 1059 1007 1086 μοι-

208 1098 288 1133 χεία,
305 1097 353 1124 καὶ
376 1096 412 1124 τὰ
433 1097 515 1123 λοιπὰ
529 1093 573 1129 δὴ,
587 1094 605 1121 ἂ
621 1097 686 1132 μηδὲ
706 1097 833 1132 ἀριθμεῖν
856 1097 957 1133 ῥᾴδιον.
973 1096 1006 1123 Τί

207 1140 258 1170 οὖν
274 1144 348 1170 ἐστιν
367 1143 381 1170 ὃ
395 1151 495 1178 φησιν;
512 1143 559 1174 Εἰς
579 1142 625 1169 δύο
641 1142 729 1170 ταῦτα
746 1142 902 1179 κυριώτατα
919 1151 1006 1179 μεμε-

209 1188 304 1225 ρίσθαι
318 1188 368 1221 τὰς
387 1189 498 1220 ἐντολὰς
514 1188 673 1224 συμϐέϐηκε
691 1188 742 1221 τὰς
759 1189 844 1221 θείας,
860 1189 900 1221 εἷς
913 1198 942 1216 τε
957 1188 1006 1224 τὴν

208 1235 278 1271 περὶ
301 1235 368 1262 Θεὸν
391 1234 516 1270 γνώμην,
534 1235 581 1261 καὶ
605 1235 646 1266 εἰς
665 1235 715 1270 τὴν
737 1236 802 1271 περὶ
823 1236 868 1263 τὸν
892 1236 1007 1271 πλησίον

208 1280 339 1313 ἀγάπην·
353 1280 391 1313 ὡς
404 1280 452 1308 καὶ
471 1282 486 1307 ὀ
500 1280 605 1317 Κύριος
619 1281 716 1313 εἰπὼν,
736 1292 745 1308 ι
773 1282 941 1318 Ἀγαπήσεις
955 1283 1007 1309 Κύ-

210 1334 271 1361 ριον
284 1326 410 1354 τὸνθεόν
425 1334 472 1353 σου
495 1325 526 1358 ἐξ
545 1326 610 1362 ὅλης
627 1327 676 1362 τῆς
692 1326 808 1362 καρδίας
827 1334 873 1352 σου
885 1347 892 1358 ,
910 1326 958 1353 καὶ
977 1327 1007 1360 ἐξ

208 1371 276 1407 ὅλης
291 1371 341 1407 τῆς
356 1371 476 1404 διανοίας
489 1380 535 1398 σου
547 1391 554 1403 ,
572 1372 620 1399 καὶ
636 1372 665 1404 ἐξ
679 1372 743 1407 ὅλης
758 1372 807 1408 τῆς
825 1371 917 1407 ἰσχύος
941 1380 988 1399 σου
999 1381 1007 1387 ·

208 1417 260 1444 καὶ
283 1417 440 1452 ἀγαπήσεις
454 1418 500 1444 τὸν
518 1418 633 1453 πλησίον
661 1427 708 1445 σου
724 1418 761 1450 ὡς
779 1418 910 1446 σεαυτόν
931 1428 941 1445 ι
960 1420 1009 1446 ἐπ-

208 1463 326 1499 ήγαγεν,
343 1463 383 1499 (p.
395 1462 458 1500 472)
475 1473 484 1490 t
505 1464 549 1491 Ἑν
563 1465 683 1496 ἐντολαῖς
697 1464 809 1497 ταύταις
823 1465 882 1497 ὅλος
898 1465 912 1491 ὸ
928 1465 1010 1501 νόμος

208 1509 260 1537 καὶ
273 1510 298 1537 ei
312 1510 450 1546 προφῆται
463 1510 616 1546 κρέμανται
628 1520 635 1527 ·
654 1520 663 1537 ι
684 1510 826 1547 βουληθεὶς
839 1511 930 1538 τοίνυν
944 1520 1009 1538 συν-

207 1556 302 1591 τόμως
318 1557 406 1583 εἰπεῖν
427 1556 461 1584 τά
475 1565 504 1583 τε
519 1557 560 1588 είς
575 1557 620 1585 τὸν
635 1557 701 1584 Θεδν
714 1558 761 1584 καὶ
774 1557 808 1584 τὰ
824 1558 864 1589 είς
877 1558 923 1584 τὸν
940 1558 1009 1594 πλη-

208 1601 280 1632 σίον,
292 1602 325 1637 τῇ
341 1602 389 1637 μὲν
405 1602 534 1638 ἐπιορκία
548 1602 586 1634 ὠς
601 1602 641 1634 είς
655 1602 722 1629 Θεὸν
736 1602 863 1639 τεινούσῃ
882 1602 932 1635 τὰς
947 1603 1010 1630 ἀσε-

208 1647 287 1679 ϐείας
309 1648 415 1680 πάσας,
439 1647 510 1682 λέγω
529 1647 558 1675 δὲ
580 1647 629 1680 τὰς
653 1649 693 1680 είς
714 1648 781 1675 Θεὸν
804 1648 1008 1683 πλημμελείας,

208 1692 364 1728 συλλήϐδην
377 1692 468 1727 λέγει·
486 1694 520 1728 τῇ
537 1693 566 1719 δὲ
583 1693 688 1728 κλοπῇ,
711 1694 761 1729 τὴν
787 1694 852 1729 περὶ
871 1693 918 1720 τὸν
942 1694 1010 1729 πλη-

210 1737 284 1765 σίον·
302 1737 398 1773 ἐπειδὴ
411 1738 466 1773 γὰρ
487 1738 633 1774 ἀφαίρεσις
651 1738 706 1765 τῶν
720 1739 750 1765 οὺ
765 1739 919 1775 προσόντων
937 1740 1009 1766 ἐστὶν

208 1785 227 1819 ἠ
246 1784 352 1820 κλοπὴ,
375 1784 479 1820 κλοπὴν
502 1785 600 1817 κοινῶς
623 1784 750 1820 ὠνόμασε
771 1786 863 1813 πᾶσαν
888 1785 938 1822 τὴν
954 1786 1010 1814 τῶν

208 1829 361 1866 ἀλλοτρίων
379 1830 526 1866 ἀφαίρεσιν
538 1839 545 1846 ·
568 1831 611 1857 ἵνα
629 1831 770 1867 συντόμως
788 1833 853 1868 εἴπῃ
867 1833 908 1859 ὅτι
924 1834 940 1868 ἠ
955 1833 1010 1869 ἀρὰ

208 1875 282 1912 αὓτη
299 1876 417 1912 μεγίστη
436 1885 466 1903 τε
479 1877 526 1904 καὶ
542 1877 647 1913 φοϐερὰ
664 1878 711 1904 καὶ
729 1878 810 1905 παντί
829 1887 862 1913 γε
878 1879 1007 1912 ἐπιοῦσα,

191 1926 194 1929 ·
210 1920 268 1947 εἴτε
279 1922 319 1953 εἰς
332 1921 398 1948 Θεόν
410 1930 437 1948 τι
451 1922 576 1958 ἀσεϐοίη,
592 1923 648 1950 εἴτε
660 1922 752 1955 είςτὺν
770 1923 883 1959 πλησίον
902 1924 973 1951 κατά
984 1933 1010 1951 τι

209 1967 315 1994 πταίοι.
337 1968 421 2002 Λέγει
440 1968 468 1995 δὲ
486 1968 526 1995 ὃτι
547 1968 594 1995 καὶ
609 1968 756 1996 καταλύσει
770 1969 798 1996 ἐν
816 1969 891 2005 μέσῳ
905 1969 953 1997 τοῦ
973 1971 1012 1997 οἷ-

209 2022 261 2041 κου
277 2014 371 2047 αὑτοῦ,
392 2015 440 2041 καὶ
455 2014 608 2041 συντελέσει
631 2015 712 2042 αὑτὸν
730 2017 777 2042 καὶ
794 2015 828 2042 τὰ
846 2015 912 2047 ξύλα
927 2016 1010 2043 αὐτοῦ

209 2060 331 2092 καὶτοὺς
340 2059 431 2092 λίθους
439 2059 522 2087 αὐτοῦ
533 2068 540 2076 ’
558 2060 601 2087 ἵνα
612 2060 687 2097 εἴπῃ,
696 2061 736 2087 ὅτι
752 2061 802 2096 μὲν
814 2059 885 2088 Εῐπα
898 2062 1011 2098 τοιούτῳ

208 2105 409 2142 ἀμετανοήτως
424 2106 566 2138 πταίοντι,
590 2106 621 2132 'H
634 2107 783 2142 τιμωρὶαὴ
800 2106 860 2133 θεία
883 2107 962 2143 ἄχρις
977 2107 1011 2134 ἂν

208 2151 294 2181 αὑτὸν
311 2152 361 2179 σὺν
377 2151 480 2179 ἅπασιν
497 2152 626 2189 ἐξαλείψῃ
647 2154 702 2186 τοῖς
722 2154 900 2189 προσήκουσι.
918 2154 967 2181 Διὰ
983 2155 1011 2182 δὲ

208 2197 314 2225 τούτων
327 2198 475 2234 αὐτάρκως
491 2198 613 2234 φοϐήσας
630 2199 729 2231 αὐτοὺς
739 2219 746 2231 ,
766 2199 887 2227 δείκνυσι
903 2200 947 2227 διὰ
958 2201 1012 2228 τῶν

209 2243 277 2278 ἑξῆς
291 2243 474 2281 ἀφῃρημένην
486 2245 577 2272 αὐτῶν
595 2245 645 2281 τὴν
669 2245 738 2281 ὑπὲρ
754 2246 808 2273 τῶν
828 2246 1012 2282 παρεληλυθό-

1056 1003 1127 1029 cata,
1145 997 1192 1025 sed
1205 1002 1232 1024 et
1251 998 1305 1025 alia
1328 999 1424 1030 multa,
1445 998 1623 1025 homicidium
1639 1001 1723 1032 puta,
1746 995 1854 1023 adulte-

1057 1045 1147 1076 rium,
1166 1047 1193 1071 et
1216 1048 1314 1071 caetera
1335 1052 1397 1080 quae
1417 1043 1501 1081 314
1518 1043 1592 1071 haud
1616 1044 1695 1071 facile
1713 1042 1854 1070 numerari

1057 1094 1170 1125 queunt.
1183 1090 1254 1123 Quid
1267 1098 1334 1126 ergo
1346 1090 1426 1118 dicit?
1441 1092 1470 1118 1n
1481 1092 1537 1118 luec
1549 1090 1603 1117 duo
1616 1090 1758 1124 potissima
1766 1087 1854 1116 dividi

1058 1137 1148 1164 solent
1173 1136 1302 1164 mandata
1322 1136 1432 1169 divina,
1448 1144 1549 1172 nempe
1572 1136 1607 1163 in.
1624 1135 1672 1163 Dei
1690 1134 1853 1166 scientiam,

1057 1187 1084 1211 et
1106 1184 1133 1210 in
1154 1183 1318 1211 cltaritatem
1335 1191 1400 1219 erga
1424 1183 1591 1219 proximum.
1614 1182 1706 1216 Quare
1720 1186 1747 1209 et
1763 1181 1857 1209 Domi-

1058 1238 1110 1258 nus
1119 1234 1265 1266 postquam
1274 1230 1344 1258 dixit
1352 1230 1386 1262 ‘°,
1400 1239 1410 1255 ι
1422 1229 1524 1265 Diliges
1531 1229 1675 1256 Dominum
1685 1227 1770 1255 Deum
1780 1231 1856 1254 tuutn

1058 1285 1090 1304 ex
1105 1280 1163 1304 toto
1179 1276 1264 1304 corde
1278 1280 1327 1304 tuo
1339 1297 1347 1310 ,
1361 1284 1395 1303 ex
1412 1280 1468 1303 tota
1484 1279 1577 1303 mente
1590 1278 1648 1308 tua,
1667 1278 1696 1301 et
1712 1281 1748 1301 ex
1765 1273 1856 1300 omni—

1059 1323 1110 1350 bus
1132 1322 1238 1350 viribus
1262 1321 1335 1353 tuis,
1360 1321 1481 1356 itemque
1507 1320 1662 1356 proximum
1684 1323 1762 1346 tuum
1785 1318 1858 1346 sicut

1059 1374 1085 1397 te
1096 1369 1205 1404 ipsum;
1219 1378 1228 1395 ›
1246 1367 1350 1395 addidit
1364 1377 1371 1395 :
1390 1376 1401 1393 ι
1420 1367 1452 1394 in
1467 1366 1515 1395 his
1523 1365 1659 1393 mandatis
1669 1365 1797 1392 universa
1814 1364 1856 1391 lex

1060 1415 1159 1451 pendet
1177 1419 1205 1442 et
1228 1414 1379 1450 prophetae.
1400 1423 1408 1440 ι
1427 1413 1528 1441 Volens
1540 1413 1632 1449 itaque
1653 1412 1704 1439 hoc
1722 1412 1781 1439 loco
1792 1412 1858 1439 bre-

1060 1463 1129 1490 viter
1152 1462 1244 1490 dicere
1266 1469 1327 1497 quae
1347 1460 1433 1488 Deum
1462 1467 1578 1495 quaeque
1611 1459 1767 1494 proximum
1796 1466 1858 1493 spe-

1060 1514 1153 1544 ctant;
1167 1509 1289 1545 perjurio
1299 1508 1410 1545 quidem
1423 1508 1495 1544 quod
1504 1508 1531 1534 in
1545 1507 1629 1534 Deum
1640 1506 1736 1538 tendit,
1746 1509 1859 1533 cunctas

1061 1557 1297 1592 irreligiositates.
1308 1555 1335 1583 id
1347 1559 1389 1583 est
1404 1555 1538 1582 adversus
1548 1553 1632 1581 Deum
1649 1556 1772 1587 peccata.
1783 1560 1859 1579 com-

1031 1609 1052 1638 ο
1061 1603 1160 1639 pendio
1172 1603 1240 1631 dicit
1255 1612 1261 1630 ι
1276 1602 1350 1630 furto
1362 1607 1462 1634 autem,
1478 1608 1539 1636 quze
1551 1600 1684 1628 adversus
1700 1600 1858 1635 proximum

1060 1653 1135 1677 sunt.
1150 1648 1219 1676 Nam
1235 1649 1299 1684 quia
1316 1648 1418 1676 furtum
1433 1651 1476 1676 est
1491 1648 1530 1675 rei
1545 1647 1642 1675 aliena:
1656 1646 1768 1677 ablatio.
1785 1654 1859 1673 nunc

1062 1696 1164 1723 furtum
1183 1695 1350 1730 generaliter
1374 1694 1521 1730 appellavit
1543 1693 1679 1729 quidquid
1702 1693 1782 1720 alteri
1808 1701 1859 1720 au.

1061 1741 1167 1775 fertur;
1198 1745 1228 1768 ut
1256 1741 1352 1776 paucis
1381 1740 1517 1776 signiticet
1541 1738 1763 1767 maledictionem
1788 1739 1860 1765 hanc

1061 1790 1123 1817 ess'e
1141 1788 1289 1815 maximam
1306 1794 1337 1814 ac
1358 1786 1510 1814 terribilem
1529 1789 1555 1813 et
1571 1786 1685 1813 cuilibet
1699 1785 1860 1820 impenden-

1061 1837 1128 1864 tem.
1151 1832 1209 1860 sive
1231 1832 1255 1860 is
1276 1832 1303 1860 in
1320 1831 1407 1859 Deum
1427 1831 1529 1866 impius
1552 1831 1598 1863 sit,
1623 1831 1682 1859 sive
1704 1830 1859 1866 proximum

1062 1878 1268 1915 quomodolibet
1286 1878 1381 1905 violet.
1405 1877 1579 1905 Dicitautem
1600 1877 1658 1905 fore
1674 1883 1703 1905 ut
1724 1885 1755 1905 ea
1774 1877 1860 1904 unale-

1062 1925 1148 1952 dictio
1163 1924 1318 1952 diversetur
1338 1924 1412 1952 domi
1430 1924 1501 1959 ejus.
1527 1928 1554 1951 et
1577 1929 1723 1952 consumat
1740 1924 1813 1951 illam
1829 1931 1861 1950 ai:

1063 1972 1167 2007 lapides
1192 1972 1297 2007 ipsius;
1327 1972 1353 1999 id
1374 1975 1426 2005 est,
1449 1971 1509 1999 Dixi
1533 1972 1598 1999 huic
1614 1973 1675 1999 sine
1700 1971 1862 2007 poenitentia

1063 2018 1188 2054 peccanti
1207 2027 1214 2046 :
1231 2017 1328 2045 Divina
1343 2025 1423 2053 paena
1439 2022 1554 2046 eatenus
1566 2017 1763 2053 perseverabit,
1776 2017 1862 2044 donec

1063 2067 1239 2098 peccatorem
1259 2071 1321 2091 cum
1341 2064 1417 2092 omni
1442 2071 1471 2091 re
1483 2071 1533 2091 sua
1552 2068 1708 2091 consumat.
1721 2064 1778 2099 Age
1794 2070 1862 2091 vero

1063 2114 1207 2144 postquam
1224 2109 1292 2137 satis
1309 2117 1357 2137 eos
1371 2108 1525 2143 terrefecit,
1543 2109 1664 2137 ostendit
1679 2108 1707 2136 in
1723 2109 1864 2143 sequenti-

1065 2155 1115 2184 bus
1128 2156 1271 2184 remissam
1286 2155 1372 2183 fuisse
1386 2156 1552 2190 praeteritam
1566 2156 1676 2183 illorum
1695 2156 1804 2190 culpam
1818 2161 1862 2182 at-

1064 2209 1116 2236 que
1133 2208 1242 2236 poenam
1254 2209 1262 2233 ;
1276 2204 1306 2228 ut
1320 2201 1409 2236 magis
1423 2200 1487 2228 inde
1499 2204 1681 2235 cognoscant,
1698 2204 1759 2234 post
1774 2200 1862 2237 impe-

1064 2251 1163 2274 tratam
1181 2246 1385 2281 praeteritorum
1406 2236 1526 2276 veniam.
1542 2251 1669 2281 oportere
1684 2254 1731 2273 eos
1743 2236 1861 2281 diligen-

209 2298 267 2317 των
292 2291 433 2326 ἁμαρτίαν
458 2299 488 2317 τε
511 2291 558 2318 καὶ
583 2291 736 2327 τιμωρίαν·
759 2292 796 2325 ὡς
819 2292 852 2319 ἂν
881 2292 1007 2328 μειζόνως

1067 2293 1121 2320 tius
1133 2292 1180 2320 Dei
1194 2292 1330 2319 voluntati
1346 2292 1474 2327 obsequi.
1491 2291 1676 2325 Quamobrem
1693 2292 1767 2319 addit
1783 2300 1790 2319 :

209 2335 301 2370 ἔχοιεν
315 2335 425 2366 εἰδέναι,
441 2336 482 2363 ὄτι
502 2336 551 2372 τῆς
568 2338 625 2369 τοῖς
648 2337 695 2364 ἐπὶ
710 2338 890 2374 προειληφόσι
914 2339 1024 2376 χάριτος
1043 2339 1190 2375 τετυχότας
1207 2338 1340 2375 προσήκοι
1356 2337 1388 2367 ἂν
1408 2337 1619 2373 ἐπιμελέστερον
1634 2337 1794 2373 ἀντέχεσθαι
1809 2337 1863 2365 τῶν

208 2380 363 2409 δοκούντων
382 2382 451 2418 Θεῷ.
465 2382 511 2409 Διὸ
525 2383 633 2416 ἐπάγει⁸

248 2428 323 2464 Στιχ.
344 2428 418 2464 ιε’-η’.
433 2443 468 2449 -—-
487 2438 496 2454 ι
524 2429 580 2455 Καὶ
595 2426 708 2464 ἐξῆλθεν
724 2429 738 2455 ό
759 2428 876 2464 ἄγγελος
891 2429 906 2455 ὁ
922 2428 1012 2455 λαλῶν

209 2477 242 2504 ὲν
260 2476 334 2511 ἐμοὶ,
351 2477 398 2503 καὶ
411 2474 473 2504 εἷπε
493 2477 563 2513 πρός
579 2485 612 2512 με
625 2484 633 2492 ”
662 2476 827 2512 Ἀνάϐλεψον
839 2478 897 2510 τοῖς
911 2476 1013 2512 ὀφθαλ-

209 2522 276 2558 μοῖς
291 2530 339 2549 σου
355 2523 404 2550 καὶ
425 2523 463 2550 ῐδε
478 2523 505 2550 τί
521 2523 552 2550 τὸ
566 2522 784 2560 ἐκπορευόμενον
799 2522 880 2550 τοῦτο
889 2532 895 2539 ·
915 2523 962 2550 καὶ
973 2521 1014 2550 εἷ-

209 2575 276 2600 πον,
293 2567 327 2594 Τί
346 2569 421 2601 ἐστι;
439 2569 487 2596 καὶ
510 2566 583 2600 εἷπε,
612 2569 699 2595 Τοῦτο
713 2568 744 2595 τὸ
760 2568 860 2605 μέτρον
883 2568 915 2596 τδ
930 2570 1015 2597 ἐκπο-

209 2612 362 2650 ρευόμενον
371 2622 379 2630 ·
395 2615 443 2643 καὶ
457 2613 546 2648 εἷπεν,
562 2614 638 2651 Αὕτη
653 2616 670 2650 ἡ
691 2614 782 2642 ἀδικία
795 2615 885 2643 αὐτῶν
895 2616 924 2643 ἐν
937 2615 1014 2653 πάσῃ

207 2659 247 2695 τῇ
272 2660 323 2695 γῇ·
355 2661 404 2690 καὶ
430 2661 485 2689 ἰδοὺ
517 2662 648 2689 τάλαντον
678 2661 805 2697 μολίϐδου
819 2661 1011 2698 ἐξαιρόμενον·

210 2705 255 2746 (ρ.
279 2707 350 2742 475)
370 2708 418 2736 καὶ
441 2708 497 2736 ἰδοὺ
522 2708 592 2744 γυνὴ
621 2709 669 2744 μία
688 2707 806 2743 ἐκάθητο
825 2709 854 2734 ἐν
871 2709 946 2744 μέσῳ
963 2708 1012 2737 τοῦ

210 2754 317 2791 μέτρου
329 2773 336 2784 .
352 2754 399 2781 καὶ
414 2751 502 2787 εἶπεν,
517 2754 592 2790 Αὕτη
610 2754 685 2781 ἐστὶν
699 2755 714 2789 ἡ
734 2754 835 2789 ἀνομία
847 2761 853 2768 ·
868 2754 915 2781 καὶ
935 2754 1011 2791 ἔρρι-

209 2803 266 2838 ψεν
280 2802 367 2837 αὐτὴν
381 2802 422 2834 εἰς
442 2801 526 2838 μέσον
540 2802 587 2829 τοῦ
607 2802 722 2838 μέτρουθ
740 2802 787 2829 καὶ
802 2802 899 2838 ἔρριψε
915 2802 946 2829 τὸ
964 2803 1012 2831 τά·

210 2849 312 2877 λαντον
328 2846 375 2874 τοῦ
391 2848 517 2883 μολίϐδου
532 2849 572 2881 εἰς
588 2848 620 2876 τὸ
633 2848 720 2884 στόμα
738 2848 832 2884 αὐτῆς,
848 2849 918 2875 »Τὸν
930 2849 1011 2876 αὐτὸν

251 2940 274 2956 ⁸ο
299 2938 395 2967 Matth.
425 2946 492 2967 mi.
513 2939 560 2973 '51,
581 2944 643 2973 sqq.
764 2925 776 2944 ¹

1099 2428 1183 2456 Vsus.
1201 2429 1257 2457 5-8.
1278 2444 1312 2450 -—
1328 2439 1337 2455 ι
1357 2429 1388 2456 Et
1413 2437 1543 2465 egressus
1560 2436 1603 2458 est
1625 2430 1739 2466 angelus
1757 2431 1803 2466 qui
1823 2431 1864 2457 ln-

1063 2475 1198 2510 quebatur
1218 2475 1244 2503 in
1271 2483 1332 2507 me.
1362 2476 1487 2512 dixitque
1514 2477 1581 2504 mihi
1604 2486 1610 2504 :
1638 2476 1754 2512 Suspiee
1774 2477 1865 2504 oculis

1065 2523 1131 2554 tuis.
1158 2528 1186 2550 et
1208 2522 1271 2550 vide
1294 2522 1347 2550 hoc
1374 2523 1448 2558 quod
1470 2524 1621 2559 egreditur.
1648 2523 1681 2550 Et
1695 2523 1751 2551 dixi
1770 2523 1864 2556 :Quid

1064 2568 1125 2597 est?
1149 2568 1182 2595 Et
1198 2569 1236 2596 ait
1252 2578 1259 2597 :
1276 2568 1340 2596 lltec
1360 2573 1403 2597 est
1425 2577 1555 2597 mensura
1578 2578 1639 2604 qua:
1664 2569 1815 2604 egreditur.
1833 2569 1865 2596 Et

1067 2616 1106 2643 ait
1125 2625 1131 2643 :
1149 2614 1212 2643 Hzec
1228 2619 1271 2643 est
1284 2615 1417 2651 iniquitas
1430 2624 1526 2644 eorum
1542 2617 1570 2643 in
1586 2616 1716 2643 universa
1729 2620 1814 2643 terra.
1831 2614 1865 2642 Et

1066 2669 1130 2690 ecce
1141 2662 1272 2689 talentum
1282 2663 1384 2698 plumbi
1393 2662 1537 2690 elevatum:
1550 2666 1646 2690 etecce
1653 2661 1751 2689 mulier
1761 2669 1814 2688 una
1826 2669 1867 2689 se-

1066 2709 1147 2737 debat
1156 2708 1182 2736 in
1193 2717 1327 2737 mensum
1339 2709 1438 2737 medio.
1451 2708 1484 2737 Et
1495 2708 1584 2737 dixit:
1598 2708 1660 2736 llaec
1670 2712 1712 2737 est
1722 2707 1866 2744 315ini-

1065 2755 1167 2790 quitas.
1181 2754 1213 2781 Et
1223 2754 1341 2789 eonjecit
1355 2761 1414 2781 eam
1425 2754 1452 2782 in
1465 2754 1584 2781 medium
1598 2762 1748 2787 mensurze;
1760 2757 1786 2781 et
1801 2760 1866 2788 pro-

1064 2800 1130 2837 jecit
1141 2800 1257 2836 lapidem
1268 2800 1371 2836 plumbi
1381 2800 1408 2827 in
1424 2808 1456 2827 os
1465 2800 1536 2834 ejus.
1552 2808 1561 2824 I
1582 2800 1713 2828 Eunidem
1724 2799 1795 2827 videt
1805 2806 1868 2826 rur-

1067 2855 1115 2876 sus
1137 2847 1274 2883 angelum,
1295 2846 1434 2882 jubcntem
1447 2846 1471 2874 ei
1485 2850 1514 2873 ut
1528 2846 1662 2882 aspiceret
1676 2845 1747 2882 quod
1758 2845 1784 2873 in
1799 2852 1866 2880 prae
