4118 6506
403 385 510 446 8'59

1573 382 1926 442 THEODORI
1957 381 2192 442 MOPSU
2203 382 2454 441 ESTENI

3573 378 3676 436 550

404 513 530 555 rum
573 514 635 556 se
667 498 821 554 abire
846 499 1168 570 'oporteret.
1209 496 1495 568 Signiﬁcat
1539 506 1722 554 autem
1765 499 1993 570 reliquis

2120 497 2483 570 ηξεπορεύοντο
2502 493 2597 550 ἐπὶ
2627 495 2734 566 γῆν
2757 495 2933 559 νότου,
2957 494 3032 560 ὡς
3059 493 3229 568 θυμοῦ
3251 494 3501 558 πνέοντες
3532 492 3674 547 κατὰ

402 594 570 649 etiam
609 607 795 646 curam
830 591 1000 646 fuisse
1039 593 1249 646 varium
1281 592 1545 646 exhibere
1591 590 1986 654 ministerium,

407 683 555 756 quod
593 684 856 737 varietate
890 685 1094 740 coloris
1137 686 1219 740 sui
1283 684 1604 746 innuebant,
1655 683 1862 752 paratis
1900 683 1993 738 ob—

409 789 632 829 servare
667 789 794 826 num
835 773 970 844 quid
996 779 1143 828 esset
1175 783 1437 845 praeterea
1470 772 1578 828 abs
1613 788 1673 828 se
1719 780 1990 841 praastan-

410 864 564 930 dum,
593 862 748 932 juxta
780 863 874 916 Dci
908 865 1264 926 voluntatem,
1316 865 1381 916 ad
1412 863 1650 917 hostium
1680 877 1897 939 pugnam
1939 870 1994 916 et

2094 590 2204 644 τῶν
2235 589 2420 644 αὐτόθι
2453 589 2578 651 τοὺς
2631 586 2967 658 Ἰσραηλίτας
3002 586 3414 642 διατεθεικότων
3450 585 3672 648 κακῶς·

2098 681 2217 752 μεθ’
2248 679 2341 744 οὓς
2366 682 2416 734 oi
2459 679 2691 733 ποικίλοι
2720 677 2815 730 καὶ
2854 678 3019 750 ψαροὶ
3057 678 3317 750 ὤφθησαν
3361 676 3674 749 ζητοῦντες,

2095 774 2218 827 ὅποι
2259 773 2389 826 ποτέ
2433 771 2685 825 ἀπελθεῖν
2731 772 2926 835 αὐτοὺς
2959 770 3070 824 δέοι
3112 770 3212 841 τῆς
3262 771 3387 838 γῆς.
3429 768 3678 836 Δηλοῖδέ

2095 863 2176 917 ὄτι
2207 864 2302 916 καὶ
2323 865 2436 925 τοῖς
2462 863 2906 935 ὑπολειπομένοις
2936 864 3156 936 φροντὶς
3174 858 3243 936 ἦν
3263 863 3398 935 πρὸς
3422 861 3676 933 ποικίλην

412 949 652 1006 Jndaica:
683 952 862 1022 gentis
918 953 1259 1008 beneficium.
1316 953 1526 1018 Quibus
1569 953 1645 1006 ait
1681 971 1694 1007 :
1733 971 1751 1004 ι
1777 953 1887 1018 Ite,
1940 959 1995 1007 et

2120 954 2452 1024 .ειτουργίαν,
2477 955 2620 1007 κατὰ
2637 953 2734 1027 τὴν
2754 954 2945 1026 χροιὰν
2969 954 3388 1024 ἐκτεταγμένοις
3430 953 3557 1006 ίδεῖν
3597 953 3674 1024 μή

415 1041 700 1096 circumite
739 1043 1138 1098 terratuJMox
1187 1053 1241 1098 et
1273 1044 1424 1098 addit
1463 1062 1476 1098 :
1525 1062 1544 1094 ι
1580 1043 1644 1096 Et
1691 1043 1990 1098 circumie-

412 1141 542 1186 runt
586 1141 813 1201 terram,
860 1154 877 1186 ι
912 1137 1210 1192 ostendens
1266 1137 1476 1190 scilicet
1516 1151 1842 1192 concessum
1891 1136 1997 1190 illis

416 1235 478 1279 ut
504 1240 696 1279 curam
721 1241 877 1281 suam
921 1227 989 1283 ad
1031 1227 1237 1283 exitum
1275 1229 1663 1299 perducerent,
1705 1236 1762 1284 et
1802 1243 1998 1299 reapse

415 1315 494 1369 ita
524 1331 584 1371 se
609 1317 810 1386 egisse.

2105 1047 2208 1101 πού
2235 1066 2286 1102 τι
2315 1049 2408 1101 καὶ
2435 1047 2619 1118 ἕτερον
2637 1046 2784 1101 ἔστιν
2811 1046 3065 1116 γενέσθαι
3093 1047 3226 1117 παρ’
3249 1045 3426 1099 αὐτῶν
3444 1045 3675 1114 ὀφεῖλον,

2105 1137 2245 1190 κατὰ
2295 1137 2356 1190 τὸ
2400 1137 2590 1191 δοκοῦν
2616 1135 2694 1208 τῷ
2722 1137 2866 1208 Θεῷ,
2893 1138 2974 1202 είς
2999 1137 3268 1207 τιμωρίαν
3297 1154 3357 1189 τε
3387 1136 3493 1188 τῶν
3522 1137 3678 1189 ἐνανο

2103 1229 2254 1294 τίων,
2306 1228 2401 1282 καὶ
2451 1228 2772 1299 εὐεργεσίαν
2817 1226 2914 1282 τοῦ
2963 1228 3073 1282 τῶν
3131 1228 3398 1282 Ἰουδαίων
3457 1227 3676 1291 ἐθνους·

2104 1319 2242 1390 πρὸς
2285 1317 2378 1381 οὓς
2403 1318 2574 1386 λέγει,
2621 1337 2640 1371 ι
2682 1317 2987 1390 Πορεύεσθε
3038 1319 3132 1373 καὶ
3169 1317 3551 1390 περιοδεύσατε
3583 1317 3679 1388 τὴν

416 1411 522 1479 γῆν
543 1422 558 1439 ο
598 1427 617 1460 ι
658 1405 777 1462 εἶτα
824 1411 919 1464 καὶ⁴
945 1413 1244 1484 ἐπήγαγεν,
1282 1432 1302 1465 ι
1355 1414 1467 1468 Καὶ
1510 1415 1883 1486 περιώδευσαν
1923 1413 2024 1484 τὴν
2050 1413 2175 1484 γῆν,
2215 1432 2235 1466 ι
2265 1413 2480 1479 δεικνὺς
2511 1415 2595 1469 ὅτι
2623 1413 2718 1468 καὶ
2751 1413 3141 1486 ἐπετράπησαν
3173 1413 3272 1486 τὴν
3301 1411 3556 1486 φροντίδα
3581 1412 3680 1482 τὴν

416 1498 620 1553 οίκείαν
647 1500 873 1568 ἀγαγεῖν
911 1504 991 1565 εἰς
1023 1505 1216 1574 πέρας,
1252 1503 1347 1557 καὶ
1375 1505 1766 1578 ἐπιτραπέντες
1795 1504 2002 1574 είχοντο
2028 1501 2240 1557 τούτου.

497 1592 660 1648 Vens.
700 1593 853 1651 9-l5.
892 1625 963 1637 -—
1000 1613 1019 1647 ι
1048 1596 1111 1649 Et
1137 1595 1317 1653 factus
1350 1605 1433 1653 est
1465 1613 1646 1653 sermo
1679 1596 1897 1676 Domini
1931 1595 2000 1651 ad

419 1696 508 1738 me
559 1683 795 1740 dicens:
836 1685 1080 1756 «Accipe
1129 1703 1251 1756 quae
1294 1689 1362 1743 de
1411 1689 1732 1758 captivitate
1789 1695 1918 1742 sunt
1970 1701 2001 1740 a

2181 1595 2333 1666 Στίχ.
2370 1594 2526 1650 θ’-ιε⁹.
2552 1625 2624 1639 -
2670 1615 2690 1650 ι
2737 1596 2848 1650 Καὶ
2878 1595 3094 1665 ἐγένετο
3119 1595 3275 1665 λόγος
3302 1594 3508 1667 Κυρίου
3545 1594 3682 1665 πρός

2114 1705 2181 1759 με
2209 1687 2382 1756 λέγων
2403 1701 2418 1717 ⁸
2469 1686 2615 1742 Λάϐε
2646 1687 2716 1742 τά
2753 1689 2819 1742 ἐκ
2851 1689 2952 1758 τῆς
2979 1687 3353 1758 αἰχμαλωσίας
3384 1684 3536 1757 παρὰ
3573 1684 3682 1738 τῶν

426 1772 798 1844 principibus,
832 1785 886 1831 et
913 1778 1013 1832 abs
1062 1779 1420 1848 optimatibus
1453 1780 1596 1848 ejus,
1639 1791 1693 1835 et
1720 1781 1789 1834 ab
1815 1780 1882 1834 iis
1907 1779 2000 1850 qui

2120 1778 2406 1849 ipxéwwv,
2451 1777 2548 1831 καὶ
2591 1777 2740 1848 παρὰ
2783 1779 2891 1831 τῶν
2935 1780 3223 1848 χρησίμων
3273 1776 3372 1845 τῆς
3418 1776 3542 1844 γῆς,
3590 1773 3685 1826 καὶ

419 1873 796 1932 cOgnoverunt
823 1880 968 1931 eam,
1002 1869 1071 1922 ab
1104 1869 1278 1941 iﬁldai,
1311 1879 1365 1923 et
1389 1886 1418 1924 a
1451 1870 1645 1935 Tobia,
1674 1879 1731 1925 et
1760 1872 1826 1924 ab
1849 1869 1998 1925 Ideo.

421 1950 489 2006 Et
518 1953 841 2030 ingredieris
872 1964 928 2010 tu
954 1957 1042 2012 die
1080 1959 1168 2012 illa
1207 1960 1261 2013 in
1306 1959 1526 2014 domum
1567 1959 1730 2016 Josize
1774 1960 1868 2015 filii
1905 1959 2006 2016 So-

420 2045 657 2113 phoniae,
692 2047 783 2116 qui
819 2048 969 2102 venit
990 2049 1058 2103 de
1087 2049 1384 2120 Babylone.
1413 2050 1778 2122 Accipiesque
1805 2066 2003 2121 argen—

421 2139 539 2187 tum
574 2143 627 2189 et
655 2150 875 2202 aurum,
915 2138 1194 2209 faciesque
1216 2156 1500 2201 coronam.
1543 2150 1595 2196 et
1619 2143 1865 2211 impones
1911 2158 2003 2198 su-

422 2239 522 2294 per
545 2235 710 2296 caput
741 2226 895 2292 Jesu,
925 2227 1196 2285 Josedeco
1227 2231 1422 2301 geniti,
1458 2233 1765 2288 sacerdotis
1797 2233 2004 2302 magni.

423 2315 693 2386 Dicesque
722 2319 770 2372 ei
809 2335 824 2372 :
859 2318 983 2374 Haec
1017 2319 1094 2374 ait
1132 2320 1396 2377 Dominus
1431 2323 1778 2393 omnipotens
1813 2341 1826 2378 :
1867 2323 2007 2378 Ecce

422 2405 528 2470 vir,
563 2409 651 2462 cui
689 2425 887 2464 nomen
921 2411 1146 2475 Oriens,
1195 2421 1248 2466 et
1280 2412 1470 2467 subter
1499 2429 1623 2467 eum
1670 2416 1899 2469 orietur.
1944 2414 2008 2469 Et

424 2499 721 2554 aadilicabit
743 2501 966 2556 domum
995 2501 1230 2564 Domini,
1263 2511 1318 2558 et
1345 2505 1461 2573 ipse
1476 2505 1708 2575 accipiet
1724 2506 2008 2569 virtutem,

425 2598 482 2645 et
502 2590 720 2665 sedebit
750 2606 815 2645 ac
871 2591 1246 2648 dominabitur
1288 2610 1456 2665 super
1509 2595 1708 2651 throno
1766 2611 1890 2650 suo.
1945 2596 2011 2649 Et

423 2681 530 2736 erit
559 2681 822 2737 sacerdos
845 2697 875 2737 a
912 2683 1125 2739 dextris
1148 2684 1291 2754 ejus,
1334 2695 1389 2740 et
1421 2687 1566 2740 inter
1615 2695 1876 2756 utrosque
1906 2697 2012 2742 erit

425 2775 717 2829 consilium
756 2775 1066 2845 paciﬁcum.
1099 2776 1318 2832 Corona
1347 2790 1529 2832 autem
1564 2779 2010 2848 exspectantibus

427 2865 559 2930 erit,
583 2875 638 2920 et
668 2867 1028 2936 optimatibus
1064 2867 1205 2936 ejus,
1238 2878 1292 2923 et
1319 2870 1412 2938 qui
1454 2879 1825 2940 cognoverunt
1866 2885 2010 2934 eam,

427 2965 483 3013 et
506 2957 560 3011 in
588 2961 818 3028 gratiam
855 2958 949 3014 lilii
982 2958 1292 3026 Sephoniae,
1335 2968 1390 3014 et
1419 2959 1472 3013 in
1506 2959 1772 3026 psalmum
1825 2959 2012 3014 domui

431 3047 669 3105 Domini.
703 3050 768 3104 Et
798 3051 887 3119 qui
925 3052 1116 3121 procul
1153 3052 1218 3106 iis
1252 3059 1384 3107 sunt
1413 3051 1652 3115 venient,
1693 3060 1747 3106 et
1778 3050 2015 3105 aediﬁca-

2103 1869 2256 1940 παρὰ
2281 1869 2386 1924 τῶν
2411 1870 2799 1938 ἐπεγνωκότων
2825 1870 2994 1941 αὐτὴν
3018 1869 3170 1938 παρὰ
3208 1865 3386 1920 Ἐλδαῖ
3417 1865 3511 1918 καὶ
3536 1864 3686 1934 παρὰ

2103 1955 2334 2018 Τωϐίου,
2379 1957 2473 2010 καὶ
2516 1957 2668 2029 παρᾶ
2727 1957 2920 2010 Ἰδέουο
2970 1958 3069 2010 καὶ
3111 1955 3397 2026 είσελεύσῃ
3428 1956 3491 2007 σὺ
3523 1954 3580 2005 ἐν
3617 1955 3684 2023 τῇ

2103 2047 2288 2119 ἡμέρᾳ
2313 2047 2493 2119 ἐκείνῃ
2519 2052 2600 2112 είς
2626 2048 2717 2102 τὸν
2744 2044 2891 2102 οἶκον
2927 2048 3132 2102 Ἰωσίου
3171 2047 3265 2101 τοῦ
3297 2047 3550 2118 Σοφονίου
3585 2048 3683 2103 τοῦ

2104 2139 2332 2208 ἥκοντος
2365 2141 2430 2192 ἐκ
2463 2139 2813 2203 Βαϐυλῶνος·
2859 2141 2953 2194 καὶ
2980 2141 3122 2212 λήψῃ
3153 2139 3414 2211 ἀργύριον
3441 2143 3534 2196 καὶ
3559 2161 3689 2214 χρυ-

2109 2231 2243 2298 σίον,
2274 2233 2369 2284 καὶ
2396 2232 2640 2302 ποιήσεις
2684 2231 2966 2299 στέφανον,
3017 2232 3111 2284 καὶ
3143 2231 3428 2301 ἐπιθήσεις
3465 2234 3556 2286 ἐπὶ
3588 2219 3690 2304 τὴν

2108 2323 2349 2394 κεφαλὴν
2384 2323 2557 2393 Ἰησοῦ
2587 2323 2681 2377 τού
2719 2325 2965 2379 Ἰωσεδὲκ
2989 2324 3085 2378 τοῦ
3125 2326 3383 2396 μεγάλου,
3413 2326 3507 2379 καὶ
3543 2327 3691 2398 ἐρεῖς

2110 2416 2247 2486 πρὸς
2279 2416 2442 2469 αὐτόν
2462 2432 2474 2444 '
2509 2417 2648 2470 Τάδε
2684 2416 2831 2486 λέγει
2860 2416 3064 2487 Κύριος
3091 2419 3483 2490 παντοκράτωρ
3507 2434 3520 2448 ·
3561 2418 3690 2473 Ἰδοὺ

2108 2507 2267 2578 ἀνὴρ,
2309 2507 2566 2579 Ἀνατολὴ
2595 2507 2765 2579 ὄνομα
2795 2507 2964 2578 αὐτῷ,
3001 2509 3098 2563 καὶ
3142 2509 3494 2565 ὑποκάτωθεν
3522 2509 3692 2566 αὐτοῦ

2110 2598 2384 2662 άνατελεῖ,
2436 2599 2530 2652 καὶ
2582 2599 2926 2670 οἰκοδομήσει
2963 2599 3055 2654 τὸν
3099 2595 3248 2656 οἷκον
3304 2602 3546 2674 Κυρίου·
3601 2605 3696 2659 καὶ

2110 2690 2272 2753 αὐτὸς
2289 2689 2516 2761 λήψεται
2545 2690 2768 2761 ἀρετὴν.
2793 2691 2887 2743 καὶ
2907 2689 3176 2746 καθιείται
3199 2693 3292 2746 καὶ
3314 2678 3572 2764 κατάρξει
3602 2693 3696 2746 ἐπὶ

2113 2779 2304 2850 θρόνου
2343 2779 2550 2833 αὐτοῦ·
2605 2781 2698 2832 καὶ
2744 2779 2897 2832 ἔσται
2949 2780 2978 2832 ό
3029 2781 3208 2852 ίερεὺς
3253 2783 3317 2836 ἐκ
3350 2782 3560 2849 δεξιῶν,
3601 2785 3696 2838 καὶ

2117 2869 2278 2941 βουλὴ
2329 2869 2580 2941 εἰρηνικὴ
2629 2869 2782 2923 ἔσται
2829 2871 3103 2941 ἀναμέσον
3148 2873 3507 2944 ἀμφοτέρωνο
3563 2875 3594 2928 ὁ
3639 2875 3697 2928 δὲ

2117 2961 2377 3030 στέφανος
2422 2961 2575 3014 ἔσται
2605 2963 2718 3024 τοῖς
2753 2963 3086 3032 ὑπομένουσι
3116 2964 3211 3016 καὶ
3247 2967 3360 3029 τοῖς
3407 2966 3698 3037 χρησίμοις
3789 2999 3813 3027 ο

2115 3051 2285 3120 αὐτῆς
2316 3051 2410 3103 καὶ
2441 3053 2554 3112 τοῖς
2594 3048 2961 3118 ἐπεγνωκόσιν
3009 3051 3179 3123 αὐτήν
3199 3069 3214 3084 ο
3248 3055 3343 3108 καὶ
3375 3057 3457 3118 είς
3500 3056 3698 3126 χάριτα

431 3143 568 3197 bunt
620 3142 676 3196 in
727 3142 891 3198 domo
933 3142 1192 3198 Domini:
1234 3152 1290 3196 et
1335 3143 1523 3198 scietis
1583 3143 1710 3212 quia
1754 3142 2015 3197 Dominus

2120 3141 2235 3194 υἱοῦ
2265 3141 2538 3208 Σοφονίου,
2575 3141 2668 3194 καὶ
2706 3143 2788 3203 είς
2830 3140 3046 3212 ψαλμὸν
3075 3143 3210 3213 οίκῳ
3242 3144 3453 3214 Κυρίου
3473 3161 3489 3176 ο
3530 3147 3626 3198 καὶ
3650 3147 3700 3199 οἱ

431 3233 782 3302 omnipotens
824 3234 972 3290 misit
997 3249 1082 3289 me
1107 3233 1174 3288 ad
1203 3249 1322 3290 vos.
1362 3233 1426 3286 Et
1473 3234 1597 3299 erit,
1621 3235 1670 3290 si
1716 3235 2015 3290 exaudien-

433 3329 516 3378 tes
541 3323 896 3379 exaudieritis
926 3339 1114 3379 vocem
1150 3323 1366 3379 Domini
1405 3323 1495 3380 Dei
1526 3324 1721 3379 vestri.
1751 3343 1772 3377 ι

2125 3232 2342 3303 μακρὰν
2386 3232 2481 3286 ἀπ’
2514 3231 2693 3287 αὐτῶν
2736 3231 2952 3302 ἥξουσι,
3006 3232 3084 3304 (p.
3119 3233 3246 3306 478)
3282 3235 3377 3289 καὶ
3417 3238 3703 3308 οἰκοδομή-

2123 3341 2308 3378 σουσιν
2355 3325 2414 3376 ἐν
2463 3323 2542 3394 τῷ
2578 3325 2711 3398 οἴκῳ
2746 3323 2952 3395 Κυρίου
2976 3339 2991 3356 ο
3041 3325 3136 3378 καὶ
3171 3325 3443 3394 γνώσεσθε
3479 3329 3562 3381 ὅτι
3589 3329 3704 3382 Κύ-

437 3429 554 3485 ριος
605 3415 1002 3487 παντοκράτωρ
1053 3415 1364 3470 ἀπέσταλκε
1402 3432 1468 3489 με
1520 3412 1659 3486 πρὸς
1709 3416 1888 3487 ὑμᾶς·
1941 3413 2038 3469 καὶ
2085 3415 2237 3469 ἔσται
2281 3414 2376 3469 ἐὰν
2413 3415 2701 3479 ἀκούοντες
2735 3413 3093 3488 είσακούσητε
3132 3417 3233 3486 τῆς
3275 3421 3458 3489 φωνῆς
3495 3419 3701 3486 Κυρίου

434 3505 528 3559 τοῦ
561 3505 694 3559 Θεού
724 3505 897 3577 ὐμῶν.
937 3527 956 3560 ι

507 3593 978 3659 Quemadmodum
1022 3613 1154 3655 vero
1189 3600 1381 3656 beatus
1430 3599 1646 3671 Moyses
1689 3599 1928 3672 Egypto
1962 3613 2022 3655 e-

438 3699 683 3753 gressus,
715 3686 904 3741 divino
933 3689 1093 3756 jussu
1129 3690 1338 3759 accepit
1371 3705 1401 3743 a
1447 3691 1647 3761 populo
1677 3706 1799 3758 quaa
1827 3688 1895 3742 ad
1935 3699 2021 3743 ta-

437 3776 721 3832 bernaculi
772 3779 1059 3833 azdificium
1107 3789 1474 3852 ornatumque
1521 3780 1899 3844 conferebant,
1949 3781 2023 3834 ita

439 3865 632 3922 beatus
664 3885 882 3938 quoque
909 3869 1074 3939 319
1095 3869 1389 3927 Zacharias
1428 3871 1655 3941 jubetur
1701 3872 1956 3940 accipere
1993 3886 2024 3924 a

439 3955 741 4012 reducibus
779 3957 847 4013 de
895 3960 1231 4027 captivitate,
1279 3961 1394 4015 sive
1447 3962 1701 4027 ducibus,
1729 3960 1844 4016 sive
1882 3976 2020 4031 quo-

443 4046 744 4104 modolibet
782 4049 1063 4120 largiendo
1104 4051 1350 4117 idoneis,
1386 4052 1496 4108 into
1527 4054 1595 4110 ab
1628 4053 1900 4108 universis
1927 4052 2020 4122 qui

444 4143 676 4210 patriam
712 4153 1188 4210 recuperaverant.
1229 4142 1530 4214 Optimates
1558 4156 1715 4200 terrae
1737 4146 1871 4202 dicit
1899 4162 2017 4209 eos,

447 4229 540 4299 qui
569 4231 640 4286 ob
671 4247 799 4288 suas
822 4233 1042 4289 divitias
1085 4235 1336 4291 conferre
1365 4237 1572 4306 aliquid
1616 4237 1744 4292 huic
1777 4238 1902 4293 usui
1935 4254 2024 4293 va-

448 4322 652 4378 lebant.
691 4323 1102 4396 Cognoscentes
1143 4343 1274 4384 vero
1306 4343 1448 4396 eam,
1494 4330 1627 4385 dicit
1656 4330 1748 4401 qui
1774 4345 1915 4396 eam,
1968 4329 2024 4386 id

446 4422 532 4469 est
565 4417 816 4485 patriam,
841 4427 1326 4489 recuperaverant,
1352 4436 1452 4477 ceu
1496 4422 1590 4492 qui
1621 4431 1820 4492 praeter
1847 4437 2024 4492 spem,

2190 3597 2402 3668 Ὅνπερ
2434 3595 2499 3668 δὴ
2536 3598 2735 3668 τρόπον
2760 3599 2789 3653 ὁ
2830 3599 3098 3670 μακάριος
3126 3599 3335 3668 Μωσῆς
3370 3597 3705 3668 ἐξεληλυθὼς
3729 3639 3756 3658 ,-

2117 3689 2217 3759 τῆς
2257 3687 2555 3756 Αἰγύπτου,
2587 3687 2728 3741 κατὰ
2763 3690 3092 3760 πρόσταγμα
3122 3688 3264 3742 θεῖον
3312 3686 3504 3757 εἴληφε
3556 3688 3708 3758 παρὰ

2117 3777 2213 3831 τοῦ
2247 3775 2379 3831 λαοῦ
2409 3776 2478 3831 τὰ
2520 3779 2657 3848 πρὸς
2690 3779 3039 3848 κατασκευήν
3071 3795 3129 3830 τε
3157 3779 3250 3831 καὶ
3278 3777 3575 3848 εὐκοσμίαν
3605 3776 3706 3846 τῆς

2125 3867 2332 3938 σκηνῆς
2365 3867 2746 3931 συντελοῦντα,
2794 3869 2886 3921 τὸν
2921 3868 3084 3922 αὐτὸν
3116 3867 3179 3938 δὴ
3223 3869 3317 3920 καὶ⁸
3362 3870 3390 3922 ό
3437 3867 3706 3938 μακάριος

2125 3957 2400 4030 Ζαχαρίας
2446 3957 2722 4010 κελεύεται
2757 3959 2908 4029 παρὰ
2945 3957 3055 4010 τῶν
3105 3957 3168 4009 ἐκ
3199 3957 3297 4026 τῆς
3330 3955 3708 4026 αἰχμαλωσίας

2126 4049 2481 4119 ἐληλυθότων,
2536 4049 2646 4102 εἴτε
2683 4049 3019 4121 ἡγουμένων,
3056 4048 3156 4102 εἴθ’
3201 4049 3350 4112 ὅπως
3394 4047 3593 4118 δήποτε
3641 4046 3709 4101 δι’

2126 4141 2388 4210 εὐπορίαν
2417 4141 2742 4212 ἐπιτηδείων
2782 4141 2920 4212 πρὸς
2963 4138 3122 4193 τοῦτο
3166 4140 3261 4193 καὶ
3292 4139 3441 4211 παρὰ
3494 4138 3712 4192 πάντων

2127 4232 2190 4304 δὴ
2215 4232 2324 4287 τῶν
2357 4231 2492 4295 ὅλως
2521 4231 2898 4302 ἀπειληφότων
2923 4230 2991 4283 τὰ
3021 4231 3229 4283 οἰκεῖα·
3266 4229 3573 4302 χρησίμους
3615 4229 3714 4299 μὲν

2129 4324 2240 4396 γὰρ
2273 4323 2420 4393 λέγει
2450 4323 2549 4391 τῆς
2578 4324 2701 4394 γῆς,
2729 4323 2855 4386 τοὺς
2890 4320 2958 4374 δι’
2993 4321 3256 4392 εὐπορίαν
3285 4320 3714 4388 συνεισενεγκεῖν

2129 4433 2184 4470 τι
2211 4419 2275 4488 τῇ
2304 4416 2464 4489 χρείᾳ
2491 4413 2825 4484 δυναμένους
2844 4430 2858 4445 ο
2886 4412 3268 4481 ἐπεγνωκότας
3289 4412 3345 4466 δέ
3376 4410 3567 4481 αὐτὴν,
3587 4410 3715 4473 τοὺς

447 4520 511 4562 ca
545 4507 826 4580 deperdita
863 4512 1018 4580 potiti
1065 4519 1242 4568 erant.
1283 4509 1374 4567 Sic
1424 4514 1686 4568 nimirum
1731 4529 1762 4568 a
1796 4513 2016 4584 singulis

2125 4507 2506 4579 ἀπειληφότας
2534 4506 2726 4576 αὐτὴν,
2757 4505 2833 4569 ὡς
2871 4507 3001 4575 παρ’
3033 4503 3254 4568 ἐλπίδας
3285 4503 3610 4574 δεξαμένους
3648 4501 3717 4573 ἢν

450 4614 551 4668 pro
574 4615 674 4655 sua
707 4603 865 4671 copia
897 4602 1252 4660 oﬂ‘erentihus
1296 4605 1639 4676 accipiendo,
1673 4605 1896 4659 domum
1933 4602 2024 4658 Dei

451 4689 732 4745 conditum
763 4699 815 4746 et
847 4707 947 4762 pro
976 4694 1244 4764 dignitate
1273 4708 1600 4751 exornatum
1636 4694 1728 4749 iri.
1761 4693 2030 4750 Recitatis

453 4794 584 4834 vero
635 4781 848 4850 aliquot
911 4784 1076 4838 etiam
1127 4785 1412 4840 hominum
1473 4786 1791 4840 nominibus
1854 4785 1922 4839 ad
1977 4784 2030 4839 id

454 4869 692 4925 maxime
715 4872 1052 4938 idoneorum,
1098 4891 1221 4930 mox
1256 4875 1412 4945 jubet
1452 4876 1520 4930 ad
1555 4875 1720 4931 Josiaa
1747 4874 2029 4946 SOphonia

455 4961 568 5016 nati
603 4961 825 5018 domum
866 4965 1146 5032 accedere,
1181 4968 1286 5021 viri
1327 4967 1393 5023 de
1429 4966 1758 5038 Babylonica
1798 4965 2032 5036 captivi-

457 5061 571 5111 tate
600 5055 826 5118 reversi.
852 5063 1188 5127 czeterosque
1215 5072 1408 5114 omnes
1437 5059 1597 5127 copia
1621 5071 1806 5113 rerum
1835 5065 1890 5112 et
1917 5058 2035 5111 ala-

458 5146 655 5201 critate
685 5147 753 5202 ad
787 5163 926 5218 opus
969 5150 1299 5219 superantis.
1341 5150 1422 5204 Ab
1451 5149 1556 5204 hoc
1572 5157 1752 5205 autem
1770 5149 2038 5221 quidquid

458 5241 669 5308 argenti
701 5241 929 5310 aurique
960 5242 1215 5296 collatum
1251 5241 1449 5307 fuerit,
1483 5257 1742 5297 coronam
1771 5242 1896 5298 inde
1924 5241 2039 5297 ﬁeri

460 5333 578 5386 vult
612 5333 914 5389 sacerdotis
954 5333 1122 5404 capiti
1168 5334 1575 5404 imponendam,
1630 5335 1698 5389 ad
1745 5335 2040 5390 sacerdotii

463 5434 720 5479 ornatum
753 5440 818 5479 ac
861 5425 1050 5480 decus.
1085 5423 1196 5481 Hac
1231 5442 1355 5480 mox
1403 5426 1704 5482 sacerdotis
1737 5427 1900 5496 capiti
1939 5427 2041 5480 im-

469 5520 672 5588 posita,
706 5519 917 5573 moueri
955 5535 1079 5574 eum
1110 5519 1248 5585 vult,
1285 5528 1344 5575 ut
1372 5521 1439 5575 de
1469 5531 1616 5576 retro
1653 5521 1922 5590 expositis
1955 5534 2040 5575 re-

469 5609 576 5664 bus
626 5608 813 5682 multis
861 5624 926 5664 ac
973 5611 1227 5667 maximis
1287 5611 1540 5667 ﬁduciam
1585 5620 1788 5667 sumat.
1828 5611 2039 5666 Etenim

469 5697 651 5752 divina
698 5698 967 5755 sententia
1014 5700 1187 5755 virum
1232 5703 1571 5772 apparuisse,
1621 5703 1708 5755 cui
1754 5717 1824 5760 ex
1857 5716 2040 5756 rerum

472 5798 670 5845 eventu
700 5805 896 5847 nomen
934 5801 1018 5850 est
1047 5791 1276 5858 Oriens;
1307 5793 1437 5849 dicit
1471 5810 1596 5850 vero
1623 5793 2036 5856 Zorobabclcm,

2130 4600 2548 4655 ἀπολωλέκεσαν
2596 4599 2727 4669 ἢδη·
2783 4598 2925 4653 ὥστε
2989 4598 3142 4666 παρὰ
3195 4596 3401 4650 τούτων
3459 4595 3716 4649 ἁπάντων

2132 4692 2363 4745 ἑκάστου
2396 4691 2460 4761 δὴ
2492 4689 2561 4743 τὰ
2597 4690 2736 4743 κατὰ
2779 4688 3008 4760 δύναμιν
3035 4691 3380 4759 είσφέροντος
3412 4688 3596 4742 λαϐεῖν
3625 4687 3719 4742 ἐπὶ

2132 4785 2210 4855 τῷ
2241 4785 2332 4837 τὸν
2353 4779 2502 4837 οἷκον
2538 4783 2634 4836 τοῦ
2665 4783 2800 4837 Θεοῦ
2844 4783 3097 4852 γενέσθαι
3124 4800 3181 4836 τε
3223 4783 3315 4836 καὶ
3350 4781 3714 4853 κοσμηθῆναι,

2135 4875 2229 4928 καὶ
2273 4873 2416 4926 κατὰ
2446 4872 2507 4926 τὸ
2555 4873 2852 4944 προσῆκον.
2888 4874 3142 4946 Είρηκὼς
3184 4874 3240 4927 δέ
3273 4874 3368 4926 καί
3414 4889 3576 4926 τινων
3602 4873 3721 4925 ὀνο-

2137 4965 2341 5038 μασίας
2398 4963 2508 5018 τῶν
2571 4965 2806 5036 μάλιστα
2848 4965 2924 5029 ὡς
2984 4966 3134 5028 εἰκὸς
3176 4963 3533 5035 ἐπιτηδείων,
3582 4962 3720 5032 πρὸς

2134 5056 2292 5112 τοῦτο
2345 5057 2556 5110 κελεύει
2600 5059 2681 5122 είς
2720 5057 2812 5111 τὸν
2871 5057 3076 5111 Ἰωσίου
3125 5055 3220 5110 τοῦ
3267 5054 3521 5124 Σοφονίου
3571 5049 3720 5106 οἶκον

2135 5149 2538 5221 εἰσεληλυθότα,
2568 5149 2885 5220 ἐληλυθότος
2935 5150 3034 5220 μὲν
3064 5150 3129 5202 ἐκ
3159 5149 3259 5218 τῆς
3286 5146 3428 5201 κατὰ
3470 5146 3571 5217 τὴν
3613 5143 3721 5197 Βα-

2136 5239 2350 5294 ϐυλῶνα
2397 5241 2773 5311 αἰχμαλωσίας
2817 5240 2910 5293 καὶ
2960 5237 3151 5301 αὐτοῦ,
3197 5236 3457 5300 νικῶντος
3499 5236 3558 5289 δέ
3590 5234 3720 5296 τοὺς

2137 5331 2332 5395 ἄλλους
2366 5333 2460 5386 καὶ
2489 5332 2721 5404 εὐπορίᾳ
2749 5331 2846 5386 καὶ
2887 5332 2953 5402 τῇ
2985 5330 3115 5401 περὶ
3159 5329 3220 5382 τὸ
3251 5331 3485 5400 πρᾶγμα
3517 5324 3722 5398 προθυ-

2141 5424 2261 5496 μίᾳ.
2298 5423 2400 5476 Καὶ
2447 5425 2512 5496 δὴ
2559 5424 2928 5494 κομισάμενον
2971 5421 3234 5504 ἀργύριόν
3269 5437 3329 5474 τε
3359 5419 3454 5474 καὶ
3487 5416 3712 5490 χρυσίον

2140 5514 2336 5568 ὁπόσον
2385 5512 2634 5584 ἀναδιδῷ,
2695 5513 2957 5581 στέφανον
2992 5511 3052 5578 ἐξ
3100 5509 3263 5566 αὐτοῦ
3311 5507 3722 5564 κατασκευάσαι

2139 5606 2231 5662 τὸν
2253 5607 2560 5662 ἐπικεῖσθαι
2575 5607 2641 5677 τῇ
2657 5605 2752 5660 τοῦ
2769 5607 2813 5658 ίε
2823 5605 2961 5678 ρέως
2977 5605 3261 5674 ὀφείλοντα
3283 5601 3514 5673 κεφαλῇ,
3530 5601 3609 5662 είς
3623 5598 3723 5668 τὴν

2140 5698 2240 5767 τῆς
2261 5699 2563 5768 ίερωσύνης
2585 5695 2883 5766 εὐκοσμίαν
2914 5712 2974 5748 τε
3015 5695 3106 5749 καὶ
3129 5692 3480 5765 εὐπρέπειαν.
3505 5693 3562 5762 (p
3595 5688 3719 5760 479)

2144 5788 2344 5844 Τοῦτον
2389 5791 2443 5845 δὲ
2476 5789 2729 5860 γεγονότα
2760 5788 3027 5843 ἐπιθεῖναι
3064 5785 3168 5856 μὲν
3197 5789 3264 5858 τῇ
3291 5784 3381 5838 τοῦ
3415 5784 3602 5854 ἱερέως
3626 5796 3723 5874 ,κει
