4118 6476
411 399 513 456 541

1325 392 1890 454 COMMENTARIUS
1924 391 1992 451 IN
2028 388 2400 450 ZACIIARIJE
2433 386 2588 447 CAP.
2626 386 2740 445 VII.

3589 377 3697 435 5η

410 513 581 585 φαλῇ,
613 510 788 565 εἰπεῖν
809 510 866 566 δὲ
895 510 1032 584 πρὸς
1061 510 1224 565 αὐτὸν
1257 511 1334 576 ὡς
1375 512 1442 566 ἂν
1475 511 1603 583 περὶ
1638 511 1747 565 τῶν
1778 527 2002 582 προκει-
2031 564 2035 571 ,

2136 509 2175 564 ιι
2198 508 2432 578 regalem
2463 503 2836 575 principatum
2857 498 2926 555 ab
2960 496 3096 569 ipsis
3117 497 3284 552 rebus
3314 490 3485 566 gestis
3515 499 3698 561 splen-

412 603 618 675 μένων,
647 602 860 656 πολλῶν
883 620 944 656 τε
968 602 1137 656 όντων
1166 604 1261 656 καὶ
1285 603 1576 674 μεγίστων,
1600 602 1712 673 έχοι
1737 601 1962 674 θαρῥεῖν
1983 617 1998 630 ·

409 698 497 750 ὃτι
545 695 744 768 γνώμῃ
781 695 902 766 θείᾳ
951 695 1092 767 ἀνὴρ
1146 697 1543 765 ἀναπέφανται,
1591 689 1746 766 ᾧπερ
1803 697 1867 747 ἐκ
1906 691 2002 746 τοῦ

411 787 742 877 πράγματος
765 786 937 856 ὄνομα
977 787 1256 857 Ἀνατολή.
1285 788 1446 855 Λέγει
1473 787 1529 840 δὲ
1555 787 1646 840 τὸν
1673 783 2002 856 Ζοροϐάϐελ,

410 877 491 943 ὡς
517 875 738 949 ἐπὶίτῆς
771 878 1055 950 βασιλικῆς
1084 879 1380 951 ἡγεμονίας
1424 879 1495 932 δι’
1537 877 1717 932 αὐτῶν
1755 875 2006 947 λαμπρὸν

413 969 757 1041 φανούμενον
785 969 894 1023 τῶν
926 971 1270 1042 πραγμάτων
1290 989 1304 1000 ·
1341 987 1360 1022 ί
1401 969 1678 1022 ’Λνατελεῖ
1705 968 1783 1042 δὲ,
1817 968 2004 1039 φησὶν,

413 1060 775 1115 ὑποκάτωθεν
803 1041 1009 1115 αὐτοῦ)
1043 1083 1063 1117 ι
1088 1041 1212 1120 Ϋάντὶ
1241 1062 1358 1118 τοῦ·
1384 1063 1543 1115 Πᾶσα
1589 1041 1914 1132 λαμπρότης
1946 1058 2006 1125 ἐξ

413 1151 583 1205 αὐτοῦ
617 1153 904 1223 περιέσται
938 1153 1018 1225 τῷ
1056 1153 1250 1224 πλήθει
1294 1153 1404 1207 τῶν
1461 1153 1732 1207 Ἰουδαίων
1755 1169 1770 1183 ·
1813 1152 1906 1207 τόν
1946 1169 2009 1204 τε

412 1244 528 1314 γὰρ
561 1243 688 1296 ναὸν
721 1237 876 1308 οὗτος
901 1245 1267 1316 οἰκοδομήσει,
1299 1245 1392 1298 καὶ
1427 1246 1606 1298 πᾶσαν
1635 1245 1701 1299 ἐκ
1728 1244 1828 1312 τῆς
1860 1241 2011 1304 θείας

416 1337 594 1410 ῥοπῆς
627 1337 832 1408 ἀρετὴν
880 1338 1240 1409 περιθέμενος
1281 1339 1374 1391 ἐπὶ
1417 1337 1517 1409 τῆς
1543 1330 1831 1407 βασιλικῆς
1873 1331 2010 1387 καθ-

412 1429 583 1501 έδρας
614 1429 860 1501 διαμενεῖ
885 1428 1138 1501 βεϐαίως.
1187 1431 1282 1484 Ἐκ
1305 1430 1497 1483 τούτου
1519 1429 1582 1501 δή
1602 1445 1684 1482 σοι
1709 1427 1772 1481 τὸ
1787 1426 2012 1499 θαρρεῖν

417 1521 552 1593 περὶ
598 1520 710 1574 τῶν
761 1521 1139 1593 προκειμένων
1189 1522 1506 1591 περιέσται·
1561 1519 1662 1593 ἔσῃ
1707 1518 1816 1590 γὰρ
1861 1516 2013 1588 αὐτῷ

420 1612 562 1685 μετὰ
593 1612 797 1684 πολλῆς
834 1612 1008 1667 συνὼν
1037 1616 1139 1685 τῆς
1181 1615 1348 1685 τιμῆς
1368 1630 1382 1644 ·
1413 1612 1572 1667 τοῦτο
1610 1611 1720 1682 γὰρ
1753 1611 1902 1679 λέγει
1929 1610 2012 1675 τὸ,

425 1723 449 1757 α
497 1705 693 1759 Ἔσται
720 1708 786 1760 ἐκ
808 1705 998 1771 δεξιῶν
1020 1706 1210 1770 αὐτοῦ,
1244 1725 1262 1758 ›
1289 1706 1541 1776 ὁμονοίας
1574 1705 1634 1759 ἐν
1658 1702 2014 1775 ἀμφοτέροις,

419 1794 552 1865 ὑμῖν
598 1793 946 1866 κρατούσης·
981 1796 1058 1859 ὠς
1103 1795 1186 1848 σοί
1227 1811 1288 1847 τε
1337 1793 1407 1848 τά
1443 1794 1754 1866 πράγματα
1784 1793 1874 1846 διὰ
1914 1792 2016 1863 τῆς

2110 603 2238 658 dide
2250 604 2525 655 evectum.
2541 615 2560 648 ‹
2577 595 3015 658 Orieturautem,
3036 589 3235 661 inquit,
3247 587 3440 642 subter
3455 584 3662 655 ipsum;
3676 601 3695 632 ι

2110 697 2164 751 id
2183 704 2287 760 est,
2310 691 2552 750 Claritas
2579 687 2761 742 omnis
2801 700 2866 740 ex
2915 698 2981 737 eo
3013 683 3214 736 conliet
3247 680 3449 752 populo
3475 675 3696 732 Judaeu-

2084 802 2262 866 ‘rum;
2299 799 2427 838 nam
2465 782 2731 851 templum
2769 777 2858 832 hic
2883 774 3198 839 :ediﬁcabit,
3237 782 3289 828 et
3311 772 3461 827 omni
3492 771 3698 826 virtute

2111 879 2224 934 Deo
2257 877 2486 947 juvante
2507 882 2740 927 ornatus
2773 870 2830 924 in
2867 867 3036 938 regali
3074 866 3205 920 sede
3241 865 3485 918 manebit
3532 862 3699 916 firmi-

2111 980 2217 1028 ter.
2263 968 2404 1024 IIinc
2450 966 2549 1022 tibi
2583 961 2863 1019 conlidere
2909 959 3190 1031 praedictis
3251 959 3419 1012 rebus
3475 956 3696 1023 licebit;

2109 1063 2314 1121 etenim
2348 1075 2535 1117 secum
2567 1058 2742 1112 multo
2771 1069 2897 1110 cum
2920 1054 3132 1107 honore
3161 1052 3496 1108 versaberis.
3541 1046 3704 1102 Nam-

2105 1155 2220 1226 'que
2241 1156 2314 1207 ita
2345 1153 2534 1205 valent
2575 1147 2765 1213 verba,
2804 1165 2821 1198 ι
2851 1146 2891 1201 Α
2925 1143 3138 1200 dextris
3189 1143 3312 1213 ejus
3360 1141 3487 1204 erit,
3517 1160 3535 1192 ι
3567 1154 3704 1193 con-

2112 1247 2303 1303 cordia
2338 1245 2482 1299 inter
2519 1258 2618 1297 vos
2655 1239 2848 1294 ambos
2882 1242 3294 1307 perseverante,
3344 1235 3418 1288 ita
3449 1243 3506 1288 ut
3533 1241 3586 1287 ct
3614 1246 3705 1286 res

2112 1347 2222 1394 tua:
2245 1337 2445 1407 regalis
2507 1340 2830 1404 potentatus
2882 1345 2984 1398 Ope
3017 1328 3146 1382 [iant
3194 1327 3470 1388 meliores,
3519 1335 3569 1380 et
3612 1323 3706 1379 ille

2117 1439 2341 1503 propter
2367 1438 2524 1483 tuum
2554 1422 2929 1481 sacerdotium
2963 1420 3152 1475 divino
3181 1417 3509 1472 fulcimento
3551 1415 3707 1469 frua-

2118 1528 2229 1575 tur.
2289 1517 2408 1573 Jam
2459 1526 2515 1574 et
2546 1515 2817 1584 impositae
2864 1525 3087 1566 coronae
3139 1517 3524 1563 ornamentum
3558 1503 3707 1559 haud

2120 1613 2220 1667 tibi
2254 1610 2361 1680 ipsi
2417 1617 2656 1672 tantum,
2691 1603 2785 1660 sed
2811 1602 3072 1662 universo
3107 1601 3309 1670 populo
3344 1598 3492 1652 laudi
3543 1597 3710 1667 320

2117 1704 2247 1769 erit,
2271 1702 2513 1757 divinam
2547 1713 2698 1768 spem
2734 1711 2846 1767 pra:
2872 1694 3052 1750 oculis
3090 1692 3313 1747 habenti
3341 1698 3397 1746 et
3433 1704 3580 1743 nunc
3609 1703 3710 1759 pro

2117 1797 2331 1851 viribus
2381 1791 2449 1847 ad
2508 1789 2697 1860 templi
2758 1786 3053 1843 aedilicium
3121 1784 3320 1854 stipem
3375 1780 3708 1870 conferenti,

421 1872 712 1980 βασιλικῆς
732 1883 984 1980 ἐξουσίας
1008 1886 1254 1956 γίνεσθαι
1285 1887 1421 1958 ῥᾴω,
1453 1885 1660 1939 ἐκεῖνόν
1698 1901 1761 1937 τε
1790 1882 1880 1937 διὰ
1916 1884 2018 1955 τῆς

2136 1885 2405 1959 Ξοριιοηίτι
2452 1883 2506 1937 in
2551 1881 2748 1952 primis
2799 1886 3018 1933 tantum
3075 1876 3156 1930 rei
3195 1873 3440 1928 studium
3503 1885 3614 1942 prae
3652 1885 3714 1926 se

421 1975 874 2048 cﬁ;‘tspoupy£a;
920 1977 1122 2049 πολλῆς
1168 1977 1457 2048 τυγχάνειν
1494 1976 1596 2047 τῆς
1629 1975 1778 2038 θείας
1818 1973 2015 2047 ῥοπῆς.

433 2066 497 2121 ὐ
529 2066 588 2121 δέ
618 2068 778 2137 γε,ἐκ
814 2068 909 2122 τοῦ
938 2069 1318 2141 περιτεθέντος
1348 2069 1616 2138 στεφάνου
1657 2067 1884 2138 κόσμος,
1916 2067 2019 2120 οὐκ

421 2160 592 2216 αὐτοῦ
625 2162 812 2233 μόνον,
848 2164 1052 2228 παντὸς
1091 2165 1150 2219 δέ
1188 2165 1412 2228 ἔπαινος
1439 2163 1592 2217 ἔσται
1639 2162 1735 2216 τοῦ
1781 2161 2020 2232 πλήθους

420 2250 536 2305 τῶν
559 2269 618 2306 τε
654 2253 792 2326 πρὸς
818 2256 918 2327 τὴν
951 2255 1106 2324 θείαν
1132 2257 1386 2329 ὁρώντων
1420 2255 1632 2319 ἐλπίδα,
1657 2253 1893 2309 καὶιτῶν
1924 2252 2021 2310 νῦν

419 2343 496 2399 τὰ
540 2346 870 2419 ἐνδεχόμενα
913 2348 1377 2420 συμϐαλλομένων
1410 2348 1546 2422 πρὸς
1578 2346 1678 2416 τὴν
1721 2346 1816 2400 τοῦ
1867 2346 2021 2400 οἴκου

423 2438 800 2506 κατασκευὴν,
845 2441 941 2494 καὶ
994 2439 1100 2513 πρό
1135 2457 1200 2509 γε
1239 2440 1460 2493 πάντων
1491 2438 1586 2493 τοῦ
1615 2438 1871 2508 Σοφονίου
1894 2455 2022 2492 τοσ-

424 2528 602 2603 αύτην
635 2531 1075 2604 ἐπιδεδειγμένον
1122 2534 1223 2604 τὴν
1268 2531 1604 2603 φιλοτιμίαν.
1655 2532 1723 2584 Ἃ
1749 2530 1813 2601 δὴ
1844 2531 2022 2585 πάντα

424 2622 624 2693 γέγονέ
674 2641 736 2678 τε
784 2625 883 2680 καὶ
930 2626 1163 2695 γίνεται,
1203 2625 1280 2690 ὡς
1325 2625 1395 2680 ἂν
1437 2621 1693 2695 διηνεκὴς
1721 2623 1757 2694 ῆ
1814 2640 1875 2677 τε
1914 2625 2025 2676 τῶν

430 2713 628 2787 ἱερέων
654 2713 992 2790 λειτουργία,
1024 2718 1119 2772 καὶ
1151 2720 1201 2772 οἱ
1236 2717 1327 2772 διά
1368 2716 1481 2770 τῶν
1527 2714 1820 2768 συνιόντων
1865 2713 2026 2787 ὕμνοι

428 2808 574 2880 πρὸς
599 2811 692 2866 τὸν
724 2811 860 2866 Θεὸν
889 2811 1300 2884 ἐκπληροῦσθαι
1343 2811 1611 2865 δύναιντο.
1647 2808 1724 2880 (p.
1759 2806 1885 2878 680)
1918 2807 2028 2861 Καὶ
2057 2873 2061 2879 η

2123 1979 2358 2036 ferente.
2387 1976 2520 2042 Quae
2551 1974 2738 2027 omnia
2772 1978 2828 2026 et
2860 1969 3004 2024 facta
3043 1973 3173 2023 sunt
3203 1973 3259 2020 et
3295 1967 3456 2029 liunt,
3503 1972 3564 2017 ut
3597 1977 3716 2031 per-

2124 2080 2348 2142 petuum
2380 2065 2730 2122 sacerdotum
2769 2063 2841 2117 sit
2884 2059 3279 2124 ministerium,
3323 2063 3379 2110 et
3412 2068 3717 2124 congrega-

2123 2172 2306 2218 torum
2355 2163 2409 2214 in
2442 2158 2644 2228 templo
2675 2154 2864 2226 hymni
2911 2153 2980 2207 ad
3022 2151 3193 2207 Deum
3233 2148 3422 2206 extolli
3475 2147 3713 2219 possint.

2125 2253 2239 2308 Imo
2271 2260 2324 2306 ct
2357 2249 2687 2321 longinquos
2721 2245 2993 2316 plurimos
3038 2244 3148 2298 huc
3178 2250 3582 2296 concurrentes
3629 2239 3718 2293 vi-

2128 2345 2356 2409 debitis,
2391 2341 2699 2414 symbolam
2747 2349 2904 2394 suam
2958 2335 3028 2390 ad
3059 2333 3246 2405 templi
3301 2330 3720 2388 adiﬁcationem

2128 2437 2500 2495 conferentes.
2571 2432 2755 2499 Quare
2805 2445 2873 2486 ex
2923 2428 3084 2484 factis
3141 2425 3281 2497 ipsis
3353 2424 3720 2496 perspicuum

2130 2530 2388 2587 omnibus
2428 2527 2517 2582 [iet
2556 2541 2644 2581 me
2690 2523 2789 2579 Dei
2847 2521 3122 2578 sententia
3157 2521 3274 2576 haec
3322 2519 3721 2574 nuntiaturum

2130 2622 2199 2679 ad
2223 2637 2321 2680 vos
2350 2619 2601 2685 venisse;
2638 2631 2762 2688 quae
2787 2614 3014 2686 quidem
3066 2614 3277 2668 exitum
3329 2625 3493 2666 suum
3539 2607 3728 2663 nanci-

2133 2713 2376 2779 sceiitur,
2406 2712 2452 2767 si
2481 2727 2580 2766 vos
2615 2722 2764 2766 certe
2787 2706 3052 2779 legitimis
3085 2705 3223 2760 meis
3241 2704 3564 2760 obedientes
3593 2716 3729 2755 con-

2136 2814 2351 2862 stanter
2380 2803 2620 2859 fueritis.

428 2900 546 2976 γὰρ
591 2902 658 2975 δὴ
700 2904 797 2958 καὶ
843 2905 954 2959 τῶν
985 2881 1270 2977 πὸνρῥωθεν
1309 2903 1480 2958 ὄντων
1517 2900 1807 2964 πλείστους
1839 2901 1998 2965 ὅσους
2038 2900 2430 2974 συντρέχοντας
2457 2896 2676 2967 ὄψεσθε,
2707 2893 2779 2948 τὰ
2818 2892 2947 2965 παρ’
2981 2889 3188 2944 ἐαυτῶν
3221 2889 3300 2952 είς
3324 2886 3422 2959 τὴν
3453 2884 3548 2939 τοῦ
3578 2881 3729 2937 οἴκου

433 2975 891 3069 συνεισφέροντας
917 2975 1240 3069 οἰκοδομήν·
1278 2997 1354 3062 ὡς
1395 2997 1456 3062 ἐξ
1484 2995 1664 3048 αὐτῶν
1696 2991 1963 3064 πρόδηλον
1995 2992 2167 3047 ἅπασι
2213 2990 2466 3060 γενέσθαι
2513 2988 2623 3042 τῶν
2668 2985 3036 3058 πραγμάτων,
3084 2982 3166 3036 δτι
3210 2979 3407 3053 γνώμῃ
3453 2975 3588 3031 Θεοῦ
3635 2975 3733 3030 νῦν

430 3089 928 3160 εὐαγγελιούμενος
955 3090 1101 3162 ὑμᾶς
1122 3089 1361 3160 ἐλήλυθα
1389 3091 1582 3155 ταῦτα,
1610 3086 1756 3158 ἅπερ
1795 3082 1889 3140 οὖν
1918 3084 2015 3140 καί⁹
2048 3083 2186 3158 πρὸς
2218 3087 2392 3158 πέρας
2420 3080 2722 3148 ἐλεύσεται,
2753 3078 2959 3148 ἐάνπερ
2990 3073 3305 3147 διαμείνητε
3341 3075 3454 3136 τοῖς
3479 3069 3735 3142 νομίμοις

429 3186 836 3251 ἐσπουδακότες
861 3184 1146 3240 πείθεσθαι
1174 3185 1293 3248 τοῖς
1316 3185 1492 3257 ἐμοῖς.

1201 3302 1271 3356 ἒΦ.
1311 3295 1390 3356 Z'.

1201 3338 1204 3340 η
1255 3337 1271 3353 .
1311 3302 1390 3356 Z'.

511 3393 663 3466 Στίχ.
717 3391 860 3448 α’-ε’.
900 3424 973 3434 —
1007 3302 1367 3453 ΜετξΕὲλῦτο
1411 3391 1585 3462 λέγει,
1629 3389 1877 3461 τετάρτῳ
1925 3386 2038 3441 ἔτει

438 3479 822 3562 βασιλεύοντος
873 3487 1102 3559 Δαρείου
1149 3485 1489 3541 ἀπεστάλθαι
1547 3484 1648 3555 μέν
1702 3499 1854 3545 τινας
1908 3480 2066 3551 παρ’,

357 3632 360 3633 ν
437 3583 600 3638 ἐνίων
638 3581 748 3636 τῶν
778 3583 837 3637 ἐν
869 3583 982 3645 τοῖς
1011 3578 1316 3652 ἀλλοτρίοις
1361 3578 1457 3632 τοῦ
1515 3571 1912 3648 ἰσραηλιτικοῦ
1945 3571 2041 3642 βα-

443 3675 796 3741 σιλευόντων,
833 3674 975 3745 πρὸς
1010 3674 1137 3736 τοὺς
1183 3672 1277 3725 ἐπὶ
1325 3671 1424 3742 τῆς
1469 3667 1827 3741 Ἰερουσαλὴμ
1877 3667 2042 3736 ἱερεῖς

441 3786 504 3824 τε
549 3769 645 3822 καὶ
691 3769 1010 3838 προφήτας·
1060 3764 1204 3818 ῶστε
1249 3758 1605 3830 ἐξιλάσασθαι
1641 3760 1740 3832 μέν
1769 3758 1903 3812 Θεὸν
1943 3756 2068 3809 θυοδ

441 3861 591 3924 σίαις
625 3861 768 3932 ὑπὲρ
806 3853 883 3915 ὧν
911 3859 1261 3930 ἡμαρτηκόσι
1293 3855 1593 3927 συνῄδεσαν
1626 3854 1839 3915 ἐαυτοῖς
1860 3868 1873 3882 ·
1902 3852 2043 3921 ἐρω-

440 3953 612 4022 τῆσαι
639 3953 696 4007 δὲ
741 3953 836 4006 καὶ
878 3951 1068 4022 μαθεῖν
1096 3952 1146 4005 εί
1172 3951 1265 4004 τὸν
1295 3951 1495 4003 οἰκεῖον
1525 3945 1797 4018 ἀπείληφε
1840 3943 2045 4014 κόσμον

442 4047 478 4100 ὁ
507 4045 602 4100 τοῦ
649 4043 786 4098 Θεοῦ
823 4044 974 4108 ναὸς,
1015 4043 1092 4108 ὡς
1141 4042 1208 4097 ἂν
1233 4042 1329 4097 καὶ
1372 4043 1496 4104 ταῖς
1548 4037 1921 4110 καθηκούσαις
1953 4033 2048 4088 ἐπὶ

441 4140 516 4210 τῇ
542 4137 637 4193 τοῦ
686 4137 835 4192 θείου
877 4135 1151 4208 θεραπείᾳ
1176 4136 1474 4206 χρήσαιντο
1520 4131 1820 4204 νηστείαις.
1864 4129 2048 4199 Ὅπερ

443 4222 544 4281 οὖν
583 4226 678 4282 καὶ
723 4226 1093 4296 πεποιήκασιν
1139 4224 1234 4278 ἐπὶ
1269 4223 1480 4276 πλείοσι
1526 4223 1641 4285 τοῖς
1682 4220 1860 4273 ἐτεσιν
1907 4217 2045 4290 ήδη·

444 4320 740 4390 γεγονότος
785 4317 844 4372 δὲ.
881 4316 1071 4371 τούτου
1118 4315 1250 4388 παρ’
1291 4315 1538 4378 ἐκείνων,
1570 4312 1667 4366 καὶ
1705 4311 1769 4382 δὴ
1801 4310 1896 4363 καὶ
1939 4308 2050 4362 τῶν

447 4413 888 4485 ἀπεσταλμένων
931 4411 1216 4481 παρόντων
1257 4427 1318 4463 τε
1353 4407 1448 4463 καὶ
1481 4407 1580 4476 τὴν
1625 4405 1816 4478 χρείαν
1848 4403 2053 4474 ἐκπλη-

451 4509 695 4584 ρούντων
725 4506 810 4576 ἐφ’
839 4499 983 4579 ᾗπερ
1016 4500 1157 4576 ἦσαν
1195 4499 1621 4570 ἀπεσταλμένοι,
1662 4499 1730 4553 δι’
1771 4496 2052 4552 ἀποκαλύ-

447 4603 602 4673 ψεως
628 4602 750 4666 οἵας
795 4599 873 4671 τῷ
907 4599 1166 4671 προφήτῃ
1209 4594 1574 4664 κελευσθῆναι
1607 4591 1780 4647 ταῦτα
1810 4589 1952 4662 πρός
1993 4606 2054 4643 τε

447 4696 548 4752 τὸν
580 4695 709 4750 λαδν
739 4694 957 4748 ἅπαντα
989 4691 1089 4761 τῆς
1118 4690 1224 4761 γῆς
1268 4688 1364 4742 καὶ
1393 4688 1520 4750 τοὺς
1551 4687 1719 4756 ἱερεῖς
1760 4681 2053 4754 διαλεχθῆ-

450 4805 578 4844 ναι·
613 4788 761 4858 ἆπερ
786 4781 880 4840 οὖν
909 4782 1200 4846 κάκείνους
1233 4779 1426 4852 μαθεῖν
1460 4778 1736 4850 παρόντας
1762 4775 1954 4847 ἐχρῆν,
1978 4773 2056 4839 ὡς

452 4880 528 4936 ἂν
555 4879 619 4934 τὸ
647 4877 967 4949 λεγόμενον,
1018 4873 1096 4946 μὴ
1139 4872 1250 4926 τῶν
1296 4870 1514 4926 οίκείων
1552 4870 1735 4941 μόνον,
1781 4866 1920 4922 ἀλλὰ
1961 4865 2060 4921 καὶ

449 4970 570 5026 τῶν
615 4968 958 5041 ἐληλυθότων
998 4965 1098 5038 ἔχῃ
1129 4962 1502 5020 διδασκαλίαν.
1544 4958 1656 5016 τΗν
1686 4960 1744 5015 δέ
1785 4959 1855 5016 τὰ
1898 4957 2060 5029 λεγό-

458 5078 605 5134 μενα
648 5059 858 5114 ταῦτα·
903 5057 980 5112 Οὐ
1029 5055 1234 5126 σπουδή
1297 5069 1420 5125 μοι,
1475 5052 1643 5122 φησὶ,
1697 5048 2064 5122 νηστεύοντας

459 5157 611 5227 ὑμᾶς
663 5153 760 5208 καὶ
799 5149 1170 5223 κοπτομένους
1222 5147 1476 5219 βλέπειν·
1507 5146 1569 5201 οὗ
1608 5143 1718 5216 γὰρ
1755 5146 1814 5198 ἐν
1852 5142 2065 5206 τούτοις

454 5249 565 5322 τὴν
601 5244 841 5320 ἐμαυτοῦ
893 5244 1117 5314 τίθεμαι
1167 5239 1504 5314 θεραπείαν·
1555 5236 1648 5291 ἐπὶ
1690 5233 2066 5308 ἐϐδομήκοντα

457 5342 599 5414 γοῦν
628 5344 739 5405 τοῖς
786 5339 961 5394 ἐτεσιν
1006 5340 1065 5393 ἐν
1093 5337 1162 5409 τῇ
1194 5329 1548 5405 αἰχμαλωσίᾳ.
1590 5327 1896 5398 γεγονότες,
1943 5323 2066 5378 οὐδὲ

465 5437 602 5510 μίαν
627 5433 976 5502 ἐπεδείξασθε
1002 5431 1261 5505 νηστείαν
1281 5447 1294 5460 ·
1331 5426 1407 5500 (p.
1443 5423 1572 5496 481)
1605 5421 1701 5476 καὶ
1731 5421 1882 5492 ὅμως
1910 5416 2066 5472 οὐδὲν

461 5528 681 5586 τοιοῦτο
709 5529 841 5602 παρ’
867 5525 1022 5600 ὑμῶν
1049 5527 1302 5596 αἰτήσας,
1336 5514 1810 5593 μεταϐαλομένους
1829 5511 1932 5582 τῆς
1966 5527 2061 5565 κα-

466 5619 598 5684 κίας
647 5598 807 5682 ίδὼν,⁷
839 5598 1266 5686 ἀποκατέστησα
1314 5611 1426 5674 τοῖς
1474 5606 1733 5670 οἰκείοις·
1789 5602 1901 5657 εἴτε
1957 5598 2068 5671 γὰρ

2062 3278 2171 3341 C..

2780 3258 2934 3318 CAP.
2977 3255 3092 3315 VII.

2215 3383 2382 3442 Vens.
2438 3380 2571 3438 1—5.
2611 3409 2683 3422 ——
2717 3377 2916 3433 Postea
2987 3373 3124 3429 dicit
3175 3377 3378 3443 quarto
3441 3367 3594 3424 Darii
3644 3380 3736 3423 re-

2140 3479 2362 3552 gnantis
2392 3492 2536 3530 anno
2567 3473 2770 3528 missos
2819 3468 2994 3523 fuisse
3042 3465 3262 3535 aliquos
3319 3477 3351 3517 a
3401 3457 3737 3532 quibusdam

2141 3551 2234 3644 qui
2261 3572 2404 3626 inter
2437 3567 2779 3635 alienigenas
2806 3558 3122 3616 Israeliticae
3142 3554 3292 3627 genti
3326 3551 3738 3624 imperitabant,

2143 3665 2212 3720 ad
2237 3661 2554 3719 sacerdotes
2594 3659 2647 3711 in
2680 3655 2820 3710 urbe
2847 3650 3190 3707 Hierusalem
3225 3657 3389 3718 atque
3414 3645 3741 3715 prophetas,

2145 3766 2206 3813 ut
2245 3755 2416 3811 Deum
2453 3749 2743 3807 sacriﬁciis
2770 3747 3171 3817 placarentpro
3203 3739 3321 3795 suis
3351 3750 3586 3809 quorum
3603 3749 3740 3790 cono

2147 3850 2248 3907 scii
2279 3852 2440 3902 erant
2475 3842 2751 3916 peccatis;
2785 3847 2954 3909 atque
2983 3845 3042 3891 ut
3073 3833 3431 3904 exquirerent
3466 3842 3599 3884 num
3650 3839 3744 3882 sa-

2148 3943 2222 3999 tis
2254 3939 2621 3996 conveniente
2650 3940 2850 3989 ornatu
2879 3928 3146 4000 templum
3164 3924 3264 3980 Dei
3289 3925 3626 3979 instructum
3663 3933 3746 3974 es-

2151 4041 2256 4100 set,
2277 4046 2389 4103 quo
2423 4029 2528 4101 ipsi
2562 4025 2626 4081 ad
2663 4025 2758 4080 Dei
2795 4024 3064 4078 honorem
3091 4031 3335 4089 congrua
3362 4013 3574 4086 jejunia
3608 4024 3743 4080 per-

2152 4100 2415 4197 agerent;
2449 4100 2594 4190 quod
2634 4115 2888 4188 pluribus
2919 4114 3032 4184 jam
3073 4109 3234 4166 annis
3285 4107 3551 4163 fecerant.
3585 4100 3746 4168 Quod

2152 4195 2277 4272 cum
2312 4214 2393 4270 illi
2436 4213 2708 4284 egissent,
2754 4205 3128 4280 praesentibus
3175 4201 3268 4274 qui
3307 4199 3465 4255 missi
3505 4195 3748 4257 fuerant,

2121 4315 2210 4377 ‘e_t
2238 4305 2456 4377 negotio
2488 4303 2650 4374 cujus
2697 4314 2866 4356 causa
2914 4302 3182 4352 venerant
3229 4299 3478 4364 peracto,
3525 4303 3620 4358 per
3663 4300 3752 4342 re-

2153 4399 2484 4456 velationcm
2513 4394 2782 4466 propheta
2828 4392 3021 4461 jussus
3055 4396 3140 4443 est
3191 4386 3308 4440 haec
3356 4381 3542 4439 omnia
3601 4377 3751 4450 apud

2155 4491 2476 4549 universum
2505 4493 2665 4541 terrae
2696 4481 2956 4554 pupulum
2984 4473 3414 4544 sacerdotesque
3434 4473 3749 4530 enuntiare,

2161 4599 2284 4656 quae
2309 4581 2522 4639 scilicet
2551 4578 2705 4649 ipsos
2736 4589 2956 4646 quoque
2999 4571 3144 4626 scire
3179 4566 3505 4638 oportebat;
3535 4571 3595 4616 ut
3631 4575 3754 4631 qua:

2161 4654 2503 4737 dicerentur,
2541 4686 2650 4725 non
2675 4665 3036 4740 popularibus
3083 4671 3325 4725 tantum,
3356 4672 3546 4714 verum
3586 4654 3756 4709 etiam

2164 4765 2396 4824 advenis
2433 4759 2755 4832 magisterio
2788 4755 2992 4811 forent.
3025 4751 3198 4807 Erant
3220 4758 3403 4805 antem
3440 4749 3588 4805 dicta
3602 4746 3749 4823 haec:

2160 4858 2253 4916 Nil
2282 4871 2405 4913 mea
2430 4855 2664 4910 interest
2679 4850 3000 4922 jejunantes
3030 4859 3126 4899 vos
3157 4851 3210 4897 et
3241 4845 3523 4914 gementes
3546 4835 3757 4902 videre;

2165 4969 2345 5027 neque
2378 4953 2526 5009 enim
2562 4950 2618 5004 in
2663 4947 2753 5004 his
2799 4945 2987 5000 cultus
3026 4942 3132 4998 mei
3187 4940 3458 4996 rationem
3514 4933 3755 5007 positam

2163 5021 2288 5104 esse
2310 5043 2522 5116 judico.
2550 5041 2712 5096 Certe
2739 5036 2902 5091 annis
2937 5030 3286 5104 septuaginta
3321 5025 3639 5098 captivitate
3665 5021 3763 5077 de-

2163 5112 2538 5197 tenti'uullum
2567 5131 2841 5204 jejunium
2882 5124 3265 5190 obscrvastis;
3311 5127 3554 5175 attamen
3595 5112 3759 5186 321

2165 5230 2305 5288 nihil
2330 5223 2651 5299 hujusmodi
2697 5237 2727 5277 a
2761 5220 2916 5275 vobis
2946 5224 3229 5287 expetens,
3299 5218 3592 5284 postquam
3645 5204 3760 5259 vidi

2168 5338 2202 5379 a
2247 5297 2500 5393 nequitia
2555 5315 2975 5386 resipiscentes,
3033 5309 3088 5363 in
3134 5304 3368 5376 patriam
3423 5297 3765 5371 postliminio

2172 5389 2452 5471 revocavi.
2496 5409 2634 5465 Nam
2681 5422 2780 5463 seu
2813 5419 2913 5459 vos
2950 5397 3254 5457 coniedatis
3313 5404 3477 5466 atque
3537 5389 3764 5454 bibatis,

2174 5509 2293 5568 sive
2322 5519 2508 5572 secus,
2545 5507 2728 5558 vestra
2774 5505 2860 5554 est
2890 5489 3212 5551 comedendi
3252 5488 3528 5559 voluptas,
3581 5491 3765 5540 vestra

2175 5601 2306 5657 item
2335 5613 2366 5653 a
2389 5591 2732 5652 comedendo
2758 5585 3130 5650 abstinentia;
3177 5580 3310 5638 mihi
3340 5593 3472 5635 vero
3506 5575 3643 5633 nulli
3671 5589 3766 5633 res

468 5667 1084 5784 φάξοιὲῖᾇιᾎιιᾯιὸὶὲέ,
1118 5667 1229 5761 εἴτε
1284 5699 1379 5759 καὶ
1407 5667 1522 5773 μὴ,
1577 5667 1821 5771 ὑμετέρα
1867 5667 1981 5767 μὲν⁷
2007 5711 2035 5747 τ

2178 5687 2498 5764 hujnsmodi
2530 5699 2680 5741 cura:
2705 5688 2854 5738 sunt.
2882 5678 3064 5750 Atque
3083 5682 3144 5732 ut
3170 5671 3425 5731 ostendat
3449 5667 3596 5726 haud
3620 5679 3768 5726 nunt.

472 5773 675 5877 ᾧαγεῖν
721 5804 1047 5867 ἀπόλαυσις,
1095 5798 1339 5872 ὑμετέρα
1385 5795 1442 5849 δέ
1487 5794 1584 5848 καὶ
1628 5791 1691 5846 τὸ
1745 5789 1820 5863 μὴ
1871 5787 2035 5858 φαγεῖ

2179 5784 2418 5857 primum
2445 5778 2564 5835 haec
2593 5776 2702 5832 illis
2734 5773 2918 5830 dicere
2943 5787 2960 5832 ς

477 5851 670 5877 τν-ινν-
723 5851 1047 5867 *ν’-ν---τ-ν-νν
1103 5851 1223 5872 -ιην
1269 5851 1289 5870 ιν
1745 5851 1758 5861 .
1808 5851 1820 5863 .
1885 5851 1896 5858 .
1962 5851 1974 5857 -
2183 5851 2198 5857 -

477 5898 769 5972 στέρησις;
795 5895 918 5968 ἐμοὶ
949 5894 1006 5950 δέ
1045 5891 1202 5962 λόγος
1240 5886 1446 5943 τούτων
1475 5883 1670 5950 οὐδείς.
1707 5881 1818 5938 Καὶ
1857 5877 2074 5942 δεικνὺς
2117 5879 2200 5934 ὅτι
2228 5875 2290 5932 οὐ
2318 5871 2414 5930 νῦν
2437 5867 2615 5929 ταῦτα
2654 5864 2873 5940 πρῶτον
2906 5877 3044 5934 φησι
3070 5856 3206 5930 πρὸς
3245 5851 3473 5917 αὐτούς·
