4118 6472
428 323 537 383 545

1593 338 1947 401 THEODORI
1984 339 2470 401 MOPSUESTENI

3562 336 3694 402 ’ΒΗ

496 451 668 512 Vns.
720 454 875 512 6—l2.
910 487 978 500 -—
1013 474 1034 510 ι
1073 455 1287 526 Nonne,
1339 458 1438 529 ait,
1486 458 1595 516 ista
1640 462 1802 519 verba
1860 470 2010 531 sunt,

2186 442 2336 537 Στίχ.
2369 466 2537 537 ς’-ιβ’.
2565 496 2631 508 -
2659 484 2677 519 ι
2715 466 2827 538 Οὐχ
2861 458 3009 520 οὗτοι
3036 466 3085 519 οἰ
3111 462 3259 533 λόγοι
3282 460 3420 517 εἰσὶν
3445 459 3539 527 οὓς
3579 462 3695 518 ιλά·

426 562 551 617 quae
582 548 800 604 locutus
832 557 917 604 est
944 548 1209 605 Dominus
1237 550 1293 606 in
1332 552 1590 611 manibus
1618 554 2013 626 prophetarum

428 639 524 708 qui
557 637 778 694 fuerunt
811 640 986 711 prius,
1021 642 1245 712 quando
1277 641 1620 701 Hierusalem
1651 647 1853 716 populo
1894 647 2013 717 opi-

427 729 642 799 busque
679 731 970 789 adluebat:
1007 733 1248 805 itemque
1292 735 1495 806 oppida
1536 736 1656 807 ejus
1696 738 1924 792 ﬁnitima
1958 745 2014 795 et

429 828 691 876 montana
720 830 774 876 et
816 824 1150 894 campestria
1197 825 1394 882 incolis
1430 825 1957 899 frequentabantur?
1988 850 2008 882 ι

428 910 557 967 Haec
587 923 643 968 et
683 914 841 982 olim,
884 916 1088 986 inquit,
1122 933 1220 988 per
1251 920 1548 990 pr0pbetas
1572 921 1703 975 olim
1737 921 2011 987 dicebam,

427 1019 539 1074 quo
572 1014 820 1079 tempore
865 1005 1207 1063 Hierusalem
1240 1010 1540 1066 domestica
1582 1013 1797 1067 lautitia
1836 1014 2011 1068 abun-

428 1097 617 1165 dabat,
667 1111 989 1173 cunctaeque
1023 1103 1186 1159 urbes
1219 1104 1269 1159 ei
1316 1104 1602 1173 subjectae,
1639 1120 1761 1175 quae
1802 1106 1919 1161 sive
1959 1105 2047 1159 in.

430 1199 695 1246 montana
732 1193 849 1249 sive
881 1194 935 1248 in
980 1199 1278 1266 campestri
1313 1196 1560 1267 regione,
1600 1198 1793 1254 idonea
1828 1199 2013 1269 populi

428 1282 786 1340 multitudine
811 1285 984 1355 plenae
1013 1298 1193 1341 erant.
1231 1285 1413 1343 Nihilo
1439 1297 1621 1344 tamen
1654 1289 1837 1344 minus
1861 1292 2015 1347 vobis

428 1380 565 1427 tunc
613 1374 826 1429 aiebam
882 1390 971 1431 me
1024 1377 1232 1431 nullam
1272 1377 1471 1448 jejunii
1529 1380 1694 1434 vestri
1745 1380 2014 1435 rationem

428 1462 654 1531 habere,
683 1465 830 1547 quod
872 1467 992 1525 sine
1026 1468 1174 1523 bono
1215 1470 1415 1526 mentis
1458 1469 1647 1524 habitu
1677 1470 2012 1526 observaba-

430 1553 524 1608 tis.
580 1554 841 1621 Quaenam
900 1573 1031 1613 vero
1089 1559 1221 1613 mihi
1281 1567 1436 1631 grata
1495 1568 1721 1627 essent,
1786 1577 2017 1634 quaeque

428 1647 782 1717 potissimum
838 1652 997 1707 vobis
1049 1650 1371 1716 factitauda,
1426 1669 1525 1723 per
1577 1654 1874 1725 prophetas
1917 1671 2016 1713 vos

428 1739 744 1796 edocebam.
787 1761 806 1794 ι
835 1741 1111 1800 Iudicium
1154 1745 1368 1815 justum
1394 1746 1662 1816 judicate,
1703 1754 1759 1802 et
1807 1748 2018 1803 miseri-

429 1818 624 1886 cordia
674 1847 749 1887 ae
784 1834 1141 1892 miseratione
1180 1837 1398 1892 utimini
1448 1838 1831 1910 unusquisque
1882 1855 2013 1911 erga

432 1919 660 1979 fratrem
702 1939 886 1989 suum,
941 1933 996 1981 et
1044 1927 1265 1982 viduam
1318 1936 1373 1984 et
1415 1929 1708 1999 pupillum,
1765 1938 1819 1986 et
1851 1929 2016 1987 adve—

429 2028 596 2080 nam,
663 2024 719 2071 et
781 2032 1078 2088 pauperem
1146 2035 1217 2074 ne
1267 2021 1629 2089 opprimatis,
1690 2027 1746 2076 et
1792 2020 2016 2076 malitiae

431 2107 821 2179 unusquisque
851 2110 1041 2164 fratris
1071 2112 1156 2166 sui
1192 2128 1259 2167 ne
1286 2112 1646 2167 memineritis
1674 2113 1727 2168 in
1752 2112 2014 2169 cordibus

427 2199 655 2255 vestris.
687 2218 704 2252 ι
754 2198 919 2257 Suasi
949 2203 1106 2259 vobis
1144 2204 1293 2258 omni
1324 2213 1569 2274 tempore
1587 2204 1818 2274 justitiw
1846 2206 2016 2275 pluri-

428 2304 575 2345 mam
608 2307 798 2347 curam
824 2308 1035 2363 gerere,
1068 2302 1123 2349 et
1151 2295 1539 2364 compassione
1574 2310 1702 2367 erga
1735 2296 2015 2365 proximos

429 2379 534 2443 uti,
572 2389 627 2437 et
648 2384 797 2437 omni
828 2399 1131 2454 pauperum
1164 2400 1229 2439 ac
1266 2384 1653 2440 derelictorum
1686 2385 2014 2443 detrimento

428 2472 747 2541 abstinere;
800 2474 929 2531 item
989 2475 1325 2531 simultatem
1372 2484 1427 2531 et
1474 2478 1610 2531 iram
1654 2485 1898 2533 mutuam
1940 2479 2015 2534 vi-

428 2571 568 2629 tare,
610 2564 858 2635 deposita
894 2565 1115 2621 illarum
1144 2582 1266 2638 quae
1298 2568 1461 2639 vulgo
1492 2569 1745 2624 incidunt
1777 2571 2014 2629 olfensa-

426 2667 550 2706 rum
581 2655 866 2710 memoria.
908 2654 1161 2711 Profecto
1203 2673 1327 2730 ego,
1356 2659 1624 2729 jejuniqu
1654 2671 1895 2717 vestrum
1926 2679 2015 2718 re-

425 2760 625 2813 nuens,
661 2746 777 2802 haec
796 2748 953 2805 vobis
984 2748 1194 2820 agenda
1230 2750 1551 2806 suadebant.
1582 2771 1600 2803 ι
1630 2752 1694 2806 Ει
1716 2751 2013 2807 noluerunt

427 2837 729 2903 attendere,
771 2844 829 2892 et
866 2848 1190 2895 averterunt
1235 2841 1520 2897 dementer
1556 2841 1781 2899 dors’um
1829 2860 2011 2909 suum,

426 2936 483 2982 et
527 2942 688 2983 aures
736 2944 870 2984 suas
920 2939 1358 3000 aggravaveruut
1399 2948 1467 2987 ne
1515 2933 1791 2998 audirent,
1828 2946 1883 2992 et
1916 2952 2015 2991 cor

427 3034 590 3074 suum
616 3029 914 3075 contumax
945 3020 1197 3078 fecerunt
1230 3038 1299 3078 ne
1326 3023 1615 3101 obedirent
1647 3025 1752 3095 legi
1787 3041 1920 3082 meae
1946 3043 2011 3085 ac

2112 556 2244 628 λησε
2267 558 2471 630 Κύριος
2488 560 2546 614 ὲν
2567 576 2626 630 χε
2636 558 2725 631 ρσί
2745 557 2854 612 τῶν
2881 556 3176 630 προφητῶν
3213 556 3322 612 τῶν
3348 555 3663 628 ἔμπροσθεν
3679 601 3695 623 ,

2111 648 2240 702 ὅταν
2252 644 2321 721 ἦν
2346 649 2702 724 Ἰερουσαλὴμ
2724 649 3126 721 κατοικουμένη
3147 650 3241 703 καὶ
3260 648 3583 719 εύθηνοῦσα,
3604 649 3698 703 καὶ

2112 739 2169 791 αἰ
2209 738 2391 804 πόλεις
2427 741 2600 811 αὐτῆς
2636 741 2917 807 κυκλόθεν,
2948 740 3041 795 καὶ
3068 741 3102 811 ἡ
3141 738 3326 811 ὀρεινὴ
3374 740 3470 793 καὶ
3509 739 3698 812 πεδινὴ

2113 831 2447 905 κατῳκεῖτο)
2488 852 2509 885 ι
2530 834 2717 888 Ταῦτα
2735 833 2815 900 δὲ,
2844 834 2997 905 φησί,
3026 831 3120 885 καὶ
3144 830 3311 885 πάλαι
3335 830 3421 884 διὰ
3432 830 3540 885 τῶν
3565 848 3701 904 προο

2114 898 2300 993 φητῶν
2324 898 2511 993 ἔλεγον
2536 926 2673 997 πρὸς
2695 898 2869 997 ὑμᾶς,
2892 898 3130 996 όπηνίκα
3157 924 3249 977 ἐπί
3273 940 3333 975 τε
3356 923 3455 993 τῆς
3487 898 3700 985 οἰκείας

2112 1012 2403 1083 εύθηνείας
2432 1010 2502 1087 ἦν
2528 1017 2561 1086 ἠ
2613 1016 2970 1088 Ἰερουσαλὴμ
3002 1016 3099 1070 καὶ
3133 1016 3303 1069 πᾶσαι
3329 1016 3385 1068 αἰ
3408 1014 3502 1068 ὑπ’
3528 1014 3699 1086 αὐτὴν

2113 1104 2300 1169 πόλεις
2329 1105 2615 1171 ὡσαύτως,
2640 1107 2738 1161 ἀτε
2777 1109 2873 1161 καὶ¹
2900 1107 2999 1178 τῆς
3039 1105 3256 1177 ὀρεινῆς
3297 1105 3390 1159 καὶ
3424 1105 3523 1175 τῆς
3550 1105 3700 1158 πεδι-

2115 1198 2214 1268 νῆς
2244 1198 2430 1269 χώρας
2471 1199 2572 1270 τῆς
2614 1198 3001 1271 προσηκούσης
3028 1197 3219 1261 αύταίς
3262 1195 3700 1266 πεπληρωμένης

2114 1289 2227 1344 τῶν
2250 1290 2545 1345 οἰκούντων
2566 1309 2579 1323 ·
2609 1292 2704 1346 καὶ
2725 1291 2876 1362 ὅμως
2899 1287 3076 1344 ταῦτα
3097 1289 3221 1344 τότε
3250 1287 3385 1359 πρὸς
3409 1288 3553 1359 ὑμᾶς
3580 1287 3700 1342 ἐλε-

2116 1396 2213 1449 γον
2254 1381 2337 1436 ὅτι
2383 1399 2475 1453 μοι
2525 1382 2681 1452 λόγος
2723 1382 2898 1446 οὐδεὶς
2943 1381 3045 1452 τῆς
3099 1381 3355 1452 νηστείας
3400 1379 3556 1451 ὑμῶν
3600 1379 3700 1433 οὐκ

2117 1472 2295 1546 ἀγαθῇ
2326 1473 2523 1549 γνώμῃ
2563 1473 2934 1544 νηστευόντων
2954 1489 2968 1505 ο
3010 1473 3173 1528 τίνων
3202 1472 3261 1526 δέ
3295 1489 3386 1544 μοι
3416 1471 3595 1540 λόγος,
3623 1464 3700 1526 ὧν

2116 1564 2498 1636 ἐπιμελεῖσθαι
2531 1565 2768 1638 μάλιστα
2797 1567 3094 1637 προσήκειν
3122 1566 3268 1637 ὑμᾶς
3295 1564 3573 1619 ἐδίδασκον
3609 1564 3699 1617 διὰ

2116 1655 2227 1712 τῶν
2256 1656 2572 1730 προφητῶν.
2610 1675 2631 1710 t
2673 1656 2865 1728 Κρίμα
2904 1658 3114 1712 δίκαιον
3143 1655 3387 1729 κρίνατε,
3418 1656 3514 1710 καὶ
3553 1655 3701 1709 ἔλεον

2120 1748 2215 1802 καὶ
2259 1747 2545 1820 οἰκτιρμδν
2600 1749 2805 1802 ποιεῖτε
2858 1747 3090 1812 ἕκαστος
3150 1748 3289 1819 πρὸς
3327 1748 3422 1802 τὸν
3472 1748 3701 1819 πλησίον

2118 1837 2306 1903 αὐτοῦ,
2351 1838 2449 1893 καὶ
2493 1840 2669 1910 χήραν
2698 1838 2795 1892 καὶ
2821 1839 3057 1911 ὀρφανὸν
3086 1839 3181 1893 καὶ
3224 1839 3561 1911 προσήλυτον
3606 1840 3703 1894 καὶ

2117 1929 2326 2000 πένητα
2355 1929 2430 2003 μὴ
2454 1930 2949 1985 καταδυναστεύετε
2966 1948 2981 1963 ο
3010 1931 3104 1984 καί
3124 1931 3326 1985 κακίαν
3345 1931 3575 1994 ἕκαστος
3606 1928 3700 1983 τοῦ

2116 2019 2346 2089 ἀδελφοῦ
2397 2020 2562 2075 αὐτοῦ
2612 2020 2687 2093 μὴ
2753 2022 3145 2092 μνησικακεῖτε
3192 2021 3251 2074 ιν
3295 2022 3415 2084 ταῖς
3449 2018 3701 2090 καρδίαις

2115 2112 2292 2182 ὑμῶν.
2343 2129 2364 2166 ι
2397 2110 2790 2166 Συνεϐούλευον
2832 2112 2941 2185 γὰρ
2991 2112 3120 2182 ὑμῖν
3144 2110 3462 2183 ἁπανταχοῦ
3501 2110 3595 2165 τοῦ
3625 2112 3703 2165 διο

2115 2202 2270 2257 καίου
2317 2204 2588 2258 ποιεῖσθαι
2632 2204 2895 2276 πρόνοιαν
2948 2204 3230 2274 πλείστην,
3279 2202 3594 2275 συμπαθείᾳ
3641 2221 3701 2257 τε

2114 2293 2352 2365 χρῆσθαι
2385 2294 2523 2366 πρὸς
2546 2297 2673 2359 τοὺς
2697 2295 2886 2361 πέλας,
2915 2296 2987 2367 (p.
3014 2296 3141 2367 482)
3183 2297 3277 2351 καὶ
3304 2296 3368 2369 δὴ
3402 2296 3496 2351 καί
3519 2296 3699 2368 πάσης

2100 2384 2320 2456 ,βλάϐης
2341 2385 2439 2456 τῆς
2458 2388 2540 2450 εἰς
2557 2386 2682 2451 τοὺς
2709 2387 2943 2457 πένητάς
2960 2405 3020 2441 τε
3046 2389 3142 2441 καί
3182 2388 3697 2460 ἀπροστασιάστους

2115 2475 2420 2546 ἀπέχεσθαι
2441 2492 2455 2507 ⁶
2499 2477 2595 2532 καὶ
2642 2479 2862 2550 μήνιδος
2894 2479 2951 2532 δὲ
2993 2479 3090 2533 καὶ
3115 2478 3286 2550 ὀργῆς
3318 2480 3416 2551 τῆς
3459 2481 3580 2533 κατ’
3606 2480 3701 2533 ἀλ-

2114 2566 2292 2639 λήλων
2329 2569 2653 2638 ἀφεστάναι,
2692 2568 3064 2642 ἀφαιροῦντας
3111 2571 3212 2641 τὴν
3240 2571 3461 2644 μνήμην
3492 2571 3702 2624 ἑαυτῶν

2112 2657 2223 2711 τῶν
2253 2660 2311 2711 ὲν
2339 2659 2493 2730 μέσῳ
2538 2677 2655 2724 πως
2702 2661 3029 2731 συμϐάντων
3075 2660 3356 2735 λυπηρῶν.
3413 2662 3553 2717 Ἀλλ’
3591 2663 3704 2731 ἐγὼ

2118 2748 2217 2818 μὲν
2264 2749 2363 2820 τὴν
2418 2752 2674 2822 νηστείαν
2725 2752 3181 2824 παρωθούμενος,
3229 2752 3403 2808 ταῦτα
3451 2754 3702 2808 συνεϐού-

2114 2838 2267 2893 λευον
2305 2840 2454 2910 ύμῖν.
2496 2841 2562 2894 Τί
2594 2841 2686 2908 δέ;
2737 2860 2757 2895 t
2791 2844 2902 2898 Καὶ
2930 2843 3234 2914 ἠπείθησαν
3259 2844 3353 2898 τοῦ
3394 2846 3701 2917 προσέχειν,

2115 2928 2209 2981 καὶ
2229 2927 2437 2982 ἔδωκαν
2462 2930 2629 2982 νῶτον
2654 2931 2837 2985 αὐτῶν
2863 2933 3339 3004 παραφρονοῦντα,
3366 2935 3460 2987 καί
3497 2934 3565 2987 τὰ
3585 2928 3705 2990 ῶτα

2115 3017 2297 3071 αὐτῶν
2325 3018 2597 3091 ὲϐάρυναν
2622 3020 2717 3074 τοῦ
2747 3020 2824 3094 μὴ
2855 3024 3187 3090 εἰσακούειν,
3218 3024 3312 3078 καὶ
3348 3025 3448 3096 τὴν
3476 3026 3703 3099 καρδίαν

425 3110 612 3165 verbis
649 3126 772 3182 quae
809 3113 963 3169 misit
993 3111 1263 3169 Dominus
1298 3114 1651 3185 omnipotens
1700 3116 1754 3170 in
1802 3116 2010 3187 Spiritu

2115 3107 2295 3162 αὐτῶν
2334 3107 2530 3175 ἔταξαν
2568 3111 2769 3183 ἀπειθῆ
2816 3112 2911 3167 τού
2945 3114 3024 3186 μὴ
3062 3115 3371 3170 εἰσακούειν
3407 3116 3503 3171 τοῦ
3534 3118 3704 3189 νόμου

429 3217 533 3258 suo
568 3219 666 3274 per
694 3204 860 3276 322
891 3207 1243 3276 superiorum
1288 3208 1679 3279 prophetarum
1709 3226 1953 3267 manum.
1992 3234 2012 3266 ι

426 3291 509 3349 Ne
537 3293 627 3351 his
659 3296 880 3365 quidem
912 3299 1197 3355 attendere
1220 3300 1495 3365 voluistis,
1524 3302 1621 3356 sed
1647 3317 1772 3358 cum
1798 3304 2015 3361 insania

426 3386 598 3441 multa
637 3387 784 3443 dicta
826 3389 1043 3444 illorum
1078 3391 1313 3447 aversati
1348 3392 1506 3449 estis.
1552 3392 1611 3448 ld
1649 3396 1795 3449 enim
1829 3396 2017 3452 valent
2052 3424 2059 3429 -

427 3478 618 3544 verba,
656 3498 675 3531 ι
701 3481 1037 3538 Averterunt
1062 3484 1349 3540 dementer
1377 3485 1604 3541 dorsum
1635 3504 1819 3542 suum.
1864 3507 1882 3542 ι
1918 3489 2016 3547 llis

428 3583 554 3637 qua:
604 3569 935 3628 dicebantur
979 3590 1170 3631 aurem
1224 3577 1471 3647 praebere
1519 3579 1799 3644 noluistis,
1836 3589 2017 3638 mente

428 3673 665 3730 prorsus
696 3663 1011 3729 obﬁrmata,
1057 3669 1355 3737 quominus
1395 3670 1541 3740 leges
1569 3686 1719 3727 meas
1752 3688 2014 3743 sequere-

425 3752 586 3816 mini,
620 3768 759 3824 quas
802 3771 900 3826 per
939 3759 1255 3827 superiores
1302 3762 1597 3831 prophetas
1626 3762 1783 3821 vobis
1825 3764 2017 3836 expla-

427 3844 645 3900 nabam.
676 3844 822 3913 Quid
851 3861 983 3904 vero
1004 3848 1133 3905 hinc
1167 3850 1407 3907 accidit?

1416 3960 1435 3995 \

497 4119 673 4177 Vens.
727 4120 816 4190 l5,
879 4123 1064 4179 14.--
1097 4141 1116 4176 ι
1148 4121 1216 4179 Et
1271 4125 1541 4197 processit
1597 4127 1678 4182 ira
1739 4142 1934 4202 magna
1981 4146 2015 4187 a

427 4212 662 4269 Domino
716 4215 1116 4288 omnipotente.
1160 4237 1179 4270 ι
1230 4215 1528 4289 Propterea
1580 4227 1793 4275 tantum
1844 4223 2015 4279 susti-

426 4306 630 4364 nuistis
677 4307 1033 4379 supplicium,
1088 4311 1350 4381 quoniam
1399 4326 1504 4383 ego
1547 4311 1776 4384 jejuniis
1815 4315 2014 4372 vestris

425 4400 757 4472 contemptis
786 4401 1051 4456 hortabar
1093 4417 1193 4458 vos
1222 4403 1288 4457 ad
1321 4403 1504 4475 legum
1547 4404 1790 4461 debitam
1821 4406 2014 4463 obser-

2121 3217 2245 3272 μου,
2269 3202 2362 3255 καὶ
2395 3202 2504 3256 τῶν
2530 3202 2705 3273 λόγων
2732 3195 2808 3258 ὧν
2837 3204 3239 3273 ἐξαπέσταλκεν
3266 3207 3470 3280 Κύριος
3501 3228 3701 3264 παντο-

2118 3294 2343 3367 κράτωρ
2379 3297 2437 3349 ὲν
2466 3297 2748 3368 Πνεύματι
2772 3297 2962 3366 αὐτοῦ,
2994 3300 3053 3353 ὲν
3078 3301 3235 3372 χερσί
3273 3302 3569 3374 προφητῶν
3595 3303 3703 3357 τῶν

2116 3386 2444 3459 ἔμπροσθεν.
2491 3407 2510 3441 ι
2545 3389 2681 3444 Οὐδὲ
2722 3389 2929 3445 τούτων
2972 3391 3039 3464 δὴ
3080 3391 3238 3463 λόγον
3277 3394 3548 3449 ποιεῖσθαι
3574 3396 3701 3467 ἠθέ-

2115 3478 2259 3543 λετε,
2299 3478 2417 3534 ἀλλ’
2460 3481 2525 3534 ἐκ
2578 3481 3005 3553 παραφροσύνης
3046 3482 3146 3554 μὲν
3179 3485 3379 3557 πολλῆς
3425 3487 3703 3553 παντελῶς

2116 3569 2530 3642 ἀπεστρέφεσθε
2551 3571 2620 3626 τά
2652 3572 2924 3644 λεγόμενα
2944 3591 2959 3605 ο
2985 3573 3146 3629 τοῦτο
3172 3560 3282 3648 γὰρ
3297 3577 3464 3646 λέγει,
3486 3593 3505 3626 ι
3532 3578 3703 3634 Ἔδω-

2115 3680 2220 3716 καν
2254 3665 2425 3718 νῶτον
2471 3665 2654 3719 αὐτῶν
2702 3666 3188 3739 παραφρονοῦνταο
3250 3687 3271 3721 ι
3319 3670 3606 3743 προσέχειν
3644 3673 3703 3726 δὲ

2114 3757 2229 3819 τοῖς
2284 3754 2602 3827 λεγομένοις
2658 3757 2760 3811 οὐκ
2813 3757 3059 3823 ἐθέλετε,
3110 3759 3397 3832 κρίναντες
3448 3762 3705 3829 καθάπαξ

2114 3846 2356 3911 ἀπειθῶς
2384 3847 2529 3919 ἔχειν
2567 3848 2706 3920 πρὸς
2730 3849 2860 3913 τοὺς
2887 3848 3089 3921 νόμους
3115 3851 3244 3915 τοὺς
3272 3853 3458 3923 ἐμοὺς,
3486 3853 3586 3919 οὒς
3615 3855 3703 3909 διὰ

2114 3939 2225 3994 τῶν
2262 3941 2560 4013 προφητῶν
2590 3939 2701 3996 τῶν
2754 3941 2991 4012 πρόσθεν
3035 3942 3166 4014 ὑμῖν
3205 3942 3537 4019 ὲξηγούμην.
3583 3948 3699 4017 Ἐφ’

2114 4025 2197 4096 οἷς
2229 4032 2281 4086 τί
2306 4033 2497 4103 γέγονε
2516 4049 2531 4098 ;

2187 4120 2337 4193 Στίχ.
2377 4128 2465 4193 ιγ’,
2500 4121 2583 4179 ιδ’.
2607 4154 2678 4165 -
2700 4144 2719 4177 ι
2755 4123 2867 4179 Καὶ
2896 4123 3116 4195 ἐγένετο
3147 4126 3286 4200 ὀργὴ
3319 4129 3528 4202 μεγάλη
3555 4133 3703 4203 παρὰ

2114 4213 2327 4286 Κυρίου
2362 4213 2827 4287 παντοκράτορος.
2865 4233 2885 4268 ι
2941 4215 3115 4289 ’Υπὲρ
3146 4219 3352 4274 τούτων
3381 4220 3480 4293 τὴν
3509 4222 3702 4276 τοσαύ-

2112 4321 2214 4376 την
2250 4306 2634 4377 ύπομενήκατε
2669 4305 2964 4378 τιμωρίαν,
3011 4307 3154 4381 ὑπὲρ
3201 4304 3277 4369 ὧν
3312 4311 3411 4376 τὰς
3443 4313 3700 4383 νηστείας

2115 4398 2273 4471 ὑμῶν
2302 4397 2729 4472 παρωθούμενος
2760 4400 2948 4454 ἐκεῖνα
2992 4400 3378 4457 συνεϐούλευον
3424 4396 3500 4458 ὧν
3541 4405 3699 4475 μάλι-

425 4492 667 4547 vantiam
701 4511 717 4548 :
753 4499 808 4547 at
829 4509 929 4550 vos
971 4505 1162 4550 contra
1194 4494 1349 4551 ﬂocci
1384 4494 1594 4553 fecistis
1642 4497 1790 4568 leges
1832 4514 2008 4555 meas.

2115 4509 2218 4547 στα
2253 4492 2532 4565 προσῆκον
2571 4486 2641 4564 ἦν
2667 4492 2814 4562 ὑμᾶς
2840 4491 2951 4545 τῶν
2989 4495 3171 4564 νόμων
3200 4496 3545 4567 ἀντέχεσθαι.
3594 4500 3701 4552 Λό-

432 4602 453 4637 σ
483 4582 727 4658 Eritque,
759 4588 1221 4656 quemadmodum
1247 4588 1365 4658 ipse
1384 4587 1546 4653 dixit,
1580 4603 1684 4644 nec
1710 4589 1759 4646 ei
1790 4592 2014 4647 auscul—

426 4682 637 4745 tarunt,
693 4677 771 4732 ita
833 4679 1175 4759 clamabunt,
1242 4695 1345 4735 nec
1405 4694 1510 4750 ego
1563 4681 1877 4751 exaudiam,
1937 4683 2015 4759 ait

428 4767 695 4825 Dominus
715 4752 1085 4839 omnipotens.
1128 4790 1147 4823 ι
1181 4769 1339 4827 Sicut
1371 4771 1451 4827 illi
1474 4772 1624 4828 dicta
1654 4787 1775 4828 mea
1815 4775 2011 4831 nolue-

425 4869 557 4917 runt
603 4859 816 4928 audire,
862 4865 939 4915 tta
986 4876 1090 4932 ego
1143 4862 1393 4920 vicissim
1436 4864 1667 4920 clamori
1713 4880 1903 4921 eorum
1951 4866 2009 4921 in

426 4953 702 5026 angustiis
731 4954 1160 5010 constitutorum
1194 4971 1383 5013 aurem
1421 4972 1529 5011 non
1564 4958 1837 5027 praebebo.
1864 4959 2009 5026 Quid
2054 5002 2061 5011 .

426 5058 594 5114 porro
622 5043 753 5115 egi?
788 5062 806 5097 ι
841 5042 1151 5115 Propcllam
1184 5059 1279 5101 eos
1313 5050 1575 5116 tanquam
1607 5046 1827 5104 turbine
1865 5049 2012 5107 inter

425 5143 614 5207 gentes
641 5151 782 5207 quas
815 5152 925 5192 non
960 5143 1246 5198 noverant,
1279 5145 1334 5191 et
1360 5143 1508 5191 terra
1549 5145 1675 5207 post
1707 5153 1803 5195 COS
1844 5139 2011 5197 d080-

426 5226 632 5283 labitur
674 5228 883 5300 absque
926 5236 1250 5283 transeunte
1291 5228 1376 5283 vel
1419 5236 1727 5286 revertente
1758 5249 1772 5288 :
1802 5247 2008 5303 posue-

426 5327 663 5391 runtque
691 5327 889 5375 terrain
930 5320 1159 5376 electam
1194 5319 1248 5374 in
1269 5321 1599 5377 vastitatem.
1629 5339 1648 5373 ι
1687 5321 2007 5380 Commin’a-

428 5416 518 5464 tus
559 5426 703 5476 sum,
731 5427 831 5467 vos
874 5426 1066 5466 omnes
1092 5410 1251 5480 quasi
1287 5413 1435 5467 venti
1476 5413 1713 5483 procella
1765 5417 2004 5472 maxima

428 5514 517 5554 me
544 5499 947 5572 dispersurum,
982 5511 1036 5556 et
1075 5503 1378 5574 captivitati
1428 5505 1662 5561 traditos
1706 5506 1775 5561 ad
1822 5510 2003 5580 regio-

429 5604 554 5645 nem
589 5591 947 5661 expulsurum
979 5610 1139 5665 quam
1171 5606 1331 5651 antra
1360 5597 1719 5669 ignorabatis.
1744 5606 1797 5653 et
1834 5602 2004 5658 vasti-

429 5690 543 5737 tate
578 5691 781 5740 terratn
827 5694 1067 5743 vestram
1112 5705 1197 5744 me
1247 5690 1571 5746 obruturmn
1613 5691 1863 5769 prtedixi.
1907 5708 2003 5748 nc-

433 5772 580 5831 mine
636 5785 824 5848 postea
878 5778 1023 5837 illinc
1077 5790 1401 5850 revertente,
1444 5793 1540 5838 aut
1598 5785 1701 5840 iter
1746 5784 1999 5851 faciente,

2112 4600 2208 4653 γος
2235 4583 2294 4637 δὲ
2320 4579 2390 4656 ἦν
2429 4583 2560 4655 ύμῖν
2607 4582 2716 4639 τῶν
2744 4583 2927 4655 νόμων
2953 4584 3130 4648 οὐδεὶς
3169 4585 3280 4640 τῶν
3322 4585 3492 4654 ἐμῶν.
3529 4607 3549 4641 ι
3594 4589 3702 4645 Καὶ

2112 4673 2289 4740 ἔσται,
2337 4674 2398 4728 ὃν
2436 4676 2639 4747 τρόπον
2684 4673 2827 4741 εἰπε,
2875 4675 2969 4729 καί
3013 4677 3116 4730 οὐκ
3148 4679 3480 4750 εἰσήκουσαν
3509 4681 3700 4747 αὑτοῦ,

2110 4764 2284 4830 οὕτως
2312 4766 2673 4837 κεκράξονται
2710 4768 2894 4822 καὶού
2937 4767 3014 4840 μὴ
3052 4770 3379 4837 εἰσακούσω,
3412 4771 3560 4840 λέγει
3590 4774 3699 4827 Κύ-

2114 4874 2228 4926 ριος
2277 4858 2693 4939 παντοκράτωρ.
2749 4877 2769 4912 ι
2813 4859 3030 4930 Ὠσπερ
3070 4859 3129 4914 δὲ
3173 4862 3373 4917 ἐκεῖνοι
3417 4863 3526 4917 τῶν
3569 4867 3699 4939 παρ’

2115 4950 2253 5024 ἐμοῦ
2291 4950 2603 5024 λεγομένων
2633 4952 2854 5007 ἀκούειν
2877 4953 2978 5007 ούκ
3011 4952 3222 5025 ἤθελον,
3264 4954 3342 5025 (p.
3391 4956 3516 5027 483)
3557 4956 3699 5011 οὓτω

2112 5044 2180 5117 δὴ
2216 5043 2373 5113 κάγὼ
2413 5044 2717 5114 γεγονότων
2759 5046 2941 5103 αὐτῶν
2989 5049 3050 5101 ὲν
3100 5046 3379 5112 τοιαύταις
3434 5050 3700 5119 ἀνάγκαις

2116 5136 2366 5208 βοώντων
2399 5137 2461 5190 ού
2501 5139 2808 5209 προσεῖχον.
2850 5137 2916 5189 Τί
2954 5137 3014 5192 δὲ
3042 5138 3356 5208 πεποίηκα;
3393 5158 3413 5191 ι
3462 5141 3573 5193 Καὶ
3602 5143 3697 5195 tx-

2114 5226 2264 5283 ϐαλῶ
2310 5228 2506 5291 αὐτοὺς
2549 5228 2627 5291 ὠς
2671 5227 2730 5281 ἐν
2767 5227 2990 5282 λαίλαπι
3032 5216 3116 5292 εἰς
3159 5228 3338 5283 πάντα
3380 5229 3449 5285 τὰ
3486 5229 3615 5302 ἔθνη
3660 5231 3693 5287 ἃ

2111 5320 2212 5373 οὐκ
2242 5318 2520 5388 ἔγνωσαν
2554 5318 2650 5372 καὶ
2678 5319 2713 5390 ή
2759 5319 2832 5390 γῆ
2877 5318 3313 5392 ἀφανισθήσεται
3363 5320 3692 5377 κατόπισθεν

2109 5410 2292 5464 αὐτῶν
2365 5408 2759 5477 ἔκδιοδεύοντος
2830 5410 2927 5464 καὶ
2996 5408 3530 5481 ὲξαναστρέφοντοςο
3596 5413 3691 5466 καί

2109 5501 2308 5568 ἔταξαν
2342 5501 2449 5573 γῆν
2495 5500 2763 5573 ὲκλεκτὴν
2808 5496 2889 5564 ἐίς
2932 5501 3261 5573 ἀφανισμόν.
3315 5521 3335 5554 ι
3391 5502 3690 5574 Ἦπείλησα

2109 5597 2219 5668 γὰρ
2280 5595 2525 5659 ἅπαντας
2573 5595 2720 5666 ὑμᾶς
2772 5594 3016 5666 ὠσπερεί
3062 5598 3340 5667 συστροφῇ
3390 5596 3698 5667 περιϐαλὼν

2111 5681 2313 5761 ἀνέμου
2359 5690 2592 5761 μεγίστῃ
2642 5688 3027 5762 διασκορπίσαι
3072 5705 3152 5753 τε,
3202 5689 3296 5743 καὶ
3348 5688 3694 5759 αἰχμαλωσίᾳ

2113 5781 2388 5854 παραδοὺς
2418 5782 2498 5845 εἰς
2531 5780 2711 5853 χώραν
2733 5782 3042 5852 ἀπαγαγεῖν
3071 5783 3136 5854 ἢν
3167 5782 3265 5837 ούκ
3291 5780 3469 5855 ᾔδειτε
3504 5780 3694 5853 πρότε-
