4118 6476
511 355 618 414 547

1713 348 2069 408 THEODORI
2105 346 2336 407 MOPSU
2346 346 2594 405 ESTE-Nl

3665 343 3772 401 568

519 473 643 542 ejus
666 485 756 527 res
785 483 977 527 omnes
1009 468 1358 528 transferam.
1407 470 1587 542 Atque
1612 482 1677 525 ex
1713 475 1884 525 semet
1910 467 2092 538 possi-

2197 464 2581 535 καταφαίνεται
2620 463 2871 536 ἀφορῶσι
2917 462 3054 536 πρὸς
3083 461 3182 536 τὴν
3207 458 3494 531 ὀλιγότητα
3523 470 3630 511 των
3677 454 3776 510 νῦν
3795 508 3806 520 ,

513 563 774 618 bilitatem
806 563 1090 632 promissa
1125 565 1203 620 rei
1237 564 1595 629 conﬁrmans,
1631 563 1984 634 prosequitur
2011 559 2096 614 di-

510 665 677 707 cens:
714 650 910 706 Multos
951 667 1084 708 sane
1107 653 1245 710 alios
1278 653 1556 710 lsraelitas
1585 652 1835 723 pluribus
1863 665 1930 705 ex
1961 649 2095 704 locis

511 743 580 796 ad
602 744 742 796 hanc
767 743 956 797 urbem
983 745 1330 810 contraham,
1367 747 1463 815 qui
1488 744 1668 798 adhuc
1699 744 1755 796 in
1779 741 2096 812 captivitate

513 841 824 896 versantur,
849 843 904 889 et
929 849 959 887 a
984 850 1070 888 me
1095 835 1284 905 patria:
1306 843 1467 891 terra:
1487 834 1747 889 incolatui
1775 833 2092 888 reddentur.

514 920 580 976 Et
613 931 834 993 propter
883 938 1058 978 meam
1098 939 1226 994 erga
1277 924 1399 978 illos
1442 923 1870 979 sollicitudinem
1910 923 2092 977 clarus

516 1011 663 1077 ﬁam,
696 1014 827 1084 quia
867 1015 991 1071 illos
1021 1031 1078 1072 re
1103 1018 1220 1087 ipsa
1250 1017 1510 1087 populum
1538 1031 1717 1071 meum
1749 1029 1874 1070 esse
1903 1022 2093 1068 osten-

517 1105 664 1169 dam,
687 1115 960 1177 quatenus
984 1110 1078 1162 tali
1113 1117 1376 1180 tantaque
1397 1107 1743 1179 providentia
1768 1121 1885 1161 mea
1910 1103 2094 1160 fruen-

521 1208 640 1252 tur:
687 1215 922 1269 vereque
966 1200 1190 1255 videbor
1231 1202 1448 1254 illorum
1498 1190 1660 1262 Deus,
1703 1198 1832 1253 dum
1883 1197 2094 1252 ﬁrmam

517 1307 691 1345 meam
723 1293 954 1347 exhibeo
985 1292 1066 1347 eis
1105 1294 1336 1362 gratiam
1364 1311 1378 1359 ;
1436 1308 1666 1361 meaque
1691 1290 1906 1359 justitia
1936 1297 2094 1344 utens

515 1389 746 1435 cunctos
773 1381 993 1450 puniam
1036 1383 1126 1451 qui
1154 1383 1449 1452 aliquando
1478 1398 1572 1437 eos
1605 1381 1798 1435 laedere
1827 1382 1946 1434 ausi
1975 1379 2095 1433 fue-

515 1474 646 1527 rint.
680 1473 935 1527 Cuinulat
962 1474 1074 1528 haec
1102 1476 1395 1544 promissa,
1431 1475 1656 1529 dicens:
1693 1493 1712 1525 ι
1736 1472 1859 1526 llazc
1885 1474 1960 1526 ait
1991 1471 2096 1526 Do-

516 1566 703 1619 minus
745 1566 1127 1636 omniputens:
1167 1565 1517 1621 Roborentur
1548 1583 1744 1620 manus
1773 1572 1968 1620 vestra:
1999 1566 2092 1635 qui

515 1657 721 1711 auditis
743 1657 828 1713 his
847 1657 1042 1712 diebus
1063 1674 1344 1714 sermones
1365 1661 1462 1713 hos
1484 1675 1546 1712 ex
1567 1675 1661 1712 ore
1680 1658 2092 1728 prophetarum,

510 1745 623 1815 jam
658 1746 781 1800 inde
807 1762 836 1800 a
863 1747 954 1800 die
981 1763 1092 1816 quo
1133 1748 1355 1801 fundata
1387 1757 1472 1802 est
1500 1747 1696 1802 domus
1731 1747 1944 1801 Domini
1974 1762 2094 1801 om-

2195 555 2624 627 συνειλεγμένων
2676 555 2771 609 ἐπὶ
2823 556 2922 627 τῆς
2970 553 3206 618 πόλεως,
3257 549 3374 606 ἀλλ’
3407 549 3508 604 οὐκ
3555 546 3681 618 ἐμοί
3707 561 3775 615 γε

2192 648 2451 704 ἀδύνατον
2481 645 2749 718 τοσαύτην
2781 646 3119 718 ἐργάσασθαι
3157 642 3267 698 τῶν
3305 641 3648 714 πραγμάτων
3673 637 3778 709 τὴν

2195 738 2498 812 μεταϐολὴν
2517 779 2531 804 ,
2561 738 2703 792 ὥστε
2737 739 2800 792 ἐκ
2833 738 2935 810 τῆς
2974 733 3070 791 νῦν
3095 733 3470 807 ταλαιπωρίας
3507 735 3588 796 εἰς
3614 730 3778 802 εὐθη-

2193 830 2313 885 νίαν
2341 829 2542 901 πολλὴν
2570 828 2903 900 μεταστῆναι
2935 829 3036 898 τήν
3063 844 3123 880 τε
3149 824 3303 878 πόλιν
3331 824 3427 878 καὶ
3451 823 3520 876 τὰ
3539 821 3658 876 κατ’
3678 820 3779 874 αύ-

2194 922 2292 993 τὴν
2331 924 2564 977 ἅπαντα.
2595 922 2705 976 Καὶ
2750 921 3163 990 πιστωσάμενος
3188 917 3247 985 ἐξ
3275 915 3440 971 αὐτοῦ
3466 917 3526 968 rb
3553 911 3778 968 δυνατδν

2193 1014 2303 1066 τῶν
2331 1012 2758 1084 ἐπηγγελμένων
2780 1052 2796 1077 ,
2826 1009 3150 1084 προστίθησι
3192 1008 3353 1063 πάλιν
3391 1007 3472 1061 ὅτι
3499 1045 3514 1070 ,
3543 1005 3780 1069 Πολλοὺς

2199 1105 2297 1176 μὲν
2329 1104 2423 1158 καὶ
2458 1105 2679 1176 ἐτέρους
2703 1103 2811 1156 τῶν
2847 1093 3193 1174 Ἰσραηλιτῶν
3222 1097 3552 1168 πολλαχόθεν
3574 1098 3659 1151 ἐπ’
3680 1097 3779 1150 αύ-

2193 1197 2294 1268 τθην
2325 1195 2538 1262 συνάξω
2566 1195 2674 1248 τῶν
2707 1195 2800 1248 ἐπί
2825 1193 2926 1264 τῆς
2945 1192 3323 1264 αἰχμαλωσίας
3353 1191 3521 1244 ὄντων
3550 1189 3652 1254 ἔτι,
3683 1187 3778 1254 οὓς

2195 1287 2459 1342 ἀποδώσω
2484 1292 2548 1359 τῇ
2570 1288 2782 1358 οἰκήσει
2827 1287 2927 1356 τῆς
2955 1287 3059 1356 γῆς
3091 1286 3189 1354 τῆς
3222 1282 3428 1347 οἰκείας
3450 1297 3465 1312 ⁸
3503 1281 3696 1352 ἔσομαι
3719 1281 3779 1334 δὲ

2195 1380 2378 1442 αὐτοῖς
2397 1378 2482 1432 διὰ
2511 1380 2607 1447 τῆς
2634 1377 2955 1448 κηδεμονίας
2983 1374 3382 1446 γνωριζόμενος
3401 1414 3415 1436 ,
3437 1373 3513 1437 ὡς
3535 1371 3780 1435 ἐκείνους

2193 1485 2252 1520 τε
2286 1469 2348 1520 ἐκ
2374 1468 2479 1520 τῶν
2512 1469 2854 1538 πραγμάτων
2878 1467 3187 1520 δείκνυσθαι
3209 1466 3389 1520 αὐτῶν
3426 1465 3595 1528 ὅντως
3621 1462 3776 1528 Θεὸν,

2195 1560 2287 1627 ἀφ’
2321 1552 2394 1611 ὧν
2419 1558 2638 1628 βεϐαίαν
2672 1577 2730 1612 τε
2770 1561 2952 1621 αὐτοῖς
2977 1559 3200 1631 παρέχω
3223 1559 3321 1630 τὴν
3361 1555 3566 1610 οἰκείαν
3596 1555 3776 1626 χάριν,

2195 1651 2289 1704 καὶ
2312 1653 2376 1722 τῇ
2405 1651 2716 1723 δικαιοσύνῃ
2749 1655 2815 1723 τῇ
2856 1652 3034 1723 οἰκείᾳ
3067 1650 3407 1724 κεχρημένος
3444 1649 3652 1712 πάντας
3697 1662 3780 1700 τι-

2199 1746 2489 1817 μωροῦμαι
2520 1746 2646 1809 τοὺς
2680 1747 2828 1810 ὃπως
2871 1747 3002 1800 ποτέ
3045 1746 3304 1816 βλάπτειν
3344 1745 3540 1806 αὐτοὺς
3567 1745 3764 1812 ἐπιχει-

517 1836 835 1906 niputentis,
894 1843 948 1890 et
1008 1837 1267 1905 templum
1315 1838 1574 1891 a'diﬁcari
1629 1847 1930 1906 emptum.»
1983 1837 2094 1907 Age

2203 1839 2447 1908 ροῦντας.
2491 1838 2731 1900 Ταύταις
2785 1837 3141 1891 ἐπισυνάπτει
3196 1838 3316 1899 ταῖς
3375 1831 3728 1903 ἐπαγγελίαις
3761 1847 3776 1862 ⁸

517 1943 686 1992 nunc,
724 1928 920 1996 inquit,
971 1927 1054 1981 his
1086 1929 1372 1997 promissis
1407 1930 1543 1984 meis
1567 1929 1930 1990 attendentes,
1973 1942 2095 1998 quae

2206 1950 2224 1984 ι
2255 1931 2392 1984 Τάδε
2444 1930 2591 1999 λέγει
2625 1929 2828 2003 Κύριος
2871 1925 3281 1998 παντοκράτωρ,
3315 1926 3779 1996 Κατισχυέτωσαν

516 2034 662 2088 smpe
690 2034 787 2088 per
826 2019 1123 2089 prophetas
1175 2019 1328 2073 vobis
1375 2019 1700 2089 signiﬁcavi,
1746 2021 1913 2073 multa
1967 2033 2093 2073 cum

2200 2024 2257 2078 αἰ
2290 2026 2470 2094 χεῖρες
2499 2023 2652 2092 ὑμῶν
2673 2023 2782 2075 τῶν
2812 2022 3117 2076 ἀκουόντων
3155 2024 3230 2091 (p.
3250 2019 3378 2088 486)
3415 2021 3472 2072 ἐν
3501 2019 3670 2088 ταῖςή
3681 2017 3780 2088 μέ-

505 2110 806 2166 'sedulitate
850 2111 1072 2165 domum
1103 2126 1277 2165 meam
1329 2112 1717 2166 absolvendum
1749 2125 1965 2176 curate;
2003 2126 2092 2165 re-

2205 2133 2322 2186 ραις
2351 2115 2576 2178 ταύταις
2611 2117 2736 2178 τοὺς
2767 2114 2958 2182 λόγους
3001 2113 3222 2176 τούτους
3262 2114 3328 2166 ὲκ
3374 2111 3640 2182 στόματος
3671 2109 3782 2162 τῶν

515 2212 791 2273 putantes,
849 2220 877 2256 a
915 2219 1025 2274 quo
1071 2213 1312 2272 tempore
1361 2204 1489 2258 huic
1541 2219 1721 2273 Operae
1775 2204 2090 2258 incumbitis

2197 2204 2514 2276 προφητῶν,
2581 2205 2673 2273 ἀφ’
2705 2200 2773 2274 ἦς
2822 2203 3037 2274 ἡμέρας
3074 2201 3493 2274 τεθεμελείωται
3553 2202 3583 2253 ὁ
3632 2196 3783 2263 οἶκος

515 2297 712 2351 domus
741 2311 874 2350 mea:
895 2295 1247 2363 aediﬁcandae,
1272 2307 1476 2368 quanto
1499 2298 1756 2353 meliores
1784 2311 1871 2351 res
1896 2305 2092 2350 vestra:

2197 2297 2396 2367 Κυρίου
2426 2295 2863 2366 παντοκράτορος
2885 2336 2899 2360 ,
2929 2295 3025 2348 καὶ
3063 2295 3091 2347 ό
3127 2295 3251 2358 ναὸς
3284 2295 3376 2364 ἀφ’
3401 2287 3462 2348 οὗ
3493 2293 3779 2364 ᾠκοδόμηά

468 2433 472 2437 .
515 2389 812 2443 evaserint.
1107 2380 1112 2383 ’
2190 2404 2299 2440 ται.
2334 2407 2353 2439 ι
2401 2387 2538 2457 Φέρε
2571 2387 2780 2451 τοίνυν,
2817 2387 2974 2456 φησί,
3013 2385 3239 2451 ταύταις
3272 2389 3391 2449 ταῖς
3424 2386 3782 2456 ἐπαγγελίαις

514 2479 875 2550 προσέχοντες
901 2481 1022 2542 ταῖς
1051 2479 1209 2550 ἐμαῖς
1228 2518 1242 2542 ,
1268 2477 1336 2542 ἃς
1369 2477 1626 2542 πολλάκις
1665 2476 1754 2532 διὰ
1801 2477 1908 2532 τῶν
1961 2474 2255 2548 προφητῶν
2296 2467 2619 2546 πρὸς⁶ύμᾶς
2660 2477 3024 2548 ἐποιησάμην,
3061 2477 3200 2546 μετὰ
3231 2475 3432 2548 πολλῆς
3463 2477 3561 2548 τῆς
3584 2478 3779 2549 ἐπιμι-

515 2571 665 2633 λείας
703 2571 792 2624 τὸν
829 2567 978 2624 οἶκον
1011 2569 1364 2640 ἐκπληρῶσαι
1399 2568 1672 2622 σπεύσατε
1719 2567 1809 2621 τὸν
1863 2566 2016 2638 ἐμὸν,
2057 2565 2496 2636 ἀναλογιζόμενοι
2533 2565 2682 2630 ἐξότε
2720 2583 2827 2636 περ
2859 2567 2987 2637 περί
3014 2566 3186 2620 ταῦτα
3228 2569 3495 2639 ἐσχήκατε
3527 2568 3621 2622 καὶ
3655 2565 3783 2639 περὶ

513 2661 615 2734 τὴν
641 2662 978 2733 κατασκευὴν
1011 2660 1104 2716 τοῦ
1137 2661 1286 2714 οἴκου
1316 2660 1406 2713 τοῦ
1437 2660 1592 2731 ἐμοῦ,
1616 2660 1819 2729 ὁπόσην
1845 2661 1944 2729 τὴν
1977 2660 2068 2711 ἐπὶ
2090 2658 2150 2712 τὸ
2183 2660 2429 2729 κρεῖττον
2461 2657 2762 2729 μεταϐολὴν
2793 2658 3008 2726 ἐδέξατο
3029 2659 3098 2712 τὰ
3127 2659 3391 2732 ὑμέτερα.

587 2757 754 2814 Vens.
783 2759 866 2812 10.
893 2787 962 2796 -—
991 2755 1152 2826 325
1186 2754 1390 2809 Deinde
1416 2770 1482 2809 ex
1519 2754 1762 2822 priorum
1802 2766 2095 2823 compara-

515 2850 664 2904 tione
685 2843 1103 2900 conversionem
1117 2837 1474 2894 ostendenszr
1491 2839 1630 2908 Quia
1656 2852 1784 2900 ante
1807 2844 1925 2900 dies
1949 2845 2094 2908 illos,

517 2941 717 3010 inquit,
740 2954 948 2994 merces
967 2937 1250 2992 hominum
1277 2951 1386 2990 non
1407 2943 1526 2990 erat
1544 2937 1599 2989 in
1617 2937 1850 3001 lucrum,
1870 2943 1923 2989 et
1954 2951 2100 2990 mer-

515 3048 610 3089 ces
651 3033 1023 3102 jumentorurn
1059 3029 1208 3084 nulla
1235 3036 1375 3093 erat,
1429 3035 1485 3083 et
1531 3042 1628 3083 seu
1665 3026 1965 3097 egredienti
1997 3041 2096 3080 seu

519 3121 844 3192 ingredienti
876 3117 1025 3172 nulla
1053 3130 1156 3186 pax
1183 3131 1213 3170 a
1246 3114 1624 3170 tribulatione:
1657 3123 1711 3169 et
1739 3115 1950 3168 mittam
1979 3127 2097 3167 orn-

518 3227 618 3265 nes
635 3209 884 3264 homines
904 3203 1347 3277 unumquemque
1365 3219 1531 3274 super
1546 3203 1853 3276 proximum
1874 3213 2056 3259 suum.
2073 3223 2091 3256 ι

517 3297 682 3364 Olim,
716 3299 913 3367 inquit,
943 3303 998 3351 et
1025 3303 1150 3350 ante
1172 3295 1360 3364 templi
1386 3293 1805 3349 aediﬁcationem
1840 3295 1894 3347 in
1926 3293 2096 3347 multa

518 3385 886 3442 versabamini
919 3382 1163 3448 miseria,
1198 3391 1342 3436 etne
1369 3395 1434 3434 ex
1468 3380 1845 3449 jumentorum
1875 3380 2096 3450 quidem

517 3489 826 3534 vestrorum
856 3489 1045 3547 opera,
1068 3489 1245 3545 neque
1266 3489 1332 3530 ex
1355 3473 1542 3528 multis
1575 3472 1859 3526 laboribus
1886 3473 2097 3524 lucrum

517 3571 734 3643 aliquod
767 3569 1170 3640 repnrtabatis;
1205 3582 1329 3621 nam
1362 3566 1705 3621 infructuosa
1729 3563 1913 3618 omnia
1944 3562 2100 3616 vobis

515 3662 782 3719 elliciebat
815 3661 966 3730 pacis
995 3658 1242 3727 cujusvis
1272 3656 1628 3718 desiderium,
1658 3653 1787 3707 dum
1823 3651 2100 3722 perpetuis

515 3756 794 3825 variisque
846 3751 1298 3807 tribulationibus
1360 3753 1697 3803 vexarentur
1753 3757 1948 3799 omnes
2001 3740 2096 3812 qui

517 3845 709 3900 urbem
740 3851 978 3898 vestram
1009 3839 1462 3910 ingrediebantur
1488 3843 1584 3890 aut
1614 3834 1740 3889 inde
1767 3833 2010 3896 exibant,
2045 3831 2099 3886 id

516 3947 601 3992 est
650 3934 802 3988 urbis
841 3933 1007 3986 cives.
1048 3930 1296 4000 Augebat
1330 3937 1512 3982 autem
1555 3925 1959 3981 tribulationem
2002 3940 2098 3979 ve-

519 4037 712 4084 stram,
751 4022 896 4093 quod
953 4023 1102 4075 nulla
1145 4035 1275 4090 pace
1329 4019 1652 4081 utcbamini,
1710 4017 1894 4071 multis
1940 4023 2096 4070 extra

518 4107 980 4186 consurgentibus
1031 4113 1370 4174 lmminibus,
1426 4111 1556 4166 dum
1603 4125 1704 4180 ego
1741 4125 1827 4164 me
1859 4125 1888 4163 a
1939 4108 2096 4164 vobis

518 4218 844 4264 averteram.
867 4206 971 4262 Per
994 4206 1110 4261 haec
1141 4215 1320 4261 autem
1351 4203 1781 4278 videtureodem
1801 4218 1964 4258 sensu
1987 4217 2098 4273 quo

517 4302 710 4356 beatus
738 4297 970 4370 Aggaeus
1005 4297 1290 4368 propheta.
1316 4295 1606 4352 manifeste
1623 4294 1958 4366 exprobrare
1989 4294 2097 4350 illis

518 4390 826 4460 ignaviam;
881 4388 1218 4442 memorabat
1267 4387 1414 4443 enim
1460 4391 1691 4459 Aggaaus
1719 4388 1951 4444 subnata
1988 4387 2097 4443 illis

2273 2750 2420 2824 Στίχ.
2460 2749 2512 2803 ι’.
2551 2779 2620 2789 ——
2655 2745 2770 2802 Εἶτ’
2820 2751 2884 2803 ἐκ
2940 2752 3296 2822 παραθέσεως
3347 2751 3457 2806 τῶν
3502 2753 3786 2825 προτέρων

2201 2842 2413 2907 δεικνὺς
2435 2842 2532 2914 τὴν
2561 2841 2864 2913 μεταϐολήν
2879 2858 2894 2872 '
2928 2861 2947 2893 ι
2972 2844 3117 2896 Διότι
3147 2843 3252 2914 πρὸ
3269 2844 3378 2898 τῶν
3396 2845 3621 2916 ἡμερῶν
3640 2844 3784 2898 ἐκεί·-

2201 2951 2307 2988 νων
2333 2935 2361 2987 ό
2399 2933 2588 3002 μισθὸς
2613 2933 2722 2987 τῶν
2761 2933 3064 3004 ἀνθρώπων
3095 2935 3197 2988 οὐκ
3227 2929 3293 3007 ἦν
3323 2937 3403 2998 είς
3436 2935 3656 3006 ὄνησιν,
3689 2936 3788 2990 καὶ

2199 3026 2230 3079 ό
2261 3023 2448 3095 μισθὸς
2480 3024 2588 3078 τῶν
2614 3024 2827 3094 κτηνῶν
2858 3025 2957 3096 οὐχ
2987 3026 3228 3098 ὑπῆρχε,
3261 3027 3355 3080 καὶ
3378 3026 3457 3098 τῷ
3490 3031 3786 3099 ἐκπορευο-

2205 3117 2350 3186 μένῳ
2377 3116 2470 3169 καὶ
2497 3115 2575 3187 τῷ
2612 3117 3050 3188 ιίσπορευομένῳ
3087 3117 3190 3171 οὐκ
3220 3111 3289 3189 ἦν
3317 3120 3508 3191 εἰρήνη
3551 3120 3660 3174 άπὸ
3683 3119 3787 3192 τῆς

2201 3204 2432 3275 θλίψεως
2455 3223 2468 3236 ·
2512 3206 2609 3259 καὶ
2655 3206 3004 3272 ἐξαποστελῶ
3042 3207 3249 3272 πάντας
3284 3209 3412 3271 τοὺς
3460 3208 3785 3282 ἀνθρώπους

2199 3295 2428 3349 ἕκαστον
2467 3296 2558 3350 ἐπὶ
2604 3294 2696 3350 τὸν
2743 3297 2969 3368 πλησίον
2999 3294 3187 3352 αὐτοῦ.
3216 3317 3235 3350 ι
3274 3297 3450 3354 Πάλαι
3507 3299 3608 3370 μὲν
3652 3301 3784 3372 γὰρ,

2199 3385 2354 3456 φησὶ,
2389 3385 2482 3439 καὶ
2517 3385 2624 3458 πρὸ
2653 3386 2750 3457 τῆς
2773 3387 3061 3459 οἰκοδομῆς
3087 3386 3180 3442 τοῦ
3211 3388 3340 3444 ναοῦ
3372 3391 3430 3442 ἐν
3457 3391 3624 3462 πολλῇ
3647 3389 3787 3444 καθ-

2198 3480 2500 3550 ειστήκειτε
2552 3479 2896 3551 ταλαιπωρίᾳ
2925 3497 2939 3512 δ
3007 3481 3100 3534 καί.
3153 3480 3274 3535 οὔτε
3318 3485 3384 3555 τῇ
3429 3483 3536 3537 τῶν
3569 3485 3786 3556 κτηνῶν

2199 3569 2307 3622 τῶν
2341 3569 2620 3640 ὑμετέρων
2653 3571 2884 3642 ἐργασίᾳ
2915 3570 3300 3642 προσκείμενοι
3330 3574 3396 3626 ὲκ
3427 3573 3536 3627 τῶν
3571 3575 3785 3629 πολλῶν

2198 3678 2251 3713 τι
2297 3661 2475 3715 πόνων
2529 3661 2872 3732 άπεφέρεσθε
2918 3663 3148 3736 κέρδοςο
3203 3665 3438 3736 ἀνόνητα
3491 3665 3602 3738 γὰρ
3653 3667 3784 3739 ὑμῖν
3855 3729 3860 3734 ε

2199 3752 2419 3808 ἅπαντα
2447 3754 2621 3808 ἐποίει
2648 3755 2710 3808 τὸ
2745 3755 3015 3827 μηδεμιᾶς
3065 3756 3165 3828 μὲν
3209 3759 3433 3830 εἰρήνης
3465 3758 3781 3827 ἀπολαύειν,

2198 3843 2257 3899 ἐν
2284 3843 2493 3914 θλίψεσι
2515 3845 2572 3899 δὲ
2596 3845 2826 3900 πάντοτε
2854 3846 3203 3914 ἐξετάζεσθαι
3235 3849 3507 3914 ποικίλαις
3535 3850 3785 3916 ἅπαντας

2202 3935 2324 4000 τοὺς
2345 3937 2439 3989 ἐπὶ
2475 3937 2575 4008 τῆς
2621 3938 2827 4003 πόλεως
2858 3939 3127 4004 εἰσιόντας
3170 3957 3231 3993 τε
3273 3942 3367 3994 καὶ
3406 3940 3646 4006 ἐξιόντας
3672 3942 3785 3997 τῶν

2198 4027 2257 4080 ἐν
2287 4029 2433 4098 ὑμῖν,
2461 4027 2548 4082 ἵνα
2578 4028 2710 4100 εἴπῃ
2733 4029 2858 4091 τοὺς
2890 4029 2984 4081 ἐπὶ
3009 4029 3112 4098 τῆς
3141 4029 3350 4093 πόλεως
3375 4031 3780 4103 ἀναστρεφομέν-

2198 4135 2342 4181 νους.
2384 4117 2594 4181 Ηῦξανε
2621 4118 2679 4170 δὲ
2700 4118 2870 4172 ταῦτα
2899 4119 3028 4191 ύμῖν
3055 4121 3153 4191 τήν
3172 4137 3233 4174 τε
3267 4121 3466 4192 θλίψιν,
3497 4123 3590 4176 καὶ
3615 4122 3681 4175 τὸ
3705 4123 3782 4196 μὴ

2198 4210 2257 4262 ἐν
2285 4211 2476 4282 εἰρήνῃ
2503 4209 2850 4277 καθεστάναι,
2884 4210 2946 4264 τὸ
2983 4211 3209 4276 πολλοὺς
3243 4212 3371 4284 ύμῖν
3398 4215 3782 4287 ἐπεγείρεσθαι

2196 4301 2306 4356 τῶν
2358 4300 2559 4368 ἔξωθεν
2609 4301 2913 4374 ἀνθρώπων
2938 4342 2954 4368 ,
3003 4304 3092 4358 διὰ
3143 4305 3240 4376 τὴν
3291 4306 3641 4379 ἀποστροφήν
3681 4309 3782 4379 τὴν

2198 4393 2339 4465 ἐμήν
2356 4411 2370 4425 ·
2405 4392 2550 4447 ἔοικε
2575 4393 2632 4446 δὲ
2658 4393 2832 4448 ταῦτα
2857 4394 2998 4450 κατά
3025 4396 3123 4468 τὴν
3164 4397 3374 4452 ἔννοιαν
3400 4401 3512 4463 τοῖς
3537 4398 3632 4452 τοῦ
3675 4419 3782 4470 μα-

515 4485 683 4548 mala,
715 4497 842 4537 cum
871 4481 937 4536 ad
961 4481 1378 4536 aediﬁcationem
1403 4481 1692 4550 torpebant
1717 4497 1734 4548 ;
1769 4480 2093 4537 ostendebat

2197 4484 2390 4556 καρίου
2428 4484 2685 4554 Ἀγγαίου
2712 4483 2807 4538 τοῦ
2835 4486 3116 4558 προφήτου
3160 4487 3346 4557 σαφῶς
3379 4488 3454 4560 (p.
3489 4490 3615 4558 487)
3643 4491 3786 4544 ὀνει-

516 4576 678 4631 simul
696 4582 901 4645 quanta
925 4572 1066 4628 facta
1091 4572 1284 4627 fuisset
1311 4573 1364 4627 in
1390 4572 1584 4627 melius
1611 4573 1922 4635 conversio,
1947 4581 2094 4644 post-

514 4679 677 4732 quam
731 4671 1013 4733 coeperant
1060 4661 1232 4715 divini
1289 4662 1478 4732 templi
1530 4661 1821 4716 aediﬁcium
1871 4677 2086 4732 urgere.

518 4755 661 4808 Idem
709 4753 812 4807 hoc
853 4754 972 4807 loco
1017 4753 1212 4808 beatus
1240 4751 1537 4808 Zacharias
1565 4753 1721 4816 dicit,
1771 4769 1966 4823 nempe
1998 4767 2094 4808 vos

517 4847 718 4900 multas
773 4854 1028 4912 expertos
1072 4859 1196 4898 esse
1247 4845 1608 4911 calamitates,
1655 4846 1783 4899 dum
1833 4847 2092 4914 templum

515 4934 887 5007 negligebatis:
909 4935 1001 4988 sed
1034 4943 1320 5003 postquam
1357 4943 1566 4988 mutata
1602 4935 1897 4999 sententia,
1939 4937 2094 4991 debi-

517 5038 624 5080 tam
658 5025 982 5094 suscepistis
1011 5025 1197 5093 templi
1226 5038 1436 5087 curam,
1473 5024 1604 5094 quid
1639 5032 1753 5076 tum
1791 5025 2056 5095 contigit?

2195 4577 2358 4641 δίςων
2392 4576 2576 4641 αὐτοῖς
2606 4576 2707 4650 τὴν
2748 4577 3053 4650 ῥᾳθυμίαν·
3091 4581 3468 4652 ἐμνημόνευσε
3524 4581 3626 4653 μὲν
3673 4582 3781 4635 τῶν

2191 4671 2598 4738 ’ἐπιγεγονότων
2636 4672 2820 4735 αὐτοῖς
2852 4671 3039 4726 κακῶν
3059 4713 3074 4737 ,
3105 4673 3341 4745 ὁπηνίκα
3365 4676 3462 4746 τῆς
3491 4675 3782 4746 οἰκοδομῆς

2198 4759 2686 4831 κατερραθύμουν·
2723 4761 2959 4833 ἐδήλωσε
3004 4762 3060 4816 δὲ
3088 4763 3260 4834 πόσην
3311 4764 3436 4836 ἔσχε
3478 4768 3781 4838 μεταϐολὴν

2199 4847 2292 4900 ἐπὶ
2317 4848 2377 4900 τὸ
2401 4850 2647 4918 κρεῖττον
2671 4850 2739 4904 τά
2772 4851 2913 4904 κατὰ
2955 4854 3082 4916 τοὺς
3112 4851 3398 4923 ἑλομένους
3443 4855 3540 4925 τῆς
3581 4857 3783 4909 οἰκοδοο

2202 4939 2308 5009 μῆς
2331 4939 2425 4992 τοῦ
2459 4941 2588 4994 ναοῦ
2623 4941 2929 5013 φροντίζειν
2961 4944 3056 4998 τοῦ
3098 4943 3243 5009 θείου
3267 4962 3280 4976 ο
3315 4945 3473 5000 τοῦτο
3509 4948 3627 5018 γὰρ,
3649 4950 3782 5002 κάν-

2197 5029 2368 5084 ταῦθα
2420 5033 2450 5084 ὁ
2485 5034 2752 5104 μακάριος
2783 5037 3057 5106 Ζαχαρίας
3102 5037 3284 5106 λέγει,
3315 5039 3396 5090 ὅτι
3437 5039 3524 5092 Ἐν
3560 5039 3788 5096 πολλαῖς

513 5113 633 5190 ἦτε,
657 5117 1220 5186 φησί,ταλαιπωρίαις
1243 5115 1568 5186 ἀμελοῦντες
1603 5115 1697 5170 τοῦ
1727 5118 1896 5170 οἴκουο
1923 5119 2110 5190 ἐπειδὴ
2147 5120 2201 5174 δὲ
2235 5125 2627 5192 μεταϐαλόντες
2669 5128 2766 5198 τὴν
2806 5129 3052 5200 γνώμην,
3091 5129 3187 5201 τὴν
3219 5133 3602 5203 προσήκουσαν
3627 5133 3780 5204 ἔχετε

515 5209 643 5280 περὶ
669 5209 761 5262 τὸν
793 5205 941 5262 οἷκον
970 5208 1227 5279 σπουδὴν,
1250 5207 1302 5259 τί
1335 5209 1522 5276 γέγονε
1547 5225 1562 5273 ;

586 5305 751 5360 Vens.
783 5305 960 5359 H-IS.
989 5335 1059 5344 —
1094 5323 1111 5354 ι
1135 5303 1198 5357 Et
1221 5319 1368 5358 nunc
1401 5321 1510 5358 non
1541 5305 1696 5374 juxta
1727 5306 1846 5361 dies
1879 5307 2090 5377 priores

515 5395 658 5450 facio
700 5397 946 5465 reliquiis
986 5395 1171 5464 populi
1210 5394 1393 5463 hujus,
1445 5395 1577 5449 dicit
1611 5396 1874 5452 Dominus
1916 5400 2094 5452 omni-

2263 5307 2414 5378 Στίχ.
2453 5305 2628 5360 ια’-ιε’.
2659 5335 2728 5346 ——
2753 5325 2771 5358 ι
2801 5307 3036 5362 Και¹νῦν
3057 5307 3117 5360 ού
3149 5307 3294 5361 κατὰ
3320 5309 3420 5372 τὰς
3444 5309 3657 5381 ἡμέρας
3681 5308 3782 5373 τὰς

2189 5396 2497 5470 ἔμπροσθεν
2526 5395 2638 5464 ἐγὼ
2667 5397 2804 5451 ποιῶ
2831 5401 2946 5462 τοῖς
2990 5400 3337 5466 καταλοίποις
3370 5400 3460 5454 τοῦ
3491 5400 3619 5456 λαοῦ
3650 5398 3780 5454 τού-

513 5494 728 5554 potens,
765 5486 858 5540 sed
890 5500 1084 5576 pacem
1117 5486 1423 5539 ostendam.
1461 5483 1629 5540 Vinea
1663 5485 1816 5540 dabit
1848 5487 2088 5542 fructum

2197 5506 2305 5552 του,
2336 5489 2484 5556 λέγει
2516 5489 2719 5561 Κύριος
2754 5490 3150 5562 παντοκράτωρ
3182 5507 3194 5520 ”
3225 5491 3339 5545 ἀλλ’
3368 5491 3401 5562 ἢ
3432 5491 3590 5557 δείξω
3618 5492 3777 5564 εἰρή-

513 5592 702 5642 suum,
741 5587 796 5632 et
826 5585 972 5632 terra
1002 5577 1152 5631 dabit
1180 5577 1422 5647 germina
1469 5594 1591 5643 sua,
1624 5587 1678 5633 et
1709 5578 1908 5632 etelum
1939 5579 2092 5634 dabit

2197 5597 2287 5650 νην
2307 5597 2319 5609 ο
2359 5581 2391 5651 ἡ
2423 5581 2665 5650 ἄμπελος
2695 5579 2854 5633 δώσει
2879 5581 2974 5635 τὸν
3013 5582 3223 5654 καρπὸν
3268 5583 3472 5656 αὐτῆς,
3505 5583 3600 5638 καὶ
3640 5584 3673 5654 ἠ
3703 5582 3778 5655 γῆ

511 5683 692 5724 rorem
721 5684 903 5731 suum,
935 5669 1240 5740 faciamque
1275 5679 1331 5724 ut
1355 5671 1599 5740 reliquiae
1623 5670 1804 5740 pepuli
1840 5671 1942 5725 mei
1975 5671 2089 5724 lucc

2197 5669 2355 5724 δώσει
2399 5672 2468 5724 τὰ
2526 5673 2811 5742 γενήματα
2869 5675 3073 5744 αὐτῆς,
3106 5675 3201 5728 καὶ
3233 5675 3460 5748 οὐρανὸς
3489 5675 3648 5730 δώσει
3677 5675 3780 5744 τὴν

525 5760 707 5814 omnia
757 5761 1089 5832 possideant.
1133 5761 1198 5816 Et
1231 5761 1357 5830 erit,
1395 5763 1538 5819 sicut
1575 5762 1739 5818 cratis
1779 5761 2090 5818 maledictio

2197 5763 2383 5836 δρόσον
2419 5765 2620 5819 αὐτοῦ·
2663 5767 2754 5820 καὶ
2787 5769 3325 5842 κατακληρονομήσω
3373 5771 3484 5834 τοίς
3525 5767 3779 5827 καταλοί-
