2059 3234
199 170 256 199 549

653 170 933 201 COMMENTARIUS
947 154 991 200 ἸΝ
1010 169 1199 200 ΖΔΟΠΔΒΙΕ
1224 168 1305 198 CAP.
1327 168 1395 198 Vili.

1798 170 1852 200 550

200 236 265 260 ποις
281 226 329 254 τοῦ
342 225 409 254 λαοῦ
421 235 474 263 μου
487 227 577 255 πάντα
590 226 676 255 ταῦτα
686 236 694 244 '
706 228 754 255 καὶ
765 227 842 255 ἔσται
856 228 887 256 ὃν
901 228 1002 265 τρόπον

1066 231 1127 256 nter
1140 230 1247 264 gentes,
1263 234 1280 255 ο
1296 227 1396 255 domus
1406 225 1484 254 Iudae
1500 230 1528 255 et
1547 226 1648 256 domus
1665 226 1789 261 lsraelis,
1813 228 1852 255 ita

199 270 251 309 ἦτε
272 272 381 309 κατάρα
405 273 435 299 ὲν
450 274 509 305 τοῖς
527 273 641 306 ἔθνεσιν,
657 273 824 305 οἶκοςῚούδα
835 294 844 307 ,
862 275 911 303 καὶ
927 272 1001 307 οἶκος

207 318 319 355 Ἰσραὴλ
332 338 341 352 ,
356 318 444 348 οὕτως
457 319 684 359 διασώσωῗῠμᾶς.
700 321 749 347 καὶ
764 320 860 348 ἔσεσθε
879 322 909 348 ὲν
923 322 1001 350 εὐλο-

200 364 276 401 γίᾳ.)
287 365 344 400 Οὐχ
359 365 440 400 ὅμοια
456 367 511 397 τοῖς
527 366 646 401 πρόσθεν
660 367 695 393 τὰ
705 366 752 393 νῦν
766 368 831 403 περὶ
845 368 908 400 τοὺς
919 368 1002 395 ἐπαν-

201 411 369 447 εληλυθότας
392 412 549 447 γενήσεται,
569 411 617 444 οὒς
631 412 663 439 ἐκ
682 413 789 440 πολλῶν
800 413 854 440 τῶν
866 414 1003 449 ἀπολομέ-

201 465 257 484 νων
273 456 382 491 ὀλίγους
402 457 628 493 περιλειφθέντας
644 458 756 494 αὺξήσω
780 459 861 486 πάλιν
886 459 942 494 ἐγὼ
956 461 1003 487 καὶ

201 502 272 539 πρὸς
286 502 388 538 πλῆθος
411 504 467 535 ἄξω
482 524 489 536 ,
506 504 617 540 εἰρήνης
631 513 660 530 τε
675 505 774 537 αὐτοὺς
787 506 902 542 πλήρεις
920 507 1002 542 ἐργα-

202 549 322 585 σάμενος
332 569 339 581 ,
354 549 402 576 καὶ
420 549 469 584 τὴν
483 549 537 576 ἀπὸ
553 550 608 576 τῶν
623 550 738 587 καρπῶν
758 551 886 586 εὐθηνίαν
911 553 1002 584 αὐτοῖς

202 595 348 631 παρέχων.
369 596 416 622 καὶ
431 595 539 622 πάντων
555 596 586 632 δὴ
605 597 746 632 συντόμως
758 598 845 625 εἰπεῖν
865 599 919 625 τῶν
934 599 1003 633 ἀγα-

202 639 260 668 θῶν
276 640 446 676 δωρούμενος
460 641 552 672 αὐτοῖς
566 641 616 677 τὴν
629 642 779 669 ἀπόλαυσιν
790 651 796 656 ·
812 643 845 670 i'v‘
863 643 958 679 ὥσπερ
972 643 1003 670 τὸ

203 686 322 713 παλαιὸν
340 687 477 722 τιμωρίας
491 687 635 722 ἐφαίνεσθε
651 689 734 715 πᾶσιν
749 690 818 723 ἄξιοι
833 689 878 716 διὰ
890 690 939 725 τὴν
953 690 1001 725 ὀρ-

202 732 256 769 γὴν
268 733 317 769 τὴν
331 733 401 769 ἐμὴν
416 754 422 765 ,
442 735 479 769 (p.
498 734 561 769 488)
576 733 663 767 οὕτως
684 736 716 762 ὲκ
732 735 782 769 τῆς
799 736 869 771 ἐμῆς
885 736 1003 771 κηδεμο-

203 779 264 812 νίας
282 780 448 816 μακαριστοὶ
467 780 607 814 φαίνοισθε
628 782 704 817 παρὰ
722 783 803 809 πᾶσιν
823 782 978 818 ἀνθρώποις
994 790 1001 798 ·

203 826 252 853 καὶ
266 825 348 852 πλέον
363 825 583 862 παραθαρρύνων
591 827 714 860 αὐτοῦ;,ι
727 827 860 863 Θσρῤεῖτε
873 827 920 853 καὶ
936 836 1002 853 κατ-

205 871 312 907 ισχύετε
328 872 357 898 ὲν
376 873 437 904 ταῖς
454 872 548 907 χερσὶν
567 871 654 907 ὑμῶν.
672 871 744 898 Διότι
761 872 823 899 τάδε
844 872 918 906 λέγει
947 872 1003 899 Κύ-

1054 274 1169 303 salvabo
1191 281 1252 306 vos,
1268 277 1295 301 et
1309 272 1425 302 eritisin
1441 272 1658 302 benedictione.)
1679 273 1758 301 llaud
1774 281 1853 310 aque

1054 327 1088 348 ac
1113 318 1329 355 antiquioribus,
1357 318 1395 347 ita
1420 319 1538 354 posteris
1567 319 1686 352 eveniet,
1711 327 1784 355 quos
1816 326 1852 347 ex

1055 366 1148 393 multis
1167 366 1313 394 exstinctis
1333 372 1437 401 paucos
1453 365 1575 397 relictos,
1588 373 1688 393 rursus
1703 373 1755 401 ego
1769 365 1854 401 326

1055 411 1162 447 augebo
1180 415 1207 439 et
1234 411 1262 438 in
1290 410 1494 438 multitudinem
1520 411 1680 445 proveham,
1712 418 1780 446 pace
1804 418 1852 438 eos

1055 458 1211 491 cumulans,
1232 461 1259 485 et
1283 456 1392 492 frugum
1408 457 1516 492 copiam
1543 456 1742 491 suppeditans;
1771 461 1854 492 atque

1056 508 1085 530 ut
1094 504 1257 539 compendio
1265 503 1366 536 dicam,
1378 503 1500 530 omnium
1511 503 1646 530 bonorum
1656 502 1759 530 eisdem
1772 509 1852 529 usum
1885 531 1889 537 ,

1056 550 1192 582 tribuens,
1209 554 1238 576 ut
1252 549 1333 577 sicuti
1355 549 1420 576 olim
1438 555 1518 584 poena
1539 548 1706 576 videbamini
1725 548 1799 582 digni
1818 548 1854 574 ob

1056 595 1125 622 iram
1149 603 1248 627 meam,
1275 595 1312 622 ita
1336 600 1448 630 propter
1461 595 1646 630 patrocinium
1663 602 1755 621 meum
1780 594 1854 621 beati

1056 641 1204 669 videamini
1220 641 1328 668 cunctis
1345 641 1512 669 hominibus.
1532 641 1565 668 Et
1578 642 1664 676 magis
1680 640 1772 668 adhuc
1785 640 1856 667 ﬁdu-

1057 688 1127 715 ciam
1146 687 1186 715 eis
1206 695 1322 722 augens,
1339 697 1347 713 ι
1362 687 1510 720 Conﬁdile,
1529 687 1627 722 inquit,
1645 691 1673 714 et
1690 688 1856 714 roborentur

1058 741 1156 760 manus
1178 739 1276 760 vestra-
1292 743 1298 760 :
1316 733 1446 768 quoniam
1463 733 1520 760 hinc
1538 734 1605 760 dicit
1620 733 1752 760 Dominus
1764 734 1855 760 omni-

1057 784 1172 815 potens:
1190 779 1427 813 Quemadmodum
1444 780 1562 816 cogitavi
1582 788 1631 808 vos
1644 780 1773 816 amigere,
1791 781 1855 816 quia

1058 833 1101 852 me
1129 831 1221 861 patres
1248 826 1333 853 vestri
1359 827 1604 859 exacerbaverant,
1631 826 1698 854 dicit
1723 826 1856 854 Dominus

1058 872 1245 907 omnipotens.
1260 880 1349 907 neque
1368 876 1435 900 tunc
1453 881 1495 899 me
1510 872 1650 907 pwnituit,
1669 873 1705 900 ita
1723 873 1855 900 constitui

205 926 264 954 ριος
276 917 478 954 παντοκράτωρ
490 938 497 950 ,
528 919 576 944 Ὃν
591 918 691 954 τρόπον
703 918 843 954 διενοήθην
857 918 903 945 τοῦ
919 918 1006 945 κακῶ-

1062 925 1090 944 ac
1106 918 1256 945 deliberavi
1273 919 1371 947 diebus
1388 919 1431 946 his
1450 920 1518 947 bene
1531 919 1622 947 facere
1642 920 1703 947 urbi
1725 920 1857 949 Hierusa-

205 972 250 990 σαι
267 964 340 999 ὑμᾶς
355 965 384 990 ὲν
401 964 441 999 τῷ
456 963 625 999 παροργίσαι
650 973 684 998 με
699 964 761 996 τοὺς
778 964 901 999 πατέρας
919 965 1006 1000 ὑμῶν,

204 1008 280 1044 λέγει
295 1009 397 1046 Κύριος
420 1011 618 1045 παντοκράτωρ
631 1029 638 1041 ,
663 1010 709 1037 καὶ
724 1011 754 1037 οὐ
775 1011 928 1045 μετενόησα
939 1031 945 1042 ,
963 1010 1009 1037 οὖα

203 1064 261 1088 τως
276 1056 491 1092 παρατέταγμαι
508 1056 554 1083 καὶ
571 1057 749 1092 διανενόημαι
772 1058 801 1083 ὲν
815 1059 875 1090 ταῖς
888 1057 1008 1093 ἡμέραις

204 1101 321 1134 ταύταις
340 1102 388 1129 τοῦ
419 1102 510 1134 καλῶς
526 1104 637 1138 ποιῆσαι
652 1106 685 1140 τῇ
709 1104 888 1140 Ἰερουσαλὴμ
908 1104 954 1131 καὶ
970 1103 1009 1139 τῷ

204 1149 274 1184 οἴκῳ
296 1149 391 1176 Ἰούδα.
407 1158 417 1175 ι
447 1150 624 1185 Ἀποθέμενοι
640 1149 672 1186 δὴ
690 1151 779 1177 πάντα
798 1150 881 1185 φόϐον
895 1151 941 1177 καὶ
958 1152 1007 1177 πᾶ-

205 1203 257 1222 σαν
273 1195 441 1230 ἀπόγνωσιν,
462 1197 491 1222 ἐν
504 1196 648 1232 εὐθυμίαις
660 1196 755 1223 ἔσεσθε
772 1197 819 1223 καὶ
832 1196 926 1232 Θάρσει
942 1196 1007 1223 πολ-

205 1240 245 1277 λῷ
255 1249 262 1257 ·
277 1241 324 1270 καὶ
339 1242 409 1278 μετὰ
426 1242 528 1278 πολλῆς
548 1243 598 1278 τῆς
624 1243 742 1278 σπουδῆς
756 1242 919 1278 ἔχεσθετῆς
935 1244 1008 1270 οἱκο-

205 1287 290 1324 δομῆς
306 1288 354 1315 τοῦ
367 1288 446 1316 ναοῦ·
464 1287 494 1316 εὖ
521 1289 620 1320 εἰδότες
636 1290 677 1316 ὅτι
696 1289 790 1325 ὥσπερ
819 1289 951 1325 πρότερον
967 1298 1008 1316 τι-

207 1332 316 1369 μωρίαν
327 1333 511 1370 ἀπεφηνάμην
525 1335 585 1361 καθ*
599 1335 675 1369 ὑμῶν
690 1334 760 1370 ὑπὲρ
780 1333 817 1362 ὧν
832 1334 1005 1370 πλημμελεῖν

207 1379 271 1412 τοὺς
283 1380 435 1416 ὑμετέρους
452 1380 611 1407 συνέῦαινεν
622 1381 661 1413 εἰς
676 1381 726 1416 ἐμὲ
737 1403 744 1414 ,
761 1382 808 1408 καὶ
824 1381 926 1417 ταύτην
941 1381 1009 1417 ἢγα-

1059 964 1110 992 lem
1125 968 1151 991 et
1165 964 1243 992 Juda:
1256 965 1360 992 domui.
1374 976 1382 991 ι
1401 965 1480 992 Omni
1494 966 1616 1000 seposito
1627 966 1726 994 timore
1739 971 1766 994 et
1779 966 1856 994 omni

1059 1009 1261 1044 desperatione,
1295 1010 1320 1036 in
1349 1010 1450 1045 gaudio
1475 1011 1553 1038 eritis
1578 1011 1718 1046 multaque
1743 1011 1856 1046 ﬁducia,

1059 1055 1238 1090 studioseque
1260 1055 1408 1082 admodum
1424 1056 1457 1083 ad
1476 1056 1686 1084 aediﬁcationem
1704 1057 1796 1092 templi
1814 1057 1858 1084 in-

1060 1102 1213 1129 cumbetis:
1233 1102 1317 1136 probe
1329 1103 1459 1134 scientes,
1480 1103 1552 1137 quod
1568 1104 1639 1130 sicut
1651 1107 1730 1130 antea
1745 1111 1857 1138 pinnam

1060 1148 1087 1175 in
1103 1156 1152 1176 vos
1170 1149 1338 1183 exprompsi.
1361 1154 1472 1184 propter
1496 1154 1604 1184 patrum
1629 1154 1784 1177 vestrorum
1810 1150 1858 1176 ad-

1061 1203 1157 1222 versus
1177 1202 1220 1222 me
1232 1195 1404 1230 iniquitates,
1419 1200 1502 1231 atque
1521 1197 1594 1224 illam
1613 1205 1708 1232 reapse
1725 1197 1859 1225 immobili

1061 1242 1198 1269 sententia
1225 1242 1437 1269 consummavi:
1469 1243 1506 1269 ita
1536 1251 1610 1270 nunc
1633 1244 1772 1279 promissa
1797 1252 1860 1272 mea

1062 1295 1178 1323 prorsus
1207 1295 1352 1323 exsequar,
1382 1296 1443 1323 quae
1459 1288 1494 1316 dc
1509 1288 1679 1318 Hierusalem
1706 1290 1860 1326 signiﬁcavi

1062 1335 1150 1369 deque
1165 1334 1293 1361 universa
1305 1332 1384 1360 Judze
1398 1334 1489 1367 tribu;
1504 1336 1577 1369 quod
1591 1343 1689 1370 nempe
1702 1335 1748 1363 illa
1764 1343 1859 1363 rerum

1062 1380 1141 1415 copia
1159 1380 1273 1411 diiliuet,
1293 1380 1349 1407 haec
1365 1380 1451 1407 multa
1473 1380 1604 1408 felicitate
1618 1381 1736 1410 fruetur.

207 1432 257 1459 γον
271 1426 311 1457 εἰς
322 1425 427 1461 πέρας,
442 1425 472 1452 οὺ
491 1425 710 1461 μεταϐαλόμενος
723 1427 773 1462 τὴν
788 1426 901 1463 γνώμην
912 1436 918 1442 ·
935 1427 1007 1454 οὕτω
1020 1426 1066 1453 νῦν
1081 1425 1130 1457 τὰς
1148 1425 1315 1460 ἐπαγγελίας
1336 1426 1376 1457 εἰς
1392 1426 1479 1460 πέρας
1499 1426 1556 1458 ἄξω
1570 1427 1678 1459 πάντως
1697 1430 1730 1460 ἃς
1751 1429 1817 1464 περι
1831 1438 1861 1457 τι

207 1471 258 1508 τῆς
274 1471 453 1508 Ἰερουσαλὴμ
463 1472 659 1508 ἀπεφηνάμην,
677 1473 725 1500 καὶ
737 1474 828 1510 πάσης
844 1472 877 1509 δὴ
891 1473 941 1509 τῆς
956 1473 1042 1500 Ἰούδα
1057 1472 1143 1508 φυλῆς
1153 1480 1159 1487 ·
1172 1472 1210 1503 ὡς
1223 1472 1239 1507 ὴ
1260 1471 1310 1506 μὲν
1329 1472 1357 1498 ἑν
1372 1470 1485 1506 εὐθηνία
1504 1472 1658 1508 γενήσεται,
1672 1473 1697 1500 οἱ
1714 1473 1741 1500 δὲ
1760 1474 1862 1510 πολλῆς

210 1517 352 1554 μεθέξουσι
365 1518 416 1553 τῆς
432 1518 588 1553 εὐετηρίας.

245 1564 318 1600 Στίχ.
336 1563 387 1597 ις’,
399 1564 441 1597 ιζ’,
453 1579 486 1585 -
497 1565 554 1591 Καὶ
579 1565 687 1598 δεικνὺς
704 1566 718 1593 ὂ
739 1575 766 1593 τι
782 1566 847 1593 ποτε
866 1566 1011 1598 ποιοῦντας

1097 1563 1183 1592 Vsus.
1201 1562 1244 1595 16,
1260 1562 1432 1598 i7.—Atque
1445 1568 1475 1590 ut
1491 1563 1606 1591 suadeat
1621 1563 1721 1592 debere
1735 1572 1794 1597 eos,
1813 1564 1862 1600 qui

208 1612 332 1648 προσῆκε
347 1610 386 1646 τῷ
402 1610 503 1647 βεϐαίῳ
517 1611 629 1648 θαρρεῖν
644 1612 699 1639 τῶν
716 1612 903 1647 ἐπαγγελιῶνο
924 1613 1009 1649 «Θαρ-

1062 1614 1137 1639 recte
1162 1610 1301 1642 facerent,
1325 1609 1449 1638 ﬁrmitati
1473 1610 1675 1644 promissorum
1703 1612 1861 1645 conﬁdere,

211 1659 293 1690 σεῖτε,
313 1654 388 1685 οῦτοι
403 1657 428 1684 οἱ
445 1657 520 1692 λόγοι
535 1657 582 1689 οὒς
598 1658 727 1695 ποιήσετε
738 1679 745 1691 ,
760 1659 867 1686 λαλεῖτε
881 1658 1011 1695 ἀλήθειαν

209 1703 325 1735 ἕκαστος
341 1704 411 1740 πρὸς
424 1703 470 1730 τὸν
491 1704 604 1740 πλησίον
623 1703 706 1731 αὑτοῦ
720 1726 728 1738 ,
744 1704 792 1733 καὶ
806 1704 894 1740 κρίμα
909 1706 1012 1740 είρηνι-

210 1750 257 1778 κον
271 1750 384 1787 κρίνατε
397 1751 426 1777 ὲν
452 1752 513 1782 ταῖς
529 1750 629 1782 πύλαις
643 1750 721 1786 ὑμῶν
735 1759 741 1766 ·
760 1751 808 1778 καὶ
824 1752 940 1783 ἕκαστος
962 1751 1012 1787 τὴν

211 1797 310 1825 κακίαν
324 1796 373 1824 τοῦ
388 1796 503 1833 πλησίον
528 1797 566 1833 μὴ
582 1797 723 1831 λογίζεσθε
740 1798 768 1823 ὲν
784 1797 910 1833 καρδίαις
923 1797 1011 1833 ὑμῶν,

211 1843 257 1871 καὶ
276 1844 359 1880 ὅρκον
382 1843 467 1879 ψευδῆ
489 1843 526 1879 μὴ
542 1844 690 1877 ἀγαπᾶτε·
713 1843 781 1871 διότι
809 1843 897 1870 ταῦτα
923 1844 1013 1870 πάντα

211 1890 342 1926 ἐμίσησα,
357 1889 434 1924 λέγει
445 1889 548 1926 Κύριος
560 1889 772 1926 παντοκράτωρ.
788 1899 797 1916 ›
817 1889 856 1925 (p.
866 1889 929 1924 489)
942 1890 1013 1925 Θαῤ-

211 1937 284 1973 ρεῖτι
302 1937 335 1973 δὴ
351 1938 412 1968 ταῖς
423 1936 603 1971 ἐπαγγελίαις
618 1937 677 1968 ταῖς
693 1936 775 1972 ἐμαῖς
788 1945 794 1952 ·
822 1937 847 1962 εί
861 1937 965 1963 τούτων
981 1936 1012 1971 δὴ

211 1979 305 2020 ὧνπερ
316 1981 364 2010 οὖν
377 1982 557 2018 συμϐουλεύω
568 1982 669 2018 πολλὴν
680 1982 768 2018 ἔχοιτε
780 1982 829 2018 τὴν
842 1982 1012 2017 ἐπιμέλειαν,

210 2029 314 2062 ἀδόλως
338 2029 389 2065 μὲν
402 2029 437 2056 τὰ
450 2028 518 2065 πρὸς
534 2028 670 2064 ἀλλήλους
686 2028 855 2060 διατιθέντες
867 2049 874 2061 ,
898 2027 1013 2063 ἀληθινῇ

210 2075 240 2103 δὲ
249 2076 355 2112 διανοίᾳ
363 2076 414 2112 τὴν
427 2075 496 2111 πρὸς
506 2075 640 2111 ἀλλήλους
653 2074 842 2106 ὰποσώζοντες
853 2074 955 2109 φιλίαν,
968 2073 1015 2100 καὶ

212 2122 248 2158 δὴ
264 2122 434 2159 φροντίζοντα
457 2123 549 2155 πάσας
571 2122 621 2154 τὰς
636 2121 828 2156 ἐμπιπτούσας
846 2121 1015 2155 φιλονεικίας

213 2168 372 2201 διαλύοντες
387 2169 426 2202 είς
441 2169 534 2205 φιλίαν
551 2168 719 2203 συνάγεσθαι
740 2168 900 2204 πρέπουσάν
919 2176 951 2202 γε
967 2167 1015 2194 καὶ

215 2216 286 2252 πρὸς
315 2215 428 2252 εἰρήνην
465 2216 632 2247 συνιοῦσαν,
659 2216 715 2242 τῶν
746 2213 1015 2251 ἀμφισϐητουμένων

214 2261 372 2297 ποιούμενοι
383 2262 434 2298 τὴν
451 2262 573 2290 διάλυσιν
586 2282 593 2294 ,
614 2261 649 2288 τὰ
666 2260 851 2296 συμϐαίνοντα
870 2268 899 2286 τε
924 2268 1015 2295 παρα-

1065 1667 1074 1683 ι
1085 1656 1232 1689 Conﬁdite,
1242 1656 1346 1691 inquit;
1360 1656 1406 1684 isti
1418 1660 1483 1684 sunt
1494 1664 1639 1685 sermones
1650 1666 1722 1693 quos
1734 1658 1840 1687 facietis
1853 1668 1861 1686 :

1063 1703 1210 1739 loquimini
1242 1703 1387 1730 veritatem
1415 1703 1608 1739 unusquisque
1643 1704 1677 1731 ad
1704 1705 1862 1739 proximum

1064 1756 1157 1781 suum,
1172 1752 1200 1775 et
1210 1748 1317 1782 justum
1331 1747 1468 1782 judicium
1478 1748 1602 1783 judicate
1614 1749 1639 1776 iu
1652 1751 1739 1784 portis
1751 1750 1861 1777 vestris.

1064 1794 1097 1821 Et
1110 1794 1306 1829 unusquisque
1328 1793 1430 1820 malum
1452 1796 1577 1829 proximo
1601 1801 1652 1821 suo
1668 1802 1702 1822 ne
1718 1795 1863 1823 machine-
1892 1828 1897 1834 η

1064 1840 1131 1868 mini
1152 1840 1179 1867 in
1197 1839 1329 1867 cordibus
1346 1839 1458 1872 vestris,
1484 1843 1512 1867 et
1532 1839 1648 1867 mendax
1664 1840 1862 1874 jusjurandum

1064 1895 1098 1914 ne
1112 1886 1246 1922 diligatis,
1274 1885 1338 1921 quia
1358 1885 1416 1913 haec
1440 1885 1533 1913 omnia
1560 1885 1616 1918 odi,
1641 1886 1710 1913 dicit
1726 1885 1863 1915 Dominus

1064 1933 1252 1968 omnipotens.
1273 1942 1282 1958 ι
1303 1932 1442 1960 (ἷοιιίίιιὶιο
1470 1932 1617 1967 promissis
1632 1932 1720 1965 meis;
1749 1932 1771 1960 si
1788 1938 1864 1960 certe

1064 1979 1246 2006 consiliorum
1275 1985 1336 2013 quae
1353 1978 1432 2005 vobis
1450 1978 1524 2005 suasi
1544 1978 1677 2005 rationem
1698 1978 1861 2010 habueritis,

1065 2025 1125 2053 sine
1140 2024 1203 2052 dolo
1219 2024 1335 2051 invicem
1352 2027 1514 2055 tractantes,
1534 2027 1562 2051 et
1574 2031 1671 2051 veraee
1690 2028 1782 2051 mente
1800 2032 1863 2051 mu—

1065 2075 1140 2098 tuam
1159 2069 1321 2097 charitatem
1335 2074 1495 2108 servantes;
1513 2074 1540 2096 et
1555 2069 1577 2096 si
1593 2076 1705 2104 operam
1718 2068 1862 2100 dederitis,

1065 2121 1096 2145 ut
1116 2116 1304 2144 incidentibus
1319 2115 1421 2152 jurgiis
1439 2115 1563 2151 praecisis
1576 2115 1604 2142 in
1615 2115 1765 2142 amicitiam
1782 2122 1864 2142 coea-

1065 2163 1101 2190 tis
1118 2162 1237 2190 debitam
1253 2166 1281 2190 et
1295 2162 1377 2197 327
1397 2162 1474 2197 pacis
1496 2162 1612 2195 sociam,
1628 2165 1655 2189 et
1677 2161 1794 2189 sublatis
1810 2161 1865 2188 liti-

1066 2210 1118 2237 bus
1146 2208 1267 2236 odensas
1292 2216 1354 2243 qua:
1380 2215 1529 2235 occurrere
1551 2208 1643 2235 solent
1670 2207 1863 2243 neglexeritis;

1066 2255 1140 2283 omni
1156 2255 1276 2289 denique
1289 2254 1433 2289 diligentia
1450 2254 1601 2289 perjurium
1617 2253 1783 2281 vitaveritis.
1801 2253 1865 2281 llaec

213 2307 371 2342 λογίζεσθαι
381 2307 437 2335 τῶν
454 2308 646 2344 πταισμάτων,
669 2307 717 2334 καὶ
727 2308 818 2334 πᾶσαν
832 2306 920 2342 ἔχοιτε
933 2314 1009 2341 φρον-

1067 2302 1140 2330 enim
1171 2308 1222 2336 ego
1246 2301 1423 2329 vehementer
1450 2300 1507 2327 odi.
1539 2298 1595 2327 Vos
1620 2307 1686 2327 vero
1705 2299 1728 2327 si
1751 2299 1866 2335 reliquis

212 2354 273 2382 τίδα
284 2353 332 2381 τοῦ
351 2353 389 2390 μὴ
401 2355 461 2390 μετ’
475 2354 620 2391 ἐπιορκίας
633 2354 749 2389 ὀμνύναι
762 2362 768 2369 ο
784 2353 870 2381 ταῦτα
886 2353 940 2388 γὰρ
953 2352 1016 2388 ἐμοὶ

215 2399 266 2434 μὲν
279 2399 328 2427 διὰ
345 2399 445 2435 μίσους
465 2400 540 2427 ἐστὶν
555 2400 626 2434 ἄγαν
639 2408 644 2413 ·
662 2400 741 2435 ὑμεῖς
755 2399 784 2426 δὲ
802 2399 826 2425 εί
842 2400 897 2430 τοῖς
913 2398 1015 2430 λοιποῖς

213 2445 373 2481 πειθόμενοι
383 2447 440 2478 τοῖς
448 2446 524 2482 ὲμοῖς
534 2445 675 2481 βούλοισθε
687 2445 789 2481 σπουδῇ
798 2443 1015 2481 διαπράττεσθαι

213 2490 251 2518 τὰ
262 2491 480 2527 παρηγγελμένα
493 2491 559 2526 ὑμῖν
574 2490 696 2525 ἀγαθῶν.

250 2537 325 2573 Στίχ.
341 2541 386 2573 ιη’,
405 2538 448 2566 ιθ’.
465 2552 501 2557 -
517 2546 528 2563 ‹
544 2538 598 2564 Καὶ
615 2536 724 2572 ἐγένετο
735 2536 814 2570 λόγος
831 2535 935 2572 Κυρίου
948 2543 1018 2562 παν·

214 2585 380 2620 τοκράτορος
399 2584 469 2621 πρός
483 2592 517 2620 με
533 2584 621 2619 λέγων
636 2593 643 2600 ·
659 2583 728 2610 Τάδε
742 2583 816 2617 λέγει
832 2582 935 2619 Κύριος
949 2591 1018 2609 παν-

214 2630 377 2666 τοκράτωρ·
397 2629 522 2666 Νηστεία
549 2630 567 2665 ἡ
587 2630 635 2656 τοῦ
657 2629 807 2665 τετάρτου,
834 2630 881 2656 καὶ
905 2629 1018 2665 νηστεία

214 2675 263 2702 τοῦ
276 2676 414 2712 πέμπτου,
430 2676 478 2704 καὶ
487 2676 602 2712 νηστεία
614 2675 661 2702 τοῦ
674 2675 800 2711 ἑϐδόμου.
816 2675 863 2702 καὶ
878 2675 989 2710 νηστεία
1001 2676 1018 2711 ὴ

214 2721 263 2749 τοῦ
276 2722 392 2749 δεκάτου
407 2722 516 2750 ἔσονται
526 2722 566 2758 τῷ
576 2723 644 2758 οἴκῳ
659 2721 744 2748 Ἰούδα
758 2722 797 2753 εἰς
811 2721 899 2757 χαρὰν
912 2720 960 2747 καὶ
979 2721 1019 2752 είς

215 2768 388 2805 εὐφροσύνην
411 2769 458 2797 καὶ
475 2769 573 2805 ἑορτὰς
589 2768 706 2804 ἀγαθὰς,
724 2768 771 2795 καὶ
785 2766 1017 2802 εὐφρανθήσεσθε,

215 2815 265 2842 καὶ
292 2815 343 2851 τὴν
369 2815 502 2851 ἀλήθειαν
525 2816 574 2842 καὶ
603 2816 654 2851 τὴν
685 2815 798 2851 είρήνην
822 2814 1016 2849 ἀγαπήσατε.)

222 2860 332 2898 Ἐπειδὴ
346 2861 402 2898 γὰρ
421 2863 451 2889 ὲν
465 2861 523 2893 τοῖς
542 2860 689 2896 ἁνωτὲροις
711 2860 852 2896 παρόντων
870 2858 923 2885 τῶν
943 2858 1018 2884 ἀλλο-

215 2906 302 2943 τρίων
321 2907 368 2940 οὓς
379 2907 405 2934 oi
414 2907 469 2936 τῶν
480 2907 565 2934 ἐθνῶν
578 2905 786 2934 ἀπεστάλκεσαν
803 2904 934 2942 βασιλεῖς,
948 2912 1018 2939 παρ-

1069 2348 1268 2375 monitionibus
1291 2347 1360 2374 meis
1381 2347 1552 2378 obedientes,
1567 2346 1690 2373 studiose
1706 2353 1753 2374 eas
1770 2347 1867 2374 obser-

1068 2394 1178 2428 vabitis,
1192 2394 1329 2429 promissa
1348 2394 1425 2421 vobis
1440 2393 1513 2421 bona
1528 2393 1749 2428 conscquemini.

1103 2533 1187 2561 Vatis.
1205 2532 1249 2566 IS,
1268 2533 1312 2561 i9.
1329 2548 1365 2554 -
1383 2542 1393 2560 ι
1418 2534 1452 2562 Ει
1472 2533 1562 2562 {ictus
1592 2536 1634 2561 est
1647 2540 1739 2561 sermo
1759 2531 1866 2559 Domini

1069 2580 1265 2614 omnipotentis
1292 2580 1326 2607 ad
1347 2587 1391 2607 me
1411 2580 1506 2608 dicens
1533 2589 1539 2606 :
1563 2578 1626 2606 Haec
1648 2579 1716 2606 dicit
1732 2578 1866 2606 Dominus

1069 2630 1259 2661 ommpolens;
1271 2625 1410 2660 Jejunium
1424 2625 1526 2660 quarti,
1539 2629 1566 2652 et
1579 2625 1714 2659 jejunium
1724 2625 1824 2659 quinti,
1840 2629 1868 2651 et

1066 2671 1201 2707 jejunium
1215 2671 1336 2705 septimi.
1352 2670 1521 2705 etjejunium
1540 2669 1638 2697 decimi
1653 2669 1772 2696 eruntin
1785 2669 1868 2697 domo

1067 2717 1145 2745 Iuda:
1157 2717 1184 2744 iu
1201 2717 1330 2752 gaudium
1342 2720 1368 2744 ct
1382 2716 1502 2743 laetitiam
1522 2719 1548 2743 et
1566 2716 1652 2743 bonas
1666 2715 1867 2750 solemnitates;

1068 2768 1096 2792 et
1120 2763 1291 2794 laetabimiui,
1304 2766 1331 2790 et
1350 2763 1496 2790 veritatem
1520 2769 1670 2797 pacemque
1692 2761 1821 2797 diligctis.
1854 2770 1864 2788 ι

1069 2810 1138 2844 Quia
1155 2811 1182 2837 in
1203 2808 1404 2844 superioribus,
1432 2808 1781 2847 proptcr_a|ienigenarum
1796 2815 1867 2843 prte-

1072 2857 1188 2884 seutiam
1198 2863 1269 2891 quos
1281 2855 1402 2890 gentium
1420 2862 1500 2890 reges
1516 2854 1657 2886 miserant,
1673 2853 1868 2889 reprobaverat

1073 2903 1146 2931 Deus
1160 2902 1308 2938 jejunium,
1330 2905 1357 2930 et
1375 2908 1407 2929 ea
1433 2896 1523 2937 opera”
1533 2900 1722 2934 substituerat,
1737 2907 1798 2935 qua:
1808 2898 1866 2927 ﬁcri
