4118 6470
506 358 604 421 881

1710 356 1801 413 ΤΗ
1812 358 2065 416 EODORI
2128 357 2357 416 MOPSU
2367 356 2611 414 ESTENI

3664 352 3775 416 552

503 484 756 549 oportere
798 472 1079 538 censebat,
1131 481 1190 528 ut
1242 487 1372 529 suos
1424 473 1588 530 simul
1640 483 1696 530 et
1739 475 1948 532 alienos
1994 478 2086 547 qui

2198 479 2427 549 ῃτὴσατο
2461 475 2559 546 μὲν
2591 472 2691 544 τὴν
2721 469 2995 543 νηστείαν,
3030 469 3393 541 ἀντεισὴγαγε
3428 467 3487 522 δὲ
3515 470 3551 524 ἃ
3578 470 3778 542 χρῆναι

507 570 731 622 aderant
780 565 1048 632 erudiret,
1094 566 1412 621 necessario
1451 565 1505 620 in
1551 566 1921 637 subsequente
1965 582 2086 622 mo-

505 661 622 715 nito
648 659 727 714 sic
749 659 1008 729 loquitur,
1039 657 1422 713 demonstrare
1466 659 1652 716 volens
1682 661 1827 716 haud
1862 676 1921 717 se
1944 661 2090 731 jeju-

506 750 656 803 nium
684 746 1009 819 simpliciter
1037 748 1376 818 improbasse
1393 788 1407 813 ,
1432 751 1527 805 sed
1556 750 1687 805 illud
1713 757 1922 805 tantum
1944 750 2092 822 quod

507 836 807 907 incongrue
838 836 1032 891 ﬂebat:
1057 851 1217 892 secus
1241 851 1369 892 vero
1391 838 1437 893 si
1458 838 1849 893 convenienter
1874 847 2090 910 agatur,

509 935 641 982 tunc
673 942 734 983 se
764 927 995 983 libenter
1018 927 1289 999 excipere.
1320 927 1436 984 Hoc
1471 944 1602 1000 ergo
1633 931 1710 984 ait
1737 948 1752 984 :
1787 928 1894 987 Vos
1932 937 2092 985 antea

508 1033 610 1088 pro
642 1018 882 1089 peccatis
914 1022 1104 1076 vestris
1128 1035 1252 1075 cum
1287 1021 1435 1076 luctu
1466 1021 1826 1092 jejunabatis,
1856 1037 2094 1095 quorum

508 1124 677 1165 causa
703 1111 876 1166 tantis
917 1112 1150 1182 correpti
1208 1110 1392 1168 fuistis
1440 1115 1891 1171 calamitatibus:
1946 1129 2095 1171 nunc

511 1209 693 1257 autem
765 1202 1001 1257 reditum
1056 1206 1371 1260 consecutis
1425 1207 1681 1276 congruit
1732 1208 1887 1263 vobis
1946 1206 2095 1262 haud

510 1309 634 1348 cum
662 1294 810 1349 luctu
837 1294 1105 1364 jejunium
1138 1311 1423 1367 paragere,
1452 1298 1549 1354 sed
1575 1298 1810 1355 libenter
1830 1298 2097 1369 jucunde-

510 1402 639 1456 que,
676 1386 816 1442 festo
845 1387 1073 1459 dignum
1119 1398 1434 1459 reputantes
1482 1391 1775 1461 jejunium;
1836 1393 1963 1461 quia
1994 1407 2096 1449 nos

513 1475 606 1531 Dei
633 1477 968 1548 propinquos
1000 1476 1178 1533 facere
1208 1479 1461 1534 idoneum
1507 1488 1612 1536 est.
1668 1480 1891 1537 Decebit
1948 1482 2095 1537 enim

509 1567 878 1637 vosjejunare
901 1569 1165 1636 laetanter,
1180 1570 1225 1625 si
1252 1571 1499 1627 veritatis
1518 1587 1583 1626 ac
1611 1572 1761 1643 pacis
1785 1579 2098 1642 respectum

512 1657 805 1715 habebitis.
824 1660 999 1729 Atque
1022 1668 1081 1715 ut
1101 1661 1355 1716 ostendat
1374 1663 1641 1717 bonorum
1663 1662 2098 1733 magnitudinem

510 1763 745 1818 quorum
778 1751 952 1821 gratia
1004 1750 1161 1806 decet
1201 1766 1299 1806 eos
1323 1752 1379 1806 in
1426 1754 1773 1811 solemnitate
1800 1769 1866 1811 ac
1911 1754 2099 1810 laetitia

508 1839 736 1909 jejuniis
763 1841 864 1903 uti,
896 1840 978 1896 sic
1009 1843 1394 1913 prosequitur:

2193 566 2530 639 πράττεσθαι
2550 564 2845 630 ἀναγκαῖον
2873 562 3075 631 ἡγεῖτο,
3096 561 3173 624 ὡς
3189 561 3257 613 ἂν
3277 559 3373 613 καὶ
3399 562 3526 623 τοὺς
3544 560 3782 624 οἰκείως

2192 655 2335 709 κατὰ
2361 653 2556 708 ταυτὸν
2599 652 2695 705 καὶ
2725 651 2855 714 τοὺς
2887 648 3204 720 ἀλλοτρίους
3243 649 3515 719 παρόντας
3549 648 3781 703 παιδεύ-

2194 762 2331 809 σειν,
2370 742 2682 812 ἀναγκαίως
2724 740 2863 812 μετά
2894 740 2994 812 τὴν
3029 738 3138 794 τῶν
3166 738 3403 810 καθεξῆς
3429 739 3781 809 διδασκαλίαν

2194 837 2389 906 ἐπάγει
2423 836 2603 901 ταυτὶ,
2634 834 2806 898 δεῖξαι
2848 832 3170 904 βουλόμενος
3190 831 3267 896 ὡς
3297 832 3359 885 ού
3402 832 3504 904 τὴν
3526 832 3783 904 νηστείαν

2193 927 2384 992 ἁπλῶς
2429 928 2806 998 παραιτεῖται,
2857 927 2934 995 (p.
2982 922 3264 993 490)’d)0l‘
3307 924 3388 978 ὅτ’
3425 924 3493 978 ἂν
3526 924 3781 996 γίγνηται

2199 1020 2275 1092 μὴ
2300 1020 2550 1082 δεόντως.
2603 1019 2666 1072 Εἰ
2706 1018 2762 1071 δέ
2812 1016 2952 1088 μετά
2980 1017 3075 1070 τοῦ
3115 1018 3485 1088 προσήκοντος
3517 1017 3780 1087 γίγνοιτο,

2195 1112 2294 1184 καὶ
2334 1111 2477 1184 μάλα
2524 1126 2590 1179 γε
2636 1110 2806 1176 αὐτὴν
2844 1108 3167 1179 ἀποδέχεται
3206 1108 3573 1179 γιγνομένην·
3624 1109 3784 1163 τοῦτο

2193 1181 2376 1259 τοίνυν
2409 1203 2574 1274 φησὶν
2615 1202 2719 1265 ὅτι,
2745 1199 3016 1271 Πρότερον
3066 1198 3165 1270 μὲν
3208 1198 3351 1270 ὑπὲρ
3382 1199 3493 1253 τῶν
3523 1200 3781 1272 ἁμαρτη-

2200 1277 2386 1369 μάτων
2416 1292 2767 1364 νηστεύοντες
2790 1291 3067 1344 ἐπενθείτε
3100 1290 3210 1344 τῶν
3241 1290 3480 1357 οἰκείων,
3526 1291 3670 1362 ὑπὲρ
3705 1285 3784 1346 ὧν

2195 1385 2261 1458 δὴ
2291 1386 2383 1440 καὶ
2403 1384 2690 1447 τοσαύταις
2704 1379 2802 1454 ἦτε
2822 1380 3277 1452 περιϐεϐλημένοι
3291 1382 3415 1445 ταῖς
3440 1384 3750 1454 συμφοραῖς
3764 1397 3779 1412 ο

2197 1476 2294 1531 νῦν
2335 1477 2391 1530 δὲ
2436 1475 2626 1547 ἐπειδὴ
2670 1475 2770 1545 τῆς
2817 1474 3075 1527 ἐπανόδου
3112 1475 3471 1544 τετυχήκατε,
3510 1474 3784 1545 ἁρμόττον

2198 1572 2283 1641 εἴη
2320 1570 2386 1623 ἂν
2414 1569 2543 1639 ὑμῖν
2577 1566 2761 1620 πένθει
2792 1566 3034 1637 μετιέναι
3065 1566 3166 1637 τὴν
3197 1565 3469 1637 νηστείαν,
3498 1565 3635 1620 ἀλλὰ
3664 1564 3785 1638 μεθ’

2199 1660 2395 1733 ἡδονῆς
2435 1677 2494 1713 τε
2530 1659 2623 1713 καὶ
2666 1657 3025 1729 εὐφροσύνης,
3070 1659 3265 1730 ἑορτῆς
3306 1658 3456 1726 ἀξιον
3482 1658 3787 1731 τιθεμένοις
3844 1676 3853 1683 ‘

2198 1750 2261 1803 τὸ
2280 1748 2564 1822 νηστεύειν
2596 1748 2669 1812 ὡς
2710 1746 2982 1818 αὔταρκες
3016 1748 3076 1801 ὃν
3103 1747 3338 1802 οἰκειοῦν
3365 1748 3484 1820 Θεῷ
3506 1765 3523 1782 ·
3554 1750 3783 1821 ἁρμόσει

2138 1831 2182 1890 Β
2209 1843 2320 1914 γὰρ
2352 1842 2483 1912 ὑμῖν
2533 1839 2595 1893 τὸ
2630 1839 2747 1910 μεθ’
2787 1839 2980 1910 ἡδονῆς
3025 1838 3328 1911 νηστεύειν,
3359 1843 3407 1896 εἰ
3441 1841 3697 1914 ἀληθείας
3726 1859 3787 1897 τε

513 1932 610 1984 καὶ
632 1933 855 2004 εἰρήνης
884 1934 1123 1988 ποιοῖσθε
1160 1934 1337 2003 λόγον.
1371 1936 1482 1990 Καὶ
1513 1938 1729 2002 δεικνὺς
1756 1938 1867 1993 τῶν
1896 1938 2116 2009 ἀγαθῶν
2145 1937 2206 1990 τὸ
2248 1935 2478 2014 μέγεθος
2521 1931 2606 2003 ἐφ’
2646 1924 2731 1997 οἷς
2779 1933 3054 2003 προσῆκεν
3097 1932 3295 1997 αὐτοὺς
3333 1933 3688 2006 ἑορτάζοντάς
3724 1949 3786 1988 τι

512 2024 610 2077 καὶ
644 2024 1102 2096 εὐφραινομένους
1132 2026 1367 2097 χρῆσθαι
1392 2030 1514 2092 ταῖς
1541 2030 1840 2099 νηστείαις.
1871 2032 2089 2100 ἐπάγει·

587 2113 750 2171 Vsus.
779 2116 973 2172 εει-25.
1009 2117 1177 2189 328
1196 2148 1267 2157 —
1296 2136 1316 2170 ι
1352 2119 1478 2175 llaec
1510 2120 1588 2176 ait
1617 2121 1880 2179 Dominus
1920 2125 2101 2179 omni-

516 2217 747 2278 potens:
780 2208 973 2266 Adhuc
1004 2213 1224 2265 venient
1258 2212 1444 2282 populi
1477 2213 1655 2278 multi,
1676 2221 1732 2269 et
1762 2215 2101 2272 habitatores

515 2300 734 2354 urbium
756 2301 1073 2377 multarum.
1099 2300 1162 2354 Et
1184 2303 1277 2372 qui
1308 2302 1558 2357 habitant
1585 2319 1747 2358 unam
1771 2305 2102 2360 convenient

506 2387 587 2442 'ad
618 2389 843 2444 alteram
878 2390 1186 2456 civitatem,
1225 2393 1472 2449 dicentes
1515 2412 1528 2447 :
1564 2394 1771 2450 Euntes
1817 2409 2009 2451 eamus
2042 2407 2103 2451 ut

515 2485 872 2555 deprecemur
920 2484 1113 2540 faciem
1166 2484 1404 2550 Domini,
1460 2495 1517 2541 ut
1566 2502 1874 2558 quaeramus
1905 2487 2101 2544 faciem

520 2576 733 2630 Domini
768 2577 1180 2647 omnipotentis.
1207 2575 1433 2647 Pergam
1465 2586 1519 2633 et
1547 2593 1667 2650 ego.
1700 2598 1721 2632 ι
1753 2577 1839 2633 Nil
1873 2580 2099 2645 mirum,

517 2667 716 2736 inquit,
747 2666 859 2721 haec
881 2667 1023 2737 apud
1063 2682 1160 2721 vos
1218 2668 1554 2738 contingere,
1606 2669 1877 2739 siquidem
1941 2669 2103 2723 multi

516 2758 839 2827 alienigenae
870 2758 1103 2813 diversis
1127 2759 1180 2813 in
1214 2759 1440 2814 urbibus
1470 2759 1803 2825 habitantes,
1842 2776 1908 2816 ex
1964 2776 2105 2815 una-

518 2864 735 2920 quaque
751 2851 887 2905 urbe
916 2850 971 2903 in
1002 2866 1171 2905 unum
1195 2851 1421 2905 coibunt
1452 2867 1467 2905 :
1496 2852 1567 2905 ita
1591 2854 1738 2907 enim
1754 2849 2099 2915 valetdictio,

522 2960 542 2993 ι
579 2942 683 3008 Qui
711 2939 960 2996 habitant
993 2940 1531 3009 unam,convenient
1557 2942 1623 2995 ad
1658 2943 1882 2996 alteram
1912 2944 2106 2997 civita-

519 3043 651 3088 tem.
684 3052 701 3084 ι
735 3030 802 3086 Hi
823 3032 1144 3088 excitabunt
1174 3041 1471 3101 mutuoque
1498 3032 1869 3087 hortabantur
1896 3034 1962 3089 ad
1998 3034 2104 3091 huc

519 3126 951 3187 adventantium,
977 3131 1107 3177 utet
1128 3124 1231 3194 ipsi
1260 3125 1313 3178 in
1348 3123 1559 3180 orando
1584 3124 1697 3178 Deo
1724 3136 2097 3194 perseverent,

519 3223 683 3283 atque
744 3214 814 3267 ab
846 3228 939 3267 eo
974 3212 1257 3282 quodlibet
1303 3213 1509 3268 bonum
1548 3222 1891 3284 exspectent.
1914 3212 2106 3280 Quare

519 3308 845 3360 alterutrum
888 3303 1833 3384 hortabantundicentes:«Pergam
1850 3323 2037 3384 etego;
2066 3328 2086 3361 ι

2273 2116 2421 2186 Στίχ.
2448 2114 2639 2182 κ’-κγ’.
2661 2140 2730 2153 --
2759 2129 2777 2163 t
2802 2110 2944 2165 Τάδε
2964 2110 3113 2178 λέγει
3138 2111 3339 2183 Κύριος
3360 2115 3785 2189 παντοκρὼιτωρο

2205 2211 2326 2264 Ἔτι
2354 2208 2545 2279 ἥξουσι
2563 2205 2684 2259 λαοί
2716 2202 2918 2267 πολλοὶ,
2936 2203 3032 2258 καὶ
3045 2203 3426 2269 κατοικοῦντες
3454 2206 3637 2272 πόλεις
3655 2210 3790 2263 πολ-

2201 2302 2299 2365 λάς
2318 2316 2332 2329 ·
2387 2299 2481 2354 καὶ
2526 2296 2935 2351 συνελεύσονται
2959 2294 3343 2360 κατοικοῦντες
3374 2298 3507 2368 μίαν
3547 2301 3628 2365 εἰς
3659 2303 3790 2372 μίαν

2202 2391 2356 2444 πόλιν
2384 2389 2496 2460 (66)
2525 2388 2796 2456 λέγοντες,
2850 2385 3217 2459 Πορευθῶμεν
3258 2389 3614 2461 πορευόμενοι
3665 2393 3790 2464 δεη.

2203 2483 2364 2553 θῆναι
2392 2481 2487 2534 τοῦ
2518 2479 2815 2551 προσώπου
2842 2478 3070 2549 Κυρίου,
3093 2479 3189 2532 καὶ
3214 2478 3511 2553 ἐκζητῆσαι
3541 2482 3601 2536 τὸ
3622 2484 3792 2556 πρόσ-

2201 2590 2351 2629 ωπον
2392 2573 2600 2644 Κυρίου
2639 2571 3110 2642 παντοκράτορος·
3162 2572 3501 2645 πορεύσομαι
3548 2575 3724 2645 κάγώ.
3764 2596 3784 2631 ι

2202 2666 2530 2737 Θαυμαστὸν
2557 2665 2664 2735 γὰρ
2698 2664 2883 2728 οὐδὲν,
2924 2664 3112 2734 φησὶν,
3154 2666 3203 2717 εἰ
3234 2667 3368 2737 παρ’
3398 2667 3551 2737 ὑμῶν
3588 2669 3791 2738 γίνοιτο

2202 2759 2395 2825 ταῦτα,
2427 2760 2562 2812 ὅπου
2588 2775 2650 2826 γε
2695 2758 2881 2810 πολλοί
2907 2759 3000 2811 καὶ
3033 2758 3142 2811 τῶν
3180 2759 3477 2832 ἀλλοτρίων
3514 2763 3573 2816 ἐν
3604 2763 3791 2832 διαφό-

2206 2867 2320 2922 ροις
2347 2851 2566 2905 πόλεσιν
2599 2849 2894 2913 οἰκοῦντες,
2930 2849 3023 2903 ἐπὶ
3066 2852 3263 2905 ταυτὸν
3301 2854 3393 2922 ἀφ’
3427 2853 3665 2924 ἑκάστης
3688 2856 3790 2909 πός

2203 2943 2338 3007 λεως
2364 2943 2646 3012 γεγονότες
2665 2961 2679 2975 ·
2712 2943 2872 2997 τοῦτο
2900 2945 3008 3014 γὰρ
3043 2943 3191 3013 λέγει
3216 2944 3300 3011 τὸ,
3327 2965 3344 2997 ι
3370 2942 3789 3003 Συνελεύσονται

2203 3033 2585 3096 κατοικοῦντες
2637 3034 2765 3104 μίαν
2811 3036 2892 3098 εἰς
2931 3034 3059 3105 μίαν
3092 3034 3264 3090 πόλιν.
3299 3055 3317 3087 ι
3368 3039 3683 3109 Διεγεροῦσι
3731 3041 3791 3094 δὲ

2203 3125 2298 3178 καὶ
2329 3124 2726 3195 προτρέψονται
2753 3124 3014 3196 ἀλλήλους
3063 3127 3144 3188 είς
3179 3126 3279 3197 τὴν
3304 3126 3540 3182 ἐνταῦθα
3588 3147 3794 3200 παρου-

2205 3216 2347 3279 σίαν,
2386 3215 2463 3279 ὡς
2511 3216 2579 3270 ἂν
2617 3216 2712 3269 καὶ
2762 3217 2915 3269 αὐτοὶ
2955 3216 3259 3288 διαμένοιέν
3308 3235 3367 3271 τε
3412 3219 3656 3291 δεόμενοι
3695 3222 3790 3275 τοῦ

2202 3305 2359 3372 Θεοῦ,
2396 3309 2491 3362 καὶ
2512 3308 2640 3382 παρ’
2669 3308 2836 3363 αὑτοῦ
2872 3311 2981 3362 πᾶν
3011 3311 3041 3363 ὅ
3069 3327 3122 3363 τι
3160 3311 3523 3382 ἀναμένοντες
3549 3315 3753 3383 ἀγαθόν
3771 3333 3787 3346 ·

520 3398 700 3464 idest,
725 3398 1113 3467 Unusquisque
1156 3397 1447 3454 sedulitate
1498 3397 1564 3452 ad
1598 3399 1910 3469 hnjusmodi
1962 3416 2098 3470 opus

2204 3397 2335 3453 ὥσθ’
2396 3399 2629 3453 ἕκαστον
2684 3401 3130 3471 προτρεπόμενον
3189 3402 3278 3455 τὸν
3342 3404 3531 3475 ἕτερον
3575 3405 3795 3474 λέγειν,

519 3496 700 3551 utens,
762 3489 828 3542 ad
880 3504 978 3559 par
1007 3489 1246 3545 studium
1297 3500 1524 3547 caeteros
1557 3506 1775 3561 quoque
1818 3491 2098 3547 excitabit.

520 3578 723 3635 Deinde
755 3580 907 3643 dicit,
943 3581 1209 3651 plurimos
1240 3598 1305 3637 ex
1333 3583 1524 3639 multis
1554 3582 1899 3653 diversisque
1927 3584 2104 3655 genti-

517 3673 620 3726 lms
649 3679 969 3728 ventaturos
1014 3673 1353 3729 Hierusalem
1410 3673 1581 3730 Deum
1629 3676 1976 3746 prepitiaruri
2005 3691 2103 3746 pro

514 3766 754 3832 peccatis
786 3765 924 3829 suis,
966 3772 1022 3819 et
1072 3765 1139 3820 de
1176 3767 1421 3836 qualibet
1465 3767 1712 3836 ipsorum
1774 3767 2103 3824 necessitate

516 3856 882 3925 deprecaturi.
914 3855 1035 3911 Mox
1067 3857 1220 3913 addit
1252 3879 1264 3913 :
1297 3874 1317 3909 ι
1365 3857 1492 3914 Haec
1522 3860 1599 3913 ait
1625 3858 1888 3917 Dominus
1918 3861 2101 3915 omni-

516 3952 711 4015 potens
753 3963 771 3998 :
801 3943 1000 3999 Diebus
1056 3946 1165 3999 illis
1204 3947 1612 4017 apprehendent
1645 3949 1834 4004 decem
1886 3949 1988 4003 viri
2034 3966 2102 4004 ex

516 4034 763 4089 omnium
808 4035 1052 4105 gentium
1096 4035 1319 4108 linguis,
1364 4037 1794 4107 apprehendent,
1851 4042 2099 4109 inquam,

517 4129 787 4186 ﬁmbriam
824 4130 931 4185 viri
990 4129 1163 4186 Judaei
1203 4124 1495 4188 diccntcs':
1549 4132 1844 4189 Veniemus
1895 4144 2099 4198 tecum,

517 4221 643 4292 quia
679 4221 985 4277 audivimus
1019 4220 1187 4277 Deum
1218 4223 1498 4278 vobiscum
1534 4239 1678 4281 esse.
1708 4244 1727 4278 ι
1787 4224 1939 4297 Adeo
1978 4225 2104 4279 illu-

519 4324 686 4368 Strern
711 4311 873 4367 faciet
906 4311 1266 4382 reliquiarum
1298 4311 1515 4370 lsraelis
1550 4314 1811 4382 reditum,
1847 4322 1908 4370 ut
1941 4316 2100 4370 multi

516 4405 747 4463 diversis
768 4405 989 4461 oriundi
1015 4405 1291 4475 gentibus,
1314 4413 1368 4461 et
1396 4406 1547 4462 illius
1574 4407 1908 4463 calamitatis
1932 4409 2103 4479 parti-

514 4498 687 4568 cipes,
718 4496 1097 4554 animadversa
1131 4497 1222 4554 Dei
1250 4514 1379 4567 erga
1427 4500 1681 4569 populum
1712 4517 1872 4557 suum
1916 4502 2102 4572 provi-

514 4589 721 4668 dentia,
756 4589 1098 4659 apprehenso
1121 4590 1365 4658 ipsorum
1391 4589 1661 4657 quolibet,
1687 4604 1754 4644 eo
1776 4590 1917 4646 duce
1938 4597 2101 4644 utan-

515 4686 607 4731 tur
639 4678 847 4731 reditus
877 4675 942 4729 ad
980 4676 1168 4730 urbem
1222 4675 1585 4742 Hierusalem,
1617 4680 1838 4736 cunctis
1868 4681 2002 4734 satis
2031 4679 2099 4733 ad

2207 3488 2284 3557 (p.
2320 3487 2445 3555 491)
2478 3505 2498 3538 ι
2535 3488 2879 3559 Πορεύσομαι
2899 3489 3074 3558 κάγὼ,
3110 3510 3129 3543 ι
3157 3491 3243 3545 ἵνα
3274 3493 3423 3564 εῐπῃ,
3446 3495 3528 3547 ὅτι
3560 3495 3793 3562 ἕκαστος

2209 3580 2486 3651 προθυμίᾳ
2515 3584 2584 3652 τῇ
2613 3582 2742 3652 περὶ
2778 3580 2840 3634 τὸ
2889 3584 3123 3653 πρᾶγμα
3165 3587 3539 3655 κεχρημένος,
3586 3589 3680 3642 ἐπὶ
3720 3590 3792 3645 τὰ

2198 3672 2363 3746 ,ὅμοια
2385 3672 2620 3744 διεγερεί
2639 3673 2732 3726 καὶ
2754 3674 2879 3738 τοὺς
2907 3674 3119 3740 ἀλλους·
3153 3670 3272 3729 εἷτα
3293 3678 3377 3732 ὅτι
3399 3678 3639 3734 πλεῖστοι
3671 3683 3791 3737 ὅσοι

2202 3764 2269 3816 ὲκ
2301 3764 2512 3818 πολλῶν
2557 3766 2652 3818 καὶ
2695 3765 2968 3836 διαφόρων
3014 3766 3184 3820 ἐθνῶν
3216 3765 3547 3840 παρέσονται
3573 3774 3653 3837 είς
3685 3774 3789 3844 τὴν

2213 3854 2574 3925 Ἰερουσαλὴμ
2618 3856 2984 3928 ἐξιλεούμενοί
3011 3874 3072 3910 τε
3117 3858 3176 3912 τὸ
3205 3860 3362 3915 Θεῖον
3389 3863 3484 3916 ἐπὶ
3512 3866 3631 3927 ταῖς
3661 3867 3789 3921 ἑαυ-

2202 3947 2315 3999 τῶν
2348 3947 2666 4019 ἁμαρτίαις,
2718 3949 2812 4001 καὶ
2839 3950 2947 4002 πᾶν
2979 3951 3101 4003 ὅτου
3128 3950 3193 4005 ἂν
3222 3951 3428 4006 δέοιντο
3457 3956 3594 4026 παρ’
3621 3957 3789 4012 αὐτοῦ

2203 4036 2513 4108 ζητοῦντες.
2567 4034 2661 4101 Οἷς
2688 4040 2915 4108 ἐπάγει·
2956 4061 2975 4094 ι
2996 4042 3133 4096 Τάδε
3166 4042 3312 4112 λέγει
3342 4045 3546 4117 Κύριος
3591 4066 3790 4103 παντο-

2204 4132 2425 4204 κράτωρ
2445 4150 2458 4164 ·
2496 4133 2584 4186 Ἐν
2611 4135 2727 4198 ταῖς
2756 4135 2999 4206 ἡμέραις
3018 4136 3255 4201 ἐκείναις
3274 4138 3630 4212 ἐπιλήψονται
3656 4143 3791 4198 δέκα

2200 4219 2389 4293 ἄνδρες
2445 4223 2512 4275 ἐκ
2549 4224 2741 4276 πασῶν
2781 4222 2926 4296 [τῶν
2954 4222 3252 4298 γλωσσῶν]
3295 4225 3407 4280 τῶν
3450 4225 3641 4290 ἐθνῶν,
3696 4231 3792 4285 καὶ

2198 4314 2552 4386 ἐπιλήψονται
2599 4315 2694 4369 τοῦ
2734 4316 3042 4386 κρασπέδου
3072 4317 3265 4389 ἀνδρὸς
3314 4318 3574 4372 Ἰουδαίου
3605 4318 3792 4389 λέγον-

2198 4424 2309 4473 τος,
2359 4408 2746 4479 Πορευσόμεθα
2794 4408 2933 4479 μετά
2975 4409 3090 4475 σοῦ,
3128 4410 3263 4464 διότι
3302 4410 3623 4484 ἀκηκόαμεν
3645 4412 3728 4465 ὅτι
3758 4415 3790 4467 ὁ

2198 4499 2330 4563 Θεὸς
2355 4499 2473 4571 μεθ’
2502 4500 2654 4572 ὑμῶν
2684 4502 2853 4555 ἐστιν.
2886 4521 2904 4552 ι
2938 4502 3094 4556 Οὕτω
3116 4504 3226 4575 γὰρ
3249 4503 3510 4575 λαμπρὰν
3530 4503 3638 4559 τῶν
3660 4504 3794 4558 ὑπο-

2198 4590 2538 4661 λειπομένων
2568 4593 2854 4663 ποιήσεται
2883 4592 3016 4657 Θεὸς
3043 4594 3143 4666 τὴν
3173 4594 3452 4659 ἐπάνοδον,
3483 4593 3626 4647 ὥστε
3658 4593 3792 4648 πολι

2196 4682 2323 4747 λοὺς
2352 4684 2416 4736 ἐκ
2439 4682 2712 4753 διαφόρων
2731 4684 2892 4749 ὄντας
2923 4685 3096 4739 ἐθνῶν
3126 4687 3220 4740 καὶ
3247 4686 3345 4758 τῆς
3381 4687 3667 4759 συμφορᾶς
3693 4702 3792 4739 κε-

517 4770 572 4823 id
606 4768 893 4822 concitatis
920 4782 987 4821 ex
1006 4765 1242 4821 evidenti
1278 4768 1503 4824 notione
1554 4770 1700 4839 quod
1756 4770 1915 4825 vobis
1957 4769 2098 4825 adsit

2198 4747 2854 4849 xorquxdreq'éxslvrgg,
2874 4747 3249 4849 θεασαμένους
3264 4747 3358 4832 τοῦ
3378 4747 3519 4832 Θεοῦ
3543 4747 3794 4850 τὴννπερὶ

518 4858 682 4931 Deus.
716 4864 858 4913 teste
910 4871 1138 4928 cperum
1201 4872 1329 4927 erga
1356 4873 1455 4914 vos
1490 4860 1861 4914 mirabilitate.
1888 4858 2098 4917 Etenim

519 4954 625 5007 hoc
651 4952 814 5012 etiam
853 4956 976 5005 loco
1006 4943 1397 5007 «decemviro:
1415 4946 1676 5003 ιιιιιιιιίιίε
1689 4963 1923 5003 numero
1945 4949 2103 5017 dicit,

515 5044 611 5098 sed
635 5054 724 5098 uti
742 5041 946 5097 multos
962 5034 1441 5113 isignilicet.Exin
1458 5041 1943 5104 memoratgentes
1981 5050 2105 5106 qua:

520 5137 613 5191 Dei
646 5136 843 5191 timore
868 5133 943 5187 ita
973 5147 1035 5188 se
1057 5136 1268 5201 gerent,
1293 5137 1407 5182 tum
1438 5136 1492 5182 et
1515 5127 1651 5183 alias
1679 5140 1803 5199 quae
1819 5128 1891 5185 ob
1909 5143 2105 5199 supcr-

520 5229 662 5283 biam
689 5241 844 5284 suam
872 5223 1073 5279 nullius
1095 5220 1249 5293 pensi
1282 5233 1397 5276 rem
1429 5219 1572 5274 hanc
1627 5218 1928 5275 habebunt.
1965 5219 2101 5276 Pro-

520 5330 706 5390 pterea
730 5318 899 5374 dicit:

2195 4862 2286 4917 τὸν
2305 4862 2431 4916 λαὸν
2455 4864 2813 4937 κηδεμονίαν,
2840 4867 3200 4922 ἐπιλαϐέσθαι
3226 4885 3287 4922 τε
3314 4871 3437 4923 ὅτου
3460 4869 3659 4941 δήποτε
3682 4868 3794 4923 τῶν

2194 4953 2256 5020 ἐξ
2285 4953 2483 5020 αὐτῶν,
2505 4958 2602 5010 καὶ
2624 4959 2915 5032 ἡγουμένῳ
2937 4961 3248 5033 χρήσασθαι
3268 4962 3463 5034 ἐκείνῳ
3477 4963 3558 5027 εἰς
3577 4963 3676 5033 τὴν
3697 4965 3795 5018 ἐπὶ⁹

2195 5044 2293 5115 τὴν
2334 5045 2692 5119 Ἰερουσαλὴμ
2727 5049 2988 5104 ἐπάνοδον
3026 5049 3449 5123 διεγειρομένων
3499 5052 3794 5124 αὐτάρκως

2194 5135 2451 5203 ἁπάντων
2481 5139 2576 5193 ἐπὶ
2612 5138 2790 5213 τοῦτο,
2809 5141 2875 5194 ἐκ
2902 5140 2999 5196 τοῦ
3028 5141 3231 5212 γνῶσιν
3253 5142 3456 5214 ἀκριϐῆ
3487 5143 3675 5197 λαϐεῖν
3693 5142 3792 5196 τοῦ

2197 5226 2315 5296 μεθ’
2343 5228 2373 5281 ύ
2381 5227 2498 5298 μῶν
2521 5225 2661 5285 εἶναι
2685 5231 2779 5285 τὸν
2799 5230 2934 5287 Θεὸν
2957 5232 3046 5289 διὰ
3071 5233 3167 5287 τοῦ
3196 5234 3503 5306 παραδόξου
3527 5233 3639 5287 τῶν
3663 5233 3794 5305 περὶ

2195 5320 2340 5390 ὑμᾶς
2365 5323 2666 5394 γινομένων
2686 5341 2699 5357 ·
2726 5325 2947 5397 καὶγὰρ
2969 5327 3250 5383 κάνταῦθα
3269 5329 3330 5383 τὸ
3350 5344 3373 5382 ι
3395 5327 3530 5383 δέκα
3546 5327 3739 5399 ἄνδρες
3767 5346 3788 5379 ι

519 5412 619 5463 οὐκ
645 5410 738 5463 ἐπὶ
770 5405 987 5480 ἀριθμῷ
1014 5404 1185 5473 λέγει,
1217 5402 1333 5456 ἀλλ’
1378 5401 1468 5455 ἵνα
1508 5401 1636 5472 εἴπῃ
1677 5401 1913 5461 «πολλοί.
1958 5424 1976 5455 ι
2015 5398 2147 5458 Εἶτα
2183 5406 2456 5476 μέμνηται
2492 5405 2600 5458 τῶν
2644 5408 2704 5459 ἐν
2741 5410 2855 5471 τοῖς
2899 5407 3079 5461 ἔθνεσι
3120 5406 3228 5461 τῶν
3271 5406 3372 5476 μὲν
3400 5398 3789 5478 ἐργασομένων

523 5501 677 5556 τοῦτο
691 5499 799 5552 δέει
827 5497 922 5551 τοῦ
939 5495 1095 5561 Θεοῦ,
1125 5495 1234 5548 τῶν
1265 5495 1323 5548 δὲ
1351 5494 1417 5549 δι’
1448 5495 1747 5566 ὑπεροψίαν
1777 5498 1836 5552 ού
1867 5501 2248 5571 ποιησαμένων
2280 5502 2470 5555 τούτου
2496 5503 2673 5573 λόγον.
2714 5504 2807 5557 Διὸ
2829 5502 2985 5572 φησί·

593 5630 811 5705 (66)]ιιι
843 5629 1114 5686 Theodori
1147 5628 1315 5705 codex
1349 5629 1436 5705 hic
1465 5640 1517 5685 et
1539 5630 1701 5705 inira,
1738 5636 2095 5689 consentiens

524 5700 646 5762 cuin
687 5700 931 5757 ’llebrteo
976 5710 1030 5755 et
1071 5700 1314 5767 antiquis
1370 5702 1780 5770 intcrpn-tilms.
1845 5707 2095 5758 Altamen

522 5775 743 5831 Glaucus
769 5782 969 5837 textus,
1003 5771 1166 5826 etiam
1198 5771 1508 5839 Vaticanus,
1529 5774 1907 5837 κατοικοῦντες
1938 5775 2094 5828 πέντε

2196 5638 2378 5702 πόλεις
2426 5641 2504 5700 εἰς
2536 5637 2684 5707 μίαν.
2749 5635 2853 5690 Sed
2905 5640 2959 5692 in
2993 5632 3376 5705 Complutensi
3414 5630 3565 5687 deest
3608 5628 3787 5691 πέντε,

2196 5712 2339 5778 quod
2372 5719 2553 5764 tamen
2584 5707 2793 5777 legebat
2827 5707 3000 5763 Arabs
3027 5708 3321 5778 interpres.
