4118 6484
396 488 425 517 ν

499 400 605 453 555
1669 390 2019 456 ’1'!in
2055 390 2544 451 MOPSUESTENI
2720 449 2731 459 ,
3644 398 3751 454 5".8

500 511 801 567 Israelitico
840 509 1039 580 pepqu
1093 520 1573 574 connumerentur,
1612 518 1775 578 atque
1814 508 1888 563 ita
1941 508 2069 564 salvi

2183 510 2245 562 ὲκ
2289 509 2399 562 τῶν
2447 509 2607 563 πέντε
2651 508 2994 581 σατραπειῶν
3027 510 3323 574 νεύσαντας
3348 510 3483 582 πρὸς
3524 509 3586 564 τὸ
3621 510 3761 564 δέον.

497 603 648 667 flant,
712 602 1016 657 imminenti
1074 616 1247 671 preme
1300 601 1604 663 subtracti,
1640 600 1954 672 quicunque
2008 615 2074 655 ex

496 696 633 765 ipsis
665 696 792 750 facti
829 694 968 766 frugi
1000 695 1066 749 ad
1114 705 1315 750 rectam
1352 695 1472 748 vitae
1502 693 1768 746 rationein
1796 702 2078 762 spectave-

486 787 624 840 rint.

565 966 734 1022 Vens.
759 966 913 1022 8-10.
955 999 1018 1008 —-
1048 987 1065 1017 ι
1111 966 1173 1021 Ει
1208 966 1478 1037 praestabo
1512 965 1699 1021 domui
1740 979 1872 1018 mere
1898 964 2078 1017 eleva-

506 1062 735 1125 tionem,
764 1062 1059 1130 quominus
1093 1061 1147 1113 in
1204 1074 1265 1114 ea
1326 1058 1418 1113 ﬁat
1452 1073 1650 1113 cursus
1700 1064 1753 1109 et
1780 1070 2078 1110 recursus:

488 1167 675 1221 neque
703 1152 1051 1222 superveniet
1074 1152 1154 1205 eis
1181 1151 1320 1204 ultra
1351 1151 1597 1214 abactor,
1622 1149 1753 1218 quia
1788 1162 1933 1204 nunc
1962 1148 2079 1202 vidi

498 1242 672 1297 oculis
702 1241 861 1297 meis.
910 1261 928 1292 ι
986 1240 1236 1295 Validum
1264 1239 1539 1310 quoddam
1567 1240 1768 1310 populo
1804 1252 1923 1293 meo
1955 1252 2082 1292 sus-

497 1335 676 1388 ritabo
732 1333 1031 1395 auxilium,
1107 1332 1251 1403 quod
1305 1347 1497 1388 oinnes
1577 1338 1867 1387 extraneos
1923 1330 2080 1399 longe

498 1425 861 1488 submoveliit,
889 1439 1065 1492 neque
1100 1425 1242 1481 sinet
1266 1424 1399 1478 ﬁnes
1428 1422 1782 1478 familiarium
1834 1436 2076 1476 meorum

498 1515 726 1585 ingredi,
759 1516 831 1568 ita
864 1525 915 1568 ut
955 1514 1516 1583 nemojaminvadere
1538 1514 1757 1578 audeat,
1778 1527 1953 1583 neque
1991 1528 2080 1567 re-

492 1608 707 1674 sionem
737 1620 931 1660 vexare
980 1606 1044 1659 ad
1075 1620 1158 1659 me
1190 1607 1551 1674 pertinentem
1579 1623 1595 1671 ;
1647 1603 1918 1674 siquidem
1958 1619 2081 1666 oin-

484 1698 628 1750 mino
671 1695 982 1765 prospicere
1008 1693 1077 1748 iis
1109 1694 1346 1760 decrevi,
1367 1693 1526 1764 331
1558 1702 1611 1749 et
1644 1709 1759 1749 mea
1795 1695 2082 1763 providen-

482 1789 570 1841 tia
603 1787 837 1858 dignari.
873 1784 1007 1840 Nam
1032 1785 1215 1847 verba.
1251 1804 1270 1836 ι
1333 1785 1520 1841 domui
1566 1799 1722 1851 mete,
1787 1803 1808 1838 ι
1846 1786 1913 1841 de
1964 1794 2077 1840 tota

495 1877 718 1948 regione
745 1876 877 1931 dicit
906 1876 1146 1942 lsraelis,
1182 1884 1370 1947 utpote
1413 1876 1480 1931 ad
1503 1891 1564 1932 se
1591 1877 1922 1947 pertinente.
1956 1876 2077 1930 Mox

494 1968 839 2024 manifestius
888 1968 1156 2037 pandens,
1221 1968 1382 2037 cujus
1440 1981 1607 2037 opera
1674 1968 1789 2021 hate
1836 1966 1986 2032 ﬁent,
2025 1976 2078 2021 et

492 2060 745 2129 quisnam
781 2073 811 2111 a
845 2057 956 2113 Deo
977 2059 1047 2113 sit
1077 2058 1322 2114 electus:
1368 2076 1385 2107 ι
1445 2056 1672 2122 Laetare,
1725 2056 1919 2125 inquit,
1959 2072 2073 2110 ma-

490 2164 751 2221 gnopere,
784 2149 890 2204 ﬁlia
923 2149 1086 2216 Sion;
1116 2150 1373 2220 praedicat.
1401 2149 1509 2203 lilia
1544 2147 1908 2203 Hierusalem.
1940 2148 2079 2203 Ecce

494 2257 585 2295 rex
620 2248 747 2295 tuus
778 2241 922 2294 venit
952 2240 1048 2293 tibi
1070 2240 1256 2310 justus
1290 2246 1344 2292 et
1375 2238 1595 2293 salvans
1623 2258 1633 2291 :
1670 2238 1785 2307 ipse
1835 2237 2074 2302 humilis,

471 2341 546 2386 ~et
596 2332 839 2388 insidens
884 2331 1136 2401 iumento
1181 2342 1235 2387 et
1276 2332 1424 2401 pullo
1479 2332 1715 2387 novello.
1749 2330 1816 2384 Et
1853 2332 2074 2401 perdam

493 2423 787 2494 quadrigas
809 2436 874 2476 ex
908 2421 1221 2492 Ephraimo,
1254 2430 1308 2475 ct
1353 2437 1554 2492 equum
1586 2421 1654 2476 de
1691 2420 2072 2477 Hierusalem:

492 2524 549 2570 et
592 2515 950 2585 dissipabitur
981 2529 1141 2568 arcus
1181 2514 1411 2569 bellicus
1447 2531 1460 2568 :
1496 2514 1709 2585 eritque
1759 2513 2074 2577 multitudo,

496 2615 550 2660 rt
584 2623 683 2677 pax
722 2623 785 2660 ex
817 2607 1088 2677 gentibus.
1131 2625 1150 2658 ι
1204 2605 1391 2661 Gaude
1425 2606 1608 2674 igitur,
1643 2621 1675 2658 ο
1709 2605 2072 2667 Hierusalem,

490 2709 647 2752 tanto
684 2713 807 2767 rege
839 2696 936 2751 tibi
967 2698 1230 2751 divinitus
1289 2698 1657 2767 suppeditato,
1698 2700 1790 2767 qui
1853 2697 1947 2751 tibi
1984 2698 2075 2750 ad-

477 2788 619 2855 erit,
652 2788 864 2843 salvare
892 2797 1086 2858 potens
1125 2789 1382 2857 populum
1416 2803 1574 2842 suum
1602 2788 1672 2841 ob
1710 2788 1930 2842 insitam
1971 2789 2074 2844 sibi

493 2881 734 2933 divinam
764 2881 893 2943 vim,
916 2887 970 2933 et
993 2880 1361 2933 onminiodam
1385 2879 1716 2935 adversariis
1743 2879 1941 2936 inferet
1974 2898 2076 2951 pu-

480 2968 804 3023 tnitionem:
862 2969 953 3037 qui
1013 2967 1105 3021 vili
1155 2966 1371 3037 quidem
1434 2969 1656 3023 animali
1699 2970 1918 3034 insidet,
1976 2988 2072 3023 rru

493 3073 669 3127 nuper
699 3057 766 3111 de
797 3056 1112 3126 captivitate
1148 3071 1429 3126 egressus,
1472 3056 1567 3111 sed
1600 3058 1825 3112 multam
1856 3066 2075 3112 contra-

2183 600 2359 653 εἰπεῖν
2384 600 2681 670 ἠϐουλήθη,
2719 600 2892 670 δηλῶν
2933 602 3015 654 ὅτι
3057 601 3549 673 συναριθμήσονταί
3591 618 3650 655 τε
3685 600 3765 672 τῷ

2181 688 2297 761 λαῷ
2335 690 2414 761 τῷ
2472 689 2864 764 Ἰσραηλιτικῷ,
2915 695 3008 746 καὶ
3044 692 3510 765 περισωθήσονται
3557 695 3764 746 ἐκσπα-

2185 781 2402 846 σθέντες
2438 785 2537 852 τῆς
2579 783 2923 854 ἐπειγομένης
2962 784 3145 847 αὐτοῖς
3190 784 3481 856 τιμωρίας,
3525 784 3577 838 οἳ
3615 784 3682 838 ἂν
3705 784 3766 851 ἐξ

2182 874 2363 928 αὐτῶν
2395 874 2855 946 σωφρονισθέντες
2875 874 3105 928 νεύσωσι
3134 875 3269 947 πρὸς
3306 875 3366 929 τὸ
3387 875 3524 929 δέον.

2255 966 2401 1036 Στίχ.
2427 973 2560 1036 ἠ’-ι’.
2586 997 2657 1007 -—
2677 987 2695 1018 ι
2717 966 2823 1020 Καὶ
2845 967 3219 1038 ὑποστήσομαι
3246 966 3323 1037 τῷ
3341 967 3477 1037 οἴκῳ
3501 984 3602 1037 μου
3634 966 3764 1019 ἀνά-

2185 1072 2371 1127 στημα
2418 1057 2513 1110 τοῦ
2569 1058 2643 1127 μὴ
2699 1055 3115 1129 διαπορεύεσθαι
3171 1057 3305 1129 μηδὲ
3345 1057 3753 1128 ἀνακάμπτεινο

2185 1145 2259 1215 (p.
2292 1147 2417 1214 494)
2449 1148 2541 1201 καὶ
2570 1149 2631 1200 οὑ
2656 1147 2731 1218 μὴ
2758 1148 2964 1221 ἐπέλθῃ
2994 1150 3080 1200 ἐπ’
3113 1149 3312 1211 αὐτοὺς
3332 1148 3515 1201 οὐκέτι
3543 1147 3765 1213 ἐξελαύ-

2183 1255 2323 1299 νων,
2383 1235 2515 1293 διότι
2567 1239 2662 1293 νῦν
2714 1240 2934 1312 ἑώρακα
2978 1243 3037 1294 έν
3087 1244 3200 1304 τοῖς
3247 1239 3543 1310 ὀφθαλμοῖς
3591 1258 3713 1310 μου.
3740 1261 3757 1291 ι

2197 1329 2441 1401 Ἰσχυρὰν
2479 1330 2542 1401 δή
2593 1348 2714 1384 τινα
2759 1335 2870 1395 τοῖς
2912 1331 3035 1402 ἐμοὶ
3065 1332 3431 1403 προσήκουσιν
3470 1330 3767 1401 ἀναστήσω

2184 1418 2457 1491 βοήθειαν,
2478 1420 2517 1491 ἢ
2540 1422 2745 1487 πάντας
2770 1423 2895 1486 τοὺς
2916 1422 3232 1492 ἀλλοτρίους
3260 1420 3475 1493 μακρὰν
3488 1420 3758 1486 διώξεται,

2183 1510 2483 1564 ἐπιϐαίνειν
2515 1511 2624 1564 τῶν
2656 1513 2821 1583 ὁρίων
2847 1514 2947 1567 οὐκ
2985 1512 3132 1566 ἐῶσα
3159 1512 3268 1566 τῶν
3307 1512 3430 1583 ἐμοὶ
3454 1512 3758 1584 προσηκόν-

2182 1617 2325 1665 τωνο,
2388 1601 2465 1664 ὡς
2520 1604 2657 1673 μήτε
2704 1604 2918 1657 ἐπιέναι
2970 1603 3092 1657 τινὰ
3160 1603 3368 1674 τολμᾷν
3438 1602 3558 1665 ἔτι,
3624 1603 3761 1673 μήτε

2186 1691 2275 1743 ἐπὶ
2344 1691 2442 1762 τὴν
2509 1692 2692 1764 χώραν
2762 1693 3007 1748 ἐλαύνειν
3074 1694 3173 1764 τὴν
3262 1694 3389 1764 ἐμοὶ
3460 1695 3761 1764 προσήκου-

2186 1797 2284 1833 σαν
2318 1797 2331 1810 ·
2395 1782 2695 1855 ἐπειδήπερ
2739 1782 2886 1849 ama
2938 1784 3139 1855 ὲφορᾷν
3190 1782 3389 1846 αὐτοὺς
3437 1782 3763 1853 ὲδοκίμασα,

2182 1872 2279 1940 τῆς
2313 1889 2370 1925 τε
2399 1872 2656 1943 προνοίας
2676 1871 2859 1940 ἀξιοῦν
2884 1876 2985 1947 τῆς
3017 1875 3157 1946 ὲμῆς
3177 1892 3191 1906 ·
3225 1874 3288 1928 τὸ
3320 1874 3429 1945 γὰρ
3471 1895 3492 1926 ι
3512 1872 3591 1944 τῷ
3626 1872 3763 1945 οἴκῳ

2184 1981 2285 2033 μου
2309 2004 2322 2025 ,
2356 1983 2375 2016 ι
2428 1965 2577 2038 πάσῃ
2613 1969 2679 2038 τῇ
2724 1966 2877 2039 χώρᾳ
2920 1969 3070 2037 λέγει
3103 1969 3198 2022 τοῦ
3239 1969 3457 2040 Ἰσραὴλ
3495 1969 3571 2031 ὡς
3612 1968 3764 2039 αὐτῷ

2180 2055 2550 2129 προσηκούσῃ.
2614 2055 2744 2111 Εἶτα
2792 2059 2888 2111 καὶ
2937 2059 3268 2129 σαφέστερον
3308 2059 3479 2112 ποιῶν
3527 2059 3594 2112 δι’
3636 2060 3764 2112 ὅτου

2182 2165 2287 2218 περ
2313 2147 2464 2202 ἔσται
2492 2146 2686 2213 ταῦτα,
2716 2150 2810 2203 καὶ
2839 2150 2925 2213 τίς
2964 2150 2991 2203 ὁ
3013 2150 3105 2203 ἐπὶ
3131 2149 3290 2203 τοῦτο
3322 2149 3472 2221 παρὰ
3498 2148 3594 2203 τοῦ
3622 2148 3760 2203 Θεοῦ

2179 2239 2654 2311 προϐεϐλημένος·
2723 2259 2739 2294 ι
2793 2243 2967 2312 Χαῖρε
3016 2241 3258 2313 σφόδρα,
3314 2240 3550 2312 θύγατερ
3600 2239 3763 2300 Σιὼν,

2179 2333 2443 2402 κήρυσσε,
2476 2331 2714 2405 θύγατερ
2751 2332 3135 2403 Ἰερουσαλήμ·
3186 2333 3295 2386 ἰδοὺ
3328 2332 3358 2385 ὁ
3385 2331 3636 2402 βασιλεύς
3665 2348 3762 2386 σου

2179 2422 2396 2494 ἔρχεταί
2436 2441 2518 2477 σοι
2577 2425 2785 2488 δίκαιος
2832 2424 2927 2497 καὶ
2972 2423 3195 2488 σώζωνο
3244 2424 3407 2487 αὐτὸς
3444 2426 3618 2495 πρᾶος
3667 2425 3761 2478 καὶ

2178 2514 2525 2585 ἐπιϐεϐηκὼς
2565 2516 2658 2568 ἐπὶ
2683 2514 2978 2584 ὑποζύγιον
3004 2515 3098 2568 καὶ
3139 2514 3316 2568 πῶλον
3348 2513 3468 2569 νέον
3493 2530 3506 2543 ⁸
3557 2514 3654 2568 καὶ
3678 2513 3762 2578 ἐξ·

2178 2606 2482 2675 ολοθρεύσω
2507 2605 2729 2677 ἅρματα
2757 2604 2817 2669 ἐξ
2856 2603 3125 2675 Ἐφραῒμ,
3151 2604 3247 2657 καὶ
3274 2604 3438 2659 ἵππον
3470 2602 3531 2668 ἐξ
3561 2605 3758 2675 Ἰερου-

2182 2696 2379 2765 σαλὴμ,
2412 2696 2504 2749 καὶ
2554 2694 3062 2767 ὲξολοθρευθήσεται
3092 2694 3242 2760 τόξον
3279 2695 3600 2766 πολεμικόν·
3662 2694 3763 2749 καὶ

2178 2786 2401 2855 πλῆθος,
2437 2787 2528 2840 καὶ
2565 2788 2751 2859 εἰρήνη
2786 2788 2845 2852 ἐξ
2882 2785 3069 2841 ἐθνῶν.
3094 2806 3113 2838 i
3143 2786 3450 2857 Εὐφραίνου
3478 2788 3678 2851 τοίνυν,
3710 2780 3757 2839 ὢ

2190 2878 2567 2950 Ἰερουσαλὴμ,
2604 2879 2844 2933 τοιούτου
2889 2897 2971 2933 σοι
3017 2880 3282 2951 βασιλέως
3324 2879 3477 2951 παρὰ
3501 2878 3594 2932 τοῦ
3623 2879 3761 2933 Θεοῦ

2180 2968 2641 3038 προϐεϐλημένου,
2678 2971 2737 3034 ὃς
2759 2970 3005 3041 παρέστη
3038 2988 3120 3024 σοι
3165 2968 3490 3042 περισώζειν
3518 2987 3575 3024 τε
3602 2970 3760 3023 δυνά-

2180 3076 2342 3129 μενος
2391 3062 2517 3122 τοὺς
2564 3062 2799 3124 οἰκείους
2825 3062 2915 3115 διὰ
2947 3061 3046 3134 τὴν
3077 3062 3382 3134 προσοῦσαν
3429 3061 3580 3131 αὐτῷ
3609 3061 3760 3114 θείαν

495 3151 586 3204 het
633 3148 1006 3202 fortitudinem
1061 3163 1126 3202 ex
1193 3147 1375 3203 divina
1426 3149 1517 3204 vi:
1572 3148 1625 3202 in
1654 3156 1864 3204 tantum
1903 3162 1959 3204 ut
2006 3167 2069 3205 ex

2180 3149 2371 3219 ῥοπὴν,
2409 3152 2499 3203 καὶ
2529 3154 2707 3204 πᾶσαν
2731 3156 2843 3215 τοῖς
2880 3153 3145 3217 ἐναντίοις
3175 3153 3273 3225 τὴν
3295 3153 3508 3206 δικαίαν
3536 3153 3759 3219 ἐπάγων

495 3240 791 3310 Ephraimo
834 3248 886 3292 et
946 3238 1285 3294 Hierusalem
1341 3247 1574 3295 cunctos
1634 3241 2069 3296 adversariorum

2175 3241 2445 3312 τιμωρίαν
2464 3256 2477 3269 ’
2514 3241 2573 3305 ὃς
2602 3242 2896 3313 ἐπιϐέϐηκε
2942 3243 3045 3313 μὲν
3078 3246 3166 3297 ἐπ’
3192 3241 3444 3306 εὐτελοῦς
3474 3242 3569 3296 τοῦ
3595 3241 3756 3309 ζὼου,

493 3330 875 3385 destrurtnrus
900 3330 970 3384 sit
996 3346 1217 3395 currus,
1245 3341 1298 3384 et
1320 3333 1621 3397 equitatum
1655 3331 1992 3396 universum,
2021 3341 2074 3387 et

492 3439 678 3474 atrurn
716 3422 990 3476 bellicum.
1017 3422 1121 3477 Pro
1143 3438 1206 3476 eo
1237 3437 1300 3476 ac
1334 3422 1482 3476 dicat
1503 3440 1515 3475 :
1536 3422 1739 3478 Omnes
1767 3421 2075 3493 proﬁigabit

490 3514 697 3580 hostes,
732 3520 789 3567 ut
819 3528 976 3569 nemo
1034 3513 1287 3583 deinceps
1317 3511 1665 3567 adversm'ius
1716 3509 1954 3566 Judaicm
1987 3530 2072 3567 re—

484 3605 637 3674 gioni
673 3606 933 3676 supersit.
999 3604 1210 3669 Perdet,
1270 3606 1466 3675 inquit,
1524 3618 1781 3674 magnum
1830 3605 2070 3660 hostium

489 3711 798 3760 numerum,
820 3711 881 3749 ac
905 3711 1038 3766 pace
1059 3698 1204 3750 omni
1229 3696 1486 3765 privabit,
1512 3695 1777 3750 contritos
1810 3696 2068 3750 nimirum

486 3803 551 3841 ac
584 3787 823 3856 perditos
860 3786 999 3841 bello
1034 3788 1180 3856 quod
1216 3787 1445 3855 ipsemet
1478 3792 1649 3856 geret.

2173 3330 2268 3383 ἀτε
2301 3330 2395 3383 νῦν
2443 3333 2508 3385 ὲκ
2539 3332 2641 3402 τῆς
2686 3333 3062 3403 αἰχμαλωσίας
3111 3333 3520 3405 παραγεγονὼς,
3555 3332 3756 3397 πῦλλῆς

2172 3422 2229 3474 δὲ
2260 3423 2582 3493 ἐπιλήψεται
2625 3424 2908 3494 δυνάμεως
2936 3424 3025 3478 διὰ
3055 3425 3154 3493 τῆς
3198 3425 3346 3489 θείας
3383 3426 3575 3495 ῥοπῆς,
3610 3424 3751 3476 ὥστε

2173 3514 2280 3566 ἀπό
2305 3531 2367 3566 τε
2399 3512 2489 3566 τοῦ
2533 3512 2771 3585 Ἐφραίμ
2814 3515 2908 3568 καὶ
2929 3515 3040 3568 άπὸ
3065 3515 3167 3586 τῆς
3201 3515 3555 3587 Ἰερουσαλὴμ
3575 3515 3757 3567 πάντα

2180 3606 2280 3676 μὲν
2322 3605 2432 3660 τῶν
2475 3605 2731 3658 ἐναντίων
2773 3605 3032 3674 ἀφανίσαι
3074 3607 3143 3659 τὰ
3196 3607 3441 3677 ἅρματα,
3493 3606 3667 3659 πάντα
3697 3604 3756 3658 δὲ

2180 3698 2344 3752 ἵππον
2376 3698 2471 3751 καί⁸
2499 3699 2609 3752 πᾶν
2632 3696 2784 3763 τόξον
2804 3697 3096 3768 πολεμικόν
3119 3715 3131 3728 ·
3160 3699 3236 3769 (p.
3260 3699 3387 3769 495)
3409 3699 3495 3751 ἴνα
3517 3697 3645 3768 εἴπῃ
3673 3696 3756 3750 ὅτι

2177 3790 2388 3854 πάντας
2420 3788 2762 3861 τροπώσεται
2807 3791 2934 3853 τοὺς
2972 3788 3283 3860 πολεμίους,
3316 3788 3391 3851 ὡς
3433 3786 3621 3859 μηδενί
3644 3784 3755 3838 τῶν

468 3881 764 3943 ⁴ὲνοιντίων,
794 3880 933 3933 κατὰ
959 3882 1028 3934 τὰ
1052 3881 1152 3949 τῆς
1174 3880 1354 3952 χώρας
1376 3875 1515 3933 εἶναι
1548 3879 1647 3949 τῆς
1679 3877 1936 3945 Ἰουδαίας
1964 3881 2045 3934 ἔτι
2065 3900 2078 3912 ο
2133 3884 2353 3954 ἀφανιεῖ
2380 3885 2458 3949 δὲ,
2491 3886 2645 3957 φησί,
2695 3886 2788 3939 καὶ
2826 3883 3029 3955 πλῆθος
3072 3883 3205 3937 πολὺ
3231 3884 3339 3937 τῶν
3371 3881 3645 3941 ἐναντίων,
3674 3878 3753 3930 εἰ·

488 3970 659 4041 ρήνης
714 3970 766 4021 δὲ
820 3969 998 4039 πάσης
1058 3970 1211 4033 ἐκτὸς
1258 3970 1453 4032 αὐτοὺς
1500 3970 1865 4039 καταστήσει,
1928 3971 2025 4026 ac;
2076 3973 2527 4046 συντριϐομένους
2573 3991 2635 4029 τε
2684 3977 2778 4030 καὶ
2828 3976 3232 4046 ἀπολλυμένους
3277 3974 3357 4045 τῷ
3406 3972 3537 4044 παρ’
3591 3969 3758 4025 αὐτοῦ

484 4061 733 4131 πολέμῳ.

558 4152 677 4208 Jam
728 4152 874 4224 quod
919 4152 1035 4207 haec
1094 4150 1162 4207 de
1213 4150 1550 4208 Zorobabele
1589 4168 1738 4209 nunc
1788 4154 2065 4221 dicantur,

489 4246 833 4314 exploratum
868 4251 972 4298 est.
1004 4245 1256 4297 Attamen
1283 4258 1384 4313 ego
1410 4242 1641 4301 miratus
1673 4261 1793 4302 sum
1832 4248 2068 4302 nonnul-

490 4337 591 4395 los.
634 4334 811 4406 quiin
860 4332 1131 4388 absurdas
1168 4334 1434 4390 abeuntes
1487 4335 1798 4403 opiniones,
1854 4346 2063 4407 partem

486 4426 706 4495 quidem
730 4424 861 4479 dicti
894 4423 1061 4493 hujus
1096 4423 1164 4478 de
1194 4422 1533 4479 Zorobabele
1560 4425 1894 4497 intelligunt,
1936 4442 2062 4496 par-

484 4619 593 4676 est,
626 4610 732 4665 nisi
764 4609 909 4663 inter
940 4607 1335 4663 Zorobabelem
1367 4616 1421 4664 et
1458 4609 1737 4666 Christum
1770 4610 2059 4666 Dominum

484 4700 781 4770 prophetia:
813 4697 1049 4762 divisio;
1079 4712 1200 4767 qua:
1232 4713 1446 4753 summa
1488 4700 1703 4755 insania
1747 4707 1852 4754 est.
1886 4699 2061 4755 Verus

482 4799 666 4843 autem
718 4789 962 4843 locorum
1015 4788 1329 4857 huiusmodi
1372 4806 1568 4845 sensus
1619 4792 1707 4846 ille
1754 4799 1859 4855 est,
1898 4806 2060 4861 quem

480 4882 594 4949 jam
642 4885 801 4934 antea
851 4893 936 4932 me
985 4878 1193 4934 dixisse
1250 4882 1389 4947 scio,
1436 4897 1631 4952 nempe
1677 4882 1825 4952 quod
1867 4882 2061 4936 umbra

454 4970 727 5025 .omnium
779 4968 985 5025 Christi
1029 4969 1244 5024 Domini
1290 4986 1476 5026 rerum
1519 4973 1605 5025 lex
1655 4971 1841 5028 fuerit.
1891 4972 2059 5028 Multa

478 5069 649 5138 igitur
684 5066 819 5121 mire
865 5072 1007 5127 acta,
1044 5064 1161 5120 sive
1213 5065 1363 5119 circa
1408 5067 1696 5136 populum,
1753 5066 1869 5122 sive
1911 5067 2055 5122 circa

478 5156 777 5212 nonnullos
811 5154 875 5210 ad
912 5154 1134 5224 aliquod
1182 5170 1383 5210 munus
1413 5157 1642 5223 electos,
1668 5156 1833 5228 332
1866 5158 2056 5213 recitat

478 5246 828 5318 hyperbolice
880 5245 947 5301 de
1004 5244 1279 5316 praedictis
1317 5244 1602 5317 Scriptura
1631 5286 1646 5311 ,
1699 5264 1826 5303 cum
1876 5259 2056 5304 tamen

479 5338 650 5393 dictio
679 5339 734 5392 in
763 5352 930 5393 sensu
965 5337 1127 5392 obvio
1160 5337 1441 5392 veritatem
1478 5352 1587 5393 non
1619 5340 1935 5395 contineat:
1961 5340 2056 5396 sed

476 5444 543 5485 ea
584 5436 698 5482 tum
733 5429 952 5485 demum
998 5443 1126 5482 vera
1172 5430 1613 5498 comperiuntur,
1661 5445 1785 5486 cum
1835 5431 1901 5486 de
1936 5433 2055 5503 ipso

477 5528 777 5575 censentur
829 5519 1048 5575 Christo
1100 5518 1371 5585 Domino,
1431 5522 1524 5591 qui
1588 5522 1804 5578 sublata
1856 5525 2057 5596 ubique

479 5610 616 5682 legis
642 5611 859 5675 umbra,
882 5619 937 5667 et
962 5613 1181 5682 propria
1204 5613 1436 5669 veritate
1464 5615 1906 5680 subintroducta,
1932 5616 2053 5687 jure

478 5702 783 5770 meritoque
832 5701 1151 5773 huiusmodi
1198 5718 1419 5774 quoque
1468 5706 1771 5761 dictionum
1814 5707 2053 5763 ostendit

478 5797 786 5851 veritatem.
822 5795 953 5851 Tale
998 5804 1080 5852 est
1129 5796 1261 5852 illud
1297 5797 1609 5854 Abrahamo
1644 5798 1876 5869 dictum,
1904 5802 2050 5872 quod

2243 4155 2365 4209 Ὅτι
2414 4155 2511 4224 μὲν
2546 4148 2639 4206 οὖν
2680 4153 2852 4206 ταῦτα
2887 4152 3015 4223 περὶ
3063 4152 3155 4206 τοῦ
3183 4151 3488 4223 Ζοροϐάϐελ
3520 4154 3755 4209 ἐνταῦθα

2171 4248 2407 4316 λέγεται,
2446 4245 2627 4315 δῆλον.
2672 4244 2812 4314 Ἐγὼ
2837 4244 2892 4300 δὲ
2932 4245 3220 4316 ἐθαύμασα
3254 4244 3364 4299 τῶν
3406 4245 3492 4299 ἐπ’
3529 4245 3754 4300 ἀλλοκό-

2166 4357 2291 4403 τους
2333 4336 2686 4411 τρεπομένων
2731 4336 2989 4401 διανοίας,
3019 4338 3116 4391 xui.
3159 4338 3222 4390 τὸ
3255 4337 3354 4407 μέν
3390 4354 3441 4391 τι
3468 4339 3634 4409 μέρος
3660 4340 3754 4392 ἐπὶ

2166 4428 2261 4482 τοῦ
2297 4426 2601 4500 Ζοροϐάϐελ
2644 4425 3115 4495 ἐκλαμϐανόντων,
3163 4426 3225 4479 τὸ
3264 4426 3322 4479 δὲ
3354 4426 3446 4480 ἐπὶ
3477 4429 3747 4481 Δισπότου

452 4556 455 4561 ›
487 4531 593 4573 tcm
631 4528 810 4572 autem
859 4516 927 4571 de
972 4516 1194 4571 Christo
1228 4514 1464 4571 Domino
1498 4535 1511 4572 :
1546 4518 1691 4588 quod
1726 4518 1874 4572 aliud
1925 4519 2060 4573 nihil

2174 4520 2400 4591 Χριστοῦ
2425 4537 2439 4549 ·
2480 4521 2619 4590 ὅπερ
2649 4517 2806 4572 οὐθὲν
2843 4518 3027 4588 ἕτερόν
3063 4521 3209 4572 ἐστιν
3238 4517 3272 4589 ἢ
3308 4519 3637 4590 μεριζόντων
3668 4520 3750 4589 τῷ

2164 4629 2222 4664 τε
2239 4611 2542 4682 Ζοροϐάϐελ
2579 4612 2675 4665 καὶ
2718 4611 2796 4683 τῷ
2840 4610 3085 4681 Δεσπότῃ
3121 4610 3339 4681 Χριστῷ
3389 4613 3487 4683 τὴν
3534 4629 3747 4684 προφη-

2162 4705 2334 4758 τείαν.
2375 4706 2530 4759 Ἔστι
2559 4705 2615 4759 δὲ
2646 4706 2820 4761 ταῦτα
2854 4706 2954 4777 μὲν
2985 4705 3170 4770 ἀνοίας
3195 4708 3293 4777 τῆς
3320 4707 3557 4780 ἐσχάτης
3580 4726 3593 4740 ·
3628 4711 3656 4763 ὁ
3686 4710 3747 4763 δὲ

2163 4796 2369 4867 ἀληθὴς
2395 4797 2506 4851 τῶν
2523 4798 2779 4853 τοιούτων
2804 4799 2950 4864 νοῦς,
2968 4799 3173 4864 ἐκεῖνός
3204 4800 3352 4855 ἐστιν
3381 4801 3441 4854 ὃν
3464 4802 3557 4855 καὶ
3577 4802 3749 4872 πρόσ-

2165 4885 2257 4940 θεν
2320 4889 2557 4960 εἰρηκὼς
2584 4885 2722 4957 οῖδα,
2748 4892 2830 4944 ὅτι
2857 4890 3016 4946 σκιὰν
3047 4891 3077 4944 ὁ
3114 4892 3277 4963 νόμος
3304 4890 3451 4963 εἶχεν
3491 4894 3746 4948 ἁπάντων

2161 4975 2271 5035 τῶν
2305 4978 2445 5031 κατὰ
2484 4978 2576 5032 τὸν
2622 4981 2899 5051 Δεσπότην
2922 4982 3176 5051 Χριστόν.
3231 4981 3406 5037 Πολλά
3431 4983 3609 5036 τοίνυν
3634 4982 3746 5038 τῶν

2161 5068 2479 5139 παραδόξως
2527 5072 2850 5142 γινομένων,
2893 5072 3003 5125 εἴτε
3033 5073 3159 5144 περὶ
3186 5072 3278 5127 τὸν
3308 5073 3456 5140 λαὸν,
3484 5073 3592 5128 εἴτε
3618 5073 3746 5139 τοὺς

2160 5159 2251 5212 ἐπί
2273 5177 2414 5213 τισιν
2440 5161 2784 5232 ὲκλεγέντας,
2825 5163 2971 5233 λέγει
3002 5164 3101 5232 μὲν
3131 5163 3632 5237 ὑπερϐολικώτερον
3646 5165 3737 5221 in?

2158 5252 2338 5305 αὐτῶν
2381 5254 2605 5309 ἐκείνων
2636 5257 2669 5327 ἠ
2714 5256 2925 5327 Γραφὴ,
2962 5257 3064 5328 τῆς
3093 5257 3290 5324 λέξεως
3340 5257 3484 5312 κατὰ
3508 5256 3572 5311 τὸ
3602 5256 3739 5328 πρό-

2154 5360 2337 5413 χειρον
2360 5345 2459 5417 τὴν
2488 5345 2747 5417 ἀλήθειαν
2766 5347 2867 5402 οὐκ
2890 5348 3123 5420 ἐχούσης
3147 5364 3161 5380 ·
3187 5348 3503 5419 εὑρίσκεται
3532 5347 3590 5401 δὲ
3611 5347 3746 5419 ἀλη-

2158 5433 2223 5505 θῆ
2251 5433 2321 5487 τά
2348 5435 2593 5502 τοιαῦτα,
2622 5439 2700 5493 ὅτ’
2731 5438 2799 5492 ἂν
2827 5440 2915 5492 ἐπ’
2942 5438 3107 5493 αὑτοῦ
3134 5440 3388 5511 κρίνηται
3411 5439 3506 5494 τοῦ
3533 5438 3741 5492 Δεσπό-

2153 5541 2247 5576 του
2275 5526 2535 5598 Χριστοῦ,
2562 5528 2622 5592 ὃς
2642 5530 2701 5582 ἐν
2733 5529 2905 5584 ἅπασι
2942 5531 3156 5594 παύσας
3189 5530 3290 5601 μὲν
3315 5532 3410 5586 τοῦ
3438 5531 3602 5602 νόμου
3642 5530 3742 5603 τὴν

2155 5616 2333 5683 σκιὰν,
2378 5619 2759 5689 ὲπεισαγαγὼν
2804 5621 2862 5675 δὲ
2916 5624 3017 5695 τὴν
3062 5623 3325 5694 ἀλήθειαν
3360 5625 3461 5697 τὴν
3506 5625 3738 5688 οἰκείαν,

2153 5709 2378 5773 εἰκότως
2408 5710 2628 5765 καὶτῶν
2659 5714 2852 5781 φωνῶν
2876 5716 2983 5769 τῶν
3003 5714 3261 5770 τοιούτων
3285 5716 3617 5771 ἐπιδείκνυσι
3639 5712 3741 5788 τὴν

2152 5799 2436 5871 ἀλήθειαν.
2480 5802 2733 5858 Τοιοῦτόν
2782 5805 2896 5860 ἐστι
2944 5807 3004 5860 τὸ
3037 5807 3173 5880 πρὸς
3205 5808 3298 5863 τὸν
3338 5807 3621 5879 -Ἀϐραὰμ,
3651 5804 3736 5865 δτι
