4118 6472
519 409 622 467 55-:
1464 402 2016 462 COMMENTARIUS
2053 400 2122 455 IN
2157 398 2533 456 zscuamaz
2578 398 2729 453 car.
2775 397 2863 451 ix.
3691 402 3795 458 ess

518 549 541 581 ι
566 521 1082 593 Ἐνευλογηθήσεται
1125 522 1183 573 ἐν
1226 521 1309 574 σοὶ
1340 521 1434 573 καὶ
1475 524 1533 574 ὲν
1573 519 1651 591 τῷ
1688 517 1962 590 σπέρματί
2012 533 2104 570 σου

2218 534 2234 566 ι
2272 514 2675 569 Benediccntur
2727 514 2782 567 in
2843 523 2896 568 te
2948 523 3003 568 et
3061 513 3114 567 in
3176 515 3388 571 semine
3448 506 3799 577 tuo’oumes

524 620 698 674 πάντα
724 614 792 668 τὰ
815 614 941 684 ἔθνη
964 629 977 643 ’
1006 631 1024 663 ι
1058 611 1209 683 δηλοῖ
1244 611 1343 681 μὲν
1368 611 1479 682 γὰρ
1502 612 1630 675 τοὺς
1667 612 1728 675 ἐξ
1755 609 1922 664 αὐτοῦ
1949 625 2109 677 γεγο-

525 711 679 771 νότας
711 705 855 760 κατά
884 704 945 757 τὸ
974 704 1262 774 πρόχειρον
1281 721 1294 735 ·
1329 706 1361 774 ή
1390 703 1621 774 ἀλήθεια
1651 701 1709 755 δὲ
1733 701 1828 755 τοῦ
1863 702 2108 773 ῥήματος

518 802 614 855 ἐπὶ
652 797 749 853 τοῦ
778 797 1049 851 Δεσπότου
1093 800 1411 850 συνίσταται
1453 795 1717 867 Χριστοῦ,
1750 799 1827 864 (p.
1855 793 1983 861 496)
2021 795 2106 864 ἐφ’

517 888 693 966 οὗπερ
714 892 883 955 ὄντως
907 890 1329 960 ὲνευλογηθῆναι
1352 889 1544 959 γέγονε
1577 889 1643 942 τὰ
1668 889 1815 960 ἔθνη.
1858 888 2109 942 Τοιοῦτόν

520 990 637 1042 ἐστι
670 987 765 1043 καί¹
799 985 876 1056 τῷ
907 984 1165 1057 μακαρίῳ
1194 982 1374 1047 Δαυῒδ,
1409 1002 1427 1035 ι
1467 985 1527 1037 '0
1560 982 1751 1054 θρόνος
1780 982 1946 1035 αὑτοῦ
1980 983 2055 1045 ὡς
2083 984 2112 1035 ὁ

442 1070 449 1076 ’
517 1082 668 1154 ἥλιος
690 1079 930 1134 ἐναντίον
960 1096 1083 1148 μου,
1110 1076 1203 1130 καὶ
1217 1077 1342 1146 ὁ)ςή
1365 1076 1565 1147 σελήνη
1592 1076 2005 1147 κατηρτισμένη
2031 1077 2112 1138 εἰς

516 1178 612 1228 τὸν
634 1172 827 1227 αίῶνα·
853 1173 946 1225 καὶ
962 1169 1199 1241 θήσομαι
1242 1172 1324 1232 είς
1368 1170 1470 1224 τὸν
1499 1169 1671 1223 αίῶνα
1711 1167 1805 1222 τοῦ
1833 1168 2028 1231 αἰῶνος
2052 1169 2113 1221 τὸ

522 1263 745 1334 σπέρμα
767 1262 953 1322 αὑτοῦ,
969 1261 1063 1314 καὶ
1083 1261 1173 1314 τὸν
1194 1259 1383 1330 θρόνον
1398 1257 1564 1312 αὑτοῦ
1579 1259 1654 1322 ὡς
1668 1258 1767 1323 τὰς
1782 1260 1998 1329 ἡμέρας
2017 1258 2111 1315 τοῦ

521 1357 774 1428 οὐρανοῦ.
793 1376 808 1405 ο
832 1355 922 1424 Τῷ
943 1353 1043 1424 μὲν
1064 1353 1173 1424 γὰρ
1196 1352 1471 1423 προχείρῳ
1502 1350 1651 1405 δοκεῖ
1678 1352 1804 1416 τοὺς
1833 1351 2115 1421 διαδόχους

523 1451 725 1519 λέγειν,
754 1448 838 1515 ἐφ’
872 1442 948 1501 ὧν
975 1445 1249 1515 διαμένειν
1270 1444 1504 1516 ἤμελλεν
1523 1445 1556 1514 ἠ
1575 1442 1822 1513 βασιλεία
1845 1460 1857 1473 ·
1883 1446 1916 1513 ἠ
1944 1443 1999 1496 δὲ
2019 1442 2113 1497 τοῦ

526 1542 849 1611 πράγματος
880 1537 1107 1607 ἀλήθεια
1141 1536 1235 1589 ἐπὶ
1259 1534 1353 1589 τοῦ
1383 1535 1653 1588 Δεσπότου
1681 1534 1952 1589 δείκνυται
1982 1536 2115 1607 Χρι·

525 1632 675 1697 στοῦ,
689 1628 750 1686 οὗ
765 1631 977 1701 όντωςὴ
1002 1628 1247 1698 βασιλεία
1260 1626 1457 1692 παντὸς
1479 1627 1577 1699 μὲν
1592 1627 1744 1699 ἡλίου
1764 1627 2116 1699 λαμπροτέρα

528 1724 854 1794 καθέστηκέ,
875 1722 1073 1784 παντὸς
1109 1716 1165 1773 δὲ
1183 1718 1415 1790 οὐρανοῦ
1460 1720 1831 1791 μονιμωτέρα.
1863 1719 2117 1775 Τοιοῦτόν

2211 616 2403 677 gentes
2425 607 2491 659 η.
2525 626 2545 660 ι
2595 605 2804 677 Nempe
2832 606 3030 661 obvius
3059 608 3277 676 quidem
3316 624 3517 665 sensus
3542 617 3801 681 posteros

2212 701 2333 770 ejus
2362 699 2654 772 designat;
2690 708 3067 754 verumtamen
3100 700 3233 754 dicti
3265 701 3467 757 veritas
3496 702 3552 757 in
3575 702 3802 759 Christo

2213 793 2447 847 Domino
2501 799 2739 854 constat,
2794 790 2850 844 in
2903 805 3011 861 quo
3065 806 3260 860 reapse
3308 792 3560 849 benedici
3604 801 3811 864 gentes

2214 884 2469 954 contigit.
2501 882 2634 939 Tale
2668 891 2756 938 est
2780 883 2947 937 etiam
2978 882 3113 938 illud
3150 885 3310 938 beato
3343 884 3533 941 Davidi
3556 886 3800 941 dictum:

2221 995 2240 1029 ι
2270 976 2527 1035 Thronns
2553 979 2676 1047 ejus
2700 979 2844 1032 sicut
2872 977 2955 1032 sol
2983 978 3037 1032 in
3062 986 3365 1046 conspectu
3401 995 3544 1042 meo,
3570 989 3624 1036 et
3654 981 3803 1035 sicut

2216 1071 2348 1124 luna
2403 1069 2649 1139 perfecta
2704 1069 2758 1123 in
2809 1076 3099 1124 aeternum.
3157 1069 3222 1122 Et
3258 1085 3458 1139 ponam
3510 1071 3565 1125 in
3625 1086 3801 1127 sareu-

2216 1165 2331 1219 lum
2386 1163 2571 1218 szeculi
2618 1148 2806 1218 semen
2858 1163 3013 1231 ejus,
3063 1172 3116 1217 et
3172 1162 3435 1217 thronum
3492 1163 3611 1232 ejus
3658 1164 3807 1220 sicut

2216 1256 2334 1310 dies
2380 1255 2597 1310 οω1ἱ⁶³.
2642 1274 2660 1308 ›
2702 1254 2879 1310 Obvio
2921 1269 3056 1310 sane
3108 1270 3276 1309 sensu
3313 1255 3532 1310 videtur
3576 1270 3800 1311 succes-

2221 1361 2377 1411 sores
2425 1346 2644 1409 dicere,
2695 1347 2749 1399 in
2803 1345 3007 1415 quibus
3058 1362 3286 1417 regnum
3324 1356 3805 1416 perseveraturum

2217 1448 2338 1494 erat
2366 1459 2378 1496 :
2411 1440 2506 1495 sed
2552 1449 2738 1496 tamen
2782 1440 2862 1496 rei
2912 1440 3117 1496 veritas
3191 1441 3246 1495 in
3303 1441 3525 1496 Christo
3572 1440 3807 1497 Domino

2221 1544 2464 1602 apparet,
2513 1533 2676 1604 cujus
2709 1550 2836 1589 vere
2869 1550 3102 1605 regnum
3137 1535 3251 1590 sole
3293 1535 3538 1605 quolibet
3572 1536 3811 1606 splendi‘

2221 1626 2346 1681 dius
2360 1636 2467 1687 est,
2499 1634 2554 1681 et
2576 1627 2822 1697 quolibet
2849 1628 2990 1683 uelo
3011 1629 3384 1683 constantius.
3416 1628 3546 1684 Tale
3572 1629 3814 1701 denique

2220 1729 2345 1772 est:
2382 1738 2399 1769 ι
2439 1717 2559 1772 Νοη
2609 1726 2692 1773 est
2746 1720 3008 1773 derelicta
3064 1720 3248 1773 anima
3292 1720 3414 1791 ejus
3466 1724 3519 1776 in
3570 1722 3809 1788 inferno,

524 1820 644 1871 ἐστι
665 1818 748 1880 τὸ,
768 1834 786 1866 ι
807 1815 920 1869 Οὐκ
934 1812 1330 1883 ἐγκατελείφθη
1346 1815 1378 1884 ὴ
1397 1812 1544 1883 ψυχὴ
1557 1812 1722 1865 αὑτοῦ
1740 1815 1817 1877 είς
1833 1812 1980 1885 ᾇὸου,
1996 1813 2113 1866 οὐδὲ

2224 1826 2399 1879 neque
2450 1825 2582 1865 caro
2638 1811 2758 1879 ejus
2820 1811 2957 1866 vidit
3016 1813 3434 1883 corruptionem
3465 1815 3546 1881 “;
3591 1835 3608 1866 ι
3662 1814 3812 1887 quod

520 1912 561 1981 ἡ
580 1907 716 1981 σὰρξ
732 1872 897 1965 αὑτοῦ
918 1872 1025 1960 εἶδε
1041 1872 1561 1976 διαφθόράᾁξίδτὲὲῤ
1576 1872 1950 1975 ὑπερϐολικῶς
1968 1872 2113 1978 ὲιρη-

2223 1904 2572 1974 hyperbolice
2600 1904 2812 1959 dictum
2843 1918 2871 1957 ε
2904 1905 3066 1960 beato
3100 1904 3307 1961 Davide
3338 1907 3405 1963 de
3435 1909 3810 1965 Israelitarum

528 2002 690 2075 μένον
711 1998 861 2068 παρά
877 1997 974 2050 τοῦ
999 1997 1269 2068 μακαρίου
1284 1989 1453 2050 Δαυῗδ
1470 1996 1562 2051 ἐπὶ
1588 1997 1682 2051 τοῦ
1708 1996 1839 2081 λαοῦ
1867 1997 1975 2051 τῶν
2009 2000 2115 2052 Ἰσ-

525 2090 821 2164 ραηλιτῶν,
857 2091 948 2143 ἐπ’
996 2088 1167 2159 αὐτῆς
1213 2089 1311 2158 τῆς
1340 2088 1451 2141 τῶν
1479 2090 1824 2160 πραγμάτων
1857 2089 2116 2161 ἀληθείας

518 2176 705 2241 ὦπται
723 2182 946 2251 γεγονὸς
962 2182 1054 2234 ἐπὶ
1072 2180 1165 2239 τοῦ
1184 2183 1247 2233 Δε
1256 2181 1457 2234 σπότου
1478 2181 1735 2252 Χριστοῦ.
1757 2181 1921 2235 Ὅθεν
1935 2183 2000 2254 δὴ
2021 2185 2116 2238 καὶ

518 2280 592 2349 τῇ
617 2278 768 2347 φωνῇ
789 2275 1014 2339 δικαίως
1057 2276 1088 2328 ὁ
1110 2276 1377 2346 μακάριος
1406 2275 1680 2346 ἐχρήσατο
1699 2275 1906 2347 Πέτρος
1942 2276 2116 2345 λέγων

520 2371 630 2434 ὅτι,
676 2386 695 2421 ι
717 2368 833 2422 Οὐκ
863 2368 1256 2439 ἐγκατελείφθη
1288 2370 1321 2438 ἡ
1349 2366 1497 2439 ψυχὴ
1525 2366 1692 2425 αὐτοῦ
1721 2369 1801 2432 είς
1821 2368 1972 2442 ᾅδου,
1995 2370 2117 2433 οὐδὲ

518 2461 559 2532 ἠ
594 2458 733 2531 σὰρξ
751 2458 915 2513 αὐτοῦ
942 2455 1047 2511 εἶδε
1069 2458 1385 2529 διαφθοράν.
1421 2479 1441 2511 ι

387 2568 403 2583 ο
500 2612 503 2617 _
532 2596 547 2599 ι,
599 2551 778 2606 Πολλά
809 2546 1038 2604 τοιαῦτα
1069 2549 1220 2623 εὖροι
1259 2567 1343 2615 τις
1375 2551 1462 2618 ἂν,
1508 2552 1544 2607 ἀ
1580 2552 1789 2625 μακρὸν
1818 2553 1994 2622 λέγειν
2024 2556 2118 2610 ἐπὶ

519 2643 617 2700 τοῦ
653 2644 941 2716 παρόντος,
970 2643 1007 2698 ἃ
1034 2645 1299 2715 πρότερον
1332 2644 1429 2715 μὲν
1467 2645 1845 2717 ὑπερϐολικῶς
1879 2646 2114 2715 ἐλέγετο,

520 2739 628 2793 οὐκ
656 2737 849 2809 ἔχοντα
873 2737 966 2792 τοῦ
988 2737 1281 2808 λεγομένου
1303 2740 1403 2811 τὴν
1433 2740 1690 2813 ἀλήθειαν
1718 2742 1943 2813 ἀκριϐῆ,
1970 2741 2118 2813 εὑρί-

523 2847 717 2887 σκεται
744 2831 801 2886 δὲ
832 2830 1005 2894 οὕτως
1035 2830 1247 2905 ἔχοντα,
1279 2831 1468 2903 ὥσπερ
1508 2829 1602 2888 οὖν
1630 2833 1867 2907 εἴρηται,
1900 2837 1993 2889 ἐπὶ
2019 2836 2115 2888 τοῦ

525 2925 799 2980 Δεσπότου
829 2925 1089 2996 Χριστοῦ.
1136 2926 1358 2979 Τοιοῦτο
1404 2927 1469 2997 δή
1510 2944 1564 2980 τι
1611 2929 1706 2982 καὶ
1743 2928 1901 2982 τοῦτό
1944 2932 2113 2982 ἐστιν.

537 3018 600 3072 Ὅ
623 3018 727 3090 μιν
756 3017 866 3088 γὰρ
897 3018 1025 3087 περὶ
1055 3018 1147 3071 τοῦ
1174 3017 1481 3091 Ζοροϐάϐελ
1504 3020 1690 3090 ἔλεγεν
1720 3023 1784 3075 ὲκ
1807 3022 1907 3093 τῆς
1940 3022 2118 3078 διαδο-

522 3110 629 3184 χῆς
659 3110 756 3164 τοῦ
782 3110 945 3164 Δαυῒδ
975 3113 1117 3165 κατά
1143 3111 1367 3183 γνώμην
1378 3112 1514 3166 Θεοῦ
1541 3114 1844 3184 ἡγουμένου
1868 3113 1978 3166 τῶν
1995 3115 2120 3167 Ἰου-

2219 1998 2443 2069 populo,
2488 1997 2606 2066 ipsa
2657 1998 2733 2052 rei
2768 2006 2903 2052 aeta:
2950 2000 3180 2055 veritate
3219 2000 3274 2054 in
3324 2000 3547 2057 Christo
3575 2002 3810 2058 Domino

2220 2098 2578 2160 conspectum
2604 2098 2709 2145 est.
2743 2088 2929 2157 Quare
2969 2098 3023 2146 et
3070 2091 3175 2147 hoc
3202 2092 3354 2147 dicto
3399 2108 3533 2151 usus
3565 2104 3653 2150 est
3684 2096 3810 2166 jure

2220 2185 2531 2253 meritoque
2574 2182 2770 2238 beatus
2813 2181 3013 2241 Petrus
3053 2184 3245 2241 dicens
3282 2204 3301 2237 ι
3339 2185 3461 2242 Non
3498 2187 3674 2244 fuisse
3712 2188 3809 2244 deo

2220 2283 2468 2338 relictam
2520 2282 2761 2338 animam
2808 2283 2930 2353 ejus
2962 2284 3016 2337 in
3066 2284 3306 2351 inferno,
3357 2300 3537 2356 neque
3584 2300 3811 2351 carnem

2221 2375 2341 2443 ejus
2366 2373 2573 2429 vidisse
2600 2374 3014 2443 corruptionem
3039 2373 3104 2427 “.
3139 2392 3160 2425 ι

2295 2574 2460 2629 Multa
2512 2575 2830 2646 hujusmodi
2864 2578 3174 2648 comperire
3225 2577 3378 2640 licet,
3409 2594 3532 2649 quae
3577 2596 3633 2634 in
3672 2596 3813 2650 prae-

2223 2669 2364 2724 senti
2412 2684 2740 2739 percensere
2777 2670 3002 2741 longum
3053 2680 3234 2737 esset;
3284 2687 3407 2741 quae
3457 2672 3604 2727 dicta
3655 2673 3815 2729 fuere

2223 2759 2599 2831 hyperbolice,
2631 2762 2895 2832 quoniam
2941 2762 3105 2817 dictae
3145 2766 3222 2817 rei
3260 2764 3547 2818 veritatem
3583 2779 3816 2824 accuraq
3928 2782 3939 2789 ε

2223 2862 2333 2907 tam
2381 2869 2489 2908 non
2532 2856 2853 2922 continent;
2898 2855 2994 2909 sed
3041 2865 3225 2910 tamen
3262 2870 3456 2926 reapse
3504 2856 3580 2910 ita
3616 2872 3676 2912 se
3715 2857 3816 2911 lia-

2222 2946 2376 3010 bent,
2428 2956 2487 3001 ut
2527 2934 2793 3011 diximus,
2843 2948 2899 3002 in
2950 2947 3174 3002 Christo
3223 2947 3476 3004 Donnino.
3517 2946 3669 3005 Talis
3728 2958 3816 3011 est

2221 3040 2334 3102 hic,
2380 3040 2448 3096 de
2479 3055 2589 3111 quo
2636 3042 2871 3112 agimus,
2923 3040 3100 3095 locus.
3150 3039 3423 3109 Propheta
3472 3040 3694 3109 quidem
3747 3044 3817 3096 de

2222 3133 2563 3190 Zorobabele
2623 3134 2864 3200 dicebat,
2928 3134 3153 3189 homine
3210 3134 3277 3190 de
3334 3136 3507 3207 stirpe
3565 3135 3815 3198 Davidis.

521 3198 710 3265 δαίων,
729 3200 884 3272 ὤφθη
905 3202 961 3255 δὲ
991 3200 1053 3253 τὸ
1076 3203 1313 3273 πρᾶγμα
1332 3203 1727 3276 ἀναντίρρητον
1755 3204 1877 3275 ἔχον
1903 3206 1998 3258 ἐπὶ
2022 3205 2113 3258 τοῦ

2223 3225 2316 3280 Dei
2345 3227 2628 3281 voluntate
2683 3226 2998 3282 .Iudaeoruni
3062 3230 3238 3292 duce;
3294 3227 3391 3284 sed
3446 3246 3537 3287 res
3589 3230 3815 3293 demum

522 3292 800 3344 Δεσπότου
831 3291 1068 3362 Χριστοῦ
1111 3293 1210 3363 τὴν
1243 3290 1537 3362 ἀλήθειανο
1569 3294 1665 3346 τοῦ
1700 3294 1800 3364 μὲν
1833 3294 1938 3369 γὰρ
1962 3296 2055 3349 καὶ
2084 3299 2116 3367 ἡ

521 3382 670 3437 κατά
702 3380 812 3435 τῶν
839 3381 1007 3435 ἐθνῶν
1046 3382 1289 3453 τιμωρία
1335 3385 1527 3457 μικρὰ,
1554 3385 1631 3455 (p.
1666 3386 1794 3453 497)
1819 3388 1913 3439 καὶ
1946 3389 1979 3458 ή
2008 3386 2119 3440 τῶν

514 3473 744 3530 οἰκείων
762 3472 1005 3543 σωτηρία
1028 3472 1250 3544 εὐτελής
1268 3488 1282 3502 ⁸
1308 3473 1430 3527 ὅθεν
1453 3475 1547 3527 καὶ
1573 3474 1878 3539 ἀκολούθως
1899 3478 2116 3545 ἐπάγει,

520 3567 637 3625 ὃτι(
659 3561 1062 3633 Ἐξολοθρεῦσει
1084 3563 1304 3636 ἅρματα
1325 3564 1384 3630 ἐξ
1416 3566 1658 3638 Ἑφραῒμ
1717 3570 1812 3621 καὶ
1861 3570 2025 3622 ἵππον
2058 3570 2117 3636 ἐξ

534 3659 918 3735 Ἰερουσαλὴμ,
944 3665 1189 3732 »δεικνὺς
1211 3660 1292 3712 ὅτι
1323 3659 1460 3730 πρὸς
1498 3660 1658 3714 τοῦτο
1690 3663 1875 3726 αὐτοῖς
1907 3663 2120 3733 συμϐαι

521 3753 697 3809 λεί-ται
728 3753 790 3810 τὸ
817 3755 927 3809 τῶν
957 3755 1208 3825 πολέμων
1233 3756 1431 3820 αὐτοὺς
1452 3756 1835 3812 ἀπαλλάττειν.
1883 3755 2119 3830 Ἀληθὴς

519 3845 581 3907 δὲ
604 3847 641 3918 ἡ
679 3847 834 3917 φωνὴ
865 3845 1107 3916 πέφηνεν
1159 3846 1253 3899 ἐπὶ
1294 3845 1394 3899 τοῦ
1419 3848 1690 3901 Δεσπότου
1720 3849 1982 3921 Χριστοῦ,
2031 3851 2115 3919 ἐφ’

516 3930 699 4009 οὗπερ
715 3936 884 4002 ὅντως
912 3937 1086 3993 ἔνεστι
1122 3936 1333 4009 χαίρειν
1360 3939 1590 4010 νόμιμόν
1616 3956 1677 3992 τε
1712 3941 1886 4010 χαρὰν
1915 3942 2010 3994 καὶ
2042 3940 2118 3996 δι-

516 4027 719 4099 ηνεκῆ·
747 4028 809 4093 ὃς
830 4028 1000 4093 ὅντως
1021 4028 1229 4091 δίκαιός
1256 4030 1424 4092 ἐστιν,
1458 4030 1554 4083 ἆτε
1588 4029 1728 4100 μετὰ
1749 4031 1938 4084 τούτου
1966 4033 2117 4105 πάσῃ

518 4119 728 4192 κρίνων
752 4122 820 4190 τῇ
846 4120 1139 4192 οἰκουμένῃ
1170 4121 1265 4176 »αἱ
1284 4120 1474 4185 ὅντως,
1509 4123 1538 4175 ὃ
1576 4140 1640 4191 γε
1673 4124 1881 4189 πάντας
1909 4124 1969 4192 ἐξ
2010 4126 2116 4180 ἀπ-

752 4212 837 4275 είς
865 4211 1141 4283 σωτηρίαν
1187 4213 1446 4283 μεθιστὰς
1472 4214 1697 4286 διηνεκῆ
1738 4217 1835 4269 καὶ
1867 4215 2111 4287 βεϐαίαν.

813 4298 909 4358 οὖν
929 4303 1146 4384 είρηται
1175 4305 1305 4377 περὶ
1331 4306 1420 4393 τοῦ
1444 4284 1748 4378 Ζοροϐάϐελ
1770 4325 1834 4362 συ
1843 4284 2116 4381 μμετρου-

510 4389 830 4543 ,μπίῆς
872 4393 1059 4465 φωνῆς
1088 4394 1168 4465 τί.)
1194 4396 1278 4464 ἐφ’
1313 4389 1486 4468 οὗπερ
1516 4398 1736 4467 λέγεται
1772 4400 1839 4454 τὰ
1868 4418 2115 4473 γεγραμ-

518 4502 560 4543 μ
620 4494 625 4497 ’
734 4485 873 4543 suae
896 4489 1012 4543 τοῖς
1033 4487 1389 4543 Εὖαγγελίοιε
1417 4491 1509 4543 ἐπὶ
1530 4490 1622 4543 τὸν
1646 4493 1923 4543 Δεσπότην
1947 4488 2112 4543 ἦκται

518 4485 723 4556 μω
734 4485 873 4544 sese
896 4489 1012 4550 τοῖς
1033 4487 1389 4557 Εὑαγγελίοις
1417 4491 1509 4543 ἐπὶ
1530 4490 1622 4544 τὸν
1646 4493 1923 4563 Δεσπότην
1947 4488 2112 4565 ἦκται

2221 3319 2475 3375 evidente
2506 3320 2740 3376 veritate
2782 3322 2961 3391 patuit
3012 3322 3069 3375 in
3119 3322 3341 3379 Christo
3375 3321 3630 3379 Domino.
3676 3322 3815 3377 Nam

2222 3409 2527 3466 Zorobabel
2559 3412 2790 3482 exiguas
2845 3411 2913 3467 de
2951 3413 3211 3483 gentibus
3236 3428 3433 3483 pmnas
3464 3415 3725 3485 sumpsit,
3760 3426 3817 3475 et

2220 3502 2380 3577 333
2411 3517 2637 3557 suorum
2678 3512 2897 3558 tenuem
2941 3505 3175 3560 salutem
3207 3507 3475 3575 patravit;
3511 3506 3656 3563 unde
3686 3523 3812 3574 mox

2221 3596 2411 3649 addit:
2454 3614 2471 3646 ι
2501 3595 2701 3652 Perdet
2731 3610 2931 3651 currus
2975 3610 3039 3651 ex
3083 3595 3376 3666 Ephraimo
3410 3609 3466 3652 et
3504 3613 3706 3668 equum
3743 3613 3814 3661 ex

2224 3687 2602 3754 Hierusalem;
2644 3707 2661 3740 ι
2697 3686 2997 3743 ostendens
3041 3686 3157 3742 fore
3188 3695 3249 3742 ut
3292 3688 3379 3745 liis
3420 3689 3562 3744 actis
3594 3690 3814 3747 contin-

2221 3792 2312 3851 gat
2360 3782 2467 3835 illis
2510 3781 2653 3835 bello
2699 3780 2944 3836 liberari.
2978 3778 3158 3839 Verax
3196 3791 3379 3837 autem
3434 3782 3602 3837 dictio
3642 3798 3813 3853 appa-

2223 3867 2333 3921 ruit
2376 3868 2429 3920 in
2460 3866 2687 3922 Christo
2728 3865 2981 3932 Domino,
3038 3866 3096 3921 in
3138 3883 3249 3938 quo
3299 3883 3427 3923 vere
3470 3870 3600 3926 licet
3633 3873 3814 3931 lauari

2221 3968 2511 4037 constante
2539 3968 2915 4031 perpetuaque
2961 3962 3169 4015 laetitia.
3202 3960 3254 4017 ls
3284 3962 3433 4017 enim
3470 3979 3602 4020 vere
3622 3974 3813 4034 justus

2218 4060 2326 4114 est,
2349 4053 2551 4123 quippe
2578 4054 2673 4122 qui
2702 4053 3019 4109 universum
3046 4055 3311 4110 mundum
3323 4057 3557 4129 judicat;
3573 4074 3813 4131 vereque

2219 4146 2433 4208 salvat,
2489 4144 2935 4216 quandoquidem
2994 4162 3190 4207 omnes
3246 4164 3315 4203 ex
3370 4151 3681 4219 perditione
3737 4155 3814 4209 ad

2219 4234 2455 4289 salutem
2512 4237 2802 4290 transtulit
2860 4238 3073 4292 lirmam
3122 4245 3290 4309 atque
3332 4255 3651 4317 perennem.
3708 4244 3813 4299 Hic

2217 4326 2388 4397 igitur
2417 4328 2484 4382 de
2514 4327 2853 4385 Zorobabele
2897 4346 3082 4386 sermo
3112 4338 3220 4394 est,
3253 4341 3536 4389 coarctata
3565 4335 3810 4395 dictione

2218 4418 2286 4472 ad
2344 4419 2497 4473 illum
2541 4419 2610 4474 de
2658 4436 2771 4490 quo
2827 4422 3110 4491 Scriptura
3171 4423 3436 4493 loquitur.
3486 4424 3695 4483 Verum
3745 4432 3804 4485 in

2221 4508 2531 4581 Evangeliis
2572 4510 2639 4564 ad
2677 4510 2964 4567 Christum
3009 4511 3300 4568 Dominum
3350 4515 3589 4572 trahitur
3609 4520 3677 4587 0‘;
3710 4524 3808 4591 qui

514 4579 778 4651 Χριστὸν,
808 4582 870 4643 ὃς
897 4580 988 4635 διὰ
1013 4580 1232 4635 πάντων
1267 4575 1467 4647 ὦπται,
1514 4585 1607 4638 καὶ
1642 4586 1816 4655 μέγας
1847 4588 1939 4645 καὶ
1972 4588 2108 4657 ὑψη-

2219 4618 2316 4673 per
2342 4601 2528 4655 omnia
2558 4602 2714 4658 visus
2761 4614 2846 4658 est
2892 4619 3146 4675 magnus,
3190 4608 3464 4671 excelsus.
3496 4609 3706 4680 justus,
3740 4628 3809 4669 ac

513 4671 610 4739 λὺς
638 4672 734 4728 καὶ
751 4671 963 4738 δίκαιος
989 4674 1085 4728 καὶ
1124 4673 1313 4739 σώζων
1349 4676 1444 4730 καὶ
1495 4677 1759 4747 μονίμους
1786 4678 1888 4741 τὰς
1903 4679 2111 4744 οἰκείας

512 4763 779 4837 παρέχων
817 4764 1159 4837 εὐεργεσίας,
1192 4766 1566 4836 ἀμεταθέτους
1605 4784 1667 4823 τε
1697 4769 1979 4834 παντελῶς
2017 4773 2113 4825 κα)⁵

420 4838 427 4845 ⁸
518 4854 831 4933 μεταϐολὴν
847 4856 1109 4928 οὐδεμίαν
1154 4857 1409 4923 δέξασθαι
1447 4860 1772 4932 δυναμένας.
1812 4861 1983 4915 Τοῦτο
2013 4863 2113 4933 μὲν

516 4944 1067 5013 οὖνάκολωθότατόν
1097 4972 1154 5008 τε
1179 4955 1272 5009 καὶ
1295 4957 1506 5028 πρέπον
1529 4959 1623 5012 καὶ
1644 4958 1824 5028 λέγειν
1838 4962 1932 5014 καὶ
1949 4964 2110 5018 νοεῖν.

516 5044 595 5101 τὸ
616 5044 679 5099 δὲ
916 5047 1016 5118 μὲν
1039 5048 1206 5102 αὐτοῦ
1238 5048 1418 5119 λέγειν
1440 5051 1690 5122 είρῆσθαι
1720 5054 1851 5124 περὶ
1874 5054 1967 5109 τοῦ
1988 5057 2114 5125 Χρι-

513 5136 680 5200 στοῦ,
717 5137 1006 5202 κατιόντας
1048 5139 1106 5193 δὲ
1142 5141 1499 5212 μεθίστασθαι
1539 5144 1634 5197 ἐπὶ
1662 5144 1754 5198 τὸν
1785 5145 2109 5218 Ζοροϐάϐελ,

512 5228 799 5289 καῖπάλιν
826 5231 921 5286 sui.
956 5231 1048 5286 τὸν
1070 5234 1307 5306 Χριστὸν
1331 5235 1427 5288 ἀπ’
1447 5236 1679 5301 ἐκείνου,
1701 5239 1795 5293 καὶ
1816 5239 1980 5294 πάλιν
2017 5241 2110 5294 ἐπὶ

506 5318 608 5375 τὸν
624 5318 933 5393 Ζοροϐάϐελ
955 5322 1067 5381 ἀπὸ
1097 5322 1194 5378 τοῦ
1219 5326 1490 5383 Δεσπότου
1522 5327 1777 5399 Χριστοῦ,
1816 5329 1971 5383 οὐθὲν
1995 5330 2111 5384 ἕτε-

509 5410 611 5489 ρόν
643 5413 815 5477 ἔστιν,
932 5415 1154 5486 πρῶτον
1198 5416 1298 5488 μὲν
1334 5418 1623 5474 ἀλλόκοτον
1659 5419 1982 5475 δεικνύντων
2012 5422 2110 5494 τὴν

508 5504 878 5578 προφητείαν,
912 5501 1032 5563 εἶτα
1075 5506 1175 5573 τὰς
1217 5511 1402 5579 φωνὰς
1453 5510 1553 5573 τὰς
1590 5512 1868 5583 γραφικὰς
1900 5511 1959 5577 ἐξ
1992 5513 2107 5568 ίσου

512 5595 876 5670 μεριζόντων,
907 5599 987 5663 εῐς
1022 5617 1081 5653 τε
1123 5602 1217 5655 τὸν
1271 5604 1489 5675 οἰκέτην
1522 5605 1617 5658 καὶ
1651 5605 1752 5659 τὸν
1786 5606 2064 5677 Δεσπότην
2090 5623 2104 5638 ·

507 5689 643 5745 ἐπεὶ
669 5691 767 5745 καὶ
790 5692 853 5746 τὸ
877 5692 1057 5762 λέγειν
1101 5695 1183 5759 είς
1209 5693 1485 5762 ἀπόδειξιν
1513 5696 1609 5755 τοῦ
1640 5697 1715 5766 μὴ
1748 5695 1827 5767 τῷ
1867 5696 2106 5767 Ζοροϐά-

2219 4694 2480 4760 salvator,
2513 4694 2732 4750 stabilia
2767 4710 2867 4751 sua
2892 4698 3145 4766 praebens
3179 4697 3470 4765 beneﬁcia,
3504 4703 3809 4763 immobilia

2216 4801 2448 4858 prorsus
2480 4796 2533 4841 et
2568 4788 2705 4842 nulli
2738 4789 3033 4844 mutationi
3088 4790 3351 4846 obnoxia.
3392 4791 3508 4862 Sic,
3554 4795 3808 4869 inquam,

2217 4877 2456 4933 maxime
2486 4887 2917 4933 consentaneum
2950 4889 3033 4936 est
3068 4888 3123 4937 et
3153 4883 3305 4953 loqui
3348 4892 3404 4941 et
3430 4887 3702 4959 cogitare.
3736 4894 3811 4945 At

2220 4981 2354 5022 vero
2380 4973 2596 5037 partem
2638 4967 2860 5040 quidem
2889 4971 3139 5026 vaticinii
3168 4970 3442 5032 affirmare
3483 4977 3553 5033 de
3586 4979 3809 5037 Christo

2218 5058 2413 5128 loqui;
2463 5066 2520 5116 et
2570 5075 2699 5115 mox
2737 5061 3141 5131 progrediendo
3191 5066 3500 5124 transferre
3534 5069 3603 5124 ad
3636 5069 3810 5127 Zoro-

2214 5150 2500 5218 bahelem;
2533 5166 2841 5223 rursusque
2871 5154 2942 5210 ab
2966 5155 3071 5211 hoc
3093 5155 3161 5211 ad
3185 5157 3465 5215 Christum
3490 5201 3506 5225 ,
3538 5173 3592 5218 et
3621 5162 3808 5221 denuo

2216 5241 2285 5297 ad
2316 5240 2720 5300 Zorobabelem
2750 5260 2781 5300 a
2809 5246 3032 5303 Christo
3063 5246 3330 5317 Domino;
3359 5252 3497 5306 nihil
3534 5263 3620 5309 est
3656 5256 3808 5314 aliud

2214 5348 2380 5404 quam
2414 5335 2597 5406 primo
2625 5337 2849 5408 quidem
2894 5337 3190 5395 absurdam
3228 5343 3521 5400 ostendere
3565 5349 3807 5418 prophe-

2216 5425 2386 5493 tiam;
2435 5426 2635 5485 deinde
2666 5429 2971 5501 Scriptura:
3016 5432 3286 5487 vocabula
3338 5437 3511 5505 aequis
3556 5438 3806 5506 partibus

2216 5518 2547 5578 distribuere
2585 5522 2729 5579 inter
2761 5538 2981 5579 servum
3014 5539 3079 5579 ac
3112 5523 3415 5582 dominum.
3473 5527 3721 5602 Namque
3748 5542 3808 5597 et

2217 5609 2422 5675 dicere,
2477 5612 2547 5665 ob
2599 5614 3085 5669 demonstramlum
3138 5633 3250 5672 non
3306 5623 3602 5679 convenire
3653 5624 3807 5694 dicta

2217 5699 2565 5767 Zorobabeli,
2607 5703 2809 5769 dicere,
2846 5706 3092 5778 inquam,
3129 5710 3272 5779 apud
3308 5714 3631 5784 prophetam
3672 5716 3802 5800 legi,

546 5794 557 5801 ι
588 5828 640 5870 Ι*
670 5824 810 5895 Gen.
845 5850 958 5905 χνι,
993 5834 1059 5897 4.
1130 5837 1176 5872 ⁸³
1215 5836 1361 5895 Psal.
1402 5854 1669 5911 anvni,
1709 5841 1799 5903 58,.
1878 5842 1923 5875 “
1961 5840 2105 5899 Psal.

2218 5884 2232 5915 ,
2278 5845 2364 5900 lO.
2441 5846 2486 5880 "
2526 5851 2645 5903 Act.
2693 5863 2752 5915 ιι,
2798 5849 2888 5907 5|.
2967 5851 3014 5883 “
3050 5850 3209 5909 Joan.
3257 5868 3355 5922 int,
3395 5854 3483 5921 15,
