4162 6478
508 382 634 437 ων

1705 378 2057 438 TIIEODORI
2098 377 2584 436 MOPSUESTENI

3680 386 3786 442 560

535 510 556 545 σ
590 491 878 552 Adventat,
937 508 958 543 ι
993 504 1117 545 cum
1163 498 1342 546 tamen
1383 491 1496 562 jam
1555 491 1623 548 de
1658 496 1971 563 captivitate
2017 512 2096 550 re-

2208 492 2302 547 ϐελ
2330 495 2626 564 προσήκειν
2645 499 2710 552 τὰ
2727 497 3006 570 εἰρημένα,
3031 500 3112 554 ὅτι
3130 517 3148 550 ι
3169 498 3383 571 ἔρχεται
3407 522 3426 556 ι
3445 501 3475 556 ό
3500 501 3786 573 προφήτης

517 583 719 638 diisset
749 597 872 636 cum
910 583 1140 653 reliquis
1168 581 1495 649 Zorobabel,
1533 585 1636 640 hoc
1673 589 1809 640 satis
1847 587 2103 658 frigidum

528 670 976 742 superﬂuumque
1006 680 1114 737 est,
1142 684 1196 728 et
1227 673 1468 730 hominis
1499 675 1811 730 divinarum
1860 675 2104 747 Scriptu-

526 778 711 818 rarum
746 765 1010 834 imperiti.

592 853 755 909 Certe
802 863 854 910 et
893 855 1022 909 illud
1056 873 1066 907 :
1100 873 1119 906 ι
1161 854 1445 927 Tanquam
1488 860 1606 913 ovis
1660 861 1725 913 ad
1769 861 2100 916 occisionem

525 953 724 1000 ductus
752 955 836 1000 est
858 945 922 1008 ⁸⁷,
957 963 976 996 ι
1013 961 1122 998 non
1148 953 1405 1016 tanquam
1426 947 1694 1014 futurum,
1725 949 1818 1004 sed
1841 959 2100 1020 tanquam

525 1039 861 1108 praeteritum
890 1037 1113 1093 eﬂertur
1146 1055 1160 1091 :
1193 1052 1301 1092 non
1339 1041 1484 1093 enim
1515 1041 1670 1106 dixit,
1706 1042 1956 1105 ducetur,
1983 1041 2099 1107 sed,

533 1148 552 1178 ς
583 1131 780 1184 ductus
839 1136 924 1184 est
966 1147 977 1181 :
1015 1149 1036 1182 ι
1097 1146 1267 1201 quare
1327 1148 1396 1188 ne
1446 1133 1549 1188 hoc
1592 1133 1813 1203 quidem
1877 1134 2102 1190 Christo

528 1219 760 1274 Domino
799 1219 1112 1290 quadraret,
1145 1221 1304 1291 juxta
1332 1225 1868 1294 sapientissimorum
1903 1225 2098 1282 horum

530 1311 901 1377 ratiocinium,
952 1326 1092 1380 quos
1141 1314 1327 1384 potius
1387 1315 1530 1370 scire
1579 1323 1858 1385 oporteret
1899 1323 2102 1386 tenipo-

529 1416 649 1455 rum
678 1402 885 1454 variam
916 1401 1202 1472 enallagen
1249 1403 1393 1473 apud
1425 1404 1666 1458 divinam
1719 1406 2098 1475 Scripturam;

527 1492 670 1561 quod
707 1508 806 1546 nos
838 1494 1058 1562 cepiose
1089 1495 1330 1565 satisque
1372 1497 1425 1549 in
1474 1495 1816 1551 Psalmorum
1858 1512 1921 1552 ac
1967 1497 2101 1552 Pro-

527 1584 815 1652 phetarum
849 1583 1299 1653 interpretatione
1327 1585 1491 1658 335
1516 1587 1823 1642 docuimus.
1866 1587 1979 1643 Hoc
2006 1604 2101 1642 au-

523 1682 634 1726 tem
669 1672 790 1727 loco
821 1688 890 1727 ne
916 1688 1049 1728 usus
1079 1674 1298 1743 quidem
1333 1676 1613 1740 dictionis,
1646 1677 1690 1731 si
1725 1679 1849 1748 quis
1881 1693 1999 1732 eam
2033 1680 2099 1733 ad

527 1779 776 1818 normam
813 1766 1080 1834 temporis
1121 1767 1328 1836 exigat,
1357 1765 1562 1823 Christi
1596 1767 1811 1823 Domini
1838 1771 2094 1825 adventui

2211 579 2334 650 ἔφη,
2355 582 2528 633 καίτοι
2551 597 2614 648 γε
2638 582 2805 636 πάλαι
2827 585 2918 638 τοῦ
2937 587 3238 660 Ζοροϐάϐελ
3257 591 3364 643 ἀπὸ
3387 591 3485 662 τῆς
3507 593 3600 662 αἰχ
3608 592 3784 662 μαλω-

2208 672 2328 736 σίας
2354 673 2491 743 μετὰ
2511 672 2617 726 τῶν
2637 673 2837 728 λοιπῶν
2851 678 3326 750 ἐπανεληλυθότος,
3348 685 3423 752 (p.
3442 684 3569 754 498)
3594 685 3785 756 ψυχρο-

2206 764 2391 832 λογίας
2406 764 2522 818 ἐστὶ
2550 768 2810 837 περιττῆς
2837 768 2928 821 καὶ
2949 770 3199 841 ἀπειρίας
3225 771 3333 826 τῶν
3352 773 3510 827 θείων
3530 775 3783 847 Γραφῶν.

2275 855 2349 907 Τὸ
2374 855 2522 924 γοῦν,
2565 877 2583 908 ι
2636 858 2722 922 Ὦς
2766 859 3037 930 πρόϐατον
3064 863 3158 915 ἐπὶ
3187 865 3402 935 σφαγὴν
3430 865 3570 937 ἤχθη
3589 907 3602 925 ,
3639 886 3656 918 ι
3685 869 3784 937 οὑχ

2204 946 2394 1018 ὥσπερ
2446 949 2752 1018 μέλλοντος,
2795 951 2873 1014 ὼς
2904 955 3319 1023 περιγεγονότος
3347 956 3402 1009 δὲ
3454 957 3556 1030 ἤδη
3590 958 3737 1026 λέγει
3764 975 3778 988 ο

2203 1037 2264 1088 ού
2296 1037 2404 1108 γὰρ
2445 1037 2760 1109 Ἀχθήσεται
2793 1036 2964 1108 εἶπεν,
3026 1041 3142 1095 ἀλλ’
3189 1046 3404 1114 Ἥχθηο
3457 1047 3533 1109 ὡς
3594 1048 3695 1102 οὐκ
3717 1050 3782 1101 ἂν

2205 1131 2495 1201 ἁρμόσειεν
2542 1133 2660 1185 ούδέ
2688 1131 2846 1185 τοῦτο
2871 1133 2952 1204 τῷ
2984 1135 3226 1208 Δεσπότῃ
3257 1136 3477 1208 Χριστῷ
3521 1141 3662 1194 κατὰ
3691 1139 3784 1192 τὸν

2203 1219 2311 1272 τῶν
2347 1221 2672 1288 σοφωτάτων
2704 1219 2880 1288 λόγον,
2901 1220 2994 1285 οὓς
3020 1225 3188 1294 ἐχρῆν
3215 1225 3410 1278 εἰδέναι
3433 1225 3540 1279 τῶν
3572 1227 3783 1298 χρόνων

2201 1311 2301 1382 τὴν
2353 1312 2651 1383 ἐναλλαγὴν
2693 1314 2944 1384 ποικίλην
2976 1311 3142 1369 οὖσαν
3186 1318 3277 1369 ἐπὶ
3316 1318 3414 1387 τῆς
3460 1317 3608 1380 θείας
3636 1319 3780 1389 Γρα-

2205 1405 2330 1474 φῆς,
2355 1406 2491 1476 ὅπερ
2519 1400 2612 1458 οὖν
2646 1405 2733 1459 διὰ
2765 1407 2974 1460 πολλῶν
3003 1411 3166 1479 ἡμεῖς
3193 1411 3251 1464 ἐν
3289 1413 3353 1481 τῇ
3388 1411 3497 1464 τῶν
3535 1410 3783 1481 Ψαλμῶν

2204 1498 2488 1568 ἑρμηνείᾳ,
2525 1499 2616 1550 καὶ
2653 1500 2745 1552 ἐπὶ
2784 1500 2892 1553 τῶν
2925 1501 3218 1572 προφητῶν
3259 1502 3540 1572 ἐδείξαμεν
3583 1503 3784 1572 αὐτάρ·

2204 1604 2333 1650 κως.
2376 1586 2640 1642 Ἐνταῦθα
2665 1589 2844 1659 μέντοι
2874 1607 2936 1658 γε
2971 1590 3089 1644 οὐδὲ
3117 1594 3150 1662 ή
3181 1593 3374 1663 χρῆσις
3395 1595 3492 1664 τῆς
3510 1596 3711 1665 φωνῆς,
3733 1598 3782 1647 εί

2202 1677 2264 1748 δή
2297 1695 2378 1740 τις
2401 1679 2571 1749 αὐτὴν
2598 1683 2740 1734 κατὰ
2771 1681 2861 1735 τὸν
2903 1682 3093 1753 χρόνον
3118 1683 3309 1753 κρίνοι,
3338 1685 3697 1756 ’ἁρμόττουσα
3715 1690 3780 1758 τῇ

2202 1770 2295 1822 τοῦ
2341 1773 2610 1826 Δεσπότου
2655 1772 2892 1845 Χριστοῦ
2941 1775 3246 1844 παρουσίᾳ·
3285 1779 3318 1842 ἠ
3356 1776 3452 1843 μὲν
3481 1776 3588 1847 γὰρ
3644 1780 3783 1866 μετὰ.

525 1855 812 1924 congruit;
866 1855 954 1907 hic
979 1855 1299 1924 enimpost
1343 1856 1575 1912 multum
1626 1865 1840 1929 tempus
1878 1860 2096 1914 futurus

2202 1860 2366 1914 πολὺν
2389 1861 2618 1932 ἤμελλεν
2649 1836 2899 1931 γενέσθαι
2917 1864 3008 1917 τὸν
3025 1836 3250 1935 χρόνον,
3275 1836 3378 1918 δ’δὲ
3407 1836 3507 1920 osi
3538 1836 3782 1921 $315335}.

523 1953 674 2010 erat;
709 1953 763 1998 at
792 1949 1054 2015 propheta
1086 1961 1194 1999 non
1220 1947 1313 2012 ait,
1335 1944 1540 2012 Aderit,
1569 1949 1714 2019 quod
1740 1950 1806 2005 de
1831 1966 1892 2005 re
1915 1949 2098 2005 futura

521 2035 629 2092 dici
679 2037 986 2106 oportebat,
1032 2036 1148 2102 sed,
1184 2055 1202 2088 ι
1243 2037 1532 2101 Adventat,
1573 2058 1593 2091 ι
1628 2040 1770 2109 quod
1818 2039 1887 2096 de
1936 2043 2100 2098 rebus

521 2128 878 2195 instantibus,
921 2136 974 2182 ct
1014 2143 1136 2198 quae
1196 2129 1342 2184 illico
1391 2130 1549 2194 ﬁunt,
1590 2130 1699 2186 dici
1749 2134 1908 2188 solet.
1955 2133 2101 2190 Sane

517 2221 675 2289 juxta
709 2221 902 2274 horum
939 2221 1333 2290 interpretandi
1361 2223 1649 2287 rationem,
1687 2225 1845 2294 plura
1881 2241 2100 2296 quoque

521 2312 629 2365 alia
676 2311 1023 2366 invenientur
1071 2327 1412 2380 supervacue
1443 2314 1584 2382 apud
1633 2317 1952 2386 prophetam
2002 2332 2099 2386 po-

524 2407 628 2460 sita
657 2422 672 2460 :
702 2405 830 2476 quia
859 2402 987 2459 Jesu
1021 2420 1239 2474 quoque
1279 2421 1427 2461 nunc
1458 2407 1675 2461 detrahi
1709 2408 1845 2462 dicit
1875 2409 2099 2464 sordida

523 2499 869 2559 vestimenta,
905 2512 1026 2567 qua:
1066 2497 1401 2567 captivitatis
1443 2498 1640 2553 indicia
1682 2509 1874 2568 erant;
1921 2518 2100 2571 quan-

511 2603 686 2657 quam
711 2588 1050 2658 exploratum
1077 2595 1162 2641 est
1193 2587 1370 2655 ipsum
1395 2587 1601 2656 pariter
1620 2603 1743 2642 cum
1764 2587 2099 2646 Zorohabele

518 2676 632 2745 jam
687 2675 940 2740 rediisse,
995 2676 1311 2745 captivitate
1361 2676 1613 2741 liberum,
1659 2686 1715 2732 et
1771 2680 2097 2734 sacerdotali

500 2766 709 2820 'habitu
764 2766 1038 2820 indutum.
1088 2767 1455 2832 Quamobrem
1487 2778 1541 2823 et
1575 2768 1794 2824 beatum
1840 2769 2096 2840 Aggmum

492 2861 846 2931 Epruphotam
879 2863 1245 2915 communiter
1276 2871 1387 2915 tum
1419 2860 1766 2925 Zorobabeli,
1803 2871 1914 2917 tum
1945 2861 2096 2928 Jesu,

487 2953 704 3008 dicere
768 2960 994 3022 apparet
1057 2953 1463 3022 suscipiendam
1522 2969 1646 3008 esse
1705 2955 1889 3023 templi
1933 2954 2101 3008 aedili-

522 3043 684 3097 candi
723 3058 949 3110 curam;
983 3056 1266 3113 ptenaeque
1309 3059 1618 3098 mensuram
1658 3061 1804 3099 nunc
1835 3047 2095 3110 ablatam,

520 3149 630 3189 una
673 3149 795 3188 cum
818 3131 1049 3188 israclis
1092 3143 1338 3204 peccato,
1376 3134 1451 3187 ait
1490 3133 1819 3205 Babylonem
1857 3138 2090 3192 transla-

520 3233 654 3276 tam.
702 3224 954 3277 Attamen
998 3223 1110 3292 jam
1151 3223 1327 3292 Cyrus
1364 3222 1654 3278 Persarum
1685 3240 1777 3280 rex
1820 3224 1887 3280 de
1928 3227 2095 3296 capti-

523 3310 691 3362 vitate
737 3311 996 3379 populum
1038 3310 1318 3373 emiserat,
1368 3309 1809 3382 Babylonenique
1845 3323 2095 3368 vastare.

505 3407 626 3454 rat.
661 3395 833 3453 Porro
867 3407 1086 3454 constat
1125 3399 1233 3454 dici
1285 3400 1397 3454 haec
1437 3416 1466 3453 a
1516 3401 1781 3470 propheta
1833 3411 2095 3473 regnante

476 3499 488 3515 ί
519 3489 704 3552 Dario,
738 3487 966 3559 qui'l'uit
1009 3499 1240 3559 quartus
1269 3505 1298 3542 a
1319 3489 1495 3561 'Cyro.
1531 3491 1714 3556 Quare
1746 3492 2093 3561 intempesti-

505 3597 646 3635 vum
685 3581 899 3645 fuisset,
926 3581 1083 3650 juxta
1129 3583 1257 3637 talis
1283 3585 1563 3639 sententia:
1601 3592 1874 3651 auctores,
1914 3585 2096 3640 dicere

520 3689 666 3728 nunc
711 3673 845 3736 ﬁeri,
883 3688 1005 3743 quae
1052 3673 1179 3726 olim
1217 3683 1270 3728 et
1301 3675 1474 3729 multo
1511 3683 1763 3744 tempore
1806 3683 1934 3730 ante
1973 3691 2097 3729 eve—

495 3772 739 3820 nerant;
763 3763 871 3818 Sed
902 3765 1045 3819 enim
1083 3768 1434 3834 perspicuum
1464 3776 1548 3819 est
1589 3782 1680 3820 res
1721 3766 1940 3834 quidem
1972 3767 2096 3821 illas

515 3857 628 3922 jam
657 3855 925 3918 evenisse,
962 3857 1282 3925 prophetam
1329 3871 1456 3910 vero
1491 3858 1820 3912 revelatione
1857 3858 2097 3912 illustra-

479 3969 482 3972 ~
521 3956 635 3998 tum
680 3946 896 4000 easdem
940 3962 1084 4000 nunc
1121 3962 1451 4015 cognoscere
1484 3956 1748 4016 peractas
1781 3947 1949 4003 fuisse
1985 3968 1997 4002 ε
2039 3958 2097 4003 ut

519 4034 601 4086 sic
641 4034 933 4089 universus
981 4038 1213 4106 populus
1262 4039 1462 4092 certior
1505 4038 1677 4103 lict-et,
1724 4039 1860 4092 nihil
1907 4056 2096 4095 eorum

517 4137 640 4192 quae
675 4130 794 4177 acta
828 4122 1062 4191 fuerant,
1110 4141 1239 4181 casu
1280 4127 1362 4181 vel
1396 4143 1494 4198 per
1519 4144 1577 4183 se
1629 4131 1943 4201 contigisse,
2001 4132 2097 4187 sed

517 4215 703 4268 divina
749 4215 1028 4271 voluntate
1065 4232 1131 4273 ac
1173 4218 1394 4274 decreto
1435 4229 1748 4291 comparata
1786 4238 1908 4278 esse
1950 4240 2099 4294 quaa-

517 4323 736 4379 cunqne
778 4308 914 4380 ipsis
965 4310 1277 4366 acciderant
1317 4311 1478 4368 bona.
1515 4311 1899 4380 “Quamobrem
1952 4316 2097 4371 haud

519 4397 820 4454 absurdum
842 4407 948 4464 est,
980 4415 1127 4456 nunc
1149 4404 1313 4456 etiam
1345 4403 1411 4458 de
1435 4406 1618 4474 pepuli
1649 4402 1849 4462 futuris
1875 4410 2096 4465 casibus

2199 1969 2289 2004 ται
2316 1947 2490 2018 εἶπεν,
2530 1955 2664 2024 ὅπερ
2697 1955 2966 2026 ἥρμοττεν
3001 1957 3093 2008 ἐπὶ
3133 1957 3225 2010 τοῦ
3261 1958 3542 2028 μέλλοντος
3582 1964 3776 2024 εἰπεῖν,

2201 2042 2316 2096 ἀλλ’
2337 2063 2355 2094 ι
2371 2044 2652 2116 Ἔρχεται,
2665 2063 2682 2096 ι
2699 2046 2835 2116 ὅπερ
2852 2045 3038 2099 εἴωθεν
3064 2047 3156 2100 ἐπὶ
3175 2048 3281 2102 τῶν
3312 2050 3477 2118 ἐγγὺς
3494 2053 3586 2104 καὶ
3603 2069 3778 2123 παρα-

2201 2137 2389 2205 χρῆμα
2421 2135 2718 2205 γινομένων
2746 2136 3020 2205 λέγεσθαι.
3037 2139 3194 2193 Κατὰ
3214 2141 3270 2192 δέ
3297 2157 3361 2209 γε
3388 2141 3575 2196 τοῦτον
3597 2144 3779 2198 αὐτῶν

2201 2226 2290 2279 τὸν
2335 2226 2490 2296 λόγον
2543 2227 2711 2280 πολλὰ
2763 2228 2856 2281 καὶ
2890 2229 3052 2300 ἐτερα
3106 2233 3374 2302 περιττῶς
3429 2236 3780 2308 εὑρεθήσεται

2202 2317 2428 2386 κείμενα
2461 2319 2612 2390 παρὰ
2630 2319 2706 2390 τῷ
2736 2321 2986 2391 προφήτῃ
3008 2337 3020 2351 ’
3047 2322 3170 2375 ἐπεὶ
3207 2325 3300 2376 καὶ¹
3331 2324 3426 2378 τοῦ
3473 2328 3646 2397 Ἰησοῦ
3683 2328 3778 2382 νῦν

2201 2409 2551 2479 ἀφαιρεῖσθαι
2579 2411 2727 2479 λέγει
2761 2412 2831 2465 τὰ
2860 2414 3080 2484 ῥυπαρὰ
3103 2417 3312 2485 ἰμάτια,
3344 2418 3487 2486 ἅπερ
3510 2415 3578 2490 ἦν
3605 2421 3776 2492 δήλω-

2202 2519 2285 2565 σις
2329 2503 2427 2573 τῆς
2489 2505 2900 2576 αἰχμαλωσίας,
2948 2507 3040 2561 νῦν
3097 2526 3155 2562 τε
3203 2510 3350 2580 αὐτῷ
3405 2512 3464 2565 τὸ
3511 2515 3779 2585 ἱερατικὸν

2201 2594 2571 2664 περιτίθεσθαι
2609 2599 2793 2668 σχῆμα
2821 2615 2831 2627 ·
2865 2599 3041 2653 καίτοι
3069 2617 3132 2668 γε
3172 2600 3331 2670 δῆλον
3373 2603 3454 2656 ὅτι
3486 2606 3579 2657 καὶ
3618 2607 3778 2671 αὐτὸς

2204 2685 2341 2754 μετὰ
2379 2686 2474 2740 τοῦ
2527 2687 2832 2759 Ζοροϐάϐελ
2881 2690 3169 2761 ἐληλύθει,
3203 2693 3537 2763 ἀπαλλαγείς
3589 2715 3648 2751 τε
3682 2701 3779 2768 τῆς

2201 2777 2571 2846 αἰχμαλωσίας
2606 2781 2698 2832 καὶ
2726 2783 2782 2834 ἐν
2812 2780 2889 2852 τῷ
2919 2783 3018 2851 τῆς
3058 2784 3352 2856 ἱερωσύνης
3388 2789 3623 2858 σχήματι
3648 2792 3780 2844 καο-

2200 2869 2391 2931 εστώς.
2439 2871 2597 2923 Ὅθεν
2651 2874 2744 2926 καὶ
2789 2877 2818 2926 ὁ
2865 2877 3150 2946 προφήτης
3209 2880 3478 2950 μακάριος
3529 2883 3777 2950 Ἀγγαῖος

2201 2962 2352 3030 κοινῇ
2393 2960 2528 3032 πρὸς
2559 2962 2649 3015 τὸν
2679 2963 2985 3034 Ζοροϐάϐελ
3016 2967 3107 3019 καὶ⁵
3157 2970 3292 3039 πρὸς
3342 2971 3503 3025 αὑτὸν
3531 2974 3778 3042 φαίνεται

2200 3051 2371 3119 λέγων
2399 3052 2458 3104 τὸ
2488 3054 2685 3123 χρῆναι
2719 3053 2818 3124 τῆς
2853 3057 3144 3128 οἰκοδομῆς
3171 3059 3263 3112 τοῦ
3299 3061 3424 3114 ναοῦ
3471 3065 3774 3134 φροντίσαι,

2205 3141 2298 3196 καὶ
2326 3143 2387 3194 τὸ
2417 3144 2612 3214 μέτρον
2653 3144 2711 3196 δὲ
2748 3146 2848 3214 τῆς
2881 3149 3146 3219 τιμωρίας
3199 3149 3289 3204 νῦν
3322 3153 3613 3225 ἀφαιρεθὲν
3641 3159 3779 3227 μετὰ

2203 3232 2298 3302 τῆς
2333 3234 2603 3304 ἁμαρτίας
2630 3235 2723 3288 τοῦ
2763 3237 2998 3309 Ἰσραὴλ,
3051 3243 3215 3312 φησὶν
3246 3245 3324 3306 εἰς
3354 3244 3641 3300 Βαϐυλῶνα
3669 3249 3778 3301 ἀπ-

2201 3326 2502 3396 ενηνέχθαι.
2546 3328 2738 3380 Καίτοι
2768 3347 2829 3396 γε
2855 3330 3032 3401 Κύρος
3067 3334 3168 3403 μὲν
3197 3337 3226 3388 ό
3253 3336 3360 3389 τῶν
3382 3340 3604 3408 Περσῶν
3633 3340 3780 3397 βασι.

2199 3415 2322 3479 λεὺς
2345 3418 2444 3486 τῆς
2488 3435 2545 3470 τε
2572 3421 2947 3489 αἰχμαλωσίας
2988 3424 3223 3478 ἀπέλυσε
3253 3426 3341 3479 τὸν
3368 3427 3512 3492 λαὸν,
3541 3430 3614 3501 (p.
3647 3433 3774 3503 499)

2199 3509 2295 3562 καὶ
2331 3509 2430 3579 τὴν
2472 3509 2638 3563 Βαϐυ)
2654 3511 2767 3564 ῶνα
2818 3514 3062 3566 καθεῖλε·
3088 3517 3334 3585 φαίνεται
3369 3520 3424 3573 δὲ
3471 3522 3642 3576 ταῦτα
3685 3526 3777 3578 ἐπὶ

2198 3601 2425 3670 Δαρείου
2466 3604 2556 3658 τοῦ
2593 3606 2856 3676 βασιλέως
2892 3610 3061 3679 λέγων
3089 3614 3117 3664 ὁ
3157 3617 3459 3685 προφήτης,
3492 3617 3550 3682 ὃς
3583 3620 3777 3692 τέταρ-

2198 3708 2289 3754 τος
2326 3689 2394 3764 ἦν
2420 3697 2528 3749 ἀπὸ
2576 3698 2786 3765 Κύρου·
2818 3702 2947 3756 ὥστ’
2979 3703 3080 3758 οὐκ
3115 3701 3224 3775 εἶχε
3277 3708 3500 3778 καιρὸν,
3547 3712 3683 3766 κατά
3712 3689 3774 3782 γε

2198 3786 2326 3849 τοὺς⁵
2369 3785 2478 3840 τῶν
2507 3790 2761 3843 τοιούτων
2791 3793 3115 3864 νομοθέτας,
3148 3797 3243 3852 νῦν
3273 3798 3449 3867 λέγειν
3476 3803 3718 3868 γίνεσθαι
3740 3805 3776 3858 ἃ

2200 3873 2368 3927 πάλαι
2403 3878 2496 3930 καὶ
2543 3879 2648 3950 πρὸ
2692 3883 2888 3935 πολλοῦ
2918 3887 3131 3953 γεγόνει
3160 3889 3253 3942 τοῦ
3288 3892 3514 3962 χρόνου·
3547 3893 3658 3946 ἀλλ’
3687 3895 3777 3948 εὔ-

2200 3964 2357 4058 δηλον
2386 3968 2467 4021 ὅτι
2501 3971 2570 4023 τὰ
2610 3973 2706 4042 μὲν
2752 3977 3050 4046 πράγματα
3084 3979 3323 4048 γέγονεν,
3346 3986 3374 4036 ὁ
3410 3989 3693 4058 προφήτης
3719 3990 3775 4044 δὲ

2199 4053 2264 4109 δι’
2288 4059 2681 4129 ἀποκαλύψεως
2716 4066 2818 4136 όρᾷ
2859 4067 2955 4120 νῦν
3014 4071 3153 4123 αὐτὰ
3174 4053 3462 4144 γινόμενα,
3684 4081 3776 4136 καὶ

2200 4151 2496 4216 γεγονότων
2546 4154 2590 4204 οί
2634 4155 2726 4207 τοῦ
2765 4156 2893 4210 λαοῦ
2939 4160 3160 4228 μάθοιεν
3211 4167 3443 4232 πάντες,
3475 4171 3556 4223 ὅτι
3611 4173 3776 4242 μηδὲν

2199 4237 2308 4290 ἀπὸ
2354 4242 2694 4311 ταυτομόιτου
2729 4245 2941 4314 γέγονε,
2965 4249 3083 4321 θείᾳ
3133 4252 3187 4304 δὲ
3229 4253 3480 4326 βουλήσει
3524 4237 3624 4313 καί
3665 4237 3775 4332 ϐρῳ

2199 4329 2596 4385 ἐπιτετέλεσται
2621 4332 2683 4403 δὴ
2704 4336 2880 4390 πάντα
2910 4338 2978 4391 τὰ
3005 4341 3133 4412 περὶ
3162 4343 3360 4409 αὐτοὺς
3382 4347 3562 4414 ἁγαθά
3599 4365 3614 4380 ·
3645 4329 3774 4405 ὥστ’

2199 4421 2350 4474 οὐδὲν
2380 4424 2607 4489 ἀπεικὸς
2646 4422 2736 4496 ἦν,
2781 4428 2871 4481 καὶ
2923 4429 3017 4484 νῦν
3065 4435 3192 4504 περὶ
3216 4433 3323 4490 τῶν
3361 4442 3776 4511 προσεσομένων

517 4490 620 4544 sub
651 4486 1004 4546 Zorobabelis
1046 4509 1237 4563 regno,
1271 4492 1367 4550 Dei
1407 4498 1675 4552 sententia
1717 4499 1784 4552 ad
1820 4499 1873 4552 id
1911 4501 2094 4565 electi,

2203 4513 2280 4582 τῷ
2309 4513 2422 4586 λαῷ
2449 4514 2538 4568 διὰ
2567 4486 2682 4586 τῆς.
2708 4486 2801 4570 τοῦ
2836 4486 3775 4594 Zamamp..;i..'.2';;;;‘"é§;$

516 4583 828 4652 loquentem
878 4585 1219 4654 prOphetam,
1256 4587 1439 4642 dicere
1472 4607 1490 4638 σ
1524 4589 1791 4646 Adventat
1817 4592 2003 4661 justus
2043 4603 2097 4649 et

519 4676 792 4736 salvator;
840 4691 859 4724 ι
912 4684 970 4727 ut
1007 4675 1273 4744 signiﬁcet
1317 4679 1509 4734 adesse
1550 4681 1701 4735 illum
1733 4683 1800 4736 ad
1847 4684 1896 4738 id
1930 4699 2094 4754 nego-

518 4765 603 4825 lii,
636 4770 688 4817 et.
718 4777 748 4814 a
771 4762 882 4816 Deo
918 4779 1096 4834 regem
1125 4769 1384 4836 electum,
1422 4781 1480 4824 ut
1508 4785 1571 4825 ea
1602 4781 1843 4840 prmstet,
1880 4790 2001 4843 quae
2041 4776 2097 4829 in

487 4852 1004 4924 ~-suhseqnentibtts,
1047 4872 1146 4926 pro
1179 4861 1379 4930 populo
1422 4866 1490 4918 ab
1533 4878 1598 4917 eo
1645 4874 1862 4933 peracta
1901 4867 2094 4936 fuisse,

508 4950 667 5006 dicit.

585 5133 952 5204 3351133.
988 5135 1174 5191 10-12.
1198 5162 1269 5175 —
1308 5135 1412 5191 Sed
1473 5138 1737 5196 hactenus
1767 5158 1795 5196 a
1831 5144 1987 5200 nobis
2019 5148 2091 5202 ob

495 5229 838 5284 ‘tradendam
866 5229 1260 5282 accuratiorem
1282 5228 1588 5284 doctrinam
1613 5231 1820 5288 dictum
1845 5237 1937 5292 sit.
1969 5239 2088 5295 .Iam

516 5321 777 5390 prepheta
799 5320 866 5374 de
895 5317 1228 5374 Zorobabele
1253 5319 1499 5390 loquens,
1521 5323 1695 5393 deque
1725 5327 1913 5383 eodem
1940 5348 2083 5389 nunc

593 5466 634 5496 ⁸⁷
675 5463 782 5518 lsa.
822 5477 942 5528 ιιιι,
981 5463 1034 5515 7.

588 5604 701 5674 (66)
731 5601 1023 5675 Granditer
1041 5601 1318 5675 libereque
1341 5620 1489 5662 more
1513 5624 1613 5663 suo
1629 5610 1853 5667 criticas
1875 5612 2088 5670 herme-

518 5676 746 5728 neutica:
767 5674 980 5752 regulas
1004 5674 1350 5752 tradiditlioc
1376 5678 1495 5731 loco
1511 5677 1861 5752 Theodorus;
1887 5685 2086 5752 quibus

516 5754 718 5810 tamen,
762 5753 875 5800 tum
910 5744 994 5799 hic
1029 5754 1141 5799 tum
1174 5745 1324 5814 alibi,
1369 5749 1582 5803 nonnisi
1618 5765 1682 5803 ex
1712 5744 2084 5812 communiore

2202 4602 2426 4675 γνώμην
2463 4607 2540 4668 εἰς
2576 4607 2734 4660 τοῦτο
2769 4612 3238 4681 προχειρισθέντος
3268 4616 3494 4686 λέγοντα
3518 4622 3609 4676 τὸν
3639 4640 3775 4694 προ·

2203 4697 2378 4766 φήτην
2406 4699 2600 4766 εἰπεῖν,
2629 4700 2710 4754 ὅτι
2732 4720 2750 4753 ι
2780 4703 3035 4774 Ἔρχεται
3062 4705 3267 4773 δίκαιος
3298 4711 3391 4764 καὶ
3415 4712 3621 4780 σώζων,
3654 4735 3672 4767 ι
3701 4716 3778 4776 ὡς

2203 4787 2268 4839 ἂν
2295 4787 2584 4857 δηλώσειεν
2612 4793 2689 4845 ὅτι
2711 4793 2802 4847 ἐπὶ
2831 4795 3039 4862 τούτοις
3063 4801 3295 4870 πάρεστί
3313 4821 3372 4856 τε
3405 4809 3650 4878 καὶπρὸς
3676 4809 3776 4880 τὴν

2204 4879 2477 4972 βασιλείαν
2508 4883 2802 4949 ἐξείλεκται
2833 4890 2984 4960 παρὰ
3016 4892 3110 4946 τοῦ
3137 4893 3273 4948 Θεοῦ
3321 4897 3412 4950 ἐπὶ
3454 4898 3514 4951 τὸ
3555 4879 3776 4972 ποιῆσαι

2203 4971 2393 5036 ταῦτα,
2419 4973 2563 5045 ἅπερ
2585 4973 2678 5030 οὖν
2699 4981 2758 5031 ἐν
2786 4984 2898 5046 τοῖς
2929 4983 3055 5055 ἑξῆς
3081 4986 3208 5056 περὶ
3241 4987 3332 5041 τὸν
3356 4987 3482 5044 λαὸν
3517 4990 3585 5045 δι’
3609 4971 3775 5047 αύτοῦ

2203 5063 2528 5136 γεγενῆσθαί
2565 5086 2749 5138 φησιν.

2271 5155 2417 5226 Στίχ.
2445 5156 2592 5227 ι’-ιβ’.
2624 5189 2692 5199 -—
2736 5161 2895 5216 Ἀλλὰ
2931 5164 3102 5220 ταῦτα
3126 5167 3226 5237 μὲν
3269 5172 3350 5233 εἰς
3381 5170 3776 5242 ἀκριϐεστέραν

2199 5247 2438 5318 εἰρήσθω
2473 5249 2822 5306 διδασκαλίαν
2863 5254 2996 5322 (66).
3029 5256 3090 5310 '0
3132 5259 3185 5310 δὲ
3219 5263 3503 5334 προφήτης
3529 5265 3774 5336 περὶτοῦ

2195 5340 2494 5410 Ζοροϐάϐελ
2523 5341 2716 5413 λέγων,
2749 5345 2843 5398 καὶ
2883 5348 3009 5418 περὶ
3039 5349 3204 5405 αὐτοῦ
3238 5351 3301 5424 δὴ
3331 5355 3399 5407 τὰ
3432 5355 3526 5408 νῦν
3561 5373 3775 5428 προφη-

2195 5636 2386 5677 norma
2443 5633 2757 5684 sanctorum
2819 5629 3041 5686 Patrum
3100 5643 3337 5689 utemur.
3409 5635 3776 5692 Conferantur

2195 5701 2343 5778 certe
2370 5694 2843 5778 inlioc_Zaclrai'ia:
2862 5704 3100 5778 capitulo
3123 5703 3506 5778 Hieronymus,
3527 5706 3775 5762 Theodo-

2194 5772 2364 5830 retus,
2393 5764 2650 5835 Cyrilliis.
2684 5771 2764 5825 Ad
2796 5764 3023 5829 Joan'ni's
3056 5783 3236 5833 autem
3266 5764 3363 5844 Χιῖ,
3392 5777 3476 5845 15,
3494 5764 3674 5834 locum
3697 5779 3774 5833 lo-
