4162 6482
335 427 442 492 568

1284 431 1833 491 COMMENTARIUS
1862 432 1929 488 IN
1975 427 2351 486 ZACIIABIE
2392 426 2545 486 CA‘P.
2578 426 2666 485 IX.

3526 425 3633 483 56!

335 546 538 609 τεύων,
561 546 609 599 εί
643 543 734 599 καί
759 561 882 599 τινα
909 545 1207 614 φαντασίαν
1238 547 1314 610 ὼς
1346 551 1629 621 προφήτης
1655 551 1748 604 καὶ
1774 549 1935 612 αὐτὸς

2065 546 2368 611 'aticinans,
2392 544 2660 616 siquidem
2687 542 3032 614 phantasiam
3066 544 3357 614 quamdam
3389 541 3456 598 de
3482 543 3635 599 futuo

338 632 475 705 περὶ
496 632 604 686 τῶν
633 632 932 703 μελλόντων
948 629 1112 704 εἶχεν,
1131 636 1326 704 ἐπάγει
1346 652 1360 666 ο
1378 657 1396 689 ι
1429 639 1704 708 Κατάρξει
1727 639 1934 694 ὑδάτων

340 724 454 778 ἀπὸ
482 724 758 795 Θαλάσσης
789 727 894 790 ἕως
928 727 1224 798 Θαλάσσης,
1256 731 1350 782 καὶ
1387 731 1494 783 ἀπὸ
1520 731 1782 802 ποταμῶν
1829 731 1936 794 ἕως

342 817 642 870 διεκϐολῶν
675 817 796 888 γῆς.
845 836 862 869 ι
921 818 1333 890 Ὑπερϐολικῶς
1371 818 1466 875 καί¹
1506 822 1662 876 τοῦτο
1702 824 1842 878 κατά
1874 824 1936 877 τὺ

346 909 537 973 εἰωθὸς
563 909 827 981 εἰρηκὼς,
861 911 944 964 ὅτι
983 912 1194 966 πολλῶν
1250 915 1669 984 περιγενήσεται
1707 915 1814 968 τῶν
1847 917 1934 968 ἐν-

347 1001 566 1065 αντίων,
598 1002 693 1055 καὶ
746 1000 948 1073 πολλὴν
997 1001 1216 1068 καθέξει
1273 1003 1478 1074 χώραν,
1534 1005 1810 1072 Ἰουδαίοις
1842 1006 1938 1078 τὴν

345 1092 563 1162 οἴκησιν
587 1091 760 1162 αὐτῆς
790 1091 1085 1163 παραδούς.
1114 1094 1367 1158 Τοιοῦτός
1398 1097 1511 1148 ἐστι
1551 1097 1647 1149 καὶ¹
1681 1095 1832 1167 παρά
1861 1095 1940 1167 τῷ

353 1182 611 1255 μακαρίῳ
652 1183 815 1237 Δαυῖδ
844 1185 872 1238 ὁ
907 1183 1304 1256 ἐϐδομηκοστὸς
1337 1193 1385 1238 a'
1407 1187 1641 1258 ψαλμὺς,
1668 1190 1725 1241 ἐν
1774 1189 1941 1259 εὐχῆς

353 1273 594 1343 σχήματι
642 1273 876 1343 δήλωσιν
924 1273 1063 1344 ἔχων
1105 1275 1372 1345 τῆςνκατά
1410 1278 1502 1331 τὸν
1533 1279 1826 1349 Σολομῶνα
1854 1281 1942 1333 εὐ-

351 1363 598 1434 ετηρίας,
630 1362 757 1416 ἔνθα
808 1367 1007 1435 φησίν·
1037 1383 1056 1415 ι
1094 1365 1205 1437 Πρὸ
1246 1365 1340 1420 τοῦ
1393 1367 1546 1438 ἡλίου
1593 1368 1840 1440 διαμενεῖ
1883 1371 1942 1423 τὸ

351 1458 525 1525 ὄνομα
555 1455 742 1520 αὐτοῦ,
775 1456 870 1510 καὶ
899 1456 1006 1528 πρὸ
1059 1459 1159 1526 τῆς
1208 1458 1434 1529 σελήνης
1465 1461 1656 1529 γενεὰς
1701 1461 1904 1530 γενεῶν
1923 1479 1937 1493 ο

354 1553 431 1621 (ρ.
469 1550 594 1621 500)
636 1553 730 1604 καὶ
763 1553 1188 1624 κατακυριεύσει
1235 1554 1343 1608 ἀπὸ
1393 1555 1668 1627 θαλάσσης
1717 1557 1820 1622 ἕως
1847 1557 1943 1612 θα-

351 1641 581 1710 λάσσης,
602 1643 709 1695 ἀπὸ
732 1643 992 1712 ποταμῶν
1014 1643 1118 1707 ἕως
1149 1644 1402 1716 περάτων
1425 1647 1521 1717 τῆς
1549 1647 1873 1719 οἰκουμένης
1892 1663 1905 1678 ο
1921 1667 1938 1698 ι

351 1733 418 1784 ού
443 1732 550 1802 γὰρ
575 1730 819 1802 δηλονότι
843 1732 1218 1804 ὑπερϐολικῶς
1240 1733 1456 1806 εἴρηται
1485 1736 1580 1790 καὶ
1602 1737 1773 1792 ταῦτα
1794 1755 1808 1804 ;
1828 1734 1947 1791 εἶτα

353 1826 583 1892 ἐπάγει,
625 1843 643 1874 ι
681 1825 790 1878 Καὶ
817 1826 882 1879 σὺ
907 1826 965 1878 ἐν
989 1826 1180 1896 αἵματι
1212 1826 1476 1898 διαθήκης
1515 1845 1609 1882 σου
1641 1828 1950 1894 ἐξαπέστει-

2042 641 2120 694 ris
2144 641 2310 695 rebus
2341 640 2456 711 ipse
2481 651 2700 708 quoque
2730 650 2830 690 ceu
2861 635 3123 706 pr0pheta
3148 636 3405 702 habebat,
3441 636 3592 692 addit
3617 655 3630 692 :

2049 751 2067 784 ε
2093 731 2473 787 Dominabitur
2498 731 2656 800 aquis
2676 745 2706 783 a
2725 728 2858 783 mari
2884 729 2949 783 ad
2981 744 3150 793 mare,
3191 739 3244 783 et
3265 745 3293 784 a
3320 728 3634 785 fluminibus

2044 839 2218 894 usque
2241 828 2306 877 ad
2325 823 2506 878 exitus
2537 831 2718 878 terraa.
2745 841 2764 874 ι
2795 820 3157 893 llyperbolice
3177 821 3281 875 hoc
3301 822 3464 876 etiam
3483 835 3637 876 more

2045 931 2147 972 suo
2168 915 2480 985 dicit,quod
2505 929 2699 984 nempe
2716 914 2917 969 multos
2946 914 3224 984 superabit
3251 913 3460 972 hostes.
3489 915 3636 968 mul-

2046 1019 2264 1078 tamque
2284 1006 2553 1062 obtinebit
2571 1006 2871 1076 regionem,
2891 1020 3054 1075 quam
3072 1004 3276 1060 Iudaeis
3292 1006 3634 1060 incolendam

2048 1101 2242 1157 tradet.
2271 1098 2420 1155 Talis
2440 1108 2524 1156 est
2540 1083 2702 1154 etiam
2727 1097 2870 1169 apud
2889 1099 3107 1154 beatum
3131 1096 3388 1153 Davidem
3416 1103 3638 1166 septua-

2048 1194 2290 1264 gesimus
2317 1194 2526 1262 primus
2543 1192 2809 1262 psalmus.
2827 1192 2931 1248 sub
2954 1191 3132 1262 prccis
3151 1191 3332 1260 specie
3349 1190 3640 1245 declarans

2052 1282 2363 1339 Salomonis
2389 1283 2832 1354 prosperitatem,
2860 1285 2950 1339 ubi
2975 1285 3086 1338 ait:
3119 1304 3136 1336 ι
3156 1284 3298 1339 Ante
3317 1284 3486 1338 solem
3515 1299 3641 1352 per-

2051 1377 2290 1431 manebit
2313 1391 2510 1431 nomen
2535 1378 2676 1444 ejus.
2699 1386 2752 1432 et
2781 1387 2907 1431 ante
2928 1377 3113 1431 lunam
3141 1393 3237 1448 per
3255 1375 3641 1447 generationes

2051 1467 2482 1536 generationum.
2516 1467 2582 1521 Et
2607 1467 2982 1523 dominabitur
3017 1483 3046 1521 a
3077 1468 3213 1522 mari
3237 1467 3304 1521 ad
3336 1471 3578 1529 mare,et
3609 1479 3639 1517 a

2051 1557 2368 1614 fluminibus
2405 1575 2575 1630 usque
2607 1561 2672 1614 ad
2707 1561 2976 1615 terminos
3013 1559 3255 1615 terrae“.
3283 1577 3300 1610 ο
3339 1555 3535 1612 Nonne
3586 1562 3642 1611 et

2054 1651 2172 1707 haec
2221 1653 2570 1724 hyperbolice
2602 1653 2750 1708 dit-ta
2801 1653 3064 1708 fuerunt?
3108 1652 3230 1708 Mox
3264 1651 3534 1707 subditzr
3576 1647 3644 1703 Et

2055 1752 2116 1799 tu
2145 1745 2200 1799 in
2225 1746 2494 1815 sanguine
2518 1746 2836 1801 testamenti
2864 1747 2942 1799 tui
2971 1744 3206 1800 emisisti
3236 1745 3486 1814 captivos
3516 1749 3645 1797 tuos

2057 1838 2124 1892 de
2157 1837 2275 1893 lacu
2307 1852 2504 1907 aquam
2538 1853 2646 1892 non
2669 1838 2904 1893 habente
2929 1845 2982 1893 et
3013 1837 3273 1892 sedebitis
3297 1835 3354 1891 in
3379 1835 3642 1890 munitio-

354 1917 458 1978 λας
490 1916 745 1986 δεσμίους
772 1933 865 1969 σου
908 1918 971 1969 ἐκ
1016 1916 1222 1971 λάκκου
1246 1918 1346 1971 οὐκ
1395 1918 1610 1990 ἔχοντος
1641 1920 1786 1994 ὕδωρ
1818 1939 1831 1952 ·
1856 1923 1951 1977 καὶ

2065 1945 2124 1984 ne
2145 1931 2344 2000 captivi
2371 1928 2707 2001 Synagogae:
2735 1938 2789 1985 et
2815 1945 2913 2000 pro
2937 1945 3048 1985 uno
3069 1929 3159 1985 die
3183 1926 3644 2000 peregrinationis

354 2005 654 2061 xaGt'cscOs
687 2007 746 2058 ἐν
775 2006 1096 2080 ὀχυρώματι
1126 2008 1338 2080 δέσμιοι
1367 2010 1466 2082 τῆς
1489 2014 1833 2084 συναγωγῆς,
1855 2015 1952 2068 καὶ

355 2100 484 2151 ἀντὶ
526 2099 658 2170 μιᾶς
703 2098 920 2170 ἡμέρας
969 2102 1329 2170 παροικεσίας
1363 2120 1459 2156 σου
1507 2103 1672 2158 διπλᾶ
1717 2105 1956 2160 ἀνταπο-

352 2189 520 2244 δώσω
557 2207 659 2244 σοι.
699 2209 716 2242 ι
762 2191 850 2244 Ἐν
883 2191 1057 2245 ἅπασι
1092 2192 1156 2264 δὴ
1205 2194 1417 2258 τούτοις
1454 2196 1688 2266 μάλιστα
1722 2197 1791 2252 τὰ
1825 2200 1956 2270 περὶ

352 2283 454 2336 τὸν
488 2282 610 2351 Γὼγ
635 2283 868 2354 ἐσόμενα
894 2284 954 2336 ἐν
975 2287 1097 2348 ταῖς
1128 2285 1223 2338 τοῦ
1251 2287 1558 2358 Ζοροϐάϐελ
1588 2289 1824 2360 ἡμέραις
1853 2308 1957 2362 μη-

353 2374 480 2428 νύει
509 2391 524 2404 ⁶
555 2374 694 2446 πρὸς
716 2374 775 2429 ὃν
799 2375 948 2444 λέγει
978 2377 1058 2430 δτι
1086 2375 1316 2443 πολλοὺς
1343 2379 1566 2442 ἀνελὼν,
1599 2384 1694 2436 καὶ
1739 2384 1953 2440 πολλῶν

355 2468 574 2538 αἵματα
631 2467 863 2537 ἐκχέας,
914 2470 1009 2522 καὶ
1063 2472 1130 2540 τῇ
1193 2469 1302 2524 τῶν
1369 2471 1626 2528 ἐναντίων
1677 2476 1954 2547 ἀναιρέσει

353 2561 557 2630 ὥσπερ
579 2559 690 2613 τισὶ
720 2559 1016 2631 συνθήκαις
1051 2559 1355 2632 βεϐαιώσας
1379 2565 1556 2636 ἐαυτῷ
1579 2567 1678 2637 τὴν
1708 2567 1801 2620 τοῦ
1823 2567 1953 2622 λαοῦ

359 2648 678 2722 βασιλείαν,
711 2649 1012 2717 ἀπαλλάξει
1049 2651 1150 2721 μὲν
1203 2653 1450 2719 ἅπαντας
1492 2656 1753 2710 κινδύνων
1803 2659 1958 2729 μεγί-

359 2761 532 2807 στων,
559 2744 618 2797 ἐν
651 2737 731 2807 οἷς
774 2741 964 2816 ὥσπερ
995 2746 1053 2797 ἐν
1081 2743 1270 2816 λάκκῳ
1319 2747 1424 2800 τινὶ
1474 2747 1754 2817 διάγουσιν
1813 2750 1956 2822 ὕδωρ

353 2839 464 2889 οὐκ
503 2836 700 2907 ἔχοντι,
741 2837 827 2889 ἵνα
865 2837 1016 2909 εἴπῃ,
1071 2837 1525 2912 ἀπαραμυθήτως
1558 2846 1760 2906 κακοῖς
1786 2843 1959 2916 ψυχα-

361 2927 578 2994 γωγίαν
599 2926 818 2998 ἔχουσιν
841 2927 1098 2998 οὐδεμίαν
1118 2945 1132 2960 θ
1169 2929 1477 3001 διαμενεῖτε
1507 2933 1564 2986 δέ
1586 2935 1635 2987 οί
1670 2935 1840 2989 πάλαι
1875 2935 1959 2990 δέ-

369 3035 524 3088 σμιοι
553 3019 652 3089 τῆς
679 3018 788 3072 τῶν
820 3019 1088 3074 Ἰουδαίων
1119 3023 1440 3094 συναγωγῆς
1477 3025 1612 3095 μετά
1641 3027 1839 3100 πολλῆς
1862 3029 1962 3099 τῆς

368 3107 674 3176 ἀσφαλείας
705 3109 984 3176 διάγοντες
1022 3111 1080 3162 ἐν
1111 3113 1224 3176 τοῖς
1258 3114 1480 3178 οἰκείοις
1508 3119 1575 3188 τῇ
1616 3119 1961 3189 προεστῶτος

2054 2028 2186 2084 tuae,
2225 2023 2466 2092 duplicia
2499 2023 2596 2077 tibi
2632 2023 2950 2078 retribuam.
2974 2042 2992 2075 ι
3046 2025 3103 2077 In
3147 2023 3234 2078 his
3263 2021 3520 2078 omnibus
3553 2035 3644 2076 res

2052 2113 2477 2186 pracipueGogi
2508 2114 2722 2170 futuras
2738 2114 3090 2171 Zorobabelis
3114 2122 3274 2170 aetate
3306 2113 3486 2168 innuit
3510 2131 3524 2167 :
3554 2112 3644 2167 cui

2054 2205 2192 2260 dicit
2220 2205 2338 2260 fore
2366 2212 2444 2270 ut,
2476 2205 2669 2261 multis
2717 2205 3060 2274 interemptis
3098 2213 3151 2260 et
3183 2204 3481 2258 multorum
3512 2215 3644 2255 san-

2057 2296 2219 2367 guine
2251 2293 2445 2360 effuso,
2479 2305 2533 2350 et
2565 2295 3009 2350 adversariorum
3047 2293 3217 2358 caede,
3248 2293 3406 2363 quasi
3441 2289 3650 2347 foedere

2055 2387 2317 2459 quodam,
2351 2387 2536 2458 populi
2565 2387 2665 2441 sibi
2696 2402 2864 2458 regno
2892 2393 3129 2450 asserto,
3151 2384 3290 2452 fore,
3321 2384 3565 2454 inquam,
3589 2391 3650 2438 ut

2056 2496 2248 2536 omnes
2277 2479 2530 2534 maximis
2579 2479 2838 2549 periculis
2883 2477 3160 2548 expediat,
3199 2477 3254 2531 in
3285 2476 3487 2546 quibus
3525 2480 3651 2528 tan-

2056 2589 2219 2645 quam
2247 2573 2366 2627 lacu
2402 2572 2638 2641 quodam
2670 2571 2829 2640 aquis
2861 2577 3085 2625 carente
3113 2569 3343 2638 degunt,
3380 2565 3433 2621 id
3471 2572 3556 2621 est
3589 2565 3649 2618 in

2062 2664 2223 2718 malis
2247 2663 2444 2718 solatio
2469 2663 2617 2717 omni
2642 2669 2696 2717 et
2723 2662 3066 2717 recreatione
3089 2660 3427 2715 carentibus.
3460 2657 3651 2712 Perse-

2062 2754 2326 2810 verabitis
2351 2765 2533 2808 autem
2567 2754 2661 2824 qui
2690 2753 2821 2808 olim
2849 2754 3018 2808 eratis
3034 2751 3208 2806 Judaei
3234 2750 3458 2820 captivi,
3482 2749 3668 2802 multa.

2062 2861 2186 2901 cum
2223 2846 2522 2901 securitate
2550 2845 2602 2899 in
2635 2846 2811 2916 patria
2844 2846 2946 2900 sub
2980 2842 3231 2914 praesidis
3259 2843 3427 2898 vestri
3456 2841 3647 2896 tutela.

2065 2939 2246 3007 Quare
2278 2954 2378 3009 pro
2411 2939 2478 2994 iis
2511 2953 2634 3009 qua:
2667 2939 2812 3004 passi
2848 2938 2984 2992 estis
3014 2936 3351 3005 captivitatis
3385 2945 3652 3003 ten'iporc.

2066 3030 2238 3086 multo
2276 3029 2452 3100 major
2484 3029 2641 3085 vobis
2669 3029 3021 3101 praesentium
3057 3027 3328 3082 bonorum
3374 3027 3530 3095 c0pia
3571 3041 3655 3078 re-

2066 3123 2361 3178 tribuetur.

322 3231 332 3237 -
366 3201 525 3272 ὑμῶν
572 3201 872 3274 ἀσφαλείαο
928 3203 1071 3258 ὥστε
1109 3203 1226 3258 ἀνθ’
1263 3197 1338 3259 ὧν
1373 3208 1677 3263 πεπόνθατε
1703 3250 1718 3274 ,
1770 3214 2008 3282 ὁπηνίκα
2040 3217 2098 3269 ἐν
2136 3215 2538 3288 αίχμαλωσίαις
2568 3211 2667 3288 ἦτε
2699 3215 3011 3284 διάγοντες,
3072 3212 3298 3284 μείζονά
3348 3227 3440 3264 σου
3477 3209 3659 3282 πολλῷ

364 3297 481 3350 τῶν
511 3299 796 3370 παρόντων
831 3298 1052 3368 ἀγαθῶν
1089 3300 1342 3369 γενέσθαι
1370 3302 1469 3374 τὴν
1497 3304 1782 3361 ἀντίδοσιν.

441 3391 591 3462 Στίχ.
646 3392 836 3461 ιγ’·ιζ’.
862 3421 934 3433 --
976 3389 1113 3448 Εἶτα
1167 3395 1476 3460 ἀκολούθως
1524 3399 1722 3468 ἐπάγει
1753 3415 1766 3430 ’
1803 3420 1822 3454 ι
1861 3403 1960 3458 Διά

2133 3401 2298 3474 336
2327 3399 2490 3455 Vens.
2516 3398 2703 3454 15-17.
2735 3395 3018 3452 ——Postea
3055 3393 3408 3465 prosequitur
3437 3411 3448 3447 :
3476 3410 3494 3444 ι
3524 3391 3660 3446 Pro-

365 3483 532 3538 τοῦτο
565 3484 807 3540 ἐνέτεινά
838 3502 900 3539 σε
929 3485 1170 3558 ἐμαυτῷ,
1198 3488 1391 3554 Ἰούδα,
1425 3489 1502 3553 ὡς
1542 3489 1715 3555 τόξον,
1754 3491 1968 3564 ἐπλησα

366 3575 452 3644 τῷ
507 3576 782 3648 Ἐφραῖμο
832 3579 926 3631 καὶ
978 3577 1219 3651 ἐξεγερῶ
1247 3580 1316 3633 τά
1362 3581 1530 3635 τέκνα
1582 3581 1722 3636 Σιὼν
1763 3584 1856 3638 ἐπὶ
1900 3586 1969 3640 τὰ

368 3669 542 3721 τέκνα
574 3668 682 3722 τῶν
746 3669 1050 3741 Ἑλλήνων,
1087 3672 1180 3724 καὶ
1233 3670 1542 3744 ψηλαφήσω
1589 3691 1646 3726 σε
1699 3675 1775 3740 ὼς
1831 3679 1966 3748 ῥομ-

371 3759 548 3829 φαίαν
597 3761 868 3833 μαχητοῦ.
904 3782 924 3815 ι
980 3761 1150 3817 Ἰούδα
1180 3765 1274 3817 καὶ
1321 3764 1564 3837 Ἐςρραῒμ
1593 3766 1767 3836 λέγει,
1807 3769 1874 3821 ἵν’
1905 3770 1970 3822 ἐκ

376 3851 585 3923 μέρους
616 3854 710 3907 τοῦ
754 3855 1094 3926 κυριωτάτου
1123 3856 1185 3910 τὸ
1226 3857 1480 3928 σύστημα
1524 3861 1634 3913 τῶν
1698 3863 1972 3918 Ἰουδαίων

373 3947 529 4018 εἴπῃ.
567 3947 644 4017 (p.
683 3946 810 4017 501)
868 3948 955 4012 Ὠς
1005 3946 1159 4013 τόξον
1212 3949 1394 4004 τοίνυν
1426 3953 1782 4024 ἐντεταμένον
1830 3955 1972 4010 κατά

373 4037 488 4092 τῶν
518 4039 795 4110 πολεμίων
829 4040 973 4110 ὑμᾶς
999 4041 1305 4113 ἐργάσομαι
1341 4043 1623 4114 ἰσχυροὺς,
1653 4045 1796 4100 ὥστε
1831 4047 1973 4102 κατὰ

373 4132 602 4186 πάντων
629 4133 740 4187 τῶν
764 4133 1176 4205 ἐπεληλυθότων
1205 4135 1333 4206 ὑμῖν
1360 4135 1658 4208 ἀλλοτρίων
1683 4139 1822 4210 μετά
1845 4140 1972 4194 πολ-

374 4225 478 4298 λῆς
514 4228 662 4297 ὑμᾶς
709 4229 1064 4300 ὁρμήσαντας
1093 4228 1195 4300 τῆς
1237 4228 1547 4300 προθυμίας
1595 4232 1761 4286 πολὺν
1791 4234 1973 4287 αὐτῶν

375 4317 727 4389 ἐργάσασθαι
763 4320 857 4373 τὸν
909 4320 1070 4389 φόνον
1089 4338 1102 4352 ο
1128 4321 1224 4375 καὶ
1252 4322 1374 4374 ὅσον
1405 4323 1550 4387 είκδς
1579 4323 1638 4390 ἐξ
1663 4325 1858 4397 ἀνδρὸς
1884 4341 1969 4393 γε-

377 4411 570 4466 νέσθαι
603 4415 662 4466 ἐν
710 4413 913 4483 μάχαις
962 4413 1057 4467 καὶ
1102 4414 1359 4484 πολέμοις
1385 4416 1478 4468 καὶ
1503 4415 1687 4484 φόνοις
1725 4416 1786 4469 τὸ
1826 4415 1975 4485 ξίφος

376 4505 470 4558 ἀεὶ
500 4506 876 4576 γυμνάζοντος
911 4505 973 4559 τὸ
1022 4508 1241 4560 οἰκεῖον.
1279 4506 1389 4560 Καὶ
1417 4507 1540 4561 ὅθεν
1572 4508 1747 4563 ταῦτα
1791 4509 1976 4571 αὐτοῖς

377 4597 673 4669 περιέσται
701 4599 899 4670 δηλῶν,
924 4617 942 4650 ι
967 4599 1076 4653 Καὶ
1099 4598 1302 4670 Κύριος
1327 4601 1412 4654 ἐπ’
1429 4601 1628 4664 αὐτοὺς
1653 4600 1974 4671 ὀφθήσεται,

378 4691 476 4744 καὶ
501 4689 844 4755 ἐξελεύσεται
876 4690 953 4754 ὡς
975 4690 1231 4761 ἀστραπὴ
1253 4690 1396 4761 βολὶς
1431 4691 1596 4746 αὐτοῦ
1618 4710 1632 4724 ο
1657 4693 1751 4748 καὶ
1773 4692 1976 4764 Κύριος

2073 3501 2258 3565 pterea
2287 3490 2490 3547 tetendi
2553 3500 2608 3546 te
2654 3489 2824 3555 mihi,
2870 3487 3034 3551 Juda,
3075 3497 3133 3542 ut
3169 3503 3401 3554 arcum;
3455 3485 3658 3556 replcvi

2069 3585 2392 3656 Ephraimo.
2420 3583 2490 3637 Et
2535 3581 2832 3639 concitabo
2881 3581 3025 3636 filios
3054 3580 3186 3634 Sion
3214 3581 3481 3634 adversus
3521 3579 3662 3631 filios

2071 3677 2416 3740 Graecorum,
2451 3682 2505 3730 et
2539 3674 2844 3729 attrectabo
2879 3681 2932 3728 te
2966 3682 3227 3743 tanquam
3264 3670 3505 3741 gladium
3547 3671 3662 3724 bel-

2071 3770 2286 3825 latoris.
2315 3789 2333 3821 ι
2358 3768 2556 3824 Judam
2583 3777 2747 3838 atque
2774 3766 3130 3837 Ephraimum
3161 3765 3317 3828 dicit,
3349 3772 3409 3819 ut
3443 3779 3471 3816 a
3504 3771 3659 3833 parte

2071 3863 2464 3934 principaliore
2524 3866 2802 3916 nationem
2868 3857 3182 3914 Iudaeorum
3213 3857 3454 3913 denotet.
3495 3855 3661 3922 Quasi

2073 3970 2264 4011 arcum
2290 3957 2477 4026 itaque
2507 3962 2792 4010 extentum
2825 3953 3089 4009 adversus
3121 3951 3311 4007 hostes
3341 3950 3534 4004 faciam
3565 3963 3663 4004 νος

2071 4047 2305 4112 validos,
2341 4055 2402 4101 ut
2435 4047 2606 4102 multa
2639 4061 2764 4101 cum
2798 4045 3081 4100 alacritate
3114 4053 3306 4098 contra
3341 4056 3531 4096 omnes
3567 4057 3666 4095 ex-

2073 4147 2296 4196 traneos
2346 4153 2698 4211 aggressores
2747 4140 3008 4208 impetum
3048 4136 3337 4201 facientes,
3383 4135 3664 4205 copiosam

2073 4233 2292 4288 illorum
2329 4231 2670 4286 occidionem
2707 4231 2971 4300 patretis:
3007 4245 3204 4294 nempe
3237 4236 3399 4300 prout
3435 4228 3553 4282 viro
3579 4226 3670 4282 de-

2074 4333 2220 4380 ceret
2250 4322 2303 4375 in
2333 4321 2533 4392 pugnis
2565 4321 2834 4391 bellisque
2858 4331 2912 4377 et
2944 4321 3187 4376 caedibus
3222 4321 3466 4392 gladium
3499 4335 3663 4375 suum

2073 4413 2294 4469 vibrare
2338 4419 2624 4469 consueto.
2663 4413 2842 4484 Atque
2891 4414 3007 4469 hzec
3059 4413 3334 4468 undenam
3392 4411 3503 4466 illis
3553 4412 3667 4467 sint

2076 4507 2379 4562 obventura
2409 4505 2638 4570 docens,
2675 4523 2694 4557 ι
2729 4505 2790 4560 Ει
2817 4503 3101 4568 Dominus,
3135 4505 3337 4574 inquit,
3371 4519 3538 4573 supra
3568 4519 3668 4557 eos

2077 4597 2382 4668 apparebit,
2419 4604 2474 4652 et
2521 4595 2694 4652 exibit
2733 4597 2888 4665 quasi
2923 4595 3107 4665 fulgur
3151 4595 3351 4665 sagitta
3405 4595 3549 4666 ejus.
3603 4593 3668 4648 Et

2079 4688 2346 4744 Dominus
2380 4689 2524 4745 Dens
2553 4687 2900 4758 omnipotens
2931 4687 3062 4742 tuba
3103 4694 3284 4753 canet,
3331 4695 3384 4742 et
3410 4687 3671 4758 procedet

378 4782 602 4848 ὀΘεδςὸ
627 4784 1022 4856 παντοκράτωρ
1051 4785 1108 4837 ἐν
1134 4783 1396 4852 σάλπιγγι
1422 4784 1660 4852 σαλπιεί,
1690 4786 1785 4839 καὶ
1813 4787 1961 4839 ἐκπο·

2083 4781 2139 4837 in
2171 4782 2409 4852 procella
2434 4781 2707 4837 minarum
2741 4796 2998 4837 suarum:
3027 4780 3293 4837 Dominus
3318 4783 3670 4851 omnipotens

378 4876 641 4949 ρεύσεται
665 4879 722 4930 ἐν
743 4877 890 4946 σάλῳ
910 4877 1144 4948 ἀπειλῆς
1161 4877 1347 4931 αὐτοῦ·
1366 4879 1568 4950 Κύριος
1585 4877 1983 4954 παντοκράτωρ

376 4966 716 5036 ὑπερασπιεῖ
752 4966 930 5020 αὐτῶν
950 4984 962 4996 ο
989 4967 1084 5020 καὶ
1126 4966 1602 5022 καταναλὼσουσιν
1633 4969 1848 5033 αὐτοὺς,
1889 4969 1984 5022 καὶ

378 5055 799 5127 καταχῶσουσιν
825 5058 1024 5121 αὐτοὺς
1044 5060 1103 5110 ἐν
1130 5057 1298 5121 λίθοις
1323 5059 1634 5130 σφενδόνης,
1653 5061 1747 5114 καὶ
1767 5061 1986 5113 ἐκπίον-

376 5166 476 5202 ται
495 5147 556 5201 τὸ
584 5144 724 5220 αἷμα
753 5148 937 5202 αὐτῶν
955 5149 1030 5213 ὡς
1049 5145 1210 5212 οἶνον,
1236 5149 1331 5203 καὶ
1359 5149 1628 5218 πλὴσουσι
1656 5149 1755 5213 τὰς
1785 5149 1984 5219 φιάλας

379 5245 567 5300 ἐλαίου
600 5247 675 5310 ὡς
705 5247 1112 5318 θυσιαστήριον.
1133 5266 1151 5300 ι
1180 5247 1474 5318 Γενήσεται
1495 5246 1552 5299 δέ
1579 5245 1974 5317 ταῦτα,φησὶν,

377 5335 577 5407 ἐπειδὴ
635 5337 767 5400 Θεὸς
822 5337 1147 5408 στρατηγῶν
1204 5339 1334 5408 ὑμῖν
1391 5337 1620 5408 φοϐερὸν
1676 5336 1820 5390 κατά
1868 5339 1978 5390 τῶν

377 5425 821 5496 ἐναντιουμένων
877 5427 1005 5498 ὑμῖν
1051 5427 1325 5481 ἀνατείνει
1358 5428 1420 5480 τὸ
1471 5428 1657 5498 ὄμμα,
1688 5429 1978 5499 ἀστραπῆς

375 5517 544 5587 δίκην
580 5518 915 5586 ἐπιπέμπων
961 5519 1144 5584 αὐτοῖς
1198 5519 1267 5574 τὰ
1313 5519 1438 5590 ξίφη
1467 5535 1481 5551 ο
1521 5519 1611 5573 καὶ
1654 5518 1845 5590 ῶσπερ
1876 5521 1983 5573 τινί

457 5635 506 5665 ⁸⁸
544 5631 693 5689 Psal.
733 5632 1044 5699 Lxx1,5-8.

379 5763 590 5824 gantur
617 5751 960 5824 Augustinus
984 5752 1039 5824 in
1071 5749 1424 5824 J‘oanaserm.
1449 5748 1983 5824 51,Chrysostomus

380 5816 521 5881 ivtcm
563 5824 616 5877 in
651 5816 815 5892 Jofan.
853 5823 1042 5878 homil.
1088 5820 1186 5888 66,
1213 5816 1694 5892 Cyrillnsacormm'.
1734 5819 1789 5872 in
1819 5816 1980 5892 long.

373 5910 515 5966 Opp.
550 5891 739 5959 T..IV,
773 5909 826 5964 p.
863 5892 986 5960 698,
1022 5887 1272 5963 denique
1292 5890 1734 5960 Theopln'lactus
1769 5905 1894 5962 opp.
1917 5887 1982 5946 Τ.

2084 4877 2327 4932 tuebitur
2371 4892 2488 4932 eos.
2524 4875 2592 4930 Et
2646 4877 2768 4931 illos
2822 4876 3278 4946 pessumdabunt,
3327 4882 3382 4930 et
3434 4876 3671 4930 obruent

2082 4981 2178 5022 eos
2207 4966 2481 5037 lapidibus
2508 4964 2674 5020 funda
2698 4965 3007 5036 ejaculatis,
3040 4974 3094 5021 et
3129 4966 3317 5020 bibent
3349 4969 3670 5035 sanguinem

2083 5059 2301 5113 illorum
2332 5057 2491 5128 quasi
2519 5058 2726 5122 vinum,
2758 5067 2812 5112 et
2843 5058 3147 5127 implebunt
3176 5057 3390 5126 phialas
3405 5059 3550 5121 oleo,
3570 5059 3674 5110 sic-

2083 5157 2144 5203 ut
2174 5149 2364 5202 altare.
2392 5166 2412 5200 ι
2457 5144 2616 5201 Fient
2642 5147 2776 5212 haec,
2803 5147 3001 5217 inquit,
3034 5149 3160 5216 quia
3197 5147 3361 5209 Deus,
3398 5147 3670 5201 bellorum

2084 5247 2393 5296 vestrorum
2428 5238 2563 5306 dux,
2601 5239 2896 5295 terribilem
2930 5239 3196 5294 adversus
3228 5237 3414 5292 hostes
3451 5235 3670 5289 oculum

2086 5334 2343 5400 intendit,
2376 5331 2609 5401 fulguris
2653 5332 2826 5386 instar
2856 5330 3160 5384 immittens
3189 5329 3268 5383 eis
3309 5325 3562 5396 gladios:
3617 5333 3675 5380 et

2089 5435 2348 5495 tanquam
2377 5426 2614 5480 classico
2640 5422 2898 5492 quodam,
2948 5421 3152 5476 virtute
3196 5435 3318 5484 sua,
3352 5433 3450 5474 vos
3479 5433 3674 5473 omnes

2091 5521 2158 5574 ad
2200 5520 2399 5574 bellum
2435 5517 2742 5580 concitans,
2773 5515 2886 5572 dux
2933 5524 3116 5570 veSter
3169 5513 3294 5580 erit,
3343 5512 3511 5568 minis
3557 5512 3682 5567 suis

2093 5753 2136 5814 1,
2194 5767 2248 5821 p.
2303 5752 2428 5816 673,
2474 5750 2562 5806 ed.
2610 5750 2778 5816 Ven.,
2830 5751 2924 5821 qui
2979 5763 3170 5809 omnes
3219 5747 3559 5822 prophetiam
3607 5747 3704 5809 da.

2093 5823 2313 5878 Christo
2344 5825 2665 5892 simpliciter
2709 5824 3034 5894 intelligunt.
