4162 6496
515 385 623 457 863
1683 391 2030 464 Tusonom
2071 397 2555 469 uorsussrem'
3673 415 3778 483 set

515 524 748 573 cunctos
769 518 1021 589 quatiens
1043 517 1418 577 adversarios:
1447 527 1739 595 tantasque
1762 527 1919 583 vobis
1942 528 2086 584 favo-

2198 530 2457 601 σάλπιγγι
2478 535 2544 604 τῇ
2574 532 2750 603 οίκείᾳ
2778 532 3004 602 δυνάμει
3032 533 3238 596 πάντας
3259 534 3401 604 ὑμᾶς
3432 536 3511 599 είς
3542 533 3635 589 τὸν
3677 537 3780 590 πό-

515 623 575 664 re
603 624 705 664 suo
748 610 1029 679 suppetias
1062 607 1230 675 feret,
1287 618 1346 665 ut
1380 611 1754 671 incolumitate
1788 617 1944 672 vobis
1974 633 2093 673 ma-

516 710 701 765 nente,
736 700 1082 758 adversarios
1126 718 1318 761 omnes
1364 705 1718 773 interimatis,
1750 718 1806 765 et
1855 710 2093 780 lapidum

517 793 716 848 ictibus
761 794 1044 863 obruatis;
1071 798 1389 867 sanguinem
1425 798 1660 870 denique
1702 801 1921 856 illorum
1972 817 2095 873 pro-

515 891 635 952 pter
667 885 889 938 nimiam
918 883 1238 942 effusionem
1270 889 1665 959 propemodum
1696 892 1883 949 bibere
1915 895 2095 950 videa-

515 972 670 1037 mini,
701 973 829 1028 dum
869 975 1004 1030 aedi
1053 976 1270 1032 illorum
1318 981 1490 1035 multa
1519 997 1644 1037 cum
1696 984 1979 1042 alacritate
2014 986 2095 1041 in-

513 1062 770 1132 dulgetis.
798 1065 978 1135 Atque
1000 1067 1074 1120 ita
1103 1075 1225 1137 post
1257 1069 1540 1124 victoriam
1568 1073 1757 1143 plenas
1789 1077 1911 1132 oleo
1941 1076 2095 1146 phia-

516 1154 616 1217 las,
651 1156 910 1211 Sacrilicii
954 1158 1133 1214 instar
1169 1159 1279 1214 Deo
1312 1160 1575 1230 oﬂeretis,
1610 1163 1683 1219 ob
1711 1165 2094 1221 demonstran-

512 1244 637 1299 dam
677 1245 816 1317 (Dei)
845 1249 1208 1316 clementiam,
1242 1268 1271 1306 a
1300 1269 1406 1323 qua
1445 1262 1625 1310 tantas
1654 1258 1798 1314 vires
1845 1261 2096 1328 impetra-

513 1338 637 1393 stis.
670 1337 793 1393 Mox
824 1342 1095 1397 subnectit
1127 1343 1244 1399 fore
1278 1354 1337 1399 ut
1361 1344 1501 1402 Deus
1520 1362 1650 1403 suos
1679 1363 1869 1406 omnes
1898 1350 2090 1415 salvet,

512 1428 696 1482 ovium
728 1429 903 1485 instar
942 1433 1245 1491 incolumes
1275 1436 1623 1507 custodiens;
1654 1440 1813 1510 cujus
1847 1441 1925 1496 rei
1956 1456 2090 1496 cau-

511 1534 630 1575 sam
658 1522 920 1587 recitans,
959 1521 1127 1589 «Quia
1162 1526 1371 1596 lapides
1406 1531 1603 1594 sancti,
1635 1530 1833 1601 inquit,
1862 1532 2092 1587 volvun-

510 1621 601 1665 tur
633 1629 800 1682 super
830 1624 1028 1671 terram
1060 1617 1222 1688 337
1252 1620 1395 1690 ejus,
1443 1622 1570 1691 quia
1605 1624 1652 1677 si
1694 1623 1823 1693 quid
1855 1624 2088 1689 bonum,

510 1700 666 1769 ejus;
695 1711 748 1757 et
779 1705 825 1758 si
859 1704 989 1775 quid
1016 1707 1328 1775 pulchrum,
1358 1710 1498 1780 ejus.
1531 1713 1562 1761 ι’
1588 1711 1739 1766 Multi
1786 1715 1956 1780 enim,
2005 1714 2089 1771 in-

511 1792 650 1861 quit,
682 1794 823 1849 inter
868 1811 964 1852 vos
996 1799 1240 1853 invenire
1269 1808 1352 1856 est
1396 1803 1617 1859 virtutis
1663 1805 1964 1871 studiosos,
1994 1808 2090 1877 qui

2198 625 2361 694 λεμον
2412 625 2700 696 διεγείρας,
2738 626 3108 696 προηγήσεται
3147 625 3320 696 ὑμῶν,
3355 629 3420 697 τῇ
3469 629 3665 700 ἀπειλῇ

2201 718 2307 789 ίδίᾳ
2356 718 2564 780 πάντας
2613 718 2853 771 σαλεύων
2897 720 3021 781 τοὺς
3060 720 3335 782 ἐναντίους
3365 739 3379 753 ο
3410 720 3680 792 τοσαύτην
3712 739 3773 774 τε

2197 809 2325 877 ὑμῖν
2346 807 2570 879 παρέξει
2597 808 2686 861 διά
2713 808 2814 878 τῆς
2838 808 3043 872 οἰκείας
3064 812 3354 881 συνεργίας
3374 810 3472 880 τὴν
3498 811 3769 881 βοήθειαν,

2196 897 2336 950 ὥστε
2387 899 2530 968 ὑμᾶς
2562 898 2819 961 ἀϐλαϐεῖς
2844 898 3144 969 διαμεῖναι,
3180 899 3271 952 καὶ
3324 901 3450 963 τοὺς
3498 901 3773 964 ἐναντίους

2197 989 2578 1043 καταναλῶσαι
2605 990 2813 1053 πάντας
2834 1008 2847 1023 ·
2875 990 2968 1043 καὶ
2992 992 3112 1053 ταῖς
3133 990 3241 1043 τῶν
3264 989 3427 1043 λίθων
3457 991 3768 1062 καταχῶσαι

2198 1077 2399 1146 βολαῖς,
2431 1078 2492 1132 τὸ
2520 1075 2657 1151 αἷμά
2688 1098 2748 1133 τε
2768 1080 2948 1133 αὐτῶν
2979 1082 3044 1151 τῇ
3077 1079 3348 1152 ὑπερϐολῇ
3374 1085 3475 1153 τῆς
3499 1082 3769 1152 ἐκχύσεως

2200 1172 2357 1242 μόνον
2389 1173 2488 1225 οὐκ
2522 1174 2752 1236 ἐκπιεῖν,
2799 1172 2966 1243 πολλῇ
3000 1176 3066 1244 τῇ
3101 1173 3201 1243 τῆς
3233 1172 3563 1244 ἀναιρέσεως
3593 1173 3771 1226 αὐτῶν

2197 1263 2475 1333 προθυμίᾳ
2519 1264 2925 1333 κεχρημένους
2951 1263 3092 1315 ὥστε
3126 1263 3264 1334 μετά
3309 1262 3409 1333 τὴν
3457 1263 3614 1335 νίκην
3635 1263 3771 1333 πλη-ί

2199 1353 2477 1426 ρώσαντας
2508 1355 2652 1425 ὑμᾶς
2677 1353 2858 1409 ἐλαίου
2881 1354 3101 1423 φιάλας,
3138 1352 3329 1417 θυσίας
3359 1353 3515 1424 δίκην
3548 1352 3624 1423 τῷ
3648 1353 3775 1424 Θεῷ

2195 1444 2583 1517 προσκομίσαι,
2618 1444 2693 1517 (p.
2722 1447 2845 1516 5'03)
2880 1448 2960 1509 είς
2988 1446 3204 1516 ἔλεγχον
3235 1447 3333 1516 τῆς
3363 1446 3769 1516 φιλανθρωπίας

2194 1535 2260 1590 δι’
2295 1538 2362 1607 ἣν
2393 1538 2729 1607 τετυχήκατε
2769 1538 2871 1607 τῆς
2924 1538 3195 1608 τοσαύτης
3221 1539 3521 1608 δυνάμεως.
3548 1536 3769 1599 Τούτοις

2194 1626 2505 1692 ἀκολούθως
2556 1630 2772 1697 ἐπάγει,
2800 1631 2881 1682 ὅτι
2933 1630 3141 1693 πάντας
3172 1632 3298 1693 τοὺς
3330 1631 3564 1692 οἰκείους
3614 1644 3769 1699 περιέ

2195 1722 2358 1775 σώσει
2412 1721 2564 1785 Θεὸς,
2616 1723 2905 1793 προϐάτων
2956 1723 3107 1793 δίκην
3149 1722 3405 1784 ἀϐλαϐεῖς
3447 1720 3763 1790 φυλάττωνο

2194 1813 2288 1864 καὶ
2319 1812 2417 1882 τὴν
2445 1810 2625 1865 αἰτίαν
2654 1811 2846 1879 λέγων,
2887 1830 2905 1862 ι
2944 1813 3088 1865 Διότι
3126 1812 3260 1865 λίθοι
3297 1811 3443 1880 ἅγιοι
3492 1811 3766 1864 κυλίονται

511 1899 635 1937 cum
677 1887 903 1956 reliquis
950 1889 1267 1947 hominibus
1316 1893 1369 1947 in
1419 1902 1562 1949 terra
1594 1911 1783 1966 repere
1818 1897 2086 1962 videntur,

2194 1903 2288 1956 ἐπὶ
2315 1902 2415 1971 τῆς
2444 1904 2544 1974 γῆς
2572 1902 2736 1957 αὑτοῦ
2758 1920 2770 1931 ·
2804 1905 2886 1956 ὅτι
2906 1903 2960 1956 εἴ
2991 1921 3043 1956 τι
3091 1902 3315 1970 ἀγαθὸν,
3348 1902 3512 1955 αὐτοῦ
3540 1919 3553 1933 ·
3582 1901 3678 1954 καὶ
3717 1900 3771 1952 εί

512 1977 686 2049 ignoti
717 1981 985 2051 pluribus.
1020 1984 1089 2039 At
1120 1983 1263 2040 Deus
1292 1986 1487 2039 horum
1520 1988 1717 2056 gratia,
1747 2005 1815 2043 ne
1844 1989 2090 2060 reliquos

508 2070 727 2138 quidem
759 2073 1044 2143 despiciet.
1080 2074 1215 2130 Nam
1244 2077 1506 2147 quidquid
1539 2078 1742 2134 bonum
1770 2081 2090 2150 pulchrum~

506 2178 614 2233 que
638 2173 742 2228 erit,
776 2182 916 2235 opus
946 2168 1097 2223 illius
1126 2179 1241 2223 est:
1285 2169 1517 2239 ideoque
1546 2179 1863 2227 sanctorum
1893 2180 1946 2227 et
1977 2176 2089 2227 vir-

506 2255 640 2309 tutis
692 2264 1029 2311 sectatorum
1077 2259 1296 2315 sibimet
1332 2261 1620 2317 vindicans
1654 2263 1959 2332 passiones,
1996 2280 2089 2333 pa-

503 2354 658 2399 ratus
700 2356 784 2402 est
834 2348 989 2404 alteri
1043 2367 1261 2421 quoque
1304 2362 1525 2423 propter
1555 2356 1678 2409 illos
1708 2355 1844 2409 bene
1881 2355 2079 2411 facere.

508 2438 770 2496 Posthinc
825 2445 1129 2517 ubertatem
1184 2463 1402 2517 quoque
1452 2449 1587 2519 ipsis
1638 2450 1900 2506 nuntians
1957 2463 2083 2521 post

504 2531 745 2587 hostium
777 2536 1001 2599 ett-dem,
1022 2538 1193 2607 pergit
1227 2538 1442 2594 dicere:

2186 2013 2238 2047 τι
2289 1994 2473 2059 καλὸν,
2510 1994 2694 2049 αὐτοῦ.
2743 2014 2760 2045 ι
2796 1994 3030 2059 Πολλοὺς
3062 1997 3159 2067 μὲν
3206 1997 3316 2067 γὰρ
3365 1998 3421 2048 ἐν
3461 1995 3589 2065 ὑμῖν
3628 1989 3765 2046 εἶναι

2189 2084 2506 2156 συμϐέϐηκε
2526 2125 2541 2149 ,
2569 2087 2761 2157 φησὶν,
2792 2085 2994 2157 ἀρετῆς
3038 2085 3498 2156 ἐπιμελομένους,
3528 2083 3578 2136 οἳ
3629 2082 3765 2153 μετά

2186 2177 2294 2229 τῶν
2333 2177 2535 2230 λοιπῶν
2559 2177 2860 2248 ἀνθρώπων
2901 2179 2993 2229 ἐπὶ
3024 2178 3123 2246 τῆς
3157 2178 3259 2246 γῆς
3283 2179 3471 2245 ἕρπειν
3495 2173 3762 2237 δοκοῦσιν,

2187 2268 2414 2337 ἀφανεῖς
2435 2268 2587 2332 ὄντες
2613 2271 2723 2333 τοῖς
2749 2269 2989 2333 πολλοῖς·
3021 2270 3152 2332 Θεὸς
3191 2269 3246 2321 δὲ
3282 2268 3349 2321 δι’
3384 2268 3624 2328 ἐκείνους
3646 2263 3767 2318 οὐδὲ

2188 2360 2313 2421 τοὺς
2342 2359 2562 2422 λοιποὺς
2594 2360 2912 2431 περιόψεται
2938 2378 2951 2391 ο
2985 2359 3171 2430 ἐπειδὴ
3202 2360 3307 2412 πᾶν
3329 2359 3356 2411 ὅ
3380 2374 3432 2410 τι
3471 2355 3673 2425 ἀγαθόν
3707 2371 3767 2407 τε

2190 2452 2284 2505 καὶ
2311 2450 2491 2515 καλὸν,
2521 2450 2680 2520 ἔργον
2712 2451 2877 2504 αὑτοῦ
2897 2468 2912 2483 ο
2949 2451 3030 2504 διὸ
3057 2451 3120 2522 δὴ
3165 2451 3261 2505 καὶ
3299 2450 3409 2503 τῶν
3457 2448 3627 2517 ἁγίων
3671 2446 3767 2499 καί⁹

2188 2544 2327 2614 πρὸς
2348 2542 2547 2613 ἀρετὴν
2573 2542 2875 2614 βλεπόντων
2890 2544 3259 2615 οἰκειούμενος
3272 2543 3340 2596 τὰ
3360 2540 3527 2611 πάθη,
3549 2538 3767 2607 ἕτοιμός

505 2628 621 2681 ἐστι
658 2631 752 2682 καὶ
787 2631 1004 2700 ἐτέρους
1035 2633 1174 2705 ὑπὲρ
1206 2634 1385 2688 αὐτῶν
1414 2637 1670 2690 εὐποιεῖν.
1713 2630 1846 2691 Εἶτα
1873 2638 1966 2691 καὶ
1999 2639 2285 2709 εὐετηρίαν
2312 2639 2493 2703 αὐτοῖς
2523 2639 3001 2709 εὐαγγελιζόμενος
3046 2639 3183 2709 μετά
3213 2638 3310 2707 τὴν
3343 2636 3451 2689 τῶν
3494 2631 3768 2702 πολεμίων

503 2721 739 2792 σφαγὴν,
766 2723 957 2793 ἐπάγει
982 2742 995 2754 ·

1168 2816 1322 2874 CAP.
1352 2818 1419 2871 Χ.

580 2906 744 2965 Vens.
780 2902 895 2963 1-5.
930 2941 993 2951 -—
1031 2932 1047 2962 ι
1070 2905 1242 2966 Petito
1273 2928 1301 2965 a
1336 2913 1566 2965 Domino
1615 2904 1851 2982 pluviam
1882 2927 2085 2982 oppor-

504 2994 718 3062 iunam,
782 3002 1103 3055 matutinam
1165 3010 1219 3055 et
1266 3004 1580 3057 serotiuam.
1642 3003 1902 3057 Dominus
1960 3006 2085 3058 fecit

504 3091 844 3159 phantasias,
901 3099 955 3146 ct
1013 3092 1241 3146 imbrem
1288 3093 1574 3147 hiemalem
1605 3093 1755 3146 dabit
1802 3098 1903 3156 eis,
1960 3094 2083 3147 uni-

503 3182 705 3250 cuique
734 3182 957 3237 herbam
993 3183 1047 3236 in
1078 3196 1231 3253 agro.
1254 3202 1272 3235 ι
1307 3182 1391 3238 Ab
1424 3184 1544 3253 ipSo
1572 3183 1844 3253 postulate
1872 3184 2085 3256 pluvias

503 3274 733 3329 idoneas
762 3273 977 3345 frugum
1012 3276 1333 3345 proventui:
1383 3277 1476 3345 qui
1506 3277 1677 3330 multo
1717 3293 1840 3330 cum
1877 3270 2087 3332 terrore

506 3366 704 3422 solitus
734 3370 914 3421 aerem
940 3368 1293 3430 conturbare,
1321 3374 1374 3423 et
1400 3376 1637 3423 mentem
1667 3369 1911 3423 omnium
1937 3384 2087 3425 com-

504 3462 726 3513 moVere
759 3466 916 3513 terrae
952 3458 1670 3531 incolarum\magnitudine
1702 3461 2088 3531 pbaznomeno—

503 3565 651 3614 rum,
674 3551 909 3621 pluviam
936 3557 1113 3621 potest
1132 3561 1521 3623 congruentem
1542 3552 1694 3607 vobis
1713 3554 2084 3623 suppeditare,

503 3650 567 3698 ut
604 3644 788 3696 omnia
819 3642 888 3697 de
928 3645 1122 3699 tellure
1169 3651 1503 3699 enascantur
1534 3644 1689 3700 vobis
1733 3645 2082 3701 necessaria:

503 3748 741 3805 namque
771 3735 995 3791 herbam
1021 3737 1318 3806 generatim
1354 3736 1487 3791 dicit
1525 3752 1623 3806 pro
1671 3736 1913 3806 quolibet
1970 3738 2085 3792 fru-

502 3834 639 3892 ctu;
697 3826 862 3882 veluti
907 3836 989 3882 est
1037 3828 1201 3882 illud:
1270 3827 1589 3882 «Germinet
1657 3836 1805 3884 terra
1858 3829 2082 3883 herbam

504 3910 616 3971 faui
641 3916 756 3981 ⁶⁹;›
799 3916 887 3971 ubi
914 3925 1128 3972 constat
1166 3929 1362 3970 cuncta
1397 3915 1645 3971 denotari
1677 3934 1800 3988 quae
1829 3918 1897 3974 de
1942 3918 2085 3974 terra

504 4015 812 4062 nascuntur
837 4008 1104 4078 germina.
1136 4007 1340 4066 Deinde
1374 4026 1567 4066 rursus
1602 4010 1862 4066 salutaris
1915 4012 2086 4066 moui-

505 4099 675 4152 tionis
702 4113 893 4162 causa,
931 4102 1204 4170 praeterita
1238 4102 1379 4156 mala
1407 4117 1863 4167 commemorans,
1897 4103 2082 4159 addit:

510 4207 530 4239 ι
551 4187 823 4254 Quoniam
858 4191 915 4245 bi
947 4191 1041 4261 qui
1077 4193 1457 4263 loquebantur,
1484 4194 1651 4249 locuti
1685 4207 1814 4250 sunt
1847 4196 2083 4257 labores.

506 4291 561 4335 et
593 4279 768 4337 divini
800 4281 967 4339 falsas
998 4283 1259 4352 visiones,
1292 4297 1348 4342 et
1379 4286 1593 4345 somnia
1632 4286 1845 4342 fallacia
1894 4303 2086 4342 narra-

503 4364 661 4437 bant,
712 4381 766 4431 et
815 4391 954 4432 vane
999 4379 1450 4435 consolabantur.
1507 4380 1633 4435 Ideo
1681 4380 1905 4437 arefacti
1956 4393 2085 4438 sunt

503 4463 653 4520 sicut
674 4478 823 4530 oves,
884 4474 941 4522 et
972 4467 1157 4524 alllicti
1191 4480 1340 4536 sunt,
1390 4472 1517 4541 quia
1551 4488 1663 4529 non
1685 4481 1805 4528 erat
1844 4475 2079 4529 sanatio.

2844 2815 2994 2870 ΚΕΦ,
3038 2814 3095 2868 l’.

2257 2906 2405 2977 Στίχ.
2439 2914 2590 2975 α’-γ’.
2615 2938 2686 2947 --
2709 2925 2726 2957 ι
2765 2906 3011 2959 Αίτεῖσθε
3045 2905 3191 2975 παρὰ
3219 2905 3428 2977 Κυρίου
3453 2902 3607 2958 ὑετὸν
3641 2903 3764 2961 καθ’

2182 2996 2332 3070 ὤραν
2369 2998 2617 3070 πρὼῖμον
2651 2998 2745 3052 καὶ
2777 2999 3005 3069 ὄψιμοψ
3056 2997 3259 3069 Κύριος
3300 2998 3524 3067 ἐποίησε
3564 3016 3767 3067 φαντα·

2184 3092 2330 3156 σίας,
2378 3093 2471 3145 καὶ
2521 3093 2675 3147 ὑετὸν
2727 3091 3030 3162 χειμερινὸν
3083 3090 3245 3143 δώσει
3288 3090 3507 3153 αὐτοῖς,
3552 3090 3766 3160 ἑκάστῳ

2195 3181 2421 3252 βοτάνην
2461 3184 2517 3235 ἐν
2553 3181 2725 3253 ἀγρῷ.
2772 3199 2791 3232 ι
2823 3181 2980 3253 Παρὰ
3010 3180 3199 3233 τούτου
3226 3179 3288 3249 δὴ
3322 3180 3417 3233 καὶ
3460 3181 3649 3242 ὑετοὺς
3682 3183 3765 3235 ai—

2189 3275 2329 3325 τεῖτε
2379 3273 2712 3344 ἐπιτηδείους
2762 3275 2841 3336 εἰς
2892 3272 2990 3344 τὴν
3037 3271 3144 3325 τῶν
3187 3272 3418 3340 καρπῶν
3462 3273 3664 3342 φοράν·
3706 3270 3765 3335 ὃς

2188 3363 2394 3427 εἰωθὼς
2423 3364 2561 3434 μετὰ
2591 3363 2784 3418 πολλοῦ
2813 3363 2907 3417 τοῦ
2938 3358 3104 3433 φόϐου
3135 3363 3455 3433 συστρέφειν
3483 3364 3574 3417 τὸν
3602 3362 3760 3433 ἀέρα,

2188 3461 2282 3514 καὶ
2313 3460 2603 3529 φαντάζειν
2631 3460 2875 3521 ἅπαντας
2900 3459 3027 3520 τοὺς
3053 3459 3147 3510 ἐπὶ
3175 3458 3273 3526 τῆς
3307 3458 3409 3527 γῆς
3437 3456 3514 3526 τῷ
3547 3455 3764 3527 μεγέθει

2186 3553 2296 3607 τῶν
2325 3551 2621 3622 γινομένων
2642 3596 2653 3613 ,
2690 3552 2967 3621 αὐτάρκης
2994 3549 3147 3603 ὑετὸν
3183 3548 3310 3619 ύμῖν
3343 3549 3642 3619 παρασχεῖν
3672 3545 3764 3598 τὸν

2188 3644 2517 3715 καθήκοντα,
2550 3641 2680 3695 ὥσθ’
2711 3642 2926 3695 ἃπαντα
2964 3640 3118 3710 φύειν
3150 3642 3213 3694 ἐκ
3244 3643 3344 3710 τῆς
3380 3640 3482 3709 γῆς
3529 3638 3598 3690 τὰ
3636 3639 3769 3707 ὑμῖν

2187 3736 2490 3802 ἀναγκαῖα’
2527 3733 2755 3803 βοτάνην
2782 3733 2890 3802 γάρ
2929 3730 3123 3795 κοινῶς
3153 3731 3279 3793 τοὺς
3309 3730 3551 3801 καρποὺς
3577 3729 3724 3796 λέγει
3753 3747 3764 3758 ·

2186 3822 2297 3882 οἷόν
2323 3829 2438 3879 ἐστι
2459 3825 2552 3878 καὶ
2568 3826 2647 3890 τὸ,
2673 3845 2689 3876 ι
2714 3823 3130 3895 Βλαστησὰτωή
3156 3823 3227 3893 γῆ
3252 3822 3478 3891 βοτάνην
3494 3821 3706 3891 χόρτου’
3738 3839 3757 3871 ι

2187 3915 2406 3987 εὔδηλον
2435 3915 2545 3985 γὰρ
2564 3917 2646 3968 ὅτι
2671 3915 2831 3967 κάκεῖ
2860 3913 3034 3967 πάντα
3056 3912 3203 3980 λέγει
3224 3913 3290 3966 τά
3311 3913 3373 3963 ἐκ
3395 3911 3498 3981 γῆς
3520 3909 3766 3980 φυόμενα

2185 4008 2294 4062 τῶν
2334 4005 2682 4077 σπερμάτων.
2733 4000 2864 4057 Εἶτα
2901 4001 3060 4057 πάλιν
3117 4002 3210 4056 ἐπὶ
3261 3999 3624 4073 σωφρονισμῷ
3655 4000 3764 4052 τῶν

2187 4096 2595 4169 προειληφότων
2621 4097 2816 4158 αὐτοὺς
2844 4094 3278 4165 ὑπομιμνήσκων
3303 4091 3534 4159 ἐπάγει·
3566 4109 3583 4140 ι
3617 4091 3763 4143 Διότι

2187 4186 2656 4259 ἀπορθεγγόμενοι
2707 4185 2975 4256 ἐλάλησαν
3010 4184 3213 4247 κόπους
3235 4199 3247 4214 ·
3298 4183 3393 4236 καὶ
3441 4182 3490 4235 oi
3544 4181 3767 4250 μάντεις

2184 4284 2403 4356 ὁράσεις
2458 4279 2673 4349 ψευδεῖς
2729 4278 2823 4331 καὶ
2877 4276 2948 4329 τὰ
3003 4274 3230 4329 ἐνύπνια
3287 4272 3456 4344 ψευδῆ
3516 4272 3762 4337 ἐλάλουν,

2186 4377 2261 4447 (p.
2289 4374 2416 4441 505)
2445 4374 2651 4444 μάταια
2681 4369 3052 4442 παρεκάλουν
3086 4366 3174 4420 διὰ
3202 4365 3359 4420 τοῦτο
3387 4363 3764 4436 ἐξηράνθησαν

2182 4468 2259 4532 ὠς
2291 4465 2558 4538 πρόϐατα,
2588 4462 2683 4516 καὶ
2713 4458 3092 4529 ἐκακώθησαν,
3121 4459 3202 4511 ὅτι
3230 4458 3331 4510 οὐκ
3353 4452 3421 4528 ἦν
3450 4457 3596 4519 ἴασις
3621 4470 3634 4485 ·
3670 4453 3764 4508 ἐπὶ

504 4552 684 4625 Super
713 4566 964 4627 pastores
990 4563 1302 4617 concitatus
1336 4571 1422 4619 est
1442 4563 1597 4620 furor
1625 4581 1800 4633 meus,
1831 4576 1885 4622 et
1911 4582 2084 4638 agnos

2189 4562 2313 4623 τοὺς
2342 4557 2604 4628 ποιμένας
2630 4554 2955 4626 παρωξύνθη
2986 4555 3015 4606 ὁ
3049 4551 3220 4621 θυμός
3248 4568 3371 4621 μου,
3399 4550 3494 4603 καὶ
3520 4550 3612 4603 ἐπὶ
3636 4549 3765 4612 τοὺς

502 4654 658 4704 ‘rneos
697 4650 949 4706 visitabo.
976 4671 997 4703 ι
1036 4654 1178 4708 Olim
1209 4654 1451 4723 quidem,
1503 4656 1698 4725 inquit,
1737 4657 1961 4726 quando
1994 4657 2082 4711 di—

501 4738 646 4793 vinis
677 4741 1041 4798 attendebatis
1082 4745 1254 4798 multa
1285 4761 1410 4801 cum
1443 4744 1685 4802 falsitate
1712 4748 1872 4802 vobis
1899 4748 2086 4802 omnia

501 4828 847 4897 dicentibus,
896 4839 951 4887 et
1003 4836 1285 4905 prophetis
1337 4839 1534 4894 vestris
1580 4840 1868 4908 neglectis,
1921 4840 2087 4895 dictis

503 4921 726 4975 illorum
755 4924 939 4991 potius
972 4925 1320 4993 credebatis;
1361 4932 1493 4986 tunc
1528 4944 1629 4984 vos
1669 4922 2004 4986 insanabiles
2033 4942 2088 4986 et

500 5011 940 5071 inemendabiles
968 5014 1137 5087 338
1166 5027 1382 5083 nactus,
1418 5027 1675 5089 tanquam
1701 5037 1830 5076 oves
1869 5024 2082 5093 suppli-

501 5104 608 5162 ciis
657 5107 880 5174 tradidi,
935 5110 1053 5180 pari
1102 5110 1183 5166 ira
1229 5111 1490 5167 adversus
1518 5113 1686 5168 duces
1715 5121 1769 5168 et
1815 5114 2079 5171 adversus

502 5197 757 5257 subditos
810 5209 990 5267 utens,
1028 5217 1135 5273 qua
1164 5208 1218 5258 et
1256 5202 1451 5259 bos‘et
1487 5205 1607 5259 illos
1648 5205 1808 5259 simul
1846 5207 2075 5277 perdidi.

498 5291 679 5362 Atque
709 5291 825 5348 haec
865 5293 1087 5364 quidem
1116 5294 1189 5350 ob
1223 5295 1313 5349 illa
1343 5303 1473 5351 tunc
1507 5297 1833 5367 pertulistis.

573 5562 746 5622 Vens.
773 5568 897 5622 4-7.
923 5599 994 5609 ——
1023 5567 1180 5624 Nunc
1214 5586 1342 5625 vero
1371 5570 1544 5640 quid?
1586 5590 1602 5621 ι
1628 5570 1694 5625 Ει
1717 5572 1952 5626 visitavit
1975 5571 2078 5627 Do-

501 5657 688 5714 minus
733 5660 1079 5731 omnipotens
1108 5678 1324 5737 gregem
1367 5679 1549 5731 suum,
1597 5664 1816 5719 domum
1854 5664 2022 5730 Judm,
2054 5685 2070 5716 ι

573 5813 619 5853 ’θ
651 5832 788 5892 Θεοί
818 5850 856 5901 ιδ
884 5835 970 5893 ll.

2180 4652 2386 4724 ἀμνούς
2426 4668 2526 4723 μου
2567 4649 2956 4719 ἐπισκέψομαι.
3000 4666 3019 4698 ι
3060 4645 3236 4699 Πάλαι
3280 4644 3378 4715 μὲν
3410 4643 3539 4715 γάρ,
3576 4642 3759 4713 φησὶν,

2181 4743 2417 4815 ὁπηνίκα
2444 4746 2556 4806 τοῖς
2607 4742 2831 4812 μάντεσι
2880 4738 3198 4810 προσείχετε
3248 4736 3384 4807 μετὰ
3426 4733 3624 4787 πολλοῦ
3668 4730 3763 4785 τοῦ

2182 4835 2410 4904 ψεύδους
2453 4834 2667 4889 ἅπαντα
2693 4830 3097 4901 διαλεγομένοις
3124 4829 3272 4898 ὑμῖν,
3305 4828 3400 4881 καὶ
3428 4826 3492 4896 δὴ
3524 4825 3633 4878 τῶν
3666 4823 3767 4894 μὲν

2184 4925 2479 4996 προφητῶν
2507 4926 2761 4995 ἠμελεῖτε
2790 4923 2899 4977 τῶν
2928 4921 3098 4992 ἐμῶν,
3141 4922 3250 4983 τοῖς
3285 4918 3414 4990 παρ’
3452 4918 3677 4970 ἐκείνων
3708 4914 3767 4968 δέ

2187 5018 2501 5091 λεγομένοις
2532 5017 2813 5073 ἐπείθεσθε
2860 5016 3076 5088 μᾶλλον,
3111 5014 3233 5068 τότε
3258 5013 3323 5083 δὴ
3354 5009 3551 5065 ἀνίατά
3580 5025 3640 5062 τε
3672 5007 3767 5061 καὶ

2190 5110 2489 5184 ἀδιόρθωτα
2535 5109 2603 5163 τά
2649 5111 2768 5164 καθ’
2818 5110 2961 5180 ὑμᾶς
3010 5105 3207 5179 εὑρὼν,
3265 5102 3464 5157 ὡσανεὶ
3516 5100 3765 5172 πρόϐατα

2186 5204 2482 5276 τιμωρίαις
2510 5202 2803 5268 ἐκδέδωκα,
2835 5198 2917 5255 ἐνὶ
2940 5200 3021 5272 τῷ
3041 5198 3218 5270 θυμῷ,
3254 5196 3346 5249 ἐπί
3374 5212 3432 5248 τε
3458 5192 3583 5255 τοὺς
3606 5195 3765 5261 ἡγου-

2192 5299 2405 5370 μένους,
2438 5295 2529 5349 ἐπί
2555 5312 2617 5348 τε
2650 5296 2772 5359 τοὺς
2806 5294 3078 5365 ὑπηκόους
3105 5289 3471 5362 χρησάμενος,
3503 5279 3548 5355 ᾧ
3568 5283 3633 5354 δὴ
3664 5283 3764 5337 κά-

2184 5389 2393 5452 κείνους
2429 5387 2567 5441 κατᾶι
2588 5385 2783 5439 ταυτὸν
2812 5383 3072 5437 ἀπώλεσα
3104 5381 3199 5434 καὶ
3224 5378 3446 5441 τούτους
3470 5393 3484 5407 ·
3514 5376 3635 5429 τότε
3668 5372 3767 5443 μὲν

2183 5480 2247 5552 δὴ
2283 5479 2379 5533 καὶ
2408 5475 2637 5532 τοιαῦτα
2666 5476 2806 5548 ὑπὲρ
2831 5474 3055 5529 ἐκείνων
3081 5471 3409 5526 πεπόνθατε.

2256 5570 2402 5641 Στίχ.
2435 5567 2567 5632 δὀς.
2597 5596 2669 5609 --
2699 5567 2837 5620 Novi.
2862 5566 2919 5619 δέ
2948 5566 3034 5631 τί;
3077 5583 3096 5616 ι
3131 5565 3243 5625 Καὶ
3268 5558 3625 5629 ἐπισκέψεται
3653 5555 3764 5612 Κύ⁴

2187 5680 2299 5734 ριος
2347 5662 2375 5714 ὁ
2417 5657 2811 5730 παντοκράτωρ
2851 5658 2912 5710 τὸ
2958 5656 3206 5728 ποίμνιον
3258 5650 3445 5717 αὐτοῦ,
3475 5650 3568 5704 τὸν
3616 5644 3763 5704 οἷκον
