4162 6470
400 375 513 436 εδδ

1368 365 1925 426 COMMENTARIUS
1968 363 2029 418 IN
2066 361 2442 420 ZACHARLE
2483 367 2632 423 CAP.
2676 366 2736 421 Χ.

3582 361 3689 418 566

411 489 608 554 Ἰούδα,
649 509 665 542 ι
702 489 795 542 καὶ
817 488 884 540 τὰ
906 483 1052 558 ἑξῆς,
1085 480 1158 539 ὧν
1191 486 1329 539 ὥστε
1365 487 1441 558 μὴ
1472 487 1752 558 μηκύνειν,
1784 486 1882 554 τὴν
1910 483 1988 535 λέ-

2099 488 2151 536 et
2184 482 2416 552 reliqua,
2460 496 2582 552 quac
2614 496 2781 546 nunc,
2823 496 2892 534 ne
2922 479 3168 551 prolixus
3211 479 3337 544 sim,
3371 487 3691 532 contextum

399 583 487 650 ξιν
514 584 736 638 ἃπασαν
772 581 864 633 ἐπὶ
895 580 988 633 τοῦ
1023 580 1289 649 παρόντος
1328 579 1605 632 ἐκτιθέναι
1643 580 1867 649 παρεὶς,
1907 578 1996 631 τὸν

400 676 527 730 νοῦν
555 673 686 745 ἐρῶ,
715 671 849 725 Θεοῦ
881 673 1085 744 χάριτι,
1114 675 1235 736 ταῖς
1266 674 1634 744 προφητικαῖς
1662 671 1872 734 λέξεσιν
1902 672 1998 723 αύ-

403 769 494 822 τὸν
533 769 612 829 εἰς
639 766 738 835 τὴν
762 763 872 818 τῶν
901 764 1336 833 ἐντυγχανόντων
1367 763 1694 832 κατανόησιν
1723 761 2000 832 ἐφαρμότ-

403 877 529 927 των,
561 859 713 928 λέγει
750 858 880 929 γὰρ,
913 857 994 910 ὅτι
1038 857 1473 928 Ἐπιμελήσομαι
1508 855 1602 909 τοῦ
1638 858 1786 909 οἴκου
1829 856 1998 910 Ἰούδα

397 951 493 1015 οὓς
539 950 731 1020 ὥσπερ
787 949 1036 1017 ποίμνιον
1095 947 1224 1000 ἴδιον
1277 946 1514 1018 ἐθέμην⁹
1572 948 1892 1016 γενήσονται
1941 946 1997 997 δέ

404 1042 617 1116 ἰσχυροὶ
652 1039 798 1095 κατὰ
827 1039 934 1092 τῶν
967 1039 1227 1092 ἐναντίων
1251 1041 1309 1090 εν
1335 1043 1445 1100 τοῖς
1478 1038 1757 1108 πολέμοις,
1798 1039 1998 1107 μᾶλλον

400 1137 434 1206 ἢ
477 1137 641 1198 ἵππος
695 1133 914 1205 ἰσχυρὸς
957 1132 1062 1185 ὑπὸ
1107 1132 1302 1202 ἀνδρὸς
1345 1131 1674 1201 πολεμιστοῦ
1709 1132 1850 1185 κατά
1891 1131 1997 1184 τῶν

400 1227 678 1296 πολεμίων
709 1223 1131 1294 ὲξελαυνόμενος
1150 1238 1162 1251 ·
1197 1221 1258 1287 ἐξ
1290 1222 1455 1277 αὐτοῦ
1483 1222 1613 1294 γὰρ,
1641 1221 1785 1290 λέγω
1812 1222 1876 1293 δὴ
1905 1221 1996 1275 τού

414 1317 613 1382 Ἰούδα,
641 1316 889 1387 προεῖδον
923 1315 1121 1386 χρῆναι
1147 1313 1237 1367 τὸν
1267 1315 1574 1384 Ζοροϐάϐελ
1601 1314 1994 1384 προϐληθῆναι,

403 1408 662 1462 κάκεῖθεν
695 1407 860 1460 αὐτὸν
885 1405 1066 1460 λαϐὼν
1094 1406 1173 1470 εἰς
1203 1405 1300 1476 τὴν
1329 1404 1606 1475 βασιλείαν
1629 1405 1812 1470 graia”
1849 1408 1996 1476 [cr/'9-

401 1501 497 1571 ρόν
530 1516 590 1552 τε
625 1499 787 1552 αὐτὸν
820 1500 914 1552 καὶ
941 1497 1114 1569 θυμοῦ
1152 1499 1386 1552 πνέοντα
1419 1499 1562 1550 κατὰ
1591 1500 1699 1553 τῶν
1737 1498 1998 1552 ἐναντίων

396 1592 770 1663 εἰργασάμην,
799 1588 989 1660 ἐπειδὴ
1013 1591 1105 1643 καὶ
1132 1589 1389 1654 καθάπαξ
1414 1593 1476 1644 ὲκ
1503 1595 1602 1663 τῆς
1636 1592 1803 1646 Ἰούδα
1825 1591 1999 1661 φυλῆς

396 1685 578 1755 ὥρισα
631 1683 881 1755 προϊέναι
933 1684 1058 1746 τοὺς
1101 1683 1390 1754 ἄρχοντας,
1435 1688 1526 1755 (p.
1576 1686 1717 1758 504.)
1772 1687 1867 1750 οὓς
1905 1687 2000 1740 καὶ

397 1775 764 1844 προηγεῖσθαι
798 1775 1076 1845 προσῆκεν
1109 1777 1168 1828 ἐν
1198 1779 1311 1839 τοῖς
1349 1777 1610 1846 πολέμοις
1643 1779 1874 1833 πάντοτε
1903 1777 1997 1832 τοῦ

2106 581 2279 626 totum
2325 573 2380 626 in
2409 574 2666 644 praesenti
2696 572 2932 628 recitare
2961 572 3246 636 omittens,
3298 585 3522 626 sensum
3572 570 3693 637 eius

2102 675 2390 731 exponam,
2463 661 2572 716 Deo
2618 661 2858 726 favente,
2918 660 3253 732 propheticis
3301 657 3486 714 verbis
3546 657 3697 713 hunc

2103 756 2544 818 accommodans,
2606 767 2661 810 ut
2711 771 2837 812 eum
2894 756 3126 810 lectores
3181 763 3541 823 cognoscant.
3603 754 3697 806 Ait

2101 847 2286 901 enim:
2326 846 2612 903 Sollicitus
2643 863 2739 903 ero
2769 848 2836 903 de
2867 849 3032 903 domo
3058 845 3232 910 Iuda),
3267 862 3430 916 quam
3475 852 3536 900 ut
3579 861 3697 917 grc-

2102 955 2221 1009 gem
2255 941 2388 994 mihi
2422 942 2705 1010 proprium
2741 947 2958 1010 reputo.
3003 938 3159 993 Fient
3184 947 3365 994 autem
3399 937 3564 992 validi
3595 937 3697 992 ad-

2103 1045 2297 1084 versus
2325 1031 2512 1086 hostes
2556 1032 2611 1084 in
2648 1032 2806 1087 bellis
2846 1032 2969 1102 plus
2997 1046 3162 1101 quam
3207 1031 3422 1086 validus
3452 1045 3628 1101 equus
3664 1044 3699 1086 a

2103 1121 2364 1178 bellicoso
2385 1123 2505 1177 viro
2528 1123 2581 1177 in
2625 1123 2812 1179 hostes
2834 1124 3082 1177 adactus.
3107 1120 3182 1175 Ex
3214 1123 3315 1176 hac
3334 1121 3478 1176 enim
3510 1122 3706 1186 domo,

2102 1217 2327 1285 praevidi
2380 1225 2637 1287 oportere
2685 1215 3082 1271 Zorobabelem
3132 1214 3295 1285 eligi;
3363 1229 3529 1283 reque
3567 1228 3698 1266 vera

2103 1307 2230 1363 inde
2250 1323 2374 1362 eum
2399 1318 2676 1379 sumptum
2702 1309 2850 1378 regia
2872 1307 3138 1378 dignitate
3164 1306 3363 1361 donavi
3390 1324 3404 1372 ;
3437 1305 3698 1358 validum-

2100 1415 2209 1470 que
2232 1400 2435 1469 ipsum,
2466 1409 2520 1454 ct
2551 1402 2688 1454 iram
2718 1401 2990 1455 adversus
3021 1399 3210 1454 hostes
3242 1398 3539 1468 spirantem
3571 1399 3695 1460 feci,

2102 1491 2229 1560 quia
2265 1506 2494 1561 prorsus
2530 1491 2597 1545 de
2623 1489 2780 1545 Iudae
2805 1491 2951 1544 tribu
2985 1489 3200 1543 decrevi
3234 1487 3530 1558 procedere
3555 1487 3700 1556 prin-

2101 1583 2273 1652 cipes,
2317 1597 2458 1652 quos
2493 1598 2715 1652 semper
2747 1582 2931 1652 populi
2963 1582 3133 1636 duces
3163 1595 3287 1636 esse
3326 1581 3380 1633 in
3423 1579 3580 1633 bellis
3603 1578 3699 1632 de-

2101 1675 2278 1731 cebit:
2339 1691 2575 1746 namque
2618 1675 2805 1730 hostes
2859 1688 2992 1729 suos
3035 1672 3339 1742 pra-iiando
3381 1671 3694 1741 superaturi

2103 1777 2253 1834 sunt,
2285 1776 2342 1821 ut
2369 1783 2466 1823 eos
2506 1769 2837 1823 conculcare
2873 1768 2970 1821 luti
3009 1767 3186 1822 instar
3215 1767 3435 1837 possint
3466 1765 3610 1834 quod
3641 1766 3693 1816 in

393 1869 565 1922 λαοῦο
618 1871 740 1922 ἐπεὶ
790 1870 888 1923 καὶ
936 1869 1450 1939 κατακρατήσουσιν
1499 1868 1641 1922 οὕτω
1683 1869 1791 1921 τῶν
1839 1872 1988 1922 ένανς

2102 1861 2204 1916 viis
2231 1876 2260 1915 a
2291 1861 2707 1915 transeuntibus
2754 1861 2970 1916 teritur.
3024 1857 3220 1921 Tanta,
3260 1857 3459 1930 inquit,
3511 1857 3697 1911 hostes

393 1962 530 2014 τίων
586 1964 642 2012 ἐν
704 1964 819 2024 τοῖς
880 1960 1174 2030 πολέμοις,
1229 1959 1371 2012 ὥστε
1422 1964 1760 2014 καταπατεῖν
1798 1961 1993 2024 αὐτοὺς

399 2053 578 2125 πηλοῦ
616 2053 773 2124 δίκην
814 2055 870 2106 ὲν
897 2053 1040 2117 ὁδοῖς
1081 2052 1186 2106 ὑπὸ
1216 2052 1324 2106 τῶν
1355 2052 1598 2107 διιόντων
1630 2055 1992 2124 πατουμένου⁹

387 2145 571 2210 οὕτως
595 2145 956 2210 ἐκκείσονται,
981 2145 1170 2216 φησὶν,
1191 2146 1239 2197 οἰ
1267 2144 1516 2216 πολέμιοι
1545 2147 1846 2218 πάσχοντες
1871 2147 1997 2217 μὲν,

388 2236 874 2308 ἀντιμηχανᾶσθαι
906 2237 964 2290 δὲ
993 2236 1283 2308 δυνάμενοι
1313 2237 1472 2291 ούθέν
1495 2254 1507 2267 ’
1541 2239 1636 2292 καὶ
1661 2238 1993 2311 θαρροῦντες

383 2329 459 2399 δή
501 2327 640 2400 πρὸς
669 2328 879 2392 πάντας
926 2329 1332 2400 παρατάξονται
1371 2331 1498 2395 τοὺς
1542 2331 1841 2397 ἐναντίους,
1893 2333 1992 2404 τὴν

389 2421 548 2474 θείαν
597 2420 784 2485 αὐτοῖς
833 2425 1089 2494 παρεῖναι
1129 2422 1484 2486 πιστεύοντες
1532 2422 1816 2495 βοήθειαν’
1869 2425 1990 2478 τότε

385 2514 854 2585 αἰσχυνθήσονται
888 2515 986 2586 μὲν
1013 2514 1125 2568 τῶν
1151 2515 1424 2587 πολεμίων
1447 2517 1497 2568 οί
1525 2519 1609 2584 ἐφ’
1637 2516 1824 2579 ἵπποις
1848 2518 1990 2587 μέγα

386 2605 756 2680 φρονοῦντεςο
811 2608 1145 2679 φανήσονται
1200 2609 1258 2661 δὲ
1305 2600 1452 2660 οὗτοι
1501 2608 1726 2678 μεγάλοι
1779 2626 1838 2661 τε
1895 2611 1990 2663 καὶ

386 2702 610 2773 ἐτι-χοροὶ
642 2703 708 2771 τῇ
738 2701 844 2772 ἐμῇ
883 2699 1138 2772 βοηθείᾳ·
1175 2694 1324 2753 οἷκον
1357 2700 1467 2771 γάρ
1515 2698 1687 2752 Ἰούδα
1719 2701 1813 2753 καὶ
1844 2697 1990 2752 οἷκον

396 2785 631 2861 Ἰωσὴφ,
665 2791 752 2842 ἵνα
789 2789 918 2863 εἴπῃ
951 2789 1040 2842 τὸν
1070 2787 1220 2854 λαὸν,
1256 2790 1322 2844 ὲκ
1367 2788 1571 2859 μέρους
1600 2788 1692 2840 τὸν
1722 2786 1840 2841 ὅλον
1874 2789 1992 2841 dvo-

385 2879 584 2950 μάζων
610 2895 624 2910 ’
670 2878 895 2950 παρέξω
915 2895 975 2930 τε
1004 2877 1189 2940 αὐτοῖς
1220 2875 1439 2945 ἀσφαλῆ
1469 2875 1568 2946 τὴν
1606 2875 1665 2928 ἐν
1694 2877 1806 2937 τοῖς
1839 2873 1990 2936 ἰδίοις

383 2969 626 3042 οἴκησιν,
654 2970 954 3040 ἐπειδήπερ
984 2967 1182 3030 αὐτοὺς
1218 2967 1514 3036 ἀγαπήσας
1549 2963 1854 3035 ἐδοκίμασα
1890 2965 1986 3018 αύ-

387 3063 519 3125 τοὺς
555 3063 656 3131 τῆς
690 3059 833 3132 ἐμῆς
865 3059 940 3131 μὴ
977 3058 1274 3112 ἀποϐαλεῖν
1310 3055 1598 3127 προνοίαςο
1641 3053 1836 3124 ἔσομαι
1878 3052 1987 3125 γὰρ

384 3153 478 3208 ἀεὶ
505 3154 620 3224 μετ’
657 3151 860 3214 αὐτῶν,
889 3152 985 3204 καὶ
1014 3153 1072 3203 ἐν
1099 3149 1367 3217 ἀνάγκαις
1397 3149 1493 3217 τὴν
1521 3146 1661 3218 ἐμὴν
1694 3147 1988 3202 αἰτούντων

2097 1952 2252 2007 clade
2292 1951 2619 2015 allicientur,
2659 1962 2718 2008 ut
2763 1967 3072 2024 repugnare
3121 1959 3416 2023 nequeant.
3474 1951 3543 2002 At
3589 1951 3696 2002 mei

2097 2044 2287 2115 grandi
2317 2044 2516 2099 ﬁducia
2537 2051 2730 2099 contra
2754 2044 3104 2100 adversarios
3127 2058 3318 2098 omnes
3344 2044 3692 2113 pugnabunt,

2095 2135 2336 2193 divinum
2374 2137 2482 2194 sibi
2528 2137 2696 2194 aliore
2733 2139 2998 2192 auxilium
3030 2139 3340 2193 credentes.
3395 2135 3552 2190 'l'unc
3588 2152 3691 2206 pu-

2096 2228 2245 2283 debit
2276 2230 2464 2286 hostes
2500 2230 2594 2301 qui
2624 2228 2783 2302 equis
2823 2232 2941 2286 suis’
2975 2244 3302 2301 magnopere
3350 2229 3691 2299 gloriantur:

2096 2329 2149 2373 at
2181 2321 2272 2376 isti
2308 2323 2492 2393 magni
2529 2323 2814 2394 fortesque
2863 2324 3229 2395 apparebunt,
3261 2337 3364 2392 ope
3399 2336 3516 2376 mea
3557 2321 3692 2390 ipsis

2094 2415 2459 2487 suppeditata.
2509 2417 2652 2473 Dicit
2698 2421 2845 2474 enim
2894 2419 3118 2473 domum
3160 2415 3314 2470 Judzc
3361 2423 3414 2471 ct
3468 2415 3694 2468 domum

2090 2506 2336 2579 Josephi,
2374 2520 2433 2563 ut
2462 2511 2724 2580 pepulum
2756 2510 3000 2577 denotet,
3032 2525 3062 2564 a
3104 2517 3260 2581 parte
3295 2517 3468 2563 totum
3499 2507 3696 2577 appclv

2094 2602 2234 2657 Ians.
2270 2601 2508 2658 Efﬁciam
2544 2619 2674 2659 vero
2707 2603 2843 2674 ipsis
2869 2612 3046 2658 totum
3082 2603 3136 2656 in
3161 2602 3337 2673 patria
3367 2601 3692 2655 ineolatum:

2092 2693 2352 2761 quoniam
2393 2708 2490 2747 eos
2523 2690 2781 2764 diligens,
2817 2693 2968 2748 nolui
2997 2695 3148 2764 ipsos
3195 2690 3541 2762 providentia
3571 2707 3692 2743 mea

2091 2785 2280 2852 procul
2315 2785 2582 2855 abjicere:
2636 2786 2729 2841 sed
2765 2787 2875 2842 illis
2921 2801 3140 2856 semper
3186 2785 3375 2849 adero,
3425 2792 3479 2838 et
3509 2783 3561 2836 in
3595 2797 3695 2834 an-

2091 2876 2286 2946 gustiis
2329 2871 2596 2931 auxilium
2628 2893 2806 2933 meum
2844 2879 3200 2948 implorantes
3271 2876 3601 2941 exaudiam;
3638 2881 3692 2927 et

2091 2965 2148 3019 in
2199 2966 2404 3036 praeliis
2455 2969 2774 3038 superiores
2826 2969 3114 3024 discedent
3154 2966 3321 3040 339
3364 2967 3512 3040 (nam
3564 2981 3691 3020 cum

2089 3055 2368 3126 Ephraimi
2427 3060 2629 3115 tribum
2673 3059 2829 3124 dicit,
2893 3077 3087 3116 rursus
3125 3074 3155 3113 a
3212 3068 3366 3130 parte
3422 3059 3688 3129 populum

2091 3148 2390 3224 designat),
2421 3152 2495 3207 ita
2533 3163 2591 3208 ut
2617 3137 2854 3210 victores
2887 3157 3031 3210 caede
3061 3155 3300 3211 hostium
3336 3153 3510 3225 magis
3543 3153 3692 3224 gavi-

379 3245 667 3316 βοήθειαν,
693 3241 1023 3312 άκούσομαν
1049 3243 1140 3295 καὶ
1164 3241 1505 3312 κρατήσουσι
1529 3239 1676 3311 μάχῃ
1702 3239 1811 3292 τῶν
1837 3241 1988 3294 ἐναν-

2096 3244 2212 3298 suri
2241 3244 2372 3310 sint,
2401 3261 2562 3315 quam
2595 3246 2670 3301 illi
2699 3245 2792 3317 qui
2825 3247 2949 3303 vino
2978 3247 3123 3318 pleni
3153 3247 3452 3302 exsultant.

381 3337 542 3392 ’τίωψ
577 3334 640 3388 τὺ
670 3334 781 3406 γὰρ
822 3351 843 3386 ι
879 3336 927 3386 οἱ
965 3332 1061 3386 τοῦ
1107 3331 1381 3403 Ἐφραϊμ,
1420 3352 1438 3384 ι
1467 3332 1628 3385 πάλιν
1678 3331 1786 3384 ἀπὸ
1841 3331 2044 3404 μέρους
2092 3334 2184 3389 τὸν
2230 3337 2359 3390 λαὸν
2414 3337 2596 3407 λέγει’
2642 3337 2783 3394 ὥστε
2827 3340 3024 3403 αὐτοὺς
3070 3341 3134 3393 ὲκ
3179 3339 3280 3410 τῆς
3331 3341 3544 3410 σφαγῆς
3585 3337 3690 3388 τᾶν

383 3429 649 3485 ἐναντίων
700 3425 1053 3498 νενικηκότας
1107 3427 1322 3497 χαίρειν
1380 3425 1447 3494 τῇ
1493 3422 1722 3493 διανοίᾳ,
1783 3423 1982 3493 μᾶλλον
2013 3425 2437 3498 ἐμφορηθέντων
2470 3429 2639 3483 οἴνου.

457 3519 611 3592 Στίχ.
646 3515 814 3590 ιγ’-ιβ’.
843 3547 914 3560 -—
938 3517 1124 3572 Ταῦτα
1149 3516 1206 3569 δὲ
1240 3515 1336 3568 καὶ
1365 3517 1414 3568 οἱ
1449 3515 1508 3581 ἐξ
1539 3515 1721 3569 αὐτῶν
1761 3515 1981 3580 ἰδόντες,

379 3614 449 3666 ἐν
477 3611 841 3682 εὐφροσύναις
874 3610 1199 3681 γενήσονται
1239 3607 1329 3662 διὰ
1359 3607 1458 3679 τὴν
1500 3607 1854 3680 ὑπάρχουσαν
1891 3609 1990 3661 αύ-

383 3708 506 3771 τοῖς
526 3705 677 3778 παρὰ
703 3703 796 3758 τοῦ
825 3702 962 3756 Θεοῦ
992 3700 1263 3774 βοήθειαψ
1294 3699 1484 3773 ὥσπερ
1516 3701 1777 3772 σάλπιγγι
1807 3702 1988 3755 τοίνυν

388 3798 643 3870 σημήνας
669 3797 915 3860 ἅπαντας
941 3796 1142 3857 αὐτοὺς
1165 3793 1408 3866 άθροίσω
1436 3810 1496 3846 τε
1526 3794 1622 3846 καὶ
1651 3793 1983 3863 εἰσδέξομαι,

381 3889 643 3946 ἀπολύων
679 3889 879 3952 αὐτοὺς
912 3887 1096 3958 πάσης
1131 3887 1415 3957 ἀνάγκης*
1448 3885 1588 3938 ὥστε
1623 3885 1764 3955 μετά
1809 3888 1988 3954 ἀσφα-

383 3979 537 4044 λείας
570 3982 628 4034 ἐν
657 3982 771 4044 τοῖς
800 3979 1023 4041 οἰκείοις
1049 3977 1369 4046 διάγοντας,
1412 3978 1500 4039 εἰς·
1526 3974 1726 4047 πλῆθος
1773 3975 1989 4030 ἐπιδοῦ-

383 4089 476 4128 ναι
509 4071 913 4142 παραπλησίως
942 4070 1021 4142 τῷ
1045 4068 1281 4140 πρόσθεν
1311 4069 1506 4140 χρόνῳ·
1539 4069 1614 4140 (p.
1649 4069 1774 4138 505)
1809 4087 1988 4123 στενο-

383 4166 768 4241 χωρουμένους
810 4181 870 4217 τε
915 4165 1007 4217 ἐπὶ
1041 4163 1141 4232 τῆς
1181 4162 1286 4232 γῆς
1335 4165 1434 4234 τῆς
1484 4163 1692 4228 οἰκείας
1739 4163 1844 4217 ὑπὸ
1892 4163 1986 4217 τοῦ

382 4259 625 4330 πλήθους
650 4257 746 4310 τοῦ
770 4257 996 4321 οἰκείου,
1029 4257 1087 4309 ἐν
1111 4255 1328 4319 πολλοῖς
1355 4255 1725 4327 διασπαρῆναι
1755 4256 1850 4309 καὶ
1879 4255 1986 4308 τῶν

380 4350 703 4423 ἀλλοτρίων,
734 4343 811 4404 ὧν
837 4351 1356 4421 κατακρατήσαντες
1386 4349 1678 4420 κτήσονταί
1706 4366 1765 4402 τε
1794 4350 1888 4403 καὶ
1911 4350 1987 4402 οἰ-

381 4445 615 4516 κήσουσι
650 4444 751 4516 τὴν
785 4443 996 4516 χώραν’
1034 4443 1083 4496 οἳ
1115 4443 1316 4506 πάντες
1349 4443 1543 4516 μνήμῃ
1578 4445 1644 4513 τῇ
1677 4444 1782 4514 ἐμῇ
1812 4441 1902 4496 διά
1924 4443 1986 4495 τὸ

378 4535 493 4589 τῶν
528 4536 838 4608 γενομένων
873 4533 1126 4607 μέγεθος,
1170 4535 1231 4588 ού
1273 4535 1432 4606 μόνον
1479 4533 1772 4604 βλάψουσιν
1808 4534 1981 4600 οὐδὲν,

379 4627 521 4682 ἀλλὰ
563 4631 670 4701 γάρ
705 4628 800 4682 κα⁸ι
838 4628 1023 4681 πᾶσαν
1063 4627 1244 4682 αὐτῶν
1278 4624 1597 4696 ἐπιμέλειαν
1630 4628 1982 4697 ποιήσονται’

377 4721 544 4776 τοῦτο
572 4721 680 4794 γάρ
705 4722 854 4791 λέγει
877 4721 993 4785 τὸ,‹
1018 4717 1462 4792 Ἑκθρέψουσιτά
1490 4719 1656 4772 τέκνα
1679 4718 1858 4771 αὐτῶν
1889 4718 1983 4773 καὶ

378 4815 840 4885 ἐπιστρέφουσιν,
898 4832 916 4864 ι
963 4812 1085 4867 ἀντὶ
1127 4811 1245 4877 τοῦ,
1280 4810 1467 4865 Ταῦτα
1503 4813 1812 4884 ποιήσουσι,
1847 4813 1984 4884 πρὸς

378 4905 486 4977 ἐμὲ
516 4905 809 4969 νεύσαντες
835 4903 932 4958 καί⁵
958 4902 1057 4975 τὴν
1083 4903 1286 4972 γνῶσιν
1311 4901 1409 4973 τὴν
1441 4903 1600 4974 ἐμήν.
1633 4902 1984 4974 Πανταχόθεν

370 4997 440 5052 δὲ
472 4996 660 5050 λοιπὸν
704 4998 831 5060 τοὺς
863 4996 924 5062 ἐξ
969 4996 1151 5050 αὐτῶν
1182 4993 1617 5064 διεσπαρμένους
1641 5037 1653 5054 ,
1717 4995 1826 5048 εἴτε
1862 4996 1984 5048 κατ’

375 5088 694 5157 Αἴγυπτον,
734 5089 847 5142 εἴτε
886 5089 945 5143 ἐν
997 5091 1065 5160 τῇ
1097 5087 1205 5142 τῶν
1259 5087 1562 5159 Ἀσσυρίων
1591 5089 1774 5160 χώρᾳκ,
1821 5107 1984 5161 μετα-

377 5179 680 5252 ϐαλόμενος
709 5179 967 5245 ἐπανάξω
999 5181 1080 5245 είς
1113 5179 1183 5233 τὰ
1211 5181 1387 5233 οἰκεῖα
1409 5220 1424 5244 ,
1455 5179 1597 5233 ὥστε
1625 5180 1753 5244 τοὺς
1784 5182 1983 5245 τόπους

372 5273 551 5328 οἰκεῖν
592 5274 720 5338 τοὺς
754 5273 1025 5338 οἰκείους,
1065 5271 1293 5344 μηδενὸς
1325 5271 1430 5338 ἔξω
1463 5271 1667 5326 τούτων
1698 5272 1978 5342 διάγοντος

373 5366 460 5420 ἔτι
479 5382 496 5397 θ
524 5365 577 5420 οἳ
608 5365 698 5420 διά
725 5365 924 5420 πολλοῦ
952 5363 1386 5437 παρελεύσονται
1413 5363 1676 5434 πλήθους,
1710 5382 1974 5438 στενοχωο

375 5457 640 5532 ρούμενοι
671 5459 772 5530 μὲν
803 5458 880 5529 τῷ
907 5457 1102 5530 πλήθει
1123 5457 1233 5512 τῶν
1263 5457 1541 5521 ἐναντίων,
1569 5460 1976 5530 κατακρατοῦν-

369 5569 468 5617 τις
493 5551 552 5605 δὲ
590 5552 771 5610 αὐτῶν
797 5555 869 5624 τῇ
907 5554 1014 5624 ἐμῇ
1065 5551 1314 5623 δυνάμει,
1347 5551 1486 5605 ὥστε
1529 5551 1620 5605 καὶ
1653 5553 1830 5607 πᾶσαν
1872 5554 1972 5606 αύ-

371 5643 486 5696 τῶν
520 5643 788 5698 ἀπολέσαι
815 5643 914 5714 τὴν
966 5645 1118 5712 ἰσχὺν
1139 5685 1153 5710 ,
1193 5642 1442 5706 ἅπαντάς
1473 5660 1532 5694 τε
1582 5644 1780 5707 αὐτοὺς
1816 5645 1973 5713 δίκην

364 5735 656 5805 θαλάσσης
699 5735 1126 5808 κυματουμένης
1169 5735 1618 5806 ἀγριαινομένους
1663 5735 1784 5789 καθ’
1819 5737 1972 5806 ὑμῶν

370 5826 823 5897 τιμωρήσασθαι,
860 5827 1189 5898 περιστῆσαί
1219 5845 1278 5881 τε
1310 5831 1372 5899 τῇ
1403 5829 1579 5901 οἰκεία
1609 5828 1846 5898 τιμωρία
1881 5831 1972 5883 καὶ

2171 3517 2333 3576 Vens.
2362 3520 2518 3576 8-12.
2545 3552 2616 3561 —
2649 3520 2776 3578 Haec
2804 3531 2987 3579 autem
3016 3523 3110 3580 ﬁlii
3145 3527 3392 3596 ipsorum
3441 3527 3689 3581 videntes

2093 3609 2295 3666 laetitiis
2331 3612 2584 3668 incedent
2618 3623 2842 3686 propter
2882 3631 3208 3673 concessum
3247 3619 3352 3674 sibi
3385 3636 3412 3672 ιι
3446 3618 3555 3673 Deo
3589 3634 3688 3672 au-

2093 3703 2304 3759 xilium.
2347 3703 2516 3776 Igitur
2558 3708 2718 3777 quasi
2755 3706 2886 3762 tuba
2928 3710 3145 3780 signum
3194 3724 3401 3765 canens
3455 3720 3686 3765 cunctos

2091 3799 2435 3869 congregabo
2469 3807 2522 3854 et
2545 3799 2612 3854 ad
2643 3815 2730 3855 me
2763 3801 3047 3872 recipiam,
3080 3801 3230 3856 oumi
3275 3817 3372 3857 eos
3427 3817 3687 3872 pressura

2092 3887 2373 3958 liberans;
2403 3906 2515 3962 quo
2530 3894 2626 3969 ﬁet
2655 3900 2714 3948 ut
2746 3893 2800 3948 in
2833 3894 3011 3965 patrio
3040 3894 3158 3950 solo
3187 3895 3365 3950 securi
3400 3895 3684 3967 degentes,

2091 3984 2148 4038 in
2219 3987 2622 4042 multitudinem
2677 3997 3002 4045 excrescant
3075 4005 3230 4062 teque
3286 4004 3350 4046 ac
3405 3991 3687 4060 superiore

2091 4083 2375 4145 tempore;
2405 4079 2459 4132 in
2481 4085 2693 4134 tantum
2724 4090 2782 4135 ut
2812 4080 2868 4135 in
2892 4081 3113 4152 propria
3135 4091 3283 4137 terra
3309 4081 3422 4152 jam
3450 4097 3684 4136 numero

2091 4169 2413 4236 angustiati,
2455 4172 2522 4226 ad
2553 4173 2759 4230 multos
2784 4173 3176 4245 dispergantur
3208 4175 3358 4231 locos
3389 4183 3680 4230 extraneo-

2091 4275 2234 4326 rum,
2276 4277 2417 4330 quos
2447 4263 2802 4319 devincentes
2837 4266 3217 4336 possidebunt,
3249 4266 3684 4337 liabitabuntque

2090 4350 2307 4406 illorum
2355 4355 2673 4424 regionem:
2734 4356 2824 4426 qui
2878 4372 3069 4413 omnes
3118 4358 3224 4412 mei
3268 4373 3561 4423 memores,
3612 4361 3682 4414 ob

2090 4449 2334 4494 actarum
2366 4457 2552 4498 rerum
2583 4444 3040 4513 magnitudinem,
3083 4459 3192 4500 non
3222 4445 3384 4500 modo
3407 4448 3543 4501 meis
3571 4464 3677 4500 non

2088 4535 2390 4598 nocebunt,
2421 4553 2609 4591 verum
2641 4539 2806 4592 etiam
2835 4553 3025 4592 curam
3057 4539 3428 4594 omnimodam
3459 4554 3680 4594 eorum-

2087 4627 2210 4682 dem
2260 4637 2468 4698 gerent.
2527 4627 2584 4684 ιιι
2617 4622 2782 4684 enim
2826 4628 3089 4684 denotant
3141 4630 3327 4695 verba,
3385 4629 3680 4688 «Nutricnt

2087 4717 2229 4771 ﬁlios
2255 4734 2466 4785 eorum,
2515 4729 2570 4775 et
2603 4727 3030 4785 convertentur;
3058 4739 3077 4773 ι
3119 4720 3173 4775 id
3201 4729 3308 4788 est,
3344 4721 3460 4776 haec
3492 4732 3675 4794 agent,

2015 4811 2060 4866 1)
2088 4814 2156 4869 ad
2189 4829 2277 4869 me
2312 4815 2523 4885 meique
2554 4815 2806 4871 notitiam
2836 4817 3081 4871 animum
3110 4825 3516 4873 convertentes.
3556 4819 3674 4874 (ἰλυ-
3752 4808 3760 4814 ’

2085 4911 2262 4960 terum
2291 4921 2704 4976 quoqueversus
2734 4923 2828 4964 eos
2866 4908 3168 4978 dispersos,
3201 4910 3316 4983 sive
3357 4911 3410 4964 in
3437 4909 3678 4984 IEgypto

2085 4995 2203 5050 sive
2235 4995 2288 5050 in
2312 4996 2666 5067 Assyriorum
2698 4999 2940 5069 regione,
2982 5014 3252 5056 converso
3283 4999 3479 5056 affectu
3511 5002 3678 5056 redu-

2085 5102 2205 5141 cam
2229 5103 2324 5144 cos
2356 5089 2411 5143 in
2442 5089 2699 5161 patriam,
2734 5098 2793 5144 ut
2826 5105 2956 5146 suos
2997 5091 3200 5163 singuli
3229 5093 3378 5148 locos
3408 5092 3672 5154 incolant,

2085 5181 2300 5236 nemine
2321 5187 2476 5235 extra
2500 5181 2601 5237 hos
2617 5181 2876 5252 deinceps
2897 5182 3146 5255 degente.
3168 5182 3311 5254 Ergo
3335 5183 3388 5236 in
3413 5198 3673 5253 magnum

2088 5289 2376 5328 numerum
2425 5283 2786 5331 cxcrescent:
2849 5283 2962 5329 tum
3022 5275 3262 5331 hostium
3322 5275 3674 5331 multitudine

2086 5362 2406 5432 augustiati,
2452 5361 2538 5418 his
2573 5364 2932 5418 nihilominus
2966 5363 3168 5418 virtute
3203 5378 3322 5417 mea
3373 5364 3672 5432 superatis,

2085 5463 2340 5508 cunctam
2372 5455 2588 5508 illorum
2621 5455 2961 5510 enervabuut
2995 5453 3371 5510 fortitudinem
3398 5472 3413 5521 ;
3449 5469 3672 5511 omnes-

2085 5564 2191 5618 que
2219 5546 2360 5611 illos,
2385 5549 2539 5617 quasi
2573 5563 2723 5602 mare
2747 5547 3112 5617 procellosum
3147 5548 3436 5603 saevientes
3466 5549 3520 5603 in
3557 5566 3674 5619 per-

2084 5641 2281 5698 niciem
2325 5652 2582 5708 vestram,
2622 5642 2900 5695 contraria
2940 5641 3058 5696 vice
3105 5642 3376 5712 supplicio
3429 5652 3482 5698 et
3522 5649 3670 5700 caede

2083 5735 2150 5789 ad
2199 5737 2430 5792 nihilum
2485 5735 2764 5817 redigetis.
2816 5734 2906 5791 Sic
2945 5735 3090 5790 enim
3141 5736 3490 5807 intelligenda
3539 5747 3671 5792 sunt

2083 5829 2266 5894 verba,
2318 5828 2877 5888 «Etexsiccabuntur
2914 5828 3180 5899 profunda
3211 5827 3548 5898 ﬁuntinunm
3602 5831 3676 5886 id.
