4162 6476
495 348 599 402 567
1673 357 2022 417 THEODORI
2066 360 2562 436 MOPSUESTENI.
3644 375 3760 432 568

493 481 601 529 ost.
631 470 766 526 tanti
803 472 1012 527 numeri
1049 473 1232 532 hostes
1259 477 1646 550 profligabunt.
1684 481 1750 537 Et
1773 501 1948 554 neque
1972 487 2065 542 As-

2181 491 2358 559 σᾳαγῇ
2395 491 2472 552 είς
2518 489 2681 560 μηδὲν
2713 491 2836 553 τοὺς
2870 492 3187 557 τοσούτους·
3224 492 3378 547 τοῦτο
3423 493 3532 565 γὰρ
3564 493 3747 558 λέγει,

495 561 661 631 syriis
688 564 834 619 vires
863 564 1128 622 adversus
1179 583 1332 625 meos
1366 581 1717 642 supererunt,
1771 592 1946 648 neque
1973 577 2071 631 £-

492 657 729 726 gyptiis;
760 673 994 726 quorum
1020 658 1073 714 hi
1105 661 1236 715 olim
1264 662 1480 720 Iudaeos
1512 667 1564 721 in
1597 670 1872 740 mancipio
1903 671 2070 726 hahe-

493 747 659 813 bant;
708 749 785 803 illi
827 757 1008 805 autem
1059 764 1338 824 postremo
1397 758 1644 827 captivos
1702 759 2068 815 abduxerunt.

493 837 780 903 Quomodo
839 858 968 897 vero
1020 843 1137 899 haec
1188 845 1358 901 fient?
1417 847 1530 902 «Et
1571 851 1841 907 roborabo
1886 866 1980 908 eos
2015 854 2070 908 in

490 927 725 984 Domino
771 930 880 986 Deo
909 947 1029 999 suo,
1065 943 1116 988 et
1163 935 1217 989 in
1252 937 1470 992 nomine
1503 939 1622 1007 ejus
1664 940 2063 1009 gloriabuntur,

493 1020 571 1074 ait
604 1020 930 1078 Dominus.»
984 1024 1118 1080 Nam
1171 1028 1380 1082 validos
1425 1043 1520 1084 eos
1565 1029 1792 1085 efﬁciam
1825 1031 1988 1104 3&0
2014 1041 2067 1088 et

492 1110 746 1166 hostibus
774 1115 989 1169 cunctis
1026 1116 1282 1180 invictos,
1331 1129 1388 1172 ut
1431 1120 1651 1175 nomine
1681 1136 1804 1176 meo
1835 1123 2067 1176 auxilio-

493 1215 602 1270 que
631 1202 914 1272 gloriaturi
949 1205 1077 1258 sint.
1115 1205 1208 1261 His
1242 1207 1426 1272 dictis,
1468 1211 1821 1282 prosequitur
1861 1235 1871 1267 :

2178 599 2197 630 r
2238 582 2346 634 Καὶ
2391 583 2783 654 ξηρανθήσεται
2829 586 3005 638 πάντα
3050 587 3119 640 τὰ
3149 586 3284 658 βάθη
3323 587 3756 658 ποταμιῦνρῖνα

2173 672 2326 746 εἴπῃ,
2351 675 2432 729 ’ὁτι
2471 675 2714 743 ’Λφανιεῖ
2751 677 2875 739 τοὺς
2906 675 3047 730 οὕτω
3082 677 3339 742 πολλούς’
3372 679 3496 732 οὔτε
3527 678 3584 730 δὲ
3623 680 3753 730 Ἀσ-

2174 765 2375 835 συρίοις
2431 767 2582 835 ἰσχὺς
2634 765 2712 818 ἐτι
2765 767 3241 840 περιλειφθήσεται
3293 771 3442 823 τουτὶ
3490 769 3756 822 δύνασθαι

2173 854 2294 906 κατ’
2323 854 2505 908 αὐτῶν
2524 895 2538 919 ,
2562 857 2684 909 οὗτε
2711 858 3048 925 Αἰγυπτίοις,
3081 852 3157 913 ὧν
3198 862 3247 914 οἱ
3283 861 3380 931 μὲν
3409 862 3604 923 αὐτοὺς
3642 861 3748 914 πά-

2174 943 2262 996 λαι
2300 939 2443 1014 εἷχον
2493 947 2552 998 ἐν
2600 948 2667 1016 τῇ
2715 947 2948 1018 δουλείᾳ,
2993 950 3043 1002 οἱ
3086 949 3142 1002 δὲ
3191 949 3414 1021 ὕστερον
3464 952 3759 1022 ἀπήγαγον

2175 1031 2566 1102 αἰχμαλώτουςυ
2592 1035 3066 1107 ἀπαλλαγήσονται
3094 1039 3202 1109 γὰρ
3225 1040 3500 1095 ἁπάντων.
3531 1042 3650 1094 Τίνι
3670 1041 3757 1110 τῷ

2172 1124 2394 1195 τρόπῳ;
2431 1143 2449 1176 r
2488 1127 2598 1180 Καὶ
2628 1128 2944 1198 κατισχύσω
2975 1130 3172 1194 αὐτοὺς
3202 1133 3259 1184 ἐν
3288 1132 3476 1202 Κυρίῳ
3503 1131 3622 1202 Θεῷ
3651 1133 3749 1185 αὑ-

2178 1213 2308 1276 τῶν,
2335 1218 2412 1284 (p.
2443 1215 2568 1288 506)
2598 1217 2693 1271 καὶ
2721 1219 2778 1272 ὲν
2801 1217 2879 1289 τῷ
2907 1219 3132 1290 ὀνόματι
3167 1219 3331 1274 αὐτοῦ
3361 1221 3750 1290 καυχήσονται,

494 1296 642 1366 λέγει
691 1298 914 1370 Κύριος.
959 1320 976 1352 ι
1046 1301 1261 1372 Ἐπειδὴ
1327 1305 1578 1374 ἰσχυρούς
1634 1323 1692 1358 τε
1747 1307 1941 1370 αὐτοὺς
1993 1307 2297 1380 ἐργάσομαι
2351 1311 2446 1365 καὶ
2500 1311 2772 1382 ἀλήπτους
2803 1314 2934 1366 πᾶσι
2983 1316 3094 1375 τοῖς
3135 1315 3419 1379 ἐναντίοις,
3455 1313 3597 1367 ὥστε
3652 1314 3750 1367 αύ-

490 1391 620 1454 τοὺς
650 1394 742 1446 καὶ
775 1393 1131 1463 σεμνύνεσθαι
1190 1397 1278 1448 ἐπί
1329 1414 1385 1450 τε
1424 1400 1487 1467 τῇ
1527 1398 1791 1468 ὀνομασία
1824 1401 1914 1452 καὶ
1959 1404 2024 1470 τῇ
2071 1401 2290 1474 βοηθείᾳ
2315 1406 2380 1474 τῇ
2425 1406 2552 1474 ἐμῇ.
2587 1403 2772 1458 Ταῦτα
2806 1406 3076 1477 εἰρηκὼς,
3108 1409 3302 1475 ἐπάγει
3329 1419 3343 1434 °

1142 1534 1292 1589 CAP.
1329 1536 1424 1590 .\'l.

563 1664 728 1722 Vsus.
763 1668 871 1722 1-5.
916 1700 983 1707 —-
1028 1671 1253 1740 «Aperi,
1299 1671 1523 1734 Libane,
1580 1682 1764 1742 portas
1811 1681 1957 1737 tuas,
2014 1683 2065 1728 et
2097 1685 2138 1739 Β

492 1761 742 1815 comedat
791 1760 931 1832 ignis
957 1761 1152 1817 cedros
1179 1772 1320 1818 tuas.
1361 1763 1538 1820 Ululet
1565 1765 1748 1835 pinus,
1781 1766 1907 1835 quia
1931 1765 2069 1820 ceci-

491 1853 571 1904 dit
594 1852 810 1916 cedrus,
856 1853 983 1922 quia
1015 1853 1305 1924 Optimates
1343 1855 1500 1910 valde
1532 1856 1716 1912 miseri
1750 1856 1879 1910 f'aeti
1915 1865 2062 1912 sunt.

494 1943 728 2006 Ululate,
789 1961 1030 2015 quercus
1081 1945 1436 2012 Basanitidis,
1497 1950 1625 2019 quia
1681 1949 1933 2005 succisus
1985 1959 2068 2004 est

493 2040 664 2091 saltus
693 2039 958 2094 consitus.
997 2037 1111 2093 Vox
1141 2041 1442 2109 lugentium
1476 2050 1780 2109 pastorum,
1805 2043 2064 2111 quoniam

491 2129 690 2182 misera
719 2128 860 2183 facta
887 2138 971 2184 est
992 2129 1392 2200 magnificentia
1420 2129 1683 2198 ipsorum.
1718 2129 1829 2185 Vox
1858 2133 2070 2200 rugien-

493 2223 628 2275 Iium
660 2223 902 2284 leonum,
925 2224 1049 2291 quia
1072 2223 1348 2277 debilitata
1374 2232 1458 2277 est
1480 2224 1731 2294 superbia
1749 2223 2025 2278 Iordanis.
2043 2245 2060 2274 ›

493 2312 761 2376 Quoniam
808 2313 1021 2368 dixerat
1065 2329 1122 2369 se
1177 2314 1538 2384 undecunque
1582 2331 1676 2369 eos
1705 2325 2066 2387 congregatu-

492 2422 635 2470 rnm,
675 2423 867 2477 nempe
905 2423 970 2462 ex
1006 2406 1239 2479 IEgypto
1268 2417 1321 2463 et
1353 2424 1416 2462 ex
1443 2409 1792 2478 Assyriorum
1825 2408 2062 2476 regione,

491 2499 734 2568 nihilque
789 2500 1099 2568 hujusmodi
1147 2515 1242 2553 eos
1290 2501 1342 2554 in
1395 2512 1669 2570 posterum
1703 2509 2063 2568 experturos;

489 2599 854 2646 consentanee
897 2590 1158 2661 deinceps
1201 2591 1266 2646 ad
1297 2608 1392 2647 eos
1438 2593 1528 2664 qui
1561 2592 1843 2646 dominatu
1878 2591 2064 2662 Oppri-

487 2682 709 2736 nicbant
759 2683 1028 2738 convertit
1067 2699 1378 2738 sermonem
1403 2684 1628 2738 dicens:
1679 2682 1724 2736 Ο
1757 2683 1958 2753 magni,
2015 2691 2068 2736 et

488 2775 663 2829 instar
714 2773 907 2829 Libani
967 2776 1343 2845 magnitudine
1396 2776 1696 2848 gloriantes
1750 2776 2064 2838 cedrorum,

488 2865 973 2934 fortitudinemque
1007 2874 1246 2922 vestram
1278 2875 1643 2932 ostentantes,
1685 2881 1833 2922 nunc
1859 2866 2066 2922 omissa

488 2956 840 3010 familiarium
898 2972 1140 3011 meorum
1190 2959 1616 3028 oppugnatione,
1667 2958 1823 3028 quasi
1876 2965 2064 3028 portas

487 3049 752 3115 quasdam
782 3047 916 3101 lines
943 3057 1152 3101 vestros
1177 3048 1416 3116 pandite,
1441 3049 1653 3103 cunctis
1680 3050 1906 3104 liberum
1933 3064 2062 3102 eon-

2170 3021 2566 3118 προσήκουσιν,
2599 3047 2788 3119 ῶσπερ
2816 3050 2968 3113 τινάς
3001 3021 3170 3121 θύρας
3214 3021 3461 3113 ἀνοίξατε
3501 3049 3570 3102 τά
3609 3021 3739 3101 ἐάυ-
3767 3045 3770 3047 “

487 3141 742 3194 cedentes
778 3154 806 3192 a
842 3138 995 3193 vobis
1025 3139 1078 3192 in
1103 3139 1334 3208 patriam
1356 3141 1683 3205 discessum,
1740 3142 2059 3212 priusquam

487 3233 626 3302 ignis
669 3232 842 3286 instar
887 3230 1022 3284 ultio
1048 3246 1167 3285 mea
1201 3239 1452 3300 potentes
1486 3243 1700 3287 vestros
1735 3239 2058 3295 consumat;

485 3331 541 3376 et
564 3321 772 3375 ululare
797 3327 956 3390 cogat
985 3320 1337 3383 infirmiores,
1363 3321 1488 3374 dum
1521 3322 1816 3390 potentium
1848 3322 2060 3374 ruinam

487 3415 692 3469 vident.
739 3413 829 3468 Sic
877 3415 1022 3468 enim
1071 3413 1384 3484 signiﬁcat:
1424 3430 1442 3462 ι
1487 3413 1668 3468 Ululet
1711 3413 1894 3482 pinus,
1936 3415 2062 3482 quia

486 3509 681 3566 cecidit
724 3507 982 3563 cedrusa
1028 3506 1160 3561 Nam
1191 3514 1485 3576 conspecta
1529 3507 1832 3576 potentium
1877 3507 2060 3571 ruina,

484 3603 554 3656 de
587 3618 646 3656 se
673 3602 824 3670 ipsis,
857 3609 914 3654 ut
955 3615 1052 3670 par
1077 3607 1182 3664 est,
1210 3597 1599 3669 despcrabunt.
1639 3599 1818 3669 ZEque
1873 3613 2062 3652 omnes

486 3691 578 3758 qui
611 3690 789 3760 aliqua
821 3687 1199 3758 gloriabuntur
1234 3687 1474 3758 potentia
1523 3686 1833 3748 ululabunt,
1872 3687 2064 3740 viden-—

487 3795 568 3838 res
592 3781 775 3852 populi
812 3783 897 3834 sui
928 3779 1332 3834 multitudinem
1367 3788 1620 3847 tanquam
1651 3777 1926 3832 consitum
1961 3777 2064 3831 sal-

487 3888 600 3928 tum
654 3880 942 3937 vastatam,
1001 3873 1142 3942 ignis
1196 3873 1369 3926 instar
1420 3870 1706 3940 ingruente
1751 3869 1831 3924 eis
1878 3867 2060 3922 divina

487 3969 790 4036 punitione.
820 3964 954 4018 Nam
989 3965 1260 4035 principes
1293 3963 1460 4021 vestri
1492 3965 1547 4016 in
1574 3963 1722 4016 luctu
1751 3968 1933 4022 erunt,
1968 3961 2062 4030 qui

485 4059 622 4116 meis
658 4057 1018 4112 familiaribus
1056 4055 1258 4110 bellum
1290 4055 1528 4109 indicere
1557 4053 1677 4108 ausi
1719 4060 1866 4116 sunt,
1905 4067 2062 4106 suas-

483 4169 591 4223 que
619 4166 812 4206 omncs
841 4149 985 4203 vires
1008 4148 1254 4202 suecisas
1283 4145 1566 4200 videbunt.
1594 4143 2063 4199 Lamentabuntur

485 4261 634 4309 vero,
663 4243 817 4314 quasi
846 4242 1031 4297 leones
1053 4239 1283 4310 quisuis
1306 4237 1650 4292 confidebant
1672 4235 1899 4300 viribus,
1929 4235 2060 4289 dum

483 4345 714 4393 cunctos
749 4333 970 4390 miseria
1001 4347 1220 4404 pressos
1249 4329 1408 4402 34],
1446 4331 1713 4385 videbunt
1739 4329 1832 4399 qui
1865 4327 2058 4382 adver-
2090 4369 2134 4424 Β

482 4447 580 4486 sus
609 4427 903 4483 Jordanem
923 4423 1330 4494 superbiebant.
1357 4421 1487 4475 Nam
1511 4422 1640 4489 quia
1665 4418 1930 4476 Iordanes
1957 4417 2056 4472 flu-

479 4523 603 4577 vius
627 4537 756 4592 pars
784 4517 982 4573 Iudaea}
1010 4524 1148 4582 erat,
1171 4521 1599 4569 commemorato
1616 4511 1854 4567 Jordane
1885 4513 2059 4582 regio-

481 4627 606 4668 nem
658 4611 1030 4665 lsraelitarum
1077 4605 1348 4675 significat
1397 4605 1693 4676 propheta:
1751 4612 1865 4659 tum
1926 4605 2053 4673 quia

481 4703 819 4757 Hierusalem
869 4699 924 4752 in
971 4704 1209 4752 veterem
1243 4695 1562 4750 restituetur
1610 4696 2050 4764 pr03peritatem,

480 4792 696 4848 reddito
719 4790 864 4860 genti
889 4787 1195 4843 sacerdotio
1218 4801 1280 4840 ac
1307 4800 1472 4855 regno
1496 4803 1511 4851 ;
1539 4793 1652 4839 tum
1674 4787 1801 4854 quia
1825 4787 2056 4854 populus

481 4885 850 4953 undequaque
879 4879 1336 4948 congregabitur;
1391 4887 1504 4930 tum
1535 4879 1662 4946 quia
1689 4877 1924 4947 denique
1969 4893 2061 4932 eo-

482 4991 605 5030 rum
631 4975 816 5029 hostes
845 4970 1032 5041 puniet
1063 4971 1222 5033 Deus,
1249 4971 1374 5024 etin
1399 4969 1758 5038 plurimorum
1791 4969 2059 5024 bonorum

483 5069 639 5139 c0pia
693 5081 823 5120 suos
879 5061 1194 5118 constituet.
1244 5061 1386 5126 Quin
1437 5060 1573 5114 adeo
1617 5058 1938 5115 Zorobabeli
1993 5060 2060 5115 ad

482 5180 709 5234 regnum
739 5161 914 5216 electo
945 5156 1211 5210 maximas
1241 5152 1613 5223 suppeditabit
1644 5153 1808 5218 vires,
1859 5154 2060 5224 quibus

482 5257 648 5310 validi
680 5255 913 5310 evadent
942 5259 1132 5306 contra
1157 5246 1363 5309 hostes,
1394 5245 1682 5300 devincent
1715 5253 1890 5302 autem
1921 5246 2054 5319 (ἒοεί

482 5350 782 5405 exercitum
813 5338 1266 5399 innumerabilem
1298 5346 1352 5392 et
1380 5346 1537 5392 antea
1575 5338 1854 5393 invictum.
1881 5341 2056 5408 Atque

482 5450 544 5493 nt
591 5438 779 5509 paucis
825 5437 1027 5495 dicam,
1071 5431 1285 5486 cunctis
1319 5445 1439 5501 quae
1483 5431 1748 5485 hactenus
1779 5430 1916 5486 dixit
1963 5432 2056 5486 de-

483 5531 733 5590 claravit,
765 5533 1003 5594 quantus
1038 5523 1251 5578 futurus
1278 5523 1347 5580 sit
1376 5522 1739 5579 Israelitarum
1777 5522 1827 5577 in
1862 5525 2056 5580 melius

485 5628 827 5686 progressus.

2805 1544 2962 1596 ΚΕΦ.
3012 1543 3114 1597 IA'.

2244 1673 2388 1743 Στίχ.
2427 1675 2568 1740 α’-γ’.
2604 1706 2669 1714 —-—
2693 1695 2710 1725 ‹
2735 1674 3027 1742 Διάνοιξον,
3083 1681 3112 1730 ό
3147 1676 3399 1745 Λίϐανος,
3439 1679 3538 1743 τὰς
3575 1679 3754 1752 θύρας

2174 1783 2294 1829 σου,
2331 1765 2424 1819 καὶ
2452 1767 2817 1835 καταφαγέτω
2852 1767 2964 1838 πῦρ
2996 1769 3094 1833 τὰς
3126 1769 3350 1841 κέδρους
3390 1787 3512 1824 σου*
3557 1771 3744 1825 ὀλολυ-

2172 1857 2317 1922 ξάτω
2354 1858 2544 1922 πίτυς,
2575 1857 2708 1910 διότι
2749 1857 3001 1911 πέπτωκε
3049 1859 3258 1930 κέδρος,
3297 1862 3379 1913 ὅτι
3425 1864 3746 1932 μεγιστᾶνες

2173 1948 2424 2018 μεγάλως
2461 1947 2942 2020 ἐταλαιπώρησαν’
2983 1950 3290 2017 ὀλολύξατε,
3326 1952 3486 2023 δρύες
3523 1957 3621 2024 τῆς
3639 1953 3746 2007 Βα-

2170 2037 2470 2102 σανίτιδος,
2515 2039 2596 2092 ὅτι
2634 2039 2984 2111 κατεσπάσθη
3039 2039 3068 2092 ὀ
3104 2041 3308 2112 δρυμὸς
3354 2044 3383 2095 ὀ
3427 2041 3744 2112 σύμφυτοςσ

2171 2129 2321 2200 φωνὴ
2350 2129 2690 2201 θρηνούντων
2728 2131 3031 2202 ποιμένων,
3076 2133 3156 2185 ὅτι
3194 2132 3676 2205 τεταλαιπώρηκεν
3709 2137 3742 2205 ή

2172 2222 2528 2293 μεγαλωσύνη
2575 2223 2755 2275 αὐτῶν
2775 2239 2788 2252 ·
2821 2223 2972 2294 φωνὴ
3014 2222 3354 2294 ὀδυρομένων
3382 2223 3629 2288 λεόντων,
3660 2227 3747 2278 ὅτι

2166 2313 2617 2385 τεταλαιπώρηκε
2647 2315 2707 2367 τὸ
2734 2313 2998 2385 φρύαγμα
3019 2314 3112 2367 τοῦ
3153 2316 3437 2386 Ἰορδάνου.
3473 2336 3491 2368 ι
3529 2317 3743 2388 Ἐπειδὴ

2167 2403 2276 2475 γὰρ
2309 2400 2460 2458 εἶπεν
2485 2405 2588 2469 δτι,
2621 2405 2961 2476 Πανταχόθεν
2992 2406 3190 2470 αὐτοὺς
3231 2406 3364 2473 ἄξω,
3403 2408 3511 2461 ἀπό
3548 2426 3608 2461 τε
3636 2410 3737 2478 τῆς

2167 2495 2476 2563 Αἰγύπτου,
2523 2495 2614 2548 καὶ
2649 2497 2754 2549 ἀπὸ
2794 2497 2894 2566 τῆς
2957 2497 3257 2568 Ἀσσυρίων
3291 2498 3494 2570 χώρας,
3529 2502 3621 2552 καὶ
3661 2501 3742 2554 ὅτι

2171 2587 2397 2657 μηδενὸς
2425 2587 2504 2640 ἔτι
2540 2587 2963 2660 πειραθήσονται
2989 2590 3252 2653 τοιούτου,
3290 2590 3598 2654 ἀκολούθως
3630 2590 3741 2644 λοι-

2167 2677 2267 2730 πὸν
2298 2679 2388 2730 ἐπὶ
2412 2679 2538 2742 τοὺς
2570 2679 2894 2749 κατέχοντας
2922 2682 3111 2753 τρέπει
3139 2681 3231 2734 τὸν
3259 2682 3434 2750 λόγον,
3466 2682 3622 2736 τοῦτο
3656 2683 3741 2736 λέν

2166 2787 2308 2838 γων·
2336 2772 2398 2822 Οἱ
2433 2771 2656 2841 μεγάλοι
2700 2773 2792 2825 καὶ
2820 2774 2976 2844 δίκην
3022 2774 3114 2826 τοῦ
3147 2774 3380 2828 Λιὸἀνου
3413 2774 3490 2844 τῷ
3523 2775 3741 2844 μεγέθει

2169 2862 2552 2932 σεμνυνόμενοι
2573 2863 2682 2916 τῶν
2720 2864 2957 2933 κέδρων,
2986 2867 3085 2936 τὴν
3125 2867 3277 2934 ἰσχὺν
3308 2865 3742 2935 ἐπιδεικνύμενοι

2169 2955 2264 3024 τὴν
2295 2955 2520 3018 οἰκείαν,
2557 2957 2890 3020 ἀποστάντες
2918 2956 3012 3009 τοῦ
3040 2956 3120 3010 ἔτι
3158 2957 3424 3027 μάχεσθαι
3471 2949 3584 3020 τοῖς
3617 2957 3742 3026 ἐμοὶ⁹

2165 3137 2291 3200 τῶν,
2324 3140 2490 3191 πᾶσιν
2537 3140 2666 3210 ἀδεῆ
2715 3140 3048 3211 παρέχοντες
3076 3143 3174 3212 τὴν
3218 3143 3309 3211 ἀφ’
3342 3142 3495 3212 ὑμῶν
3530 3140 3742 3210 ἀναχώ-

2167 3229 2324 3300 ρησίν
2356 3248 2415 3283 τε
2449 3231 2542 3284 καὶ
2584 3231 2842 3286 ἐπάνοδον
2891 3234 2971 3294 εἰς
3003 3233 3070 3286 τὰ
3103 3235 3298 3297 οἰκεῖα,
3334 3235 3408 3303 (p.
3445 3234 3570 3303 507)
3611 3233 3741 3304 πρὶν

2163 3321 2196 3390 ἢ
2229 3322 2397 3389 πυρὸς
2431 3322 2527 3392 μὲν
2555 3323 2709 3394 δίκην
2743 3325 2840 3394 τὴν
2875 3323 3015 3394 ἐμὴν
3043 3325 3315 3395 τιμωρίαν
3350 3325 3478 3388 τοὺς
3518 3326 3574 3376 ἐν
3613 3326 3740 3394 ὑμῖν

2163 3415 2421 3484 ἀφανίσαι
2446 3415 2702 3478 δυνατοὺς
2720 3457 2735 3480 ,
2763 3415 3034 3479 ὀλολύζειν
3065 3415 3121 3468 δὲ
3159 3417 3285 3478 τοὺς
3320 3415 3742 3485 ἀσθενεστέρους

2163 3509 2407 3579 ὁρῶντας
2451 3508 2557 3560 τῶν
2586 3507 2828 3561 δυνατῶν
2865 3509 2963 3577 τὴν
2992 3508 3215 3561 πτῶσιν·
3249 3507 3406 3561 τοῦτο
3434 3509 3540 3579 γὰρ
3569 3508 3738 3577 λέγει,

2163 3619 2179 3650 ι
2205 3599 2536 3667 Ὀλολυξάτω
2547 3597 2860 3664 πίτυς,διότι
2880 3599 3135 3652 πέπτωκε
3155 3599 3362 3670 κέδρος.
3378 3599 3742 3669 »Θεασάμενοο

2164 3688 2270 3758 γὰρ
2309 3688 2403 3759 τὴν
2440 3689 2546 3742 τῶν
2590 3688 2830 3742 δυνατῶν
2873 3689 3178 3754 ἀπώλειαν,
3219 3689 3626 3759 ἀπογνὼσονται
3665 3691 3748 3754 ὡς·

2162 3780 2307 3842 εἰκὸς
2340 3779 2547 3834 ἑαυτῶν
2568 3795 2580 3808 '
2626 3781 2720 3833 καὶ
2753 3780 2953 3844 πάντες
2982 3782 3032 3834 οἱ
3068 3782 3159 3835 ἐπί
3193 3800 3297 3835 τινι
3341 3782 3566 3852 δυνάμει
3598 3782 3740 3852 μέγα

2163 3871 2485 3942 φρονοῦντες
2533 3871 2871 3937 ὀλολύξουσιν
2892 3915 2905 3936 ,
2936 3871 3170 3944 ὁρῶντες
3200 3873 3261 3925 τὸ
3293 3875 3491 3926 οἰκεῖον
3539 3871 3745 3940 πλῆθος

2160 3962 2359 4016 ὡσανεὶ
2397 3955 2903 4035 σύμφυτονδρυμὸν
2934 3963 3348 4035 ἀφανιζόμενον,
3383 3965 3538 4034 δίκην
3568 3962 3740 4034 πυρὸς

2162 4055 2560 4126 ἐπιπιπτούσης
2615 4057 2796 4119 αὐτοῖς
2841 4059 2941 4127 τῆς
2984 4056 3134 4121 θείας
3181 4056 3482 4129 τιμωρίας·
3528 4055 3739 4109 ἔσονται

2165 4147 2263 4217 μὲν
2292 4148 2399 4217 γάρ
2421 4149 2470 4200 οἱ
2497 4147 2816 4218 ἐξάρχοντες
2849 4148 3002 4219 ὑμῶν
3033 4151 3089 4202 ἐν
3116 4149 3357 4219 θρήνοις,
3384 4147 3738 4201 ἀνθίστασθαι

2162 4238 2240 4292 ἔτι
2266 4241 2376 4301 τοῖς
2401 4239 2523 4309 ἐμοὶ
2544 4240 2880 4310 προσήκουσι
2903 4239 3230 4310 τολμῶντες,
3263 4239 3498 4309 ὁρῶντες
3522 4237 3739 4290 ἃπασαν

2164 4328 2342 4384 αὐτῶν
2372 4328 2470 4399 τὴν
2500 4329 2652 4397 ἰσχὺν
2681 4327 3087 4399 ἀπολλυμένηνσ
3123 4328 3448 4399 θρηνήσουσι
3477 4327 3534 4380 δέ
3564 4325 3659 4378 καὶ
3687 4325 3738 4376 οἱ

2163 4421 2392 4474 λεόντων
2429 4419 2584 4489 δίκην
2622 4421 2687 4488 τῇ
2733 4418 2909 4489 οἰκείᾳ
2947 4419 3268 4481 πεποιθότες
3303 4417 3476 4488 ἰσχύϊ,
3529 4417 3740 4478 πάντας

2162 4515 2395 4586 ὁρῶντες
2428 4514 2486 4566 ἐν
2526 4511 2920 4582 ταλαιπωρίαις
2949 4511 3108 4573 ὄντας
3139 4511 3264 4572 τοὺς
3299 4509 3440 4580 μέγα
3467 4524 3741 4577 πεφρονη-

2163 4610 2326 4671 κότας
2357 4605 2501 4661 κατά
2531 4605 2625 4659 τοῦ
2683 4605 2965 4677 Ἰορδάνου.
3016 4602 3231 4674 Ἐπειδὴ
3277 4602 3385 4672 γὰρ
3423 4601 3588 4672 μέρος
3636 4598 3738 4667 τῆς

2175 4698 2430 4760 Ἰουδαίας
2457 4693 2524 4768 ἦν
2551 4700 2578 4750 ὀ
2615 4697 2884 4768 Ἰορδάνης
2913 4695 3176 4764 ποταμὸς,
3200 4693 3309 4748 ἀπὸ
3333 4693 3430 4763 τῆς
3452 4690 3545 4744 τοῦ
3574 4706 3738 4743 ποτα-

2167 4792 2268 4863 μοῦ
2300 4792 2513 4861 μνήμης
2540 4790 2636 4860 τὴν
2661 4787 2842 4860 χώραν
2867 4787 2975 4840 τῶν
3016 4785 3366 4856 Ἰσραηλιτῶν
3388 4782 3685 4853 δεδήλωκεν
3709 4781 3737 4831 ὁ

2159 4881 2480 4952 προφήτης⁹
2523 4881 2604 4933 ὅτι
2642 4897 2700 4932 τε
2739 4880 2772 4950 ή
2834 4877 3188 4948 Ἰερουσαλὴμ
3231 4879 3310 4939 εἰς
3357 4876 3454 4944 τὴν
3501 4871 3739 4926 παλαιὰν

2159 4971 2738 5044 ἀποκατασταθήσεται
2764 4969 3090 5042 εὐπραγίαν,
3120 4967 3476 5035 ἀποδοθείσης
3510 4965 3608 5036 μὲν
3637 4965 3742 5037 τῆς

2158 5083 2216 5119 τε
2247 5064 2542 5136 ἱερωσύνης
2567 5065 2659 5118 καὶ
2691 5064 2789 5134 τῆς
2831 5080 2888 5116 τε
2918 5062 3193 5133 βασιλείας
3222 5058 3301 5130 τῷ
3334 5059 3496 5124 ἔθνει,
3525 5059 3739 5111 ἐπισυνο

2159 5157 2413 5228 αχθέντος
2435 5155 2493 5209 δὲ
2525 5156 2620 5210 τοῦ
2653 5155 2783 5210 λαοῦ
2823 5153 3154 5223 πανταχόθεν
3180 5169 3194 5182 ·
3252 5153 3344 5206 καὶ
3379 5153 3461 5205 ὅτι
3486 5152 3736 5222 τιμωρή-

2162 5267 2312 5304 σεται
2345 5251 2442 5320 μὲν
2472 5250 2650 5304 αὐτῶν
2687 5251 2812 5312 τοὺς
2843 5249 3068 5319 ἐχθροὺς
3094 5249 3122 5300 ὁ
3155 5246 3312 5310 Θεὸς,
3344 5248 3402 5300 ἐν
3429 5244 3650 5312 ἀγαθῶν
3678 5242 3736 5297 δὲ

2159 5343 2425 5396 πλείστων
2470 5342 2698 5413 ἀφθονία
2744 5342 3076 5410 καταστήσει
3121 5338 3369 5402 τούτους.
3433 5337 3594 5390 Ἀλλά
3643 5337 3737 5390 xui.

2157 5434 2238 5486 ὄτι
2277 5432 2354 5503 τῷ
2396 5433 2698 5504 Ζοροϐάϐελ
2741 5432 2876 5503 πρὸς
2913 5430 3012 5502 τὴν
3057 5429 3333 5500 βασιλείαν
3376 5427 3742 5497 ἐξειλεγμένῳ

2160 5524 2416 5592 πλείστην
2452 5521 2576 5576 τινὰ
2626 5522 2848 5592 παρέξει
2883 5522 2980 5592 τὴν
3031 5521 3230 5592 ῥοπὴν,
3280 5519 3373 5589 ἀφ’
3411 5513 3480 5592 ἦς
3525 5517 3738 5591 ἰσχυροὶ

2165 5614 2262 5685 μὲν
2311 5613 2524 5668 ἔσονται
2559 5612 2700 5666 κατά
2727 5612 2834 5666 τῶν
2873 5612 3164 5676 ἐναντίων,
3200 5612 3650 5683 περιγενήσονται
3679 5607 3737 5661 δι

481 5710 578 5763 καὶ
611 5707 723 5764 τῶν
769 5707 898 5778 περλ¹
949 5705 1040 5760 τὸν
1092 5706 1213 5774 Γὼγ
1263 5707 1651 5779 ἀναριθμήτων
1690 5725 1747 5762 τε
1791 5707 1956 5762 ὄντων
2003 5711 2097 5762 καὶ
2140 5709 2546 5780 ἀμαχωτάτων·
2581 5708 2675 5761 καὶ
2708 5707 2985 5778 συντόμως
3018 5707 3192 5760 εἰπεῖν
3228 5705 3318 5762 διὰ
3364 5706 3580 5762 πάντων
3628 5700 3740 5760 τῶν

485 5801 902 5872 προρρηθέντων
931 5799 1223 5874 ἐγνώρισεν
1254 5802 1461 5873 ὁπόσην
1499 5801 1589 5854 ἐπὶ
1619 5800 1677 5853 τὸ
1715 5803 1958 5871 κρεῖττον
1988 5802 2055 5856 τὰ
2085 5804 2204 5857 κατ’
2239 5802 2433 5866 αὐτοὺς
2461 5799 2688 5871 λήψεται
2715 5799 2812 5872 τὴν
2842 5798 3099 5855 ἐπίδοσιν.

4142 3883 4155 3946 ι

4139 3949 4156 4038 l

4143 4169 4148 4202 I

4143 4213 4148 4242 l

4141 5073 4148 5197 '
