4162 6470
515 341 622 400 530

1479 349 2031 408 COMMENTARIUS
2059 350 2128 406 IN
2167 351 2541 408 ZACHARle
2581 351 2734 408 CAP.
2782 351 2872 406 Xl.

3688 352 3796 410 573

601 459 820 533 Ἐπειδὴ
849 461 905 515 δὲ
953 463 1053 517 οὐκ
1099 460 1158 518 εὖ
1198 465 1500 538 ἐχρήσαντο
1535 471 1779 526 Ἰουδαῖοι
1816 475 1882 544 τῇ
1927 489 1985 526 τε
2018 472 2109 525 εὐ-

2285 471 2391 528 Sed
2422 472 2552 544 quia
2593 469 2764 526 Judaei
2802 485 2910 524 non
2947 468 3082 524 bene
3113 468 3200 524 usi
3232 474 3364 524 sunt
3416 460 3676 524 felicitate
3730 481 3793 521 ac

517 554 731 624 πραγίᾳ
777 555 870 608 καὶ
913 558 981 626 τῇ
1030 557 1224 630 εἰρήνῃ
1260 554 1328 631 ἦς
1359 561 1450 614 ἐπὶ
1486 562 1735 616 πλεῖστον
1765 564 2104 627 ἀπέλαυσαν,

517 654 596 711 (p.
623 643 749 716 508)
803 647 1233 718 μεταϐαλόμενοί
1263 668 1321 704 τε
1367 653 1618 706 ἐντεῦθεν
1646 655 1782 725 πρὸς
1829 655 1892 708 τὸ
1928 656 2106 725 χεῖρον

516 730 810 794 ἐξώκειλαν
833 774 848 797 ,
903 735 1040 804 πρὸς
1081 737 1392 793 τούναντίον
1438 742 1536 811 μὲν
1582 743 1763 808 αὐτοῖς
1807 743 2108 815 ἐκϐέϐηκεν

518 823 734 876 ἃπαντα
759 839 773 853 ·
823 825 1004 898 πολλὴι
1037 827 1094 880 δέ
1127 846 1211 892 τις
1243 831 1486 902 ἀκοσμία
1517 835 1612 888 καὶ
1641 835 1902 906 σύγχυσις
1927 835 2106 890 αὐτῶν

517 911 810 982 κατείληφε
831 914 893 966 τὸ
913 914 1085 982 έθνος,
1110 917 1206 972 ἆτε
1236 920 1343 974 τῶν
1363 921 1543 993 νόμων
1567 924 1952 995 ἀμελουμένων
1977 926 2107 997 παρ’

515 1003 702 1068 αὐτοῖς
731 1005 838 1058 τῶν
869 1005 1030 1061 θείων
1049 1027 1062 1041 ·
1094 1009 1224 1065 ἔνιοι
1252 1013 1363 1085 γάρ
1389 1015 1500 1067 τών
1529 1015 1934 1089 ὑποδεεστέρων
1966 1021 2108 1092 πρὸς

516 1096 642 1159 τοὺς
661 1097 954 1170 ἀρχιερέας
976 1100 1070 1154 καὶ
1095 1103 1430 1175 ἡγουμένους
1449 1106 1542 1160 τοῦ
1564 1107 1693 1161 λαοῦ
1722 1109 1942 1174 παντὸς,
1969 1111 2107 1182 μετά

517 1185 722 1256 πολλῆς
767 1206 825 1241 τε
859 1188 1142 1256 διέποντας
1188 1193 1351 1249 αὑτὸν
1400 1196 1499 1267 τῆς
1532 1198 1856 1268 ἀκριϐείας,
1906 1202 1972 1255 ὲκ
2013 1199 2106 1256 τοῦ

518 1278 655 1348 πρὸς
683 1279 742 1333 τὸ
784 1283 966 1352 χεῖρον
1008 1283 1220 1355 ῥέπειν,
1253 1285 1408 1341 αὐτοὶ
1450 1288 1804 1363 διηνέχθησαν
1835 1286 1910 1357 ὡς
1939 1295 2103 1360 εἰκὸς,

520 1369 622 1462 καί
647 1369 813 1462 μηδὲν
840 1375 962 1462 κατ’
995 1374 1178 1431 αὐτῶν
1225 1379 1562 1451 ἰσχύσαντες,
1612 1384 1702 1438 διά
1726 1386 1825 1457 τὴν
1850 1388 1998 1462 παρὰ
2028 1389 2108 1461 τῷ

517 1456 632 1528 λαῷ
658 1459 817 1524 δόξαν
844 1461 954 1516 τῶν
988 1465 1216 1537 ἀνδρῶν,
1260 1469 1353 1523 ἐπὶ
1379 1472 1506 1536 τοὺς
1533 1456 1788 1543 βασιλέας
1817 1456 2106 1548 ἐληλύθασι

518 1553 644 1615 τοὺς
690 1553 754 1605 ὲκ
799 1553 902 1624 τῆς
957 1557 1335 1632 Μακεδονικῆς
1378 1561 1625 1635 διαδοχῆς
1669 1567 1780 1620 τῶν
1815 1568 1959 1622 κατὰ
2008 1570 2108 1641 τὴν

518 1642 718 1710 Συρίαν
744 1645 1083 1716 κρατοῦντας
1111 1649 1317 1723 μερῶν,
1351 1655 1443 1707 καὶ
1471 1657 1889 1727 παρεσκεύασαν
1925 1661 2023 1731 μὲν
2049 1663 2108 1714 ὲν

519 1736 782 1831 κινδύνοις
813 1739 940 1804 τοὺς
976 1743 1317 1831 ἡγουμένους
1361 1747 1542 1802 αὐτῶν
1573 1749 1864 1818 γενέσθαι,
1909 1753 2108 1824 ἄνδρας

2211 579 2346 636 pace
2376 579 2484 635 qua
2514 563 2606 619 diu
2647 561 2798 616 fruiti
2831 567 3011 627 erant,
3040 568 3094 616 et
3120 560 3246 616 inde
3275 560 3461 615 animo
3491 565 3704 613 mutato
3725 556 3792 611 ad

2210 655 2404 710 vitium
2433 654 2790 720 deflexerant,
2823 653 2880 708 in
2912 651 3246 708 contrarium
3267 651 3350 708 eis
3385 659 3580 705 cuncta
3608 665 3797 705 cesse-

2209 755 2368 816 runt;
2429 748 2712 818 multaque
2767 744 3110 817 perturbatio
3160 751 3214 799 et
3264 743 3520 798 confusio
3573 749 3792 812 gentem

2208 840 2455 911 ipsorum
2493 838 2816 910 occupavit,
2869 836 3073 892 divinis
3106 835 3364 890 nimirum
3408 835 3623 905 legibus
3646 833 3792 903 apud

2207 947 2305 989 eos
2331 931 2622 1004 neglectis.
2654 929 2917 986 Nonnulli
2947 929 3095 984 enim
3120 927 3433 981 humilioris
3458 927 3792 981 conditionis

2210 1024 2486 1088 homines,
2549 1022 2818 1079 adversus
2875 1019 3164 1092 pontifices
3207 1025 3262 1072 et
3302 1017 3486 1087 populi
3548 1006 3793 1071 universi

2209 1115 2400 1181 duces,
2449 1131 2614 1186 quem
2650 1114 2800 1170 omni
2833 1129 2958 1169 cum
2999 1112 3282 1182 diligentia
3313 1109 3794 1170 administrabant,

2209 1215 2433 1278 pr0pter
2479 1223 2634 1263 suam
2677 1221 2902 1278 pravam
2940 1205 3135 1276 agendi
3171 1204 3441 1259 rationem
3473 1200 3796 1255 inimicitias

2209 1307 2594 1370 susceperunt,
2630 1308 2689 1354 ut
2724 1314 2959 1370 pronum
2996 1297 3146 1354 factu
3175 1305 3327 1365 erat;
3396 1295 3598 1366 quibus
3668 1306 3796 1347 cum

2208 1391 2503 1460 praevalere
2553 1406 2664 1445 non
2707 1396 2955 1460 possent,
3014 1394 3238 1457 propter
3265 1385 3514 1440 virorum
3575 1383 3798 1436 illorum

2207 1481 2351 1552 apud
2392 1481 2653 1552 populum
2695 1480 3067 1550 majestalem,
3105 1478 3172 1532 ad
3206 1491 3360 1546 reges
3386 1474 3614 1546 profecti
3645 1480 3797 1536 sunt,

2207 1575 2298 1645 qui
2350 1590 2416 1629 ex
2466 1572 2814 1628 Macedonica
2871 1570 3230 1627 successione
3281 1566 3453 1639 Syriae
3501 1567 3800 1637 provinciis

2207 1662 2593 1731 imperabant;
2668 1669 2722 1716 et
2786 1660 3031 1731 pericula
3084 1658 3394 1714 conflarunt
3451 1658 3800 1728 principibus

2208 1755 2346 1815 suis,
2371 1753 2465 1824 qui
2497 1752 2669 1822 probe
2702 1751 3054 1820 legitimeque
3097 1749 3464 1806 sacerdotium
3497 1747 3799 1818 gerebant;

517 1828 764 1900 νομίμως
795 1849 853 1884 τε
889 1819 1268 1904 ίερατεύοντας
1301 1839 1394 1891 καὶ
1417 1838 1654 1910 δοκίμως
1675 1856 1688 1870 ⁸
1734 1819 2023 1912 μεθίστατο
2050 1844 2106 1897 δὲ

2213 1846 2284 1899 ita
2313 1852 2371 1898 ut
2388 1819 2753 1920 pontificatus
2808 1842 2877 1896 ad
2913 1819 3052 1896 alios
3100 1841 3352 1896 homines
3401 1839 3802 1895 transferretur

518 1921 582 1973 τὰ
612 1922 711 1993 τῆς
723 1921 1135 1998 ἀρχιερωσύνης
1162 1929 1243 1992 είς
1268 1929 1484 2002 ἑτέρους
1513 1932 1664 2003 παρά
1691 1935 1790 2004 τὴν
1818 1934 1926 1989 τῶν
1948 1935 2107 1990 θείων

516 2011 696 2078 νόμων
732 2013 1070 2080 ἀκολουθίαν,
1118 2018 1259 2072 κατά
1288 2019 1350 2072 τὸ
1392 2024 1505 2086 τοῖς
1553 2021 1832 2092 βασιλεῦσι
1879 2025 2103 2079 δοκοῦν·

515 2103 565 2153 οἳ
601 2105 885 2176 μονονουχὶ
913 2107 1221 2174 πωλοῦντες
1253 2111 1314 2164 τὸ
1353 2111 1506 2178 ἔθνος
1534 2117 1647 2180 τοῖς
1682 2117 1983 2188 βασιλεῦσι,
2015 2121 2108 2173 καὶ

517 2196 817 2266 χρημάτων
858 2198 1010 2270 παρά
1043 2200 1104 2253 τὸ
1149 2202 1266 2258 δέον
1293 2203 1392 2276 τὴν
1434 2209 1768 2279 προστασίαν
1811 2211 2108 2280 ὠνούμενοι

515 2285 611 2338 τοῦ
655 2285 807 2349 λαοῦ,
859 2289 1086 2345 πλεῖστα
1122 2293 1222 2362 μὲν
1263 2295 1363 2350 ὅσα
1410 2297 1793 2370 διεπράττοντο
1823 2304 2002 2368 κακά,
2049 2306 2108 2359 ὲν

515 2379 759 2452 ἀκοσμίᾳ
790 2381 846 2434 δὲ
873 2383 968 2437 καὶ
999 2385 1257 2457 συγχύσει
1289 2389 1560 2445 καθίστων
1584 2392 1800 2448 ἅπαντα
1822 2396 1913 2450 τὸν
1943 2396 2070 2450 λαόν
2091 2415 2105 2430 ο

517 2469 612 2522 καὶ
644 2471 969 2526 κατελέλυτο
1006 2474 1105 2542 μὲν
1132 2476 1386 2543 καθάπαξ
1418 2481 1450 2550 ή
1484 2481 1591 2534 τῶν
1623 2482 1803 2553 νόμων
1829 2484 2105 2554 ἀκρίϐεια,

515 2561 870 2630 ἀντεισήγετο
897 2562 953 2615 δὲ
983 2563 1179 2629 ἀταξία
1207 2583 1266 2619 τε
1291 2569 1386 2620 καὶ
1412 2569 1473 2622 τὸ
1503 2571 1638 2641 πρὸς
1666 2573 1974 2628 τούναντίον
1995 2579 2108 2640 τοῖς

516 2651 683 2716 θείοις
733 2653 918 2724 νόμοις
962 2655 1179 2712 ἅπαντα
1225 2659 1508 2730 γίγνεσθαι
1536 2678 1548 2691 ⁸
1606 2664 1746 2736 ὑπὲρ
1792 2665 1855 2736 δὴ
1905 2665 2109 2720 τούτων

513 2741 772 2796 ἁπάντων
809 2746 1024 2816 μυρίοις
1053 2749 1154 2818 μὲν
1185 2750 1330 2814 ὅσοις
1363 2753 1802 2826 περιεϐλήθησαν
1850 2759 1963 2820 τοῖς
2005 2775 2107 2810 κα-

516 2837 635 2898 κοῖς
668 2835 942 2890 Ἰουδαῖοιο
972 2839 1080 2892 τῶν
1103 2842 1484 2899 Μακκαϐαίων
1509 2844 1564 2897 δὲ
1593 2847 1659 2899 ὲκ
1688 2845 1782 2899 τοῦ
1817 2847 1892 2918 μὴ
1920 2848 2108 2919 φέρειν

516 2925 615 2997 τὴν
648 2924 779 2998 περὶ
813 2928 882 2982 τὰ
931 2929 1051 2985 θεῖα
1090 2931 1492 3005 πλημμέλειαν,
1524 2937 1658 3008 μηδὲ
1690 2939 1916 2992 ἀνεκτὸν
1956 2943 2110 3012 ἡγεῖ-

521 3017 646 3070 σθαι
671 3019 986 3090 ἡσυχάζειν,
1034 3022 1114 3094 (p.
1143 3024 1267 3095 509)
1312 3026 1455 3082 οὕτω
1487 3028 1588 3099 μὲν
1616 3030 2108 3103 παραϐαινομένων

515 3109 627 3162 τῶν
655 3111 837 3182 νόμων
864 3113 1048 3181 θείων,
1070 3117 1337 3191 τοσαύτης
1364 3119 1420 3173 δὲ
1454 3120 1709 3186 ἀσεϐείας
1734 3125 2109 3196 ἀντεισαχθεί-

519 3220 622 3273 σης
660 3221 720 3256 τε
763 3205 859 3258 καὶ
891 3205 1329 3280 πολιτευομένης,
1362 3211 1420 3264 ὲν
1453 3212 1638 3276 αὐτοῖς
1681 3212 1774 3267 τὸν
1812 3216 1947 3286 πρὸς
1983 3219 2110 3282 τοὺς

516 3297 901 3368 Μακεδονικῆς
935 3300 1186 3374 διαδοχῆς
1223 3302 1479 3373 βασιλέας
1512 3306 1750 3377 πόλεμον
1779 3308 2112 3380 ἀναδεξαμέ-

516 3406 646 3446 νων.
676 3389 776 3444 οὐκ
801 3390 970 3458 ὀλίγοι
999 3393 1143 3458 τινὲς
1172 3394 1280 3448 τῶν
1319 3397 1399 3460 είς
1424 3396 1486 3451 τὸ
1513 3396 1662 3461 ἔθνος
1687 3399 1984 3453 τελούντων
2012 3401 2111 3472 τὴν

519 3479 746 3534 ἐκείνων
780 3481 1121 3554 ζηλώσαντες
1150 3485 1376 3559 γνώμην
1406 3488 1773 3560 ἐκοινώνησαν
1815 3492 1907 3545 τοῦ
1936 3498 2109 3565 προρο

522 3573 781 3644 ῥηθέντος
817 3577 1048 3648 πολέμου
1073 3595 1086 3609 ·
1124 3580 1217 3632 καὶ
1246 3579 1434 3649 γέγονε
1470 3582 1568 3652 μὲν
1591 3583 1719 3654 περί
1749 3601 1808 3636 τε
1836 3583 1933 3655 τὴν
1960 3585 2114 3640 πόλιν

523 3666 617 3719 καὶ
644 3667 736 3720 τὸν
758 3668 886 3722 ναὸν
913 3669 1005 3723 τοῦ
1032 3669 1190 3736 Θεοῦ,
1221 3673 1315 3726 καὶ
1337 3675 1445 3726 πᾶν
1474 3673 1536 3746 δὴ
1564 3675 1625 3728 τὸ
1650 3674 1800 3740 ἔθνος
1831 3677 2112 3750 συντόμως

521 3760 696 3813 εἰπεῖν
728 3759 898 3831 μυρία
922 3761 1023 3815 ὅσα
1051 3763 1204 3835 παρά
1223 3764 1333 3817 τῶν
1361 3766 1690 3819 Μακεδόνων
1722 3767 1890 3833 κακὰ,
1915 3768 1950 3822 ἃ
1975 3770 2111 3840 μηδὲ

523 3853 706 3925 Ιεᾲδιον
738 3856 910 3907 εἰπεῖν
935 3872 948 3885 ·
1005 3855 1226 3921 ἐδέξατο
1263 3857 1321 3910 δὲ
1349 3858 1519 3912 ταῦτα
1547 3859 1848 3932 διόρθωσιν,
1875 3853 2112 3932 ὁπηνίκα

520 3945 655 4009 Θεὸς
699 3949 764 4017 τῇ
798 3946 991 4018 γνώμῃ
1034 3948 1142 4003 τῶν
1174 3950 1301 4019 περὶ
1324 3950 1416 4004 τὸν
1449 3951 1809 4006 Μακκαϐαῖον
1837 3953 2110 4025 ἀρεσθεὶς,

2215 1945 2409 2005 printer
2433 1936 2610 2004 legum
2641 1934 2952 1988 divinarum
2974 1933 3245 1995 ordinem,
3275 1947 3374 2002 pro
3397 1947 3586 2003 regum
3620 1932 3798 1986 libito.

2212 2029 2290 2083 Illi
2343 2027 2596 2083 videlicet
2655 2034 2872 2096 gentem
2920 2041 3077 2082 suam
3130 2023 3526 2095 propemodum
3575 2024 3800 2095 regibus

2211 2119 2602 2183 vendiderunt,
2634 2127 2689 2174 et
2723 2119 2958 2188 pecunia
2990 2125 3188 2188 praeter
3223 2115 3306 2172 fas
3333 2124 3583 2171 emerunt
3612 2115 3800 2186 populi

2210 2210 2578 2278 dominatum,
2618 2220 2674 2266 et
2704 2211 2939 2280 plurima
2967 2209 3109 2262 mala
3142 2206 3489 2274 invexerunt,
3518 2208 3803 2278 populum-

2209 2319 2317 2374 que
2349 2303 2670 2359 universum
2718 2303 2773 2356 in
2817 2300 3290 2371 perturbationem
3330 2308 3384 2354 et
3413 2298 3800 2355 confusionem

2210 2395 2588 2465 conjecerunt.
2615 2393 2779 2467 342
2804 2393 2959 2448 Tunc
2986 2393 3212 2448 omnino
3231 2392 3395 2448 desiit
3416 2392 3590 2462 legum
3619 2391 3805 2444 obser-

2209 2487 2416 2549 vantia,
2475 2487 2749 2541 successit
2795 2493 2978 2540 autem
3016 2484 3301 2554 iniquitas,
3353 2492 3407 2538 et
3436 2491 3495 2536 ut
3525 2483 3803 2537 contraria

2209 2580 2422 2649 legibus
2448 2579 2651 2634 divinis
2685 2585 2887 2632 cuncta
2923 2577 3134 2632 fierent.
3187 2575 3306 2631 Jam
3341 2576 3411 2630 ob
3449 2575 3566 2629 hrec
3594 2575 3802 2635 omnia,

2210 2667 2516 2724 innumeris
2577 2668 2737 2722 malis
2794 2666 2971 2721 Judaei
3030 2664 3270 2734 correpti
3342 2664 3585 2718 fuerunt.
3647 2660 3805 2714 Tunc

2211 2760 2509 2815 llachabaei
2555 2775 2663 2814 non
2715 2757 2952 2814 ferentes
2981 2758 3188 2811 illatam
3224 2757 3469 2827 religioni
3503 2755 3794 2812 offensam,

2209 2868 2390 2923 neque
2443 2852 2548 2908 sibi
2593 2850 2988 2922 quiescendum
3037 2857 3296 2920 putantes
3345 2847 3550 2902 divinis
3589 2846 3805 2916 legibus

2212 2951 2499 3014 tantopere
2533 2943 2778 3007 violatis,
2832 2950 3096 3012 tantaque
3125 2943 3340 2996 invecta
3374 2955 3438 2994 ac
3483 2939 3806 2992 dOIlllnﬂtlle

2213 3039 2514 3108 impietate,
2555 3038 2608 3092 in
2655 3053 2715 3092 se
2741 3036 2944 3092 bellum
2985 3036 3254 3092 adversus
3285 3033 3652 3088 Macedonicae
3681 3045 3808 3084 suc-

2137 3161 2181 3222 c
2212 3130 2484 3185 cessionis
2516 3144 2671 3200 reges
2711 3136 3060 3198 receperunt,
3085 3135 3140 3183 et
3170 3126 3316 3182 haud
3348 3124 3506 3196 pauci
3544 3123 3612 3178 de
3644 3131 3807 3192 genie

2213 3219 2543 3274 sententiam
2591 3233 2785 3273 eorum
2833 3217 3178 3280 annillantes,
3239 3215 3558 3287 praedictum
3603 3214 3804 3268 bellum

2213 3311 2629 3381 partiriparunt.
2664 3309 2803 3365 Hinc
2833 3309 2954 3363 urbi
2978 3317 3029 3365 et
3053 3308 3148 3364 Dei
3181 3308 3476 3379 tcmplo,et
3508 3307 3804 3366 universae,

2214 3411 2273 3456 ut
2300 3418 2410 3456 uno
2439 3403 2608 3456 verbo
2639 3402 2852 3466 dicam',
2883 3401 3032 3472 genti
3071 3401 3216 3454 mala
3253 3401 3538 3453 innumera
3569 3414 3598 3450 λ
3633 3396 3808 3449 Mace-

2213 3497 2452 3551 donibus
2502 3495 2653 3548 illata
2705 3494 2950 3554 fuerunt.
3003 3508 3126 3563 qum
3162 3492 3272 3547 dici
3304 3491 3464 3545 facile
3501 3497 3805 3557 nequeunt.

2217 3587 2323 3644 Sed
2350 3587 2496 3643 enim
2545 3586 2633 3642 his
2666 3586 2974 3641 remedium
3009 3585 3206 3651 adfuit,
3244 3599 3369 3638 cum
3408 3583 3551 3637 Deus
3585 3579 3808 3634 Macha-

2215 3678 2458 3733 baeorum
2506 3675 2791 3747 proposito
2826 3674 3154 3740 delectatus,
3196 3689 3356 3730 suum
3393 3673 3505 3729 illis
3557 3671 3809 3740 adjuuxit

2216 3771 2524 3837 auxilium;
2588 3771 2664 3824 ita
2717 3779 2775 3824 ut
2816 3777 3015 3840 praeter
3059 3784 3278 3824 omnem
3331 3781 3483 3838 spem
3535 3762 3809 3837 superatis

2217 3861 2460 3931 regibus,
2483 3874 2798 3931 quanquam
2823 3859 2982 3930 pauci
3008 3874 3238 3914 numero
3263 3857 3526 3913 adversus
3551 3869 3807 3924 maguum

2216 3954 2522 4008 exercitum
2573 3953 2944 4014 decertantes,
3005 3952 3291 4006 decentem
3325 3950 3572 4004 ordinem
3608 3945 3812 4018 populo

521 4037 799 4108 παρέσχεν
843 4039 1026 4102 αὐτοῖς
1079 4039 1181 4111 τὴν
1236 4041 1444 4095 οἰκείαν
1494 4043 1711 4113 ροπήν’
1773 4042 1914 4096 ὥστε
1961 4045 2114 4116 παρά

521 4131 708 4180 πᾶσαν
735 4127 925 4180 ἐλπίδα
955 4130 1369 4200 κεκρατηκότας
1407 4132 1649 4194 ἐκείνους
1683 4131 1794 4184 τῶν
1827 4131 2111 4202 βασιλέων,

2218 4155 2403 4194 rerum
2437 4139 2633 4192 barum
2667 4145 2862 4195 nactus
2894 4137 3158 4208 propheta
3203 4151 3230 4187 a
3262 4134 3445 4188 divina
3473 4131 3811 4187 revelatione

522 4222 704 4274 καίτοι
768 4237 834 4289 γε
897 4221 1299 4294 εὐαριθμήτους
1351 4224 1516 4287 ὄντας
1571 4223 1665 4276 καὶ
1726 4224 1861 4295 πρὸς
1916 4224 2111 4296 πολλὴν

2229 4231 2622 4302 cognitionem,
2665 4229 2914 4300 przedicit
2946 4230 3148 4299 populo
3185 4226 3402 4293 futura;
3439 4227 3812 4294 scriptumque

519 4313 753 4385 δύναμιν
780 4314 1140 4385 μαχομένους,
1171 4316 1464 4387 δυνηθῆναι
1495 4315 1594 4388 τὴν
1618 4317 1935 4387 πρέπουσαν
1959 4318 2111 4371 εὐκο-

2222 4323 2417 4377 horum
2431 4321 2495 4376 ad
2513 4331 2764 4392 posteros
2777 4320 3101 4375 transmittit
3121 4317 3370 4373 notitiam
3388 4319 3440 4371 in
3454 4315 3813 4386 sequentibus

525 4409 695 4480 σμίαν
718 4408 1013 4462 ἀποδοῦναι
1035 4409 1114 4478 τῷ
1144 4407 1304 4462 ἔθνει.
1325 4408 1762 4477 Ἀναγκαιότατα
1793 4408 1854 4479 δὴ
1881 4409 1976 4462 καὶ
1998 4409 2111 4462 τού·

2223 4412 2298 4466 ita
2329 4411 2577 4480 loquens.
2611 4409 2703 4464 Sic
2733 4417 2916 4465 autem
2947 4408 3165 4478 incipit:

521 4519 632 4556 των
663 4500 756 4572 τὴν
781 4500 983 4570 γνῶσιν
1004 4500 1296 4571 δεξάμενος
1319 4503 1347 4554 ὁ
1368 4501 1653 4572 προφήτης
1677 4499 1736 4564 ἐξ
1763 4501 2160 4571 ἀποκαλύψεως
2181 4503 2349 4566 θείας,
2379 4501 2572 4573 μηνύει
2597 4519 2656 4554 τε
2679 4499 2756 4572 τῷ
2779 4501 2893 4572 λαῷ
2914 4500 2982 4553 τὰ
3005 4500 3238 4570 ἐσόμενα
3258 4516 3270 4528 ·
3295 4499 3388 4553 καὶ
3414 4497 3690 4568 ἔγγραφον
3717 4499 3814 4550 αὐ-

523 4593 634 4647 τῶν
661 4593 742 4658 είς
753 4595 880 4657 τοὺς
896 4592 1022 4664 ἑξῆς
1041 4593 1404 4664 παραπέμπει
1424 4591 1523 4663 τὴν
1546 4591 1746 4660 γνῶσιν
1771 4593 1829 4644 ἐν
1850 4594 1964 4656 τοῖς
1985 4593 2220 4665 καθεξῆς
2236 4597 2349 4657 τοῖς
2376 4594 2506 4665 περί⁸
2530 4593 2734 4648 τούτων
2760 4593 3041 4664 χρώμενος
3053 4593 3526 4664 λόγοις.”Αρχεται
3541 4591 3598 4645 δὲ
3617 4591 3810 4654 οὓτως⁹

595 4688 728 4758 Στίχ
776 4686 841 4751 δ’,
875 4693 936 4743 ε’.
970 4717 1041 4726 —
1071 4707 1089 4739 ι
1115 4688 1255 4742 Τάδε
1281 4687 1428 4756 λέγει
1457 4687 1664 4761 Κύριος
1699 4689 2111 4761 παντοκράτωρ,

2296 4688 2459 4745 Vens.
2494 4689 2552 4755 4,
2593 4690 2644 4744 5.
2671 4720 2744 4729 —
2779 4688 2945 4744 erec
2989 4690 3064 4743 ait
3113 4687 3379 4744 Dominus
3422 4689 3810 4758 omnipotens:

529 4780 788 4852 Ποίμαινε
817 4780 889 4834 τά
916 4780 1168 4851 πρόϐατα
1193 4779 1295 4850 τῆς
1325 4781 1558 4852 σφαγῆς.
1588 4800 1608 4832 ι
1680 4780 1842 4845 Ἕθος
1891 4784 1958 4853 τῇ
2001 4780 2111 4854 θείᾳ

2225 4781 2398 4838 Pasce
2441 4797 2572 4838 oves
2617 4782 2934 4838 occisionis.
2960 4800 2978 4832 ι
3015 4779 3131 4836 Mos
3167 4788 3252 4836 est
3279 4780 3478 4835 divinae
3516 4779 3814 4850 Scriptum

529 4875 719 4944 Γραφῇ
767 4871 1032 4937 πολλάκις
1079 4871 1469 4942 προστακτικῷ
1515 4873 1755 4944 σχήματι
1794 4871 2021 4943 μηνύειν
2063 4872 2111 4927 τί

2227 4890 2370 4946 sazpe
2397 4874 2559 4929 modo
2583 4874 2909 4943 imperativo
2935 4872 3182 4928 futurum
3217 4873 3502 4928 denotare.
3529 4872 3696 4928 veluti
3731 4881 3819 4927 est

528 4965 746 5036 μέλλον,
779 4962 890 5018 οἷόν
913 4964 1029 5017 ἐστι
1055 4963 1139 5028 τὸ,
1176 4965 1378 5034 ιΧαῖρε
1403 4963 1627 5034 σφόδρα,
1655 4964 1896 5040 θύγατερ
1923 4963 2111 5018 Σιών⁶;

2223 4969 2644 5026 illuduLaztare
2672 4969 3046 5035 vehementer,
3084 4967 3192 5022 filia
3228 4965 3433 5022 Sionis.
3477 4981 3494 5012 ι
3517 4964 3680 5034 Atqui
3721 4963 3816 5017 la»-

525 5057 706 5112 καίτοι
739 5073 804 5126 γε
829 5056 952 5110 οὐδὲ
987 5057 1046 5111 ὲν
1075 5057 1411 5127 ὲπιτάγματι
1438 5059 1614 5111 κεῖται
1648 5055 1709 5112 τδ
1733 5056 1968 5128 χαίρειν,
1998 5055 2124 5109 ἐπεὶ

2216 4047 2510 4101 restituere
2565 4045 2871 4115 potuerint.
2915 4044 3180 4116 Apprime
3229 4041 3397 4113 igitur
3439 4039 3808 4095 necessariam

531 5149 670 5221 μήτε
703 5151 990 5221 παρόντων
1017 5149 1128 5203 τῶν
1155 5149 1326 5221 ἡδέων
1360 5147 1584 5203 δυνατὸν
1621 5149 1696 5220 μὴ
1724 5149 1961 5220 χαίρειν,
1997 5147 2121 5219 χαί-

528 5263 648 5317 ρειν
671 5261 734 5297 τε
761 5243 862 5297 οὐκ
889 5241 1095 5297 ἔνεστιν
1113 5243 1363 5298 ἀπόντων
1395 5241 1506 5295 τῶν
1539 5241 1710 5312 ἡδέων
1730 5257 1744 5272 ο
1779 5241 1915 5295 ἀλλὰ
1947 5240 2120 5312 μηνύ-

436 5325 452 5343 ¹
529 5354 625 5390 σαι
657 5334 959 5407 βουλομένη
1008 5335 1111 5406 τὴν
1161 5334 1572 5407 προσεσομένην
1619 5333 1804 5398 αὐτοῖς
1835 5333 2029 5406 ἡδονὴν
2057 5335 2124 5388 ἐκ

526 5431 631 5501 τῆς
651 5428 747 5484 τοῦ
771 5428 1080 5502 Ζοροϐάϐελ
1105 5429 1422 5500 ἡγεμονίας,
1457 5427 1877 5500 προστακτικῶς
1909 5426 2002 5480 τοῦ
2035 5426 2124 5480 λό-

527 5539 629 5591 γου
651 5522 945 5594 πεποίηται
967 5521 1066 5595 τὴν
1090 5522 1289 5593 ἀρχήν.
1327 5523 1404 5592 (p.
1431 5520 1556 5589 510)
1593 5519 1704 5574 Καὶ
1731 5518 1870 5590 μετὰ
1895 5518 2118 5589 βραχέα’

532 5633 557 5669 ι
589 5616 804 5670 Αἰτεῖτε
833 5616 986 5687 παρὰ
1010 5615 1218 5688 Κυρίου
1250 5613 1404 5668 ὑετὸν
1429 5613 1549 5667 καθ’
1579 5611 1728 5685 ὥραν
1758 5611 2007 5684 πρώῖμον
2030 5613 2124 5665 καὶ

527 5708 764 5778 ὄψιμον·
804 5727 822 5762 ι
867 5708 1028 5782 δήλου
1064 5709 1162 5780 μὲν
1194 5708 1346 5772 ὄντος
1392 5707 1467 5770 ὡς
1513 5705 1614 5761 οὐκ
1645 5705 1710 5759 ἄν
1742 5722 1826 5769 τις
1865 5706 1924 5758 ὲν
1969 5704 2129 5777 χρείᾳ

530 5799 612 5854 ὢν
662 5801 1071 5872 παραλίποιΑδ
1120 5801 1329 5863 αἰτεῖν,
1371 5797 1528 5870 εἴπερ
1575 5791 1667 5850 οὖν
1716 5797 1798 5849 ὅτι
1842 5794 2125 5868 δοθήσεται

2226 5050 2346 5116 titia
2376 5061 2636 5131 imperari
2686 5063 2917 5132 nequit;
2965 5077 3094 5116 nam
3124 5075 3303 5131 neque
3335 5058 3504 5114 laetari
3543 5074 3651 5112 non
3684 5073 3815 5125 posc

2230 5171 2424 5211 sumus
2473 5154 2520 5209 si
2560 5153 2807 5224 jucunda
2856 5154 3070 5221 adsint;
3130 5169 3310 5223 neque
3348 5151 3589 5206 vicissim
3644 5149 3814 5204 laetari

2229 5262 2528 5318 possumus
2590 5246 2635 5300 si
2691 5247 2876 5302 absint
2920 5247 3191 5318 jucunda.
3262 5243 3464 5300 Verum
3529 5241 3814 5310 Scriptura

2231 5338 2544 5407 significare
2575 5337 2766 5392 volens
2797 5336 3044 5392 futurum
3073 5335 3440 5391 lsraelitarum
3465 5331 3723 5402 gaudium
3747 5347 3816 5386 ex

2232 5427 2586 5482 Zorobabelis
2637 5427 2968 5497 principatu,
3034 5425 3357 5496 imperative
3409 5423 3536 5477 facit
3592 5422 3815 5477 dicendi

2232 5521 2468 5574 initium.
2524 5518 2588 5571 lit
2614 5517 2778 5586 paulo
2802 5524 2952 5585 post:
2999 5533 3018 5567 ‹
3051 5513 3226 5571 Petite
3255 5530 3284 5568 a
3313 5514 3549 5570 Domino
3573 5513 3814 5583 pluviam

2231 5607 2986 5686 tempestivam,‘matutinam
3011 5614 3064 5662 et
3091 5606 3410 5662 serotinam.
3435 5625 3453 5658 ›
3495 5606 3659 5675 Atqui
3690 5619 3817 5672 per-

2237 5704 2488 5774 Spicuum
2534 5711 2656 5756 erat
2709 5701 2823 5756 fore
2857 5707 2918 5755 ut
2956 5716 3113 5756 nemo
3154 5700 3334 5772 pluvia
3365 5699 3618 5766 indigens
3651 5695 3815 5768 343

2232 5795 2509 5867 postulare
2532 5794 2826 5862 omitteret,
2859 5794 2904 5849 si
2931 5803 3077 5851 certe
3101 5810 3159 5851 se
3183 5794 3597 5865 impetraturum
3623 5792 3812 5848 sciret.
