4162 6540
380 374 483 430 57l

1568 372 1923 434 THEODORI
1963 373 2447 435 MOPSUESTENI
3549 378 3617 439 ετ

385 488 494 546 Sed
521 499 628 547 tam
642 510 701 549 3n
728 494 913 549 dicere
948 496 1133 551 volens
1170 498 1391 566 copiose
1419 494 1526 552 illis
1554 514 1617 553 ac
1646 499 1966 569 tempestive

2073 496 2287 561 πάντως
2336 500 2501 569 εἰδείη
2528 519 2539 529 ι
2594 501 2710 554 ἀλλ’
2758 498 2907 571 ὅμως
2952 500 3270 571 βουλόμενος
3328 498 3503 552 εἰπεῖν
3547 501 3651 564 ὅτι,

385 588 622 657 pluviam
648 589 812 642 Deum
840 605 1260 656 concessurum,
1301 594 1621 663 imperativo
1649 594 1810 648 modo
1838 608 1967 662 prae-

385 680 680 735 dictionem
715 679 884 734 futuri
912 679 976 733 lat
1000 682 1058 734 it.
1102 681 1301 736 Eadem
1329 683 1540 738 ratione
1560 696 1705 737 nunc
1726 698 1965 753 quoque,

382 782 647 828 eventura
677 774 875 841 popqu
904 774 1041 826 mala
1079 775 1404 843 imperativo
1431 775 1590 827 modo
1613 774 1964 853 vaticinatur,

382 866 573 919 dicens
609 865 890 919 videlicet:
920 866 1045 921 [huc
1072 880 1104 920 ιι
1134 883 1217 920 me
1252 869 1450 936 populo
1480 868 1749 929 evenient,
1775 884 1966 936 «litetu-

380 955 674 1008 admodum
729 972 903 1025 nuper
955 957 1110 1022 dixi;
1167 967 1219 1010 ct
1266 959 1433 1010 tantis
1481 958 1713 1027 populus
1756 958 1968 1013 fruetur

384 1045 567 1107 bonis,
625 1054 679 1099 ct
732 1047 1071 1102 Hierusalem
1121 1050 1296 1118 copiis
1328 1051 1555 1115 dilﬂuet,
1612 1061 1666 1106 et
1719 1052 1965 1107 hostibus

384 1139 701 1207 superiores
733 1140 989 1203 evadent,
1017 1157 1080 1195 ex
1108 1142 1309 1209 quibus
1338 1145 1536 1200 multas
1567 1145 1670 1199 sibi
1710 1146 1962 1216 colligent

389 1246 543 1300 opes.
569 1230 959 1286 Verumtamen
982 1234 1109 1303 quia
1128 1250 1235 1288 non
1267 1244 1414 1291 recte
1440 1236 1700 1292 felicitate
1719 1245 1964 1305 utentur,

382 1331 438 1374 et
469 1321 533 1373 ad
571 1321 727 1390 pejus
763 1325 1112 1391 spectabunt,
1154 1325 1259 1378 sub
1292 1327 1609 1395 pastoribus
1640 1326 1809 1383 futuri
1838 1339 1968 1383 sunt

386 1412 606 1478 talibus,
645 1427 673 1465 a
706 1413 912 1483 quibus
944 1415 1128 1468 ovium
1171 1416 1349 1470 instar
1380 1417 1446 1471 ad
1482 1419 1683 1473 aedem
1711 1427 1964 1489 agentur.

386 1502 558 1557 Sicuti
580 1515 662 1557 est
687 1505 826 1575 apud
847 1506 1063 1560 beatum
1092 1505 1346 1563 Davidem
1370 1528 1382 1562 :
1425 1527 1442 1560 ι
1464 1508 1742 1565 Ᾱῖειίιιιόῐὶ
1779 1530 1967 1569 sumus

383 1597 527 1651 sicut
585 1611 717 1651 oves
768 1594 1355 1668 occisionis";tquod
1404 1601 1472 1655 de
1528 1602 1718 1656 iisdem
1763 1603 1968 1659 Iudaeis

384 1688 593 1742 dictum
638 1690 758 1743 fuit.
809 1688 1094 1759 Signiﬁcat
1143 1703 1320 1746 autem
1369 1694 1516 1748 nulla
1564 1712 1664 1751 eos
1707 1696 1798 1751 Dei
1834 1714 1967 1753 cura

385 1779 584 1851 dignos
613 1780 849 1844 futuros.
890 1782 984 1837 sed
1010 1783 1191 1837 omnia
1221 1785 1361 1839 mala
1392 1802 1675 1855 passuros,
1708 1797 1965 1857 tanquam

387 1873 524 1926 czedi
554 1873 937 1928 tantummodo
967 1874 1235 1930 addictos.
1265 1874 1471 1945 Reiqne
1502 1882 1722 1932 modum
1753 1878 1962 1935 dicens:

384 1962 769 2031 cQuas(oves),
811 1963 1005 2031 inquit,
1046 1978 1396 2032 possessores
1427 1965 1510 2019 sui
1536 1966 1881 2035 jngulabant,
1914 1977 1968 2023 et

383 2068 494 2106 non
529 2068 624 2107 eos
671 2054 1345 2121 ptenitchat.nludaaorum
1390 2058 1640 2113 videlicet
1680 2075 1835 2127 reges
1865 2060 1967 2114 do-

384 2144 541 2205 mini,
592 2145 732 2198 haud
767 2153 1029 2216 tanquam
1074 2149 1151 2202 rei
1198 2164 1313 2201 sum
1349 2150 1667 2217 parcebant,
1735 2154 1827 2207 sed
1871 2169 1967 2209 eos

380 2237 543 2305 quasi
591 2237 773 2293 hostes
836 2239 1193 2294 inclementer
1246 2239 1666 2297 interﬁciebant.
1719 2244 1774 2298 ld
1824 2246 1967 2299 enim

381 2327 529 2381 valet
558 2346 569 2381 :
614 2329 677 2383 Et
726 2346 833 2383 non
884 2332 1209 2400 paenitebat.
1262 2352 1281 2384 ι
1303 2332 1369 2386 Et
1403 2335 1495 2405 qui
1531 2336 1839 2391 vendebant
1874 2354 1969 2394 eos

381 2419 674 2474 dicebant:
733 2420 1063 2478 Benedictus
1105 2423 1390 2491 Dominus,
1447 2427 1576 2497 quia
1603 2428 1800 2483 divites
1835 2428 1964 2483 facti

384 2524 598 2566 sumus.
623 2531 640 2562 ι
686 2511 788 2577 Qui
821 2511 1160 2568 tradiderant
1195 2517 1414 2584 regibus
1439 2526 1678 2585 gentem,
1708 2526 1763 2573 et
1799 2534 1967 2588 pecu-

381 2600 531 2654 niam
586 2602 713 2657 inde
745 2605 1138 2671 conﬂaverant,
1195 2616 1405 2661 tantum
1448 2611 1675 2664 aberant
1716 2623 1775 2664 ut
1805 2612 1966 2665 talem

384 2700 701 2762 tantamque
741 2697 1174 2753 avaritiam-sibi
1231 2698 1545 2766 ignominiae
1604 2700 1965 2761 ascriberent,

385 2793 445 2838 ut
469 2785 541 2839 ob
567 2786 880 2855 huiusmodi
906 2805 1037 2859 opes
1062 2792 1267 2860 gratias
1297 2791 1402 2847 Deo
1431 2793 1669 2863 agendas
1692 2802 1966 2863 putarent.

384 2892 408 2925 ι
434 2874 498 2927 Ει
546 2892 732 2932 earum
779 2889 1032 2947 pastores
1082 2883 1292 2935 nullum
1328 2898 1456 2953 erga
1491 2901 1583 2938 eas
1625 2886 1971 2954 patiebantur

382 2964 662 3022 all'ectnm.
690 2988 707 3020 ι
747 2968 956 3025 Traditi
986 2971 1054 3025 ad
1088 2974 1386 3044 regendum
1431 2975 1653 3029 fuerunt
1684 2978 1840 3045 viris,
1875 2978 1967 3048 qui

383 3058 590 3112 nullam
625 3060 706 3115 eis
731 3061 1165 3117 misericordiam
1199 3064 1462 3120 exhibere
1492 3067 1777 3128 volebant,

454 3355 624 3410 Vens.
652 3355 702 3408 6.
732 3386 801 3396 -—-
834 3376 851 3408 ι
875 3354 1001 3411 Ideo
1041 3372 1147 3411 non
1177 3374 1398 3428 parcam
1437 3359 1668 3413 ulterius
1700 3369 1856 3414 terrae
1884 3359 1970 3413 in-

379 3447 543 3509 colis,
604 3447 738 3502 dicit
799 3447 1124 3503 Dominus.»
1192 3447 1486 3519 Propterea
1541 3451 1642 3506 hos
1694 3452 1967 3514 deseram,

383 3542 645 3612 nullaque
677 3558 793 3595 mea
831 3543 1169 3612 providentia
1193 3544 1482 3615 dignabor.
1525 3564 1543 3595 ι
1566 3544 1633 3598 Ει
1657 3561 1786 3601 ecce
1815 3547 1971 3600 trado

385 3634 659 3697 homines,
703 3651 1149 3707 unumquemque
1203 3637 1256 3690 in
1311 3651 1533 3690 manum
1570 3637 1801 3706 proximi
1860 3639 1968 3703 sui,

382 3739 440 3782 et
471 3728 525 3781 in
565 3743 762 3782 manus
791 3730 937 3796 regis
985 3728 1095 3793 sui,
1143 3740 1197 3782 et
1230 3728 1523 3784 concident
1564 3729 1618 3783 in
1650 3739 1795 3783 terra
1824 3730 1970 3784 Cha-

383 3833 549 3873 naan.
576 3840 592 3871 ι
632 3817 818 3872 Sinam
857 3821 982 3875 illos
1017 3822 1126 3891 pati
1169 3821 1492 3892 gravissima
1519 3829 1632 3874 tum
1660 3836 1690 3873 a
1721 3821 1971 3877 scelestis

384 3912 531 3966 inter
568 3927 722 3971 suos.
758 3919 874 3964 tum
918 3927 946 3964 a
980 3912 1202 3982 regibus
1236 3912 1378 3966 bello
1423 3927 1519 3966 eos
1567 3914 1970 3982 appetentibus,

385 3998 552 4073 344
609 4000 1049 4069 quandoquidem
1100 4001 1466 4070 semetipsos,
1524 4016 1620 4069 per
1676 4001 1789 4055 haec
1853 4017 1975 4071 quae

389 4100 579 4164 agunt,
614 4091 812 4161 dignos
849 4092 978 4144 talia
1012 4092 1121 4160 pati
1152 4091 1411 4146 eﬂiciunt.
1441 4089 1532 4145 Sic
1563 4107 1755 4147 onmes
1779 4108 1976 4164 prope-

389 4184 614 4239 modum
637 4183 836 4237 .ludaaae
852 4183 1044 4237 incola:
1063 4182 1480 4238 interlieientur.
1501 4182 1590 4237 Sic
1608 4184 1752 4238 enim
1774 4192 1975 4239 sonant

393 4274 597 4329 verba:
653 4273 996 4329 «Concident
1036 4272 1469 4339 terrampnullo
1515 4287 1543 4325 a
1595 4288 1683 4327 me
1730 4275 1976 4343 praestita

390 4367 462 4422 iis
502 4366 707 4419 auxilio
738 4381 847 4433 quo
878 4381 938 4420 se
971 4364 1210 4420 hostium
1241 4363 1545 4418 dominatui
1567 4365 1971 4422 subtraherent.

390 4457 705 4526 Dncamquc
729 4472 825 4511 eos
854 4456 921 4511 ad
959 4455 1183 4520 caedem,
1225 4453 1312 4510 cui
1340 4455 1408 4509 ab
1434 4455 1696 4525 operibus
1738 4457 1974 4526 propriis

384 4550 590 4604 addicti
623 4525 883 4608 luerunt.
937 4556 992 4603 et
1020 4548 1242 4619 quidem
1278 4556 1337 4602 ut
1378 4565 1477 4619 par
1506 4558 1592 4605 est
1625 4559 1751 4605 ante
1781 4525 1973 4606 oculos
2008 4525 2054 4585 θ

383 4640 846 4695 Chananzeorum.
880 4639 1014 4696 Nam
1045 4641 1242 4695 verba:
1282 4659 1301 4691 ι
1325 4640 1551 4695 Pascam
1587 4655 1718 4695 oves
1745 4641 1976 4697 occisio-

386 4732 500 4797 nis,
523 4751 540 4783 ι
578 4742 854 4801 ponuntur
886 4746 1005 4799 pro,
1037 4731 1232 4785 ducam
1263 4745 1358 4786 eas
1382 4732 1449 4785 ad
1474 4732 1832 4795 occisionem,
1860 4748 1974 4787 non

385 4822 536 4889 quod
567 4822 685 4890 ipse
718 4820 988 4880 occidam,
1020 4820 1115 4872 sed
1146 4819 1275 4887 quia
1309 4819 1586 4886 permitto.
1621 4818 1867 4889 Namque
1919 4827 1974 4874 et

388 4913 496 4968 hoc
522 4913 756 4981 positum
788 4918 874 4965 est
903 4910 958 4962 in
983 4910 1181 4964 divina:
1215 4909 1514 4979 Scriptura:
1543 4926 1714 4976 more,
1761 4920 1820 4965 ut
1846 4927 1974 4982 per-

386 5003 714 5058 missionem
740 5000 981 5055 divinam
1011 5007 1269 5067 tanquam
1293 5015 1407 5053 rem
1425 5010 1601 5056 actam
1624 5001 1789 5056 dicat.
1818 5000 1975 5058 Velut

388 5092 555 5148 illud:
604 5090 936 5146 illeclinasti
981 5088 1206 5145 semitas
1249 5096 1473 5146 nostras
1527 5105 1557 5144 a
1604 5092 1693 5145 via
1732 5099 1825 5147 tua
1849 5094 1967 5148 τίς»

387 5201 500 5241 non
528 5186 669 5255 quod
705 5184 848 5239 Deus
890 5199 985 5240 eas
1019 5183 1424 5249 declinavisset,
1467 5184 1563 5239 sed
1609 5183 1738 5254 quia
1770 5186 1974 5243 siverat

392 5276 544 5345 ipsos
580 5275 646 5330 iis
677 5274 1028 5345 passionibus
1079 5273 1308 5345 corripi,
1351 5289 1472 5344 quae
1504 5288 1535 5327 a
1593 5285 1739 5330 recto
1789 5277 1973 5334 ofﬁcio

390 5369 618 5424 eosdem
675 5368 965 5425 deﬂectere
1027 5369 1239 5424 idoneae
1298 5368 1595 5425 erant.tln
1645 5380 1789 5449 terra
1847 5386 1975 5428 vero

392 5461 786 5527 Chanaannid
820 5469 906 5517 est
933 5462 987 5516 in
1027 5474 1325 5531 conspectu
1359 5463 1814 5537 alienigenarum.
1854 5464 1973 5521 Mo-

395 5552 594 5608 testius
623 5553 770 5608 enim
804 5553 1107 5617 accidebat,
1130 5552 1254 5609 illos
1282 5556 1375 5626 qui
1408 5564 1643 5615 veterem
1662 5553 1976 5614 Iudaeorum

492 5755 536 5787 τί*
561 5749 709 5811 Poet.
751 5770 906 5825 nm,
946 5755 1036 5813 9.2.
1115 5758 1157 5790 "'
1192 5754 1329 5814 Ibid.
1376 5759 1457 5816 19.

2084 586 2354 654 Ἀφθόνως
2407 590 2535 657 ὑμῖν
2590 592 2680 642 καὶ
2727 592 2846 643 καθ’
2899 590 3051 660 ὥραν
3084 590 3179 643 τὸν
3223 588 3376 642 ὐετὺν
3426 588 3654 659 παρέξει

2066 677 2223 740 Θεὸς,
2256 679 2314 731 ὲν
2349 681 2586 750 σχήματι
2621 679 3006 751 προστακτικῷ
3032 680 3128 750 τὴν
3162 681 3392 750 μήνυσιν
3420 679 3643 747 πεποίη-

2069 785 2160 821 ται
2191 768 2283 821 τοῦ
2311 770 2590 839 ἐσομένου.
2626 771 2728 824 Τὸν
2755 770 2915 824 αὐτὸν
3046 770 3245 840 τρόπον
3279 769 3554 822 κάνταῦθα
3585 769 3653 823 τὰ

2072 861 2200 931 περὶ
2228 861 2318 913 τὸν
2355 862 2482 915 λαὸν
2508 863 2744 921 ἐσόμενα
2791 862 2937 915 κακά
2986 859 3372 932 προστακτικῷ
3409 861 3653 929 σχήματι

2071 953 2346 1024 προλέγει,
2380 953 2590 1009 τοιοῦτό
2629 972 2684 1008 τι
2729 954 2933 1023 λέγων,
2969 957 3049 1008 ὅτι
3105 952 3186 1006 Τὰ
3219 952 3318 1022 μὲν
3352 954 3481 1025 παρ’
3515 951 3650 1021 ἐμοῦ

2071 1047 2201 1115 περὶ
2235 1046 2326 1098 τὸν
2356 1046 2481 1099 λαὸν
2508 1046 2659 1098 ἔσται
2688 1039 2883 1117 οἷάπερ
2913 1043 3081 1114 ἔφθην
3109 1042 3275 1096 εἰπών
3295 1060 3309 1071 ·
3342 1044 3435 1095 καὶ
3465 1042 3652 1096 τοσούη

2068 1155 2177 1189 των
2228 1139 2326 1208 μὲν
2359 1139 2654 1193 ἀπολαύσει
2684 1138 2743 1192 τὸ
2771 1137 2921 1202 ἔθνος
2949 1137 3187 1206 ἀγαθῶν,
3234 1138 3293 1188 ἐν
3332 1136 3563 1205 τοσαύτη
3592 1135 3648 1187 δὲ

2070 1236 2356 1301 γενήσεται
2388 1234 2420 1301 ή
2479 1230 2827 1305 Ἰερουσαλὴμ
2859 1228 3081 1299 εὐθηνία
3107 1268 3121 1292 ,
3176 1224 3646 1297 κατακρατήσουσί

2071 1341 2130 1377 τε
2179 1327 2287 1376 τῶν
2336 1324 2637 1392 πολεμίων,
2674 1324 2765 1392 ἀφ’
2789 1317 2862 1376 ὧν
2896 1323 2960 1394 δὴ
2998 1323 3088 1375 καὶ
3127 1322 3291 1375 πολὺν
3336 1320 3648 1392 ἀθροίσουσι

2072 1412 2298 1466 πλοῦτον
2325 1431 2337 1443 ·
2389 1416 2488 1467 οὐκ
2535 1417 2614 1476 εἰς
2656 1413 2771 1466 δέον
2796 1411 2851 1465 δὲ
2879 1415 2945 1483 τῇ
2990 1411 3262 1482 εὐπραγίᾳ
3290 1412 3644 1483 χρησάμενοι,

2070 1506 2163 1558 καὶ
2189 1505 2252 1576 δὴ
2282 1506 2417 1577 πρὸς
2443 1508 2501 1559 τὸ
2542 1509 2721 1576 χεῖρον
2766 1506 2983 1567 ἰδόντες.
3012 1503 3116 1557 ὐπὸ
3143 1503 3406 1573 ποιμένας
3436 1502 3646 1555 ἔσονται

2070 1598 2345 1662 τοιούτους
2371 1598 2512 1652 ὥστε
2540 1599 2693 1669 δίκην
2723 1598 3009 1670 προϐάτιον
3052 1596 3282 1665 ἄγεσθαι
3330 1597 3420 1649 ὐπ’
3465 1597 3647 1657 αὐτοῖς

2072 1690 2150 1752 είς
2193 1689 2405 1760 σφαγὴν
2448 1690 2781 1761 ἐκκειμένων
2801 1706 2812 1717 ·
2864 1686 2974 1742 οἶόν
3006 1691 3120 1741 ἐστι
3150 1688 3239 1741 καὶ
3266 1687 3415 1757 παρὰ
3439 1685 3516 1756 τῷ
3546 1703 3649 1756 μα-

2072 1784 2247 1855 καρίῳ
2288 1781 2450 1837 Δαυῖδ
2480 1782 2558 1845 τὸ,
2614 1802 2632 1833 ι
2675 1781 3061 1852 Ἐλογίσθημεν
3093 1778 3169 1841 ὡς
3215 1780 3461 1849 πρόϐατα
3506 1795 3647 1846 σφα-α

2069 1877 2193 1945 γῆς,
2226 1895 2244 1927 ι
2293 1876 2421 1946 περὶ
2461 1874 2569 1927 τῶν
2607 1873 2786 1927 αὐτῶν
2830 1873 3139 1944 εἰρημένον.
3183 1870 3438 1923 Βούλεται
3478 1869 3534 1922 δὲ
3566 1871 3647 1922 εί-

2070 1973 2211 2031 πεῖν,
2240 1969 2322 2022 ὅτι
2353 1968 2622 2038 Οὐδεμιᾶς
2662 1967 3055 2037 ὰξιωθήσονται
3099 1963 3432 2033 ἐπιμελείας,
3468 1962 3649 2014 πάντα

2069 2060 2125 2113 δὲ
2158 2060 2432 2114 πείσονται
2458 2059 2532 2122 ώς
2554 2061 2632 2122 είς
2658 2058 2718 2111 τὸ
2751 2055 3080 2126 σφάττεσθαι
3104 2055 3262 2124 μόνον
3288 2054 3645 2123 ἐκδεδομένοι.

2069 2155 2179 2207 Καὶ
2208 2154 2299 2207 τὸν
2329 2155 2527 2223 τρόπον
2554 2152 2728 2220 λέγων
2749 2168 2760 2179 ·
2810 2169 2827 2202 ι
2846 2152 2913 2201 Ἃ
2937 2150 2986 2202 οἱ
3022 2146 3349 2216 κτησάμενοι
3380 2145 3649 2210 κατέσφαια

2071 2246 2182 2312 ζον,
2217 2247 2311 2298 καὶ¹
2341 2248 2401 2298 οὐ
2448 2244 2824 2315 μετεμέλοντο.
2865 2261 2883 2294 ι
2939 2241 3000 2293 Oi
3041 2240 3138 2309 μὲν
3182 2237 3292 2308 γάρ
3322 2236 3648 2308 κρατοῦντες

2071 2338 2251 2391 αὐτῶν
2276 2337 2513 2408 βασιλεῖς
2541 2337 2639 2406 οὐχ
2664 2335 2740 2399 ώς
2770 2335 2915 2388 ἰδίων
2944 2331 3305 2403 ἐπεμελοῦντο
3331 2329 3646 2400 κτημάτων.

2068 2432 2145 2494 ὡς
2176 2431 2232 2484 δὲ
2266 2429 2559 2499 πολεμίους
2586 2425 2820 2499 ἀνῄρουν
2861 2424 3102 2494 ἀνηλεῶς
3127 2442 3140 2454 ·
3175 2422 3333 2476 τοῦτο
3361 2421 3468 2491 γὰρ
3502 2420 3657 2490 δηλοῖ

2071 2525 2151 2585 τὸ,
2180 2527 2250 2579 οὐ
2272 2525 2692 2593 μετεμέλοντο.
2714 2540 2731 2571 ι
2756 2520 2862 2573 Καὶ
2887 2519 2935 2570 οί
2962 2515 3267 2579 πωλοῦντες
3288 2514 3427 2567 αὐτὰ
3447 2513 3650 2580 ἔλεγον,

2071 2615 2375 2686 Εὐλογητὸς
2408 2614 2630 2681 Κύριος,
2664 2611 2758 2665 καὶ
2787 2610 3261 2680 πεπλουτὴκαμεν.
3289 2626 3306 2657 ι
3342 2607 3403 2660 Οί
3434 2605 3490 2659 δὲ
3516 2605 3650 2656 ἀπο-

2070 2709 2335 2779 διδόμενοι
2363 2708 2475 2769 τοῖς
2506 2704 2781 2777 βασιλεῦσι
2803 2704 2863 2756 τὸ
2894 2702 3063 2765 ἔθνος,
3101 2699 3192 2754 καὶ
3221 2699 3420 2769 πόρους
3441 2700 3503 2750 ἐκ
3526 2694 3651 2749 τούο

2062 2818 2163 2854 του
2200 2798 2546 2866 συλλέγοντες
2566 2836 2581 2859 ,
2625 2792 2877 2847 τοσοῦτον
2926 2793 3149 2859 ἀπεῖχον
3181 2789 3273 2842 τοῦ
3300 2787 3652 2859 αἰσχύνεσθαι

2074 2890 2167 2945 ἐπὶ
2199 2892 2264 2960 τῇ
2301 2886 2538 2958 τοσαύτῃ
2578 2882 2879 2953 πλεονεξία,
2927 2884 3000 2951 (p.
3030 2880 3155 2949 5H)
3192 2877 3332 2933 ὥστε
3369 2880 3464 2932 καὶ
3492 2879 3652 2948 εὐχα-

2078 2980 2287 3054 ριστίας
2315 2978 2462 3044 ἀξιον
2489 2974 2742 3047 ἡγεῖσθαι
2775 2973 2873 3044 τὴν
2900 2969 3153 3041 τοιαύτην
3178 2970 3456 3040 εὐπορίαν.
3500 2988 3516 3018 ι
3544 2968 3653 3021 Καὶ

2072 3075 2119 3125 οἱ
2152 3071 2408 3141 ποιμένες
2442 3068 2622 3122 αὐτῶν
2653 3068 2755 3120 οὐκ
2798 3065 3033 3135 ἔπασχον
3061 3063 3211 3117 οὐδὲν
3260 3062 3346 3114 ἐπ’
3391 3061 3595 3121 αὐτοῖς.
3626 3078 3657 3111 r

1994 3171 2037 3227 C
2085 3161 2461 3214 Ἐπιστεύοντο
2503 3158 2559 3211 δὲ
2607 3158 2785 3211 αὐτῶν
2820 3156 2913 3208 καὶ
2951 3155 3051 3226 τὴν
3093 3152 3414 3207 ἐπιστασίαν
3460 3151 3660 3221 ἂνδρες-

2076 3255 2265 3308 οὐδένα
2301 3254 2448 3307 ἔλεον
2479 3251 2658 3306 αὐτῶν
2694 3249 2962 3304 ποιεῖσθαι
2996 3246 3292 3308 ἐθέλοντες.

2143 3368 2293 3438 Στίχ.
2329 3375 2402 3432 ς’.
2454 3397 2522 3408 -
2574 3386 2592 3417 ι
2620 3365 2720 3419 Διά
2747 3363 2906 3418 τοῦτο
2949 3363 3009 3415 οὐ
3042 3362 3302 3431 φείσομαι
3339 3358 3522 3412 οὐκέτι
3562 3359 3658 3410 ἐπὶ

2073 3460 2198 3521 τούς
2229 3458 2615 3519 κατοικοῦντας
2653 3456 2753 3525 τὴν
2800 3455 2905 3524 γῆν
2927 3493 2941 3517 ,
2984 3453 3133 3519 λέγει
3165 3451 3386 3521 Κύριος.
3417 3468 3435 3500 ι
3483 3448 3667 3518 ’Υπὲρ

2074 3551 2279 3604 τούτων
2303 3550 2499 3612 αὐτοὺς
2530 3549 2745 3618 ἀφήσω,
2781 3545 3051 3616 μηδεμιᾶς
3077 3542 3243 3607 ἀξιῶν
3268 3540 3523 3612 προνοίας
3555 3538 3656 3606 τῆς

2078 3643 2207 3715 παρ’
2235 3642 2388 3712 ἐμοῦ.
2423 3641 2562 3695 ιΚαὶ
2595 3641 2702 3693 ἰδοὺ
2729 3639 2839 3707 ἐγὼ
2862 3637 3162 3706 ἀποδίδωμι
3188 3638 3311 3698 τούς
3335 3633 3659 3706 ἀνθρώπους

2075 3734 2302 3789 ἕκαστον
2349 3734 2427 3796 εἰς
2458 3731 2555 3796 τὰς
2585 3733 2772 3802 χεῖρας
2812 3729 2906 3783 τοῦ
2957 3730 3182 3800 πλησίον
3230 3725 3417 3787 αὐτοῦ,
3450 3725 3545 3778 καὶ
3577 3727 3659 3788 εἰς

2078 3830 2264 3898 χεῖρας
2301 3824 2560 3895 βασιλέως
2591 3822 2755 3876 αὐτοῦ
2779 3839 2792 3853 ·
2846 3820 2941 3874 καὶ
2986 3817 3385 3886 κατακόψουσιν
3435 3817 3516 3879 είς
3559 3815 3658 3885 τὴν

2079 3920 2182 3989 γῆν
2216 3917 2456 3971 Χαναὰν.
2493 3935 2511 3968 ι
2565 3913 2975 3984 Καταλιμπάνω
3015 3910 3073 3963 δὲ.
3120 3909 3315 3971 αὐτοὺς
3350 3906 3658 3976 πάσχοντας

2078 4013 2146 4065 τὰ
2174 4012 2448 4080 ἀνήκεστα
2498 4007 2652 4076 παρά
2678 4023 2739 4058 τε
2771 4005 2878 4059 τῶν
2923 4006 2981 4057 ἐν
3030 4006 3144 4066 τοῖς
3185 4000 3406 4063 οἰκείοις
3444 3999 3654 4069 μοχθη-

2083 4102 2210 4175 ρῶν,
2248 4100 2342 4152 καὶ
2386 4098 2535 4169 παρὰ
2575 4095 2681 4149 τῶν
2711 4092 2975 4165 βασιλέων
3007 4086 3502 4161 ἐπιστρατευόντων
3558 4085 3656 4137 αὐ-

2078 4196 2211 4256 τοῖς,
2263 4191 2558 4261 ἐπειδήπερ
2599 4187 2824 4248 ἑαυτοὺς
2862 4184 2920 4251 ἐξ
2971 4176 3047 4237 ὧν
3091 4181 3413 4252 πράττουσι,
3455 4175 3662 4229 τούτων

2081 4287 2263 4351 ἀξίους
2297 4282 2618 4356 ἐργάζονται
2654 4298 2667 4312 ο
2717 4277 2861 4331 οὕτω
2900 4294 2960 4329 τε
3005 4275 3204 4336 πάντες
3244 4274 3341 4344 μὲν
3370 4268 3661 4341 ἀναιρεθή-

2083 4396 2266 4432 σονται
2299 4373 2496 4447 μικροῦ
2527 4374 2575 4426 οἱ
2603 4371 2701 4442 τὴν
2746 4366 3005 4423 Ἰουδαίαν
3033 4366 3308 4428 οἰκοῦντες
3329 4380 3340 4392 ·
3374 4363 3531 4415 τοῦτο
3550 4360 3660 4430 γὰρ

2079 4464 2246 4532 λέγει,
2275 4459 2690 4529 «Κατακόψουσι
2713 4457 2811 4528 τὴν
2836 4456 2962 4526 γῆν,
2984 4475 3002 4509 t
3035 4454 3290 4524 οὐδεμιᾶς
3317 4453 3499 4514 αὐτοῖς
3528 4449 3659 4520 παρ’

2081 4554 2216 4624 ἐμοῦ
2249 4551 2497 4623 βοηθείας
2532 4548 2913 4621 παρεχομένης
2947 4548 3027 4608 είς
3055 4546 3117 4599 τὸ
3148 4546 3246 4616 τῆς
3270 4543 3377 4597 τῶν
3402 4542 3663 4596 ἐναντίων

2082 4643 2435 4715 ἐπικρατείας
2481 4640 2897 4709 ἀπαλλαγῆναι·
2955 4636 3069 4702 ἄξω
3110 4636 3168 4690 δὲ
3211 4636 3337 4697 τοὺς
3385 4633 3516 4705 πρὸς
3561 4632 3663 4703 τὴν

2084 4736 2303 4806 σφαγὴν
2331 4737 2397 4788 ἐκ
2424 4733 2531 4787 τῶν
2559 4731 2775 4785 οἰκείων
2806 4729 2984 4802 ἔργων
3014 4726 3385 4797 ἐκκειμένους,
3416 4723 3491 4787 ώς
3517 4722 3663 4787 εἰκὸς

2084 4826 2313 4896 ἄγεσθαι
2341 4827 2468 4888 τοὺς
2500 4823 2775 4886 τοιούτους
2823 4822 2909 4874 ἐπ’
2955 4819 3112 4891 ὕψεσι
3155 4818 3265 4872 τῶν
3298 4816 3618 4870 Χαναναίων
3643 4832 3658 4845 ·

2083 4917 2144 4971 τὸ
2163 4917 2292 4988 γὰρ,
2317 4914 2606 4985 ιΠοιμανῶ
2628 4914 2697 4968 τὰ
2717 4912 2966 4985 πρόϐατα
2992 4909 3093 4980 τῆς
3115 4907 3354 4978 σφαγῆς,
3376 4905 3491 4959 »ἵνα
3505 4902 3658 4976 εἴπῃ,

2083 5010 2165 5065 ὅτι
2233 5007 2355 5063 Ἐπὶ
2398 5005 2499 5077 τὴν
2548 5005 2763 5081 σφαγὴν
2813 5002 3010 5064 αὐτοὺς
3060 4998 3195 5063 ἄξω,
3240 4997 3337 5066 οὐχ
3380 4996 3456 5057 ώς
3500 4994 3664 5053 αὐτὸς

2083 5099 2278 5163 ποιῶν,
2313 5097 2450 5152 ἀλλὰ
2497 5096 2579 5170 τῷ
2617 5097 2871 5168 ἀφιέναι·
2923 5093 3047 5148 ἐπεὶ
3091 5091 3188 5145 καὶ
3228 5087 3386 5143 τοῦτο
3427 5086 3549 5150 ἔθος
3597 5087 3663 5156 τῇ

2085 5192 2204 5264 θεία
2232 5192 2425 5265 Γραφῇ
2444 5190 2505 5244 τὸ
2533 5191 2633 5262 τὴν
2660 5186 3009 5260 συγχώρησιν
3034 5186 3133 5255 τὴν
3154 5181 3307 5237 θείαν
3334 5180 3412 5245 ὡς,
3432 5178 3665 5251 πρᾶγμα

2081 5283 2261 5352 λέγειν
2282 5298 2295 5314 ·
2326 5288 2399 5355 (p.
2420 5282 2544 5352 512)
2573 5277 2683 5341 οἶόν
2706 5282 2823 5335 ἐστι
2846 5278 2927 5343 τὸ,
2957 5295 2975 5329 ι
2999 5274 3309 5339 Ἐξέκλινας
3328 5271 3426 5335 τὰς
3444 5269 3666 5343 τρίϐους

2080 5376 2240 5448 ἡμῶν
2265 5375 2372 5431 ἀπὸ
2394 5375 2495 5445 τῆς
2519 5373 2638 5431 ἁδοῦ
2662 5389 2777 5427 σουο
2804 5392 2823 5427 ι
2850 5373 2948 5443 οὐχ
2968 5371 3052 5425 ὅτι
3075 5367 3208 5431 θεὸς
3235 5363 3530 5432 ἐξέκλινεν,
3551 5359 3664 5415 ἀλλ’

2081 5466 2163 5521 ὅτι
2208 5464 2549 5537 συνεχώρησε
2601 5463 2793 5518 παθεῖν
2846 5462 2990 5526 ειπερ
3033 5459 3228 5521 αὐτοὺς
3259 5453 3520 5528 ἐκτρέψαι
3568 5448 3665 5505 τοῦ

2085 5557 2455 5628 προσήκοντος
2487 5550 2555 5627 ἦν
2580 5554 2757 5610 ἱκανά.
2778 5552 2853 5608 Τὸ
2874 5552 2953 5622 δὲ,
2977 5551 3101 5615 «Εἰς
3121 5548 3222 5620 τὴν
3249 5547 3355 5618 γῆν
3386 5544 3663 5609 Xawaéw
