  <div class='ocr_page' id='page_1' title='image "/cluster/home/n/w/nwhite01/storage/ocr_20150623/66/coo.31924054869676/295.png"; bbox 0 0 4162 6532; ppageno 0'>
   <div class='ocr_carea' id='block_1_1' title="bbox 364 368 470 425">
    <p class='ocr_par' dir='ltr' id='par_1_1' title="bbox 364 368 470 425">
     <span class='ocr_line' id='line_1_1' title="bbox 364 368 470 425; baseline 0 -1"><span class='ocrx_word' id='word_1_1' title='bbox 364 368 470 425; x_wconf 81' lang='lat'><strong>575</strong></span> 
     </span>
    </p>
   </div>
   <div class='ocr_carea' id='block_1_2' title="bbox 1566 360 2431 421">
    <p class='ocr_par' dir='ltr' id='par_1_2' title="bbox 1566 360 2431 421">
     <span class='ocr_line' id='line_1_2' title="bbox 1566 360 2431 421; baseline 0.002 -3"><span class='ocrx_word' id='word_1_2' title='bbox 1566 361 1912 421; x_wconf 75' lang='lat' dir='ltr'><strong>THEODORI</strong></span> <span class='ocrx_word' id='word_1_3' title='bbox 1943 360 2174 421; x_wconf 73' lang='lat' dir='ltr'><strong>MOPSU</strong></span> <span class='ocrx_word' id='word_1_4' title='bbox 2184 360 2431 421; x_wconf 81' lang='lat' dir='ltr'><strong>ESTENI</strong></span> 
     </span>
    </p>
   </div>
   <div class='ocr_carea' id='block_1_3' title="bbox 3528 371 3630 429">
    <p class='ocr_par' dir='ltr' id='par_1_3' title="bbox 3528 371 3630 429">
     <span class='ocr_line' id='line_1_3' title="bbox 3528 371 3630 429; baseline 0.02 -2"><span class='ocrx_word' id='word_1_5' title='bbox 3528 371 3630 429; x_wconf 74' lang='lat'><strong>576</strong></span> 
     </span>
    </p>
   </div>
   <div class='ocr_carea' id='block_1_4' title="bbox 365 480 1957 556">
    <p class='ocr_par' dir='ltr' id='par_1_4' title="bbox 365 480 1941 556">
     <span class='ocr_line' id='line_1_4' title="bbox 365 480 1941 556; baseline -0.001 -18"><span class='ocrx_word' id='word_1_6' title='bbox 365 481 665 546; x_wconf 72' lang='lat' dir='ltr'><strong>moriatur;</strong></span> <span class='ocrx_word' id='word_1_7' title='bbox 718 489 771 535; x_wconf 79' lang='lat' dir='ltr'><strong>et</strong></span> <span class='ocrx_word' id='word_1_8' title='bbox 815 480 957 550; x_wconf 86' lang='lat' dir='ltr'><strong>quod</strong></span> <span class='ocrx_word' id='word_1_9' title='bbox 1013 481 1219 547; x_wconf 89' lang='lat' dir='ltr'><strong>delicit,</strong></span> <span class='ocrx_word' id='word_1_10' title='bbox 1264 481 1523 547; x_wconf 85' lang='lat' dir='ltr'><strong>deﬁciat;</strong></span> <span class='ocrx_word' id='word_1_11' title='bbox 1568 482 1734 556; x_wconf 61' lang='lat'><strong>35.6</strong></span> <span class='ocrx_word' id='word_1_12' title='bbox 1760 491 1815 540; x_wconf 87' lang='lat' dir='ltr'><strong>et</strong></span> <span class='ocrx_word' id='word_1_13' title='bbox 1848 481 1941 553; x_wconf 93' lang='lat' dir='ltr'><strong>qui</strong></span> 
     </span>
    </p>
   </div>
   <div class='ocr_carea' id='block_1_5' title="bbox 2058 480 3631 556">
    <p class='ocr_par' dir='ltr' id='par_1_5' title="bbox 2058 482 3631 554">
     <span class='ocr_line' id='line_1_5' title="bbox 2058 482 3631 554; baseline 0.002 -19"><span class='ocrx_word' id='word_1_14' title='bbox 2058 482 2202 551; x_wconf 68' lang='grc' dir='ltr'>γοῦν·</span> <span class='ocrx_word' id='word_1_15' title='bbox 2230 502 2248 535; x_wconf 80' lang='grc' dir='ltr'><strong>ι</strong></span> <span class='ocrx_word' id='word_1_16' title='bbox 2274 483 2347 535; x_wconf 79' lang='grc' dir='ltr'><strong>Τὸ</strong></span> <span class='ocrx_word' id='word_1_17' title='bbox 2364 482 2708 554; x_wconf 77' lang='grc' dir='ltr'><strong>ἀποθνῆσκον</strong></span> <span class='ocrx_word' id='word_1_18' title='bbox 2732 482 3143 554; x_wconf 80' lang='grc' dir='ltr'>ἀποθνησκέτω,</span> <span class='ocrx_word' id='word_1_19' title='bbox 3170 484 3265 537; x_wconf 72' lang='grc' dir='ltr'>καὶ</span> <span class='ocrx_word' id='word_1_20' title='bbox 3294 482 3353 536; x_wconf 75' lang='grc' dir='ltr'><strong>τὸ</strong></span> <span class='ocrx_word' id='word_1_21' title='bbox 3381 482 3631 538; x_wconf 73' lang='grc' dir='ltr'><strong>ἐκλεῖπον</strong></span> 
     </span>
    </p>
   </div>
   <div class='ocr_carea' id='block_1_6' title="bbox 367 570 1946 645">
    <p class='ocr_par' dir='ltr' id='par_1_6' title="bbox 367 570 1946 645">
     <span class='ocr_line' id='line_1_6' title="bbox 367 570 1946 645; baseline 0.001 -20"><span class='ocrx_word' id='word_1_22' title='bbox 367 572 564 642; x_wconf 65' lang='lat' dir='ltr'><strong>reliqui</strong></span> <span class='ocrx_word' id='word_1_23' title='bbox 596 570 798 625; x_wconf 90' lang='lat' dir='ltr'><strong>fuerint</strong></span> <span class='ocrx_word' id='word_1_24' title='bbox 826 572 1117 627; x_wconf 78' lang='lat' dir='ltr'><strong>comedunt</strong></span> <span class='ocrx_word' id='word_1_25' title='bbox 1157 574 1536 645; x_wconf 78' lang='lat' dir='ltr'><strong>unusquisque</strong></span> <span class='ocrx_word' id='word_1_26' title='bbox 1568 590 1765 629; x_wconf 85' lang='lat' dir='ltr'><strong>carnes</strong></span> <span class='ocrx_word' id='word_1_27' title='bbox 1817 588 1946 644; x_wconf 84' lang='lat' dir='ltr'><strong>pro-</strong></span> 
     </span>
    </p>
   </div>
   <div class='ocr_carea' id='block_1_7' title="bbox 366 663 1948 738">
    <p class='ocr_par' dir='ltr' id='par_1_7' title="bbox 366 663 1948 738">
     <span class='ocr_line' id='line_1_7' title="bbox 366 663 1948 738; baseline 0.001 -20"><span class='ocrx_word' id='word_1_28' title='bbox 366 666 497 718; x_wconf 82' lang='lat' dir='ltr'><strong>ximi</strong></span> <span class='ocrx_word' id='word_1_29' title='bbox 547 666 695 721; x_wconf 64' lang='lat' dir='ltr'><strong>sui.»</strong></span> <span class='ocrx_word' id='word_1_30' title='bbox 734 663 942 729; x_wconf 87' lang='lat' dir='ltr'><strong>Sinam,</strong></span> <span class='ocrx_word' id='word_1_31' title='bbox 995 666 1193 736; x_wconf 92' lang='lat' dir='ltr'><strong>inquit,</strong></span> <span class='ocrx_word' id='word_1_32' title='bbox 1237 682 1681 738; x_wconf 78' lang='lat' dir='ltr'><strong>unumquemque</strong></span> <span class='ocrx_word' id='word_1_33' title='bbox 1706 682 1772 721; x_wconf 82' lang='lat' dir='ltr'><strong>ex</strong></span> <span class='ocrx_word' id='word_1_34' title='bbox 1820 681 1948 735; x_wconf 84' lang='lat' dir='ltr'><strong>pro-</strong></span> 
     </span>
    </p>
   </div>
   <div class='ocr_carea' id='block_1_8' title="bbox 368 757 1946 828">
    <p class='ocr_par' dir='ltr' id='par_1_8' title="bbox 368 757 1946 828">
     <span class='ocr_line' id='line_1_8' title="bbox 368 757 1946 828; baseline 0.003 -21"><span class='ocrx_word' id='word_1_35' title='bbox 368 758 485 825; x_wconf 84' lang='lat' dir='ltr'><strong>pria</strong></span> <span class='ocrx_word' id='word_1_36' title='bbox 513 757 716 811; x_wconf 88' lang='lat' dir='ltr'><strong>malitia</strong></span> <span class='ocrx_word' id='word_1_37' title='bbox 754 757 1036 828; x_wconf 86' lang='lat' dir='ltr'><strong>percipere</strong></span> <span class='ocrx_word' id='word_1_38' title='bbox 1063 757 1425 828; x_wconf 89' lang='lat' dir='ltr'><strong>punitionem,</strong></span> <span class='ocrx_word' id='word_1_39' title='bbox 1461 759 1694 813; x_wconf 83' lang='lat' dir='ltr'><strong>invicem</strong></span> <span class='ocrx_word' id='word_1_40' title='bbox 1740 772 1946 812; x_wconf 85' lang='lat' dir='ltr'><strong>consu—</strong></span> 
     </span>
    </p>
   </div>
   <div class='ocr_carea' id='block_1_9' title="bbox 369 848 1947 917">
    <p class='ocr_par' dir='ltr' id='par_1_9' title="bbox 369 848 1947 917">
     <span class='ocr_line' id='line_1_9' title="bbox 369 848 1947 917; baseline 0.004 -18"><span class='ocrx_word' id='word_1_41' title='bbox 369 848 640 901; x_wconf 89' lang='lat' dir='ltr'><strong>mentibus</strong></span> <span class='ocrx_word' id='word_1_42' title='bbox 684 863 780 917; x_wconf 89' lang='lat' dir='ltr'><strong>per</strong></span> <span class='ocrx_word' id='word_1_43' title='bbox 815 849 1215 913; x_wconf 84' lang='lat' dir='ltr'><strong>contentiones,</strong></span> <span class='ocrx_word' id='word_1_44' title='bbox 1265 849 1665 911; x_wconf 85' lang='lat' dir='ltr'><strong>dimicationes,</strong></span> <span class='ocrx_word' id='word_1_45' title='bbox 1716 860 1770 904; x_wconf 92' lang='lat' dir='ltr'><strong>et</strong></span> <span class='ocrx_word' id='word_1_46' title='bbox 1814 851 1947 905; x_wconf 89' lang='lat' dir='ltr'><strong>insi-</strong></span> 
     </span>
    </p>
   </div>
   <div class='ocr_carea' id='block_1_10' title="bbox 368 938 1945 1010">
    <p class='ocr_par' dir='ltr' id='par_1_10' title="bbox 368 938 1945 1010">
     <span class='ocr_line' id='line_1_10' title="bbox 368 938 1945 1010; baseline 0.002 -19"><span class='ocrx_word' id='word_1_47' title='bbox 368 939 581 992; x_wconf 84' lang='lat' dir='ltr'><strong>diarum</strong></span> <span class='ocrx_word' id='word_1_48' title='bbox 652 947 1009 993; x_wconf 83' lang='lat' dir='ltr'><strong>structuram.</strong></span> <span class='ocrx_word' id='word_1_49' title='bbox 1075 938 1181 995; x_wconf 74' lang='lat' dir='ltr'><strong>«Et</strong></span> <span class='ocrx_word' id='word_1_50' title='bbox 1238 956 1447 995; x_wconf 91' lang='lat' dir='ltr'><strong>sumam</strong></span> <span class='ocrx_word' id='word_1_51' title='bbox 1509 939 1713 1010; x_wconf 83' lang='lat' dir='ltr'><strong>virgam</strong></span> <span class='ocrx_word' id='word_1_52' title='bbox 1771 956 1945 995; x_wconf 87' lang='lat' dir='ltr'><strong>meam</strong></span> 
     </span>
    </p>
   </div>
   <div class='ocr_carea' id='block_1_11' title="bbox 368 1031 1946 1103">
    <p class='ocr_par' dir='ltr' id='par_1_11' title="bbox 368 1031 1946 1103">
     <span class='ocr_line' id='line_1_11' title="bbox 368 1031 1946 1103; baseline 0.003 -21"><span class='ocrx_word' id='word_1_53' title='bbox 368 1031 686 1098; x_wconf 82' lang='lat' dir='ltr'><strong>pulchram,</strong></span> <span class='ocrx_word' id='word_1_54' title='bbox 751 1040 805 1087; x_wconf 91' lang='lat' dir='ltr'><strong>et</strong></span> <span class='ocrx_word' id='word_1_55' title='bbox 872 1033 1158 1103; x_wconf 87' lang='lat' dir='ltr'><strong>projiciam</strong></span> <span class='ocrx_word' id='word_1_56' title='bbox 1221 1048 1340 1087; x_wconf 90' lang='lat' dir='ltr'><strong>eam</strong></span> <span class='ocrx_word' id='word_1_57' title='bbox 1397 1033 1468 1088; x_wconf 88' lang='lat' dir='ltr'><strong>ob</strong></span> <span class='ocrx_word' id='word_1_58' title='bbox 1525 1033 1946 1103; x_wconf 85' lang='lat' dir='ltr'><strong>dispergendum</strong></span> 
     </span>
    </p>
   </div>
   <div class='ocr_carea' id='block_1_12' title="bbox 368 1125 1949 1194">
    <p class='ocr_par' dir='ltr' id='par_1_12' title="bbox 368 1125 1949 1194">
     <span class='ocr_line' id='line_1_12' title="bbox 368 1125 1949 1194; baseline 0.003 -19"><span class='ocrx_word' id='word_1_59' title='bbox 368 1130 756 1178; x_wconf 85' lang='lat' dir='ltr'><strong>testamentum</strong></span> <span class='ocrx_word' id='word_1_60' title='bbox 789 1139 992 1189; x_wconf 84' lang='lat' dir='ltr'><strong>meum,</strong></span> <span class='ocrx_word' id='word_1_61' title='bbox 1028 1126 1174 1194; x_wconf 82' lang='lat' dir='ltr'><strong>quod</strong></span> <span class='ocrx_word' id='word_1_62' title='bbox 1205 1132 1502 1180; x_wconf 90' lang='lat' dir='ltr'><strong>statueram</strong></span> <span class='ocrx_word' id='word_1_63' title='bbox 1542 1139 1668 1179; x_wconf 88' lang='lat' dir='ltr'><strong>cum</strong></span> <span class='ocrx_word' id='word_1_64' title='bbox 1692 1125 1949 1180; x_wconf 83' lang='lat' dir='ltr'><strong>omnibus</strong></span> 
     </span>
    </p>
   </div>
   <div class='ocr_carea' id='block_1_13' title="bbox 369 1216 1950 1287">
    <p class='ocr_par' dir='ltr' id='par_1_13' title="bbox 369 1216 1950 1287">
     <span class='ocr_line' id='line_1_13' title="bbox 369 1216 1950 1287; baseline 0.003 -21"><span class='ocrx_word' id='word_1_65' title='bbox 369 1224 527 1269; x_wconf 61' lang='lat' dir='ltr'><strong>terra;</strong></span> <span class='ocrx_word' id='word_1_66' title='bbox 566 1216 843 1284; x_wconf 68' lang='lat' dir='ltr'><strong>populis.)</strong></span> <span class='ocrx_word' id='word_1_67' title='bbox 886 1216 1144 1274; x_wconf 80' lang='lat' dir='ltr'><strong>Auferam</strong></span> <span class='ocrx_word' id='word_1_68' title='bbox 1196 1217 1643 1287; x_wconf 67' lang='lat' dir='ltr'><strong>probatiSsimum</strong></span> <span class='ocrx_word' id='word_1_69' title='bbox 1704 1223 1758 1272; x_wconf 89' lang='lat' dir='ltr'><strong>et</strong></span> <span class='ocrx_word' id='word_1_70' title='bbox 1806 1219 1950 1286; x_wconf 84' lang='lat' dir='ltr'><strong>opti-</strong></span> 
     </span>
    </p>
   </div>
   <div class='ocr_carea' id='block_1_14' title="bbox 370 1308 1948 1383">
    <p class='ocr_par' dir='ltr' id='par_1_14' title="bbox 370 1308 1948 1383">
     <span class='ocr_line' id='line_1_14' title="bbox 370 1308 1948 1383; baseline 0.004 -24"><span class='ocrx_word' id='word_1_71' title='bbox 370 1324 517 1361; x_wconf 89' lang='lat' dir='ltr'><strong>mum</strong></span> <span class='ocrx_word' id='word_1_72' title='bbox 547 1308 938 1373; x_wconf 80' lang='lat' dir='ltr'><strong>sacerdotium,</strong></span> <span class='ocrx_word' id='word_1_73' title='bbox 971 1310 1118 1378; x_wconf 82' lang='lat' dir='ltr'><strong>humi</strong></span> <span class='ocrx_word' id='word_1_74' title='bbox 1149 1310 1260 1377; x_wconf 88' lang='lat' dir='ltr'><strong>jam</strong></span> <span class='ocrx_word' id='word_1_75' title='bbox 1289 1319 1627 1382; x_wconf 88' lang='lat' dir='ltr'><strong>prostratum</strong></span> <span class='ocrx_word' id='word_1_76' title='bbox 1658 1313 1726 1367; x_wconf 90' lang='lat' dir='ltr'><strong>ab</strong></span> <span class='ocrx_word' id='word_1_77' title='bbox 1755 1311 1824 1367; x_wconf 89' lang='lat' dir='ltr'><strong>iis</strong></span> <span class='ocrx_word' id='word_1_78' title='bbox 1855 1312 1948 1383; x_wconf 91' lang='lat' dir='ltr'><strong>qui</strong></span> 
     </span>
    </p>
   </div>
   <div class='ocr_carea' id='block_1_15' title="bbox 370 1401 1948 1471">
    <p class='ocr_par' dir='ltr' id='par_1_15' title="bbox 370 1401 1948 1471">
     <span class='ocr_line' id='line_1_15' title="bbox 370 1401 1948 1471; baseline 0.004 -19"><span class='ocrx_word' id='word_1_79' title='bbox 370 1412 816 1470; x_wconf 80' lang='lat' dir='ltr'><strong>oppugnaverant</strong></span> <span class='ocrx_word' id='word_1_80' title='bbox 853 1401 1018 1455; x_wconf 90' lang='lat' dir='ltr'><strong>illud:</strong></span> <span class='ocrx_word' id='word_1_81' title='bbox 1055 1403 1185 1471; x_wconf 91' lang='lat' dir='ltr'><strong>quin</strong></span> <span class='ocrx_word' id='word_1_82' title='bbox 1221 1412 1275 1458; x_wconf 89' lang='lat' dir='ltr'><strong>et</strong></span> <span class='ocrx_word' id='word_1_83' title='bbox 1319 1413 1611 1459; x_wconf 81' lang='lat' dir='ltr'><strong>extraneos</strong></span> <span class='ocrx_word' id='word_1_84' title='bbox 1641 1404 1710 1459; x_wconf 90' lang='lat' dir='ltr'><strong>ab</strong></span> <span class='ocrx_word' id='word_1_85' title='bbox 1750 1418 1815 1460; x_wconf 90' lang='lat' dir='ltr'><strong>eo</strong></span> <span class='ocrx_word' id='word_1_86' title='bbox 1849 1405 1948 1459; x_wconf 91' lang='lat' dir='ltr'><strong>ab—</strong></span> 
     </span>
    </p>
   </div>
   <div class='ocr_carea' id='block_1_16' title="bbox 372 1490 1950 1563">
    <p class='ocr_par' dir='ltr' id='par_1_16' title="bbox 372 1490 1950 1563">
     <span class='ocr_line' id='line_1_16' title="bbox 372 1490 1950 1563; baseline 0.005 -21"><span class='ocrx_word' id='word_1_87' title='bbox 372 1492 638 1546; x_wconf 74' lang='lat' dir='ltr'><strong>alienabo.</strong></span> <span class='ocrx_word' id='word_1_88' title='bbox 672 1490 806 1545; x_wconf 88' lang='lat' dir='ltr'><strong>Nam</strong></span> <span class='ocrx_word' id='word_1_89' title='bbox 833 1494 1075 1548; x_wconf 78' lang='lat' dir='ltr'><strong>extranei</strong></span> <span class='ocrx_word' id='word_1_90' title='bbox 1108 1494 1198 1563; x_wconf 91' lang='lat' dir='ltr'><strong>qui</strong></span> <span class='ocrx_word' id='word_1_91' title='bbox 1229 1495 1399 1549; x_wconf 89' lang='lat' dir='ltr'><strong>multo</strong></span> <span class='ocrx_word' id='word_1_92' title='bbox 1423 1502 1584 1549; x_wconf 89' lang='lat' dir='ltr'><strong>antea</strong></span> <span class='ocrx_word' id='word_1_93' title='bbox 1612 1511 1736 1549; x_wconf 89' lang='lat' dir='ltr'><strong>cum</strong></span> <span class='ocrx_word' id='word_1_94' title='bbox 1766 1495 1950 1551; x_wconf 89' lang='lat' dir='ltr'><strong>studio</strong></span> 
     </span>
    </p>
   </div>
   <div class='ocr_carea' id='block_1_17' title="bbox 372 1582 1952 1651">
    <p class='ocr_par' dir='ltr' id='par_1_17' title="bbox 372 1582 1952 1651">
     <span class='ocr_line' id='line_1_17' title="bbox 372 1582 1952 1651; baseline 0.006 -19"><span class='ocrx_word' id='word_1_95' title='bbox 372 1582 438 1634; x_wconf 83' lang='lat' dir='ltr'><strong>ad</strong></span> <span class='ocrx_word' id='word_1_96' title='bbox 477 1582 739 1651; x_wconf 90' lang='lat' dir='ltr'><strong>templum</strong></span> <span class='ocrx_word' id='word_1_97' title='bbox 766 1598 945 1637; x_wconf 91' lang='lat' dir='ltr'><strong>meum</strong></span> <span class='ocrx_word' id='word_1_98' title='bbox 978 1582 1329 1638; x_wconf 82' lang='lat' dir='ltr'><strong>confluebant</strong></span> <span class='ocrx_word' id='word_1_99' title='bbox 1363 1585 1434 1638; x_wconf 87' lang='lat' dir='ltr'><strong>ob</strong></span> <span class='ocrx_word' id='word_1_100' title='bbox 1463 1585 1665 1639; x_wconf 89' lang='lat' dir='ltr'><strong>rituum</strong></span> <span class='ocrx_word' id='word_1_101' title='bbox 1697 1600 1952 1641; x_wconf 88' lang='lat' dir='ltr'><strong>reveren-</strong></span> 
     </span>
    </p>
   </div>
   <div class='ocr_carea' id='block_1_18' title="bbox 371 1674 1949 1747">
    <p class='ocr_par' dir='ltr' id='par_1_18' title="bbox 371 1674 1949 1747">
     <span class='ocr_line' id='line_1_18' title="bbox 371 1674 1949 1747; baseline 0.004 -22"><span class='ocrx_word' id='word_1_102' title='bbox 371 1674 502 1726; x_wconf 83' lang='lat' dir='ltr'><strong>tiam</strong></span> <span class='ocrx_word' id='word_1_103' title='bbox 534 1674 625 1742; x_wconf 91' lang='lat' dir='ltr'><strong>qui</strong></span> <span class='ocrx_word' id='word_1_104' title='bbox 667 1674 779 1729; x_wconf 88' lang='lat' dir='ltr'><strong>illic</strong></span> <span class='ocrx_word' id='word_1_105' title='bbox 826 1674 1065 1744; x_wconf 79' lang='lat' dir='ltr'><strong>legitime</strong></span> <span class='ocrx_word' id='word_1_106' title='bbox 1092 1675 1539 1745; x_wconf 84' lang='lat' dir='ltr'><strong>perliciebantur,</strong></span> <span class='ocrx_word' id='word_1_107' title='bbox 1592 1676 1695 1747; x_wconf 86' lang='lat' dir='ltr'><strong>ipsi</strong></span> <span class='ocrx_word' id='word_1_108' title='bbox 1730 1692 1949 1747; x_wconf 89' lang='lat' dir='ltr'><strong>quoque</strong></span> 
     </span>
    </p>
   </div>
   <div class='ocr_carea' id='block_1_19' title="bbox 372 1767 1947 1841">
    <p class='ocr_par' dir='ltr' id='par_1_19' title="bbox 372 1767 1947 1841">
     <span class='ocr_line' id='line_1_19' title="bbox 372 1767 1947 1841; baseline 0.003 -22"><span class='ocrx_word' id='word_1_109' title='bbox 372 1782 402 1819; x_wconf 92' lang='lat' dir='ltr'><strong>a</strong></span> <span class='ocrx_word' id='word_1_110' title='bbox 449 1767 631 1834; x_wconf 80' lang='lat' dir='ltr'><strong>priore</strong></span> <span class='ocrx_word' id='word_1_111' title='bbox 657 1768 1055 1824; x_wconf 88' lang='lat' dir='ltr'><strong>consuetudine</strong></span> <span class='ocrx_word' id='word_1_112' title='bbox 1086 1769 1341 1825; x_wconf 87' lang='lat' dir='ltr'><strong>recedent</strong></span> <span class='ocrx_word' id='word_1_113' title='bbox 1373 1781 1596 1840; x_wconf 83' lang='lat' dir='ltr'><strong>propter</strong></span> <span class='ocrx_word' id='word_1_114' title='bbox 1626 1779 1947 1841; x_wconf 77' lang='lat' dir='ltr'><strong>regnantem</strong></span> 
     </span>
    </p>
   </div>
   <div class='ocr_carea' id='block_1_20' title="bbox 2049 572 3632 639">
    <p class='ocr_par' dir='ltr' id='par_1_20' title="bbox 2049 572 3632 639">
     <span class='ocr_line' id='line_1_20' title="bbox 2049 572 3632 639; baseline 0.003 -14"><span class='ocrx_word' id='word_1_115' title='bbox 2049 572 2339 639; x_wconf 75' lang='grc' dir='ltr'><strong>ἐκλιπέτω,</strong></span> <span class='ocrx_word' id='word_1_116' title='bbox 2366 575 2459 627; x_wconf 79' lang='grc' dir='ltr'>καὶ</span> <span class='ocrx_word' id='word_1_117' title='bbox 2485 573 2552 626; x_wconf 81' lang='grc' dir='ltr'>τὰ</span> <span class='ocrx_word' id='word_1_118' title='bbox 2574 573 2879 627; x_wconf 83' lang='grc' dir='ltr'>κατάλοιπα</span> <span class='ocrx_word' id='word_1_119' title='bbox 2919 572 3250 627; x_wconf 84' lang='grc' dir='ltr'>κατεσθιέτω</span> <span class='ocrx_word' id='word_1_120' title='bbox 3279 573 3507 638; x_wconf 77' lang='grc' dir='ltr'>ἕκαστος</span> <span class='ocrx_word' id='word_1_121' title='bbox 3532 578 3632 637; x_wconf 75' lang='grc' dir='ltr'>τὰς</span> 
     </span>
    </p>
   </div>
   <div class='ocr_carea' id='block_1_21' title="bbox 2050 664 3623 736">
    <p class='ocr_par' dir='ltr' id='par_1_21' title="bbox 2050 664 3623 736">
     <span class='ocr_line' id='line_1_21' title="bbox 2050 664 3623 736; baseline -0.001 -18"><span class='ocrx_word' id='word_1_122' title='bbox 2050 664 2259 735; x_wconf 85' lang='grc' dir='ltr'><strong>σάρκας</strong></span> <span class='ocrx_word' id='word_1_123' title='bbox 2280 664 2375 719; x_wconf 90' lang='grc' dir='ltr'><strong>τοῦ</strong></span> <span class='ocrx_word' id='word_1_124' title='bbox 2408 666 2633 736; x_wconf 80' lang='grc' dir='ltr'><strong>πλησίον</strong></span> <span class='ocrx_word' id='word_1_125' title='bbox 2645 665 2830 721; x_wconf 82' lang='grc' dir='ltr'>αὑτοῦ.</span> <span class='ocrx_word' id='word_1_126' title='bbox 2860 684 2880 718; x_wconf 72' lang='grc' dir='ltr'><strong>ι</strong></span> <span class='ocrx_word' id='word_1_127' title='bbox 2922 665 3148 735; x_wconf 80' lang='grc' dir='ltr'>Ἀφίημι</span> <span class='ocrx_word' id='word_1_128' title='bbox 3174 664 3251 730; x_wconf 88' lang='grc' dir='ltr'>δὲ,</span> <span class='ocrx_word' id='word_1_129' title='bbox 3286 665 3474 736; x_wconf 76' lang='grc' dir='ltr'>φησὶν,</span> <span class='ocrx_word' id='word_1_130' title='bbox 3499 666 3623 717; x_wconf 79' lang='grc' dir='ltr'>ἐκα-</span> 
     </span>
    </p>
   </div>
   <div class='ocr_carea' id='block_1_22' title="bbox 2049 754 3629 827">
    <p class='ocr_par' dir='ltr' id='par_1_22' title="bbox 2049 754 3629 827">
     <span class='ocr_line' id='line_1_22' title="bbox 2049 754 3629 827; baseline -0.002 -18"><span class='ocrx_word' id='word_1_131' title='bbox 2049 772 2175 809; x_wconf 89' lang='grc' dir='ltr'>στον</span> <span class='ocrx_word' id='word_1_132' title='bbox 2202 759 2267 810; x_wconf 88' lang='grc' dir='ltr'><strong>ἐκ</strong></span> <span class='ocrx_word' id='word_1_133' title='bbox 2308 756 2406 827; x_wconf 80' lang='grc' dir='ltr'>τῆς</span> <span class='ocrx_word' id='word_1_134' title='bbox 2435 755 2630 810; x_wconf 78' lang='grc' dir='ltr'>ἑαυτοῦ</span> <span class='ocrx_word' id='word_1_135' title='bbox 2679 758 2880 820; x_wconf 81' lang='grc' dir='ltr'>κακίας</span> <span class='ocrx_word' id='word_1_136' title='bbox 2917 755 3168 827; x_wconf 78' lang='grc' dir='ltr'>δέχεσθαι</span> <span class='ocrx_word' id='word_1_137' title='bbox 3208 757 3305 826; x_wconf 86' lang='grc' dir='ltr'>τὴν</span> <span class='ocrx_word' id='word_1_138' title='bbox 3331 754 3629 826; x_wconf 79' lang='grc' dir='ltr'><strong>τιμωρίαν,</strong></span> 
     </span>
    </p>
   </div>
   <div class='ocr_carea' id='block_1_23' title="bbox 2048 844 3620 918">
    <p class='ocr_par' dir='ltr' id='par_1_23' title="bbox 2048 844 3620 918">
     <span class='ocr_line' id='line_1_23' title="bbox 2048 844 3620 918; baseline -0.001 -19"><span class='ocrx_word' id='word_1_139' title='bbox 2048 844 2227 899; x_wconf 78' lang='grc' dir='ltr'>αὐτῶν</span> <span class='ocrx_word' id='word_1_140' title='bbox 2255 846 2513 918; x_wconf 60' lang='grc' dir='ltr'>ἀλλήλους</span> <span class='ocrx_word' id='word_1_141' title='bbox 2536 846 2950 912; x_wconf 79' lang='grc' dir='ltr'>ἀναλισκόντων,</span> <span class='ocrx_word' id='word_1_142' title='bbox 2973 849 3095 909; x_wconf 88' lang='grc' dir='ltr'>ταῖς</span> <span class='ocrx_word' id='word_1_143' title='bbox 3111 863 3169 898; x_wconf 84' lang='grc' dir='ltr'><strong>τε</strong></span> <span class='ocrx_word' id='word_1_144' title='bbox 3203 844 3343 917; x_wconf 74' lang='grc' dir='ltr'>ἔρισι</span> <span class='ocrx_word' id='word_1_145' title='bbox 3373 845 3468 899; x_wconf 71' lang='grc' dir='ltr'>καὶ</span> <span class='ocrx_word' id='word_1_146' title='bbox 3493 846 3620 906; x_wconf 86' lang='grc' dir='ltr'>ταῖς</span> 
     </span>
    </p>
   </div>
   <div class='ocr_carea' id='block_1_24' title="bbox 2053 936 3634 1012">
    <p class='ocr_par' dir='ltr' id='par_1_24' title="bbox 2053 936 3634 1012">
     <span class='ocr_line' id='line_1_24' title="bbox 2053 936 3634 1012; baseline 0.001 -22"><span class='ocrx_word' id='word_1_147' title='bbox 2053 936 2257 1008; x_wconf 84' lang='grc' dir='ltr'><strong>μάχαις</strong></span> <span class='ocrx_word' id='word_1_148' title='bbox 2294 938 2389 993; x_wconf 71' lang='grc' dir='ltr'>καὶ</span> <span class='ocrx_word' id='word_1_149' title='bbox 2415 942 2482 1011; x_wconf 77' lang='grc' dir='ltr'><strong>τῇ</strong></span> <span class='ocrx_word' id='word_1_150' title='bbox 2511 940 2611 1012; x_wconf 81' lang='grc' dir='ltr'>τῆς</span> <span class='ocrx_word' id='word_1_151' title='bbox 2649 938 2944 1006; x_wconf 80' lang='grc' dir='ltr'>ἐπιϐουλῆς</span> <span class='ocrx_word' id='word_1_152' title='bbox 2986 936 3275 1008; x_wconf 81' lang='grc' dir='ltr'>ἐμμελείᾳ.</span> <span class='ocrx_word' id='word_1_153' title='bbox 3315 955 3333 989; x_wconf 81' lang='lat' dir='ltr'><strong>t</strong></span> <span class='ocrx_word' id='word_1_154' title='bbox 3369 937 3480 991; x_wconf 78' lang='grc' dir='ltr'><strong>Καὶ</strong></span> <span class='ocrx_word' id='word_1_155' title='bbox 3535 944 3634 1009; x_wconf 82' lang='grc' dir='ltr'><strong>Λή-</strong></span> 
     </span>
    </p>
   </div>
   <div class='ocr_carea' id='block_1_25' title="bbox 2048 1027 3628 1101">
    <p class='ocr_par' dir='ltr' id='par_1_25' title="bbox 2048 1027 3628 1101">
     <span class='ocr_line' id='line_1_25' title="bbox 2048 1027 3628 1101; baseline -0.001 -19"><span class='ocrx_word' id='word_1_156' title='bbox 2048 1029 2222 1098; x_wconf 73' lang='grc' dir='ltr'>ψομαι</span> <span class='ocrx_word' id='word_1_157' title='bbox 2244 1029 2342 1100; x_wconf 84' lang='grc' dir='ltr'>τὴν</span> <span class='ocrx_word' id='word_1_158' title='bbox 2366 1029 2562 1099; x_wconf 77' lang='grc' dir='ltr'>ῥάϐδον</span> <span class='ocrx_word' id='word_1_159' title='bbox 2582 1047 2684 1099; x_wconf 88' lang='grc' dir='ltr'><strong>μου</strong></span> <span class='ocrx_word' id='word_1_160' title='bbox 2712 1030 2811 1098; x_wconf 79' lang='grc' dir='ltr'>τὴν</span> <span class='ocrx_word' id='word_1_161' title='bbox 2840 1027 3012 1098; x_wconf 84' lang='grc' dir='ltr'>καλὴν</span> <span class='ocrx_word' id='word_1_162' title='bbox 3030 1029 3121 1082; x_wconf 74' lang='grc' dir='ltr'><strong>καὶ</strong></span> <span class='ocrx_word' id='word_1_163' title='bbox 3149 1029 3439 1101; x_wconf 74' lang='grc' dir='ltr'>ἀπορρίψω</span> <span class='ocrx_word' id='word_1_164' title='bbox 3460 1028 3628 1100; x_wconf 73' lang='grc' dir='ltr'>αὐτὴν</span> 
     </span>
    </p>
   </div>
   <div class='ocr_carea' id='block_1_26' title="bbox 2050 1119 3629 1191">
    <p class='ocr_par' dir='ltr' id='par_1_26' title="bbox 2050 1119 3629 1191">
     <span class='ocr_line' id='line_1_26' title="bbox 2050 1119 3629 1191; baseline 0 -19"><span class='ocrx_word' id='word_1_165' title='bbox 2050 1119 2144 1172; x_wconf 88' lang='grc' dir='ltr'><strong>τοῦ</strong></span> <span class='ocrx_word' id='word_1_166' title='bbox 2173 1119 2525 1175; x_wconf 78' lang='grc' dir='ltr'>διασκεδάσαι</span> <span class='ocrx_word' id='word_1_167' title='bbox 2553 1121 2651 1189; x_wconf 84' lang='grc' dir='ltr'>τὴν</span> <span class='ocrx_word' id='word_1_168' title='bbox 2671 1119 2937 1190; x_wconf 81' lang='grc' dir='ltr'>διαθήκην</span> <span class='ocrx_word' id='word_1_169' title='bbox 2955 1137 3081 1191; x_wconf 87' lang='grc' dir='ltr'>μου,</span> <span class='ocrx_word' id='word_1_170' title='bbox 3112 1120 3177 1190; x_wconf 74' lang='grc' dir='ltr'>ἢν</span> <span class='ocrx_word' id='word_1_171' title='bbox 3203 1119 3458 1190; x_wconf 79' lang='grc' dir='ltr'><strong>διεθέμην</strong></span> <span class='ocrx_word' id='word_1_172' title='bbox 3493 1119 3629 1191; x_wconf 75' lang='grc' dir='ltr'>πρὸς</span> 
     </span>
    </p>
   </div>
   <div class='ocr_carea' id='block_1_27' title="bbox 2051 1210 3637 1283">
    <p class='ocr_par' dir='ltr' id='par_1_27' title="bbox 2051 1210 3637 1283">
     <span class='ocr_line' id='line_1_27' title="bbox 2051 1210 3637 1283; baseline -0.001 -18"><span class='ocrx_word' id='word_1_173' title='bbox 2051 1212 2260 1275; x_wconf 83' lang='grc' dir='ltr'>πάντας</span> <span class='ocrx_word' id='word_1_174' title='bbox 2283 1214 2408 1276; x_wconf 80' lang='grc' dir='ltr'>τοὺς</span> <span class='ocrx_word' id='word_1_175' title='bbox 2465 1211 2628 1276; x_wconf 78' lang='grc' dir='ltr'>λαοὺς</span> <span class='ocrx_word' id='word_1_176' title='bbox 2664 1211 2765 1282; x_wconf 83' lang='grc' dir='ltr'>τῆς</span> <span class='ocrx_word' id='word_1_177' title='bbox 2799 1212 2917 1283; x_wconf 78' lang='grc' dir='ltr'>γῆς.</span> <span class='ocrx_word' id='word_1_178' title='bbox 2953 1232 2970 1263; x_wconf 77' lang='grc' dir='ltr'><strong>ι</strong></span> <span class='ocrx_word' id='word_1_179' title='bbox 3023 1211 3236 1280; x_wconf 79' lang='grc' dir='ltr'><strong>Ἀφελῶ</strong></span> <span class='ocrx_word' id='word_1_180' title='bbox 3269 1210 3334 1282; x_wconf 85' lang='grc' dir='ltr'>δὴ</span> <span class='ocrx_word' id='word_1_181' title='bbox 3358 1212 3459 1281; x_wconf 77' lang='grc' dir='ltr'>τὴν</span> <span class='ocrx_word' id='word_1_182' title='bbox 3482 1212 3637 1266; x_wconf 67' lang='grc' dir='ltr'>δοκι-</span> 
     </span>
    </p>
   </div>
   <div class='ocr_carea' id='block_1_28' title="bbox 2055 1302 3634 1375">
    <p class='ocr_par' dir='ltr' id='par_1_28' title="bbox 2055 1302 3634 1375">
     <span class='ocr_line' id='line_1_28' title="bbox 2055 1302 3634 1375; baseline 0.001 -18"><span class='ocrx_word' id='word_1_183' title='bbox 2055 1303 2308 1375; x_wconf 83' lang='grc' dir='ltr'>μωτάτην</span> <span class='ocrx_word' id='word_1_184' title='bbox 2338 1304 2431 1358; x_wconf 78' lang='grc' dir='ltr'>καὶ</span> <span class='ocrx_word' id='word_1_185' title='bbox 2462 1303 2696 1375; x_wconf 88' lang='grc' dir='ltr'>ἀρίστην</span> <span class='ocrx_word' id='word_1_186' title='bbox 2719 1302 3036 1374; x_wconf 77' lang='grc' dir='ltr'><strong>ἱερωσύνην,</strong></span> <span class='ocrx_word' id='word_1_187' title='bbox 3069 1302 3163 1356; x_wconf 73' lang='grc' dir='ltr'>καὶ</span> <span class='ocrx_word' id='word_1_188' title='bbox 3191 1304 3363 1374; x_wconf 84' lang='grc' dir='ltr'>χαμαί</span> <span class='ocrx_word' id='word_1_189' title='bbox 3391 1320 3492 1357; x_wconf 88' lang='grc' dir='ltr'><strong>που</strong></span> <span class='ocrx_word' id='word_1_190' title='bbox 3516 1320 3634 1359; x_wconf 81' lang='grc' dir='ltr'>κει-</span> 
     </span>
    </p>
   </div>
   <div class='ocr_carea' id='block_1_29' title="bbox 2055 1387 3633 1466">
    <p class='ocr_par' dir='ltr' id='par_1_29' title="bbox 2055 1387 3633 1466">
     <span class='ocr_line' id='line_1_29' title="bbox 2055 1387 3633 1466; baseline 0.002 -19"><span class='ocrx_word' id='word_1_191' title='bbox 2055 1394 2223 1465; x_wconf 80' lang='grc' dir='ltr'>μένην</span> <span class='ocrx_word' id='word_1_192' title='bbox 2252 1395 2357 1448; x_wconf 80' lang='grc' dir='ltr'>ὑπὺ</span> <span class='ocrx_word' id='word_1_193' title='bbox 2415 1394 2522 1447; x_wconf 84' lang='grc' dir='ltr'>τῶν</span> <span class='ocrx_word' id='word_1_194' title='bbox 2582 1392 2999 1448; x_wconf 85' lang='grc' dir='ltr'>καταϐαλόντων</span> <span class='ocrx_word' id='word_1_195' title='bbox 3030 1394 3219 1463; x_wconf 75' lang='grc' dir='ltr'>αὐτὴν,</span> <span class='ocrx_word' id='word_1_196' title='bbox 3246 1393 3338 1464; x_wconf 85' lang='grc' dir='ltr'><strong>ἀφ’</strong></span> <span class='ocrx_word' id='word_1_197' title='bbox 3364 1387 3433 1466; x_wconf 74' lang='grc' dir='ltr'>ἦς</span> <span class='ocrx_word' id='word_1_198' title='bbox 3465 1411 3633 1465; x_wconf 78' lang='grc' dir='ltr'>μετα-</span> 
     </span>
    </p>
   </div>
   <div class='ocr_carea' id='block_1_30' title="bbox 2052 1484 3626 1558">
    <p class='ocr_par' dir='ltr' id='par_1_30' title="bbox 2052 1484 3626 1558">
     <span class='ocr_line' id='line_1_30' title="bbox 2052 1484 3626 1558; baseline 0.003 -20"><span class='ocrx_word' id='word_1_199' title='bbox 2052 1487 2237 1556; x_wconf 82' lang='grc' dir='ltr'>στήσω</span> <span class='ocrx_word' id='word_1_200' title='bbox 2274 1486 2369 1540; x_wconf 79' lang='grc' dir='ltr'>καὶ</span> <span class='ocrx_word' id='word_1_201' title='bbox 2395 1485 2462 1538; x_wconf 68' lang='grc' dir='ltr'>τὰ</span> <span class='ocrx_word' id='word_1_202' title='bbox 2486 1485 2593 1539; x_wconf 87' lang='grc' dir='ltr'><strong>τῶν</strong></span> <span class='ocrx_word' id='word_1_203' title='bbox 2618 1485 2774 1548; x_wconf 82' lang='grc' dir='ltr'>ἐκτὸς</span> <span class='ocrx_word' id='word_1_204' title='bbox 2796 1484 2888 1540; x_wconf 84' lang='grc' dir='ltr'><strong>τοῦ</strong></span> <span class='ocrx_word' id='word_1_205' title='bbox 2928 1485 3114 1550; x_wconf 80' lang='grc' dir='ltr'>ἔθνους</span> <span class='ocrx_word' id='word_1_206' title='bbox 3141 1487 3277 1558; x_wconf 84' lang='grc' dir='ltr'>πρὸς</span> <span class='ocrx_word' id='word_1_207' title='bbox 3299 1486 3626 1549; x_wconf 78' lang='grc' dir='ltr'>τούναντίον,</span> 
     </span>
    </p>
   </div>
   <div class='ocr_carea' id='block_1_31' title="bbox 2053 1575 3627 1649">
    <p class='ocr_par' dir='ltr' id='par_1_31' title="bbox 2053 1575 3627 1649">
     <span class='ocr_line' id='line_1_31' title="bbox 2053 1575 3627 1649; baseline 0.008 -25"><span class='ocrx_word' id='word_1_208' title='bbox 2053 1581 2115 1632; x_wconf 79' lang='lat' dir='ltr'><strong>Ol</strong></span> <span class='ocrx_word' id='word_1_209' title='bbox 2144 1578 2251 1647; x_wconf 83' lang='grc' dir='ltr'>γὰρ</span> <span class='ocrx_word' id='word_1_210' title='bbox 2289 1580 2352 1631; x_wconf 85' lang='grc' dir='ltr'><strong>ἐκ</strong></span> <span class='ocrx_word' id='word_1_211' title='bbox 2381 1577 2484 1631; x_wconf 83' lang='grc' dir='ltr'>τῶν</span> <span class='ocrx_word' id='word_1_212' title='bbox 2533 1576 2829 1649; x_wconf 85' lang='grc' dir='ltr'>ἀλλοτρίων</span> <span class='ocrx_word' id='word_1_213' title='bbox 2853 1578 2992 1649; x_wconf 87' lang='grc' dir='ltr'><strong>μετά</strong></span> <span class='ocrx_word' id='word_1_214' title='bbox 3017 1577 3220 1647; x_wconf 82' lang='grc' dir='ltr'>πολλῆς</span> <span class='ocrx_word' id='word_1_215' title='bbox 3247 1579 3509 1649; x_wconf 86' lang='grc' dir='ltr'>πρότερον</span> <span class='ocrx_word' id='word_1_216' title='bbox 3529 1575 3627 1646; x_wconf 80' lang='grc' dir='ltr'>τῆς</span> 
     </span>
    </p>
   </div>
   <div class='ocr_carea' id='block_1_32' title="bbox 2053 1665 3627 1737">
    <p class='ocr_par' dir='ltr' id='par_1_32' title="bbox 2053 1665 3627 1737">
     <span class='ocr_line' id='line_1_32' title="bbox 2053 1665 3627 1737; baseline 0.001 -19"><span class='ocrx_word' id='word_1_217' title='bbox 2053 1666 2361 1737; x_wconf 76' lang='grc' dir='ltr'>προθυμίας</span> <span class='ocrx_word' id='word_1_218' title='bbox 2421 1665 2514 1719; x_wconf 77' lang='grc' dir='ltr'>ἐπὶ</span> <span class='ocrx_word' id='word_1_219' title='bbox 2562 1665 2653 1720; x_wconf 78' lang='grc' dir='ltr'>τὸν</span> <span class='ocrx_word' id='word_1_220' title='bbox 2698 1667 2822 1720; x_wconf 84' lang='grc' dir='ltr'>ναὸν</span> <span class='ocrx_word' id='word_1_221' title='bbox 2866 1667 3296 1737; x_wconf 82' lang='grc' dir='ltr'>κατατρέχοντες</span> <span class='ocrx_word' id='word_1_222' title='bbox 3349 1667 3436 1720; x_wconf 81' lang='grc' dir='ltr'>τὸν</span> <span class='ocrx_word' id='word_1_223' title='bbox 3474 1667 3627 1737; x_wconf 80' lang='grc' dir='ltr'>ἐμὸν,</span> 
     </span>
    </p>
   </div>
   <div class='ocr_carea' id='block_1_33' title="bbox 2053 1757 3628 1829">
    <p class='ocr_par' dir='ltr' id='par_1_33' title="bbox 2053 1757 3628 1829">
     <span class='ocr_line' id='line_1_33' title="bbox 2053 1757 3628 1829; baseline 0.001 -18"><span class='ocrx_word' id='word_1_224' title='bbox 2053 1759 2195 1811; x_wconf 82' lang='grc' dir='ltr'>αἰδοῖ</span> <span class='ocrx_word' id='word_1_225' title='bbox 2225 1758 2332 1810; x_wconf 81' lang='grc' dir='ltr'>τῶν</span> <span class='ocrx_word' id='word_1_226' title='bbox 2365 1757 2551 1812; x_wconf 85' lang='grc' dir='ltr'>αὐτόθι</span> <span class='ocrx_word' id='word_1_227' title='bbox 2572 1758 2818 1829; x_wconf 75' lang='grc' dir='ltr'>νομίμως</span> <span class='ocrx_word' id='word_1_228' title='bbox 2840 1759 3261 1828; x_wconf 81' lang='grc' dir='ltr'>ἐκτελουμὲνων,</span> <span class='ocrx_word' id='word_1_229' title='bbox 3294 1759 3628 1829; x_wconf 86' lang='grc' dir='ltr'>ἀποστήσον-</span> 
     </span>
    </p>
   </div>
   <div class='ocr_carea' id='block_1_34' title="bbox 374 1831 1957 1929">
    <p class='ocr_par' dir='ltr' id='par_1_34' title="bbox 374 1856 1951 1929">
     <span class='ocr_line' id='line_1_34' title="bbox 374 1856 1951 1929; baseline 0.004 -20"><span class='ocrx_word' id='word_1_230' title='bbox 374 1856 486 1910; x_wconf 91' lang='lat' dir='ltr'><strong>illic</strong></span> <span class='ocrx_word' id='word_1_231' title='bbox 515 1856 895 1913; x_wconf 79' lang='lat' dir='ltr'><strong>confusionem</strong></span> <span class='ocrx_word' id='word_1_232' title='bbox 927 1873 991 1914; x_wconf 89' lang='lat' dir='ltr'><strong>ac</strong></span> <span class='ocrx_word' id='word_1_233' title='bbox 1019 1859 1512 1929; x_wconf 85' lang='lat' dir='ltr'><strong>perturbationem,</strong></span> <span class='ocrx_word' id='word_1_234' title='bbox 1552 1876 1579 1915; x_wconf 90' lang='lat' dir='ltr'><strong>a</strong></span> <span class='ocrx_word' id='word_1_235' title='bbox 1611 1862 1776 1917; x_wconf 92' lang='lat' dir='ltr'><strong>solito</strong></span> <span class='ocrx_word' id='word_1_236' title='bbox 1813 1869 1951 1915; x_wconf 91' lang='lat' dir='ltr'><strong>tem-</strong></span> 
     </span>
    </p>
   </div>
   <div class='ocr_carea' id='block_1_35' title="bbox 2058 1831 3633 1929">
    <p class='ocr_par' dir='ltr' id='par_1_35' title="bbox 2058 1846 3633 1922">
     <span class='ocr_line' id='line_1_35' title="bbox 2058 1846 3633 1922; baseline -0.001 -17"><span class='ocrx_word' id='word_1_237' title='bbox 2058 1870 2139 1906; x_wconf 85' lang='grc' dir='ltr'><strong>ται</strong></span> <span class='ocrx_word' id='word_1_238' title='bbox 2164 1853 2256 1905; x_wconf 71' lang='grc' dir='ltr'>καὶ</span> <span class='ocrx_word' id='word_1_239' title='bbox 2283 1846 2426 1905; x_wconf 81' lang='grc' dir='ltr'>οῦτοι</span> <span class='ocrx_word' id='word_1_240' title='bbox 2458 1850 2627 1905; x_wconf 86' lang='grc' dir='ltr'>ταῦτα</span> <span class='ocrx_word' id='word_1_241' title='bbox 2660 1851 2799 1906; x_wconf 75' lang='grc' dir='ltr'>αὐτὰ</span> <span class='ocrx_word' id='word_1_242' title='bbox 2835 1855 3008 1905; x_wconf 86' lang='grc' dir='ltr'>ποιεῖν</span> <span class='ocrx_word' id='word_1_243' title='bbox 3037 1851 3143 1904; x_wconf 82' lang='grc' dir='ltr'><strong>ὑπὸ</strong></span> <span class='ocrx_word' id='word_1_244' title='bbox 3183 1851 3283 1922; x_wconf 79' lang='grc' dir='ltr'>τῆς</span> <span class='ocrx_word' id='word_1_245' title='bbox 3328 1851 3633 1921; x_wconf 84' lang='grc' dir='ltr'>κρατούσης</span> 
     </span>
    </p>
   </div>
   <div class='ocr_carea' id='block_1_36' title="bbox 372 1950 1951 2025">
    <p class='ocr_par' dir='ltr' id='par_1_36' title="bbox 372 1950 1951 2025">
     <span class='ocr_line' id='line_1_36' title="bbox 372 1950 1951 2025; baseline 0.005 -24"><span class='ocrx_word' id='word_1_246' title='bbox 372 1950 446 2019; x_wconf 89' lang='lat' dir='ltr'><strong>pli</strong></span> <span class='ocrx_word' id='word_1_247' title='bbox 492 1965 718 2007; x_wconf 78' lang='lat' dir='ltr'><strong>accessu</strong></span> <span class='ocrx_word' id='word_1_248' title='bbox 758 1950 1026 2008; x_wconf 86' lang='lat' dir='ltr'><strong>deterriti.</strong></span> <span class='ocrx_word' id='word_1_249' title='bbox 1061 1951 1175 2007; x_wconf 80' lang='lat' dir='ltr'><strong>Hoc</strong></span> <span class='ocrx_word' id='word_1_250' title='bbox 1217 1953 1363 2008; x_wconf 90' lang='lat' dir='ltr'><strong>enim</strong></span> <span class='ocrx_word' id='word_1_251' title='bbox 1407 1953 1717 2025; x_wconf 88' lang='lat' dir='ltr'><strong>signiﬁcant</strong></span> <span class='ocrx_word' id='word_1_252' title='bbox 1764 1955 1951 2021; x_wconf 86' lang='lat' dir='ltr'><strong>verba,</strong></span> 
     </span>
    </p>
   </div>
   <div class='ocr_carea' id='block_1_37' title="bbox 377 2036 1951 2115">
    <p class='ocr_par' dir='ltr' id='par_1_37' title="bbox 377 2036 1951 2115">
     <span class='ocr_line' id='line_1_37' title="bbox 377 2036 1951 2115; baseline 0.004 -22"><span class='ocrx_word' id='word_1_253' title='bbox 377 2043 713 2115; x_wconf 68' lang='lat' dir='ltr'><strong>«dispergere</strong></span> <span class='ocrx_word' id='word_1_254' title='bbox 742 2048 1128 2098; x_wconf 88' lang='lat' dir='ltr'><strong>testamentum</strong></span> <span class='ocrx_word' id='word_1_255' title='bbox 1187 2059 1395 2107; x_wconf 86' lang='lat' dir='ltr'><strong>meum,</strong></span> <span class='ocrx_word' id='word_1_256' title='bbox 1447 2044 1590 2114; x_wconf 90' lang='lat' dir='ltr'><strong>quod</strong></span> <span class='ocrx_word' id='word_1_257' title='bbox 1651 2036 1951 2100; x_wconf 87' lang='lat' dir='ltr'><strong>statueram</strong></span> 
     </span>
    </p>
   </div>
   <div class='ocr_carea' id='block_1_38' title="bbox 373 2133 1952 2204">
    <p class='ocr_par' dir='ltr' id='par_1_38' title="bbox 373 2133 1952 2204">
     <span class='ocr_line' id='line_1_38' title="bbox 373 2133 1952 2204; baseline 0.008 -23"><span class='ocrx_word' id='word_1_258' title='bbox 373 2148 496 2184; x_wconf 69' lang='lat' dir='ltr'><strong>cum</strong></span> <span class='ocrx_word' id='word_1_259' title='bbox 524 2133 776 2188; x_wconf 87' lang='lat' dir='ltr'><strong>omnibus</strong></span> <span class='ocrx_word' id='word_1_260' title='bbox 800 2139 958 2190; x_wconf 71' lang='lat' dir='ltr'><strong>terrai:</strong></span> <span class='ocrx_word' id='word_1_261' title='bbox 981 2134 1216 2204; x_wconf 87' lang='lat' dir='ltr'><strong>populis.</strong></span> <span class='ocrx_word' id='word_1_262' title='bbox 1235 2137 1405 2194; x_wconf 67' lang='lat' dir='ltr'><strong>DDicit</strong></span> <span class='ocrx_word' id='word_1_263' title='bbox 1420 2135 1678 2190; x_wconf 87' lang='lat' dir='ltr'><strong>nimirum</strong></span> <span class='ocrx_word' id='word_1_264' title='bbox 1698 2153 1711 2188; x_wconf 89' lang='lat'><strong>:</strong></span> <span class='ocrx_word' id='word_1_265' title='bbox 1731 2138 1952 2193; x_wconf 89' lang='lat' dir='ltr'><strong>Curabo</strong></span> 
     </span>
    </p>
   </div>
   <div class='ocr_carea' id='block_1_39' title="bbox 375 2222 1951 2295">
    <p class='ocr_par' dir='ltr' id='par_1_39' title="bbox 375 2222 1951 2295">
     <span class='ocr_line' id='line_1_39' title="bbox 375 2222 1951 2295; baseline 0.005 -21"><span class='ocrx_word' id='word_1_266' title='bbox 375 2233 429 2274; x_wconf 85' lang='lat' dir='ltr'><strong>ut</strong></span> <span class='ocrx_word' id='word_1_267' title='bbox 473 2222 708 2287; x_wconf 81' lang='lat' dir='ltr'><strong>desinat,</strong></span> <span class='ocrx_word' id='word_1_268' title='bbox 757 2227 901 2294; x_wconf 85' lang='lat' dir='ltr'><strong>quod</strong></span> <span class='ocrx_word' id='word_1_269' title='bbox 939 2226 1008 2279; x_wconf 91' lang='lat' dir='ltr'><strong>ab</strong></span> <span class='ocrx_word' id='word_1_270' title='bbox 1051 2227 1328 2281; x_wconf 81' lang='lat' dir='ltr'><strong>extraneis</strong></span> <span class='ocrx_word' id='word_1_271' title='bbox 1365 2224 1533 2282; x_wconf 85' lang='lat' dir='ltr'><strong>etiam</strong></span> <span class='ocrx_word' id='word_1_272' title='bbox 1563 2237 1721 2283; x_wconf 86' lang='lat' dir='ltr'><strong>antea</strong></span> <span class='ocrx_word' id='word_1_273' title='bbox 1756 2229 1951 2295; x_wconf 85' lang='lat' dir='ltr'><strong>ﬁebat;</strong></span> 
     </span>
    </p>
   </div>
   <div class='ocr_carea' id='block_1_40' title="bbox 373 2311 1954 2387">
    <p class='ocr_par' dir='ltr' id='par_1_40' title="bbox 373 2311 1954 2387">
     <span class='ocr_line' id='line_1_40' title="bbox 373 2311 1954 2387; baseline 0.005 -24"><span class='ocrx_word' id='word_1_274' title='bbox 373 2311 606 2381; x_wconf 71' lang='lat' dir='ltr'><strong>prepria:</strong></span> <span class='ocrx_word' id='word_1_275' title='bbox 647 2313 857 2367; x_wconf 83' lang='lat' dir='ltr'><strong>scilicet</strong></span> <span class='ocrx_word' id='word_1_276' title='bbox 897 2329 1141 2383; x_wconf 67' lang='lat' dir='ltr'><strong>personae</strong></span> <span class='ocrx_word' id='word_1_277' title='bbox 1184 2315 1640 2379; x_wconf 89' lang='lat' dir='ltr'><strong>accommodans,</strong></span> <span class='ocrx_word' id='word_1_278' title='bbox 1690 2317 1836 2387; x_wconf 88' lang='lat' dir='ltr'><strong>quod</strong></span> <span class='ocrx_word' id='word_1_279' title='bbox 1885 2333 1954 2371; x_wconf 80' lang='lat' dir='ltr'><strong>ex</strong></span> 
     </span>
    </p>
   </div>
   <div class='ocr_carea' id='block_1_41' title="bbox 374 2403 1956 2475">
    <p class='ocr_par' dir='ltr' id='par_1_41' title="bbox 374 2403 1956 2475">
     <span class='ocr_line' id='line_1_41' title="bbox 374 2403 1956 2475; baseline 0.004 -18"><span class='ocrx_word' id='word_1_280' title='bbox 374 2403 603 2459; x_wconf 88' lang='lat' dir='ltr'><strong>aliorum</strong></span> <span class='ocrx_word' id='word_1_281' title='bbox 655 2405 858 2459; x_wconf 91' lang='lat' dir='ltr'><strong>malitia</strong></span> <span class='ocrx_word' id='word_1_282' title='bbox 888 2406 1257 2475; x_wconf 84' lang='lat' dir='ltr'><strong>contingebat.</strong></span> <span class='ocrx_word' id='word_1_283' title='bbox 1309 2405 1673 2474; x_wconf 86' lang='lat' dir='ltr'><strong>Quamobrem</strong></span> <span class='ocrx_word' id='word_1_284' title='bbox 1725 2408 1838 2473; x_wconf 74' lang='lat' dir='ltr'><strong>irae,</strong></span> <span class='ocrx_word' id='word_1_285' title='bbox 1895 2418 1956 2464; x_wconf 92' lang='lat' dir='ltr'><strong>ut</strong></span> 
     </span>
    </p>
   </div>
   <div class='ocr_carea' id='block_1_42' title="bbox 373 2495 1777 2570">
    <p class='ocr_par' dir='ltr' id='par_1_42' title="bbox 373 2495 1777 2570">
     <span class='ocr_line' id='line_1_42' title="bbox 373 2495 1777 2570; baseline 0.006 -22"><span class='ocrx_word' id='word_1_286' title='bbox 373 2495 690 2549; x_wconf 83' lang='lat' dir='ltr'><strong>summatim</strong></span> <span class='ocrx_word' id='word_1_287' title='bbox 718 2496 916 2562; x_wconf 89' lang='lat' dir='ltr'><strong>dicam,</strong></span> <span class='ocrx_word' id='word_1_288' title='bbox 949 2498 1186 2566; x_wconf 87' lang='lat' dir='ltr'><strong>pessima</strong></span> <span class='ocrx_word' id='word_1_289' title='bbox 1228 2497 1382 2569; x_wconf 86' lang='lat' dir='ltr'><strong>signa</strong></span> <span class='ocrx_word' id='word_1_290' title='bbox 1414 2501 1777 2570; x_wconf 88' lang='lat' dir='ltr'><strong>apparebunt.</strong></span> 
     </span>
    </p>
   </div>
   <div class='ocr_carea' id='block_1_43' title="bbox 453 2762 1958 2840">
    <p class='ocr_par' dir='ltr' id='par_1_43' title="bbox 453 2762 1958 2840">
     <span class='ocr_line' id='line_1_43' title="bbox 453 2762 1958 2840; baseline 0.007 -22"><span class='ocrx_word' id='word_1_291' title='bbox 453 2762 621 2820; x_wconf 74' lang='lat' dir='ltr'><strong>Vsus.</strong></span> <span class='ocrx_word' id='word_1_292' title='bbox 650 2765 737 2830; x_wconf 78' lang='lat' dir='ltr'><strong>il,</strong></span> <span class='ocrx_word' id='word_1_293' title='bbox 764 2766 852 2820; x_wconf 76' lang='lat' dir='ltr'><strong>l2.</strong></span> <span class='ocrx_word' id='word_1_294' title='bbox 878 2797 951 2808; x_wconf 92' lang='grc'><strong><em>--</em></strong></span> <span class='ocrx_word' id='word_1_295' title='bbox 987 2767 1085 2822; x_wconf 70' lang='lat' dir='ltr'><strong>«Et</strong></span> <span class='ocrx_word' id='word_1_296' title='bbox 1117 2768 1208 2825; x_wconf 86' lang='lat' dir='ltr'><strong>ﬁet</strong></span> <span class='ocrx_word' id='word_1_297' title='bbox 1243 2768 1516 2840; x_wconf 81' lang='lat' dir='ltr'><strong>dispersio</strong></span> <span class='ocrx_word' id='word_1_298' title='bbox 1546 2771 1601 2827; x_wconf 89' lang='lat' dir='ltr'><strong>in</strong></span> <span class='ocrx_word' id='word_1_299' title='bbox 1636 2772 1725 2829; x_wconf 91' lang='lat' dir='ltr'><strong>die</strong></span> <span class='ocrx_word' id='word_1_300' title='bbox 1757 2773 1868 2839; x_wconf 89' lang='lat' dir='ltr'><strong>illa,</strong></span> <span class='ocrx_word' id='word_1_301' title='bbox 1902 2782 1958 2829; x_wconf 89' lang='lat' dir='ltr'><strong>et</strong></span> 
     </span>
    </p>
   </div>
   <div class='ocr_carea' id='block_1_44' title="bbox 374 2856 1954 2934">
    <p class='ocr_par' dir='ltr' id='par_1_44' title="bbox 374 2856 1954 2934">
     <span class='ocr_line' id='line_1_44' title="bbox 374 2856 1954 2934; baseline 0.006 -26"><span class='ocrx_word' id='word_1_302' title='bbox 374 2865 709 2926; x_wconf 80' lang='lat' dir='ltr'><strong>cognoscent</strong></span> <span class='ocrx_word' id='word_1_303' title='bbox 737 2856 1031 2913; x_wconf 70' lang='lat' dir='ltr'><strong>Cbananazi</strong></span> <span class='ocrx_word' id='word_1_304' title='bbox 1060 2873 1192 2915; x_wconf 88' lang='lat' dir='ltr'><strong>oves</strong></span> <span class='ocrx_word' id='word_1_305' title='bbox 1218 2875 1339 2930; x_wconf 83' lang='lat' dir='ltr'><strong>quae</strong></span> <span class='ocrx_word' id='word_1_306' title='bbox 1363 2877 1448 2917; x_wconf 91' lang='lat' dir='ltr'><strong>me</strong></span> <span class='ocrx_word' id='word_1_307' title='bbox 1474 2862 1794 2929; x_wconf 87' lang='lat' dir='ltr'><strong>observant,</strong></span> <span class='ocrx_word' id='word_1_308' title='bbox 1828 2865 1954 2934; x_wconf 89' lang='lat' dir='ltr'><strong>quia</strong></span> 
     </span>
    </p>
   </div>
   <div class='ocr_carea' id='block_1_45' title="bbox 376 2944 1958 3020">
    <p class='ocr_par' dir='ltr' id='par_1_45' title="bbox 376 2944 1958 3020">
     <span class='ocr_line' id='line_1_45' title="bbox 376 2944 1958 3020; baseline 0.008 -22"><span class='ocrx_word' id='word_1_309' title='bbox 376 2959 555 3000; x_wconf 85' lang='lat' dir='ltr'><strong>sermo</strong></span> <span class='ocrx_word' id='word_1_310' title='bbox 602 2944 815 2999; x_wconf 74' lang='lat' dir='ltr'><strong>Domini</strong></span> <span class='ocrx_word' id='word_1_311' title='bbox 869 2957 1016 3003; x_wconf 64' lang='lat' dir='ltr'><strong>est.»</strong></span> <span class='ocrx_word' id='word_1_312' title='bbox 1057 2947 1233 3015; x_wconf 88' lang='lat' dir='ltr'><strong>Tunc,</strong></span> <span class='ocrx_word' id='word_1_313' title='bbox 1279 2951 1477 3020; x_wconf 85' lang='lat' dir='ltr'><strong>inquit,</strong></span> <span class='ocrx_word' id='word_1_314' title='bbox 1523 2952 1734 3009; x_wconf 89' lang='lat' dir='ltr'><strong>desinet</strong></span> <span class='ocrx_word' id='word_1_315' title='bbox 1766 2954 1958 3010; x_wconf 86' lang='lat' dir='ltr'><strong>adver-</strong></span> 
     </span>
    </p>
   </div>
   <div class='ocr_carea' id='block_1_46' title="bbox 375 3034 1957 3112">
    <p class='ocr_par' dir='ltr' id='par_1_46' title="bbox 375 3034 1957 3112">
     <span class='ocr_line' id='line_1_46' title="bbox 375 3034 1957 3112; baseline 0.008 -23"><span class='ocrx_word' id='word_1_316' title='bbox 375 3034 648 3089; x_wconf 86' lang='lat' dir='ltr'><strong>sariorum</strong></span> <span class='ocrx_word' id='word_1_317' title='bbox 669 3050 797 3104; x_wconf 78' lang='lat' dir='ltr'><strong>erga</strong></span> <span class='ocrx_word' id='word_1_318' title='bbox 823 3039 1087 3108; x_wconf 87' lang='lat' dir='ltr'><strong>templum</strong></span> <span class='ocrx_word' id='word_1_319' title='bbox 1110 3055 1291 3094; x_wconf 91' lang='lat' dir='ltr'><strong>meum</strong></span> <span class='ocrx_word' id='word_1_320' title='bbox 1313 3041 1660 3112; x_wconf 82' lang='lat' dir='ltr'><strong>obsequium,</strong></span> <span class='ocrx_word' id='word_1_321' title='bbox 1685 3044 1957 3101; x_wconf 89' lang='lat' dir='ltr'><strong>dissoluto</strong></span> 
     </span>
    </p>
   </div>
   <div class='ocr_carea' id='block_1_47' title="bbox 375 3125 2024 3232">
    <p class='ocr_par' dir='ltr' id='par_1_47' title="bbox 375 3125 2024 3232">
     <span class='ocr_line' id='line_1_47' title="bbox 375 3125 2024 3232; baseline 0.007 -52"><span class='ocrx_word' id='word_1_322' title='bbox 375 3127 457 3226; x_wconf 78' lang='lat' dir='ltr'><strong>sic</strong></span> <span class='ocrx_word' id='word_1_323' title='bbox 488 3125 692 3182; x_wconf 69' lang='lat' dir='ltr'><strong>foedere</strong></span> <span class='ocrx_word' id='word_1_324' title='bbox 718 3128 863 3229; x_wconf 79' lang='lat' dir='ltr'><strong>quod</strong></span> <span class='ocrx_word' id='word_1_325' title='bbox 890 3144 1013 3231; x_wconf 73' lang='lat' dir='ltr'><strong>cum</strong></span> <span class='ocrx_word' id='word_1_326' title='bbox 1048 3130 1154 3188; x_wconf 91' lang='lat' dir='ltr'><strong>illis</strong></span> <span class='ocrx_word' id='word_1_327' title='bbox 1189 3133 1534 3202; x_wconf 79' lang='lat' dir='ltr'><strong>pepigeram:</strong></span> <span class='ocrx_word' id='word_1_328' title='bbox 1573 3136 1794 3206; x_wconf 88' lang='lat' dir='ltr'><strong>notique</strong></span> <span class='ocrx_word' id='word_1_329' title='bbox 1825 3135 1954 3191; x_wconf 88' lang='lat' dir='ltr'><strong>ﬁent</strong></span> <span class='ocrx_word' id='word_1_330' title='bbox 1980 3174 2024 3232; x_wconf 55' lang='grc' dir='ltr'><strong>Β</strong></span> 
     </span>
    </p>
   </div>
   <div class='ocr_carea' id='block_1_48' title="bbox 375 3214 1955 3291">
    <p class='ocr_par' dir='ltr' id='par_1_48' title="bbox 375 3214 1955 3291">
     <span class='ocr_line' id='line_1_48' title="bbox 375 3214 1955 3291; baseline 0.011 -24"><span class='ocrx_word' id='word_1_331' title='bbox 375 3214 539 3268; x_wconf 86' lang='lat' dir='ltr'><strong>etiam</strong></span> <span class='ocrx_word' id='word_1_332' title='bbox 570 3218 848 3272; x_wconf 81' lang='lat' dir='ltr'><strong>extraneis</strong></span> <span class='ocrx_word' id='word_1_333' title='bbox 871 3219 1095 3288; x_wconf 87' lang='lat' dir='ltr'><strong>quinam</strong></span> <span class='ocrx_word' id='word_1_334' title='bbox 1127 3238 1253 3277; x_wconf 83' lang='lat' dir='ltr'><strong>vere</strong></span> <span class='ocrx_word' id='word_1_335' title='bbox 1283 3223 1386 3279; x_wconf 90' lang='lat' dir='ltr'><strong>mei</strong></span> <span class='ocrx_word' id='word_1_336' title='bbox 1414 3224 1545 3291; x_wconf 90' lang='lat' dir='ltr'><strong>sint,</strong></span> <span class='ocrx_word' id='word_1_337' title='bbox 1581 3236 1634 3281; x_wconf 92' lang='lat' dir='ltr'><strong>et</strong></span> <span class='ocrx_word' id='word_1_338' title='bbox 1660 3227 1955 3284; x_wconf 84' lang='lat' dir='ltr'><strong>voluntatis</strong></span> 
     </span>
    </p>
   </div>
   <div class='ocr_carea' id='block_1_49' title="bbox 300 3308 1955 3388">
    <p class='ocr_par' dir='ltr' id='par_1_49' title="bbox 300 3308 1955 3388">
     <span class='ocr_line' id='line_1_49' title="bbox 300 3308 1955 3388; baseline 0.008 -25"><span class='ocrx_word' id='word_1_339' title='bbox 300 3355 308 3363; x_wconf 90' lang='lat'><strong><em>.</em></strong></span> <span class='ocrx_word' id='word_1_340' title='bbox 376 3322 511 3361; x_wconf 62' lang='lat' dir='ltr'><strong>mete</strong></span> <span class='ocrx_word' id='word_1_341' title='bbox 548 3308 904 3365; x_wconf 71' lang='lat' dir='ltr'><strong>observandae</strong></span> <span class='ocrx_word' id='word_1_342' title='bbox 957 3313 1092 3367; x_wconf 89' lang='lat' dir='ltr'><strong>satis</strong></span> <span class='ocrx_word' id='word_1_343' title='bbox 1131 3314 1395 3370; x_wconf 88' lang='lat' dir='ltr'><strong>solliciti:</strong></span> <span class='ocrx_word' id='word_1_344' title='bbox 1452 3326 1507 3372; x_wconf 92' lang='lat' dir='ltr'><strong>et</strong></span> <span class='ocrx_word' id='word_1_345' title='bbox 1537 3321 1680 3388; x_wconf 86' lang='lat' dir='ltr'><strong>quod</strong></span> <span class='ocrx_word' id='word_1_346' title='bbox 1713 3320 1955 3375; x_wconf 82' lang='lat' dir='ltr'><strong>divinum</strong></span> 
     </span>
    </p>
   </div>
   <div class='ocr_carea' id='block_1_50' title="bbox 377 3400 1961 3478">
    <p class='ocr_par' dir='ltr' id='par_1_50' title="bbox 377 3400 1961 3478">
     <span class='ocr_line' id='line_1_50' title="bbox 377 3400 1961 3478; baseline 0.01 -27"><span class='ocrx_word' id='word_1_347' title='bbox 377 3400 657 3454; x_wconf 89' lang='lat' dir='ltr'><strong>decretum</strong></span> <span class='ocrx_word' id='word_1_348' title='bbox 699 3402 962 3472; x_wconf 89' lang='lat' dir='ltr'><strong>improbis</strong></span> <span class='ocrx_word' id='word_1_349' title='bbox 1019 3407 1159 3461; x_wconf 90' lang='lat' dir='ltr'><strong>mala</strong></span> <span class='ocrx_word' id='word_1_350' title='bbox 1215 3406 1495 3478; x_wconf 87' lang='lat' dir='ltr'><strong>immittit;</strong></span> <span class='ocrx_word' id='word_1_351' title='bbox 1554 3412 1773 3468; x_wconf 90' lang='lat' dir='ltr'><strong>virtutis</strong></span> <span class='ocrx_word' id='word_1_352' title='bbox 1827 3427 1961 3468; x_wconf 85' lang='lat' dir='ltr'><strong>vero</strong></span> 
     </span>
    </p>
   </div>
   <div class='ocr_carea' id='block_1_51' title="bbox 378 3489 1960 3569">
    <p class='ocr_par' dir='ltr' id='par_1_51' title="bbox 378 3489 1960 3569">
     <span class='ocr_line' id='line_1_51' title="bbox 378 3489 1960 3569; baseline 0.008 -29"><span class='ocrx_word' id='word_1_353' title='bbox 378 3489 664 3551; x_wconf 77' lang='lat' dir='ltr'><strong>studiosis,</strong></span> <span class='ocrx_word' id='word_1_354' title='bbox 698 3490 819 3545; x_wconf 86' lang='lat' dir='ltr'><strong>licet</strong></span> <span class='ocrx_word' id='word_1_355' title='bbox 854 3494 1064 3561; x_wconf 86' lang='lat' dir='ltr'><strong>paucis,</strong></span> <span class='ocrx_word' id='word_1_356' title='bbox 1098 3510 1284 3549; x_wconf 86' lang='lat' dir='ltr'><strong>curam</strong></span> <span class='ocrx_word' id='word_1_357' title='bbox 1318 3498 1541 3552; x_wconf 89' lang='lat' dir='ltr'><strong>multam</strong></span> <span class='ocrx_word' id='word_1_358' title='bbox 1568 3498 1866 3569; x_wconf 89' lang='lat' dir='ltr'><strong>impendit;</strong></span> <span class='ocrx_word' id='word_1_359' title='bbox 1899 3506 1960 3555; x_wconf 89' lang='lat' dir='ltr'><strong>ut</strong></span> 
     </span>
    </p>
   </div>
   <div class='ocr_carea' id='block_1_52' title="bbox 382 3584 1956 3655">
    <p class='ocr_par' dir='ltr' id='par_1_52' title="bbox 382 3584 1956 3655">
     <span class='ocr_line' id='line_1_52' title="bbox 382 3584 1956 3655; baseline 0.011 -28"><span class='ocrx_word' id='word_1_360' title='bbox 382 3592 508 3632; x_wconf 83' lang='lat' dir='ltr'><strong>vere</strong></span> <span class='ocrx_word' id='word_1_361' title='bbox 549 3589 806 3649; x_wconf 87' lang='lat' dir='ltr'><strong>appareat</strong></span> <span class='ocrx_word' id='word_1_362' title='bbox 855 3597 1029 3636; x_wconf 87' lang='lat' dir='ltr'><strong>meam</strong></span> <span class='ocrx_word' id='word_1_363' title='bbox 1085 3584 1222 3654; x_wconf 86' lang='lat' dir='ltr'><strong>Ipsis</strong></span> <span class='ocrx_word' id='word_1_364' title='bbox 1264 3586 1559 3639; x_wconf 87' lang='lat' dir='ltr'><strong>amicitiam</strong></span> <span class='ocrx_word' id='word_1_365' title='bbox 1610 3589 1762 3643; x_wconf 87' lang='lat' dir='ltr'><strong>lucro</strong></span> <span class='ocrx_word' id='word_1_366' title='bbox 1797 3603 1956 3655; x_wconf 90' lang='lat' dir='ltr'><strong>esse;</strong></span> 
     </span>
    </p>
   </div>
   <div class='ocr_carea' id='block_1_53' title="bbox 380 3674 1960 3745">
    <p class='ocr_par' dir='ltr' id='par_1_53' title="bbox 380 3674 1960 3745">
     <span class='ocr_line' id='line_1_53' title="bbox 380 3674 1960 3745; baseline 0.008 -24"><span class='ocrx_word' id='word_1_367' title='bbox 380 3678 650 3738; x_wconf 75' lang='lat' dir='ltr'><strong>quatenus</strong></span> <span class='ocrx_word' id='word_1_368' title='bbox 690 3679 894 3725; x_wconf 87' lang='lat' dir='ltr'><strong>tantam</strong></span> <span class='ocrx_word' id='word_1_369' title='bbox 936 3674 1040 3727; x_wconf 84' lang='lat' dir='ltr'><strong>mei</strong></span> <span class='ocrx_word' id='word_1_370' title='bbox 1078 3675 1476 3744; x_wconf 86' lang='lat' dir='ltr'><strong>providentiam</strong></span> <span class='ocrx_word' id='word_1_371' title='bbox 1525 3679 1850 3745; x_wconf 89' lang='lat' dir='ltr'><strong>sortiuntur,</strong></span> <span class='ocrx_word' id='word_1_372' title='bbox 1901 3686 1960 3733; x_wconf 90' lang='lat' dir='ltr'><strong>ut</strong></span> 
     </span>
    </p>
   </div>
   <div class='ocr_carea' id='block_1_54' title="bbox 380 3761 1955 3840">
    <p class='ocr_par' dir='ltr' id='par_1_54' title="bbox 380 3761 1955 3840">
     <span class='ocr_line' id='line_1_54' title="bbox 380 3761 1955 3840; baseline 0.006 -26"><span class='ocrx_word' id='word_1_373' title='bbox 380 3761 710 3819; x_wconf 83' lang='lat' dir='ltr'><strong>aJversariis</strong></span> <span class='ocrx_word' id='word_1_374' title='bbox 739 3765 925 3819; x_wconf 91' lang='lat' dir='ltr'><strong>multis</strong></span> <span class='ocrx_word' id='word_1_375' title='bbox 946 3775 1107 3835; x_wconf 85' lang='lat' dir='ltr'><strong>atque</strong></span> <span class='ocrx_word' id='word_1_376' title='bbox 1132 3769 1445 3836; x_wconf 86' lang='lat' dir='ltr'><strong>potentibus</strong></span> <span class='ocrx_word' id='word_1_377' title='bbox 1470 3767 1630 3825; x_wconf 84' lang='lat' dir='ltr'><strong>facile</strong></span> <span class='ocrx_word' id='word_1_378' title='bbox 1657 3771 1955 3840; x_wconf 84' lang='lat' dir='ltr'><strong>potiantur.</strong></span> 
     </span>
    </p>
   </div>
   <div class='ocr_carea' id='block_1_55' title="bbox 380 3850 1962 3929">
    <p class='ocr_par' dir='ltr' id='par_1_55' title="bbox 380 3850 1962 3929">
     <span class='ocr_line' id='line_1_55' title="bbox 380 3850 1962 3929; baseline 0.009 -25"><span class='ocrx_word' id='word_1_379' title='bbox 380 3853 586 3908; x_wconf 75' lang='lat' dir='ltr'><strong>Deinde</strong></span> <span class='ocrx_word' id='word_1_380' title='bbox 638 3861 696 3908; x_wconf 90' lang='lat' dir='ltr'><strong>ut</strong></span> <span class='ocrx_word' id='word_1_381' title='bbox 745 3857 998 3912; x_wconf 89' lang='lat' dir='ltr'><strong>ostendat</strong></span> <span class='ocrx_word' id='word_1_382' title='bbox 1049 3859 1299 3929; x_wconf 86' lang='lat' dir='ltr'><strong>egregios</strong></span> <span class='ocrx_word' id='word_1_383' title='bbox 1349 3874 1575 3916; x_wconf 91' lang='lat' dir='ltr'><strong>suorum</strong></span> <span class='ocrx_word' id='word_1_384' title='bbox 1629 3850 1832 3928; x_wconf 79' lang='lat' dir='ltr'><strong>mores,</strong></span> <span class='ocrx_word' id='word_1_385' title='bbox 1893 3864 1962 3918; x_wconf 93' lang='lat' dir='ltr'><strong>de</strong></span> 
     </span>
    </p>
   </div>
   <div class='ocr_carea' id='block_1_56' title="bbox 380 3945 1961 4025">
    <p class='ocr_par' dir='ltr' id='par_1_56' title="bbox 380 3945 1961 4025">
     <span class='ocr_line' id='line_1_56' title="bbox 380 3945 1961 4025; baseline 0.007 -25"><span class='ocrx_word' id='word_1_386' title='bbox 380 3945 708 4001; x_wconf 76' lang='lat' dir='ltr'><strong>Machabaeis</strong></span> <span class='ocrx_word' id='word_1_387' title='bbox 756 3948 970 4003; x_wconf 87' lang='lat' dir='ltr'><strong>scilicet</strong></span> <span class='ocrx_word' id='word_1_388' title='bbox 1016 3950 1273 4020; x_wconf 89' lang='lat' dir='ltr'><strong>loquens,</strong></span> <span class='ocrx_word' id='word_1_389' title='bbox 1324 3951 1416 4022; x_wconf 90' lang='lat' dir='ltr'><strong>qui</strong></span> <span class='ocrx_word' id='word_1_390' title='bbox 1453 3968 1551 4022; x_wconf 92' lang='lat' dir='ltr'><strong>pro</strong></span> <span class='ocrx_word' id='word_1_391' title='bbox 1585 3961 1745 4024; x_wconf 84' lang='lat' dir='ltr'><strong>gente</strong></span> <span class='ocrx_word' id='word_1_392' title='bbox 1775 3964 1830 4010; x_wconf 91' lang='lat' dir='ltr'><strong>et</strong></span> <span class='ocrx_word' id='word_1_393' title='bbox 1864 3970 1961 4025; x_wconf 90' lang='lat' dir='ltr'><strong>pro</strong></span> 
     </span>
    </p>
   </div>
   <div class='ocr_carea' id='block_1_57' title="bbox 380 4038 1961 4121">
    <p class='ocr_par' dir='ltr' id='par_1_57' title="bbox 380 4038 1961 4121">
     <span class='ocr_line' id='line_1_57' title="bbox 380 4038 1961 4121; baseline 0.008 -30"><span class='ocrx_word' id='word_1_394' title='bbox 380 4038 584 4093; x_wconf 83' lang='lat' dir='ltr'><strong>divinis</strong></span> <span class='ocrx_word' id='word_1_395' title='bbox 634 4038 845 4110; x_wconf 76' lang='lat' dir='ltr'><strong>legibus</strong></span> <span class='ocrx_word' id='word_1_396' title='bbox 898 4040 1097 4097; x_wconf 85' lang='lat' dir='ltr'><strong>bellum</strong></span> <span class='ocrx_word' id='word_1_397' title='bbox 1151 4050 1344 4098; x_wconf 86' lang='lat' dir='ltr'><strong>contra</strong></span> <span class='ocrx_word' id='word_1_398' title='bbox 1396 4044 1749 4101; x_wconf 81' lang='lat' dir='ltr'><strong>Macedonum</strong></span> <span class='ocrx_word' id='word_1_399' title='bbox 1797 4047 1961 4121; x_wconf 63' lang='lat'><strong>347</strong></span> 
     </span>
    </p>
   </div>
   <div class='ocr_carea' id='block_1_58' title="bbox 380 4132 1959 4201">
    <p class='ocr_par' dir='ltr' id='par_1_58' title="bbox 380 4132 1959 4201">
     <span class='ocr_line' id='line_1_58' title="bbox 380 4132 1959 4201; baseline 0.007 -17"><span class='ocrx_word' id='word_1_400' title='bbox 380 4146 537 4201; x_wconf 76' lang='lat' dir='ltr'><strong>reges</strong></span> <span class='ocrx_word' id='word_1_401' title='bbox 565 4141 877 4201; x_wconf 85' lang='lat' dir='ltr'><strong>gesserunt,</strong></span> <span class='ocrx_word' id='word_1_402' title='bbox 927 4132 1117 4188; x_wconf 86' lang='lat' dir='ltr'><strong>addit:</strong></span> <span class='ocrx_word' id='word_1_403' title='bbox 1176 4153 1194 4186; x_wconf 76' lang='grc' dir='ltr'><strong>ι</strong></span> <span class='ocrx_word' id='word_1_404' title='bbox 1217 4133 1284 4188; x_wconf 83' lang='grc' dir='ltr'>Ει</span> <span class='ocrx_word' id='word_1_405' title='bbox 1310 4136 1487 4191; x_wconf 91' lang='lat' dir='ltr'><strong>dicam</strong></span> <span class='ocrx_word' id='word_1_406' title='bbox 1518 4139 1631 4193; x_wconf 89' lang='lat' dir='ltr'><strong>eis:</strong></span> <span class='ocrx_word' id='word_1_407' title='bbox 1664 4138 1721 4194; x_wconf 88' lang='lat' dir='ltr'><strong>Si</strong></span> <span class='ocrx_word' id='word_1_408' title='bbox 1758 4140 1959 4195; x_wconf 85' lang='lat' dir='ltr'><strong>bonum</strong></span> 
     </span>
    </p>
   </div>
   <div class='ocr_carea' id='block_1_59' title="bbox 378 4222 1962 4299">
    <p class='ocr_par' dir='ltr' id='par_1_59' title="bbox 378 4222 1962 4299">
     <span class='ocr_line' id='line_1_59' title="bbox 378 4222 1962 4299; baseline 0.008 -24"><span class='ocrx_word' id='word_1_409' title='bbox 378 4232 465 4277; x_wconf 85' lang='lat' dir='ltr'><strong>est</strong></span> <span class='ocrx_word' id='word_1_410' title='bbox 495 4222 548 4276; x_wconf 91' lang='lat' dir='ltr'><strong>in</strong></span> <span class='ocrx_word' id='word_1_411' title='bbox 579 4232 876 4293; x_wconf 84' lang='lat' dir='ltr'><strong>conspectu</strong></span> <span class='ocrx_word' id='word_1_412' title='bbox 905 4232 1111 4293; x_wconf 84' lang='lat' dir='ltr'><strong>vestro,</strong></span> <span class='ocrx_word' id='word_1_413' title='bbox 1144 4224 1270 4282; x_wconf 89' lang='lat' dir='ltr'><strong>date</strong></span> <span class='ocrx_word' id='word_1_414' title='bbox 1296 4229 1602 4284; x_wconf 86' lang='lat' dir='ltr'><strong>mercedem</strong></span> <span class='ocrx_word' id='word_1_415' title='bbox 1638 4246 1838 4299; x_wconf 90' lang='lat' dir='ltr'><strong>meam,</strong></span> <span class='ocrx_word' id='word_1_416' title='bbox 1867 4240 1962 4287; x_wconf 92' lang='lat' dir='ltr'><strong>aut</strong></span> 
     </span>
    </p>
   </div>
   <div class='ocr_carea' id='block_1_60' title="bbox 384 4314 1963 4396">
    <p class='ocr_par' dir='ltr' id='par_1_60' title="bbox 384 4314 1963 4396">
     <span class='ocr_line' id='line_1_60' title="bbox 384 4314 1963 4396; baseline 0.01 -31"><span class='ocrx_word' id='word_1_417' title='bbox 384 4314 616 4368; x_wconf 78' lang='lat' dir='ltr'><strong>reuuite.</strong></span> <span class='ocrx_word' id='word_1_418' title='bbox 641 4333 659 4365; x_wconf 73' lang='grc' dir='ltr'><strong>ι</strong></span> <span class='ocrx_word' id='word_1_419' title='bbox 705 4314 1032 4386; x_wconf 89' lang='lat' dir='ltr'><strong>Tantopere,</strong></span> <span class='ocrx_word' id='word_1_420' title='bbox 1074 4317 1273 4388; x_wconf 92' lang='lat' dir='ltr'><strong>inquit,</strong></span> <span class='ocrx_word' id='word_1_421' title='bbox 1313 4321 1469 4389; x_wconf 91' lang='lat' dir='ltr'><strong>probi</strong></span> <span class='ocrx_word' id='word_1_422' title='bbox 1517 4330 1681 4376; x_wconf 89' lang='lat' dir='ltr'><strong>erttnt</strong></span> <span class='ocrx_word' id='word_1_423' title='bbox 1713 4339 1842 4396; x_wconf 86' lang='lat' dir='ltr'><strong>erga</strong></span> <span class='ocrx_word' id='word_1_424' title='bbox 1874 4340 1963 4381; x_wconf 86' lang='lat' dir='ltr'><strong>me</strong></span> 
     </span>
    </p>
   </div>
   <div class='ocr_carea' id='block_1_61' title="bbox 382 4406 1961 4487">
    <p class='ocr_par' dir='ltr' id='par_1_61' title="bbox 382 4406 1961 4487">
     <span class='ocr_line' id='line_1_61' title="bbox 382 4406 1961 4487; baseline 0.009 -28"><span class='ocrx_word' id='word_1_425' title='bbox 382 4406 652 4478; x_wconf 79' lang='lat' dir='ltr'><strong>ﬁrmique,</strong></span> <span class='ocrx_word' id='word_1_426' title='bbox 714 4414 769 4461; x_wconf 90' lang='lat' dir='ltr'><strong>ut</strong></span> <span class='ocrx_word' id='word_1_427' title='bbox 814 4424 916 4480; x_wconf 79' lang='lat' dir='ltr'><strong>ego</strong></span> <span class='ocrx_word' id='word_1_428' title='bbox 962 4409 1287 4468; x_wconf 81' lang='lat' dir='ltr'><strong>ﬁducialiter</strong></span> <span class='ocrx_word' id='word_1_429' title='bbox 1316 4413 1396 4469; x_wconf 87' lang='lat' dir='ltr'><strong>eis</strong></span> <span class='ocrx_word' id='word_1_430' title='bbox 1424 4415 1604 4473; x_wconf 89' lang='lat' dir='ltr'><strong>dicere</strong></span> <span class='ocrx_word' id='word_1_431' title='bbox 1632 4433 1864 4487; x_wconf 89' lang='lat' dir='ltr'><strong>queam:</strong></span> <span class='ocrx_word' id='word_1_432' title='bbox 1904 4420 1961 4474; x_wconf 92' lang='lat' dir='ltr'><strong>Si</strong></span> 
     </span>
    </p>
   </div>
   <div class='ocr_carea' id='block_1_62' title="bbox 2051 1942 3630 2014">
    <p class='ocr_par' dir='ltr' id='par_1_62' title="bbox 2051 1942 3630 2014">
     <span class='ocr_line' id='line_1_62' title="bbox 2051 1942 3630 2014; baseline -0.003 -17"><span class='ocrx_word' id='word_1_433' title='bbox 2051 1945 2121 1998; x_wconf 76' lang='grc' dir='ltr'><strong>τὰ</strong></span> <span class='ocrx_word' id='word_1_434' title='bbox 2151 1943 2339 1997; x_wconf 77' lang='grc' dir='ltr'>αὐτόθι</span> <span class='ocrx_word' id='word_1_435' title='bbox 2387 1942 2699 2014; x_wconf 83' lang='grc' dir='ltr'>συγχύσεώς</span> <span class='ocrx_word' id='word_1_436' title='bbox 2730 1961 2791 1997; x_wconf 89' lang='grc' dir='ltr'><strong>τε</strong></span> <span class='ocrx_word' id='word_1_437' title='bbox 2825 1944 2919 1997; x_wconf 79' lang='grc' dir='ltr'>καὶ</span> <span class='ocrx_word' id='word_1_438' title='bbox 2944 1942 3234 2012; x_wconf 84' lang='grc' dir='ltr'>ἀκοσμίας,</span> <span class='ocrx_word' id='word_1_439' title='bbox 3265 1943 3471 1996; x_wconf 80' lang='grc' dir='ltr'>ἀνιέναι</span> <span class='ocrx_word' id='word_1_440' title='bbox 3507 1959 3630 1995; x_wconf 79' lang='grc' dir='ltr'>συνο</span> 
     </span>
    </p>
   </div>
   <div class='ocr_carea' id='block_1_63' title="bbox 2054 2031 3631 2107">
    <p class='ocr_par' dir='ltr' id='par_1_63' title="bbox 2054 2031 3631 2107">
     <span class='ocr_line' id='line_1_63' title="bbox 2054 2031 3631 2107; baseline -0.003 -17"><span class='ocrx_word' id='word_1_441' title='bbox 2054 2037 2198 2107; x_wconf 77' lang='grc' dir='ltr'>ήθως</span> <span class='ocrx_word' id='word_1_442' title='bbox 2220 2037 2299 2099; x_wconf 85' lang='grc' dir='ltr'><strong>είς</strong></span> <span class='ocrx_word' id='word_1_443' title='bbox 2322 2036 2412 2090; x_wconf 81' lang='grc' dir='ltr'><strong>τὸν</strong></span> <span class='ocrx_word' id='word_1_444' title='bbox 2433 2037 2560 2090; x_wconf 78' lang='grc' dir='ltr'>ναὸν</span> <span class='ocrx_word' id='word_1_445' title='bbox 2588 2036 2940 2106; x_wconf 79' lang='grc' dir='ltr'>κωλυόμενοι.</span> <span class='ocrx_word' id='word_1_446' title='bbox 2967 2036 3137 2090; x_wconf 86' lang='grc' dir='ltr'>Τοῦτο</span> <span class='ocrx_word' id='word_1_447' title='bbox 3163 2031 3253 2090; x_wconf 80' lang='grc' dir='ltr'>οὖν</span> <span class='ocrx_word' id='word_1_448' title='bbox 3275 2034 3441 2103; x_wconf 80' lang='grc' dir='ltr'>λέγει,</span> <span class='ocrx_word' id='word_1_449' title='bbox 3467 2053 3485 2085; x_wconf 81' lang='grc' dir='ltr'><strong>ι</strong></span> <span class='ocrx_word' id='word_1_450' title='bbox 3510 2036 3631 2086; x_wconf 83' lang='lat' dir='ltr'><strong>Atat-</strong></span> 
     </span>
    </p>
   </div>
   <div class='ocr_carea' id='block_1_64' title="bbox 2057 2124 3633 2198">
    <p class='ocr_par' dir='ltr' id='par_1_64' title="bbox 2057 2124 3633 2198">
     <span class='ocr_line' id='line_1_64' title="bbox 2057 2124 3633 2198; baseline -0.004 -16"><span class='ocrx_word' id='word_1_451' title='bbox 2057 2128 2312 2183; x_wconf 76' lang='grc' dir='ltr'>σκεδάσαι</span> <span class='ocrx_word' id='word_1_452' title='bbox 2342 2129 2440 2198; x_wconf 81' lang='grc' dir='ltr'><strong>τὴν</strong></span> <span class='ocrx_word' id='word_1_453' title='bbox 2453 2127 2718 2198; x_wconf 86' lang='grc' dir='ltr'>διαθήκην</span> <span class='ocrx_word' id='word_1_454' title='bbox 2748 2145 2873 2198; x_wconf 81' lang='grc' dir='ltr'>μου,</span> <span class='ocrx_word' id='word_1_455' title='bbox 2903 2128 2969 2198; x_wconf 79' lang='grc' dir='ltr'>ἣν</span> <span class='ocrx_word' id='word_1_456' title='bbox 2999 2126 3253 2198; x_wconf 82' lang='grc' dir='ltr'>διεθέμην</span> <span class='ocrx_word' id='word_1_457' title='bbox 3270 2126 3408 2197; x_wconf 73' lang='grc' dir='ltr'>πρὸς</span> <span class='ocrx_word' id='word_1_458' title='bbox 3426 2124 3633 2188; x_wconf 79' lang='grc' dir='ltr'>πάντας</span> 
     </span>
    </p>
   </div>
   <div class='ocr_carea' id='block_1_65' title="bbox 2053 2215 3634 2290">
    <p class='ocr_par' dir='ltr' id='par_1_65' title="bbox 2053 2215 3634 2290">
     <span class='ocr_line' id='line_1_65' title="bbox 2053 2215 3634 2290; baseline -0.004 -16"><span class='ocrx_word' id='word_1_459' title='bbox 2053 2222 2178 2283; x_wconf 78' lang='grc' dir='ltr'>τοὺς</span> <span class='ocrx_word' id='word_1_460' title='bbox 2231 2218 2393 2282; x_wconf 78' lang='grc' dir='ltr'>λαοὺς</span> <span class='ocrx_word' id='word_1_461' title='bbox 2444 2219 2543 2290; x_wconf 79' lang='grc' dir='ltr'>τῆς</span> <span class='ocrx_word' id='word_1_462' title='bbox 2586 2219 2691 2288; x_wconf 79' lang='grc' dir='ltr'>γῆς</span> <span class='ocrx_word' id='word_1_463' title='bbox 2714 2237 2726 2250; x_wconf 89' lang='grc'><strong>·</strong></span> <span class='ocrx_word' id='word_1_464' title='bbox 2768 2238 2786 2271; x_wconf 74' lang='grc' dir='ltr'><strong>ι</strong></span> <span class='ocrx_word' id='word_1_465' title='bbox 2814 2220 2903 2272; x_wconf 83' lang='grc' dir='ltr'>ἵνα</span> <span class='ocrx_word' id='word_1_466' title='bbox 2943 2218 3097 2289; x_wconf 75' lang='grc' dir='ltr'>εἴπῃ,</span> <span class='ocrx_word' id='word_1_467' title='bbox 3122 2218 3203 2273; x_wconf 85' lang='grc' dir='ltr'>ὅτι</span> <span class='ocrx_word' id='word_1_468' title='bbox 3238 2216 3442 2271; x_wconf 82' lang='grc' dir='ltr'>Παύσω</span> <span class='ocrx_word' id='word_1_469' title='bbox 3474 2215 3634 2269; x_wconf 86' lang='grc' dir='ltr'>τοῦτο</span> 
     </span>
    </p>
   </div>
   <div class='ocr_carea' id='block_1_66' title="bbox 2054 2309 3634 2384">
    <p class='ocr_par' dir='ltr' id='par_1_66' title="bbox 2054 2309 3634 2384">
     <span class='ocr_line' id='line_1_66' title="bbox 2054 2309 3634 2384; baseline -0.004 -17"><span class='ocrx_word' id='word_1_470' title='bbox 2054 2315 2357 2384; x_wconf 82' lang='grc' dir='ltr'>γινόμενον,</span> <span class='ocrx_word' id='word_1_471' title='bbox 2388 2312 2417 2367; x_wconf 84' lang='grc' dir='ltr'><strong>ὃ</strong></span> <span class='ocrx_word' id='word_1_472' title='bbox 2449 2314 2543 2366; x_wconf 67' lang='grc' dir='ltr'><strong>καὶ</strong></span> <span class='ocrx_word' id='word_1_473' title='bbox 2566 2313 2719 2384; x_wconf 83' lang='grc' dir='ltr'>παρὰ</span> <span class='ocrx_word' id='word_1_474' title='bbox 2750 2311 2858 2365; x_wconf 83' lang='grc' dir='ltr'><strong>τῶν</strong></span> <span class='ocrx_word' id='word_1_475' title='bbox 2906 2310 3196 2383; x_wconf 83' lang='grc' dir='ltr'>ἀλλοτρίων</span> <span class='ocrx_word' id='word_1_476' title='bbox 3224 2310 3467 2379; x_wconf 82' lang='grc' dir='ltr'>ἐγίγνετο</span> <span class='ocrx_word' id='word_1_477' title='bbox 3501 2309 3634 2379; x_wconf 82' lang='grc' dir='ltr'>πρό-</span> 
     </span>
    </p>
   </div>
   <div class='ocr_carea' id='block_1_67' title="bbox 2053 2401 3638 2476">
    <p class='ocr_par' dir='ltr' id='par_1_67' title="bbox 2053 2401 3638 2476">
     <span class='ocr_line' id='line_1_67' title="bbox 2053 2401 3638 2476; baseline -0.002 -19"><span class='ocrx_word' id='word_1_478' title='bbox 2053 2421 2210 2476; x_wconf 83' lang='grc' dir='ltr'>τερον</span> <span class='ocrx_word' id='word_1_479' title='bbox 2234 2421 2248 2434; x_wconf 79' lang='grc'><em>’</em></span> <span class='ocrx_word' id='word_1_480' title='bbox 2284 2403 2360 2475; x_wconf 87' lang='grc' dir='ltr'>τῷ</span> <span class='ocrx_word' id='word_1_481' title='bbox 2398 2404 2580 2473; x_wconf 75' lang='grc' dir='ltr'>οἰκείῳ</span> <span class='ocrx_word' id='word_1_482' title='bbox 2620 2402 2897 2475; x_wconf 83' lang='grc' dir='ltr'>προσώπῳ</span> <span class='ocrx_word' id='word_1_483' title='bbox 2943 2403 3105 2456; x_wconf 80' lang='grc' dir='ltr'>πάλιν</span> <span class='ocrx_word' id='word_1_484' title='bbox 3163 2401 3457 2474; x_wconf 75' lang='grc' dir='ltr'>περιτιθεὶς</span> <span class='ocrx_word' id='word_1_485' title='bbox 3486 2402 3546 2453; x_wconf 82' lang='grc' dir='ltr'>τὸ</span> <span class='ocrx_word' id='word_1_486' title='bbox 3570 2402 3638 2454; x_wconf 86' lang='grc' dir='ltr'><strong>ἐκ</strong></span> 
     </span>
    </p>
   </div>
   <div class='ocr_carea' id='block_1_68' title="bbox 2054 2492 3632 2568">
    <p class='ocr_par' dir='ltr' id='par_1_68' title="bbox 2054 2492 3632 2568">
     <span class='ocr_line' id='line_1_68' title="bbox 2054 2492 3632 2568; baseline -0.003 -18"><span class='ocrx_word' id='word_1_487' title='bbox 2054 2497 2153 2568; x_wconf 80' lang='grc' dir='ltr'>τῆς</span> <span class='ocrx_word' id='word_1_488' title='bbox 2184 2498 2384 2568; x_wconf 81' lang='grc' dir='ltr'>ἐτέρων</span> <span class='ocrx_word' id='word_1_489' title='bbox 2412 2495 2707 2567; x_wconf 88' lang='grc' dir='ltr'>συμϐαῖνον</span> <span class='ocrx_word' id='word_1_490' title='bbox 2762 2495 2961 2559; x_wconf 85' lang='grc' dir='ltr'>κακίας</span> <span class='ocrx_word' id='word_1_491' title='bbox 2988 2512 2998 2522; x_wconf 94' lang='grc'>·</span> <span class='ocrx_word' id='word_1_492' title='bbox 3031 2494 3170 2548; x_wconf 81' lang='grc' dir='ltr'>ὥστε</span> <span class='ocrx_word' id='word_1_493' title='bbox 3213 2493 3381 2565; x_wconf 85' lang='grc' dir='ltr'>ὀργῆς</span> <span class='ocrx_word' id='word_1_494' title='bbox 3415 2492 3632 2555; x_wconf 75' lang='grc' dir='ltr'>αὐτοὺς,</span> 
     </span>
    </p>
   </div>
   <div class='ocr_carea' id='block_1_69' title="bbox 2058 2584 3636 2660">
    <p class='ocr_par' dir='ltr' id='par_1_69' title="bbox 2058 2584 3636 2660">
     <span class='ocr_line' id='line_1_69' title="bbox 2058 2584 3636 2660; baseline -0.004 -18"><span class='ocrx_word' id='word_1_495' title='bbox 2058 2589 2339 2660; x_wconf 85' lang='grc' dir='ltr'>συντόμως</span> <span class='ocrx_word' id='word_1_496' title='bbox 2386 2589 2580 2655; x_wconf 85' lang='grc' dir='ltr'>εἰπεῖν,</span> <span class='ocrx_word' id='word_1_497' title='bbox 2623 2588 2838 2642; x_wconf 74' lang='grc' dir='ltr'>ἅπαντα</span> <span class='ocrx_word' id='word_1_498' title='bbox 2885 2588 2954 2641; x_wconf 67' lang='grc' dir='ltr'><strong>τὰ</strong></span> <span class='ocrx_word' id='word_1_499' title='bbox 2987 2587 3156 2657; x_wconf 86' lang='grc' dir='ltr'>χείρω</span> <span class='ocrx_word' id='word_1_500' title='bbox 3198 2584 3485 2654; x_wconf 83' lang='grc' dir='ltr'>φαίνεσθαι</span> <span class='ocrx_word' id='word_1_501' title='bbox 3538 2601 3636 2654; x_wconf 86' lang='grc' dir='ltr'>ση-</span> 
     </span>
    </p>
   </div>
   <div class='ocr_carea' id='block_1_70' title="bbox 2061 2683 2204 2751">
    <p class='ocr_par' dir='ltr' id='par_1_70' title="bbox 2061 2683 2204 2751">
     <span class='ocr_line' id='line_1_70' title="bbox 2061 2683 2204 2751; baseline -0.007 -18"><span class='ocrx_word' id='word_1_502' title='bbox 2061 2683 2204 2751; x_wconf 85' lang='grc' dir='ltr'><strong>μεῖα.</strong></span> 
     </span>
    </p>
   </div>
   <div class='ocr_carea' id='block_1_71' title="bbox 2130 2768 3635 2842">
    <p class='ocr_par' dir='ltr' id='par_1_71' title="bbox 2130 2768 3635 2842">
     <span class='ocr_line' id='line_1_71' title="bbox 2130 2768 3635 2842; baseline -0.003 -17"><span class='ocrx_word' id='word_1_503' title='bbox 2130 2771 2279 2842; x_wconf 84' lang='grc' dir='ltr'>Στίχ.</span> <span class='ocrx_word' id='word_1_504' title='bbox 2311 2770 2401 2833; x_wconf 83' lang='grc' dir='ltr'>ια’,</span> <span class='ocrx_word' id='word_1_505' title='bbox 2438 2771 2520 2841; x_wconf 73' lang='grc' dir='ltr'><strong>ιβ’.</strong></span> <span class='ocrx_word' id='word_1_506' title='bbox 2551 2803 2619 2813; x_wconf 93' lang='lat'><strong>—-</strong></span> <span class='ocrx_word' id='word_1_507' title='bbox 2665 2790 2683 2821; x_wconf 74' lang='grc' dir='ltr'><strong>ι</strong></span> <span class='ocrx_word' id='word_1_508' title='bbox 2717 2770 2827 2823; x_wconf 69' lang='grc' dir='ltr'>Καὶ</span> <span class='ocrx_word' id='word_1_509' title='bbox 2882 2769 3398 2839; x_wconf 85' lang='grc' dir='ltr'>διασκεδασθήσεται</span> <span class='ocrx_word' id='word_1_510' title='bbox 3453 2768 3512 2822; x_wconf 89' lang='grc' dir='ltr'><strong>ἐν</strong></span> <span class='ocrx_word' id='word_1_511' title='bbox 3569 2769 3635 2837; x_wconf 78' lang='grc' dir='ltr'>τῇ</span> 
     </span>
    </p>
   </div>
   <div class='ocr_carea' id='block_1_72' title="bbox 2058 2856 3639 2936">
    <p class='ocr_par' dir='ltr' id='par_1_72' title="bbox 2058 2856 3639 2936">
     <span class='ocr_line' id='line_1_72' title="bbox 2058 2856 3639 2936; baseline -0.006 -18"><span class='ocrx_word' id='word_1_512' title='bbox 2058 2865 2242 2936; x_wconf 75' lang='grc' dir='ltr'>ἡμέρᾳ</span> <span class='ocrx_word' id='word_1_513' title='bbox 2275 2864 2478 2934; x_wconf 83' lang='grc' dir='ltr'>ἐκείνῃ,</span> <span class='ocrx_word' id='word_1_514' title='bbox 2502 2862 2577 2931; x_wconf 87' lang='lat' dir='ltr'><strong>(p.</strong></span> <span class='ocrx_word' id='word_1_515' title='bbox 2601 2861 2726 2933; x_wconf 71' lang='grc'><strong>515)</strong></span> <span class='ocrx_word' id='word_1_516' title='bbox 2755 2861 2849 2915; x_wconf 77' lang='grc' dir='ltr'>καὶ</span> <span class='ocrx_word' id='word_1_517' title='bbox 2865 2859 3163 2930; x_wconf 82' lang='grc' dir='ltr'>γνώσονται</span> <span class='ocrx_word' id='word_1_518' title='bbox 3189 2861 3237 2913; x_wconf 88' lang='grc' dir='ltr'><strong>οί</strong></span> <span class='ocrx_word' id='word_1_519' title='bbox 3259 2860 3547 2913; x_wconf 82' lang='grc' dir='ltr'>Χαναναῖοι</span> <span class='ocrx_word' id='word_1_520' title='bbox 3572 2856 3639 2909; x_wconf 86' lang='grc' dir='ltr'><strong>τά</strong></span> 
     </span>
    </p>
   </div>
   <div class='ocr_carea' id='block_1_73' title="bbox 2057 2950 3637 3027">
    <p class='ocr_par' dir='ltr' id='par_1_73' title="bbox 2057 2950 3637 3027">
     <span class='ocr_line' id='line_1_73' title="bbox 2057 2950 3637 3027; baseline -0.006 -17"><span class='ocrx_word' id='word_1_521' title='bbox 2057 2955 2307 3027; x_wconf 85' lang='grc' dir='ltr'>πρόϐατα</span> <span class='ocrx_word' id='word_1_522' title='bbox 2334 2955 2403 3009; x_wconf 80' lang='grc' dir='ltr'><strong>τὰ</strong></span> <span class='ocrx_word' id='word_1_523' title='bbox 2445 2953 2832 3025; x_wconf 77' lang='grc' dir='ltr'>φυλασσόμενα</span> <span class='ocrx_word' id='word_1_524' title='bbox 2865 2969 2955 3023; x_wconf 83' lang='grc' dir='ltr'><strong>με,</strong></span> <span class='ocrx_word' id='word_1_525' title='bbox 2996 2952 3129 3006; x_wconf 89' lang='grc' dir='ltr'>διότι</span> <span class='ocrx_word' id='word_1_526' title='bbox 3178 2952 3206 3005; x_wconf 86' lang='grc' dir='ltr'>ὁ</span> <span class='ocrx_word' id='word_1_527' title='bbox 3236 2951 3396 3020; x_wconf 85' lang='grc' dir='ltr'>λόγος</span> <span class='ocrx_word' id='word_1_528' title='bbox 3430 2950 3637 3020; x_wconf 85' lang='grc' dir='ltr'>Κυρίου</span> 
     </span>
    </p>
   </div>
   <div class='ocr_carea' id='block_1_74' title="bbox 2058 3039 3638 3113">
    <p class='ocr_par' dir='ltr' id='par_1_74' title="bbox 2058 3039 3638 3113">
     <span class='ocr_line' id='line_1_74' title="bbox 2058 3039 3638 3113; baseline -0.001 -21"><span class='ocrx_word' id='word_1_529' title='bbox 2058 3042 2195 3099; x_wconf 84' lang='grc' dir='ltr'>ἐστί.</span> <span class='ocrx_word' id='word_1_530' title='bbox 2230 3062 2249 3096; x_wconf 73' lang='grc' dir='ltr'><strong>ι</strong></span> <span class='ocrx_word' id='word_1_531' title='bbox 2288 3044 2441 3108; x_wconf 85' lang='grc' dir='ltr'>Τότε,</span> <span class='ocrx_word' id='word_1_532' title='bbox 2481 3043 2634 3113; x_wconf 76' lang='grc' dir='ltr'>φησὶ,</span> <span class='ocrx_word' id='word_1_533' title='bbox 2676 3041 2942 3096; x_wconf 85' lang='grc' dir='ltr'>παύσεται</span> <span class='ocrx_word' id='word_1_534' title='bbox 2981 3042 3137 3112; x_wconf 76' lang='grc' dir='ltr'><strong>μὲνὴ</strong></span> <span class='ocrx_word' id='word_1_535' title='bbox 3170 3041 3321 3112; x_wconf 87' lang='grc' dir='ltr'><strong>παρά</strong></span> <span class='ocrx_word' id='word_1_536' title='bbox 3355 3039 3462 3093; x_wconf 80' lang='grc' dir='ltr'><strong>τῶν</strong></span> <span class='ocrx_word' id='word_1_537' title='bbox 3488 3042 3638 3092; x_wconf 79' lang='grc' dir='ltr'>ἐνανο</span> 
     </span>
    </p>
   </div>
   <div class='ocr_carea' id='block_1_75' title="bbox 2058 3132 3641 3205">
    <p class='ocr_par' dir='ltr' id='par_1_75' title="bbox 2058 3132 3641 3205">
     <span class='ocr_line' id='line_1_75' title="bbox 2058 3132 3641 3205; baseline -0.003 -17"><span class='ocrx_word' id='word_1_538' title='bbox 2058 3135 2188 3189; x_wconf 88' lang='grc' dir='ltr'>τίων</span> <span class='ocrx_word' id='word_1_539' title='bbox 2219 3136 2298 3198; x_wconf 87' lang='grc' dir='ltr'><strong>είς</strong></span> <span class='ocrx_word' id='word_1_540' title='bbox 2323 3134 2413 3189; x_wconf 78' lang='grc' dir='ltr'><strong>τὸν</strong></span> <span class='ocrx_word' id='word_1_541' title='bbox 2442 3135 2569 3188; x_wconf 74' lang='grc' dir='ltr'>ναὸν</span> <span class='ocrx_word' id='word_1_542' title='bbox 2588 3134 2848 3205; x_wconf 82' lang='grc' dir='ltr'>γινομένη</span> <span class='ocrx_word' id='word_1_543' title='bbox 2883 3133 3169 3205; x_wconf 84' lang='grc' dir='ltr'>θεραπεία,</span> <span class='ocrx_word' id='word_1_544' title='bbox 3196 3132 3641 3203; x_wconf 80' lang='grc' dir='ltr'>συγκαταλυομέ-</span> 
     </span>
    </p>
   </div>
   <div class='ocr_carea' id='block_1_76' title="bbox 2059 3223 3641 3299">
    <p class='ocr_par' dir='ltr' id='par_1_76' title="bbox 2059 3223 3641 3299">
     <span class='ocr_line' id='line_1_76' title="bbox 2059 3223 3641 3299; baseline -0.002 -18"><span class='ocrx_word' id='word_1_545' title='bbox 2059 3243 2158 3297; x_wconf 82' lang='grc' dir='ltr'><strong>νης</strong></span> <span class='ocrx_word' id='word_1_546' title='bbox 2175 3226 2252 3291; x_wconf 82' lang='grc' dir='ltr'>ὡς</span> <span class='ocrx_word' id='word_1_547' title='bbox 2277 3227 2423 3291; x_wconf 79' lang='grc' dir='ltr'>εἰκὸς</span> <span class='ocrx_word' id='word_1_548' title='bbox 2448 3226 2623 3299; x_wconf 85' lang='grc' dir='ltr'>τούτῳ</span> <span class='ocrx_word' id='word_1_549' title='bbox 2642 3228 2739 3297; x_wconf 84' lang='grc' dir='ltr'>τῆς</span> <span class='ocrx_word' id='word_1_550' title='bbox 2760 3226 3024 3298; x_wconf 84' lang='grc' dir='ltr'>διαθήκης</span> <span class='ocrx_word' id='word_1_551' title='bbox 3051 3228 3117 3297; x_wconf 75' lang='grc' dir='ltr'>ἦν</span> <span class='ocrx_word' id='word_1_552' title='bbox 3146 3227 3281 3297; x_wconf 79' lang='grc' dir='ltr'>πρὸς</span> <span class='ocrx_word' id='word_1_553' title='bbox 3303 3227 3497 3288; x_wconf 74' lang='grc' dir='ltr'>αὐτοὺς</span> <span class='ocrx_word' id='word_1_554' title='bbox 3524 3223 3641 3279; x_wconf 78' lang='grc' dir='ltr'>ἐθέ-</span> 
     </span>
    </p>
   </div>
   <div class='ocr_carea' id='block_1_77' title="bbox 2064 3317 3643 3391">
    <p class='ocr_par' dir='ltr' id='par_1_77' title="bbox 2064 3317 3643 3391">
     <span class='ocr_line' id='line_1_77' title="bbox 2064 3317 3643 3391; baseline 0 -21"><span class='ocrx_word' id='word_1_555' title='bbox 2064 3336 2196 3389; x_wconf 84' lang='grc' dir='ltr'>μην·</span> <span class='ocrx_word' id='word_1_556' title='bbox 2227 3318 2440 3372; x_wconf 79' lang='grc' dir='ltr'>ἔσονται</span> <span class='ocrx_word' id='word_1_557' title='bbox 2464 3318 2519 3372; x_wconf 82' lang='grc' dir='ltr'>δὲ</span> <span class='ocrx_word' id='word_1_558' title='bbox 2539 3318 2808 3391; x_wconf 82' lang='grc' dir='ltr'>γνώριμοι</span> <span class='ocrx_word' id='word_1_559' title='bbox 2830 3318 2925 3374; x_wconf 76' lang='grc' dir='ltr'>καὶ</span> <span class='ocrx_word' id='word_1_560' title='bbox 2951 3321 3062 3381; x_wconf 85' lang='grc' dir='ltr'>τοῖς</span> <span class='ocrx_word' id='word_1_561' title='bbox 3079 3317 3379 3389; x_wconf 77' lang='grc' dir='ltr'>ἀλλοτρίοις</span> <span class='ocrx_word' id='word_1_562' title='bbox 3410 3319 3457 3369; x_wconf 81' lang='grc' dir='ltr'><strong>οί</strong></span> <span class='ocrx_word' id='word_1_563' title='bbox 3475 3318 3643 3380; x_wconf 75' lang='grc' dir='ltr'>ὅντως</span> 
     </span>
    </p>
   </div>
   <div class='ocr_carea' id='block_1_78' title="bbox 2060 3407 3642 3483">
    <p class='ocr_par' dir='ltr' id='par_1_78' title="bbox 2060 3407 3642 3483">
     <span class='ocr_line' id='line_1_78' title="bbox 2060 3407 3642 3483; baseline -0.001 -21"><span class='ocrx_word' id='word_1_564' title='bbox 2060 3410 2205 3480; x_wconf 76' lang='grc' dir='ltr'>ἐμοὶ,</span> <span class='ocrx_word' id='word_1_565' title='bbox 2250 3412 2345 3464; x_wconf 71' lang='grc' dir='ltr'>καὶ</span> <span class='ocrx_word' id='word_1_566' title='bbox 2402 3411 2602 3483; x_wconf 80' lang='grc' dir='ltr'>πολλὴν</span> <span class='ocrx_word' id='word_1_567' title='bbox 2638 3411 2738 3479; x_wconf 83' lang='grc' dir='ltr'>τῆς</span> <span class='ocrx_word' id='word_1_568' title='bbox 2769 3410 2878 3464; x_wconf 84' lang='grc' dir='ltr'><strong>τῶν</strong></span> <span class='ocrx_word' id='word_1_569' title='bbox 2916 3409 3041 3480; x_wconf 75' lang='grc' dir='ltr'>ἐμοὶ</span> <span class='ocrx_word' id='word_1_570' title='bbox 3070 3408 3369 3463; x_wconf 78' lang='grc' dir='ltr'>δοκούντων</span> <span class='ocrx_word' id='word_1_571' title='bbox 3396 3407 3642 3477; x_wconf 77' lang='grc' dir='ltr'>φυλακῆς</span> 
     </span>
    </p>
   </div>
   <div class='ocr_carea' id='block_1_79' title="bbox 2061 3496 3642 3572">
    <p class='ocr_par' dir='ltr' id='par_1_79' title="bbox 2061 3496 3642 3572">
     <span class='ocr_line' id='line_1_79' title="bbox 2061 3496 3642 3572; baseline -0.002 -21"><span class='ocrx_word' id='word_1_572' title='bbox 2061 3499 2274 3570; x_wconf 77' lang='grc' dir='ltr'>ἔχοντες</span> <span class='ocrx_word' id='word_1_573' title='bbox 2308 3500 2407 3569; x_wconf 76' lang='grc' dir='ltr'>τὴν</span> <span class='ocrx_word' id='word_1_574' title='bbox 2456 3500 2740 3572; x_wconf 83' lang='grc' dir='ltr'>φροντίδα·</span> <span class='ocrx_word' id='word_1_575' title='bbox 2768 3500 2862 3553; x_wconf 71' lang='grc' dir='ltr'><strong>καὶ</strong></span> <span class='ocrx_word' id='word_1_576' title='bbox 2906 3499 2986 3552; x_wconf 86' lang='grc' dir='ltr'>ὅτι</span> <span class='ocrx_word' id='word_1_577' title='bbox 3023 3500 3147 3570; x_wconf 79' lang='grc' dir='ltr'>ὅρος</span> <span class='ocrx_word' id='word_1_578' title='bbox 3182 3498 3266 3561; x_wconf 82' lang='grc' dir='ltr'><strong>τίς</strong></span> <span class='ocrx_word' id='word_1_579' title='bbox 3299 3500 3414 3550; x_wconf 84' lang='grc' dir='ltr'>ἐστι</span> <span class='ocrx_word' id='word_1_580' title='bbox 3441 3496 3582 3558; x_wconf 83' lang='grc' dir='ltr'>θεῖος</span> <span class='ocrx_word' id='word_1_581' title='bbox 3613 3497 3642 3547; x_wconf 80' lang='grc' dir='ltr'><strong>ό</strong></span> 
     </span>
    </p>
   </div>
   <div class='ocr_carea' id='block_1_80' title="bbox 2060 3590 3641 3663">
    <p class='ocr_par' dir='ltr' id='par_1_80' title="bbox 2060 3590 3641 3663">
     <span class='ocr_line' id='line_1_80' title="bbox 2060 3590 3641 3663; baseline -0.001 -20"><span class='ocrx_word' id='word_1_582' title='bbox 2060 3594 2186 3655; x_wconf 73' lang='grc' dir='ltr'>τοὺς</span> <span class='ocrx_word' id='word_1_583' title='bbox 2221 3591 2318 3661; x_wconf 80' lang='grc' dir='ltr'>μὲν</span> <span class='ocrx_word' id='word_1_584' title='bbox 2351 3591 2657 3662; x_wconf 80' lang='grc' dir='ltr'>μοχθηροὺς</span> <span class='ocrx_word' id='word_1_585' title='bbox 2708 3590 2898 3654; x_wconf 73' lang='grc' dir='ltr'>ἐκδοὺς</span> <span class='ocrx_word' id='word_1_586' title='bbox 2930 3593 3041 3654; x_wconf 80' lang='grc' dir='ltr'>τοῖς</span> <span class='ocrx_word' id='word_1_587' title='bbox 3081 3591 3309 3663; x_wconf 83' lang='grc' dir='ltr'>χείροσι,</span> <span class='ocrx_word' id='word_1_588' title='bbox 3346 3590 3453 3645; x_wconf 81' lang='grc' dir='ltr'><strong>τῶν</strong></span> <span class='ocrx_word' id='word_1_589' title='bbox 3484 3590 3539 3644; x_wconf 79' lang='grc' dir='ltr'>δὲ</span> <span class='ocrx_word' id='word_1_590' title='bbox 3579 3591 3641 3642; x_wconf 84' lang='grc' dir='ltr'>τὸ</span> 
     </span>
    </p>
   </div>
   <div class='ocr_carea' id='block_1_81' title="bbox 2060 3668 3641 3754">
    <p class='ocr_par' dir='ltr' id='par_1_81' title="bbox 2060 3668 3641 3754">
     <span class='ocr_line' id='line_1_81' title="bbox 2060 3668 3641 3754; baseline -0.003 -17"><span class='ocrx_word' id='word_1_591' title='bbox 2060 3683 2179 3737; x_wconf 83' lang='grc' dir='ltr'>δέον</span> <span class='ocrx_word' id='word_1_592' title='bbox 2230 3683 2580 3754; x_wconf 80' lang='grc' dir='ltr'>ζητουμένων</span> <span class='ocrx_word' id='word_1_593' title='bbox 2642 3683 2738 3736; x_wconf 77' lang='grc' dir='ltr'>καὶ</span> <span class='ocrx_word' id='word_1_594' title='bbox 2793 3668 2991 3750; x_wconf 79' lang='grc' dir='ltr'>ὀλίγων</span> <span class='ocrx_word' id='word_1_595' title='bbox 3038 3682 3207 3735; x_wconf 73' lang='grc' dir='ltr'>ὄντων</span> <span class='ocrx_word' id='word_1_596' title='bbox 3261 3682 3404 3735; x_wconf 75' lang='grc' dir='ltr'>οὕτω</span> <span class='ocrx_word' id='word_1_597' title='bbox 3443 3680 3641 3750; x_wconf 76' lang='grc' dir='ltr'>πολλὴν</span> 
     </span>
    </p>
   </div>
   <div class='ocr_carea' id='block_1_82' title="bbox 2065 3770 3644 3845">
    <p class='ocr_par' dir='ltr' id='par_1_82' title="bbox 2065 3770 3644 3845">
     <span class='ocr_line' id='line_1_82' title="bbox 2065 3770 3644 3845; baseline -0.001 -18"><span class='ocrx_word' id='word_1_598' title='bbox 2065 3773 2386 3845; x_wconf 83' lang='grc' dir='ltr'>ποιούμενος</span> <span class='ocrx_word' id='word_1_599' title='bbox 2411 3774 2506 3844; x_wconf 81' lang='grc' dir='ltr'>τῆς</span> <span class='ocrx_word' id='word_1_600' title='bbox 2536 3773 2677 3844; x_wconf 79' lang='grc' dir='ltr'>ἐμῆς</span> <span class='ocrx_word' id='word_1_601' title='bbox 2702 3774 3031 3842; x_wconf 79' lang='grc' dir='ltr'>οἰκειότητος</span> <span class='ocrx_word' id='word_1_602' title='bbox 3056 3772 3238 3826; x_wconf 81' lang='grc' dir='ltr'>αὐτῶν</span> <span class='ocrx_word' id='word_1_603' title='bbox 3272 3771 3519 3841; x_wconf 81' lang='grc' dir='ltr'>γίνεσθαι</span> <span class='ocrx_word' id='word_1_604' title='bbox 3550 3770 3644 3841; x_wconf 77' lang='grc' dir='ltr'><strong>δῆ-</strong></span> 
     </span>
    </p>
   </div>
   <div class='ocr_carea' id='block_1_83' title="bbox 2062 3859 3644 3937">
    <p class='ocr_par' dir='ltr' id='par_1_83' title="bbox 2062 3859 3644 3937">
     <span class='ocr_line' id='line_1_83' title="bbox 2062 3859 3644 3937; baseline -0.003 -17"><span class='ocrx_word' id='word_1_605' title='bbox 2062 3867 2181 3920; x_wconf 79' lang='grc' dir='ltr'>λον’</span> <span class='ocrx_word' id='word_1_606' title='bbox 2214 3866 2272 3933; x_wconf 80' lang='grc' dir='ltr'>ἐξ</span> <span class='ocrx_word' id='word_1_607' title='bbox 2303 3859 2376 3920; x_wconf 84' lang='grc' dir='ltr'><strong>ὧν</strong></span> <span class='ocrx_word' id='word_1_608' title='bbox 2416 3866 2685 3936; x_wconf 81' lang='grc' dir='ltr'>τοσαύτης</span> <span class='ocrx_word' id='word_1_609' title='bbox 2742 3864 3018 3932; x_wconf 79' lang='grc' dir='ltr'>ἀξιοῦνται</span> <span class='ocrx_word' id='word_1_610' title='bbox 3054 3865 3154 3935; x_wconf 82' lang='grc' dir='ltr'>τῆς</span> <span class='ocrx_word' id='word_1_611' title='bbox 3179 3866 3306 3937; x_wconf 85' lang='grc' dir='ltr'>παρ’</span> <span class='ocrx_word' id='word_1_612' title='bbox 3337 3863 3472 3935; x_wconf 88' lang='grc' dir='ltr'>ἐμοῦ</span> <span class='ocrx_word' id='word_1_613' title='bbox 3505 3880 3644 3935; x_wconf 66' lang='grc' dir='ltr'>προσ</span> 
     </span>
    </p>
   </div>
   <div class='ocr_carea' id='block_1_84' title="bbox 2062 3957 3643 4025">
    <p class='ocr_par' dir='ltr' id='par_1_84' title="bbox 2062 3957 3643 4025">
     <span class='ocr_line' id='line_1_84' title="bbox 2062 3957 3643 4025; baseline -0.001 -11"><span class='ocrx_word' id='word_1_614' title='bbox 2062 3959 2230 4025; x_wconf 84' lang='grc' dir='ltr'>νοίας,</span> <span class='ocrx_word' id='word_1_615' title='bbox 2285 3960 2361 4024; x_wconf 84' lang='grc' dir='ltr'>ὡς</span> <span class='ocrx_word' id='word_1_616' title='bbox 2395 3960 2490 4014; x_wconf 76' lang='grc' dir='ltr'>καὶ</span> <span class='ocrx_word' id='word_1_617' title='bbox 2537 3959 2647 4013; x_wconf 83' lang='grc' dir='ltr'><strong>τῶν</strong></span> <span class='ocrx_word' id='word_1_618' title='bbox 2684 3961 2943 4014; x_wconf 84' lang='grc' dir='ltr'>ἐναντίων</span> <span class='ocrx_word' id='word_1_619' title='bbox 2989 3959 3200 4013; x_wconf 80' lang='grc' dir='ltr'>πολλῶν</span> <span class='ocrx_word' id='word_1_620' title='bbox 3233 3976 3291 4012; x_wconf 88' lang='grc' dir='ltr'><strong>τε</strong></span> <span class='ocrx_word' id='word_1_621' title='bbox 3319 3959 3488 4013; x_wconf 80' lang='grc' dir='ltr'>όντων</span> <span class='ocrx_word' id='word_1_622' title='bbox 3548 3957 3643 4012; x_wconf 74' lang='grc' dir='ltr'>καὶ</span> 
     </span>
    </p>
   </div>
   <div class='ocr_carea' id='block_1_85' title="bbox 2061 4046 3643 4119">
    <p class='ocr_par' dir='ltr' id='par_1_85' title="bbox 2061 4046 3643 4119">
     <span class='ocr_line' id='line_1_85' title="bbox 2061 4046 3643 4119; baseline -0.001 -17"><span class='ocrx_word' id='word_1_623' title='bbox 2061 4050 2301 4103; x_wconf 80' lang='grc' dir='ltr'>δυνατῶν</span> <span class='ocrx_word' id='word_1_624' title='bbox 2342 4049 2539 4119; x_wconf 72' lang='grc' dir='ltr'>ῥᾳδίως</span> <span class='ocrx_word' id='word_1_625' title='bbox 2592 4051 2833 4119; x_wconf 89' lang='grc' dir='ltr'>κρατεῖν.</span> <span class='ocrx_word' id='word_1_626' title='bbox 2862 4047 2996 4102; x_wconf 81' lang='grc' dir='ltr'>Εἶτα</span> <span class='ocrx_word' id='word_1_627' title='bbox 3028 4047 3351 4119; x_wconf 82' lang='grc' dir='ltr'>βουλόμενος</span> <span class='ocrx_word' id='word_1_628' title='bbox 3382 4046 3547 4112; x_wconf 80' lang='grc' dir='ltr'>δεῖξαι</span> <span class='ocrx_word' id='word_1_629' title='bbox 3581 4046 3643 4100; x_wconf 75' lang='grc' dir='ltr'>τὸ</span> 
     </span>
    </p>
   </div>
   <div class='ocr_carea' id='block_1_86' title="bbox 2041 4138 3644 4212">
    <p class='ocr_par' dir='ltr' id='par_1_86' title="bbox 2041 4138 3644 4212">
     <span class='ocr_line' id='line_1_86' title="bbox 2041 4138 3644 4212; baseline -0.003 -18"><span class='ocrx_word' id='word_1_630' title='bbox 2041 4140 2283 4212; x_wconf 84' lang='grc' dir='ltr'>’δόκιμον</span> <span class='ocrx_word' id='word_1_631' title='bbox 2306 4140 2400 4194; x_wconf 86' lang='grc' dir='ltr'><strong>τοῦ</strong></span> <span class='ocrx_word' id='word_1_632' title='bbox 2433 4140 2636 4210; x_wconf 88' lang='grc' dir='ltr'>τρόπου</span> <span class='ocrx_word' id='word_1_633' title='bbox 2682 4138 2791 4193; x_wconf 83' lang='grc' dir='ltr'><strong>τῶν</strong></span> <span class='ocrx_word' id='word_1_634' title='bbox 2824 4141 3065 4205; x_wconf 77' lang='grc' dir='ltr'>οἰκείων,</span> <span class='ocrx_word' id='word_1_635' title='bbox 3096 4140 3243 4208; x_wconf 82' lang='grc' dir='ltr'>λέγει</span> <span class='ocrx_word' id='word_1_636' title='bbox 3270 4139 3326 4194; x_wconf 82' lang='grc' dir='ltr'>δὲ</span> <span class='ocrx_word' id='word_1_637' title='bbox 3360 4141 3484 4202; x_wconf 85' lang='grc' dir='ltr'>τοὺς</span> <span class='ocrx_word' id='word_1_638' title='bbox 3516 4138 3644 4208; x_wconf 74' lang='grc' dir='ltr'>περὶ</span> 
     </span>
    </p>
   </div>
   <div class='ocr_carea' id='block_1_87' title="bbox 2062 4228 3645 4302">
    <p class='ocr_par' dir='ltr' id='par_1_87' title="bbox 2062 4228 3645 4302">
     <span class='ocr_line' id='line_1_87' title="bbox 2062 4228 3645 4302; baseline -0.003 -16"><span class='ocrx_word' id='word_1_639' title='bbox 2062 4233 2171 4286; x_wconf 84' lang='grc' dir='ltr'><strong>τῶν</strong></span> <span class='ocrx_word' id='word_1_640' title='bbox 2224 4231 2617 4294; x_wconf 86' lang='grc' dir='ltr'>Μακκαϐαίων,</span> <span class='ocrx_word' id='word_1_641' title='bbox 2649 4230 2698 4283; x_wconf 80' lang='grc' dir='ltr'>οἳ</span> <span class='ocrx_word' id='word_1_642' title='bbox 2748 4230 2839 4284; x_wconf 84' lang='grc' dir='ltr'>τὸν</span> <span class='ocrx_word' id='word_1_643' title='bbox 2888 4231 3030 4302; x_wconf 85' lang='grc' dir='ltr'>ὑπὲρ</span> <span class='ocrx_word' id='word_1_644' title='bbox 3061 4230 3157 4284; x_wconf 92' lang='grc' dir='ltr'><strong>τοῦ</strong></span> <span class='ocrx_word' id='word_1_645' title='bbox 3191 4230 3375 4293; x_wconf 83' lang='grc' dir='ltr'>ἔθνους</span> <span class='ocrx_word' id='word_1_646' title='bbox 3411 4230 3505 4282; x_wconf 70' lang='grc' dir='ltr'><strong>καὶ</strong></span> <span class='ocrx_word' id='word_1_647' title='bbox 3535 4228 3645 4282; x_wconf 82' lang='grc' dir='ltr'>τῶν</span> 
     </span>
    </p>
   </div>
   <div class='ocr_carea' id='block_1_88' title="bbox 2062 4321 3644 4396">
    <p class='ocr_par' dir='ltr' id='par_1_88' title="bbox 2062 4321 3644 4396">
     <span class='ocr_line' id='line_1_88' title="bbox 2062 4321 3644 4396; baseline -0.005 -16"><span class='ocrx_word' id='word_1_648' title='bbox 2062 4325 2241 4396; x_wconf 88' lang='grc' dir='ltr'>νόμων</span> <span class='ocrx_word' id='word_1_649' title='bbox 2269 4325 2375 4377; x_wconf 81' lang='grc' dir='ltr'>τῶν</span> <span class='ocrx_word' id='word_1_650' title='bbox 2406 4322 2564 4377; x_wconf 89' lang='grc' dir='ltr'>θείων</span> <span class='ocrx_word' id='word_1_651' title='bbox 2594 4323 2832 4393; x_wconf 90' lang='grc' dir='ltr'>πόλεμον</span> <span class='ocrx_word' id='word_1_652' title='bbox 2860 4323 2995 4395; x_wconf 76' lang='grc' dir='ltr'>πρὸς</span> <span class='ocrx_word' id='word_1_653' title='bbox 3023 4323 3147 4385; x_wconf 79' lang='grc' dir='ltr'>τοὺς</span> <span class='ocrx_word' id='word_1_654' title='bbox 3173 4322 3280 4375; x_wconf 82' lang='grc' dir='ltr'><strong>τῶν</strong></span> <span class='ocrx_word' id='word_1_655' title='bbox 3312 4321 3644 4376; x_wconf 85' lang='grc' dir='ltr'>Μακεδόνων</span> 
     </span>
    </p>
   </div>
   <div class='ocr_carea' id='block_1_89' title="bbox 2063 4411 3640 4487">
    <p class='ocr_par' dir='ltr' id='par_1_89' title="bbox 2063 4411 3640 4487">
     <span class='ocr_line' id='line_1_89' title="bbox 2063 4411 3640 4487; baseline -0.004 -17"><span class='ocrx_word' id='word_1_656' title='bbox 2063 4417 2268 4471; x_wconf 84' lang='grc' dir='ltr'>εἴλοντο</span> <span class='ocrx_word' id='word_1_657' title='bbox 2313 4414 2588 4487; x_wconf 80' lang='grc' dir='ltr'>βασιλέας,</span> <span class='ocrx_word' id='word_1_658' title='bbox 2624 4413 2839 4483; x_wconf 82' lang='grc' dir='ltr'>ἐπάγει·</span> <span class='ocrx_word' id='word_1_659' title='bbox 2884 4432 2902 4465; x_wconf 81' lang='grc' dir='ltr'><strong>ι</strong></span> <span class='ocrx_word' id='word_1_660' title='bbox 2943 4414 3054 4466; x_wconf 75' lang='grc' dir='ltr'><strong>Καὶ</strong></span> <span class='ocrx_word' id='word_1_661' title='bbox 3090 4412 3202 4485; x_wconf 84' lang='grc' dir='ltr'><strong>ὲρῶ</strong></span> <span class='ocrx_word' id='word_1_662' title='bbox 3241 4412 3377 4482; x_wconf 69' lang='grc' dir='ltr'>πρὸς</span> <span class='ocrx_word' id='word_1_663' title='bbox 3411 4411 3640 4476; x_wconf 82' lang='grc' dir='ltr'>αὐτούς·</span> 
     </span>
    </p>
   </div>
   <div class='ocr_carea' id='block_1_90' title="bbox 380 4498 1957 4577">
    <p class='ocr_par' dir='ltr' id='par_1_90' title="bbox 380 4498 1957 4576">
     <span class='ocr_line' id='line_1_90' title="bbox 380 4498 1957 4576; baseline 0.011 -27"><span class='ocrx_word' id='word_1_664' title='bbox 380 4498 539 4553; x_wconf 72' lang='grc' dir='ltr'>νυιήε</span> <span class='ocrx_word' id='word_1_665' title='bbox 572 4500 749 4570; x_wconf 89' lang='lat' dir='ltr'><strong>placet</strong></span> <span class='ocrx_word' id='word_1_666' title='bbox 774 4501 905 4557; x_wconf 85' lang='lat' dir='ltr'><strong>mihi</strong></span> <span class='ocrx_word' id='word_1_667' title='bbox 950 4518 1073 4559; x_wconf 84' lang='lat' dir='ltr'><strong>esse</strong></span> <span class='ocrx_word' id='word_1_668' title='bbox 1118 4505 1401 4576; x_wconf 88' lang='lat' dir='ltr'><strong>subjectis,</strong></span> <span class='ocrx_word' id='word_1_669' title='bbox 1457 4516 1513 4564; x_wconf 90' lang='lat' dir='ltr'><strong>et</strong></span> <span class='ocrx_word' id='word_1_670' title='bbox 1556 4523 1688 4564; x_wconf 67' lang='lat' dir='ltr'><strong>meae</strong></span> <span class='ocrx_word' id='word_1_671' title='bbox 1730 4510 1957 4567; x_wconf 87' lang='lat' dir='ltr'><strong>subesse</strong></span> 
     </span>
    </p>
   </div>
   <div class='ocr_carea' id='block_1_91' title="bbox 2058 4498 3644 4577">
    <p class='ocr_par' dir='ltr' id='par_1_91' title="bbox 2064 4502 3644 4577">
     <span class='ocr_line' id='line_1_91' title="bbox 2064 4502 3644 4577; baseline -0.004 -14"><span class='ocrx_word' id='word_1_672' title='bbox 2064 4510 2129 4563; x_wconf 83' lang='lat' dir='ltr'><strong>Ei</strong></span> <span class='ocrx_word' id='word_1_673' title='bbox 2163 4508 2323 4562; x_wconf 81' lang='grc' dir='ltr'>καλὸν</span> <span class='ocrx_word' id='word_1_674' title='bbox 2371 4506 2600 4561; x_wconf 83' lang='grc' dir='ltr'>ἐνώπιον</span> <span class='ocrx_word' id='word_1_675' title='bbox 2655 4504 2810 4577; x_wconf 80' lang='grc' dir='ltr'>ὑμῶν</span> <span class='ocrx_word' id='word_1_676' title='bbox 2844 4505 2981 4569; x_wconf 88' lang='grc' dir='ltr'>ἐστι,</span> <span class='ocrx_word' id='word_1_677' title='bbox 3009 4504 3127 4558; x_wconf 88' lang='grc' dir='ltr'>δότε</span> <span class='ocrx_word' id='word_1_678' title='bbox 3155 4504 3246 4557; x_wconf 82' lang='grc' dir='ltr'>τὸν</span> <span class='ocrx_word' id='word_1_679' title='bbox 3272 4502 3460 4575; x_wconf 85' lang='grc' dir='ltr'>μισθόν</span> <span class='ocrx_word' id='word_1_680' title='bbox 3520 4520 3644 4575; x_wconf 86' lang='grc' dir='ltr'>μου,</span> 
     </span>
    </p>
   </div>
   <div class='ocr_carea' id='block_1_92' title="bbox 384 4594 1958 4666">
    <p class='ocr_par' dir='ltr' id='par_1_92' title="bbox 384 4594 1958 4666">
     <span class='ocr_line' id='line_1_92' title="bbox 384 4594 1958 4666; baseline 0.013 -28"><span class='ocrx_word' id='word_1_681' title='bbox 384 4594 661 4658; x_wconf 76' lang='lat' dir='ltr'><strong>potestati.</strong></span> <span class='ocrx_word' id='word_1_682' title='bbox 714 4594 900 4664; x_wconf 88' lang='lat' dir='ltr'><strong>utique</strong></span> <span class='ocrx_word' id='word_1_683' title='bbox 946 4596 1181 4666; x_wconf 66' lang='lat' dir='ltr'><strong>praebete</strong></span> <span class='ocrx_word' id='word_1_684' title='bbox 1233 4598 1364 4652; x_wconf 89' lang='lat' dir='ltr'><strong>mihi</strong></span> <span class='ocrx_word' id='word_1_685' title='bbox 1401 4599 1791 4658; x_wconf 63' lang='lat' dir='ltr'><strong>benevolentiae</strong></span> <span class='ocrx_word' id='word_1_686' title='bbox 1825 4603 1958 4658; x_wconf 87' lang='lat' dir='ltr'><strong>obe-</strong></span> 
     </span>
    </p>
   </div>
   <div class='ocr_carea' id='block_1_93' title="bbox 384 4679 1957 4754">
    <p class='ocr_par' dir='ltr' id='par_1_93' title="bbox 384 4679 1957 4754">
     <span class='ocr_line' id='line_1_93' title="bbox 384 4679 1957 4754; baseline 0.006 -22"><span class='ocrx_word' id='word_1_687' title='bbox 384 4679 710 4751; x_wconf 69' lang='lat' dir='ltr'><strong>dientiaeque</strong></span> <span class='ocrx_word' id='word_1_688' title='bbox 740 4693 935 4737; x_wconf 73' lang='lat' dir='ltr'><strong>vestra:</strong></span> <span class='ocrx_word' id='word_1_689' title='bbox 963 4687 1483 4741; x_wconf 88' lang='lat' dir='ltr'><strong>remunerationem.</strong></span> <span class='ocrx_word' id='word_1_690' title='bbox 1515 4687 1677 4754; x_wconf 87' lang='lat' dir='ltr'><strong>Quod</strong></span> <span class='ocrx_word' id='word_1_691' title='bbox 1713 4690 1758 4744; x_wconf 91' lang='lat' dir='ltr'><strong>si</strong></span> <span class='ocrx_word' id='word_1_692' title='bbox 1787 4690 1957 4742; x_wconf 91' lang='lat' dir='ltr'><strong>mole-</strong></span> 
     </span>
    </p>
   </div>
   <div class='ocr_carea' id='block_1_94' title="bbox 385 4775 1959 4851">
    <p class='ocr_par' dir='ltr' id='par_1_94' title="bbox 385 4775 1959 4851">
     <span class='ocr_line' id='line_1_94' title="bbox 385 4775 1959 4851; baseline 0.005 -26"><span class='ocrx_word' id='word_1_693' title='bbox 385 4780 531 4826; x_wconf 74' lang='lat' dir='ltr'><strong>stum</strong></span> <span class='ocrx_word' id='word_1_694' title='bbox 558 4775 715 4830; x_wconf 88' lang='lat' dir='ltr'><strong>vobis</strong></span> <span class='ocrx_word' id='word_1_695' title='bbox 743 4785 847 4840; x_wconf 88' lang='lat' dir='ltr'><strong>est,</strong></span> <span class='ocrx_word' id='word_1_696' title='bbox 881 4776 952 4831; x_wconf 85' lang='lat' dir='ltr'><strong>ob</strong></span> <span class='ocrx_word' id='word_1_697' title='bbox 979 4785 1223 4832; x_wconf 81' lang='lat' dir='ltr'><strong>vestrum</strong></span> <span class='ocrx_word' id='word_1_698' title='bbox 1253 4793 1383 4849; x_wconf 85' lang='lat' dir='ltr'><strong>erga</strong></span> <span class='ocrx_word' id='word_1_699' title='bbox 1409 4794 1497 4834; x_wconf 89' lang='lat' dir='ltr'><strong>me</strong></span> <span class='ocrx_word' id='word_1_700' title='bbox 1525 4781 1850 4851; x_wconf 88' lang='lat' dir='ltr'><strong>obsequium</strong></span> <span class='ocrx_word' id='word_1_701' title='bbox 1878 4787 1959 4835; x_wconf 88' lang='lat' dir='ltr'><strong>tot</strong></span> 
     </span>
    </p>
   </div>
   <div class='ocr_carea' id='block_1_95' title="bbox 383 4866 1963 4942">
    <p class='ocr_par' dir='ltr' id='par_1_95' title="bbox 383 4866 1963 4942">
     <span class='ocr_line' id='line_1_95' title="bbox 383 4866 1963 4942; baseline 0.006 -24"><span class='ocrx_word' id='word_1_702' title='bbox 383 4866 527 4920; x_wconf 87' lang='lat' dir='ltr'><strong>mala</strong></span> <span class='ocrx_word' id='word_1_703' title='bbox 574 4867 854 4936; x_wconf 83' lang='lat' dir='ltr'><strong>experiri,</strong></span> <span class='ocrx_word' id='word_1_704' title='bbox 908 4876 1044 4938; x_wconf 92' lang='lat' dir='ltr'><strong>quot</strong></span> <span class='ocrx_word' id='word_1_705' title='bbox 1092 4885 1243 4925; x_wconf 89' lang='lat' dir='ltr'><strong>nunc</strong></span> <span class='ocrx_word' id='word_1_706' title='bbox 1298 4871 1368 4926; x_wconf 91' lang='lat' dir='ltr'><strong>ab</strong></span> <span class='ocrx_word' id='word_1_707' title='bbox 1413 4871 1664 4926; x_wconf 86' lang='lat' dir='ltr'><strong>hostibus</strong></span> <span class='ocrx_word' id='word_1_708' title='bbox 1718 4870 1963 4942; x_wconf 88' lang='lat' dir='ltr'><strong>perferre</strong></span> 
     </span>
    </p>
   </div>
   <div class='ocr_carea' id='block_1_96' title="bbox 382 4955 1966 5031">
    <p class='ocr_par' dir='ltr' id='par_1_96' title="bbox 382 4955 1966 5031">
     <span class='ocr_line' id='line_1_96' title="bbox 382 4955 1966 5031; baseline 0.006 -24"><span class='ocrx_word' id='word_1_709' title='bbox 382 4955 660 5025; x_wconf 81' lang='lat' dir='ltr'><strong>cogimini,</strong></span> <span class='ocrx_word' id='word_1_710' title='bbox 698 4955 973 5026; x_wconf 91' lang='lat' dir='ltr'><strong>publicam</strong></span> <span class='ocrx_word' id='word_1_711' title='bbox 1002 4973 1033 5011; x_wconf 93' lang='lat' dir='ltr'><strong>a</strong></span> <span class='ocrx_word' id='word_1_712' title='bbox 1079 4958 1362 5014; x_wconf 90' lang='lat' dir='ltr'><strong>dominatu</strong></span> <span class='ocrx_word' id='word_1_713' title='bbox 1397 4976 1520 5016; x_wconf 90' lang='lat' dir='ltr'><strong>meo</strong></span> <span class='ocrx_word' id='word_1_714' title='bbox 1553 4960 1716 5017; x_wconf 86' lang='lat' dir='ltr'><strong>facite</strong></span> <span class='ocrx_word' id='word_1_715' title='bbox 1746 4970 1966 5031; x_wconf 89' lang='lat' dir='ltr'><strong>aposta-</strong></span> 
     </span>
    </p>
   </div>
   <div class='ocr_carea' id='block_1_97' title="bbox 383 5048 1967 5126">
    <p class='ocr_par' dir='ltr' id='par_1_97' title="bbox 383 5048 1967 5126">
     <span class='ocr_line' id='line_1_97' title="bbox 383 5048 1967 5126; baseline 0.006 -23"><span class='ocrx_word' id='word_1_716' title='bbox 383 5048 544 5105; x_wconf 86' lang='lat' dir='ltr'><strong>siam.</strong></span> <span class='ocrx_word' id='word_1_717' title='bbox 587 5048 834 5120; x_wconf 79' lang='lat' dir='ltr'><strong>Namque</strong></span> <span class='ocrx_word' id='word_1_718' title='bbox 883 5051 938 5107; x_wconf 91' lang='lat' dir='ltr'><strong>id</strong></span> <span class='ocrx_word' id='word_1_719' title='bbox 980 5053 1158 5109; x_wconf 90' lang='lat' dir='ltr'><strong>simile</strong></span> <span class='ocrx_word' id='word_1_720' title='bbox 1182 5065 1268 5110; x_wconf 89' lang='lat' dir='ltr'><strong>est</strong></span> <span class='ocrx_word' id='word_1_721' title='bbox 1298 5051 1512 5109; x_wconf 84' lang='lat' dir='ltr'><strong>Domini</strong></span> <span class='ocrx_word' id='word_1_722' title='bbox 1546 5055 1613 5110; x_wconf 89' lang='lat' dir='ltr'><strong>ad</strong></span> <span class='ocrx_word' id='word_1_723' title='bbox 1665 5055 1967 5126; x_wconf 88' lang='lat' dir='ltr'><strong>discipulos</strong></span> 
     </span>
    </p>
   </div>
   <div class='ocr_carea' id='block_1_98' title="bbox 383 5139 1968 5217">
    <p class='ocr_par' dir='ltr' id='par_1_98' title="bbox 383 5139 1968 5217">
     <span class='ocr_line' id='line_1_98' title="bbox 383 5139 1968 5217; baseline 0.006 -25"><span class='ocrx_word' id='word_1_724' title='bbox 383 5139 570 5196; x_wconf 87' lang='lat' dir='ltr'><strong>dicto:</strong></span> <span class='ocrx_word' id='word_1_725' title='bbox 630 5140 808 5195; x_wconf 68' lang='lat' dir='ltr'><strong>«Num</strong></span> <span class='ocrx_word' id='word_1_726' title='bbox 861 5158 956 5198; x_wconf 88' lang='lat' dir='ltr'><strong>vos</strong></span> <span class='ocrx_word' id='word_1_727' title='bbox 1002 5159 1224 5215; x_wconf 91' lang='lat' dir='ltr'><strong>quoque</strong></span> <span class='ocrx_word' id='word_1_728' title='bbox 1269 5145 1434 5202; x_wconf 91' lang='lat' dir='ltr'><strong>vultis</strong></span> <span class='ocrx_word' id='word_1_729' title='bbox 1461 5147 1613 5201; x_wconf 86' lang='lat' dir='ltr'><strong>abire</strong></span> <span class='ocrx_word' id='word_1_730' title='bbox 1635 5146 1760 5200; x_wconf 70' lang='grc' dir='ltr'><strong>πῖ»</strong></span> <span class='ocrx_word' id='word_1_731' title='bbox 1820 5147 1968 5217; x_wconf 88' lang='lat' dir='ltr'><strong>quod</strong></span> 
     </span>
    </p>
   </div>
   <div class='ocr_carea' id='block_1_99' title="bbox 385 5234 1963 5306">
    <p class='ocr_par' dir='ltr' id='par_1_99' title="bbox 385 5234 1963 5306">
     <span class='ocr_line' id='line_1_99' title="bbox 385 5234 1963 5306; baseline 0.005 -19"><span class='ocrx_word' id='word_1_732' title='bbox 385 5248 517 5287; x_wconf 85' lang='lat' dir='ltr'><strong>sane</strong></span> <span class='ocrx_word' id='word_1_733' title='bbox 549 5234 691 5290; x_wconf 87' lang='lat' dir='ltr'><strong>haud</strong></span> <span class='ocrx_word' id='word_1_734' title='bbox 736 5250 830 5291; x_wconf 88' lang='lat' dir='ltr'><strong>eos</strong></span> <span class='ocrx_word' id='word_1_735' title='bbox 860 5236 1142 5293; x_wconf 75' lang='lat' dir='ltr'><strong>avertendi</strong></span> <span class='ocrx_word' id='word_1_736' title='bbox 1177 5252 1343 5294; x_wconf 88' lang='lat' dir='ltr'><strong>causa</strong></span> <span class='ocrx_word' id='word_1_737' title='bbox 1374 5252 1405 5292; x_wconf 93' lang='lat' dir='ltr'><strong>a</strong></span> <span class='ocrx_word' id='word_1_738' title='bbox 1451 5239 1730 5295; x_wconf 86' lang='lat' dir='ltr'><strong>consortio</strong></span> <span class='ocrx_word' id='word_1_739' title='bbox 1763 5240 1963 5306; x_wconf 88' lang='lat' dir='ltr'><strong>aiebat,</strong></span> 
     </span>
    </p>
   </div>
   <div class='ocr_carea' id='block_1_100' title="bbox 384 5326 1964 5388">
    <p class='ocr_par' dir='ltr' id='par_1_100' title="bbox 384 5326 1964 5388">
     <span class='ocr_line' id='line_1_100' title="bbox 384 5326 1964 5388; baseline 0.006 -10"><span class='ocrx_word' id='word_1_740' title='bbox 384 5326 479 5380; x_wconf 74' lang='lat' dir='ltr'><strong>sed</strong></span> <span class='ocrx_word' id='word_1_741' title='bbox 509 5335 568 5379; x_wconf 91' lang='lat' dir='ltr'><strong>ut</strong></span> <span class='ocrx_word' id='word_1_742' title='bbox 595 5327 699 5383; x_wconf 87' lang='lat' dir='ltr'><strong>hoc</strong></span> <span class='ocrx_word' id='word_1_743' title='bbox 727 5329 875 5384; x_wconf 88' lang='lat' dir='ltr'><strong>dicto</strong></span> <span class='ocrx_word' id='word_1_744' title='bbox 896 5328 1166 5385; x_wconf 86' lang='lat' dir='ltr'><strong>ﬁrmiores</strong></span> <span class='ocrx_word' id='word_1_745' title='bbox 1186 5331 1441 5387; x_wconf 84' lang='lat' dir='ltr'><strong>elliceret.</strong></span> <span class='ocrx_word' id='word_1_746' title='bbox 1474 5329 1600 5385; x_wconf 89' lang='lat' dir='ltr'><strong>Pari</strong></span> <span class='ocrx_word' id='word_1_747' title='bbox 1632 5332 1794 5388; x_wconf 91' lang='lat' dir='ltr'><strong>modo</strong></span> <span class='ocrx_word' id='word_1_748' title='bbox 1819 5348 1964 5388; x_wconf 90' lang='lat' dir='ltr'><strong>nunc</strong></span> 
     </span>
    </p>
   </div>
   <div class='ocr_carea' id='block_1_101' title="bbox 385 5415 1963 5493">
    <p class='ocr_par' dir='ltr' id='par_1_101' title="bbox 385 5415 1963 5493">
     <span class='ocr_line' id='line_1_101' title="bbox 385 5415 1963 5493; baseline 0.01 -27"><span class='ocrx_word' id='word_1_749' title='bbox 385 5415 539 5480; x_wconf 73' lang='lat' dir='ltr'><strong>dicit,</strong></span> <span class='ocrx_word' id='word_1_750' title='bbox 592 5433 653 5473; x_wconf 89' lang='lat' dir='ltr'><strong>se</strong></span> <span class='ocrx_word' id='word_1_751' title='bbox 699 5417 1023 5475; x_wconf 84' lang='lat' dir='ltr'><strong>ﬁducialiter</strong></span> <span class='ocrx_word' id='word_1_752' title='bbox 1057 5421 1199 5475; x_wconf 88' lang='lat' dir='ltr'><strong>hanc</strong></span> <span class='ocrx_word' id='word_1_753' title='bbox 1243 5421 1353 5477; x_wconf 92' lang='lat' dir='ltr'><strong>illis</strong></span> <span class='ocrx_word' id='word_1_754' title='bbox 1406 5423 1682 5493; x_wconf 87' lang='lat' dir='ltr'><strong>optionem</strong></span> <span class='ocrx_word' id='word_1_755' title='bbox 1732 5422 1963 5488; x_wconf 76' lang='lat' dir='ltr'><strong>offerre;</strong></span> 
     </span>
    </p>
   </div>
   <div class='ocr_carea' id='block_1_102' title="bbox 385 5505 1964 5588">
    <p class='ocr_par' dir='ltr' id='par_1_102' title="bbox 385 5505 1964 5588">
     <span class='ocr_line' id='line_1_102' title="bbox 385 5505 1964 5588; baseline 0.008 -29"><span class='ocrx_word' id='word_1_756' title='bbox 385 5505 560 5576; x_wconf 83' lang='lat' dir='ltr'><strong>probe</strong></span> <span class='ocrx_word' id='word_1_757' title='bbox 605 5507 789 5564; x_wconf 88' lang='lat' dir='ltr'><strong>sciens</strong></span> <span class='ocrx_word' id='word_1_758' title='bbox 823 5509 942 5566; x_wconf 87' lang='lat' dir='ltr'><strong>fore</strong></span> <span class='ocrx_word' id='word_1_759' title='bbox 970 5521 1031 5565; x_wconf 91' lang='lat' dir='ltr'><strong>ut</strong></span> <span class='ocrx_word' id='word_1_760' title='bbox 1062 5511 1257 5567; x_wconf 91' lang='lat' dir='ltr'><strong>malint</strong></span> <span class='ocrx_word' id='word_1_761' title='bbox 1285 5513 1513 5570; x_wconf 89' lang='lat' dir='ltr'><strong>molesta</strong></span> <span class='ocrx_word' id='word_1_762' title='bbox 1542 5517 1771 5586; x_wconf 82' lang='lat' dir='ltr'><strong>perpeti,</strong></span> <span class='ocrx_word' id='word_1_763' title='bbox 1802 5533 1964 5588; x_wconf 88' lang='lat' dir='ltr'><strong>quam</strong></span> 
     </span>
    </p>
   </div>
   <div class='ocr_carea' id='block_1_103' title="bbox 388 5598 1962 5668">
    <p class='ocr_par' dir='ltr' id='par_1_103' title="bbox 388 5598 1962 5668">
     <span class='ocr_line' id='line_1_103' title="bbox 388 5598 1962 5668; baseline 0.008 -15"><span class='ocrx_word' id='word_1_764' title='bbox 388 5598 614 5653; x_wconf 86' lang='lat' dir='ltr'><strong>meliore</strong></span> <span class='ocrx_word' id='word_1_765' title='bbox 638 5607 788 5655; x_wconf 88' lang='lat' dir='ltr'><strong>sorte</strong></span> <span class='ocrx_word' id='word_1_766' title='bbox 809 5598 1059 5660; x_wconf 76' lang='lat' dir='ltr'><strong>fruentes</strong></span> <span class='ocrx_word' id='word_1_767' title='bbox 1080 5613 1234 5661; x_wconf 74' lang='lat' dir='ltr'><strong>extra</strong></span> <span class='ocrx_word' id='word_1_768' title='bbox 1260 5620 1440 5663; x_wconf 86' lang='lat' dir='ltr'><strong>meum</strong></span> <span class='ocrx_word' id='word_1_769' title='bbox 1463 5608 1800 5666; x_wconf 88' lang='lat' dir='ltr'><strong>dominatum</strong></span> <span class='ocrx_word' id='word_1_770' title='bbox 1826 5610 1962 5668; x_wconf 83' lang='lat' dir='ltr'><strong>ﬁeri.</strong></span> 
     </span>
    </p>
   </div>
   <div class='ocr_carea' id='block_1_104' title="bbox 461 5774 969 5848">
    <p class='ocr_par' dir='ltr' id='par_1_104' title="bbox 461 5774 969 5848">
     <span class='ocr_line' id='line_1_104' title="bbox 461 5774 969 5848; baseline 0.006 -16"><span class='ocrx_word' id='word_1_771' title='bbox 461 5774 506 5808; x_wconf 86' lang='grc'><strong>⁷³</strong></span> <span class='ocrx_word' id='word_1_772' title='bbox 544 5775 702 5833; x_wconf 80' lang='lat' dir='ltr'><strong>Joan.</strong></span> <span class='ocrx_word' id='word_1_773' title='bbox 747 5794 841 5848; x_wconf 82' lang='lat' dir='ltr'><strong>vn,</strong></span> <span class='ocrx_word' id='word_1_774' title='bbox 882 5781 969 5837; x_wconf 86' lang='lat'><strong>68.</strong></span> 
     </span>
    </p>
   </div>
   <div class='ocr_carea' id='block_1_105' title="bbox 2066 4595 3648 4673">
    <p class='ocr_par' dir='ltr' id='par_1_105' title="bbox 2066 4595 3648 4673">
     <span class='ocr_line' id='line_1_105' title="bbox 2066 4595 3648 4673; baseline -0.004 -17"><span class='ocrx_word' id='word_1_775' title='bbox 2066 4603 2099 4673; x_wconf 79' lang='grc' dir='ltr'><strong>ἢ</strong></span> <span class='ocrx_word' id='word_1_776' title='bbox 2129 4600 2454 4656; x_wconf 84' lang='grc' dir='ltr'>ἀπείπασθε.</span> <span class='ocrx_word' id='word_1_777' title='bbox 2482 4618 2500 4651; x_wconf 70' lang='grc' dir='ltr'><strong>ν</strong></span> <span class='ocrx_word' id='word_1_778' title='bbox 2522 4597 2678 4653; x_wconf 73' lang='grc' dir='ltr'>Οὕτω</span> <span class='ocrx_word' id='word_1_779' title='bbox 2693 4598 2821 4668; x_wconf 82' lang='grc' dir='ltr'>γὰρ.</span> <span class='ocrx_word' id='word_1_780' title='bbox 2854 4596 3039 4667; x_wconf 77' lang='grc' dir='ltr'>φησὶν,</span> <span class='ocrx_word' id='word_1_781' title='bbox 3058 4595 3494 4669; x_wconf 79' lang='grc' dir='ltr'>ἔσονταιδόκιμοι</span> <span class='ocrx_word' id='word_1_782' title='bbox 3518 4597 3648 4669; x_wconf 72' lang='grc' dir='ltr'>περὶ</span> 
     </span>
    </p>
   </div>
   <div class='ocr_carea' id='block_1_106' title="bbox 2067 4688 3647 4767">
    <p class='ocr_par' dir='ltr' id='par_1_106' title="bbox 2067 4688 3647 4767">
     <span class='ocr_line' id='line_1_106' title="bbox 2067 4688 3647 4767; baseline -0.003 -19"><span class='ocrx_word' id='word_1_783' title='bbox 2067 4696 2170 4767; x_wconf 79' lang='grc' dir='ltr'>ἐμὲ</span> <span class='ocrx_word' id='word_1_784' title='bbox 2203 4694 2299 4747; x_wconf 76' lang='grc' dir='ltr'>καὶ</span> <span class='ocrx_word' id='word_1_785' title='bbox 2354 4692 2583 4762; x_wconf 84' lang='grc' dir='ltr'>βέϐαιοι,</span> <span class='ocrx_word' id='word_1_786' title='bbox 2631 4689 2772 4744; x_wconf 81' lang='grc' dir='ltr'>ὥστε</span> <span class='ocrx_word' id='word_1_787' title='bbox 2813 4688 3120 4762; x_wconf 76' lang='grc' dir='ltr'>θαρροῦντά</span> <span class='ocrx_word' id='word_1_788' title='bbox 3173 4706 3237 4759; x_wconf 87' lang='grc' dir='ltr'><strong>με</strong></span> <span class='ocrx_word' id='word_1_789' title='bbox 3274 4689 3411 4760; x_wconf 82' lang='grc' dir='ltr'>πρὸς</span> <span class='ocrx_word' id='word_1_790' title='bbox 3450 4689 3647 4754; x_wconf 81' lang='grc' dir='ltr'>αὐτοὺς</span> 
     </span>
    </p>
   </div>
   <div class='ocr_carea' id='block_1_107' title="bbox 2066 4775 3646 4852">
    <p class='ocr_par' dir='ltr' id='par_1_107' title="bbox 2066 4775 3646 4852">
     <span class='ocr_line' id='line_1_107' title="bbox 2066 4775 3646 4852; baseline -0.003 -14"><span class='ocrx_word' id='word_1_791' title='bbox 2066 4784 2244 4852; x_wconf 80' lang='grc' dir='ltr'>λέγειν</span> <span class='ocrx_word' id='word_1_792' title='bbox 2280 4784 2385 4848; x_wconf 85' lang='grc' dir='ltr'>ὅτι,</span> <span class='ocrx_word' id='word_1_793' title='bbox 2413 4782 2476 4835; x_wconf 75' lang='lat' dir='ltr'><strong>El</strong></span> <span class='ocrx_word' id='word_1_794' title='bbox 2507 4782 2606 4851; x_wconf 80' lang='grc' dir='ltr'>μὲν</span> <span class='ocrx_word' id='word_1_795' title='bbox 2635 4781 2865 4850; x_wconf 83' lang='grc' dir='ltr'>ἀρεστὸν</span> <span class='ocrx_word' id='word_1_796' title='bbox 2903 4780 3030 4851; x_wconf 81' lang='grc' dir='ltr'>ὑμῖν</span> <span class='ocrx_word' id='word_1_797' title='bbox 3058 4779 3119 4833; x_wconf 81' lang='grc' dir='ltr'>τὸ</span> <span class='ocrx_word' id='word_1_798' title='bbox 3148 4780 3240 4833; x_wconf 85' lang='grc' dir='ltr'><strong>ὑπ’</strong></span> <span class='ocrx_word' id='word_1_799' title='bbox 3278 4781 3400 4851; x_wconf 86' lang='grc' dir='ltr'>ἐμοί</span> <span class='ocrx_word' id='word_1_800' title='bbox 3425 4798 3484 4834; x_wconf 90' lang='grc' dir='ltr'><strong>τε</strong></span> <span class='ocrx_word' id='word_1_801' title='bbox 3507 4775 3646 4835; x_wconf 83' lang='grc' dir='ltr'>εἶναι</span> 
     </span>
    </p>
   </div>
   <div class='ocr_carea' id='block_1_108' title="bbox 2067 4871 3645 4946">
    <p class='ocr_par' dir='ltr' id='par_1_108' title="bbox 2067 4871 3645 4946">
     <span class='ocr_line' id='line_1_108' title="bbox 2067 4871 3645 4946; baseline -0.002 -16"><span class='ocrx_word' id='word_1_802' title='bbox 2067 4877 2161 4930; x_wconf 79' lang='grc' dir='ltr'>καὶ</span> <span class='ocrx_word' id='word_1_803' title='bbox 2186 4875 2285 4946; x_wconf 82' lang='grc' dir='ltr'>τῆς</span> <span class='ocrx_word' id='word_1_804' title='bbox 2314 4873 2631 4934; x_wconf 82' lang='grc' dir='ltr'>ἐπιστασίας</span> <span class='ocrx_word' id='word_1_805' title='bbox 2659 4871 2939 4939; x_wconf 78' lang='grc' dir='ltr'>ἀξιοῦσθαι</span> <span class='ocrx_word' id='word_1_806' title='bbox 2966 4872 3065 4941; x_wconf 80' lang='grc' dir='ltr'>τῆς</span> <span class='ocrx_word' id='word_1_807' title='bbox 3097 4873 3255 4943; x_wconf 78' lang='grc' dir='ltr'>ἐμῆς.</span> <span class='ocrx_word' id='word_1_808' title='bbox 3286 4874 3381 4927; x_wconf 79' lang='grc' dir='ltr'>καὶ</span> <span class='ocrx_word' id='word_1_809' title='bbox 3407 4873 3470 4943; x_wconf 82' lang='grc' dir='ltr'>δὴ</span> <span class='ocrx_word' id='word_1_810' title='bbox 3505 4890 3645 4943; x_wconf 63' lang='grc' dir='ltr'>παρα</span> 
     </span>
    </p>
   </div>
   <div class='ocr_carea' id='block_1_109' title="bbox 2066 4962 3646 5038">
    <p class='ocr_par' dir='ltr' id='par_1_109' title="bbox 2066 4962 3646 5038">
     <span class='ocr_line' id='line_1_109' title="bbox 2066 4962 3646 5038; baseline -0.003 -18"><span class='ocrx_word' id='word_1_811' title='bbox 2066 4966 2220 5038; x_wconf 80' lang='grc' dir='ltr'><strong>ἐχετὲ</strong></span> <span class='ocrx_word' id='word_1_812' title='bbox 2251 4982 2340 5037; x_wconf 89' lang='grc' dir='ltr'><strong>μοι</strong></span> <span class='ocrx_word' id='word_1_813' title='bbox 2365 4964 2464 5033; x_wconf 78' lang='grc' dir='ltr'>τῆς</span> <span class='ocrx_word' id='word_1_814' title='bbox 2497 4962 2707 5027; x_wconf 82' lang='grc' dir='ltr'>εὐνοίας</span> <span class='ocrx_word' id='word_1_815' title='bbox 2730 4963 2823 5017; x_wconf 71' lang='grc' dir='ltr'><strong>καὶ</strong></span> <span class='ocrx_word' id='word_1_816' title='bbox 2851 4963 2948 5032; x_wconf 86' lang='grc' dir='ltr'>τῆς</span> <span class='ocrx_word' id='word_1_817' title='bbox 2973 4963 3221 5034; x_wconf 81' lang='grc' dir='ltr'>ὑπακοῆς</span> <span class='ocrx_word' id='word_1_818' title='bbox 3245 4963 3344 5033; x_wconf 86' lang='grc' dir='ltr'><strong>τῆς</strong></span> <span class='ocrx_word' id='word_1_819' title='bbox 3376 4963 3646 5033; x_wconf 82' lang='grc' dir='ltr'>ὑμετέρας</span> 
     </span>
    </p>
   </div>
   <div class='ocr_carea' id='block_1_110' title="bbox 2064 5052 3650 5127">
    <p class='ocr_par' dir='ltr' id='par_1_110' title="bbox 2064 5052 3650 5127">
     <span class='ocr_line' id='line_1_110' title="bbox 2064 5052 3650 5127; baseline -0.003 -16"><span class='ocrx_word' id='word_1_820' title='bbox 2064 5057 2156 5111; x_wconf 81' lang='grc' dir='ltr'>τὸν</span> <span class='ocrx_word' id='word_1_821' title='bbox 2192 5054 2382 5127; x_wconf 86' lang='grc' dir='ltr'>μισθόν</span> <span class='ocrx_word' id='word_1_822' title='bbox 2402 5069 2415 5083; x_wconf 90' lang='grc'><strong>·</strong></span> <span class='ocrx_word' id='word_1_823' title='bbox 2441 5054 2491 5107; x_wconf 85' lang='grc' dir='ltr'><strong>εί</strong></span> <span class='ocrx_word' id='word_1_824' title='bbox 2545 5053 2600 5107; x_wconf 87' lang='grc' dir='ltr'>δὲ</span> <span class='ocrx_word' id='word_1_825' title='bbox 2628 5053 2765 5124; x_wconf 83' lang='grc' dir='ltr'>βαρὺ</span> <span class='ocrx_word' id='word_1_826' title='bbox 2790 5052 2851 5106; x_wconf 80' lang='grc' dir='ltr'>τὸ</span> <span class='ocrx_word' id='word_1_827' title='bbox 2878 5053 3016 5125; x_wconf 80' lang='grc' dir='ltr'>πρὸς</span> <span class='ocrx_word' id='word_1_828' title='bbox 3046 5053 3147 5123; x_wconf 79' lang='grc' dir='ltr'>ἐμὲ</span> <span class='ocrx_word' id='word_1_829' title='bbox 3172 5053 3429 5117; x_wconf 83' lang='grc' dir='ltr'>νεύοντας</span> <span class='ocrx_word' id='word_1_830' title='bbox 3463 5053 3650 5106; x_wconf 80' lang='grc' dir='ltr'>τοσού-</span> 
     </span>
    </p>
   </div>
   <div class='ocr_carea' id='block_1_111' title="bbox 2064 5142 3717 5217">
    <p class='ocr_par' dir='ltr' id='par_1_111' title="bbox 2064 5142 3717 5217">
     <span class='ocr_line' id='line_1_111' title="bbox 2064 5142 3717 5217; baseline -0.004 -14"><span class='ocrx_word' id='word_1_831' title='bbox 2064 5166 2172 5202; x_wconf 87' lang='grc' dir='ltr'><strong>των</strong></span> <span class='ocrx_word' id='word_1_832' title='bbox 2203 5145 2496 5216; x_wconf 86' lang='grc' dir='ltr'>πειρᾶσθαι</span> <span class='ocrx_word' id='word_1_833' title='bbox 2544 5144 2752 5209; x_wconf 79' lang='grc' dir='ltr'>κακῶν,</span> <span class='ocrx_word' id='word_1_834' title='bbox 2789 5144 2962 5197; x_wconf 87' lang='grc' dir='ltr'>ὁπόσα</span> <span class='ocrx_word' id='word_1_835' title='bbox 3003 5159 3107 5215; x_wconf 86' lang='grc' dir='ltr'><strong>περ</strong></span> <span class='ocrx_word' id='word_1_836' title='bbox 3159 5142 3449 5212; x_wconf 82' lang='grc' dir='ltr'>ὑπομένειν</span> <span class='ocrx_word' id='word_1_837' title='bbox 3483 5143 3654 5217; x_wconf 75' lang='grc' dir='ltr'>ἀναγ-</span> <span class='ocrx_word' id='word_1_838' title='bbox 3701 5169 3717 5179; x_wconf 81' lang='lat'><strong>~</strong></span> 
     </span>
    </p>
   </div>
   <div class='ocr_carea' id='block_1_112' title="bbox 2067 5235 3650 5309">
    <p class='ocr_par' dir='ltr' id='par_1_112' title="bbox 2067 5235 3650 5309">
     <span class='ocr_line' id='line_1_112' title="bbox 2067 5235 3650 5309; baseline -0.007 -13"><span class='ocrx_word' id='word_1_839' title='bbox 2067 5240 2300 5307; x_wconf 75' lang='grc' dir='ltr'>κάζεσθε</span> <span class='ocrx_word' id='word_1_840' title='bbox 2325 5237 2420 5293; x_wconf 88' lang='grc' dir='ltr'><strong>νῦν</strong></span> <span class='ocrx_word' id='word_1_841' title='bbox 2454 5237 2605 5309; x_wconf 88' lang='grc' dir='ltr'><strong>παρά</strong></span> <span class='ocrx_word' id='word_1_842' title='bbox 2624 5237 2734 5291; x_wconf 84' lang='grc' dir='ltr'>τῶν</span> <span class='ocrx_word' id='word_1_843' title='bbox 2779 5235 3074 5307; x_wconf 88' lang='grc' dir='ltr'>πολεμίων,</span> <span class='ocrx_word' id='word_1_844' title='bbox 3101 5235 3343 5307; x_wconf 79' lang='grc' dir='ltr'>φανερὰν</span> <span class='ocrx_word' id='word_1_845' title='bbox 3386 5236 3484 5306; x_wconf 85' lang='grc' dir='ltr'>τῆς</span> <span class='ocrx_word' id='word_1_846' title='bbox 3510 5235 3650 5306; x_wconf 76' lang='grc' dir='ltr'>ἐμῆς</span> 
     </span>
    </p>
   </div>
   <div class='ocr_carea' id='block_1_113' title="bbox 2069 5327 3651 5401">
    <p class='ocr_par' dir='ltr' id='par_1_113' title="bbox 2069 5327 3651 5401">
     <span class='ocr_line' id='line_1_113' title="bbox 2069 5327 3651 5401; baseline -0.006 -13"><span class='ocrx_word' id='word_1_847' title='bbox 2069 5331 2392 5395; x_wconf 78' lang='grc' dir='ltr'>ἐπιστασίας</span> <span class='ocrx_word' id='word_1_848' title='bbox 2462 5327 2763 5401; x_wconf 88' lang='grc' dir='ltr'>ποιήσασθε</span> <span class='ocrx_word' id='word_1_849' title='bbox 2817 5327 2914 5399; x_wconf 84' lang='grc' dir='ltr'>τὴν</span> <span class='ocrx_word' id='word_1_850' title='bbox 2965 5327 3320 5399; x_wconf 86' lang='grc' dir='ltr'>παραίτησιν.</span> <span class='ocrx_word' id='word_1_851' title='bbox 3392 5327 3468 5396; x_wconf 91' lang='lat' dir='ltr'><strong>(p.</strong></span> <span class='ocrx_word' id='word_1_852' title='bbox 3522 5327 3651 5388; x_wconf 72' lang='lat' dir='ltr'><strong>5H3)</strong></span> 
     </span>
    </p>
   </div>
   <div class='ocr_carea' id='block_1_114' title="bbox 2070 5418 3651 5497">
    <p class='ocr_par' dir='ltr' id='par_1_114' title="bbox 2070 5418 3651 5497">
     <span class='ocr_line' id='line_1_114' title="bbox 2070 5418 3651 5497; baseline -0.006 -18"><span class='ocrx_word' id='word_1_853' title='bbox 2070 5427 2296 5497; x_wconf 81' lang='grc' dir='ltr'>Ὅμοιον</span> <span class='ocrx_word' id='word_1_854' title='bbox 2338 5424 2447 5495; x_wconf 79' lang='grc' dir='ltr'>γάρ</span> <span class='ocrx_word' id='word_1_855' title='bbox 2496 5425 2614 5476; x_wconf 87' lang='grc' dir='ltr'>ἐστι</span> <span class='ocrx_word' id='word_1_856' title='bbox 2667 5421 2747 5492; x_wconf 83' lang='grc' dir='ltr'>τῷ</span> <span class='ocrx_word' id='word_1_857' title='bbox 2784 5419 2937 5491; x_wconf 87' lang='grc' dir='ltr'><strong>παρά</strong></span> <span class='ocrx_word' id='word_1_858' title='bbox 2983 5419 3076 5473; x_wconf 93' lang='grc' dir='ltr'><strong>τοῦ</strong></span> <span class='ocrx_word' id='word_1_859' title='bbox 3109 5418 3316 5489; x_wconf 85' lang='grc' dir='ltr'>Κυρίου</span> <span class='ocrx_word' id='word_1_860' title='bbox 3359 5418 3494 5490; x_wconf 81' lang='grc' dir='ltr'>πρὸς</span> <span class='ocrx_word' id='word_1_861' title='bbox 3525 5418 3651 5480; x_wconf 73' lang='grc' dir='ltr'>τοὺς</span> 
     </span>
    </p>
   </div>
   <div class='ocr_carea' id='block_1_115' title="bbox 2071 5507 3642 5589">
    <p class='ocr_par' dir='ltr' id='par_1_115' title="bbox 2071 5507 3642 5589">
     <span class='ocr_line' id='line_1_115' title="bbox 2071 5507 3642 5589; baseline -0.006 -17"><span class='ocrx_word' id='word_1_862' title='bbox 2071 5516 2318 5589; x_wconf 81' lang='grc' dir='ltr'>μαθητὰς</span> <span class='ocrx_word' id='word_1_863' title='bbox 2343 5515 2639 5587; x_wconf 74' lang='grc' dir='ltr'>εἰρημένῳ,</span> <span class='ocrx_word' id='word_1_864' title='bbox 2669 5531 2687 5565; x_wconf 77' lang='grc' dir='ltr'><strong>ι</strong></span> <span class='ocrx_word' id='word_1_865' title='bbox 2716 5514 2807 5584; x_wconf 79' lang='grc' dir='ltr'><strong>Μὴ</strong></span> <span class='ocrx_word' id='word_1_866' title='bbox 2834 5512 2929 5567; x_wconf 80' lang='grc' dir='ltr'>καὶ</span> <span class='ocrx_word' id='word_1_867' title='bbox 2950 5512 3110 5583; x_wconf 80' lang='grc' dir='ltr'>ὑμεῖς</span> <span class='ocrx_word' id='word_1_868' title='bbox 3134 5510 3318 5564; x_wconf 83' lang='grc' dir='ltr'>θέλετε</span> <span class='ocrx_word' id='word_1_869' title='bbox 3349 5507 3642 5579; x_wconf 64' lang='lat' dir='ltr'><strong>{mdan</strong></span> 
     </span>
    </p>
   </div>
   <div class='ocr_carea' id='block_1_116' title="bbox 2066 5596 3661 5681">
    <p class='ocr_par' dir='ltr' id='par_1_116' title="bbox 2066 5596 3661 5681">
     <span class='ocr_line' id='line_1_116' title="bbox 2066 5596 3661 5681; baseline -0.005 -17"><span class='ocrx_word' id='word_1_870' title='bbox 2066 5610 2205 5681; x_wconf 83' lang='grc' dir='ltr'>ὅπερ</span> <span class='ocrx_word' id='word_1_871' title='bbox 2232 5607 2333 5661; x_wconf 75' lang='grc' dir='ltr'>οὐκ</span> <span class='ocrx_word' id='word_1_872' title='bbox 2366 5604 2693 5676; x_wconf 82' lang='grc' dir='ltr'>ἀποτρέπων</span> <span class='ocrx_word' id='word_1_873' title='bbox 2721 5601 2921 5665; x_wconf 78' lang='grc' dir='ltr'>αὐτοὺς</span> <span class='ocrx_word' id='word_1_874' title='bbox 2945 5602 3184 5656; x_wconf 76' lang='grc' dir='ltr'>συνεῖναι</span> <span class='ocrx_word' id='word_1_875' title='bbox 3217 5597 3390 5668; x_wconf 80' lang='grc' dir='ltr'>λέγει,</span> <span class='ocrx_word' id='word_1_876' title='bbox 3411 5596 3547 5657; x_wconf 83' lang='grc' dir='ltr'>ἀλλὰ</span> <span class='ocrx_word' id='word_1_877' title='bbox 3581 5599 3661 5671; x_wconf 66' lang='grc' dir='ltr'>τῇ</span> 
     </span>
    </p>
   </div>
  </div>
