4162 6466
496 382 601 438 επ

1428 377 1987 438 COMMENTARIUS
2038 378 2108 433 IN
2147 378 2524 436 lACllARl/E
2565 380 2720 438 CAP.
2765 381 2859 435 Χῖ.

3677 378 3784 434 ὗτϋ

495 503 651 573 φωνῇ
709 498 1092 572 βεϐαιοτέρους
1137 499 1370 565 δεικνύς.
1422 500 1529 555 Τὸν
1576 500 1739 555 αὑτὸν
1782 499 1848 571 δὴ
1893 500 2094 571 τρόπον

2201 498 2399 555 Subdit
2429 516 2560 573 ergo
2585 542 2600 558 .
2647 500 2753 555 «Et
2780 506 3090 555 statuerunt
3123 497 3426 556 mercedem
3463 511 3640 555 meam
3682 502 3786 552 tri-

493 593 782 650 κάνταῦθα
811 593 988 662 λέγει,
1018 595 1103 650 δτι
1127 592 1358 668 6αρρὦ
1391 594 1576 659 αὐτοῖς
1614 594 1881 667 προτείνω
1908 592 2087 659 τοῦτο,

495 685 653 749 εἰδὼς
681 686 765 739 ὅτι
791 685 1033 752 δέξονται
1070 685 1132 739 τὸ
1175 686 1244 741 δι’
1286 687 1388 758 ἐμὲ
1417 687 1648 759 πάσχειν
1678 687 1887 752 κακῶς,
1940 686 1974 757 ἢ
2031 689 2091 740 ἐν

493 774 796 831 ἀπολαύσει
824 774 935 829 τῶν
957 775 1283 847 κρειττόνων
1312 773 1457 833 εἶναι
1499 779 1600 851 τῆς
1628 778 1952 841 ἐπιστασίας
1985 776 2091 842 ἔξω

491 868 857 939 τυγχάνοντες
883 868 983 938 τῆς
1013 868 1174 939 ἐμῆς.
1212 867 1444 938 Ἐπάγει
1474 869 1657 924 τοίνυν
1682 888 1695 904 ·
1729 888 1748 921 ι
1781 871 1895 925 Καὶ
1927 868 2091 940 ἐστη-

2200 594 2352 664 ginta
2384 603 2696 665 argenteos.
2721 612 2741 645 ι
2772 590 2850 646 Nc
2874 592 2979 646 hoc
3008 591 3226 661 quidem
3255 592 3376 646 loco
3392 591 3526 646 dicit
3555 589 3785 661 triginta

2198 685 2359 756 quasi
2389 699 2704 750 numerum,
2747 681 2842 738 sed
2871 692 2932 736 ιιι
2958 681 3142 736 dicat:
3178 680 3401 737 Multam
3444 681 3579 737 mihi
3613 682 3785 737 bene-

2199 776 2494 831 volentiam
2520 774 2912 847 rependerunt,
2937 790 3206 844 suumque
3228 783 3545 833 constanter
3578 776 3783 833 bonum

2200 867 2370 922 animi
2399 866 2653 922 affectum
2684 865 3224 921 demonstraverunt.

493 978 597 1016 σαν
624 961 720 1016 τδν
755 961 948 1032 μισθόν
980 979 1082 1033 μου
1111 963 1408 1034 τριάκοντα
1436 965 1725 1037 ἀργυρίου.
1763 983 1782 1018 ι
1814 965 1930 1018 Οὐκ
1957 961 2190 1035 ἀριθμὸν
2234 960 2355 1015 οὐδὲ
2395 959 2631 1014 ἐνταῦθα
2674 959 2848 1028 λέγων
2897 957 2969 1011 τὰ
3013 957 3325 1028 τριάκοντα,
3372 955 3487 1010 ἀλλ’
3530 956 3616 1011 ἵνα
3654 956 3788 1027 εἴπῃ

490 1055 596 1119 ὅτι,
630 1054 840 1126 Πολλὴν
890 1071 980 1127 μοι
1025 1056 1126 1127 τὴν
1175 1055 1389 1113 εὔνοιαν
1428 1058 1718 1113 ἀπέδωκαν
1760 1057 1859 1129 τὴν
1899 1056 2129 1122 οίκείαν,
2184 1055 2279 1108 καὶ
2330 1052 2607 1125 διέμειναν
2647 1053 2747 1124 τὴν
2800 1049 3221 1121 εὐγνωμοσύνην
3255 1045 3652 1110 ἐπιδεικνύντες
3692 1045 3786 1117 τὴν

491 1147 729 1207 ἑαυτῶν.

560 1245 713 1315 Στίχ.
736 1248 923 1312 ιγ’-ιε’.
940 1262 1048 1295 -ι
1085 1242 1197 1297 Καὶ
1224 1240 1345 1296 εἶπε
1369 1240 1575 1315 Κύριος
1602 1242 1738 1315 πρός
1776 1259 1875 1314 με’
1904 1241 2089 1304 Κάθες

489 1335 689 1400 αὐτοὺς
732 1337 814 1402 είς
853 1337 917 1390 τὸ
962 1335 1348 1407 χωνευτήριον,
1407 1336 1505 1389 καὶ
1533 1334 1727 1404 σκέψαι
1780 1335 1829 1387 εί
1866 1332 2088 1405 δόκιμόν

491 1429 664 1493 ἐστιν,
703 1427 763 1482 δν
805 1428 1007 1501 τρόπον
1040 1426 1408 1499 ἐδοκιμάσθην
1431 1426 1574 1498 ὑπὲρ
1602 1425 1814 1481 αὐτῶνθ
1847 1426 1942 1480 καὶ
1969 1425 2090 1479 ἐλα-

495 1520 593 1574 ϐον
635 1519 932 1592 τριάκοντα
978 1518 1300 1592 ἀργυρίους,
1344 1519 1440 1575 καὶ
1476 1518 1731 1575 ἐνέϐαλον
1769 1519 1968 1583 αὐτοὺς
2009 1518 2092 1582 είς

494 1609 587 1665 τὸν
620 1606 769 1666 οἷκον
799 1611 1008 1682 Κυρίου
1036 1612 1117 1676 είς
1147 1612 1211 1665 τὸ
1243 1611 1629 1684 χωνευτήριον.
1674 1631 1693 1664 ι
1732 1611 1989 1665 Βούλεται
2032 1609 2090 1663 δὲ

494 1706 701 1770 εἰπεῖν,
730 1700 812 1756 ὅτι
854 1702 1067 1773 Ὠσπερ
1118 1704 1323 1775 χωνείᾳ
1359 1704 1467 1757 τινὶ
1511 1704 1588 1775 τῷ
1644 1702 1940 1776 πειρασμῷ
1985 1702 2094 1756 τῶν

495 1793 687 1849 κακῶν
714 1792 1092 1866 περιϐέϐληκα
1113 1794 1291 1848 αὐτῶν
1320 1794 1419 1866 τὴν
1459 1795 1591 1865 περὶ
1617 1794 1718 1866 ἐμὲ
1751 1793 2093 1866 προαίρεσιν,

495 1886 639 1941 ὥστε
691 1903 759 1959 με
819 1887 948 1940 ίδεῖν
998 1887 1049 1940 εί
1092 1884 1265 1950 οὕτως
1295 1887 1402 1939 είσλ.
1443 1884 1897 1958 δεδοκιμασμένοι
1959 1884 2093 1956 περὶ

495 1981 620 2051 ἐμὲ,
651 1979 840 2051 ὥσπερ
872 1977 985 2049 ἐγὼ
1031 1980 1159 2052 περὶ
1189 1978 1391 2045 αὐτῶν,
1427 1977 1728 2040 τουτέστιν,
1754 1978 1804 2031 εί
1832 1975 1976 2031 οὕτω
2001 1976 2093 2048 βε-

496 2073 662 2128 ϐαίαν
688 2073 871 2145 ἔχουσι
901 2073 1029 2145 περὶ
1059 2074 1158 2144 ἐμὲ
1176 2074 1277 2144 τὴν
1293 2070 1531 2135 εύνοιαν,
1548 2071 1623 2135 ὡς
1652 2068 1764 2139 ἐγὼ
1784 2070 1850 2140 δὴ
1868 2069 2095 2141 βεϐαίαν

494 2166 682 2231 αὑτοῖς
710 2166 811 2239 τὴν
830 2166 1152 2221 ἐπιστασίαν
1169 2166 1396 2238 παρέχω
1423 2164 1523 2236 τὴν
1548 2164 1708 2236 ἐμήν.
1748 2162 2096 2234 Ἐμϐἐϐληκα

495 2260 680 2316 τοίνυν
704 2259 907 2323 αὐτοὺς
940 2260 1038 2323 ιείς
1064 2258 1156 2313 τὸν
1191 2254 1342 2312 οἷκον
1379 2258 1589 2330 Κυρίου
1619 2258 1700 2320 είς
1730 2257 1791 2311 τὸ
1818 2257 2095 2329 χωνευτήο

498 2370 618 2426 ριον
644 2370 658 2386 ·
694 2352 921 2416 εἰκότως
959 2351 1022 2405 τδ
1058 2370 1078 2403 ι
1120 2352 1201 2415 είς
1236 2350 1330 2404 τὸν
1379 2346 1526 2404 οἷκον
1565 2369 1585 2402 ι
1624 2349 1816 2414 είπὼν,
1854 2350 1995 2421 ὑπὲρ
2032 2343 2095 2405 οὗ

495 2446 563 2518 δὴ
592 2445 812 2500 ἅπαντα
851 2445 944 2499 τὸν
970 2443 1160 2514 ἀγῶνα
1202 2441 1563 2517 ὑϐριζομένου
1602 2442 1755 2515 παρὰ
1780 2441 1890 2497 τῶν
1939 2443 2097 2496 πολε-

501 2537 643 2610 μίων
696 2531 862 2608 εἶχον,
912 2535 1002 2590 ῖνα
1042 2534 1172 2607 εἴπῃ
1208 2534 1290 2589 ὃτι
1341 2536 1436 2589 καὶ
1464 2534 1552 2589 διὰ
1586 2535 1685 2607 τῆς
1722 2533 1954 2606 χωνείας
1984 2533 2095 2589 τῶν

497 2630 688 2686 κακῶν
737 2629 999 2702 ὤφθησαν
1046 2629 1279 2702 δόκιμοι.
1316 2630 1393 2702 (p.
1430 2629 1558 2703 517)
1589 2624 1723 2684 Εῐτα
1757 2630 1858 2702 τὴν
1879 2630 1990 2685 τῶν
2017 2633 2097 2685 oi-

496 2724 665 2778 κείων
691 2721 905 2777 εὔνοιαν
933 2721 1196 2796 εἰρηκὼς,
1243 2722 1536 2777 ἀποδίδωσι
1571 2725 1685 2787 τοῖς
1714 2723 2003 2797 προτέροις
2032 2723 2094 2778 τὸ

493 2817 686 2870 λεῖπον
708 2832 723 2847 ’
756 2816 853 2870 καὶ
882 2814 1184 2885 ἐπειδήπερ
1232 2808 1386 2867 εἶπεν
1427 2814 1486 2867 ἐν
1513 2814 1626 2876 τοῖς
1659 2813 1980 2885 ἀνωτέροις,
2011 2815 2092 2869 δτι

502 2928 522 2961 ι
562 2906 799 2963 Ἔλαϐον
847 2903 946 2977 τὴν
995 2904 1191 2976 ῥάϐδον
1233 2922 1335 2976 μου
1371 2903 1471 2976 τὴν
1505 2903 1678 2975 καλὴν
1703 2903 1797 2959 καὶ
1821 2902 2095 2976 ἐπέρῥιψα

499 3000 693 3073 αὐτὴν,
722 3019 740 3053 ι
785 2999 1011 3067 ἐπάγειο
1041 3016 1060 3050 ι
1088 2997 1198 3051 Καὶ
1222 2997 1504 3070 άπέῥριψα
1523 2996 1622 3069 τὴν
1650 2996 1846 3066 ῥάϐδον
1859 2997 1959 3067 τὴν
1974 2996 2097 3050 δευο

496 3095 665 3164 τὲραν
712 3091 777 3145 τὸ
830 3088 1143 3161 σχοίνισμα,
1179 3087 1275 3141 τοῦ
1315 3087 1667 3143 διασκεδάσαι
1693 3087 1794 3158 τὴν
1829 3084 2095 3158 διαθήκην

2265 1239 2432 1296 Vens.
2455 1236 2746 1293 15-15.-‹
2771 1231 3023 1302 Dixitque
3039 1228 3172 1284 mihi
3200 1227 3498 1284 Dominus:
3523 1227 3673 1285 Pone
3690 1245 3788 1287 eos

2192 1335 2249 1390 in
2279 1331 2622 1395 conﬂatorio,
2659 1337 2713 1385 et
2738 1327 2864 1382 vide
2894 1340 3026 1381 num
3064 1324 3356 1394 probatum
3393 1325 3484 1384 sit,
3514 1322 3662 1377 sicut
3685 1338 3789 1394 ego
3902 1398 3909 1403 _

2192 1413 2602 1499 probatussum
2622 1433 2752 1490 erga
2772 1433 2887 1474 eos.
2913 1415 2979 1470 Et
3002 1417 3189 1484 accepi
3225 1413 3450 1484 triginta
3473 1422 3786 1486 argenteos,

2192 1526 2247 1574 et
2286 1515 2449 1587 injeci
2482 1529 2578 1571 eos
2611 1513 2667 1567 in
2716 1510 2939 1565 domum
2975 1507 3190 1562 Domini
3227 1507 3283 1560 in
3333 1505 3737 1562 conﬂatorium.
3762 1525 3782 1556 ι

2192 1610 2389 1665 Dicere
2414 1608 2558 1662 vult:
2595 1605 2708 1675 Ego
2738 1617 2839 1658 ceu
2874 1598 3176 1656 conﬂatura
3208 1599 3448 1670 quadam
3480 1599 3789 1654 tentatione

2197 1702 2467 1757 malorum
2502 1694 2782 1769 exploravi
2817 1694 3037 1748 illorum
3071 1705 3200 1763 erga
3226 1706 3311 1746 me
3331 1689 3693 1760 propositum,
3728 1699 3789 1744 ut

2197 1808 2589 1866 cognoscerem
2645 1802 2713 1844 an
2750 1789 2824 1842 ita
2857 1787 2970 1843 sint
3008 1799 3139 1857 erga
3173 1801 3260 1839 me
3307 1783 3556 1854 probati,
3593 1799 3789 1854 quem-

2200 1886 2496 1943 admodum
2544 1899 2645 1954 ego
2671 1882 2819 1946 illis;
2851 1878 2904 1934 id
2931 1886 3033 1944 est,
3075 1892 3206 1931 num
3236 1876 3374 1931 adeo
3411 1874 3622 1930 (irmam
3655 1875 3787 1929 mihi

2197 1987 2420 2037 servent
2447 1975 2912 2039 benevolentiam,
2946 1980 3006 2026 ut
3035 1985 3137 2041 ego
3171 1969 3241 2023 iis
3273 1975 3538 2024 constans
3572 1967 3787 2038 praebeo

2196 2069 2563 2143 patrocinium
2615 2081 2821 2122 meum.
2856 2062 3080 2133 Conjeci
3131 2074 3263 2129 ergo
3315 2075 3416 2116 eos
3462 2061 3518 2114 in
3561 2060 3786 2114 domum

2197 2159 2413 2215 Domini
2446 2160 2501 2213 in
2531 2155 2937 2213 conﬂatorium.
2969 2153 3161 2208 Merito
3188 2148 3426 2206 dixittin
3447 2148 3669 2204 domum
3691 2151 3788 2204 Do-

2196 2252 2495 2323 mininpro
2517 2263 2627 2321 qua
2669 2249 2738 2302 ab
2778 2245 3031 2302 hostibus
3065 2244 3268 2299 violata
3307 2253 3585 2297 certamen
3624 2256 3788 2296 omne

2197 2350 2579 2414 susceperant.
2615 2342 2706 2395 Ait
2732 2339 2995 2394 nimirum
3027 2336 3153 2392 illos
3186 2335 3242 2389 in
3269 2333 3594 2390 conliatorio
3620 2335 3787 2388 malo-

2195 2453 2319 2494 rum
2348 2434 2515 2507 358
2538 2435 2687 2490 visos
2716 2448 2841 2489 esse
2874 2431 3160 2503 probatos.
3182 2427 3301 2482 Jam
3331 2434 3617 2498 postquam
3655 2439 3788 2480 suo-

2194 2544 2318 2585 rum
2364 2526 2802 2582 benevolentiam
2847 2521 3328 2583 commemoravit,
3374 2518 3583 2587 reliqua
3622 2516 3787 2571 verba

2194 2621 2266 2677 ad
2298 2620 2532 2691 priores,
2568 2617 2621 2673 id
2649 2624 2734 2673 est
2763 2615 2832 2670 ad
2864 2622 3180 2676 extraneos,
3220 2609 3411 2666 refert.
3449 2608 3515 2664 Et
3546 2609 3673 2679 quia
3709 2623 3787 2661 re-

2193 2721 2281 2770 tro
2297 2712 2510 2767 dixerat
2524 2727 2537 2763 :
2551 2727 2570 2762 ι
2584 2707 2809 2780 Sumpsi
2827 2709 3034 2777 virgam
3056 2718 3232 2761 meam
3249 2702 3554 2774 pulchram,
3582 2711 3637 2757 et
3664 2717 3787 2757 eam

2194 2803 2423 2876 proieci,
2467 2799 2781 2860 iaddituEt
2817 2796 3022 2870 projeci
3053 2796 3262 2867 virgam
3300 2811 3476 2850 meam
3514 2796 3784 2861 alteram;

2195 2895 2526 2956 funiculum,
2564 2900 2622 2946 ut
2649 2891 3024 2961 dispergerem
3060 2884 3243 2941 fmdus
3278 2898 3460 2940 meum
3489 2899 3614 2939 cum
3645 2882 3788 2938 Juila

2195 2997 2252 3045 et
2283 3002 2408 3042 cum
2443 2984 2659 3041 lsraele.
2690 3003 2709 3035 ι
2747 2980 2804 3037 Id
2837 2989 2943 3044 est,
2967 2981 3213 3051 Regnum
3246 2985 3300 3032 et
3336 2976 3503 3046 hujus
3541 2966 3685 3031 bona
3718 2977 3790 3030 iis

2196 3080 2375 3150 eripui
2415 3084 2640 3149 propter
2679 3087 2894 3129 morum
2942 3069 3370 3140 improbitatem.
3416 3065 3791 3121 Pulchritudi-

494 3158 598 3256 τὴν
620 3182 726 3238 ἀνὰ
759 3158 924 3255 μέσον
970 3158 1146 3236 Ἰούδα
1182 3181 1278 3235 καὶ
1317 3180 1420 3235 ἀνὰ
1451 3181 1615 3253 μέσον
1652 3181 1891 3254 Ἰσραήλ,
1920 3199 1940 3234 ι
1979 3181 2094 3234 Ἵνα

2199 3186 2327 3227 nem
2376 3169 2522 3224 enim
2576 3165 2875 3238 appellavit
2922 3161 3315 3222 sacerdotium,
3362 3158 3509 3229 quod
3559 3158 3792 3214 decoros

495 3247 650 3351 εἴπῃ,
677 3247 772 3331 ὅτι·
785 3274 898 3330 Καὶ
915 3273 1017 3347 τὴν
1042 3273 1320 3345 βασιλείαν
1357 3247 1548 3327 καῖ’τά
1582 3275 1647 3328 ἐκ
1678 3247 1885 3345 ταύτης
1914 3272 2094 3342 ἀγαθά

2201 3262 2575 3335 probatusque
2628 3257 2757 3312 facit
2809 3254 2919 3309 Deo
2963 3252 3250 3307 homines:
3303 3247 3607 3303 funiculum
3660 3262 3791 3301 vero

493 3365 771 3439 περιεῖλον
794 3366 973 3420 αὐτῶν
997 3365 1087 3421 διὰ
1117 3365 1217 3437 τὴν
1254 3363 1559 3438 μοχθηρίαν
1583 3366 1677 3420 τοῦ
1693 3366 1897 3436 τρόπου
1914 3382 1930 3397 ο
1966 3364 2097 3419 κάλ-

493 3457 589 3523 λος
624 3457 725 3529 μὲν
761 3456 874 3530 γὰρ
924 3456 1161 3529 κέκληκε
1200 3457 1300 3528 τὴν
1328 3455 1648 3529 ἱερωσύνην,
1684 3456 1760 3521 ὡς
1798 3456 2096 3526 εὐπρεπεῖς

493 3551 593 3604 καὶ
616 3548 876 3622 δοκίμους
914 3548 1293 3621 ἐργαζομένην
1341 3549 1497 3621 Θεῷο
1544 3550 1833 3622 σχοίνισμα
1882 3548 1961 3615 δὲ,
1992 3548 2092 3622 τὴν

498 3641 799 3713 βασιλείαν,
866 3641 944 3707 ὡς
988 3640 1389 3714 διαμετροῦσαν
1436 3642 1534 3696 καὶ⁵
1577 3641 1923 3716 διορίζουσαν
1979 3644 2093 3704 τοῖς

497 3732 763 3809 ὑπηκόοις
782 3731 846 3791 τὸ
874 3733 1107 3810 πρέπον.
1143 3726 1269 3791 υἷόν
1298 3734 1418 3791 ἐστι
1443 3732 1505 3789 τδ
1531 3731 1712 3804 λέγον,
1754 3752 1774 3787 ι
1806 3732 1901 3787 Σοὶ
1930 3731 2090 3787 δώσω

2202 3365 2452 3423 regnum,
2473 3347 2619 3420 quod
2650 3346 2936 3401 dimetitur
2967 3343 3265 3412 deﬁnitun
3294 3338 3535 3395 subditis
3567 3352 3789 3407 aequum

2196 3445 2313 3515 jus.
2344 3441 2528 3497 Veluti
2562 3447 2648 3495 est
2683 3436 2851 3493 illud:
2890 3456 2911 3488 ι
2952 3433 3075 3490 Tibi
3110 3434 3252 3489 dabo
3289 3440 3493 3485 terram
3526 3430 3789 3484 Chanaan

2203 3537 2505 3595 funiculum
2534 3531 2872 3588 luereditatis
2912 3527 3355 3595 vestrae";ipro,
3381 3523 3606 3577 Terram
3650 3522 3793 3577 Cha-

2197 3646 2364 3695 naan,
2398 3626 2555 3682 vobis
2579 3623 2921 3679 distribuens
2948 3629 3112 3689 atque
3156 3617 3253 3671 abs
3293 3614 3536 3685 qualibet
3568 3613 3792 3683 regione

2195 3722 2608 3783 disterminans,
2639 3716 2797 3771 vobis
2827 3711 3214 3785 possidendam
3249 3709 3395 3764 dedi.

494 3804 721 3906 τὴν-γῆν
740 3804 966 3886 Χαναάν
1000 3831 1287 3903 σχοίνισμα
1317 3830 1684 3904 κληρονομίας
1714 3830 1895 3904 ὑμῶν,
1920 3848 1940 3881 ι
1969 3824 2096 3882 ἀντὶ
2121 3818 2216 3876 τοῦ
2242 3859 2257 3885 ,
2301 3815 2413 3889 Τὴν
2462 3814 2567 3886 γῆν
2613 3810 2835 3866 Χαναὰν
2877 3809 3006 3880 ὑμῖν
3051 3805 3239 3860 διελών
3274 3822 3333 3858 τε
3381 3804 3476 3859 καὶ
3521 3804 3790 3877 ἀφορίσας

492 3926 597 3997 τῆς
617 3924 725 3997 γῆς
756 3923 998 3996 ἀπάσης,
1019 3923 1228 3979 δέδωκα
1249 3925 1330 3988 είς
1356 3924 1724 3998 κληρονομίαν
1738 3971 1755 3987 ,

569 4017 722 4088 Στίχ.
761 4023 844 4082 ιε’,
881 4022 977 4082 ις’.
996 4046 1065 4058 —-
1086 4012 1220 4071 Εἶτα
1245 4017 1342 4071 καλ⁵
1366 4015 1583 4081 δεικνὺς
1610 4017 1693 4070 ὅτι
1718 4015 1812 4068 ἐπὶ
1843 4014 2097 4067 πλεῖστον

496 4100 557 4166 ἐν
583 4110 797 4174 τούτοις
849 4109 1257 4182 στραφήσονται
1285 4111 1401 4172 τοῖς
1427 4110 1640 4174 κακοῖς,
1675 4107 1892 4176 ἐπάγει·
1923 4124 1943 4157 ι
1985 4103 2098 4158 Καὶ

497 4200 623 4258 εἷπε
651 4203 860 4275 Κύριος
890 4203 1031 4274 πρός
1069 4218 1170 4268 με’
1207 4203 1330 4256 Ἔτι
1354 4201 1487 4258 λάϐε
1522 4198 1734 4271 σεαυτῷ
1768 4198 1938 4270 σκεύη
1973 4213 2095 4250 ποι-

500 4294 703 4367 μενικά
727 4293 988 4364 ποιμένος
1049 4291 1309 4364 ἀπείρου·
1354 4292 1490 4347 διότι
1535 4289 1642 4345 ἰδοὺ
1702 4286 1814 4353 ἐγὼ
1856 4285 2096 4358 ἐξεγερῶ

500 4386 740 4457 ποιμένα
768 4386 998 4457 ἄπειρον
1023 4385 1117 4438 ἐπὶ
1174 4385 1273 4458 τὴν
1297 4384 1407 4456 γῆν
1424 4402 1437 4415 ·
1472 4384 1533 4438 τὺ
1574 4383 1822 4438 ἐκλεῖπον
1842 4382 1945 4434 οὐκ
1973 4381 2094 4432 ἐπι-

500 4477 786 4548 σκέψεται,
831 4479 928 4531 και
956 4477 1018 4531 τὸ
1072 4477 1501 4549 ἐσκορπισμένον
1526 4478 1587 4531 οὐ
1624 4476 1699 4548 μὴ
1733 4474 1966 4547 ζητήσῃ,
1998 4472 2094 4526 καὶ

498 4568 565 4623 τδ
594 4568 1060 4641 συντετριμμένον
1108 4568 1170 4620 οὐ
1217 4568 1293 4640 μὴ
1330 4567 1633 4639 κατευθύνῃ
1652 4582 1667 4597 ·
1719 4565 1788 4619 τά
1819 4565 1957 4636 κρέα
1985 4561 2093 4615 τῶν

501 4655 778 4713 ἐκλεκτῶν
797 4657 1199 4727 καταφάγεται,
1225 4657 1322 4713 καὶ
1347 4658 1475 4721 τοὺς
1503 4656 1886 4730 ἀστραγάλους
1913 4652 2094 4708 αὐτῶν

394 4758 401 4765 '
500 4747 816 4821 ἐκστρέψει.
856 4764 877 4800 ι
915 4744 1181 4800 Ἐνταῦθα
1211 4745 1374 4801 πάλιν
1403 4748 1461 4800 ἐν
1494 4742 1846 4818 προστατικῷ
1859 4742 2097 4813 σχήματι

499 4839 566 4896 τὸ
615 4839 874 4911 ἐσόμενον
931 4837 1102 4908 λέγει.
1148 4837 1427 4909 Ἐπιμένει
1483 4838 1614 4909 γάρ,
1675 4835 1863 4907 φησιν,
1907 4832 2098 4904 ήπερὶ

500 4930 596 4986 τὸν
619 4930 747 4986 λαὸν
777 4932 843 4986 ἐκ
872 4931 984 4984 τῶν
1016 4929 1203 4994 κακῶς
1221 4929 1619 5000 ποιμαινόντων
1645 4926 2013 4999 ταλαιπωρία,
2047 4922 2098 4977 οῖ

505 5018 980 5094 μεταχειριοῦνται
1041 5019 1140 5091 τὴν
1166 5018 1467 5092 ἱερωσύνην
1511 5018 1728 5082 κακῶς
1775 5016 1947 5088 σκεύη
1988 5013 2100 5085 γὰρ

503 5112 821 5186 ποιμενικά,
852 5112 1126 5183 ἀνήκοντα
1151 5115 1217 5184 τῇ
1237 5109 1476 5183 προϐολῇ
1507 5111 1608 5181 τῆς
1642 5109 1942 5182 ἱερωσύνης
1960 5107 2102 5180 ἔργα

500 5206 674 5278 δηλοῖ,
727 5206 796 5260 δι’
844 5199 920 5263 ὧν
956 5204 1164 5277 ταύτην
1197 5203 1319 5270 ἔθος
1346 5202 1682 5259 ἐκτελεῖσθαι
1724 5203 1824 5273 τὴν
1853 5201 2100 5271 λειτουρ-

504 5299 653 5369 γίαν.
703 5299 1094 5372 Ἐπιλήψονται
1115 5298 1314 5365 τοίνυν,
1349 5298 1425 5368 (p.
1456 5295 1582 5369 518)
1613 5295 1769 5368 φησὶ,
1802 5295 1906 5365 τῆς
1939 5296 2100 5365 ίερωο

514 5392 676 5464 σύν-ης
730 5393 924 5465 ἀνδρες
966 5391 1223 5464 οὐδεμίαν
1282 5388 1376 5445 τοῦ
1439 5389 1766 5461 πράγματος
1804 5386 2098 5459 ἐμπειρίαν

505 5483 745 5556 ιχοντες,
808 5483 933 5538 οὐδὲ
970 5500 1025 5537 τι
1069 5483 1332 5553 πράττειν
1378 5481 1489 5536 τῶν
1527 5479 1760 5535 δεόντων
1792 5478 2014 5544 ειδότες,
2047 5476 2097 5531 οἳ

505 5571 633 5630 οὔτε
654 5572 719 5626 τὸ
745 5572 1052 5645 ὴσθενηκδς
1096 5571 1546 5635 ἐπισκέπτονται,
1573 5566 1698 5623 οὗτε
1724 5566 1836 5622 τῶν
1864 5568 2099 5637 ἀφιστα-

507 5663 688 5738 μένων
710 5662 937 5738 ζήτησιν
961 5661 1262 5730 ποιοῦνται,
1291 5659 1589 5735 θεραπείαν
1613 5676 1675 5715 τε
1713 5659 1825 5725 τοῖς
1846 5673 2101 5713 κεκακω-

583 5839 633 5877 ’⁸
663 5839 810 5899 Psal.
847 5856 957 5912 Civ,
1001 5842 1089 5898 Η.

2277 3998 2444 4052 Vens.
2480 3986 2949 4058 l5,16.——Postea
2983 3992 3042 4040 ut
3071 3983 3327 4039 ostendat
3357 3981 3450 4038 diu
3472 3982 3596 4038 illos
3616 3982 3672 4038 in
3700 3982 3790 4039 his

2205 4092 2321 4147 fore
2346 4086 2526 4149 malis,
2564 4082 2745 4138 addit:
2771 4101 2789 4133 ι
2818 4079 3070 4148 Dixitque
3102 4075 3235 4129 mihi
3264 4073 3563 4130 Dominus:
3596 4073 3791 4129 Adhuc

2204 4197 2361 4240 sume
2394 4179 2490 4234 tibi
2518 4190 2649 4231 vasa
2694 4171 2992 4245 pastoralia
3043 4170 3287 4240 pastoris
3333 4168 3598 4238 imperiti.
3648 4167 3790 4234 Quia

2203 4290 2332 4331 ecce
2357 4287 2457 4343 ego
2488 4267 2769 4326 suscitabo
2811 4273 3089 4335 pastorem
3124 4261 3436 4331 imperitum
3469 4275 3634 4329 super
3671 4268 3789 4314 ιριε-

2202 4382 2349 4423 ram:
2384 4361 2529 4434 quod
2562 4359 2745 4415 deﬁt-it
2779 4371 2890 4411 non
2924 4353 3189 4414 visitabit,
3220 4360 3276 4407 et
3316 4351 3628 4421 dispersum
3678 4367 3788 4407 non

2200 4459 2462 4531 requiret,
2485 4463 2537 4510 et
2561 4452 2901 4507 confractum
2924 4462 3030 4501 non
3053 4445 3298 4500 sanabit:
3328 4460 3547 4500 carnem
3581 4445 3790 4500 electo-o

2198 4568 2320 4609 rum
2369 4544 2614 4606 vorabit,
2647 4550 2702 4597 et
2749 4542 2893 4595 talos
2927 4539 3144 4592 illorum
3182 4536 3483 4613 subvertet.
3510 4555 3527 4586 ι
3574 4535 3789 4593 Rursus

2204 4646 2291 4699 hic
2319 4637 2640 4710 imperativa
2670 4635 2838 4704 ﬁgura
2869 4645 2983 4685 rem
3015 4627 3257 4683 futuram
3275 4626 3787 4696 dicit.Perseverat,

2204 4735 2405 4806 inquit,
2444 4728 2666 4786 miseria
2703 4724 2911 4796 populi,
2937 4722 3208 4776 malorum
3254 4731 3537 4791 pastorum
3591 4734 3788 4783 causa,

2184 4829 2297 4900 .qui
2327 4824 2487 4880 malis
2520 4821 2733 4876 artibus
2765 4814 3137 4872 sacerdotium
3171 4812 3457 4883 arripicnl.
3495 4811 3628 4867 Nam
3658 4828 3801 4868 vasa

2203 4917 2535 4994 pastoralia,
2578 4908 2965 4968 convenientia
3015 4905 3349 4963 sacerdotali
3401 4904 3579 4961 oliicio
3625 4920 3791 4977 opera

2202 5012 2493 5072 denotant,
2529 5005 2731 5077 quibus
2752 5001 2892 5059 solet
2931 4998 3152 5071 liturgia
3184 4997 3394 5069 peragi.
3430 4997 3792 5067 Occupabunt

2203 5105 2411 5175 itaque,
2444 5101 2542 5165 ait,
2593 5094 2968 5153 sacerdotium
3009 5091 3114 5145 viri
3167 5090 3372 5145 nullam
3417 5089 3495 5144 rei
3539 5088 3789 5158 peritiam

2204 5198 2492 5256 habentes,
2524 5193 2728 5248 bonum
2751 5184 3034 5258 quodlibet
3065 5181 3245 5238 facere
3266 5180 3466 5248 nescii;
3496 5179 3588 5248 qui
3616 5192 3794 5249 neque

2209 5285 2488 5342 inﬁrmum
2520 5279 2846 5343 visitabunt,
2866 5288 3043 5344 neque
3077 5271 3332 5327 absentes
3362 5270 3667 5339 requirent,
3696 5284 3794 5323 ne-

2205 5393 2315 5450 que
2347 5374 2615 5433 medelam
2645 5371 2806 5441 aegris
2834 5368 3004 5423 ullam
3031 5363 3255 5420 aﬂ'erent
3279 5380 3294 5415 :
3315 5361 3410 5418 sed
3435 5376 3614 5430 neque
3642 5361 3794 5415 inco-

2207 5470 2438 5527 lumium
2471 5479 2605 5520 cura
2639 5463 2750 5519 illis
2796 5459 2923 5523 erit,
2960 5466 3021 5512 ut
3067 5458 3120 5512 in
3156 5469 3256 5510 sua
3287 5453 3524 5509 sanitate
3562 5459 3799 5508 conseri

2198 5571 2417 5620 ventur.
2448 5558 2653 5614 Contra
2684 5568 2815 5610 vero
2844 5552 3064 5607 illorum
3111 5547 3206 5619 qui
3249 5546 3530 5601 meliorem
3577 5542 3793 5614 frugem

2200 5662 2513 5717 sectantur,
2564 5661 2762 5706 carnes
2792 5645 2972 5717 ipsas,
3023 5640 3071 5698 si
3117 5640 3231 5697 ﬁeri
3278 5644 3491 5710 potest,
3540 5636 3795 5706 talosque
