4162 6494
433 367 540 424 679

1610 357 1968 420 ’ΤΙΙΕΟΒΟΒΙ
2007 357 2238 416 MOPSU
2249 359 2372 415 EST
2383 358 2492 414 ΕΜ

3555 370 3698 426 ’580

434 483 749 548 comedunt,
777 478 1184 552 quomodolibet
1212 490 1308 532 eos
1340 481 1632 530 vexantes:
1660 483 1714 530 et
1747 476 1906 530 modo
1933 476 2015 546 ip-

2122 474 2301 544 μένοις
2331 475 2624 542 ἐπάγουσιν
2656 475 2909 543 οὐδεμίαν
2938 493 2950 506 ·
2983 476 3096 530 ἀλλ’
3124 476 3242 530 οὐδὲ
3266 476 3375 530 τῶν
3410 476 3580 544 ὑγιῶν
3607 481 3698 534 3.6-

431 580 533 644 εἰς,
569 577 730 632 modo
764 571 1080 631 eorumdem
1119 571 1279 625 bonis
1334 575 1626 631 nocentes;
1675 567 1804 637 quia
1856 567 2012 620 malae

435 671 560 724 vitae
593 668 842 722 homines
871 663 1036 735 349
1067 662 1246 716 hostili
1273 660 1458 715 animo
1483 667 1613 713 sunt
1635 673 1762 727 erga
1791 656 2012 711 virtutis

432 769 727 819 amatores.
761 756 974 824 Quibus
1023 753 1175 826 gravi
1222 767 1348 808 cum
1396 750 1684 806 stomacho
1731 749 2009 811 inclamat,

437 851 528 906 Dei
546 849 836 920 plurimam
860 847 932 900 ob
963 859 1048 900 res
1073 840 1669 912 actasindignationem
1688 838 2010 894 declarans:

440 937 619 1009 «Oqui
641 937 866 1008 pascitis
891 949 1052 998 vana,
1075 935 1167 1004 qui
1197 929 1576 1000 derelinquitis
1596 928 1759 983 ores!
1787 925 2013 982 Gladius

428 1046 597 1100 super
622 1028 908 1084 brachium
931 1026 1072 1095 ejus,
1097 1035 1151 1080 et
1173 1037 1338 1094 super
1358 1022 1578 1076 oculum
1601 1019 1721 1090 ejus
1737 1018 2011 1073 dextrum.

432 1121 728 1176 Brachium
759 1119 880 1188 ejus
919 1117 1173 1173 dextrum
1205 1128 1464 1169 arescens
1499 1112 1707 1173 areliet,
1738 1117 1792 1165 et
1820 1109 2014 1164 oculus

429 1211 554 1282 ejus
585 1210 778 1266 dexter
805 1216 1114 1264 excaecatus
1144 1203 1525 1260 exercebitur.
1553 1221 1571 1252 ι
1599 1202 1667 1254 At
1696 1201 1841 1255 enim
1871 1197 2014 1252 haud

432 1301 700 1372 impunita
721 1301 856 1360 hrec,
880 1299 1080 1368 inquit,
1101 1297 1253 1351 vobis
1281 1302 1464 1358 erunt,
1487 1292 1581 1362 qui
1615 1289 1873 1361 pastorali
1903 1287 2014 1342 olli-

433 1393 522 1447 cio
545 1392 611 1445 ad
648 1389 946 1460 nequitiam
981 1386 1222 1450 utimini,
1249 1392 1303 1440 et
1336 1382 1427 1437 Dei
1460 1383 1718 1452 populum
1747 1379 2016 1435 occisioni

433 1479 782 1535 eontraditis.
824 1475 1066 1546 Namque
1103 1475 1158 1529 in
1207 1472 1450 1529 brachiis
1492 1470 1780 1538 oculisque
1824 1481 2017 1538 punias

431 1567 620 1630 luetis,
660 1567 768 1619 illis
800 1565 1018 1636 quidem
1049 1578 1278 1634 prorsus
1313 1561 1609 1621 enervatis,
1644 1559 1727 1612 his
1758 1572 1886 1610 vero
1918 1573 2014 1609 ex-

433 1659 671 1715 cmcatis.
723 1657 912 1712 Dicere
949 1671 1114 1728 porro
1158 1655 1268 1707 vult
1319 1654 1464 1706 vires
1501 1651 1715 1704 illorum
1751 1663 1942 1702 omnes
1986 1662 2016 1699 τι

433 1750 618 1806 divina
667 1749 948 1820 punitione
989 1745 1228 1802 deletum
1271 1744 1376 1807 iri,
1437 1757 1648 1796 necnon
1695 1737 2016 1810 inspiciendi

433 1851 662 1898 caeteros
699 1841 1039 1896 facultatem.
1073 1837 1166 1892 llis
1197 1837 1481 1907 subjungit
1509 1855 1522 1890 ι

2112 579 2208 631 γος
2235 563 2417 626 αύτοῖς
2437 565 2641 627 ,ιόπως
2683 562 2748 617 ἂν
2794 565 2886 617 ἐπὶ
2931 565 3028 634 τῆς
3059 565 3262 630 οίκείας
3292 565 3504 636 μένοιεν
3535 569 3700 638 εὑρω-

2117 653 2299 716 στίας·
2359 652 2668 707 τούναντίον
2729 653 2826 724 μὲν
2878 651 2973 708 οὖν
3016 655 3126 709 τῶν
3174 657 3310 727 πρὸς
3346 657 3408 710 τὸ
3453 661 3700 727 κρεῖττον

2113 741 2388 812 ὁρώντων,
2420 745 2514 798 καὶ
2535 745 2632 808 τάς
2661 744 2870 815 σάρκας
2899 747 2945 797 εί
2977 740 3086 800 οἷόν
3112 764 3194 812 τε,
3223 749 3318 800 xal
3345 748 3471 810 τοὺς
3499 749 3701 818 ἀστρα-

2113 833 2317 897 γάλους
2349 833 2712 899 κατεσθίουσι,
2740 838 2902 890 παντὶ
2938 837 3122 906 τρόπῳ
3154 837 3340 901 κακῶς
3366 837 3560 902 αὐτοὺς
3592 839 3702 892 διαο

2113 923 2380 989 τιθέντες·
2415 926 2509 978 καὶ
2538 927 2605 980 τὰ
2641 927 2742 998 μὲν
2767 928 2972 992 αὐτοῖς,
3001 929 3070 981 τὰ
3101 928 3160 982 δὲ
3189 931 3302 992 τοῖς
3329 931 3699 999 προσήκουσιν

2117 1015 2297 1078 αὐτοῖς
2317 1017 2720 1088 λυμαινόμενοι,
2761 1021 2948 1091 ἐπειδὴ
2983 1020 3118 1091 πρὸς
3146 1021 3206 1077 τὸ
3236 1022 3418 1090 χεῖρον
3441 1023 3705 1090 ῥέποντες

2116 1105 2266 1160 αὐτοὶ
2321 1108 2594 1178 πολεμίως
2639 1109 2822 1180 ἔχουσι
2875 1111 3010 1181 πρὸς
3039 1113 3164 1174 τοὺς
3204 1110 3298 1164 τοῦ
3329 1111 3538 1174 δέοντος
3569 1113 3698 1182 ὲρας

2119 1197 2277 1260 στάς·
2307 1193 2388 1261 οἷς
2413 1199 2592 1264 καλῶς
2613 1201 2752 1271 μετὰ
2763 1202 3256 1274 ἀποδυσπετήσεως
3270 1203 3464 1270 ἐπάγει
3480 1201 3698 1272 πολλῆς,

2118 1287 2398 1357 ἐμφαίνων
2457 1289 2551 1361 τὴν
2600 1293 2692 1345 ἐπὶ
2724 1296 2836 1356 τοῖς
2868 1294 3174 1364 γινομένοις
3202 1293 3574 1364 ἀγανάκτησιν
3607 1293 3698 1346 τοῦ

2117 1378 2252 1432 Θεοῦ
2281 1380 2537 1454 πλείστην
2565 1379 2750 1438 οὖσαν.
2783 1405 2801 1436 ι
2835 1385 2899 1438 Ὢ
2917 1387 2968 1439 οί
2996 1386 3374 1459 ποιμαίνοντες
3389 1385 3456 1438 τὰ
3475 1385 3698 1455 μάταια,

2119 1467 2214 1521 καὶ
2241 1470 2691 1538 καταλελοιπότες
2739 1475 2809 1528 τά
2858 1474 3104 1548 πρόϐατα
3129 1493 3142 1506 ·
3195 1475 3437 1546 μάχαιρα
3485 1475 3580 1527 ἐπὶ
3605 1475 3698 1528 τοῦ

2120 1557 2400 1628 βραχίονος
2427 1563 2616 1628 αὑτοῦ,
2657 1567 2752 1620 καὶ
2783 1566 2875 1619 ἐπὶ
2931 1567 3023 1620 τὸν
3079 1566 3360 1637 ὀφθαλμὸν
3405 1567 3570 1620 αὐτοῦ
3607 1567 3700 1619 τὸν

2117 1647 2290 1712 δεξιόν
2309 1665 2322 1680 ⁸
2354 1654 2382 1704 ὀ
2407 1651 2648 1726 βραχίων
2679 1655 2845 1711 αὐτοῦ
2868 1656 3255 1729 ξηραινόμενος
3279 1657 3697 1729 ξηρανθήσεται,

2118 1739 2212 1792 καὶ
2235 1741 2264 1792 ὁ
2300 1743 2572 1816 ὀφθαλμὸς
2605 1748 2768 1801 αὐτοῦ
2806 1751 2834 1803 ὁ
2865 1749 3040 1815 δεξιὸς
3075 1749 3508 1820 ὲκτυφλούμενος
3543 1750 3708 1802 ὲκτυ.

2048 1820 2086 1873 Β
2119 1831 2478 1905 φλωθήσεται.
2508 1857 2526 1889 ι
2549 1839 2826 1911 Ἀλλὰγάρ
2854 1841 2954 1895 οὐκ
2981 1840 3304 1913 ἀτιμώρητα
3335 1840 3502 1894 ταῦτα
3523 1839 3698 1902 ἔσται,

432 1940 619 2010 φησιν,
650 1937 775 2009 ὑμῖν
807 1938 918 1999 τοῖς
945 1933 1036 1988 ἐπὶ
1060 1932 1214 2004 κακῷ
1229 1935 1292 2004 τῇ
1325 1932 1594 2003 ποιμασίᾳ
1619 1927 1994 2002 κεχρημένοις,
2036 1925 2131 1978 καὶ
2172 1928 2309 1998 πρὸς
2364 1931 2577 2006 σφαγὴν
2629 1931 2954 1987 ἐκδεδωκὸσι
2976 1932 3070 1988 τοῦ
3103 1934 3238 1987 Θεοῦ
3267 1935 3358 1987 τὸν
3401 1932 3561 1987 λαόν·
3621 1935 3703 1998 εἰς

441 2035 541 2105 γὰρ
574 2034 699 2097 τοὺς
723 2030 1013 2101 βραχίονας
1042 2028 1138 2081 καὶ
1173 2027 1300 2090 τοὺς
1321 2025 1633 2095 ὀφθαλμοὺς
1661 2023 1861 2076 δώσετε
1905 2019 2082 2088 δίκην,
2119 2019 2226 2072 τῶν
2275 2023 2374 2093 μὲν
2403 2027 2820 2098 μαραινομένων
2857 2018 3153 2091 παντελῶς,
3183 2029 3289 2081 τῶν
3321 2028 3377 2082 δὲ
3411 2027 3704 2098 ὲκτυφλουν

433 2127 634 2197 μένων·
701 2123 949 2194 βούλεται
996 2121 1053 2173 δὲ
1107 2120 1283 2172 εἰπεῖν
1323 2120 1404 2170 ὅτι
1443 2117 1536 2170 καὶ
1639 2115 1792 2184 ἰσχὺς
1833 2109 2010 2164 αὐτῶν
2040 2111 2190 2164 πᾶσα.
2227 2112 2315 2166 διὰ
2361 2115 2459 2186 τῆς
2480 2120 2748 2190 τιμωρίας
2805 2120 3228 2193 ἀφαιρεθήσεται
3272 2119 3372 2192 τῆς
3403 2119 3570 2184 θείας,
3607 2117 3703 2174 καὶ

433 2225 462 2294 ί)
493 2221 710 2288 ἐξουσία
741 2217 834 2272 τοῦ
869 2217 1044 2270 δοκεῖν
1085 2215 1285 2284 ὲφορᾷν
1329 2213 1552 2283 ἑτέροις.
1586 2209 1802 2274 Τούτοις
1838 2207 2068 2274 ἐπάγει·

1066 2305 1218 2360 CAP.
1255 2304 1372 2358 XII.

499 2403 672 2460 Vens.
701 2401 820 2458 1-5.
840 2429 910 2441 —-
933 2417 954 2451 ι
975 2396 1294 2467 Assumptio
1309 2373 1464 2451 overbi
1513 2393 1724 2448 Domini
1749 2407 1909 2463 super
1929 2390 2012 2446 Is-

435 2497 568 2550 rael.
594 2494 733 2550 Dicit
754 2491 1012 2546 Dominus
1029 2489 1118 2559 qui
1141 2487 1385 2543 extendit
1412 2487 1632 2550 emtum,
1655 2485 2017 2540 fundavitter-

435 2605 578 2651 ram,
596 2581 1088 2652 etﬁnxitspiritum
1105 2577 1408 2633 hominisin
1426 2592 1546 2631 eo.»
1579 2575 1633 2630 ld
1655 2584 1758 2634 est,
1775 2571 1898 2630 [huc
1921 2589 2018 2644 per

435 2679 824 2738 revelationem
854 2689 884 2728 a
913 2672 1021 2728 Deo
1054 2670 1184 2724 mihi
1211 2669 1483 2740 patefacta
1515 2667 1709 2732 recito,
1741 2666 1831 2736 qui
1863 2681 2018 2718 crea-

435 2783 520 2828 tor
547 2785 726 2828 rerum
745 2767 987 2823 omnium
1004 2773 1108 2828 est,
1133 2761 1387 2832 idemque
1404 2760 1676 2815 hominem
1701 2758 2014 2827 feeit,eique

439 2865 674 2920 animam
707 2867 762 2915 et
797 2855 1161 2912 ratiocinandi
1205 2855 1315 2906 vim
1363 2851 1674 2918 impertitus
1710 2861 1814 2905 est.
1849 2849 2018 2916 Quasi

439 2959 586 3010 dicat
637 2953 805 3006 Deum
847 2957 906 3003 ut
946 2948 1117 3001 voluit
1149 2945 1505 2999 consensisse
1541 2952 1599 2996 ut
1625 2945 1743 2996 haec
1800 2941 2018 3006 tierent,

439 3047 534 3118 qui
580 3051 767 3114 utpote
811 3039 1056 3096 omnium
1099 3036 1365 3090 Dominus
1393 3032 1644 3089 concedit
1682 3032 2019 3096 hominibus,

2770 2309 2928 2362 ΚΕΦ.
2946 2309 3049 2365 ΙΒ¹.

2191 2391 2338 2462 Στίχ.
2401 2401 2544 2464 σμγ’.
2579 2428 2646 2438 ~-—
2682 2415 2702 2450 ι
2741 2397 2950 2472 Λῆμμα
2997 2398 3156 2468 λόγου
3201 2399 3405 2472 Κυρίου
3459 2398 3552 2453 ἐπὶ
3610 2399 3702 2451 τὸν

2133 2483 2380 2555 Ἰσραήλο
2435 2487 2578 2557 λέγει
2639 2490 2843 2562 Κύριος
2883 2491 3147 2553 ⁵ἐκτείνων
3187 2491 3280 2545 τὸν
3317 2491 3564 2562 οὐρανὸν,
3611 2489 3704 2550 καὶ

2121 2574 2386 2646 θεμελιῶν
2439 2581 2539 2652 τὴν
2597 2580 2723 2652 γῆν,
2780 2582 3036 2638 πλάσσων
3088 2581 3305 2654 πνεῦμα
3331 2581 3619 2653 ἀνθρώπου
3646 2583 3702 2633 ἐν

2119 2669 2288 2742 αύτῷ.
2333 2690 2350 2720 ι
2392 2673 2510 2727 Ἵνα
2538 2675 2689 2746 εἴπῃ,
2721 2675 2796 2745 (p.
2828 2675 2952 2745 519)
2984 2674 3171 2729 Ταῦτα
3192 2677 3334 2730 κατά
3363 2674 3703 2744 ἀποκάλυψίν

2127 2783 2217 2836 μοι
2253 2765 2532 2836 δειχθέντα
2569 2766 2722 2839 παρά
2769 2766 2863 2821 τοῦ
2899 2767 3035 2820 Θεοῦ
3061 2767 3224 2836 λέγω,
3257 2767 3318 2830 ὃς
3351 2767 3582 2837 ποιητὴς
3605 2767 3703 2838 μὲν

2123 2858 2378 2912 ἁπάντων
2402 2858 2516 2910 ἐστὶ
2543 2855 2651 2914 τῶν
2672 2857 2863 2918 ὄντων,
2893 2857 3054 2921 αὐτὸς
3075 2858 3132 2912 δὲ
3162 2859 3258 2912 καὶ
3289 2857 3574 2929 ἄνθρωπον
3607 2875 3706 2912 πε-

2126 2951 2344 3022 ποίηκε,
2370 2950 2546 3021 ψυχῆς
2583 2967 2642 3003 τε
2664 2949 2813 3020 αὐτῷ
2841 2951 2935 3004 καὶ
2951 2951 3260 3022 προθέσεως
3285 2950 3510 3022 λογικῆς
3541 2968 3707 3022 pata.-

2117 3043 2272 3106 δούς”
2332 3043 2420 3095 ἵνα
2465 3041 2596 3113 εἴπῃ
2648 3042 2730 3095 ὅτι
2764 3041 2840 3106 ὡς
2874 3041 3150 3112 ἠϐουλήθη
3198 3041 3329 3106 Θεὸς
3362 3041 3705 3113 συνεχώρησε

441 3153 568 3192 cum
593 3136 645 3192 ei
674 3133 916 3196 libuerit,
941 3129 1086 3200 quod
1117 3127 1390 3184 voluerint
1411 3128 1691 3198 perlicere.
1725 3124 1864 3190 Quid
1893 3139 2021 3196 ergo

2122 3133 2290 3188 ταῦτα
2311 3133 2583 3202 γενέσθαι,
2617 3133 2676 3197 ὃς
2708 3131 2804 3185 ἅτε
2826 3132 3042 3186 πάντων
3077 3132 3280 3203 Κύριος
3313 3135 3588 3204 συγχωρεῖ
3613 3133 3706 3186 καὶ

442 3233 554 3295 hic,
593 3227 748 3300 quid,
784 3227 1023 3291 inquam,
1059 3219 1356 3276 dieit‘hEn
1374 3234 1476 3288 ego
1507 3227 1650 3288 pono
1681 3216 2019 3272 Hierusalem

2124 3223 2428 3296 ἀνθρώποις
2457 3225 2606 3278 ὁπότ’
2637 3224 2702 3279 ἂν
2737 3223 2991 3278 ἐθέλοιτά
3020 3224 3278 3278 δοκοῦντα
3300 3225 3482 3288 αὐτοῖς
3511 3227 3704 3282 ποιεῖν.

445 3335 504 3378 ut
533 3321 802 3394 propylaea
829 3314 1220 3372 commovenda
1253 3313 1470 3368 cunctis
1500 3312 1553 3365 in
1588 3311 1822 3365 circuitu
1852 3325 2024 3380 popu-

447 3417 533 3476 iis,
569 3421 622 3467 et
649 3411 702 3465 in
731 3407 914 3464 Judma
942 3407 1048 3461 erit
1079 3403 1293 3460 obsidio
1321 3401 1582 3457 adversus
1614 3401 1973 3458 Hierusalem.
1999 3419 2017 3451 δ

450 3505 558 3575 Ego
582 3505 785 3572 itaque,
814 3497 1012 3567 inquit,
1049 3501 1270 3564 propter
1301 3492 1607 3546 incolarum
1645 3491 1905 3544 malitiam
1937 3490 2022 3544 in-

449 3594 687 3649 ﬁrmitati
717 3590 916 3645 tradidi
947 3586 1193 3658 plurimae
1215 3583 1580 3648 Hierusalem,
1609 3591 1671 3636 ut
1691 3583 1908 3638 cunctis
1932 3596 2026 3636 vo-

447 3685 685 3742 lentibus
714 3683 869 3737 liceat
911 3681 1082 3748 ipsam
1112 3677 1332 3749 aggredi
1372 3686 1424 3730 et
1453 3683 1616 3745 prout
1643 3674 1864 3730 libuerit
1893 3689 2026 3728 con-

444 3783 634 3831 cutere
655 3793 671 3844 ;
695 3773 838 3828 unde
859 3772 1022 3826 etiam
1053 3786 1080 3822 a
1114 3769 1504 3824 Macedonibus
1527 3767 1747 3836 regibus
1775 3775 2024 3822 coortum

445 3865 608 3936 350
633 3871 718 3920 est.
747 3862 970 3917 bellum.
1015 3879 1031 3910 ι
1055 3861 1118 3912 ΕΙ.
1145 3860 1250 3914 erit
1279 3859 1366 3912 die
1399 3857 1489 3911 illa
1531 3873 1729 3926 ponam
1766 3857 2028 3912 Hierusa-

447 3957 552 4010 lem
581 3951 813 4022 lapidem
835 3947 1215 4002 coneulcatum
1233 3947 1301 4000 ab
1323 3946 1581 4002 omnibus
1597 3947 1872 4016 gentibus.
1896 3945 2028 4014 Qui-

446 4059 664 4112 cunque
691 4038 1098 4094 conculcaverit
1123 4052 1266 4101 eam,
1299 4035 1534 4093 illudens
1573 4037 1784 4098 illudct,
1814 4046 1868 4092 ct
1897 4053 2029 4092 con-

448 4133 820 4204 gregabuntur
869 4129 1132 4182 adversus
1178 4141 1298 4180 eam
1352 4140 1544 4182 omnes
1583 4135 1772 4198 gentes
1801 4134 2021 4183 terrae.»

448 4221 588 4278 Hinc
601 4237 718 4279 eam
735 4219 991 4276 invadent
1006 4216 1354 4288 alienigenze;
1371 4218 1698 4288 cunctisque
1726 4219 2030 4274 invadenti-

449 4315 552 4370 lus
596 4313 828 4368 facultas
869 4312 974 4367 erit
1019 4308 1252 4364 faciendi
1301 4309 1353 4364 ei
1402 4310 1670 4380 quidquid
1717 4312 2026 4382 voluerint;

445 4423 572 4468 nam
605 4407 782 4471 multi,
817 4405 894 4460 rei
929 4403 1094 4475 hujus
1122 4417 1311 4467 causa,
1347 4414 1538 4458 contra
1571 4419 1693 4459 eam
1727 4406 2026 4477 congloba-

447 4501 671 4556 buntur.
718 4497 920 4554 Deinde
965 4494 1214 4552 recitatis
1264 4496 1693 4561 calamitatibus,
1745 4512 1868 4566 quae
1899 4489 2028 4552 'Deo

2125 3315 2188 3367 Τί
2220 3311 2311 3369 οὖν
2343 3310 2528 3379 οὗτος
2553 3315 2607 3368 τί
2641 3331 2837 3384 φησιν;
2879 3333 2895 3365 ι
2949 3314 3078 3369 Ἰδοὺ
3117 3313 3228 3382 ἐγὼ
3259 3313 3451 3384 τίθημι
3478 3313 3578 3385 τὴν
3615 3313 3710 3366 Ἱεο

2125 3403 2410 3475 ρουσαλὴμ
2465 3404 2538 3466 ὡς
2592 3403 2842 3475 πρόθυρα
2883 3404 3217 3474 σαλευόμενα
3247 3404 3380 3456 πᾶσι
3415 3405 3526 3464 τοῖς
3561 3401 3708 3464 λαοῖς

2124 3495 2330 3566 κύκλῳ,
2362 3495 2455 3548 καὶ
2481 3495 2538 3548 ὲν
2564 3498 2630 3566 τῇ
2668 3495 2897 3567 Ἰουδαίᾳ
2951 3497 3102 3549 ἔσται
3136 3495 3362 3566 περιοχὴ
3385 3494 3477 3548 ὲ,πὶ
3514 3495 3709 3564 Ἰερου-

2125 3589 2325 3658 σαλήμ.
2372 3606 2391 3639 ι
2435 3585 2578 3654 Ἐγὼ
2603 3586 2808 3646 τοίνυν,
2854 3589 3005 3658 φησι,
3035 3588 3122 3641 διὰ
3153 3588 3250 3656 τὴν
3279 3587 3385 3640 τῶν
3417 3586 3708 3640 οἰκούντων

2125 3681 2322 3734 κακίαν
2355 3678 2608 3747 ἀσθενείᾳ
2646 3677 3003 3748 παραδέδωκα
3043 3679 3272 3750 πλείστῃ
3302 3677 3400 3749 τὴν
3443 3679 3709 3748 Ἰερουσα-

2125 3769 2256 3842 λὴμ,
2292 3769 2431 3822 ὥστε
2473 3773 2640 3825 πᾶσιν
2671 3773 2869 3837 ἐξεῖναι
2895 3773 3008 3834 τοῖς
3041 3769 3384 3840 βουλομένοις
3407 3770 3622 3822 ἐπιέναι
3649 3785 3706 3822 τε

2125 3864 2263 3932 αὐτῇ
2294 3864 2387 3916 καὶ
2413 3863 2658 3918 σαλεύειν
2683 3864 2758 3928 ὡς
2781 3863 2847 3918 ἂν
2884 3862 3137 3927 ἐθέλοιεν,
3157 3860 3280 3914 ὃθεν
3304 3861 3368 3932 δὴ
3399 3862 3492 3915 καὶ
3511 3862 3542 3912 ὁ
3560 3861 3711 3934 παρά

2097 3955 2233 4032 ⁸τῶν
2266 3955 2603 4018 Μακεδονίας
2654 3954 2918 4026 βασιλέων
2945 3953 3125 4014 αὐτοῖς
3156 3953 3524 4022 ἐπεγήγερται
3550 3948 3710 4003 πόλεο

2129 4064 2249 4118 μος.
2284 4066 2302 4096 ε
2340 4047 2450 4100 Καὶ
2502 4045 2652 4102 ἔσται
2687 4048 2744 4100 ὲν
2789 4047 2857 4118 τῇ
2897 4045 3078 4116 ἡμέρᾳ
3121 4043 3308 4116 ἐκείνῃ
3344 4042 3581 4114 θήσομαι
3609 4041 3712 4114 τὴν

2137 4137 2487 4210 Ἰερουσαλὴμ
2517 4135 2662 4192 λίθον
2701 4136 3184 4207 καταπατούμενον
3202 4133 3335 4189 πᾶσι
3367 4137 3480 4198 τοῖς
3502 4133 3708 4188 ἔθνεσι·

2127 4233 2235 4294 πᾶς
2275 4233 2304 4284 ὁ
2358 4228 2694 4284 καταπατῶν
2721 4229 2887 4299 αὐτὴν
2923 4226 3205 4298 ὲμπαίξων
3240 4225 3587 4296 ὲμπαίξεται,
3616 4225 3709 4278 καὶ

2126 4318 2614 4392 ὲπισυναχθήσεται
2641 4317 2726 4370 ἐπ’
2759 4316 2927 4388 αὐτὴν
2953 4317 3128 4370 πάντα
3159 4315 3227 4370 τὰ
3257 4314 3385 4385 ἔθνη
3411 4314 3510 4384 τῆς
3533 4316 3654 4382 γῆς.
3684 4333 3703 4366 ι

2139 4411 2418 4464 Ἐντεῦθεν
2447 4407 2617 4480 αὐτὴν
2651 4407 3003 4478 ὲπιόήσονται
3045 4407 3144 4477 μὲν
3169 4405 3461 4478 ἀλλότριοι,
3493 4407 3626 4457 πᾶσι
3653 4403 3712 4458 δὲ

2125 4505 2238 4566 τοῖς
2285 4501 2655 4555 ἐπιϐαίνουσιν
2715 4500 2867 4552 ἄδεια
2896 4501 3184 4570 γενήσεται
3223 4497 3316 4552 τοῦ
3345 4496 3604 4569 πράττειν
3633 4497 3712 4560 είς

448 4592 794 4662 permittente
815 4595 1130 4650 evenerant,
1155 4586 1289 4642 dicit
1315 4587 1556 4641 futuram
1587 4588 1641 4642 in
1669 4589 1868 4647 melius
1894 4605 2018 4645 con.

2133 4593 2302 4668 αύτὴν
2335 4595 2476 4664 ἆπερ
2498 4591 2562 4646 ἂν
2592 4592 2846 4655 ἐθέλοιεν,
2881 4591 2975 4646 ἆτε
3005 4591 3098 4644 καὶ
3122 4589 3328 4644 πολλῶν
3354 4588 3710 4661 ἀθροισθησο-

450 4681 780 4742 versionem,
817 4693 980 4749 quam
1012 4676 1120 4732 Deo
1147 4678 1362 4731 volente
1393 4678 1773 4745 experientur.

2138 4685 2311 4755 μένων
2336 4685 2422 4737 ἐπ’
2449 4685 2641 4754 αὐτὴν,
2660 4684 2851 4737 τούτου
2881 4701 2943 4752 γε
2963 4684 3146 4737 ἕνεκεν
3167 4699 3178 4712 ·
3211 4677 3332 4736 εἶτα
3359 4681 3598 4754 εἰρηκὼς
3614 4685 3714 4744 τὰς
3769 4699 3790 4718 ο

450 4767 734 4840 συμφορὰς
763 4766 838 4828 ὡς
881 4765 1023 4820 κατά
1069 4763 1414 4834 συγχώρησιν
1452 4763 1546 4817 τοῦ
1587 4764 1720 4818 Θεοῦ
1760 4769 2082 4840 γενομένας.
2115 4773 2260 4841 λέγει
2305 4773 2490 4826 λοιπὸν
2523 4773 2616 4828 καὶ
2664 4773 2762 4846 τὴν
2802 4773 2894 4827 ἐπὶ
2921 4773 2982 4826 τὺ
3008 4775 3256 4844 κρεῖττον
3283 4772 3606 4844 μεταϐολὴν,
3644 4773 3712 4844 ἢν

450 4861 631 4927 ἕξουσι
648 4859 743 4914 τοῦ
774 4857 906 4910 Θεοῦ
935 4855 1304 4927 βουληθέντος.

532 4953 694 5010 Vsus.
715 4951 938 5018 4,5.-‹
967 4949 1060 5004 Die.
1081 4947 1344 5014 illa,dicit
1362 4947 1628 5006 Dominus
1653 4953 2029 5024 omnipotens,

449 5043 751 5118 percutiam
791 5053 1008 5096 omnem
1057 5053 1260 5108 equum
1299 5046 1545 5108 SlllpOl‘C,
1587 5049 1642 5096 ει
1677 5057 2028 5102 ascensorem

451 5139 572 5209 ejus
603 5135 858 5192 amentia.
908 5132 1086 5204 Super
1122 5132 1342 5186 domum
1378 5139 1560 5186 autem
1603 5131 1757 5190 Judaa
1787 5141 2030 5208 aperiam

451 5231 642 5286 oculos
664 5243 838 5293 meos,
868 5234 924 5283 et
953 5241 1146 5282 omnes
1173 5239 1344 5295 equos
1373 5225 1697 5295 populorum
1727 5233 2028 5298 percutiam

453 5323 719 5376 caecitate.
755 5319 819 5372 Et
849 5318 1034 5374 dicent
1061 5317 1265 5373 tribuni
1288 5313 1442 5371 Judae
1465 5331 1659 5372 omnes
1687 5319 1744 5374 in
1769 5323 2030 5380 cordibus

454 5415 603 5466 suis:
639 5408 982 5464 Inveniemus
1013 5407 1170 5463 nobis
1205 5405 1417 5462 incolas
1447 5404 1787 5465 Hierusalem
1821 5415 1874 5466 in
1919 5414 2029 5469 Do-

455 5501 606 5555 mino
656 5486 1028 5568 omnipotente
1083 5497 1192 5552 Deo
1240 5497 1509 5567 ipsorum.
1551 5517 1570 5552 ›
1643 5498 2028 5562 Verumtamen

455 5589 602 5644 haud
638 5603 811 5659 usque
840 5588 905 5642 ad
947 5587 1344 5642 extremitatem
1385 5587 1467 5644 eis
1497 5589 1766 5645 malorum
1807 5608 2028 5650 sensum

457 5678 664 5733 intendi
722 5678 920 5741 sinam,
956 5676 1049 5734 sed
1076 5676 1314 5732 subitum
1340 5679 1556 5734 cunctis
1587 5681 1838 5750 praebebo
1869 5687 2027 5740 auxi-

452 5768 624 5838 limn;
677 5783 868 5842 nempe
910 5785 1004 5842 per
1047 5769 1168 5826 illos
1197 5767 1288 5842 qui
1321 5782 1444 5826 meo
1477 5769 1758 5829 conﬁdunt
1789 5777 2020 5844 auxilio,

2203 4954 2353 5026 Στίχ.
2382 4955 2525 5019 δ’,ε’.
2553 4983 2625 4994 -
2655 4973 2673 5007 ι
2707 4957 2798 5009 Ἑν
2830 4957 2896 5026 τῇ
2915 4954 3102 5027 ἡμέρᾳ
3114 4954 3318 5027 ἐκείνῃ,
3335 4953 3482 5022 λέγει
3509 4952 3714 5028 Κύριος

2132 5045 2546 5121 παντοκράτωρ,
2581 5045 2804 5110 πατάξω
2839 5046 3015 5099 πάντα
3045 5045 3211 5099 ἵππον
3239 5047 3295 5098 ὲν
3319 5045 3594 5106 ἐκστάσει,
3621 5045 3715 5098 καὶ

2130 5139 2222 5192 τὸν
2255 5137 2534 5208 ἀναϐάτην
2583 5136 2747 5192 αὐτοῦ
2799 5138 2856 5190 ὲν
2913 5138 3366 5209 παραφρονήσει·
3403 5139 3496 5191 ἐπὶ
3539 5138 3597 5192 δὲ
3622 5139 3714 5192 τὸν

2130 5225 2279 5284 οἷκον
2311 5229 2482 5284 ’ἰούδα
2511 5229 2707 5296 ἀνοίξω
2733 5228 2858 5292 τοὺς
2879 5228 3195 5300 ὀφθαλμούς
3225 5246 3346 5299 μου,
3379 5231 3475 5286 καὶ
3506 5230 3715 5295 πάντας

2129 5323 2256 5384 τοὺς
2279 5321 2478 5384 ἵππους
2509 5319 2616 5374 τῶν
2639 5319 2782 5372 λαῶν
2813 5321 3040 5388 πατάξω
3083 5322 3142 5374 ἐν
3173 5321 3553 5393 ἀποτυφλώσει
3576 5337 3591 5353 ο
3621 5322 3715 5375 καὶ

2130 5412 2348 5484 ἐροῦσιν
2392 5413 2440 5466 οἱ
2485 5411 2754 5482 χιλίαρχοι
2793 5411 2964 5466 Ἰούδα
2991 5413 3192 5477 πάντες
3220 5415 3279 5466 ὲν
3307 5417 3424 5476 ταῖς
3464 5413 3714 5485 καρδίαις

2130 5502 2333 5569 αὐτῶν,
2364 5504 2440 5574 (p.
2465 5500 2924 5575 5ἐο)Εὑρήσομεν
2941 5505 3149 5567 ἑαυτοῖς
3174 5506 3302 5565 τοὺς
3329 5503 3716 5566 κατοικοῦντας

2143 5595 2500 5667 Ἰερουσαλὴμ
2534 5597 2590 5648 ὲν
2621 5595 2809 5666 Κυρίῳ
2855 5589 3256 5668 παντοκράτορι
3297 5595 3420 5666 Θεῷ
3460 5595 3662 5649 αὐτῶν.
3691 5614 3710 5647 ι

2144 5688 2301 5741 ’Λλλά
2353 5688 2462 5758 γὰρ
2521 5689 2618 5740 οῦκ
2665 5689 2745 5750 εἰς
2773 5687 2924 5752 τέλος
2953 5689 3136 5754 αὐτοῖς
3164 5689 3530 5743 ἐπιτείνεσθαι
3571 5689 3716 5741 eam

2129 5778 2238 5830 τῶν
2273 5777 2460 5830 κακῶν
2511 5777 2609 5852 τὴν
2672 5780 2888 5853 πεῖραν,
2947 5778 3152 5855 ἀθρόαν
3201 5779 3255 5833 δὲ
3291 5779 3492 5840 ἅπασιν
3531 5777 3713 5848 αὐτοῖς

3637 6055 3752 6166 ἐξ

3715 6112 3717 6114 .
3729 6091 3755 6118 ἐ’

3637 6167 3650 6182 ‘
3663 6167 3666 6169 λ

3701 6185 3714 6200 ν

3709 6201 3720 6214 δ
