4162 6478
496 387 600 446 581

1471 381 2034 440 COMMENTARHIS
2070 381 2137 436 lN
2180 381 2557 439 ZACHARUE
2592 384 2746 439 CAP.
2784 385 2900 441 XII.

3693 394 3806 454 δερ

495 501 723 573 παρέξω
778 500 877 573 τὴν
924 498 1197 571 βοήθειαν,
1244 499 1336 552 καὶ
1367 498 1458 553 διὰ
1505 499 1614 552 τῶν
1648 499 1784 571 πρὸς
1812 500 1915 570 τὴν
1956 499 2080 570 sum

2204 498 2453 570 intelligit
2486 507 2670 553 autem
2700 498 3062 563 Machabzcos,
3094 510 3354 558 cunctam
3400 505 3619 563 hostilis
3645 509 3803 581 equi-

491 592 748 665 ὁρώντων
808 593 1067 664 βοήθειαν
1128 590 1402 662 (βούλεται
1452 592 1510 646 δὲ
1550 591 1660 644 τῶν
1713 591 2095 646 Μακκαϐαίων

492 684 690 757 εἰπεῖν)
726 686 910 739 πᾶσαν
932 683 1031 755 τὴν
1071 682 1305 755 ἱππικὴν
1327 682 1438 738 τῶν
1465 684 1724 738 ἐναντίων
1759 683 2095 751 καταπλήξω

489 780 744 850 δύναμιν,
798 779 940 834 ὥστε
1003 779 1097 832 καὶ
1147 778 1277 841 τοὺς
1325 777 1726 850 ἐπιϐεϐηκότας
1771 777 1952 831 αὐτῶν
2013 779 2094 841 εἰς

489 874 728 945 παντελῆ
756 873 1189 945 παραφροσύνην
1218 871 1296 944 τῷ
1329 872 1548 944 μεγέθει
1578 872 1685 926 τῶν
1707 871 1894 927 κακῶν
1920 873 2095 943 ἐμπε-

490 969 627 1020 σεῖν.
657 965 769 1019 Καὶ
796 964 970 1019 ταῦτα
996 966 1094 1035 μὲν
1123 966 1253 1037 περὶ
1277 965 1404 1028 τοὺς
1434 965 1713 1028 ἐναντίους
1743 964 2054 1037 ἐργάσομαι
2072 980 2088 995 ·

484 1061 600 1122 τοῖς
627 1058 683 1111 δὲ
715 1058 780 1110 ἐκ
808 1058 908 1128 τῆς
949 1056 1121 1111 Ἰούδα
1175 1056 1371 1127 φυλῆς,
1400 1057 1458 1124 ἐξ
1487 1051 1668 1128 ἧσπερ
1726 1052 1868 1128 ἦσαν
1916 1058 2010 1109 καὶ
2040 1055 2092 1109 οἰ

484 1148 784 1220 ἡγούμενοι
820 1148 914 1202 τοῦ
949 1148 1190 1220 πολέμου
1226 1148 1601 1211 Μακκαϐαῖοι,
1634 1149 1733 1220 τήν
1772 1165 1831 1201 τε
1863 1147 2094 1219 ἐποψίαν

484 1242 580 1323 καὶ
606 1243 706 1313 τὴν
728 1241 1059 1312 κηδεμονίαν
1083 1240 1307 1314 παρέξω
1327 1242 1429 1312 τὴν
1453 1239 1613 1312 ἐμὴν,
1641 1240 1788 1295 ἂπαῦ
1819 1240 1928 1294 τῶν
1943 1243 2095 1295 ἐναν-

484 1333 616 1387 τίων
646 1333 707 1386 τὺ
736 1335 962 1388 ἱππικὸν
994 1334 1070 1399 ὡς
1087 1334 1152 1389 ἂν
1173 1334 1445 1405 τυφλώσει
1475 1337 1581 1389 τινὶ
1604 1334 1971 1406 περιϐάλλων,
1999 1336 2094 1389 καὶ

480 1424 657 1488 οὕτως
690 1426 975 1497 ἄπρακτον
1005 1427 1150 1480 κατὰ
1168 1427 1277 1481 τῶν
1301 1429 1425 1499 ἐμοὶ
1454 1429 1845 1500 προσηκόντων
1869 1426 2041 1481 ποιῶν
2068 1444 2082 1458 ο

482 1517 603 1571 ⁴τότε
620 1517 684 1588 δὴ
711 1517 899 1573 λοιπὸν
930 1521 979 1573 οἰ
1007 1519 1303 1592 ἡγούμενοι
1324 1521 1417 1574 τοῦ
1448 1520 1618 1575 ’ἰούδα
1642 1520 1971 1593 ἡσθήσονται
2001 1520 2083 1575 ὅτι

484 1626 591 1680 περ
620 1611 806 1675 αὐτοῖς
828 1610 981 1665 ἄδεια
1007 1611 1219 1666 δέδοται
1269 1612 1422 1684 παρὰ
1472 1613 1566 1668 τοῦ
1599 1612 1734 1666 Θεοῦ
1776 1611 1870 1665 τοῦ
1921 1611 2082 1666 πάλιν

2205 598 2353 645 tatus
2380 592 2682 661 potentiam
2713 592 3084 658 terrefaciam,
3105 596 3178 651 ita
3204 606 3263 651 ut
3286 599 3501 668 equites
3531 602 3804 659 omnimo-

2203 683 2276 739 do
2306 692 2534 754 stupore
2557 684 2628 738 ob
2654 685 2923 740 malorum
2945 689 3379 757 magnitudinem
3406 694 3802 762 percellantur.

2203 785 2369 846 atque
2414 777 2530 830 haec
2560 778 2781 845 quidem
2816 777 3056 834 inimicis
3081 779 3314 836 faciam:
3355 792 3407 835 at
3429 782 3582 839 Judae
3608 786 3802 855 tribui,

2201 886 2267 926 ex
2294 886 2403 941 qua
2435 869 2656 924 oriundi
2688 872 2958 940 erantqui
2992 871 3161 927 duces
3178 874 3304 929 belli
3334 875 3556 931 fuerunt
3584 879 3808 935 Macha-

2204 959 2327 1027 baai,
2355 961 2755 1030 providentiam
2788 976 3090 1032 curamque
3114 979 3288 1020 meam
3319 966 3654 1037 impendam,
3683 973 3806 1026 uni-

2196 1068 2418 1109 versum
2439 1054 2681 1107 hostium
2701 1055 3013 1125 equitatum
3035 1057 3195 1126 quasi
3215 1061 3461 1113 ea'eitate
3480 1063 3802 1118 obstruens.

2194 1157 2360 1217 atque
2392 1149 2467 1201 ita
2509 1146 2813 1202 invalidum
2851 1152 3119 1202 adversus
3151 1164 3306 1205 meos
3344 1151 3651 1208 familiares
3681 1153 3804 1208 effi-

2194 1238 2372 1292 ciens.
2404 1235 2448 1301 Τ
2457 1251 2563 1291 unc
2591 1253 2722 1291 vero
2751 1238 2922 1291 duces
2951 1235 3109 1292 Iuda:
3136 1239 3455 1310 gaudebunt
3480 1241 3666 1295 datam
3697 1242 3800 1296 sibi

2194 1347 2223 1384 a
2259 1328 2369 1386 Deo
2395 1328 2715 1385 facultatem
2758 1329 3022 1385 redeundi
3056 1331 3401 1388 Hierusalem
3439 1334 3800 1399 confidenter,

2194 1424 2383 1493 ibique
2411 1440 2537 1478 cum
2571 1427 2754 1494 priore
2794 1426 3165 1496 prosperitate
3213 1428 3525 1491 habitandi,
3568 1430 3804 1483 servatis

2190 1518 2452 1573 omnibus
2482 1533 2603 1589 quae
2638 1518 2751 1573 illic
2790 1521 3000 1574 servari
3032 1521 3191 1577 decet
3235 1523 3462 1587 oflieiis,
3497 1524 3567 1578 ab
3602 1525 3670 1580 iis
3705 1524 3801 1595 qui

2190 1611 2306 1667 Deo
2336 1613 2447 1667 sint
2476 1613 2761 1685 placituri.
2792 1612 2992 1669 Postea
3025 1617 3418 1687 prosequitur:

479 1700 727 1757 ἀνελθεῖν
780 1720 840 1757 τε
869 1705 952 1768 εἰς
973 1703 1071 1776 τὴν
1105 1703 1463 1776 Ἰερουσαλὴμ
1516 1704 1654 1775 μετὰ
1696 1703 2015 1777 παρρησίας
2050 1702 2146 1757 καὶ
2190 1704 2333 1774 μετὰ
2379 1705 2478 1775 τῆς
2519 1703 2755 1774 πρόσθεν
2791 1704 2964 1775 αὐτὴν
3022 1705 3193 1762 οἰκεῖν
3225 1706 3503 1776 εὐθηνίας,
3543 1708 3801 1763 ἁπάντων

478 1798 912 1871 ἐπιμελομένους
941 1792 1018 1853 ὧν
1065 1799 1346 1872 προσῆκόν
1386 1800 1537 1855 ἐστιν
1577 1798 1957 1871 ἐπιμελεῖσθαι
1999 1799 2127 1862 τοὺς
2168 1798 2453 1863 οἰκοῦντας
2493 1800 2705 1862 αὐτόθι,
2737 1800 2787 1853 εἰ
2824 1798 2889 1870 δὴ
2940 1800 3186 1870 μέλλοιεν
3230 1803 3487 1875 ἀρέσκειν
3520 1804 3661 1876 Θεῷ.
3688 1803 3801 1859 Καὶ

477 1893 718 1964 καθεξῆς
751 1895 950 1962 ἐπάγει
973 1910 987 1925 '

549 1988 700 2059 Στιχ.
736 1994 892 2059 ς’-η’.
924 2017 994 2030 --
1026 2007 1045 2040 ι
1067 1989 1157 2043 Ἐν
1180 1991 1247 2061 τῇ
1269 1991 1457 2062 ἡμέρᾳ
1476 1990 1664 2063 ἐκείνῃ
1692 1987 1932 2061 θήσομαι
1959 1988 2080 2052 τοὺς

2268 1984 2429 2060 351
2460 1981 2631 2039 Vens.
2678 1982 2802 2038 6-8.
2843 2011 2915 2025 -—
2960 1982 3101 2039 «Die
3146 1982 3238 2037 illa
3291 1997 3490 2051 ponam
3543 1984 3801 2042 tribunos

473 2081 793 2155 χιλιάρχους
820 2080 993 2137 Ἰούδα
1019 2081 1096 2147 ὡς
1116 2081 1276 2137 δαλὸν
1298 2084 1471 2156 πυρὸς
1493 2086 1550 2137 ἐν
1568 2082 1794 2156 καλάμῃ
1820 2101 1831 2112 ·
1864 2082 1959 2136 καὶ
1985 2098 2084 2136 κα-

472 2175 817 2246 ταφάγονται
844 2176 908 2229 ἐκ
935 2174 1130 2240 δεξιῶν
1171 2176 1266 2230 καὶ
1298 2175 1358 2242 ἐξ
1388 2175 1687 2247 εὐωνύμων
1715 2174 1926 2239 πάντας
1956 2175 2084 2238 τοὺς

472 2269 642 2333 λαοὺς
665 2267 930 2323 κύκλοθεν
952 2284 966 2297 °
993 2269 1088 2323 καὶ
1111 2269 1430 2340 κατοικήσει
1476 2266 1833 2341 Ἰερουσαλὴμ
1854 2266 1935 2320 ἔτι
1958 2265 2083 2320 καθ’

472 2359 680 2431 ἑαυτὴν
702 2360 762 2414 ἐν
804 2358 1203 2431 Ἰερουσαλήμο
1244 2358 1333 2430 (p.
1370 2359 1469 2414 521
1497 2366 1515 2431 )
1552 2359 1646 2413 καὶ
1678 2358 1844 2413 σώσει
1873 2357 2081 2430 Κύριος

469 2455 545 2510 τὰ
601 2453 942 2526 σκηνώματα
979 2451 1150 2506 Ἰούδα
1196 2451 1382 2516 καθὼς
1425 2452 1521 2506 ἀπ’
1551 2452 1727 2525 ἀρχῆς
1752 2469 1764 2483 ·
1801 2455 1950 2516 ὅπως
2006 2451 2081 2523 μὴ

476 2544 852 2620 μεγαλύνηται
885 2540 1151 2614 καύχημα
1183 2541 1333 2595 οἴκου
1358 2539 1546 2608 Δαυῒδ,
1578 2540 1673 2595 καὶ
1710 2539 1943 2612 ἔπαρσις
1972 2539 2081 2592 τῶν

472 2634 881 2690 κατοικούντων
923 2632 1285 2706 Ἰερουσαλὴμ
1325 2633 1419 2688 ἐπὶ
1464 2633 1558 2688 τὸν
1606 2632 1829 2687 Ἰούδαν.
1873 2651 1893 2685 ι
1946 2632 2080 2686 Τότε

471 2730 562 2800 δὴ,
577 2728 766 2800 φησιν,
786 2725 962 2790 οὕτως
984 2728 1241 2798 ἰσχυροὺς
1263 2726 1572 2798 ἐργάσομαι
1592 2726 1717 2790 τοὺς
1740 2725 2082 2796 ἡγουμένους

471 2822 577 2892 τῆς
625 2820 797 2875 Ἰούδα
828 2819 1003 2889 φυλῆς
1026 2818 1174 2873 κατὰ
1205 2818 1318 2872 τῶν
1350 2818 1629 2890 πολεμίων
1649 2858 1664 2881 ,
1694 2816 1836 2871 ὥστε
1868 2818 2080 2881 πάντας

473 2913 675 2975 αὐτοὺς
720 2914 843 2976 ταῖς
872 2911 1114 2982 πληγαῖς
1143 2910 1240 2965 καί
1267 2910 1346 2983 τῷ
1379 2911 1526 2982 φόνῳ
1553 2911 1710 2983 δίκην
1750 2909 1924 2983 πυρὸς
1955 2912 2079 2964 ἐπι-

474 3007 739 3078 νέμεσθαι
779 3006 963 3073 ξύλοις
1013 3003 1524 3076 ἐπιπεπτωκότοςῆ
1574 3003 1800 3076 καλάμῃ
1831 3019 1846 3033 ·
1904 3002 2080 3067 οὕτως

472 3102 645 3157 πολὺν
680 3100 935 3155 ἐντεῦθέν
961 3117 1020 3155 τε
1039 3099 1299 3156 κάκεῖθεν
1330 3100 1425 3154 καὶ
1449 3099 1789 3171 πανταχόθεν
1816 3100 2081 3173 ἐργάσονδ

470 3214 561 3250 ται
601 3195 762 3267 φόνον
788 3190 900 3249 τῶν
921 3190 1182 3249 ἐναντίων
1204 3208 1221 3222 ⁶
1255 3193 1677 3265 περιγενήσεται
1706 3193 1764 3248 δὲ
1791 3195 1856 3265 τῇ
1885 3192 2082 3264 Ἰερου-

473 3289 615 3358 σαλὴ
623 3307 662 3360 μ
685 3288 748 3342 τὸ
771 3289 831 3342 ἐν
856 3287 1052 3361 εἰρήνῃ
1083 3286 1294 3357 διάγειν
1317 3285 1524 3352 λοιπὸν,
1559 3286 1834 3357 μηδεμίαν
1855 3285 2080 3358 ὄχλησιν

2185 2076 2341 2133 Judze
2357 2080 2501 2132 sicut
2512 2084 2717 2131 torrem
2742 2076 2887 2147 ignis
2917 2077 2970 2130 in
2989 2076 3190 2148 stipula
3212 2092 3227 2142 ;
3257 2075 3600 2130 vorabuntur
3616 2093 3645 2130 a
3664 2075 3801 2133 dex-

2188 2172 2289 2227 tris
2308 2179 2365 2226 et
2388 2186 2417 2224 a
2450 2170 2699 2226 sinistris
2722 2183 2916 2225 omnes
2942 2171 3087 2224 circa
3113 2169 3366 2240 populos.
3423 2168 3489 2222 Et
3524 2169 3798 2225 habitabit

2187 2262 2530 2320 Hierusalem
2585 2263 2765 2318 adhuc
2794 2279 2891 2333 per
2924 2279 2981 2318 se
3008 2264 3061 2317 in
3086 2262 3521 2329 Hierusalem,et
3538 2265 3795 2320 servabit

2187 2356 2458 2413 Dominus
2494 2357 2851 2412 tabernacula
2878 2356 3037 2412 Jud:e
3068 2358 3213 2412 sicut
3240 2357 3309 2411 ab
3332 2357 3490 2411 initio
3521 2398 3535 2423 ,
3563 2374 3631 2413 ne
3673 2373 3797 2413 am-

2186 2449 2750 2520 plificeturjactantia
2788 2451 2990 2505 domus
3025 2449 3273 2513 Davidis,
3316 2458 3371 2504 et
3417 2450 3586 2505 elatio
3631 2451 3799 2507 habi-

2187 2552 2424 2600 tatorum
2456 2544 2799 2601 Hierusalem
2846 2558 3015 2614 super
3044 2542 3262 2599 Judam.
3290 2564 3309 2597 ι
3345 2543 3505 2599 Tune
3531 2561 3686 2609 sane,
3716 2547 3799 2600 in-

2185 2638 2326 2708 quit,
2370 2648 2481 2692 tam
2531 2638 2747 2693 validos
2782 2637 3013 2692 efficiam
3069 2638 3242 2693 duces
3286 2640 3467 2693 tribus
3500 2638 3659 2695 Judae
3691 2641 3796 2694 ad-

2184 2745 2381 2785 versus
2413 2730 2621 2793 hostes,
2646 2736 2708 2783 ut
2742 2730 2844 2783 hos
2873 2744 3066 2785 omnes
3092 2730 3417 2784 vulneribus
3439 2730 3799 2799 aedibusque

2185 2827 2551 2887 consumant;
2585 2817 2821 2874 flamma:
2855 2821 3034 2872 instar
3059 2834 3182 2889 qum
3217 2821 3271 2873 in
3311 2819 3457 2890 ligna
3487 2820 3569 2873 vel
3620 2822 3800 2888 stipu-

2187 2912 2297 2968 lam
2334 2912 2549 2967 incidit.
2583 2912 2734 2968 Adco
2771 2911 2999 2966 multam
3027 2912 3157 2966 hinc
3191 2919 3247 2968 et
3279 2913 3431 2967 illinc
3454 2923 3509 2968 et
3555 2914 3800 2968 ubicun-

2184 3020 2294 3077 que
2323 3012 2565 3075 stragem
2595 3002 3127 3061 edentinimicorum
3152 3006 3166 3060 ἰ
3202 3003 3360 3060 Tunc
3386 3007 3507 3060 urbi
3529 3004 3799 3063 Hierusa-

2184 3097 2292 3152 lem
2320 3096 2378 3152 in
2403 3110 2539 3167 pace
2563 3096 2764 3167 degere
2792 3094 3005 3160 licebit,
3046 3097 3255 3151 nullam
3295 3100 3361 3151 ah
3395 3097 3650 3153 hostibus
3678 3113 3799 3153 tuo-

2186 3190 2399 3245 iestiam
2434 3189 2709 3260 patienti;
2736 3203 2823 3242 me
2848 3189 3062 3245 scilicet
3087 3186 3243 3244 Iuda:
3275 3190 3483 3245 tribum
3518 3192 3681 3262 eique
3700 3190 3798 3245 ad-

2185 3280 2365 3337 dictos
2412 3282 2682 3345 salvante,
2742 3289 2797 3337 et
2848 3280 2903 3335 in
2954 3282 3198 3354 priorem
3249 3281 3572 3339 felicitatem
3615 3286 3798 3339 vindi~

468 3382 581 3438 ὑπὸ
611 3380 720 3435 τῶν
768 3380 1032 3435 ἐναντίων
1080 3378 1377 3452 δεχομένῃ,
1405 3378 1502 3433 ἆτε
1536 3377 1747 3442 πάντας
1781 3376 1918 3449 ἐμοῦ
1956 3378 2080 3442 τοὺς

2189 3383 2371 3430 cante.
2436 3374 2594 3430 Tunc
2645 3390 2779 3430 vero
2823 3375 2984 3431 bonis
3035 3376 3154 3431 suis
3212 3376 3525 3447 superbire,
3574 3376 3797 3435 Davidis

467 3470 572 3545 τῆς
606 3473 780 3529 Ἰούδα
829 3473 1039 3544 φυλῆς,
1078 3471 1208 3537 τούς
1236 3489 1296 3525 τε
1331 3473 1713 3544 προσήκοντας
1745 3472 1930 3535 αὐτοῖς
1974 3488 2076 3524 πε-

474 3563 800 3640 ρισῴζοντας
826 3567 929 3621 καὶ
954 3567 1047 3621 ἐπὶ
1075 3564 1175 3637 τὴν
1201 3564 1439 3636 πρόσθεν
1470 3562 1844 3634 ἐπανάγοντος
1865 3564 2077 3636 εὐπρα-

470 3658 630 3728 γίαν·
664 3657 790 3711 τότε
822 3656 880 3711 δὲ
909 3654 1006 3711 τοῦ
1045 3655 1147 3728 μὲν
1179 3653 1392 3728 μεγάλα
1425 3655 1646 3725 φρονεῖν
1683 3654 1777 3708 ἐπὶ
1801 3657 1915 3718 τοῖς
1948 3654 2077 3707 ἐαυ-

472 3750 583 3803 τῶν
613 3749 841 3819 ἀγαθοῖς
862 3791 878 3816 ,
906 3750 961 3803 οἵ
988 3766 1048 3803 τε
1078 3750 1144 3804 ἐκ
1185 3746 1281 3801 τοῦ
1320 3744 1486 3800 Δαυῒδ
1524 3745 1621 3800 καὶ
1657 3745 1859 3809 πάντες
1892 3745 1942 3799 οἰ
1977 3745 2078 3816 τὴν

482 3841 847 3914 Ἰερουσαλὴμ
898 3839 1179 3905 οἰκοῦντες
1216 3838 1461 3894 Ἰουδαῖοι
1505 3836 1847 3894 παύσονται·
1884 3836 2079 3908 αἰσθήο

473 3948 663 3987 σον-ται
700 3932 757 3986 δὲ
798 3932 858 3999 ἐξ
878 3931 1059 3986 αὐτῶν
1092 3931 1202 3985 τῶν
1227 3929 1570 4002 πραγμάτων
1599 3930 1682 3983 ὅτι
1718 3926 1987 4000 πρότερόν
2016 3944 2078 3981 τε

471 4028 532 4081 ἐν
567 4022 903 4097 εὐπραγίαις
931 4018 1075 4097 ἦσαν
1107 4020 1244 4095 ἐμοῦ
1292 4021 1620 4095 βουλομένου
1644 4064 1658 4086 ,
1690 4021 1848 4077 οὐθὲν
1880 4023 1945 4076 ἐκ
1975 4020 2079 4092 τῆς

471 4118 682 4183 οἰκείας
713 4119 930 4182 ἑαυτοῖς
983 4120 1291 4190 περιποιεῖν
1340 4117 1626 4189 δυνάμεως
1657 4111 1761 4170 οἷοί
1809 4132 1869 4169 τε
1898 4114 2074 4181 ὄντες,

471 4210 570 4267 καὶ
606 4210 706 4282 τῆς
734 4208 873 4282 ἐμῆς
902 4209 1305 4282 ἀποϐληθέντες
1346 4209 1673 4282 κηδεμονίας
1700 4209 1788 4264 διὰ
1816 4208 1914 4281 τὴν
1948 4209 2078 4263 ἐαυσι

471 4304 583 4359 τῶν
609 4303 913 4376 μοχθηρίαν
937 4303 1287 4377 ἠλέγχθησάν
1307 4303 1692 4360 ἀσθενέστατοί
1718 4319 1777 4356 τε
1808 4301 1961 4366 ὄντες
1983 4302 2078 4356 καὶ

472 4397 738 4468 οὐδεμίαν
766 4397 980 4460 ἑαυτοῖς
1027 4395 1281 4468 βοήθειαν
1310 4396 1574 4470 παρέχειν
1612 4394 1935 4466 δυνάμενον
1982 4395 2076 4447 καὶ

471 4490 627 4553 ὅπως
647 4487 808 4544 τοῦτο
832 4489 1123 4560 γενήσεται
1147 4488 1344 4558 λέγων,
1383 4489 1525 4544 «Καὶ
1550 4488 1703 4542 ἔσται
1724 4489 1782 4541 ἐν
1802 4489 1868 4558 τῇ
1892 4485 2077 4558 ἡμέρᾳ

472 4582 660 4654 ἐκείνῃ
718 4582 1053 4653 ὑπερασπιεῖ
1083 4579 1292 4652 Κύριος
1343 4580 1485 4652 ὑπὲρ
1529 4581 1639 4636 τῶν
1675 4577 2076 4634 κατοικούντων

483 4671 850 4745 Ἰερουσαλήμ
880 4688 894 4702 ·
956 4671 1052 4725 καὶ
1099 4669 1255 4725 ἔσται
1303 4671 1333 4723 ὁ
1379 4668 1626 4725 ἀσθενῶν
1671 4671 1729 4724 ἐν
1778 4670 1964 4732 αὐτοῖς
2017 4669 2076 4721 ἐν

473 4766 660 4839 ἐκείνῃ
687 4767 755 4838 τῇ
783 4765 972 4837 ήμέρᾳ
999 4763 1075 4828 ὡς
1103 4762 1269 4820 Δαυῖδ
1287 4777 1301 4793 ·
1337 4762 1367 4816 δ
1392 4760 1450 4815 δὲ
1473 4755 1622 4826 οἰκος
1643 4759 1806 4836 Δαυῖδ
1826 4761 1902 4825 ὡς
1926 4754 2075 4824 οἶκος

472 4858 609 4912 Θεοῦ
633 4899 648 4922 ,
696 4858 771 4923 ὡς
803 4856 1035 4928 ἄγγελος
1060 4854 1272 4928 Κυρίου
1320 4853 1552 4910 ἐνώπιον
1582 4853 1770 4908 αὐτοῦ.
1809 4873 1827 4906 ι
1873 4852 2075 4925 Αἱσθή-

473 4969 659 5007 σονται
685 4951 798 5023 γάρ
846 4952 969 5004 τότε
1002 4952 1068 5022 τῇ
1116 4950 1225 5022 ἐμῇ
1257 4947 1482 5021 βοηθείᾳ
1507 4946 1761 5002 τοσοῦτον
1796 4947 1938 5002 κατὰ
1966 4946 2077 5000 τῶν

470 5043 736 5099 ἐναντίων
772 5042 1066 5113 δυνάμενοι
1111 5041 1317 5104 πάντες
1340 5081 1355 5107 ,
1410 5039 1488 5112 (p.
1512 5038 1640 5111 522)
1676 5039 1753 5104 ὡς
1792 5038 1900 5111 πρὸ
1946 5038 2078 5114 βρα-

467 5136 613 5207 χέως
642 5134 914 5199 ἀσθενεῖς,
937 5135 996 5187 ἐν
1026 5132 1266 5205 τοσαύτῃ
1283 5130 1649 5203 γνωρίζεσθαι
1677 5131 1904 5203 δυνάμει
1930 5130 2074 5185 κατά

465 5227 581 5283 τῶν
634 5228 917 5300 πολεμίων
938 5267 954 5293 ,
994 5228 1055 5282 ἐν
1087 5227 1190 5301 ὅσῃ
1237 5244 1344 5298 περ
1392 5219 1573 5281 ὦπται
1605 5222 1771 5278 Δαυῒδ
1803 5225 1948 5280 κατὰ
1981 5224 2075 5279 τὸν

465 5325 673 5377 οἰκεῖον
700 5321 980 5394 καιρὺντῇ
1020 5323 1163 5394 ῥοπῇ
1199 5323 1266 5393 τῇ
1309 5320 1461 5393 θείᾳ*
1498 5318 1654 5373 ἔσται
1680 5334 1739 5372 τε
1772 5315 2012 5391 ζηλωτὸς
2046 5321 2075 5372 ό

466 5411 619 5479 οἶκος
650 5414 747 5470 τοῦ
769 5415 936 5469 Δαυῒδ
967 5414 1151 5478 πάλιν,
1178 5415 1274 5469 καί¹
1295 5409 1741 5485 θαυμαζόμενος,
1783 5412 1878 5481 ἀφ’
1914 5405 1989 5464 ῶν
2022 5413 2073 5464 οἰ

463 5509 684 5566 ἐκεῖθεν
721 5507 937 5580 καὶτῆς
964 5508 1175 5563 ἐκείνου
1210 5506 1382 5579 φυλῆς
1413 5503 1509 5560 τοῦ
1539 5504 1671 5559 λαοῦ
1706 5503 2071 5576 προεστῶτες,

466 5603 727 5659 τοσοῦτον
771 5601 1036 5675 ὤφθησαν
1085 5600 1368 5672 ἰσχύοντες
1400 5598 1542 5653 κατὰ
1593 5597 1704 5652 τῶν
1753 5597 2074 5671 ἀλλοτρίων,

468 5696 550 5761 ὡς
600 5694 851 5759 ἅπαντας
897 5692 1269 5764 καταφεύγειν
1303 5692 1389 5747 ἐπ’
1437 5691 1637 5753 αὐτοὺς
1688 5690 1763 5754 ὡς
1794 5691 1883 5743 ἐπ’
1927 5684 2077 5743 οἷκον

470 5787 633 5851 Θεοῦ,
665 5786 868 5858 πολλὴν
900 5790 1013 5853 τοῖς
1054 5784 1432 5854 καταφυγοῦσι
1465 5783 1777 5855 παρέχοντα
1822 5782 1921 5855 τὴν
1949 5781 2079 5852 βοή-

2184 3468 2395 3538 posteri
2457 3476 2511 3522 et
2569 3468 2766 3523 incolae
2814 3464 3162 3533 Hierusalem
3221 3468 3422 3537 Judaei,
3480 3470 3791 3527 desinent:

2181 3560 2425 3616 Sentient
2460 3560 2620 3631 enim
2640 3574 2706 3614 ex
2748 3562 2916 3617 rebus
2953 3561 3113 3632 ipsis,
3156 3578 3216 3617 se
3247 3570 3408 3617 antea
3453 3579 3538 3618 me
3573 3565 3795 3619 volente

2182 3651 2379 3708 felices
2413 3650 2610 3715 fuisse,
2659 3651 2799 3706 nihil
2833 3660 3020 3707 tamen
3066 3653 3281 3708 viribus
3332 3656 3570 3725 prepriis
3605 3671 3665 3711 se
3695 3672 3793 3712 ac-

2181 3745 2405 3817 quirere
2419 3744 2696 3815 potuisse:
2729 3755 2927 3800 etmox
2947 3760 2975 3798 a
3003 3759 3122 3798 mea
3170 3746 3341 3800 tutela
3372 3746 3624 3802 desertos
3663 3762 3795 3817 pro.

2182 3845 2309 3909 pter
2336 3852 2493 3893 suam
2520 3837 2847 3907 nequitiam,
2868 3836 3280 3894 infirmissimos
3309 3854 3434 3895 esse
3457 3850 3789 3911 compertos,

2182 3928 2511 4000 nullumque
2538 3929 2764 3985 sibimet
2806 3929 3120 3985 subsidium
3162 3929 3308 3986 ferre
3344 3933 3607 3987 valentes.
3644 3932 3794 4000 Quo-

2181 4021 2348 4077 modo
2374 4029 2560 4077 autem
2598 4021 2654 4076 id
2696 4022 2768 4078 sit
2820 4022 3071 4079 futurum
3133 4024 3345 4088 dicens,
3395 4045 3412 4076 c
3440 4026 3505 4078 Et
3545 4027 3672 4088 erit,
3706 4026 3792 4080 iu-

2182 4115 2321 4185 quit,
2358 4116 2448 4171 die
2479 4115 2571 4169 illa
2599 4124 2851 4187 proteget
2890 4116 3161 4174 Dominus
3201 4118 3547 4176 habitatores
3592 4118 3792 4175 Hiern-

2182 4206 2377 4262 salem.
2412 4205 2480 4260 Et
2508 4206 2614 4261 erit
2637 4206 2894 4263 infirmus
2930 4210 3074 4265 inter
3124 4211 3253 4266 illos
3280 4219 3546 4280 tanquam
3586 4208 3784 4275 David,

2180 4306 2235 4351 et
2259 4296 2458 4354 domus
2481 4296 2705 4353 Davidis
2738 4307 3001 4370 tanquam
3038 4300 3239 4358 domus
3286 4301 3404 4366 Dei,
3456 4309 3516 4357 ut
3551 4304 3788 4373 angelus

2182 4388 2403 4445 Domini
2434 4405 2623 4446 coram
2660 4391 2803 4462 ipso.
2836 4413 2853 4444 ι
2915 4394 3167 4449 Sentient
3214 4404 3348 4449 tunc
3400 4395 3472 4450 ob
3519 4397 3788 4451 auxilium

2180 4498 2364 4538 meum
2390 4491 2678 4555 tantopere
2704 4500 2899 4542 omnes
2930 4501 2990 4542 se
3022 4488 3207 4542 valere
3243 4488 3514 4543 adversus
3572 4487 3785 4550 hostes,

2182 4581 2242 4629 ut
2277 4574 2371 4645 qui
2405 4583 2565 4630 antea
2609 4575 2812 4631 infirmi
2862 4585 3044 4642 erant,
3074 4586 3291 4632 tantum
3340 4594 3489 4634 t‘mnc
3522 4590 3789 4636 exseraut

2180 4676 2373 4721 contra
2410 4668 2598 4724 hostes
2621 4669 2888 4740 vigorem,
2920 4681 3187 4742 quantum
3221 4672 3372 4727 visus
3392 4680 3475 4728 est
3500 4680 3661 4727 :etate
3686 4689 3788 4728 sua

2108 4740 2152 4795 D
2182 4759 2354 4816 David
2408 4760 2612 4818 habere
2660 4778 2689 4817 a
2736 4740 3260 4821 divino-instinctu.
3312 4765 3541 4837 Eritque
3585 4766 3788 4824 iterum

2183 4852 2444 4922 optabilis
2465 4853 2920 4926 admirabilisque
2943 4855 3142 4912 domus
3189 4856 3431 4925 Davidis,
3488 4859 3617 4929 quia
3660 4876 3789 4930 pus-

2181 4945 2283 5000 teri
2323 4944 2508 5015 hujus,
2550 4954 2604 5000 et
2648 4945 2743 5016 qui
2771 4946 2841 5003 de
2875 4944 3032 5003 Judae
3075 4947 3219 5003 tribu
3257 4950 3460 5021 populo
3487 4958 3786 5021 praeerant,

2183 5045 2473 5109 tantopere
2527 5039 2782 5096 hostibus
2828 5042 3145 5113 superiores
3180 5041 3428 5108 fuerunt,
3468 5055 3526 5097 ut
3577 5045 3784 5110 passim

2183 5130 2437 5187 homines
2470 5130 2537 5187 ad
2571 5148 2668 5189 eos
2695 5134 3047 5190 accurrerint
3079 5147 3344 5208 tanquam
3369 5136 3534 5210 352
3582 5137 3648 5191 ad
3686 5135 3786 5192 do.

2186 5239 2336 5279 mum
2381 5223 2497 5292 Dei,
2564 5227 2790 5282 multam
2845 5227 3295 5300 confugientibus
3332 5229 3398 5283 ad
3444 5246 3503 5286 se
3555 5229 3783 5284 tutelam

2184 5316 2518 5387 praebentem
2548 5334 2564 5385 ;
2605 5317 2688 5373 vel
2720 5327 2981 5389 tanquam
3013 5319 3083 5375 ad
3111 5319 3403 5390 quemdam
3434 5319 3691 5390 angelum
3714 5319 3783 5373 ad

2182 5409 2387 5465 caedem
2452 5409 2695 5467 hostium
2751 5414 3006 5478 missum,
3070 5411 3536 5483 quemadmodum
3570 5412 3785 5467 scilicet

2181 5504 2428 5577 Assyriis
2467 5503 2813 5561 Hierusalem
2851 5505 3262 5566 obsidentibus,
3316 5504 3382 5559 ad
3430 5503 3526 5561 Dei
3553 5504 3781 5561 domum

2181 5610 2373 5652 omnes
2391 5595 2780 5676 confugerunt,
2797 5597 3089 5670 atqucillic
3110 5598 3343 5670 contigit
3364 5598 3619 5670 angelum
3646 5600 3783 5656 misv

2183 5706 2303 5746 sum
2327 5698 2535 5745 tantam
2568 5692 2811 5748 hostium
2834 5692 3243 5749 multitudinem
3274 5695 3612 5752 interimere.
3634 5691 3784 5761 Quo—

2185 5782 2349 5839 modo
2384 5794 2564 5839 autcm
2604 5785 2657 5840 id
2695 5784 2926 5849 accidet,
2964 5800 3087 5839 mox
3121 5787 3258 5841 dicit
3288 5806 3300 5841 :

469 5887 648 5956 θειαν,
680 5884 928 5958 ἢῶσπερ
964 5882 1058 5939 ἐπί
1078 5901 1198 5939 τινα
1235 5883 1465 5953 ἄγγελον
1483 5883 1584 5938 ἐπὶ
1621 5881 1805 5957 πληγῇ
1826 5880 2148 5954 πεμφθέντα
2188 5881 2298 5937 τῶν
2329 5883 2620 5939 ἐναντίων·
2653 5882 2823 5955 ὅνπερ
2850 5880 2914 5955 δὴ
2954 5881 3154 5954 τρόπον
3184 5881 3285 5953 ήδη
3327 5881 3437 5938 τῶν
3484 5877 3781 5949 Ἀσσυρίων
