4162 6476
441 369 550 426 585

1605 363 1962 421 THEODORI
2001 360 2491 420 MOPSUESTENI

3593 359 3704 416 σει

441 479 846 552 ἐπεληλυθότων
883 483 948 552 τῇ
987 479 1358 552 Ἰερουσαλὴμ,
1392 482 1482 534 ἐπὶ
1531 479 1622 534 τὸν
1677 476 1823 534 οἶκόν
1870 499 1930 534 τε
1963 480 2266 549 κατέφυγον
2303 479 2539 542 ἅπαντες
2575 475 2666 530 τοῦ
2699 477 2832 530 Θεοῦ
2854 517 2869 540 ,
2933 477 3182 532 κάκεῖθεν
3234 480 3416 542 αὐτοῖς
3481 479 3701 548 περιγέ-

441 589 566 640 γονε
621 573 682 626 τὸ
726 574 814 627 τὸν
857 574 1085 642 ἄγγελον
1140 574 1502 644 ἑπεληλυθότα
1553 574 1774 628 τοσοῦτο
1812 574 2014 646 πλῆθος
2058 575 2267 628 ἀνελεῖν
2307 575 2415 629 τῶν
2462 573 2752 643 πολεμίων.
2813 573 2922 627 Καὶ
2969 572 3089 624 τίνα
3116 572 3314 642 τρόπον
3348 571 3499 624 ἔσται
3543 571 3707 626 τοῦτο

439 662 614 729 λέγων
648 679 660 691 ’

509 750 676 808 Vsus.
717 752 769 816 9,
808 754 892 809 10.
921 783 990 795 -
1017 772 1036 806 ‹
1059 755 1122 808 Et
1153 756 1254 810 erit
1289 755 1377 810 die
1409 756 1498 809 illa
1531 770 1770 826 quaeram
1811 755 2025 810 auferre
2055 762 2100 815 A

436 859 632 898 omnes
673 852 863 914 gentes
897 861 1018 916 quae
1049 848 1277 901 veniunt
1309 858 1500 902 contra
1537 848 1900 903 Hierusalem.
1955 847 2022 901 Et

437 933 710 990 effundam
742 954 909 1008 supcr
941 938 1162 994 domum
1208 940 1399 1004 David,
1446 951 1499 995 et
1542 957 1708 1011 super
1750 941 2022 996 habitato-

438 1040 527 1080 res
571 1025 908 1081 Hierusalem
946 1031 1201 1098 spiritum
1244 1032 1433 1100 gratiae
1467 1040 1520 1085 et
1556 1032 1966 1087 misericordiae.
1995 1051 2014 1084 ι

439 1113 597 1168 Tunc
639 1115 858 1183 quidem
894 1132 1084 1172 omnes
1114 1116 1456 1174 Hierusalem
1510 1135 1862 1192 aggressores
1898 1136 2024 1191 per-

443 1206 595 1260 dam.
646 1206 824 1277 Super
857 1207 1080 1263 domum
1115 1220 1296 1266 autem
1341 1209 1584 1278 Davidis,
1635 1212 1690 1265 id
1729 1221 1814 1267 est
1858 1229 2024 1283 super

438 1297 702 1351 oriundos
735 1299 861 1354 inde
884 1299 1052 1355 duces
1078 1303 1284 1371 p0puli,
1316 1318 1618 1374 omnesque
1649 1305 1718 1359 ad
1755 1304 2018 1360 Hierusa-

440 1386 544 1440 lem
576 1388 844 1444 ditionem
896 1393 1254 1461 pertinentes,
1310 1396 1541 1450 multam
1579 1411 1756 1451 meam
1791 1397 2021 1466 gratiam

439 1495 505 1534 ac
538 1481 924 1553 benignitatem
973 1485 1272 1550 effundam,
1318 1503 1480 1543 omne
1525 1504 1697 1558 genus
1743 1490 1877 1558 ipsis
1913 1490 2022 1542 lar-

439 1573 594 1642 giens
641 1578 956 1644 patrocinii.
1004 1577 1080 1632 Ex
1111 1595 1220 1648 quo
1273 1580 1402 1649 quid
1436 1581 1676 1635 accidet?
1727 1600 1746 1633 ι
1774 1580 1838 1634 Ει
1877 1581 2024 1650 aspi-

440 1666 588 1721 cient
617 1671 682 1721 ad
715 1685 798 1723 me
821 1685 982 1739 quem
1027 1671 1443 1727 transfixerunt.
1469 1673 1534 1726 Et
1563 1675 1818 1744 plangent
1860 1689 2024 1742 super

437 1773 564 1811 eum
605 1759 826 1828 planetu
872 1777 1071 1831 magno
1105 1770 1368 1832 tanquam
1423 1781 1588 1834 super
1639 1767 1924 1827 dilectum,
1969 1775 2025 1821 et.

438 1847 699 1903 dolebuut
722 1850 908 1906 dolore
935 1859 1192 1922 tanquam
1222 1868 1388 1923 super
1411 1856 1798 1926 primogenito.
1825 1876 1843 1907 ι
1869 1857 2025 1912 Tunc

437 1939 532 2008 qui
581 1953 740 1995 antea
785 1951 892 1997 tam
939 1943 1218 1999 contraria
1261 1946 1529 2000 voluntati
1578 1963 1711 2002 mea;
1750 1947 2026 2001 factitave-

437 2041 584 2097 rant,
629 2041 889 2104 tautaque
937 2036 1169 2092 audacia
1206 2039 1472 2094 adversus
1522 2055 1609 2094 me
1651 2039 1738 2095 usi
1786 2039 2020 2104 fuerant,

436 2124 955 2182 inconsiderantiam
1013 2144 1170 2184 suam
1219 2137 1274 2185 et
1303 2131 1652 2202 iniquitatem
1683 2141 2020 2202 agnoscent;

435 2215 576 2270 adeo
617 2222 677 2269 ut
719 2217 1051 2286 pmnitentcs
1099 2219 1360 2288 grandem
1401 2221 1607 2276 luctum
1665 2223 1778 2277 sint
1822 2225 2021 2285 acturi,

435 2306 582 2374 quali
614 2307 823 2362 scilicet
878 2309 926 2364 is
962 2316 1207 2364 uteretur
1255 2310 1346 2380 qui
1401 2312 1822 2383 primogenitum
1861 2329 2023 2370 suum

436 2398 662 2467 lugeret.
716 2399 922 2453 Deinde
957 2399 1032 2452 ait
1061 2401 1260 2456 multos
1301 2399 1644 2457 Hierusalem
1688 2403 2024 2472 pmnitentes

434 2489 586 2544 cives
628 2490 880 2558 planctus
911 2490 1032 2558 ejus
1069 2489 1185 2545 fore
1232 2493 1552 2564 participes,
1615 2496 1708 2563 qui
1747 2497 2025 2550 contraria

436 2579 666 2634 honesto
698 2581 852 2650 prius
874 2580 1154 2649 fecerant;
1178 2582 1271 2638 sed
1299 2599 1446 2638 nunc
1465 2587 1641 2654 gentis
1668 2588 1733 2639 ad
1759 2587 2022 2640 virtutem

433 2671 854 2725 conversionem
894 2681 1206 2734 cernentes,
1259 2672 1587 2742 resipiscere
1621 2681 1680 2726 ut
1709 2690 1808 2743 par
1844 2683 1964 2730 erat
1993 2690 2026 2729 a

434 2760 552 2814 suis
583 2761 969 2830 iniquitatibus
1001 2763 1202 2816 volent.
1222 2760 1410 2832 Pergit
1429 2777 1554 2816 mox
1580 2777 1907 2819 enumerare
1927 2765 2026 2819 tri-

433 2853 559 2915 bus,
587 2853 886 2909 ostendens
907 2868 1351 2925 unamquamque
1384 2854 1600 2908 illarum
1627 2854 1680 2908 in
1700 2855 1849 2909 luctu
1885 2856 2022 2924 fore;

433 2946 751 3000 summatim
799 2961 932 3001 vero
952 2963 1144 3002 omnes
1183 2948 1275 3016 qui
1331 2947 1521 3016 pejora
1558 2947 1731 3002 secuti
1782 2946 2024 3014 fuerant,

432 3053 582 3092 nunc
621 3038 1000 3108 paenitentiam
1042 3036 1444 3093 acturos.Nam
1478 3047 1683 3107 quanta
1726 3040 1903 3095 fuerat
1923 3055 2024 3095 an-

433 3137 520 3182 tea
555 3129 734 3196 gentis
767 3129 833 3183 ad
865 3129 1141 3183 deteriora
1170 3129 1489 3194 declinatio,
1515 3138 1669 3185 tanta
1703 3139 1891 3201 postea
1923 3133 2026 3189 sub

433 3219 871 3274 Machabaeorum
926 3221 1131 3276 ducatu
1174 3222 1229 3276 iu
1284 3223 1482 3278 melius
1523 3225 1814 3280 conversio
1863 3225 2024 3296 353

442 3311 676 3371 exstitit,
709 3326 774 3365 ex
827 3326 938 3381 quo
985 3312 1230 3366 divinum
1289 3310 1469 3382 adepti
1522 3321 1682 3368 erant
1737 3314 2021 3370 auxilium.

2201 755 2346 824 Στίχ.
2381 753 2445 819 θ’,
2474 759 2525 806 ι’.
2553 784 2618 794 ——
2654 771 2670 804 ι
2694 753 2802 806 Καὶ
2827 752 2980 804 ἔσται
3004 751 3063 803 ἐν
3085 753 3151 821 τῇ
3181 751 3364 821 ἡμέρα
3396 750 3580 822 ἐκείνῃ
3607 753 3702 822 ζη-

2121 847 2270 916 τήσω
2291 845 2479 915 ἐξᾶραι
2512 845 2686 898 πάντα
2723 844 2792 897 τὰ
2824 843 2950 914 ἔθνη
2971 842 3042 896 τὰ
3079 843 3346 912 ἐρχόμενα
3373 843 3465 896 ἐπὶ
3507 843 3706 914 Ἰερου-

2125 936 2325 1005 σαλὴμ,
2352 936 2443 988 καὶ
2474 935 2648 1004 ἑκχεῶ
2679 935 2770 988 ἐπὶ
2802 934 2892 988 τὸν
2919 929 3068 986 οἶκον
3110 932 3273 1010 Δαυῒδ
3311 933 3407 986 καὶ
3445 933 3539 986 ἐπὶ
3576 934 3704 996 τοὺς

2119 1027 2404 1090 οἰκοῦντας
2443 1026 2797 1097 Ἰερουσαλὴμ
2830 1023 3047 1094 πνεῦμα
3091 1024 3314 1094 χάριτος
3361 1024 3456 1077 καὶ
3501 1025 3706 1094 οἰκτιρ-

2128 1120 2250 1190 μοῦ.
2275 1140 2293 1172 ι
2327 1118 2461 1172 Τότε
2490 1117 2600 1188 γάρ
2630 1118 2695 1188 δὴ
2732 1117 2857 1180 τοὺς
2893 1118 2992 1186 μέν
3035 1115 3179 1170 κατά
3211 1117 3312 1187 τῆς
3347 1116 3706 1187 Ἰερουσαλὴμ

2124 1210 2611 1282 ἐπικεχειρηκότας
2657 1208 2866 1271 πάντας
2894 1209 3142 1276 ἀφανιῶ·
3178 1209 3270 1261 ἑπὶ
3326 1207 3384 1261 δὲ
3436 1208 3526 1262 τὸν
3557 1204 3708 1261 οἷκον

2125 1302 2288 1356 Δαυῖδ
2310 1343 2325 1364 ,
2372 1303 2458 1355 ἵνα
2491 1301 2623 1375 εἴπῃ
2647 1301 2773 1363 τοὺς
2811 1300 3020 1354 ἐκεῖθεν
3065 1301 3397 1372 ἡγουμένους
3426 1300 3521 1354 τοῦ
3551 1300 3681 1356 λαοῦ

2127 1392 2370 1457 ἅπαντάς
2399 1410 2458 1445 τε
2487 1392 2614 1456 τοὺς
2645 1394 2710 1462 τῇ
2751 1391 3106 1462 Ἰερουσαλὴμ
3139 1395 3516 1463 προσήκοντας
3541 1431 3555 1454 ,
3583 1391 3711 1446 πολ-

2125 1485 2223 1556 λὴν
2255 1485 2356 1555 τήν
2393 1501 2451 1536 τε
2484 1483 2644 1553 χάριν
2673 1483 2766 1536 καὶ
2796 1481 2894 1552 τὴν
2929 1482 3336 1552 φιλανθρωπίαν
3371 1482 3708 1552 ἐπιδείξομαι

2125 1576 2222 1646 τὴν
2251 1577 2409 1646 ἐμὴν,
2441 1577 2547 1628 πᾶν
2569 1570 2707 1637 εἶδος
2732 1574 2911 1636 αὐτοῖς
2942 1573 3196 1644 παρέχων
3223 1574 3579 1644 κηδεμονίαςο
3609 1575 3703 1642 ἀφ’

2125 1665 2186 1722 οὗ
2206 1667 2270 1738 δὴ
2313 1667 2364 1720 τί
2395 1669 2712 1739 γενήσεται;
2751 1685 2767 1716 ι
2791 1666 2910 1718 Καὶ.
2931 1666 3314 1734 ἐπιϐλέψονται
3349 1667 3484 1736 πρός
3518 1673 3589 1736 με
3623 1668 3703 1729 είς

2125 1760 2184 1812 ὃν
2216 1759 2572 1829 ἐξεκέντησαν
2595 1799 2611 1824 ,
2639 1758 2732 1810 καὶ
2761 1757 3015 1826 κόψονται
3062 1757 3148 1808 ἐπ’
3181 1757 3330 1827 αύτῷ
3366 1757 3592 1810 κοπετὸν
3629 1757 3704 1820 ὡς

2127 1852 2219 1903 ἑπὶ
2243 1849 2530 1920 ἀγαπητῷ,
2558 1849 2652 1902 καὶ
2679 1848 3098 1918 όδυνηθήσονται
3133 1848 3221 1901 ἐπ’
3239 1847 3385 1918 αύτῷ
3408 1847 3600 1919 ὀδύνην
3629 1847 3706 1911 ὡς

2127 1943 2219 1995 ἐπὶ
2252 1939 2601 2012 πρωτοτόκῳ.
2633 1959 2650 1992 ι
2687 1940 2820 1993 Τότε
2849 1940 2905 1993 δὲ
2942 1941 2990 1992 oi
3038 1940 3295 1993 τάναντία
3325 1940 3432 1994 τῶν
3473 1942 3595 2011 ἐμοὶ
3621 1940 3706 1993 δοο

2128 2032 2365 2086 κούντων
2397 2031 2641 2102 ἑλόμενοι
2697 2031 2990 2102 πρότερον,
3037 2030 3114 2102 (p.
3148 2031 3272 2100 525)
3324 2031 3418 2084 καὶ
3465 2030 3704 2103 τοσαύτῃ

2126 2125 2295 2196 τόλμῃ
2325 2124 2662 2197 χρησάμενοι
2701 2125 2819 2177 κατ’
2851 2123 2986 2194 ἐμοῦ
3009 2165 3024 2188 ,
3065 2123 3167 2194 τῆς
3203 2123 3457 2186 ἀϐουλίας
3485 2125 3580 2176 καὶ
3606 2125 3704 2195 τῆς

2126 2215 2469 2287 παρανομίας
2499 2214 2846 2285 αἰσθήσονται
2873 2215 2971 2284 τῆς
3019 2213 3182 2278 ίδίαςο
3221 2214 3362 2267 ὥστε
3411 2215 3505 2267 κα)⁸
3538 2232 3702 2285 μετα-

2131 2309 2454 2380 μελομένους
2478 2309 2675 2370 αὐτοὺς
2705 2307 2921 2376 μεγάλῳ
2949 2306 3186 2379 χρῆσθαι
3208 2307 3440 2378 κοπετῷ,
3461 2308 3554 2361 καὶ
3577 2308 3703 2378 οἴῳ-

2129 2420 2233 2473 περ
2266 2403 2329 2456 ἄν
2357 2418 2439 2463 τις
2469 2401 2731 2471 χρήσαιτο
2758 2398 3090 2470 ὀδυνώμενος
3123 2400 3215 2453 ἐπὶ
3240 2400 3462 2470 τελευτῇ
3491 2417 3705 2471 πρωτο-

2127 2493 2306 2546 τόκου.
2338 2487 2473 2546 Εἶτα
2500 2491 2645 2560 λέγει
2680 2491 2776 2561 μὲν
2825 2491 2906 2543 ὅτι
2939 2490 3123 2544 πολλοὶ
3154 2491 3260 2544 τῶν
3293 2493 3391 2562 τῆς
3433 2492 3703 2563 Ἰερουσαο

2126 2584 2239 2655 λὴμ
2269 2583 2696 2654 μεταμελόμενοι
2739 2580 2834 2634 τοῦ
2875 2581 3107 2635 κοπετοῦ
3163 2581 3447 2652 μεθέξουσι
3491 2584 3700 2645 τούτου,

2126 2678 2175 2731 οἳ
2205 2675 2462 2730 τάναντία
2510 2675 2618 2728 τῶν
2650 2675 2876 2728 δεόντων
2910 2674 3220 2746 αἱρούμενοι
3262 2677 3525 2748 πρότερον
3551 2717 3565 2738 ,
3607 2677 3716 2745 τὴνο

2127 2767 2218 2818 ἐπὶ¹
2250 2766 2311 2818 τὸ
2365 2768 2611 2836 κρεῖττον
2666 2763 2966 2834 μεταϐολὴν
2999 2763 3092 2816 τοῦ
3143 2763 3328 2827 ἔθνους
3358 2764 3702 2836 θεασάμενοι,

2131 2855 2530 2926 μεταμέλεσθαι
2559 2857 2637 2917 ὼς
2670 2854 2816 2916 εἰκὸς
2853 2854 2944 2907 ἐπὶ
2973 2855 3092 2917 ταῖς
3123 2854 3490 2924 παρανομίαις
3533 2853 3702 2925 ἤμελ-

2126 2947 2216 3000 λον
2250 2950 2370 3010 ταῖς
2401 2946 2577 3009 ίδίαις.
2608 2946 2769 3012 Λέγει
2800 2945 2855 2998 δέ
2884 2945 2977 2998 καὶ
3021 2945 3256 3016 καθεξῆς
3288 2946 3706 3018 ἀπαριθμούμε-

2127 3057 2216 3102 νος
2247 3039 2346 3100 τὰς
2381 3038 2552 3106 φυλὰς
2578 3077 2592 3101 ,
2635 3035 2808 3106 δηλῶν
2847 3037 2929 3088 ὃτι
2959 3035 3162 3106 ἑκάστη
3196 3035 3318 3090 καθ’
3347 3037 3545 3108 ἑαυτὴν
3569 3039 3705 3107 χρή.

2129 3127 2378 3199 σεταιτῷ
2416 3127 2619 3192 πένθει,
2651 3128 2736 3179 ἵνα
2773 3127 3049 3196 συντόμως
3072 3127 3200 3200 εἴπῃ
3231 3129 3313 3181 ὅτι
3345 3128 3553 3192 πάντας
3578 3130 3704 3192 τοὺς

2125 3223 2191 3275 τά
2218 3221 2437 3292 χείρονα
2485 3221 2768 3290 ἑλομένους
2823 3219 3154 3290 μεταμέλεια
3202 3221 3468 3290 λήψεται·
3520 3222 3704 3292 ἐπειδὴ

2125 3313 2233 3383 γὰρ
2259 3311 2425 3381 πολλὴ
2457 3311 2555 3382 μέν
2585 3328 2669 3374 τις
2692 3311 2954 3382 πρότερον
2987 3314 3020 3382 ἡ
3051 3313 3142 3364 ἐπὶ
3175 3312 3234 3365 τὸ
3259 3316 3437 3384 χεῖρον
3464 3314 3704 3382 ἐγεγόνει

433 3399 796 3465 Quamobrem
832 3412 885 3456 et
910 3402 1094 3458 hostes
1118 3417 1248 3458 suos
1283 3404 1690 3468 exstinxerunt,
1726 3413 1782 3460 et
1809 3405 1862 3459 in
1888 3407 2019 3461 urbe

2130 3403 2269 3476 ῥοπὴ
2303 3402 2395 3456 τοῦ
2426 3401 2612 3466 ἔθνους
2632 3442 2646 3465 ,
2676 3401 2846 3472 πολλὴ
2883 3401 3108 3474 ὓστερον
3139 3405 3171 3473 ή
3197 3404 3260 3455 ἐκ
3292 3403 3388 3474 τῆς
3408 3402 3514 3457 τῶν
3548 3405 3704 3459 Μακ-

445 3505 511 3546 ac
603 3490 695 3546 Dei
771 3495 972 3562 templo
1043 3495 1284 3564 legitima
1347 3510 1412 3550 ac
1483 3495 1828 3552 sacerdotale
1903 3497 2028 3551 offi-

432 3583 578 3636 cium
609 3587 837 3638 decente
871 3601 1001 3639 cura
1035 3588 1259 3641 tractari
1295 3595 1619 3658 cmperunt;
1657 3603 1722 3642 ac
1757 3597 1873 3642 tum
1913 3588 2014 3643 de-

430 3691 580 3730 mum
615 3673 787 3730 Judaei
820 3681 1135 3734 necessario
1167 3681 1525 3750 resipuerunt
1568 3682 1639 3736 ab
1673 3697 1736 3736 ea
1773 3683 1828 3736 in
1859 3698 2024 3751 quam

431 3773 591 3818 antea
620 3767 964 3821 incurrerant
1002 3769 1280 3838 impietate
1311 3785 1374 3824 ac
1406 3771 1585 3841 legum
1632 3771 2018 3826 inohedieutia.

429 3853 551 3910 Jam
589 3859 680 3924 qui
738 3859 1018 3926 planctum
1065 3860 1279 3915 dixerat
1323 3869 1378 3916 et
1432 3861 1832 3932 paenitentiam,
1879 3861 2018 3916 idem

431 3948 848 4002 conversionem
900 3964 1119 4018 quoque
1163 3965 1350 4003 rerum
1399 3950 1455 4004 in
1485 3952 1684 4006 melius
1730 3967 1840 4006 non
1891 3953 2020 4007 reti-

431 4037 564 4100 cuit,
613 4053 736 4107 qute
778 4037 1036 4093 nimirum
1090 4049 1297 4094 tantam
1346 4039 1496 4095 illam
1545 4042 1926 4113 paenitentiam
1960 4043 2018 4096 in

430 4134 644 4184 cunctis
675 4139 1068 4186 commoverat.

2125 3496 2367 3550 καϐαίων
2391 3495 2724 3565 προστασίας
2762 3494 2854 3547 ἐπί
2885 3493 2946 3548 τὸ
2968 3497 3214 3566 κρεῖττον
3245 3493 3511 3565 μεταϐολὴ
3544 3512 3704 3548 τετυ-

2123 3589 2369 3658 χηκότων
2399 3587 2499 3656 τῆς
2535 3586 2685 3650 θείας
2709 3586 2882 3656 ῥοπῆς
2913 3603 2924 3615 '
2958 3585 3033 3650 ὡς
3062 3571 3411 3657 ἀναιρεθῆναι
3449 3587 3548 3658 μὲν
3581 3589 3705 3650 τοὺς

2123 3681 2398 3742 ἐναντίους
2421 3680 2516 3730 ὑπ’
2549 3678 2751 3742 αὐτῶν,
2782 3678 3231 3748 ἀποκαταστῆναι
3251 3679 3305 3730 δὲ
3331 3682 3396 3750 τῇ
3429 3679 3581 3732 πόλει
3611 3678 3705 3732 καὶ

2122 3771 2200 3841 τῷ
2225 3771 2317 3824 τοῦ
2349 3771 2483 3824 Θεοῦ
2515 3771 2626 3842 ναῷ
2653 3770 2752 3842 τὴν
2786 3771 3108 3841 εὐκοσμίαν,
3134 3772 3260 3832 τοὺς
3293 3769 3489 3840 νόμους
3513 3787 3572 3821 τε
3603 3770 3704 3823 πά-

2123 3863 2208 3916 λιν
2241 3864 2365 3926 τοὺς
2393 3861 2566 3928 θείους
2595 3863 2692 3933 τήν
2720 3880 2780 3916 τε
2809 3865 2905 3932 τῆς
2938 3861 3234 3932 ἱερωσύνης
3260 3861 3573 3932 ἐπιμέλειαν
3601 3860 3702 3928 τῆς

2126 3955 2512 4025 προσηκούσης
2545 3953 2832 4024 τυγχάνειν
2865 3953 3101 4022 σπουδῆς
3125 3993 3139 4017 ,
3175 3951 3487 4020 ἀναγκαίως
3508 3952 3613 4020 ἄρα
3637 3953 3700 4003 ἐκ

2119 4046 2218 4116 τῆς
2249 4044 2551 4116 μεταϐολῆς
2583 4044 2938 4115 μετεμέλοντο
2961 4085 2976 4109 ,
3012 4045 3096 4112 ἐφ’
3126 4038 3206 4106 οἷς
3247 4041 3476 4112 πρόσθεν
3510 4043 3586 4104 εἰς
3615 4057 3701 4093 το-

2124 4135 2329 4200 σαύτας
2359 4136 2613 4200 ἀσεϐείας
2649 4153 2710 4190 τε
2743 4137 2835 4190 καὶ
2878 4136 3220 4206 παρανομίας
3251 4134 3560 4198 ἐξώκειλαν.
3592 4136 3699 4204 Δη-

429 4217 610 4280 λώσας
654 4219 710 4272 δὲ
737 4219 828 4272 τὸν
872 4222 1100 4274 κοπετὸν
1144 4223 1238 4276 καὶ
1285 4223 1384 4293 τὴν
1421 4223 1826 4295 μεταμέλειαν,
1877 4223 2027 4293 λέγει
2058 4225 2159 4297 τὴν
2200 4227 2292 4279 ἐπὶ
2339 4225 2400 4279 τὸ
2431 4229 2674 4298 κρεῖττον
2721 4225 3060 4298 μεταϐολὴν,
3113 4227 3206 4295 ἀφ’
3244 4221 3312 4296 ἧς
3349 4225 3413 4297 δὴ
3467 4224 3699 4295 μάλιστα

427 4307 500 4364 τά
518 4310 616 4381 τῆς
642 4310 915 4382 τοσαύτης
952 4313 1314 4383 μεταμελείας
1347 4315 1618 4386 ἐνεγίνετο
1650 4319 1833 4371 πᾶσιν.

1055 4400 1210 4456 CAP.
1252 4400 1396 4456 XIII.

495 4486 666 4545 Vens.
717 4489 829 4545 1-7,
871 4521 942 4530 —-
986 4509 1002 4542 ι
1034 4491 1127 4545 llla
1156 4493 1322 4557 enim,
1357 4493 1554 4563 inquit,
1596 4493 1685 4546 die
1723 4493 1906 4549 omnis
1934 4494 2014 4548 lo-

428 4597 528 4636 cus
557 4591 780 4650 apertus
806 4583 910 4636 crit
940 4582 1127 4636 domui
1166 4583 1411 4638 Davidis.
1451 4605 1469 4636 ι
1509 4583 1564 4640 Id
1595 4592 1700 4650 est,
1721 4585 1904 4640 cuncti
1942 4585 2012 4638 li-

430 4674 622 4728 benter
648 4675 769 4728 illos
794 4674 964 4728 duces
989 4675 1282 4744 excipient,
1312 4691 1436 4729 cum
1483 4678 1630 4731 omni
1671 4677 1739 4730 ad
1768 4693 1865 4732 eos
1897 4678 2010 4729 ala-

430 4763 624 4816 critate
665 4763 1068 4832 confugientes,
1118 4772 1178 4816 ut
1212 4766 1331 4834 pios
1383 4775 1438 4820 et
1496 4767 1762 4823 adversus
1820 4769 2008 4822 hostes

428 4851 613 4906 divina
655 4852 828 4920 palam
872 4868 975 4922 ope
1016 4853 1249 4923 adjutos.
1290 4854 1496 4911 Deinde
1533 4858 1832 4914 ostendens
1863 4874 2008 4930 quo-

432 4943 596 4998 modo
630 4959 718 4998 res
755 4945 1026 5012 religiosa:
1061 4947 1129 5000 ad
1178 4955 1389 5002 rectum
1441 4956 1640 5004 statum
1673 4966 1772 5020 per
1801 4949 2014 5005 Macha-

432 5036 671 5090 bmorum
730 5034 1029 5105 potentiam
1085 5045 1452 5104 revertentur,
1531 5040 1853 5095 curantibus
1903 5041 2012 5098 illis

427 5128 625 5182 vitiosa
650 5127 833 5181 omnia
859 5126 1164 5194 destruere,
1189 5136 1244 5183 et
1276 5128 1387 5185 Deo
1422 5130 1620 5199 placita
1672 5132 2006 5199 instaurare,

434 5238 452 5270 ι
479 5219 543 5273 Et
569 5219 694 5285 erit,
722 5218 923 5289 inquit,
958 5219 1048 5275 die
1080 5220 1196 5284 illa,
1219 5220 1356 5276 dicit
1383 5219 1670 5286 Dominus,
1700 5222 1894 5279 delebo
1913 5239 2012 5278 no-

429 5308 576 5361 mina
604 5309 876 5363 idolorum
907 5311 975 5364 de
1009 5317 1176 5372 terra,
1212 5325 1390 5380 neque
1431 5311 1664 5367 ulterius
1695 5315 1901 5369 mentio
1936 5315 2003 5368 il-

428 5398 604 5452 lorum
635 5401 759 5454 erit.
792 5401 857 5453 Et
888 5399 1402 5472 pseudoprophetas
1426 5416 1490 5456 ac
1526 5403 1783 5473 spiritum
1822 5407 2004 5476 impuo

426 5505 547 5544 rum
580 5491 647 5545 de
683 5499 826 5546 terra
877 5493 1142 5547 auferam.
1179 5511 1200 5547 ι
1238 5493 1390 5549 Tunc
1449 5509 1581 5550 sane
1629 5496 1735 5551 sub
1779 5497 2000 5551 illorum

427 5582 750 5652 praefectura
810 5585 988 5640 omnis
1027 5585 1298 5641 idolorum
1361 5587 1542 5642 cultus
1590 5587 1892 5654 auferetur,
1947 5598 2000 5644 et

427 5673 608 5730 omnis
654 5675 1260 5745 pseudoprophetarum
1307 5676 1460 5733 fraus
1504 5679 1859 5744 dissolvetur,
1901 5696 1998 5734 ne-

427 5765 572 5820 mine
597 5765 831 5822 audente
855 5767 1146 5837 quidquam
1168 5769 1476 5835 huiusmodi
1509 5777 1799 5827 attentare.
1821 5771 1997 5842 Atque

2763 4401 2920 4456 ΚΕΦ.
2946 4403 3047 4457 1Γ’.

2189 4496 2338 4567 Στίχ.
2368 4494 2514 4559 α’-ζ’.
2550 4524 2618 4535 —
2659 4513 2676 4545 ι
2701 4496 2786 4547 Ἐν
2817 4495 2999 4567 ἐκείνῃ
3038 4494 3147 4566 γὰρ
3167 4533 3182 4558 ,
3219 4496 3350 4564 φησὶ
3375 4535 3388 4556 ,
3414 4497 3479 4565 τῇ
3513 4495 3697 4566 ἡμέρᾳ

2119 4591 2226 4651 πᾶς
2253 4589 2414 4651 τόπος
2449 4587 2598 4640 ἔσται
2625 4587 3026 4655 διανοιγόμενος
3047 4585 3126 4657 τῷ
3157 4587 3289 4655 οίκῳ
3308 4587 3490 4641 Δαυῖδ.
3524 4607 3542 4638 ι
3581 4588 3698 4642 Ἵνα

2117 4681 2248 4753 εἴπῃ
2276 4681 2358 4732 ὅτι
2398 4680 2597 4741 πάντες
2629 4679 2860 4749 ἑτοίμως
2899 4680 2975 4741 ὡς
3004 4679 3338 4749 ἡγουμένους
3373 4677 3696 4749 προσδέξον-

2114 4787 2226 4835 ται,
2260 4769 2471 4841 (ςκὸἓί)
2512 4770 2648 4840 μετά
2673 4770 2854 4841 πάσης
2885 4771 3068 4833 αὐτοῖς
3091 4769 3396 4842 προθυμίας
3423 4770 3692 4842 προστρέ-

2113 4877 2328 4932 χοντες,
2365 4860 2441 4924 ὡς
2479 4859 2727 4913 εὐσεϐέσι
2777 4877 2836 4913 τε
2891 4860 2986 4914 καὶ
3018 4863 3255 4932 ἰσχυροῖς
3303 4864 3370 4932 τῇ
3406 4860 3524 4932 θεία
3554 4861 3693 4930 ῥοπῇ

2114 4949 2255 5004 κατά
2282 4947 2390 5001 τῶν
2414 4948 2672 5002 ἐναντίων
2711 4951 2976 5017 φανεῖσιν.
3010 4945 3142 5001 Εἶτα
3179 4948 3392 5012 δεικνὺς
3427 4949 3574 5010 ὅπως
3601 4946 3694 5000 καὶ

2111 5039 2182 5093 τά
2223 5039 2320 5111 τῆς
2351 5038 2656 5102 θεοσεϐείας
2693 5039 2787 5093 ἐπὶ
2831 5039 2892 5092 τὸ
2921 5040 3037 5093 δέον
3082 5039 3170 5093 διὰ
3197 5038 3296 5109 τῆς
3321 5040 3429 5093 τῶν
3464 5041 3694 5093 Μακκα-

2113 5131 2282 5184 ϐαίων
2313 5131 2666 5203 ἐπικρατείας
2700 5132 3099 5202 μεταστήσεται
3121 5171 3135 5194 ,
3163 5129 3693 5202 παρασκευαζόντων

2112 5222 2470 5291 ἀφανίζεσθαι
2498 5223 2595 5294 μὲν
2619 5222 2837 5276 ἅπαντα
2868 5222 2937 5276 τά
2961 5221 3146 5292 χείρω,
3177 5225 3399 5294 κρατεῖν
3427 5221 3482 5274 δὲ
3510 5221 3580 5274 τά
3614 5219 3692 5291 τῷ

2109 5315 2228 5384 Θεῷ
2251 5314 2530 5377 δοκοῦντα,
2574 5333 2592 5366 ι
2616 5316 2727 5368 Καὶ
2759 5313 2911 5367 ἔσται
2934 5315 2991 5366 ἑν
3018 5315 3084 5384 τῇ
3107 5314 3288 5385 ἡμέρᾳ
3310 5314 3514 5388 ἐκείνῃ,
3545 5313 3693 5382 λέγει

2110 5407 2312 5478 Κύριος
2348 5407 2594 5474 Σαϐαὼθ,
2620 5406 2986 5477 ἐξολοθρεύσω
3013 5406 3081 5459 τὰ
3110 5406 3351 5478 ὀνόματα
3379 5407 3488 5459 τῶν
3537 5404 3692 5460 είδώ-

2110 5498 2218 5550 λων
2241 5498 2348 5550 ἀπὸ
2380 5497 2478 5567 τῆς
2504 5499 2626 5568 γῆς,
2660 5499 2755 5551 καὶ
2775 5497 2957 5550 οὐκέτι
2987 5496 3137 5551 ἔσται
3165 5496 3346 5550 αὐτῶν
3371 5498 3530 5567 μνεία
3549 5512 3565 5527 ⁹
3596 5495 3691 5552 καὶ

2111 5589 2238 5652 τοὺς
2266 5589 2712 5660 ψευδοπροφήτας
2755 5589 2848 5642 καὶ
2899 5589 2958 5641 τὸ
3012 5587 3230 5658 πνεῦμα
3276 5588 3336 5641 τὸ
3379 5588 3688 5659 ἀκάθαρτον

2106 5681 2284 5752 ἑξαρῶ
2308 5682 2416 5737 ἀπὸ
2445 5683 2541 5753 τῆς
2569 5681 2692 5750 γῆς.
2721 5701 2736 5732 ι
2776 5681 2905 5734 Τότε
2934 5681 3044 5752 γάρ
3081 5681 3145 5750 δὴ
3191 5680 3276 5735 διὰ
3326 5681 3424 5752 τῆς
3463 5681 3686 5735 ἐκείνων

2107 5775 2426 5838 ἐπιστασίας
2455 5777 2601 5828 πᾶσα
2632 5775 2728 5846 μὲν
2759 5777 2790 5846 ἡ
2824 5775 2932 5830 τῶν
2983 5777 3216 5832 εἰδώλων
3256 5776 3687 5849 ἀφαιρεθήσεται
