4162 6500
457 423 571 482 885

1348 417 1984 480 COMMENTARIUSIN
2018 413 2390 474 ZACHARUE
2428 415 2584 476 CAP.
2615 414 2756 474 XIII.

3647 413 3756 472 586

464 537 755 612 Θεραπεία,
781 539 933 595 πᾶσα
973 540 1030 594 δὲ
1054 538 1489 612 καταλυθήσεται
1532 539 1641 595 τῶν
1686 539 2050 611 ψευδοπροφη·

2172 546 2231 593 ut
2257 537 2600 593 demonstret
2625 550 2790 608 quam
2820 535 2929 592 late
2962 533 3226 612 honestas
3260 531 3618 589 dominatura
3659 530 3752 593 sit,

462 631 638 703 τῶνή
689 631 910 704 ἀπάτη,
954 632 1171 696 οὐδενὸς
1202 631 1606 702 ἐπιτολμῶντος
1655 632 1810 686 οὐδὲν
1865 632 2057 701 ἐπιτησι

460 721 641 776 δεύειν
681 723 913 777 τοιοῦτο.
951 724 1064 777 Καὶ
1098 723 1315 789 δεικνὺς
1353 724 1526 795 ὁπόση
1552 741 1634 786 τις
1661 724 1696 794 ή
1734 722 2058 794 ἐπικράτεια

458 817 753 887 γενήσεται
776 814 872 868 τοῦ
903 813 1094 880 καλοῦ,
1113 815 1281 887 φησὶν
1305 816 1386 870 ὅτι
1407 817 1456 869 εἰ
1479 815 1770 888 τολμήσειε
1801 831 1886 878 τις
1912 832 2056 886 παρ-

460 908 637 960 ελθὼν
665 907 808 961 κατὰ
850 907 945 961 τὸν
981 907 1174 980 καιρὸν
1226 907 1433 962 ἐκεῖνον
1479 906 1956 978 προσποιήσασθαί
2003 924 2057 961 τι

458 998 571 1052 τῶν
612 999 892 1070 ἐσομένων
939 999 1166 1070 μηνύειν
1214 1001 1279 1054 ἐκ
1313 999 1624 1071 πνεύματος
1668 1000 2056 1072 ἐνεργούμενος

453 1089 773 1160 ἀλλοτρίου,
809 1089 1023 1158 οὐδενὸς
1060 1090 1155 1144 ἐπὶ
1183 1089 1263 1162 τῷ
1305 1089 1622 1162 τολμήματι
1651 1091 1827 1163 τούτῳ
1851 1091 1947 1145 καὶ
1977 1091 2058 1162 τῷ

457 1184 897 1256 παρανομήματι
921 1182 1044 1237 οὐδὲ
1073 1183 1225 1256 παρὰ
1276 1183 1388 1238 τῶν
1431 1183 1852 1256 γεννησαμένων
1893 1183 2058 1238 αὑτὸν

458 1278 798 1350 συγγνώμης
824 1277 858 1348 ἢ
891 1277 1046 1331 ἐλέου
1075 1276 1324 1342 τεύξεται
1363 1276 1444 1331 ἐτι
1463 1292 1477 1308 ο
1514 1277 1700 1342 αὐτοῖς
1724 1277 1834 1350 γὰρ
1861 1279 2056 1332 ἐκεῖνοι

457 1369 751 1440 μονονουχὶ
779 1369 1140 1441 συνδήσαντες
1190 1368 1357 1422 αὑτὸν
1383 1407 1399 1434 ,
1451 1368 1596 1440 ὑπὲρ
1627 1367 1692 1440 δὴ
1740 1365 1934 1437 ψευδεῖ
1963 1368 2057 1422 καὶ

457 1462 860 1536 πεπλανημένη
889 1462 1202 1534 προφητείᾳ
1238 1463 1542 1535 κεχρῆσθαι
1569 1462 1764 1534 τολμᾷ,
1801 1461 2058 1534 παραδὼ-

458 1570 616 1608 σουσι
643 1555 889 1627 τιμωρίᾳ
909 1568 925 1583 ο
949 1553 1124 1618 οὕτως
1159 1554 1392 1626 αἰσχύνῃ
1434 1555 1533 1626 μὲν
1567 1554 2056 1628 περιϐληθήσονται

457 1648 666 1711 πάντες
712 1648 762 1700 οἱ
795 1646 1100 1717 τηνικαῦτα
1146 1645 1412 1712 τοιούτοις
1441 1646 1882 1720 ἐπιχειροῦντες,
1917 1647 2058 1719 πρὸς

454 1740 832 1812 μεταμέλειαν
859 1739 919 1794 δὲ
949 1738 1200 1794 νεύσουσι
1229 1738 1323 1794 καὶ
1351 1739 1546 1803 πένθος
1584 1740 1651 1794 ἐκ
1675 1738 1785 1794 τῶν
1812 1739 2057 1809 ἐπιγινο-

459 1833 640 1903 μένων
685 1833 872 1896 αὐτοῖς
901 1832 1109 1888 κακῶν.
1159 1833 1236 1904 (p.
1264 1832 1393 1903 525)
1427 1832 1602 1886 Τοῦτο
1648 1831 1758 1905 γὰρ
1800 1832 1949 1900 λέγει
1973 1832 2057 1897 τὸ,

2162 622 2566 694 Nemo,inquit,
2601 626 2698 681 illo
2724 633 2969 695 tempore
2997 625 3242 689 audebit,
3273 624 3330 679 in
3365 621 3607 678 medium
3625 635 3756 692 pro-

2159 717 2383 782 cedens,
2423 717 2686 773 simulare
2716 715 2938 787 aliquod
2981 717 3306 772 vaticinium
3342 716 3524 771 alieno
3555 715 3756 786 spiritu

2158 809 2495 880 instinctus;
2541 825 2724 882 neque
2759 812 2909 868 enim
2957 811 3253 882 quisquam
3315 811 3387 866 ob
3417 810 3472 866 id
3537 808 3756 864 facinus

2157 909 2324 974 atque
2349 907 2534 964 scelus
2562 909 2655 965 vel
2684 909 2754 966 ab
2782 909 2920 980 ipsis
2944 906 3265 979 parentibus
3297 904 3514 960 veniam
3546 909 3641 957 aut
3660 901 3770 974 mi-q

2155 995 2518 1052 sericordiam
2539 1007 2992 1072 consequeretur.
3032 996 3142 1068 ipsi
3163 997 3310 1052 cnim
3332 994 3412 1051 illi
3440 994 3592 1049 hunc
3621 1009 3753 1065 pro--

2157 1089 2448 1156 pemodum
2478 1091 2733 1162 ligantes,
2767 1091 2905 1148 falsa
2940 1089 3400 1158 fraudulentaque
3431 1085 3597 1158 354¹
3625 1100 3754 1156 pro-

2157 1180 2342 1258 phetia
2371 1182 2522 1238 abuti
2549 1199 2768 1251 ausum,
2787 1182 3374 1256 suppliciotraderent.
3393 1179 3487 1235 Sic
3517 1179 3756 1250 ignomi.

2159 1270 2252 1325 nia
2288 1273 2514 1342 quidem
2555 1275 2863 1332 obruentur
2896 1291 3090 1332 omnes
3118 1273 3212 1344 qui
3239 1281 3372 1327 tunc
3393 1271 3510 1327 haec
3541 1271 3750 1344 scelera

2157 1363 2486 1424 admiserint
2519 1387 2532 1424 :
2561 1367 2634 1424 de
2668 1368 2994 1440 pmnitentia
3033 1375 3216 1423 autem
3245 1366 3510 1435 luctuque
3542 1364 3753 1434 cogita-

2156 1455 2296 1512 bunt
2333 1466 2560 1530 propter
2593 1459 2916 1533 ingruentes
2947 1460 3082 1532 ipsis
3110 1457 3476 1515 calamitates.
3516 1452 3575 1510 ld
3602 1455 3749 1510 enim

2157 1549 2473 1619 signiﬁcant
2505 1552 2673 1609 verba
2702 1572 2716 1609 :
2760 1572 2778 1606 ι
2802 1552 3101 1608 lnduentur
3131 1551 3271 1623 pelle
3309 1547 3547 1604 ciliciua.
3576 1565 3596 1600 ι
3630 1545 3754 1602 Sic-

2157 1650 2218 1698 ut
2250 1651 2334 1698 est
2371 1645 2514 1714 apud
2555 1644 2776 1702 beatum
2828 1643 3090 1700 Davidem
3125 1661 3139 1699 ι
3173 1663 3198 1695 ‹
3232 1641 3568 1697 Conscidisti
3624 1652 3750 1693 sae.

2157 1747 2285 1788 cum
2326 1749 2529 1801 meum,
2569 1742 2626 1792 et
2655 1735 3073 1794 circumdedisti
3106 1748 3193 1789 me
3209 1725 3462 1785 laetitia"
3484 1741 3499 1792 ;
3525 1743 3544 1780 ι
3567 1722 3624 1779 id
3645 1730 3754 1787 est,

2158 1823 2312 1880 luctu
2363 1825 2616 1898 depulso,
2668 1827 2872 1900 gaudio
2915 1842 3005 1884 me
3034 1824 3400 1897 complevisti.
3435 1823 3506 1878 At
3545 1822 3625 1886 lii,
3667 1822 3751 1876 in-

462 1941 481 1974 ε
505 1923 818 1976 ἐνδύσονται
842 1922 1025 1994 δέῥριν
1047 1922 1298 1996 τριχίνην
1315 1939 1329 1953 ·
1351 1941 1370 1975 ›
1396 1916 1509 1978 οἷόν
1534 1924 1652 1977 ἐστι
1667 1904 1822 1996 παρὰ
1846 1923 1925 1995 τῷ
1948 1941 2050 1996 μα-

2157 1917 2299 1989 quit,
2334 1919 2403 1974 ad
2444 1921 2823 1990 paenitentiam
2867 1920 3146 1986 conversi,
3197 1928 3256 1975 et
3294 1915 3516 1988 lugubri
3565 1913 3749 1970 induti

455 2012 638 2084 καρίῳ
669 2009 834 2064 Δαυτδ
863 2010 946 2076 τὸ,
987 2029 1006 2061 ι
1029 2009 1336 2084 Διέρῤηξας
1359 2009 1420 2064 δέ
1441 2010 1532 2064 τὸν
1553 2010 1758 2066 σάκκον
1786 2027 1888 2082 μου
1909 2051 1924 2077 ,
1958 2010 2055 2066 καὶ¹

455 2101 806 2176 πριέζωσάς
841 2118 910 2172 με
961 2100 1337 2173 εὐφροσύνηνο
1373 2119 1393 2154 ι
1451 2100 1540 2155 ἵνα
1587 2102 1717 2174 είπῃ
1741 2141 1756 2168 ,
1817 2100 1892 2154 Τὸ
1923 2101 2055 2154 πέν-

454 2195 551 2259 θος
604 2191 878 2266 περιελὼν
930 2193 1273 2264 εὐφροσύνης
1333 2210 1402 2264 με
1452 2193 1848 2265 πεπλήρωκας.
1894 2194 1958 2247 Οἱ
1989 2191 2055 2264 δὴ

451 2284 714 2353 τοιοῦτοι,
745 2286 900 2356 φησὶ,
933 2283 1072 2355 πρὸς
1100 2284 1469 2356 μεταμέλειαν
1492 2283 1800 2352 νεύσαντες,
1820 2285 1911 2340 καὶ
1931 2301 2059 2340 πεν-

455 2379 610 2433 θικὸν
638 2378 994 2450 περιθέμενοι
1024 2379 1234 2450 σχῆμα,
1267 2379 1683 2449 ἀπαρνήσονται
1716 2377 1818 2450 τὴν
1840 2378 2058 2448 ἀπάτην

451 2472 558 2544 τὴν
583 2470 1105 2540 οἱκείαν,λέγοντες,
1129 2470 1207 2534 ὡς
1228 2467 1354 2524 οὕτε
1381 2455 1528 2525 ἴσασί
1556 2487 1632 2535 τι,
1666 2469 1788 2524 οὔτε
1821 2471 2059 2542 χρήσον-

452 2579 546 2618 ται
575 2563 668 2616 ἐπὶ
689 2561 946 2633 τοιούτῳ,
987 2559 1457 2634 ἀσχοληθήσονται
1503 2562 1562 2616 δέ
1585 2563 1679 2617 τοῦ
1710 2561 1899 2616 λοιποῦ
1929 2562 2058 2635 περὶ

452 2654 556 2724 τὴν
588 2651 853 2725 ἐργασίαν
876 2651 978 2724 τῆς
1011 2651 1146 2722 γῆς,
1173 2651 1312 2724 ὅπερ
1349 2646 1442 2706 οὖν
1473 2651 1568 2705 καὶ
1597 2650 1939 2723 ἐπιτηδεύειν
1967 2650 2058 2704 εὑ-

454 2747 556 2810 θὺς
583 2748 649 2800 ἐκ
678 2744 904 2817 πρώτης
935 2743 1137 2816 ἔμαθον
1162 2743 1378 2816 ἡμέρας
1404 2743 1557 2816 παρὰ
1579 2743 1687 2798 τῶν
1713 2745 2051 2817 γεννησαμέ-

451 2854 563 2894 νων
596 2835 818 2899 αὐτούς.
852 2834 972 2890 Κᾶν
1005 2835 1060 2887 ετ
1101 2849 1248 2897 τινες
1283 2833 1342 2886 δέ
1373 2833 1572 2898 αὐτοὺς
1602 2832 1683 2888 ἐτι
1728 2833 1930 2906 νεαρὰς
1956 2834 2054 2904 φέ-

459 2946 650 3000 ροντας
688 2926 798 2981 τῶν
830 2925 1223 2996 τυπτησάντων
1268 2925 1468 2990 αὐτοὺς
1521 2924 1622 2990 τὰς
1653 2925 1869 2996 πληγὰς
1913 2927 2052 2997 ἐρω-

454 3021 615 3093 τῷεν,
648 3021 774 3077 ὅθεν
803 3020 868 3091 δὴ
896 3018 1100 3083 ταύτας
1129 3017 1478 3090 ἐπιφέροιντο
1500 3057 1517 3084 ,
1543 3017 1912 3086 ἐπαγγελοῦσι
1949 3035 2049 3072 σα-

2151 2008 2372 2076 habitu,
2403 2010 2729 2080 imputatam
2753 2011 2860 2067 sibi
2893 2010 3143 2067 fraudem
3170 2009 3526 2080 denegabunt
3558 2006 3752 2062 dicen-

2151 2095 2256 2170 tes,
2288 2116 2349 2159 se
2380 2102 2517 2157 nihil
2557 2101 2880 2172 huiusmodi
2921 2102 3088 2168 scire,
3134 2115 3314 2171 neque
3337 2099 3466 2154 talia
3504 2111 3749 2169 unquam

2150 2194 2575 2261 commissuros,
2612 2195 2706 2251 sed
2741 2194 2985 2250 colendae
3022 2193 3285 2264 deinceps
3316 2199 3478 2248 terra:
3521 2198 3749 2245 vacatu-

2153 2300 2249 2341 ros
2275 2302 2291 2351 ;
2322 2285 2468 2355 quod
2507 2286 2632 2342 vita:
2667 2302 2842 2358 genus
2878 2289 3067 2342 statim
3096 2301 3128 2340 a
3150 2284 3390 2356 pueritia
3416 2283 3516 2338 abs
3558 2296 3749 2353 paren-

2160 2376 2307 2431 tibus
2333 2377 2451 2432 suis
2470 2376 2802 2432 didicerant.
2834 2376 2990 2444 Quod
3037 2377 3084 2434 si
3118 2376 3244 2447 quis
3283 2375 3409 2431 illos
3439 2373 3622 2428 adhuc
3657 2389 3750 2428 re-

2157 2466 2418 2523 centibus
2448 2468 2624 2538 plagis
2651 2462 2930 2526 tumentes
2959 2470 3258 2539 rogaverit,
3289 2468 3436 2525 unde
3469 2483 3564 2524 eas
3599 2473 3751 2523 retu-

2156 2555 2386 2622 lissent,
2450 2556 2769 2614 fatebuntur
2822 2570 3011 2631 aperte
3042 2560 3178 2615 nihil
3238 2569 3529 2631 negantes,
3589 2558 3739 2632 quod

2156 2648 2397 2704 alienum
2431 2650 2537 2706 sibi
2583 2650 2819 2706 ollicium
2846 2661 3200 2723 usurpantes,
3244 2653 3466 2725 propria
3495 2653 3552 2708 in
3585 2654 3750 2709 domo

2157 2743 2385 2798 verbera
2416 2743 2506 2798 illa
2533 2744 2602 2800 ab
2635 2744 2705 2801 iis
2740 2747 3076 2818 acceperint,
3101 2747 3304 2818 quibus
3329 2747 3608 2818 praecipue
3627 2747 3747 2803 cari

2157 2849 2282 2892 esse
2303 2836 2652 2903 videbantur,
2674 2853 2777 2894 ceu
2805 2840 2963 2896 liberi
3005 2841 3353 2911 parentibus,
3387 2842 3483 2913 qui
3514 2857 3752 2914 peccan-

2158 2927 2310 2986 tibus
2346 2943 2458 2984 non
2489 2941 2878 3000 pepercerunt,
2926 2939 3218 3003 propterea
3271 2933 3418 3004 quod
3466 2933 3748 3005 religionis

2158 3034 2350 3075 curam
2388 3023 2627 3078 naturali
2662 3026 3035 3095 compassioni
3077 3027 3462 3096 praetulerunt.

455 3118 574 3188 φῶς
627 3116 786 3171 οὐδὲν
832 3113 1206 3187 ἀρνησάμενοι
1263 3113 1346 3167 ὅτι
1399 3111 1804 3185 ἐπιχειροῦντες
1860 3107 1942 3175 οἷς
1988 3111 2050 3165 ού
2101 3114 2378 3186 προσῆκον
2434 3110 2537 3187 ἦν,
2573 3116 2668 3170 ἐπὶ
2715 3119 2816 3188 τῆς
2865 3118 3041 3184 οἰκίας
3094 3119 3193 3190 τῆς
3237 3120 3445 3174 ἐαυτῶν
3499 3116 3610 3175 εἷεν
3661 3121 3750 3176 δε-

451 3212 708 3284 δεγμένοι
739 3211 839 3273 τὰς
891 3209 1170 3280 μάστιγας
1215 3207 1345 3280 παρ’
1385 3208 1612 3262 ἐκείνων
1649 3202 1732 3273 οἷς
1767 3208 1832 3280 δὴ
1880 3207 2114 3279 μάλιστα
2149 3209 2366 3265 πάντων
2404 3211 2682 3284 ἀγαπητοὶ⁹
2723 3215 3016 3284 τυγχάνειν
3049 3214 3265 3270 ἐδόκουν
3289 3257 3303 3282 ,
3351 3217 3447 3271 ac:
3502 3220 3752 3288 γονεῦσιν

454 3304 598 3370 υἱοὶ,
647 3303 699 3357 οἳ
746 3302 1016 3376 μηδεμίαν
1068 3301 1251 3356 αὐτῶν
1301 3301 1469 3370 φειδὼ
1515 3301 1841 3374 πεποίηνται
1890 3301 2336 3374 ἁμαρτανόντων,
2383 3305 2570 3378 ἐπειδὴ
2601 3306 2702 3378 τῆς
2745 3307 3027 3372 εὐσεϐείας
3059 3307 3161 3381 τὴν
3201 3309 3520 3382 ἐπιμέλειαν
3547 3313 3751 3368 ἀνωτέ-

452 3413 561 3468 ραν
585 3396 688 3467 τῆς
714 3395 954 3468 φυσικῆς
983 3393 1168 3448 ἔθεντο
1204 3393 1568 3466 συμπαθείας.

526 3487 678 3560 Στίχ.
699 3490 764 3554 ζ’.
788 3486 991 3542 -Ἀλλὰ
1011 3491 1122 3560 γὰρ
1153 3488 1253 3560 τὴν
1279 3487 1372 3539 ἐπὶ
1392 3487 1453 3540 τὸ
1481 3489 1726 3558 κρεῖττον
1759 3487 2050 3560 μεταϐολὴν

2235 3484 2407 3540 Vsus.
2453 3482 2504 3537 7.
2545 3511 2616 3522 —
2653 3480 2767 3554 Age
2804 3497 2934 3539 vero
2963 3491 3089 3555 post
3122 3484 3430 3539 nuntiatam
3467 3501 3653 3541 rerum
3692 3487 3747 3541 in

451 3580 566 3636 τῶν
584 3581 926 3653 πραγμάτων
949 3577 1188 3652 εἰρηκὼς
1213 3581 1242 3632 ὁ
1274 3583 1578 3651 προφήτης,
1596 3581 1744 3643 ὅπως
1769 3597 1829 3634 τε
1854 3583 1918 3652 τῇ
1942 3581 2050 3635 τῶν

2157 3578 2358 3634 melius
2404 3575 2846 3641 conversionem,
2879 3581 2932 3629 et
2970 3575 3248 3646 quomodo
3278 3576 3334 3630 in
3377 3574 3751 3632 Macchabaeo—

453 3671 836 3726 Μακκαϐαίων
867 3671 1178 3744 προστασίᾳ
1228 3671 1615 3744 καθῃρέθησαν
1669 3673 1766 3743 μέν
1808 3674 1858 3726 οί
1898 3674 2052 3726 ἐναν-

451 3765 582 3830 τίοι,
613 3765 807 3835 γέγονε
831 3765 888 3820 δέ
922 3767 982 3818 ἐν
1039 3764 1310 3835 εὐκοσμίᾳ
1353 3762 1416 3818 τὸ
1449 3763 1600 3828 ἔθνος
1647 3764 1815 3836 πολλῇ
1843 3805 1858 3829 ,
1907 3764 2049 3819 ὥστε

453 3861 641 3914 πᾶσαν
691 3859 794 3930 μὲν
837 3857 1095 3912 ἀσέϐειαν
1130 3855 1191 3922 ἐξ
1225 3856 1406 3911 αὐτῶν
1449 3857 1544 3911 καὶ
1573 3859 1918 3929 παρανομίαν
1951 3859 2050 3914 ἀν-

450 3949 696 4023 ῃρῆσθαι
716 3990 731 4016 ,
762 3951 988 4020 κρατεῖν
1017 3947 1074 4001 δὲ
1104 3947 1282 4002 πάντα
1314 3965 1379 4016 γε
1426 3949 1599 4002 ὁπόσα
1629 3952 1732 4012 τοῖς
1763 3949 1924 4014 θείοις
1962 3950 2050 4004 νό-

454 4057 581 4112 μοις
614 4039 882 4102 ἀκόλουθα
913 4039 1226 4093 συνέϐαινεν
1252 4033 1412 4104 εἶναι,
1431 4038 1620 4111 ὥσπερ
1646 4041 1711 4094 ἐκ
1738 4041 1836 4111 τῆς
1862 4043 2046 4096 τοιαύ-

449 4148 551 4200 της
585 4129 1016 4200 ἀποκαλύψεως,
1050 4131 1118 4202 ἢν
1153 4132 1219 4184 ἐκ
1261 4129 1361 4200 τῆς
1400 4130 1496 4183 τοῦ
1537 4131 1692 4200 ἁγίου
1727 4133 2050 4206 Πνεύματος

448 4225 702 4279 ἐδέδεκτο
739 4226 1024 4296 ἐνεργείας
1047 4267 1062 4292 ,
1093 4224 1284 4288 ἔνθους
1310 4243 1370 4278 τε
1395 4224 1654 4294 γεγονὼς,
1687 4226 1783 4281 καὶ
1813 4227 2046 4282 κατιδὼν

446 4315 700 4388 ἀκριϐῶς
731 4316 802 4371 τὰ
843 4316 1086 4387 ἐσόμενα
1113 4356 1129 4382 ,
1161 4312 1251 4371 οἷά
1281 4333 1342 4370 τε
1392 4316 1452 4382 ἐξ
1482 4317 1609 4371 οἴων
1656 4319 1946 4390 γενήσεται
1976 4318 2047 4373 τὰ

462 4409 735 4463 Ἰουδαίων
763 4451 778 4476 ,
813 4409 911 4463 καὶ
956 4409 1075 4462 οἵαν
1126 4407 1226 4480 μὲν
1269 4409 1335 4463 ἐκ
1366 4409 1466 4482 τῆς
1511 4410 1619 4464 τῶν
1665 4410 2044 4469 Μακκαϐαιων

448 4501 788 4573 προστασίας
833 4500 1123 4573 διόρθωσιν
1179 4499 1392 4567 δέξεται
1439 4502 1512 4557 τὰ
1566 4504 1688 4556 κατ’
1720 4502 1952 4567 αὐτοὺς,
1984 4503 2045 4559 ἐν

447 4595 554 4669 ὅσῃ
597 4595 656 4648 δέ
707 4593 931 4664 γέγονεν
964 4594 1208 4665 ἀκοσμίᾳ
1251 4599 1340 4666 (p.
1377 4594 1518 4667 526)
1568 4597 1634 4649 ἐκ
1671 4596 1769 4668 τῆς
1819 4597 2044 4651 ἐκείνων

450 4685 758 4758 μοχθηρίας
787 4687 835 4739 ot
868 4685 1018 4758 παρὰ
1047 4686 1156 4738 τῶν
1191 4684 1456 4755 βασιλέων
1482 4686 1635 4760 παρά
1658 4704 1718 4740 τε
1747 4687 1808 4741 τὸ
1832 4688 2044 4760 πρέπον

445 4778 545 4831 καὶ
567 4776 629 4830 τὸ
661 4779 776 4841 τοῖς
799 4776 982 4849 νόμοις
1012 4775 1309 4831 ἀκόλουθον
1343 4779 1455 4842 τοῖς
1476 4777 1642 4842 θείοις
1667 4778 1768 4850 τήν
1794 4795 1854 4832 τε
1883 4781 2044 4850 ίερωο

447 4867 620 4940 σύνην
634 4869 1020 4939 ἀναδεχόμενοι
1039 4869 1134 4922 καὶ
1156 4868 1256 4941 τὴν
1276 4869 1371 4922 τοῦ
1389 4868 1520 4923 λαοῦ
1541 4871 1896 4942 προστασίαν,
1919 4889 2044 4940 συγ-

443 4959 662 5031 χύσεως
705 4961 972 5032 μεγίστης
1016 4960 1447 5033 πεπληρώκασιν
1477 4962 1731 5028 ἅπαντα,
1778 4964 2042 5035 μεγίστην

441 5051 572 5106 τινὰ
598 5053 699 5123 τὴν
728 5053 1108 5122 ἀγανάκτησιν
1144 5053 1238 5106 ἐπὶ
1279 5056 1345 5124 τῇ
1379 5055 1651 5127 μοχθηρίᾳ
1683 5056 1792 5110 τῶν
1822 5055 1918 5109 τοῦ
1947 5073 2042 5109 το-

446 5141 642 5196 σούτου
675 5142 846 5195 κακοῦ
898 5143 1204 5212 γεγονότων
1255 5143 1443 5197 αἰτίων
1486 5142 1816 5216 δεξάμενος,
1863 5145 2043 5200 τοιάδε

444 5234 614 5304 φησίν
646 5250 661 5264 ·
716 5253 735 5286 ι
759 5234 1059 5305 Ῥομφαία,
1095 5235 1412 5308 ἐξεγὲρθητι
1440 5236 1531 5289 ἐπὶ
1556 5237 1648 5291 τὸν
1681 5239 1916 5308 ποιμένα
1947 5241 2044 5293 καὶ

443 5327 535 5378 ἐπ’
569 5325 739 5395 ἄνδρα
793 5326 1021 5396 πολίτην
1055 5325 1220 5380 αὐτοῦ
1249 5367 1264 5390 ,
1311 5327 1458 5396 λέγει
1494 5329 1698 5400 Κύριος
1733 5332 2042 5401 παντοκρά-

440 5431 582 5485 τωρ.
613 5433 630 5464 ι
663 5413 1090 5485 Προστακτικῶς
1150 5414 1314 5468 πάλιν
1353 5414 1634 5469 κάνταῦθα
1670 5414 1730 5467 τὸ
1784 5416 2042 5485 ἐσόμενον

446 5505 646 5579 μηνύει
668 5524 682 5537 ·
719 5506 814 5560 καὶ
847 5505 1038 5576 ὥσπερ
1077 5507 1216 5577 πρὸς
1249 5506 1382 5560 αὐτὸ
1422 5507 1480 5561 τὸ
1524 5506 1672 5576 ξίφος
1701 5508 1908 5578 τρέψας
1951 5509 2042 5562 τὸν

442 5599 627 5668 λόγον,
660 5599 929 5672 Κινήθητι
958 5601 1045 5671 δὴ,
1077 5601 1264 5672 φησιν,
1295 5594 1340 5653 ὧ
1372 5599 1615 5672 μάχαιρα
1644 5601 1786 5655 κατά
1808 5618 1864 5654 τε
1894 5602 2042 5654 ὲκεί-

445 5708 554 5748 νων
581 5691 691 5744 τῶν
712 5690 856 5745 οὓτω
885 5691 1072 5756 κακῶς
1098 5694 1163 5763 τῇ
1196 5692 1506 5764 προστασίᾳ
1531 5691 1916 5765 χρησαμένων,
1950 5692 2042 5747 καὶ

518 5865 569 5904 τε
605 5864 753 5924 Psal.
793 5883 947 5933 χχιι,
990 5867 1077 5921 12.

730 5963 1002 6024 Pauor“
1037 5963 1153 6026 Gn.
1191 5961 1412 6027 LXVI.

2156 3685 2276 3725 rum
2307 3667 2617 3739 principatu
2651 3666 2818 3722 deleti
2847 3665 3052 3721 fuerint
3088 3667 3297 3732 hostes,
3344 3675 3403 3723 et
3440 3683 3576 3739 gens
3606 3669 3747 3724 bene

2157 3758 2452 3814 admodum
2485 3757 2814 3827 composita,
2871 3756 3083 3828 abjecta
3116 3757 3329 3814 scilicet
3363 3760 3513 3813 omni
3552 3760 3747 3830 impie-

2155 3859 2271 3906 tate
2299 3865 2365 3905 ac
2392 3850 2659 3920 nequitia,
2688 3858 3059 3922 revocatoque
3088 3850 3400 3906 divinarum
3425 3852 3606 3922 legum
3629 3861 3748 3909 stu-

2155 3944 2286 4011 dio;
2318 3959 2386 4000 ex
2417 3942 2738 4014 huiusmodi
2772 3943 3129 4010 revelatione,
3177 3959 3342 4016 quam
3377 3943 3584 4016 Spiritu
3617 3962 3748 4003 san-

2160 4046 2254 4093 cto
2283 4045 2554 4107 cperante
2582 4044 2895 4108 acceperat,
2937 4047 3118 4107 mente
3167 4039 3414 4110 percitus
3455 4041 3744 4112 propheta,

2152 4146 2220 4188 ac
2240 4130 2430 4186 futura
2463 4132 2747 4188 evidenter
2775 4147 3031 4199 cernens,
3060 4142 3115 4190 et
3143 4149 3395 4205 quamam
3423 4143 3476 4190 et
3502 4151 3569 4190 ex
3608 4150 3747 4206 qua-

2151 4222 2300 4278 libus
2332 4239 2422 4279 res
2458 4223 2775 4279 Judaeorum
2817 4224 3019 4290 forent,
3063 4234 3118 4282 et
3149 4235 3412 4298 quantam
3448 4229 3554 4284 sub
3593 4228 3746 4284 Mac-

2151 4312 2504 4368 chabteorum
2535 4314 2846 4385 principatu
2876 4316 3317 4374 emendationem
3368 4328 3612 4374 nactum
3652 4334 3745 4376 es-

2152 4413 2648 4476 sent;quautaque
2674 4421 2872 4463 rursus
2919 4410 3262 4477 perturbatio
3299 4410 3486 4465 futura
3519 4414 3590 4468 ob
3629 4414 3744 4472 illo-

2150 4511 2274 4552 rum
2306 4497 2740 4566 improbitatem,
2769 4498 2863 4568 qui
2893 4513 2925 4552 a
2960 4500 3202 4569 regibus,
3250 4510 3449 4573 praeter
3495 4505 3580 4560 fas
3604 4506 3743 4576 legi-

2149 4590 2344 4643 timum
2363 4587 2710 4654 acdivinum,
2727 4598 2843 4644 tum
2858 4593 3248 4648 sacerdotalem
3263 4594 3604 4666 dignitatem,
3625 4607 3740 4653 tum

2147 4677 2314 4734 etiam
2351 4669 2536 4750 populi
2563 4679 2822 4737 ducatum
2857 4682 3213 4753 accipientes,
3259 4685 3497 4740 maxima
3543 4689 3742 4743 confu-

2148 4770 2304 4828 sione
2320 4774 2502 4828 omnia
2526 4775 2904 4844 repleverunt;
2925 4787 3141 4832 summa
3159 4777 3532 4850 indignatione
3546 4780 3745 4838 advor-

2149 4880 2246 4920 sus
2274 4864 2652 4936 355horum
2687 4867 3092 4938 improbitatem
3126 4879 3458 4936 commotus,
3489 4873 3580 4940 qui
3620 4881 3742 4927 tan—

2148 4964 2332 5012 torum
2373 4959 2643 5013 malorum
2667 4974 2834 5014 causa
2867 4960 3111 5028 fuerunt,
3147 4963 3202 5016 in
3236 4963 3351 5017 lucc
3371 4965 3534 5018 verba
3563 4979 3743 5018 erum-

2147 5049 2265 5119 pit:
2291 5067 2308 5100 ι
2333 5048 2588 5116 Framea,
2625 5067 2894 5123 consurge
2926 5053 3196 5110 adversus
3232 5064 3529 5124 pastorem,
3563 5064 3618 5110 et
3646 5074 3742 5111 su-

2149 5156 2247 5211 per
2272 5141 2450 5194 virum
2481 5143 2656 5198 civem
2683 5144 2826 5214 ejus,
2851 5145 2986 5199 dicit
3017 5145 3286 5200 Dominus
3321 5146 3731 5216 omnipotens.»

2147 5229 2365 5287 Rursus
2393 5232 2498 5288 hoc
2549 5235 2714 5291 etiam
2764 5237 2885 5291 loco
2944 5239 3268 5308 imperative
3324 5239 3740 5296 rem‘futuram

2143 5325 2528 5395 signiﬁcat;ct
2558 5328 2716 5397 quasi
2761 5329 2828 5383 ad
2861 5331 3034 5398 ipsum
3081 5330 3320 5401 gladium
3368 5331 3550 5385 verbis
3597 5345 3737 5384 con-

2141 5417 2339 5484 versis,
2377 5417 2788 5486 Commovetor,
2821 5421 3018 5491 inquit,
3061 5440 3094 5476 ο
3122 5422 3320 5492 gladic,
3367 5432 3480 5476 tum
3532 5430 3732 5476 contra

2144 5507 2267 5564 illos
2297 5509 2392 5578 qui
2430 5517 2537 5563 tam
2564 5511 2704 5566 male
2737 5512 3048 5582 principatu
3083 5522 3340 5578 utuntur,
3399 5523 3516 5568 tum
3568 5514 3736 5568 etiam

2143 5612 2338 5657 contra
2369 5619 2562 5660 omnes
2592 5607 2686 5675 qui
2723 5607 2871 5675 genti
2918 5614 3122 5661 nostrae
3167 5607 3290 5676 jure
3324 5607 3611 5662 societatis
3649 5607 3740 5661 ad-

2143 5695 2299 5765 dicti,
2363 5694 2547 5755 favere
2586 5699 2803 5755 illorum
2858 5699 3195 5770 improbitati
3238 5710 3528 5757 curarunt.
3567 5699 3741 5756 «Pcr-

3427 5971 3502 6032 19
