  <div class='ocr_page' id='page_1' title='image "/cluster/home/n/w/nwhite01/storage/ocr_20150623/66/coo.31924054869676/301.png"; bbox 0 0 4162 6492; ppageno 0'>
   <div class='ocr_carea' id='block_1_1' title="bbox 471 414 578 472">
    <p class='ocr_par' dir='ltr' id='par_1_1' title="bbox 471 414 578 472">
     <span class='ocr_line' id='line_1_1' title="bbox 471 414 578 472; baseline 0.019 -2"><span class='ocrx_word' id='word_1_1' title='bbox 471 414 578 472; x_wconf 66' lang='lat'><strong>1387</strong></span> 
     </span>
    </p>
   </div>
   <div class='ocr_carea' id='block_1_2' title="bbox 1643 401 2507 467">
    <p class='ocr_par' dir='ltr' id='par_1_2' title="bbox 1643 401 2507 467">
     <span class='ocr_line' id='line_1_2' title="bbox 1643 401 2507 467; baseline 0 -4"><span class='ocrx_word' id='word_1_2' title='bbox 1643 406 1990 467; x_wconf 72' lang='lat' dir='ltr'><strong>THEODOBI</strong></span> <span class='ocrx_word' id='word_1_3' title='bbox 2020 401 2507 467; x_wconf 71' lang='lat' dir='ltr'><strong>MOPSUESTENI</strong></span> 
     </span>
    </p>
   </div>
   <div class='ocr_carea' id='block_1_3' title="bbox 3634 412 3746 471">
    <p class='ocr_par' dir='ltr' id='par_1_3' title="bbox 3634 412 3746 471">
     <span class='ocr_line' id='line_1_3' title="bbox 3634 412 3746 471; baseline 0 0"><span class='ocrx_word' id='word_1_4' title='bbox 3634 412 3746 471; x_wconf 70' lang='lat'><strong>538</strong></span> 
     </span>
    </p>
   </div>
   <div class='ocr_carea' id='block_1_4' title="bbox 470 519 2049 600">
    <p class='ocr_par' dir='ltr' id='par_1_4' title="bbox 470 523 2048 599">
     <span class='ocr_line' id='line_1_4' title="bbox 470 523 2048 599; baseline -0.004 -13"><span class='ocrx_word' id='word_1_5' title='bbox 470 538 597 586; x_wconf 91' lang='lat' dir='ltr'><strong>cute</strong></span> <span class='ocrx_word' id='word_1_6' title='bbox 624 533 920 599; x_wconf 82' lang='lat' dir='ltr'><strong>pastorem,</strong></span> <span class='ocrx_word' id='word_1_7' title='bbox 950 529 1004 581; x_wconf 89' lang='lat' dir='ltr'><strong>et</strong></span> <span class='ocrx_word' id='word_1_8' title='bbox 1024 523 1410 598; x_wconf 85' lang='lat' dir='ltr'><strong>dispergantur</strong></span> <span class='ocrx_word' id='word_1_9' title='bbox 1437 537 1590 580; x_wconf 89' lang='lat' dir='ltr'><strong>oves.</strong></span> <span class='ocrx_word' id='word_1_10' title='bbox 1624 541 1643 574; x_wconf 74' lang='grc' dir='ltr'><strong>ι</strong></span> <span class='ocrx_word' id='word_1_11' title='bbox 1674 523 1796 579; x_wconf 85' lang='lat' dir='ltr'><strong>Tuo</strong></span> <span class='ocrx_word' id='word_1_12' title='bbox 1821 525 2048 582; x_wconf 80' lang='lat' dir='ltr'><strong>verbere</strong></span> 
     </span>
    </p>
   </div>
   <div class='ocr_carea' id='block_1_5' title="bbox 2151 519 3750 600">
    <p class='ocr_par' dir='ltr' id='par_1_5' title="bbox 2151 519 3750 600">
     <span class='ocr_line' id='line_1_5' title="bbox 2151 519 3750 600; baseline -0.001 -18"><span class='ocrx_word' id='word_1_13' title='bbox 2151 526 2296 582; x_wconf 78' lang='grc' dir='ltr'>κατὰ</span> <span class='ocrx_word' id='word_1_14' title='bbox 2325 523 2543 580; x_wconf 82' lang='grc' dir='ltr'>πάντων</span> <span class='ocrx_word' id='word_1_15' title='bbox 2577 520 2684 578; x_wconf 84' lang='grc' dir='ltr'><strong>τῶν</strong></span> <span class='ocrx_word' id='word_1_16' title='bbox 2711 523 2828 577; x_wconf 82' lang='grc' dir='ltr'>ὅσοι</span> <span class='ocrx_word' id='word_1_17' title='bbox 2859 520 2940 594; x_wconf 84' lang='grc' dir='ltr'><strong>τῷ</strong></span> <span class='ocrx_word' id='word_1_18' title='bbox 2980 520 3125 578; x_wconf 72' lang='grc' dir='ltr'>ἔθνει</span> <span class='ocrx_word' id='word_1_19' title='bbox 3176 522 3550 597; x_wconf 80' lang='grc' dir='ltr'>προσήκοντες</span> <span class='ocrx_word' id='word_1_20' title='bbox 3604 519 3750 600; x_wconf 62' lang='grc' dir='ltr'>συμέ</span> 
     </span>
    </p>
   </div>
   <div class='ocr_carea' id='block_1_6' title="bbox 466 614 2047 687">
    <p class='ocr_par' dir='ltr' id='par_1_6' title="bbox 466 614 2047 687">
     <span class='ocr_line' id='line_1_6' title="bbox 466 614 2047 687; baseline -0.003 -12"><span class='ocrx_word' id='word_1_21' title='bbox 466 634 653 675; x_wconf 85' lang='lat' dir='ltr'><strong>necem</strong></span> <span class='ocrx_word' id='word_1_22' title='bbox 685 616 827 673; x_wconf 75' lang='lat' dir='ltr'><strong>inter</strong></span> <span class='ocrx_word' id='word_1_23' title='bbox 872 617 960 673; x_wconf 86' lang='lat' dir='ltr'><strong>his</strong></span> <span class='ocrx_word' id='word_1_24' title='bbox 988 618 1081 687; x_wconf 98' lang='lat' dir='ltr'><strong>qui</strong></span> <span class='ocrx_word' id='word_1_25' title='bbox 1130 623 1243 671; x_wconf 87' lang='lat' dir='ltr'><strong>tam</strong></span> <span class='ocrx_word' id='word_1_26' title='bbox 1286 617 1429 671; x_wconf 90' lang='lat' dir='ltr'><strong>male</strong></span> <span class='ocrx_word' id='word_1_27' title='bbox 1462 616 1648 686; x_wconf 82' lang='lat' dir='ltr'><strong>populi</strong></span> <span class='ocrx_word' id='word_1_28' title='bbox 1699 614 1903 670; x_wconf 92' lang='lat' dir='ltr'><strong>ducatu</strong></span> <span class='ocrx_word' id='word_1_29' title='bbox 1960 616 2047 671; x_wconf 88' lang='lat' dir='ltr'><strong>usi</strong></span> 
     </span>
    </p>
   </div>
   <div class='ocr_carea' id='block_1_7' title="bbox 464 704 2048 780">
    <p class='ocr_par' dir='ltr' id='par_1_7' title="bbox 464 704 2048 780">
     <span class='ocr_line' id='line_1_7' title="bbox 464 704 2048 780; baseline -0.003 -17"><span class='ocrx_word' id='word_1_30' title='bbox 464 709 699 773; x_wconf 84' lang='lat' dir='ltr'><strong>fuerant,</strong></span> <span class='ocrx_word' id='word_1_31' title='bbox 740 713 1025 780; x_wconf 88' lang='lat' dir='ltr'><strong>totumque</strong></span> <span class='ocrx_word' id='word_1_32' title='bbox 1069 704 1369 761; x_wconf 81' lang='lat' dir='ltr'><strong>faventium</strong></span> <span class='ocrx_word' id='word_1_33' title='bbox 1418 706 1530 762; x_wconf 83' lang='lat' dir='ltr'><strong>illis</strong></span> <span class='ocrx_word' id='word_1_34' title='bbox 1583 712 1808 770; x_wconf 76' lang='lat' dir='ltr'><strong>coetum,</strong></span> <span class='ocrx_word' id='word_1_35' title='bbox 1857 704 2048 760; x_wconf 89' lang='lat' dir='ltr'><strong>eodem</strong></span> 
     </span>
    </p>
   </div>
   <div class='ocr_carea' id='block_1_8' title="bbox 465 795 2056 868">
    <p class='ocr_par' dir='ltr' id='par_1_8' title="bbox 465 795 2056 868">
     <span class='ocr_line' id='line_1_8' title="bbox 465 795 2056 868; baseline 0 -17"><span class='ocrx_word' id='word_1_36' title='bbox 465 813 589 853; x_wconf 82' lang='lat' dir='ltr'><strong>cum</strong></span> <span class='ocrx_word' id='word_1_37' title='bbox 643 797 753 851; x_wconf 86' lang='lat' dir='ltr'><strong>illis</strong></span> <span class='ocrx_word' id='word_1_38' title='bbox 785 798 895 852; x_wconf 91' lang='lat' dir='ltr'><strong>ictu</strong></span> <span class='ocrx_word' id='word_1_39' title='bbox 949 811 1221 867; x_wconf 84' lang='lat' dir='ltr'><strong>poenaque</strong></span> <span class='ocrx_word' id='word_1_40' title='bbox 1263 796 1531 868; x_wconf 81' lang='lat' dir='ltr'><strong>disperge.</strong></span> <span class='ocrx_word' id='word_1_41' title='bbox 1564 795 1676 854; x_wconf 77' lang='lat' dir='ltr'><strong>.llis</strong></span> <span class='ocrx_word' id='word_1_42' title='bbox 1734 796 2056 866; x_wconf 76' lang='lat' dir='ltr'><strong>imperative</strong></span> 
     </span>
    </p>
   </div>
   <div class='ocr_carea' id='block_1_9' title="bbox 463 887 2056 960">
    <p class='ocr_par' dir='ltr' id='par_1_9' title="bbox 463 887 2056 960">
     <span class='ocr_line' id='line_1_9' title="bbox 463 887 2056 960; baseline 0.004 -18"><span class='ocrx_word' id='word_1_43' title='bbox 463 887 646 952; x_wconf 88' lang='lat' dir='ltr'><strong>dictis,</strong></span> <span class='ocrx_word' id='word_1_44' title='bbox 697 888 762 941; x_wconf 90' lang='lat' dir='ltr'><strong>ad</strong></span> <span class='ocrx_word' id='word_1_45' title='bbox 794 888 874 943; x_wconf 90' lang='lat' dir='ltr'><strong>rei</strong></span> <span class='ocrx_word' id='word_1_46' title='bbox 913 887 1110 944; x_wconf 78' lang='lat' dir='ltr'><strong>futurae</strong></span> <span class='ocrx_word' id='word_1_47' title='bbox 1162 889 1600 960; x_wconf 68' lang='lat' dir='ltr'><strong>praedictionem,</strong></span> <span class='ocrx_word' id='word_1_48' title='bbox 1651 889 1826 960; x_wconf 80' lang='lat' dir='ltr'><strong>pergit</strong></span> <span class='ocrx_word' id='word_1_49' title='bbox 1879 889 2056 959; x_wconf 62' lang='lat' dir='ltr'><strong>loqui»</strong></span> 
     </span>
    </p>
   </div>
   <div class='ocr_carea' id='block_1_10' title="bbox 462 978 2050 1049">
    <p class='ocr_par' dir='ltr' id='par_1_10' title="bbox 462 978 2050 1049">
     <span class='ocr_line' id='line_1_10' title="bbox 462 978 2050 1049; baseline 0.001 -16"><span class='ocrx_word' id='word_1_50' title='bbox 462 985 889 1034; x_wconf 85' lang='lat' dir='ltr'><strong>consentaneam</strong></span> <span class='ocrx_word' id='word_1_51' title='bbox 946 980 1290 1049; x_wconf 70' lang='lat' dir='ltr'><strong>prcedictioni</strong></span> <span class='ocrx_word' id='word_1_52' title='bbox 1346 979 1577 1036; x_wconf 80' lang='lat' dir='ltr'><strong>formam</strong></span> <span class='ocrx_word' id='word_1_53' title='bbox 1641 978 1915 1034; x_wconf 85' lang='lat' dir='ltr'><strong>sermonis</strong></span> <span class='ocrx_word' id='word_1_54' title='bbox 1968 987 2050 1034; x_wconf 89' lang='lat' dir='ltr'><strong>te-</strong></span> 
     </span>
    </p>
   </div>
   <div class='ocr_carea' id='block_1_11' title="bbox 462 1068 2051 1127">
    <p class='ocr_par' dir='ltr' id='par_1_11' title="bbox 462 1068 2051 1127">
     <span class='ocr_line' id='line_1_11' title="bbox 462 1068 2051 1127; baseline 0.003 -6"><span class='ocrx_word' id='word_1_55' title='bbox 462 1082 601 1123; x_wconf 87' lang='lat' dir='ltr'><strong>nens</strong></span> <span class='ocrx_word' id='word_1_56' title='bbox 630 1085 683 1121; x_wconf 76' lang='grc' dir='ltr'><strong>ει</strong></span> <span class='ocrx_word' id='word_1_57' title='bbox 707 1068 773 1123; x_wconf 83' lang='grc' dir='ltr'>Ει</span> <span class='ocrx_word' id='word_1_58' title='bbox 804 1079 1120 1125; x_wconf 81' lang='lat' dir='ltr'><strong>convertam</strong></span> <span class='ocrx_word' id='word_1_59' title='bbox 1158 1084 1383 1125; x_wconf 86' lang='lat' dir='ltr'><strong>manum</strong></span> <span class='ocrx_word' id='word_1_60' title='bbox 1417 1085 1594 1125; x_wconf 87' lang='lat' dir='ltr'><strong>meam</strong></span> <span class='ocrx_word' id='word_1_61' title='bbox 1623 1079 1822 1127; x_wconf 86' lang='lat' dir='ltr'><strong>contra</strong></span> <span class='ocrx_word' id='word_1_62' title='bbox 1868 1070 2051 1125; x_wconf 88' lang='lat' dir='ltr'><strong>minu-</strong></span> 
     </span>
    </p>
   </div>
   <div class='ocr_carea' id='block_1_12' title="bbox 457 1160 2052 1233">
    <p class='ocr_par' dir='ltr' id='par_1_12' title="bbox 457 1160 2052 1233">
     <span class='ocr_line' id='line_1_12' title="bbox 457 1160 2052 1233; baseline 0.004 -22"><span class='ocrx_word' id='word_1_63' title='bbox 457 1167 548 1213; x_wconf 90' lang='lat' dir='ltr'><strong>tos</strong></span> <span class='ocrx_word' id='word_1_64' title='bbox 572 1169 841 1224; x_wconf 85' lang='lat' dir='ltr'><strong>pastores.</strong></span> <span class='ocrx_word' id='word_1_65' title='bbox 868 1179 887 1211; x_wconf 73' lang='grc' dir='ltr'><strong>ι</strong></span> <span class='ocrx_word' id='word_1_66' title='bbox 923 1160 1103 1231; x_wconf 88' lang='lat' dir='ltr'><strong>Siqui</strong></span> <span class='ocrx_word' id='word_1_67' title='bbox 1133 1162 1240 1216; x_wconf 85' lang='lat' dir='ltr'><strong>sub</strong></span> <span class='ocrx_word' id='word_1_68' title='bbox 1274 1162 1584 1233; x_wconf 86' lang='lat' dir='ltr'><strong>principum</strong></span> <span class='ocrx_word' id='word_1_69' title='bbox 1620 1168 1896 1233; x_wconf 81' lang='lat' dir='ltr'><strong>potestate</strong></span> <span class='ocrx_word' id='word_1_70' title='bbox 1929 1160 2052 1217; x_wconf 77' lang='lat' dir='ltr'><strong>fue-</strong></span> 
     </span>
    </p>
   </div>
   <div class='ocr_carea' id='block_1_13' title="bbox 462 1250 2051 1322">
    <p class='ocr_par' dir='ltr' id='par_1_13' title="bbox 462 1250 2051 1322">
     <span class='ocr_line' id='line_1_13' title="bbox 462 1250 2051 1322; baseline 0.003 -18"><span class='ocrx_word' id='word_1_71' title='bbox 462 1250 593 1319; x_wconf 85' lang='lat' dir='ltr'><strong>rint,</strong></span> <span class='ocrx_word' id='word_1_72' title='bbox 621 1259 675 1305; x_wconf 91' lang='lat' dir='ltr'><strong>et</strong></span> <span class='ocrx_word' id='word_1_73' title='bbox 702 1251 869 1321; x_wconf 88' lang='lat' dir='ltr'><strong>impio</strong></span> <span class='ocrx_word' id='word_1_74' title='bbox 897 1252 1114 1307; x_wconf 90' lang='lat' dir='ltr'><strong>illorum</strong></span> <span class='ocrx_word' id='word_1_75' title='bbox 1147 1252 1382 1322; x_wconf 88' lang='lat' dir='ltr'><strong>imperio</strong></span> <span class='ocrx_word' id='word_1_76' title='bbox 1424 1252 1608 1308; x_wconf 80' lang='lat' dir='ltr'><strong>favere</strong></span> <span class='ocrx_word' id='word_1_77' title='bbox 1644 1253 1941 1317; x_wconf 85' lang='lat' dir='ltr'><strong>voluerint,</strong></span> <span class='ocrx_word' id='word_1_78' title='bbox 1994 1259 2051 1309; x_wconf 87' lang='lat' dir='ltr'><strong>et</strong></span> 
     </span>
    </p>
   </div>
   <div class='ocr_carea' id='block_1_14' title="bbox 462 1342 2047 1414">
    <p class='ocr_par' dir='ltr' id='par_1_14' title="bbox 462 1342 2047 1414">
     <span class='ocr_line' id='line_1_14' title="bbox 462 1342 2047 1414; baseline 0.001 -19"><span class='ocrx_word' id='word_1_79' title='bbox 462 1342 566 1413; x_wconf 84' lang='lat' dir='ltr'><strong>ipsi</strong></span> <span class='ocrx_word' id='word_1_80' title='bbox 622 1357 841 1414; x_wconf 88' lang='lat' dir='ltr'><strong>quoque</strong></span> <span class='ocrx_word' id='word_1_81' title='bbox 902 1354 1057 1414; x_wconf 80' lang='lat' dir='ltr'><strong>parte</strong></span> <span class='ocrx_word' id='word_1_82' title='bbox 1101 1345 1285 1413; x_wconf 87' lang='lat' dir='ltr'><strong>aliqua</strong></span> <span class='ocrx_word' id='word_1_83' title='bbox 1335 1343 1500 1399; x_wconf 81' lang='lat' dir='ltr'><strong>cilicii</strong></span> <span class='ocrx_word' id='word_1_84' title='bbox 1552 1345 1656 1401; x_wconf 90' lang='lat' dir='ltr'><strong>sibi</strong></span> <span class='ocrx_word' id='word_1_85' title='bbox 1702 1345 2047 1411; x_wconf 88' lang='lat' dir='ltr'><strong>concredita,</strong></span> 
     </span>
    </p>
   </div>
   <div class='ocr_carea' id='block_1_15' title="bbox 461 1432 2040 1505">
    <p class='ocr_par' dir='ltr' id='par_1_15' title="bbox 461 1432 2040 1505">
     <span class='ocr_line' id='line_1_15' title="bbox 461 1432 2040 1505; baseline 0.004 -22"><span class='ocrx_word' id='word_1_86' title='bbox 461 1445 628 1500; x_wconf 89' lang='lat' dir='ltr'><strong>prave</strong></span> <span class='ocrx_word' id='word_1_87' title='bbox 657 1447 717 1487; x_wconf 85' lang='lat' dir='ltr'><strong>se</strong></span> <span class='ocrx_word' id='word_1_88' title='bbox 748 1447 937 1503; x_wconf 81' lang='lat' dir='ltr'><strong>gerere</strong></span> <span class='ocrx_word' id='word_1_89' title='bbox 958 1433 1244 1503; x_wconf 67' lang='lat' dir='ltr'><strong>coeperint,</strong></span> <span class='ocrx_word' id='word_1_90' title='bbox 1281 1433 1384 1488; x_wconf 88' lang='lat' dir='ltr'><strong>bos</strong></span> <span class='ocrx_word' id='word_1_91' title='bbox 1418 1433 1547 1488; x_wconf 88' lang='lat' dir='ltr'><strong>item</strong></span> <span class='ocrx_word' id='word_1_92' title='bbox 1587 1434 1834 1505; x_wconf 88' lang='lat' dir='ltr'><strong>puniam.</strong></span> <span class='ocrx_word' id='word_1_93' title='bbox 1869 1432 2040 1489; x_wconf 87' lang='lat' dir='ltr'><strong>Nam-</strong></span> 
     </span>
    </p>
   </div>
   <div class='ocr_carea' id='block_1_16' title="bbox 461 1520 1546 1594">
    <p class='ocr_par' dir='ltr' id='par_1_16' title="bbox 461 1520 1546 1594">
     <span class='ocr_line' id='line_1_16' title="bbox 461 1520 1546 1594; baseline 0.005 -22"><span class='ocrx_word' id='word_1_94' title='bbox 461 1535 569 1590; x_wconf 85' lang='lat' dir='ltr'><strong>que</strong></span> <span class='ocrx_word' id='word_1_95' title='bbox 599 1520 699 1577; x_wconf 88' lang='lat' dir='ltr'><strong>hos</strong></span> <span class='ocrx_word' id='word_1_96' title='bbox 737 1524 972 1593; x_wconf 87' lang='lat' dir='ltr'><strong>appellat</strong></span> <span class='ocrx_word' id='word_1_97' title='bbox 1000 1524 1241 1593; x_wconf 62' lang='lat' dir='ltr'><strong>minutos</strong></span> <span class='ocrx_word' id='word_1_98' title='bbox 1274 1529 1546 1594; x_wconf 77' lang='lat' dir='ltr'><strong>pastores.</strong></span> 
     </span>
    </p>
   </div>
   <div class='ocr_carea' id='block_1_17' title="bbox 2147 615 3749 692">
    <p class='ocr_par' dir='ltr' id='par_1_17' title="bbox 2147 615 3749 692">
     <span class='ocr_line' id='line_1_17' title="bbox 2147 615 3749 692; baseline -0.001 -18"><span class='ocrx_word' id='word_1_99' title='bbox 2147 619 2407 692; x_wconf 84' lang='grc' dir='ltr'>πράττειν</span> <span class='ocrx_word' id='word_1_100' title='bbox 2443 616 2622 670; x_wconf 78' lang='grc' dir='ltr'>αὐτῶν</span> <span class='ocrx_word' id='word_1_101' title='bbox 2680 615 2940 670; x_wconf 76' lang='grc' dir='ltr'><strong>ἔσπευδον</strong></span> <span class='ocrx_word' id='word_1_102' title='bbox 2976 618 3042 687; x_wconf 83' lang='grc' dir='ltr'><strong>τῇ</strong></span> <span class='ocrx_word' id='word_1_103' title='bbox 3098 616 3391 689; x_wconf 80' lang='grc' dir='ltr'>μοχθηρίᾳ.</span> <span class='ocrx_word' id='word_1_104' title='bbox 3447 637 3467 671; x_wconf 87' lang='grc' dir='ltr'><strong>ι</strong></span> <span class='ocrx_word' id='word_1_105' title='bbox 3488 618 3749 684; x_wconf 81' lang='grc' dir='ltr'>Πάταξον</span> 
     </span>
    </p>
   </div>
   <div class='ocr_carea' id='block_1_18' title="bbox 2148 706 3742 781">
    <p class='ocr_par' dir='ltr' id='par_1_18' title="bbox 2148 706 3742 781">
     <span class='ocr_line' id='line_1_18' title="bbox 2148 706 3742 781; baseline -0.001 -18"><span class='ocrx_word' id='word_1_106' title='bbox 2148 710 2242 763; x_wconf 81' lang='grc' dir='ltr'>τὸν</span> <span class='ocrx_word' id='word_1_107' title='bbox 2275 707 2531 779; x_wconf 89' lang='grc' dir='ltr'>ποιμένα,</span> <span class='ocrx_word' id='word_1_108' title='bbox 2564 707 2660 760; x_wconf 73' lang='grc' dir='ltr'><strong>καὶ</strong></span> <span class='ocrx_word' id='word_1_109' title='bbox 2689 706 3170 778; x_wconf 85' lang='grc' dir='ltr'>διασκορπισθήτω</span> <span class='ocrx_word' id='word_1_110' title='bbox 3200 706 3270 760; x_wconf 81' lang='grc' dir='ltr'>τὰ</span> <span class='ocrx_word' id='word_1_111' title='bbox 3299 707 3571 780; x_wconf 78' lang='grc' dir='ltr'>πρόϐατα.</span> <span class='ocrx_word' id='word_1_112' title='bbox 3604 727 3624 760; x_wconf 73' lang='grc' dir='ltr'><strong>ι</strong></span> <span class='ocrx_word' id='word_1_113' title='bbox 3661 710 3742 781; x_wconf 73' lang='grc' dir='ltr'><strong>Τῇ</strong></span> 
     </span>
    </p>
   </div>
   <div class='ocr_carea' id='block_1_19' title="bbox 2151 798 3745 873">
    <p class='ocr_par' dir='ltr' id='par_1_19' title="bbox 2151 798 3745 873">
     <span class='ocr_line' id='line_1_19' title="bbox 2151 798 3745 873; baseline -0.001 -16"><span class='ocrx_word' id='word_1_114' title='bbox 2151 800 2262 873; x_wconf 82' lang='grc' dir='ltr'>γὰρ</span> <span class='ocrx_word' id='word_1_115' title='bbox 2291 801 2472 871; x_wconf 74' lang='grc' dir='ltr'>πληγῇ</span> <span class='ocrx_word' id='word_1_116' title='bbox 2498 798 2567 871; x_wconf 80' lang='grc' dir='ltr'><strong>τῇ</strong></span> <span class='ocrx_word' id='word_1_117' title='bbox 2586 799 2763 871; x_wconf 73' lang='grc' dir='ltr'>οἰκεία</span> <span class='ocrx_word' id='word_1_118' title='bbox 2794 798 3024 854; x_wconf 86' lang='grc' dir='ltr'>θάνατον</span> <span class='ocrx_word' id='word_1_119' title='bbox 3056 799 3157 870; x_wconf 78' lang='grc' dir='ltr'>μὲν</span> <span class='ocrx_word' id='word_1_120' title='bbox 3184 799 3432 869; x_wconf 79' lang='grc' dir='ltr'>ἐπάγαγε</span> <span class='ocrx_word' id='word_1_121' title='bbox 3455 802 3571 864; x_wconf 66' lang='lat' dir='ltr'><strong>rei;</strong></span> <span class='ocrx_word' id='word_1_122' title='bbox 3597 800 3745 856; x_wconf 75' lang='grc' dir='ltr'>οὕτω</span> 
     </span>
    </p>
   </div>
   <div class='ocr_carea' id='block_1_20' title="bbox 2156 886 3743 962">
    <p class='ocr_par' dir='ltr' id='par_1_20' title="bbox 2156 886 3743 962">
     <span class='ocr_line' id='line_1_20' title="bbox 2156 886 3743 962; baseline -0.002 -17"><span class='ocrx_word' id='word_1_123' title='bbox 2156 891 2343 956; x_wconf 85' lang='grc' dir='ltr'>κακῶς</span> <span class='ocrx_word' id='word_1_124' title='bbox 2374 893 2440 962; x_wconf 80' lang='grc' dir='ltr'><strong>τῇ</strong></span> <span class='ocrx_word' id='word_1_125' title='bbox 2483 886 2787 962; x_wconf 72' lang='grc' dir='ltr'>προστασίᾳ</span> <span class='ocrx_word' id='word_1_126' title='bbox 2831 889 2925 943; x_wconf 81' lang='grc' dir='ltr'>τοῦ</span> <span class='ocrx_word' id='word_1_127' title='bbox 2978 889 3110 943; x_wconf 84' lang='grc' dir='ltr'>λαοῦ</span> <span class='ocrx_word' id='word_1_128' title='bbox 3162 889 3561 961; x_wconf 80' lang='grc' dir='ltr'><strong>χρησαμένοις,</strong></span> <span class='ocrx_word' id='word_1_129' title='bbox 3595 892 3743 945; x_wconf 82' lang='grc' dir='ltr'>ἆπαν</span> 
     </span>
    </p>
   </div>
   <div class='ocr_carea' id='block_1_21' title="bbox 2158 980 3741 1054">
    <p class='ocr_par' dir='ltr' id='par_1_21' title="bbox 2158 980 3741 1054">
     <span class='ocr_line' id='line_1_21' title="bbox 2158 980 3741 1054; baseline -0.001 -18"><span class='ocrx_word' id='word_1_130' title='bbox 2158 982 2218 1036; x_wconf 76' lang='grc' dir='ltr'>δὲ</span> <span class='ocrx_word' id='word_1_131' title='bbox 2249 981 2358 1036; x_wconf 83' lang='grc' dir='ltr'><strong>τῶν</strong></span> <span class='ocrx_word' id='word_1_132' title='bbox 2386 983 2848 1054; x_wconf 76' lang='grc' dir='ltr'><strong>συμπραττόντων</strong></span> <span class='ocrx_word' id='word_1_133' title='bbox 2893 980 3076 1045; x_wconf 79' lang='grc' dir='ltr'>αὐτοῖς</span> <span class='ocrx_word' id='word_1_134' title='bbox 3121 980 3183 1033; x_wconf 84' lang='grc' dir='ltr'>τὸ</span> <span class='ocrx_word' id='word_1_135' title='bbox 3211 980 3466 1050; x_wconf 82' lang='grc' dir='ltr'><strong>σύστημα</strong></span> <span class='ocrx_word' id='word_1_136' title='bbox 3514 982 3632 1052; x_wconf 76' lang='grc' dir='ltr'>ἅμα</span> <span class='ocrx_word' id='word_1_137' title='bbox 3669 984 3741 1054; x_wconf 73' lang='grc' dir='ltr'>τῇ</span> 
     </span>
    </p>
   </div>
   <div class='ocr_carea' id='block_1_22' title="bbox 2149 1070 3741 1143">
    <p class='ocr_par' dir='ltr' id='par_1_22' title="bbox 2149 1070 3741 1143">
     <span class='ocr_line' id='line_1_22' title="bbox 2149 1070 3741 1143; baseline -0.001 -18"><span class='ocrx_word' id='word_1_138' title='bbox 2149 1072 2377 1127; x_wconf 82' lang='grc' dir='ltr'>ἐκείνων</span> <span class='ocrx_word' id='word_1_139' title='bbox 2397 1072 2579 1143; x_wconf 81' lang='grc' dir='ltr'>πληγῇ</span> <span class='ocrx_word' id='word_1_140' title='bbox 2602 1071 2954 1127; x_wconf 84' lang='grc' dir='ltr'>διασκέδασον</span> <span class='ocrx_word' id='word_1_141' title='bbox 2982 1072 3047 1142; x_wconf 84' lang='grc' dir='ltr'>τῇ</span> <span class='ocrx_word' id='word_1_142' title='bbox 3070 1070 3332 1143; x_wconf 71' lang='grc' dir='ltr'>τιμωρίᾳ.</span> <span class='ocrx_word' id='word_1_143' title='bbox 3358 1070 3546 1125; x_wconf 84' lang='grc' dir='ltr'>Ταῦτα</span> <span class='ocrx_word' id='word_1_144' title='bbox 3568 1087 3741 1142; x_wconf 84' lang='grc' dir='ltr'>προσ-</span> 
     </span>
    </p>
   </div>
   <div class='ocr_carea' id='block_1_23' title="bbox 2147 1162 3737 1236">
    <p class='ocr_par' dir='ltr' id='par_1_23' title="bbox 2147 1162 3737 1236">
     <span class='ocr_line' id='line_1_23' title="bbox 2147 1162 3737 1236; baseline 0.001 -20"><span class='ocrx_word' id='word_1_145' title='bbox 2147 1164 2427 1228; x_wconf 83' lang='grc' dir='ltr'>τακτικῶς</span> <span class='ocrx_word' id='word_1_146' title='bbox 2487 1164 2726 1236; x_wconf 87' lang='grc' dir='ltr'>εἰρηκὼς</span> <span class='ocrx_word' id='word_1_147' title='bbox 2755 1164 2836 1229; x_wconf 87' lang='grc' dir='ltr'><strong>είς</strong></span> <span class='ocrx_word' id='word_1_148' title='bbox 2870 1164 2969 1234; x_wconf 79' lang='grc' dir='ltr'>τὴν</span> <span class='ocrx_word' id='word_1_149' title='bbox 3001 1162 3112 1215; x_wconf 81' lang='grc' dir='ltr'><strong>τῶν</strong></span> <span class='ocrx_word' id='word_1_150' title='bbox 3154 1162 3434 1234; x_wconf 75' lang='grc' dir='ltr'><strong>ἐσομένων</strong></span> <span class='ocrx_word' id='word_1_151' title='bbox 3480 1165 3737 1235; x_wconf 83' lang='grc' dir='ltr'>μήνυσιν,</span> 
     </span>
    </p>
   </div>
   <div class='ocr_carea' id='block_1_24' title="bbox 2147 1252 3739 1327">
    <p class='ocr_par' dir='ltr' id='par_1_24' title="bbox 2147 1252 3739 1327">
     <span class='ocr_line' id='line_1_24' title="bbox 2147 1252 3739 1327; baseline 0.001 -19"><span class='ocrx_word' id='word_1_152' title='bbox 2147 1254 2345 1325; x_wconf 82' lang='grc' dir='ltr'>ἐπάγει</span> <span class='ocrx_word' id='word_1_153' title='bbox 2375 1256 2444 1310; x_wconf 83' lang='grc' dir='ltr'>τὰ</span> <span class='ocrx_word' id='word_1_154' title='bbox 2492 1256 2622 1327; x_wconf 80' lang='grc' dir='ltr'>ἐξῆς</span> <span class='ocrx_word' id='word_1_155' title='bbox 2648 1296 2663 1322; x_wconf 93' lang='grc'><strong>,</strong></span> <span class='ocrx_word' id='word_1_156' title='bbox 2701 1256 2997 1311; x_wconf 83' lang='grc' dir='ltr'>ἀκόλουθον</span> <span class='ocrx_word' id='word_1_157' title='bbox 3039 1252 3341 1324; x_wconf 85' lang='grc' dir='ltr'>ἐπαγαγὼν</span> <span class='ocrx_word' id='word_1_158' title='bbox 3373 1258 3487 1320; x_wconf 83' lang='grc' dir='ltr'>τοῖς</span> <span class='ocrx_word' id='word_1_159' title='bbox 3531 1274 3739 1327; x_wconf 69' lang='grc' dir='ltr'>μηνυοι·</span> 
     </span>
    </p>
   </div>
   <div class='ocr_carea' id='block_1_25' title="bbox 2152 1347 3739 1420">
    <p class='ocr_par' dir='ltr' id='par_1_25' title="bbox 2152 1347 3739 1420">
     <span class='ocr_line' id='line_1_25' title="bbox 2152 1347 3739 1420; baseline 0 -20"><span class='ocrx_word' id='word_1_160' title='bbox 2152 1347 2336 1417; x_wconf 81' lang='grc' dir='ltr'>μένοις</span> <span class='ocrx_word' id='word_1_161' title='bbox 2362 1348 2458 1404; x_wconf 81' lang='grc' dir='ltr'>τοῦ</span> <span class='ocrx_word' id='word_1_162' title='bbox 2504 1348 2665 1419; x_wconf 84' lang='grc' dir='ltr'>λόγου</span> <span class='ocrx_word' id='word_1_163' title='bbox 2697 1349 2758 1402; x_wconf 82' lang='grc' dir='ltr'>τὸ</span> <span class='ocrx_word' id='word_1_164' title='bbox 2800 1348 2997 1419; x_wconf 85' lang='grc' dir='ltr'>σχῆμα</span> <span class='ocrx_word' id='word_1_165' title='bbox 3018 1363 3031 1377; x_wconf 90' lang='grc'><strong>·</strong></span> <span class='ocrx_word' id='word_1_166' title='bbox 3064 1365 3091 1405; x_wconf 80' lang='grc' dir='ltr'><strong>,ι</strong></span> <span class='ocrx_word' id='word_1_167' title='bbox 3116 1347 3236 1400; x_wconf 78' lang='grc' dir='ltr'>Καὶ</span> <span class='ocrx_word' id='word_1_168' title='bbox 3273 1347 3590 1418; x_wconf 80' lang='grc' dir='ltr'>ἐπιστρέψω</span> <span class='ocrx_word' id='word_1_169' title='bbox 3637 1348 3739 1420; x_wconf 83' lang='grc' dir='ltr'>τὴν</span> 
     </span>
    </p>
   </div>
   <div class='ocr_carea' id='block_1_26' title="bbox 2146 1438 3736 1513">
    <p class='ocr_par' dir='ltr' id='par_1_26' title="bbox 2146 1438 3736 1513">
     <span class='ocr_line' id='line_1_26' title="bbox 2146 1438 3736 1513; baseline 0.003 -23"><span class='ocrx_word' id='word_1_170' title='bbox 2146 1439 2306 1508; x_wconf 81' lang='grc' dir='ltr'>χεῖρά</span> <span class='ocrx_word' id='word_1_171' title='bbox 2325 1456 2427 1510; x_wconf 86' lang='grc' dir='ltr'><strong>μου</strong></span> <span class='ocrx_word' id='word_1_172' title='bbox 2457 1441 2552 1499; x_wconf 72' lang='grc' dir='ltr'><strong>ἐπὶ</strong></span> <span class='ocrx_word' id='word_1_173' title='bbox 2574 1441 2703 1504; x_wconf 75' lang='grc' dir='ltr'>τοὺς</span> <span class='ocrx_word' id='word_1_174' title='bbox 2735 1440 2965 1513; x_wconf 86' lang='grc' dir='ltr'>μικροὺς</span> <span class='ocrx_word' id='word_1_175' title='bbox 2989 1438 3276 1509; x_wconf 78' lang='grc' dir='ltr'>ποιμένας.</span> <span class='ocrx_word' id='word_1_176' title='bbox 3298 1457 3316 1490; x_wconf 77' lang='grc' dir='ltr'><strong>ι</strong></span> <span class='ocrx_word' id='word_1_177' title='bbox 3350 1439 3465 1492; x_wconf 76' lang='grc' dir='ltr'><strong>Καὶ</strong></span> <span class='ocrx_word' id='word_1_178' title='bbox 3496 1438 3607 1510; x_wconf 84' lang='grc' dir='ltr'><strong>γὰρ</strong></span> <span class='ocrx_word' id='word_1_179' title='bbox 3637 1440 3736 1494; x_wconf 75' lang='grc' dir='ltr'><strong>καὶ</strong></span> 
     </span>
    </p>
   </div>
   <div class='ocr_carea' id='block_1_27' title="bbox 2144 1525 3736 1607">
    <p class='ocr_par' dir='ltr' id='par_1_27' title="bbox 2144 1525 3736 1607">
     <span class='ocr_line' id='line_1_27' title="bbox 2144 1525 3736 1607; baseline 0.002 -26"><span class='ocrx_word' id='word_1_180' title='bbox 2144 1528 2202 1581; x_wconf 82' lang='grc' dir='ltr'><strong>εί</strong></span> <span class='ocrx_word' id='word_1_181' title='bbox 2230 1547 2373 1594; x_wconf 83' lang='grc' dir='ltr'>τινες</span> <span class='ocrx_word' id='word_1_182' title='bbox 2417 1531 2523 1585; x_wconf 79' lang='grc' dir='ltr'>ὑπὸ</span> <span class='ocrx_word' id='word_1_183' title='bbox 2546 1533 2664 1595; x_wconf 32' lang='grc' dir='ltr'>,τοῖς</span> <span class='ocrx_word' id='word_1_184' title='bbox 2705 1531 3028 1607; x_wconf 70' lang='grc' dir='ltr'>ἡγουμένοις</span> <span class='ocrx_word' id='word_1_185' title='bbox 3058 1525 3168 1584; x_wconf 83' lang='grc' dir='ltr'>εἷεν</span> <span class='ocrx_word' id='word_1_186' title='bbox 3192 1570 3206 1596; x_wconf 88' lang='grc'><strong>,</strong></span> <span class='ocrx_word' id='word_1_187' title='bbox 3242 1530 3621 1602; x_wconf 74' lang='grc' dir='ltr'>συμπράττειν</span> <span class='ocrx_word' id='word_1_188' title='bbox 3674 1545 3736 1584; x_wconf 74' lang='grc' dir='ltr'><strong>τε</strong></span> 
     </span>
    </p>
   </div>
   <div class='ocr_carea' id='block_1_28' title="bbox 461 1612 3737 1696">
    <p class='ocr_par' dir='ltr' id='par_1_28' title="bbox 461 1612 3737 1696">
     <span class='ocr_line' id='line_1_28' title="bbox 461 1612 3737 1696; baseline 0.004 -32"><span class='ocrx_word' id='word_1_189' title='bbox 461 1612 640 1665; x_wconf 78' lang='grc' dir='ltr'>αὐτῶν</span> <span class='ocrx_word' id='word_1_190' title='bbox 689 1615 756 1685; x_wconf 81' lang='grc' dir='ltr'>τῇ</span> <span class='ocrx_word' id='word_1_191' title='bbox 799 1614 1047 1685; x_wconf 77' lang='grc' dir='ltr'>μοχθηρᾷ</span> <span class='ocrx_word' id='word_1_192' title='bbox 1087 1616 1391 1687; x_wconf 79' lang='grc' dir='ltr'>προστασίᾳ</span> <span class='ocrx_word' id='word_1_193' title='bbox 1441 1613 1787 1685; x_wconf 83' lang='grc' dir='ltr'>βουλόμενοι,</span> <span class='ocrx_word' id='word_1_194' title='bbox 1829 1615 1925 1671; x_wconf 77' lang='grc' dir='ltr'><strong>καὶ</strong></span> <span class='ocrx_word' id='word_1_195' title='bbox 1962 1616 2028 1687; x_wconf 85' lang='grc' dir='ltr'>δὴ</span> <span class='ocrx_word' id='word_1_196' title='bbox 2074 1618 2168 1673; x_wconf 73' lang='grc' dir='ltr'><strong>καὶ</strong></span> <span class='ocrx_word' id='word_1_197' title='bbox 2211 1622 2365 1677; x_wconf 79' lang='grc' dir='ltr'>αὐτοὶ</span> <span class='ocrx_word' id='word_1_198' title='bbox 2409 1625 2552 1679; x_wconf 81' lang='grc' dir='ltr'>κατά</span> <span class='ocrx_word' id='word_1_199' title='bbox 2595 1640 2719 1678; x_wconf 86' lang='grc' dir='ltr'>τινα</span> <span class='ocrx_word' id='word_1_200' title='bbox 2758 1622 2911 1690; x_wconf 79' lang='grc' dir='ltr'>τάξιν</span> <span class='ocrx_word' id='word_1_201' title='bbox 2958 1625 3057 1696; x_wconf 79' lang='grc' dir='ltr'>τὴν</span> <span class='ocrx_word' id='word_1_202' title='bbox 3092 1622 3365 1685; x_wconf 80' lang='grc' dir='ltr'>δοκοῦσαν</span> <span class='ocrx_word' id='word_1_203' title='bbox 3410 1624 3591 1686; x_wconf 78' lang='grc' dir='ltr'>αὐτοῖς</span> <span class='ocrx_word' id='word_1_204' title='bbox 3631 1624 3737 1693; x_wconf 84' lang='grc' dir='ltr'>ἐμ-</span> 
     </span>
    </p>
   </div>
   <div class='ocr_carea' id='block_1_29' title="bbox 461 1700 3737 1789">
    <p class='ocr_par' dir='ltr' id='par_1_29' title="bbox 461 1700 3737 1789">
     <span class='ocr_line' id='line_1_29' title="bbox 461 1700 3737 1789; baseline 0.005 -35"><span class='ocrx_word' id='word_1_205' title='bbox 461 1700 874 1769; x_wconf 79' lang='grc' dir='ltr'>πεπιστεῦσθαι,</span> <span class='ocrx_word' id='word_1_206' title='bbox 920 1703 1214 1776; x_wconf 81' lang='grc' dir='ltr'>κατάρχειν</span> <span class='ocrx_word' id='word_1_207' title='bbox 1245 1703 1639 1769; x_wconf 76' lang='grc' dir='ltr'>ἐσπουδακότες</span> <span class='ocrx_word' id='word_1_208' title='bbox 1675 1704 1772 1759; x_wconf 80' lang='grc' dir='ltr'>τοῦ</span> <span class='ocrx_word' id='word_1_209' title='bbox 1794 1706 2067 1778; x_wconf 74' lang='grc' dir='ltr'>χείρονος,</span> <span class='ocrx_word' id='word_1_210' title='bbox 2120 1714 2504 1787; x_wconf 83' lang='grc' dir='ltr'>τιμωρήσομαι</span> <span class='ocrx_word' id='word_1_211' title='bbox 2536 1714 2841 1779; x_wconf 81' lang='grc' dir='ltr'>κάκείνους.</span> <span class='ocrx_word' id='word_1_212' title='bbox 2896 1716 3150 1789; x_wconf 78' lang='grc' dir='ltr'>Μικροὺς</span> <span class='ocrx_word' id='word_1_213' title='bbox 3175 1716 3285 1788; x_wconf 80' lang='grc' dir='ltr'>γὰρ</span> <span class='ocrx_word' id='word_1_214' title='bbox 3315 1714 3579 1786; x_wconf 79' lang='grc' dir='ltr'>ποιμένας</span> <span class='ocrx_word' id='word_1_215' title='bbox 3607 1716 3737 1781; x_wconf 78' lang='grc' dir='ltr'>τοὺς</span> 
     </span>
    </p>
   </div>
   <div class='ocr_carea' id='block_1_30' title="bbox 461 1792 944 1857">
    <p class='ocr_par' dir='ltr' id='par_1_30' title="bbox 461 1792 944 1857">
     <span class='ocr_line' id='line_1_30' title="bbox 461 1792 944 1857; baseline 0.002 -11"><span class='ocrx_word' id='word_1_216' title='bbox 461 1793 743 1857; x_wconf 81' lang='grc' dir='ltr'>τοιούτους</span> <span class='ocrx_word' id='word_1_217' title='bbox 768 1792 944 1847; x_wconf 80' lang='grc' dir='ltr'>καλεῖ.</span> 
     </span>
    </p>
   </div>
   <div class='ocr_carea' id='block_1_31' title="bbox 538 1880 2049 1963">
    <p class='ocr_par' dir='ltr' id='par_1_31' title="bbox 538 1884 2049 1960">
     <span class='ocr_line' id='line_1_31' title="bbox 538 1884 2049 1960; baseline 0.009 -23"><span class='ocrx_word' id='word_1_218' title='bbox 538 1884 700 1942; x_wconf 74' lang='lat' dir='ltr'><strong>Vens.</strong></span> <span class='ocrx_word' id='word_1_219' title='bbox 730 1885 787 1951; x_wconf 90' lang='lat'><strong>8,</strong></span> <span class='ocrx_word' id='word_1_220' title='bbox 822 1884 875 1941; x_wconf 89' lang='lat'><strong>9.</strong></span> <span class='ocrx_word' id='word_1_221' title='bbox 909 1885 1201 1943; x_wconf 68' lang='grc' dir='ltr'>-ιΡοειιεα</span> <span class='ocrx_word' id='word_1_222' title='bbox 1244 1901 1420 1958; x_wconf 63' lang='lat' dir='ltr'><strong>pana:</strong></span> <span class='ocrx_word' id='word_1_223' title='bbox 1465 1887 1776 1960; x_wconf 79' lang='lat' dir='ltr'><strong>aequitatem</strong></span> <span class='ocrx_word' id='word_1_224' title='bbox 1825 1889 2049 1949; x_wconf 79' lang='lat' dir='ltr'><strong>demon-</strong></span> 
     </span>
    </p>
   </div>
   <div class='ocr_carea' id='block_1_32' title="bbox 2151 1880 3735 1963">
    <p class='ocr_par' dir='ltr' id='par_1_32' title="bbox 2228 1880 3735 1963">
     <span class='ocr_line' id='line_1_32' title="bbox 2228 1880 3735 1963; baseline -0.001 -19"><span class='ocrx_word' id='word_1_225' title='bbox 2228 1890 2381 1963; x_wconf 78' lang='grc' dir='ltr'>Στίχ.</span> <span class='ocrx_word' id='word_1_226' title='bbox 2401 1888 2475 1961; x_wconf 82' lang='grc' dir='ltr'>η’,</span> <span class='ocrx_word' id='word_1_227' title='bbox 2498 1889 2565 1946; x_wconf 79' lang='grc' dir='ltr'><strong>θ’.</strong></span> <span class='ocrx_word' id='word_1_228' title='bbox 2590 1920 2657 1934; x_wconf 92' lang='grc'><strong>-</strong></span> <span class='ocrx_word' id='word_1_229' title='bbox 2679 1880 2819 1943; x_wconf 72' lang='grc' dir='ltr'>Εἶτα</span> <span class='ocrx_word' id='word_1_230' title='bbox 2862 1889 3076 1953; x_wconf 77' lang='grc' dir='ltr'>δεικνὺς</span> <span class='ocrx_word' id='word_1_231' title='bbox 3097 1888 3163 1943; x_wconf 81' lang='grc' dir='ltr'><strong>τὸ</strong></span> <span class='ocrx_word' id='word_1_232' title='bbox 3203 1888 3305 1959; x_wconf 81' lang='grc' dir='ltr'>τῆς</span> <span class='ocrx_word' id='word_1_233' title='bbox 3347 1888 3618 1960; x_wconf 87' lang='grc' dir='ltr'>τιμωρίας</span> <span class='ocrx_word' id='word_1_234' title='bbox 3653 1886 3735 1943; x_wconf 80' lang='grc' dir='ltr'>δί-</span> 
     </span>
    </p>
   </div>
   <div class='ocr_carea' id='block_1_33' title="bbox 464 1975 2049 2058">
    <p class='ocr_par' dir='ltr' id='par_1_33' title="bbox 464 1975 2049 2049">
     <span class='ocr_line' id='line_1_33' title="bbox 464 1975 2049 2049; baseline 0.006 -18"><span class='ocrx_word' id='word_1_235' title='bbox 464 1982 645 2031; x_wconf 86' lang='lat' dir='ltr'><strong>strans</strong></span> <span class='ocrx_word' id='word_1_236' title='bbox 664 2015 679 2041; x_wconf 95' lang='lat'><strong>,</strong></span> <span class='ocrx_word' id='word_1_237' title='bbox 708 1993 730 2029; x_wconf 82' lang='grc' dir='ltr'><strong>ι</strong></span> <span class='ocrx_word' id='word_1_238' title='bbox 754 1975 821 2030; x_wconf 82' lang='lat' dir='ltr'><strong>Et</strong></span> <span class='ocrx_word' id='word_1_239' title='bbox 846 1976 971 2041; x_wconf 90' lang='lat' dir='ltr'><strong>erit,</strong></span> <span class='ocrx_word' id='word_1_240' title='bbox 998 1976 1292 2049; x_wconf 87' lang='lat' dir='ltr'><strong>inquit,die</strong></span> <span class='ocrx_word' id='word_1_241' title='bbox 1313 1979 1403 2034; x_wconf 88' lang='lat' dir='ltr'><strong>illa</strong></span> <span class='ocrx_word' id='word_1_242' title='bbox 1436 1980 1494 2035; x_wconf 86' lang='lat' dir='ltr'><strong>in</strong></span> <span class='ocrx_word' id='word_1_243' title='bbox 1522 1982 1672 2036; x_wconf 86' lang='lat' dir='ltr'><strong>omni</strong></span> <span class='ocrx_word' id='word_1_244' title='bbox 1701 1990 1868 2049; x_wconf 85' lang='lat' dir='ltr'><strong>terra,</strong></span> <span class='ocrx_word' id='word_1_245' title='bbox 1918 1982 2049 2040; x_wconf 87' lang='lat' dir='ltr'><strong>dicit</strong></span> 
     </span>
    </p>
   </div>
   <div class='ocr_carea' id='block_1_34' title="bbox 2151 1975 3733 2058">
    <p class='ocr_par' dir='ltr' id='par_1_34' title="bbox 2151 1978 3733 2054">
     <span class='ocr_line' id='line_1_34' title="bbox 2151 1978 3733 2054; baseline -0.004 -14"><span class='ocrx_word' id='word_1_246' title='bbox 2151 1999 2311 2040; x_wconf 76' lang='grc' dir='ltr'>καιον</span> <span class='ocrx_word' id='word_1_247' title='bbox 2331 1999 2348 2016; x_wconf 77' lang='grc' dir='ltr'><strong>ο</strong></span> <span class='ocrx_word' id='word_1_248' title='bbox 2397 2002 2423 2044; x_wconf 70' lang='grc' dir='ltr'>.ι</span> <span class='ocrx_word' id='word_1_249' title='bbox 2461 1984 2574 2039; x_wconf 72' lang='grc' dir='ltr'><strong>Καὶ</strong></span> <span class='ocrx_word' id='word_1_250' title='bbox 2608 1983 2765 2038; x_wconf 72' lang='grc' dir='ltr'>ἔσται</span> <span class='ocrx_word' id='word_1_251' title='bbox 2806 1983 2871 2036; x_wconf 87' lang='grc' dir='ltr'><strong>ἐν</strong></span> <span class='ocrx_word' id='word_1_252' title='bbox 2898 1985 2966 2054; x_wconf 80' lang='grc' dir='ltr'><strong>τῇ</strong></span> <span class='ocrx_word' id='word_1_253' title='bbox 2996 1982 3185 2054; x_wconf 71' lang='grc' dir='ltr'>ἡμέρᾳ</span> <span class='ocrx_word' id='word_1_254' title='bbox 3235 1980 3454 2053; x_wconf 80' lang='grc' dir='ltr'>ἐκείνῃ,</span> <span class='ocrx_word' id='word_1_255' title='bbox 3485 1981 3546 2033; x_wconf 88' lang='grc' dir='ltr'><strong>ἐν</strong></span> <span class='ocrx_word' id='word_1_256' title='bbox 3578 1978 3733 2052; x_wconf 77' lang='grc' dir='ltr'>πάσῃ</span> 
     </span>
    </p>
   </div>
   <div class='ocr_carea' id='block_1_35' title="bbox 464 2065 2049 2149">
    <p class='ocr_par' dir='ltr' id='par_1_35' title="bbox 464 2065 2045 2142">
     <span class='ocr_line' id='line_1_35' title="bbox 464 2065 2045 2142; baseline 0.009 -25"><span class='ocrx_word' id='word_1_257' title='bbox 464 2065 749 2134; x_wconf 80' lang='lat' dir='ltr'><strong>Dominus,</strong></span> <span class='ocrx_word' id='word_1_258' title='bbox 777 2065 899 2122; x_wconf 73' lang='lat' dir='ltr'><strong>duas</strong></span> <span class='ocrx_word' id='word_1_259' title='bbox 919 2067 1095 2139; x_wconf 87' lang='lat' dir='ltr'><strong>ipsius</strong></span> <span class='ocrx_word' id='word_1_260' title='bbox 1117 2079 1301 2140; x_wconf 88' lang='lat' dir='ltr'><strong>partes</strong></span> <span class='ocrx_word' id='word_1_261' title='bbox 1326 2071 1583 2141; x_wconf 88' lang='lat' dir='ltr'><strong>peribunt</strong></span> <span class='ocrx_word' id='word_1_262' title='bbox 1603 2081 1657 2128; x_wconf 88' lang='lat' dir='ltr'><strong>et</strong></span> <span class='ocrx_word' id='word_1_263' title='bbox 1689 2073 1966 2142; x_wconf 80' lang='lat' dir='ltr'><strong>deﬁcient,</strong></span> <span class='ocrx_word' id='word_1_264' title='bbox 1989 2084 2045 2133; x_wconf 91' lang='lat' dir='ltr'><strong>et</strong></span> 
     </span>
    </p>
   </div>
   <div class='ocr_carea' id='block_1_36' title="bbox 2151 2065 3734 2149">
    <p class='ocr_par' dir='ltr' id='par_1_36' title="bbox 2151 2069 3734 2149">
     <span class='ocr_line' id='line_1_36' title="bbox 2151 2069 3734 2149; baseline -0.021 1"><span class='ocrx_word' id='word_1_265' title='bbox 2151 2080 2214 2149; x_wconf 76' lang='grc' dir='ltr'>τῇ</span> <span class='ocrx_word' id='word_1_266' title='bbox 2248 2080 2318 2149; x_wconf 80' lang='grc' dir='ltr'>γῇ</span> <span class='ocrx_word' id='word_1_267' title='bbox 2338 2118 2353 2143; x_wconf 72' lang='grc' dir='ltr'><strong>ν</strong></span> <span class='ocrx_word' id='word_1_268' title='bbox 2374 2076 2521 2146; x_wconf 80' lang='grc' dir='ltr'><strong>λέγει</strong></span> <span class='ocrx_word' id='word_1_269' title='bbox 2540 2076 2798 2147; x_wconf 71' lang='grc' dir='ltr'>Κύριος,</span> <span class='ocrx_word' id='word_1_270' title='bbox 2831 2072 2901 2127; x_wconf 79' lang='grc' dir='ltr'>τὰ</span> <span class='ocrx_word' id='word_1_271' title='bbox 2926 2073 3023 2135; x_wconf 79' lang='grc' dir='ltr'><strong>δύο</strong></span> <span class='ocrx_word' id='word_1_272' title='bbox 3050 2074 3219 2144; x_wconf 81' lang='grc' dir='ltr'>αὐτῆς</span> <span class='ocrx_word' id='word_1_273' title='bbox 3244 2072 3385 2144; x_wconf 78' lang='grc' dir='ltr'>μέρη</span> <span class='ocrx_word' id='word_1_274' title='bbox 3415 2069 3734 2140; x_wconf 54' lang='lat' dir='ltr'><strong>teneam-</strong></span> 
     </span>
    </p>
   </div>
   <div class='ocr_carea' id='block_1_37' title="bbox 463 2158 2049 2241">
    <p class='ocr_par' dir='ltr' id='par_1_37' title="bbox 463 2158 2048 2240">
     <span class='ocr_line' id='line_1_37' title="bbox 463 2158 2048 2240; baseline 0.008 -29"><span class='ocrx_word' id='word_1_275' title='bbox 463 2158 623 2213; x_wconf 88' lang='lat' dir='ltr'><strong>tertia</strong></span> <span class='ocrx_word' id='word_1_276' title='bbox 653 2158 996 2230; x_wconf 83' lang='lat' dir='ltr'><strong>relinquetur</strong></span> <span class='ocrx_word' id='word_1_277' title='bbox 1024 2160 1083 2215; x_wconf 91' lang='lat' dir='ltr'><strong>in</strong></span> <span class='ocrx_word' id='word_1_278' title='bbox 1109 2175 1197 2218; x_wconf 87' lang='lat' dir='ltr'><strong>ea.</strong></span> <span class='ocrx_word' id='word_1_279' title='bbox 1232 2161 1298 2216; x_wconf 86' lang='lat' dir='ltr'><strong>Et</strong></span> <span class='ocrx_word' id='word_1_280' title='bbox 1337 2162 1620 2219; x_wconf 86' lang='lat' dir='ltr'><strong>traducam</strong></span> <span class='ocrx_word' id='word_1_281' title='bbox 1673 2168 1888 2222; x_wconf 89' lang='lat' dir='ltr'><strong>tertiam</strong></span> <span class='ocrx_word' id='word_1_282' title='bbox 1927 2182 2048 2240; x_wconf 89' lang='lat' dir='ltr'><strong>par-</strong></span> 
     </span>
    </p>
   </div>
   <div class='ocr_carea' id='block_1_38' title="bbox 2151 2158 3734 2241">
    <p class='ocr_par' dir='ltr' id='par_1_38' title="bbox 2151 2158 3734 2241">
     <span class='ocr_line' id='line_1_38' title="bbox 2151 2158 3734 2241; baseline -0.006 -18"><span class='ocrx_word' id='word_1_283' title='bbox 2151 2169 2376 2241; x_wconf 86' lang='grc' dir='ltr'>θήσεται</span> <span class='ocrx_word' id='word_1_284' title='bbox 2400 2167 2497 2221; x_wconf 71' lang='grc' dir='ltr'><strong>καὶ</strong></span> <span class='ocrx_word' id='word_1_285' title='bbox 2530 2158 2812 2236; x_wconf 60' lang='grc' dir='ltr'>ίέκλείψει,</span> <span class='ocrx_word' id='word_1_286' title='bbox 2844 2165 2943 2237; x_wconf 90' lang='lat' dir='ltr'><strong>(p.</strong></span> <span class='ocrx_word' id='word_1_287' title='bbox 2973 2164 3117 2233; x_wconf 64' lang='lat'><strong>527.)</strong></span> <span class='ocrx_word' id='word_1_288' title='bbox 3164 2164 3226 2218; x_wconf 84' lang='grc' dir='ltr'>τὸ</span> <span class='ocrx_word' id='word_1_289' title='bbox 3271 2163 3329 2216; x_wconf 81' lang='grc' dir='ltr'>δὲ</span> <span class='ocrx_word' id='word_1_290' title='bbox 3370 2161 3554 2233; x_wconf 82' lang='grc' dir='ltr'>τρίτον</span> <span class='ocrx_word' id='word_1_291' title='bbox 3593 2161 3734 2215; x_wconf 81' lang='grc' dir='ltr'>ὑπο-</span> 
     </span>
    </p>
   </div>
   <div class='ocr_carea' id='block_1_39' title="bbox 461 2249 2049 2333">
    <p class='ocr_par' dir='ltr' id='par_1_39' title="bbox 461 2249 2049 2320">
     <span class='ocr_line' id='line_1_39' title="bbox 461 2249 2049 2320; baseline 0.007 -18"><span class='ocrx_word' id='word_1_292' title='bbox 461 2255 568 2304; x_wconf 88' lang='lat' dir='ltr'><strong>tem</strong></span> <span class='ocrx_word' id='word_1_293' title='bbox 592 2264 691 2320; x_wconf 89' lang='lat' dir='ltr'><strong>per</strong></span> <span class='ocrx_word' id='word_1_294' title='bbox 716 2250 898 2320; x_wconf 83' lang='lat' dir='ltr'><strong>ignem</strong></span> <span class='ocrx_word' id='word_1_295' title='bbox 919 2266 934 2316; x_wconf 90' lang='lat'><strong>;</strong></span> <span class='ocrx_word' id='word_1_296' title='bbox 956 2261 1013 2305; x_wconf 92' lang='lat' dir='ltr'><strong>et</strong></span> <span class='ocrx_word' id='word_1_297' title='bbox 1041 2249 1394 2307; x_wconf 79' lang='lat' dir='ltr'><strong>inﬂammabo</strong></span> <span class='ocrx_word' id='word_1_298' title='bbox 1425 2268 1520 2309; x_wconf 87' lang='lat' dir='ltr'><strong>eos</strong></span> <span class='ocrx_word' id='word_1_299' title='bbox 1550 2269 1650 2309; x_wconf 89' lang='lat' dir='ltr'><strong>ceu</strong></span> <span class='ocrx_word' id='word_1_300' title='bbox 1677 2254 2049 2313; x_wconf 77' lang='lat' dir='ltr'><strong>inﬂammatur</strong></span> 
     </span>
    </p>
   </div>
   <div class='ocr_carea' id='block_1_40' title="bbox 2151 2249 3728 2333">
    <p class='ocr_par' dir='ltr' id='par_1_40' title="bbox 2151 2252 3728 2333">
     <span class='ocr_line' id='line_1_40' title="bbox 2151 2252 3728 2333; baseline -0.006 -19"><span class='ocrx_word' id='word_1_301' title='bbox 2151 2260 2500 2333; x_wconf 83' lang='grc' dir='ltr'>λειφθήσεται</span> <span class='ocrx_word' id='word_1_302' title='bbox 2530 2261 2590 2313; x_wconf 89' lang='grc' dir='ltr'><strong>ἐν</strong></span> <span class='ocrx_word' id='word_1_303' title='bbox 2614 2258 2750 2330; x_wconf 78' lang='grc' dir='ltr'>αὐτῇ</span> <span class='ocrx_word' id='word_1_304' title='bbox 2768 2275 2784 2290; x_wconf 77' lang='grc'><em>’</em></span> <span class='ocrx_word' id='word_1_305' title='bbox 2809 2254 2906 2311; x_wconf 77' lang='grc' dir='ltr'><strong>καὶ</strong></span> <span class='ocrx_word' id='word_1_306' title='bbox 2925 2255 3093 2321; x_wconf 79' lang='grc' dir='ltr'>διάξω</span> <span class='ocrx_word' id='word_1_307' title='bbox 3120 2254 3182 2309; x_wconf 76' lang='grc' dir='ltr'>τὸ</span> <span class='ocrx_word' id='word_1_308' title='bbox 3209 2256 3391 2327; x_wconf 80' lang='grc' dir='ltr'>τρίτον</span> <span class='ocrx_word' id='word_1_309' title='bbox 3416 2252 3505 2311; x_wconf 81' lang='grc' dir='ltr'>διὰ</span> <span class='ocrx_word' id='word_1_310' title='bbox 3532 2252 3728 2323; x_wconf 64' lang='grc' dir='ltr'>πυρός’</span> 
     </span>
    </p>
   </div>
   <div class='ocr_carea' id='block_1_41' title="bbox 461 2342 2049 2421">
    <p class='ocr_par' dir='ltr' id='par_1_41' title="bbox 461 2343 2044 2415">
     <span class='ocr_line' id='line_1_41' title="bbox 461 2343 2044 2415; baseline 0.006 -21"><span class='ocrx_word' id='word_1_311' title='bbox 461 2350 774 2411; x_wconf 82' lang='lat' dir='ltr'><strong>argentum,</strong></span> <span class='ocrx_word' id='word_1_312' title='bbox 806 2348 862 2397; x_wconf 89' lang='lat' dir='ltr'><strong>et</strong></span> <span class='ocrx_word' id='word_1_313' title='bbox 924 2343 1171 2414; x_wconf 87' lang='lat' dir='ltr'><strong>probabo</strong></span> <span class='ocrx_word' id='word_1_314' title='bbox 1201 2358 1297 2400; x_wconf 91' lang='lat' dir='ltr'><strong>eos</strong></span> <span class='ocrx_word' id='word_1_315' title='bbox 1324 2344 1470 2399; x_wconf 84' lang='lat' dir='ltr'><strong>sicut</strong></span> <span class='ocrx_word' id='word_1_316' title='bbox 1516 2346 1781 2415; x_wconf 85' lang='lat' dir='ltr'><strong>probatur</strong></span> <span class='ocrx_word' id='word_1_317' title='bbox 1829 2361 2044 2403; x_wconf 87' lang='lat' dir='ltr'><strong>aurum.</strong></span> 
     </span>
    </p>
   </div>
   <div class='ocr_carea' id='block_1_42' title="bbox 2151 2342 3733 2421">
    <p class='ocr_par' dir='ltr' id='par_1_42' title="bbox 2151 2342 3733 2421">
     <span class='ocr_line' id='line_1_42' title="bbox 2151 2342 3733 2421; baseline -0.005 -18"><span class='ocrx_word' id='word_1_318' title='bbox 2151 2349 2246 2404; x_wconf 76' lang='grc' dir='ltr'><strong>καὶ</strong></span> <span class='ocrx_word' id='word_1_319' title='bbox 2275 2348 2515 2421; x_wconf 79' lang='grc' dir='ltr'>πυρώσω</span> <span class='ocrx_word' id='word_1_320' title='bbox 2536 2348 2739 2412; x_wconf 78' lang='grc' dir='ltr'>αὐτοὺς</span> <span class='ocrx_word' id='word_1_321' title='bbox 2786 2347 2865 2411; x_wconf 73' lang='grc' dir='ltr'><strong>ὡς</strong></span> <span class='ocrx_word' id='word_1_322' title='bbox 2895 2346 3166 2418; x_wconf 71' lang='grc' dir='ltr'>πυροῦ-ται</span> <span class='ocrx_word' id='word_1_323' title='bbox 3208 2343 3272 2398; x_wconf 80' lang='grc' dir='ltr'>τὸ</span> <span class='ocrx_word' id='word_1_324' title='bbox 3302 2342 3567 2415; x_wconf 82' lang='grc' dir='ltr'>ἀργύριον</span> <span class='ocrx_word' id='word_1_325' title='bbox 3588 2380 3604 2407; x_wconf 94' lang='grc'><strong>,</strong></span> <span class='ocrx_word' id='word_1_326' title='bbox 3636 2342 3733 2396; x_wconf 77' lang='grc' dir='ltr'><strong>καὶ</strong></span> 
     </span>
    </p>
   </div>
   <div class='ocr_carea' id='block_1_43' title="bbox 462 2433 2049 2513">
    <p class='ocr_par' dir='ltr' id='par_1_43' title="bbox 462 2433 2044 2507">
     <span class='ocr_line' id='line_1_43' title="bbox 462 2433 2044 2507; baseline 0.006 -21"><span class='ocrx_word' id='word_1_327' title='bbox 462 2433 584 2503; x_wconf 77' lang='lat' dir='ltr'><strong>Ipse</strong></span> <span class='ocrx_word' id='word_1_328' title='bbox 607 2433 882 2489; x_wconf 81' lang='lat' dir='ltr'><strong>invocabit</strong></span> <span class='ocrx_word' id='word_1_329' title='bbox 910 2451 1111 2491; x_wconf 85' lang='lat' dir='ltr'><strong>nomen</strong></span> <span class='ocrx_word' id='word_1_330' title='bbox 1145 2451 1348 2501; x_wconf 87' lang='lat' dir='ltr'><strong>meum,</strong></span> <span class='ocrx_word' id='word_1_331' title='bbox 1380 2444 1434 2492; x_wconf 91' lang='lat' dir='ltr'><strong>et</strong></span> <span class='ocrx_word' id='word_1_332' title='bbox 1454 2450 1557 2507; x_wconf 90' lang='lat' dir='ltr'><strong>ego</strong></span> <span class='ocrx_word' id='word_1_333' title='bbox 1585 2440 1872 2495; x_wconf 78' lang='lat' dir='ltr'><strong>exaudiam</strong></span> <span class='ocrx_word' id='word_1_334' title='bbox 1894 2455 2044 2497; x_wconf 86' lang='lat' dir='ltr'><strong>eum.</strong></span> 
     </span>
    </p>
   </div>
   <div class='ocr_carea' id='block_1_44' title="bbox 2151 2433 3732 2513">
    <p class='ocr_par' dir='ltr' id='par_1_44' title="bbox 2151 2434 3732 2513">
     <span class='ocr_line' id='line_1_44' title="bbox 2151 2434 3732 2513; baseline -0.006 -17"><span class='ocrx_word' id='word_1_335' title='bbox 2151 2440 2358 2513; x_wconf 83' lang='grc' dir='ltr'>δοκιμῶ</span> <span class='ocrx_word' id='word_1_336' title='bbox 2401 2442 2602 2504; x_wconf 77' lang='grc' dir='ltr'>αὐτοὺς</span> <span class='ocrx_word' id='word_1_337' title='bbox 2632 2440 2708 2504; x_wconf 84' lang='grc' dir='ltr'>ὡς</span> <span class='ocrx_word' id='word_1_338' title='bbox 2753 2438 3104 2509; x_wconf 76' lang='grc' dir='ltr'>δοκιμάζεται</span> <span class='ocrx_word' id='word_1_339' title='bbox 3147 2437 3209 2491; x_wconf 86' lang='grc' dir='ltr'>τὸ</span> <span class='ocrx_word' id='word_1_340' title='bbox 3262 2435 3517 2508; x_wconf 75' lang='grc' dir='ltr'>χρυσίονο</span> <span class='ocrx_word' id='word_1_341' title='bbox 3567 2434 3732 2497; x_wconf 77' lang='grc' dir='ltr'>αὐτὸς</span> 
     </span>
    </p>
   </div>
   <div class='ocr_carea' id='block_1_45' title="bbox 440 2518 2049 2603">
    <p class='ocr_par' dir='ltr' id='par_1_45' title="bbox 440 2526 2049 2603">
     <span class='ocr_line' id='line_1_45' title="bbox 440 2526 2049 2603; baseline 0.006 -23"><span class='ocrx_word' id='word_1_342' title='bbox 440 2526 794 2598; x_wconf 70' lang='grc' dir='ltr'>ὐἱοεηιιιιιει</span> <span class='ocrx_word' id='word_1_343' title='bbox 829 2527 1070 2598; x_wconf 84' lang='lat' dir='ltr'><strong>Populus</strong></span> <span class='ocrx_word' id='word_1_344' title='bbox 1090 2543 1245 2584; x_wconf 92' lang='lat' dir='ltr'><strong>meus</strong></span> <span class='ocrx_word' id='word_1_345' title='bbox 1274 2528 1366 2584; x_wconf 88' lang='lat' dir='ltr'><strong>hic</strong></span> <span class='ocrx_word' id='word_1_346' title='bbox 1391 2536 1496 2584; x_wconf 86' lang='lat' dir='ltr'><strong>est.</strong></span> <span class='ocrx_word' id='word_1_347' title='bbox 1526 2546 1552 2581; x_wconf 69' lang='grc' dir='ltr'><strong>ι</strong></span> <span class='ocrx_word' id='word_1_348' title='bbox 1586 2530 1745 2595; x_wconf 80' lang='lat' dir='ltr'><strong>Quod</strong></span> <span class='ocrx_word' id='word_1_349' title='bbox 1769 2532 1822 2586; x_wconf 91' lang='lat' dir='ltr'><strong>hi</strong></span> <span class='ocrx_word' id='word_1_350' title='bbox 1840 2530 2049 2603; x_wconf 83' lang='lat' dir='ltr'><strong>justam</strong></span> 
     </span>
    </p>
   </div>
   <div class='ocr_carea' id='block_1_46' title="bbox 2151 2518 3731 2603">
    <p class='ocr_par' dir='ltr' id='par_1_46' title="bbox 2151 2518 3731 2601">
     <span class='ocr_line' id='line_1_46' title="bbox 2151 2518 3731 2601; baseline -0.006 -14"><span class='ocrx_word' id='word_1_351' title='bbox 2151 2531 2535 2587; x_wconf 76' lang='grc' dir='ltr'>ἐπικαλέσεται</span> <span class='ocrx_word' id='word_1_352' title='bbox 2583 2530 2647 2584; x_wconf 87' lang='grc' dir='ltr'>τὸ</span> <span class='ocrx_word' id='word_1_353' title='bbox 2692 2529 2862 2601; x_wconf 73' lang='grc' dir='ltr'>δνομά</span> <span class='ocrx_word' id='word_1_354' title='bbox 2889 2546 2989 2600; x_wconf 89' lang='grc' dir='ltr'><strong>μου</strong></span> <span class='ocrx_word' id='word_1_355' title='bbox 3015 2528 3156 2593; x_wconf 71' lang='grc' dir='ltr'>,καὶ</span> <span class='ocrx_word' id='word_1_356' title='bbox 3186 2518 3316 2595; x_wconf 80' lang='grc' dir='ltr'>,ἐγὼ</span> <span class='ocrx_word' id='word_1_357' title='bbox 3352 2527 3731 2595; x_wconf 81' lang='grc' dir='ltr'>ἐπακούσομαι</span> 
     </span>
    </p>
   </div>
   <div class='ocr_carea' id='block_1_47' title="bbox 461 2614 2049 2696">
    <p class='ocr_par' dir='ltr' id='par_1_47' title="bbox 461 2618 2049 2694">
     <span class='ocr_line' id='line_1_47' title="bbox 461 2618 2049 2694; baseline 0.005 -23"><span class='ocrx_word' id='word_1_358' title='bbox 461 2618 737 2688; x_wconf 82' lang='lat' dir='ltr'><strong>patientur</strong></span> <span class='ocrx_word' id='word_1_359' title='bbox 793 2633 1033 2690; x_wconf 65' lang='lat' dir='ltr'><strong>poenam,</strong></span> <span class='ocrx_word' id='word_1_360' title='bbox 1083 2635 1173 2675; x_wconf 88' lang='lat' dir='ltr'><strong>res</strong></span> <span class='ocrx_word' id='word_1_361' title='bbox 1213 2620 1334 2690; x_wconf 90' lang='lat' dir='ltr'><strong>ipsa</strong></span> <span class='ocrx_word' id='word_1_362' title='bbox 1390 2619 1751 2690; x_wconf 88' lang='lat' dir='ltr'><strong>demonstrat,</strong></span> <span class='ocrx_word' id='word_1_363' title='bbox 1789 2624 2049 2694; x_wconf 85' lang='lat' dir='ltr'><strong>quoniam</strong></span> 
     </span>
    </p>
   </div>
   <div class='ocr_carea' id='block_1_48' title="bbox 2151 2614 3730 2696">
    <p class='ocr_par' dir='ltr' id='par_1_48' title="bbox 2151 2614 3730 2696">
     <span class='ocr_line' id='line_1_48' title="bbox 2151 2614 3730 2696; baseline -0.007 -17"><span class='ocrx_word' id='word_1_364' title='bbox 2151 2625 2297 2696; x_wconf 80' lang='grc' dir='ltr'>αὐτῷ</span> <span class='ocrx_word' id='word_1_365' title='bbox 2314 2640 2330 2657; x_wconf 87' lang='grc'><strong>·</strong></span> <span class='ocrx_word' id='word_1_366' title='bbox 2354 2625 2451 2678; x_wconf 77' lang='grc' dir='ltr'><strong>καὶ</strong></span> <span class='ocrx_word' id='word_1_367' title='bbox 2471 2622 2600 2696; x_wconf 83' lang='grc' dir='ltr'>ἐρῶ,</span> <span class='ocrx_word' id='word_1_368' title='bbox 2628 2621 2772 2685; x_wconf 78' lang='grc' dir='ltr'>Λαός</span> <span class='ocrx_word' id='word_1_369' title='bbox 2799 2638 2899 2692; x_wconf 88' lang='grc' dir='ltr'><strong>μου</strong></span> <span class='ocrx_word' id='word_1_370' title='bbox 2925 2614 3078 2683; x_wconf 75' lang='grc' dir='ltr'>οὗτος</span> <span class='ocrx_word' id='word_1_371' title='bbox 3102 2620 3254 2673; x_wconf 81' lang='grc' dir='ltr'>ἐστι’</span> <span class='ocrx_word' id='word_1_372' title='bbox 3283 2618 3376 2672; x_wconf 76' lang='grc' dir='ltr'><strong>καὶ</strong></span> <span class='ocrx_word' id='word_1_373' title='bbox 3400 2616 3564 2683; x_wconf 70' lang='grc' dir='ltr'>αὐτὸς</span> <span class='ocrx_word' id='word_1_374' title='bbox 3591 2618 3730 2687; x_wconf 78' lang='grc' dir='ltr'>ἐρεῖ,</span> 
     </span>
    </p>
   </div>
   <div class='ocr_carea' id='block_1_49' title="bbox 462 2709 2050 2782">
    <p class='ocr_par' dir='ltr' id='par_1_49' title="bbox 462 2709 2050 2782">
     <span class='ocr_line' id='line_1_49' title="bbox 462 2709 2050 2782; baseline 0.006 -20"><span class='ocrx_word' id='word_1_375' title='bbox 462 2716 669 2764; x_wconf 86' lang='lat' dir='ltr'><strong>tantam</strong></span> <span class='ocrx_word' id='word_1_376' title='bbox 722 2709 971 2767; x_wconf 81' lang='lat' dir='ltr'><strong>fecerunt</strong></span> <span class='ocrx_word' id='word_1_377' title='bbox 1024 2711 1210 2781; x_wconf 91' lang='lat' dir='ltr'><strong>populi</strong></span> <span class='ocrx_word' id='word_1_378' title='bbox 1238 2711 1486 2782; x_wconf 79' lang='lat' dir='ltr'><strong>adpejus</strong></span> <span class='ocrx_word' id='word_1_379' title='bbox 1514 2711 1960 2781; x_wconf 78' lang='lat' dir='ltr'><strong>declinationem,</strong></span> <span class='ocrx_word' id='word_1_380' title='bbox 1989 2724 2050 2771; x_wconf 92' lang='lat' dir='ltr'><strong>ut</strong></span> 
     </span>
    </p>
   </div>
   <div class='ocr_carea' id='block_1_50' title="bbox 462 2801 2051 2879">
    <p class='ocr_par' dir='ltr' id='par_1_50' title="bbox 462 2801 2051 2879">
     <span class='ocr_line' id='line_1_50' title="bbox 462 2801 2051 2879; baseline 0.008 -27"><span class='ocrx_word' id='word_1_381' title='bbox 462 2801 584 2857; x_wconf 62' lang='lat' dir='ltr'><strong>duas</strong></span> <span class='ocrx_word' id='word_1_382' title='bbox 633 2802 819 2873; x_wconf 79' lang='lat' dir='ltr'><strong>populi</strong></span> <span class='ocrx_word' id='word_1_383' title='bbox 866 2812 1051 2872; x_wconf 88' lang='lat' dir='ltr'><strong>partes</strong></span> <span class='ocrx_word' id='word_1_384' title='bbox 1102 2802 1172 2858; x_wconf 89' lang='lat' dir='ltr'><strong>ad</strong></span> <span class='ocrx_word' id='word_1_385' title='bbox 1220 2804 1411 2859; x_wconf 80' lang='lat' dir='ltr'><strong>vitium</strong></span> <span class='ocrx_word' id='word_1_386' title='bbox 1458 2806 1726 2877; x_wconf 61' lang='lat' dir='ltr'><strong>prolapsa</strong></span> <span class='ocrx_word' id='word_1_387' title='bbox 1781 2809 2051 2879; x_wconf 86' lang='lat' dir='ltr'><strong>supplicio</strong></span> 
     </span>
    </p>
   </div>
   <div class='ocr_carea' id='block_1_51' title="bbox 462 2890 2053 2969">
    <p class='ocr_par' dir='ltr' id='par_1_51' title="bbox 462 2890 2053 2969">
     <span class='ocr_line' id='line_1_51' title="bbox 462 2890 2053 2969; baseline 0.006 -24"><span class='ocrx_word' id='word_1_388' title='bbox 462 2890 674 2946; x_wconf 63' lang='lat' dir='ltr'><strong>tradita:</strong></span> <span class='ocrx_word' id='word_1_389' title='bbox 706 2890 838 2948; x_wconf 87' lang='lat' dir='ltr'><strong>sint.</strong></span> <span class='ocrx_word' id='word_1_390' title='bbox 887 2890 1158 2949; x_wconf 67' lang='lat' dir='ltr'><strong>Cmterum</strong></span> <span class='ocrx_word' id='word_1_391' title='bbox 1207 2890 1351 2950; x_wconf 83' lang='lat' dir='ltr'><strong>duas</strong></span> <span class='ocrx_word' id='word_1_392' title='bbox 1370 2903 1561 2965; x_wconf 88' lang='lat' dir='ltr'><strong>partes</strong></span> <span class='ocrx_word' id='word_1_393' title='bbox 1599 2896 1755 2963; x_wconf 88' lang='lat' dir='ltr'><strong>dicit,</strong></span> <span class='ocrx_word' id='word_1_394' title='bbox 1800 2911 1901 2968; x_wconf 89' lang='lat' dir='ltr'><strong>pro</strong></span> <span class='ocrx_word' id='word_1_395' title='bbox 1937 2899 2053 2969; x_wconf 88' lang='lat' dir='ltr'><strong>plu-</strong></span> 
     </span>
    </p>
   </div>
   <div class='ocr_carea' id='block_1_52' title="bbox 463 2980 2052 3060">
    <p class='ocr_par' dir='ltr' id='par_1_52' title="bbox 463 2980 2052 3060">
     <span class='ocr_line' id='line_1_52' title="bbox 463 2980 2052 3060; baseline 0.007 -25"><span class='ocrx_word' id='word_1_396' title='bbox 463 2982 639 3041; x_wconf 85' lang='lat' dir='ltr'><strong>rimis.</strong></span> <span class='ocrx_word' id='word_1_397' title='bbox 685 2980 1053 3038; x_wconf 87' lang='lat' dir='ltr'><strong>Nibilominus</strong></span> <span class='ocrx_word' id='word_1_398' title='bbox 1106 2983 1255 3039; x_wconf 88' lang='lat' dir='ltr'><strong>haud</strong></span> <span class='ocrx_word' id='word_1_399' title='bbox 1294 2986 1454 3054; x_wconf 87' lang='lat' dir='ltr'><strong>pauci</strong></span> <span class='ocrx_word' id='word_1_400' title='bbox 1493 2985 1674 3042; x_wconf 86' lang='lat' dir='ltr'><strong>adhuc</strong></span> <span class='ocrx_word' id='word_1_401' title='bbox 1722 2999 2052 3060; x_wconf 79' lang='lat' dir='ltr'><strong>supererunt</strong></span> 
     </span>
    </p>
   </div>
   <div class='ocr_carea' id='block_1_53' title="bbox 464 3073 2053 3152">
    <p class='ocr_par' dir='ltr' id='par_1_53' title="bbox 464 3073 2053 3152">
     <span class='ocr_line' id='line_1_53' title="bbox 464 3073 2053 3152; baseline 0.008 -25"><span class='ocrx_word' id='word_1_402' title='bbox 464 3074 770 3130; x_wconf 83' lang='lat' dir='ltr'><strong>honestatis</strong></span> <span class='ocrx_word' id='word_1_403' title='bbox 803 3073 970 3146; x_wconf 78' lang='lat'><strong>356</strong></span> <span class='ocrx_word' id='word_1_404' title='bbox 1002 3081 1299 3141; x_wconf 85' lang='lat' dir='ltr'><strong>amatores,</strong></span> <span class='ocrx_word' id='word_1_405' title='bbox 1334 3079 1733 3148; x_wconf 88' lang='lat' dir='ltr'><strong>quanquam-hi</strong></span> <span class='ocrx_word' id='word_1_406' title='bbox 1764 3082 2053 3152; x_wconf 86' lang='lat' dir='ltr'><strong>pauciores</strong></span> 
     </span>
    </p>
   </div>
   <div class='ocr_carea' id='block_1_54' title="bbox 463 3165 2053 3245">
    <p class='ocr_par' dir='ltr' id='par_1_54' title="bbox 463 3165 2053 3245">
     <span class='ocr_line' id='line_1_54' title="bbox 463 3165 2053 3245; baseline 0.007 -25"><span class='ocrx_word' id='word_1_407' title='bbox 463 3165 609 3221; x_wconf 87' lang='lat' dir='ltr'><strong>illis:</strong></span> <span class='ocrx_word' id='word_1_408' title='bbox 641 3165 696 3220; x_wconf 88' lang='lat' dir='ltr'><strong>id</strong></span> <span class='ocrx_word' id='word_1_409' title='bbox 729 3166 874 3220; x_wconf 91' lang='lat' dir='ltr'><strong>enim</strong></span> <span class='ocrx_word' id='word_1_410' title='bbox 904 3167 1197 3222; x_wconf 86' lang='lat' dir='ltr'><strong>denotatur</strong></span> <span class='ocrx_word' id='word_1_411' title='bbox 1240 3174 1477 3229; x_wconf 75' lang='lat' dir='ltr'><strong>artertia</strong></span> <span class='ocrx_word' id='word_1_412' title='bbox 1494 3182 1711 3243; x_wconf 65' lang='lat' dir='ltr'><strong>parte»:</strong></span> <span class='ocrx_word' id='word_1_413' title='bbox 1761 3175 1855 3245; x_wconf 91' lang='lat' dir='ltr'><strong>qui</strong></span> <span class='ocrx_word' id='word_1_414' title='bbox 1886 3176 2053 3232; x_wconf 84' lang='lat' dir='ltr'><strong>veluti</strong></span> 
     </span>
    </p>
   </div>
   <div class='ocr_carea' id='block_1_55' title="bbox 2150 2708 3734 2788">
    <p class='ocr_par' dir='ltr' id='par_1_55' title="bbox 2150 2708 3734 2788">
     <span class='ocr_line' id='line_1_55' title="bbox 2150 2708 3734 2788; baseline -0.008 -16"><span class='ocrx_word' id='word_1_415' title='bbox 2150 2716 2355 2788; x_wconf 83' lang='grc' dir='ltr'>Κύριος</span> <span class='ocrx_word' id='word_1_416' title='bbox 2377 2717 2407 2770; x_wconf 81' lang='grc' dir='ltr'><strong>ὁ</strong></span> <span class='ocrx_word' id='word_1_417' title='bbox 2437 2715 2570 2778; x_wconf 84' lang='grc' dir='ltr'>Θεός</span> <span class='ocrx_word' id='word_1_418' title='bbox 2606 2731 2727 2785; x_wconf 84' lang='grc' dir='ltr'>μου.</span> <span class='ocrx_word' id='word_1_419' title='bbox 2749 2732 2774 2767; x_wconf 66' lang='grc' dir='ltr'><strong>ι</strong></span> <span class='ocrx_word' id='word_1_420' title='bbox 2808 2714 2931 2775; x_wconf 81' lang='grc' dir='ltr'>Ὅτι</span> <span class='ocrx_word' id='word_1_421' title='bbox 2958 2713 3067 2783; x_wconf 75' lang='grc' dir='ltr'>γὰρ</span> <span class='ocrx_word' id='word_1_422' title='bbox 3086 2750 3102 2774; x_wconf 97' lang='grc'><strong>,</strong></span> <span class='ocrx_word' id='word_1_423' title='bbox 3144 2711 3277 2781; x_wconf 83' lang='grc' dir='ltr'><strong>φησί</strong></span> <span class='ocrx_word' id='word_1_424' title='bbox 3298 2750 3314 2777; x_wconf 88' lang='grc'><strong>,</strong></span> <span class='ocrx_word' id='word_1_425' title='bbox 3340 2709 3555 2763; x_wconf 85' lang='grc' dir='ltr'>δικαίαν</span> <span class='ocrx_word' id='word_1_426' title='bbox 3597 2708 3734 2760; x_wconf 83' lang='grc' dir='ltr'>ὑπο-</span> 
     </span>
    </p>
   </div>
   <div class='ocr_carea' id='block_1_56' title="bbox 2152 2799 3732 2879">
    <p class='ocr_par' dir='ltr' id='par_1_56' title="bbox 2152 2799 3732 2879">
     <span class='ocr_line' id='line_1_56' title="bbox 2152 2799 3732 2879; baseline -0.007 -16"><span class='ocrx_word' id='word_1_427' title='bbox 2152 2807 2408 2879; x_wconf 79' lang='grc' dir='ltr'>μενοῦσιν</span> <span class='ocrx_word' id='word_1_428' title='bbox 2452 2808 2502 2861; x_wconf 87' lang='grc' dir='ltr'>οἱ</span> <span class='ocrx_word' id='word_1_429' title='bbox 2550 2806 2782 2859; x_wconf 79' lang='grc' dir='ltr'>τοιοῦτοι</span> <span class='ocrx_word' id='word_1_430' title='bbox 2832 2805 2932 2876; x_wconf 78' lang='grc' dir='ltr'>τὴν</span> <span class='ocrx_word' id='word_1_431' title='bbox 2981 2803 3271 2875; x_wconf 80' lang='grc' dir='ltr'>τιμωρίαν,</span> <span class='ocrx_word' id='word_1_432' title='bbox 3310 2800 3443 2856; x_wconf 79' lang='grc' dir='ltr'>αὐτὸ</span> <span class='ocrx_word' id='word_1_433' title='bbox 3492 2799 3642 2869; x_wconf 72' lang='grc' dir='ltr'>δηλοῖ</span> <span class='ocrx_word' id='word_1_434' title='bbox 3668 2799 3732 2853; x_wconf 70' lang='grc' dir='ltr'><strong>τὸ</strong></span> 
     </span>
    </p>
   </div>
   <div class='ocr_carea' id='block_1_57' title="bbox 2152 2889 3731 2969">
    <p class='ocr_par' dir='ltr' id='par_1_57' title="bbox 2152 2889 3731 2969">
     <span class='ocr_line' id='line_1_57' title="bbox 2152 2889 3731 2969; baseline -0.004 -19"><span class='ocrx_word' id='word_1_435' title='bbox 2152 2898 2424 2969; x_wconf 81' lang='grc' dir='ltr'>πρᾶγμα,</span> <span class='ocrx_word' id='word_1_436' title='bbox 2464 2896 2514 2950; x_wconf 74' lang='grc' dir='ltr'>οἳ</span> <span class='ocrx_word' id='word_1_437' title='bbox 2547 2896 2815 2966; x_wconf 84' lang='grc' dir='ltr'>τοσαύτην</span> <span class='ocrx_word' id='word_1_438' title='bbox 2858 2892 3131 2965; x_wconf 68' lang='grc' dir='ltr'>ἐποίησαν</span> <span class='ocrx_word' id='word_1_439' title='bbox 3164 2892 3256 2945; x_wconf 81' lang='grc' dir='ltr'>ἐπὶ</span> <span class='ocrx_word' id='word_1_440' title='bbox 3299 2890 3362 2944; x_wconf 78' lang='grc' dir='ltr'>τὸ</span> <span class='ocrx_word' id='word_1_441' title='bbox 3405 2892 3586 2962; x_wconf 85' lang='grc' dir='ltr'>χεῖρον</span> <span class='ocrx_word' id='word_1_442' title='bbox 3634 2889 3731 2944; x_wconf 77' lang='grc' dir='ltr'>τοῦ</span> 
     </span>
    </p>
   </div>
   <div class='ocr_carea' id='block_1_58' title="bbox 2148 2980 3732 3060">
    <p class='ocr_par' dir='ltr' id='par_1_58' title="bbox 2148 2980 3732 3060">
     <span class='ocr_line' id='line_1_58' title="bbox 2148 2980 3732 3060; baseline -0.006 -17"><span class='ocrx_word' id='word_1_443' title='bbox 2148 2988 2340 3053; x_wconf 71' lang='grc' dir='ltr'>ἔθνους</span> <span class='ocrx_word' id='word_1_444' title='bbox 2366 2988 2463 3060; x_wconf 80' lang='grc' dir='ltr'>τὴν</span> <span class='ocrx_word' id='word_1_445' title='bbox 2495 2986 2772 3059; x_wconf 73' lang='grc' dir='ltr'>ἐκτροπὴν</span> <span class='ocrx_word' id='word_1_446' title='bbox 2794 3025 2811 3051; x_wconf 90' lang='grc'><strong>,</strong></span> <span class='ocrx_word' id='word_1_447' title='bbox 2843 2985 2983 3041; x_wconf 83' lang='grc' dir='ltr'>ὥστε</span> <span class='ocrx_word' id='word_1_448' title='bbox 3016 2983 3086 3038; x_wconf 80' lang='grc' dir='ltr'><strong>τὰ</strong></span> <span class='ocrx_word' id='word_1_449' title='bbox 3125 2983 3220 3037; x_wconf 88' lang='grc' dir='ltr'><strong>δύο</strong></span> <span class='ocrx_word' id='word_1_450' title='bbox 3264 2982 3405 3054; x_wconf 87' lang='grc' dir='ltr'>μέρη</span> <span class='ocrx_word' id='word_1_451' title='bbox 3451 2980 3550 3034; x_wconf 78' lang='grc' dir='ltr'>τοῦ</span> <span class='ocrx_word' id='word_1_452' title='bbox 3594 2980 3732 3035; x_wconf 75' lang='grc' dir='ltr'>λαοῦ</span> 
     </span>
    </p>
   </div>
   <div class='ocr_carea' id='block_1_59' title="bbox 2156 3070 3734 3152">
    <p class='ocr_par' dir='ltr' id='par_1_59' title="bbox 2156 3070 3734 3152">
     <span class='ocr_line' id='line_1_59' title="bbox 2156 3070 3734 3152; baseline -0.004 -18"><span class='ocrx_word' id='word_1_453' title='bbox 2156 3079 2398 3152; x_wconf 77' lang='grc' dir='ltr'>ῥέψαντα</span> <span class='ocrx_word' id='word_1_454' title='bbox 2443 3077 2581 3149; x_wconf 76' lang='grc' dir='ltr'>πρὸς</span> <span class='ocrx_word' id='word_1_455' title='bbox 2627 3077 2687 3131; x_wconf 80' lang='grc' dir='ltr'>τὸ</span> <span class='ocrx_word' id='word_1_456' title='bbox 2739 3078 2922 3148; x_wconf 85' lang='grc' dir='ltr'>χεῖρον</span> <span class='ocrx_word' id='word_1_457' title='bbox 2957 3073 3195 3146; x_wconf 56' lang='lat' dir='ltr'><strong>nymph;</strong></span> <span class='ocrx_word' id='word_1_458' title='bbox 3231 3072 3633 3145; x_wconf 80' lang='grc' dir='ltr'>παραδοθῆναι·</span> <span class='ocrx_word' id='word_1_459' title='bbox 3661 3070 3734 3127; x_wconf 81' lang='grc' dir='ltr'>τὰ</span> 
     </span>
    </p>
   </div>
   <div class='ocr_carea' id='block_1_60' title="bbox 2152 3164 3733 3242">
    <p class='ocr_par' dir='ltr' id='par_1_60' title="bbox 2152 3164 3733 3242">
     <span class='ocr_line' id='line_1_60' title="bbox 2152 3164 3733 3242; baseline -0.007 -17"><span class='ocrx_word' id='word_1_460' title='bbox 2152 3170 2211 3225; x_wconf 83' lang='grc' dir='ltr'>δὲ</span> <span class='ocrx_word' id='word_1_461' title='bbox 2237 3171 2331 3226; x_wconf 87' lang='grc' dir='ltr'><strong>δύο</strong></span> <span class='ocrx_word' id='word_1_462' title='bbox 2382 3170 2524 3242; x_wconf 81' lang='grc' dir='ltr'>μέρη</span> <span class='ocrx_word' id='word_1_463' title='bbox 2556 3169 2719 3240; x_wconf 68' lang='grc' dir='ltr'>φησιν</span> <span class='ocrx_word' id='word_1_464' title='bbox 2738 3209 2753 3234; x_wconf 94' lang='grc'><strong>,</strong></span> <span class='ocrx_word' id='word_1_465' title='bbox 2786 3169 2880 3221; x_wconf 73' lang='grc' dir='ltr'>ἵνα</span> <span class='ocrx_word' id='word_1_466' title='bbox 2905 3166 3036 3241; x_wconf 73' lang='grc' dir='ltr'>εἴπῃ</span> <span class='ocrx_word' id='word_1_467' title='bbox 3062 3167 3188 3231; x_wconf 80' lang='grc' dir='ltr'>τοὺς</span> <span class='ocrx_word' id='word_1_468' title='bbox 3215 3164 3527 3237; x_wconf 75' lang='grc' dir='ltr'>πλείστους.</span> <span class='ocrx_word' id='word_1_469' title='bbox 3572 3164 3733 3221; x_wconf 81' lang='grc' dir='ltr'>Ἀλλὰ</span> 
     </span>
    </p>
   </div>
   <div class='ocr_carea' id='block_1_61' title="bbox 465 3254 2049 3338">
    <p class='ocr_par' dir='ltr' id='par_1_61' title="bbox 465 3259 2049 3338">
     <span class='ocr_line' id='line_1_61' title="bbox 465 3259 2049 3338; baseline 0.005 -23"><span class='ocrx_word' id='word_1_470' title='bbox 465 3260 591 3332; x_wconf 83' lang='lat' dir='ltr'><strong>igne</strong></span> <span class='ocrx_word' id='word_1_471' title='bbox 615 3260 876 3329; x_wconf 89' lang='lat' dir='ltr'><strong>quodam,</strong></span> <span class='ocrx_word' id='word_1_472' title='bbox 910 3259 1243 3318; x_wconf 73' lang='lat' dir='ltr'><strong>indictorum</strong></span> <span class='ocrx_word' id='word_1_473' title='bbox 1268 3262 1539 3317; x_wconf 87' lang='lat' dir='ltr'><strong>malorum</strong></span> <span class='ocrx_word' id='word_1_474' title='bbox 1565 3266 1835 3334; x_wconf 79' lang='lat' dir='ltr'><strong>gravitate</strong></span> <span class='ocrx_word' id='word_1_475' title='bbox 1859 3268 2049 3338; x_wconf 76' lang='lat' dir='ltr'><strong>proba-</strong></span> 
     </span>
    </p>
   </div>
   <div class='ocr_carea' id='block_1_62' title="bbox 2151 3254 3734 3338">
    <p class='ocr_par' dir='ltr' id='par_1_62' title="bbox 2151 3254 3734 3336">
     <span class='ocr_line' id='line_1_62' title="bbox 2151 3254 3734 3336; baseline -0.006 -17"><span class='ocrx_word' id='word_1_476' title='bbox 2151 3264 2264 3336; x_wconf 78' lang='grc' dir='ltr'>γὰρ</span> <span class='ocrx_word' id='word_1_477' title='bbox 2294 3262 2477 3327; x_wconf 77' lang='grc' dir='ltr'>οὕτως</span> <span class='ocrx_word' id='word_1_478' title='bbox 2512 3260 2995 3332; x_wconf 72' lang='grc' dir='ltr'>ὺπολειφθήσονται</span> <span class='ocrx_word' id='word_1_479' title='bbox 3035 3259 3135 3313; x_wconf 80' lang='grc' dir='ltr'><strong>οὐκ</strong></span> <span class='ocrx_word' id='word_1_480' title='bbox 3166 3257 3335 3329; x_wconf 81' lang='grc' dir='ltr'>ὀλίγοι</span> <span class='ocrx_word' id='word_1_481' title='bbox 3377 3255 3472 3311; x_wconf 81' lang='grc' dir='ltr'><strong>τοῦ</strong></span> <span class='ocrx_word' id='word_1_482' title='bbox 3517 3254 3734 3323; x_wconf 73' lang='grc' dir='ltr'>δέοντος</span> 
     </span>
    </p>
   </div>
   <div class='ocr_carea' id='block_1_63' title="bbox 465 3343 2049 3430">
    <p class='ocr_par' dir='ltr' id='par_1_63' title="bbox 465 3350 2048 3430">
     <span class='ocr_line' id='line_1_63' title="bbox 465 3350 2048 3430; baseline 0.006 -25"><span class='ocrx_word' id='word_1_483' title='bbox 465 3350 530 3416; x_wconf 88' lang='lat' dir='ltr'><strong>ti,</strong></span> <span class='ocrx_word' id='word_1_484' title='bbox 562 3351 741 3419; x_wconf 83' lang='lat' dir='ltr'><strong>majus</strong></span> <span class='ocrx_word' id='word_1_485' title='bbox 766 3351 983 3407; x_wconf 83' lang='lat' dir='ltr'><strong>virtutis</strong></span> <span class='ocrx_word' id='word_1_486' title='bbox 1016 3351 1254 3422; x_wconf 73' lang='lat' dir='ltr'><strong>pr0priae</strong></span> <span class='ocrx_word' id='word_1_487' title='bbox 1295 3352 1571 3422; x_wconf 90' lang='lat' dir='ltr'><strong>specimen</strong></span> <span class='ocrx_word' id='word_1_488' title='bbox 1604 3355 1891 3422; x_wconf 87' lang='lat' dir='ltr'><strong>dederunt,</strong></span> <span class='ocrx_word' id='word_1_489' title='bbox 1923 3360 2048 3430; x_wconf 87' lang='lat' dir='ltr'><strong>plu-</strong></span> 
     </span>
    </p>
   </div>
   <div class='ocr_carea' id='block_1_64' title="bbox 2151 3343 3733 3430">
    <p class='ocr_par' dir='ltr' id='par_1_64' title="bbox 2151 3343 3733 3427">
     <span class='ocr_line' id='line_1_64' title="bbox 2151 3343 3733 3427; baseline -0.008 -17"><span class='ocrx_word' id='word_1_490' title='bbox 2151 3355 2416 3427; x_wconf 72' lang='grc' dir='ltr'>ἐρασταὶ,</span> <span class='ocrx_word' id='word_1_491' title='bbox 2448 3356 2497 3407; x_wconf 79' lang='grc' dir='ltr'><strong>εἰ</strong></span> <span class='ocrx_word' id='word_1_492' title='bbox 2535 3354 2631 3407; x_wconf 77' lang='grc' dir='ltr'><strong>καὶ</strong></span> <span class='ocrx_word' id='word_1_493' title='bbox 2673 3352 2928 3415; x_wconf 77' lang='grc' dir='ltr'>ἐλάττους</span> <span class='ocrx_word' id='word_1_494' title='bbox 2970 3350 3197 3404; x_wconf 76' lang='grc' dir='ltr'>ἐκείνων</span> <span class='ocrx_word' id='word_1_495' title='bbox 3227 3343 3372 3417; x_wconf 65' lang='grc' dir='ltr'>οὗτοι</span> <span class='ocrx_word' id='word_1_496' title='bbox 3396 3363 3411 3379; x_wconf 69' lang='grc' dir='ltr'>θ</span> <span class='ocrx_word' id='word_1_497' title='bbox 3439 3345 3595 3400; x_wconf 73' lang='grc' dir='ltr'>τοῦτο</span> <span class='ocrx_word' id='word_1_498' title='bbox 3622 3346 3733 3418; x_wconf 79' lang='grc' dir='ltr'>γὰρ</span> 
     </span>
    </p>
   </div>
   <div class='ocr_carea' id='block_1_65' title="bbox 464 3439 2048 3511">
    <p class='ocr_par' dir='ltr' id='par_1_65' title="bbox 464 3439 2048 3511">
     <span class='ocr_line' id='line_1_65' title="bbox 464 3439 2048 3511; baseline 0.007 -17"><span class='ocrx_word' id='word_1_499' title='bbox 464 3440 605 3495; x_wconf 89' lang='lat' dir='ltr'><strong>rima</strong></span> <span class='ocrx_word' id='word_1_500' title='bbox 637 3440 785 3510; x_wconf 87' lang='lat' dir='ltr'><strong>passi</strong></span> <span class='ocrx_word' id='word_1_501' title='bbox 810 3441 971 3507; x_wconf 88' lang='lat' dir='ltr'><strong>mala,</strong></span> <span class='ocrx_word' id='word_1_502' title='bbox 1019 3456 1197 3511; x_wconf 89' lang='lat' dir='ltr'><strong>neque</strong></span> <span class='ocrx_word' id='word_1_503' title='bbox 1245 3439 1449 3497; x_wconf 89' lang='lat' dir='ltr'><strong>idcirco</strong></span> <span class='ocrx_word' id='word_1_504' title='bbox 1504 3456 1533 3495; x_wconf 91' lang='lat' dir='ltr'><strong>a</strong></span> <span class='ocrx_word' id='word_1_505' title='bbox 1566 3458 1689 3499; x_wconf 90' lang='lat' dir='ltr'><strong>meo</strong></span> <span class='ocrx_word' id='word_1_506' title='bbox 1733 3445 2048 3505; x_wconf 76' lang='lat' dir='ltr'><strong>deﬁcientes</strong></span> 
     </span>
    </p>
   </div>
   <div class='ocr_carea' id='block_1_66' title="bbox 465 3533 2048 3606">
    <p class='ocr_par' dir='ltr' id='par_1_66' title="bbox 465 3533 2048 3606">
     <span class='ocr_line' id='line_1_66' title="bbox 465 3533 2048 3606; baseline 0.005 -18"><span class='ocrx_word' id='word_1_507' title='bbox 465 3548 651 3590; x_wconf 83' lang='lat' dir='ltr'><strong>amore</strong></span> <span class='ocrx_word' id='word_1_508' title='bbox 686 3551 699 3588; x_wconf 91' lang='lat'><strong>:</strong></span> <span class='ocrx_word' id='word_1_509' title='bbox 737 3534 831 3604; x_wconf 89' lang='lat' dir='ltr'><strong>qui</strong></span> <span class='ocrx_word' id='word_1_510' title='bbox 880 3534 945 3589; x_wconf 90' lang='lat' dir='ltr'><strong>ad</strong></span> <span class='ocrx_word' id='word_1_511' title='bbox 987 3533 1247 3589; x_wconf 81' lang='lat' dir='ltr'><strong>auxilium</strong></span> <span class='ocrx_word' id='word_1_512' title='bbox 1305 3549 1487 3590; x_wconf 90' lang='lat' dir='ltr'><strong>meum</strong></span> <span class='ocrx_word' id='word_1_513' title='bbox 1548 3536 1928 3606; x_wconf 85' lang='lat' dir='ltr'><strong>respicientes,</strong></span> <span class='ocrx_word' id='word_1_514' title='bbox 1981 3555 2048 3597; x_wconf 90' lang='lat' dir='ltr'><strong>eo</strong></span> 
     </span>
    </p>
   </div>
   <div class='ocr_carea' id='block_1_67' title="bbox 467 3622 2047 3698">
    <p class='ocr_par' dir='ltr' id='par_1_67' title="bbox 467 3622 2047 3698">
     <span class='ocr_line' id='line_1_67' title="bbox 467 3622 2047 3698; baseline 0.006 -21"><span class='ocrx_word' id='word_1_515' title='bbox 467 3622 615 3694; x_wconf 79' lang='lat' dir='ltr'><strong>digni</strong></span> <span class='ocrx_word' id='word_1_516' title='bbox 643 3623 886 3682; x_wconf 82' lang='lat' dir='ltr'><strong>fuerunt.</strong></span> <span class='ocrx_word' id='word_1_517' title='bbox 928 3625 1040 3698; x_wconf 84' lang='lat' dir='ltr'><strong>Ego</strong></span> <span class='ocrx_word' id='word_1_518' title='bbox 1103 3640 1231 3682; x_wconf 89' lang='lat' dir='ltr'><strong>vero</strong></span> <span class='ocrx_word' id='word_1_519' title='bbox 1291 3640 1387 3682; x_wconf 90' lang='lat' dir='ltr'><strong>eos</strong></span> <span class='ocrx_word' id='word_1_520' title='bbox 1442 3627 1497 3681; x_wconf 93' lang='lat' dir='ltr'><strong>in</strong></span> <span class='ocrx_word' id='word_1_521' title='bbox 1526 3642 1759 3684; x_wconf 88' lang='lat' dir='ltr'><strong>numero</strong></span> <span class='ocrx_word' id='word_1_522' title='bbox 1798 3644 2047 3688; x_wconf 88' lang='lat' dir='ltr'><strong>meorum</strong></span> 
     </span>
    </p>
   </div>
   <div class='ocr_carea' id='block_1_68' title="bbox 465 3716 2048 3789">
    <p class='ocr_par' dir='ltr' id='par_1_68' title="bbox 465 3716 2048 3789">
     <span class='ocr_line' id='line_1_68' title="bbox 465 3716 2048 3789; baseline 0.003 -17"><span class='ocrx_word' id='word_1_523' title='bbox 465 3716 746 3783; x_wconf 84' lang='lat' dir='ltr'><strong>collocavi,</strong></span> <span class='ocrx_word' id='word_1_524' title='bbox 783 3729 957 3772; x_wconf 89' lang='lat' dir='ltr'><strong>meam</strong></span> <span class='ocrx_word' id='word_1_525' title='bbox 1008 3718 1286 3788; x_wconf 86' lang='lat' dir='ltr'><strong>spondens</strong></span> <span class='ocrx_word' id='word_1_526' title='bbox 1314 3731 1536 3784; x_wconf 88' lang='lat' dir='ltr'><strong>curam;</strong></span> <span class='ocrx_word' id='word_1_527' title='bbox 1566 3718 1759 3789; x_wconf 89' lang='lat' dir='ltr'><strong>illique</strong></span> <span class='ocrx_word' id='word_1_528' title='bbox 1800 3720 2048 3778; x_wconf 83' lang='lat' dir='ltr'><strong>vicissim</strong></span> 
     </span>
    </p>
   </div>
   <div class='ocr_carea' id='block_1_69' title="bbox 2153 3437 3732 3518">
    <p class='ocr_par' dir='ltr' id='par_1_69' title="bbox 2153 3437 3732 3518">
     <span class='ocr_line' id='line_1_69' title="bbox 2153 3437 3732 3518; baseline -0.006 -18"><span class='ocrx_word' id='word_1_529' title='bbox 2153 3446 2300 3517; x_wconf 83' lang='grc' dir='ltr'>λέγει</span> <span class='ocrx_word' id='word_1_530' title='bbox 2338 3464 2358 3498; x_wconf 81' lang='grc' dir='ltr'><strong>ι</strong></span> <span class='ocrx_word' id='word_1_531' title='bbox 2380 3445 2442 3499; x_wconf 80' lang='grc' dir='ltr'>τὸ</span> <span class='ocrx_word' id='word_1_532' title='bbox 2460 3444 2639 3518; x_wconf 86' lang='grc' dir='ltr'>τρίτον</span> <span class='ocrx_word' id='word_1_533' title='bbox 2662 3461 2677 3478; x_wconf 77' lang='grc' dir='ltr'><strong>ο</strong></span> <span class='ocrx_word' id='word_1_534' title='bbox 2696 3464 2716 3497; x_wconf 77' lang='grc' dir='ltr'><strong>ι</strong></span> <span class='ocrx_word' id='word_1_535' title='bbox 2751 3443 2801 3497; x_wconf 80' lang='grc' dir='ltr'>οἳ</span> <span class='ocrx_word' id='word_1_536' title='bbox 2834 3442 3022 3514; x_wconf 83' lang='grc' dir='ltr'>ὥσπερ</span> <span class='ocrx_word' id='word_1_537' title='bbox 3047 3441 3136 3496; x_wconf 79' lang='grc' dir='ltr'>διὰ</span> <span class='ocrx_word' id='word_1_538' title='bbox 3163 3441 3332 3512; x_wconf 86' lang='grc' dir='ltr'>πυρός</span> <span class='ocrx_word' id='word_1_539' title='bbox 3358 3458 3503 3504; x_wconf 87' lang='grc' dir='ltr'>τινος</span> <span class='ocrx_word' id='word_1_540' title='bbox 3532 3437 3610 3510; x_wconf 78' lang='grc' dir='ltr'>τῷ</span> <span class='ocrx_word' id='word_1_541' title='bbox 3635 3454 3732 3509; x_wconf 85' lang='grc' dir='ltr'>με-</span> 
     </span>
    </p>
   </div>
   <div class='ocr_carea' id='block_1_70' title="bbox 2153 3530 3730 3610">
    <p class='ocr_par' dir='ltr' id='par_1_70' title="bbox 2153 3530 3730 3610">
     <span class='ocr_line' id='line_1_70' title="bbox 2153 3530 3730 3610; baseline -0.008 -16"><span class='ocrx_word' id='word_1_542' title='bbox 2153 3539 2304 3610; x_wconf 85' lang='grc' dir='ltr'>γέθει</span> <span class='ocrx_word' id='word_1_543' title='bbox 2348 3537 2455 3592; x_wconf 84' lang='grc' dir='ltr'><strong>τῶν</strong></span> <span class='ocrx_word' id='word_1_544' title='bbox 2480 3535 2824 3608; x_wconf 72' lang='grc' dir='ltr'>ἐπαχθέντων</span> <span class='ocrx_word' id='word_1_545' title='bbox 2852 3535 3034 3604; x_wconf 77' lang='grc' dir='ltr'>αὐτοῖς</span> <span class='ocrx_word' id='word_1_546' title='bbox 3063 3533 3248 3601; x_wconf 84' lang='grc' dir='ltr'>κακῶν</span> <span class='ocrx_word' id='word_1_547' title='bbox 3284 3530 3730 3603; x_wconf 71' lang='grc' dir='ltr'>δοκιμασθέντες,</span> 
     </span>
    </p>
   </div>
   <div class='ocr_carea' id='block_1_71' title="bbox 2157 3618 3733 3699">
    <p class='ocr_par' dir='ltr' id='par_1_71' title="bbox 2157 3618 3733 3699">
     <span class='ocr_line' id='line_1_71' title="bbox 2157 3618 3733 3699; baseline -0.006 -19"><span class='ocrx_word' id='word_1_548' title='bbox 2157 3626 2379 3699; x_wconf 77' lang='grc' dir='ltr'>μείζονα</span> <span class='ocrx_word' id='word_1_549' title='bbox 2401 3625 2502 3695; x_wconf 82' lang='grc' dir='ltr'>τῆς</span> <span class='ocrx_word' id='word_1_550' title='bbox 2526 3625 2726 3696; x_wconf 83' lang='grc' dir='ltr'>ἀρετῆς</span> <span class='ocrx_word' id='word_1_551' title='bbox 2751 3624 2850 3694; x_wconf 86' lang='grc' dir='ltr'>τῆς</span> <span class='ocrx_word' id='word_1_552' title='bbox 2878 3621 3081 3683; x_wconf 80' lang='grc' dir='ltr'>οἰκείας</span> <span class='ocrx_word' id='word_1_553' title='bbox 3118 3621 3452 3693; x_wconf 79' lang='grc' dir='ltr'>παρέσχοντο</span> <span class='ocrx_word' id='word_1_554' title='bbox 3472 3620 3569 3691; x_wconf 81' lang='grc' dir='ltr'>τὴν</span> <span class='ocrx_word' id='word_1_555' title='bbox 3596 3618 3733 3675; x_wconf 77' lang='grc' dir='ltr'><strong>ἀπό-</strong></span> 
     </span>
    </p>
   </div>
   <div class='ocr_carea' id='block_1_72' title="bbox 2151 3709 3733 3786">
    <p class='ocr_par' dir='ltr' id='par_1_72' title="bbox 2151 3709 3733 3786">
     <span class='ocr_line' id='line_1_72' title="bbox 2151 3709 3733 3786; baseline -0.008 -12"><span class='ocrx_word' id='word_1_556' title='bbox 2151 3715 2349 3784; x_wconf 80' lang='grc' dir='ltr'>δειξιν,</span> <span class='ocrx_word' id='word_1_557' title='bbox 2395 3716 2621 3770; x_wconf 88' lang='grc' dir='ltr'>πλεῖστα</span> <span class='ocrx_word' id='word_1_558' title='bbox 2657 3714 2756 3786; x_wconf 89' lang='grc' dir='ltr'><strong>μέν</strong></span> <span class='ocrx_word' id='word_1_559' title='bbox 2783 3714 2883 3767; x_wconf 84' lang='grc' dir='ltr'>ὅσα</span> <span class='ocrx_word' id='word_1_560' title='bbox 2920 3712 3396 3784; x_wconf 73' lang='grc' dir='ltr'>ύπομεμενηκάτες</span> <span class='ocrx_word' id='word_1_561' title='bbox 3427 3709 3604 3773; x_wconf 74' lang='grc' dir='ltr'>κακὰ,</span> <span class='ocrx_word' id='word_1_562' title='bbox 3640 3710 3733 3761; x_wconf 85' lang='grc' dir='ltr'>ού-</span> 
     </span>
    </p>
   </div>
   <div class='ocr_carea' id='block_1_73' title="bbox 455 3799 2049 3881">
    <p class='ocr_par' dir='ltr' id='par_1_73' title="bbox 455 3806 2049 3880">
     <span class='ocr_line' id='line_1_73' title="bbox 455 3806 2049 3880; baseline 0.003 -17"><span class='ocrx_word' id='word_1_563' title='bbox 455 3822 598 3863; x_wconf 72' lang='lat' dir='ltr'><strong>suas</strong></span> <span class='ocrx_word' id='word_1_564' title='bbox 619 3823 709 3862; x_wconf 88' lang='lat' dir='ltr'><strong>res</strong></span> <span class='ocrx_word' id='word_1_565' title='bbox 746 3822 938 3863; x_wconf 83' lang='lat' dir='ltr'><strong>omnes</strong></span> <span class='ocrx_word' id='word_1_566' title='bbox 979 3806 1281 3866; x_wconf 89' lang='lat' dir='ltr'><strong>dominatui</strong></span> <span class='ocrx_word' id='word_1_567' title='bbox 1323 3808 1739 3880; x_wconf 84' lang='lat' dir='ltr'><strong>patrocinioque</strong></span> <span class='ocrx_word' id='word_1_568' title='bbox 1765 3825 1887 3867; x_wconf 91' lang='lat' dir='ltr'><strong>meo</strong></span> <span class='ocrx_word' id='word_1_569' title='bbox 1912 3826 2049 3868; x_wconf 89' lang='lat' dir='ltr'><strong>con-</strong></span> 
     </span>
    </p>
   </div>
   <div class='ocr_carea' id='block_1_74' title="bbox 2151 3799 3732 3881">
    <p class='ocr_par' dir='ltr' id='par_1_74' title="bbox 2151 3799 3732 3881">
     <span class='ocr_line' id='line_1_74' title="bbox 2151 3799 3732 3881; baseline -0.009 -16"><span class='ocrx_word' id='word_1_570' title='bbox 2151 3808 2318 3881; x_wconf 81' lang='grc' dir='ltr'>δαμοῦ</span> <span class='ocrx_word' id='word_1_571' title='bbox 2353 3808 2409 3862; x_wconf 82' lang='grc' dir='ltr'>δὲ</span> <span class='ocrx_word' id='word_1_572' title='bbox 2428 3807 2530 3878; x_wconf 80' lang='grc' dir='ltr'>τῆς</span> <span class='ocrx_word' id='word_1_573' title='bbox 2554 3807 2682 3878; x_wconf 74' lang='grc' dir='ltr'>περὶ</span> <span class='ocrx_word' id='word_1_574' title='bbox 2707 3806 2810 3877; x_wconf 79' lang='grc' dir='ltr'>ἐμὲ</span> <span class='ocrx_word' id='word_1_575' title='bbox 2838 3803 3132 3867; x_wconf 76' lang='grc' dir='ltr'>ἐκστάντες</span> <span class='ocrx_word' id='word_1_576' title='bbox 3158 3802 3383 3865; x_wconf 77' lang='grc' dir='ltr'>,εὐνοίας</span> <span class='ocrx_word' id='word_1_577' title='bbox 3406 3818 3419 3833; x_wconf 73' lang='grc' dir='ltr'><strong><em>ο</em></strong></span> <span class='ocrx_word' id='word_1_578' title='bbox 3456 3799 3509 3855; x_wconf 83' lang='grc' dir='ltr'>οἳ</span> <span class='ocrx_word' id='word_1_579' title='bbox 3548 3801 3603 3854; x_wconf 82' lang='grc' dir='ltr'>δὲ</span> <span class='ocrx_word' id='word_1_580' title='bbox 3635 3799 3732 3863; x_wconf 75' lang='grc' dir='ltr'>καὶ</span> 
     </span>
    </p>
   </div>
   <div class='ocr_carea' id='block_1_75' title="bbox 466 3895 2049 3959">
    <p class='ocr_par' dir='ltr' id='par_1_75' title="bbox 466 3895 2049 3959">
     <span class='ocr_line' id='line_1_75' title="bbox 466 3895 2049 3959; baseline 0.005 -8"><span class='ocrx_word' id='word_1_581' title='bbox 466 3896 837 3953; x_wconf 88' lang='lat' dir='ltr'><strong>crediderunt.</strong></span> <span class='ocrx_word' id='word_1_582' title='bbox 873 3895 1012 3953; x_wconf 74' lang='lat' dir='ltr'><strong>Exin</strong></span> <span class='ocrx_word' id='word_1_583' title='bbox 1036 3898 1218 3955; x_wconf 91' lang='lat' dir='ltr'><strong>denuo</strong></span> <span class='ocrx_word' id='word_1_584' title='bbox 1243 3898 1459 3953; x_wconf 89' lang='lat' dir='ltr'><strong>locutus</strong></span> <span class='ocrx_word' id='word_1_585' title='bbox 1482 3898 1551 3953; x_wconf 87' lang='lat' dir='ltr'><strong>de</strong></span> <span class='ocrx_word' id='word_1_586' title='bbox 1584 3898 1905 3959; x_wconf 81' lang='lat' dir='ltr'><strong>dominante</strong></span> <span class='ocrx_word' id='word_1_587' title='bbox 1932 3919 2049 3959; x_wconf 84' lang='lat' dir='ltr'><strong>ma-</strong></span> 
     </span>
    </p>
   </div>
   <div class='ocr_carea' id='block_1_76' title="bbox 2146 3889 3729 3972">
    <p class='ocr_par' dir='ltr' id='par_1_76' title="bbox 2146 3889 3729 3972">
     <span class='ocr_line' id='line_1_76' title="bbox 2146 3889 3729 3972; baseline -0.007 -17"><span class='ocrx_word' id='word_1_588' title='bbox 2146 3900 2286 3972; x_wconf 81' lang='grc' dir='ltr'>πρὸς</span> <span class='ocrx_word' id='word_1_589' title='bbox 2321 3899 2420 3970; x_wconf 82' lang='grc' dir='ltr'>τὴν</span> <span class='ocrx_word' id='word_1_590' title='bbox 2467 3897 2607 3969; x_wconf 82' lang='grc' dir='ltr'>ἐμὴν</span> <span class='ocrx_word' id='word_1_591' title='bbox 2655 3896 2902 3968; x_wconf 77' lang='grc' dir='ltr'>βοήθειαν</span> <span class='ocrx_word' id='word_1_592' title='bbox 2935 3892 3072 3949; x_wconf 75' lang='grc' dir='ltr'>εἶδον</span> <span class='ocrx_word' id='word_1_593' title='bbox 3112 3893 3206 3949; x_wconf 73' lang='grc' dir='ltr'><strong>καὶ</strong></span> <span class='ocrx_word' id='word_1_594' title='bbox 3228 3894 3562 3971; x_wconf 65' lang='grc' dir='ltr'>τετυχήκασι</span> <span class='ocrx_word' id='word_1_595' title='bbox 3596 3889 3729 3945; x_wconf 89' lang='grc' dir='ltr'>ταύ-</span> 
     </span>
    </p>
   </div>
   <div class='ocr_carea' id='block_1_77' title="bbox 460 3982 2049 4064">
    <p class='ocr_par' dir='ltr' id='par_1_77' title="bbox 460 3986 2049 4060">
     <span class='ocr_line' id='line_1_77' title="bbox 460 3986 2049 4060; baseline 0.006 -19"><span class='ocrx_word' id='word_1_596' title='bbox 460 3986 606 4053; x_wconf 77' lang='lat' dir='ltr'><strong>litia,</strong></span> <span class='ocrx_word' id='word_1_597' title='bbox 638 3987 798 4057; x_wconf 84' lang='lat' dir='ltr'><strong>culpa</strong></span> <span class='ocrx_word' id='word_1_598' title='bbox 823 4002 1016 4042; x_wconf 89' lang='lat' dir='ltr'><strong>eorum</strong></span> <span class='ocrx_word' id='word_1_599' title='bbox 1068 3988 1164 4058; x_wconf 91' lang='lat' dir='ltr'><strong>qui</strong></span> <span class='ocrx_word' id='word_1_600' title='bbox 1193 3988 1336 4045; x_wconf 86' lang='lat' dir='ltr'><strong>male</strong></span> <span class='ocrx_word' id='word_1_601' title='bbox 1362 3988 1532 4044; x_wconf 90' lang='lat' dir='ltr'><strong>rebus</strong></span> <span class='ocrx_word' id='word_1_602' title='bbox 1550 4000 1841 4060; x_wconf 71' lang='lat' dir='ltr'><strong>pmerant,</strong></span> <span class='ocrx_word' id='word_1_603' title='bbox 1874 4001 1929 4049; x_wconf 91' lang='lat' dir='ltr'><strong>et</strong></span> <span class='ocrx_word' id='word_1_604' title='bbox 1981 3995 2049 4051; x_wconf 88' lang='lat' dir='ltr'><strong>de</strong></span> 
     </span>
    </p>
   </div>
   <div class='ocr_carea' id='block_1_78' title="bbox 2151 3982 3823 4064">
    <p class='ocr_par' dir='ltr' id='par_1_78' title="bbox 2151 3982 3823 4064">
     <span class='ocr_line' id='line_1_78' title="bbox 2151 3982 3823 4064; baseline -0.005 -18"><span class='ocrx_word' id='word_1_605' title='bbox 2151 4010 2247 4064; x_wconf 82' lang='grc' dir='ltr'><strong>της</strong></span> <span class='ocrx_word' id='word_1_606' title='bbox 2266 4009 2280 4024; x_wconf 78' lang='grc'><em>’</em></span> <span class='ocrx_word' id='word_1_607' title='bbox 2300 3989 2417 4060; x_wconf 83' lang='grc' dir='ltr'>ἐγώ</span> <span class='ocrx_word' id='word_1_608' title='bbox 2453 4007 2512 4043; x_wconf 86' lang='grc' dir='ltr'><strong>τε</strong></span> <span class='ocrx_word' id='word_1_609' title='bbox 2539 3989 2650 4060; x_wconf 83' lang='grc' dir='ltr'>γὰρ</span> <span class='ocrx_word' id='word_1_610' title='bbox 2673 3989 2872 4051; x_wconf 81' lang='grc' dir='ltr'>αὐτοὺς</span> <span class='ocrx_word' id='word_1_611' title='bbox 2896 3984 3128 4049; x_wconf 79' lang='grc' dir='ltr'>οἰκείους</span> <span class='ocrx_word' id='word_1_612' title='bbox 3160 3984 3365 4055; x_wconf 78' lang='grc' dir='ltr'>ἐθέμην</span> <span class='ocrx_word' id='word_1_613' title='bbox 3385 4028 3401 4051; x_wconf 89' lang='grc'><strong>,</strong></span> <span class='ocrx_word' id='word_1_614' title='bbox 3425 3983 3526 4056; x_wconf 73' lang='grc' dir='ltr'>τὴν</span> <span class='ocrx_word' id='word_1_615' title='bbox 3564 3982 3730 4052; x_wconf 77' lang='grc' dir='ltr'>κηδει-</span> <span class='ocrx_word' id='word_1_616' title='bbox 3816 4024 3823 4029; x_wconf 81' lang='grc'><strong>-</strong></span> 
     </span>
    </p>
   </div>
   <div class='ocr_carea' id='block_1_79' title="bbox 467 4075 2049 4157">
    <p class='ocr_par' dir='ltr' id='par_1_79' title="bbox 467 4078 2049 4150">
     <span class='ocr_line' id='line_1_79' title="bbox 467 4078 2049 4150; baseline 0.006 -17"><span class='ocrx_word' id='word_1_617' title='bbox 467 4078 674 4135; x_wconf 80' lang='lat' dir='ltr'><strong>inﬂicta</strong></span> <span class='ocrx_word' id='word_1_618' title='bbox 705 4079 911 4135; x_wconf 88' lang='lat' dir='ltr'><strong>idcirco</strong></span> <span class='ocrx_word' id='word_1_619' title='bbox 960 4079 1067 4134; x_wconf 88' lang='lat' dir='ltr'><strong>illis</strong></span> <span class='ocrx_word' id='word_1_620' title='bbox 1110 4094 1298 4150; x_wconf 70' lang='lat' dir='ltr'><strong>poena,</strong></span> <span class='ocrx_word' id='word_1_621' title='bbox 1360 4088 1629 4136; x_wconf 89' lang='lat' dir='ltr'><strong>memorat</strong></span> <span class='ocrx_word' id='word_1_622' title='bbox 1681 4084 1925 4142; x_wconf 87' lang='lat' dir='ltr'><strong>vicissim</strong></span> <span class='ocrx_word' id='word_1_623' title='bbox 1963 4096 2049 4143; x_wconf 89' lang='lat' dir='ltr'><strong>tu—</strong></span> 
     </span>
    </p>
   </div>
   <div class='ocr_carea' id='block_1_80' title="bbox 2151 4075 3730 4157">
    <p class='ocr_par' dir='ltr' id='par_1_80' title="bbox 2151 4075 3730 4157">
     <span class='ocr_line' id='line_1_80' title="bbox 2151 4075 3730 4157; baseline -0.007 -19"><span class='ocrx_word' id='word_1_624' title='bbox 2151 4084 2343 4157; x_wconf 85' lang='grc' dir='ltr'>μονίαν</span> <span class='ocrx_word' id='word_1_625' title='bbox 2368 4081 2738 4152; x_wconf 81' lang='grc' dir='ltr'>ὑποσχόμενος</span> <span class='ocrx_word' id='word_1_626' title='bbox 2766 4079 2866 4151; x_wconf 81' lang='grc' dir='ltr'>τὴν</span> <span class='ocrx_word' id='word_1_627' title='bbox 2914 4078 3056 4150; x_wconf 78' lang='grc' dir='ltr'>ἐμὴν</span> <span class='ocrx_word' id='word_1_628' title='bbox 3078 4117 3094 4143; x_wconf 92' lang='grc'><strong>,</strong></span> <span class='ocrx_word' id='word_1_629' title='bbox 3131 4077 3371 4145; x_wconf 61' lang='grc' dir='ltr'>κάκεῖνοι</span> <span class='ocrx_word' id='word_1_630' title='bbox 3408 4077 3466 4133; x_wconf 83' lang='grc' dir='ltr'>δὲ</span> <span class='ocrx_word' id='word_1_631' title='bbox 3497 4078 3557 4134; x_wconf 75' lang='grc' dir='ltr'><strong>ἐν</strong></span> <span class='ocrx_word' id='word_1_632' title='bbox 3603 4075 3730 4145; x_wconf 73' lang='grc' dir='ltr'>ἐμοὶ</span> 
     </span>
    </p>
   </div>
   <div class='ocr_carea' id='block_1_81' title="bbox 465 4166 2049 4250">
    <p class='ocr_par' dir='ltr' id='par_1_81' title="bbox 465 4170 2049 4250">
     <span class='ocr_line' id='line_1_81' title="bbox 465 4170 2049 4250; baseline 0.006 -27"><span class='ocrx_word' id='word_1_633' title='bbox 465 4171 628 4225; x_wconf 89' lang='lat' dir='ltr'><strong>telam</strong></span> <span class='ocrx_word' id='word_1_634' title='bbox 665 4185 820 4234; x_wconf 86' lang='lat' dir='ltr'><strong>suam</strong></span> <span class='ocrx_word' id='word_1_635' title='bbox 854 4186 1016 4242; x_wconf 89' lang='lat' dir='ltr'><strong>quam</strong></span> <span class='ocrx_word' id='word_1_636' title='bbox 1046 4171 1151 4227; x_wconf 89' lang='lat' dir='ltr'><strong>sibi</strong></span> <span class='ocrx_word' id='word_1_637' title='bbox 1180 4170 1353 4227; x_wconf 70' lang='lat' dir='ltr'><strong>.tirme</strong></span> <span class='ocrx_word' id='word_1_638' title='bbox 1380 4170 1782 4231; x_wconf 79' lang='lat' dir='ltr'><strong>adhaerentibus</strong></span> <span class='ocrx_word' id='word_1_639' title='bbox 1821 4176 2049 4250; x_wconf 85' lang='lat' dir='ltr'><strong>largitu-</strong></span> 
     </span>
    </p>
   </div>
   <div class='ocr_carea' id='block_1_82' title="bbox 2151 4166 3731 4250">
    <p class='ocr_par' dir='ltr' id='par_1_82' title="bbox 2151 4166 3731 4243">
     <span class='ocr_line' id='line_1_82' title="bbox 2151 4166 3731 4243; baseline -0.009 -11"><span class='ocrx_word' id='word_1_640' title='bbox 2151 4177 2216 4232; x_wconf 67' lang='grc' dir='ltr'>τὸ</span> <span class='ocrx_word' id='word_1_641' title='bbox 2243 4178 2352 4231; x_wconf 79' lang='grc' dir='ltr'>πᾶν</span> <span class='ocrx_word' id='word_1_642' title='bbox 2389 4174 2597 4238; x_wconf 76' lang='grc' dir='ltr'>ἔθεντο,</span> <span class='ocrx_word' id='word_1_643' title='bbox 2626 4175 2692 4243; x_wconf 82' lang='grc' dir='ltr'>τῇ</span> <span class='ocrx_word' id='word_1_644' title='bbox 2721 4189 2780 4225; x_wconf 89' lang='grc' dir='ltr'><strong>τε</strong></span> <span class='ocrx_word' id='word_1_645' title='bbox 2813 4170 3101 4241; x_wconf 73' lang='grc' dir='ltr'>δεσποτεία</span> <span class='ocrx_word' id='word_1_646' title='bbox 3135 4169 3228 4227; x_wconf 71' lang='grc' dir='ltr'><strong>καὶ</strong></span> <span class='ocrx_word' id='word_1_647' title='bbox 3250 4172 3315 4241; x_wconf 81' lang='grc' dir='ltr'>τῇ</span> <span class='ocrx_word' id='word_1_648' title='bbox 3348 4168 3646 4241; x_wconf 72' lang='grc' dir='ltr'>προστασίᾳ</span> <span class='ocrx_word' id='word_1_649' title='bbox 3668 4166 3731 4225; x_wconf 73' lang='grc' dir='ltr'>τὸ</span> 
     </span>
    </p>
   </div>
   <div class='ocr_carea' id='block_1_83' title="bbox 466 4257 2049 4334">
    <p class='ocr_par' dir='ltr' id='par_1_83' title="bbox 466 4263 966 4333">
     <span class='ocr_line' id='line_1_83' title="bbox 466 4263 966 4333; baseline 0.004 -17"><span class='ocrx_word' id='word_1_650' title='bbox 466 4279 587 4317; x_wconf 92' lang='lat' dir='ltr'><strong>rum</strong></span> <span class='ocrx_word' id='word_1_651' title='bbox 620 4263 966 4333; x_wconf 87' lang='lat' dir='ltr'><strong>promiserat.</strong></span> 
     </span>
    </p>
   </div>
   <div class='ocr_carea' id='block_1_84' title="bbox 2151 4257 3732 4334">
    <p class='ocr_par' dir='ltr' id='par_1_84' title="bbox 2156 4257 3732 4334">
     <span class='ocr_line' id='line_1_84' title="bbox 2156 4257 3732 4334; baseline -0.005 -11"><span class='ocrx_word' id='word_1_652' title='bbox 2156 4270 2266 4322; x_wconf 82' lang='grc' dir='ltr'><strong>πᾶν</strong></span> <span class='ocrx_word' id='word_1_653' title='bbox 2299 4266 2687 4327; x_wconf 85' lang='grc' dir='ltr'>πιστεύσαντες</span> <span class='ocrx_word' id='word_1_654' title='bbox 2715 4264 2782 4334; x_wconf 77' lang='grc' dir='ltr'>τῇ</span> <span class='ocrx_word' id='word_1_655' title='bbox 2810 4263 2939 4333; x_wconf 78' lang='grc' dir='ltr'>ἐμῇ.</span> <span class='ocrx_word' id='word_1_656' title='bbox 2974 4262 3085 4315; x_wconf 72' lang='grc' dir='ltr'><strong>Καὶ</strong></span> <span class='ocrx_word' id='word_1_657' title='bbox 3120 4259 3186 4331; x_wconf 79' lang='grc' dir='ltr'>δὴ</span> <span class='ocrx_word' id='word_1_658' title='bbox 3228 4259 3390 4317; x_wconf 81' lang='grc' dir='ltr'>πάλιν</span> <span class='ocrx_word' id='word_1_659' title='bbox 3416 4257 3588 4318; x_wconf 68' lang='grc' dir='ltr'>εἰπὼν</span> <span class='ocrx_word' id='word_1_660' title='bbox 3628 4257 3732 4329; x_wconf 77' lang='grc' dir='ltr'>τήν</span> 
     </span>
    </p>
   </div>
   <div class='ocr_carea' id='block_1_85' title="bbox 464 4351 3735 4433">
    <p class='ocr_par' dir='ltr' id='par_1_85' title="bbox 464 4351 3735 4433">
     <span class='ocr_line' id='line_1_85' title="bbox 464 4351 3735 4433; baseline -0 -23"><span class='ocrx_word' id='word_1_661' title='bbox 464 4373 525 4410; x_wconf 85' lang='grc' dir='ltr'><strong>τε</strong></span> <span class='ocrx_word' id='word_1_662' title='bbox 563 4356 936 4428; x_wconf 79' lang='grc' dir='ltr'>γεγενημένην</span> <span class='ocrx_word' id='word_1_663' title='bbox 990 4356 1348 4428; x_wconf 85' lang='grc' dir='ltr'>ἐπικράτειαν</span> <span class='ocrx_word' id='word_1_664' title='bbox 1393 4355 1488 4412; x_wconf 79' lang='grc' dir='ltr'>τοῦ</span> <span class='ocrx_word' id='word_1_665' title='bbox 1543 4357 1717 4419; x_wconf 81' lang='grc' dir='ltr'>κακοῦ</span> <span class='ocrx_word' id='word_1_666' title='bbox 1738 4400 1753 4426; x_wconf 92' lang='grc'><strong>,</strong></span> <span class='ocrx_word' id='word_1_667' title='bbox 1808 4364 1875 4433; x_wconf 76' lang='grc' dir='ltr'>τῇ</span> <span class='ocrx_word' id='word_1_668' title='bbox 1922 4362 2031 4418; x_wconf 78' lang='grc' dir='ltr'><strong>τῶν</strong></span> <span class='ocrx_word' id='word_1_669' title='bbox 2086 4361 2274 4425; x_wconf 79' lang='grc' dir='ltr'>κακῶς</span> <span class='ocrx_word' id='word_1_670' title='bbox 2322 4357 2679 4433; x_wconf 78' lang='grc' dir='ltr'>προεστώτων</span> <span class='ocrx_word' id='word_1_671' title='bbox 2724 4353 2997 4426; x_wconf 68' lang='grc' dir='ltr'>μοχθηρίᾳ</span> <span class='ocrx_word' id='word_1_672' title='bbox 3017 4394 3035 4421; x_wconf 90' lang='grc'><strong>,</strong></span> <span class='ocrx_word' id='word_1_673' title='bbox 3080 4351 3177 4407; x_wconf 75' lang='grc' dir='ltr'><strong>καὶ</strong></span> <span class='ocrx_word' id='word_1_674' title='bbox 3210 4351 3310 4422; x_wconf 79' lang='grc' dir='ltr'>τὴν</span> <span class='ocrx_word' id='word_1_675' title='bbox 3346 4351 3597 4411; x_wconf 75' lang='grc' dir='ltr'>ἐντεῦθεν</span> <span class='ocrx_word' id='word_1_676' title='bbox 3626 4353 3735 4409; x_wconf 63' lang='grc' dir='ltr'>ἐπε-</span> 
     </span>
    </p>
   </div>
   <div class='ocr_carea' id='block_1_86' title="bbox 465 4440 3733 4527">
    <p class='ocr_par' dir='ltr' id='par_1_86' title="bbox 465 4440 3733 4527">
     <span class='ocr_line' id='line_1_86' title="bbox 465 4440 3733 4527; baseline -0.002 -22"><span class='ocrx_word' id='word_1_677' title='bbox 465 4451 721 4520; x_wconf 83' lang='grc' dir='ltr'>αχθεῖσαν</span> <span class='ocrx_word' id='word_1_678' title='bbox 764 4448 951 4514; x_wconf 79' lang='grc' dir='ltr'>αὐτοῖς</span> <span class='ocrx_word' id='word_1_679' title='bbox 985 4448 1275 4521; x_wconf 86' lang='grc' dir='ltr'>τιμωρίαν,</span> <span class='ocrx_word' id='word_1_680' title='bbox 1312 4448 1770 4521; x_wconf 79' lang='grc' dir='ltr'>ἀντιπαρατίθησι</span> <span class='ocrx_word' id='word_1_681' title='bbox 1802 4452 1901 4524; x_wconf 78' lang='grc' dir='ltr'>τὴν</span> <span class='ocrx_word' id='word_1_682' title='bbox 1960 4453 2293 4527; x_wconf 84' lang='grc' dir='ltr'>κηδεμονίαν</span> <span class='ocrx_word' id='word_1_683' title='bbox 2332 4451 2400 4520; x_wconf 78' lang='grc' dir='ltr'>ἢν</span> <span class='ocrx_word' id='word_1_684' title='bbox 2447 4451 2560 4512; x_wconf 82' lang='grc' dir='ltr'>τοῖς</span> <span class='ocrx_word' id='word_1_685' title='bbox 2599 4446 2727 4519; x_wconf 72' lang='grc' dir='ltr'>περὶ</span> <span class='ocrx_word' id='word_1_686' title='bbox 2764 4445 2894 4500; x_wconf 78' lang='grc' dir='ltr'>αὐτὸ</span> <span class='ocrx_word' id='word_1_687' title='bbox 2935 4442 3269 4516; x_wconf 80' lang='grc' dir='ltr'>μεμενηκόσι</span> <span class='ocrx_word' id='word_1_688' title='bbox 3320 4440 3553 4511; x_wconf 73' lang='grc' dir='ltr'>βεβαίως</span> <span class='ocrx_word' id='word_1_689' title='bbox 3588 4458 3733 4517; x_wconf 64' lang='grc' dir='ltr'>παρ-</span> 
     </span>
    </p>
   </div>
   <div class='ocr_carea' id='block_1_87' title="bbox 464 4542 674 4613">
    <p class='ocr_par' dir='ltr' id='par_1_87' title="bbox 464 4542 674 4613">
     <span class='ocr_line' id='line_1_87' title="bbox 464 4542 674 4613; baseline 0.005 -18"><span class='ocrx_word' id='word_1_690' title='bbox 464 4542 674 4613; x_wconf 84' lang='grc' dir='ltr'>έσχετο.</span> 
     </span>
    </p>
   </div>
   <div class='ocr_carea' id='block_1_88' title="bbox 1092 4629 1422 4688">
    <p class='ocr_par' dir='ltr' id='par_1_88' title="bbox 1092 4629 1422 4688">
     <span class='ocr_line' id='line_1_88' title="bbox 1092 4629 1422 4688; baseline -0.009 0"><span class='ocrx_word' id='word_1_691' title='bbox 1092 4629 1247 4688; x_wconf 78' lang='lat' dir='ltr'><strong>CAP.</strong></span> <span class='ocrx_word' id='word_1_692' title='bbox 1277 4631 1422 4686; x_wconf 67' lang='grc' dir='ltr'><strong>ΚΝ.</strong></span> 
     </span>
    </p>
   </div>
   <div class='ocr_carea' id='block_1_89' title="bbox 434 4718 2050 4786">
    <p class='ocr_par' dir='ltr' id='par_1_89' title="bbox 434 4718 2050 4786">
     <span class='ocr_line' id='line_1_89' title="bbox 434 4718 2050 4786; baseline -0.001 -10"><span class='ocrx_word' id='word_1_693' title='bbox 434 4718 437 4723; x_wconf 50' lang='grc'><em>⁴</em></span> <span class='ocrx_word' id='word_1_694' title='bbox 538 4723 703 4778; x_wconf 71' lang='lat' dir='ltr'><strong>Vens.</strong></span> <span class='ocrx_word' id='word_1_695' title='bbox 734 4724 847 4778; x_wconf 68' lang='grc'><strong>1-4.</strong></span> <span class='ocrx_word' id='word_1_696' title='bbox 871 4753 942 4763; x_wconf 93' lang='grc'><strong>-</strong></span> <span class='ocrx_word' id='word_1_697' title='bbox 991 4740 1010 4773; x_wconf 83' lang='grc' dir='ltr'><strong>ι</strong></span> <span class='ocrx_word' id='word_1_698' title='bbox 1039 4722 1180 4779; x_wconf 87' lang='lat' dir='ltr'><strong>Ecce</strong></span> <span class='ocrx_word' id='word_1_699' title='bbox 1203 4723 1321 4779; x_wconf 81' lang='lat' dir='ltr'><strong>dies</strong></span> <span class='ocrx_word' id='word_1_700' title='bbox 1366 4720 1583 4778; x_wconf 83' lang='lat' dir='ltr'><strong>Domini</strong></span> <span class='ocrx_word' id='word_1_701' title='bbox 1624 4720 1791 4786; x_wconf 82' lang='lat' dir='ltr'><strong>venit,</strong></span> <span class='ocrx_word' id='word_1_702' title='bbox 1829 4729 1884 4775; x_wconf 92' lang='lat' dir='ltr'><strong>et</strong></span> <span class='ocrx_word' id='word_1_703' title='bbox 1912 4719 2050 4775; x_wconf 88' lang='lat' dir='ltr'><strong>divi-</strong></span> 
     </span>
    </p>
   </div>
   <div class='ocr_carea' id='block_1_90' title="bbox 425 4802 2048 4884">
    <p class='ocr_par' dir='ltr' id='par_1_90' title="bbox 425 4802 2048 4884">
     <span class='ocr_line' id='line_1_90' title="bbox 425 4802 2048 4884; baseline -0.001 -17"><span class='ocrx_word' id='word_1_704' title='bbox 425 4854 430 4860; x_wconf 87' lang='lat'><strong>.</strong></span> <span class='ocrx_word' id='word_1_705' title='bbox 469 4813 671 4868; x_wconf 86' lang='lat' dir='ltr'><strong>dentur</strong></span> <span class='ocrx_word' id='word_1_706' title='bbox 687 4802 860 4883; x_wconf 85' lang='lat' dir='ltr'><strong>spolia</strong></span> <span class='ocrx_word' id='word_1_707' title='bbox 885 4821 978 4867; x_wconf 87' lang='lat' dir='ltr'><strong>tua</strong></span> <span class='ocrx_word' id='word_1_708' title='bbox 1005 4813 1062 4867; x_wconf 93' lang='lat' dir='ltr'><strong>in</strong></span> <span class='ocrx_word' id='word_1_709' title='bbox 1091 4820 1166 4868; x_wconf 84' lang='lat' dir='ltr'><strong>te.</strong></span> <span class='ocrx_word' id='word_1_710' title='bbox 1194 4813 1263 4869; x_wconf 91' lang='lat' dir='ltr'><strong>Et</strong></span> <span class='ocrx_word' id='word_1_711' title='bbox 1284 4812 1624 4884; x_wconf 82' lang='lat' dir='ltr'><strong>congregabo</strong></span> <span class='ocrx_word' id='word_1_712' title='bbox 1645 4826 1837 4869; x_wconf 86' lang='lat' dir='ltr'><strong>omnes</strong></span> <span class='ocrx_word' id='word_1_713' title='bbox 1857 4817 2048 4881; x_wconf 80' lang='lat' dir='ltr'><strong>gentes</strong></span> 
     </span>
    </p>
   </div>
   <div class='ocr_carea' id='block_1_91' title="bbox 470 4901 2043 4974">
    <p class='ocr_par' dir='ltr' id='par_1_91' title="bbox 470 4901 2043 4974">
     <span class='ocr_line' id='line_1_91' title="bbox 470 4901 2043 4974; baseline -0.001 -15"><span class='ocrx_word' id='word_1_714' title='bbox 470 4904 737 4959; x_wconf 84' lang='lat' dir='ltr'><strong>adversus</strong></span> <span class='ocrx_word' id='word_1_715' title='bbox 764 4901 1103 4959; x_wconf 82' lang='lat' dir='ltr'><strong>Hierusalem</strong></span> <span class='ocrx_word' id='word_1_716' title='bbox 1128 4903 1198 4959; x_wconf 90' lang='lat' dir='ltr'><strong>ad</strong></span> <span class='ocrx_word' id='word_1_717' title='bbox 1220 4904 1422 4960; x_wconf 89' lang='lat' dir='ltr'><strong>bellum</strong></span> <span class='ocrx_word' id='word_1_718' title='bbox 1443 4920 1458 4969; x_wconf 90' lang='lat'><strong>;</strong></span> <span class='ocrx_word' id='word_1_719' title='bbox 1479 4913 1530 4958; x_wconf 86' lang='lat' dir='ltr'><strong>et</strong></span> <span class='ocrx_word' id='word_1_720' title='bbox 1560 4903 1807 4974; x_wconf 84' lang='lat' dir='ltr'><strong>capietur</strong></span> <span class='ocrx_word' id='word_1_721' title='bbox 1829 4901 2043 4968; x_wconf 81' lang='lat' dir='ltr'><strong>civitas,</strong></span> 
     </span>
    </p>
   </div>
   <div class='ocr_carea' id='block_1_92' title="bbox 471 4993 2047 5065">
    <p class='ocr_par' dir='ltr' id='par_1_92' title="bbox 471 4993 2047 5065">
     <span class='ocr_line' id='line_1_92' title="bbox 471 4993 2047 5065; baseline 0 -16"><span class='ocrx_word' id='word_1_722' title='bbox 471 4994 800 5064; x_wconf 84' lang='lat' dir='ltr'><strong>diripienlur</strong></span> <span class='ocrx_word' id='word_1_723' title='bbox 825 4994 1041 5062; x_wconf 89' lang='lat' dir='ltr'><strong>domus,</strong></span> <span class='ocrx_word' id='word_1_724' title='bbox 1073 5001 1128 5051; x_wconf 93' lang='lat' dir='ltr'><strong>et</strong></span> <span class='ocrx_word' id='word_1_725' title='bbox 1156 4994 1414 5051; x_wconf 86' lang='lat' dir='ltr'><strong>mulieres</strong></span> <span class='ocrx_word' id='word_1_726' title='bbox 1436 4993 1746 5065; x_wconf 75' lang='lat' dir='ltr'><strong>polluantur</strong></span> <span class='ocrx_word' id='word_1_727' title='bbox 1774 5011 1788 5047; x_wconf 89' lang='lat'><strong>:</strong></span> <span class='ocrx_word' id='word_1_728' title='bbox 1830 5001 1883 5049; x_wconf 90' lang='lat' dir='ltr'><strong>et</strong></span> <span class='ocrx_word' id='word_1_729' title='bbox 1901 5008 2047 5064; x_wconf 79' lang='lat' dir='ltr'><strong>egre-</strong></span> 
     </span>
    </p>
   </div>
   <div class='ocr_carea' id='block_1_93' title="bbox 472 5083 2049 5158">
    <p class='ocr_par' dir='ltr' id='par_1_93' title="bbox 472 5083 2049 5158">
     <span class='ocr_line' id='line_1_93' title="bbox 472 5083 2049 5158; baseline -0.002 -15"><span class='ocrx_word' id='word_1_730' title='bbox 472 5088 654 5145; x_wconf 89' lang='lat' dir='ltr'><strong>dietur</strong></span> <span class='ocrx_word' id='word_1_731' title='bbox 694 5087 919 5144; x_wconf 88' lang='lat' dir='ltr'><strong>dimidia</strong></span> <span class='ocrx_word' id='word_1_732' title='bbox 982 5102 1108 5158; x_wconf 88' lang='lat' dir='ltr'><strong>pars</strong></span> <span class='ocrx_word' id='word_1_733' title='bbox 1157 5086 1397 5142; x_wconf 86' lang='lat' dir='ltr'><strong>civitatis</strong></span> <span class='ocrx_word' id='word_1_734' title='bbox 1450 5086 1505 5140; x_wconf 90' lang='lat' dir='ltr'><strong>in</strong></span> <span class='ocrx_word' id='word_1_735' title='bbox 1539 5083 1912 5154; x_wconf 84' lang='lat' dir='ltr'><strong>captivitatem</strong></span> <span class='ocrx_word' id='word_1_736' title='bbox 1948 5103 1961 5139; x_wconf 91' lang='lat'><strong>:</strong></span> <span class='ocrx_word' id='word_1_737' title='bbox 1993 5093 2049 5143; x_wconf 87' lang='lat' dir='ltr'><strong>et</strong></span> 
     </span>
    </p>
   </div>
   <div class='ocr_carea' id='block_1_94' title="bbox 472 5174 2044 5253">
    <p class='ocr_par' dir='ltr' id='par_1_94' title="bbox 472 5174 2044 5253">
     <span class='ocr_line' id='line_1_94' title="bbox 472 5174 2044 5253; baseline -0.003 -18"><span class='ocrx_word' id='word_1_738' title='bbox 472 5195 602 5253; x_wconf 86' lang='lat' dir='ltr'><strong>pars</strong></span> <span class='ocrx_word' id='word_1_739' title='bbox 653 5181 859 5252; x_wconf 84' lang='lat' dir='ltr'><strong>reliqua</strong></span> <span class='ocrx_word' id='word_1_740' title='bbox 915 5180 1100 5250; x_wconf 86' lang='lat' dir='ltr'><strong>populi</strong></span> <span class='ocrx_word' id='word_1_741' title='bbox 1128 5179 1231 5234; x_wconf 86' lang='lat' dir='ltr'><strong>mei</strong></span> <span class='ocrx_word' id='word_1_742' title='bbox 1280 5193 1389 5233; x_wconf 91' lang='lat' dir='ltr'><strong>non</strong></span> <span class='ocrx_word' id='word_1_743' title='bbox 1418 5174 1622 5247; x_wconf 89' lang='lat' dir='ltr'><strong>peribit</strong></span> <span class='ocrx_word' id='word_1_744' title='bbox 1642 5175 1710 5231; x_wconf 88' lang='lat' dir='ltr'><strong>de</strong></span> <span class='ocrx_word' id='word_1_745' title='bbox 1753 5177 1992 5233; x_wconf 90' lang='lat' dir='ltr'><strong>civitate.</strong></span> <span class='ocrx_word' id='word_1_746' title='bbox 2026 5197 2044 5231; x_wconf 76' lang='grc' dir='ltr'><strong>ι</strong></span> 
     </span>
    </p>
   </div>
   <div class='ocr_carea' id='block_1_95' title="bbox 477 5266 2050 5341">
    <p class='ocr_par' dir='ltr' id='par_1_95' title="bbox 477 5266 2050 5341">
     <span class='ocr_line' id='line_1_95' title="bbox 477 5266 2050 5341; baseline -0.001 -17"><span class='ocrx_word' id='word_1_747' title='bbox 477 5270 666 5334; x_wconf 83' lang='lat' dir='ltr'><strong>Adest,</strong></span> <span class='ocrx_word' id='word_1_748' title='bbox 695 5269 895 5341; x_wconf 90' lang='lat' dir='ltr'><strong>inquit,</strong></span> <span class='ocrx_word' id='word_1_749' title='bbox 932 5278 1165 5338; x_wconf 88' lang='lat' dir='ltr'><strong>tempus,</strong></span> <span class='ocrx_word' id='word_1_750' title='bbox 1207 5282 1316 5338; x_wconf 90' lang='lat' dir='ltr'><strong>quo</strong></span> <span class='ocrx_word' id='word_1_751' title='bbox 1364 5267 1598 5338; x_wconf 90' lang='lat' dir='ltr'><strong>plurima</strong></span> <span class='ocrx_word' id='word_1_752' title='bbox 1620 5266 2050 5337; x_wconf 83' lang='lat' dir='ltr'><strong>alienigenarum</strong></span> 
     </span>
    </p>
   </div>
   <div class='ocr_carea' id='block_1_96' title="bbox 475 5348 2050 5422">
    <p class='ocr_par' dir='ltr' id='par_1_96' title="bbox 475 5348 2050 5422">
     <span class='ocr_line' id='line_1_96' title="bbox 475 5348 2050 5422; baseline -0.001 -16"><span class='ocrx_word' id='word_1_753' title='bbox 475 5353 773 5409; x_wconf 87' lang='lat' dir='ltr'><strong>multitudo</strong></span> <span class='ocrx_word' id='word_1_754' title='bbox 793 5351 1196 5422; x_wconf 80' lang='lat' dir='ltr'><strong>expeditionem</strong></span> <span class='ocrx_word' id='word_1_755' title='bbox 1219 5349 1382 5405; x_wconf 73' lang='lat' dir='ltr'><strong>faciet</strong></span> <span class='ocrx_word' id='word_1_756' title='bbox 1403 5349 1667 5406; x_wconf 86' lang='lat' dir='ltr'><strong>adversus</strong></span> <span class='ocrx_word' id='word_1_757' title='bbox 1688 5348 2050 5417; x_wconf 83' lang='lat' dir='ltr'><strong>Hierusalem,</strong></span> 
     </span>
    </p>
   </div>
   <div class='ocr_carea' id='block_1_97' title="bbox 478 5440 2054 5513">
    <p class='ocr_par' dir='ltr' id='par_1_97' title="bbox 478 5440 2054 5513">
     <span class='ocr_line' id='line_1_97' title="bbox 478 5440 2054 5513; baseline 0.003 -19"><span class='ocrx_word' id='word_1_758' title='bbox 478 5450 759 5512; x_wconf 86' lang='lat' dir='ltr'><strong>totamque</strong></span> <span class='ocrx_word' id='word_1_759' title='bbox 788 5443 934 5499; x_wconf 88' lang='lat' dir='ltr'><strong>intus</strong></span> <span class='ocrx_word' id='word_1_760' title='bbox 963 5441 1294 5513; x_wconf 79' lang='lat' dir='ltr'><strong>Spoliabunt.</strong></span> <span class='ocrx_word' id='word_1_761' title='bbox 1324 5440 1392 5496; x_wconf 90' lang='lat' dir='ltr'><strong>Et</strong></span> <span class='ocrx_word' id='word_1_762' title='bbox 1438 5441 1555 5513; x_wconf 88' lang='lat' dir='ltr'><strong>ipsa</strong></span> <span class='ocrx_word' id='word_1_763' title='bbox 1580 5442 1797 5513; x_wconf 89' lang='lat' dir='ltr'><strong>quidem</strong></span> <span class='ocrx_word' id='word_1_764' title='bbox 1851 5443 1920 5499; x_wconf 90' lang='lat' dir='ltr'><strong>ab</strong></span> <span class='ocrx_word' id='word_1_765' title='bbox 1956 5443 2054 5499; x_wconf 89' lang='lat' dir='ltr'><strong>ho—</strong></span> 
     </span>
    </p>
   </div>
   <div class='ocr_carea' id='block_1_98' title="bbox 476 5531 2055 5605">
    <p class='ocr_par' dir='ltr' id='par_1_98' title="bbox 476 5531 2055 5605">
     <span class='ocr_line' id='line_1_98' title="bbox 476 5531 2055 5605; baseline 0.001 -19"><span class='ocrx_word' id='word_1_766' title='bbox 476 5531 653 5587; x_wconf 87' lang='lat' dir='ltr'><strong>stibus</strong></span> <span class='ocrx_word' id='word_1_767' title='bbox 683 5532 951 5602; x_wconf 88' lang='lat' dir='ltr'><strong>capietur,</strong></span> <span class='ocrx_word' id='word_1_768' title='bbox 981 5531 1305 5603; x_wconf 87' lang='lat' dir='ltr'><strong>diripientur</strong></span> <span class='ocrx_word' id='word_1_769' title='bbox 1329 5548 1456 5590; x_wconf 88' lang='lat' dir='ltr'><strong>vero</strong></span> <span class='ocrx_word' id='word_1_770' title='bbox 1478 5533 1659 5589; x_wconf 87' lang='lat' dir='ltr'><strong>omnia</strong></span> <span class='ocrx_word' id='word_1_771' title='bbox 1693 5549 1814 5605; x_wconf 62' lang='lat' dir='ltr'><strong>qua</strong></span> <span class='ocrx_word' id='word_1_772' title='bbox 1839 5535 1895 5589; x_wconf 92' lang='lat' dir='ltr'><strong>in</strong></span> <span class='ocrx_word' id='word_1_773' title='bbox 1924 5533 2055 5590; x_wconf 85' lang='lat' dir='ltr'><strong>aedi-</strong></span> 
     </span>
    </p>
   </div>
   <div class='ocr_carea' id='block_1_99' title="bbox 478 5621 2052 5698">
    <p class='ocr_par' dir='ltr' id='par_1_99' title="bbox 478 5621 2052 5698">
     <span class='ocr_line' id='line_1_99' title="bbox 478 5621 2052 5698; baseline 0.004 -23"><span class='ocrx_word' id='word_1_774' title='bbox 478 5621 584 5677; x_wconf 85' lang='lat' dir='ltr'><strong>bus</strong></span> <span class='ocrx_word' id='word_1_775' title='bbox 610 5621 846 5689; x_wconf 79' lang='lat' dir='ltr'><strong>fuerint;</strong></span> <span class='ocrx_word' id='word_1_776' title='bbox 879 5630 1137 5695; x_wconf 88' lang='lat' dir='ltr'><strong>tantaque</strong></span> <span class='ocrx_word' id='word_1_777' title='bbox 1165 5626 1399 5683; x_wconf 90' lang='lat' dir='ltr'><strong>victores</strong></span> <span class='ocrx_word' id='word_1_778' title='bbox 1425 5627 1789 5698; x_wconf 82' lang='lat' dir='ltr'><strong>percellentur</strong></span> <span class='ocrx_word' id='word_1_779' title='bbox 1816 5626 2052 5691; x_wconf 89' lang='lat' dir='ltr'><strong>insania,</strong></span> 
     </span>
    </p>
   </div>
   <div class='ocr_carea' id='block_1_100' title="bbox 479 5714 2052 5789">
    <p class='ocr_par' dir='ltr' id='par_1_100' title="bbox 479 5714 2052 5789">
     <span class='ocr_line' id='line_1_100' title="bbox 479 5714 2052 5789; baseline 0.004 -24"><span class='ocrx_word' id='word_1_780' title='bbox 479 5719 539 5765; x_wconf 89' lang='lat' dir='ltr'><strong>ut</strong></span> <span class='ocrx_word' id='word_1_781' title='bbox 568 5728 637 5768; x_wconf 90' lang='lat' dir='ltr'><strong>ne</strong></span> <span class='ocrx_word' id='word_1_782' title='bbox 658 5726 688 5767; x_wconf 92' lang='lat' dir='ltr'><strong>a</strong></span> <span class='ocrx_word' id='word_1_783' title='bbox 716 5714 1005 5770; x_wconf 87' lang='lat' dir='ltr'><strong>mulierum</strong></span> <span class='ocrx_word' id='word_1_784' title='bbox 1037 5717 1252 5787; x_wconf 89' lang='lat' dir='ltr'><strong>quidem</strong></span> <span class='ocrx_word' id='word_1_785' title='bbox 1271 5718 1591 5789; x_wconf 87' lang='lat' dir='ltr'><strong>corporibus</strong></span> <span class='ocrx_word' id='word_1_786' title='bbox 1622 5716 1890 5773; x_wconf 88' lang='lat' dir='ltr'><strong>violandis</strong></span> <span class='ocrx_word' id='word_1_787' title='bbox 1929 5716 2052 5772; x_wconf 89' lang='lat' dir='ltr'><strong>abs-</strong></span> 
     </span>
    </p>
   </div>
   <div class='ocr_carea' id='block_1_101' title="bbox 480 5805 2039 5881">
    <p class='ocr_par' dir='ltr' id='par_1_101' title="bbox 480 5805 2039 5881">
     <span class='ocr_line' id='line_1_101' title="bbox 480 5805 2039 5881; baseline 0.004 -25"><span class='ocrx_word' id='word_1_788' title='bbox 480 5805 710 5873; x_wconf 84' lang='lat' dir='ltr'><strong>tineant,</strong></span> <span class='ocrx_word' id='word_1_789' title='bbox 760 5806 1132 5881; x_wconf 81' lang='lat' dir='ltr'><strong>plurimosque</strong></span> <span class='ocrx_word' id='word_1_790' title='bbox 1201 5811 1348 5868; x_wconf 82' lang='lat' dir='ltr'><strong>cives</strong></span> <span class='ocrx_word' id='word_1_791' title='bbox 1440 5809 1720 5865; x_wconf 86' lang='lat' dir='ltr'><strong>abducant</strong></span> <span class='ocrx_word' id='word_1_792' title='bbox 1773 5808 2039 5879; x_wconf 83' lang='lat' dir='ltr'><strong>captivos.</strong></span> 
     </span>
    </p>
   </div>
   <div class='ocr_carea' id='block_1_102' title="bbox 2079 4633 2132 4692">
    <p class='ocr_par' dir='ltr' id='par_1_102' title="bbox 2079 4633 2132 4692">
     <span class='ocr_line' id='line_1_102' title="bbox 2079 4633 2132 4692; baseline 0 0"><span class='ocrx_word' id='word_1_793' title='bbox 2079 4633 2132 4692; x_wconf 90' lang='lat' dir='ltr'>D</span> 
     </span>
    </p>
   </div>
   <div class='ocr_carea' id='block_1_103' title="bbox 2788 4625 3095 4682">
    <p class='ocr_par' dir='ltr' id='par_1_103' title="bbox 2788 4625 3095 4682">
     <span class='ocr_line' id='line_1_103' title="bbox 2788 4625 3095 4682; baseline -0.003 -1"><span class='ocrx_word' id='word_1_794' title='bbox 2788 4625 2952 4682; x_wconf 71' lang='lat' dir='ltr'><strong>KESP.</strong></span> <span class='ocrx_word' id='word_1_795' title='bbox 2995 4627 3095 4680; x_wconf 71' lang='grc' dir='ltr'><strong>Μ’.</strong></span> 
     </span>
    </p>
   </div>
   <div class='ocr_carea' id='block_1_104' title="bbox 2227 4712 3733 4788">
    <p class='ocr_par' dir='ltr' id='par_1_104' title="bbox 2227 4712 3733 4788">
     <span class='ocr_line' id='line_1_104' title="bbox 2227 4712 3733 4788; baseline 0 -18"><span class='ocrx_word' id='word_1_796' title='bbox 2227 4714 2378 4786; x_wconf 89' lang='grc' dir='ltr'>Στίχ.</span> <span class='ocrx_word' id='word_1_797' title='bbox 2415 4713 2554 4771; x_wconf 82' lang='grc' dir='ltr'>α’-δ’.</span> <span class='ocrx_word' id='word_1_798' title='bbox 2585 4743 2653 4754; x_wconf 92' lang='grc'><strong><em>-</em></strong></span> <span class='ocrx_word' id='word_1_799' title='bbox 2694 4712 2854 4769; x_wconf 81' lang='grc' dir='ltr'>ιἹδοὺ</span> <span class='ocrx_word' id='word_1_800' title='bbox 2891 4715 3075 4787; x_wconf 76' lang='grc' dir='ltr'>ἡμέρα</span> <span class='ocrx_word' id='word_1_801' title='bbox 3105 4716 3325 4788; x_wconf 67' lang='grc' dir='ltr'>ἔρχεται</span> <span class='ocrx_word' id='word_1_802' title='bbox 3348 4715 3600 4787; x_wconf 67' lang='grc' dir='ltr'>Κυρίουθ</span> <span class='ocrx_word' id='word_1_803' title='bbox 3635 4717 3733 4771; x_wconf 72' lang='grc' dir='ltr'><strong>καὶ</strong></span> 
     </span>
    </p>
   </div>
   <div class='ocr_carea' id='block_1_105' title="bbox 2148 4802 3731 4875">
    <p class='ocr_par' dir='ltr' id='par_1_105' title="bbox 2148 4802 3731 4875">
     <span class='ocr_line' id='line_1_105' title="bbox 2148 4802 3731 4875; baseline 0.001 -18"><span class='ocrx_word' id='word_1_804' title='bbox 2148 4803 2636 4875; x_wconf 84' lang='grc' dir='ltr'>διαμερισθήσεται</span> <span class='ocrx_word' id='word_1_805' title='bbox 2662 4803 2733 4858; x_wconf 81' lang='grc' dir='ltr'>τὰ</span> <span class='ocrx_word' id='word_1_806' title='bbox 2760 4802 2932 4863; x_wconf 78' lang='grc' dir='ltr'>σκῦλα</span> <span class='ocrx_word' id='word_1_807' title='bbox 2960 4821 3054 4858; x_wconf 86' lang='grc' dir='ltr'><strong>σου</strong></span> <span class='ocrx_word' id='word_1_808' title='bbox 3082 4806 3139 4860; x_wconf 88' lang='grc' dir='ltr'><strong>ἐν</strong></span> <span class='ocrx_word' id='word_1_809' title='bbox 3170 4804 3276 4871; x_wconf 73' lang='grc' dir='ltr'>σοὶ,</span> <span class='ocrx_word' id='word_1_810' title='bbox 3296 4804 3392 4858; x_wconf 71' lang='grc' dir='ltr'><strong>καὶ</strong></span> <span class='ocrx_word' id='word_1_811' title='bbox 3420 4804 3731 4869; x_wconf 80' lang='grc' dir='ltr'>ἐπισυνάξω</span> 
     </span>
    </p>
   </div>
   <div class='ocr_carea' id='block_1_106' title="bbox 2155 4894 3732 4969">
    <p class='ocr_par' dir='ltr' id='par_1_106' title="bbox 2155 4894 3732 4969">
     <span class='ocr_line' id='line_1_106' title="bbox 2155 4894 3732 4969; baseline 0.003 -22"><span class='ocrx_word' id='word_1_812' title='bbox 2155 4895 2334 4951; x_wconf 82' lang='grc' dir='ltr'>πάντα</span> <span class='ocrx_word' id='word_1_813' title='bbox 2380 4894 2448 4947; x_wconf 77' lang='grc' dir='ltr'><strong>τὰ</strong></span> <span class='ocrx_word' id='word_1_814' title='bbox 2480 4894 2608 4966; x_wconf 81' lang='grc' dir='ltr'>ἐθνη</span> <span class='ocrx_word' id='word_1_815' title='bbox 2642 4897 2737 4950; x_wconf 73' lang='grc' dir='ltr'>ἐπὶ</span> <span class='ocrx_word' id='word_1_816' title='bbox 2776 4895 3132 4969; x_wconf 78' lang='grc' dir='ltr'>Ἰερουσαλὴμ</span> <span class='ocrx_word' id='word_1_817' title='bbox 3183 4898 3264 4961; x_wconf 84' lang='grc' dir='ltr'><strong>εἰς</strong></span> <span class='ocrx_word' id='word_1_818' title='bbox 3315 4896 3550 4968; x_wconf 85' lang='grc' dir='ltr'>πόλεμον</span> <span class='ocrx_word' id='word_1_819' title='bbox 3573 4935 3588 4960; x_wconf 96' lang='grc'><strong>,</strong></span> <span class='ocrx_word' id='word_1_820' title='bbox 3636 4899 3732 4951; x_wconf 75' lang='grc' dir='ltr'><strong>καὶ</strong></span> 
     </span>
    </p>
   </div>
   <div class='ocr_carea' id='block_1_107' title="bbox 2152 4987 3733 5061">
    <p class='ocr_par' dir='ltr' id='par_1_107' title="bbox 2152 4987 3733 5061">
     <span class='ocr_line' id='line_1_107' title="bbox 2152 4987 3733 5061; baseline 0.001 -20"><span class='ocrx_word' id='word_1_821' title='bbox 2152 4987 2419 5041; x_wconf 79' lang='grc' dir='ltr'>ἁλώσεται</span> <span class='ocrx_word' id='word_1_822' title='bbox 2454 4989 2488 5059; x_wconf 77' lang='grc' dir='ltr'><strong>ἡ</strong></span> <span class='ocrx_word' id='word_1_823' title='bbox 2521 4989 2703 5055; x_wconf 84' lang='grc' dir='ltr'>πόλις,</span> <span class='ocrx_word' id='word_1_824' title='bbox 2738 4991 2815 5059; x_wconf 89' lang='lat' dir='ltr'><strong>(p.</strong></span> <span class='ocrx_word' id='word_1_825' title='bbox 2860 4988 2987 5060; x_wconf 76' lang='grc'><strong>528)</strong></span> <span class='ocrx_word' id='word_1_826' title='bbox 3037 4989 3130 5045; x_wconf 77' lang='grc' dir='ltr'><strong>καὶ</strong></span> <span class='ocrx_word' id='word_1_827' title='bbox 3164 4989 3632 5061; x_wconf 74' lang='grc' dir='ltr'>διαρπαγησονται</span> <span class='ocrx_word' id='word_1_828' title='bbox 3674 4992 3733 5043; x_wconf 85' lang='grc' dir='ltr'><strong>αἰ</strong></span> 
     </span>
    </p>
   </div>
   <div class='ocr_carea' id='block_1_108' title="bbox 2151 5078 3734 5151">
    <p class='ocr_par' dir='ltr' id='par_1_108' title="bbox 2151 5078 3734 5151">
     <span class='ocr_line' id='line_1_108' title="bbox 2151 5078 3734 5151; baseline -0.001 -19"><span class='ocrx_word' id='word_1_829' title='bbox 2151 5078 2358 5143; x_wconf 85' lang='grc' dir='ltr'>οἰκίαι,</span> <span class='ocrx_word' id='word_1_830' title='bbox 2389 5080 2484 5134; x_wconf 78' lang='grc' dir='ltr'><strong>καὶ</strong></span> <span class='ocrx_word' id='word_1_831' title='bbox 2513 5081 2570 5134; x_wconf 91' lang='grc' dir='ltr'><strong>αἰ</strong></span> <span class='ocrx_word' id='word_1_832' title='bbox 2608 5083 2864 5148; x_wconf 80' lang='grc' dir='ltr'>γυναῖκες</span> <span class='ocrx_word' id='word_1_833' title='bbox 2902 5079 3365 5151; x_wconf 45' lang='grc' dir='ltr'>μολυνθήσονταιρ</span> <span class='ocrx_word' id='word_1_834' title='bbox 3398 5079 3493 5134; x_wconf 64' lang='grc' dir='ltr'><strong>καί¹</strong></span> <span class='ocrx_word' id='word_1_835' title='bbox 3522 5078 3734 5144; x_wconf 79' lang='grc' dir='ltr'>ἐξελεύ-</span> 
     </span>
    </p>
   </div>
   <div class='ocr_carea' id='block_1_109' title="bbox 2156 5168 3735 5242">
    <p class='ocr_par' dir='ltr' id='par_1_109' title="bbox 2156 5168 3735 5242">
     <span class='ocr_line' id='line_1_109' title="bbox 2156 5168 3735 5242; baseline -0.001 -19"><span class='ocrx_word' id='word_1_836' title='bbox 2156 5186 2309 5225; x_wconf 89' lang='grc' dir='ltr'>σεται</span> <span class='ocrx_word' id='word_1_837' title='bbox 2341 5170 2402 5225; x_wconf 85' lang='grc' dir='ltr'>τὸ</span> <span class='ocrx_word' id='word_1_838' title='bbox 2422 5171 2592 5242; x_wconf 75' lang='grc' dir='ltr'>ἥμισυ</span> <span class='ocrx_word' id='word_1_839' title='bbox 2624 5170 2725 5240; x_wconf 85' lang='grc' dir='ltr'>τῆς</span> <span class='ocrx_word' id='word_1_840' title='bbox 2757 5170 2965 5233; x_wconf 83' lang='grc' dir='ltr'>πόλεως</span> <span class='ocrx_word' id='word_1_841' title='bbox 2997 5171 3057 5224; x_wconf 85' lang='grc' dir='ltr'><strong>ἐν</strong></span> <span class='ocrx_word' id='word_1_842' title='bbox 3081 5168 3448 5240; x_wconf 79' lang='grc' dir='ltr'>αἰχμαλωσίᾳ,</span> <span class='ocrx_word' id='word_1_843' title='bbox 3481 5170 3531 5223; x_wconf 80' lang='grc' dir='ltr'><strong>οἰ</strong></span> <span class='ocrx_word' id='word_1_844' title='bbox 3559 5169 3616 5222; x_wconf 83' lang='grc' dir='ltr'>δὲ</span> <span class='ocrx_word' id='word_1_845' title='bbox 3642 5186 3735 5222; x_wconf 82' lang='grc' dir='ltr'>κα-</span> 
     </span>
    </p>
   </div>
   <div class='ocr_carea' id='block_1_110' title="bbox 2154 5259 3735 5332">
    <p class='ocr_par' dir='ltr' id='par_1_110' title="bbox 2154 5259 3735 5332">
     <span class='ocr_line' id='line_1_110' title="bbox 2154 5259 3735 5332; baseline -0.001 -18"><span class='ocrx_word' id='word_1_846' title='bbox 2154 5260 2401 5316; x_wconf 83' lang='grc' dir='ltr'>τάλοιποι</span> <span class='ocrx_word' id='word_1_847' title='bbox 2425 5261 2518 5315; x_wconf 82' lang='grc' dir='ltr'><strong>τοῦ</strong></span> <span class='ocrx_word' id='word_1_848' title='bbox 2546 5260 2677 5315; x_wconf 86' lang='grc' dir='ltr'>λαοῦ</span> <span class='ocrx_word' id='word_1_849' title='bbox 2711 5278 2812 5332; x_wconf 87' lang='grc' dir='ltr'><strong>μου</strong></span> <span class='ocrx_word' id='word_1_850' title='bbox 2844 5260 2904 5315; x_wconf 75' lang='grc' dir='ltr'>οὗ</span> <span class='ocrx_word' id='word_1_851' title='bbox 2935 5260 3013 5331; x_wconf 79' lang='grc' dir='ltr'>μὴ</span> <span class='ocrx_word' id='word_1_852' title='bbox 3034 5259 3488 5331; x_wconf 79' lang='grc' dir='ltr'>ἐξολοθρευθῶσιν</span> <span class='ocrx_word' id='word_1_853' title='bbox 3520 5261 3586 5313; x_wconf 84' lang='grc' dir='ltr'>ἐκ</span> <span class='ocrx_word' id='word_1_854' title='bbox 3631 5260 3735 5328; x_wconf 79' lang='grc' dir='ltr'>τῆς</span> 
     </span>
    </p>
   </div>
   <div class='ocr_carea' id='block_1_111' title="bbox 2154 5342 3739 5423">
    <p class='ocr_par' dir='ltr' id='par_1_111' title="bbox 2154 5342 3739 5423">
     <span class='ocr_line' id='line_1_111' title="bbox 2154 5342 3739 5423; baseline 0.001 -18"><span class='ocrx_word' id='word_1_855' title='bbox 2154 5352 2385 5418; x_wconf 87' lang='grc' dir='ltr'>πόλεως.</span> <span class='ocrx_word' id='word_1_856' title='bbox 2414 5372 2435 5405; x_wconf 84' lang='grc'><strong>›</strong></span> <span class='ocrx_word' id='word_1_857' title='bbox 2490 5351 2866 5423; x_wconf 85' lang='grc' dir='ltr'>Παρατένεται</span> <span class='ocrx_word' id='word_1_858' title='bbox 2913 5352 3056 5423; x_wconf 88' lang='grc' dir='ltr'>γὰρ,</span> <span class='ocrx_word' id='word_1_859' title='bbox 3120 5352 3295 5422; x_wconf 76' lang='grc' dir='ltr'>φησὶ,</span> <span class='ocrx_word' id='word_1_860' title='bbox 3346 5351 3539 5423; x_wconf 80' lang='grc' dir='ltr'>καιρὸς</span> <span class='ocrx_word' id='word_1_861' title='bbox 3586 5353 3644 5406; x_wconf 87' lang='grc' dir='ltr'><strong>ἐν</strong></span> <span class='ocrx_word' id='word_1_862' title='bbox 3687 5342 3739 5419; x_wconf 79' lang='grc' dir='ltr'>ᾧ</span> 
     </span>
    </p>
   </div>
   <div class='ocr_carea' id='block_1_112' title="bbox 2153 5444 3736 5519">
    <p class='ocr_par' dir='ltr' id='par_1_112' title="bbox 2153 5444 3736 5519">
     <span class='ocr_line' id='line_1_112' title="bbox 2153 5444 3736 5519; baseline -0.002 -19"><span class='ocrx_word' id='word_1_863' title='bbox 2153 5447 2394 5501; x_wconf 87' lang='grc' dir='ltr'>πλεῖστοι</span> <span class='ocrx_word' id='word_1_864' title='bbox 2416 5446 2524 5500; x_wconf 86' lang='grc' dir='ltr'><strong>τῶν</strong></span> <span class='ocrx_word' id='word_1_865' title='bbox 2545 5446 2840 5518; x_wconf 83' lang='grc' dir='ltr'>ἀλλοτρίων</span> <span class='ocrx_word' id='word_1_866' title='bbox 2860 5444 3383 5516; x_wconf 84' lang='grc' dir='ltr'>ἐπιστρατεύσαντες</span> <span class='ocrx_word' id='word_1_867' title='bbox 3415 5447 3484 5516; x_wconf 83' lang='grc' dir='ltr'><strong>τῇ</strong></span> <span class='ocrx_word' id='word_1_868' title='bbox 3529 5446 3736 5519; x_wconf 84' lang='grc' dir='ltr'>Ἰερου-</span> 
     </span>
    </p>
   </div>
   <div class='ocr_carea' id='block_1_113' title="bbox 2155 5534 3733 5609">
    <p class='ocr_par' dir='ltr' id='par_1_113' title="bbox 2155 5534 3733 5609">
     <span class='ocr_line' id='line_1_113' title="bbox 2155 5534 3733 5609; baseline -0.001 -18"><span class='ocrx_word' id='word_1_869' title='bbox 2155 5537 2289 5609; x_wconf 86' lang='grc' dir='ltr'>σαλὴ</span> <span class='ocrx_word' id='word_1_870' title='bbox 2299 5557 2357 5609; x_wconf 90' lang='grc' dir='ltr'><strong>μ,</strong></span> <span class='ocrx_word' id='word_1_871' title='bbox 2385 5537 2603 5592; x_wconf 77' lang='grc' dir='ltr'>ἃπασαν</span> <span class='ocrx_word' id='word_1_872' title='bbox 2624 5537 2795 5608; x_wconf 79' lang='grc' dir='ltr'>αὐτὴν</span> <span class='ocrx_word' id='word_1_873' title='bbox 2826 5536 3212 5591; x_wconf 88' lang='grc' dir='ltr'>σκυλεύσουσιν</span> <span class='ocrx_word' id='word_1_874' title='bbox 3234 5535 3379 5589; x_wconf 75' lang='grc' dir='ltr'>ἔνδον</span> <span class='ocrx_word' id='word_1_875' title='bbox 3399 5551 3413 5567; x_wconf 72' lang='grc'>⁸</span> <span class='ocrx_word' id='word_1_876' title='bbox 3447 5536 3540 5589; x_wconf 72' lang='grc' dir='ltr'><strong>καὶ</strong></span> <span class='ocrx_word' id='word_1_877' title='bbox 3568 5537 3601 5606; x_wconf 80' lang='grc' dir='ltr'><strong>ἡ</strong></span> <span class='ocrx_word' id='word_1_878' title='bbox 3635 5534 3733 5607; x_wconf 87' lang='grc' dir='ltr'>μὲν</span> 
     </span>
    </p>
   </div>
   <div class='ocr_carea' id='block_1_114' title="bbox 2152 5625 3733 5700">
    <p class='ocr_par' dir='ltr' id='par_1_114' title="bbox 2152 5625 3733 5700">
     <span class='ocr_line' id='line_1_114' title="bbox 2152 5625 3733 5700; baseline -0.003 -17"><span class='ocrx_word' id='word_1_879' title='bbox 2152 5628 2262 5683; x_wconf 80' lang='grc' dir='ltr'><strong>ὑπὸ</strong></span> <span class='ocrx_word' id='word_1_880' title='bbox 2316 5628 2427 5683; x_wconf 85' lang='grc' dir='ltr'><strong>τῶν</strong></span> <span class='ocrx_word' id='word_1_881' title='bbox 2485 5628 2756 5700; x_wconf 88' lang='grc' dir='ltr'>πολεμίων</span> <span class='ocrx_word' id='word_1_882' title='bbox 2800 5628 3178 5699; x_wconf 80' lang='grc' dir='ltr'>ληφθήσεται,</span> <span class='ocrx_word' id='word_1_883' title='bbox 3213 5626 3644 5697; x_wconf 78' lang='grc' dir='ltr'>διαρπαγήσεται</span> <span class='ocrx_word' id='word_1_884' title='bbox 3676 5625 3733 5678; x_wconf 89' lang='grc' dir='ltr'><strong>δέ</strong></span> 
     </span>
    </p>
   </div>
   <div class='ocr_carea' id='block_1_115' title="bbox 2160 5716 3733 5787">
    <p class='ocr_par' dir='ltr' id='par_1_115' title="bbox 2160 5716 3733 5787">
     <span class='ocr_line' id='line_1_115' title="bbox 2160 5716 3733 5787; baseline -0.002 -16"><span class='ocrx_word' id='word_1_885' title='bbox 2160 5718 2339 5773; x_wconf 85' lang='grc' dir='ltr'>πάντα</span> <span class='ocrx_word' id='word_1_886' title='bbox 2379 5718 2448 5773; x_wconf 84' lang='grc' dir='ltr'>τὰ</span> <span class='ocrx_word' id='word_1_887' title='bbox 2472 5720 2591 5782; x_wconf 83' lang='grc' dir='ltr'>ταῖς</span> <span class='ocrx_word' id='word_1_888' title='bbox 2626 5717 2824 5783; x_wconf 81' lang='grc' dir='ltr'>οἰκίαις</span> <span class='ocrx_word' id='word_1_889' title='bbox 2855 5719 3043 5772; x_wconf 77' lang='grc' dir='ltr'>ἐνόντα</span> <span class='ocrx_word' id='word_1_890' title='bbox 3069 5759 3085 5785; x_wconf 85' lang='grc'><strong>,</strong></span> <span class='ocrx_word' id='word_1_891' title='bbox 3107 5716 3344 5787; x_wconf 86' lang='grc' dir='ltr'>τοσαύτῃ</span> <span class='ocrx_word' id='word_1_892' title='bbox 3374 5732 3433 5769; x_wconf 87' lang='grc' dir='ltr'><strong>τε</strong></span> <span class='ocrx_word' id='word_1_893' title='bbox 3466 5718 3515 5769; x_wconf 89' lang='grc' dir='ltr'><strong>οἰ</strong></span> <span class='ocrx_word' id='word_1_894' title='bbox 3550 5716 3733 5769; x_wconf 77' lang='grc' dir='ltr'>ἐπεισ-</span> 
     </span>
    </p>
   </div>
   <div class='ocr_carea' id='block_1_116' title="bbox 2158 5805 3733 5883">
    <p class='ocr_par' dir='ltr' id='par_1_116' title="bbox 2158 5805 3733 5883">
     <span class='ocr_line' id='line_1_116' title="bbox 2158 5805 3733 5883; baseline -0.004 -20"><span class='ocrx_word' id='word_1_895' title='bbox 2158 5809 2472 5881; x_wconf 86' lang='grc' dir='ltr'>εληλυθότες</span> <span class='ocrx_word' id='word_1_896' title='bbox 2496 5813 2563 5882; x_wconf 81' lang='grc' dir='ltr'><strong>τῇ</strong></span> <span class='ocrx_word' id='word_1_897' title='bbox 2593 5809 2741 5868; x_wconf 83' lang='grc' dir='ltr'>πόλει</span> <span class='ocrx_word' id='word_1_898' title='bbox 2763 5811 3054 5883; x_wconf 78' lang='grc' dir='ltr'>χρήσονται</span> <span class='ocrx_word' id='word_1_899' title='bbox 3081 5812 3144 5882; x_wconf 76' lang='grc' dir='ltr'><strong>τῇ</strong></span> <span class='ocrx_word' id='word_1_900' title='bbox 3170 5809 3448 5881; x_wconf 79' lang='grc' dir='ltr'>παροινίᾳ,</span> <span class='ocrx_word' id='word_1_901' title='bbox 3471 5807 3547 5872; x_wconf 85' lang='grc' dir='ltr'>ὠς</span> <span class='ocrx_word' id='word_1_902' title='bbox 3592 5805 3733 5876; x_wconf 70' lang='grc' dir='ltr'>μήτε</span> 
     </span>
    </p>
   </div>
  </div>
