4162 6466
413 421 520 486 5'89

1316 407 1867 476 COMMENTARIUS
1903 404 1968 468 IN
2001 402 2377 468 ZACIIARIE
2413 407 2569 468 CAP.
2610 401 2755 468 XIV.

3626 403 3731 466 ὅθί)

411 542 519 615 τῆς
562 540 644 606 είς
675 539 745 595 τὰ
776 539 1006 612 σώματα
1052 541 1163 594 τῶν
1210 538 1487 608 γυναικῶν
1530 537 1743 609 ὕϐρεως
1784 530 2021 603 ἀποσχέ-

2140 527 2226 586 [Iis
2248 527 2613 586 nihilominus
2644 528 2718 583 ita
2751 530 2992 601 peractis
3026 528 3095 586 ab
3118 527 3353 585 aliorUm
3388 522 3600 581 malitia
3621 564 3637 593 ,
3676 524 3731 579 1ςί

416 638 543 693 σθαι
570 676 585 702 ,
618 635 714 690 καὶ
739 633 1028 698 πλείστους
1063 633 1224 698 ὅσους
1249 632 1350 703 τῆς
1396 629 1610 693 πόλεως
1636 624 2019 699 αἰχμαλώτους

415 726 602 781 λαϐεῖν
625 743 639 757 ⁸
677 725 819 780 ἀλλὰ
857 725 952 780 καὶ
994 724 1202 779 τούτων
1224 723 1381 778 ,οὕτω
1424 720 1730 793 γινομένων
1783 717 1876 772 διὰ
1922 714 2021 788 τὴν

418 819 624 890 ἐτέρων
677 817 882 873 κακίαν
916 818 979 871 ,οί
1025 816 1126 889 τῆς
1155 816 1318 889 ηξὲμῆς
1370 815 1586 879 εὐνοίας
1641 811 2017 884 ἀπεχόμενοι,

417 910 677 976 ἀϐλαϐεῖς
720 911 814 965 ιπι
840 912 940 982 τῆς
966 909 1281 981 πόλεωςτῇ
1324 904 1627 981 κηδεμονίᾳ
1659 900 2021 974 ammon-

419 1018 523 1058 σαν
552 1006 621 1075 τῇ
651 1004 785 1075 ἐμῇ.
813 998 948 1056 Εἶτα
975 998 1165 1056 λοιπὸν
1210 999 1415 1071 ἑφεξῆς
1459 999 1559 1071 τὴν
1590 996 1843 1069 βοήθειαν
1872 993 2023 1064 λέγει

417 1094 520 1163 τὴν
546 1092 699 1148 θείαν
716 1094 815 1163 ἀφ’
846 1088 916 1165 ἦς
948 1090 1169 1147 ἅπαντα
1189 1090 1503 1155 αὐτοῖς-επὶ
1550 1088 1613 1143 τὸ
1654 1090 1909 1159 κρεῖττον
1950 1088 2021 1157 τῇ

418 1183 533 1239 τῶν
565 1183 952 1240 Μακκαόαίων
990 1182 1300 1256 προστασίᾳ
1331 1180 1566 1254 μετέστη
1587 1196 1601 1210 ·
1639 1180 2022 1253 Προηγήσεται

424 1277 527 1349 μὲν
558 1275 672 1348 γὰρ
696 1316 709 1338 .
741 1277 897 1349 φησὶ,
920 1275 1031 1330 τῶν
1060 1274 1285 1329 οίκείων
1324 1276 1358 1328 6
1383 1272 1516 1337 Θεὸς
1542 1273 1733 1345 ὥσπερ
1761 1272 1823 1325 ὲν
1849 1287 2024 1342 παρα-

419 1368 578 1434 τάξει
609 1368 848 1440 πολέμου
873 1367 1046 1440 νόμῳ,
1084 1365 1409 1439 στρατηγῶν
1452 1383 1512 1419 τε
1539 1365 1727 1428 αὐτοῖς
1757 1364 1851 1419 καὶ
1880 1362 2025 1418 κατά

418 1462 533 1516 τῶν
581 1460 845 1517 ἐναντίων
887 1460 1389 1533 παραταττόμενος.
1441 1457 1668 1522 Σταθεὶς
1718 1457 1776 1512 δὲ
1801 1501 1817 1527 ,
1864 1459 2020 1530 φησὶ,

420 1553 517 1607 ἰπὶ
544 1552 605 1607 τὸ
622 1551 732 1606 τῶν
770 1551 1001 1606 Ἐλαιῶν
1026 1550 1156 1622 δρος
1181 1550 1467 1605 κατέναντι
1500 1550 1605 1621 τῆς
1643 1548 2021 1622 Ἰερουσαλὴμ,

420 1646 681 1717 κλονήσει
716 1645 816 1717 μὲν
847 1644 910 1698 τὸ
947 1644 1096 1717 ὅρος,
1128 1645 1445 1715 συγκινήσει
1471 1643 1530 1699 δὲ
1570 1644 1789 1700 ἅπαντα
1817 1643 1887 1699 τὰ
1916 1640 2025 1717 πρὸ

418 1738 523 1810 τῆς
549 1738 759 1801 πόλεως
807 1737 904 1792 καὶ
959 1736 1060 1808 τὴν
1116 1736 1272 1791 πόλιν
1299 1736 1471 1806 αὑτήν
1493 1751 1506 1766 ·
1541 1735 1684 1789 ὥστε
1713 1736 1891 1790 δοκεῖν
1926 1735 2025 1808 μὲν

421 1829 689 1893 ποικίλως
719 1828 1110 1901 διατέμνεσθαι
1140 1828 1203 1882 τὸ
1233 1827 1360 1900 ὄρος
1391 1826 1471 1899 τῷ
1494 1827 1646 1898 φόϐῳ
1671 1825 1767 1880 τοῦ
1788 1828 2026 1900 κινήμα-

2125 626 2306 677 tamen
2332 620 2509 691 quiin
2539 621 2645 675 mei
2692 634 2882 676 amore
2941 620 3371 693 permanserint,
3422 617 3733 673 incolumes

2125 710 2180 765 in
2210 710 2433 766 civitate
2461 711 2774 781 patrocinio
2794 726 2917 767 meo
2942 711 3346 767 custodientur.
3370 707 3580 763 Deinde
3604 723 3732 778 per—

2123 802 2202 874 git
2221 803 2407 859 dicere
2431 803 2674 859 divinam
2713 819 2899 876 opem,
2924 819 3035 876 qua
3067 804 3253 860 omnia
3282 802 3498 874 ipsisin
3532 802 3733 856 melius

2125 895 2233 951 sub
2283 894 2760 960 Macchabaeorum
2809 897 3122 969 principatu
3174 911 3334 952 versa
3378 900 3530 951 sunt.
3566 888 3731 963 357

2124 981 2426 1055 Prmcedet,
2484 989 2686 1060 inquit,
2719 990 2839 1047 suis
2868 988 3015 1046 Deus
3046 996 3311 1059 tauquam
3346 986 3403 1041 iu
3434 986 3575 1049 acie,
3614 985 3735 1055 lege

2126 1081 2276 1150 belli,
2326 1085 2440 1139 dux
2496 1083 2697 1140 factus-
2755 1092 2811 1140 et
2862 1091 3057 1141 contra
3105 1083 3295 1138 hostes
3358 1079 3666 1135 instructus
3713 1094 3769 1134 :'

2126 1182 2416 1247 stansque,
2447 1176 2649 1248 inquit,
2678 1173 3363 1247 super-monte,01earunt
3395 1188 3461 1228 cx
3496 1170 3734 1227 adverso

2108 1267 2494 1336 ‘lIierusalem,
2525 1271 2807 1326 concutiet
2866 1276 3134 1334 montem,
3197 1264 3571 1323 commovebit
3612 1270 3737 1317 ante

2127 1358 2319 1414 urbem
2350 1358 2559 1427 omnia,
2616 1360 2909 1432 ipsamque
2962 1359 3188 1414 urbem:
3246 1357 3322 1412 ita
3377 1358 3438 1411 ut
3487 1354 3740 1410 videatur

2127 1451 2279 1507 varie
2297 1450 2574 1524 confringi
2607 1467 2769 1509 mons
2795 1458 2948 1508 motu
2977 1466 3043 1507 eo
3083 1447 3406 1521 pavefactus
3439 1460 3740 1516 rerumque

2129 1559 2319 1601 casum
2346 1544 2582 1602 similem
2609 1560 2732 1602 esse
2760 1553 2923 1601 terrae
2950 1543 3123 1599 motui
3159 1543 3258 1608 illi,
3282 1555 3445 1613 quem
3470 1539 3576 1595 sub
3605 1539 3739 1593 Ozia

2129 1652 2256 1709 rege
2268 1652 2309 1693 na
2335 1637 2521 1692 divina
2552 1637 2633 1693 ira
2662 1636 2932 1693 concitari
2953 1635 3209 1708 contigit.
3231 1632 3377 1689 Dicit
3397 1647 3529 1704 ergo
3550 1631 3739 1689 oumia

2128 1729 2503 1802 hyperbolice,
2539 1739 2599 1786 ut
2631 1730 2797 1799 solet,
2852 1736 2908 1785 et
2938 1728 3088 1800 quod
3119 1725 3498 1799 magnitudine
3545 1723 3740 1779 auxilii

2122 1823 2247 1879 suis
2278 1823 2527 1894 praebiti,
2555 1831 2611 1879 et
2652 1822 2923 1880 adversus
2955 1809 3153 1878 hostes.
3190 1821 3588 1893 indignatione,
3616 1836 3739 1875 om—

417 1936 546 1986 τος,
573 1919 754 1974 δοκεῖν
799 1919 859 1973 δὲ
906 1919 976 1974 τὰ
1006 1918 1132 1974 τότε
1172 1919 1478 1991 πράγματα
1509 1917 1748 1973 ἐοικέναι
1791 1922 1905 1983 τοῖς
1933 1920 2030 1974 ἐπὶ

2140 1915 2418 1986 niaprqpe
2437 1929 2705 1987 quassare
2733 1914 3032 1971 videbitur.
3064 1913 3220 1971 Usus
3245 1922 3332 1971 est
3364 1922 3551 1970 autem
3592 1912 3742 1970 02in:

417 2013 517 2067 τοῦ
552 2011 780 2082 σεισμοῦ
810 2008 1094 2082 γεγονόσιν
1117 2051 1134 2078 ,
1162 2011 1223 2066 ὃν
1263 2012 1358 2066 ἐπὶ
1392 2011 1491 2083 τῆς
1535 2011 1712 2078 Ὀζίου
1754 2011 2030 2084 βασιλείας

2140 2008 2526 2074 similitudine,
2559 2008 2820 2079 quoniam
2872 2008 2966 2064 ille
3004 2024 3226 2080 quoque
3268 2009 3601 2065 nullatenus
3654 2023 3745 2064 saa-

420 2104 570 2159 κατά
596 2104 747 2159 θείαν
785 2104 960 2175 ὀργὴν
996 2098 1433 2176 ἀποτελεσθῆναι
1470 2104 1695 2177 συνέϐη.
1727 2106 1891 2175 Λέγει
1929 2106 2029 2177 μὲν

2140 2100 2370 2158 eerdotii
2402 2103 2715 2174 particeps,
2765 2102 2870 2158 hoc
2921 2118 3191 2175 usurpare
3223 2103 3437 2160 voluit:
3475 2103 3639 2173 cujus
3662 2102 3744 2159 rei

419 2195 523 2254 οὖν
555 2198 775 2253 ἅπαντα
805 2196 1187 2270 ὑπερϐολικῶς
1208 2197 1285 2263 ὡς
1314 2197 1473 2253 εῐωθε
1502 2238 1519 2265 ,
1552 2198 1629 2270 (p.
1655 2197 1784 2270 529)
1819 2197 1916 2253 καὶ
1946 2199 2029 2252 ὅτι

2140 2193 2478 2250 causa'Deus
2505 2203 2850 2251 terraemotus
2890 2194 3271 2268 magnitudine
3300 2195 3741 2267 indignationem

422 2289 505 2362 τῷ
540 2289 766 2362 μεγέθει
792 2291 895 2360 τῆς
926 2290 1181 2362 βοηθείας
1220 2289 1287 2361 ἢν
1331 2289 1637 2362 παρέχεται
1668 2292 1784 2354 τοῖς
1812 2289 2036 2356 οἰκείοις

2141 2301 2298 2343 suam
2328 2286 2652 2343 declaravit.
2689 2287 2816 2343 Pari
2867 2288 3031 2344 modo
3081 2304 3229 2344 nunc
3263 2302 3504 2359 quoque,
3540 2287 3744 2357 inquit,

396 2387 493 2457 τῇ
524 2401 586 2439 τε
622 2383 766 2439 κατὰ
812 2384 924 2438 τῶν
961 2383 1225 2439 ἐναντίων
1248 2384 1628 2454 ἀγανακτήσει
1655 2382 1903 2456 ὡσπερεὶ
1933 2400 2034 2438 σα-

2142 2388 2370 2452 propter
2412 2394 2511 2436 eos
2550 2381 2649 2452 qui
2674 2387 2873 2438 mente
2922 2381 3089 2454 impia
3141 2381 3446 2454 legitimum
3486 2381 3750 2437 ordinent

418 2473 608 2530 λεύειν
636 2476 860 2531 ἅπαντα
881 2475 1058 2541 δόξει·
1088 2476 1365 2548 ἐχρήσατο
1387 2474 1446 2528 δὲ
1476 2477 1544 2547 τῇ
1569 2473 1708 2547 πρὸς
1731 2473 1824 2529 τὸν
1850 2472 1944 2538 ’οζ
1950 2473 2035 2529 ίαν

2142 2472 2695 2546 pra'telgrediuntur,
2747 2483 2804 2530 et
2832 2474 3215 2530 sacerdotium
3250 2482 3443 2530 contra
3473 2472 3558 2531 fas
3583 2484 3753 2529 usur-

418 2566 729 2638 δμοιότητι,
762 2566 955 2639 ἐπειδὴ
985 2567 1242 2631 κάκεῖνος
1286 2566 1445 2621 οὐθὲν
1466 2569 1533 2639 τῇ
1564 2564 1834 2639 ἱερωσύνῃ
1864 2583 2036 2639 προσ-

2147 2573 2300 2637 pant,
2338 2566 2568 2623 multam
2596 2566 2754 2623 ‘Deus
2778 2568 3034 2624 ostendet
3082 2568 3519 2640 indignationem
3568 2582 3749 2632 suam,

421 2659 621 2729 ήκων,
667 2658 1028 2729 ἐπεχείρησεν
1080 2656 1257 2728 αὐτῆς
1311 2658 1704 2715 senescam-
1762 2660 1849 2729 ἐφ’
1879 2651 1928 2728 ᾧ
1968 2658 2036 2731 δὴ

2145 2658 2419 2714 elementa
2482 2660 2668 2714 omnia
2703 2672 3061 2717 commovens
3112 2660 3179 2717 ad
3216 2661 3460 2719 hostium
3505 2674 3750 2733 poenam,

419 2750 621 2822 καὶτῷ
650 2750 872 2822 μεγέθει
894 2750 988 2805 τοῦ
1017 2750 1248 2822 σεισμοῦ
1274 2752 1377 2821 τὴν
1411 2751 1794 2823 ἀγανάκτησιν
1826 2751 1926 2823 τὴν
1954 2752 2036 2817 οι-

2148 2765 2378 2807 suorum
2407 2766 2539 2808 vero
2577 2753 2831 2809 salutem.
2859 2752 2957 2808 His
2989 2753 3176 2810 addit:

421 2845 586 2899 κείαν
633 2844 663 2897 ὁ
698 2843 833 2908 Θεὸς
878 2841 1213 2909 ἐπεδείξατο.
1255 2843 1362 2897 Τὸν
1402 2843 1570 2899 αὐτὸν
1614 2844 1681 2917 δὴ
1724 2843 1927 2916 τρόπον
1973 2843 2067 2897 καὶ
2101 2842 2235 2909 νῦν,
2293 2844 2499 2916 φησὶν,
2554 2844 2648 2899 διὰ
2696 2846 2824 2909 τοὺς
2871 2845 3061 2899 ἀσεϐεῖ
3092 2845 3285 2919 γνώμῃ
3319 2846 3755 2920 παρωσαμένους

431 2941 533 3012 μὲν
564 2937 665 3010 τὴν
701 2935 934 3010 νομικὴν
971 2935 1262 3002 εὐταξίαν,
1319 2938 1387 3009 τῇ
1436 2936 1710 3011 ἱερωσύνῃ
1740 2937 1799 2991 δὲ
1849 2936 2007 3008 παρά
2046 2935 2110 2990 τὸ
2159 2935 2372 3008 πρέπον
2408 2937 2922 3010 ’ἐπικεχειρηκότας
2953 2974 2968 3003 ,
3026 2937 3228 3010 πολλὴν
3276 2938 3603 3006 ἐπιδείξεται
3654 2936 3757 3010 τὴν

426 3033 806 3104 ἀγανάκτησιν
834 3032 1031 3098 ὀεΘεὺς
1052 3033 1155 3108 τὴν
1180 3033 1390 3088 οίκείαν
1414 3075 1430 3102 ,
1483 3033 1754 3088 συσσείων
1792 3034 2054 3101 ἅπαντα,
2098 3033 2193 3087 ἐπὶ
2234 3033 2480 3108 τιμωρίᾳ
2521 3035 2621 3108 μὲν
2668 3036 2781 3091 ’τῶν
2822 3036 3105 3102 ἐναντίων,
3151 3030 3398 3111 σωτηρίᾳ
3440 3036 3499 3092 δὲ
3533 3036 3643 3092 τῶν
3676 3038 3757 3091 οἱ·

426 3128 617 3183 κείων.
642 3123 742 3191 Οἷς
766 3125 964 3196 ἐπάγει
985 3134 1002 3158 δ
1380 3165 1400 3184 .

502 3221 656 3292 Στίχ.
685 3218 828 3285 ε’-ζ⁹.
857 3248 930 3261 -—
960 3236 980 3271 ι
1017 3217 1122 3273 Καὶ
1148 3216 1271 3290 ἥξει
1308 3217 1515 3291 Κύριος
1543 3216 1573 3273 6
1600 3212 1738 3283 Θεός
1771 3234 1874 3288 μου
1893 3216 2029 3282 ,καὶ

2209 3214 2378 3270 Vsus.
2410 3213 2535 3271 5-7.
2566 3200 2687 3268 -ἰ
2728 3213 2795 3271 Et
2826 3215 3005 3273 veniet
3060 3215 3328 3274 Dominus
3380 3217 3526 3275 Dens
3576 3236 3755 3288 meus,

424 3316 639 3379 πάντες
683 3314 733 3367 oi
766 3312 913 3382 ἅγιοι
961 3313 1079 3383 μετ’
1133 3310 1322 3367 αὐτοῦ.
1364 3329 1384 3362 ι
1432 3311 1555 3364 Ἀπ’
1594 3309 1781 3364 αὐτοῦ
1810 3309 1921 3382 γὰρ
1950 3309 2036 3381 δὴ,

2147 3314 2207 3363 et
2230 3321 2427 3363 omnes
2443 3307 2624 3363 sancti
2655 3321 2782 3362 cum
2822 3322 2908 3364 eo.
2932 3325 2953 3362 ι
2988 3307 3067 3363 Ex
3099 3308 3503 3380 magnitudine,
3546 3311 3749 3383 inquit,

427 3409 604 3480 φησι,
638 3405 736 3460 τοῦ
786 3404 1053 3478 μεγέθους
1094 3403 1208 3458 τῶν
1263 3402 1611 3474 πραγμάτων
1655 3401 1859 3457 ὡσανεὶ
1906 3402 2036 3474 πόρ-

2143 3415 2331 3456 rerum
2361 3406 2667 3470 gestarum,
2705 3399 2774 3457 de
2817 3399 3121 3473 longinquo
3150 3402 3319 3457 veluti
3380 3403 3525 3474 loco,
3557 3404 3626 3460 ad
3656 3419 3759 3460 au-

430 3498 611 3573 ρωθέν
664 3495 833 3551 ποθεν
880 3497 961 3561 είς
1012 3493 1270 3567 βοήθειαν
1317 3493 1476 3565 ἡμῶν
1526 3492 1804 3565 ἐληλυθὼς
1847 3493 1876 3546 ὁ
1907 3492 2042 3557 Θεὸς

429 3591 718 3660 φανεῖται,
772 3586 928 3657 ἄγων
973 3586 1035 3640 τὸ
1078 3587 1279 3641 οἰκεῖον
1324 3585 1691 3659 στρατόπεδον
1742 3586 1891 3641 ἅπαν
1944 3586 2042 3640 σὺν

418 3678 639 3750 -ὲαυτῷ,
690 3677 857 3746 Λέγει
909 3676 967 3731 δὲ
1009 3675 1111 3740 τὰς
1162 3674 1432 3747 ἀοράτους
1481 3673 1775 3745 δυνάμεις*
1833 3671 2044 3735 ταύτας

431 3771 547 3841 γὰρ
585 3769 743 3823 καλεῖ
786 3769 916 3832 τοὺς
968 3766 1198 3836 ἁγίους,
1248 3762 1306 3819 αἳ
1360 3764 1500 3837 πρὸς
1544 3764 1762 3819 ἅπαντα
1799 3761 1950 3833 αὐτῷ
1974 3762 2046 3815 τὰ

408 3859 705 3917 ,δοκοῦντα
734 3861 795 3913 ὲν
834 3861 951 3923 τοῖς
998 3857 1129 3930 περὶ
1169 3857 1297 3922 τοὺς
1350 3856 1675 3928 ἀνθρώπους
1728 3853 2044 3925 γινομένοις

434 3952 839 4027 ὑπηρετεῖσθαι
888 3951 1167 4007 είώθασιν.
1228 3969 1248 4001 ι
1305 3950 1418 4005 Καὶ
1467 3949 1622 4004 ἔσται
1647 3952 1706 4003 ὲν
1743 3948 1931 4022 ἐκείνῃ
1972 3949 2043 4019 τῇ

424 4047 660 4120 ἡμέρα,
692 4045 795 4100 οὐκ
826 4044 984 4099 ἔσται
1018 4044 1157 4114 φῶς,
1187 4041 1329 4098 ἀλλά
1362 4038 1535 4115 ψύχος
1560 4042 1654 4096 καὶ
1686 4041 1864 4111 πάγος
1889 4040 2044 4094 ἔσται

426 4141 544 4213 μιᾷ
565 4139 835 4211 ἡμέρᾳ.)
886 4137 964 4192 Οὐ
1012 4135 1131 4206 φῶς
1176 4135 1348 4199 ὅντως
1376 4133 1471 4189 καὶ
1499 4133 1673 4205 ψύχος
1725 4132 1822 4186 καὶ⁸
1867 4130 2046 4199 πάγος

430 4233 613 4301 λέγει,
643 4229 761 4284 ἀλλ’
803 4228 998 4300 ὥσπερ
1029 4226 1222 4281 εἴωθεν
1253 4227 1435 4296 λέγειν
1454 4264 1469 4291 ,
1503 4225 1587 4279 ὅτι
1625 4225 1655 4278 ό
1680 4222 1835 4295 ἥλιος
1867 4238 2046 4277 σκοτι-

442 4322 725 4395 σθήσεται,
756 4321 852 4377 καὶ
866 4321 1088 4377 δύσεται
1102 4317 1510 4389 αὐτοκὸἧλιος,
1541 4316 1637 4372 καὶ
1661 4316 1762 4370 ὅσα
1779 4314 2007 4369 τοιαῦτα
2026 4330 2039 4345 ’

438 4413 518 4477 ὡς
550 4411 661 4466 τῶν
695 4413 754 4467 ὲν
790 4413 1106 4483 συμφοραῖς
1136 4409 1311 4465 ὄντων
1352 4406 1611 4480 οὐδεμίαν
1661 4404 1917 4477 αἴσθησιν
1946 4403 2043 4458 τοῦ

430 4504 624 4575 φωτὸς
653 4498 1081 4574 λαμϐανόντων,
1115 4499 1232 4555 ἀλλ’
1269 4499 1460 4571 ὥσπερ
1486 4500 1546 4553 ὲν
1577 4496 1756 4568 σκότῳ
1787 4497 1893 4551 τιν).
1922 4496 2044 4550 τότε

2144 3492 2339 3548 xilium
2389 3500 2644 3548 nostrum
2695 3495 2927 3550 veniens
2976 3493 3122 3551 Deus
3155 3496 3464 3566 apparebit,
3493 3504 3759 3552 cunctum

2146 3601 2309 3642 suum
2338 3600 2527 3642 secum
2558 3600 2730 3657 agens
2754 3586 3086 3652 exercitum,
3113 3587 3167 3642 id
3197 3594 3283 3643 est
3323 3587 3628 3645 invisibiles
3656 3605 3758 3660 po-

2147 3686 2412 3746 testates;
2471 3677 2574 3734 has
2636 3678 2783 3733 enim
2833 3684 3159 3734 sanctorum
3223 3681 3449 3735 nomine
3479 3683 3755 3751 appellat;

2146 3786 2269 3843 qua:
2310 3770 2377 3826 ad
2419 3786 2584 3826 omne
2614 3770 2736 3841 ejus
2773 3770 3016 3839 libitum,
3054 3774 3110 3826 in
3141 3771 3401 3830 humanis
3424 3773 3594 3830 rebus
3649 3777 3757 3830 mi-

2145 3862 2383 3919 nistrare
2416 3861 2616 3917 solent.
2658 3878 2676 3913 ι
2743 3862 2809 3917 Et
2838 3861 2943 3919 erit
2975 3862 3065 3918 die
3091 3863 3205 3931 illa,
3229 3878 3340 3920 non
3370 3865 3460 3921 lux
3493 3868 3620 3935 erit,
3661 3869 3761 3925 sed

2149 3954 2322 4027 frigus
2345 3961 2400 4009 et
2426 3956 2550 4025 gelu
2576 3955 2683 4011 erit
2723 3972 2832 4010 una
2864 3956 2974 4012 die.
3010 3975 3029 4009 ›
3060 3955 3218 4013 Haud
3257 3972 3451 4032 reapse
3474 3962 3647 4018 lucem
3676 3964 3761 4020 vel

2149 4046 2326 4116 frigus
2356 4046 2549 4117 geluve
2588 4045 2743 4110 dicit,
2795 4046 2891 4103 sed
2944 4047 3131 4117 potius
3171 4061 3326 4105 more
3377 4064 3503 4119 suo,
3551 4051 3669 4109 fore
3702 4062 3763 4108 ut

2134 4137 2232 4193 sol
2260 4137 2613 4201 obscuretur,
2644 4137 2730 4193 vel
2776 4140 3072 4194 occumbat
3105 4138 3237 4205 illis;
3267 4150 3368 4195 aut
3402 4143 3513 4198 alia
3569 4144 3764 4217 hujus-

2147 4228 2332 4286 modi:
2358 4230 2517 4300 quasi
2543 4230 2792 4287 homines
2818 4233 2873 4286 in
2899 4233 3305 4291 calamitatibus
3332 4246 3617 4295 versantes
3642 4241 3764 4294 nul-

2149 4321 2260 4376 lum
2293 4320 2431 4375 lucis
2481 4336 2706 4376 sensum
2740 4321 2999 4388 habeant,
3018 4308 3129 4379 'sed
3162 4326 3493 4394 quibusdam
3521 4331 3764 4386 tenebris

2136 4411 2827 4480 vcircumseptivideantur.
2860 4412 2940 4468 Ita
2973 4414 3064 4468 hic
3121 4414 3288 4469 etiam
3349 4418 3460 4473 ait:
3516 4419 3762 4477 Casuum

2138 4500 2525 4572 magnitudine
2580 4501 2916 4557 videbuntur
2954 4501 3206 4559 homines
3246 4519 3316 4560 ne
3368 4505 3553 4563 lucem
3595 4509 3768 4583 353

434 4591 583 4652 εἶναι
614 4595 939 4651 δοκούντων.
977 4593 1137 4648 Οὕτω
1168 4592 1453 4648 κάνταῦθά
1493 4608 1660 4664 φησιο
1690 4591 1918 4659 Δόξουσι
1947 4590 2036 4662 μὲν

2151 4594 2373 4666 quidem
2391 4595 2662 4665 aspicere,
2696 4596 2793 4651 sed
2819 4594 3025 4668 frigore
3053 4598 3290 4671 geluque
3312 4600 3536 4672 pulsati,
3573 4601 3631 4657 in
3655 4610 3767 4661 tre-

434 4689 555 4761 γὰρ
601 4688 708 4741 ὑπὸ
751 4686 846 4742 τοῦ
883 4685 1152 4759 μεγέθους
1181 4684 1290 4739 τῶν
1324 4686 1631 4757 γινομένων
1659 4685 1711 4738 οἱ
1743 4682 2043 4754 ἄνθρωποι,

440 4784 612 4853 φησιν
634 4822 650 4847 ,
676 4780 801 4836 οὐδὲ
828 4780 949 4851 φῶς
991 4781 1149 4852 όρᾷν,
1181 4777 1374 4851 ὥσπερ
1401 4778 1459 4833 δὲ
1484 4780 1542 4832 ὲν
1564 4777 1728 4850 ψύχει
1758 4777 1856 4832 καὶ
1884 4778 2046 4851 πάγῳ

438 4872 844 4946 ταραττόμενοι
871 4872 930 4924 ὲν
953 4870 1143 4942 τρόμῳ
1170 4885 1232 4922 τε
1266 4868 1363 4922 καὶ
1388 4867 1564 4939 κλόνῳ
1619 4865 1877 4939 μενοῦσι,
1916 4882 2046 4920 συν-

436 4968 774 5039 αράττοντες
788 4965 918 5030 τοὺς
936 4958 1163 5027 ὀδόντας
1186 4960 1264 5034 τῷ
1291 4961 1512 5034 μεγέθει
1534 4960 1645 5016 τῶν
1660 4958 2044 5033 γενησομένων

438 5060 634 5115 κακῶν
666 5062 732 5114 ὲκ
775 5058 878 5131 τῆς
906 5053 1233 5127 ἐπιφανείας
1261 5055 1360 5126 τῆς
1399 5054 1547 5118 θείας
1572 5071 1586 5085 υ
1616 5053 1712 5125 (p.
1740 5052 1882 5124 530)
1928 5046 2043 5106 οἷόν

438 5153 561 5206 ἐστι
589 5150 765 5207 καὶτὸ
787 5151 941 5224 παρά
963 5147 1058 5204 τοῦ
1074 5147 1285 5221 Κυρίου
1306 5147 1621 5217 λεγόμενον,
1648 5163 1667 5198 ι
1715 5146 1864 5199 Ἐκεῖ
1887 5143 2044 5199 ἔσται

440 5248 471 5300 ό
490 5246 741 5319 βρυγμὸς
756 5244 867 5299 τῶν
881 5244 1134 5299 ὀδόντων.
1160 5262 1180 5296 ι
1194 5261 1287 5294 -ι
1308 5242 1419 5295 Καὶ
1445 5244 1479 5313 ἡ
1496 5239 1679 5313 ἡμέρα
1699 5239 1884 5311 ἐκείνη
1901 5255 2045 5309 γνω.

440 5338 547 5411 στὴ
580 5337 661 5410 τῷ
680 5337 901 5412 Κυρίῳ.
936 5354 954 5389 ι
982 5335 1099 5391 ’Ίνα
1124 5335 1254 5410 εἴπῃ
1282 5334 1364 5389 ὅτι
1393 5333 1538 5388 κατά
1563 5331 1790 5403 γνώμην
1805 5331 1943 5386 Θεοῦ
1966 5348 2051 5402 γε·

436 5432 668 5504 νήσεται
687 5428 937 5493 τοιαῦτα,
963 5428 1197 5501 ἐπείπερ
1223 5426 1453 5501 ἀρεστὸν
1476 5425 1624 5497 αὐτῷ
1643 5421 1704 5479 τὸ
1717 5423 1861 5479 οὕτω
1875 5424 2051 5480 ταῦτα

438 5526 567 5579 τότε
587 5523 867 5597 συμϐῆναι
887 5536 899 5554 ⁸
917 5517 1029 5577 οἷόν
1051 5523 1170 5577 ἐστι
1185 5517 1299 5587 τὸ,ι
1312 5520 1496 5590 Ἔγνω
1520 5518 1728 5591 Κύριος
1747 5519 1875 5582 τοὺς
1890 5516 2053 5583 ὄντας

445 5616 618 5672 αὐτοῦ
638 5635 653 5650 ·
694 5636 714 5671 ι
754 5616 880 5672 ἀντὶ
900 5615 1019 5682 τοῦ,
1065 5613 1397 5687 ’ῼκειώσατο
1424 5612 1625 5675 αὐτοὺς
1663 5610 1758 5665 καὶ
1783 5611 2051 5683 ἀρεστοὺς

451 5710 708 5783 ἐνόμισεν
733 5708 931 5782 ἐαυτῷ.
960 5707 1118 5764 Οὕτω
1142 5708 1235 5761 καὶ
1265 5706 1368 5779 τὴν
1394 5704 1613 5778 ἡμέραν
1635 5704 1784 5776 λέγει
1805 5703 2053 5777 γνωστὴν

521 5888 564 5927 ⁷9
606 5891 797 5950 Matth.
845 5910 967 5959 vm,
1012 5893 1100 5952 12.
1180 5890 1226 5925 ⁸⁸
1262 5889 1304 5947 II
1346 5886 1487 5948 Tim.
1528 5905 1588 5960 ιι,
1632 5890 1716 5947 19.

2153 4701 2307 4743 more
2322 4693 2377 4742 et
2399 4686 2766 4743 concussione
2801 4689 3125 4760 manebunt,
3153 4692 3418 4750 dentibus
3453 4694 3769 4753 infrenden-

2152 4791 2258 4847 tes,
2295 4780 2368 4834 oh
2406 4779 2780 4852 ingruentium
2812 4782 3085 4838 malorum
3110 4787 3545 4857 magnitudinem
3583 4788 3638 4843 in
3672 4788 3765 4847 Dei

2142 4871 2393 4928 adventu
2438 4871 2600 4942 juxta
2653 4869 2876 4927 Domini
2919 4874 3169 4932 dictum:
3224 4894 3244 4929 ι
3289 4879 3367 4934 Ibi
3425 4881 3530 4935 erit
3564 4874 3803 4937 stridi

2154 4965 2406 5023 dentium
2439 4964 2507 5022 ⁷⁸.
2550 4985 2570 5019 ι
2587 4986 2660 5007 -ι
2683 4984 2701 5019 ι
2726 4968 2795 5027 Ει
2823 4969 2946 5026 dies
2972 4968 3067 5027 illa
3091 4977 3223 5031 nota
3242 4971 3499 5031 Domino.
3528 4993 3545 5023 ι
3571 4962 3631 5029 Id
3650 4946 3789 5037 est:

2146 5061 2305 5133 juxta
2333 5062 2431 5120 Dei
2461 5062 2794 5119 sententiam
2837 5062 2972 5117 talia
3008 5061 3161 5128 fient,
3217 5066 3478 5133 quoniam
3516 5065 3565 5120 ei
3607 5065 3769 5122 libuit

2150 5156 2270 5213 haec
2293 5162 2427 5211 tunc
2456 5156 2699 5213 evenire.
2738 5154 2918 5212 Veluti
2948 5152 3086 5208 illud
3107 5171 3152 5206 ει
3184 5155 3346 5213 Novit
3373 5156 3640 5215 Dominus
3670 5162 3766 5231 qui

2155 5253 2287 5304 sunt
2333 5247 2456 5318 ejus
2476 5247 2524 5280 ⁸ο
2554 5266 2570 5316 ;
2599 5266 2618 5299 ι
2666 5247 2722 5303 id
2761 5246 3185 5312 est,familiares
3236 5265 3368 5305 suos
3411 5248 3558 5317 fecit,
3607 5258 3662 5306 et
3709 5254 3765 5307 in

2159 5338 2455 5393 charorum
2488 5353 2721 5395 numero
2755 5338 3068 5394 habuit.Sic
3103 5339 3246 5395 diem
3266 5340 3341 5393 ait
3360 5348 3545 5395 notam
3577 5339 3767 5397 Domi-

2158 5441 2254 5495 no,
2298 5443 2495 5499 nempe
2523 5428 2629 5499 ipsi
2676 5435 2911 5500 gratam,
2961 5429 3090 5499 quia
3122 5444 3191 5484 ex
3223 5429 3344 5499 ejus
3370 5431 3643 5487 sententia
3675 5431 3767 5489 die

2162 5519 2253 5575 illa
2285 5519 2414 5576 flent
2451 5521 2602 5589 talia,
2633 5521 2700 5576 ad
2746 5520 2988 5576 hostium
3056 5521 3417 5593 punitionem,
3461 5524 3764 5582 amicorum

2163 5622 2346 5671 autem
2374 5614 2629 5671 salutem.
2668 5634 2686 5667 ι
2724 5615 2789 5671 Et
2829 5631 2939 5671 non
2982 5615 3102 5673 dies
3142 5632 3325 5689 neque
3369 5633 3501 5684 nox,
3550 5627 3607 5676 et
3641 5631 3773 5692 post

2165 5722 2452 5779 vesperam
2494 5708 2584 5763 lus
2620 5709 2746 5766 erit.
2800 5728 2818 5763 ι
2879 5708 3334 5771 lucumlientibus
3378 5712 3559 5782 malis,
3599 5720 3770 5771 tanta!
