4162 6464
526 403 614 459 5ος

1670 400 2026 458 THEODORI
2064 400 2547 460 MOPSUESTENI

3682 410 3792 471 5;}!

517 519 773 578 omnibus
794 514 1143 575 oﬂimdentur
1185 519 1445 585 tenebrae,
1491 525 1550 574 ut
1584 517 1735 573 nulla
1763 519 1837 572 sit
1869 522 2049 574 noctis
2071 535 2094 573 τι

2204 518 2280 591 τῷ
2306 520 2512 594 Κυρίῳ,
2537 523 2613 586 ὡς
2645 521 2879 595 ἀρεστὴν
2910 522 3079 595 αὐτῷ,
3108 525 3185 595 τῷ
3206 526 3349 580 κατά
3372 526 3598 600 γνώμην
3625 532 3793 587 αὑτοῦ

516 613 605 668 die
625 613 941 669 distinctio:
970 613 1106 668 adeo
1127 614 1366 669 tenebrae
1378 619 1577 666 cuncta
1599 608 1951 681 occupabunt
1974 611 1987 663 !
2013 608 2109 666 llis

516 709 699 757 tamen
754 704 1013 759 succedet
1044 704 1120 774 (id
1154 704 1302 760 enim
1331 702 1730 759 innuitdictim
1765 708 1891 773 post
1917 717 2111 771 vespe-

515 812 629 850 ram
650 795 1417 868 i),succede,inquam,lux,id
1441 796 1781 854 estdivinum
1806 795 2107 851 auxilium:

2211 608 2279 663 τὰ
2306 609 2531 664 τοιαῦτα
2572 612 2631 665 ἐν
2656 612 2793 683 αὐτῇ
2832 612 3114 680 γενέσθαι,
3163 616 3256 668 ἐπὶ
3286 618 3529 691 τιμωρίᾳ
3561 620 3662 691 μὲν
3684 621 3794 675 τῶν

2208 702 2485 771 ἐναντίων,
2533 704 2778 776 σωτηρία
2827 704 2885 758 δέ
2929 705 3040 760 τῶν
3064 706 3299 761 οίκείων.
3348 707 3512 764 Ὅθεν
3557 711 3788 781 ἐπάγει·

2210 810 2232 844 t
2270 793 2381 848 Καὶ
2425 796 2526 866 οὐχ
2568 794 2772 867 ἡμέρα,
2823 795 2918 850 καὶ
2958 797 3022 850 οὐ
3069 795 3335 863 νὺξ,οκαὶ
3370 800 3507 871 πρὸς
3550 798 3793 876 ἑσπέραν

513 887 642 956 quia
691 900 899 943 cuncta
947 890 1039 943 illa
1077 889 1211 945 [lunt
1264 888 1333 944 ad
1362 888 1600 943 hostium
1626 887 1998 959 punitionem,
2045 896 2094 940 ul

2206 882 2361 939 ἔσται
2403 885 2554 955 φῶς·
2599 904 2619 938 ι
2657 886 3099 957 ἐπικρατούντων
3149 890 3249 960 μὲν
3279 889 3388 961 γὰρ
3420 890 3529 944 τῶν
3570 891 3788 956 κακῶν,

513 992 646 1032 suos
666 977 732 1031 ad
765 992 825 1033 se
860 978 1108 1048 recipiat.
1132 977 1372 1049 Propter
1395 980 1512 1034 haec
1533 979 1703 1050 igitur
1732 976 1885 1032 addit
1911 994 1925 1031 :

2205 976 2426 1031 τοσοῦτο
2449 978 2875 1050 περιχυθήσεται
2901 980 3093 1045 σκότος
3131 980 3357 1048 ἀπασιν,
3388 981 3467 1047 ὡς
3514 982 3789 1054 μηδεμίαν
3904 990 3912 1000 ’

512 1068 651 1126 εἶναι
683 1071 875 1135 νυκτός
916 1088 980 1123 τε
1017 1071 1111 1124 καὶ
1144 1072 1365 1143 ἡμέρας
1402 1070 1696 1144 διαφοράν·
1755 1070 1897 1125 οῦτω
1944 1068 2135 1131 σκότος
2185 1066 2416 1140 λήψεται
2462 1069 2534 1124 τά
2579 1072 2789 1125 πάντα’
2843 1072 3198 1143 ἀκολουθήσει
3238 1074 3297 1128 δέ
3340 1074 3551 1139 τούτοις
3598 1073 3790 1146 (τοῦτο

510 1165 620 1235 γὰρ
660 1162 806 1232 λέγει
839 1180 858 1213 t
897 1163 1033 1234 πρὸς
1060 1164 1298 1236 ἑσπέραν
1326 1159 1379 1231 ι)
1429 1164 1576 1235 φῶς,
1616 1161 1893 1218 τουτέστιν
1921 1162 1957 1232 ἡ
1996 1158 2278 1231 ἀντίληψις
2326 1162 2360 1231 ἡ
2401 1161 2552 1216 θεία·
2603 1162 2789 1235 ἐπειδὴ
2820 1164 2998 1220 πάντα
3052 1165 3236 1220 ἐκεῖνα
3272 1165 3660 1240 διαπράττεται
3692 1167 3789 1220 ἐπὶ

510 1254 750 1325 τιμωρίᾳ
781 1253 889 1308 τῶν
917 1254 1174 1310 ἐναντίων
1194 1297 1207 1324 ,
1237 1256 1314 1321 ὼς
1343 1258 1409 1311 ἂν
1440 1257 1568 1321 τοὺς
1594 1258 1834 1321 οἰκείους
1864 1254 2043 1327 ἐαυτῷ
2068 1256 2490 1328 περιποιήσειεν.
2522 1257 2620 1312 Διά
2651 1258 2857 1314 τούτων
2884 1259 3078 1330 ἐπάγει
3107 1259 3260 1331 γοῦν·

584 1419 749 1475 Vens.
769 1420 919 1477 8-ll.
947 1451 1016 1462 —
1041 1439 1059 1474 ι
1096 1420 1161 1476 Ει
1180 1422 1269 1479 die
1286 1422 1378 1478 illa
1399 1423 1713 1494 egredietur
1738 1438 1881 1494 aqua
1912 1421 2103 1478 vivens

516 1527 582 1566 cx
616 1511 978 1569 llierusalcm.
1019 1532 1039 1567 ι
1062 1514 1120 1570 ld
1134 1523 1241 1583 est,
1264 1523 1397 1572 tunc
1424 1530 1621 1586 purum
1653 1516 2019 1572 sacerdotium
2045 1515 2101 1569 in

512 1605 647 1661 urbe
675 1605 1018 1664 Hierusalem
1052 1610 1422 1665 constituetur
1440 1617 1604 1681 atque
1621 1610 1948 1681 legitimum,
1974 1622 2102 1663 nec-

510 1713 620 1753 non
653 1698 995 1771 principatus
1054 1700 1165 1757 Deo
1212 1703 1454 1773 placens,
1507 1712 1563 1759 et
1613 1702 1868 1758 doctrina
1900 1701 2102 1758 divinis

510 1789 724 1882 legibus
750 1801 1139 1859 consentanea,
1175 1809 1299 1864 quae
1326 1808 1436 1849 non
1469 1794 1616 1851 illius
1647 1802 1859 1850 tantum
1881 1802 2099 1862 tempo-
2128 1821 2175 1882 Β

510 1881 588 1935 ris
619 1882 874 1952 gentibus
902 1893 1209 1955 opportuna
1247 1886 1373 1953 erit,
1403 1900 1595 1942 verum
1627 1888 1792 1941 etiam
1841 1885 2096 1957 posteris.

506 1970 642 2025 Nam
677 1987 828 2028 mare
855 1974 1090 2042 primum
1113 1975 1326 2045 priores
1359 1976 1517 2043 dicit,
1549 1986 1883 2050 postremum
1916 1983 2101 2049 poste-

506 2077 618 2119 ros.
639 2063 848 2129 Quibus
871 2062 1042 2122 addit:
1057 2065 1295 2125 «Aistate
1309 2081 1366 2128 et
1387 2082 1559 2123 verno
1574 2078 1814 2136 tempore
1834 2067 1909 2122 ita
1930 2067 2055 2133 erit,
2074 2085 2093 2119 ι

505 2153 559 2206 id
594 2160 807 2223 cst,per
840 2169 1005 2210 omne
1028 2162 1243 2226 tempus
1281 2156 1469 2214 divino
1494 2157 1804 2229 patrocinio
1848 2171 2100 2226 perseve-

503 2244 648 2298 rabit
679 2245 1042 2315 prosperitas.
1076 2244 1188 2314 Sic,
1212 2247 1409 2320 inquit,
1447 2250 1704 2305 universa
1742 2258 1889 2305 terra
1914 2263 2096 2320 regem

502 2347 763 2405 agnoscet
788 2346 840 2393 et
870 2337 1222 2395 conﬁtebitur
1242 2356 1412 2397 unum
1433 2340 1607 2397 Deum
1637 2356 1821 2398 rerum
1847 2343 2096 2398 omnium

502 2434 805 2481 creatorem
834 2442 903 2482 ac
918 2424 1233 2480 Dominum.
1270 2426 1388 2498 Ipse
1411 2428 1557 2484 enim
1582 2444 1679 2499 per
1703 2444 1767 2485 ea
1790 2444 1910 2500 quae
1941 2428 2092 2494 facit,

501 2531 660 2573 suam
692 2517 1039 2576 demonstrat
1070 2520 1471 2591 providentiam
1502 2536 1565 2576 ac
1592 2528 1913 2593 potestatem
1942 2539 1955 2575 :
1980 2534 2097 2591 per-

498 2623 607 2678 que
630 2617 831 2664 terram
860 2624 1053 2667 omnes
1098 2611 1174 2682 (id
1205 2620 1289 2669 est
1313 2613 1490 2685 gentis
1529 2627 1643 2668 suae
1668 2611 1940 2683 homines)
1969 2627 2095 2683 per—

499 2707 756 2769 severant
780 2699 1040 2772 deinceps
1067 2704 1218 2759 omni
1267 2719 1457 2760 errore
1481 2703 1646 2775 359
1697 2704 1874 2771 liberi,
1915 2704 2092 2759 solum

496 2793 675 2859 ipsum
730 2791 1071 2862 appellantes
1120 2792 1308 2849 Deum.
1343 2793 1481 2849 Exin
1514 2795 1762 2850 diversos
1791 2793 1942 2851 locos
1979 2809 2094 2850 me-

494 2889 695 2946 morat,
734 2884 923 2938 volens
958 2899 1056 2955 per
1083 2884 1267 2940 omnia
1310 2884 1518 2951 dicere,
1577 2884 1695 2941 fore
1744 2892 1803 2940 ut
1852 2885 1906 2940 in
1940 2892 2095 2956 parte

495 2973 740 3043 qualibet
794 2982 997 3031 nostrae
1043 2975 1255 3049 regioni
1310 2976 1545 3032 ﬁnitima
1579 2983 1901 3033 constanter
1947 2976 2092 3033 Deus

504 3080 841 3141 agnoscatur
887 3079 1051 3141 atque
1112 3071 1395 3140 adoretur,
1453 3071 1647 3128 fraude
1715 3074 1868 3128 omni
1926 3080 2091 3143 atque

495 3159 779 3231 impietate
803 3160 1050 3233 depulsa.
1081 3161 1220 3219 Cum
1252 3163 1376 3231 hac,
1419 3164 1620 3236 inquit,
1652 3162 1748 3220 Dei
1768 3164 1961 3220 notitia
1986 3164 2082 3219 ha-

2194 3160 2345 3216 ιύτοῦ
2371 3160 2661 3225 καλοῦντες
2689 3160 2764 3224 ὡς
2788 3159 2942 3213 Θεοῦ.
2979 3154 3115 3214 Εἶτα
3138 3158 3231 3212 καὶ
3253 3156 3381 3229 περὶ
3405 3156 3586 3212 τόπων
3615 3156 3763 3226 λέγει
3868 3162 3877 3169 “

494 3250 750 3307 bitabunt
813 3253 1074 3325 deinceps
1125 3253 1469 3313 Hierusalem
1511 3264 1829 3313 constanter
1894 3271 2084 3314 omnes

494 3341 589 3411 qui
652 3343 802 3413 genti
849 3353 1053 3400 nostra:
1081 3353 1211 3402 sunt
1237 3344 1442 3413 devoti,
1474 3361 1743 3415 nemoque
1794 3345 1851 3401 in
1883 3347 2085 3417 populo

495 3432 836 3505 irreligiosus
863 3436 967 3491 erit
993 3443 1089 3490 aut
1147 3452 1178 3492 a
1207 3435 1317 3493 Deo
1343 3438 1579 3495 alienus.
1600 3436 1693 3493 Sic
1721 3436 1869 3494 enim
1901 3437 2085 3491 valent

492 3523 680 3588 verba,
695 3519 841 3575 «Non
858 3523 968 3579 erit
983 3524 1219 3581 ulterius
1230 3519 1538 3580 analhema-
1552 3542 1568 3573 ³
1580 3523 1876 3595 Νοητι)θ,ιιι
1889 3525 2084 3582 b63105

494 3616 571 3671 ait
620 3615 969 3681 Paulus,«Si
1028 3618 1153 3689 quis
1214 3634 1324 3675 non
1350 3628 1498 3675 amat
1560 3619 1852 3675 Dominum
1896 3617 2083 3675 Jesum

493 3708 795 3777 Christum,
851 3710 1144 3766 anathema
1188 3711 1260 3766 sit
1292 3711 1360 3767 “.
1388 3727 1406 3761 ι
1430 3707 1605 3780 Igitur
1635 3712 1775 3765 nihil
1816 3709 2083 3781 ejusmodi

491 3798 747 3866 posthinc
803 3799 948 3864 erit;
1017 3800 1145 3870 quia
1210 3815 1374 3856 nemo
1419 3800 1547 3854 item
1617 3799 1816 3854 abhinc
1871 3800 1977 3854 erit
2053 3812 2084 3852 a

492 3888 607 3943 Deo
626 3888 836 3945 alienus
878 3890 1203 3961 :cunctique
1232 3890 1560 3947 habitabant
1605 3890 1859 3961 deinceps
1886 3889 2082 3946 llieru-

494 3979 662 4034 salem
686 3980 854 4035 multa
879 3996 1001 4036 cum
1037 3979 1353 4047 securitate,
1386 3995 1550 4052 quam
1582 3981 1781 4036 civitas
1814 3996 1844 4035 a
1899 3980 2082 4035 divina

494 4071 662 4126 tutela
701 4083 1023 4143 asseqttetur
1058 4080 1287 4144 propter
1348 4089 1508 4129 suum
1553 4073 1784 4128 virtutis
1816 4072 2079 4129 studium.

491 4162 672 4233 Atque
702 4163 755 4217 in
792 4163 879 4245 his
907 4163 1069 4220 linem
1108 4163 1319 4221 facitde
1335 4164 1735 4220 Macchabaicis
1765 4166 1928 4220 rebus
1953 4177 2082 4234 pro-

491 4254 694 4324 phetia,
716 4253 853 4311 etde
876 4256 1092 4312 illorum
1116 4265 1422 4329 temporum
1443 4258 1688 4323 casibus,
1721 4270 1774 4314 et
1793 4258 1861 4313 de
1885 4256 2081 4314 futuris

2272 1424 2423 1494 Στίχ.
2459 1430 2631 1495 η’-ια’.
2662 1455 2731 1465 -
2770 1441 2791 1476 ι
2812 1426 2923 1479 Καὶ
2958 1426 3016 1479 ἐν
3046 1428 3113 1497 τῇ
3145 1425 3328 1498 ἡμέρᾳ
3360 1425 3544 1499 ἐκείνῃ
3577 1425 3783 1491 ἐξελεύ-

2203 1530 2354 1567 σεται
2404 1514 2546 1587 ὕδωρ
2576 1513 2685 1581 ζῶν
2716 1515 2776 1581 ἐξ
2830 1517 3204 1589 Ἰερουσαλήμ.
3244 1536 3264 1570 ι
3314 1517 3427 1571 Ἵνα
3468 1517 3620 1590 εἴπῃ,
3649 1519 3781 1572 Τότε

2201 1605 2418 1680 καθαρὰ
2448 1608 2715 1681 ἱερωσύνη
2768 1609 2861 1663 ἐπὶ
2903 1609 3002 1680 τῆς
3046 1608 3404 1680 Ἰερουσαλὴμ
3431 1608 3784 1679 ἐπιτελεσθη-

2203 1714 2354 1751 σεται
2396 1700 2497 1753 ικαὶ
2551 1697 2812 1771 νόμιμος,
2874 1700 3181 1773 προστασία
3233 1718 3293 1755 τε
3343 1699 3653 1771 ἀρέσκουσα
3702 1702 3782 1770 τῷ

2200 1790 2321 1862 Θεῷ
2340 1832 2356 1855 ,
2413 1792 2508 1846 καὶ
2547 1791 2866 1846 διδασκαλία
2914 1794 3029 1857 τοῖς
3085 1792 3271 1863 νόμοις
3314 1792 3609 1856 ἀκόλουθος
3665 1794 3781 1857 τοῖς

2204 1880 2395 1948 θείοις,
2440 1884 2562 1955 ἥτις
2620 1885 2680 1938 ού
2710 1885 2826 1948 τοῖς
2869 1887 2989 1938 κατ’
3038 1886 3241 1939 ἐκεῖνον
3294 1884 3384 1937 τὸν
3450 1882 3636 1955 καιρὸν
3682 1883 3779 1936 τοῦ

2201 1975 2386 2040 ἔθνους
2427 1975 2711 2047 ἐπιτηδεία
2755 1976 2915 2047 μόνον
2947 1974 3130 2040 ἔσται,
3172 1974 3307 2029 ἀλλὰ
3354 1975 3447 2028 καὶ
3491 1976 3604 2038 τοῖς
3641 1974 3779 2044 μετά

2201 2062 2389 2119 ταῦτα.
2434 2064 2721 2119 Θάλασσαν
2754 2064 2853 2136 μὲν
2882 2065 2990 2136 γὰρ
3023 2063 3247 2136 πρώτην
3292 2065 3416 2128 τοὺς
3441 2064 3563 2118 τότε
3591 2064 3740 2133 λέγει
3760 2082 3773 2094 ·

2199 2157 2436 2228 ἐσχάτην
2472 2156 2529 2210 δὲ
2581 2156 2706 2221 τοὺς
2767 2158 2880 2229 μετ’
2927 2156 3196 2220 ἐκείνους
3253 2150 3337 2220 οἷς
3393 2154 3779 2226 προστέθεικεν

2198 2249 2279 2301 ὅτι
2309 2266 2329 2299 ι
2387 2248 2475 2302 Ἐν
2505 2247 2653 2323 θέρει
2692 2250 2785 2303 καὶ
2812 2250 2871 2303 ἐν
2903 2249 3023 2321 ἔαρι
3054 2248 3204 2303 ἔσται
3239 2247 3431 2312 οὓτως.
3469 2268 3488 2301 ι
3522 2248 3614 2319 (p.
3642 2248 3775 2316 551)

2199 2339 2319 2393 Ἵνα
2361 2339 2492 2415 εἴπῃ
2537 2341 2618 2395 ὅτι
2648 2342 2789 2396 κατὰ
2834 2341 3009 2395 πάντα
3039 2341 3232 2410 καιρὸν
3256 2339 3344 2394 διὰ
3374 2341 3476 2410 τῆς
3500 2338 3649 2403 θείας
3675 2356 3777 2410 κηι-

2197 2428 2449 2501 δεμσνίας
2494 2431 2857 2503 ἐπικρατήσει
2904 2431 2973 2484 τὰ
3021 2430 3288 2501 κρείττω·
3336 2428 3479 2482 οῦτω
3505 2445 3586 2494 τε,
3617 2430 3770 2499 φησὶ,

2196 2522 2339 2576 κατά
2365 2522 2545 2593 πάσης
2590 2523 2683 2594 τῆς
2730 2522 2835 2593 γῆς
2870 2523 3025 2576 ἔσται
3072 2522 3325 2592 βασιλεὺς
3371 2520 3773 2592 γνωριζόμειός

2194 2629 2253 2666 τε
2287 2614 2381 2668 καὶ
2420 2612 2850 2685 ὁμολογούμενος
2880 2615 3038 2684 μόνος
3068 2607 3207 2667 εἶναι
3236 2612 3368 2675 Θεὸς
3398 2614 3427 2665 ό
3452 2611 3547 2667 τοῦ
3576 2612 3771 2674 παντὸς

2195 2706 2427 2777 ποιητής
2456 2722 2517 2758 τε
2566 2706 2662 2759 καὶ
2692 2706 2922 2777 Κύριος’
2956 2705 3119 2767 αὑτός
3149 2721 3210 2757 τε
3247 2703 3355 2775 γὰρ
3383 2703 3451 2756 δι’
3483 2696 3558 2757 ὧν
3602 2706 3768 2765 ποιεῖ,

2194 2794 2291 2867 τὴν
2325 2794 2649 2866 κηδεμονίαν
2702 2797 2795 2849 καὶ
2840 2797 2938 2866 τὴν
2989 2794 3239 2862 ἐξουσίαν
3280 2792 3644 2847 ἐπιδείκνυται
3671 2792 3769 2863 τὴν

2193 2886 2399 2940 οἰκείαν
2423 2902 2437 2916 ο
2486 2886 2581 2940 καὶ
2613 2886 2681 2950 δὴ
2724 2887 2817 2941 καὶ
2864 2886 3066 2948 πάντες
3095 2886 3143 2937 οἱ
3180 2884 3320 2939 κατὰ
3351 2884 3455 2956 γῆν
3489 2883 3610 2955 (ἵνα
3640 2883 3770 2958 εἴπῃ

2192 2977 2317 3040 τοὺς
2354 2973 2449 3029 τοῦ
2497 2975 2717 3047 ἔθνους)
2761 2976 3076 3045 διαμένουσι
3127 2973 3315 3027 λοιπὸν
3356 2972 3768 3045 ἀπηλλαγμένοι

2195 3070 2293 3141 μὲν
2337 3068 2544 3141 πλάνης
2583 3068 2829 3138 ἀπάσης,
2877 3066 2976 3139 τὴν
3008 3064 3305 3136 ὀνομασίαν
3348 3064 3407 3118 δὲ
3457 3065 3627 3136 μόνην
3669 3065 3767 3131 τὴν

2186 3253 2487 3327 διαφόρων,
2524 3252 2845 3323 βουλόμενος
2882 3250 2971 3306 διὰ
3002 3252 3219 3306 πάντων
3270 3249 3476 3315 εἰπεῖν,
3512 3249 3592 3302 ὅτι
3628 3248 3767 3303 κατὰ

2188 3343 2386 3408 παντὸς
2432 3344 2636 3417 μέρους
2682 3347 3050 3415 προσήκοντος
3083 3344 3149 3414 τῇ
3184 3344 3255 3413 γῇ
3285 3344 3350 3412 τῇ
3382 3341 3624 3413 ἡμετέρᾳ
3655 3340 3767 3395 δια-

2189 3439 2340 3507 μενεῖ
2381 3436 2515 3500 Θεὸς
2563 3434 2968 3510 γνωριζόμενός
3015 3451 3073 3488 τε
3117 3435 3213 3488 καὶ
3262 3432 3764 3503 προσκυνούμενος,

2184 3525 2605 3597 ἀπεληλαμένης
2657 3527 2839 3596 πάσης
2890 3525 3099 3597 πλάνης
3147 3541 3207 3579 τε
3270 3524 3365 3578 καὶ
3413 3522 3668 3587 ἀσεϐείας
3707 3523 3767 3588 ἐξ

2167 3615 2363 3694 χήμῶν.
2417 3616 2574 3670 Μετά
2630 3615 2837 3687 ταύτης
2904 3616 3001 3681 δὲ,
3034 3615 3193 3687 φησὶ,
3244 3614 3345 3685 τῆς
3389 3612 3642 3683 γνώσεως
3674 3615 3766 3668 καὶ

2186 3709 2464 3779 οἰκήσουσι
2514 3709 2613 3781 τὴν
2654 3708 3006 3779 Ἰερουσαλὴμ
3034 3708 3219 3762 λοιπὸν
3248 3709 3489 3772 ἅπαντες
3535 3707 3766 3779 βεϐαίως

2186 3800 2233 3852 οἱ
2280 3799 2357 3869 τῷ
2387 3798 2530 3853 ἔθνει
2582 3802 2950 3873 προσήκοντες
3003 3798 3082 3869 τῷ
3117 3800 3401 3871 ἡμετέρῳ,
3446 3800 3541 3854 καὶ
3588 3799 3776 3862 οὐθεὶς,

2183 3889 2338 3943 ἔσται
2362 3889 2545 3944 λοιπὸν
2568 3892 2627 3944 ὲν
2653 3889 2728 3961 τῷ
2754 3891 2897 3944 ἔθνει
2934 3890 3157 3961 ἀσεϐείᾳ
3187 3889 3414 3962 χαίρων,
3443 3890 3563 3944 οὐδὲ
3591 3888 3767 3960 ἀπηλ-

2186 3982 2546 4055 λοτριωμένος
2575 3982 2736 4037 Θεοῦ·
2764 3982 2920 4037 τοῦτο
2949 3982 3058 4055 γὰρ
3087 3982 3235 4049 λέγει
3253 4022 3267 4046 ,
3313 4000 3334 4035 t
3370 3982 3482 4035 Καὶ
3521 3982 3766 4052 ἀνάθεμα

2184 4075 2284 4129 οὐκ
2312 4073 2461 4127 ἔσται
2494 4074 2606 4129 ἔτι.
2648 4093 2666 4127 ι
2710 4076 2795 4138 Ὠς
2838 4074 2943 4145 γὰρ
2972 4075 3000 4127 ὁ
3052 4075 3318 4145 μακάριος
3358 4073 3502 4142 λέγει
3536 4072 3765 4137 Παῦλος,

2191 4186 2209 4219 t
2247 4166 2314 4221 Εἴ
2343 4185 2425 4232 τις
2468 4167 2529 4220 ού
2561 4167 2705 4237 φιλεῖ
2740 4167 2830 4220 τὸν
2860 4165 3067 4237 Κύριον
3111 4164 3318 4236 Ἰησοῦν
3364 4166 3620 4235 Χριστὸν,
3649 4165 3764 4235 ἤτω

2183 4259 2467 4332 ἀνάθεμα·
2508 4279 2527 4312 ι
2573 4260 2673 4313 οὐκ
2713 4257 2866 4311 ἔσται
2909 4253 3034 4321 οῦν,
3083 4257 3282 4326 φησιν,
3338 4255 3521 4309 οὐκέτι
3571 4255 3762 4308 τοῦτο·

489 4347 678 4416 populi
740 4347 1000 4418 peccatis,
1032 4356 1088 4404 et
1120 4348 1187 4405 de
1232 4350 1389 4405 malis
1420 4349 1861 4407 adversariorum
1915 4364 2079 4406 manu

2194 4353 2307 4407 imi.
2343 4350 2480 4425 μηδέ
2510 4349 2624 4404 ἐστί
2657 4366 2741 4412 τις
2770 4345 3409 4418 λοιπὺνὴλλοτριωμένος
3450 4344 3616 4425 Θεοῦ·
3652 4344 3768 4397 δια-

491 4437 818 4513 iulligendis,
855 4456 956 4499 nec
988 4456 1098 4497 non
1125 4442 1191 4498 de
1220 4457 1353 4498 cura
1405 4457 1569 4514 quam
1597 4441 1741 4499 Deus
1768 4445 1919 4499 circa
1954 4443 2077 4498 illos

2194 4423 2422 4516 μενεῖτε
2466 4441 2650 4496 λοιπὸν
2691 4439 2989 4511 οἰκουμένη
3020 4439 3053 4509 ἡ
3096 4434 3454 4509 Ἰερουσαλὴμ
3482 4423 3588 4490 ύπδ
3626 4435 3764 4489 πάν-

488 4532 759 4601 ostendet,
793 4533 1010 4592 honesti
1035 4534 1286 4593 videlicet
1312 4537 1541 4593 asseclis
1564 4551 1724 4592 suum
1755 4535 2079 4608 impendens

2194 4553 2291 4590 των
2328 4533 2467 4604 μετά
2495 4532 2696 4601 πολλῆς
2740 4532 2840 4602 τῆς
2871 4530 3170 4599 ἀσφαλείας
3190 4571 3205 4596 ,
3237 4530 3305 4602 ἦν
3341 4528 3447 4584 ὑπὸ
3481 4530 3582 4601 τῆς
3617 4528 3765 4593 θείας

490 4621 776 4677 auxilium.
834 4622 973 4679 Exin
1021 4640 1153 4682 vero
1202 4627 1434 4683 resumit
1494 4641 1584 4682 res
1638 4634 1765 4681 ante
1831 4634 2084 4696 tempora

2194 4626 2295 4691 ἕξει
2324 4625 2652 4697 κηδεμονίας
2691 4622 2778 4677 διὰ
2808 4624 2907 4695 τὴν
2947 4624 3041 4676 τοῦ
3086 4623 3392 4693 κρείττονος
3425 4621 3761 4694 ἐπιμέλειαν.

487 4711 871 4768 Maechabaica
900 4715 1000 4771 abs
1024 4731 1085 4772 se
1113 4715 1313 4782 dictas,
1360 4717 1453 4772 ubi
1482 4716 1808 4787 pmstandis
1835 4731 1864 4769 ιι
1909 4716 2085 4771 Zoro-

2196 4716 2282 4769 Ἐν
2319 4715 2417 4785 μὲν
2449 4714 2514 4786 δὴ
2564 4714 2776 4776 τούτοις
2821 4714 3156 4785 συνεπέρανε
3195 4712 3305 4768 τῶν
3349 4713 3765 4767 Μακκαϐαῖκῶν

431 4780 454 4860 χι
489 4803 679 4857 babele
743 4804 888 4873 genti
943 4806 1180 4861 Iudaica:
1223 4780 1383 4862 bonis
1433 4780 1702 4872 recitatis,
1749 4805 2085 4874 adjunxerat

2194 4806 2278 4879 τὴν
2320 4780 2694 4877 προφητείαν,
2732 4805 2824 4858 καὶ
2876 4804 2946 4858 τὰ
2993 4780 3114 4858 κατ’
3144 4805 3352 4857 ἐκεῖνον
3395 4803 3629 4874 ἐσόμενα
3673 4804 3766 4857 τὸν

448 4886 826 4957 {exercituum
871 4893 1006 4965 Gogi
1057 4896 1412 4951 occisionem.
1464 4894 1673 4952 Rerum
1721 4896 1915 4950 harum
1975 4896 2079 4953 hoc

2194 4897 2393 4968 καιρὸν,
2434 4897 2503 4950 τά
2543 4912 2600 4949 τε
2632 4896 2762 4969 παρ’
2791 4896 2973 4952 αὐτῶν
3004 4895 3441 4966 πλημμελεῖσθαι
3470 4894 3795 4965 μέλλονταςι

458 4988 652 5043 “etiam
688 4987 810 5043 loco
841 4987 1071 5042 resumit
1104 4988 1536 5059 praedictionem,
1572 4994 1761 5059 utpote
1792 4988 2073 5059 proxima-

2194 4990 2275 5042 καὶ
2305 4988 2375 5042 τὰ
2408 4990 2534 5061 περὶ
2556 4989 2763 5053 αὐτοὺς
2790 4990 3131 5060 γενησόμενα
3162 4985 3311 5058 παρὰ
3346 4985 3454 5039 τῶν
3482 4972 3790 5053 ἐναντίωνί

488 5095 632 5148 rum;
670 5088 730 5135 ut
761 5080 870 5136 illis
895 5080 1063 5137 etiam
1096 5095 1218 5150 qua:
1249 5088 1372 5151 post
1400 5080 1692 5151 plurimum
1725 5080 2074 5136 intervallum

2194 5082 2272 5151 ξι).
2304 5080 2443 5150 532)
2487 5081 2581 5133 ml.
2631 5079 2739 5150 μὴν
2787 5079 2882 5133 καὶ
2919 5080 3053 5150 ὅσην
3099 5077 3219 5131 τινά
3267 5076 3365 5149 τὴν
3408 5076 3538 5148 περὶ
3568 5076 3768 5139 αὐτοὺς

486 5181 761 5228 eventura:
784 5178 960 5237 erant,
1004 5170 1425 5234 Macchabaicis,
1461 5170 1706 5239 inquam,
1733 5169 1891 5225 ﬁdem
1927 5170 2073 5226 face-

2194 5172 2511 5237 ὲπιδείξεται
2538 5170 2867 5241 κηδεμονίαν
2898 5172 2927 5224 ὁ
2955 5170 3109 5235 Θεὸς,
3141 5173 3254 5234 τοῖς
3280 5169 3374 5223 τοῦ
3426 5167 3595 5223 καλοῦ
3629 5185 3764 5238 προ-

485 5274 609 5320 rent
631 5280 694 5320 ea
720 5279 840 5336 qua:
886 5279 1057 5335 nuper
1090 5264 1235 5319 circa
1279 5262 1488 5334 Gogum
1518 5261 1831 5319 acciderant
1863 5282 1876 5319 :
1910 5276 2074 5335 atque

2194 5262 2380 5317 ιστῶσι
2413 5262 2511 5334 τὴν
2542 5262 2750 5315 οἰκείαν
2777 5261 3026 5331 παρέχων
3047 5261 3238 5330 ῥοπήν.
3258 5258 3605 5313 Ἐντεῦθενδέ
3634 5258 3764 5312 ἀνα-

484 5357 556 5410 ita
585 5357 847 5427 prepheta
873 5356 1191 5413 vaticinium
1238 5369 1399 5412 suum
1454 5354 1673 5411 utiliore
1719 5355 2072 5426 praedictione

2194 5354 2446 5424 λαμϐάνει
2489 5353 2559 5407 τὰ
2604 5351 2710 5425 πρὸ
2740 5354 2839 5424 τῆς
2867 5351 2976 5405 τῶν
3014 5350 3428 5405 Μακκαϐαῖκῶν
3479 5350 3765 5421 μηνύσεως

483 5451 857 5504 concluderet.
895 5450 985 5505 Ait
1015 5449 1217 5520 igitur:

2194 5447 2333 5518 ιύτῷ
2364 5445 2627 5518 ῥηθέντων
2679 5446 2738 5497 ἐν
2774 5438 2857 5507 οἷς
2886 5442 2955 5497 τά
3000 5442 3088 5495 διά
3114 5442 3206 5495 τοῦ
3251 5441 3559 5513 Ζοροϐάϐελ
3592 5457 3760 5513 προσ-

480 5547 714 5616 εσὸμενα
746 5543 825 5614 τῷ
855 5542 997 5596 ἔθνει
1022 5542 1160 5596 καλὰ
1190 5542 1389 5613 λέγων,
1448 5544 1756 5618 προσέθηκε
1783 5544 1890 5600 τῶν
1938 5548 2069 5619 περὶ
2106 5549 2199 5603 τὸν
2232 5543 2360 5612 Γὼγ
2415 5541 2510 5613 τὴν
2551 5538 2850 5609 ἀναίρεσιν.
2925 5536 3145 5589 Τούτων
3177 5534 3240 5605 δὴ
3290 5533 3569 5588 κάνταῦθα
3600 5533 3762 5587 πάλιν

482 5633 852 5707 ἀναλαμϐάνει
891 5631 991 5705 τὴν
1033 5635 1293 5706 μήνυσιν,
1372 5637 1467 5693 ἆτε
1514 5638 1608 5692 καὶ
1650 5636 1881 5707 ἐγγύθεν
1929 5639 2243 5712 ἐσομένων,
2308 5637 2384 5699 ὡς
2424 5634 2488 5688 ἂν
2534 5634 2643 5695 τοῖς
2708 5647 2763 5684 τε
2815 5628 2952 5703 μετά
2991 5627 3241 5682 πλεῖστον
3306 5626 3584 5697 γίγνεσθαι
3636 5627 3734 5697 μέλ

554 5822 601 5909 ξ’
641 5824 664 5883 ι
701 5823 826 5881 Cor.
871 5837 981 5890 xvi,
1022 5823 1117 5880 22.
