4162 6462
376 354 486 412 593

1302 344 1858 409 COMMENTARIUS
1897 344 1965 400 IN
2005 344 2384 403 ZACHARUE
2425 346 2577 405 CAP.
2619 348 2759 405 XIV.

3582 350 3690 405 596

391 465 545 520 λουσι
594 463 687 519 τὸν
731 464 958 537 χρόνον,
1014 463 1158 535 λέγω
1199 466 1257 520 δὲ
1319 470 1434 532 τοῖς
1484 466 1932 528 Μακκαϐαῖκοῖς,
1987 462 2172 528 πίστις
2295 465 2364 520 τά
2400 466 2714 538 πρόσφατον
2759 465 2887 539 περί
2936 466 3028 520 τδν
3080 463 3205 536 Γὼγ
3248 466 3508 541 γινόμενα
3531 510 3545 536 ε
3601 471 3696 523 καὶ

389 558 474 630 τῷ
503 558 758 630 προφήτῃ
784 557 840 610 δὲ
870 557 1160 627 ἐγγένηται
1187 558 1288 630 τὴν
1317 559 1525 615 οἰκείαν
1568 556 1907 631 προφητείαν
1949 555 2032 618 εἰς
2070 558 2444 630 χρηστοτέραν
2482 559 2713 630 μήνυσιν
2743 561 3109 630 συμπερᾶναι.
3144 559 3310 627 Λέγει
3345 561 3523 616 τοίνυν
3543 576 3559 594 ⁸

464 655 616 725 Στίχ.
649 652 929 723 ιβ’-ιϐ’.-
963 671 983 704 ι
1020 654 1134 708 Καὶ⁴
1180 653 1320 727 αὕτη
1371 655 1524 710 ἔσται
1579 657 1613 727 ή
1666 653 1873 716 πτῶσις
1918 651 1987 724 ήν

2164 650 2330 708 Vens.
2360 653 2547 708 1249.
2589 682 2658 693 -—
2692 671 2711 704 ι
2747 652 2811 706 Ει
2862 652 2979 708 haec
3041 655 3145 708 erit
3168 654 3323 709 ruina
3359 669 3468 726 qua
3497 670 3693 727 percu-

386 745 550 816 κόψει
577 744 783 817 Κύριος
807 746 1017 808 πάντας
1038 746 1168 811 τοὺς
1201 745 1382 815 λαοὺς,
1403 748 1518 801 ὅσοι
1541 744 2001 827 ἐπεστράτευσαν.

391 837 487 891 ἐπὶ
524 833 908 907 Ἰερουσαλήμ.
952 848 977 889 o‘
1016 834 1124 889 Τοῦ
1154 836 1265 908 γάρ
1297 836 1510 903 ἔθνους,
1550 837 1737 908 φησὶν,
1772 832 2005 890 ὲκείνουῖ

392 928 486 985 τοῦ
535 926 797 999 μεγίστου
839 945 900 982 τε
953 929 1047 982 καὶ
1097 928 1466 1001 ἀμαχωτάτου
1513 929 1859 1001 περιέσονται
1916 930 1984 1000 τῇ

393 1019 515 1091 θείᾳ
558 1019 820 1091 δυνάμει·
854 1020 934 1085 ὡς
975 1019 1230 1076 ἑστώτων
1262 1021 1364 1094 μὲν
1387 1020 1570 1077 αὐτῶν
1605 1024 1843 1094 τακῆναι
1884 1021 1987 1086 τὰς

396 1110 628 1181 σάρκας,
663 1110 785 1166 οὐδὲ
825 1111 1144 1183 προϐαίνειν
1168 1112 1262 1168 ἐπὶ
1294 1113 1388 1167 τὸν
1427 1113 1664 1186 πόλεμον
1694 1113 1984 1187 ἐωμένων,

390 1203 471 1275 τῷ
513 1203 739 1275 φθάνειν
782 1204 969 1258 αὐτῶν·
1001 1203 1101 1278 τὴν
1129 1206 1311 1278 ὁρμὴν
1331 1206 1422 1261 τὸν
1450 1206 1585 1261 Θεὸν
1613 1206 1703 1262 διὰ
1742 1206 1843 1279 τῆς
1889 1209 1988 1262 ὲπο

392 1297 676 1370 αγομένης
709 1295 895 1360 αὐτοῖς
916 1296 1191 1370 τιμωρίας
1211 1313 1228 1329 ⁸
1254 1297 1683 1371 ἀφαιρεθήσεται
1718 1298 1776 1353 δὲ
1806 1296 1989 1354 αὐτῶν

393 1390 489 1444 καὶ
517 1392 550 1462 ὴ
593 1388 691 1443 τοῦ
736 1388 960 1461 βλέπειν
1010 1391 1198 1462 ἰσχὺς,
1235 1392 1300 1446 ὲκ
1333 1391 1426 1445 τοῦ
1455 1391 1722 1463 μεγέθους
1744 1390 1869 1447 τῶν
1892 1410 1990 1448 κα-

387 1479 854 1552 ταλαμϐανόντων
900 1480 1100 1546 αὐτοὺς
1134 1482 1321 1536 κακῶν
1339 1523 1355 1547 ,
1406 1482 1629 1554 μενοῦσί
1677 1501 1740 1537 τε
1783 1483 1988 1555 ἀφωνοι

392 1571 482 1626 διὰ
504 1572 603 1640 τὴν
625 1569 738 1627 τῶν
755 1573 1080 1644 συμϐάντων
1102 1575 1335 1648 ἀπορίαν
1355 1592 1369 1607 ο
1393 1578 1487 1631 καὶ
1504 1576 1806 1647 συντόμως,
1831 1579 1987 1650 φησϊ,

390 1664 631 1738 τοσαύτη
681 1667 883 1733 αὐτοὺς
921 1666 1095 1741 ἀθρόα
1137 1670 1280 1725 κατά
1312 1670 1463 1724 θείαν
1511 1671 1690 1743 ὀργὴν·
1732 1670 1991 1736 ἔκστασις

392 1757 658 1831 λήψεται,
710 1757 854 1825 ὥστε
897 1759 1130 1816 ἕκαστον
1179 1762 1273 1816 ἐπὶ
1304 1762 1397 1816 τὸν
1445 1762 1673 1835 πλησίον
1717 1763 1994 1835 τρέποντα

391 1851 491 1924 τὴν
515 1850 722 1905 οίκείαν
751 1855 941 1925 χεῖρα,
989 1854 1125 1927 μηδὲ
1155 1854 1313 1909 τοῦτο
1345 1854 1545 1910 ειδέναι
1564 1898 1580 1922 ,
1634 1854 1750 1910 ἀλλ’
1783 1855 1991 1909 οίεσθαι

393 1944 696 2016 ἀλλοτρίων
752 1945 1130 2014 ἐφάπτεσθαι,
1187 1946 1265 2011 ὡς
1311 1947 1455 2001 κατά
1502 1964 1568 2017 γε
1622 1947 1685 2000 τὺ
1736 1946 1987 2001 πλεῖστον

392 2010 574 2104 ἔργον-
600 2010 806 2097 αὐτοὺς
841 2032 1090 2106 ἀλλήλων
1116 2010 1395 2104 γενέσθαι,
1433 2010 1685 2100 πλείονάς
1710 2054 1772 2091 τε
1801 2035 1986 2091 αὐτῶν
2016 2010 2063 2071 Β

395 2124 508 2179 ὑπὸ
531 2124 643 2178 τῶν
682 2124 900 2179 οἰκείων
932 2125 965 2196 ἢ
998 2125 1107 2179 ὑπὸ
1134 2124 1242 2180 τῶν
1280 2126 1552 2182 Ἰουδαίων
1582 2127 1988 2200 πληττομένους

393 2219 604 2273 πεσεῖν.
649 2215 741 2289 (p.
774 2217 916 2288 553)
986 2216 1149 2271 Ἀλλά
1200 2216 1311 2290 γάρ
1364 2219 1424 2273 ὲν
1475 2219 1740 2285 τοιούτοις
1796 2222 1988 2286 κακοῖς

390 2308 801 2382 ἐξεταζομένων
837 2309 1086 2375 ἐκείνων,
1108 2311 1507 2383 παρατάξεται,
1539 2313 1696 2385 φησὶ,
1723 2314 1815 2367 καὶ
1855 2314 1988 2369 Ἰού-

388 2403 487 2467 δας
516 2404 575 2457 ὲν
630 2402 1021 2474 Ἰερουσαλήμο
1069 2400 1157 2456 ἵνα
1188 2401 1341 2475 εἴπῃ,
1369 2402 1453 2458 δτι
1505 2402 1724 2476 θαρρῶν
1767 2406 1861 2461 ἐπὶ
1896 2406 1989 2461 τὸν

390 2493 516 2547 κατ’
546 2491 729 2548 αὐτῶν
768 2491 1114 2559 ἐξελεύσεται
1146 2491 1383 2565 πόλεμον
1414 2493 1522 2548 ὑπὸ
1568 2494 1649 2567 τῷ
1681 2496 1989 2569 Ζοροϐάϐελ

390 2583 909 2657 στρατηγούμενος,
952 2584 1012 2650 ὃς
1040 2586 1107 2639 ὲκ
1134 2584 1236 2657 τῆς
1275 2584 1371 2640 τοῦ
1413 2585 1584 2640 Ἰούδα
1626 2587 1803 2661 φυλῆς
1828 2588 1989 2660 βασι-

390 2678 524 2742 λεὺς
564 2677 747 2733 αὐτῶν
786 2677 931 2733 κατά
970 2676 1123 2732 θείαν
1173 2676 1548 2734 ἀναδέδεικται
1589 2680 1806 2751 κρίσιν·
1845 2683 1988 2737 οὕτω

389 2786 452 2823 τε
482 2770 823 2842 κρατήσουσι
848 2768 959 2825 τῶν
991 2769 1253 2826 ἐναντίων
1270 2809 1286 2836 ,
1307 2769 1450 2825 ὥστε
1478 2769 1673 2827 πάντα,
1698 2772 1884 2839 αὐτοῖς
1921 2773 1998 2850 adq

393 2862 706 2935 προσόντα,
747 2862 949 2934 χρυσόν
990 2880 1051 2917 τε
1080 2865 1177 2919 καὶ
1210 2864 1452 2937 ἄργυρον
1490 2865 1587 2919 καὶ
1615 2865 1850 2936 ἐσθῆτα,
1894 2867 1990 2922 καὶ

394 2956 425 3009 δ
450 2953 507 3009 τί
534 2954 659 3008 ποτ’
693 2953 762 3008 ἂν
809 2954 985 3026 ἔχοιεν
1020 2957 1152 3027 παρ’
1186 2956 1398 3022 ἑαυτοῖς
1446 2956 1686 3027 ἀγαθὸν,
1716 2957 1894 3014 ταῦτα
1922 2958 1987 3031 δὴ

396 3046 579 3102 πάντα
627 3046 1000 3118 ἀφελομένους
1042 3048 1138 3105 τὸν
1191 3049 1389 3103 οἰκεῖον
1442 3048 1675 3122 αὐξῆσαι
1735 3050 1985 3106 πλοῦτον.

392 3138 573 3194 Τοῦτο
612 3138 724 3211 γὰρ
766 3135 924 3206 εἶπε,
961 3159 980 3192 ι
1022 3141 1134 3195 Καὶ⁵
1185 3142 1404 3209 συνάξει
1446 3142 1546 3215 τὴν
1575 3143 1731 3215 ἰσχὺν
1769 3145 1990 3200 πάντων

390 3231 505 3286 τῶν
532 3232 689 3287 λαῶν
711 3232 975 3288 κυκλόθεν
995 3252 1009 3265 ·
1052 3253 1070 3286 ι
1108 3234 1265 3305 ἰσχὺν
1293 3233 1479 3291 αὐτῶν
1504 3234 1678 3291 εἰπὼν
1710 3236 1778 3291 τά
1810 3255 1986 3310 προσ-

2086 743 2184 799 tiet
2219 742 2484 801 Dominus
2532 759 2740 801 omnes
2769 744 3026 816 populos,
3067 745 3384 817 quicunque
3421 747 3692 803 militave-

2087 844 2421 893 runtcontra
2451 836 2820 895 Hierusalem.
2861 857 2879 891 ι
2911 835 3103 893 Gentis
3152 839 3320 904 illius,
3355 839 3550 911 inquit,
3574 855 3696 895 ma-

2090 925 2251 983 ximas
2299 938 2356 984 et
2408 930 2852 1003 inexpugnabilis
2920 930 3160 988 victores
3223 933 3457 988 evadent
3504 934 3693 991 divina

2087 1020 2291 1078 virtute
2322 1042 2335 1078 ς
2376 1032 2634 1095 tanquam
2671 1024 2719 1081 si
2775 1025 3042 1083 stantium
3092 1025 3311 1081 illorum
3350 1027 3698 1084 tabescerent

2088 1127 2309 1183 carnes,
2336 1131 2513 1188 neque
2536 1116 2701 1189 360
2720 1117 2786 1172 ad
2813 1133 3050 1190 pugnam
3085 1117 3382 1189 procedere
3426 1119 3695 1186 sinerent,

2092 1208 2204 1265 Deo
2236 1210 2485 1282 ipsorum
2520 1210 2789 1282 impetum
2826 1213 3194 1283 praeveniente
3241 1227 3416 1284 pmnae
3463 1212 3695 1284 imposi-

2091 1304 2258 1361 tione.
2306 1303 2607 1360 Auferetur
2636 1319 2859 1376 quoque
2922 1304 3059 1377 ipsis
3088 1304 3351 1363 cernendi
3404 1304 3485 1362 vis
3517 1320 3548 1360 a
3577 1321 3695 1360 ma—

2091 1397 2383 1471 gnitudine
2449 1397 2891 1454 incumbentium
2934 1397 3227 1462 malorum,
3270 1398 3518 1470 mutique
3567 1397 3697 1454 fient

2091 1489 2163 1544 ob
2182 1497 2476 1544 eventuum
2511 1488 2826 1559 angustias.
2861 1490 2920 1543 In
2951 1503 3190 1554 summa,
3224 1496 3375 1543 tanta
3404 1489 3511 1545 illis
3537 1504 3567 1542 a
3600 1489 3693 1544 Dei

2093 1579 2178 1634 ira
2208 1579 2410 1637 mentis
2438 1579 2778 1651 perturbatio
2811 1578 3037 1644 incidet,
3087 1588 3147 1635 ut
3187 1580 3388 1651 singuli
3456 1581 3693 1636 invicem

2092 1668 2613 1735 manusaﬂ'erentes,
2642 1669 2788 1724 haud
2813 1671 3076 1735 sentiant,
3104 1668 3202 1726 sed
3244 1679 3537 1727 extraneos
3570 1672 3694 1743 pul-

2095 1775 2217 1817 sare
2245 1775 2306 1817 se
2333 1769 2547 1832 putent,
2582 1761 2825 1833 ﬁantque
2849 1771 3056 1818 mutuae
3081 1762 3246 1819 caedis
3273 1771 3548 1830 auctores,
3578 1779 3695 1819 ma—

2089 1852 2288 1923 jorque
2313 1852 2532 1908 illorum
2554 1867 2686 1924 pars
2727 1869 2757 1908 a
2787 1853 2904 1911 suis
2937 1869 3102 1925 quam
3138 1869 3169 1909 a
3195 1853 3402 1911 Iudaeis
3430 1871 3691 1926 percussa

2095 1941 2275 1998 cadat.
2304 1940 2509 1998 Verum
2545 1943 2676 1998 dum
2697 1942 2776 1997 illi
2813 1943 2899 1999 bis
2920 1943 3081 2000 malis
3118 1943 3492 2013 implicantur,
3543 1959 3697 1998 com-

2088 2034 2307 2106 parabit
2337 2050 2399 2092 se
2431 2033 2499 2090 ad
2523 2034 2778 2107 praelium
2806 2033 2976 2092 Judas
3006 2035 3063 2090 in
3094 2034 3228 2091 urbe
3252 2033 3616 2099 Hierusalem,
3641 2034 3691 2101 id

2089 2134 2175 2183 est
2200 2163 2216 2190 ,
2233 2119 2497 2177 audacter
2508 2119 2767 2178 exiditad
2792 2123 3033 2181 hostium
3067 2125 3531 2197 oppugnationem
3552 2122 3694 2178 duce

2089 2216 2450 2282 Zorobabele,
2480 2215 2578 2288 qui
2611 2232 2707 2274 rex
2738 2217 2876 2288 ipsis
2907 2217 3098 2274 divino
3122 2218 3333 2289 judicio
3357 2218 3693 2274 constitutus

2088 2318 2194 2368 est.
2223 2309 2405 2381 Atque
2433 2308 2509 2364 ita
2561 2307 2845 2380 potientur
2866 2310 3142 2377 hostibus,
3170 2317 3232 2366 ut
3267 2324 3460 2365 omnes
3501 2324 3691 2365 eorum

2089 2418 2245 2475 opes,
2297 2416 2517 2470 aurum,
2539 2408 2854 2474 argentum,
2883 2408 3117 2466 vestem,
3153 2409 3207 2457 et
3261 2400 3529 2473 quidquid
3566 2399 3697 2456 boni

2089 2509 2277 2552 secum
2308 2493 2625 2559 habuerint,
2681 2494 3014 2566 diripientes
3045 2494 3111 2550 ad
3142 2510 3368 2550 suarum
3409 2510 3571 2565 opum
3599 2509 3696 2547 cn-

2090 2591 2301 2646 mulum
2334 2589 2647 2647 conferant.
2671 2586 2765 2643 Sic
2777 2586 2928 2643 enim
2944 2586 3476 2660 significantverba:
3504 2598 3520 2628 ι
3547 2582 3662 2640 Con
3679 2615 3696 2626 -

2089 2683 2337 2757 gregabit
2355 2682 2740 2739 fortitudinem
2777 2680 3107 2752 populorum
3133 2678 3383 2734 omnium
3414 2677 3470 2731 in
3491 2676 3694 2730 circui-

2091 2784 2180 2843 tu,
2224 2794 2244 2829 ι
2278 2774 2659 2831 fortitudinem
2703 2773 2922 2829 illorum
2978 2771 3169 2827 dicens
3216 2785 3348 2841 opes
3402 2784 3432 2822 a
3493 2767 3700 2839 quibus

2088 2868 2236 2925 vires
2266 2867 2633 2940 accipiebant.
2650 2861 2812 2929 Quod
2824 2862 3135 2927 declarans,
3155 2859 3231 2914 ait
3249 2878 3260 2911 :
3276 2879 3293 2908 ι
3303 2860 3382 2914 Au
3392 2874 3623 2928 rumque
3639 2865 3700 2912 et

2091 2968 2384 3037 argentum
2436 2968 2494 3018 et
2542 2966 2753 3018 vestem
2806 2956 2965 3014 valde
3018 2951 3478 3027 plurimam.»llis
3520 2951 3690 3010 addit.

2090 3057 2326 3114 multum
2347 3054 2470 3112 fore
2485 3066 2757 3126 equorum
2789 3050 3202 3116 detrimentum,
3231 3054 3286 3103 et
3320 3046 3617 3108 mulorum,
3641 3053 3696 3097 et

2090 3149 2449 3217 camelorum,
2481 3153 2650 3218 atque
2685 3143 2991 3207 asinorum,
3024 3140 3387 3211 omniumque
3420 3136 3564 3209 apud
3596 3150 3693 3191 eos

2086 3242 2486 3314 iumentorum,
2506 3243 2776 3310 quotquot
2828 3235 2973 3291 bello
3018 3234 3172 3290 utilia
3213 3232 3569 3291 aestimantes,
3602 3244 3694 3282 se—

388 3326 526 3380 όντα
564 3325 660 3397 ἀφ’
698 3319 775 3381 ὧν
805 3321 955 3399 εἶχον
982 3326 1045 3381 τὸ
1089 3325 1373 3381 δύνασθαι.
1399 3326 1565 3381 Ὅθεν
1616 3328 1712 3382 καὶ
1753 3330 1987 3402 σαφηνί-

2093 3346 2221 3388 cum
2247 3330 2616 3387 adducebant.
2642 3327 2709 3383 Et
2730 3325 2988 3383 interitus
3037 3324 3260 3396 quidem
3291 3324 3509 3378 illorum
3532 3327 3696 3390 atque

391 3416 505 3482 ζων
542 3417 710 3485 αὐτὸ,
743 3419 994 3492 ἐπήγαγε
1013 3435 1028 3451 ο
1079 3437 1099 3471 ι
1139 3419 1356 3492 Χρυσόν
1384 3436 1444 3473 τε
1477 3416 1573 3474 καὶ
1622 3420 1862 3494 ἄργυρον
1892 3421 1988 3477 καὶ

2092 3423 2322 3480 exitium
2373 3422 2483 3478 tale
2518 3420 2642 3477 erit.
2685 3419 2967 3490 Quotquot
3012 3424 3195 3472 autem
3238 3430 3303 3471 ex
3349 3414 3485 3485 ipsis
3557 3412 3701 3467 salvi

392 3511 696 3583 ἱματισμὸν
755 3513 837 3577 είς
889 3511 1095 3583 πλῆθος
1130 3512 1366 3586 σφόδρα.
1403 3530 1422 3564 ›
1479 3512 1703 3578 Τούτοις
1766 3514 1987 3584 ἐπάγει,

390 3604 481 3659 ᾰτι
526 3603 696 3677 πολλή
730 3620 815 3669 τις
858 3603 1107 3660 ἀπώλεια
1150 3605 1245 3659 καὶ
1287 3605 1473 3659 ἵππων
1510 3604 1665 3660 ἔσται
1706 3607 1801 3662 καὶ
1829 3608 1991 3680 ήμιό-

392 3713 508 3751 νων
544 3695 641 3750 καὶ
671 3694 940 3768 καμήλων
986 3697 1081 3751 καὶ
1113 3696 1251 3752 ὄνων
1293 3698 1389 3754 καὶ
1422 3697 1643 3754 πάντων
1672 3698 1783 3753 τῶν
1816 3715 1990 3772 προσ-

391 3789 566 3843 όντων
622 3788 809 3855 αὒτοῖς
853 3788 1100 3861 κτηνῶν,
1153 3789 1328 3844 ὁπόσα
1375 3806 1485 3861 περ
1541 3791 1825 3864 ἐπιτήδειά
1871 3809 1989 3858 πως

392 3884 614 3947 ἑαυτοῖς
644 3882 727 3949 είς
747 3881 839 3937 τδν
871 3882 1109 3955 πόλεμον
1138 3884 1462 3955 νομίσαντες
1488 3877 1628 3939 εἶναι
1650 3924 1666 3952 ,
1700 3885 1993 3943 συλλαϐόν-

390 3992 487 4040 τες
501 3970 638 4047 ἦγον
656 3973 777 4046 μεθ’
804 3975 1034 4031 ἑαυτῶν.
1066 3976 1126 4029 '0
1148 3976 1250 4049 μὲν
1271 3975 1339 4049 δὴ
1366 3975 1596 4042 θάνατος
1612 3978 1811 4047 αὐτῶν,
1833 3983 1989 4052 φησί,

393 4069 494 4122 καὶ
517 4069 552 4139 ή
576 4066 825 4123 ἀπώλεια
848 4067 1087 4141 τοσαύτη
1100 4085 1187 4133 τις
1207 4066 1361 4123 ἔσται
1383 4069 1479 4124 καὶ
1497 4069 1724 4144 τοιαύτη
1743 4090 1757 4105 ·
1801 4073 1992 4128 ὁπόσοι

390 4160 439 4214 δ’
460 4158 529 4214 ἂν
554 4159 736 4214 αὐτῶν
758 4161 1114 4233 περισωθεῖεν
1127 4202 1142 4227 ,
1169 4159 1485 4232 ἐπιγνόντες
1504 4161 1600 4218 τοῦ
1620 4164 1755 4219 Θεοῦ
1773 4165 1875 4238 τὴν
1900 4166 1993 4221 δύ-

391 4269 563 4325 ναμιν
594 4249 655 4319 ἐξ
675 4244 754 4307 ὧν
773 4251 1098 4319 πεπόνθασι,
1121 4254 1287 4325 νόμον
1313 4253 1567 4326 θήσονται
1588 4257 1720 4329 παρ’
1751 4258 1989 4328 ἑαυτοῖς,

393 4342 664 4416 διηνεκῶς
682 4343 925 4407 ἀνιόντες
951 4344 1045 4398 ἐπὶ
1064 4343 1164 4417 τήν
1208 4345 1565 4419 Ἰερουσαλὴμ
1589 4348 1691 4421 τὴν
1717 4348 1992 4421 καθήκου-

395 4433 892 4491 σᾶν’-ἀποτιννύναι
923 4435 1004 4507 τῷ
1039 4433 1162 4507 Θεῷ
1190 4437 1586 4511 προσκύνησιν,
1630 4441 1897 4496 ἐπιτελεῖν
1933 4442 1991 4497 δὲ

397 4525 610 4599 καὶτὴν
625 4527 824 4601 ἑορτὴν
835 4528 936 4600 τῆς
955 4529 1355 4603 σκηνοπηγίας,
1368 4532 1555 4606 ἐπειδὴ
1575 4534 1687 4599 τοῖς
1703 4533 1990 4608 πόρρωθεν

397 4620 866 4694 παραγινομένοις
886 4621 1191 4693 ἐπιτήδειος
1217 4623 1247 4676 ὁ
1260 4622 1451 4696 καιρὸς
1468 4623 1678 4697 θερινὸς
1692 4626 1953 4700 ὑπάρχων
1970 4648 1984 4663 ·

2093 3521 2444 3588 supererunt,
2474 3518 2839 3586 agnoscentes
2879 3509 2973 3589 Dei
3022 3508 3319 3582 potentiam
3365 3524 3430 3563 ex
3461 3507 3546 3563 his
3574 3519 3698 3577 quae

2094 3615 2223 3665 sunt
2250 3605 2423 3677 passi,
2466 3605 2640 3676 legem
2689 3602 2912 3660 sibimet
2940 3597 3541 3659 statuentascendendi
3572 3612 3698 3668 per-

2094 3707 2260 3770 petuo
2288 3697 2356 3754 ad
2408 3696 2600 3752 urbem
2657 3694 3026 3763 llierusalem,
3069 3692 3257 3763 ibique
3302 3689 3547 3746 debitum
3587 3687 3697 3743 Deo

2096 3790 2422 3861 obsequium
2477 3786 2849 3859 persolvendi,
2902 3800 3003 3841 nec
3050 3799 3160 3839 non
3216 3780 3694 3838 tabernaculorum

2097 3886 2302 3943 festum
2334 3883 2553 3956 agendi,
2581 3879 3024 3953 quandoquidem
3063 3877 3131 3934 iis
3167 3876 3261 3948 qui
3293 3874 3362 3931 de
3393 3873 3698 3945 longinquo

2095 3978 2328 4038 veniunt
2348 3990 2583 4034 vernum
2609 3982 2831 4046 tempus
2877 3972 3134 4028 idoneum
3165 3976 3268 4026 est.
3296 3967 3482 4023 Multis
3513 3974 3698 4022 autem

2097 4071 2337 4144 superbe
2366 4069 2486 4125 haec
2505 4065 2911 4138 negligentibus
2937 4078 3129 4133 poenas
3172 4061 3426 4126 inferam,
3461 4060 3698 4130 pluviam

2094 4171 2151 4220 et
2217 4162 2523 4219 ubertatem
2576 4157 2800 4230 frugum
2855 4156 3129 4228 negando,
3181 4162 3241 4210 ut
3276 4160 3579 4226 agnoscant
3641 4168 3705 4207 se

2095 4253 2428 4313 universalis
2454 4252 2615 4324 361
2645 4248 2852 4306 domini
2898 4249 3161 4303 honorem
3213 4246 3537 4318 neglexisse.
3570 4243 3698 4299 Etsi

2095 4347 2320 4421 Aﬁgypti
2348 4345 2564 4410 incolae,
2590 4351 2645 4399 et
2677 4343 2724 4398 si
2748 4341 2970 4413 quidam
3024 4341 3115 4394 alii
3172 4340 3277 4394 hac
3319 4353 3484 4409 prava
3520 4345 3702 4391 mente

2095 4441 2320 4507 fuerint,
2354 4450 2574 4511 poenam
2617 4433 2852 4491 similem
2896 4430 3197 4504 perferent.
3238 4429 3367 4485 Vult
3407 4439 3589 4483 autem
3616 4428 3702 4481 di-

2093 4548 2240 4597 cere,
2268 4536 2566 4586 extraneos
2600 4526 2805 4581 multos
2840 4523 3220 4594 magnitudine
3272 4528 3564 4578 eventuum
3594 4531 3713 4577 ter-.

2092 4610 2249 4690 rites,
2282 4621 2452 4678 variis
2479 4636 2544 4676 ex
2595 4619 2735 4674 locis
2760 4618 2826 4672 ad
2855 4617 3046 4672 urbem
3086 4614 3425 4671 Hierusalem
3471 4628 3701 4667 concur-

397 4710 497 4764 καὶ
513 4710 733 4777 πολλοῖς
755 4711 815 4766 δὲ
837 4710 949 4767 τῶν
975 4712 1044 4767 δι’
1073 4713 1377 4785 ὑπεροψίαν
1402 4716 1505 4771 οὐκ
1531 4717 1992 4792 ἀποπληρούντων

2105 4735 2289 4786 suros,
2320 4716 2567 4773 debitum
2598 4713 2713 4769 Deo
2757 4712 3084 4785 obsequium
3138 4711 3456 4777 oblaturos;
3509 4715 3563 4765 et
3590 4706 3701 4763 nisi

396 4803 608 4869 ταῦτα,
647 4804 923 4879 τιμωρίαν
971 4805 1195 4873 ἐπάξω,
1243 4805 1479 4881 ἀϐροχία
1516 4809 1612 4865 καὶ
1639 4812 1705 4883 τῇ
1745 4813 1997 4870 ἐντεῦθεν

2106 4808 2361 4877 fecerint,
2389 4823 2607 4882 pcenam
2631 4807 2928 4863 relaturos.
2954 4805 3052 4862 llis
3073 4804 3223 4861 addit
3256 4822 3270 4859 :

395 4897 651 4972 ἀκαρπίᾳ
703 4897 1090 4964 καταδικάζων
1137 4898 1374 4966 αὐτοὺς,
1440 4901 1530 4974 (p.
1586 4903 1724 4975 534)
1784 4907 1862 4974 ὡς
1913 4912 1982 4966 ἂν
2035 4911 2310 4970 αἴσθοιντο
2352 4902 2453 4975 τῆς
2495 4900 2590 4955 τοῦ
2635 4902 2854 4956 πάντων
2886 4898 3092 4972 Κυρίου
3138 4899 3303 4971 τιμῆς
3349 4897 3703 4970 ἀμελοῦντες.

396 4989 523 5044 Κᾶν
551 4991 601 5044 οί
633 4990 735 5061 τῆς
761 4989 1040 5060 Αἰγύπτου
1062 4989 1143 5058 δὲ,
1172 4990 1277 5045 κᾶν
1308 4990 1364 5044 εί
1377 5008 1520 5056 τινες
1546 4994 1611 5067 δή
1640 5012 1771 5050 ποτε
1796 5000 2004 5074 ταύτην
2026 5000 2393 5066 ἀναδέξωνται
2425 4993 2524 5065 τὴν
2542 4990 2790 5064 γνώμην,
2806 4991 2909 5064 ’τὴν
2939 4990 3110 5062 αὐτὴν
3139 4989 3368 5045 δώσουσι
3395 4992 3668 5063 τιμωρίαν
3689 5010 3702 5025 ο

399 5082 655 5155 βούλεται
681 5083 741 5138 δὲ
766 5085 942 5139 εἰπεῖν
971 5084 1076 5154 ὅτι,
1099 5084 1288 5139 πολλοὶ
1311 5083 1424 5140 τῶν
1446 5086 1745 5161 ἀλλοτρίων
1769 5093 2144 5167 ἐκπλαγέντες
2165 5094 2259 5150 ἐπὶ
2278 5090 2359 5163 τῷ
2396 5088 2618 5162 μεγέθει
2650 5087 2760 5142 τῶν
2788 5088 3093 5157 γεγονότων
3116 5086 3444 5158 πολλαχόθεν
3474 5087 3567 5139 ἐπὶ
3597 5086 3701 5156 τὴν
3742 5094 3751 5104 '

410 5177 774 5251 Ἰερουσαλὴμ
803 5175 1197 5251 συρρεύσουσι,
1228 5178 1328 5252 τὴν
1357 5180 1704 5254 καθήκουσαν
1732 5183 1812 5257 τῷ
1840 5187 1965 5263 Θεῷ
1988 5187 2370 5263 προσκύνησιν
2391 5181 2760 5248 ἀποδιδόντες,
2782 5179 2858 5245 ώς
2886 5181 2981 5235 καὶ
3004 5180 3276 5251 τιμωρίαν
3300 5178 3699 5248 ἀπεκδέχεσθαι

397 5273 449 5328 εἰ
488 5272 568 5346 μὴ
610 5269 773 5327 τοῦτο
821 5275 1047 5329 ποιοῖεν.
1084 5275 1310 5341 Τούτοις
1342 5276 1541 5347 ὲπάγει
1565 5296 1587 5309 Ἀ

468 5365 637 5447 Στίχη
651 5364 723 5420 κ’.
755 5396 827 5408 -
864 5384 884 5419 ι
937 5366 1028 5422 Ἐν
1055 5370 1122 5441 τῇ
1171 5368 1357 5443 ήμέρᾳ
1407 5369 1592 5445 ἐκείνῃ
1621 5372 1775 5430 ἔσται
1809 5375 1870 5431 τὸ
1904 5378 1999 5433 ἐπὶ

396 5459 494 5515 τὸν
516 5457 735 5530 χαλινὸν
763 5457 858 5514 τοῦ
881 5459 1050 5515 ἵππου
1076 5461 1231 5530 ἆγιον
1245 5461 1324 5533 τῷ
1352 5462 1543 5536 Κυρίῳ
1569 5468 1991 5541 παντοκράτορι·

398 5551 501 5608 καὶ
523 5551 739 5606 ἔσονται
763 5552 813 5606 οί
837 5551 1064 5624 λέϐητες
1101 5554 1159 5608 ὲν
1184 5553 1264 5625 τῷ
1286 5554 1422 5627 οίκῳ
1451 5558 1659 5630 Κυρίου
1692 5558 1770 5624 ὡς
1807 5561 1999 5630 φιάλαι

398 5645 514 5717 πρὸ
561 5643 858 5718 προσώπου
905 5645 1002 5701 τοῦ
1052 5646 1466 5721 θυσιαστηρίου.
1525 5670 1546 5705 ι
1591 5652 1850 5707 Βούλεται
1902 5655 2000 5724 μὲν

401 5739 584 5792 εἰπεῖν
601 5739 687 5794 ὃτι
722 5739 893 5795 πολλά
922 5741 1017 5795 καὶ
1050 5739 1127 5811 τῷ
1152 5740 1271 5814 Θεῷ
1294 5743 1685 5815 ἀνατεθήσεται
1715 5746 1869 5818 παρᾶ
1892 5748 2000 5801 τῶν

416 5829 769 5903 Ἰσραηλιτῶν
796 5835 903 5893 ἀπὸ
924 5836 1032 5891 τῶν
1053 5834 1340 5911 λαφύρων,
1362 5839 1395 5895 ἃ
1419 5838 1563 5909 παρὰ
1588 5839 1696 5895 τῶν
1728 5840 2001 5910 πολεμίων

2176 5377 2344 5433 Vens.
2382 5372 2474 5431 20.
2505 5404 2574 5414 -
2607 5391 2625 5424 ι
2666 5370 2763 5427 Die
2806 5370 2898 5426 illa
2942 5370 3048 5426 erit
3079 5366 3225 5441 quod
3274 5349 3440 5439 super
3481 5364 3701 5423 frenum

2104 5472 2231 5543 equi
2277 5476 2382 5537 cst,
2432 5476 2686 5525 sanctum
2728 5464 2963 5519 Domino
2998 5462 3382 5533 omnipotenti.
3432 5460 3500 5516 Et
3536 5469 3701 5516 erunt

2104 5564 2310 5619 lebetes
2352 5561 2408 5617 in
2443 5558 2606 5616 domo
2642 5556 2860 5612 Domini
2902 5554 3047 5611 sicut
3093 5554 3289 5626 phiala:
3334 5560 3462 5611 ante
3503 5550 3697 5609 faciem

2106 5654 2315 5710 altaris.
2352 5670 2370 5705 ι
2407 5651 2549 5708 Fore
2575 5648 2731 5713 dicit,
2762 5654 2821 5702 ut
2849 5647 3133 5717 complura
3159 5645 3271 5702 Deo
3299 5644 3600 5702 oﬂerantur
3628 5645 3698 5700 ab

2103 5741 2375 5810 Israelitis
2400 5740 2469 5797 de
2516 5736 2793 5795 manubiis
2840 5750 2962 5804 quae
2982 5749 3049 5789 ex
3071 5734 3327 5791 hostibus
3384 5733 3694 5797 retulerint,

2104 5834 2276 5891 multa
2326 5848 2461 5892 sane
2516 5841 2568 5891 et
2622 5829 3068 5888 innumerabilia.
3096 5829 3273 5887 Sicuti
3328 5828 3453 5885 fecit
3502 5828 3695 5882 beatus
