4162 6488
473 352 575 409 59⁸5

1630 340 1999 407 ῪΗΕΟΒΟΒΙ
2025 351 2521 412 MOPSUESTENI

3658 351 3763 407 596

468 456 643 516 David
675 467 799 530 post
814 455 1064 532 _Goliatbi
1105 455 1313 513 eadem
1347 457 1589 530 gladium
1636 458 1751 518 Deo
1779 461 2063 519 dedicans.

2188 467 2457 540 ιήψονται,
2490 464 2663 520 πολλά
2686 482 2745 537 τε
2778 464 2909 519 ὄντα
2941 480 3013 519 κα
3068 462 3303 536 ἀριθμὸν
3342 462 3579 520 νικῶντα
3601 481 3615 495 “
3649 460 3765 518 οἷον

469 552 616 605 Idem
639 549 730 603 hic
755 562 975 619 quoque
995 546 1153 613 dicit,
1190 561 1389 618 nempe
1408 547 1556 619 quod
1589 563 1857 621 equorum
1886 551 2072 610 frenos

470 642 817 712 interemptis
861 641 1077 699 ablatos
1122 639 1234 696 Deo
1273 639 1522 697 eﬂ'erent.
1564 640 1814 715 Namque
1845 659 1877 699 a
1916 644 2073 702 freno

469 744 733 804 tanquam
781 749 814 789 a
843 740 1017 804 parte,
1059 733 1273 804 reliqua
1319 747 1472 790 arma
1505 740 1559 790 et
1602 736 1780 806 spolia
1822 736 2071 804 denotat,

472 842 595 898 quze
639 825 882 881 oblaturi
923 834 1104 892 erant,
1152 826 1385 897 singulis
1417 842 1521 899 pro
1550 842 1652 884 suo
1679 830 1966 900 proposito
2003 847 2083 887 ex~

469 917 752 973 manubiis
807 917 955 989 quod
1012 916 1195 973 visum
1255 916 1423 972 fuerit
1479 917 1855 979 aﬂ‘erentibus.
1914 918 2083 977 Under

470 1010 645 1076 addit,
690 1009 898 1064 lebetes
933 1007 1206 1078 plurimos
1252 1007 1548 1064 adductum
1598 1009 1666 1065 iri
1709 1023 1859 1080 quos
1880 1009 2073 1067 hostes

471 1118 663 1157 secum
703 1102 1031 1167 habuerant,
1080 1106 1270 1184 utppte
1305 1101 1610 1172 coquendis
1652 1100 1920 1159 carnibus
1950 1102 2074 1159 ido-

472 1208 632 1257 neos,
674 1206 911 1262 quorum
959 1189 1257 1245 multitudo
1298 1190 1604 1261 pbialarum
1648 1192 1770 1249 vice
1815 1191 2087 1265 fungetur

474 1284 533 1338 in
561 1283 723 1339 domo
753 1280 849 1336 Dei
879 1280 1150 1352 exposita.
1186 1279 1315 1335 Vult
1342 1290 1528 1337 autem
1556 1280 1749 1348 frenis,
1784 1298 2087 1341 armorum.

477 1374 820 1430 oblationem
846 1374 1176 1445 designare;
1206 1372 1501 1439 lebetibus,
1536 1373 1884 1442 divitiarum;
1924 1391 2079 1433 more

481 1466 791 1536 Scripturae
844 1471 1115 1523 consueto
1152 1478 1184 1517 a
1234 1471 1391 1535 parte
1441 1464 1861 1522 multitudinem
1908 1467 2081 1524 deno-

474 1559 653 1627 tandi,
698 1557 1140 1629 quotiescunque
1187 1571 1656 1627 supervacaneam
1696 1557 1911 1629 judieat
1951 1574 2079 1630 par-

476 1652 617 1705 tium
662 1659 976 1706 accuratam
1017 1648 1510 1706 enumerationem.
1552 1648 1715 1706 Certe
1745 1649 1838 1707 hic
1881 1665 2080 1723 super-

2178 556 2483 627 πεποίηκεν
2511 556 2541 608 ὁ
2572 552 2844 626 μακάριος
2896 553 3062 607 Δαυτδ
3115 552 3257 624 μετά
3304 552 3405 624 τὴν
3440 552 3537 606 τοῦ
3570 551 3765 607 Γολιάθ

2177 647 2458 718 ἀναίρεσιν
2486 646 2550 700 τὸ
2577 644 2730 715 ξίφος
2749 643 2971 709 ἀναθεὶς
3007 643 3087 715 τῷ
3111 642 3252 715 Θεῷ.
3270 644 3343 696 Τὸ
3368 643 3501 697 αὐτὸ
3531 643 3590 698 δὲ
3617 643 3767 713 λέγει

2176 738 2478 804 κάνταῦθα,
2501 739 2583 792 ὅτι
2616 738 2714 792 καὶ
2762 736 3017 809 χαλινοὺς
3046 735 3253 800 ἵππων,
3291 733 3385 799 οὓς
3402 734 3514 789 τῶν
3554 735 3769 806 ἀναιρε-

2179 828 2381 884 θέντων
2406 826 2708 898 ἀφείλοντο,
2730 826 3084 899 προσοίσουσι
3116 825 3239 883 τότε
3265 824 3345 898 τῷ
3367 823 3488 896 Θεῷ
3502 842 3517 863 ἰ
3535 824 3644 880 ἀπδ
3660 825 3769 897 γὰρ

2177 919 2271 975 τοῦ
2295 919 2513 992 χαλινοῦ
2539 919 2616 984 ὡς
2647 918 2760 974 ἀπὸ
2793 919 2993 991 μέρους
3025 916 3301 990 ἠϐουλήθη
3333 916 3404 972 τὰ
3432 917 3599 971 λοιπά
3628 917 3770 972 ὅπλα

2180 1030 2241 1067 τε
2275 1012 2373 1068 καὶ
2405 1011 2626 1083 λάφυρα
2647 1012 2843 1077 εἰπεῖν,
2870 1010 3018 1081 ειπερ
3043 1004 3138 1064 οὖν
3165 1008 3478 1065 ἀνατιθέναι
3512 1008 3767 1081 ἤμελλον,

2179 1102 2414 1163 ἑκάστου
2446 1100 2720 1173 κατὰ-τὴν
2752 1100 2960 1156 οἰκείαν
3004 1098 3263 1173 πρόθεσιν
3301 1099 3678 1172 προσάγοντος
3707 1100 3772 1154 τὸ

2178 1193 2370 1250 δοκοῦν
2395 1196 2462 1249 ἐκ
2487 1195 2601 1249 τῶν
2620 1193 2900 1267 λαφύρων.
2921 1192 3085 1248 Ὅθεν
3107 1193 3327 1264 ἐπάγει,
3352 1194 3436 1247 ὅτι
3463 1192 3773 1265 προσαχθῆ-

2182 1302 2367 1342 σονται
2395 1286 2509 1342 καὶ·
2529 1285 2757 1358 λέϐητες
2813 1285 3055 1339 πλεῖστοι
3095 1284 3191 1350 οὓς
3233 1286 3511 1357 ἐπήγοντο
3534 1286 3586 1339 oi
3612 1284 3772 1339 πολέ-

2184 1396 2319 1451 μιοι,
2364 1377 2706 1450 ἐπιτηδείως
2761 1378 2989 1442 ἑαυτοῖς.
3028 1372 3168 1433 εἶναι
3202 1377 3522 1450 νομίζοντες
3557 1379 3640 1442 είς
3667 1377 3771 1449 τὴν

2180 1470 2519 1543 ἓψησινπῶν
2561 1468 2763 1542 κρεῶν,
2794 1468 2844 1523 οἳ
2872 1468 2962 1524 διά
2999 1470 3064 1523 τὺ
3089 1468 3323 1542 πλῆθος,
3353 1468 3562 1540 φιαλῶν
3589 1467 3767 1538 δίκην,

2181 1560 2395 1615 ἔσονται
2424 1560 2520 1615 τοῦ
2553 1558 2707 1614 οἴκου
2740 1560 3094 1632 προκείμενοι
3124 1559 3219 1614 τοῦ
3253 1560 3433 1614 Θείου.
3461 1559 3771 1634 Ἦϐουλήθη

2180 1653 2240 1708 δὲ
2269 1654 2380 1708 ἀπὸ
2408 1652 2527 1725 μὲν
2550 1652 2646 1707 τοῦ
2682 1651 2901 1724 χαλινοῦ
2934 1651 3142 1710 τάεάπό
3173 1650 3282 1707 τῶν
3309 1651 3490 1705 ὅπλων
3523 1650 3775 1705 ἀνατιθέο

478 1745 648 1800 tluttm
696 1753 817 1801 erat
858 1756 1183 1800 enumerare
1222 1740 1543 1811 singillatim
1579 1740 1791 1807 hastas,
1835 1740 2074 1813 gladios,

2188 1761 2339 1816 μεναο
2372 1745 2568 1808 εἰπεῖν,
2598 1740 2676 1814 (p.
2710 1740 2836 1814 555)
2877 1741 2986 1797 ἀπὸ
3017 1740 3076 1796 δὲ
3128 1741 3239 1795 τῶν
3280 1740 3525 1812 λεϐήτων
3556 1740 3626 1794 τὰ
3662 1741 3774 1798 ἀπὸ

479 1840 706 1906 loricas,
760 1838 991 1902 lebetes,
1048 1842 1104 1891 et
1156 1832 1427 1905 quidquid
1477 1832 1546 1889 ad
1593 1849 1753 1891 usum
1802 1834 2088 1890 hominum

2188 1836 2299 1893 τῶν
2325 1835 2644 1908 κτημάτων,
2678 1835 2756 1898 ὡς
2793 1832 2986 1888 εἴωθεν
3033 1833 3386 1905 ἀπομέρους
3428 1832 3500 1887 τὰ
3546 1832 3773 1887 πλεῖστα

478 1938 584 1991 est,
617 1929 769 1984 verbi
819 1927 992 1998 gratia
1029 1925 1263 1990 catinos,
1303 1925 1524 1996 poema,
1561 1934 1616 1982 et
1668 1926 1716 1982 si
1748 1925 1881 1996 quid
1931 1925 2076 1982 aliud

2188 1927 2376 1999 δηλοῦν
2413 1930 2448 2000 ή
2502 1926 2624 1984 θεία
2671 1926 2884 1998 Γραφὴ,
2918 1927 2995 1980 ὅτ’
3032 1927 3105 1983 ἂν
3146 1924 3639 1997 περιττὴνήγῆται
3671 1924 3775 1996 τὴν

480 2018 797 2088 hujusmodi
826 2024 931 2073 est.
959 2014 1068 2073 Sed
1109 2032 1141 2071 a
1175 2025 1351 2086 parte,
1377 2024 1440 2071 ut
1472 2031 1663 2087 nuper~
1685 2016 1823 2082 dixi,
1842 2024 2082 2088 let-saepe

2188 2017 2337 2073 κατά
2374 2017 2559 2089 μέρος,
2591 2014 2975 2087 ἀκριϐολογίαν
2999 2032 3013 2046 ·
3049 2016 3172 2071 ἐπεὶ
3201 2014 3483 2071 κάνταῦθα
3520 2014 3775 2087 περιττὸν

479 2110 758 2175 adnotavi,
801 2124 865 2165 se
911 2114 1087 2163 totum
1130 2106 1422 2176 designare
1466 2104 1987 2164 demonstrattlam
2021 2117 2082 2163 ut

2188 2103 2253 2179 ἦν
2272 2106 2336 2160 τὸ
2363 2105 2616 2177 ἀριθμεῖν
2643 2104 2847 2176 δόρατα
2874 2104 2969 2158 καὶ
3002 2103 3135 2175 ξίφη
3174 2104 3271 2160 καὶ
3305 2103 3582 2175 θώρακας,
3615 2104 3776 2176 λέϐης

478 2202 732 2257 ostendat
760 2200 1071 2257 oblatorum
1094 2199 1337 2258 lebetum
1360 2214 1547 2264 usum,
1572 2200 1657 2256 sic
1686 2199 2075 2271 prosequitur:

2188 2199 2286 2264 τάς
2327 2216 2389 2252 τε
2434 2199 2528 2253 καὶ
2567 2197 2640 2252 τὰ
2687 2195 3089 2268 ὲνηάνθρώπων
3137 2197 3367 2269 κείμενα
3401 2197 3618 2268 χρήσει,
3657 2191 3775 2252 οἷον

481 2296 656 2350 εἰπεῖν
706 2293 952 2357 πινάκια,
998 2292 1257 2364 ποτήρια,
1304 2292 1463 2362 ﬂqu
1503 2292 1574 2347 είς
1600 2309 1654 2349 τι
1685 2291 2039 2347 τοιοῦτο-’ὲκ
2073 2292 2129 2347 δὲ
2164 2293 2259 2348 τοῦ
2304 2294 2527 2365 μέρους,
2554 2291 2631 2356 ὼς
2685 2286 2839 2345 εἰπόν
2883 2308 2943 2346 τε
2990 2290 3133 2362 ἤδη,
3186 2290 3282 2344 καὶ
3337 2291 3778 2363 ὲπεσημηνάμην

480 2384 761 2449 πολλάκις,
792 2383 1029 2455 ἐδήλωσε
1064 2383 1126 2437 τὸ
1170 2384 1279 2436 πᾶν
1322 2383 1519 2439 είπεῖνι
1551 2385 1778 2448 Δεικνὺς
1824 2384 1934 2438 τῶν
1983 2384 2231 2458 λεϐήτων
2274 2385 2384 2441 τῶν
2402 2384 2810 2456 ἀνατιθεμένων
2839 2385 2939 2456 τὴν
2966 2384 3176 2457 χρείαν,
3204 2383 3437 2451 ὲπάγειο

551 2473 722 2531 Vsns.
755 2475 848 2529 2|.
876 2505 944 2515 —
986 2491 1004 2524 ι
1042 2474 1266 2545 Eritque
1291 2476 1474 2533 omnis
1513 2477 1667 2533 Iebus
1693 2477 1927 2535 inturbe
1950 2475 2087 2535 Hie-vr

2253 2479 2889 2552 Στίχ.ιατ.-ιΚαὶέσται
2900 2481 3010 2545 πᾶς
3020 2477 3220 2552 ὀλέϐης
3232 2477 3290 2532 ὲν
3307 2476 3375 2530 Ἱε
3382 2473 3662 2548 ρουσαλὴμ
3678 2473 3773 2533 καὶ

478 2567 719 2626 rusalem
749 2574 806 2621 et
842 2566 987 2637 apud
1027 2565 1227 2622 Judam
1278 2578 1523 2626 sanctus
1556 2568 1787 2627 Domino
1825 2572 2080 2643 omnipo-

2188 2575 2245 2630 ὲν
2260 2573 2338 2644 τῷ
2362 2571 2541 2645 Ἰούδᾳ·
2552 2568 2802 2641 ἆγιοςτῷ
2822 2570 3015 2643 Κυρίῳ
3030 2569 3453 2641 παντοκράτορι·
3476 2569 3572 2623 καὶ
3587 2566 3776 2639 ἥξουσι

479 2658 639 2715 tcnti.
675 2656 839 2728 362
874 2654 941 2711 Et
980 2656 1202 2712 venient
1240 2657 1425 2713 cuncti
1475 2658 2083 2728 immolantes,_ct-~su-

2188 2664 2395 2726 πάντες·
2419 2664 2483 2716 οἱ·
2508 2660 2894 2725 θυσιάζοντες,
2926 2660 3019 2713 καὶ
3059 2659 3321 2732 λήψονται
3342 2658 3410 2725 ἐξ
3442 2657 3644 2721 αὐτῶν,
3673 2656 3772 2710 καὶ

392 2782 397 2783 ί
479 2758 630 2805 ment
675 2747 824 2814 inde,
876 2754 931 2803 et
992 2756 1233 2819 coquent
1281 2748 1336 2803 in
1395 2748 1498 2806 eis.
1541 2768 1561 2802 ι
1624 2748 2078 2822 Obtriti-quidem

2188 2754 2484 2825 έψήσουσιν
2506 2752 2801 2816 «ἒν-αὐτοῖς.
2845 2770 2879 2804 ιι
2901 2752 2965 2805 οι
2995 2751 3111 2823 μὲν
3131 2749 3241 2823 γὰρ
3273 2748 3771 2823 προσκομισθέντες

479 2840 715 2904 lebetes,
770 2837 951 2897 sancti
1004 2844 1192 2898 erunt,
1228 2845 1421 2909 utpote
1459 2838 1630 2894 oblati
1694 2840 1767 2894 in
1803 2848 2086 2911 posterum

2189 2844 2436 2915 λέϐητες,
2470 2842 2659 2913 φησιν,
2674 2841 2834 2910 ,ἅγιοι
2855 2840 3194 2906 ἔσονται,ἆτε
3224 2839 3571 2909 ἀνακείμενοι
3592 2836 3778 2890 λοιπὸν

486 2932 622 2988 Deo.
681 2927 1056 2986 Commoditas
1123 2943 1253 2985 vero
1309 2929 1463 2985 hinc.
1510 2930 1637 2985 erit.
1681 2931 2088 2989 adducentibus

2188 2936 2271 3008 τῷ
2294 2935 2444 3007 Θεῷο
2474 2934 2708 3005 ἀφθονία
2739 2934 2813 2987 δὲ.
2831 2931 3084 2988 ἐντεῦθεν
3110 2931 3263 2986 ἔσται
3290 2933 3405 2996 τοῖς
3438 2930 3777 3002 προσάγωσι

480 3024 762 3085 victimas.
792 3020 1007 3095 copiam
1052 3018 1288 3076 habendi
1323 3020 1415 3076 ubi
1447 3035 1701 3091 coquere
1715 3030 1993 3093 oporteat,
2033 3032 2088 3080 et

2188 3026 2310 3093 τὰς.
2333 3027 2634 3095 θυσιάσεις,
2667 3024 2749 3097 τῷ
2798 3024 2945 3097 ἔχειν
2986 3025 3110 3079 ὅποι
3142 3023 3423 3096 προσῆκεν
3468 3021 3781 3094 ἑψήσαντας

485 3113 763 3170 sacrificia
782 3111 1042 3167 decenter
1075 3109 1360 3180 perﬁcere.
1400 3109 1601 3168 Nonne
1616 3112 1791 3167 enim.
1812 3112 2087 3185 inprime

2188 3118 2406 3176 τὰτ-τῶν
2448 3118 2665 3174 θυσιῶν»
2697 3118 2993 3191 πληρῶσαι
3033 3117 3095 3172 τὸ
3141 3117 3353 3189 πρέπον
3384 3131 3399 3146 ⁸
3444 3114 3487 3186 ἢ*
3530 3112 3641 3186 γὰρ
3678 3112 3780 3189 οὐχ

484 3206 800 3279 Regnorum
826 3204 907 3260 sic
932 3202 1387 3274 loquiturdivina
1435 3203 1749 3276 Scriptura,
1777 3203 1915 3260 dum
1955 3220 2087 3262 nar-

2189 3212 2445 3279 οὔτως.ἐν
2472 3215 2540 3287 τῇ
2570 3211 2760 3285 πρώτῃ
2779 3211 2889 3266 τῶν
2902 3209 3201 3265 Βασιλειῶν
3220 3210 3255 3281 ή
3273 3208 3397 3264 θεία
3414 3208 3565 3278 λέγει
3584 3206 3779 3279 Γραφὴ

485 3310 573 3356 rat
604 3299 845 3357 ﬁliorum
876 3296 996 3351 Heli
1025 3295 1413 3365 iniquitatem?
1438 3312 1634 3368 nempe
1658 3298 1808 3370 quod
1834 3299 2088 3356 veniebat

2190 3304 2524 3377 διηγουμένη
2570 3304 2681 3358 τῶν
2708 3303 2839 3358 υἱῶν
2887 3303 3005 3357 Ἠλὶ
3031 3302 3130 3373 τὴν
3150 3300 3545 3374 παρανομίαν;
3570 3299 3654 3353 ὅτι
3679 3298 3781 3370 ἦρ·-

487 3406 626 3464 puer
671 3387 1002 3452 sacerdotis,
1053 3385 1384 3443 fuscinulam
1439 3384 1734 3445 tridentem
1775 3389 1986 3447 habens
2032 3390 2088 3446 in

2193 3414 2320 3469 χετο
2336 3397 2713 3471 τὸκπαιδάριον
2740 3394 2835 3450 τοῦ
2850 3438 2855 3443 .
2871 3395 3062 3465 ἱερέως
3096 3394 3174 3459 ὡς
3197 3393 3263 3448 ἂν
3286 3390 3489 3465 ήψήθηγ
3505 3391 3567 3445 τὸ
3589 3390 3778 3462 κρέας,

488 3496 655 3535 manu
692 3493 812 3546 sua,
847 3476 1207 3546 mittebatque
1245 3474 1581 3531 fuscinulam
1624 3475 1682 3533 in
1712 3476 1947 3535 lebetem
1987 3494 2088 3536 seu

2195 3493 2294 3547 καὶ
2312 3516 2315 3521 ·
2335 3490 2593 3564 κρεάγρα
2622 3488 2867 3561 τριόδους
2886 3491 2951 3542 ὲν
2982 3489 3059 3558 τῇ
3083 3486 3228 3559 χειρὶ
3250 3483 3445 3549 αὑτοῦ,
3473 3483 3572 3540 καὶ
3598 3482 3781 3538 καθίει

488 3568 756 3625 caeabum
821 3583 918 3624 seu
970 3565 1307 3634 caldariam;
1357 3574 1413 3623 et
1470 3581 1636 3623 omne
1674 3568 1824 3639 quod
1877 3569 2092 3627 levabat

488 3658 798 3726 fuscinu'a,
851 3657 1076 3714 tollebat
1103 3656 1364 3713 sacerdos
1408 3656 1514 3713 sibi
1537 3657 1608 3714 ".
1666 3655 1798 3713 Vult
1829 3673 1960 3731 ergo
1994 3658 2086 3714 di-

491 3769 635 3820 cere,
676 3750 1130 3809 convenientibus
1185 3749 1253 3805 ad
1294 3747 1392 3803 Dei
1436 3748 1647 3804 cultum
1695 3748 1753 3804 in
1791 3750 1931 3805 urbe
1963 3748 2088 3805 Ilie-

488 3845 729 3903 rusalem
778 3844 996 3913 copiam
1047 3840 1171 3897 fore
1227 3840 1492 3904 lebetum,
1546 3839 1749 3911 quibus
1796 3855 1937 3911 opus
1977 3848 2097 3897 erat

490 3937 628 4007 ipsis
652 3934 720 3989 ad
749 3933 1078 4005 explendum
1127 3931 1528 3988 sacriﬁciorum
1556 3932 1745 3986 ritum.
1773 3930 1870 3987 llis
1894 3929 2049 3986 addit
2073 3949 2091 3989 :

500 4048 517 4077 ι
550 4028 615 4082 Et
646 4041 755 4080 non
795 4026 900 4081 erit
938 4023 1290 4079 Cllananaaus
1319 4022 1553 4078 ulterius
1581 4022 1639 4077 in
1681 4022 1844 4079 domo
1878 4021 2095 4078 Domini

493 4116 887 4188 omnipotentis
932 4116 1022 4172 die
1053 4115 1165 4171 illa.
1197 4134 1217 4169 ι
1261 4114 1401 4182 Quia
1430 4113 1666 4171 infames
1697 4121 1856 4170 erant
1888 4113 2100 4171 Chana-
2148 4106 2156 4114 ’

493 4210 600 4266 mei
667 4209 745 4267 ob.
796 4207 1258 4278 irreligiositatem
1326 4221 1659 4277 morumque
1714 4206 2087 4277 pravitatem,

494 4301 675 4367 innuit
717 4300 798 4357 sic
840 4301 1107 4372 propheta
1141 4300 1419 4357 desituros
1461 4299 1720 4373 deinceps
1756 4308 1990 4361 cunctos
2022 4301 2091 4359 de

492 4395 697 4468 populo
719 4392 1020 4451 Israelitico
1060 4392 1130 4449 ab
1156 4393 1441 4466 impietate
1468 4402 1565 4451 aut
1589 4394 1837 4467 qualibet
1871 4409 2109 4451 morum

495 4487 728 4554 malitia,
760 4488 1048 4543 eventibus
1087 4487 1223 4559 ipsis
1256 4487 1436 4544 edocti
1467 4494 1735 4558 quantum
1778 4488 1986 4543 bonum
2017 4486 2093 4543 sit

426 4604 429 4607 -
495 4579 672 4650 pietas
700 4586 755 4634 et
782 4577 1000 4635 virtutis
1033 4578 1300 4633 studium.
1357 4575 1450 4632 Sic
1489 4578 1657 4633 etiam
1689 4578 1885 4634 beatus
1914 4563 2164 4634 OseasD

498 4671 575 4724 ait
610 4670 695 4725 ⁸1
722 4688 740 4719 ι
769 4668 1049 4736 Chanaan,
1072 4665 1129 4727 in
1146 4682 1313 4724 manu
1348 4667 1472 4737 ejus
1508 4677 1715 4724 statera
1755 4668 2088 4740 iniquitatis,

500 4762 816 4833 opprimere
854 4768 1220 4831 praepotenter
1243 4761 1454 4817 dilexit.
1489 4758 1744 4831 Dixitque
1780 4759 2086 4831 Ephraim:

507 4852 898 4909 Verumtamen
937 4852 1091 4909 dives
1142 4852 1328 4909 factus.
1368 4865 1515 4919 sum,
1552 4852 1738 4910 inveni
1778 4852 1911 4907 mihi
1946 4853 2090 4908 sola-

500 4948 673 5004 tium.
742 4964 762 5000 ι
821 4944 1045 5005 Scilicet
1094 4946 1533 5011 Chananteorum
1619 4944 1846 5001 nomine
1877 4943 2092 5002 Israeli-

500 5051 587 5099 tas
636 5041 760 5097 illos
801 5040 1041 5112 appellat
1081 5038 1177 5111 qui
1222 5037 1418 5095 illicita
1468 5039 1721 5112 agebant,
1759 5038 2089 5097 Chananmov

500 5149 623 5189 rum
653 5148 835 5190 mores
862 5132 1169 5190 imitantes.

2194 3580 2366 3654 αὐτὴν
2396 3582 2489 3646 είς.
2508 3581 2602 3635 τὸν
2627 3578 2909 3651 λέϐητα,ἢ
2959 3579 3041 3642 είς
3090 3578 3192 3649 τήν
3242 3576 3473 3649 χύτραν,
3517 3573 3553 3646 ἢ
3610 3575 3691 3638 είς
3718 3573 3795 3627 τὰ

2193 3672 2419 3745 χαλκίον
2445 3689 2460 3705 ·
2482 3672 2577 3727 καὶ
2609 3673 2718 3725 πᾶν
2750 3669 2779 3723 ὃ
2815 3669 3097 3724 ἀνέϐαινεν
3134 3668 3194 3722 ὲν
3222 3670 3301 3740 τῇ(
3328 3668 3583 3740 κρεάγρᾳ.
3618 3664 3783 3736 ὲλάμη

2193 3763 2355 3817 ϐανεν
2409 3761 2590 3833 ἑαυτῷ
2637 3762 2667 3815 ὁ
2698 3758 2915 3832 ίερεύς.;
2949 3757 3121 3813 Τοῦτο
3140 3754 3250 3812 οὖν
3278 3759 3453 3813 stater
3479 3755 3781 3827 ἠϐουλήθη,

2193 3855 2278 3909 ὅτι.
2312 3851 2543 3925 ἀφθονία
2567 3851 2753 3907 λοιπὸν
2782 3852 2903 3915 τοῖς
2953 3850 3049 3904 ἐπὶ
3074 3851 3163 3922 τῇ·
3188 3847 3456 3918 θεραπεία
3502 3844 3603 3907 τοῦ
3643 3844 3781 3899 Θεοῦ

2197 3942 2440 3999 συνιοῦσι
2468 3943 2550 4007 εἰς
2576 3942 2679 4012 τὴν
2720 3939 3079 4013 Ἰερουσαλὴμ
3103 3939 3258 3997 ἔσται
3286 3937 3554 4009 λεϐήτων,
3593 3936 3655 3989 ὲν
3698 3929 3783 3998 οἷς

2196 4033 2476 4107 προσῆκεν
2501 4034 2700 4097 αὐτοὺς
2726 4034 2825 4106 τὴν
2850 4032 2946 4086 ἐπὶ
2973 4034 3093 4096 ταῖς
3118 4030 3332 4095 θυσίαις
3358 4028 3548 4101 χρείαν
3572 4024 3785 4082 ἑαυτῶν

2195 4124 2527 4199 ἐκπληροῦν.
2583 4124 3038 4194 Τούτοιςὲπάγει
3060 4140 3075 4154 ·
3110 4142 3129 4176 ι
3152 4123 3272 4177 Καὶ
3305 4122 3408 4176 οὐκ
3451 4120 3570 4175 ἔστι
3602 4121 3791 4174 Χαναευ

2197 4221 2343 4285 ναῐος
2373 4217 2455 4273 ἔτι
2472 4219 2531 4273 ὲν
2552 4215 2630 4289 τῷ
2648 4217 2787 4288 οίκιρ
2810 4216 3018 4286 Κυρίου
3046 4213 3512 4286 παντοκράτορος,
3544 4211 3623 4283 (p.
3650 4208 3781 4280 536)

2196 4313 2256 4365 ὲν
2293 4313 2360 4383 τῇ
2394 4308 2812 4383 ἡμέρᾳ-ἐκείνῃ.
2836 4325 2857 4360 ι
2903 4305 3131 4377 Ἐπειδὴ
3153 4303 3573 4375 ὲπιϐεϐλημένοι
3599 4302 3781 4355 Χανα-

2195 4405 2336 4459 ναῖοι
2369 4402 2460 4457 τὺν
2484 4401 2687 4474 τρόπον
2714 4395 2860 4471 ἦσαν
2896 4397 2993 4454 ἐπί
3022 4415 3085 4452 τε
3125 4395 3353 4467 ἀσεϐείᾳ
3392 4393 3486 4448 ἐπί
3523 4411 3581 4448 τε
3631 4390 3781 4463 ἠθῶν

2201 4488 2495 4563 μοχθηρίᾳ,
2522 4488 2684 4542 τοῦτο
2717 4487 2965 4559 βούλεται
2997 4486 3285 4552 είπεῖν,ὅτι
3319 4482 3620 4539 παύσονται
3645 4482 3782 4538 πάν-

2192 4600 2283 4648 τες
2300 4582 2487 4636 λοιπὸν
2519 4584 2569 4636 οί
2611 4581 2706 4635 τοῦ
2730 4578 3090 4654 -Ἰσραὴλητοῦ
3130 4577 3265 4651 πρὸς
3310 4575 3568 4631 ἀσέϐειαν
3594 4577 3632 4648 ἦ
3659 4593 3784 4631 τινα

2199 4675 2505 4747 μοχθηρίαν
2550 4673 2730 4728 νεύειν
2771 4671 2941 4744 ἠθῶν,
2964 4671 3033 4740 ἐξ
3060 4669 3240 4726 αὐτῶν
3262 4668 3649 4740 δεδιδαγμένοι
3670 4667 3780 4721 τῶν

2196 4751 2540 4837 πραγμάτων
2577 4765 2764 4838 ήλίκον
2814 4764 3019 4835 ἀγαθὸν
3047 4762 3331 4826 εὐσεϐείας
3359 4778 3420 4814 τε
3455 4762 3550 4815 καὶ
3581 4761 3784 4832 ἀρετῆς

2197 4856 2507 4929 ἐπιμέλεια.
2523 4856 2681 4911 Οὕτω
2702 4856 2803 4910 ικαὶ
2831 4858 2860 4911 ὁ
2891 4856 3161 4928 μακάριος
3206 4853 3369 4924 Ὠσηὲ
3404 4851 3586 4921 λέγει’
3611 4869 3631 4903 ι
3669 4852 3783 4905 Xa-

2196 4949 2366 5012 ναάν,
2387 4950 2544 5020 ὲν-τῇ
2596 4947 2740 5021 χειρὶ
2791 4945 2959 5004 αὑτοῦ
3008 4945 3172 5015 ζυγὸς
3211 4943 3445 5007 ἀδικίας,
3472 4942 3783 4997 καταδυνα-

2199 5040 2409 5095 στεύειν
2434 5039 2720 5112 ἠγάπησεο
2757 5039 2853 5095 καὶ
2884 5036 3040 5095 εἶπεν
3082 5036 3344 5110 Ἐφραῒμ,
3374 5034 3522 5107 Πλὴν
3554 5032 3788 5088 mulati-

2196 5149 2365 5204 τηκα,
2402 5131 2619 5205 εὕρηκα
2655 5130 2939 5203 ἀναψυχὴν
2972 5128 3226 5203 ἐμαυτῷ·
3271 5148 3291 5181 ι
3324 5129 3391 5199 τῇ
3421 5126 3530 5180 τῶν
3562 5122 3786 5178 Χαναὰν

501 5225 875 5301 προσηγορίᾳ,
927 5224 1056 5289 τοὺς
1105 5221 1442 5296 Ἰσραηλίτας
1476 5222 1538 5277 τὸ
1591 5223 1664 5297 μὴ
1703 5222 1822 5283 δέον
1863 5224 2363 5299 διαπραττομένους
2413 5224 2684 5293 καλέσας,
2747 5222 2823 5288 ὡς
2852 5223 2921 5278 ἂν
2942 5222 3035 5276 τὸν
3090 5219 3316 5276 ἐκείνων
3372 5216 3589 5292 τρόπον·
3615 5232 3785 5291 μεμι-

507 5334 582 5392 μη
591 5318 812 5391 μένους.

580 5492 626 5535 ⁸³
653 5490 829 5566 lReg.
862 5507 923 5561 ιι,
958 5493 1047 5553 l5.
1125 5492 1171 5525 ⁸³
1203 5490 1323 5550 Osc.
1346 5507 1445 5562 xu,
1483 5492 1533 5549 τ.
