4162 6518
467 313 570 367 599

1627 319 1975 381 THEODORI
2002 321 2485 382 MOPSUESTENI

3608 331 3712 388 600

463 435 792 497 quantorum
835 428 968 501 ipsis
997 431 1266 488 bonorum
1323 443 1516 494 auctor
1548 442 1872 507 exstitisset,
1916 444 2033 498 sive

2145 442 2316 512 λότητι
2344 442 2453 496 τῶν
2477 442 2693 514 τρόπων
2731 444 2838 498 τῶν
2876 442 3116 499 οἰκείων.
3154 462 3172 496 ι
3213 443 3325 500 Καὶ
3368 445 3580 509 είπατε,
3623 449 3710 502 Ἐν

463 527 622 575 antea
655 522 846 590 gestis,
880 523 996 579 sive
1036 534 1222 594 postea
1265 543 1406 599 saepe
1437 547 1684 600 numero,
1716 535 1832 590 sive
1869 535 2034 590 etiam

463 626 640 680 nuper
696 613 947 681 patratis.
1013 615 1125 671 Sed
1176 632 1294 674 mos
1345 629 1429 678 est
1486 623 1686 679 divina:
1743 623 2038 694 Scripturae

399 690 403 702 ’
465 713 650 754 vocem
695 715 798 770 pro
845 717 905 757 re
957 704 1240 773 adhibere,
1289 717 1343 765 et
1391 710 1672 768 hominum
1719 690 1920 769 statum
1954 715 2035 770 vel

463 790 713 846 allectum
755 808 888 850 voce
919 795 1226 868 designare.
1261 799 1417 856 Velut
1469 803 1639 859 illud:
1670 821 1690 855 ι
1726 803 2031 860 Dixerunt:

462 882 598 951 Quis
624 885 829 941 videbit
851 903 946 945 eos
968 889 1052 944 “‘2
1073 911 1092 943 ι
1125 892 1181 947 id
1211 901 1318 960 est,
1336 894 1413 950 ita
1438 911 1497 952 se
1517 897 1848 964 habuerunt,
1877 897 2037 968 quasi

460 991 558 1031 eos
600 992 760 1032 nemo
792 975 1082 1050 spectaret.
1130 983 1296 1055 Atqui
1348 987 1486 1042 nihil
1541 988 1852 1059 hujusmodi
1893 989 2038 1045 dixe-

463 1074 605 1123 rant.
667 1067 796 1124 ltem
845 1090 858 1126 :
908 1089 927 1124 ι
961 1071 1104 1129 Dixit
1171 1075 1316 1131 enim
1373 1077 1429 1132 in
1485 1079 1651 1135 corde
1715 1094 1816 1135 suo
1865 1078 2036 1136 :Non

462 1157 725 1212 movebor
793 1175 823 1213 a
882 1164 1241 1232 generatione
1289 1165 1344 1220 in
1402 1168 1809 1238 generationem
1836 1209 1852 1233 ,
1917 1168 2038 1234 sine

464 1248 698 1306 malo".
734 1269 754 1305 ι
817 1250 908 1307 Sic
955 1256 1098 1310 enim
1145 1271 1268 1312 sese
1319 1257 1630 1325 habebant,
1682 1259 1839 1329 quasi
1901 1259 2068 1314 nihil“

463 1355 706 1410 unquam
759 1344 889 1399 mali
939 1355 1126 1403 essent
1166 1348 1408 1418 passuri.
1457 1349 1733 1420 Multaque
1769 1350 2037 1421 ejusmodi

462 1433 588 1503 quis
617 1434 876 1504 inveniet,
911 1452 1032 1509 quae
1067 1453 1398 1498 coacervare
1438 1455 1547 1497 non
1585 1442 1750 1514 hujus
1776 1443 2038 1513 temporis

463 1531 567 1580 est.
607 1524 700 1581 Sic
740 1544 872 1600 ergo
908 1546 1058 1586 nunc
1102 1533 1268 1587 etiam
1317 1533 1452 1589 dicit
1481 1552 1495 1590 :
1524 1552 1544 1586 ι
1576 1533 1642 1590 Et
1682 1535 1899 1590 dixistis
1939 1535 2038 1590 :in

462 1632 573 1686 quo
599 1618 841 1677 dilexisti
868 1624 1007 1681 nos?
1045 1640 1066 1677 ι
1102 1625 1273 1691 Quasi
1315 1625 1465 1682 dicat
1496 1645 1508 1682 :
1544 1627 1591 1681 Α
1626 1641 1714 1682 me
1743 1626 1950 1690 dilecti,
1985 1633 2040 1680 et

462 1707 746 1768 beneﬁciis
790 1727 934 1784 saepe
976 1713 1177 1781 ali'ecti,
1217 1717 1464 1788 improba
1499 1717 1818 1789 ingrataque
1858 1726 2039 1773 mente

2135 533 2240 586 τίνι
2266 533 2559 602 ἠγάπησας
2580 534 2730 603 ἡμᾶς
2758 550 2772 598 ;
2810 551 2828 584 ι
2871 533 3033 603 δήλου
3074 534 3225 603 παρᾶ
3253 536 3388 587 πᾶσι
3419 520 3703 604 τυγχάνον-

2135 641 2227 688 τος
2260 626 2472 678 ὁπόσων
2526 624 2708 687 αὐτοῖς
2755 623 2976 693 ἀγαθῶν
3010 624 3178 690 αἴτιος
3220 625 3484 694 ἐγεγόνει,
3513 625 3622 679 εἴτε
3648 629 3712 680 ἐκ

2135 714 2242 767 τῶν
2303 713 2536 785 πρόσθεν
2585 713 2967 786 ὑπαρξάντων,
3023 715 3132 768 είτε
3183 715 3276 768 καὶ
3335 714 3438 769 τῶν
3485 713 3712 786 ὕστερον

2138 800 2416 866 πολλάκις,
2449 801 2544 854 καὶ¹
2586 801 2651 872 δὴ
2704 802 2798 854 καὶ
2837 802 2948 856 τῶν
2994 802 3308 874 πρόσφατον
3363 805 3667 872 γεγονότων
3694 823 3708 836 ο

2137 892 2272 947 ἀλλὰ
2301 892 2411 963 γὰρ
2457 892 2578 958 ἔθος
2605 896 2672 966 τῇ
2703 893 2822 964 θείᾳ
2847 893 3038 966 Γραφῇ
3072 887 3170 967 τὴν
3219 895 3401 966 φωνὴν
3441 896 3534 948 ἐπὶ
3569 897 3711 968 πρά-

2137 1000 2343 1054 γματος
2368 983 2568 1053 λέγειν,
2609 983 2705 1037 καὶ
2738 983 2836 1056 τὴν
2864 984 2974 1038 τῶν
3017 1002 3071 1038 τι
3120 985 3419 1039 ποιούντων
3471 987 3712 1042 διάθεσιν

2139 1077 2289 1147 φωνῇ
2321 1075 2637 1146 σημαίνεινο
2668 1070 2780 1129 οἷον
2807 1076 2870 1130 τό
2895 1091 2910 1107 '
2949 1093 2970 1128 ι
3002 1073 3168 1130 Εἶπον
3190 1091 3208 1111 ·
3235 1077 3333 1141 Τίς
3376 1078 3565 1148 δψεται
3607 1080 3709 1132 abu-

2137 1164 2296 1232 τούς;
2334 1183 2354 1218 ι
2388 1167 2510 1220 ἀντὶ
2533 1164 2935 1231 τοῦ,Διέκειντο
2963 1166 3038 1230 ὡς
3068 1167 3280 1230 οὐδενὸς
3314 1167 3618 1238 ἐφορῶντος
3643 1167 3713 1220 τὰ

2138 1256 2426 1326 γινόμεναι
2456 1257 2517 1309 οὐ
2557 1257 2663 1329 γὰρ
2684 1257 2748 1328 δὴ
2777 1257 2960 1325 ἔλεγον
2983 1256 3155 1321 οὕτως
3179 1272 3193 1287 °
3223 1259 3337 1323 καὶ,
3381 1275 3400 1310 ι
3441 1255 3575 1312 Εἷπε
3605 1259 3712 1330 γὰρ

2139 1351 2197 1402 ἐν
2219 1348 2415 1420 καρδίᾳ
2438 1347 2622 1412 αὐτοῦ,
2652 1349 2726 1402 Οὐ
2757 1347 2832 1420 μὴ
2870 1348 3112 1402 σαλευθῶ
3149 1349 3258 1403 ἀπὸ
3284 1351 3476 1418 γενεᾶς
3502 1351 3582 1412 εἰς
3615 1367 3709 1417 γε-

2139 1436 2263 1490 νεὰν
2293 1435 2420 1490 ἄνευ
2455 1436 2626 1491 κακοῦ
2645 1475 2658 1487 .
2695 1453 2713 1487 ι
2739 1435 3030 1502 Διέκειντο,
3059 1437 3189 1510 γὰρ,
3230 1438 3418 1509 φησιν,
3449 1437 3524 1501 ὡς
3553 1437 3709 1490 οὐθὲν

2141 1526 2536 1601 ὑπομενοῦντες
2561 1525 2780 1580 πώποτε
2803 1527 3000 1581 κακόψ
3041 1527 3138 1581 καὶ
3165 1528 3336 1582 πολλὰ
3371 1527 3594 1581 τοιαῦτα
3633 1529 3709 1580 εἰς

2140 1635 2232 1673 ποι
2253 1636 2336 1682 τις
2367 1619 2454 1684 ἂν,
2480 1617 2517 1673 ἃ.
2542 1618 2616 1690 μὴ
2639 1617 2734 1671 τοῦ
2755 1619 3018 1689 παρόντος
3049 1619 3168 1672 ἐστὶ
3195 1619 3474 1688 συλλέγειν
3493 1618 3712 1690 καιροῦσ

2139 1709 2311 1772 οὕτως
2335 1704 2428 1762 οὖν
2456 1709 2733 1763 κάνταῦθα
2754 1709 2902 1778 λέγει
2933 1710 3014 1773 τὸ,
3046 1729 3065 1762 ι
3103 1711 3211 1764 Καὶ
3236 1710 3445 1774 εῐπατε,
3495 1711 3584 1764 Ἐν
3606 1710 3720 1763 τίνι

485 1800 668 1866 uistis,
700 1803 857 1872 quasi
892 1819 992 1860 nec
1025 1819 1054 1860 a
1100 1819 1185 1861 me
1213 1806 1416 1870 dilecti,
1457 1823 1632 1878 neque
1664 1808 1774 1862 ullo
1799 1821 2035 1877 unquam

2145 1801 2433 1872 ἠγάπησας
2485 1801 2664 1872 ἡμᾶςς
2716 1819 2735 1852 ι
2773 1802 2894 1855 ἀντὶ
2950 1801 3078 1870 τοῦ,
3122 1801 3523 1872 Ἀγαπηθέντες
3580 1802 3712 1872 παρ’

465 1891 727 1948 beneficio
756 1895 966 1953 donati.
1011 1896 1143 1954 Dein
1190 1897 1334 1954 facta
1365 1899 1522 1967 dicit,
1551 1899 1694 1954 unde
1735 1899 1789 1954 hi
1829 1914 2035 1971 cogno-

463 1992 616 2034 scere
643 1991 886 2052 possent,
919 1992 1124 2056 quanta
1155 2001 1183 2040 a
1221 1986 1331 2042 Deo
1361 1988 1502 2042 bona
1530 1986 1896 2057 accepissent.

2143 1897 2300 1968 ἐμοῦ,
2347 1897 2442 1952 καὶ
2490 1893 2550 1950 εὗ
2603 1897 2929 1963 πεπονθότες
2981 1899 3239 1964 πολλάκις
3260 1942 3275 1966 ,
3313 1899 3558 1970 μοχθηρᾷ
3618 1898 3714 1950 καὶ

2143 1987 2418 2059 ἀγνώμονι
2459 1989 2786 2059 κεχρημένοι
2834 1993 2901 2062 τῇ
2943 1991 3148 2062 διανοίᾳ
3188 1990 3489 2054 διέκεισθε,
3535 1988 3610 2051 ὡς
3642 1989 3710 2041 ἂν

464 2063 595 2116 οὔτε
634 2066 996 2136 ἠγαπημένοι
1032 2069 1175 2138 παρ’
1199 2069 1363 2137 ἐμοῦ,
1393 2068 1518 2124 οὒτε
1544 2072 1689 2134 τινος
1712 2072 2075 2142 τετυχηκότες
2119 2071 2343 2124 πώποτε
2369 2072 2604 2141 ἀγαθοῦ.
2646 2073 2725 2146 (p.
2756 2071 2880 2141 539)
2924 2067 3059 2127 Εἶτα
3117 2069 3262 2138 λέγει
3310 2068 3379 2122 τά
3419 2069 3724 2139 πράγματα

462 2161 496 2213 ἁ
521 2161 578 2228 φ’
608 2159 686 2216 ὧν
719 2164 847 2232 ἐξῆν
881 2166 1083 2228 αὐτοὺς
1109 2168 1344 2238 συνορᾷν
1375 2167 1579 2231 ἡλίκων
1607 2169 1795 2239 ἔτυχον
1828 2167 1979 2237 παρὰ
2008 2164 2135 2230 τοὺς
2153 2165 2347 2232 ἄλλους
2369 2169 2611 2238 ἀγαθῶν.

523 2257 686 2329 365
720 2257 887 2315 Vsus.
927 2258 1049 2315 5-5.
1087 2290 1158 2304 —
1199 2279 1220 2315 ι
1265 2259 1458 2318 Nonne
1496 2264 1666 2320 frater
1710 2270 1829 2318 erat
1861 2259 2034 2318 Iacob

459 2348 647 2406 Esau?
679 2349 815 2405 dicit
847 2350 1144 2420 Dominus;
1176 2361 1230 2410 et
1264 2363 1443 2410 tamen
1467 2353 1632 2410 dilexi
1664 2354 1854 2420 Jacob,
1888 2353 2030 2410 Esau

455 2451 636 2498 autem
671 2441 798 2499 odio
827 2443 1014 2502 habui.
1052 2446 1119 2500 Et
1146 2445 1310 2500 statui
1340 2445 1602 2502 terminos
1633 2447 1752 2516 ejus
1787 2447 1841 2501 in
1870 2445 2035 2502 deso-

458 2531 739 2595 lationem,
788 2539 843 2587 et
895 2531 1270 2589 haereditatem
1317 2533 1439 2604 ejus
1487 2535 1542 2588 in
1579 2534 1773 2590 domos
1806 2535 2034 2592 deserti.

457 2620 596 2689 Quia
626 2621 673 2678 si
705 2621 903 2678 dixerit
943 2640 958 2678 :
995 2620 1230 2678 ldumaea
1257 2639 1448 2681 eversa
1485 2631 1590 2692 est,
1617 2633 1672 2681 et
1700 2633 2040 2682 revertemur

459 2720 623 2784 atque
657 2713 1052 2773 mtilicabimus
1081 2715 1304 2773 deserta
1339 2717 1496 2786 ejus:
1531 2717 1646 2772 haec
1671 2717 1748 2771 ait
1777 2716 2040 2773 Dominus

457 2805 808 2876 omnipotens
836 2824 850 2862 :
883 2805 992 2877 Ipsi
1016 2807 1389 2874 aediﬁcabunt,
1423 2817 1478 2862 et
1502 2823 1606 2879 ego
1643 2808 1946 2864 destruam.
1973 2807 2042 2862 Et

456 2896 803 2952 vocabuntur
830 2897 975 2968 ipsis.
997 2898 1218 2954 termini
1255 2898 1584 2968 iniquitatis,
1610 2908 1662 2953 et
1686 2899 1922 2971 populus
1951 2897 2043 2952 ad-

456 3005 653 3046 versus
689 3004 850 3061 quem
881 2997 991 3046 stat
1023 2991 1080 3045 in
1106 2989 1225 3045 acie
1253 2987 1522 3046 Dominus
1555 3004 1730 3060 usque
1775 2991 1830 3045 in
1856 3004 2034 3047 saecuo

2211 2266 2356 2336 Στίχ.
2373 2267 2513 2336 γ’-ε’.
2530 2297 2601 2308 —-
2634 2287 2651 2319 ι
2675 2269 2786 2322 Οὐκ
2806 2269 3029 2337 ἀδελφὸς
3048 2264 3114 2340 ἦν
3138 2265 3308 2322 Ἠσαῦ
3335 2263 3427 2318 τοῦ
3466 2261 3657 2318 Ἰακώϐ
3690 2277 3709 2327 ;

2141 2353 2292 2422 λέγει
2340 2355 2580 2426 Κύριος·
2629 2356 2720 2410 και
2778 2357 3041 2428 ἠγάπησα
3093 2357 3184 2410 τὸν
3243 2354 3473 2420 Ἰακὼϐ,
3511 2352 3604 2406 τὸν
3648 2350 3707 2404 δι

2152 2445 2324 2500 Ἢσαῦ
2354 2446 2594 2518 ἐμίσησα
2614 2465 2626 2476 ·
2657 2446 2752 2500 καὶ
2782 2445 2945 2514 ἔταξα
2982 2447 3054 2501 τὰ
3083 2447 3208 2518 ὅρια
3262 2443 3425 2498 αὐτοῦ
3465 2444 3544 2504 εἰς
3566 2441 3709 2510 ἁφα-

2139 2538 2349 2608 νισμὸν,
2385 2538 2480 2592 καὶ
2507 2538 2607 2610 τὴν
2641 2539 3003 2610 κληρονομίαν
3028 2536 3192 2592 αὐτοῦ
3227 2537 3307 2599 είς
3338 2533 3563 2603 δώματα
3587 2531 3710 2601 ἐρή·

2141 2646 2244 2700 μου
2281 2643 2296 2659 ⁸
2325 2627 2459 2681 διότι
2493 2626 2588 2682 ἐὰν
2602 2628 2754 2701 εἴπῃ,
2775 2621 3242 2698 Ἢ“ιδουμαία(68)
3278 2623 3713 2695 κατέστραπται,

2139 2719 2233 2772 καὶ
2277 2717 2676 2790 ἐπιστρέψομεν
2711 2717 2807 2772 καὶ
2836 2717 3330 2789 ἀνοικοδομήσομεν
3355 2713 3454 2778 τὰς
3485 2715 3711 2784 ὴρημυ-

2143 2811 2308 2882 μένας
2349 2809 2542 2880 αὐτῆς,
2569 2804 2698 2862 τάδε
2735 2808 2881 2877 λέγει
2909 2809 3114 2880 Κύριος
3160 2804 3574 2876 παντοκράτωρ,
3607 2804 3716 2856 A6-

2138 2901 2221 2954 τοὶ
2267 2900 2704 2972 οἰκοδομήσουσι,
2733 2898 2829 2954 καὶ¹
2872 2898 2986 2968 ἐγὼ
3025 2897 3420 2970 καταστρέψω·
3455 2895 3548 2948 καὶ
3594 2894 3716 2946 ἐπι-

2141 2989 2471 3062 κληθήσεται
2526 2989 2709 3053 αὐτοῖς
2750 2989 2878 3060 ὅρια
2932 2986 3184 3058 ἀνομίας,
3229 2985 3325 3042 καὶ
3369 2983 3495 3046 λαὸς
3540 2983 3624 3050 ἐφ’
3655 2981 3716 3034 ὃν

459 3083 593 3139 lum.
623 3081 688 3138 Et
721 3083 866 3139 oculi
894 3083 1063 3139 vestri
1089 3081 1388 3150 videbunt;
1423 3091 1478 3138 et
1508 3096 1609 3138 vos
1643 3083 1836 3139 dicetis
1865 3102 1879 3141 :
1919 3085 2030 3138 Ma-

2145 3080 2550 3154 παρατέτακται
2578 3081 2782 3152 Κύριος
2810 3080 2918 3145 ἕως
2967 3079 3162 3143 αίῶνος
3181 3094 3194 3108 ⁸
3223 3077 3318 3132 καὶ
3362 3077 3411 3130 οί
3451 3073 3724 3144 ὀφθαλμοὶ

459 3171 751 3248 gniﬁcatus
795 3179 881 3227 est
909 3169 1182 3228 Dominus
1230 3184 1396 3242 super
1428 3171 1694 3228 terminos
1731 3169 1970 3228 Israelis.
2011 3190 2032 3225 ι

458 3263 644 3333 Nuper
675 3262 892 3318 luerant
919 3262 1143 3318 ldumasi
1183 3263 1384 3335 puniti,
1421 3271 1475 3320 et
1510 3263 1779 3334 plurimas
1825 3265 2037 3334 experti

459 3353 823 3419 calamitates,
853 3360 1079 3424 propter
1111 3353 1253 3408 mala
1285 3351 1688 3423 quaalsraelitis
1714 3353 2035 3419 intulerant,

459 3458 572 3513 quo
609 3450 854 3514 tempore
902 3445 1114 3515 Assyrii
1158 3445 1395 3516 primum
1428 3453 1483 3500 et
1523 3451 1712 3515 postea
1755 3443 2038 3515 Babylonii

461 3537 647 3594 hostes
695 3543 1140 3608 supervenerant.
1183 3536 1412 3608 Jamque
1459 3537 1576 3592 haec
1617 3535 1876 3608 przedicta
1921 3533 2042 3590 fue-

462 3635 588 3681 rant
624 3641 654 3680 a
690 3625 850 3682 beato
881 3626 1082 3683 Davide
1112 3627 1167 3682 in
1200 3627 1454 3693 Psalmis,
1491 3627 1584 3684 ubi
1616 3626 1732 3680 ait:
1774 3643 1793 3675 ‹
1833 3622 2041 3679 Memor

460 3725 603 3783 esto,
630 3716 880 3783 Domine,
912 3718 1147 3774 ﬁliorum
1171 3717 1362 3784 Edom,
1388 3718 1444 3772 in
1476 3716 1565 3773 die
1592 3715 1918 3777 Jerusalem,
1945 3713 2040 3784 qui

462 3809 657 3865 dicunt
705 3827 719 3865 :
767 3808 1092 3877 Exi‘nanit‘e,
1143 3809 1420 3866 exinanite
1468 3814 1655 3878 iusque
1707 3806 1781 3860 ad
1841 3805 2042 3859 funda-

462 3906 651 3956 menta
695 3899 839 3970 ejus.
889 3899 1027 3956 Filia
1076 3900 1373 3973 Babylonis
1419 3899 1624 3954 misera
1657 3896 1734 3951 "t
1775 3915 1794 3948 ι
1830 3894 2042 3962 Quibus

462 3990 646 4046 verbis
671 3991 930 4057 ostendit,
962 3991 1293 4063 Bablenios
1318 4005 1508 4061 poenas
1535 3989 1788 4054 daturos,
1817 3994 2044 4059 propter

367 4107 377 4158 ;
464 4082 613 4136 illata
660 4082 920 4143 Israclitis
973 4083 1136 4137 mala.
1188 4081 1411 4138 Idumaei
1458 4082 1623 4139 etiam
1666 4095 1792 4136 cum
1831 4079 1899 4140 iis
1937 4093 2044 4149 pu-

465 4172 708 4238 nientur,
749 4173 928 4244 quiin
977 4174 1278 4247 amigendis
1325 4173 1588 4232 l'sraelitis
1631 4172 1768 4230 socii
1797 4173 2042 4244 ipsorum

467 4263 708 4320 filerunt.
745 4265 890 4322 Idem
921 4273 1110 4339 postea
1143 4267 1470 4338 praedixerat
1505 4267 1671 4322 etiam
1703 4263 1897 4322 beatus
1929 4263 2043 4319 Ab-

465 4357 586 4413 dias
630 4358 914 4431 propheta.
961 4357 1119 4416 Nunc
1155 4359 1285 4429 quia
1324 4359 1417 4413 illa
1457 4357 1666 4414 exitum
1717 4355 2041 4420 habuerant,

2145 3171 2298 3246 ὑμῶν
2338 3172 2580 3244 ὄψονται,
2625 3173 2721 3227 καὶ
2752 3173 2912 3242 ὑμεῖς
2948 3171 3143 3242 ἐρεῖτε,
3194 3164 3564 3238 Ἐμεγαλύνθη
3612 3165 3719 3217 Κύ-

2146 3282 2259 3336 ριος
2298 3264 2553 3337 ὑπεράνω
2575 3263 2683 3318 τῶν
2729 3265 2890 3336 ὁρίων
2921 3261 3158 3334 Ἰσραήλ.
3184 3279 3203 3312 ι
3232 3258 3550 3330 Πρόσφατον
3579 3251 3723 3327 ἦσαν

2158 3357 2442 3428 Ἰδουμαῖοι
2493 3356 2954 3428 τετιμωρημένοι,
3000 3353 3095 3408 καὶ
3133 3350 3402 3406 πλείστων
3458 3350 3597 3403 ὅσων
3660 3349 3722 3401 ἐν

2147 3449 2312 3522 πείρᾳ
2338 3449 2622 3519 γεγονότες
2649 3448 2836 3503 κακῶν
2854 3488 2869 3513 ,
2896 3447 3035 3518 ὑπὲρ
3062 3436 3138 3499 ὧν
3170 3442 3566 3499 διατεθείκεσαν
3594 3439 3722 3503 τοὺς

2159 3542 2495 3615 Ἰσραηλίτας
2526 3541 2666 3595 κατὰ
2693 3525 2784 3595 τδν
2811 3537 3001 3609 καιρὸν
3030 3537 3237 3591 ἐκεῖνον
3284 3533 3406 3588 καθ’
3433 3533 3492 3587 ὃν
3527 3531 3720 3585 Ἀσσύ-

2149 3632 2254 3703 ριοί
2277 3649 2336 3685 τε
2374 3632 2557 3698 αὐτοῖς
2592 3631 2854 3703 πρότερον
2882 3631 2975 3683 καὶ
3005 3624 3336 3682 Βαϐυλώνιοι
3377 3622 3516 3695 μετά
3566 3619 3724 3674 τοῦτο

2148 3723 2402 3794 ἐπῆλθον.
2421 3723 2609 3777 Ταῦτα
2639 3723 2696 3776 δέ
2727 3722 3020 3794 προείρητο
3057 3718 3154 3788 μὲν
3177 3716 3254 3787 τῷ
3284 3714 3538 3788 μακαρίῳ
3563 3711 3725 3765 Δαυῖδ

2148 3817 2206 3868 ἐν
2251 3815 2500 3884 Ψαλμοῖς
2533 3832 2546 3846 ·
2581 3813 2728 3882 λέγει
2766 3813 2876 3885 γὰρ
2899 3853 2913 3878 ,
2954 3827 2976 3862 ι
3027 3806 3334 3878 Μνήσθητι,
3371 3805 3567 3877 Κύριε,
3615 3803 3729 3856 τῶν

2150 3907 2282 3961 υίῶν
2319 3905 2497 3978 Ἐδὼμ
2521 3905 2619 3978 τὴν
2647 3904 2859 3976 ἡμέραν
2893 3901 3268 3974 Ἰερουσαλὴμ,
3294 3900 3404 3954 τῶν
3435 3897 3723 3965 λεγόντων,

2162 3997 2500 4064 Ἐκκενοῢτε,
2527 3997 2813 4052 ἐκκενοῦτε
2841 3995 2946 4058 ἕως
2976 3993 3084 4049 τῶν
3117 3992 3380 4065 θεμελίων
3406 3989 3578 4060 αὐτῆς
3595 4003 3608 4016 ·
3633 3987 3725 4041 θυ-

2150 4091 2330 4163 γάτηρ
2390 4088 2706 4154 Βαϐυλῶνος
2739 4090 2773 4160 ἡ
2825 4087 3202 4160 ταλαίπωροςο
3234 4103 3253 4136 ι
3287 4084 3346 4137 ἐν
3401 4076 3483 4144 οἷς
3531 4077 3728 4143 ἔδειξεν

2151 4185 2234 4239 ὅτι
2264 4183 2360 4238 καὶ
2386 4180 2716 4236 Βαϐυλώνιοι
2761 4179 2991 4235 δώσουσι
3035 4179 3192 4242 δίκας
3245 4175 3386 4246 ὑπὲρ
3426 4165 3501 4228 ὧν
3530 4171 3727 4234 αὐτοὺς

2150 4275 2516 4334 διατεθείκασι
2564 4273 2752 4328 κακῶν
2791 4289 2805 4304 ·
2839 4271 2934 4326 καὶ
2982 4271 3270 4342 Ἰδουμαῖοι
3317 4267 3374 4335 δὲ
3415 4261 3730 4336 τιμωρηθή-

2153 4385 2333 4424 σονται
2360 4364 2780 4438 συμπράξαντες
2797 4364 2978 4428 αὐτοῖς
3001 4365 3060 4418 ἐν
3085 4363 3198 4426 τοῖς
3226 4359 3367 4416 κατὰ
3384 4356 3492 4414 τῶν
3520 4357 3731 4428 Ἰσραη-

466 4461 824 4524 recentesque
869 4451 1023 4524 apud’
1047 4467 1238 4509 omnes
1271 4460 1430 4508 erant
1465 4449 1686 4505 inﬂictae
1727 4447 1981 4505 ldumzeia
2014 4461 2042 4502 a

2149 4458 2309 4514 λιτῶν
2349 4461 2559 4522 κακοῖς.
2596 4458 2832 4528 Προεῖπε
2864 4455 2922 4509 δὲ
2954 4455 3048 4509 καὶ
3089 4456 3118 4508 ό
3155 4452 3427 4524 μακάριος
3468 4449 3675 4503 ’Δϐδιοὺ
3700 4449 3730 4501 ό

469 4542 578 4599 Deo
610 4559 804 4614 poenae,
846 4544 1042 4600 merito
1091 4559 1156 4600 ex
1196 4544 1609 4615 comparatione
1640 4557 1767 4599 cum
1801 4542 1911 4598 illis
1953 4540 2047 4596 de-

2148 4549 2435 4621 προφήτης
2472 4548 2608 4619 μετὰ
2645 4547 2835 4602 τοῦτο’
2869 4545 2984 4599 ἀλλ’
3026 4545 3214 4615 ἐπειδὴ
3246 4542 3340 4598 νῦν
3375 4542 3585 4614 εἰλήφει
3631 4540 3730 4611 τὴν

468 4644 739 4692 monstrat
768 4652 929 4695 suum
959 4650 1085 4712 erga
1118 4637 1396 4692 lsraelitas
1431 4650 1696 4699 amorem,
1734 4635 1804 4690 ab
1851 4634 2042 4688 horum

2150 4638 2373 4693 ἔκϐασιν
2421 4640 2625 4706 ἐκεῖνα,
2651 4637 2746 4692 καὶ
2779 4636 2947 4711 νεαρὰ
2988 4635 3137 4708 παρὰ
3171 4637 3334 4690 πᾶσιν
3377 4629 3444 4705 ἧν
3472 4635 3506 4704 ἡ
3544 4633 3728 4703 μνήμη

466 4728 912 4798 progenitoribus
971 4737 1164 4797 atque.
1193 4728 1262 4783 ab
1303 4727 1554 4782 ldumaeis
1601 4733 1820 4796 sumpto
1869 4724 2042 4778 initio.

2149 4729 2247 4798 τῆς
2281 4729 2675 4800 ἐπιγενομένης
2727 4729 2868 4782 κατὰ
2920 4728 3032 4781 τῶν
3071 4726 3383 4798 Ἰδουμαίων
3437 4724 3588 4796 παρὰ
3636 4722 3730 4775 τοῦ

467 4819 597 4874 Erat
629 4822 776 4876 enim
804 4820 1021 4875 ill'orum
1048 4819 1361 4890 progenitor
1381 4817 1588 4886 Jacob;
1621 4819 1816 4874 horum
1842 4823 2042 4880 autem,

2151 4815 2288 4871 Θεοῦ
2327 4820 2615 4889 τιμωρίας,
2641 4819 2716 4888 (p.
2741 4818 2864 4890 540)
2896 4818 3118 4881 εἰκότως
3157 4818 3222 4870 ὲκ
3255 4815 3607 4886 παραθέσεως
3633 4813 3729 4882 τῆς

472 4909 637 4966 Esau.
684 4910 826 4965 Dicit
873 4925 1041 4981 ergo,
1089 4912 1279 4966 ambos
1328 4909 1497 4970 fuisse
1541 4909 1770 4975 fratres;
1816 4921 2042 4976 cumque

2154 4907 2289 4978 πρὸς
2309 4907 2549 4971 ἐκείνους
2567 4909 2898 4964 ἐνδείκνυται
2912 4907 3009 4980 τὴν
3025 4907 3242 4978 ἀγάπην
3264 4905 3453 4959 ἑαυτοῦ
3476 4905 3573 4975 τὴν
3603 4920 3668 4956 πε
3676 4901 3732 4973 pl.

473 5012 684 5057 natura:
723 5001 808 5056 lex
851 5001 1165 5057 communia
1197 5000 1335 5071 ipsis
1383 5000 1568 5054 omnia
1601 4998 1831 5064 faceret,
1859 5012 2042 5067 proge-

2151 4996 2406 5061 τούτους,
2437 4997 2546 5051 ἀπὸ
2583 4999 2692 5053 τῶν
2731 5000 3092 5072 προπατόρων
3141 4999 3344 5052 τούτων
3391 5014 3450 5052 τε
3485 4995 3577 5050 καὶ
3622 4994 3730 5047 τῶν

473 5095 704 5150 nitorem
734 5093 953 5166 quidem
985 5102 1250 5156 vestrum,
1287 5091 1483 5161 inquit,
1520 5089 1710 5158 dilexi,
1745 5097 1800 5143 at
1834 5089 2051 5144 illorum

475 5188 564 5245 odi
593 5189 738 5243 Esau
766 5205 780 5242 :
823 5195 877 5242 et
907 5201 1082 5257 usque
1119 5185 1174 5240 in
1201 5183 1524 5240 hodiernum
1560 5181 1705 5235 diem
1737 5193 2054 5251 persevera-

473 5279 549 5343 vi,
581 5278 784 5334 amoris
821 5277 995 5349 366‘
1015 5291 1142 5347 erga
1177 5291 1294 5341 vos,
1326 5274 1439 5328 odii
1470 5286 1602 5328 vero
1631 5287 1759 5343 erga
1810 5271 1931 5325 illos
1960 5286 2051 5324 ar-

475 5377 728 5439 gumenta
761 5369 1038 5424 exhibere.
1089 5365 1336 5436 Namque
1371 5363 1680 5419 universam
1717 5363 1932 5421 illorum
1967 5378 2053 5418 re-

550 5497 598 5528 ”
624 5503 768 5562 Psal.
793 5521 952 5570 um,
983 5505 1038 5560 6.
1114 5503 1158 5536 ⁸⁸
1183 5501 1329 5558 Psal.
1364 5518 1419 5569 κ,
1445 5501 1496 5556 6.
1574 5500 1620 5532 ⁸⁸
1644 5499 1790 5556 Psal.
1829 5514 2027 5563 cxxxv,

556 5645 667 5714 (68}
699 5643 884 5700 Vat-int
908 5647 995 5700 hic
1024 5645 1392 5715 interpunctio
1423 5645 1566 5715 apud
1592 5645 1846 5714 antiquos
1878 5643 2046 5698 inter-

484 5725 692 5789 prctes,
718 5715 838 5772 aliis
858 5727 987 5778 ante
1033 5717 1346 5783 ldmnwam,
1368 5717 1488 5772 aliis
1516 5724 1639 5789 post
1671 5715 2049 5785 pausantibus.

2165 5088 2482 5158 Ἰδουμαίων
2502 5090 2603 5161 τὴν
2632 5090 2806 5162 ἀρχὴν
2834 5091 3222 5161 ποιησάμενος.
3248 5085 3356 5143 Ἦν
3389 5087 3496 5158 γὰρ
3527 5085 3733 5142 τούτων

2157 5181 2258 5251 μὲν
2321 5181 2536 5249 Ἰακὼϐ,
2587 5183 2757 5238 Ἠσαῦ
2807 5184 2867 5237 δὲ
2929 5185 3173 5238 ἐκείνων.
3216 5181 3377 5250 Λέγει
3407 5181 3607 5241 τοίνυν,
3648 5178 3734 5232 ὅτι

2157 5271 2403 5340 Ἀδελφοί
2436 5273 2533 5342 μὲν
2565 5269 2704 5346 ἦσαν
2737 5275 3067 5345 ἀμφότερον
3098 5271 3193 5326 τοῦ
3236 5274 3401 5344 νόμου
3431 5272 3489 5324 δὲ
3511 5271 3606 5340 τῆς
3632 5268 3733 5338 φύ-

2163 5379 2300 5427 σεως
2349 5366 2501 5420 κοινὰ
2552 5367 2730 5420 πάντα
2765 5367 2949 5431 αὐτοῖς
2981 5364 3283 5432 ποιοῦντος,
3323 5365 3588 5435 ἠγάπησα
3635 5364 3732 5434 μὲν

2159 5645 2292 5765 Culm
2318 5644 2507 5700 Graeco
2536 5642 2810 5715 conspirat
2841 5640 3038 5710 Arabs,
3066 5656 3189 5698 cum
3223 5638 3486 5697 llebraico
3512 5639 3736 5702 Latinus

2159 5732 2227 5765 ru
2253 5724 2432 5765 natus.

2159 5724 2432 5787 γυιεθιιιε.
