4162 6472
410 306 516 366 σοι

1331 304 1891 377 COMMENTARIUS
1927 316 1997 374 ιΝ
2035 317 2417 377 MALACHIE
2457 322 2612 380 CAP.
2655 326 2698 380 Ι.

3605 330 3713 387 609.

413 429 509 483 τὸν
536 426 804 504 ὑμέτερον
835 434 1182 508 προπάτορα,
1207 436 1447 511 ἐμίσησα
1470 441 1527 494 δὲ
1552 441 1644 494 τὸν
1675 441 1902 497 ἐκείνων
1925 442 2015 497 τὸν

2133 440 2339 513 gionem
2373 446 2545 500 vestri
2583 444 2761 516 gratia
2791 445 3059 513 desolavi,
3108 459 3303 517 pmnas
3340 445 3516 504 abiis
3556 464 3718 519 repo-

426 522 630 578 Ἥσαῦο
657 526 750 579 καί⁵
787 526 851 597 δὴ
881 528 1266 602 διαμεμένηκα
1304 534 1403 604 μὲν
1432 535 1559 607 ἄχρι
1588 535 1682 590 τοῦ
1715 533 1895 607 δεῦρο,
1916 537 2017 607 τῆς

414 632 477 669 τε
518 617 649 687 περὶ
678 617 825 689 ὑμᾶς
858 621 1100 693 ἀγάπης,
1138 624 1230 677 καὶ
1273 624 1367 680 τοῦ
1397 627 1528 697 περὶ
1555 628 1779 680 ἐκείνων
1828 627 2018 699 μίσους

413 708 828 781 τὴνξάπόδειξιν
880 714 1291 785 παρεχόμενοςο
1323 720 1507 773 πᾶσαν
1545 720 1644 789 μὲν
1674 719 1785 792 γὰρ
1836 720 2019 775 αὐτῶν

421 798 521 864 τὴν
546 796 734 869 χώραν
765 800 1006 870 ἠφάνισα
1041 803 1107 857 δι’
1136 806 1303 877 ὑμᾶς,
1331 807 1489 872 δίκας
1525 809 1724 872 αὐτοὺς
1756 810 2020 881 εἰσπρατ-

418 889 647 960 τόμενος
682 886 759 946 ὢν
782 891 903 946 καθ’
929 893 1085 965 ὑμῶν
1121 897 1488 970 τετολμήκασι
1507 912 1525 930 ο
1549 898 1730 952 πᾶσαν
1756 898 1812 952 δὲ
1838 900 2018 953 αὐτῶν

414 980 515 1051 τὴν
565 984 759 1053 κτῆσιν
820 988 1131 1060 μετέστησα
1185 991 1266 1055 εἰς
1339 988 1616 1061 ἐρημίαν,
1647 990 1716 1061 ἢν
1746 990 2017 1063 τοσαύτην

415 1075 605 1141 αὐτοῖς
650 1078 931 1150 ἐπήγαγον
981 1082 1079 1136 καὶ
1125 1082 1270 1137 οὕτω
1320 1083 1601 1155 χαλεπὴν,
1630 1082 1772 1137 ὥστε
1811 1085 1917 1139 κᾶν
1968 1087 2017 1140 εί

419 1170 853 1244 μεταϐαλόμενοί
883 1192 1013 1229 ποτε
1052 1175 1373 1249 βουληθεῖεν
1415 1175 1817 1250 διορθώσασθαι
1846 1178 1917 1232 τὰ
1949 1181 2021 1233 oi-

417 1264 565 1327 κεῖα,
599 1266 692 1318 καί⁵
714 1268 1139 1340 ἀνοικοδομῆσαι
1171 1270 1270 1333 τὰς
1301 1272 1678 1345 ἠρημωμένας
1700 1272 1881 1328 αὐτῶν
1914 1272 2014 1326 πό-

414 1352 531 1418 λεις
547 1373 608 1408 τε
633 1357 728 1411 καὶ
762 1359 965 1431 χώρας,
1001 1362 1170 1433 μηθὲν
1199 1362 1458 1419 δύνασθαι
1485 1365 1644 1421 τοῦτο
1673 1368 1847 1421 ποιεῖν
1867 1382 1881 1396 ο
1907 1366 2013 1419 ἀπ-

416 1448 706 1521 εφηνάμην
726 1452 833 1522 γὰρ
872 1455 992 1507 κατ’
1019 1454 1197 1509 αύτῶν
1232 1457 1491 1529 ἐρημίαν,
1508 1459 1604 1512 καὶ
1635 1456 1887 1529 οὐδαμῶς
1903 1450 2018 1510 οἷόν

414 1554 475 1590 τε
505 1542 772 1613 συστῆναι
815 1545 884 1599 τά
923 1546 1150 1601 ἐκείνων
1184 1548 1349 1604 πάλιν
1373 1567 1385 1579 ο
1421 1551 1612 1623 ἐπειδὴ
1651 1550 1756 1605 κᾶν
1810 1551 2020 1619 ἐπιχει-

418 1633 660 1703 ρήσωσιν
688 1636 1061 1711 οίκοδομῆσαι,
1088 1642 1452 1714 καταστρέφω
1479 1642 1643 1696 πάλιν
1668 1660 1682 1674 ο
1707 1640 1850 1695 ὥστε
1876 1638 2022 1693 ἐκεί-

2116 548 2282 590 scens
2315 534 2386 589 ob
2413 549 2479 591 ea
2511 551 2635 607 quae
2664 538 2720 592 in
2750 552 2849 594 vos
2884 539 3007 594 ausi
3042 548 3172 595 sunt
3199 556 3213 593 :
3248 550 3365 595 tum
3404 548 3459 597 et
3496 542 3717 598 illorum

2115 626 2320 696 praedia
2359 629 2545 683 omnia
2578 630 2635 685 in
2685 630 3040 686 solitudinem
3078 633 3241 698 verti,
3292 648 3459 704 quam
3505 643 3717 690 tantam

2117 727 2342 790 tamque
2370 720 2653 776 horridam
2700 722 2770 778 iis
2807 722 2990 788 intuli,
3037 729 3099 777 ut
3142 724 3361 780 etiamsi
3402 724 3547 781 forte
3583 741 3720 781 con-

2116 812 2263 867 versi
2292 812 2568 868 voluerint
2606 813 2907 884 aliquando
2949 824 3125 871 semet
3166 817 3481 884 emendare,
3533 827 3588 873 et
3619 819 3720 874 de-

2127 910 2304 959 sertas
2334 905 2502 962 urbes
2550 907 2918 979 regionesque
2962 915 3297 975 restaurare,
3328 909 3464 965 nihil
3497 912 3606 967 sint
3635 910 3719 966 ef-

2126 992 2345 1050 fecturi.
2377 993 2606 1052 Decrevi
2636 998 2783 1052 enim
2825 998 3049 1053 illorum
3100 999 3350 1054 locorum
3380 1001 3719 1068 vastitatem,

2126 1099 2229 1140 nec
2253 1086 2481 1142 omnino
2511 1085 2626 1143 ﬁeri
2660 1088 2862 1159 poterit
2890 1095 2949 1143 ut
2980 1103 3071 1145 res
3095 1089 3344 1159 ipsorum
3372 1098 3718 1161 reparentur.

2125 1175 2262 1231 Nam
2294 1178 2341 1234 si
2380 1177 2659 1235 aediﬁcare
2688 1180 3014 1245 moliantur,
3047 1196 3149 1251 ego
3189 1195 3387 1237 rursus
3428 1188 3673 1238 evertam
3704 1199 3717 1234 :

2122 1269 2197 1324 ita
2226 1278 2287 1325 ut
2331 1269 2401 1326 iis
2438 1271 2578 1328 locis
2607 1272 2901 1342 appellatio
2938 1273 3168 1339 haereat,
3185 1269 3427 1329 Termini
3459 1273 3725 1343 iniquita-

2123 1361 2218 1425 tis,
2271 1370 2467 1433 utpote
2511 1350 2591 1419 ab
2631 1364 2925 1433 iniquitate
2980 1364 3267 1421 desotatis.
3316 1365 3387 1419 At
3437 1364 3596 1420 vobis
3649 1365 3724 1417 ita

2125 1453 2267 1509 bene
2302 1453 2485 1510 facere
2530 1454 2818 1520 constitui,
2850 1463 2911 1510 ut
2956 1463 3303 1527 Spectatores
3336 1456 3558 1527 ipsimet
3594 1454 3723 1509 facti

2125 1547 2394 1603 bonorum
2419 1547 2579 1605 vobis
2608 1548 2963 1615 eollatorum,
3006 1547 3111 1603 Dei
3136 1548 3431 1618 potentiam
3461 1562 3727 1619 agnosca-

2127 1638 2222 1704 tis,
2256 1639 2352 1709 qui
2383 1641 2549 1695 tantis
2583 1640 2744 1696 bonis
2772 1642 2940 1695 vitam
2970 1649 3212 1697 vestram
3245 1639 3507 1695 laetiﬁcat.

417 1741 531 1788 νοις
577 1728 676 1797 μὲν
723 1727 896 1800 ὄνομα
948 1733 1344 1806 ἐπικεκλῆσθαι
1406 1734 1660 1806 Ἀνομίας
1706 1735 1881 1806 ὄριον,
1937 1729 2032 1785 ἅτε
2069 1730 2173 1783 ὑπὸ
2216 1731 2562 1803 παρανομίας
2607 1731 3029 1804 ἠρημωμένοιςο
3084 1730 3213 1803 περ)⁹
3257 1731 3402 1801 ὑμᾶς
3449 1729 3505 1782 δὲ
3553 1728 3727 1793 οὕτως

419 1815 722 1888 ἐδοκίμασα
750 1820 860 1874 πᾶν
881 1822 909 1877 ὅ
936 1840 987 1875 τι
1016 1824 1181 1880 καλὸν
1207 1825 1629 1898 διαπράξασθαι,
1658 1826 1801 1880 ὥστε
1830 1823 2027 1885 αὐτοὺς
2069 1822 2210 1892 ὑμᾶς
2239 1821 2437 1887 θεατὰς
2468 1825 2761 1893 γεγονότας
2785 1822 2893 1878 τῶν
2931 1822 3291 1895 δωρουμένων
3319 1822 3450 1893 ὑμῖν
3480 1817 3727 1889 ἀγαθῶν,

418 1905 718 1977 ἐπιγνῶναι
746 1912 841 1966 τοῦ
873 1914 1007 1969 Θεοῦ
1042 1918 1141 1989 τὴν
1170 1918 1399 1989 δύναμιν
1428 1921 1703 1984 τοσούτοις
1729 1917 2121 1991 φαιδρύναντος
2154 1915 2379 1983 ἀγαθοῖς
2397 1916 2466 1971 τά
2493 1917 2756 1989 ὑμέτερα.

402 2076 405 2077 ν
488 2002 641 2074 Στίχ.
674 2011 752 2070 ς’.
782 2036 851 2047 ——
899 2009 987 2091 (ρ,
1007 2010 1136 2083 541)
1171 2008 1305 2066 Εἶτα
1335 2014 1618 2077 ἐπιτείνων
1645 2015 1705 2069 τὸ
1730 2014 1982 2085 ἔγκλημα
2002 2053 2017 2077 ,

2198 2010 2367 2067 Vens.
2383 2010 2721 2067 6.——Deinde
2740 2010 3242 2081 expostulationem
3258 2006 3571 2073 intendens,
3595 2028 3614 2059 ‹
3633 1999 3731 2060 Fi-

423 2112 445 2147 c
470 2095 602 2160 Υἱὸς
633 2097 850 2164 δοξάζει
893 2103 1129 2177 πατέρα,
1162 2108 1257 2161 καὶ
1287 2106 1472 2172 δοῦλος
1500 2108 1592 2162 τὸν
1635 2109 1824 2181 κύριον
1851 2109 2016 2163 αὑτοῦ

419 2187 794 2260 φοϐηθήσεται
829 2208 843 2224 ·
878 2194 971 2247 καὶ
1006 2197 1055 2249 εί
1107 2199 1292 2271 πατήρ
1343 2201 1460 2272 εἰμι
1497 2200 1609 2269 ἐγὼ
1631 2242 1646 2268 ,
1678 2201 1780 2255 ποῦ
1812 2203 1960 2255 ἐστιν
1984 2203 2018 2273 ἡ

415 2279 549 2346 δόξα
581 2298 720 2351 μου;
752 2284 849 2337 καὶ
880 2285 931 2337 εί
958 2286 1163 2358 Κύριός
1193 2290 1310 2360 είμι
1338 2290 1471 2360 ἐγὼ,
1492 2290 1594 2345 ποῦ
1618 2294 1767 2346 ἐστιν
1792 2295 1820 2346 ὁ
1854 2292 2019 2360 φόϐος

422 2390 569 2441 μου;
604 2373 757 2442 λέγει
803 2376 1013 2449 Κύριος
1063 2382 1488 2454 παντοκράτωρ.
1545 2404 1564 2437 ι
1606 2383 1750 2438 Υίῶν
1799 2385 1898 2453 μὲν
1925 2380 2022 2438 οὖν

419 2464 576 2530 ἴδιον,
606 2468 762 2537 φησι,
789 2469 1016 2525 τοιαῦτα
1064 2472 1500 2546 διαπράττεσθαι
1519 2515 1534 2542 ,
1569 2477 1663 2546 ἀφ’
1712 2470 1788 2531 ὧν
1816 2478 2021 2550 κόσμος

417 2574 504 2619 τις
542 2558 637 2610 καὶ
666 2559 992 2630 σεμνολογία
1047 2564 1337 2636 περιέσται
1368 2569 1481 2632 τοῖς
1513 2570 1783 2641 πατράσι⁶
1816 2570 2025 2626 δούλων

416 2647 475 2700 δὲ
506 2647 569 2700 τὸ
599 2648 741 2719 μετὰ
774 2651 971 2705 πολλοῦ
1012 2653 1106 2707 τοῦ
1157 2655 1314 2721 δέους
1358 2657 1753 2729 ὑπηρετεῖσθαι
1789 2661 1902 2724 τοῖς
1935 2661 2022 2715 δε-

423 2743 703 2806 σποτικοῖς
757 2744 1129 2817 ἐπιτάγμασιν
1168 2763 1182 2776 ’
1212 2748 1323 2817 ἐγὼ
1366 2750 1447 2815 δὲ,
1505 2752 1692 2822 φησιν,
1747 2754 1863 2824 είμὶ
1923 2754 2023 2823 μὲν

422 2831 581 2902 ὑμῶν
610 2832 838 2905 Κύριος,
865 2835 959 2888 ἆτε
981 2839 1049 2903 ἐκ
1078 2834 1175 2891 τοῦ
1214 2838 1290 2911 μὴ
1337 2839 1490 2904 ὄντος
1524 2842 1668 2912 ὑμᾶς
1693 2844 1773 2906 είς
1800 2843 1861 2897 τὸ
1880 2839 2022 2899 εἶναι

423 2923 772 2995 παραγαγών
806 2943 819 2956 ⁸
845 2926 913 2980 δι’
937 2927 1393 3001 ὑπερϐάλλουσαν
1425 2932 1482 2985 δὲ
1523 2933 1934 3006 φιλανθρωπίαν
1963 2955 2029 2995 τε,

424 3015 521 3069 καὶ
550 3018 899 3090 χρηστότητα
928 3019 1299 3093 ᾠκειωσάμην
1347 3041 1407 3077 τε
1439 3024 1586 3095 ὑμᾶς
1630 3026 1727 3080 καὶ
1756 3026 2025 3101 ἐδεξάμην

424 3107 577 3173 υἱοὺς
606 3109 777 3180 ἐμοὺς
799 3109 1084 3166 καλεῖσθαι
1114 3130 1129 3145 θ
1159 3114 1511 3185 μεταδέδωκά
1545 3134 1606 3169 τε
1650 3118 1779 3190 ὑμῖν
1810 3122 2026 3190 παρρη-

424 3199 553 3264 σίας
576 3198 672 3254 τοῦ
701 3201 918 3276 πατέρα
951 3201 1110 3273 ὑμῶν
1140 3204 1431 3275 ὀνομάζειν
1471 3206 1573 3276 ἐμέ
1596 3223 1613 3238 ο
1646 3205 1758 3281 ὁρῶ
1790 3206 1848 3259 δὲ
1888 3206 2026 3279 πρὸς

421 3295 713 3366 οὐδέτερον
762 3297 910 3369 ὑμᾶς
946 3299 1430 3371 εὐγνωμονοῦντας
1454 3318 1468 3332 ·
1498 3299 1625 3354 οὔτε
1670 3301 1782 3373 γὰρ
1812 3301 1888 3368 ὡς
1921 3318 2029 3356 πα·-

422 3387 564 3461 τέρα
576 3392 645 3460 τῇ
662 3388 1041 3464 καλοκαγαθία
1070 3391 1178 3447 τῶν
1202 3393 1654 3465 ἐπιτηδευμάτων
1680 3394 1790 3449 τῶν
1814 3393 2037 3449 οἰκείων

425 3479 719 3551 σεμνύνειν
744 3481 1140 3550 ἐσπουδάκατε,
1172 3483 1298 3538 οὔτε
1324 3484 1403 3549 ὡς
1428 3485 1709 3558 Δεσπότην
1735 3484 2033 3551 δεδοικότες

423 3572 541 3627 τῶν
596 3574 994 3647 ἐπιταγμάτων
1043 3575 1362 3649 φροντίζετε
1411 3577 1522 3632 τῶν
1558 3577 1729 3650 ἐμῶν.
1766 3576 1924 3633 Οὕτω
1968 3580 2033 3651 δὴ

427 3665 611 3720 κοινὸν
639 3666 783 3721 κατὰ
813 3667 1035 3722 πάντων
1067 3669 1161 3722 τὸν
1190 3668 1416 3741 ἔλεγχον
1442 3669 1834 3742 ποιησάμενος,
1863 3669 2034 3743 διορί-

431 3757 520 3822 ζει
562 3759 658 3813 καὶ
685 3758 757 3813 τά
802 3760 1077 3832 πρόσωπα
1112 3763 1207 3817 καὶ
1235 3762 1303 3817 τὰ
1335 3763 1663 3834 πράγματα,
1704 3762 1798 3818 καὶ
1822 3762 1893 3835 δὴ
1915 3763 2035 3819 δια·-

429 3850 730 3923 λεγόμενος
756 3853 896 3925 πρὸς
942 3855 1073 3917 τοὺς
1106 3855 1287 3927 ίερέας
1330 3855 1474 3909 οὕτω
1515 3856 1712 3929 φησίν·
1759 3876 1779 3909 ι
1823 3857 2035 3928 Ὑμεῖς,

427 3945 487 3999 οἱ
513 3946 703 4017 ίερεῖς,
727 3947 777 3999 οἱ
812 3946 1167 4015 φαυλίζοντες
1195 3949 1256 4003 τὸ
1280 3950 1451 4022 ὄνομά
1491 3967 1617 4022 μου.
1638 3968 1656 4002 ι
1695 3949 1904 4021 Ὑμεῖς,
1929 3967 2037 4022 φη-

434 4039 544 4102 σὶν,
580 4040 629 4092 οἱ
667 4039 769 4112 τὴν
812 4040 1161 4114 λειτουργίαν
1208 4043 1712 4116 ἐμπεπιπευμένοι
1738 4043 1839 4115 τὴν
1860 4042 2041 4111 θείαν,

432 4133 531 4192 καὶ
560 4133 749 4207 ὁδηγοὶ⁸
790 4137 906 4200 τοῖς
941 4135 1148 4201 λοιποῖς
1182 4138 1489 4207 ὀφείλοντες
1541 4134 1683 4192 εἶναι
1716 4137 1825 4191 τῶν
1858 4155 2038 4209 κρειτ-

432 4223 630 4294 τόνων,
660 4223 891 4282 τοιαῦτα
934 4226 1334 4301 διαπράττεσθε
1361 4230 1455 4298 ἀφ’
1497 4224 1573 4283 ὧν
1626 4228 1841 4293 οὐδενὸς
1886 4228 2039 4294 ἄξιον

431 4318 569 4378 ὅντα
601 4337 674 4394 με
701 4320 866 4392 λόγου
894 4320 1143 4377 δείκνυτε
1187 4325 1302 4387 τοῖς
1336 4322 1406 4377 τά
1438 4322 1573 4394 παρ’
1617 4320 1773 4393 ὑμῶν
1800 4320 2043 4391 πραττό-

437 4413 804 4489 μεναόρῶσι.
830 4430 853 4467 ι
892 4415 1005 4470 Καὶ
1033 4414 1252 4481 εἴπατε,
1293 4416 1385 4471 Ἐν
1420 4414 1529 4470 τίνι
1573 4415 1953 4486 ὲφαυλίσαμεν
1978 4416 2042 4469 τὸ

817 4523 841 4561 ι
888 4504 1127 4578 Ὁμοίως
1176 4505 1459 4564 κάνταῦθα
1506 4507 1683 4577 λέγων
1713 4506 1777 4561 τὸ
1807 4506 2038 4573 εἴπατε,

578 4597 715 4673 dun
743 4597 852 4666 ότι,
886 4598 983 4654 Ἐκ
1026 4599 1228 4672 πολλῆς
1278 4601 1377 4673 τῆς
1413 4599 1751 4674 άπροσεξίας
1788 4600 1911 4655 οὐδὲ
1956 4598 2047 4653 αἴ-

2122 2102 2253 2168 lius,
2291 2103 2491 2173 inquit,
2538 2103 2775 2158 honorat
2814 2110 3048 2172 patrem,
3096 2110 3151 2158 et
3199 2116 3393 2157 servus
3437 2100 3726 2155 dominum

2123 2210 2287 2250 suum
2316 2195 2552 2251 timebit.
2595 2194 2751 2262 Quod
2787 2197 2832 2251 si
2858 2203 3012 2265 pater
3034 2209 3137 2266 ego
3161 2210 3306 2257 sum,
3328 2193 3420 2248 ubi
3438 2200 3522 2248 est
3548 2192 3729 2246 honor

2122 2288 2316 2343 meus?
2340 2295 2397 2343 et
2428 2288 2475 2342 si
2500 2287 2769 2343 Dominus
2791 2302 2893 2359 ego
2922 2302 3067 2352 sum,
3095 2286 3188 2341 ubi
3218 2293 3305 2341 est
3333 2285 3511 2361 timor
3529 2283 3727 2338 meus?

2123 2383 2203 2435 ait
2238 2380 2506 2437 Dominus
2554 2383 2930 2453 omnipotens.
2975 2402 2995 2434 ι
3033 2380 3300 2435 Filiorum
3338 2378 3564 2449 quidem
3613 2375 3731 2431 oili-

2123 2474 2269 2528 cium
2295 2482 2402 2539 est,
2428 2475 2627 2545 inquit,
2660 2490 2729 2530 ea-
2750 2489 2913 2546 agere
2947 2473 3095 2528 unde
3131 2480 3521 2527 ornamentum
3550 2469 3730 2540 quod-

2122 2562 2247 2618 dam
2279 2570 2335 2619 et
2362 2563 2533 2620 decus
2580 2565 2906 2635 parentibus
2951 2562 3268 2618 conﬂetur:
3314 2573 3603 2616 servorum
3634 2573 3734 2612 au-

2121 2664 2231 2713 tem
2256 2656 2433 2711 multo
2463 2672 2591 2711 cum
2622 2665 2774 2712 metu
2802 2656 3074 2712 herilibus
3101 2654 3423 2711 subservire
3449 2650 3727 2723 jussibus.

2124 2748 2237 2820 Ego
2260 2764 2412 2817 vero,
2443 2749 2645 2820 inquit,
2675 2749 2946 2805 Dominus
2984 2756 3171 2804 vester
3213 2762 3361 2813 sum,
3396 2758 3498 2800 ceu
3538 2744 3633 2814 qui
3663 2759 3733 2798 ex

2125 2840 2301 2895 nihilo
2328 2854 2428 2895 vos
2457 2840 2525 2895 ad
2558 2838 2940 2895 exsistendum
2972 2837 3243 2909 produxi;
3276 2843 3330 2892 et
3353 2849 3573 2891 summa
3611 2848 3733 2888 mea

2123 2932 2462 3003 benignitate
2492 2946 2558 2986 ac
2587 2932 2833 2987 bonitate
2861 2932 2923 2986 in
2951 2945 3132 3009 meam
3164 2928 3605 2983 familiaritatem
3647 2941 3738 2981 re-

2127 3024 2269 3094 cepi,
2315 3029 2371 3079 et
2420 3038 2574 3083 meos
2619 3022 2766 3079 ﬁlios
2818 3021 3097 3092 appellare
3124 3034 3225 3077 vos
3276 3034 3400 3074 sum
3450 3017 3732 3088 dignatus,

2127 3118 2499 3187 ﬁduciamque
2531 3113 2692 3171 vobis
2718 3114 2926 3170 indulsi
2986 3121 3049 3168 ut
3095 3112 3316 3168 Patrem
3362 3126 3453 3165 me
3508 3123 3737 3166 voeare-

2128 3215 2221 3271 tis.
2264 3212 2538 3270 Caeterum
2570 3225 2670 3267 vos
2708 3209 2865 3266 nulla
2917 3208 2975 3263 in
3024 3224 3086 3263 re
3135 3212 3323 3278 gratos
3351 3204 3557 3260 video:
3607 3216 3736 3257 nam

2134 3321 2313 3378 neque
2340 3316 2401 3361 ut
2430 3313 2669 3377 patrem,
2704 3309 3021 3359 vestrorum
3054 3309 3280 3356 actuum
3312 3298 3604 3354 honestate
3648 3309 3741 3349 me

2133 3401 2411 3456 honorare
2447 3396 2739 3468 satagitis;
2773 3409 2957 3466 neque
3017 3402 3080 3450 ut
3112 3392 3407 3449 Dominum
3433 3397 3691 3447 verentes
3720 3426 3736 3453 ,

2135 3493 2393 3550 mandata
2423 3506 2545 3547 mea
2572 3489 2731 3561 pensi
2774 3488 3014 3545 habetis.
3058 3487 3152 3542 Sic
3194 3500 3330 3557 ergo
3368 3482 3740 3541 communiter

2135 3589 2357 3646 cunctis
2382 3587 2713 3659 objurgatis,
2738 3599 2867 3640 mox
2898 3597 3168 3654 personas
3190 3578 3515 3653 singillatim
3541 3576 3743 3633 distin-

2137 3681 2256 3753 guit
2280 3689 2335 3736 et
2359 3688 2555 3747 actus;
2599 3685 2656 3734 et
2690 3676 3010 3733 sacerdotes
3041 3675 3261 3744 quidem
3304 3671 3615 3739 alloquens,
3658 3667 3743 3724 sic

2138 3772 2257 3829 ait:
2298 3788 2317 3824 ι
2355 3766 2469 3825 Vos
2512 3763 2961 3835 sacerdotes,qni
3007 3760 3292 3833 despicitis
3331 3759 3495 3831 367
3537 3770 3741 3813 nomen

2138 3879 2347 3921 meum.
2392 3881 2412 3917 ι
2442 3860 2577 3930 Vos,
2622 3858 2828 3932 quibus
2871 3858 3118 3914 divinum
3170 3853 3545 3910 ministerium
3589 3865 3744 3907 com-

2139 3960 2372 4014 missum
2396 3961 2503 4021 est,
2545 3942 2755 4026 quique
2783 3953 2955 4009 duces
2981 3949 3197 4008 caeteris
3234 3947 3302 4002 ad
3326 3947 3583 4002 virtutem
3619 3958 3745 3999 esse

2140 4049 2378 4112 debetis,
2427 4048 2506 4103 ita
2549 4045 2758 4113 vivitis,
2811 4054 2873 4101 ut
2919 4043 3072 4103 nullo
3113 4055 3201 4096 me
3232 4038 3459 4110 dignum
3486 4041 3744 4105 respectu

2140 4138 2452 4197 ostendatis
2498 4136 2589 4202 iis,
2620 4135 2715 4207 qui
2772 4149 2958 4189 mores
2984 4139 3202 4189 vestros
3246 4129 3567 4185 observant.
3622 4143 3641 4176 ι
3681 4122 3747 4179 Et

2140 4234 2405 4290 dixistis:
2439 4229 2501 4285 In
2528 4244 2640 4301 quo
2670 4228 3029 4299 despeximus
3066 4239 3269 4280 nomen
3298 4221 3488 4278 tuum?
3519 4240 3537 4273 ι
3579 4216 3749 4274 Simi-

2142 4327 2269 4382 liter
2300 4324 2409 4380 hoc
2441 4322 2607 4378 etiam
2660 4321 2784 4375 loco
2833 4320 2911 4374 ait
2945 4338 2965 4371 ‹
3018 4316 3264 4381 dixistis,
3302 4334 3321 4368 ι
3365 4327 3488 4385 pro,
3513 4310 3598 4371 οι)
3622 4325 3749 4383 gra-

2143 4431 2264 4473 vem
2303 4412 2615 4472 socordiam
2649 4419 2913 4476 vestram,
2957 4424 3030 4465 ne
3074 4421 3302 4464 sensum
3347 4403 3569 4475 quidem
3610 4402 3747 4457 tanti

2147 4507 2358 4582 peccati
2404 4504 2641 4569 habetis,
2678 4502 2777 4559 sed
2820 4503 2898 4558 ita
2929 4501 3117 4555 animo
3157 4497 3346 4555 aﬂ’eeti
3377 4496 3537 4561 estis,
3583 4495 3747 4565 quasi

2146 4602 2283 4660 nihil
2343 4601 2711 4670 incongruum
2782 4593 3098 4667 gesseritis,
3161 4603 3481 4666 quanquam
3541 4592 3751 4643 tantam

439 4684 640 4766 σθησιν
670 4688 827 4765 ἔχετε
853 4693 949 4748 ἐπὶ
1004 4694 1084 4766 τῷ
1133 4695 1374 4767 τοσούτῳ
1402 4694 1860 4767 πλημμελήματι,
1906 4694 2031 4748 ἀλλὰ

2150 4693 2326 4766 culpae
2348 4690 2548 4748 molem
2580 4687 2896 4746 sustinetis.

434 4785 707 4841 διέκεισθε
736 4787 813 4851 ὡς
838 4786 991 4841 οὐδὲν
1021 4786 1218 4843 ἄτοπον
1241 4789 1702 4862 διαπραττόμενοι
1720 4827 1735 4854 ,
1762 4787 1939 4843 καίτοι
1977 4804 2046 4858 γε

438 4878 699 4935 τοσοῦτον
721 4879 1083 4952 ἐργαζόμενοι
1116 4882 1311 4937 κακόν.

512 4974 667 5045 Στίχ.
703 4974 770 5039 ζ’.
804 5004 879 5014 -
904 4971 1042 5028 Εἶτα
1063 4974 1215 5045 λέγει
1246 4974 1343 5030 καὶ
1367 4974 1430 5028 τὸ
1454 4974 1740 5047 γινόμενον
1759 4989 1774 5005 °
1809 4991 1828 5027 ι
1863 4974 2046 5045 Προσ-

441 5069 674 5137 άγοντες
728 5067 867 5140 πρὸς
937 5068 1001 5122 τὸ
1050 5067 1439 5140 θυσιαστήριον
1496 5068 1696 5140 ἄρτους
1745 5066 2050 5139 ὴλισγημέ-

2227 4974 2396 5031 Vens.
2426 4973 2485 5027 7.
2516 5002 2589 5013 —
2612 4968 2739 5025 Mox
2770 4976 2827 5025 et
2854 4982 2969 5024 rem
3000 4971 3207 5040 gestam
3238 4968 3461 5019 narrat:
3487 4978 3505 5012 ε
3541 4958 3755 5015 Obtuli-

2156 5068 2261 5125 stis
2294 5065 2458 5123 altari
2508 5078 2635 5120 meo
2665 5076 2839 5135 panes
2881 5060 3148 5133 pollutos.
3194 5074 3214 5108 ι
3250 5054 3408 5110 llaud
3434 5052 3591 5123 juxta
3619 5051 3758 5122 legis

441 5175 591 5222 νους.
629 5177 649 5211 ι
685 5159 762 5213 Ού
786 5159 896 5231 γὰρ
922 5160 1065 5213 κατὰ
1085 5158 1186 5231 τὴν
1214 5157 1311 5214 τοῦ
1338 5159 1510 5230 νόμου
1532 5156 1904 5222 διδασκαλίαν,
1928 5157 2031 5211 ούδῑ

2152 5159 2487 5225 doctrinam,
2510 5172 2693 5228 neque
2706 5155 2867 5226 juxta
2888 5151 3163 5208 Mosaieas
3188 5144 3641 5204 constitutiones,
3664 5155 3762 5195 ac-

446 5252 593 5308 κατὰ
624 5252 727 5318 τὰς
757 5253 1066 5318 Μωσαῖκὰς
1098 5253 1395 5321 διατάξεις,
1440 5253 1518 5324 (p.
1550 5252 1678 5324 542)
1728 5252 1826 5305 σὺν
1856 5252 2054 5323 ἐπιμε-

443 5344 571 5417 λείᾳ
609 5345 854 5399 ποιεῖσθε
883 5345 993 5400 τῶν
1014 5346 1197 5418 ἄρτων
1222 5346 1323 5417 τὴν
1346 5344 1629 5417 πρόθεσιν,
1670 5341 1809 5397 ἀλλὰ
1841 5343 2054 5406 κοινοὺς

446 5437 547 5493 καὶ
568 5438 648 5502 ὡς
681 5437 873 5510 ἔτυχεν
910 5440 1206 5509 γεγονότας
1234 5438 1388 5511 παρὰ
1408 5437 1470 5492 τὸ
1492 5435 1919 5508 διατεταγμένον
1953 5434 2053 5503 λαο

444 5533 660 5600 δόντες,
688 5535 887 5600 αὐτοὺς
916 5535 1189 5590 ἐπιτίθετε
1215 5537 1282 5607 τῇ
1304 5533 1554 5605 τραπέζῃ
1578 5550 1591 5565 ·
1617 5530 1844 5600 λέγειδέ
1883 5548 1902 5581 t
1938 5528 2054 5598 ἡλι-

448 5627 765 5699 σγημένους
796 5648 815 5680 ι
842 5629 967 5693 τοὺς
996 5628 1303 5700 ζυμωτοὺς,
1342 5626 1370 5681 ὃ
1402 5625 1685 5699 προδήλως
1722 5621 1963 5677 ἐναντίον
1986 5614 2053 5692 ἦν

446 5718 529 5791 τῷ
571 5718 723 5790 νόμῳ
767 5717 1011 5790 ἀζύμους
1062 5719 1156 5773 ἐπὶ
1188 5718 1282 5771 τοῦ
1338 5716 1726 5787 θυσιαστηρίου
1779 5712 2053 5769 κελεύοντι

451 5812 832 5883 προσάγεσθαι
872 5815 997 5878 τοὺς
1020 5813 1237 5885 ἄρτους,
1268 5811 1515 5882 ζυμωτὺν
1545 5810 1601 5866 δὲ,
1634 5806 1897 5882 μηδόλως.
1937 5806 2051 5861 Πᾶ-

2154 5260 2345 5309 curate
2361 5248 2576 5306 fecistis
2595 5262 2799 5316 panum
2831 5241 3291 5316 propositionem,
3324 5235 3419 5293 sed
3437 5247 3760 5290 communes

2157 5348 2213 5397 et
2258 5346 2429 5411 prout
2475 5337 2635 5395 vobis
2670 5338 3038 5393 occurrerunt
3080 5336 3279 5402 praater
3321 5326 3409 5381 fas
3451 5331 3758 5385 sumentes,

2158 5447 2365 5489 mensae
2393 5427 2765 5501 imposuistis.
2801 5423 3053 5480 Pollutos
3095 5430 3279 5475 autem
3324 5414 3564 5487 appellat
3589 5427 3763 5483 panes

2159 5525 2559 5591 fermentatos;
2592 5518 2885 5577 manifeste
2906 5517 2962 5572 id
2978 5515 3125 5572 enim
3149 5510 3492 5569 contrarium
3515 5508 3621 5579 legi
3643 5519 3763 5563 erat

2158 5632 2384 5691 azymos
2420 5613 2636 5688 jubenti
2683 5627 2857 5685 panes
2887 5609 3108 5673 oil'crre,
3152 5610 3543 5661 fermentatum
3598 5600 3757 5656 nihil.

2160 5690 2389 5768 omnem
2431 5709 2601 5775 enim,
2629 5706 2829 5778 inquit,
2863 5702 3196 5759 oblationem
3222 5715 3388 5771 quam
3418 5695 3531 5752 Deo
3569 5690 3764 5748 aﬂere—

2168 5803 2396 5868 tis,siue
2442 5814 2636 5876 azymo
2672 5798 2912 5857 facietis.
2967 5796 3127 5864 Quod
3161 5810 3285 5852 cum
3319 5800 3428 5851 tam
3476 5784 3769 5861 perspicuo
