4162 6522
432 377 547 437 ’6θὸ

1379 373 1939 435 COMMENTARIUS
1972 370 2037 427 IN
2071 368 2451 427 MALACHIA'I
2492 367 2650 426 CAP.
2688 368 2729 424 1.

3648 360 3756 418 606

505 493 657 565 Στίχ.
695 490 953 564 ι’-ιβ⁸.-ι
978 492 1120 546 Διότι
1146 494 1241 547 καὶ
1262 492 1319 548 ὲν
1350 492 1481 565 ὑμῖν
1519 491 2042 564 συγκλεισθήσονται

2220 483 2388 540 Vens.
2437 483 2621 538 4042.
2679 511 2749 521 —
2792 498 2812 533 ι
2853 479 3126 547 Quoniam
3173 483 3229 533 et
3283 474 3341 531 in
3392 473 3550 531 vobis
3598 473 3759 529 elau-

431 587 621 660 θύραι,
644 587 740 642 καὶ⁵
762 587 865 642 οὐκ
885 586 1123 658 ἀνάψετε
1139 587 1202 640 τὸ
1233 586 1498 659 θυσιαστή
1508 587 1622 659 ριόν
1647 604 1750 657 μου
1775 584 2041 657 δωρεάν.»

431 684 511 739 Οὐ
545 681 658 755 γὰρ
682 682 923 754 χαλεπόν
957 700 1049 755 μοι
1076 682 1171 737 καὶ
1196 682 1293 738 νῦν
1315 682 1519 737 ἄϐατον
1543 681 1674 754 ὑμῖν
1706 681 1933 751 ποιῆσαι
1954 678 2046 732 τὸν

429 776 565 833 ναὸν
590 774 684 830 τὸν
713 774 869 847 ἐμὸν,
897 774 995 829 καλ⁸
1027 774 1235 853 παῦσαι
1271 775 1431 830 πάλιν
1454 775 1601 847 ὑμᾶς
1623 772 1719 828 τοῦ
1742 771 1824 844 τῷ
1859 771 2049 825 θυσια-

432 870 645 942 στηρίῳ
671 866 1067 942 ὑπηρετεῖσθαι
1100 866 1179 939 τῷ
1217 865 1358 939 ἐμῷ,
1392 863 1897 938 διαπραττομένους
1930 878 2044 916 τοι-

432 961 614 1021 αῦτα·
645 963 786 1034 ὅπερ
828 955 922 1017 οὖν
960 962 1065 1033 ήδη
1111 958 1413 1031 πεποίηκα,
1458 957 1738 1030 παραδοὺς
1782 956 1883 1029 μὲν
1910 954 2046 1025 πυρὶ

432 1055 587 1120 ναὸν,
635 1053 830 1126 ἐπειδὴ
858 1051 1321 1124 πλημμελοῦντας
1359 1050 1506 1123 ὑμᾶς
1545 1050 1821 1121 ἀνήκεστα
1857 1046 2045 1119 ἐώρων

432 1149 496 1207 ὲν
527 1146 681 1219 αὐτῷ
701 1162 716 1179 ο
756 1145 1109 1219 αἰχμαλωσίᾳ
1148 1144 1206 1199 δὲ
1236 1145 1382 1217 ὑμᾶς
1413 1143 1708 1217 παραδοὺς,
1757 1148 1815 1197 ὲν
1912 1139 2045 1195 καθ-

432 1239 697 1304 εστῶτες,
725 1238 879 1293 οὐδὲν
892 1237 1002 1293 τῶν
1027 1239 1109 1302 εἰς
1138 1236 1420 1311 ἱερατικὴν
1439 1234 1781 1308 λειτουργίαν
1802 1233 2044 1307 ἡκόντων

435 1333 615 1388 ποιεῖν
649 1324 754 1386 οἷοί
782 1347 845 1384 τε
874 1325 995 1403 ἦτε.
1033 1349 1053 1382 ι
1088 1329 1206 1384 Οὐκ
1235 1329 1383 1383 ἔστιν
1421 1328 1638 1400 θέλημά
1667 1344 1769 1400 μου
1796 1327 1854 1380 ὲν
1890 1326 2042 1396 ὑμῖν,

434 1425 589 1495 λέγει
623 1423 847 1495 Κύριος-
883 1421 1307 1494 παντοκράτωρ,
1351 1421 1448 1477 καὶ
1487 1420 1781 1475 θυσίανόὺ
1816 1417 2044 1490 προσδέ-

436 1516 603 1588 ξομαι
634 1501 703 1571 ἐκ
722 1513 835 1570 τῶν
863 1512 1063 1585 χειρῶν
1109 1512 1291 1584 ὑμῶν.
1331 1532 1351 1565 ι
1387 1506 1461 1567 Εὖ
1493 1509 1601 1584 γὰρ
1629 1511 1742 1567 ἴστε
1777 1511 1860 1564 ὅτι
1884 1508 2044 1581 ἄχρις

433 1606 506 1667 ἂν
537 1605 766 1660 τοιαῦτα
804 1603 1226 1678 διαπράττεσθε,
1265 1600 1688 1674 ἀποστρέφομαί
1720 1619 1784 1655 τε
1816 1599 1885 1655 τὰ
1911 1600 2044 1672 παρ’

436 1698 597 1770 ὑμῶν
624 1697 912 1770 γινόμενα,
944 1697 1041 1751 καὶ
1076 1695 1175 1761 τὰς
1202 1695 1395 1759 θυσίας
1426 1694 1581 1766 ὑμῶν
1606 1693 1668 1749 οὐ
1711 1692 2040 1765 προσίεμαι·

432 1791 580 1846 ὥστε
614 1790 740 1845 οὐδὲ
768 1789 834 1844 τὸ
883 1789 1078 1860 κέρδος
1111 1785 1429 1852 ἁποίσεσθε,
1463 1786 1541 1860 (p.
1573 1786 1705 1857 545)
1733 1780 1905 1860 οὗπερ
1951 1778 2046 1842 οὖν

2150 576 2350 633 dentur
2393 575 2555 641 ostia,
2594 588 2773 644 neque
2805 569 3155 629 suecendetis
3204 568 3381 633 altare
3417 582 3601 623 meum
3637 580 3758 639 gra.

2150 667 2243 724 tis.
2283 687 2304 722 ι
2339 666 2459 723 Non
2499 674 2586 723 est
2619 666 2768 722 enim
2801 662 2934 719 mihi
2967 662 3224 727 arduum,
3260 660 3527 732 templum
3570 672 3755 716 nicum

2146 760 2306 817 vobis
2339 760 2691 816 inaccessum
2725 754 2962 821 edicere,
3004 755 3271 825 vobisque
3316 753 3627 809 ministerio
3674 752 3758 805 al-

2148 850 2286 906 taris
2321 849 2432 906 mei
2472 848 2828 913 interdicere,
2859 846 2990 902 talia
3012 847 3341 918 agentibus:
3375 846 3523 918 quod
3555 859 3753 915 reapse

2144 942 2258 1013 jam
2302 940 2430 1006 feci,
2481 940 2597 1011 igni
2647 939 2912 1010 templum
2974 938 3264 1004 tradendo,
3319 946 3610 1008 postquam
3651 951 3754 991 vos

2148 1032 2570 1091 intolerabiliter
2617 1046 2850 1103 peccare
2884 1030 2941 1086 in
2968 1045 3034 1086 eo
3062 1028 3448 1097 animadverti,
3497 1043 3601 1083 nec
3636 1042 3749 1082 non

2149 1129 2208 1184 in
2237 1128 2624 1199 captivitatem
2649 1125 3018 1192 amandando,
3048 1125 3103 1180 in
3142 1139 3250 1196 qua
3281 1123 3569 1180 constituti
3609 1120 3749 1176 nihil

2148 1221 2216 1278 ad
2263 1222 2611 1278 sacerdotale
2655 1219 3027 1276 ministerium
3061 1218 3353 1289 pertinens
3395 1229 3557 1288 agere
3599 1222 3751 1286 pote~

2146 1316 2304 1372 ratis.
2345 1334 2365 1368 ι
2399 1314 2519 1371 Non
2560 1322 2649 1371 est
2675 1315 2932 1370 voluntas
2963 1325 3085 1368 mea
3128 1311 3185 1365 in
3226 1310 3410 1377 vobis,
3459 1308 3596 1364 dicit
3646 1304 3752 1362 Doa

2149 1407 2338 1464 minus
2375 1406 2771 1478 omnipotens;
2805 1420 2988 1477 neque
3027 1404 3309 1460 victimam
3371 1400 3643 1472 accipiam
3681 1399 3755 1456 de

2147 1499 2405 1555 manibus
2438 1498 2662 1557 vestris.
2698 1518 2718 1552 ›
2752 1497 2933 1555 Probe
2984 1498 3207 1563 scitote,
3242 1510 3330 1551 me
3372 1493 3620 1566 quandiu
3676 1492 3755 1547 ita

2146 1606 2247 1649 vos
2274 1591 2488 1664 geritis,
2532 1599 2925 1647 aversaturum
2962 1588 3231 1660 quidquid
3272 1589 3333 1642 tit
3376 1601 3407 1641 a
3435 1585 3616 1649 vobis,
3657 1599 3756 1640 ne‘

2147 1695 2256 1751 que
2286 1679 2562 1737 sacriﬁcia
2601 1689 2788 1737 vestra
2836 1679 3212 1735 admissurum
3241 1697 3258 1733 :
3293 1676 3654 1748 quamobrem
3687 1687 3758 1730 ne

2148 1774 2581 1830 emolumentum
2627 1773 2851 1844 quidem
2887 1770 3279 1843 reportabitis,
3316 1773 3479 1838 cujus
3526 1783 3627 1839 spe
3669 1781 3757 1824 σοι

436 1883 617 1943 ἐλπίδι
645 1881 757 1936 τῶν
788 1856 993 1935 θυσιῶν
1013 1881 1111 1954 τὴν
1138 1856 1513 1954 προσκομιδην
1542 1856 1805 1934 ποιεῖσθε.
1841 1856 2044 1934 ινΔιότι

2154 1865 2362 1921 criﬁcia
2412 1863 2711 1921 adducitis.
2748 1882 2770 1918 ι
2802 1864 3076 1932 Quoniam
3115 1865 3187 1919 ab
3212 1870 3338 1918 ortu
3392 1862 3530 1919 solis
3579 1874 3758 1932 usque

435 1975 548 2034 ἀπὸ
568 1973 849 2029 ἀνατολῶν
877 1972 1030 2046 ἡλίου
1062 1972 1160 2028 καὶ
1188 1972 1296 2036 ἕως
1324 1971 1546 2044 δυσμῶν
1575 1972 1744 2026 αὐτοῦ
1777 1972 1836 2026 τὸ
1873 1971 2051 2045 δνομά

439 2083 545 2137 μου
572 2065 849 2133 δοξάσειεν
872 2066 985 2128 τοῖς
1006 2063 1208 2129 ἔθνεσι,
1236 2063 1339 2143 καὶ,
1356 2064 1413 2117 ὲν
1430 2065 1595 2122 παντὶ
1621 2064 1770 2136 τόπῳ
1789 2064 2057 2135 θυμίαμα-

438 2155 780 2230 προσάγεται
804 2154 882 2226 τῷ
905 2153 1131 2226 ὀνόματί
1156 2171 1282 2226 μου,
1309 2155 1406 2208 καὶ
1432 2153 1593 2212 θυσία
1621 2154 1840 2225 καθαρά
1859 2172 1876 2188 ο
1908 2155 2044 2210 διότι

440 2251 590 2324 μέγα
623 2250 684 2305 τὸ
714 2248 889 2321 δνομά
902 2265 1014 2320 μου
1047 2248 1105 2301 ὲν
1132 2249 1246 2311 τοῖς
1266 2245 1468 2311 ἔθνεσι,
1497 2246 1649 2317 λέγει
1669 2247 1873 2320 Κύριος
1902 2265 2043 2302 παν-

436 2345 751 2417 τοκράτωρ.
803 2361 824 2396 ι
873 2340 1240 2413 ’Δπανταχοῦ,
1271 2341 1427 2414 φησὶ.
1457 2341 1565 2413 γῆς
1607 2342 1708 2415 τὴν
1745 2342 2044 2414 ὀνομασίαν

434 2440 541 2512 τὴν
561 2438 706 2511 ἐμὴν
735 2436 979 2501 ἅπαντες
999 2434 1291 2491 διώκουσιν
1315 2437 1368 2489 oi
1389 2436 1522 2490 ὅπου
1546 2434 1677 2489 ποτὲ
1700 2434 2049 2500 καθεστῶτες.

434 2529 549 2590 τῶν
573 2527 881 2600 ἀνθρώπων
900 2543 914 2558 ο
931 2527 1066 2581 Θεὸν
1095 2526 1213 2600 γὰρ
1235 2526 1415 2582 σέϐειν
1448 2526 1786 2583 ἐσπούδακεν
1812 2527 2057 2593 ἕκαστος.

437 2624 535 2678 καὶ
561 2623 660 2696 τὴν
687 2622 883 2677 τούτου
911 2621 1199 2695 περιέπειν
1219 2620 1537 2693 ὀνομασίαν,
1564 2621 1642 2686 ὡς
1674 2621 1744 2676 ἂν
1770 2622 2055 2677 Δεσπότου-

434 2735 500 2772 τε
532 2719 630 2774 καὶ
671 2717 912 2789 Κυρίου·
947 2717 1088 2787 ὅπερ
1131 2710 1227 2770 οὖν
1254 2716 1426 2780 ὅντως
1468 2716 1603 2787 εἰμὶ·
1629 2715 1742 2785 ἐγώ
1763 2731 1781 2749 ο
1826 2715 1968 2771 ὥστε
1994 2716 2045 2769 εί

438 2810 540 2865 καὶ
599 2807 1016 2879 πεπλανημένοι
1058 2802 1142 2871 οἷς
1188 2808 1250 2862 ού
1295 2807 1542 2881 προσῆκε
1593 2807 1697 2879 τὴν
1746 2806 2046 2879 ὀνομασίαν

439 2900 788 2974 περιτιθέασι
835 2899 938 2973 τὴν
967 2900 1131 2974 ἐμὴν,
1177 2898 1319 2954 ἀλλὰ
1349 2900 1450 2972 τὴν
1480 2900 1621 2972 ἐμήν
1653 2915 1719 2969 γε
1738 2901 1896 2963 ὅπως
1944 2912 2047 2952 πε-

445 2994 731 3067 ριέπουσιν
790 2993 1054 3058 ἅπαντες,
1103 2993 1199 3047 καὶ
1246 2993 1340 3047 ἐπ’.
1382 2993 1606 3063 ὀνόματι
1659 2991 1745 3064 τῷ,
1785 2990 1905 3064 ἐμῷ
1945 2989 2064 3056 τὰς.

442 3084 636 3149 θυσίας
660 3084 994 3150 ἐπιτελοῦσι,
1026 3084 1246 3139 πάντων
1292 3084 1547 3157 μέγιστον
1581 3085 1676 3138 καὶ
1704 3086 1923 3140 πάντων
1948 3084 2051 3139 ὑπ-

438 3178 638 3252 ερέχον
664 3176 998 3251 νομιζόντων
1010 3178 1082 3241 ,τὸ
1107 3177 1293 3233 Θεῖον·
1320 3178 1483 3249 ὑμεῖς
1514 3177 1573 3232 δὲ
1605 3176 1666 3232 τὸ
1694 3176 2047 3250 παρὰπᾶσιν

2154 1957 2223 2014 ad
2254 1972 2516 2014 occasum
2562 1956 2707 2027 ejus,
2757 1971 2959 2012 nomen
3005 1970 3188 2011 meum
3238 1954 3663 2020 bonoriiicatur,
3699 1958 3758 2008 et

2154 2047 2211 2103 in
2262 2047 2413 2102 omni
2462 2047 2584 2103 loco
2628 2050 2917 2103 incensum
2961 2044 3191 2103 oll‘ertur
3234 2044 3450 2100 nomini
3498 2056 3645 2108 meo,
3699 2049 3757 2098 et

2154 2139 2424 2195 mundum
2477 2139 2837 2198 sacriﬁcium.
2902 2139 3042 2208 Quia
3092 2153 3357 2211 magnum
3408 2146 3495 2194 est
3552 2151 3754 2192 nomen

2152 2246 2337 2288 meum
2389 2232 2445 2286 in
2500 2232 2778 2303 gentibus,
2819 2231 2957 2287 dicit
3004 2230 3273 2288 Dominus
3320 2230 3695 2299 omnipatens.
3728 2248 3751 2281 ο

2155 2324 2390 2398 Ubique,
2421 2326 2624 2399 inquit,
2657 2335 2931 2383 terrarum
2962 2341 3163 2383 nomen
3201 2342 3384 2383 meum
3431 2325 3616 2381 cuncti
3663 2339 3756 2381 se-

2154 2427 2380 2475 ctantur
2446 2420 2725 2491 cujusque
2780 2420 3025 2491 regionis
3089 2419 3307 2476 incolae:
3366 2418 3507 2474 Nam
3550 2416 3759 2489 singuli

2157 2509 2332 2569 Deum
2395 2513 2585 2569 coiere
2632 2518 2913 2584 satagunt,
2971 2511 3206 2583 ejusque
3245 2525 3448 2567 nomen
3499 2508 3757 2566 venerari

2157 2617 2261 2660 ceu
2311 2600 2574 2674 principis
2640 2614 2806 2675 atque
2856 2600 3520 2674 domini:cujnscemodi
3565 2612 3759 2656 revera

2153 2710 2259 2767 ego
2296 2710 2424 2752 sum
2457 2694 2644 2752 :adeo
2679 2702 2761 2763 ut,
2819 2696 3037 2752 etiamsi
3083 2706 3274 2751 errore
3301 2694 3513 2764 decepti
3553 2706 3761 2747 nomen

2154 2786 2226 2844 iis
2265 2802 2410 2859 quos
2455 2801 2570 2843 non
2610 2786 2767 2844 decet
2799 2788 3114 2860 imponunt,
3148 2786 3510 2843 nihilominus
3554 2798 3763 2840 nomen

2156 2877 2339 2935 adhuc
2397 2893 2583 2935 meum
2643 2880 3053 2950 quodammodo
3109 2879 3385 2935 honorant
3435 2893 3652 2941 omnes,
3700 2884 3760 2931 et

2159 2971 2217 3027 in
2257 2972 2484 3029 nomine
2521 2984 2644 3027 meo
2682 2971 2955 3028 sacriﬁcia
2998 2971 3313 3042 perﬁciunt,
3344 2971 3474 3025 dum
3509 2970 3759 3025 omnium

2155 3078 2341 3121 rerum
2386 3064 2685 3119 maximam
2721 3071 2777 3120 et
2812 3062 3335 3119 excellentissimam
3367 3061 3624 3133 iudicant
3674 3061 3762 3116 di-

2155 3155 2464 3211 vinitatem.
2504 3152 2613 3212 Vos
2648 3161 2831 3211 tamen
2871 3169 2984 3211 rem
3030 3154 3282 3209 omnium
3328 3154 3595 3225 opinione
3640 3166 3761 3207 ma-

436 3224 586 3326 031:)
621 3224 771 3343 utr;
797 3224 859 3326 τε
894 3236 1253 3344 νομιζόμενον
1282 3224 1401 3324 καῖ
1423 3224 1620 3325 σεπτὸν
1666 3224 2046 3342 ὲέυὲρίζοντες

2154 3258 2319 3314 gnam
2370 3261 2437 3302 ac
2486 3246 2858 3303 venerabilem
2906 3246 3243 3302 contumelia
3297 3224 3561 3317 prosequi
3592 3246 3752 3301 vide-

438 3363 704 3435 φαίνεσθε
724 3378 740 3393 ⁸
767 3363 957 3435 ἐπειδὴ
983 3365 1042 3417 ὲν
1058 3363 1141 3435 τῷ
1164 3364 1264 3434 τὴν
1294 3362 1579 3435 τράπεζαν
1615 3362 1716 3436 τὴν
1753 3364 1896 3435 ἐμὴν
1926 3379 2046 3419 κοι-

436 3455 540 3531 νὴν
570 3455 850 3529 ἡγεῖσθαι,
881 3458 977 3512 καὶ
1021 3457 1188 3530 μηδὲν
1216 3457 1449 3529 ἔχουσαν
1478 3457 1641 3511 πλέον
1677 3456 1787 3510 τῶν
1815 3456 2044 3524 λοιπῶν,

435 3552 513 3611 τά
545 3567 607 3605 τε
632 3549 993 3622 ἐπιτιθέμενα
1026 3550 1298 3623 μηδεμιᾶς
1332 3549 1462 3616 ἄξια
1501 3549 1749 3621 νομίζειν
1785 3550 2043 3621 σπουδῆς,

436 3642 681 3705 τοιαῦτὰ
702 3643 762 3697 τέ
797 3660 890 3715 μοι
916 3644 1272 3716 προσφέρειν,
1296 3644 1396 3717 τὴν
1422 3643 1566 3717 ἐμὴν
1590 3644 1890 3716 ὀνομασίαν
1910 3659 2048 3715 προ-

438 3736 622 3806 δήλως
643 3735 1047 3808 ὲνυόρίζοντες,
1086 3735 1344 3804 φαίνεσθε
1381 3736 1441 3789 ὲν
1469 3735 1684 3800 οὐδενὸς
1717 3735 1878 3807 μέρει
1904 3732 2050 3789 τιθέ-

443 3840 600 3895 μενοι
632 3824 696 3878 τὸ
730 3824 907 3888 Θεῖον.
928 3824 959 3879 δ
988 3825 1144 3897 παρά
1185 3827 1353 3879 πᾶσιν
1379 3824 1524 3881 οὕτω
1548 3843 1608 3879 τε
1655 3826 1803 3896 μέγα
1831 3826 1926 3880 καὶ
1953 3842 2050 3896 φο-

439 3916 605 3988 ϐερὸν
640 3917 976 3989 ὑπείληπται
1021 3917 1119 3977 καὶ⁵
1145 3917 1444 3991 σεϐάσμιον
1482 3919 1581 3973 καὶ
1618 3919 1838 3975 πάντων
1872 3919 2049 3992 ὑπερ-

438 4006 568 4079 ἐχον
590 4006 837 4073 δικαίως.
1034 4078 1039 4079 ί
1168 4042 1175 4046 ~

514 4102 666 4174 Στίχ.
708 4100 797 4171 ιγ’,
831 4100 914 4156 ιδ’.
935 4131 1009 4142 --
1031 4078 1206 4156 ἰκαὶ
1230 4101 1449 4170 εἴπατε,
1480 4101 1667 4157 Ταῦτα
1688 4102 1757 4157 ὲκ
1774 4140 1779 4145 -
1798 4116 2063 4173 acutae-mw

440 4194 748 4259 θείας,ὲστί
771 4211 785 4225 ·
816 4196 910 4250 καὶ
941 4194 1271 4267 ὲξεφύσησα.
1292 4195 1454 4260 αὐτὰ,
1488 4194 1639 4266 λέγει
1660 4196 2053 4267 -Κύριος.παν-

438 4289 759 4361 τοκράτωρ.
800 4308 819 4342 ι
850 4283 985 4343 Εἶτα
1009 4289 1167 4361 ὑμεῖς
1193 4288 1316 4360 μὲν,
1341 4289 1498 4362 φησι,
1529 4288 1861 4365 σεμνύνεσθε
1884 4289 1962 4354 ὡς
1984 4290 2071 4345 ὲκ»

442 4382 625 4436 πόνου.
660 4381 757 4437 καὶ
780 4380 1046 4453 ίδρὼτων
1083 4380 1179 4436 καὶ
1220 4381 1596 4445 κακοπαθείας
1645 4381 2050 4454 προσφέροντες

447 4476 613 4542 ἰδίας,
642 4475 721 4548 (p.
748 4474 883 4547 546)
907 4473 1022 4545 ἐγὼ
1043 4474 1103 4529 δὲ
1134 4473 1277 4529 αὐτὰ
1317 4474 1621 4548 ἀπέρριψαι,
1655 4473 1927 4545 τοσαύτην
1954 4466 2050 4527 οὗ·

2154 3338 2314 3405 mini,
2340 3339 2469 3410 quia
2499 3338 2630 3395 dum
2667 3351 2918 3396 mensam
2962 3353 3142 3396 meam
3189 3338 3526 3395 existimatis
3571 3337 3759 3409 profa-

2154 3446 2307 3499 nam,
2352 3439 2408 3487 et
2464 3432 2640 3487 nihilo
2696 3432 2873 3502 pluris
2915 3446 3083 3503 quam
3144 3431 3305 3499 alias,
3359 3440 3418 3488 et
3467 3446 3592 3502 quae
3648 3433 3762 3488 illic

2153 3521 2905 3595 imponitisnuilo-delectu
2950 3522 3299 3594 dignemini,
3344 3530 3401 3578 et
3449 3521 3568 3577 haec
3624 3520 3761 3576 mihi

2154 3614 2448 3672 on‘erentes
2484 3614 2700 3673 nomini
2722 3628 2845 3670 meo
2862 3613 3153 3669 manifeste
3182 3613 3374 3683 injurii
3402 3612 3560 3677 estis,
3595 3610 3756 3677 hinc,

2155 3707 2405 3779 inquam,
2440 3704 2615 3761 Deum
2641 3705 2812 3778 370
2853 3703 3010 3763 ﬂocci
3046 3704 3228 3761 ﬁeri-a
3285 3702 3444 3759 vobis
3497 3708 3744 3766 constat,

2136 3802 2254 3873 .qui
2302 3801 2546 3856 omnium
2588 3800 2800 3871 judicio
2850 3814 3083 3870 magnus
3140 3805 3227 3854 est
3281 3805 3339 3853 et
3393 3796 3658 3854 terribilis
3705 3802 3763 3852 et

2158 3901 2431 3967 angustus
2469 3900 2525 3949 et
2550 3907 2640 3949 res
2660 3905 2881 3949 .Otnnes‘
2897 3891 3099 3947 merito
3121 3888 3417 3947 excedens.

2227 4112 2403 4170 Vens.-
2438 4112 2529 4178 15,
2562 4111 2647 4166 14.
2686 4140 2760 4153 --
2797 4128 2815 4162 ι
2851 4106 2920 4164 Et
2948 4107 3168 4166 dixistis
3205 4127 3219 4165 :
3261 4106 3389 4166 ﬂare
3421 4107 3490 4165 ab
3516 4122 3762 4165 aerumna

2158 4214 2310 4264 sunt.
2345 4206 2412 4261 Et
2440 4204 2729 4262 exsuﬂlavi
2758 4218 2848 4269 ea,
2878 4202 3013 4259 dicit
3043 4201 3309 4259 Dominus
3338 4201 3708 4273 omnipotens.
3738 4218 3758 4252 ι

2159 4298 2372 4356 Deinde
2429 4313 2551 4367 vos,
2597 4298 2801 4369 inquit,
2862 4294 3177 4369 gloriamini
3226 4295 3385 4365 quasi
3439 4310 3506 4351 ex
3552 4295 3763 4360 labore,

2161 4390 2483 4457 sederibus,
2515 4386 2872 4460 aerumnaque
2894 4387 3121 4459 propria
3156 4386 3490 4453 oﬂ'erentes;
3521 4394 3766 4442 attamen

2165 4496 2271 4555 ego
2309 4482 2429 4538 haec
2459 4482 2651 4553 reieci,
2693 4490 2913 4537 tantum
2934 4489 3183 4536 vestrum
3231 4480 3285 4534 in
3312 4476 3594 4535 oll'erendo
3630 4495 3766 4533 eon-

446 4585 551 4625 σοιν
576 4565 869 4640 ὐμῶν-τὴν
892 4568 954 4622 ἐν
994 4569 1071 4639 τῇ
1095 4568 1451 4640 προσκομιδῇι
1474 4566 1884 4639 καταφρόνησιν
1896 4566 2050 4620 οθεω-

2164 4582 2439 4646 temptem
2458 4574 2674 4631 videns.
2702 4592 2722 4626 ι
2738 4572 2817 4630 Et
2847 4571 3172 4628 inferebatis
3192 4571 3442 4642 rapinas,
3468 4578 3521 4625 et
3544 4570 3764 4636 clauda,

443 4663 582 4736 ρῶν.
625 4681 646 4715 ι
683 4661 797 4720 Καὶ
818 4660 1107 4734 είσφέρετε
1132 4661 1498 4733 ἁρπάγματα,
1531 4662 1627 4716 καὶ
1664 4660 1838 4733 χωλὰ,
1866 4660 1965 4716 καὶ
1982 4659 2067 4714 τὰ·

441 4755 851 4827 ἐνοχλούμεναι·
902 4756 996 4808 καὶ
1042 4752 1383 4826 προσφέρετε
1431 4753 1693 4818 αὐτὰεείς
1742 4752 1970 4808 θυσίαν
2003 4753 2055 4811 εἰ

443 4847 822 4921 προσδέξομαι
853 4845 994 4902 αὑτὰ
1014 4846 1087 4905 ἐκ
1112 4845 1222 4900 τῶν
1244 4845 1453 4918 χειρῶν
1472 4844 1653 4917 ὑμῶν,
1676 4846 1825 4916 λέγει
1849 4845 2056 4920 Κύριος

444 4942 902 5015 παντοκράτωρ.»
917 4938 1138 5012 Ἐπειδὴ
1162 4939 1221 4992 δὲ
1240 4940 1338 4993 καὶ
1364 4940 1424 4995 ὲν
1440 4940 1802 5006 ταῖςθυσίαις
1824 4940 2077 4997 τοιαῦτα

446 5036 876 5109 προσκομίζετε,
934 5033 1016 5089 ἔτι
1072 5031 1295 5105 μᾶλλον
1328 5030 1493 5094 αὐτὰ·
1519 5033 1936 5106 ὀιπεπεμπόμην
1980 5032 2057 5098 ὡς

444 5128 635 5200 φαῦλα
667 5129 767 5184 καὶ
811 5128 877 5184 ἐκ
914 5126 1130 5199 φαύλης
1174 5125 1598 5197 προσφερόμενα
1628 5124 1876 5198 γνώμης.
1921 5120 2058 5180 Εἶτα

446 5223 547 5278 καὶ
572 5221 740 5293 νόμον
766 5218 958 5286 τιθεὶς,
996 5238 1016 5271 ι
1053 5218 1168 5274 Καὶ
1199 5216 1605 5286 ἐπικατάρατος
1639 5216 1697 5281 ὃς
1722 5213 1794 5289 ἦν
1831 5216 2058 5281 δυνατὸς

445 5315 546 5369 καὶ
572 5314 822 5387 ὑπῆρχεν
850 5311 909 5366 ἐν
936 5309 1018 5383 τῷ
1044 5309 1284 5382 ποιμνίῳ
1308 5307 1476 5363 αὐτοῦ
1512 5306 1681 5380 ἄρσεν
1700 5324 1715 5340 ν
1742 5308 1838 5362 καὶ
1862 5309 1898 5380 ὴ
1920 5307 2056 5381 εὐχὴ

445 5402 619 5458 αὐτοῦ
654 5405 714 5457 ὲν
757 5400 938 5474 αὐτῷ’
965 5401 1064 5456 καὶ
1121 5399 1241 5455 θύει
1286 5398 1663 5471 διεφθαρμένα
1706 5398 1786 5473 τῷ
1826 5398 2056 5473 Κυρίῳη

416 5496 590 5561 ,διότι
626 5494 1117 5567 βιιιισιλεῖ.ις.μέγαςΔ
1144 5491 1258 5565 ὲγώ
1301 5494 1440 5565 εἰμι,
1478 5491 1628 5561 λέγει
1664 5492 1871 5565 Κύριος
1919 5509 2077 5549 παν--

444 5587 777 5661 τοκράτωρ’
833 5586 934 5643 καὶ
996 5586 1060 5641 τὺ
1120 5586 1293 5659 ὄνομά
1361 5602 1464 5657 μου
1516 5584 1783 5655 ἐπιφανὲς
1835 5585 1896 5638 ὲν
1944 5588 2059 5650 τοῖς

445 5680 657 5743 ιθνεσι.
692 5699 714 5735 ι
750 5681 868 5746 Πᾶς
896 5676 969 5751 δὴ
992 5678 1215 5752 ,φησὶν,
1255 5677 1420 5751 εὐχὴν
1440 5678 1534 5733 ἐπὶ
1563 5677 1725 5750 θυσία
1760 5677 2061 5750 πεποιημέ-

449 5791 570 5844 νος,
594 5773 722 5832 εἶτα
750 5774 1006 5851 εὐπορῶν
1036 5773 1129 5827 καὶ
1169 5773 1469 5845 δυνάμενος
1502 5774 1567 5827 ἐκ
1595 5773 1705 5826 τῶν
1745 5772 2060 5845 προσόντων

453 5868 609 5943 αὐτῷ
647 5872 916 5946 ποιμντων
967 5869 1338 5943 προσαγαγεῖν
1385 5867 1554 5942 ἄρσεν
1599 5882 1657 5921 τε
1694 5867 1789 5923 καὶ
1832 5866 2058 5944 δόκιμον

2158 4677 2215 4726 et
2243 4666 2529 4739 languida,
2571 4674 2625 4721 et
2650 4680 2715 4722 ea
2751 4663 3009 4721 sacriﬁcii
3050 4663 3175 4719 loco
3210 4662 3451 4718 dabatis.
3482 4658 3623 4716 Num
3662 4678 3766 4735 ego

2156 4777 2221 4820 ea
2277 4763 2539 4833 recipiam
2599 4759 2668 4816 de
2724 4758 2982 4815 manibus
3021 4753 3273 4814 vestris?
3306 4755 3443 4811 di’eit
3493 4753 3767 4813 Dominus

2158 4854 2540 4927 omnipotens.
2586 4848 2921 4920 rQuoniam'
2962 4849 3082 4905 inec
3128 4847 3369 4902 victima
3416 4858 3587 4902 causa
3638 4844 3769 4900 aii‘e-

2159 4946 2390 5014 rebatis,
2423 4943 2689 5016 equidem
2720 4935 2795 4998 'ut
2824 4942 2958 4998 vitia
3001 4940 3209 5012 vilique
3242 4953 3335 4996 ex-
3362 4945 3549 4995 mente
3582 4937 3767 4991 oblata

2157 5039 2512 5111 reSpuebam.
2569 5034 2694 5092 Mox
2766 5043 2823 5092 et
2881 5035 3055 5108 legem
3124 5033 3369 5092 recitans
3427 5051 3439 5088 :
3495 5050 3513 5083 ι
3544 5024 3771 5085 Maledi-

2159 5139 2307 5198 ctus,
2345 5151 2366 5185 p
2432 5126 2647 5201 inquit,
2706 5143 2727 5178 ι
2763 5126 2859 5198 qui
2902 5126 3059 5182 dives
3107 5132 3259 5189 erat,
3314 5120 3659 5189 habebatque
3710 5117 3767 5172 in

2159 5238 2326 5297 grege
2370 5237 2476 5279 suo
2525 5220 2835 5277 maseuinm
2889 5235 2905 5275 :
2958 5225 3015 5275 et
3062 5216 3243 5273 oratio
3295 5215 3443 5285 ejus‘
3473 5214 3529 5267 in
3575 5211 3698 5282 ipso
3748 5230 3767 5269 :

2158 5321 2216 5370 et
2267 5313 2547 5371 sacriﬁcat
2588 5317 2853 5381 corrupta
2898 5304 3157 5363 Domino.
3203 5305 3343 5370 Quia
3392 5314 3489 5359 rex
3532 5315 3775 5373 magnus

2160 5423 2264 5480 ego
2306 5422 2455 5471 sum,
2510 5405 2646 5463 dicit
2700 5402 2972 5461 Dominus
3023 5398 3397 5468 omnipotens,
3455 5408 3777 5465 nomenque

2160 5515 2346 5558 meum
2390 5500 2608 5556 illustre
2655 5498 2711 5553 in
2757 5495 3033 5567 gentibus;
3075 5511 3094 5546 ι
3151 5490 3520 5561 Quicumque,
3562 5487 3781 5560 inquit,

2161 5609 2379 5666 precem
2400 5593 2547 5650 'facit
2576 5588 2977 5655 sacriﬁcando,
3017 5594 3234 5644 et'cum
3263 5585 3337 5642 sit
3367 5583 3524 5641 dives
3562 5587 3776 5655 possit~

2162 5702 2270 5758 que
2306 5698 2375 5743 ex
2408 5683 2526 5742 suis
2565 5681 2828 5755 gregibus
2862 5678 3062 5736 oii'erre
3108 5676 3438 5743 masculum,
3477 5683 3533 5732 et
3563 5675 3767 5746 proba.

2163 5786 2303 5842 tum,
2337 5785 2394 5834 et
2426 5777 2575 5849 quod
2614 5774 2726 5831 Deo
2772 5771 3039 5829 oll‘eratur
3078 5771 3347 5845 dignum;
3397 5769 3444 5826 si
3480 5765 3535 5824 id
3579 5775 3779 5829 tamen

2162 5871 2393 5951 minime
2426 5869 2641 5941 oii'erat,
2675 5868 2769 5927 sed
2811 5865 2918 5924 vile
2953 5864 3160 5941 aliquid
3192 5872 3249 5923 et
3290 5863 3771 5938 corruptumDeo.
