4162 6528
419 347 528 401 θον

1588 352 1942 414 ΤΗΕΟΒΟΗΙ
1966 352 2455 415 Μορδυεετειιι

3577 343 3690 420 rios

421 459 722 524 sacriﬁcet,
764 459 833 527 is,
881 461 1123 532 inquam,
1173 477 1388 518 summa
1443 466 1643 537 dignus
1676 483 1841 539 paena
1868 478 1999 526 est:

2108 470 2204 524 καὶ
2229 465 2342 524 οἷον
2380 469 2752 543 προσάγεσθαι
2798 471 3006 543 πρέπον
3043 472 3160 542 Θεῷ
3183 488 3195 502 ·
3242 469 3338 526 καὶ
3380 475 3536 527 τοῦτο
3583 477 3683 545 μὲν

422 551 553 622 quia
597 550 706 607 Deo
737 552 980 607 omnium
1011 553 1375 622 dominatori,
1413 565 1471 612 et
1498 562 1718 616 cunctis
1761 561 2003 617 homini-

422 640 529 696 bus
579 640 649 696 ob
704 641 935 711 prapriaa
978 649 1194 699 natura:
1249 648 1679 717 magnitudinem
1741 651 2000 722 cognito,

422 731 636 802 copiam
667 732 747 788 rei
770 732 951 805 dignae
984 733 1217 803 habens,
1251 736 1582 795 deteriorem
1607 740 1789 799 offert.

1015 1031 1023 1041 ’
1081 1063 1345 1121 CAP.IL

491 1190 661 1249 Vens.
696 1196 744 1259 ι.
774 1194 829 1248 2.
863 1227 929 1240 —-
963 1216 983 1249 ι
1022 1197 1089 1253 Et
1120 1216 1270 1256 nunc
1302 1201 1619 1257 mandatum
1647 1203 1752 1260 hoc
1787 1205 1855 1260 ad
1881 1221 2000 1272 vos,

424 1300 460 1338 o
498 1287 858 1344 sacerdotes:
891 1288 1009 1346 Nisi
1043 1292 1352 1358 audieritis,
1402 1303 1457 1350 et
1483 1296 1590 1351 nisi
1624 1299 1919 1368 posueritis
1948 1301 2002 1355 in

420 1376 587 1433 corde
615 1387 797 1435 vestro
826 1380 956 1438 dare
997 1383 1225 1454 gloriam
1269 1386 1478 1441 nomini
1517 1404 1660 1452 meo,
1703 1392 1779 1447 ait
1819 1390 2005 1448 Domi-

421 1481 528 1522 nus
564 1469 945 1541 omnipotens,
979 1475 1192 1528 mittam
1224 1491 1392 1545 super
1418 1492 1515 1533 vos
1541 1479 2000 1547 maledictionem,

420 1563 477 1610 et
507 1557 826 1612 maledicam
852 1561 1225 1618 benedictioni
1254 1574 1467 1630 vestrae,
1495 1577 1548 1622 et
1570 1570 1888 1625 mali-dicam
1920 1573 2001 1628 ei:

424 1654 476 1700 et
503 1647 661 1717 371
694 1650 983 1723 dissipabo
1023 1655 1459 1712 benedictionem
1495 1668 1756 1727 vestram,
1801 1671 1856 1718 et
1893 1679 2002 1721 non

424 1739 532 1793 erit
573 1740 629 1794 in
673 1743 853 1809 vobis,
887 1745 1016 1815 quia
1059 1761 1158 1803 vos
1209 1764 1317 1803 non
1351 1750 1556 1821 ponitis
1609 1752 1663 1808 in
1711 1754 1879 1811 corde
1905 1772 2000 1812 ve-

425 1837 563 1885 stro.
605 1849 626 1884 ι
664 1830 744 1887 En
771 1848 873 1905 ego
900 1835 1015 1890 haec
1043 1835 1113 1891 de
1147 1839 1301 1895 vobis
1330 1839 1590 1906 decerno,
1621 1842 1716 1913 qui
1745 1844 2002 1900 sacerdo~

427 1922 522 1975 tali
568 1923 877 1981 ministerio
924 1926 1246 1999 fnngimini;
1295 1932 1442 2002 quod
1484 1932 1590 1987 nisi
1633 1949 1782 1990 nunc
1822 1936 2004 1994 velitis

426 2013 621 2069 sedulo
660 2016 824 2073 dictis
867 2020 1006 2075 meis
1042 2021 1348 2089 attendere,
1389 2030 1446 2078 et
1475 2024 1767 2080 ministerii
1801 2025 2005 2082 seduli-

425 2111 539 2160 tate
558 2105 796 2162 debitam
819 2114 1346 2184 convenientemque
1369 2112 1480 2171 Deo
1501 2117 1731 2185 gloriam
1753 2120 2001 2186 reddere,

425 2196 720 2251 maximam
743 2198 902 2254 vobis
929 2214 1147 2270 pmnam
1181 2202 1414 2259 inferam
1442 2222 1456 2271 ;
1481 2214 1535 2261 et
1564 2206 1712 2263 hunc
1740 2209 2002 2268 honorem

424 2300 536 2355 quo
574 2286 796 2344 interim
840 2289 1114 2359 fruimini,
1158 2294 1215 2348 in
1270 2292 1514 2352 dedecus
1551 2308 1604 2354 et
1634 2314 2005 2357 aerumnarum

423 2381 860 2449 experimentum
887 2392 1203 2440 convertam
1228 2406 1244 2455 ;
1273 2387 1540 2460 vobisque
1566 2405 1784 2449 omnem
1815 2410 2003 2451 sacer-

427 2470 664 2527 dotalem
704 2472 987 2531 detraham
1028 2477 1319 2545 honorem,
1355 2480 1432 2535 ita
1477 2489 1542 2538 ut
1569 2498 1733 2539 nemo
1760 2494 2004 2542 vestrum

425 2561 679 2634 dignitati
710 2565 840 2622 huic
879 2568 1158 2624 succedat.
1189 2568 1345 2627 Patet
1387 2573 1533 2628 enim
1568 2574 2005 2633 maledictionem

424 2652 535 2709 dici
564 2670 664 2726 pro
693 2672 854 2727 poma
896 2667 951 2715 et
979 2675 1356 2719 aerumnarum
1393 2665 1766 2735 experimento
1797 2686 1812 2724 :
1841 2668 2006 2725 bene-

423 2746 721 2805 dictionem
770 2766 957 2825 vero,’
984 2767 1086 2823 pro
1146 2752 1419 2809 bonorum
1468 2754 1748 2813 fruitione.
1805 2758 2008 2826 Quam-

425 2837 616 2894 obrem
651 2840 734 2896 sic
756 2843 1126 2900 sacerdotium
1159 2860 1381 2917 quoque
1404 2848 1661 2919 appellat,
1692 2863 1795 2904 ceu
1834 2850 2008 2907 bono-

425 2942 550 2982 rum
580 2931 882 2986 multornm
908 2948 1131 2989 causam
1164 2942 1281 2990 tum
1311 2935 1397 2992 his
1418 2938 1514 3007 qui
1540 2938 1673 2994 illud
1701 2942 2004 3011 possident,

425 3026 545 3074 tum
585 3021 753 3077 etiam
806 3023 918 3081 illis
965 3039 1204 3097 quorum
1253 3027 1431 3100 gratia
1473 3028 1530 3083 id
1582 3033 1825 3090 exerceri
1872 3049 2011 3092 con-

426 3113 611 3187 tingit.

497 3293 668 3353 νεεδ.
700 3296 757 3363 5,
789 3297 845 3353 4.
872 3327 945 3340 -
975 3296 1183 3356 Deinde
1213 3301 1286 3357 ob
1315 3303 1491 3376 magis
1519 3303 2010 3366 demonstrandam

427 3386 858 3458 indignationem
916 3405 1098 3459 suam,
1133 3410 1154 3445 ι
1190 3392 1333 3449 Ecce
1385 3409 1512 3466 ego,
1567 3397 1667 3466 ait,
1716 3400 2007 3471 projiciam

428 3476 755 3543 humerum,
813 3486 870 3534 et
908 3479 1220 3555 dispergam
1282 3487 1649 3543 ventriculum
1716 3489 1775 3545 in
1834 3488 2009 3548 facies

427 3575 665 3638 vestras,
685 3578 741 3626 et
767 3571 1067 3644 suscipiam
1103 3590 1202 3631 vos
1227 3575 1282 3631 in
1307 3576 1361 3633 id
1395 3578 1600 3650 ipsum.
1638 3599 1659 3635 ι
1690 3580 2007 3640 Mandatum

426 3668 545 3713 erat
574 3674 606 3715 a
632 3661 771 3734 lege,
812 3670 872 3719 ut
910 3665 1068 3735 quasi
1110 3668 1348 3724 electum
1375 3671 1622 3742 aliquod,
1655 3684 2009 3746 separaretur

428 3750 542 3808 Deo
571 3752 855 3812 humerus.
900 3755 1062 3813 Haud
1104 3759 1250 3814 ultra
1295 3760 1461 3832 igitur
1493 3778 1563 3820 ne
1589 3764 1695 3820 hoc
1726 3767 1947 3837 quidem
1976 3784 2009 3824 a

430 3844 586 3901 vobis
646 3847 949 3918 recipiam;
1007 3852 1209 3906 etenim
1268 3853 1422 3909 nulla
1474 3868 1535 3911 re
1579 3870 1682 3927 ego
1731 3856 2009 3929 indigens,

429 3939 688 3998 utilitatis
722 3952 922 3998 vestrae
951 3947 1126 4015 gratia
1152 3948 1233 4005 sic
1265 3946 1381 4004 fieri
1412 3947 1825 4008 constitueram.
1850 3949 2010 4008 Nunc

429 4038 613 4090 autem
641 4033 772 4104 quia
799 4041 1013 4092 tantum
1041 4038 1148 4094 mei
1189 4048 1566 4112 contemptum
1606 4041 1919 4109 ostenditis,
1950 4051 2012 4099 ut

427 4140 519 4181 me
557 4140 621 4182 re
675 4127 775 4182 tali
825 4127 1096 4188 honorare
1137 4132 1365 4203 putetis,
1414 4133 1705 4191 humerum
1746 4134 2010 4190 nimirum

429 4217 567 4273 mihi
608 4217 908 4287 offerendo,
949 4221 1108 4279 vobis
1148 4223 1298 4281 hunc
1341 4232 1615 4299 retroago,
1652 4233 1713 4283 ut
1759 4225 2013 4297 indigna-

428 4308 596 4367 tionis
637 4324 773 4367 mea)
822 4322 1209 4384 argumentum
1264 4315 1421 4373 vobis
1459 4318 1771 4375 exhibeam.
1819 4316 2010 4375 Sinam

430 4415 561 4458 vero
589 4417 690 4460 vos
720 4402 825 4458 hoc
850 4403 1015 4460 etiam
1039 4406 1191 4464 vesci
1224 4422 1350 4464 cum
1381 4408 1700 4465 animalium
1731 4416 2011 4480 stercore;

2105 569 2167 621 οὐ
2202 567 2515 640 προσάγων,
2555 566 2756 637 φαῦλον
2788 567 2845 621 δέ
2884 586 2937 622 τι
2982 568 3075 622 καὶ
3107 566 3500 638 διεφθαρμένον
3540 568 3692 623 θύων

2105 660 2185 733 τῷ
2216 660 2355 731 Θεῷ,
2392 660 2496 730 τῆς
2539 660 2774 731 ἐσχάτης
2815 660 2963 725 ἄξιός
3006 660 3122 712 ἐστι
3164 659 3460 731 τιμωρίας·
3492 662 3681 733 ἐπειδὴ

2104 751 2224 823 Θεῷ
2257 752 2476 807 πάντων
2505 750 2860 822 βασιλεύοντι,
2892 751 2987 806 καὶ
3014 749 3164 821 παρά
3184 751 3349 802 πᾶσιν
3376 748 3687 821 ἀνθρώποις

2106 842 2309 914 ὁμοίως
2356 842 2452 895 ἐπὶ⁵
2479 842 2558 913 τῷ
2589 841 2808 913 μεγέθει
2840 843 2939 913 τῆς
2979 842 3184 906 οἰκείας
3225 840 3552 912 ἐγνωσμένῳ
3579 844 3682 913 φύ-

2109 949 2246 996 σεως
2264 980 2282 1009 ,
2303 931 2549 1004 εὐπορῶν
2578 925 2656 988 ὧν
2687 933 2788 1000 δεί,
2828 932 3093 1002 προσάγει
3124 932 3194 986 τὰ
3223 931 3301 1004 μὴ
3331 932 3583 987 τοιαῦτα.

2733 1069 2893 1125 ΚΕΦ.
2934 1070 3009 1123 B'.

2182 1201 2334 1273 Στίχ.
2376 1210 2449 1267 α’,
2481 1202 2547 1273 β’.
2577 1229 2647 1244 --
2688 1219 2708 1253 ι
2747 1201 2860 1256 Καὶ
2906 1198 3000 1256 νῦν
3046 1202 3080 1272 ἡ
3125 1198 3314 1272 ἐντολὴ
3359 1198 3497 1270 αὕτη
3548 1202 3684 1274 πρὸς

2109 1295 2254 1366 ὑμᾶς
2275 1334 2290 1359 ,
2309 1292 2557 1365 οίίερεῖς·
2576 1291 2702 1349 Ἐὰν
2716 1293 2791 1366 μὴ
2802 1290 3071 1361 ἀκούσητε
3081 1290 3176 1344 καὶ
3190 1288 3286 1344 ἐὰν
3303 1286 3377 1359 μὴ
3421 1291 3578 1345 θέσθε
3602 1294 3684 1355 εἰς

2104 1387 2206 1457 τὴν
2238 1385 2467 1458 καρδίαν
2511 1384 2667 1457 ὑμῶν
2705 1384 2769 1438 τδ
2798 1382 2981 1439 δοῦναι
3009 1381 3166 1449 δόξαν
3191 1381 3270 1455 τῷ
3305 1382 3527 1454 ὀνόματί
3556 1400 3680 1454 μου,

2105 1479 2253 1548 λέγει
2308 1478 2514 1550 Κύριος
2576 1476 2997 1549 παντοκράτωρο
3053 1476 3149 1529 καὶ
3199 1474 3542 1542 ἐξαποστελῶ
3595 1475 3681 1544 ἐφ’

2106 1571 2252 1641 ὑμᾶς
2290 1568 2390 1641 τὴν
2438 1568 2704 1640 κατάραν,
2747 1566 2842 1621 καὶ⁴
2888 1565 3359 1638 ἐπικαταράσομαι
3400 1564 3499 1636 τὴν
3529 1563 3682 1618 εὐλο-

2105 1662 2229 1733 γίαν
2256 1662 2432 1733 ὑμῶν,
2463 1661 2556 1716 καὶ
2585 1659 2965 1732 καταράσομαι
2997 1657 3186 1728 αὐτὴν,
3215 1659 3311 1711 καὶ
3347 1655 3683 1710 διασκεδάσω

2106 1756 2207 1825 τὴν
2235 1753 2486 1822 εὐλογίαν
2512 1752 2665 1823 ὑμῶν
2686 1769 2702 1786 ·
2730 1751 2826 1805 καὶ
2855 1751 2957 1805 οὑκ
2976 1750 3129 1805 ἔσται
3148 1750 3207 1803 ὲν
3228 1749 3381 1820 ὑμῖν,
3413 1749 3496 1801 ὅτι
3523 1748 3681 1818 ὑμεῖς

2032 1810 2075 1867 Β
2106 1810 2175 1896 οίῖ
2201 1810 2413 1896 τίθεσθε
2443 1810 2794 1913 enimsic;
2835 1840 3007 1911 ὑμῶν.
3050 1859 3068 1892 ι
3104 1844 3181 1910 (p.
3216 1810 3342 1909 5&7)
3366 1810 3683 1909 "snakes

2110 1933 2219 1987 ίδοὺ
2270 1931 2443 1986 ταῦτα
2486 1932 2612 2003 περὶ
2662 1930 2816 2002 ὑμῶν
2869 1930 3237 2001 ἀποφαίνομαι
3280 1928 3390 1982 τῶν
3443 1928 3536 1981 ἐπὶ
3581 1928 3683 1999 τῆς

2108 2021 2391 2093 ἱερατικῆς
2441 2018 2797 2076 καθεστώτων
2849 2019 3224 2091 λειτουργίας*
3259 2018 3341 2072 ὅτι
3381 2019 3428 2071 εί
3464 2017 3539 2088 μὴ
3588 2015 3683 2071 νῦν

2106 2113 2238 2183 γοῦν
2270 2113 2614 2185 βουληθείητε
2644 2113 2848 2183 σπουδῇ
2894 2113 3004 2176 τοῖς
3046 2113 3175 2182 παρ’
3203 2109 3339 2181 ἐμοῦ
3373 2108 3685 2179 λεγομένοις

2108 2205 2416 2277 προσέχειν,
2448 2204 2543 2259 καὶ
2595 2206 2661 2276 τῇ
2706 2204 2805 2274 τῆς
2846 2201 3184 2275 λειτουργίας
3243 2198 3531 2271 ἐπιμελείᾳ
3584 2200 3693 2269 τὴν

2108 2295 2487 2367 προσήκουσάν
2534 2312 2593 2348 τε
2628 2295 2723 2348 καὶ⁵
2766 2293 3122 2365 ὀφειλομένην
3165 2292 3423 2346 ἀποτῖσαι
3451 2290 3530 2361 τῷ
3564 2289 3695 2359 Θεῷ

2105 2387 2283 2452 δόξαν,
2321 2387 2582 2459 μεγίστην
2605 2389 2734 2458 ὑμῖν
2754 2386 2941 2454 ἐπάξω
2956 2385 3246 2457 τιμωρίαν,
3273 2384 3367 2438 καὶ⁵
3401 2384 3500 2455 τὴν
3520 2384 3695 2453 τιμὴν

2106 2478 2165 2532 δὲ
2199 2478 2405 2551 ταύτην
2449 2473 2516 2551 ἦς
2568 2477 2870 2532 ἀπολαύετε
2908 2476 3024 2543 νῦν,
3074 2478 3159 2542 είς
3206 2477 3429 2548 ἀτιμίαν
3478 2493 3538 2529 τε
3590 2477 3689 2529 καὶ

2108 2573 2304 2643 πεῖραν
2340 2572 2665 2643 μεταστήσω
2698 2572 2907 2636 κακῶν,
2944 2567 3128 2625 πᾶσάν
3147 2586 3208 2623 τε
3237 2569 3393 2640 ὑμῶν
3421 2569 3520 2641 τὴν
3546 2570 3686 2639 ίερα-

2105 2664 2265 2735 τικὴν
2289 2663 2476 2733 ἀφελῶ
2503 2663 2692 2735 τιμὴν,
2715 2663 2792 2728 ὡς
2827 2662 3031 2733 μηδένα
3062 2661 3122 2726 ἐξ
3149 2661 3305 2733 ὑμῶν
3336 2662 3415 2716 ἔτι
3446 2662 3701 2733 διάδοχον·

2107 2757 2206 2827 τῆς
2241 2753 2398 2820 ἀξίας
2430 2753 2682 2823 γενέσθαι
2715 2752 2919 2823 ταύτης
2945 2769 2958 2784 °
2991 2751 3212 2824 εὔδηλον
3269 2752 3378 2825 γὰρ
3416 2755 3500 2807 ὅτι
3555 2770 3687 2807 κατ-

2108 2847 2245 2919 άραν
2264 2846 2363 2917 μὲν
2386 2844 2484 2917 τὴν
2509 2843 2777 2917 τιμωρίαν
2807 2843 3085 2914 λέγει,καὶ
3115 2844 3212 2915 τὴν
3235 2847 3428 2916 πεῖραν
3456 2845 3561 2898 τῶν
3587 2861 3687 2898 κα·-

2109 2936 2250 2993 κῶνο
2290 2937 2538 3006 εὐλογίαν
2565 2937 2645 3006 δὲ,
2680 2936 2790 2990 τῶν
2828 2935 3047 3005 ἀγαθῶν
3074 2936 3174 3007 τὴν
3205 2936 3501 2991 ἀπόλαυσιν
3521 2953 3535 2968 ·
3563 2936 3699 2989 ὅθεν·

2107 3027 2250 3084 οὕτω
2277 3030 2374 3084 καὶ
2401 3029 2502 3101 τὴν
2536 3016 2834 3100 ἱερωσύνην
2875 3027 3151 3098 ὀνομάζει,
3183 3027 3261 3091 ὡς
3292 3026 3504 3081 πολλῶν
3538 3029 3678 3095 ἀγα-

2036 3149 2082 3209 C
2112 3122 2221 3179 θῶν
2246 3123 2425 3178 αἰτίαν
2456 3125 2568 3188 τοῖς
2598 3140 2660 3176 τε
2680 3121 2863 3193 ἔχουσι
2894 3123 2987 3176 καὶ
3018 3123 3129 3186 τοῖς
3156 3121 3296 3193 ὑπὲρ
3319 3113 3395 3177 ὧν
3424 3120 3689 3176 ἐπιτελεῖ·

2113 3217 2237 3272 σθαι
2267 3234 2330 3271 συ
2338 3215 2581 3288 μ6έ6ηκε
2609 3215 2832 3287 ταύτην.

2182 3306 2330 3377 Στίχ.
2360 3305 2430 3376 γ’,
2451 3306 2600 3360 δ’.-
2626 3299 2761 3359 Εἷτα
2792 3306 2874 3369 εἰς
2905 3303 3125 3375 μείζονα
3151 3302 3372 3369 ἔνδειξιν
3392 3304 3492 3373 τῆς
3521 3304 3687 3373 ἀγαν-

2111 3399 2394 3471 ακτήσεως
2422 3398 2523 3470 τῆς
2549 3397 2756 3462 οἰκείας
2775 3414 2820 3449 ⁸(
2859 3396 2993 3450 Ἰδοὺ
3040 3394 3151 3467 ἐγὼ
3171 3397 3414 3467 ἀφορίζω
3443 3397 3571 3468 ὑμῖν
3597 3396 3690 3452 τὸν

2110 3484 2283 3562 ὦμον,
2312 3490 2409 3545 καὶ
2433 3488 2680 3560 σκορπιῶ
2711 3488 2969 3561 ἔνυστρόν
2993 3487 3086 3540 ἐπὶ
3119 3488 3187 3542 τὰ
3217 3488 3485 3559 πρόσωπα
3514 3488 3687 3557 ὑμῶν,

2110 3581 2206 3635 καὶ
2222 3580 2464 3652 λήψομαι
2483 3580 2630 3652 ὑμᾶς
2658 3581 2738 3644 είς
2753 3580 2817 3633 τὸ
2841 3578 2993 3634 αὐτό.
3020 3597 3040 3630 ι
3061 3578 3501 3649 Κεκελευσμένον
3532 3573 3600 3650 ἦν
3632 3580 3690 3631 ἐν

2110 3672 2190 3745 τῷ
2223 3673 2374 3745 νόμῳ
2396 3671 2473 3736 ὥς
2503 3689 2557 3725 τι
2586 3672 2863 3745 ἐξαίρετον
2893 3672 2958 3724 ἐκ
2983 3671 3092 3725 τῶν
3111 3670 3313 3725 θυσιῶν
3341 3670 3690 3742 ἀφαιρεῖσθαι

2110 3765 2190 3837 τῷ
2203 3764 2324 3837 Θεῷ
2337 3764 2429 3820 τὸν
2446 3758 2618 3836 ὦμον
2634 3762 2832 3818 Οὐκέτι
2845 3760 3147 3834 οῦν,φησὶν,
3166 3761 3286 3816 οὐδὲ
3306 3759 3463 3815 τοῦτο
3473 3759 3691 3831 δέξομαι

2112 3858 2243 3929 παρ’
2260 3857 2434 3928 ὑμῶν,
2449 3855 2574 3910 ἐπεὶ
2593 3854 2757 3927 μηδὲν
2769 3854 3023 3926 δεόμενος
3041 3854 3122 3918 είς
3136 3851 3404 3923 ὠφέλειαν
3420 3851 3699 3923 ὑμετέραν

2110 3947 2444 4020 διεταξάμην
2491 3945 2636 4000 οὕτω
2676 3944 2953 4015 γίνεσθαι·
2995 3942 3269 4016 ἐπειδὴδὲ
3305 3941 3364 3996 ἐν
3418 3940 3692 4002 τοσούτοις

2110 4039 2212 4112 τὴν
2238 4039 2368 4111 περὶ
2401 4039 2503 4110 ἐμὲ
2533 4036 2842 4101 δεικνύντες
2886 4035 3167 4108 ἀμέλειαν,
3196 4034 3371 4105 τούτῳ
3404 4050 3475 4101 με
3513 4030 3691 4086 οἴεσθε

2110 4131 2299 4203 τιμᾷν,
2328 4129 2409 4202 τῷ
2441 4129 2535 4185 τὸν
2563 4122 2714 4201 ὦμον
2750 4128 3008 4200 ἀφαιρεῖν
3042 4144 3153 4198 μοι,
3186 4127 3315 4198 ὑμῖν
3354 4124 3517 4181 αὐτὸν
3552 4125 3689 4178 ἀποο

2114 4222 2352 4295 στρέφω,
2378 4221 2480 4293 τῆς
2499 4222 2930 4293 ἀγανακτήσεως
2950 4218 3171 4291 ἔλεγχον
3200 4217 3572 4289 παρεχόμενος
3595 4216 3693 4288 τῆς

2112 4315 2279 4387 ἐμῆςο
2315 4312 2462 4368 ἐάσω
2495 4313 2553 4367 δὲ
2581 4313 2726 4383 ὑμᾶς
2755 4309 3100 4383 καρποῦσθαι
3128 4310 3224 4363 καὶ
3247 4308 3405 4361 τοῦτο
3432 4305 3573 4378 μετά
3592 4307 3694 4376 τῆς

2113 4406 2320 4478 κόπρου
2347 4403 2455 4460 τῶν
2482 4402 2637 4469 ζώων
2655 4418 2669 4433 ο
2703 4402 2891 4474 ἐπειδὴ
2916 4400 3075 4456 τοῦτο
3095 4394 3223 4471 ὑμῖν
3251 4401 3310 4453 ὲν
3343 4401 3462 4463 ταῖς
3481 4400 3693 4468 ἑορταῖς

430 4495 690 4565 quoniam
749 4496 855 4554 hoc
899 4511 932 4552 a
987 4498 1147 4556 vobis
1208 4499 1267 4554 in
1328 4499 1773 4558 solemnitatibus
1831 4499 2007 4557 oﬂerrl

2121 4497 2492 4570 προσάγεσθαι
2516 4495 2746 4568 πρέπον,
2769 4493 2846 4566 (p.
2872 4493 2998 4566 548)
3019 4492 3085 4557 ἀς
3109 4494 3174 4564 τῇ
3200 4490 3369 4563 κακία
3386 4489 3495 4544 τῶν
3522 4506 3695 4563 πρατ-

428 4585 657 4657 dignum
676 4597 784 4655 est,
815 4604 958 4660 quas
979 4589 1228 4663 nequitia
1248 4591 1495 4662 polluitis
1514 4609 1530 4660 ;
1552 4606 2012 4666 communemque

385 4668 503 4745 lob
550 4691 617 4733 ea
672 4693 799 4748 quae
833 4678 1029 4750 egistis
1079 4694 1298 4751 pmnam
1334 4679 1628 4736 adducam.
1662 4678 1721 4736 id
1749 4681 1896 4737 enim
1936 4681 2012 4736 si-

429 4763 692 4839 gniﬁcant
738 4769 981 4835 verba,¢
1011 4771 1309 4841 suscipiam
1370 4786 1470 4829 vos
1519 4770 1578 4827 in
1628 4771 1685 4827 id
1734 4772 1938 4843 ipsum.
1978 4791 1998 4825 ι

437 4875 458 4910 ι
493 4857 557 4912 Et
605 4857 814 4924 scietis,
848 4858 998 4930 quod
1040 4874 1144 4931 ego
1192 4858 1461 4917 Dominus
1505 4861 1753 4918 miserim
1807 4860 1876 4916 ad
1915 4876 2012 4919 vos

431 4958 766 5021 praeceptum
809 4950 936 5016 hoc,
973 4958 1035 5006 ut
1083 4958 1234 5008 esset
1285 4958 1681 5009 testamentum
1727 4968 1908 5010 meum
1944 4954 2013 5010 ad

431 5044 649 5109 levitas,
681 5042 816 5099 dicit
846 5042 1113 5100 Dominus
1141 5044 1513 5114 omnipotens.
1552 5064 1572 5098 ι
1604 5044 1762 5101 Tunc
1788 5060 1856 5101 ex
1887 5059 2015 5102 cor-

434 5132 666 5205 ripiente
685 5134 849 5206 372
874 5150 972 5193 vos
1004 5134 1305 5207 ignominia
1344 5150 1616 5207 pmnaque
1641 5145 1899 5193 accurate
1927 5152 2017 5193 co-

434 5226 710 5298 gnoscetis
734 5233 1077 5298 potentatum
1107 5225 1477 5296 virtutemque
1517 5241 1727 5294 meam;
1774 5237 1830 5284 et
1865 5228 2014 5299 quod

436 5330 537 5387 ego
561 5316 701 5374 bene
739 5318 975 5374 faciendi
1012 5317 1169 5374 vobis
1199 5331 1367 5372 causa
1405 5318 1518 5388 jam
1566 5317 1691 5374 inde
1739 5318 1809 5374 ab
1854 5319 2013 5377 initio

438 5406 505 5461 ad
538 5406 935 5464 sacerdotalem
977 5406 1153 5463 extuli
1175 5404 1535 5477 dignitatem;
1581 5407 1697 5465 haec
1728 5410 2012 5467 vobiscum

439 5496 647 5553 hedera
693 5510 1053 5567 componens,
1107 5504 1167 5552 ut
1217 5510 1483 5554 concesso
1539 5513 1570 5554 a
1625 5515 1712 5557 me
1769 5501 2014 5560 fruentes

440 5585 672 5648 honore.
701 5591 903 5640 cuncta
934 5583 1001 5640 ad
1034 5583 1326 5640 utilitatem
1364 5587 1599 5658 ageretis
1639 5588 1859 5645 illorum
1887 5606 2013 5661 pro-

441 5685 560 5748 pter
597 5690 737 5748 quos
782 5675 1155 5733 sacerdotium
1195 5677 1413 5734 tenetis.
1474 5676 1585 5735 Vos
1630 5696 1761 5736 vero
1809 5682 2012 5737 nullius

439 5767 557 5825 haec
595 5766 749 5841 pensi
781 5767 1075 5843 habuistis,
1103 5770 1199 5829 scd
1232 5771 1418 5827 datum
1452 5771 1605 5829 vobis
1649 5773 2015 5833 conculcastis

2111 4588 2354 4659 τομένων
2386 4586 2665 4660 μολύνετε,
2699 4587 2888 4656 κοινήν
2917 4602 2981 4639 τε
3014 4583 3219 4639 ἅπασιν
3251 4582 3380 4654 ὑμῖν
3412 4581 3511 4653 τὴν
3551 4580 3693 4651 ὑπὲρ

2112 4679 2221 4733 τῶν
2253 4679 2642 4751 πραττομένων
2686 4677 2883 4743 ἐπάξω
2903 4676 3202 4749 τιμωρίαν
3238 4674 3397 4729 τοῦτο
3438 4673 3548 4745 γάρ
3576 4674 3693 4726 ἐστι

2114 4770 2225 4833 τδ,‹
2255 4768 2496 4841 λήψομαι
2522 4770 2668 4841 ὑμᾶς
2685 4770 2765 4834 εἰς
2788 4769 2851 4823 τὸ
2878 4767 3030 4825 αὐτό.
3050 4786 3071 4825 ι
3086 4785 3175 4819 -ι
3200 4765 3310 4820 Καὶ
3326 4763 3693 4834 ἐπιγνώσεσθε

2112 4858 2247 4913 διότι
2278 4857 2391 4929 ἐγὼ
2424 4858 2629 4932 Κύριος
2675 4857 3054 4926 ὲξαπέσταλκα
3088 4858 3223 4931 πρὸς
3251 4857 3397 4929 ὑμᾶς
3423 4856 3522 4927 τὴν
3547 4856 3695 4908 ἐντο-

2114 4948 2213 5022 λὴν
2239 4949 2464 5021 ταύτην,
2498 4949 2594 5004 τοῦ
2630 4947 2774 5006 εἶναι
2810 4950 2910 5021 τὴν
2954 4949 3219 5020 διαθήκην
3250 4965 3353 5018 μου
3391 4946 3527 5019 πρὸς
3568 4945 3693 5008 τοὺς

2113 5041 2364 5107 Λευῖτας,
2398 5040 2548 5110 λέγει
2579 5042 2785 5113 Κύριος
2812 5040 3228 5114 παντοκράτωρ.
3262 5058 3280 5090 ι
3323 5039 3458 5092 Τότε
3497 5039 3563 5091 ἐκ
3595 5036 3693 5106 τῆς

2116 5136 2536 5208 περιγινομένης
2567 5135 2696 5207 ὑμῖν
2729 5134 2954 5207 ἀτιμίας
2981 5150 3042 5187 τε
3081 5132 3176 5185 καὶ
3203 5129 3472 5202 τιμωρίας
3503 5128 3694 5197 αἰσθή-

2117 5225 2275 5280 σεσθε
2303 5226 2543 5299 ἀκριϐῶς
2567 5228 2667 5299 τῆς
2685 5244 2744 5280 τε
2767 5225 3014 5292 ἐξουσίας
3045 5222 3259 5295 καὶτῆς
3285 5223 3568 5293 δυνάμεως
3598 5221 3698 5290 τῆς

2114 5321 2279 5392 ἐμῆς·
2318 5321 2410 5374 καὶ
2430 5321 2513 5374 ὅτι
2553 5319 2665 5390 ἐγὼ
2696 5319 2796 5391 μὲν
2830 5319 3068 5373 εὐποιεῖν
3110 5317 3255 5387 ὑμᾶς
3288 5314 3606 5386 βουλόμενος
3637 5314 3699 5379 ἐξ

2114 5411 2287 5482 ἀρχῆς
2324 5413 2405 5475 είς
2434 5411 2533 5483 τὴν
2567 5409 2845 5482 ἱερατικὴν
2877 5410 3199 5481 παρήγαγον
3226 5407 3404 5473 ἀξίαν,
3441 5405 3694 5469 τοιαύτας

2116 5501 2266 5565 τινάς
2293 5500 2518 5573 θέμενος
2546 5503 2682 5574 πρὸς
2708 5502 2854 5571 ὑμᾶς
2876 5500 2977 5564 τὰς
3007 5499 3299 5571 συνθήκας,
3330 5499 3416 5552 ἵνα
3441 5498 3538 5568 τῆς
3563 5497 3693 5566 παρ’

2116 5591 2250 5662 ἐμοῦ
2284 5591 2529 5662 δοθείσης
2558 5591 2918 5656 ἀπολαύοντες
2953 5591 3141 5662 τιμῆς,
3175 5590 3392 5645 ἅπαντα
3424 5589 3562 5661 πρὸς
3596 5587 3694 5659 τὴν

2117 5683 2338 5738 ἐκείνων
2368 5685 2634 5755 ὠφέλειαν
2674 5686 2859 5755 ποιῆτε
2899 5684 3038 5753 ὑπὲρ
3070 5676 3145 5736 ὧν
3182 5681 3369 5752 μέτιτε
3392 5681 3490 5751 τὴν
3536 5680 3694 5749 ἱερω-

2120 5774 2309 5848 σύνην*
2349 5774 2505 5847 ὑμεῖς
2553 5774 2608 5829 δὲ
2646 5774 2833 5831 οὐδένα
2885 5774 3084 5831 τούτων
3136 5772 3465 5847 ἐποιήσασθε
3516 5764 3693 5836 λόγον.
