4162 6476
437 413 553 469 809

437 615 557 688 λείᾳ
588 614 827 688 τοσαύτῃ
854 615 952 689 τὴν
978 618 1119 691 ἐμὴν
1147 618 1568 690 παραδεδώκατε
1595 620 1962 692 λειτουργίαν.

509 706 660 777 Στὶχ.
687 706 826 771 ε’-ζκ
858 737 929 748 -—
955 702 1089 761 Εἶτα
1141 709 1333 782 ἐπειδὴ
1368 709 1440 764 τὰ
1485 710 1584 782 τῆς
1626 710 1926 781 ἱερωσύνης
1972 711 2038 763 ἐκ

437 797 534 851 τοῦ
575 796 788 871 Ἀαρὼν
824 797 1017 869 εἴληφε
1050 799 1148 872 τὴν
1169 799 1379 872 ἀρχὴν,
1410 799 1470 865 ὃς
1496 799 1713 873 πρῶτος
1744 801 2040 873 ἀρχιερεὺς

439 891 584 946 κατά
613 890 763 946 θείαν
806 891 1077 964 προϐολὴν
1125 893 1444 964 ἀπεδείχθη,
1479 893 1709 963 ἐπάγει·
1748 913 1767 946 ι
1816 894 1883 948 Ἢ
1920 893 2038 948 δια-

441 984 586 1055 θήκη
621 1001 726 1055 μου
754 978 824 1057 ἦν
858 983 977 1056 μετ’
997 983 1164 1037 αὐτοῦ
1193 984 1296 1055 τῆς
1327 983 1474 1054 ζωῆς
1516 984 1612 1039 καὶ
1639 984 1743 1056 τῆς
1776 985 2001 1058 εἰρήνης
2021 1001 2036 1017 ·

441 1073 539 1128 καὶ
582 1073 759 1128 ἐδωκα
786 1073 938 1145 αύτῷ
961 1074 1129 1146 φόϐον
1157 1073 1443 1144 φοϐεῖσθαί
1472 1092 1565 1145 με,
1596 1076 1691 1129 καὶ
1721 1075 1831 1130 ἀπὸ
1869 1094 2041 1149 προσ-

445 1165 602 1221 ώπου
643 1163 909 1236 ὀνόματός
968 1183 1072 1237 μου
1118 1165 1433 1222 στέλλεσθαι
1471 1167 1669 1222 αὐτόν·
1711 1167 1876 1240 νόμος
1903 1169 2040 1241 άλη-

441 1259 596 1323 θείας
625 1252 693 1330 ἦν
711 1260 770 1311 ἐν
798 1255 877 1328 τῷ
898 1257 1128 1329 στόματι
1155 1257 1344 1326 αὐτοῦ,
1374 1259 1471 1314 καὶ
1494 1258 1680 1314 ἀδικία
1702 1258 1803 1331 οὐχ
1830 1260 2041 1333 ηὑρέθη

440 1355 504 1407 ἐν
539 1350 778 1424 χείλεσιν
809 1348 1005 1404 αὐτοῦ’
1037 1351 1096 1404 ἐν
1140 1351 1332 1423 εἰρήνῃ
1381 1350 1727 1407 κατευθύνων
1768 1352 2039 1426 ἐπορεύθη

438 1441 568 1515 μετ’
597 1439 756 1512 ἐμοῦ,
783 1440 876 1495 καὶ
906 1438 1132 1505 πολλοὺς
1159 1440 1507 1514 ἀπέστρεψεν
1539 1441 1650 1497 ἀπὸ
1680 1442 1896 1509 ἀδικίας
1915 1461 1931 1476 ·
1960 1444 2042 1499 ὅτι

443 1530 600 1601 χείλη
633 1528 826 1601 ἱερέως
860 1528 1160 1599 φυλάξεται
1202 1530 1427 1601 γνῶσιν,
1467 1533 1542 1603 (p.
1571 1532 1700 1604 549)
1739 1535 1835 1590 καὶ
1880 1535 2042 1608 νόμον

446 1623 847 1694 ἐκζητήσωσιν
892 1622 959 1676 ἐκ
989 1620 1085 1676 τοῦ
1133 1623 1403 1694 στόματος
1450 1625 1640 1693 αὐτοῦ,
1686 1627 1770 1680 ὅτι
1814 1626 2045 1698 ἄγγελος

440 1712 654 1782 Κυρίου
682 1712 1125 1783 παντοκράτορός
1149 1714 1289 1767 ἐστι.
1324 1737 1344 1767 ο
1384 1714 1624 1771 Ἐκεῖνον
1644 1716 1775 1786 γοῦν
1803 1719 2042 1790 πρῶτον,

446 1810 636 1880 φησὶν,
671 1805 1081 1878 ἐπιλεξάμενος,
1113 1806 1388 1879 συνθήκας
1432 1807 1574 1881 πρὸς
1611 1808 1774 1864 αὑτὸν
1814 1809 2041 1883 ἐθέμην,

1404 411 1962 471 COMMENTARIUS
2002 409 2069 466 IN
2092 409 2472 468 ΜΑιΑριιιΑς
2500 411 2658 468 CAP.
2697 409 2765 467 11.

348 534 379 559 ⁵
437 523 576 578 ἀλλά
600 521 699 594 τῆς
727 539 785 576 τε
813 521 1059 594 δοθείσης
1088 523 1216 597 ὑμῖν
1245 526 1528 600 ὑπερίδετε
1559 530 1749 600 τιμῆς,
1775 526 1870 583 καὶ
1895 527 2034 599 ἀμε-

2149 528 2428 590 honorem,
2477 539 2773 598 meumque
2840 524 3215 582 ministerium
3268 526 3528 583 socordia
3594 531 3745 580 tanta
3840 602 3845 606 _

2134 618 2413 689 gessistis.

3625 412 3738 471 6U)

2210 708 2381 767 Vsus.
2425 709 2541 767 5-7.
2575 739 2646 751 --
2672 708 2814 766 Exin
2845 709 2977 781 quia
3010 710 3383 767 sacerdotium
3418 728 3486 772 ex
3517 712 3740 771 Aarone

2143 802 2367 859 initium
2411 810 2654 875 ceperat,
2701 804 2798 876 qui
2849 804 3063 876 primus
3100 806 3350 876 pontifex
3388 806 3577 863 divina
3631 808 3740 864 ele.

2137 892 2323 949 ctione
2351 894 2647 965 processit,
2686 894 3089 965 prosequitur:
3126 910 3145 944 ι
3184 892 3386 950 Foedus
3421 910 3605 951 meum
3638 894 3741 950 fuit

2141 1001 2266 1042 cum
2305 1001 2373 1043 eo
2415 988 2545 1043 vitae
2597 996 2653 1043 et
2706 986 2885 1058 pacis,
2941 993 2997 1041 et
3048 984 3221 1040 indidi
3269 986 3320 1041 ei
3373 984 3627 1042 timorem
3679 997 3740 1042 ut

2142 1077 2364 1134 timeret
2392 1093 2505 1140 me.
2527 1087 2583 1134 et
2610 1093 2643 1134 a
2668 1077 2810 1134 facie
2833 1077 3078 1134 nominis
3106 1077 3213 1132 mei
3244 1074 3590 1133 formidaret.
3628 1076 3740 1132 Lex

2140 1169 2399 1227 veritatis
2434 1169 2539 1225 fuit
2590 1171 2647 1226 in
2702 1185 2802 1227 ore
2853 1168 2997 1241 ejus,
3057 1174 3114 1225 et
3163 1166 3436 1238 iniquitas
3490 1182 3603 1225 non
3653 1179 3741 1224 est

2142 1259 2365 1316 inventa
2394 1260 2452 1316 in
2498 1259 2663 1316 labiis
2701 1260 2824 1329 ejus
2852 1276 2869 1314 :
2903 1260 2958 1315 in
2989 1272 3128 1330 pace
3157 1257 3409 1329 dirigens
3438 1257 3743 1315 ambulavit

2117 1363 2383 1420 mecum,
2409 1358 2464 1406 et
2488 1350 2693 1406 multos
2719 1350 2995 1406 convertit
3019 1349 3094 1406 ab
3122 1349 3438 1421 iniquitate.
3465 1347 3741 1416 Quoniam

2141 1440 2288 1498 labia
2345 1442 2651 1499 sacerdotis
2709 1441 3030 1498 eustodicnt
3077 1442 3400 1509 scientiam,
3454 1450 3512 1498 et
3567 1441 3742 1514 legem

2142 1536 2429 1606 requirent
2457 1551 2526 1592 ex
2560 1550 2659 1591 ore
2694 1535 2841 1604 ejus,
2876 1535 3004 1606 quia
3034 1536 3267 1608 angelus
3305 1534 3531 1592 Domini
3562 1536 3742 1592 omni-

2144 1627 2386 1699 potentis
2436 1636 2543 1685 est.
2579 1645 2599 1680 ι
2664 1626 2802 1684 Cum
2861 1627 2961 1684 illo
3016 1627 3205 1700 itaque
3261 1628 3441 1700 primo
3492 1626 3741 1683 omnium

2143 1720 2320 1776 electo
2354 1719 2536 1776 ftedus
2565 1718 2770 1791 pepigi,
2806 1719 3139 1790 promittens
3177 1719 3229 1775 ei
3275 1718 3455 1790 longae
3487 1717 3614 1773 vitae
3642 1732 3742 1787 pa-

2146 1812 2340 1883 cisque
2379 1827 2565 1876 usum,
2602 1810 2984 1881 mandansque
3028 1808 3210 1866 eidem
3243 1817 3307 1866 ut
3336 1810 3445 1866 mei
3479 1809 3742 1865 timorem

442 1898 921 1974 ἐπαγγειλάμενος
963 1898 1066 1973 μὲν
1096 1898 1247 1969 αύτῷ
1281 1898 1375 1953 καὶ
1404 1898 1554 1973 ζωῆς
1585 1904 1805 1974 μακρᾶς
1844 1904 1938 1957 καὶ
1966 1906 2045 1959 εξ-

2151 1912 2336 1960 mente
2359 1903 2643 1969 retineret,
2677 1903 2963 1974 multaque
2994 1917 3124 1957 cum
3154 1901 3462 1957 reverentia
3504 1901 3744 1957 mentio-

436 1995 620 2065 ,ρήνης
676 1992 998 2057 ἀπόλαυσιν,
1046 1987 1312 2056 κελεύσας
1356 1989 1413 2043 δέ
1454 1991 1546 2045 τὸν
1599 1991 1763 2061 φόϐον
1801 1995 1894 2049 ἐπὶ
1941 1998 2043 2067 τῆς

440 2086 687 2150 διανοίας
720 2084 869 2155 ἔχειν
895 2087 990 2138 τὸν
1018 2084 1174 2156 ἐμὸν,
1214 2084 1309 2140 καὶ
1347 2081 1491 2156 μετά
1531 2082 1726 2140 πολλοῦ
1761 2085 1856 2139 τοῦ
1893 2087 2046 2152 δέους

445 2179 544 2232 καὶ
572 2177 672 2249 τήν
711 2177 935 2249 μνήμην
971 2174 1242 2229 ποιεῖσθαι
1275 2175 1374 2248 τὴν
1410 2177 1580 2249 ἐμήν⁹
1617 2177 1954 2250 ἠκολούθησε
1986 2179 2044 2233 δέ

443 2273 557 2344 ἄρα
589 2270 686 2325 καὶ
713 2268 785 2325 τά
816 2269 946 2341 παρ’
982 2268 1194 2323 ἐκείνου
1232 2268 1512 2340 πρέποντα
1545 2271 1611 2340 τῇ
1650 2273 1785 2342 τιμῇ
1816 2273 1881 2341 τῇ
1910 2272 2044 2344 παρ’

446 2361 618 2434 ἐμοῦ’
651 2359 842 2432 ἐπειδὴ
877 2358 1091 2413 τέθεικε
1142 2358 1242 2429 μὲν
1284 2356 1464 2429 ἐαυτῷ
1504 2358 1669 2429 νόμον
1713 2357 1811 2412 τοῦ
1854 2357 1955 2431 ζῇν
1983 2377 2044 2413 τε

447 2456 550 2510 σὺν
576 2452 827 2525 ἀληθείᾳ,
850 2450 944 2505 καὶ
970 2450 1115 2505 ἅπαν
1137 2448 1580 2523 ἀποστρέφεσθαι
1607 2449 1828 2520 ψεῦδος·
1848 2450 2045 2521 ἐφθέγ-

447 2546 579 2613 ξατο
599 2544 654 2599 δέ
678 2542 1021 2598 οὐδεπώποτε
1041 2540 1226 2596 ἄδικον
1245 2539 1421 2604 οὐθέν,
1454 2538 1566 2593 οὔθ’
1589 2540 1618 2593 ὃ
1639 2539 1845 2612 βλάϐης
1869 2540 2044 2595 αἴτιον

444 2640 562 2701 τοῖς
579 2634 685 2690 ύπδ
698 2635 798 2705 τὴν
822 2629 1124 2705 ἱερωσύνην
1143 2629 1390 2699 ἐγίγνετο
1411 2644 1425 2659 ⁸
1444 2628 1585 2697 ὑπὲρ
1596 2627 1655 2682 δέ
1679 2627 1886 2682 τούτων
1915 2629 2045 2683 ἀκο-

444 2729 658 2792 λούθως
687 2729 807 2791 ταῖς
839 2724 1189 2794 ἐπαγγελίαις
1216 2724 1337 2786 ταῖς
1368 2723 1552 2791 ἐμαῖς,
1584 2720 1747 2784 αὐτός
1774 2738 1835 2775 τε
1864 2722 1923 2775 ἐν
1961 2723 2042 2775 εἱ-

440 2823 594 2896 ρήειῃ
620 2818 892 2890 διῆγεν,ἐν
916 2815 1094 2870 οὐδενὶ
1113 2813 1333 2868 πώποτε
1348 2812 1485 2885 πρός
1508 2829 1573 2883 με
1590 2812 1909 2884 διενεχθεὶς,
1923 2813 2043 2867 οὐδέ

447 2932 503 2968 τι
536 2911 648 2974 τῶν
675 2910 799 2982 ἐμοὶ
823 2906 1266 2979 διαπραξάμενος
1286 2904 1572 2959 ἐναντίων·
1592 2903 1752 2957 τοῦτο
1772 2905 1881 2976 γὰρ
1895 2904 2044 2974 λέγει

449 3008 562 3068 τδ,‹
585 3006 644 3059 ἐν
662 3002 854 3076 εἰρήνῃ
880 2999 1229 3056 κατευθύνων
1258 2996 1532 3070 ἐπορεύθη
1559 2997 1680 3069 μετ’
1714 2996 1849 3068 ἐμοῦ
1872 3016 1886 3030 ο
1912 3017 1930 3051 ι
1951 2997 2046 3052 καὶ

452 3099 679 3161 πολλοὺς
711 3096 767 3149 δὲ
798 3095 958 3157 ὅσους
988 3092 1082 3147 ἐπὶ
1102 3092 1163 3145 τὸ
1188 3093 1434 3162 κρεῖττον
1467 3091 1533 3143 ἐκ
1562 3089 1658 3143 τοῦ
1676 3090 1921 3162 χείρονος
1952 3091 2046 3144 ἐπ-

2146 2011 2272 2053 nem
2316 1996 2424 2052 mei
2481 1995 2710 2052 faceret.
2758 1993 2827 2049 Et
2881 1993 3107 2065 quidem
3158 1993 3253 2048 ille
3309 1994 3482 2065 legem
3521 1991 3743 2048 sibimet

2144 2085 2455 2152 constituit,
2479 2085 2769 2141 veritatem
2795 2100 2897 2155 per
2926 2099 3147 2140 omnem
3174 2082 3346 2138 vitam
3376 2080 3658 2147 servandi,
3685 2089 3743 2136 et

2145 2192 2313 2234 omne
2364 2193 2540 2249 genus
2589 2177 2867 2233 mendacii
2924 2175 3160 2232 vitandi.
3208 2175 3359 2231 Nihil
3411 2184 3591 2231 autem
3635 2189 3742 2230 un-

2145 2285 2311 2342 quam
2361 2270 2632 2341 injuslum
2668 2270 2890 2326 locutus
2923 2279 3032 2334 est,
3068 2268 3155 2325 vel
3200 2269 3349 2340 quod
3378 2267 3742 2340 vituperatio-

2145 2364 2235 2420 nis
2256 2363 2478 2419 occasio
2503 2361 2896 2419 sacerdotibus
2919 2359 3096 2417 fleret.
3120 2359 3422 2432 Propterea
3453 2359 3744 2431 promissis

2145 2457 2284 2514 meis
2322 2463 2720 2519 consentanee,
2758 2463 2815 2510 et
2858 2453 2979 2526 ipse
3007 2452 3296 2523 paeillcam
3338 2453 3523 2524 exegit
3551 2452 3743 2514 vitam,

2145 2550 2299 2605 nulla
2358 2563 2576 2606 mecum
2633 2547 2926 2604 inimicitia
2971 2557 3256 2618 suscepta.
3309 2548 3559 2619 nihilque
3606 2546 3745 2602 mihi

2143 2642 2486 2698 contrarium
2526 2655 2719 2712 agens.
2782 2641 2875 2695 Sic
2919 2640 3070 2696 enim
3120 2639 3236 2697 fere
3285 2648 3488 2697 sonant
3530 2640 3743 2695 verba:

2151 2751 2171 2784 ι
2208 2734 2263 2788 iu
2300 2747 2437 2804 pace
2484 2731 2730 2803 dirigens
2782 2732 3084 2787 ambulavit
3125 2746 3361 2787 mecum.
3395 2748 3418 2785 ι
3467 2729 3745 2787 Plurimos

2146 2827 2278 2883 item
2316 2825 2384 2879 ad
2425 2823 2711 2880 meliorem
2759 2822 2969 2894 frugem
3012 2836 3080 2877 ex
3119 2820 3393 2877 deteriore
3437 2820 3743 2878 transtulit.

2147 2917 2206 2973 In
2238 2931 2475 2979 summa,
2515 2913 2787 2984 quidquid
2819 2912 3103 2984 praecipue
3133 2910 3481 2967 sacerdotem
3511 2910 3747 2967 decebat

2151 3010 2285 3082 egit,
2318 3008 2574 3063 veritatis
2590 3006 2754 3078 373
2786 3005 3013 3061 tradens
3044 3004 3320 3070 notitiam,
3353 3010 3524 3074 atque
3553 3004 3621 3058 ad
3644 3002 3745 3061 Dei

2152 3104 2326 3174 legem
2370 3108 2607 3156 cunctos
2652 3099 2759 3154 sibi
2802 3098 3084 3167 subjectos
3130 3095 3476 3166 pertrahens,
3514 3104 3570 3151 et
3608 3110 3749 3166 quo-

448 3190 653 3262 ανῆγεν
675 3203 688 3218 ·
725 3184 1008 3256 συντόμως
1040 3200 1102 3237 τε
1157 3180 1396 3243 εἰπεῖν,ὃ
1451 3180 1687 3253 μάλιστα
1733 3180 1942 3252 πρέπον
1973 3177 2042 3254 ἦν

2152 3192 2315 3247 modo
2375 3205 2497 3246 eam
2574 3188 2936 3245 observarent
2994 3186 3222 3242 docens.
3276 3184 3394 3242 Hoc
3451 3192 3536 3242 est
3597 3185 3747 3241 enim

451 3284 591 3354 ἱερεῖ
624 3279 999 3351 διεπράττετο,
1047 3274 1316 3329 διδάσκων
1358 3273 1458 3343 μὲν
1502 3273 1602 3343 τῆς
1646 3272 1905 3345 ἀληθείας
1949 3274 2046 3347 τὴν

2155 3280 2463 3339 sacerdotis
2524 3296 2706 3352 opus.
2768 3289 2828 3336 ut
2886 3282 2959 3337 sit
3019 3280 3283 3335 nimirum
3334 3278 3515 3349 angeli
3573 3278 3753 3334 instar

446 3375 675 3446 γνῶσιν,
716 3372 857 3444 πρὸς
896 3371 953 3425 δὲ
986 3370 1079 3425 τὸν
1109 3369 1274 3439 νόμον
1302 3367 1394 3421 τὸν
1442 3366 1587 3420 θεῖον
1633 3367 1880 3432 ἅπαντας
1921 3370 2047 3433 τοὺς

2158 3373 2377 3429 caeteris
2418 3373 2740 3428 hominibus
2795 3372 2982 3440 datus,
3040 3380 3102 3427 ut
3145 3386 3343 3428 omnes
3389 3370 3457 3426 ad
3494 3371 3750 3428 virtutem

448 3469 544 3522 ὑπ’
591 3466 755 3522 αὐτὸν
808 3463 1121 3534 ἐπανάγων,
1165 3460 1261 3516 καλ⁵
1297 3458 1565 3513 διδάσκων
1603 3459 1753 3523 ὅπως
1790 3458 1858 3514 ἄν
1883 3460 2048 3531 ἀσχο-

445 3560 627 3614 λοῖντο
655 3556 892 3612 πάντοτε
923 3555 1052 3627 περὶ
1085 3553 1248 3608 αὐτόν
1266 3569 1280 3583 ο
1310 3551 1470 3605 τοῦτο
1496 3551 1606 3623 γὰρ
1633 3550 1825 3623 ἱερέως
1862 3551 2044 3624 ἔργον,

441 3648 689 3718 ἀγγέλου
718 3646 862 3710 τινὸς
897 3644 1052 3712 τάξιν
1081 3642 1298 3715 ἐπέχειν
1328 3642 1662 3710 τεταγμένου
1695 3644 1808 3706 τοῖς
1841 3641 2049 3709 λοιποῖς

444 3736 781 3811 ἀνθρώποις,
812 3735 907 3790 καὶ
932 3734 1141 3797 πάντας
1167 3732 1261 3786 ἐπὶ
1287 3730 1389 3803 τὴν
1416 3731 1619 3802 ἀρετὴν
1654 3731 2043 3800 ἐπανάγοντος,

449 3831 590 3903 ὅπερ
613 3825 709 3884 οὖν
740 3828 836 3883 καὶ
862 3828 976 3890 τοῖς
1018 3824 1269 3894 ἀγγέλοις
1302 3823 1432 3895 περὶ
1464 3825 1612 3895 ἡμᾶς
1647 3822 1809 3898 ἔργον
1846 3830 2042 3882 ποιεῖν.

448 3923 673 3988 Ταύτας
706 3923 803 3993 μέν
832 3919 897 3991 δὴ
926 3917 1064 3992 πρὸς
1094 3916 1187 3972 τὸν
1235 3914 1452 3988 Ἀαρὼν
1491 3915 1695 3989 ἐθέμην
1729 3918 1827 3982 τὰς
1855 3920 2054 3994 συνθή-

2114 3524 2117 3527 _
2154 3464 2414 3529 deducat,
2457 3467 2604 3536 quod
2642 3465 2889 3536 ipsorum
2936 3464 3260 3536 angelorum
3314 3478 3446 3535 erga
3492 3478 3595 3519 nos
3635 3460 3753 3518 olli-

2158 3559 2307 3614 cium
2333 3568 2437 3614 est.
2477 3558 2606 3614 Haec
2646 3572 2749 3630 ego
2778 3573 2905 3613 cum
2937 3558 3158 3613 Aarone
3189 3554 3397 3611 foedera
3424 3555 3629 3627 pepigi,
3655 3555 3751 3625 qui

2154 3665 2354 3722 reapse
2384 3660 2791 3707 consentaneos
2830 3650 2935 3721 legi
2973 3664 3108 3705 mea:
3136 3662 3320 3704 mores
3358 3662 3470 3717 prae
3507 3662 3569 3703 se
3604 3647 3749 3702 tulit.

2156 3743 2226 3797 At
2254 3742 2402 3799 enim
2429 3758 2528 3798 vos
2562 3742 2939 3798 sacerdotium
2972 3741 3124 3796 illius
3163 3740 3520 3798 successione
3545 3738 3751 3802 sortiti,

2156 3835 2360 3889 mirum
2414 3844 2681 3899 quantum
2725 3848 2757 3888 a
2809 3831 3089 3903 praedictis
3124 3831 3375 3888 moribus
3419 3830 3750 3897 abhorretis,

2160 3924 2449 3993 Quomodo
2478 3926 2554 3992 id,
2590 3924 2852 3997 inquam?

448 4033 576 4080 κας,
613 4016 691 4086 (p.
723 4013 848 4084 550)
879 4012 938 4076 ὃς
987 4009 1084 4065 καὶ
1130 4006 1401 4063 ἀκόλουθα
1437 4009 1551 4071 τοῖς
1592 4010 1747 4079 ἐμοῖς
1789 4009 2147 4084 διεπράττετο
2210 4016 2432 4088 νόμοις·
2482 4018 2643 4087 ὑμεῖς
2695 4017 2753 4071 δέ
2780 4019 2831 4071 οἱ
2866 4015 2966 4088 τὴν
3009 4015 3313 4089 ἱερωσύνην
3372 4011 3753 4088 διαδεξάμενοι

448 4112 551 4183 τὴν
600 4107 834 4171 ἐκείνου,
869 4102 1129 4177 πάμπολυ
1176 4099 1383 4155 τούτων
1429 4099 1555 4153 ἐστέ
1603 4103 2021 4174 κεχωρισμένοι.
2048 4104 2175 4171 Πῶς
2208 4106 2305 4161 καὶ
2334 4107 2456 4161 τίνα
2493 4106 2584 4161 τὸν
2618 4105 2850 4178 τρόπονς

524 4203 675 4274 falx.
707 4206 847 4273 η’-ι’.
873 4228 941 4239 --
973 4216 992 4248 ι
1034 4197 1222 4268 Ὑμεῖς
1252 4195 1310 4249 δὲ
1338 4195 1646 4262 ἐξεκλίνατε
1679 4197 1744 4250 ἐκ
1768 4195 1868 4267 τῆς
1896 4196 2041 4265 ὁδοῦ,
2099 4229 2103 4232 ν

448 4297 546 4353 καὶ
586 4293 926 4365 ὴσθενήσατε
974 4288 1207 4352 πολλοὺς
1252 4288 1311 4341 ἐν
1348 4286 1530 4365 νόμῳ,
1569 4287 1913 4360 διεφθείρατε
1945 4290 2046 4362 τὴν

449 4390 725 4462 διαθήκην
766 4384 863 4439 τοῦ
921 4382 1081 4447 Λευῖ,
1130 4380 1277 4452 λέγει
1310 4381 1520 4454 Κύριος
1562 4381 1982 4455 παντοκράτωρ.
2022 4403 2041 4437 ι

464 4482 837 4555 Ἐξετράπητε
864 4478 974 4549 γὰρ
996 4476 1097 4548 τῆς
1122 4474 1252 4545 περὶ
1272 4474 1444 4529 ταῦτα
1473 4473 1712 4545 σπουδῆς
1736 4490 1750 4505 ο
1784 4473 1926 4528 ὥστε
1952 4475 2049 4530 καὶ

451 4578 579 4643 τοὺς
606 4575 849 4640 λοιποὺς,
866 4571 1142 4644 ῥᾳθύμους
1163 4568 1293 4641 περὶ
1317 4567 1411 4623 τὸν
1432 4560 1598 4640 νόμον
1620 4569 1867 4641 ποιῆσαι·
1903 4567 2047 4625 οὕτω

452 4685 513 4722 τε
545 4666 727 4729 πάσας
766 4662 1049 4733 συντόμως
1094 4660 1275 4713 εἰπεῖν
1314 4657 1415 4722 τάς
1461 4657 1760 4730 συνθήκας,
1796 4657 1867 4724 ἃς
1911 4658 2052 4732 πρὸς

450 4762 663 4816 ἐκεῖνον
698 4756 925 4828 ἐθέμην,
957 4739 1282 4826 βουλόμενος
1308 4751 1480 4817 αὐτάς
1513 4751 1610 4805 και
1640 4751 1735 4805 ἐπὶ
1770 4751 1881 4806 τῶν
1912 4752 2055 4807 ἐκεί-

453 4867 548 4905 νου
577 4848 839 4918 διαδόχων
886 4845 1133 4917 κρατεῖν,
1158 4831 1439 4915 τῇόἱκείᾳ
1478 4841 1825 4913 διεφθείρατε
1858 4843 2049 4917 κακίᾳ.

457 4962 480 4994 ‹
521 4940 638 4997 Καὶ
671 4938 785 5009 ἐγὼ
817 4936 1030 4992 δέδωκα
1064 4935 1211 5007 ὑμᾶς
1242 4932 1705 5006 ἐξουδενωμένους
1736 4937 1832 4991 καὶ
1861 4956 2057 5011 παρει-

456 5034 659 5106 μένους
693 5034 774 5096 εἱς
802 5030 990 5106 πάντα
1018 5027 1091 5082 τά
1117 5026 1246 5097 ἐθνη
1273 5042 1288 5057 ·
1323 5024 1441 5080 ἀνθ’
1470 5019 1547 5080 ὧν
1588 5028 1747 5098 ὑμεῖς
1779 5031 1881 5083 ούκ
1923 5032 2055 5102 ἐφυ-

450 5105 694 5191 λάξασθε
727 5105 829 5188 τάξ
877 5120 1034 5185 ὁδούς
1064 5137 1167 5192 μου
1197 5160 1212 5185 ,
1244 5117 1359 5172 ἀλλ’
1399 5118 1737 5191 ἐλαμϐάνετε
1783 5122 2057 5193 πρόσωπα

456 5220 518 5272 ἐν
546 5217 722 5288 νόμῳ.
764 5235 783 5268 ι
834 5212 1029 5276 Καλῶς
1062 5213 1126 5265 ἐκ
1160 5209 1275 5264 τῶν
1315 5210 1423 5282 πρὸ
1471 5209 1719 5282 βραχέως
1755 5214 2057 5282 γεγονότων

452 5312 655 5375 αὐτοὺς
695 5305 1020 5379 σωφρονίζει
1042 5322 1054 5337 ο
1088 5302 1333 5358 Τοιαῦτα
1365 5302 1495 5374 γὰρ,
1531 5304 1715 5374 φησιν,
1748 5305 1893 5374 ὑμᾶς
1934 5305 2051 5360 δια-

454 5400 866 5476 πραττομένους
915 5396 1115 5471 εὑρὼν,
1170 5393 1523 5467 αἰχμαλωσίᾳ
1585 5394 1945 5465 παραδέδωκα
1996 5396 2056 5451 τὸ

459 5496 631 5571 μηδὲν
669 5492 959 5557 ἀποδείξας
984 5530 999 5556 ,
1032 5489 1130 5545 καὶ
1157 5488 1337 5557 πάντη
1364 5486 1466 5557 τῆς
1506 5487 1785 5559 ἱερατικῆς
1817 5487 1923 5556 ἔξω
1951 5506 2048 5543 κα.

451 5590 739 5662 ταστήσας
794 5586 961 5656 τιμῆς
1027 5582 1144 5636 ἀνθ’
1194 5573 1269 5634 ὧν
1328 5578 1522 5633 οὐδένα
1571 5579 1729 5648 λόγον
1772 5580 2045 5635 ποιεῖσθαι

453 5683 567 5739 τῶν
588 5671 1356 5751 προσταγμάτωψέϐούλεσθε
1389 5671 1499 5726 τῶν
1533 5672 1701 5744 ἐμῶν,
1739 5673 2050 5745 συνεπράτσ

460 5791 582 5832 τετε
636 5774 695 5828 δέ
747 5772 986 5835 καὶτοῖς
1024 5762 1234 5832 λοιποῖς
1287 5766 1511 5836 ἀμελεῖν
1560 5764 1668 5820 τῶν
1711 5766 1927 5838 νόμιον,
1960 5765 2054 5831 οὓς

461 5865 894 5941 σωφρονίζεσθαι
949 5863 1079 5936 παρ’
1121 5859 1276 5933 ὑμῶν
1335 5859 1543 5914 δίκαιον
1572 5854 1678 5931 ἦν’
1729 5859 1889 5914 τοῦτο
1945 5859 2055 5932 γάρ

2224 4202 2392 4261 Vens.
2423 4156 2685 4258 8-l0.—r¢
2697 4156 2811 4256 Vos
2834 4156 3018 4255 autem
3048 4198 3375 4258 declinastis
3400 4213 3432 4254 a
3456 4198 3543 4255 via
3565 4239 3583 4265 ,
3612 4202 3755 4257 mul-

2124 4304 2354 4367 .tosque
2382 4296 2437 4351 in
2470 4295 2589 4365 lege
2620 4291 2976 4358 inﬁrmastis,
3016 4293 3346 4362 corrupistis
3382 4291 3509 4349 Levi
3541 4290 3749 4361 fmdus,

2156 4390 2237 4445 ait
2268 4388 2538 4444 Dominus
2573 4384 2950 4455 omnipotens.
2975 4403 2996 4437 ι
3019 4383 3330 4456 Tantopere
3363 4385 3436 4442 ab
3468 4386 3635 4456 hujus
3665 4387 3752 4442 of-

2159 4481 2269 4538 ﬁcii
2301 4477 2653 4538 observantia
2680 4476 3007 4532 declinastis
3025 4517 3042 4543 ,
3061 4484 3121 4531 ut
3146 4482 3377 4531 caeteros
3402 4475 3568 4531 etiam
3596 4477 3751 4534 circa

2161 4574 2335 4647 legem
2364 4572 2628 4629 socordes
2658 4569 2902 4626 feceritis
2932 4584 2946 4622 :
2974 4576 3143 4639 atque
3169 4567 3243 4623 ita
3264 4607 3280 4633 ,
3304 4573 3367 4623 ut
3395 4566 3640 4623 breviter
3662 4568 3753 4625 di-

2158 4679 2302 4730 cam,
2324 4661 2533 4718 malitia
2558 4668 2741 4717 vestra
2763 4657 3096 4729 corrupistis
3121 4656 3328 4714 foedera
3350 4672 3473 4729 qua:
3490 4672 3624 4713 cum
3645 4659 3756 4716 Aa-

2160 4771 2296 4813 rone
2331 4754 2646 4826 pepigeram
2672 4793 2689 4819 ,
2716 4751 2910 4807 volens
2944 4765 3008 4805 ea
3034 4764 3164 4805 cum
3194 4749 3348 4805 illius
3380 4765 3601 4822 quoque
3629 4766 3759 4808 suc-

2160 4846 2483 4905 cessoribus
2504 4841 2964 4916 permanere.th
2988 4857 3092 4913 ego
3121 4841 3248 4898 dedi
3275 4857 3377 4899 vos
3409 4850 3759 4913 colitemptos

2162 4951 2217 5000 et
2250 4939 2500 5012 abjectos
2535 4938 2592 4993 in
2640 4951 2834 4993 omnes
2865 4944 3054 5007 gentes
3081 4975 3097 5002 ,
3141 4945 3431 5007 propterea
3461 4937 3608 5007 quod
3642 4936 3759 4993 vias

2162 5047 2316 5089 meas
2360 5046 2471 5085 non
2522 5027 2885 5091 custodistis,
2932 5025 3029 5082 sed
3077 5023 3437 5098 accipiebatis
3488 5040 3759 5096 personas

2160 5123 2218 5177 in
2255 5122 2395 5193 lege.
2428 5140 2447 5173 ›
2475 5118 2749 5173 Praeclare
2787 5133 2856 5172 ex
2892 5117 2963 5173 iis
3004 5132 3127 5188 quae
3166 5117 3333 5186 paulo
3369 5124 3496 5170 ante
3536 5117 3759 5173 accide-

2159 5222 2289 5266 rant
2343 5210 2467 5266 illos
2520 5215 2875 5264 commonet:
2909 5207 3063 5263 Talia
3117 5206 3303 5271 enim,
3354 5204 3570 5274 inquit,
3629 5220 3755 5258 (um

2136 5319 2261 5365 .vos
2309 5310 2534 5375 patrare
2583 5299 2978 5371 comperissem
3004 5339 3019 5364 ,
3065 5295 3370 5366 captivitati
3411 5295 3648 5357 tradidi,
3688 5294 3759 5350 ad

2162 5396 2396 5451 nihilum
2431 5392 2688 5449 redactos
2711 5431 2726 5449 .
2758 5399 2812 5446 et
2841 5388 2992 5445 omni
3023 5386 3350 5444 sacerdotali
3384 5385 3595 5440 honore
3628 5400 3758 5457 spo-

2164 5488 2369 5541 liatos:
2407 5480 2856 5556 quandoquidem
2912 5478 3120 5533 nullam
3171 5475 3558 5531 mandatorum
3610 5490 3758 5532 meos

2164 5592 2290 5634 rum
2321 5576 2590 5631 rationem
2639 5572 2845 5628 habere
2880 5570 3133 5627 voluistis
3154 5611 3171 5634 ,
3209 5569 3319 5625 imo
3350 5577 3405 5625 ct
3449 5569 3573 5625 aliis
3601 5584 3759 5642 aeque

2158 5673 2332 5743 legem
2387 5668 2797 5740 negligentibus
2858 5669 3250 5735 cooperatores
3315 5660 3545 5727 fuistis,
3611 5674 3759 5731 quos

2164 5766 2354 5838 potius
2389 5779 2418 5819 a
2454 5764 2612 5819 vobis
2648 5759 2933 5817 emendari
2980 5757 3296 5829 oportebat.
3345 5754 3439 5810 Sic
3484 5755 3634 5809 enim
3668 5755 3755 5810 in-

2164 5858 2464 5932 telligenda
2518 5863 2650 5914 sunt
2694 5854 2908 5917 verba,«
2943 5850 3307 5924 accipiebatis
3365 5860 3640 5921 personas
3694 5846 3755 5903 in
