4162 6462
499 406 600 466 οιι

1699 394 2052 460 TIIEODOBI
2079 398 2569 463 MOPSUAES'PENI

3675 406 3784 472 6l2

503 524 664 586 tege;
701 530 721 564 ι
752 508 805 568 id
856 509 1392 583 est,reprchendere
1432 508 1701 568 alversus
1742 512 1912 582 legem
1952 529 2073 585 pec-

2186 516 2334 584 λέγει
2369 517 2451 584 τὸ,
2500 535 2521 568 ‹
2574 516 2907 589 ἐλαμϐάνετε
2948 520 3213 591 πρόσωπα
3244 524 3301 577 ἐν
3350 523 3499 597 νόμῳ
3523 569 3538 593 ,
3589 547 3607 580 ι
3654 530 3782 588 ἀντὶ

503 612 700 659 cantes
733 603 1014 658 noluistis.
1067 620 1086 654 ι
1116 601 1309 657 Nonne
1342 600 1489 657 Deus
1519 617 1663 657 unus
1701 618 1799 659 vos
1841 605 2113 665 creavit?

304 696 318 729 ’
392 751 403 767 η
502 709 687 749 nonne
738 690 904 749 Pater
958 710 1101 749 unus
1154 693 1399 747 omnium
1454 695 1744 749 vestrum?
1795 695 1909 750 Cur
1958 712 2091 768 ergo

505 786 892 856 unusquisque
951 785 1164 843 sivistis
1215 784 1445 843 fratrem
1498 792 1740 843 vestrum
1795 787 2092 857 profanare

500 881 896 929 testamentum
936 883 1152 944 patrum
1204 876 1609 929 vestrorum?»
1636 876 1802 946 Atqui
1850 885 1906 931 et
1954 892 2088 944 vos,

503 966 685 1037 inquit
709 1005 723 1030 ,
766 974 823 1020 et
856 966 981 1029 ille,
1023 966 1078 1020 id
1118 972 1205 1021 est
1245 964 1464 1030 Aaron,
1507 966 1577 1021 ab
1617 982 1728 1023 uno
1769 964 1881 1023 Deo
1918 970 2090 1025 creati

500 1058 638 1111 estis
658 1099 671 1122 ,
702 1070 843 1126 quos
874 1056 1040 1110 etiam
1073 1056 1189 1125 pari
1225 1069 1359 1109 cura
1392 1064 1558 1125 atque
1592 1056 1800 1113 honore
1830 1056 2091 1129 dignatus

502 1146 650 1200 fuit:
699 1162 854 1210 aeque
906 1146 1053 1202 enim
1110 1146 1186 1200 illi
1243 1146 1510 1216 vobisque
1555 1147 1894 1220 dixitztEgo
1923 1148 2085 1205 dixi:

502 1237 590 1294 Dii
644 1236 781 1289 eStis
815 1271 830 1297 ,
890 1240 948 1287 et
1019 1236 1116 1291 filii
1164 1236 1747 1303 Altissimiomnes";
1778 1257 1797 1290 ι
1827 1240 1975 1310 quod
2003 1238 2090 1294 di-

501 1336 658 1381 ctum
694 1342 791 1383 eos
823 1330 1070 1398 apprime
1090 1330 1333 1401 respicit
1364 1329 1457 1400 qui
1493 1330 1892 1385 sacerdotalem
1925 1330 2091 1404 375.

499 1417 819 1489 dignitatem
840 1459 855 1484 ,
889 1421 972 1474 vel
999 1420 1260 1477 ducatum
1285 1422 1470 1492 populi
1503 1429 1708 1476 tenent.
1739 1420 1898 1477 Unde
1922 1422 2090 1493 igitur

500 1518 957 1566 tantammorum
997 1514 1366 1583 corruptelam
1407 1513 1693 1578 traxistis,
1732 1522 1795 1568 ut
1830 1515 1922 1569 ille
1960 1516 2087 1585 qui-

499 1600 619 1656 dem
653 1602 1034 1672 suitemporis
1073 1604 1324 1660 homines
1362 1605 1773 1670 emendaverit,
1813 1612 1984 1675 atque
2018 1605 2088 1661 ad

498 1693 734 1749 cilicium
773 1695 1066 1766 diligenter
1099 1697 1421 1767 impulerit;
1451 1711 1551 1754 vos
1584 1705 1770 1753 autem
1804 1698 2086 1768 subjectos

498 1785 806 1841 sacerdotio
866 1786 1066 1843 fratres
1125 1798 1347 1845 vestros
1412 1789 1758 1861 negligatis,
1801 1797 2088 1860 tantopere

2193 604 2310 673 τοῦ,
2338 608 2610 680 Ἐλέγχειν
2635 612 2761 674 τοὺς
2788 613 3198 684 ἁμαρτάνοντας
3242 619 3392 688 παρὰ
3429 618 3489 671 τὸ
3515 618 3592 691 τῷ
3625 623 3778 696 νόμῳ

2193 697 2388 753 δοκοῦν
2432 700 2533 752 οὐκ
2596 700 2908 757 ἐϐούλεσθε.
2978 721 2998 753 ι
3062 704 3196 773 Οὐχὶ
3238 704 3377 769 Θεὸς
3428 702 3513 772 εἷς
3559 709 3778 767 ἔκτισεν

2194 788 2375 859 ὐμᾶς;
2409 790 2535 860 οὐχὶ
2588 791 2779 863 Πατὴρ
2823 787 2904 856 εἷς
2932 793 3152 848 πάντων
3205 795 3398 866 ὑμῶν;
3459 798 3508 851 τί
3557 800 3638 854 ὅτι
3687 805 3779 871 ἐγι

2193 879 2518 934 κατελίπετε
2581 880 2813 946 ἕκαστος
2848 884 2939 939 τὸν
2988 885 3212 954 ἀδελφὸν
3247 888 3411 940 αὐτοῦ
3461 890 3555 943 τοῦ
3613 892 3779 964 βεείη-

2192 970 2364 1025 λῶσαι
2415 973 2513 1043 τὴν
2545 973 2807 1045 διαθήκην
2847 975 2956 1029 τῶν
2996 978 3246 1050 πατέρων
3279 979 3466 1050 ὐμῶν;
3527 1001 3546 1035 ι
3584 984 3777 1038 Καίτοι

2192 1072 2279 1129 γε,
2308 1063 2490 1133 φησιν,
2523 1066 2616 1118 καὶ
2641 1065 2801 1136 ὑμεῖς
2832 1068 3082 1134 κάκεῐνος
3126 1069 3296 1141 (λέγει
3327 1071 3383 1125 δέ
3410 1072 3500 1127 τὸν
3542 1074 3776 1148 Ἀαρὼν)

2194 1154 2272 1223 (p.
2309 1154 2433 1225 551)
2478 1156 2567 1225 ὑφ’
2600 1158 2719 1222 ἑνός
2749 1175 2810 1213 τε
2841 1160 3102 1229 γεγόνατε
3141 1161 3276 1217 Θεοῦ
3301 1206 3317 1231 ,
3355 1165 3683 1237 κηδεμονίας
3712 1186 3773 1222 τε

2193 1243 2285 1297 καὶ
2312 1246 2480 1317 τιμῆς
2521 1246 2790 1321 ἡξιώθητε
2819 1251 2920 1321 τῆς
2945 1252 3115 1325 αὐτῆς
3137 1269 3154 1285 ·
3188 1257 3338 1326 κοινῇ
3370 1257 3479 1328 γὰρ
3510 1259 3605 1312 καὶ
3639 1261 3776 1332 πρὸς

2193 1336 2340 1406 ὑμᾶς
2384 1338 2522 1411 ἔφην
2551 1339 2651 1406 τὰ,
2693 1360 2713 1394 ι
2780 1343 2923 1412 Ἐγὼ
2955 1341 3129 1411 εἶπον,
3181 1346 3305 1402 Θεοὶ
3334 1351 3493 1418 ἐστὲ,
3533 1353 3628 1406 καὶ
3665 1355 3775 1409 υἱοὶ⁵

2202 1427 2461 1498 Ὑψίστου
2487 1431 2696 1497 πάντες
2715 1448 2730 1463 ’
2780 1452 2799 1487 ›
2834 1434 2970 1507 ὅπερ
2991 1435 3055 1507 δὴ
3088 1437 3322 1508 μάλιστα
3345 1444 3457 1504 τοῖς
3493 1442 3592 1512 τῆς
3623 1445 3773 1514 ἱερα-

2189 1518 2350 1588 τικῆς
2384 1522 2680 1594 προεδρίας
2724 1525 3168 1598 ἐπειλημμένοις,
3204 1531 3300 1584 καὶ
3337 1533 3660 1604 ἡγουμένοις
3690 1537 3773 1591 ἐν·

2189 1610 2381 1666 τεῦθεν
2426 1613 2519 1667 τοῦ
2569 1615 2701 1669 λαοῦ
2744 1619 3037 1690 ἁρμόττον.
3076 1620 3249 1675 Πόθεν
3287 1624 3463 1677 τοίνυν
3505 1628 3773 1698 τοσαύτην

2188 1702 2282 1755 ἐπὶ
2334 1703 2443 1757 τῶν
2497 1704 2714 1777 τρόπων
2763 1708 3033 1780 ἐσχήκατε
3095 1710 3192 1783 τὴν
3243 1713 3580 1786 διαφθοράν;
3629 1717 3770 1773 ὥστε

2191 1793 2401 1848 ἐκεῖνον
2441 1794 2543 1865 μέν
2591 1798 3022 1869 ἐπανορθοῦσθαι
3056 1803 3182 1869 τοὺς
3226 1805 3349 1859 καθ’
3399 1808 3624 1873 ἑαυτὸν,
3676 1808 3770 1865 καὶ

498 1884 826 1945 peccantes,
859 1893 924 1933 ac
958 1880 1355 1949 propemodum
1392 1881 1573 1951 legum
1609 1894 1857 1936 mearum
1898 1881 2073 1936 obser‘

2193 1884 2329 1955 πρὸς
2359 1886 2419 1940 τὸ
2461 1887 2578 1942 δέον
2611 1890 2931 1961 ἐπανάγειν
2953 1896 3157 1967 σπουδῇ
3179 1937 3193 1962 ,
3238 1898 3384 1969 ὑμᾶς
3434 1900 3492 1953 δὲ
3522 1903 3768 1975 παρορᾷύ

436 2010 437 2013 η
496 1966 734 2021 vantiam
764 1968 995 2037 pedibus
1023 1971 1417 2027 conculcantes
1443 1973 1465 2025 ?
1498 1971 1640 2038 Quid
1671 1987 1806 2043 ergo
1838 1973 2086 2028 accidit?

2188 1975 2318 2039 τοὺς
2343 1976 2448 2030 ὐπὸ
2476 1978 2575 2049 τὴν
2598 1981 2898 2055 ἱερωσύνην
2917 1985 3360 2056 δντας,ι¹ιδε).φούς
3387 1990 3547 2055 ὄντας
3575 1993 3763 2060 ἰδίους,

428 2066 433 2107 .‘
491 2052 967 2127 ἐξαμαρτάνοντάς
1005 2076 1067 2113 τε
1110 2056 1305 2125 οὕτως,
1356 2060 1452 2115 καὶ
1494 2060 1776 2133 μονονουχὶ
1811 2060 2116 2125 πατοῦντας
2164 2062 2273 2117 τῶν
2321 2066 2504 2138 νόμων
2543 2070 2655 2127 τῶν
2692 2052 2971 2147 ἐμῶν-τὴν
3016 2052 3321 2149 ἀκρίϐειαν.
3383 2052 3682 2155 Τοιγαροῦν

493 2144 718 2215 γέγονεν
742 2163 758 2214 ;

562 2237 731 2303 Vens.
768 2244 857 2309 Η,
887 2244 977 2301 12.
1001 2275 1074 2286 -
1100 2264 1120 2298 ι
1152 2244 1461 2304 Derelictus
1492 2257 1579 2303 est
1601 2247 1773 2305 Judas
1795 2287 1809 2314 ,
1854 2254 1908 2304 et
1942 2247 2076 2303 abeo

493 2331 721 2386 minatio
771 2333 917 2389 facta
955 2346 1043 2391 est
1083 2336 1138 2390 in
1180 2335 1382 2393 Israele
1406 2346 1475 2393 et
1513 2338 1891 2404 Hierusalem,
1946 2339 2075 2410 quia

386 2450 389 2453 ν
454 2464 459 2467 -
491 2425 887 2481 contaminavit
924 2426 1097 2483 Judas
1132 2439 1326 2485 sancta
1366 2429 1581 2485 Domini
1619 2447 1743 2503 quae
1773 2430 2073 2497 dilexerat,

494 2528 550 2573 et
586 2518 785 2574 alienis
823 2519 932 2576 diis
960 2521 1215 2576 studium
1257 2522 1546 2592 impendit.
1579 2542 1598 2577 ι
1627 2522 1818 2593 igitur,
1854 2524 1984 2595 quia
2019 2531 2076 2581 ct

490 2610 733 2681 papulus
787 2612 980 2667 illicita
1039 2612 1326 2683 patrabat,
1383 2623 1437 2669 et
1485 2615 1640 2670 vobis
1694 2616 2074 2672 sacerdotibus

489 2703 643 2757 nulla
694 2702 799 2757 fuit
848 2704 1159 2776 corrigendi
1221 2706 1373 2760 illum
1428 2707 1773 2773 sollicitudo,
1824 2705 2074 2763 destituti

489 2794 836 2863 providentia
892 2811 1012 2851 mea
1066 2797 1122 2850 in
1171 2796 1548 2866 captivitatem
1612 2798 1876 2853 abiistis:
1940 2798 2073 2869 quia

489 2885 751 2940 nimirum
783 2886 935 2941 cultu
965 2885 1058 2941 Dei
1091 2889 1340 2957 neglecto
1362 2926 1378 2950 ,
1414 2902 1576 2956 quem
1626 2902 1657 2942 a
1697 2887 1855 2943 vobis
1897 2888 2071 2958 potis-

489 2978 688 3035 simum
741 2978 1053 3035 vehementi
1108 2992 1242 3031 cura
1293 2977 1577 3033 observari
1629 2979 1954 3047 oportebat,
2005 2979 2076 3034 ad

489 3072 764 3129 idolorum
818 3072 1151 3143 obsequium
1199 3072 1454 3129 conversi
1504 3073 1658 3129 estis.
1706 3075 1884 3144 Atque
1927 3074 2000 3128 ita
2043 3090 2074 3129 a

490 3165 876 3222 sacerdotibus
911 3165 979 3219 ad
1013 3179 1206 3220 omnes
1256 3166 1423 3220 verba
1485 3165 1863 3235 transferens,
1913 3168 2071 3239 quasi

2248 2246 2398 2319 Στίχ.
2428 2254 2520 2316 ια’,
2561 2252 2647 2322 ιβ’.
2693 2280 2762 2294 ——
2799 2272 2819 2308 ι
2886 2257 3309 2333 Ἐγκατελείφθη
3380 2264 3617 2329 Ἰούδας,
3670 2271 3763 2325 καὶ

2174 2333 2451 2410 βδέλυγμα
2491 2342 2709 2411 ἐγένετο
2736 2347 2794 2400 ἐν
2814 2347 2891 2418 τῷ
2919 2349 3135 2421 Ἰσραὴλ
3162 2353 3255 2406 καὶ
3296 2354 3353 2406 ἐν
3384 2355 3763 2426 Ἰερουσαλήμ.

2172 2429 2306 2484 διότι
2339 2431 2677 2506 ὲ6ε6ήλωσεν
2708 2436 2904 2503 Ἰούδας
2932 2440 3002 2494 τά
3033 2442 3163 2512 ἆγια
3190 2445 3395 2517 Κυρίου
3426 2449 3485 2501 ἐν
3514 2444 3595 2514 οἷς
3625 2452 3764 2522 ἠγά-

2172 2528 2337 2591 πησε,
2373 2525 2468 2577 καὶ
2498 2526 2858 2599 ἐπετήδευσεν
2884 2532 2965 2596 είς
2995 2532 3151 2598 θεοὺς
3199 2535 3535 2609 ἀλλοτρίους.
3573 2561 3592 2594 ι
3625 2542 3756 2596 Τοι-

2181 2614 2387 2683 γαροῦν
2413 2615 2599 2688 ἐπειδὴ
2629 2621 2724 2672 κα)⁹
2751 2623 2800 2673 οί
2832 2622 2927 2675 τοῦ
2951 2623 3083 2679 λαοῦ
3114 2626 3173 2680 τὸ
3205 2627 3280 2700 μὴ
3315 2629 3436 2683 δέον
3462 2631 3753 2703 ἔπραττον,

2181 2703 2276 2757 καὶ
2314 2705 2443 2775 ὑμῖν
2480 2709 2594 2771 τοῖς
2629 2709 2835 2779 ἱερεῦσι
2879 2712 3037 2781 λόγος
3066 2716 3248 2782 οὐθεὶς
3277 2714 3344 2790 ἦν
3389 2720 3486 2791 τῆς
3527 2723 3750 2778 ἐκείνων

2176 2792 2552 2885 διορθώσεως,
2594 2799 2886 2869 ἀφεθέντες
2932 2806 3031 2875 τῆς
3073 2808 3326 2876 προνοίας
3366 2810 3467 2882 τῆς
3511 2812 3654 2885 ἐμῆς
3680 2816 3763 2878 είς

2178 2884 2556 2955 αἰχμαλωσίαν
2601 2889 3013 2963 ἀπεληλύθατεο
3056 2896 3196 2967 ὑπὲρ
3245 2891 3321 2952 ὧν
3361 2899 3425 2972 δή
3457 2901 3557 2972 τῆς
3588 2901 3755 2973 θερα-

2180 2976 2343 3039 πείας
2374 2978 2748 3052 ἀμελήσαντες
2776 2981 2869 3037 τοῦ
2917 2984 3052 3039 Θεοῦ
3074 3025 3091 3052 ,
3135 2987 3203 3057 ἢν
3249 2988 3314 3061 δὴ
3350 2991 3587 3060 μάλιστα
3620 2996 3759 3064 μετά

2178 3067 2382 3138 πολλῆς
2416 3069 2561 3139 ὑμᾶς
2597 3072 2837 3141 μετιέναι
2888 3075 3167 3146 προσῆκον
3222 3073 3290 3150 ἦν
3329 3079 3426 3151 τῆς
3485 3083 3755 3155 σπουδῆς,

2181 3158 2263 3220 είς
2293 3155 2527 3212 εἰδώλων
2558 3159 2897 3235 ἐξετράπητε
2925 3163 3220 3236 θεραπείαν
3243 3184 3258 3198 ·
3293 3167 3467 3234 οὕτως
3500 3171 3608 3225 ἀπὸ
3646 3172 3757 3227 τῶν

486 3264 543 3312 et
574 3256 778 3327 reliqui
830 3256 885 3310 in
936 3255 1127 3311 eadem
1179 3257 1533 3312 sacerdotum
1586 3259 1832 3329 nequitia
1883 3275 2071 3317 versa-

2180 3250 2373 3320 ίερέων
2418 3252 2499 3314 εἰς
2531 3251 2780 3318 ἅπαντας
2826 3254 3071 3313 ἐκϐαλὼν
3102 3258 3193 3314 τὸν
3224 3259 3385 3330 λόγον
3412 3302 3428 3327 ,
3457 3263 3533 3327 ὡς
3581 3265 3648 3319 ἂν
3686 3270 3754 3339 τῇ

489 3356 704 3413 rentur,
744 3348 1057 3404 communis
1103 3350 1485 3419 castigationis
1545 3366 1676 3422 ergo
1730 3353 1842 3407 lucc
1874 3352 2067 3408 addit:

493 3456 513 3489 ι
542 3436 741 3494 Perdet
785 3439 1047 3496 Dominus
1092 3440 1366 3497 hominem
1403 3444 1496 3513 qui
1544 3443 1659 3498 haec
1701 3444 1928 3511 fecerit,
1967 3446 2071 3501 do‘

486 3541 588 3582 nec
616 3528 938 3585 bumilietur
964 3530 1031 3585 de
1062 3531 1436 3587 tabernaculis
1473 3531 1679 3600 Jacob,
1727 3543 1783 3590 ct
1824 3536 1893 3591 de
1936 3534 2072 3591 offe-

485 3619 737 3675 rentibus
762 3621 1128 3691 omnipotenti
1163 3621 1392 3678 Domino
1422 3625 1773 3682 sacrificium.
1804 3647 1823 3679 ι
1850 3626 1971 3681 Nisi
2000 3628 2070 3682 ab

482 3706 590 3762 hoc
620 3708 746 3765 vita:
776 3724 978 3779 genere
1012 3714 1355 3768 rccesseritis
1379 3754 1394 3777 ,
1426 3716 1742 3770 omnimoda
1776 3731 1874 3772 vos
1907 3718 2067 3772 ruina

483 3806 714 3853 cunctos
764 3800 1065 3870 corripiet,
1105 3803 1180 3857 ita
1240 3812 1299 3858 ut
1352 3804 1408 3859 in
1452 3815 1752 3862 extremam
1804 3808 2069 3876 abjectio-

482 3903 608 3944 nem
641 3897 755 3943 tum
793 3891 989 3960 reliqui
1022 3892 1353 3949 deveniaut:
1387 3903 1503 3950 tum
1538 3906 1595 3953 et
1623 3912 1723 3954 vos
1764 3914 1833 3953 ex
1881 3915 2068 3955 sacer-

484 3977 620 4036 dotii
659 3978 943 4036 functione
975 3992 1031 4037 et
1059 3984 1347 4042 sacrificiis
1392 4002 1515 4057 qua:
1564 4003 1663 4058 pro
1706 3988 1827 4045 aliis
1869 3990 2066 4047 offerre

483 4070 796 4137 simulatis,
832 4074 1042 4127 nullam
1081 4090 1178 4131 seu
1215 4092 1313 4132 vos
1344 4094 1458 4134 rscu
1498 4080 1578 4133 illi
1626 4080 1918 4136 utilitatem
1967 4097 2065 4137 ca-

483 4159 670 4230 pietis.
702 4159 965 4217 Postliinc
996 4162 1063 4217 ad
1097 4164 1244 4220 aliud
1277 4166 1494 4222 illorum
1526 4168 1724 4225 transit
1753 4179 2061 4240 peccatum.

483 4248 728 4322 Namque
761 4269 790 4307 a
825 4254 1144 4323 captivitate
1177 4254 1418 4323 reversi,
1451 4269 1507 4316 et
1539 4261 1667 4316 data
1707 4277 1736 4315 a
1786 4261 1899 4318 Deo
1942 4261 2064 4319 feli-

480 4342 646 4396 citate
672 4345 824 4414 potiti
848 4384 862 4409 ,
895 4346 960 4401 ad
991 4347 1251 4403 lascivam
1279 4351 1427 4406 versi
1448 4352 1620 4407 vitam
1642 4393 1656 4419 ,
1687 4354 1902 4424 priores
1931 4370 2061 4412 snas

482 4447 684 4490 uxores
721 4435 1079 4505 dimiserant,
1121 4449 1287 4511 atque
1325 4443 1450 4499 aliis
1487 4446 1709 4501 oculum
1738 4447 2061 4517 cupiditatis

2173 3342 2383 3397 τούτων
2423 3345 2592 3417 κακίᾳ
2627 3345 2723 3400 καὶ
2754 3345 2862 3400 τῶν
2899 3347 3101 3405 λοιπῶν
3132 3352 3439 3421 γεγονότων
3469 3357 3753 3425 τοιούτων,

2173 3431 2257 3495 είς
2314 3435 2692 3505 σωφρονισμὸν
2749 3436 3005 3492 ἁπάντων
3061 3445 3215 3513 κοινῇ
3276 3444 3461 3499 λοιπὸν
3522 3447 3754 3516 ἐπάγει·

2179 3540 2199 3573 ι
2258 3523 2656 3594 Ἐξολοθρεύσει
2689 3526 2894 3598 Κύριος
2936 3528 3029 3583 τὸν
3059 3530 3344 3603 ἄνθρωπον
3382 3535 3475 3592 τὸν
3502 3539 3754 3594 ποιοῦντα

2169 3613 2383 3680 ταῦτα,
2421 3616 2527 3680 ἕως
2555 3614 2622 3670 ἂν
2663 3618 2759 3671 καὶ
2799 3620 3210 3706 ταπεινωθῇίέκ
3243 3628 3617 3699 σκηνωμάτων
3659 3630 3754 3683 Ἰαδ

2173 3705 2310 3771 κὼϐ,
2345 3707 2440 3760 καὶ
2468 3709 2531 3761 ἐκ
2560 3711 2949 3781 προσαγόντων
2996 3705 3187 3771 θυσίαν
3220 3717 3299 3789 τῷ
3328 3719 3518 3791 Κυρίῳ
3552 3739 3751 3776 παντο-

2170 3794 2420 3868 κράτορι.
2460 3815 2479 3848 ι
2531 3797 2549 3865 (
2571 3813 2625 3868 p.
2679 3800 2814 3868 552)
2862 3800 3003 3854 Ἀλλ’
3048 3803 3104 3857 εἴ
3144 3821 3210 3874 γε
3256 3805 3330 3879 μὴ
3368 3808 3576 3863 τούτων
3616 3810 3751 3864 ἀπο*

2172 3887 2425 3956 σταίητε,
2456 3886 2623 3959 φησὶ,
2671 3889 2944 3964 παντελής
2987 3894 3228 3950 ἀπώλεια
3259 3896 3488 3968 λήψεται
3543 3900 3749 3966 πάντας

2170 3977 2335 4048 ὑμᾶς,
2370 3976 2510 4032 ὥστε
2537 3980 2617 4042 είς
2630 3978 2737 4050 τὴν
2764 3980 3002 4054 ἐσχάτην
3029 3986 3359 4041 ταπείνωσιν
3400 3988 3528 4052 τούς
3555 4007 3614 4043 τε
3641 3989 3748 4044 λοι-

2166 4071 2302 4134 ποὺς
2333 4071 2599 4142 ἀχθῆναι,
2636 4075 2731 4127 καὶ
2764 4074 2828 4146 δὴ
2875 4076 2967 4129 καὶ
2999 4077 3142 4148 ὑμᾶς
3188 4080 3314 4141 τοὺς
3360 4080 3660 4151 ἱερατεύειν
3685 4097 3749 4136 τε

2167 4161 2263 4217 καὶ
2292 4163 2390 4228 τὰς
2416 4165 2556 4236 ὑπὲρ
2587 4166 2795 4237 ἑτέρων
2823 4167 3015 4233 θυσίας
3042 4173 3562 4244 προσποιουμένους,
3591 4173 3748 4229 οὐθὲν

2166 4254 2290 4310 οὔτε
2318 4256 2471 4327 ὑμῶν
2503 4256 2627 4311 οὔτε
2656 4259 2895 4314 ’ἐκείνων
2931 4264 2995 4332 τῇ
3027 4266 3361 4335 προσαγωγῇ
3401 4265 3509 4319 τῶν
3547 4265 3747 4321 θυσιῶν

2164 4348 2492 4419 ὠφελεῖσθαι
2520 4347 2649 4406 οῐων
2667 4368 2727 4404 τε
2752 4350 2920 4407 ὅντων
2934 4368 2949 4384 ο
2979 4352 3228 4407 ἐντεῦθεν
3251 4356 3335 4424 ἐφ’
3354 4356 3546 4427 ἐτέραν
3567 4357 3747 4413 αὐτῶν

2167 4440 2488 4511 μεθίσταται
2519 4442 2868 4513 παρανομίαν
2890 4459 2907 4475 ·
2949 4442 3337 4510 ἐπανελθόντες
3371 4447 3480 4519 γὰρ
3506 4449 3615 4502 ἀπὸ
3644 4448 3747 4520 τῆς

479 4524 833 4595 adiecerant:
885 4537 941 4585 et
987 4531 1111 4587 illas
1163 4533 1384 4603 quidem
1432 4552 1555 4606 qua:
1596 4538 1760 4608 longo
1804 4554 1930 4594 cum
1976 4541 2059 4598 eis

2176 4531 2570 4601 κίχμαλωσίας,
2601 4532 2693 4585 καὶ
2720 4533 2820 4603 τῆς
2858 4532 2963 4588 ὑπὸ
2993 4534 3088 4589 τοῦ
3120 4535 3254 4590 Θεοῦ
3302 4539 3743 4611 παρασχεθείσης

480 4626 725 4687 tempore
768 4620 1058 4689 vixerant,
1104 4631 1160 4678 et
1200 4625 1469 4680 malorum
1516 4629 1682 4682 etiam
1727 4611 2072 4699 captivitatis-

2176 4623 2348 4686 ιιύτοῖς
2376 4622 2682 4694 εὐπραγίας
2716 4623 3112 4696 μετεσχηκότες
3134 4667 3149 4692 ,
3193 4628 3273 4691 είς
3318 4608 3616 4683 ἀκόλαστον
3649 4608 3742 4683 ἐέ-

477 4707 774 4777 participes
812 4711 927 4764 illic
965 4709 1221 4778 fuerant,
1256 4710 1420 4785 375
1450 4730 1599 4770 nunc
1639 4724 1845 4773 temere
1881 4719 2060 4788 ejece-

479 4804 637 4863 rant,
666 4805 830 4866 atque
872 4799 996 4854 aliis
1043 4816 1142 4870 per
1180 4803 1463 4860 libidinem
1518 4808 1891 4864 adhaerebant.
1938 4808 2058 4864 Jam

480 4902 606 4942 cum
634 4888 847 4943 nullum
880 4892 1100 4946 miseris
1130 4894 1452 4952 mulieribus
1483 4896 1725 4953 ferretur
1753 4900 2015 4955 auxilium
2041 4939 2059 4969 ,

478 4993 583 5035 nec
631 4979 924 5050 quisquam
972 4979 1119 5036 facta
1168 4983 1287 5040 hac
1336 4986 1694 5058 obiurgaret,
1741 4992 2061 5047 necessario

478 5069 737 5139 injuriam
775 5071 1243 5143 ignominiamque
1275 5090 1386 5130 non
1418 5077 1657 5135 ferentes
1690 5080 1823 5148 ipsae
1863 5082 2060 5137 mulie-

476 5176 603 5226 res,
632 5160 848 5218 ridcirco
897 5164 962 5218 ad
1012 5162 1180 5219 Deum
1237 5166 1634 5238 confugiebant
1688 5172 1879 5227 multis
1918 5187 2056 5239 cum

473 5250 733 5323 lacrymis
785 5252 1084 5324 multisque
1129 5256 1461 5325 ejulatibus,
1506 5256 1711 5331 Deique
1761 5263 2055 5332 providen—

475 5347 605 5400 tiam
633 5354 693 5400 ut
724 5347 779 5401 in
808 5362 868 5402 re
893 5346 1184 5418 desperata
1218 5348 1606 5420 implorabant.
1642 5352 1937 5426 Propterea
1967 5358 2048 5413 sic

472 5435 617 5505 loqui
648 5438 822 5507 pergit
850 5454 869 5493 :

2161 4710 2464 4781 τραπέντες
2488 4710 2622 4779 βίον,
2655 4711 2753 4774 τὰς
2786 4712 3026 4783 πρόσθεν
3052 4713 3263 4767 ἑαυτῶν
3295 4717 3560 4782 γυναῖκας
3585 4716 3742 4785 ἠφίε-

2160 4818 2282 4864 σαν,
2314 4802 2400 4870 ἐφ’
2434 4799 2630 4871 ἐτέρας
2673 4802 2823 4867 ὅπως
2852 4804 2982 4857 ποτὲ
3022 4805 3317 4877 τρέποντες
3348 4805 3410 4859 τὸ
3433 4806 3587 4877 ὄμμα
3608 4824 3621 4839 ’
3648 4807 3743 4861 καὶ

2160 4891 2261 4955 τὰς
2292 4891 2389 4962 μὲν
2423 4892 2481 4945 ἐν
2528 4894 2724 4965 μακρῷ
2764 4894 2843 4967 τῷ
2869 4897 3046 4968 χρόνῳ
3094 4899 3485 4967 συγγεγονυίας
3522 4899 3704 4962 αὐτοῖς
3725 4938 3741 4961 ,

2157 4984 2253 5037 καὶ
2289 4982 2353 5054 δὴ
2386 4982 2482 5036 καὶ
2513 4984 2622 5039 τῶν
2656 4986 2799 5041 κατά
2846 4988 2946 5060 τὴν
2980 4989 3361 5061 αἰχμαλωσίαν
3406 4992 3596 5047 κακῶν
3630 4992 3743 5046 τῶν

2154 5092 2215 5130 τε
2247 5074 2434 5129 αὐτόθι
2474 5076 2868 5148 ταλαιπωριῶν
2916 5084 3380 5154 κεκοινωνηκυίας
3423 5084 3607 5148 αὐτοῖς
3640 5084 3743 5139 ἀπ-

2155 5168 2379 5224 έδαλλον
2403 5168 2593 5233 ἀδεῶς,
2618 5170 2703 5239 ἐφ’
2721 5170 2914 5242 ἑτέρας
2940 5172 2997 5225 δὲ
3025 5173 3314 5244 ἐτρέποντο
3338 5176 3396 5243 ἐξ
3420 5175 3735 5240 ἀκολασίας·

2154 5258 2250 5315 εἶτ’
2273 5260 2533 5330 οὐδεμιᾶς
2561 5260 2810 5315 ἐντεῦθεν
2830 5261 3084 5333 βοηθείας
3107 5266 3529 5339 προσαγομένης
3551 5267 3740 5331 κακῶς
3770 5319 3775 5330 ι

2155 5354 2493 5427 πασχούσαις
2525 5356 2646 5418 ταῖς
2666 5354 2932 5422 γυναιξὶν,
2965 5355 3084 5408 οὐδέ
3114 5373 3258 5423 τινος
3286 5360 3400 5421 τοῖς
3430 5358 3739 5429 γινομένοις

2151 5444 2531 5517 ἐπιτιμῶντος,
2555 5445 2868 5513 ἀναγκαίως
2887 5446 2987 5517 τήν
3008 5464 3066 5500 τε
3092 5446 3250 5520 ὕϐριν
3271 5450 3363 5503 καὶ
3384 5448 3482 5522 τὴν
3511 5450 3737 5520 ἀτιμίαν

471 5529 529 5580 at
554 5529 811 5597 γυναῖκες
833 5528 894 5580 οὐ
919 5530 1201 5601 φέρουσαι,
1221 5534 1393 5607 ταύτῃ
1421 5534 1513 5591 ἐπὶ
1535 5536 1627 5592 τὸν
1652 5538 1785 5594 Θεὸν
1814 5541 2155 5614 κατέτρεχον,
2193 5540 2408 5603 πολλοῖς
2433 5537 2532 5608 μὲν
2564 5540 2675 5600 τοῖς
2704 5537 2955 5607 δάκρυσι,
2980 5539 3202 5603 πολλαῖς
3235 5540 3293 5595 δὲ
3322 5543 3443 5605 ταῖς
3469 5542 3736 5611 οἰμωγαῖς

469 5620 827 5692 κεχρημέναι,
865 5622 960 5676 καί
994 5624 1094 5696 τῆς
1123 5630 1273 5701 παρά
1308 5630 1442 5687 Θεοῦ
1476 5636 1730 5707 προνοίας
1768 5636 1845 5702 ὡς
1886 5636 1944 5691 ἐν
1981 5636 2304 5709 ἀϐοηθήτοις
2336 5633 2582 5701 ἀξιοῦσαι
2605 5633 2828 5714 τυχεῖνκ.
2854 5630 3027 5706 ’Υπὲρ
3057 5630 3120 5703 δὴ
3151 5631 3354 5689 τούτων
3400 5630 3544 5691 οὕτω
3581 5633 3734 5707 φησι·

549 5757 592 5792 ⁸⁷
638 5757 784 5819 Ρειιι.
818 5776 1005 5833 unt,
1035 5762 1089 5823 6.
