4162 6498
501 436 606 494 615

1700 421 2055 481 TllEODORl
2085 423 2134 480 Μ
2141 414 2576 481 OPSUESTENl

3668 415 3779 478 6l6

495 553 764 617 dimissa,
823 556 934 603 tam
995 545 1239 617 legitime
1287 543 1389 598 tibi
1451 540 1744 612 copulata,
1801 540 1870 595 ad
1925 539 2087 594 aliam

2198 537 2350 611 σάρξ,
2391 539 2486 592 καὶ
2535 535 2688 592 κοινά
2718 535 2937 607 ἡγοῖσθε
2973 531 3043 588 τὰ
3077 534 3344 607 ἀλλήλων.
3398 529 3534 590 Εἶτα
3571 535 3779 609 ταύτην

499 645 730 702 libidine
763 639 1084 698 stimulante
1123 632 1389 691 transilis.
1435 633 1622 705 Neque
1655 632 1790 687 illud
1827 641 2085 702 reputas,

497 737 724 808 nuptias
778 733 850 789 ob
912 730 1133 803 generis
1197 726 1610 784 successionem
1675 731 1973 786 constare,
2029 728 2089 776 ut

499 829 672 899 stirps
747 826 1027 886 humana,
1059 835 1183 891 quae
1211 827 1389 874 morte
1428 815 1831 886 exstinguitur,
1881 813 2092 869 libero-

500 930 621 972 rum
685 913 945 984 genitura
1003 915 1386 965 conservetur.
1445 904 1823 972 Quamobrem
1882 902 2091 974 nuptiae

500 1003 876 1062 successionis
902 1001 1408 1056 machinamentum
1440 1012 1471 1051 a
1506 996 1620 1052 Deo
1648 997 1886 1051 inventa:
1913 1001 2086 1050 sunt:

501 1098 555 1154 id
585 1098 731 1152 enim
767 1096 925 1149 aiunt
953 1094 1120 1150 verba
1145 1110 1164 1144 ι
1187 1091 1433 1163 reliquiae
1464 1089 1695 1160 spiritus
1726 1087 1808 1142 tui
1830 1105 1878 1156 ,ι
1902 1086 1959 1142 id
1979 1096 2085 1153 est,

502 1203 630 1244 eum
677 1185 968 1258 praesentis
1022 1183 1289 1254 temporis
1341 1183 1511 1236 vitam
1557 1178 1837 1250 deponere
1887 1177 2092 1233 debeas

505 1283 522 1350 (
552 1287 717 1352 prcut
749 1278 956 1334 dictum
995 1284 1133 1338 est,c
1158 1273 1330 1329 exibit
1361 1272 1590 1343 spiritus
1619 1271 1741 1343 ejus
1764 1310 1780 1335 ,
1817 1275 1876 1324 et
1905 1283 2092 1325 rever-

503 1380 653 1427 tetur
682 1371 846 1426 homo
879 1367 934 1423 in
973 1367 1251 1438 pulverem
1285 1378 1446 1419 suum
1471 1362 1520 1395 ⁹⁹
1548 1379 1568 1413 ι
1591 1360 1694 1434 )ne
1713 1369 1866 1417 totus
1907 1360 2092 1432 perire

502 1460 782 1526 videaris,
825 1458 1054 1530 reliquit
1100 1456 1202 1512 tibi
1247 1454 1394 1510 Deus
1425 1451 1836 1510 successionem
1882 1466 2093 1507 memo-

502 1555 602 1612 rize
627 1554 826 1618 instar,
857 1559 911 1607 et
943 1547 1230 1606 residuum
1257 1545 1583 1602 substantia:
1611 1557 1930 1615 personaeve
1959 1549 2088 1598 tute.

505 1646 582 1700 Ea
622 1653 850 1716 propter
879 1641 1264 1713 respicientem
1299 1648 1352 1692 te
1385 1637 1452 1692 ad
1483 1635 1797 1706 nuptiarum
1827 1648 2052 1689 causam
2072 1670 2090 1699 ,

503 1736 794 1807 oportebat
823 1733 987 1804 377
1021 1747 1137 1787 rem
1175 1730 1318 1785 hanc
1342 1727 1618 1790 revereri,
1645 1740 1824 1796 neque
1858 1739 2094 1796 peccare

503 1834 701 1882 contra
734 1827 884 1896 leges
913 1824 982 1880 de
1012 1824 1100 1878 his
1133 1837 1164 1876 a
1196 1821 1308 1876 Deo
1345 1818 1654 1890 antiquitus
1695 1817 1938 1888 positas,
1991 1815 2092 1872 sed

507 1933 607 1973 eas
642 1915 937 1971 inviolatas
983 1911 1302 1976 custodire,
1338 1919 1393 1964 et
1425 1908 1482 1976 in
1531 1906 1780 1978 priorum
1834 1905 2093 1976 coniugio

507 2022 885 2080 perseverare,
910 2020 1051 2076 quas
1075 2003 1366 2075 praedictas
1398 2001 1470 2057 ob
1503 2011 1704 2053 causas
1733 1997 2006 2063 duxistis,
2037 2005 2094 2052 et

505 2121 616 2160 non
652 2104 839 2174 potius
875 2101 1142 2158 suadente
1177 2097 1445 2164 libidine,
1476 2093 1725 2150 dimissis
1758 2091 1982 2164 primis,
2024 2091 2093 2146 ad

503 2198 779 2253 secundas
815 2193 1079 2250 transire.

485 2415 500 2424 ν
578 2379 719 2435 Tum
750 2377 1076 2441 mirabiliter
1103 2373 1402 2431 admodum
1429 2372 1708 2429 addiditu
1739 2370 1806 2426 Et
1831 2369 2052 2426 dixistis
2079 2387 2094 2425 :

508 2473 782 2540 Quidnam
817 2469 1016 2540 quaerit
1045 2467 1204 2539 .Deus
1233 2465 1386 2521 aliud
1428 2481 1594 2538 quam
1629 2463 1859 2520 semen?
1891 2483 1911 2516 ι
1946 2462 2099 2529 Quo-

507 2564 659 2620 niam
734 2562 1066 2618 videbantur
1114 2576 1181 2615 ex
1245 2559 1544 2631 illegitimis
1599 2557 1767 2613 etiam
1829 2556 2098 2612 uxoribus

507 2657 712 2711 liberos
741 2655 1044 2729 suscipere,
1089 2651 1340 2722 Hoc,ait,
1362 2652 1562 2718 facitis,
1611 2665 1723 2706 non
1746 2650 1876 2721 quia
1907 2664 2099 2705 sacras

505 2747 839 2804 reveremini
873 2747 1020 2816 leges
1045 2745 1112 2799 de
1136 2745 1346 2813 nuptiis
1377 2755 1407 2796 a
1441 2741 1554 2797 Deo
1578 2742 1811 2812 positas,
1848 2740 1945 2796 sed
1968 2741 2098 2812 quia

507 2855 663 2894 more
703 2836 975 2906 pecudum
1019 2835 1086 2890 ad
1144 2835 1354 2889 coitum
1402 2833 1788 2888 tantummodo
1827 2842 1992 2904 atque
2030 2832 2099 2888 ad

514 2928 849 3001 gignendum
911 2927 1280 2993 ineumbitis;
1343 2933 1400 2980 et
1451 2934 1713 2995 tanquam
1761 2939 1791 2978 a
1850 2923 1962 2978 Deo
2019 2925 2100 2979 sic

509 3021 840 3093 comparati,
889 3020 962 3075 ita
995 3021 1209 3090 priores
1243 3032 1443 3073 uxores
1472 3014 1774 3082 dimittitis,
1823 3026 1988 3087 atque
2031 3017 2100 3072 ad

513 3117 716 3170 alteras
759 3115 1038 3179 transitis,
1091 3112 1230 3166 nihil
1281 3110 1555 3165 interesse
1601 3117 1862 3179 putantes
1913 3117 2098 3164 utrum

512 3224 578 3262 ex
616 3206 700 3260 his
739 3206 942 3260 liberos
979 3202 1301 3273 suscipiatis
1345 3217 1414 3255 an
1462 3216 1530 3256 ex
1587 3201 1698 3256 illis
1736 3217 1748 3252 :
1784 3216 1908 3256 cum
1953 3201 2100 3258 scire

513 3298 811 3362 deberetis,
859 3296 1089 3350 liberam
1143 3293 1554 3372 propagationis
1599 3292 1877 3348 licentiam
1917 3293 2096 3350 brutis

513 3389 848 3454 convenire;
879 3385 1249 3441 rationalibus
1283 3399 1433 3448 vero,
1467 3384 1782 3454 nuptiarum
1809 3385 1966 3456 juxta
1998 3384 2094 3442 Dei

515 3481 663 3551 leges
710 3477 1013 3542 vinculum,
1047 3482 1213 3544 atque
1242 3488 1310 3528 cx
1351 3473 1438 3530 his
1470 3475 1611 3530 velle
1641 3474 1745 3530 sibi
1790 3475 2097 3532 successio-

514 3585 636 3622 nom
688 3577 1034 3635 comparare.
1053 3564 1271 3622 Etenim
1285 3569 1389 3623 hoc
1400 3569 1565 3624 etiam
1578 3568 1700 3621 loco
1714 3568 1966 3634 verbum,
1982 3589 1998 3620 ι
2009 3570 2094 3625 di-

509 3656 687 3724 xistis,
713 3651 890 3709 »ιωυά
954 3671 1142 3711 vocem
1170 3654 1426 3721 denotat;
1455 3670 1580 3710 nam
1607 3673 1709 3712 nec
1732 3658 1849 3713 ﬁeri
1883 3669 2096 3730 poterat

506 3752 569 3799 ut
607 3745 882 3810 dicerent,
933 3745 1105 3799 Deum
1147 3745 1286 3799 nihil
1318 3743 1466 3798 aliud
1506 3761 1671 3814 quam
1722 3763 1909 3805 semen
1947 3767 2095 3821 quae-

513 3846 656 3896 rere,
708 3834 803 3888 sed
849 3833 1157 3904 improbam
1210 3835 1414 3890 mentis
1451 3834 1798 3894 all‘ectionem
1849 3841 1966 3894 vult
2008 3842 2099 3898 de-

514 3931 867 3990 monstrare;
904 3934 960 3978 et
993 3924 1138 3993 quod
1172 3925 1356 3979 omnia
1393 3935 1638 3997 agerent,
1679 3944 1789 3984 non
1834 3938 2097 4002 tanquam

511 4013 764 4070 homines
823 4015 1160 4083 rationales,
1225 4017 1317 4086 qui
1377 4017 1591 4087 legibus
1646 4019 1846 4075 debent
1893 4020 2097 4079 divinis

511 4109 728 4173 vivere,
780 4107 874 4162 sed
932 4123 1082 4162 more
1131 4107 1405 4177 pecudum
1456 4109 1659 4164 coitum
1718 4113 2098 4170 tantummodo

512 4207 564 4252 et
596 4198 1040 4269 propagationem
1071 4198 1410 4256 aﬂ‘ectarent.
1449 4199 1654 4256 Deinde
1675 4201 1847 4272 legem
1877 4219 2099 4276 quoque

513 4293 664 4361 pou't
701 4311 713 4345 :
749 4309 768 4342 ι
799 4290 863 4344 Et
894 4291 1168 4347 custodite
1199 4291 1254 4346 in
1293 4291 1492 4362 spiritu
1528 4301 1748 4360 vestro;
1791 4303 1846 4350 et
1871 4311 2096 4354 uxorem

509 4383 812 4454 juventutis
863 4391 968 4438 tua:
1003 4399 1072 4439 ne
1108 4385 1352 4440 deseras.
1385 4406 1405 4438 ι
1438 4384 1602 4441 Omni
1653 4387 1840 4458 itaque
1891 4389 2098 4445 seduli-

512 4484 624 4531 tate
676 4476 803 4532 date
862 4476 917 4530 in
963 4485 1242 4546 posterum
1303 4493 1550 4548 operam,
1603 4490 1665 4536 ut
1725 4496 1836 4537 non
1887 4484 2098 4555 absque

2187 633 2346 701 ἀφεὶς
2369 630 2468 703 τὴν
2493 631 2586 684 ἐπὶ
2607 629 2871 693 τοιούτοις
2907 646 2988 682 σοι
3027 628 3412 699 συναφθεϊσαν,
3456 629 3542 698 ἐφ’
3585 627 3782 699 ἐτέραν

2189 721 2414 794 μετῄεις
2441 721 2500 788 ἐξ
2530 720 2856 785 ἀκολασίας’
2910 719 3034 774 ούδέ
3082 722 3259 774 ἐκεῖνο
3294 720 3649 789 λογισάμενος
3689 717 3776 769 ὃτι

2190 814 2284 868 ἐπὶ
2318 814 2537 886 διαδοχῇ
2578 811 2769 882 γένους
2802 813 2831 865 ὁ
2877 813 3058 883 γάμος
3125 812 3482 882 συνέστηκεν,
3520 809 3597 880 (p.
3645 806 3776 878 555)

2189 906 2279 962 ἶνα
2315 906 2532 978 θανάτῳ
2577 904 3032 977 διαφθειρόμενον
3065 903 3128 957 τὸ
3156 903 3311 972 γένος
3331 899 3681 970 ἀνασώζηται
3713 902 3780 972 τῇ

2187 1000 2534 1072 τεκνογονίαο
2571 997 2712 1054 ὥστε
2752 1001 2780 1053 ὁ
2827 999 3007 1069 γάμος
3053 993 3353 1068 μηχάνημα
3390 994 3490 1068 τῆς
3529 993 3781 1065 διαδοχῆς

2190 1091 2420 1165 εὓρηται
2452 1090 2606 1164 παρὰ
2630 1087 2725 1145 τοῦ
2759 1090 2928 1144 Θεοῦο
2954 1088 3114 1144 τοῦτο
3154 1087 3264 1160 γάρ
3300 1085 3447 1157 λέγει
3483 1085 3545 1141 τὸ
3581 1106 3600 1140 ι
3646 1085 3782 1141 ὑπόο

2189 1183 2398 1254 λειμμα
2427 1182 2738 1253 πνεύματός
2768 1197 2885 1246 σου,
2936 1199 2956 1234 ι
2992 1180 3115 1234 ἀντὶ
3145 1179 3265 1245 τοῦ,
3326 1177 3548 1251 Ἐπειδὴ
3587 1177 3780 1233 ἀποτί-

2192 1276 2382 1332 θεσθαι
2437 1275 2654 1348 μέλλεις
2705 1273 2803 1328 τοῦ
2850 1273 3121 1346 παρόντος
3167 1272 3285 1344 βίου
3319 1271 3418 1344 τὴν
3455 1271 3623 1345 ζωὴν,
3668 1263 3783 1326 οἶόν

2191 1369 2310 1421 ἐστι
2343 1367 2426 1432 τὸ,
2461 1385 2480 1418 ι
2537 1365 2914 1430 Ἐξελεύσεται
2959 1364 3022 1419 τὸ
3072 1363 3290 1436 πνεῦμα
3335 1364 3501 1419 αὐτοῦ
3538 1363 3635 1417 καὶ¹
3664 1364 3784 1418 ἐπι-

2193 1458 2415 1532 στρέψει
2450 1459 2530 1522 είς
2576 1457 2668 1514 τὸν
2703 1456 2834 1530 χοῦν
2871 1457 3060 1525 αὑτοῦ,
3105 1477 3124 1508 ι
3161 1457 3238 1521 ὡς
3280 1457 3346 1512 ἂν
3387 1455 3462 1528 μὴ
3501 1454 3786 1519 παντελῶς

2192 1550 2526 1606 ἀπόλλυσθαι
2574 1549 2826 1621 δοκοίης,
2885 1550 3183 1605 ὑπελίπετό
3239 1567 3324 1603 σοι
3374 1549 3476 1619 τὴν
3535 1547 3786 1619 διαδοχὴν

2195 1643 2539 1715 μνημόσυνον
2564 1644 2593 1695 ό
2610 1640 2768 1710 Θεὸς,
2811 1642 2907 1696 καὶ
2937 1641 3193 1712 λείψανον
3217 1642 3317 1712 τῆς
3341 1657 3400 1692 τε
3433 1639 3786 1701 ὑποστάσεως

2192 1735 2293 1806 τῆς
2316 1734 2418 1805 σῆς
2443 1749 2456 1761 ·
2485 1732 2628 1787 ὥστε
2661 1732 2756 1786 καὶ
2777 1731 2916 1805 πρὸς
2959 1732 3059 1803 τὴν
3087 1731 3267 1786 αἰτίαν
3317 1730 3532 1803 ὁρῶντα
3561 1728 3656 1784 τοῦ
3685 1729 3787 1799 γά-

2199 1844 2322 1900 μου,
2354 1825 2687 1881 δεδίττεσθαι
2719 1824 2782 1879 τὸ
2814 1825 3046 1898 πρᾶγμα
3078 1824 3266 1897 ἐχρῆν,
3296 1823 3393 1878 καὶ
3420 1821 3498 1896 μὴ
3527 1819 3786 1894 πλημμε-

2195 1920 2308 1973 λεῖν
2366 1918 2448 1982 εἰς
2492 1919 2620 1982 τοὺς
2649 1917 2779 1989 περὶ
2808 1915 2999 1970 τούτου
3039 1917 3297 1980 τεθέντας
3341 1915 3542 1986 νόμους
3579 1912 3787 1968 ἀνωθεν

2198 2009 2350 2082 παρά
2386 2008 2483 2064 τοῦ
2511 2010 2669 2076 Θεοῦ,
2715 2008 3006 2080 φυλάττειν
3039 2008 3098 2063 δὲ
3143 2009 3343 2073 αὐτοὺς
3380 2009 3676 2082 ἀκεραίους
3708 2005 3787 2078 τῷ

2199 2103 2384 2175 μένειν
2411 2103 2503 2156 ἐπὶ⁴
2529 2101 2639 2155 τῶν
2668 2101 2970 2173 προτέρων,
2995 2099 3061 2165 ἃς
3083 2099 3227 2154 οὕτω
3247 2118 3306 2154 τε
3329 2101 3425 2156 καὶ
3451 2101 3545 2154 ἐπὶ
3575 2099 3788 2162 τούτοις

2196 2193 2497 2266 ὴγάγεσθε,
2545 2191 2620 2265 μὴ
2657 2192 2764 2266 μὴν
2812 2191 2873 2258 ἐξ
2917 2193 3217 2257 ἀκολασίας
3265 2193 3486 2263 ἀφιέναι
3540 2191 3640 2264 μὲν
3689 2190 3787 2255 τὰς

2197 2285 2442 2360 πρώτας,
2488 2284 2848 2357 μεθίστασθαι
2881 2285 2938 2338 δὲ
2967 2286 3052 2353 ἐφ’
3081 2285 3296 2357 ἐτέρας.
3669 2312 3672 2316 ι

2269 2379 2379 2434 Καὶ
2417 2375 2843 2450 θαυμασιώτατα
2891 2378 3172 2450 ἐπήγαγε·
3230 2394 3251 2429 ι
3296 2375 3408 2432 Καὶ
3453 2376 3667 2441 είπατε,
3721 2374 3789 2429 Τί

2198 2471 2328 2527 ἄλλο
2368 2469 2523 2541 ζητεῖ
2566 2472 2595 2524 ό
2650 2469 2804 2536 Θεὸς,
2839 2471 2872 2542 ἢ
2925 2470 3179 2540 σπέρμα;
3235 2487 3255 2520 ι
3301 2467 3520 2539 Ἐπειδὴ
3569 2467 3790 2521 ἐδόκουν

2200 2562 2296 2617 καὶ
2350 2563 2416 2616 ἐκ
2475 2559 2584 2616 τῶν
2639 2560 2978 2632 παρανόμως
3040 2557 3464 2629 συναπτομένων
3514 2556 3790 2627 γυναικῶν

2201 2652 2655 2718 παιδοποιεῖσθαι,
2695 2651 2887 2716 Τοῦτο,
2925 2651 3113 2722 φησὶν,
3162 2651 3264 2722 οὐχ
3312 2649 3390 2715 ώς
3452 2649 3654 2720 νόμους
3701 2650 3790 2702 al-

2201 2743 2376 2798 δεῖσθε
2421 2743 2598 2807 θείους
2634 2741 2763 2806 τοὺς
2803 2741 3061 2814 περὶτοῦ
3102 2743 3283 2815 γάμου
3327 2742 3585 2806 τεθέντας
3638 2741 3792 2814 παρά

2201 2835 2295 2889 τοῦ
2338 2832 2494 2901 Θεοῦ,
2539 2833 2654 2887 ἀλλ’
2688 2833 2765 2897 ώς
2807 2833 2965 2904 δίκην
3027 2831 3240 2902 ἀλόγων
3284 2833 3366 2897 εἰς
3409 2831 3699 2886 συνουσίαν
3727 2848 3792 2886 τε

2203 2927 2299 2980 καὶ
2324 2924 2401 2996 τῷ
2438 2925 2641 2979 τίκτειν
2686 2925 2846 2996 μόνον
2889 2924 3226 2995 ἐκκείμενοισ
3257 2924 3351 2978 καί
3374 2923 3468 2976 ἐπὶ
3492 2922 3667 2994 τούτῳ
3699 2939 3792 2992 γε·

2202 3019 2422 3087 γονὸτες
2470 3015 2622 3089 παρὰ
2667 3015 2762 3069 τοῦ
2811 3015 2970 3079 Θεοῦ,
3009 3015 3153 3069 οὕτω
3197 3015 3297 3079 τάς
3355 3015 3455 3087 μὲν
3512 3015 3790 3086 προτέρας

2203 3110 2416 3179 ἀφίετε,
2456 3111 2540 3178 ἐφ’
2576 3109 2768 3179 ἐτέρας
2802 3107 2858 3160 δὲ
2904 3107 3153 3178 ἔρχεσθε,
3203 3105 3463 3177 οὐδεμίαν
3520 3103 3797 3175 διαφοράν

2202 3199 2341 3257 εἶναι
2364 3203 2697 3273 νομίζοντες,
2729 3201 2761 3271 ἢ
2799 3200 2858 3268 ἐξ
2888 3200 3115 3254 ἐκείνων
3142 3200 3480 3267 τεκνογονεῖν
3511 3198 3545 3269 ἦ
3580 3199 3643 3250 ἐκ
3669 3195 3792 3248 τού-

2202 3312 2342 3350 των”
2395 3295 2514 3350 δέον
2569 3295 2788 3358 εἰδέναι,
2837 3291 3020 3346 ὅτιτὸ
3070 3292 3167 3362 μὲν
3216 3290 3371 3354 ἀδεές
3399 3291 3500 3360 τῆς
3537 3289 3792 3360 διαδοχῆς

2200 3389 2416 3458 ἀλόγοις
2451 3387 2743 3459 ἁρμόττον,
2792 3386 2869 3456 (p.
2911 3384 3039 3454 556)
3088 3387 3199 3448 τοῖς
3236 3383 3292 3437 δὲ
3337 3383 3497 3451 λόγου
3541 3381 3796 3453 μετειλη-

2201 3482 2328 3552 φόσι
2361 3480 2572 3553 πρέπον
2597 3480 2659 3532 τὸ
2693 3478 2831 3550 μετὰ
2857 3477 2967 3531 τῶν
3001 3477 3182 3548 νόμων
3213 3477 3320 3532 τῶν
3355 3476 3514 3530 θείων
3549 3475 3794 3546 μετιέναι

2199 3590 2258 3627 τε
2279 3575 2406 3637 τοὺς
2423 3572 2657 3643 γάμους,
2689 3571 2783 3624 καὶ
2811 3570 2908 3642 τὴν
2940 3568 3198 3623 ἐντεῦθεν
3230 3569 3481 3639 στέργειν
3506 3567 3755 3638 διαδοχήν
3777 3583 3790 3596 ·

2199 3664 2476 3719 κάνταῦθα
2525 3663 2632 3735 γὰρ
2679 3663 2738 3716 τὸ
2772 3681 2790 3714 ε
2835 3663 3048 3726 εἴπατε,
3085 3682 3103 3713 ι
3141 3662 3202 3715 ού
3239 3662 3421 3730 φωνὴν
3463 3660 3630 3729 λέγει,
3674 3659 3796 3712 ἐπεὶ

2202 3752 2339 3826 μηδέ
2373 3747 2485 3805 οἷόν
2513 3769 2572 3806 τε
2629 3747 2696 3823 ἦν
2731 3751 2927 3815 αὐτοὺς
2961 3750 3117 3804 τοῦτο
3142 3751 3335 3814 εἰπεῖν,
3371 3751 3452 3803 ὅτι
3489 3748 3641 3802 οὐδὲν
3669 3747 3797 3801 ἄλλο

2199 3843 2354 3915 ζητεί
2398 3843 2532 3908 Θεὸς
2577 3841 2694 3896 ἀλλ’
2743 3842 2776 3913 ἢ
2827 3842 3071 3914 σπέρμα,
3110 3842 3224 3897 ἀλλ’
3269 3844 3357 3898 ἵνα
3408 3843 3506 3914 τὴν
3556 3841 3796 3896 διάθεσιν

2200 3935 2332 4006 εἴπῃ
2367 3934 2467 4004 τῆς
2520 3932 2757 3997 διανοίας
2815 3931 3096 4004 μοχθηρὰν
3140 3929 3339 3988 οὖσαν*
3391 3934 3484 3987 καὶ
3530 3935 3611 3987 ὅτι
3653 3933 3796 3988 οὕτω

2200 4025 2379 4080 πάντα
2431 4024 2721 4097 ἔπραττον,
2771 4025 2870 4095 οὐχ
2911 4025 2987 4089 ώς
3034 4025 3311 4096 ἄνθρωποι
3361 4025 3570 4095 λογικοὶ
3613 4025 3797 4096 νόμοις

2201 4121 2300 4192 ζῇν
2327 4119 2632 4188 ὀφείλοντες
2681 4115 2867 4180 θείοις,
2913 4117 3029 4171 ἀλλ’
3081 4117 3157 4180 ὡς
3206 4117 3362 4187 δίκην
3413 4117 3622 4186 ἀλόγων
3660 4115 3798 4188 πρὸς

2198 4213 2298 4282 τὴν
2328 4208 2473 4283 μίξιν
2503 4211 2661 4281 μόνον
2687 4209 2779 4262 καὶ
2807 4207 2906 4279 τὴν
2933 4209 3182 4280 διαδοχὴν
3211 4208 3491 4262 ἐκκεῖσθαι
3509 4224 3525 4240 ⁸
3557 4205 3675 4264 εἶτα
3701 4208 3797 4263 καὶ

2200 4303 2362 4374 νόμον
2388 4301 2576 4366 τιθεὶς,
2608 4319 2628 4353 ι
2666 4299 2779 4353 Καὶ
2800 4298 3110 4370 φυλάξασθε
3135 4301 3193 4352 ἐν
3221 4299 3298 4371 τῷ
3324 4303 3596 4371 πνεύματι
3620 4301 3793 4372 ὑμῶν,

2201 4393 2294 4448 καὶ
2322 4393 2555 4463 γυναῖκα
2585 4389 2837 4460 νεότητός
2867 4407 2959 4442 σου
2995 4389 3070 4460 μὴ
3099 4389 3494 4462 ἐγκαταλίπῃς.
3531 4410 3550 4443 ι
3571 4392 3799 4462 Τοιγαρ-

2199 4484 2292 4538 οῦν
2346 4485 2532 4537 πᾶσαν
2585 4481 2904 4551 ἐπιμέλειαν
2965 4482 3263 4552 ποιήσασθε
3315 4481 3410 4534 τοῦ
3463 4482 3651 4538 λοιποῦ
3702 4482 3794 4536 τοῦ

513 4569 742 4624 decente
780 4568 978 4624 all'ectu
1034 4585 1158 4624 cum
1197 4570 1470 4626 uxoribus
1536 4573 1734 4628 vivatis
1780 4590 1919 4645 quas
1964 4578 2094 4632 olim

2206 4577 2344 4647 μετὰ
2376 4576 2475 4646 τῆς
2512 4572 2831 4646 πρεπούσης
2863 4573 3158 4636 διαθέσεως
3198 4576 3318 4637 ταῖς
3369 4578 3634 4644 γαμεταῖς
3668 4593 3796 4629 συν-

513 4662 770 4724 duxistis,
807 4663 1008 4718 nedum
1051 4663 1152 4717 has
1187 4661 1500 4718 dimittatis.
1532 4663 1598 4717 Et
1629 4667 1758 4735 quia
1800 4668 1918 4738 ipse
1950 4668 2096 4725 Deus

513 4769 610 4822 per
644 4753 885 4824 Moysem
917 4753 1162 4806 libellum
1196 4753 1412 4822 repudii
1452 4753 1572 4808 dari
1605 4755 1772 4824 jussit
1802 4760 2094 4825 uxoribus,

461 4894 464 4896 γ
514 4853 719 4913 quanta
743 4844 815 4899 sit
843 4845 988 4898 inter
1017 4851 1312 4914 utramque
1339 4858 1458 4900 rem
1498 4845 1810 4903 diﬂ‘erentia
1853 4851 2100 4905 ostendit

513 4935 701 4991 dicens
738 4955 751 4990 :

584 5026 752 5082 Vsus.
783 5026 870 5081 16.
891 5057 963 5067 --
985 5044 1004 5078 ‹
1027 5025 1135 5082 Sed
1161 5026 1206 5082 si
1232 5026 1359 5082 odio
1381 5027 1664 5096 habueris,
1697 5029 1933 5099 dimitte,
1967 5034 2102 5090 dicit

513 5117 778 5173 Dominus
807 5117 1252 5173 Deuslsrael.»Si
1280 5119 1502 5187 quando
1528 5135 1594 5174 ex
1609 5120 1776 5191 378
1797 5125 2101 5181 acerbitate

513 5211 759 5265 muiieris
778 5249 792 5274 ,
821 5218 910 5263 aut
936 5225 1106 5280 pravo
1134 5209 1352 5278 ingenio
1372 5250 1386 5273 ,
1419 5219 1512 5264 aut
1536 5211 1672 5268 vitio
1698 5215 1944 5284 quolibet
1969 5233 2091 5272 eam

513 5304 640 5358 odio
665 5303 884 5373 dignam
928 5303 1184 5380 faciente,
1218 5302 1271 5355 in
1316 5303 1632 5373 hujusmodi
1665 5308 1733 5363 de
1777 5322 1840 5363 ea
1871 5319 2096 5365 senten-

514 5394 646 5449 tiam
674 5395 946 5449 adductus
973 5394 1166 5454 fueris,
1199 5402 1332 5449 tunc
1365 5411 1485 5450 eam
1517 5397 1790 5456 dimittere
1817 5403 2095 5471 mandavi,

515 5484 659 5541 haud
693 5485 946 5553 equidem
981 5486 1281 5554 nuptialem
1329 5488 1500 5559 legem
1535 5490 1863 5560 dissolvens,
1901 5496 1995 5552 sed
2030 5512 2096 5551 ex

518 5577 594 5630 rei
631 5576 917 5647 prmsentis
964 5577 1262 5646 adjunctis,
1316 5595 1422 5634 non
1457 5587 1567 5636 tam
1606 5583 1675 5639 ob
1703 5593 1851 5640 tuam
1899 5603 2101 5658 quere-

518 5664 625 5721 lam
663 5666 981 5736 permittens
1023 5683 1141 5724 eam
1181 5669 1474 5740 dimittere,
1505 5689 1670 5745 quam
1719 5685 1777 5732 ut
1819 5693 1889 5736 ne
1921 5681 2098 5750 quoti-

597 5837 842 5900 "Eccle.
875 5862 970 5913 xu,
1004 5846 1072 5917 7;
1152 5846 1277 5921 Sap.
1311 5866 1423 5919 xvi,
1457 5853 1538 5908 ll.

2207 4670 2366 4732 εἶναι,
2398 4667 2465 4730 ἃς
2495 4664 2701 4721 ἀνωθεν
2736 4664 3016 4735 εἰλήφατε,
3055 4667 3130 4738 μὴ
3168 4665 3274 4736 μὴν
3315 4667 3533 4735 ἀφιέναι
3565 4668 3794 4732 ταύτας·

2207 4759 2302 4811 καὶ
2331 4757 2521 4828 ἐπειδὴ
2554 4755 2717 4819 αὐτὸς
2760 4755 2850 4809 διὰ
2896 4757 3176 4820 Μωῦσέως
3223 4756 3423 4827 βιϐλίον
3467 4757 3798 4812 ἀποστασίου

2209 4850 2509 4923 προσέταξε
2538 4851 2774 4906 δίδοσθαι
2803 4847 2923 4916 ταῖς
2943 4849 3178 4921 γυναιξὶ,
3216 4852 3430 4916 δεικνὺς
3459 4852 3654 4906 ὁπόσον
3684 4852 3799 4905 ἐστὶ

2209 4943 2270 4996 τὸ
2296 4941 2572 5015 διάφορον,
2604 4945 2798 5012 ἐπάγει
2819 4960 2834 4976 ·

2273 5034 2423 5105 Στίχ.
2455 5035 2550 5100 ις’.
2589 5055 2705 5088 -‹
2753 5035 2894 5089 Ἀλλ’
2949 5037 3045 5090 ἐὰν
3091 5037 3348 5108 μισήσῃς,
3394 5037 3796 5102 ἐξαπόστειλον,

2201 5129 2348 5197 λέγει
2375 5128 2579 5199 Κύριος
2610 5131 2637 5183 ό
2666 5130 2798 5193 Θεὸς
2844 5129 2938 5182 τοῦ
2986 5129 3223 5201 Ἰσραήλ.
3263 5148 3280 5181 ι
3321 5129 3436 5183 Ὄτ’
3469 5130 3534 5182 ἂν
3567 5130 3664 5201 μὲν
3695 5129 3802 5201 γάρ

2205 5225 2269 5275 ἐκ
2309 5222 2594 5286 δυσκολίας
2635 5223 2913 5292 γυναικὸς,
2961 5224 2995 5294 ἣ
3041 5240 3185 5284 τινος
3233 5222 3530 5292 μοχθηρᾶς,
3581 5222 3613 5292 ἦ
3666 5223 3803 5286 ὅλως

2206 5313 2406 5384 ἐτέρων
2432 5313 2592 5366 τινών
2621 5313 2728 5367 τῶν
2755 5312 2908 5377 ἀξίαν
2940 5314 3109 5385 αὐτὴν
3135 5311 3229 5364 τοῦ
3259 5313 3533 5383 μισεῖσθαι
3559 5312 3803 5366 δεικνύν-

2205 5421 2332 5467 των,
2379 5405 2458 5468 είς
2499 5404 2558 5457 τὸ
2604 5404 2854 5475 τοιαύτην
2895 5405 3038 5475 ἔχειν
3070 5405 3170 5474 τὴν
3210 5404 3434 5476 γνώμην
3471 5406 3602 5476 περὶ
3635 5405 3805 5473 αὐτὴν

2206 5502 2506 5571 καταστῇς,
2533 5502 2788 5554 ἀπολύειν
2821 5503 2989 5572 αὐτὴν
3022 5500 3282 5553 ἐκέλευσα
3313 5500 3454 5564 τότε,
3487 5500 3546 5552 οὐ
3578 5499 3669 5551 τὸν
3702 5516 3803 5566 γα-

2211 5592 2367 5663 μικὸν
2396 5592 2538 5646 λύων
2572 5593 2752 5664 νόμον,
2788 5595 2851 5645 ἐκ
2881 5593 2935 5645 δέ
2968 5592 3075 5646 τῶν
3104 5592 3530 5662 συμϐαινόντων,
3562 5592 3622 5644 οὐ
3656 5592 3802 5657 παρὰ

2203 5685 2303 5756 τὴν
2333 5685 2430 5758 σὴν
2459 5685 2638 5741 αἰτίαν
2670 5685 2977 5756 ἐπιτρέπων
3008 5703 3088 5740 σοι
3121 5685 3320 5757 μᾶλλον
3357 5685 3529 5758 αὐτὴν
3560 5683 3802 5756 ἀφιέναι,
