4162 6494
351 478 458 533 617

1295 481 1854 543 COMMENTARIUS
1881 478 1951 537 1N
1986 478 2369 537 MALACIIIIE
2409 481 2562 540 CAP.
2597 483 2662 540 ll.

3556 471 3660 531 ets

351 618 384 693 ἢ
437 620 520 683 είς
573 614 978 689 καθημερινοὺς
1034 608 1399 666 καθίστασθαι
1448 610 1587 684 πρὸς
1637 607 1807 681 αὐτὴν
1844 605 1961 660 δια-

2070 601 2248 663 dianis
2288 605 2494 679 jurgiis
2522 621 2650 663 cum
2684 621 2748 663 ea
2796 604 3184 672 contenderes,
3233 613 3289 664 et
3336 620 3407 664 ne
3438 605 3667 680 gravius

351 708 754 782 πληκτισμοὺς,
793 706 872 778 (p.
903 704 1033 775 557)
1076 701 1287 776 μήποτέ
1327 719 1382 755 τι
1419 701 1515 756 καὶ
1559 701 1742 773 χεῖρον
1778 700 1807 753 ὁ
1857 714 1961 769 μα-

348 802 482 875 κρὸς
537 800 845 873 ἐργάσηται
896 797 1112 870 χρόνος,
1168 794 1264 851 καί
1319 812 1424 849 που
1474 792 1572 848 καὶ
1623 791 1761 863 πρὸς
1801 790 1962 861 φόνον

344 894 617 966 όπλισθῇς
641 893 742 965 τῆς
773 889 1056 961 γυναικός.
1097 888 1255 945 Οὕτω
1285 887 1397 960 γὰρ
1429 885 1526 941 xui.
1570 885 1602 939 ὁ
1652 883 1857 957 Κύριος
1902 884 1962 936 ἐν

343 992 463 1054 τοῖς
527 985 887 1056 Εὑαγγελίοις
948 984 1087 1056 πρὸς
1144 980 1472 1053 Φαρισαίους
1539 978 1925 1050 ὲρωτήσαντας
1944 1014 1962 1039 ,

348 1102 371 1135 σ
417 1082 485 1137 Τί
521 1075 618 1135 οὖν
649 1080 896 1149 Μωῦσῆς
929 1077 1100 1132 ἔδωκε
1131 1073 1338 1147 βιϐλίον
1379 1071 1757 1137 ἀποστασίου;
1797 1089 1816 1124 ι
1859 1072 1961 1123 ἒπ-

345 1178 549 1250 ήγαγε,
587 1192 606 1226 ι
639 1171 788 1245 Πρὸς
822 1171 925 1243 τὴν
977 1166 1413 1241 σκληροκαρδίαν
1461 1165 1615 1238 ὑμῶν
1661 1162 1965 1236 ἐπέτρεψεν

341 1268 493 1325 οὕτω
535 1266 800 1337 Μωῦσῆς,
853 1264 949 1318 ἀπ’
994 1261 1172 1335 ἀρχῆς
1218 1260 1277 1314 δὲ
1325 1261 1387 1315 οὐ
1426 1259 1650 1330 γέγονεν
1695 1255 1901 1320 οὕτως·
1934 1256 1965 1308 ὁ

341 1361 459 1432 γὰρ
487 1358 728 1429 ποιήσας
758 1354 819 1421 ἐξ
846 1348 1047 1427 ἀρχῆςξ
1079 1353 1247 1425 ἄρσεν
1272 1352 1367 1406 καὶ
1400 1350 1536 1424 θῆλυ
1566 1348 1826 1421 ἐποίησεν
1863 1348 1963 1403 αὺ-

340 1452 503 1518 τούς⁸
530 1451 626 1506 καὶ
646 1445 831 1504 εἶπεν
900 1449 1129 1503 Ἕνεκεν
1153 1445 1347 1502 τούτου
1393 1441 1713 1515 καταλείψει
1755 1439 1966 1513 ἄνθρω-

345 1564 453 1612 πος
484 1545 579 1600 τὸν
629 1543 844 1615 πατέρα
894 1541 1061 1597 αὑτοῦ
1113 1542 1208 1596 καὶ
1254 1540 1353 1613 τὴν
1393 1537 1608 1611 μητέρα
1650 1534 1839 1601 αὐτοῦ,
1870 1535 1966 1589 καὶ

346 1636 891 1712 προσκολληθήσεται
956 1634 1094 1707 πρὸς
1159 1633 1260 1706 τὴν
1316 1633 1552 1703 γυναῖκα
1611 1627 1778 1684 αὐτοῦ
1800 1670 1815 1696 ,
1869 1628 1963 1682 καὶ

348 1730 566 1784 ἔσονται
594 1731 644 1784 οί
675 1728 769 1784 δύο
807 1730 888 1792 είς
923 1726 1105 1798 σάρκα
1132 1724 1283 1798 μίαν.
1327 1743 1346 1778 ι
1381 1722 1554 1778 Τοῦτο
1584 1722 1760 1792 λέγει,
1792 1721 1874 1775 ὅτι
1902 1718 1965 1774 τδ

356 1821 457 1893 μὲν
483 1821 774 1876 κάλλιστον
815 1815 886 1893 ἦν
936 1817 1081 1873 κατά
1118 1816 1211 1871 τὸν
1258 1814 1468 1872 ἄνωθεν
1499 1813 1639 1888 μετὰ
1666 1812 1764 1868 τοῦ
1796 1830 1967 1887 προσο

347 1914 579 1988 ήκοντος
604 1912 905 1984 διαμένειν,
939 1909 1193 1983 ἀλλήλοις
1244 1909 1525 1972 συνόντας,
1572 1908 1744 1980 ἄνδρα
1782 1924 1843 1962 τε
1871 1907 1965 1961 καὶ

342 2010 623 2078 γυναῖκα·
648 2004 805 2071 add);
846 2005 905 2060 δὲ
947 2005 1102 2076 ὑμῶν
1148 2003 1248 2068 τὰς
1288 2001 1460 2075 ὀργὰς
1486 2000 1825 2065 ἀκαθέκτους
1867 1997 1958 2054 οὖ-

342 2116 474 2167 σας,
508 2098 818 2163 ἐκέλευσεν,
862 2100 912 2152 εί
952 2099 1010 2154 al
1055 2098 1323 2169 φυόμεναι
1368 2099 1427 2151 ὲν
1475 2096 1605 2167 ὑμῖν
1653 2095 1826 2150 αίτίαι
1871 2094 1959 2149 δο-

338 2196 500 2248 κοῖεν
555 2191 908 2265 παροξυσμόν
954 2208 1077 2247 τινα
1142 2190 1441 2264 παρέχειν,
1495 2188 1697 2261 μᾶλλον
1742 2188 1962 2259 ἀφιέναι

332 2285 450 2359 τὴν
477 2287 715 2356 γυναῖκα
754 2284 786 2356 ἢ
835 2285 900 2337 ὲκ
953 2282 1146 2356 μίσους
1193 2279 1333 2353 πρὸς
1373 2279 1667 2352 ἐπιϐουλὴν
1700 2279 1962 2336 καθίστα-

336 2378 479 2433 σθαι
520 2378 707 2449 φόνου.
758 2372 894 2432 Εἶτα
941 2376 1131 2448 ἐπειδὴ
1159 2376 1287 2449 ἐνῆν
1316 2373 1495 2428 αἰτίαν
1523 2375 1585 2428 ού
1614 2374 1964 2448 παρεχούσης

330 2471 449 2543 τῆς
486 2470 769 2541 γυναικὸς,
819 2471 885 2523 ὲκ
937 2467 1039 2539 τῆς
1095 2466 1235 2540 πρὸς
1287 2464 1483 2537 ἑτέραν
1537 2464 1745 2537 ῥοπῆς,
1806 2465 1964 2535 μῖσος

333 2567 610 2624 πλάττειν
637 2563 818 2637 ἐαυτῷ
838 2563 901 2617 τὸ
931 2563 1008 2635 μὴ
1030 2562 1259 2626 δίκαιον,
1288 2578 1308 2612 ι
1344 2556 1711 2628 ’Δποκαλύψει
1739 2556 1965 2611 ἀσέϐεια

331 2660 418 2715 τὰ
440 2661 811 2731 ἐνθυμήματα
843 2656 1028 2729 ὑμῶν,
1059 2654 1206 2724 λέγει
1232 2652 1438 2725 Κύριος
1472 2651 1893 2724 παντοκράτωρ.
1939 2668 1959 2703 ›

332 2756 414 2810 Ei
444 2755 556 2825 γάρ
596 2752 672 2824 μὴ
719 2749 925 2805 τούτων
957 2746 1135 2812 οὕτως
1176 2747 1435 2818 ἑχόντων,
1471 2743 1833 2815 πλαττόμενοι
1867 2743 1965 2816 τὴν

334 2847 535 2904 αἰτίαν
562 2841 984 2916 άωπέμποισθε
1031 2840 1131 2904 τὰς
1171 2837 1381 2895 ἄνωθεν
1427 2838 1560 2907 ὑμῖν
1593 2836 1964 2907 συναφθείσας

335 2942 651 3011 γυναῖκας,
699 2938 849 2991 ἐστὶν
897 2938 927 2989 ὁ
990 2934 1101 2987 τῶν
1147 2930 1416 2987 ἀσεϐειῶν
1462 2931 1619 3004 ὑμῶν
1669 2930 1966 2999 ἐξεταστὴς

340 3033 507 3098 Θεός.
532 3026 625 3096 Οἷς
667 3028 853 3094 καλῶς
897 3027 1182 3099 ἐπήγαγε’
1216 3044 1237 3078 ι
1280 3023 1394 3081 Καὶ
1438 3022 1750 3095 φυλάξασθε
1789 3024 1848 3078 ὲν
1886 3023 1965 3096 τῷ

339 3125 625 3199 πνεύματι
646 3123 825 3195 ὑμῶν,
852 3121 947 3176 καὶ
971 3120 1047 3192 μή
1068 3116 1476 3191 ἐγκαταλίπητε
1503 3116 1602 3190 τὴν
1624 3117 1920 3191 συνθήκην·
1936 3139 1954 3171 ι

2065 696 2274 768 aliquid
2305 698 2528 770 longum
2553 705 2772 770 tempus
2805 697 3127 764 adduceret,
3149 706 3205 755 et
3239 696 3477 755 fortasse
3498 699 3663 755 etiam

2064 789 2134 846 ad
2165 790 2356 848 uxoris
2382 790 2586 848 caedem
2619 806 2846 847 manum
2881 806 3151 848 armares.
3191 789 3285 846 Sic
3310 790 3459 848 enim
3494 789 3664 846 etiam

2067 879 2338 939 Dominus
2380 882 2437 937 in
2483 881 2821 955 Evangeliis,
2865 881 3163 939 Pharisaais
3219 881 3665 946 sciscitantibus,

2069 996 2089 1032 ι
2105 978 2217 1036 Cur
2231 993 2360 1050 ergo
2377 975 2587 1049 Moyses
2603 977 2817 1048 repudii
2837 977 3079 1034 libellum
3092 978 3280 1035 dedit?
3298 996 3317 1032 ι
3339 979 3653 1051 respondit:

2070 1090 2091 1125 ι
2122 1070 2205 1128 Ob
2247 1069 2505 1127 duritiam
2556 1069 2737 1127 cordis
2777 1071 2947 1145 vestri
2990 1072 3241 1143 permisit
3281 1071 3354 1128 ita
3394 1072 3656 1143 Moyses:

2069 1165 2139 1220 ab
2190 1163 2353 1219 initio
2390 1172 2573 1219 autem
2619 1178 2732 1220 non
2788 1163 2893 1219 fuit
2930 1164 3031 1221 sic.
3079 1164 3215 1220 Nam
3254 1165 3349 1235 qui
3403 1165 3473 1219 ab
3506 1164 3666 1220 initio

2068 1255 2299 1321 creavit,
2340 1255 2643 1312 masculum
2685 1264 2742 1312 et
2785 1256 3046 1313 feminam
3078 1256 3209 1313 fecit
3236 1272 3352 1320 eos,
3386 1257 3661 1331 dixitque:

2068 1349 2302 1421 Propter
2351 1350 2455 1405 hoc
2498 1349 2841 1420 derelinquet
2901 1351 3068 1406 homo
3121 1357 3332 1422 patrem
3386 1365 3548 1405 suum
3602 1364 3670 1407 ac

2067 1426 2302 1495 matrem
2346 1455 2533 1509 suam,
2580 1447 2636 1497 et
2675 1440 2983 1510 adhaerebit
3012 1428 3175 1499 uxori
3225 1456 3360 1509 suae,
3393 1450 3451 1501 et
3499 1451 3668 1500 erunt

2067 1533 2179 1591 duo
2205 1534 2263 1591 in
2289 1549 2458 1592 carne
2485 1550 2614 1591 una.
2645 1553 2667 1590 ι
2701 1533 2818 1590 Ηοο
2843 1549 3041 1607 nempe
3072 1534 3151 1591 ait
3182 1534 3665 1592 :Puicberrimum

2067 1627 2321 1701 profecto
2345 1635 2464 1686 erat
2494 1630 2653 1700 juxta
2682 1628 2926 1701 priscam
2959 1629 3134 1703 legem
3165 1630 3221 1685 in
3265 1629 3452 1687 debito
3486 1628 3669 1687 otiicio

2068 1738 2419 1795 permanere,
2444 1723 2705 1780 convictu
2740 1725 2968 1797 junctos
2995 1724 3176 1780 virum
3204 1734 3369 1796 atque
3400 1738 3665 1790 uxorem;

2069 1825 2452 1873 verumtamen
2509 1817 2623 1873 iras
2661 1823 2880 1874 vestras
2938 1815 3237 1874 eﬂrenatas
3274 1816 3491 1886 videns,
3530 1831 3672 1888 prte-

2069 1907 2216 1979 cepit
2263 1914 2324 1962 ut
2359 1907 2405 1964 si
2457 1907 2600 1965 forte
2633 1918 2779 1966 natae
2821 1909 2967 1966 inter
2999 1925 3099 1967 vos
3138 1910 3378 1981 querelae
3411 1908 3672 1981 graviore

2069 2000 2494 2058 exacerbatione
2545 2001 2771 2071 tierent,
2828 2018 2970 2060 uxor
3017 2003 3205 2075 potius
3257 2003 3671 2067 dimitteretur,

2070 2107 2238 2165 quam
2292 2108 2362 2150 ex
2402 2095 2535 2151 odio
2579 2096 2648 2151 ad
2697 2095 2999 2153 inferendae
3035 2096 3189 2153 necis
3239 2097 3535 2155 consilium
3586 2095 3675 2152 vir

2072 2183 2419 2256 procederet.
2470 2185 2681 2244 Deinde
2723 2188 2854 2261 quia
2889 2189 3007 2245 ﬁeri
3055 2196 3290 2261 poterat,
3345 2196 3407 2245 ut
3443 2204 3670 2247 causam

2072 2293 2183 2335 non
2235 2281 2512 2352 praebente
2549 2298 2745 2350 uxore,
2792 2284 3095 2355 cupiditate
3141 2285 3371 2341 alterius
3416 2284 3674 2341 mulieris

2070 2372 2261 2429 odium
2289 2373 2559 2446 injustam
2596 2375 2886 2433 simularet
2921 2377 3179 2445 maritus,
3205 2400 3226 2434 ι
3249 2375 3551 2445 Revelabit,
3582 2377 3674 2433 in—

2071 2466 2215 2537 quit,
2250 2466 2517 2540 iniquitas
2541 2468 2909 2541 cogitationes
2933 2479 3167 2528 vestras.
3203 2489 3222 2524 r
3261 2468 3319 2527 Si
3346 2486 3476 2541 ergo
3508 2470 3676 2528 rebus

2072 2557 2148 2614 ita
2193 2574 2253 2616 se
2307 2560 2665 2628 habentibus,
2720 2562 2984 2620 simulata
3033 2578 3202 2620 causa
3248 2564 3676 2637 repudiaveritis

2070 2653 2362 2724 copulatas
2408 2655 2568 2711 vobis
2621 2656 2755 2712 olim
2805 2673 3027 2725 uxores,
3073 2666 3158 2716 est
3205 2665 3520 2715 vestrorum
3566 2656 3679 2712 ini-

2073 2746 2354 2816 quitatum
2382 2747 2683 2820 inquisitor
2704 2749 2872 2807 Dens.
2911 2747 3055 2806 Tum
3090 2751 3229 2807 bene
3261 2750 3473 2807 addidit
3504 2768 3519 2806 :
3559 2768 3579 2803 ι
3609 2749 3677 2805 Et

2071 2839 2353 2899 custodite
2377 2841 2655 2914 inspiritu
2687 2853 2893 2912 vestro,
2916 2861 3095 2916 neque
3121 2845 3304 2902 foedus
3326 2845 3617 2902 deseratis.
3650 2864 3671 2898 ι

2071 2930 2211 2989 Tota
2273 2944 2458 2991 mente
2516 2935 2816 3009 debitoque
2872 2938 3044 2995 animi
3115 2937 3313 2995 aﬂ‘ectu
3370 2938 3678 3011 nuptialem

2070 3026 2353 3084 custodite
2398 3028 2597 3101 legem,
2644 3037 2700 3086 et
2752 3040 2915 3103 pacta
2960 3031 3227 3089 inviolata
3264 3038 3507 3098 servate,
3550 3031 3679 3102 qui-

2069 3122 2307 3181 buscum
2347 3123 2477 3180 olim
2523 3123 2593 3181 ad
2642 3125 2949 3196 nuptialem
2982 3125 3301 3181 convictuum
3335 3123 3677 3183 accessistis.

334 3223 517 3288 ὥστε,
580 3220 767 3293 φησὶν,
812 3216 891 3290 (p.
935 3214 1065 3288 558)
1111 3214 1212 3288 ὅλῃ
1255 3214 1468 3287 διανοίᾳ
1511 3215 1606 3269 καὶ
1645 3213 1885 3271 διαθέσει
1933 3220 2000 3291 τῇ
2041 3220 2398 3295 προσηκούσῃ
2455 3222 2596 3294 μετά
2617 3223 2719 3295 τῆς
2746 3222 2973 3297 δεούσης
3001 3222 3426 3297 εὐγνωμοσύνης
3451 3222 3546 3279 τὸν
3573 3238 3682 3293 γα-

338 3316 515 3393 μικὸν
587 3314 886 3386 φυλάττετε
955 3311 1141 3384 νόμον,
1197 3310 1294 3365 καὶ
1362 3309 1464 3375 τὰς
1518 3310 1795 3384 συνθήκας
1875 3315 2230 3387 παραϐάτους
2302 3323 2522 3393 τηρεῖτε
2575 3319 2695 3393 μεθ’
2747 3314 2822 3375 ὧν
2869 3321 3078 3377 ἀνωθεν
3130 3323 3212 3386 είς
3266 3322 3371 3393 τὴν
3431 3319 3680 3395 γαμικὴν

339 3410 661 3486 ἐληλύθατε
689 3408 1002 3464 κοινωνίαν.

423 3594 577 3666 Στίχ.
597 3592 764 3660 ιζ’.-
784 3593 857 3647 Συ
865 3610 977 3665 μπε
986 3592 1153 3665 ράνας
1174 3590 1241 3665 δὴ
1265 3590 1337 3647 τὰ
1354 3591 1465 3647 τῶν
1484 3592 1762 3662 γυναικῶν
1784 3594 1841 3648 ὲν
1855 3591 1967 3648 τού-

2149 3591 2319 3651 Vens.
2364 3589 2453 3650 l7.
2491 3624 2558 3636 -—
2589 3594 2684 3651 Sic
2712 3590 2970 3653 absoluto
3005 3592 3076 3653 de
3104 3594 3372 3653 uxoribus
3395 3611 3674 3663 sermone,

333 3705 490 3753 τοις,
508 3686 663 3756 λέγει
697 3686 793 3740 καὶ
821 3685 1018 3759 έτέραν
1047 3684 1228 3740 αὐτῶν
1259 3685 1321 3739 οὐ
1349 3684 1732 3757 πλημμέλειαν
1759 3685 1969 3751 ἁπλῶς,

336 3781 472 3839 ἀλλ’
497 3778 759 3835 ἀσέϐειαν
776 3795 790 3809 ’
821 3776 1009 3832 πολλοὶ
1034 3776 1146 3849 γὰρ
1167 3775 1276 3831 τῶν
1303 3775 1610 3848 ἀνθρώπων
1635 3775 1705 3833 τὰ
1725 3773 1822 3845 μὲν
1837 3769 1974 3846 παρ’

335 3874 538 3935 αὐτῶν
574 3870 1007 3945 ἁμαρτανόμενα
1039 3871 1175 3944 ὁρᾷν
1227 3870 1330 3925 οὐκ
1376 3868 1675 3937 ἐθέλουσιν,
1704 3869 1821 3927 ἀλλ’
1849 3870 1975 3926 οὐδέ

333 3991 393 4028 τι
432 3967 670 4039 πάσχειν
699 3965 844 4036 ὑπὲρ
871 3962 1079 4018 τούτων
1115 3961 1365 4036 ἔχονταιο
1398 3959 1715 4018 τούναντίον
1750 3962 1852 4036 μὲν
1880 3958 1975 4019 οὖν

335 4062 450 4118 κω
473 4055 926 4131 δυσχεραίνουσιν
968 4054 1027 4110 ὲν
1054 4055 1223 4129 πείρα
1254 4052 1651 4125 καθιστάμενοι
1691 4053 1972 4128 λυπηρῶν,

336 4155 451 4211 καὶ
473 4151 650 4207 ταῦτα
674 4145 840 4224 ἦττον
869 4147 1135 4212 πολλάκις
1175 4147 1479 4220 πάσχοντες
1506 4148 1608 4219 τῆς
1633 4146 1814 4213 ἀξίας
1832 4145 1975 4218 ὑπὲρ

336 4249 440 4306 ἑτέ
451 4265 559 4321 ρων
582 4246 639 4301 δὲ
668 4244 975 4317 μέμφονται
1001 4240 1080 4313 τῷ
1105 4239 1226 4313 Θεῷ
1263 4240 1595 4314 προχείρως,
1621 4240 1698 4305 ὡς
1720 4241 1975 4312 ἁμαρτά.

335 4345 556 4401 νόντων
594 4340 695 4414 μὲν
748 4338 999 4400 πλεῖστα,
1051 4335 1207 4400 δίκας
1252 4336 1311 4390 δὲ
1358 4336 1419 4389 ού
1467 4334 1743 4390 διδόντων.
1801 4332 1975 4388 Τοῦτο

335 4438 411 4511 δὴ
446 4436 544 4491 καὶ
578 4433 708 4503 παρ’
738 4430 899 4485 ὲνίων
947 4428 1056 4503 τῶν
1092 4429 1151 4483 ὲν
1179 4431 1294 4493 τοῖς
1335 4427 1700 4502 Ἰσραηλίταις
1725 4427 1843 4482 τότε
1884 4444 1973 4497 γι-

336 4531 602 4603 νόμενον,
650 4524 710 4579 ὲν
755 4521 969 4587 τούτοις
1024 4519 1351 4594 αἰτιώμενος
1402 4523 1432 4576 ό
1486 4520 1778 4592 προφήτης
1830 4518 1974 4575 οὔτω

337 4623 523 4697 φησιν
548 4637 562 4652 ο
597 4638 617 4673 ι
659 4617 725 4676 Οἱ
779 4617 1181 4691 παροξύνοντες
1222 4615 1315 4669 τὸν
1361 4613 1495 4668 Θεὸν
1541 4615 1602 4667 ὲν
1640 4615 1753 4677 τοῖς
1792 4610 1975 4681 λόγοις

338 4715 544 4790 ὑμῶν⁸
577 4715 675 4769 καὶ
702 4715 916 4772 εἴπατε,
956 4710 1048 4764 Ἐν
1069 4707 1177 4761 τίνι
1212 4704 1616 4779 παρωξύναμεν
1647 4703 1848 4772 αύτόν;
1884 4705 1973 4759 Ἐν

345 4808 427 4881 τῷ
464 4807 648 4878 λέγειν
677 4807 845 4879 ὑμᾶς,
876 4804 994 4869 Πᾶς
1043 4799 1215 4856 ποιῶν
1248 4790 1486 4871 πονηρὰ)
1529 4796 1698 4853 καλὸν
1741 4794 1973 4852 ἐνώπιον

342 4900 586 4973 Κυρίου,
616 4901 714 4955 καὶ
742 4900 801 4953 ὲν
830 4898 1015 4961 αὐτοῖς
1038 4893 1201 4958 αὐτὸς
1227 4888 1498 4965 η’ύδόκησε
1520 4906 1533 4922 ·
1564 4891 1661 4946 καὶ
1694 4888 1799 4944 ποῦ
1822 4892 1973 4945 ἐστιν

2078 3686 2211 3744 dicit
2229 3692 2284 3744 et
2312 3687 2476 3743 aliam
2501 3685 2875 3745 lsraelitarum
2901 3704 3013 3745 non
3042 3688 3343 3760 nequitiam
3362 3687 3531 3761 379
3552 3697 3678 3746 tan-

2079 3780 2366 3838 tummodo
2420 3779 2516 3837 sed
2586 3780 2952 3854 impietatem.
3000 3776 3160 3837 Multi
3216 3783 3362 3838 enim
3420 3781 3678 3840 homines

2077 3884 2306 3946 peccata
2334 3889 2434 3931 sua
2470 3884 2727 3946 spectare
2756 3872 2976 3941 nolunt,
3012 3871 3110 3931 sed
3142 3887 3246 3930 nec
3269 3872 3572 3947 quidquam
3606 3878 3679 3931 ob

2077 3970 2195 4026 liazc
2226 3968 2545 4041 patiendum
2604 3967 2709 4025 sibi
2767 3976 2985 4041 putant.
3022 3967 3231 4024 Contra
3288 3967 3497 4040 potius,
3534 3984 3679 4040 δἐι-ο

2078 4063 2265 4120 ferunt
2315 4063 2364 4120 si
2416 4055 2550 4134 quid
2595 4063 2892 4119 molestum
2932 4063 3015 4119 eis
3068 4060 3309 4131 accidat,
3351 4062 3569 4120 etiamsi
3621 4061 3676 4117 id

2077 4153 2222 4211 infra
2274 4154 2524 4226 ipsorum
2557 4155 2818 4210 meritum
2849 4168 2995 4227 sazpe
3043 4155 3138 4212 sit.
3169 4151 3377 4210 Verum
3426 4152 3495 4208 ad
3537 4153 3677 4210 alios

2074 4246 2223 4319 quod
2258 4245 2482 4312 attinet,
2513 4246 2840 4301 irascuntur
2871 4244 3035 4302 facile
3067 4244 3201 4309 Deo.
3233 4244 3383 4317 quod
3425 4245 3462 4300 ii
3505 4244 3678 4317 pluri-

2074 4358 2225 4399 mum
2257 4348 2514 4415 peccent,
2568 4357 2669 4398 nec
2722 4357 2916 4414 poenas
2945 4341 3125 4396 luant.
3171 4337 3329 4406 Quod
3365 4353 3491 4393 cum
3529 4336 3677 4408 apud

2073 4435 2372 4491 nonnullos
2412 4449 2637 4506 quoque
2665 4433 2946 4491 lsraelitas
2972 4441 3107 4488 tunc
3152 4431 3522 4502 contingeret,
3569 4430 3676 4486 hoc

2073 4527 2482 4596 reprehendens
2528 4526 2798 4598 pr0pheta
2852 4525 2935 4582 sic
2977 4525 3054 4580 ait
3089 4543 3104 4581 :
3157 4541 3177 4576 ι
3212 4522 3317 4592 Qui
3355 4523 3675 4595 provocatis

2072 4617 2245 4674 Deum
2284 4619 2340 4674 in
2395 4617 2750 4675 sermonibus
2783 4617 3007 4675 vestris.
3057 4614 3129 4673 Et
3178 4616 3441 4674 dixistis:
3472 4614 3530 4672 ln
3561 4631 3674 4689 quo

2072 4711 2497 4783 provocavimus
2525 4727 2652 4769 eum
2675 4711 2700 4766 τ
2727 4709 2787 4767 ln
2813 4726 2880 4768 eo
2906 4725 3105 4783 nempe
3129 4710 3280 4783 quod
3312 4724 3413 4768 vos
3435 4709 3623 4766 dicitis
3655 4724 3673 4765 :

2072 4803 2266 4861 Omnis
2291 4804 2385 4876 qui
2414 4805 2557 4860 male
2588 4803 2745 4870 facit,
2772 4806 2977 4861 bonum
3004 4812 3091 4859 est
3112 4818 3300 4860 coram
3332 4800 3590 4868 Domino,
3620 4811 3677 4859 et

2072 4899 2131 4956 in
2179 4899 2268 4954 his
2297 4899 2417 4971 ipse
2447 4898 2803 4969 complacuit.
2856 4896 2923 4952 Et
2960 4896 3185 4953 ubinam
3217 4904 3305 4955 est
3337 4895 3485 4955 Deus
3508 4897 3677 4969 justi-

340 4998 372 5050 5
411 4973 556 5058 eis;
587 4993 687 5065 τῆς
737 4988 1135 5060 δικαιοσύνης;-
1164 5005 1183 5039 ι
1225 4984 1395 5065 Ἀλλά
1433 4984 1545 5059 γὰρ
1581 4983 1703 5039 οὐδὲ
1747 4982 1964 5056 ἐκείνην

2071 4992 2201 5048 tiae?
2236 5012 2255 5046 ι
2293 4990 2403 5047 Sed
2450 5006 2519 5048 ne
2571 4990 2723 5046 illam
2753 4991 2978 5063 quidem
3012 4990 3432 5064 praetermittam
3473 4992 3675 5062 impie-

343 5086 513 5160 ὑμῶν
533 5050 788 5157 ⁷παρήσω
809 5084 907 5155 τὴν
932 5050 1213 5145 ἀσέϐειαν,
1240 5078 1327 5149 ἐφ’
1542 5078 1623 5142 είς
1651 5050 1970 5148 ἀγανάκτη-

343 5198 439 5237 σιν
469 5177 595 5233 καθ’
621 5175 836 5233 ἑαυτῶν
872 5172 1158 5238 κινοῦντες
1187 5170 1279 5226 τὸν
1310 5170 1447 5225 Θεὸν
1472 5169 1575 5225 ούκ
1609 5169 1933 5225 αἰσθάνεσθε
1953 5186 1967 5202 υ

349 5274 422 5328 τὸ
468 5272 602 5343 γάρ,
659 5289 680 5324 α
730 5268 841 5323 Καὶ
893 5268 1108 5333 εἴπατε,
1155 5266 1245 5320 Ἐν
1276 5263 1385 5318 τίνι
1417 5260 1819 5335 παρωξύναμιν
1854 5259 1958 5316 αὐ·

349 5367 456 5421 τόν
477 5382 494 5432 ;
533 5381 554 5415 ι
579 5360 863 5417 κάνταῦθα
890 5358 986 5413 ἐπὶ
1002 5358 1103 5428 τῆς
1121 5355 1416 5418 διαθέσεως
1437 5351 1762 5422 αἰτιώμενος
1791 5349 1965 5419 λέγει,

355 5460 459 5530 (p.
495 5452 634 5525 559)
666 5451 743 5514 ὡς
771 5449 894 5504 οὐδὲ
915 5446 1014 5502 τοῦ
1044 5445 1264 5500 ἀσεϐεῖν
1306 5443 1400 5498 ἐπὶ
1428 5441 1689 5531 τοιούτοις
1718 5438 1971 5512 αἴσθησιν

358 5551 611 5621 ἔχοντες.
646 5541 713 5598 Τί
743 5542 803 5597 δὲ
845 5537 914 5613 ἦν
942 5539 1005 5593 τὸ
1048 5536 1309 5610 ἀσέϐημα
1355 5534 1552 5607 δηλῶν,
1582 5533 1747 5599 Φατὲ,
1784 5532 1970 5605 φησιν,

358 5646 454 5699 ὅτι
487 5641 667 5695 ἔοικεν
695 5634 1033 5710 ἀρέσκεσθαι
1060 5634 1175 5696 τοῖς
1201 5631 1275 5710 τά
1306 5631 1453 5686 κακὰ
1482 5625 1972 5700 διαπραττομένοις

361 5738 399 5789 ὁ
426 5733 595 5797 Θεός·
633 5702 924 5784 καὶ-τοῦτο
949 5725 1110 5797 δῆλον
1146 5724 1208 5791 ἐξ
1246 5702 1329 5777 ὧν
1371 5723 1466 5775 επὶ
1488 5718 1767 5782 τοιαύταις
1797 5717 1981 5789 πλημ-

373 5825 626 5899 μελείαις
658 5821 720 5875 οὐ
768 5818 1012 5876 διδόασιν
1045 5815 1326 5889 ἄνθρωποι
1371 5814 1565 5878 δίκαςο
1609 5810 1788 5866 καίτοι
1817 5825 1883 5879 γε
1927 5806 1983 5862 εῐ

370 5934 462 5982 τις
500 5916 662 5985 λόγος
698 5911 794 5969 τοῦ
838 5909 1051 5966 δικαίου
1080 5907 1159 5980 τῷ
1188 5906 1329 5977 Θεῷ,
1362 5904 1750 5978 προσηκόντως
1780 5904 1846 5958 ἂν
1880 5902 1982 5960 αὺ-

374 6013 495 6076 τοῖς
526 6009 752 6064 κόλασιν
781 6002 1135 6074 ὑπαγαγόντι
1163 6002 1263 6071 τὴν
1286 6001 1543 6071 ἐσχάτην.
1571 5998 1636 6054 Τί
1662 5992 1787 6067 06v;

705 6121 984 6181 PATROL.
1036 6115 1154 6177 Gn.
1200 6112 1402 6179 LXVI.
1472 6204 1481 6207 _

2068 5093 2237 5142 tatem
2274 5094 2537 5151 vestram,
2570 5100 2680 5157 qua
2720 5094 2829 5142 vos
2864 5086 3095 5144 nescitis
3124 5097 3465 5158 quantopere
3500 5082 3674 5144 Deum

2070 5178 2437 5249 exasperetis.
2465 5175 2601 5232 Nam
2635 5178 2880 5244 verbis;
2911 5177 2979 5233 Et
3012 5177 3236 5236 dixistis
3264 5196 3277 5233 :
3314 5178 3371 5234 In
3402 5192 3515 5249 quo
3542 5193 3671 5234 eum

2071 5268 2533 5341 provocavimus?
2562 5286 2584 5322 ι
2619 5267 2710 5324 hic
2744 5270 2954 5338 pariter
2984 5269 3205 5325 illorum
3238 5269 3486 5326 animum
3513 5284 3674 5324 accu-

2074 5370 2183 5429 sat,
2233 5376 2335 5417 ceu
2385 5360 2479 5433 qui
2532 5361 2616 5418 sic
2667 5360 2965 5432 loquendo,
3022 5360 3223 5433 impios
3273 5376 3334 5419 se
3390 5376 3516 5418 esse
3562 5377 3674 5418 non

2069 5455 2358 5512 sentirent.
2419 5453 2486 5509 Et
2519 5469 2773 5526 quamam
2821 5463 2972 5511 esset
3006 5453 3287 5526 impietas,
3339 5454 3670 5513 declarans:

2069 5544 2289 5609 Dicitis,
2321 5545 2524 5617 inquit,
2557 5544 2733 5601 videri
2773 5541 2946 5599 Deum
2980 5544 3245 5601 delectari
3280 5546 3424 5603 male
3457 5547 3676 5618 agenti-

2069 5638 2213 5706 bus;
2263 5636 2432 5709 idque
2460 5636 2591 5692 inde
2635 5651 2925 5708 apparere,
2964 5635 3114 5708 quod
3162 5637 3236 5694 ob
3276 5637 3408 5693 talia
3442 5646 3674 5710 peccata

2070 5742 2266 5802 pmnas
2293 5729 2546 5786 homines
2576 5744 2684 5785 non
2714 5731 3056 5801 persolvant.
3082 5728 3238 5798 Quod
3272 5730 3319 5787 si
3349 5729 3496 5788 Deus
3524 5729 3673 5803 juris

2070 5824 2343 5890 rationem
2387 5822 2640 5890 haberet,
2685 5824 2890 5880 merito
2920 5823 3032 5881 illis
3077 5838 3400 5897 supremum
3450 5823 3673 5897 suppli-

2070 5920 2217 5978 cium
2265 5917 2623 5991 deccrneret.‘
2651 5917 2795 5996 Quid
2836 5919 3007 5991 ergo?

3390 6101 3471 6161 20
