4162 6466
487 460 518 513 6
530 460 544 514 ί
556 456 589 512 ο
1708 455 2063 516 τΗΕοῦΟΒῙ
2098 455 2130 511 Ν

2126 450 2585 513 ιοιιευεετειιι
3664 431 3769 498 620

1143 577 1297 633 CAP.
1339 573 1430 630 Ill.
2113 574 2156 630 Δ

2113 574 2156 630 Δ
2846 563 3006 617 ΚΕΦ.
3047 561 3120 614 1".

569 680 732 736 Vens.
776 676 826 732 ι.
851 704 922 717 —-—
951 693 970 726 ι
993 672 1135 728 Ecce
1165 684 1268 744 ego
1303 668 1463 723 mitto
1495 663 1750 737 angelum
1783 677 1986 725 meum,
2026 668 2081 715 et

2253 661 2403 731 Στίχ.
2444 667 2514 714 α’.
2551 688 2623 700 -—
2668 676 2687 709 ι
2726 656 2855 711 ’ἰδοὺ
2890 654 3003 725 ἐγὼ
3041 652 3388 720 ἐξαποστελῶ
3415 653 3507 707 τὸν
3543 652 3772 723 ἄγγελόν

494 774 750 847 inspiciet
782 771 926 827 viam
958 775 1087 824 ante
1133 764 1331 821 faciem
1362 775 1563 821 meam.
1597 766 1652 815 et
1685 758 1871 815 statim
1900 756 2089 812 veniet

2187 771 2310 824 μου,
2340 753 2434 808 καὶ
2472 750 2829 821 ἐπιϐλέψεται
2863 749 2980 803 όδὸν
3014 747 3123 820 πρὸ
3154 745 3450 818 προσώπου
3486 762 3587 817 μου
3611 763 3625 777 ·
3678 747 3775 799 καὶ

493 868 561 922 ad
586 838 873 935 'templum
910 875 1071 918 suum
1105 857 1369 914 Dominus
1407 866 1568 925 quem
1602 865 1699 906 vos
1731 848 1997 919 quaeritis,
2028 852 2085 901 et

2184 844 2446 917 ἐξαίφνης
2472 844 2593 912 ἥξει
2634 844 2715 907 εἰς
2742 842 2831 896 τὸν
2864 842 2989 895 ναὸν
3015 839 3211 900 ἑαυτοῦ
3256 840 3483 913 Κύριος,
3525 838 3584 893 ὃν
3617 839 3775 911 ὑμεῖς

467 931 810 1034 ιιεειιιηιριιιὶ
857 952 1087 1023 angelus
1131 962 1295 1019 quem
1334 961 1432 1002 vos
1460 943 1707 1008 vultis”.
1731 939 1874 1008 Quia
1918 940 2085 1011 igitur

2186 934 2422 1005 ζητεῖτε,
2441 935 2537 990 καὶ
2562 938 2590 990 6
2611 934 2845 1005 ἄγγελος
2860 933 2965 1004 τῆς
2985 932 3251 1004 διαθήκης
3270 932 3329 986 δν
3353 933 3514 1004 ὑμεῖς
3534 931 3769 986 θέλετε.»

465 1023 611 1108 ihaec
642 1050 849 1114 dicitis,
885 1052 939 1102 et
968 1044 1196 1116 justitize
1222 1055 1412 1098 curam
1448 1045 1510 1093 ut
1548 1035 1760 1108 punitio
1794 1033 1906 1113 ﬁat,
1940 1048 1970 1086 a
2001 1047 2087 1089 me

2198 1026 2419 1098 Ἐπειδὴ
2440 1027 2619 1080 τοίνυν
2646 1024 2873 1079 τοιαῦτά
2896 1040 3055 1092 φατε,
3082 1025 3177 1078 καὶ
3199 1023 3296 1095 τὴν
3323 1024 3453 1095 περὶ
3479 1023 3543 1077 τὸ
3567 1023 3779 1079 δίκαιον

495 1133 809 1214 exquiritis,
840 1139 1053 1194 mittam
1086 1135 1339 1207 angelum
1377 1129 1469 1203 qui
1488 1126 1696 1200 placitis
1716 1124 1851 1180 meis
1869 1122 2089 1181 subser—

2188 1118 2500 1190 ἐπιμέλειαν
2533 1117 2622 1172 διὰ
2657 1117 2759 1187 τῆς
2785 1117 3055 1189 τιμωρίας
3085 1115 3394 1186 ἐπιζητεῖτε
3439 1115 3569 1187 παρ’
3618 1115 3774 1187 ἰμοῦ,

502 1206 627 1292 viat.
645 1233 778 1290 Nam
794 1227 977 1291 verba,
1000 1221 1278 1295 «Inspiciet
1296 1220 1432 1277 viam
1455 1227 1583 1273 ante
1624 1215 1821 1272 faciem
1850 1228 2046 1279 meam,
2063 1233 2083 1265 ι

2187 1206 2473 1261 ἀποστελῶ
2522 1208 2621 1278 μὲν
2671 1206 2901 1278 ἄγγελον
2949 1206 3429 1279 ὑπηρετησόμενον
3480 1209 3595 1271 τοῖς
3654 1207 3780 1279 tuo!

501 1329 604 1382 hoc
637 1326 860 1388 dicunt;
894 1320 946 1375 id
983 1327 1088 1381 est,
1113 1317 1218 1372 iste
1248 1314 1401 1369 dabit
1430 1326 1681 1383 operam,
1727 1324 1829 1365 ceu
1863 1307 2087 1378 quidam

2187 1298 2439 1354 δοκοῦσι·
2482 1298 2546 1353 τὸ
2572 1298 2738 1369 γὰρ,‹
2781 1298 3166 1368 Ἐπιὸλέψεται
3193 1297 3311 1352 ὁδὸν
3345 1298 3454 1369 πρὸ
3483 1297 3780 1371 προσώπου

500 1428 827 1489 praecursor,
863 1411 1031 1482 380
1064 1416 1122 1463 ut
1154 1406 1492 1461 voluntatem
1528 1416 1703 1457 meam
1738 1405 2087 1470 exsequatur.

2192 1408 2318 1462 μου,
2353 1411 2372 1443 ι
2410 1388 2572 1445 τοῦτο
2597 1390 2773 1458 λέγει·
2809 1390 2930 1445 ἀντὶ
2975 1389 3092 1452 τοῦ,
3131 1389 3229 1452 ’⁷ος
3263 1389 3500 1461 σπουδὴν
3530 1390 3778 1461 θήσεται⁹

502 1477 746 1582 ilepente
774 1477 961 1559 autem
991 1477 1159 1556 adero
1192 1497 1268 1553 illi
1295 1511 1397 1568 ego
1425 1508 1668 1565 quoque,
1692 1490 1956 1562 Operibus
1977 1504 2088 1544 me-

2189 1481 2378 1552 ὦσπερ
2424 1496 2509 1544 τις
2579 1479 2922 1551 πρόδρομος,
2977 1477 3382 1549 διαπράξασθαι
3432 1478 3503 1533 τὰ
3544 1479 3666 1549 ἐμοί
3714 1496 3779 1548 γε

504 1565 613 1658 ιιιεῖ
642 1596 1005 1654 manifestans
1033 1593 1087 1646 in
1113 1589 1316 1660 templo
1336 1565 1367 1641 τι
1398 1583 1841 1657 quandoquidem
1870 1581 1925 1637 in
1961 1595 2092 1636 cun-

2189 1568 2454 1622 δοκοῦντα
2477 1585 2492 1598 ⁸
2539 1568 2851 1640 παρέσομαι
2899 1566 2959 1620 δὲ
3007 1568 3203 1641 ἀθρόον
3252 1569 3310 1620 tv
3337 1566 3488 1639 αὐτῷ
3514 1565 3671 1637 κάγὼ
3694 1567 3783 1623 διὰ

502 1657 606 1751 clis
638 1703 760 1761 quae
795 1686 886 1741 Dei
908 1683 1130 1739 decreto
1162 1657 1322 1744 tiu'nt,
1354 1674 1721 1730 ministerium
1752 1671 1974 1742 quidem
1995 1686 2093 1725 an-

2190 1660 2300 1715 τῶν
2329 1660 2508 1733 ἔργων
2538 1659 2776 1731 ἐμαυτὸν
2803 1659 3015 1723 δεικνὺς
3045 1659 3105 1712 tv
3131 1657 3211 1729 τῷ
3248 1658 3362 1725 ναῷ
3381 1677 3394 1688 ·
3438 1659 3562 1713 ἐπεὶ
3604 1661 3700 1714 καὶ
3723 1661 3783 1714 ἰν

504 1748 747 1855 galerum
780 1776 1123 1848 intelligitur,
1161 1770 1257 1828 sed
1292 1768 1437 1825 Deus
1470 1767 1525 1821 in
1559 1766 1696 1836 ipsis
1725 1778 1964 1835 operans
1992 1778 2093 1833 per

2195 1753 2371 1809 ἆπασι
2409 1755 2524 1817 τοῖς
2570 1751 2913 1822 γιγνομένοις
2962 1750 3074 1822 ὅρῳ
3119 1748 3256 1803 Θεοῦ
3293 1751 3325 1822 ἡ
3376 1750 3474 1819 μὲν
3515 1752 3783 1822 ὑπουργία

503 1840 565 1933 ἔτι
599 1890 720 1946 quae
766 1870 883 1926 lieri
918 1840 1182 1939 praecipit.
1224 1861 1317 1916 Sic
1346 1859 1513 1916 etiam
1547 1871 1750 1912 manna
1780 1856 1965 1911 cibum
1992 1870 2092 1909 an-
2125 1920 2146 1946 Ι

2143 1920 2164 1946 δ
2194 1848 2394 1900 νοεῖται
2438 1845 2549 1946 τίιὶν
2596 1843 2866 1913 ἀγγέλων,
2905 1842 3038 1907 Θεὸς
3077 1841 3136 1895 δὲ
3180 1843 3209 1896 6
3245 1843 3301 1896 tv
3329 1843 3512 1907 αὐτοῖς
3553 1840 3786 1914 ἐργαζό-

505 1920 748 2041 ςειοιτιιηι
780 1978 884 2019 ceu
920 1958 1297 2015 ministrorum
1330 1951 1494 2008 dicit:
1539 1968 1558 2002 ι
1586 1948 1810 2012 Panem,
1834 1967 1853 2000 ι
1889 1946 2087 2018 inquit,
2123 1920 2148 1974 ί

2142 1920 2167 1974 3
2197 1955 2355 2010 μενος
2386 1936 2452 1991 δι’
2490 1929 2567 1991 ὧν
2605 1935 2880 1990 ἐπιτάττει
2905 1931 3221 2003 γίγνεσθαιρ
3255 1932 3399 1986 οὕτω
3428 1934 3523 1987 καὶ
3554 1933 3655 2002 τὴν
3685 1930 3785 1988 τοῦ

510 2023 869 2129 :angelorum
904 2047 1257 2108 manducavit
1282 2046 1446 2100 homo
1460 2045 1545 2111 1’¹;
1574 2056 1594 2090 ι
1644 2040 1740 2096 Dei
1772 2046 1954 2095 autem
1988 2052 2090 2094 ceu

2197 2030 2373 2101 μάννα
2427 2028 2635 2102 τροφὴν
2701 2026 2954 2096 ἀγγέλων
3013 2024 3111 2097 μὲν
3152 2023 3230 2089 ὡς
3280 2024 3786 2096 ὕπηρετησαμένων

508 2114 933 2221 ἀοι-ἱυῇυιιοηιῑει
965 2161 984 2195 ι
1007 2138 1288 2195 Mandavit
1307 2137 1455 2192 enim
1486 2133 1726 2189 nubibus
1756 2132 2014 2202 desuper,
2039 2137 2095 2187 et

2194 2119 2345 2192 λέγει
2369 2135 2382 2150 ·
2426 2139 2445 2172 ι
2479 2122 2679 2192 Ἄρτον
2703 2118 2836 2191 γὰρ,
2860 2116 3047 2188 φησὶν,
3074 2115 3322 2186 ἀγγέλων
3350 2114 3555 2186 ἔφαγεν
3579 2115 3788 2186 ἄνθρω-

414 2246 425 2257 “
504 2206 703 2315 ianuas
729 2238 852 2296 casti
884 2233 1122 2307 aperuit,
1152 2238 1209 2286 et
1238 2228 1377 2301 pluit
1401 2227 1510 2282 illis
1538 2239 1741 2280 manna
1769 2224 1839 2279 ad
1865 2222 2057 2279 mandu

2196 2232 2330 2280 πος·
2365 2233 2385 2266 ι
2420 2212 2558 2267 Θεοῦ
2591 2212 2669 2278 δὲ,
2707 2211 2785 2275 ὡς
2813 2208 3173 2273 κελεύσαντος
3207 2208 3457 2281 δοθῆναι·
3501 2228 3520 2261 ι
3558 2206 3789 2263 Ἑνετεί-

507 2298 815 2393 tandum".
848 2342 868 2377 ι
908 2298 1083 2382 Dorro
1114 2298 1340 2379 verbum
1376 2337 1395 2369 ι
1421 2317 1602 2373 veniet
1621 2336 1640 2369 ι
1668 2322 1931 2372 consuete
1960 2314 2095 2369 dicit

2196 2306 2327 2362 λατο
2362 2306 2471 2378 γὰρ
2514 2304 2769 2374 νεφέλαις
2797 2302 3169 2374 ύπεράνωθεν,
3213 2302 3307 2356 καὶ
3350 2300 3521 2372 θύρας
3558 2298 3790 2371 ούρανοῦ

509 2388 773 2498 tanquam
798 2422 857 2477 in
891 2418 1057 2474 rebus
1082 2412 1258 2484 angeli
1285 2408 1591 2465 ministerio
1617 2406 1777 2475 actis,
1809 2404 1920 2461 Deo
1952 2403 2097 2459 facto

2197 2397 2426 2469 ἀνέῳξε,
2457 2397 2553 2451 καὶ
2590 2393 2814 2467 ἔῦρεξεν
2860 2395 3043 2458 αὐτοῖς
3081 2393 3255 2464 μάννα
3292 2394 3507 2462 φαγεῖν.
3546 2410 3567 2444 ι
3624 2391 3698 2445 Τὸ
3732 2388 3794 2445 δὲ

508 2482 813 2589 conspicuo
843 2511 938 2584 qui
974 2482 1178 2579 negotii
1212 2502 1417 2576 peracti
1453 2515 1620 2556 causa
1656 2507 1762 2556 est.
1798 2496 1979 2553 Veluti
2013 2504 2098 2553 est

2199 2489 2351 2558 ἣξει,
2381 2487 2625 2560 συνήθως
2650 2486 2800 2556 λέγει
2827 2484 2904 2550 ὡς
2934 2485 3001 2540 ἂν
3034 2487 3092 2540 ὲν
3122 2486 3236 2548 τοῖς
3261 2484 3535 2555 ὑπουργία
3567 2482 3661 2536 τοῦ
3692 2484 3794 2549 ἀγ.

512 2575 669 2685 ιιριιιί⁸
683 2575 903 2666 beatum
924 2575 1180 2657 Davi'dem
1202 2575 1223 2652 ι
1242 2615 1259 2648 ι
1279 2593 1568 2650 lncliuavit
1585 2591 1776 2657 caelos,
1798 2597 1851 2646 et
1866 2589 2099 2646 descen-

2201 2581 2365 2651 γέλου
2405 2578 2750 2651 γιγνομένοις
2783 2577 2918 2631 Θεοῦ
2955 2576 3374 2647 διαφαινομένου
3402 2575 3496 2628 τοῦ
3525 2575 3633 2629 τῶν
3660 2575 3789 2629 ἀπο-

2262 2673 2277 2685 .
2414 2673 2425 2685 ι
2606 2673 2617 2685 ι
2664 2670 2676 2685 ο
2763 2684 2769 2685 ,
2824 2670 2839 2685 ι
2926 2668 3047 2685 unn\
3124 2661 3173 2685 TI
3239 2668 3253 2685 ο
3465 2667 3479 2685 \
3548 2684 3553 2685 ,
3598 2666 3671 2685 ,,\
3724 2664 3787 2685 ΑΞ

724 2661 899 2769 caligo
930 2693 1035 2750 sub
1067 2689 1297 2763 pedibus
1328 2684 1523 2755 ejus”.
1560 2700 1581 2737 ι
1620 2680 1678 2737 ld
1709 2687 1795 2737 est
1824 2678 2001 2751 ipsius
2029 2678 2098 2733 ad

2200 2673 2537 2744 τελουμένων
2564 2670 2739 2725 αἰτίου
2760 2684 2774 2699 ·
2820 2670 2898 2739 (ιι.
2924 2668 3050 2741 560)
3095 2661 3206 2722 οἶόν
3236 2668 3353 2721 ἔστι
3394 2667 3489 2722 καί⁸
3534 2666 3685 2738 παρὰ
3716 2664 3796 2737 τῷ

513 2760 779 2855 auxilium
802 2760 1054 2845 nostrum
1080 2779 1386 2845 venientis,
1435 2792 1503 2832 ex
1555 2774 1818 2846 operibus
1873 2786 2097 2829 sensum

2206 2764 2462 2838 μακαρίῳ
2489 2763 2654 2819 Δαυῒδ
2676 2762 2757 2829 τὸ,
2800 2781 2818 2815 ι
2849 2762 3098 2821 Ἐκλινεν
3127 2761 3187 2815 ού
3198 2761 3410 2831 ρανοὺς,
3438 2761 3532 2814 καὶ
3562 2760 3792 2831 κατέϐη,

514 2851 783 2960 capimus.
800 2881 984 2948 Quare
1005 2882 1299 2948 postquam
1319 2869 1457 2924 dixit
1477 2886 1520 2923 ιι
1536 2865 1727 2923 Veniet
1756 2866 1812 2921 in
1837 2863 2099 2934 templum

2203 2857 2298 2910 καὶ
2326 2856 2521 2926 γνόφος
2554 2854 2658 2909 ὑπὸ
2687 2855 2815 2918 τοὺς
2858 2854 3024 2917 πόδας
3054 2852 3219 2907 αὐτοῦ
3240 2869 3253 2883 ·
3287 2871 3305 2904 ι
3363 2851 3452 2905 ἵνα
3499 2852 3665 2925 εἴπῃ,
3713 2853 3796 2907 ὅτι

516 2942 676 3038 suum
712 2942 977 3031 Dominus
1005 2942 1169 3041 quem
1197 2963 1499 3036 quaeritis,»
1537 2958 1766 3023 addidit,
1816 2956 1910 3009 «Et
1934 2962 2101 3011 testa-

2211 2948 2656 3020 Παραγεγονότος
2681 2949 2760 3011 εἰς
2789 2946 3040 3018 βοήθειαν
3070 2943 3367 3016 ἡμετέραν,
3396 2945 3460 2997 ἐκ
3487 2942 3596 2997 τῶν
3619 2943 3797 3014 ἔργων

518 3070 689 3127 menti
738 3065 965 3137 angelus
1007 3035 1170 3131 quem
1216 3035 1317 3110 vos
1363 3052 1572 3106 vultis:
1605 3069 1624 3103 ι
1679 3048 2099 3110 demonstrans,

2203 3041 2473 3112 ἐλάϐομεν
2507 3039 2780 3112 αἴσθησιν.
2819 3039 2983 3093 Ὅθεν
3016 3036 3212 3105 εἰπὼν,
3242 3041 3323 3096 δτι
3363 3055 3383 3089 ι
3412 3036 3573 3104 Ἥξει
3602 3038 3682 3101 εἰς
3706 3035 3798 3090 τὸν

517 3161 735 3236 quodin
768 3130 934 3213 rebus
952 3149 1262 3207 ministerio
1282 3144 1462 3216 angeli
1487 3140 1714 3201 effectis,
1754 3136 2101 3208 praesentiam

2204 3134 2331 3190 ναὸν
2360 3132 2554 3188 ἑαυτοῦ
2591 3135 2796 3204 Κύριος
2831 3132 2890 3186 ὃν
2928 3132 3086 3201 ὑμεῖς
3116 3130 3381 3201 ἐζητεῖτε,
3411 3149 3431 3182 ι
3494 3131 3795 3200 ἐπήγαγεν,

518 3221 677 3314 suam
728 3251 873 3307 Deus
911 3244 1183 3302 ostendet.
1232 3240 1345 3312 Ego
1385 3236 1550 3308 igitur
1595 3232 1839 3333 veniam,
1872 3228 2101 3333 .inquit,
2130 3275 2161 3333 ε

2149 3275 2174 3333 3
2212 3247 2234 3283 ι
2263 3228 2374 3282 Καὶ
2417 3229 2446 3280 6
2494 3225 2725 3295 ἅγγελος
2761 3227 2859 3297 τῆς
2903 3224 3169 3295 διαθήκης
3220 3223 3278 3277 ὃν
3326 3223 3485 3293 ὑμεῖς
3532 3221 3739 3276 θέλετε·
3773 3240 3792 3275 ι

520 3362 680 3420 quem
702 3347 1053 3415 peccatorum
1079 3332 1352 3390 vindicem
1373 3326 1685 3399 exquiritis.
1722 3321 1913 3379 Aderit
1935 3320 2102 3377 simul
2132 3314 2163 3333 “

2157 3314 2174 3332 ¹
2208 3319 2422 3382 δεικνὺς
2466 3320 2546 3372 δτι
2586 3319 2644 3372 tv
2684 3320 2795 3382 τοῖς
2838 3316 3112 3388 ὑπουργία
3143 3314 3236 3369 τοῦ
3281 3315 3510 3385 ἀγγέλου
3539 3314 3800 3387 γιγνομέ..

525 3405 755 3504 angelus
798 3424 1100 3485 foederibus
1132 3419 1463 3484 inserviens,
1498 3431 1619 3487 quae
1647 3430 1792 3484 saepe
1814 3413 2102 3469 vobiscum

2208 3429 2322 3476 νοις
2363 3412 2462 3483 τὴν
2492 3410 2798 3480 παρουσίαν
2854 3408 3148 3475 ἐνδείξεται
3196 3408 3295 3477 τὴν
3344 3406 3552 3461 οἰκείαν
3582 3407 3612 3461 6
3643 3405 3796 3468 Θεός.

524 3499 732 3597 pepigi;
756 3533 917 3592 quem
940 3520 1270 3586 quaerentes,
1294 3509 1529 3565 ultorem
1552 3505 1902 3575 comperietis
1927 3514 2104 3561 trans-

2225 3507 2368 3577 Ἐγώ
2393 3525 2455 3561 τε
2497 3502 2613 3569 οὖν,
2647 3505 2833 3576 φησιν,
2869 3504 3183 3577 ἐλεύσομαι,
3228 3502 3287 3557 ὃν
3320 3501 3563 3574 τιμωρὸν
3604 3499 3799 3571 ἐπιζη-

523 3591 1084 3687 gressionisillorum.
1119 3599 1249 3656 Haec
1281 3605 1651 3655 consentanea
1698 3594 1975 3663 prioribus
2019 3593 2105 3648 di-

2212 3604 2354 3655 τεῖτε
2383 3600 2493 3654 τῶν
2523 3598 2629 3670 πλη
2641 3597 3031 3669 μμελουμένων
3055 3612 3071 3626 ·
3124 3595 3393 3667 παρέσται
3432 3593 3488 3687 δὲ
3522 3593 3615 3647 καὶ
3642 3595 3672 3647 6
3698 3591 3801 3661 ἄγ-

524 3677 603 3755 Ξίι
624 3697 909 3771 propheta.
940 3692 1093 3747 Hanc
1124 3697 1307 3745 autem
1329 3687 1396 3742 de
1423 3685 1567 3741 beati
1597 3682 1826 3738 Joannis
1846 3682 2106 3754 Baptista:

2215 3691 2368 3761 γελος
2395 3692 2424 3744 ό
2449 3691 2567 3751 ταῖς
2595 3686 2887 3759 συνθήκαις
2913 3685 3393 3759 ὑπηρετησάμενος
3416 3677 3505 3744 αἷς
3527 3680 3802 3752 πεποίηκα

524 3793 758 3849 adventu
807 3785 1218 3860 pronuntiatam
1276 3779 1452 3836 fuisse
1496 3777 1831 3832 locutionem
1899 3775 1971 3839 ’⁸,
1999 3790 2108 3829 non

2215 3781 2355 3853 πρὸς
2385 3781 2532 3852 ὑμᾶς
2567 3778 2826 3843 πολλάκις
2848 3795 2862 3810 ο
2899 3777 2958 3831 ὃν
2992 3775 3377 3846 ἐπιζητοῦντες
3406 3774 3668 3844 εὑρήσετε
3694 3772 3801 3826 τῶν

522 3889 610 3940 est
655 3878 987 3942 mirandum,
1032 3874 1158 3947 quia
1190 3886 1260 3927 ex
1291 3870 1456 3925 rebus
1511 3883 1693 3923 verum
1746 3876 1877 3921 tunc
1935 3865 2111 3921 evasit

2216 3872 2353 3945 πρὸς
2399 3872 2500 3942 ἐμὲ
2543 3869 2824 3942 συνθηκῶν
2869 3868 3022 3940 ὑμῶν
3049 3866 3458 3941 τιμωρούμενον
3490 3866 3588 3936 τὴν
3620 3862 3801 3935 παρά·

524 3975 767 4037 cﬂ'atutn,
849 3978 1206 4040 posteaquam
1279 3975 1590 4033 praecursor
1641 3967 1806 4031 atque
1859 3959 2112 4015 minister

2217 3963 2397 4019 ϐασιν.
2449 3961 2638 4017 Ταῦτα
2675 3962 2773 4033 μὲν
2802 3960 2866 4033 δὴ
2914 3962 3029 4024 τοῖς
3063 3957 3453 4032 προρρηθεῖσιν
3494 3955 3803 4019 ἀκολούθως

526 4066 875 4119 decretorum
908 4055 1003 4111 Dei
1051 4053 1273 4109 advenit
1311 4052 1505 4107 beatus
1543 4048 1817 4116 Joannes;
1854 4065 1980 4105 cum
2015 4064 2108 4105 eo-

2216 4056 2439 4129 εἴρηκεν
2486 4056 2516 4109 6
2554 4056 2838 4127 προφήτης
2866 4069 2880 4083 ·
2936 4051 2997 4106 τὸ
3040 4051 3098 4104 δὲ
3142 4051 3235 4104 ἐπὶ
3258 4050 3361 4120 τῆς
3402 4047 3497 4102 τοῦ
3530 4046 3801 4118 μακαρίου

525 4173 633 4228 que
671 4151 923 4225 apparuit
973 4148 1140 4209 etiam
1184 4145 1304 4212 ille,
1356 4144 1446 4199 cui
1496 4143 1874 4199 testimonium
1921 4141 2106 4208 dabat,

2230 4149 2476 4204 Ἰωάννου
2506 4146 2599 4203 τοῦ
2627 4142 2933 4201 Βαπτιστοῦ
2966 4142 3268 4215 παρουσίας
3297 4141 3397 4212 τὴν
3437 4138 3629 4211 φωνὴν,
3652 4137 3805 4210 εἰρῆ-

527 4247 781 4304 Gbristus
811 4242 1096 4308 Dominus,
1126 4241 1181 4295 in
1210 4251 1320 4309 quo
1347 4236 1594 4293 omnium
1626 4234 1910 4291 hominum
1944 4234 2110 4306 perti-

2220 4240 2344 4295 σθαι
2370 4239 2594 4312 ταύτην,
2621 4238 2683 4292 ού
2711 4235 3041 4309 θαυμαστὸν,
3087 4236 3151 4288 ὲκ
3190 4233 3299 4287 τῶν
3335 4233 3677 4305 πραγμάτοιν
3699 4233 3804 4284 t1:-

526 4338 719 4397 cienda
749 4338 896 4395 salus
923 4342 1065 4391 erat.

2217 4332 2592 4405 αληθευούσης
2619 4331 2742 4385 τότε
2770 4329 2871 4399 τῆς
2897 4328 3103 4397 φωνῆς,
3147 4324 3226 4397 τῷ
3268 4323 3666 4397 παραγίνεσθαι
3703 4322 3803 4395 μὲν

468 4454 473 4477 ι
529 4434 831 4508 πρόδρομον
860 4430 955 4485 καὶ
988 4424 1268 4499 ὑπηρέτην
1308 4421 1418 4476 τῶν
1476 4419 1802 4493 ὡρισμένων
1864 4419 1955 4474 τὸν
2023 4423 2296 4497 μακάριον
2368 4426 2657 4496 Ἰωάννην,
2693 4422 2809 4494 ἅμα
2841 4420 2899 4475 δὲ
2952 4418 3102 4490 αὺτῷ
3144 4418 3390 4489 παρόντα
3424 4417 3658 4488 φανῆναι
3708 4416 3806 4472 καὶ

526 4529 618 4584 τὸν
644 4527 735 4581 ὑπ’
766 4522 931 4578 αὐτοῦ
963 4515 1412 4593 μαρτυρούμενον
1453 4514 1732 4584 Δεσπότην
1766 4512 2022 4585 Χριστὸν.
2082 4516 2142 4571 tv
2216 4510 2372 4590 ᾧπερ
2420 4519 2455 4590 ἡ
2510 4519 2728 4574 πάντων
2772 4512 3076 4586 ἀνθρώπων
3126 4510 3360 4583 ἤμελλεν
3405 4510 3807 4582 οἰκονομεῖσθαι

530 4616 793 4687 σωτηρία.

604 4728 771 4783 Vens.
799 4725 855 4778 2.
878 4752 949 4763 —
968 4720 1093 4778 Mox
1118 4719 1230 4776 sibi
1253 4725 1661 4775 consentaneus
1690 4720 1955 4790 propheta
1984 4734 2116 4792 pro—
2146 4725 2192 4782 1)

2166 4726 2192 4781 )
2292 4716 2442 4789 Σιίχ.
2486 4716 2553 4787 β’.
2601 4744 2675 4758 —
2734 4713 3069 4769 ’Δκολουθῶν
3107 4713 3292 4785 μέντοι
3335 4729 3401 4782 γε
3450 4715 3482 4769 6
3521 4712 3809 4786 προφήτης

528 4821 782 4892 sequitur
808 4835 856 4872 ει
880 4815 1023 4871 Ecce
1050 4814 1221 4881 venit,
1254 4814 1332 4869 ait
1361 4811 1630 4868 Dominus
1659 4812 2034 4883 omnipotens.
2054 4810 2122 4865 Et

2219 4809 2420 4879 ἑαυτῷ,
2451 4807 2648 4877 ἐπάγει
2668 4824 2683 4839 ·
2709 4825 2728 4858 ι
2771 4807 2904 4861 Ἰδοὺ
2942 4806 3183 4879 ἔρχεται,
3210 4805 3358 4875 λέγει
3382 4804 3586 4877 Κύριος
3611 4821 3811 4859 παντο-

522 4913 658 4991 quis
695 4908 991 4967 sustinebit
1021 4906 1167 4962 diem
1197 4904 1457 4960 introitus
1504 4902 1664 4973 ejus?
1694 4902 1802 4957 Aut
1822 4903 1946 4973 quis
1976 4901 2122 4959 ferre

2217 4902 2444 4976 κράτωρ
2464 4917 2478 4931 ο
2498 4900 2595 4955 καὶ
2612 4899 2697 4965 τίς
2714 4899 2978 4971 ὑπομενεῖ
2998 4898 3210 4970 ἡμέραν
3230 4898 3434 4951 εἰσόδου
3450 4895 3645 4962 αὐτοῦς
3671 4896 3703 4967 ἦ
3724 4895 3811 4963 τίς

526 4987 738 5081 poterit
764 5010 1045 5076 aspectum
1072 4998 1232 5071 381
1268 4996 1458 5068 ejus?»
1480 4994 1617 5051 Cum
1649 4994 1886 5058 venerit,
1919 4994 2119 5065 inquit,

2219 4994 2584 5065 ὑποστήσεται
2613 4993 2670 5045 tv
2702 4994 2768 5063 τῇ
2793 4991 3030 5063 ὀπτασίᾳ
3063 4989 3269 5055 αὐτοῦς
3301 5009 3321 5043 ι
3357 4991 3432 5061 (p.
3462 4987 3587 5061 561)
3629 4989 3812 5043 Ἐπει-

536 5100 681 5154 Deus
716 5095 966 5169 publicus
1015 5089 1157 5144 haud
1192 5094 1341 5141 recte
1375 5084 1645 5140 factorum
1680 5081 1914 5147 vindex,
1961 5096 2123 5137 nemo

2219 5088 2315 5143 δάν
2342 5087 2454 5158 γάρ
2500 5085 2900 5157 παραγίνηταιι
2928 5085 3092 5155 φησιν
3111 5123 3127 5147 ,
3173 5085 3202 5138 6
3252 5082 3385 5146 Θεὸς
3415 5081 3657 5152 τιμωρὸς
3692 5082 3815 5137 ἔπι⁸

530 5198 779 5246 vestrum
803 5184 895 5256 qui
923 5184 1037 5238 haec
1063 5180 1248 5234 dicere
1277 5190 1423 5232 nunc
1450 5173 1637 5239 audet,
1669 5173 1972 5243 punitionis
1998 5188 2123 5247 gra-

2224 5179 2549 5252 φαινόμενος
2582 5177 2693 5232 τῶν
2731 5178 2792 5231 ού
2830 5176 3059 5240 δεόντως
3099 5175 3421 5247 γινομένων,
3455 5174 3630 5237 οὐδεὶς
3659 5173 3815 5244 ὑμῶν

541 5283 763 5336 vitalem
798 5274 1113 5333 sustinebit.
1145 5268 1441 5325 Evidenter
1461 5275 1643 5321 autem
1672 5265 1760 5320 his
1788 5266 1970 5323 verbis
1982 5282 2123 5338 pra:-

2223 5271 2331 5328 τῶν
2362 5269 2539 5325 ταῦτα
2584 5267 2680 5323 νῦν
2713 5268 2892 5334 λέγειν
2938 5267 3263 5338 τολμώντων
3313 5266 3680 5336 ὑποστήσεται
3715 5266 3817 5337 τῆς

536 5372 671 5426 dicit
718 5372 827 5425 illis
872 5381 937 5423 ea
974 5379 1095 5436 quae
1136 5361 1241 5419 sub
1287 5358 1648 5414 Macchabaeis
1683 5366 1948 5414 eventura
1981 5360 2124 5414 mala

2222 5360 2497 5432 τιμωρίας
2545 5359 2605 5413 τὸ
2641 5358 2871 5429 μέγεθος
2892 5373 2907 5388 ·
2958 5357 3116 5426 δῆλος
3143 5357 3203 5410 δέ
3245 5358 3393 5411 ἐστιν
3417 5360 3478 5411 ἐν
3505 5356 3719 5421 τούτοις
3746 5356 3818 5411 τὰ

530 5469 726 5528 erant,
771 5475 893 5531 quae
942 5456 1152 5513 scilicet
1199 5453 1270 5509 ob
1324 5466 1481 5508 suam
1536 5450 1771 5523 populus
1817 5452 2121 5522 nequitiam

2226 5453 2320 5507 ἐπὶ
2351 5451 2457 5505 τῶν
2485 5449 2864 5505 Μακκαὸαίων
2892 5449 3074 5512 αὐτοῖς
3106 5447 3327 5520 μηνύων
3353 5449 3520 5513 κακά,
3549 5448 3696 5520 άπερ
3719 5448 3818 5520 τῆς

530 5554 785 5625 pertulit.
828 5551 955 5605 Ideo
983 5548 1076 5620 qui
1112 5547 1255 5602 hanc
1285 5544 1583 5600 dictionem
1614 5543 1913 5598 convenire
1931 5544 2126 5599 existi-

2227 5545 2435 5602 ἑαυτῶν
2474 5545 2660 5599 ἕνεκεν
2695 5544 3148 5614 ὑπομεμενήκασι
3184 5543 3384 5607 κακίας
3404 5560 3419 5574 ο
3464 5544 3540 5608 ὡς
3566 5544 3597 5597 ὃ
3625 5559 3691 5613 γε
3721 5542 3819 5597 αύ-

541 5655 654 5703 mat
685 5645 906 5702 Christo
935 5641 1187 5705 Domino,
1221 5655 1325 5696 nec
1354 5637 1422 5693 de
1456 5637 1565 5692 alio
1595 5650 1761 5707 quam
1799 5635 1869 5690 de
1895 5650 1963 5691 eo
1996 5651 2123 5706 pro-

2223 5642 2324 5713 τὴν
2379 5640 2481 5710 τὴν
2543 5635 2729 5708 φωνὴν
2778 5636 3071 5708 ἁρμόττειν
3122 5635 3370 5707 οἰόμενος
3432 5634 3513 5707 τῷ
3567 5635 3819 5706 Δεσπότῃ

539 5740 868 5805 nuntiatam,
906 5736 1124 5794 videtur
1152 5734 1406 5808 ignorare
1437 5745 1624 5787 rerum
1661 5729 1751 5785 hic
1786 5728 2121 5800 scriptarum

2222 5730 2445 5803 Χριστῷ
2484 5728 2562 5793 ὡς
2615 5728 2680 5782 ἂν
2706 5729 2835 5801 περὶ
2864 5726 3031 5782 αὑτοῦ
3085 5729 3181 5782 καὶ
3208 5728 3307 5800 οὐχ
3348 5730 3536 5801 ἑτέρου
3582 5745 3678 5784 του
3716 5729 3818 5799 6n—

611 5927 655 5960 “
696 5926 839 5984 Psal.
868 5939 1076 5992 Lxxvn,
1099 5922 1191 5982 95.
1267 5923 1314 5956 "
1341 5921 1473 5979 ibid.
1506 5921 1597 5976 25.
1672 5919 1720 5953 ⁸³
1762 5919 1907 5976 Psal.
1949 5934 2081 5987 xvu,
2114 5917 2199 5974 10.
2309 5917 2356 5951 ⁸⁵
2390 5916 2587 5974 Matth.
2612 5933 2689 5983 xl,
2719 5917 3015 5989 l0;Marc.
3049 5933 3088 5984 ι,
3112 5917 3181 5988 2;
3217 5916 3351 5973 Luc.
3392 5933 3428 5987 ι,
3463 5917 3557 5983 l7;
3593 5929 3692 5983 vu,
3721 5911 3815 5967 2‘1.
