4162 6466
391 457 490 510 621

1333 466 1980 527 COMMENTARIUSiN
2024 467 2412 525 MALAClll/E
2453 468 2606 525 CAP.
2643 468 2734 524 ill.

3582 472 3683 525 62!!

393 579 584 634 θεῖσαν
620 580 755 653 (70),
789 581 965 636 ἔοικεν
994 583 1206 653 ἀγνοεῖν
1241 587 1300 640 τὸ
1329 588 1583 663 διάφορον
1613 591 1720 646 τῶν
1755 592 1993 647 ἐνταῦθα

2100 591 2464 648 differentiam
2497 593 2565 648 ab
2595 592 2704 647 illis
2735 606 2858 663 quae
2890 591 2943 646 in
2966 591 3170 648 Christi
3205 553 3421 648 Domini
3453 592 3693 648 adventu

390 687 453 724 τε
485 671 911 744 γεγραμμένων,
945 675 1038 728 καὶ
1062 675 1169 731 τῶν
1200 679 1291 732 ἐπὶ
1322 680 1422 750 τῆς
1451 683 1757 753 παρουσίας
1780 685 1990 738 οἰκονο-

395 762 682 834 μηθὲντων
727 765 820 819 τοῦ
871 767 1142 822 Δεσπότου
1191 772 1449 843 Χριστοῦ,
1480 773 1538 837 ὃς
1579 776 1626 828 εἰ
1666 775 1760 828 καὶ
1801 775 1990 846 κριτοῦ

389 853 553 924 δίκην
593 854 860 927 διέκρινεν
909 857 968 912 ὲν
1008 859 1280 924 Ἰουδαίοις
1313 863 1438 928 τοὺς
1474 862 1710 933 φαύλους
1747 865 1856 919 ἀπὸ
1883 865 1992 919 τῶν

389 947 757 1018 κρειττόνων,
802 950 930 1014 τοὺς
981 950 1080 1022 μὲν
1114 953 1200 1005 ἐπ’
1234 956 1396 1008 αὑτὸν
1431 957 1863 1022 πεπιστευκότας
1899 959 1992 1012 ὲπὶ

386 1038 453 1092 τὸ
483 1042 734 1110 κρεῖττον
766 1048 1131 1116 μεταστήσας,
1162 1047 1288 1110 τοὺς
1319 1048 1692 1119 ἠπιστηκότας
1720 1050 1777 1104 δὲ
1807 1069 1989 1124 παρα-

383 1129 520 1194 δοὺς
552 1132 814 1204 τιμωρίᾳ,
853 1133 970 1188 ἀλλ’
999 1135 1220 1208 εὔδηλον
1253 1139 1334 1192 ὃτι
1369 1140 1446 1210 τῷ
1485 1141 1650 1214 κοινῷ
1687 1142 1832 1215 λόγῳ
1867 1161 1992 1198 σκο-

388 1221 498 1274 πὸν
531 1223 631 1294 τῆς
663 1225 870 1290 οἰκείας
918 1227 1121 1299 ἔσχηκε
1173 1232 1507 1301 παρουσίας,
1549 1235 1608 1289 ὃν
1651 1236 1679 1289 ὁ
1721 1237 1990 1308 μακάριος

402 1314 665 1385 Ἰωάννης
689 1315 992 1389 δεδήλωκεν
1019 1320 1210 1386 εἰπὼν,
1253 1342 1272 1375 ι
1289 1324 1396 1379 Ἴδε
1419 1326 1449 1378 ό
1477 1327 1647 1398 ἀμνὸς
1670 1329 1766 1383 τοῦ
1801 1329 1937 1384 Θεοῦ
1961 1332 1990 1383 ὁ

381 1408 571 1478 αἴρων
599 1408 698 1479 τὴν
722 1409 1000 1482 ἁμαρτίαν
1032 1413 1126 1467 τοῦ
1154 1415 1360 1486 κόσμου
1385 1433 1397 1446 ·
1431 1438 1450 1470 ι
1491 1419 1585 1473 καὶ
1613 1420 1682 1474 τὰ
1705 1422 1904 1493 ἐφεξῆς
1931 1425 1988 1478 δὲ

383 1499 473 1552 ἔτι
505 1500 706 1571 μᾶλλον
734 1502 976 1558 δείκνυσι
1001 1505 1112 1559 τῶν
1146 1508 1408 1580 ῥημάτων
1444 1514 1536 1566 τὸν
1562 1515 1783 1569 σκοπόν.
1827 1517 1993 1571 Ἐπά-

382 1608 479 1656 γει
514 1590 622 1662 γάρ
647 1608 662 1624 ’

463 1682 614 1754 Στίχ.
653 1689 725 1752 γ’,
753 1683 818 1744 δ’.
843 1717 914 1727 -—-
948 1707 966 1741 t
991 1688 1136 1744 Διότι
1164 1691 1328 1757 αὐτὸς
1360 1695 1740 1767 εἰσπορεύεται
1770 1699 1847 1763 ὡς
1877 1699 1989 1770 πῦρ

389 1774 784 1845 χωνευτηρίου,
819 1778 914 1832 καὶ
950 1779 1027 1844 ὡς
1070 1781 1177 1836 πόα
1207 1781 1518 1839 πλυνόντων
1542 1800 1555 1814 ⁸
1599 1788 1691 1840 καὶ
1721 1789 1987 1843 καθιεῖται

2097 699 2194 755 per
2226 683 2697 754 dispensationem
2730 689 2866 738 acta':
2899 689 3064 738 sunt:
3098 685 3190 754 qui
3223 683 3477 754 quamvis
3513 681 3694 738 ofﬁcio

2090 776 2296 848 judicis
2325 777 2586 833 discrevit
2614 773 2929 832 Judaeorum
2966 777 3247 848 improbos
3285 793 3314 832 a
3349 777 3693 839 melioribus,

2095 871 2387 928 credentes
2410 871 2516 928 sibi
2541 872 2610 928 ad
2633 873 2913 929 meliorem
2941 870 3150 941 frugem
3173 871 3486 936 traducens,
3513 871 3696 926 incre-

2095 963 2255 1020 dulos
2289 979 2451 1034 pmna
2472 962 2749 1021 afﬁciens:
2777 972 3018 1020 attamen
3044 965 3389 1034 exploratum
3414 971 3518 1025 est,
3546 961 3696 1033 quod

2096 1057 2337 1128 generali
2377 1056 2592 1112 ratione
2625 1071 2854 1128 scopum
2875 1056 3413 1112 habueritadventus
3433 1054 3518 1110 sui
3541 1053 3694 1108 illum

2097 1163 2260 1217 quem
2279 1148 2474 1204 beatus
2489 1147 2733 1205 Joannes
2754 1149 3058 1204 declaravit
3073 1149 3265 1204 dicens
3289 1168 3330 1203 ει
3345 1147 3485 1202 Ecce
3501 1147 3692 1217 Agnus

2101 1241 2192 1296 Dei
2225 1241 2315 1312 qui
2349 1241 2490 1297 tollit
2521 1250 2806 1313 peccatum
2838 1243 3109 1297 mundi".
3149 1261 3168 1293 ι
3201 1241 3340 1297 Tum
3376 1241 3429 1297 in
3463 1255 3702 1311 sequen-

2097 1335 2244 1390 tibus
2287 1336 2556 1406 propheta
2601 1335 2776 1405 magis
2811 1335 2991 1391 adhuc
3029 1336 3205 1405 aperit
3234 1336 3526 1390 verborum
3567 1350 3703 1390 suo-

2098 1443 2218 1482 rum
2257 1443 2506 1498 scopum.
2544 1427 2709 1483 Addit
2736 1427 2910 1486 enim:

2175 1701 2340 1758 Vitas.
2383 1702 2496 1764 δή,
2524 1731 2590 1740 --
2617 1700 2799 1767 «Quia
2849 1700 2967 1772 ipse
3014 1700 3317 1772 ingreditur
3357 1703 3514 1772 quasi
3555 1703 3698 1775 ignis
3780 1743 3786 1752 -

2098 1793 2437 1859 conﬁatorii,
2483 1801 2541 1850 et
2587 1796 2749 1866 quasi
2798 1793 2970 1849 herba
3018 1793 3309 1850 fullonum.
3372 1794 3438 1848 Et
3484 1796 3698 1852 sedebit

388 1863 648 1932 χωνεύων
715 1866 809 1920 καὶ
869 1868 1181 1943 καθαρίζων
1237 1873 1318 1939 ὡς
1368 1875 1430 1929 τὸ
1478 1877 1741 1950 ἀργύριον
1790 1882 1884 1934 καὶ
1930 1882 1989 1935 τὸ

2100 1884 2345 1939 conﬂans
2377 1892 2432 1940 et
2462 1863 2704 1955 purgans
2729 1883 2873 1940 sicut
2905 1899 3099 1939 aurum
3122 1892 3177 1940 et
3205 1885 3348 1941 sicut
3381 1897 3694 1957 argentum.

384 1958 621 2028 χρυσίον
654 1977 668 1990 ι
721 1963 816 2016 καὶ
846 1963 1100 2036 καθαριεῖ
1124 1965 1253 2030 τοὺς
1296 1967 1446 2033 υἱοὺς
1480 1971 1632 2036 Λευὶ,
1681 1973 1776 2025 καὶ
1811 1974 1993 2044 ἐκχεεῖ

383 2049 596 2114 αὐτοὺς
641 2051 718 2115 ὡς
777 2053 840 2106 τὸ
890 2055 1115 2126 χρυσίον
1172 2057 1266 2110 καὶ
1317 2057 1392 2122 ὡς
1431 2059 1491 2112 τὸ
1541 2060 1846 2133 ἀργύριον
1899 2065 1993 2118 καὶ

381 2139 610 2196 ἔσονται
629 2143 711 2214 τῷ
733 2145 921 2217 Κυρίῳ
948 2148 1316 2220 προσάγοντες
1340 2150 1532 2205 θυσίαν
1559 2154 1616 2205 ὲν
1639 2153 1952 2227 δικαιοσύνῃ
1975 2171 1989 2186 ·

383 2236 490 2288 καὶ
523 2238 713 2310 ὰρέσει
744 2239 826 2312 τῷ
873 2242 1064 2314 Κυρίῳ
1101 2243 1264 2298 θυσία
1309 2245 1476 2298 Ἰούδα
1521 2247 1580 2299 ὲν
1619 2246 1989 2320 Ἰερουσαλὴμ,

383 2329 581 2394 καθὼς
618 2334 672 2386 αἱ
701 2333 904 2405 ἡμέραι
933 2335 1028 2389 τοῦ
1077 2336 1294 2404 αἰῶνος,
1329 2338 1426 2391 καὶ
1457 2337 1639 2403 καθὼς
1671 2339 1741 2393 τὰ
1786 2341 1879 2413 ἐτη
1922 2340 1993 2394 τὰ

383 2421 728 2494 ἔμπροσθεν.
758 2445 778 2478 ι
825 2429 900 2496 (p.
942 2427 1066 2499 562)
1121 2429 1282 2483 Ἀλλὰ
1327 2429 1438 2503 γὰρ
1487 2430 1641 2485 ἔσται
1688 2451 1778 2499 τι,
1830 2434 1988 2503 φησὶ,

382 2512 586 2584 κέρδος
627 2516 693 2568 ἐκ
721 2516 821 2586 τῆς
851 2517 1306 2591 ἐπαχθησομένης
1349 2521 1471 2575 τότε
1506 2522 1778 2594 τιμωρίας
1818 2525 1947 2596 ὑμῖν
1975 2541 1988 2554 ·

380 2605 550 2677 δίκην
582 2606 681 2678 μὲν
711 2608 822 2680 γὰρ
858 2610 1029 2681 πυρὸς
1062 2613 1121 2665 ἐν
1164 2611 1364 2685 χωνείᾳ
1404 2614 1671 2686 ἀργύριόν
1710 2631 1768 2668 τε
1801 2616 1994 2671 καθαί-

385 2716 584 2772 ροντος
614 2701 708 2753 καὶ
735 2703 981 2772 χρυσίον,
1013 2704 1045 2776 ἢ
1081 2707 1178 2759 καὶ
1214 2706 1352 2771 πόας
1388 2707 1480 2762 διὰ
1525 2708 1636 2761 τῶν
1683 2709 1993 2765 πλυνόντων

383 2795 770 2869 καθαιρούσης
801 2797 1026 2868 ἐσθῆτα,
1057 2801 1177 2862 ταῖς
1204 2803 1511 2873 συμφοραῖς
1537 2804 1655 2864 ταῖς
1689 2803 1992 2873 τηνικαῦτα

386 2889 769 2959 ὲπαγομέναις
814 2891 943 2961 ὑμῖν
977 2892 1232 2964 καθαριεῖ
1277 2895 1487 2958 πάντας
1519 2896 1650 2960 τοὺς
1684 2897 1786 2968 τὴν
1831 2899 1994 2969 ἱερω-

389 2982 564 3054 σύνην
605 2982 922 3054 τολμῶντας
964 2985 1206 3039 ἐκτελεῖν
1247 2987 1522 3058 ἁδοκίμως
1549 3005 1562 3018 ο
1608 2988 1751 3042 ὥστε
1794 2989 1993 3054 αὐτοὺς

387 3079 509 3141 τοῖς
541 3076 945 3148 ἐπιγινομένοις
987 3079 1460 3150 σωφρονισθέντας
1502 3084 1693 3146 κακοῖς
1726 3083 1994 3155 προσάγει

382 3171 576 3226 λοιπὸν
615 3171 694 3243 τῷ
734 3171 854 3243 Θεῷ
889 3171 1101 3236 θυσίας,
1145 3172 1223 3237 ὡς
1270 3173 1499 3245 νόμιμον
1547 3177 1846 3246 προσάγειν
1872 3177 1994 3248 Θεῷ

381 3263 698 3336 προεστῶτι
739 3263 833 3318 τοῦ
865 3265 1101 3328 δικαίου,
1145 3259 1190 3335 ᾧ
1231 3265 1294 3336 δὴ
1328 3265 1464 3336 μετὰ
1490 3266 1686 3320 πολλοῦ
1717 3267 1810 3321 τοῦ
1839 3269 1992 3334 δέους
2019 3251 2061 3310 C

379 3360 488 3432 τὴν
519 3359 866 3431 λειτουργίαν
899 3361 1176 3430 προσῆκον
1206 3358 1542 3432 ἐκπληροῦν,
1573 3359 1650 3424 ὡς
1691 3360 1857 3414 εἰδότι
1897 3362 1991 3414 καὶ

380 3453 755 3525 τιμωρεῖσθαι
783 3454 910 3518 τοὺς
940 3453 1274 3524 καταμελεῖν
1308 3452 1592 3517 ἐθέλοντας
1621 3452 1810 3507 αὐτοῦ.
1855 3453 1990 3508 Τότε

381 3546 487 3616 δὴ,
524 3547 729 3616 φησὶν,
774 3547 1015 3610 Ἰουδαῖοι
1063 3546 1158 3600 ἐπὶ
1205 3546 1306 3616 τῆς
1344 3547 1703 3619 Ἰερουσαλὴμ
1751 3547 1990 3617 ἀρεστὰς

383 3637 746 3709 προσοίσουσι
776 3637 856 3708 τῷ
905 3637 1026 3709 Θεῷ
1069 3636 1260 3702 θυσίας
1281 3655 1294 3668 ο
1347 3639 1610 3708 ἀνάλογον
1644 3638 1723 3710 τῷ
1754 3640 1991 3712 πρόσθεν

383 3731 591 3804 χρόνῳ,
630 3733 688 3784 ἐν
723 3723 878 3802 ᾧπερ
907 3733 1021 3794 τοῖς
1060 3718 1311 3800 γεγονόσι
1347 3731 1491 3784 κατὰ
1538 3732 1731 3802 καιρὸν
1760 3731 1990 3797 δικαίοις

383 3823 897 3896 ὲπιμελησαμένοις
956 3822 1052 3877 τοῦ
1122 3825 1492 3898 προσήκοντος
1528 3865 1542 3888 ,
1609 3825 1708 3889 τὰς
1781 3825 1992 3878 ἑαυτῶν

385 3917 694 3988 προσάγειν
727 3915 919 3982 θυσίας
945 3916 1179 3988 νόμιμον
1210 3911 1278 3987 ἧν
1298 3933 1310 3945 ·
1345 3914 1470 3969 οὒτε
1493 3915 1551 3969 δὲ
1571 3915 1653 3977 τὸ,
1691 3915 1994 3988 «Καθαριεί

383 4009 518 4073 τοὺς
544 4008 696 4072 υἱοὺς
720 4008 875 4074 Λευὶ,
905 4028 925 4060 ι
966 4007 1090 4061 οὔτε
1117 4008 1200 4074 τὸ,
1239 4027 1257 4060 ι
1283 4007 1494 4078 Ἀρὲσει
1515 4006 1592 4078 τῷ
1615 4009 1804 4079 Κυρίῳ
1831 4007 1994 4063 θυσία

397 4099 578 4154 Ἰούδα
620 4103 679 4154 ὲν
719 4100 1101 4172 Ἰερουσαλὴμ,
1136 4120 1155 4153 ›
1207 4099 1471 4174 ἁρμόσει,
1513 4101 1562 4152 εί
1619 4098 1698 4170 τῷ
1744 4099 1994 4173 Δεσπὸτῃ

386 4193 618 4268 Χριστῷ
650 4211 733 4258 τις
771 4195 1073 4266 προσήκειν
1098 4194 1265 4249 οἴοιτο
1287 4192 1355 4248 τὰ
1382 4194 1654 4265 λεγόμενα
1678 4210 1690 4222 ·
1732 4192 1854 4247 οὐδὲ
1884 4193 1992 4265 γὰρ

387 4287 502 4340 υἱοὶ
519 4285 616 4340 τοῦ
643 4288 778 4340 Λευὶ
808 4286 960 4357 μόνοι
981 4285 1072 4341 τὸν
1096 4286 1381 4358 καθαρμὸν
1411 4287 1661 4354 ἐδέξαντο
1683 4287 1826 4352 τότε,
1853 4287 1990 4342 ἀλλὰ

387 4377 597 4442 πάντες
629 4377 908 4450 ἄνθρωποι
929 4395 942 4409 ο
981 4372 1179 4449 οἷσπερ
1206 4375 1300 4432 οὖν
1329 4377 1677 4450 ἁρμόττουσα
1706 4379 1741 4449 ἡ
1762 4375 1855 4431 τοῦ
1891 4395 1994 4448 μα·-

387 4471 592 4544 καρίου
626 4471 842 4526 Παύλου
874 4473 1058 4544 φωνὴ,
1109 4491 1129 4524 ι
1183 4471 1566 4544 Ἐκκαθάρατε
1609 4470 1708 4543 τὴν
1750 4469 1995 4524 παλαιὰν

385 4567 597 4640 ζύμην,
628 4567 716 4621 ἵνα
744 4563 845 4639 ἦτε
885 4565 1006 4620 νέον
1038 4566 1291 4637 φύραμα,
1325 4566 1508 4632 καθὼς
1561 4566 1684 4620 ἐστὲ
1714 4564 1936 4636 ἄζυμοι.
1969 4583 1987 4616 ι

401 4659 550 4713 Ἀλλ’
578 4659 702 4714 οὐδὲ
729 4661 764 4731 ἡ
804 4658 977 4713 ’ἰούδα
1008 4657 1170 4712 θυσία
1200 4659 1259 4712 ὲν
1302 4656 1660 4731 Ἰερουσαλὴμ
1683 4655 1846 4727 δεκτὴ
1874 4655 1994 4709 τότε

384 4754 589 4822 γέγονε
637 4752 714 4825 τῷ
769 4752 890 4824 Θεῷ
915 4768 928 4780 ·
983 4752 1295 4806 τούναντίον
1361 4750 1462 4822 μὲν
1517 4746 1612 4804 οὖν
1660 4749 1996 4820 πεπαυμένη

383 4847 616 4918 ἀπάσης
660 4847 896 4918 νομικῆς
943 4844 1134 4910 θυσίας
1186 4845 1246 4898 ὲν
1287 4844 1646 4916 Ἰερουσαλὴμ
1677 4845 1995 4917 γινομένης,

383 4941 466 5008 (p.
497 4937 625 5008 563)
686 4936 785 4991 ἆτε
832 4937 929 4990 καὶ
976 4932 1528 5003 συγκαταλελυμένης
1570 4935 1638 5005 τῇ
1685 4931 1781 4986 τοῦ
1827 4931 1996 4986 τόπου

383 5031 804 5102 παρατηρήσει,
839 5029 1127 5101 ἀνεδείχθη
1166 5029 1328 5083 θυσία
1357 5027 1671 5100 ἀπόρρητός
1695 5045 1754 5081 τε
1783 5027 1880 5082 καὶ
1909 5025 1998 5080 λο-

383 5121 527 5194 γικὴ
578 5122 718 5193 (71),
767 5122 834 5192 ἣν
880 5121 975 5175 ἐπὶ
1025 5120 1359 5192 μνημοσύνῳ
1412 5117 1508 5172 τοῦ
1552 5135 1612 5177 τε
1659 5117 1866 5182 πάθους
1897 5113 1993 5170 τοῦ

461 5315 511 5347 ’⁸
542 5310 705 5368 Joan.
741 5328 780 5378 l,
802 5311 896 5368 ΞΩ.
978 5311 1026 5343 ⁹⁴⁸
1058 5309 1238 5364 ICor.
1283 5327 1335 5374 v,
1376 5309 1428 5364 7.
1505 5311 1553 5341 "
1582 5306 1742 5364 Joan.
1764 5325 1838 5370 tv,
1867 5307 1956 5361 2|.

464 5479 582 5554 (70)
624 5477 852 5554 [tectius
890 5476 1118 5554 omnino
1164 5477 1218 5554 in
1259 5472 1672 5554 commentariis
1720 5469 1990 5554 Hieroni-

385 5541 521 5608 nnis
549 5541 576 5613 ,’
617 5551 859 5622 Cyrillus
896 5564 960 5602 ac
994 5547 1377 5622 Theodoretus
1397 5544 1692 5622 bialachiae
1724 5542 1891 5622 verba
1927 5541 1997 5622 de

381 5623 624 5678 Joannis
665 5614 904 5675 'tantum
945 5618 1338 5688 praedicatione
1389 5615 1709 5688 Christique
1757 5614 1996 5688 adventu

382 5696 696 5764 explicant.
724 5690 927 5764 Noster
949 5686 1136 5745 autem
1171 5704 1324 5764 more
1352 5702 1454 5742 suo
1486 5701 1602 5742 rem
1633 5687 1782 5764 illam
1815 5686 1998 5764 potius

385 5755 516 5820 κατ’
551 5763 803 5829 ἔκϐασιν,
850 5763 905 5818 id
941 5770 1028 5819 est
1073 5760 1364 5816 secundum
1403 5768 1659 5829 eventum!
1684 5755 1997 5829 pleniorem,

385 5836 608 5890 mavult
633 5827 962 5904 intelligere,
992 5832 1192 5904 ethuie
1213 5844 1432 5902 quoque
1465 5833 1584 5901 loco
1615 5827 2002 5904 macchabaica

386 5918 649 5976 tempora
685 5899 999 5976 importune
1033 5899 1340 5958 admiscere
1362 5911 1416 5954 et
1451 5899 1870 5976 accommodare
1911 5899 1993 5953 ni-

385 5969 554 6034 titur.
592 5975 745 6032 Notae
766 5969 1069 6046 "propterea
1111 5980 1240 6030 sunt
1286 5981 1481 6028 contra
1520 5969 1990 6042 Mopsucstcnum,

2097 1979 2161 2031 Et
2194 1983 2358 2032 erunt
2393 1975 2626 2032 Domino
2661 1975 2998 2032 adducentes
3017 1976 3354 2033 sacriﬁcium
3380 1979 3694 2050 iniustitia.

2097 2068 2162 2123 Et
2191 2069 2428 2139 placebit
2455 2068 2690 2124 Domino
2715 2069 3052 2124 sacrificium
3082 2067 3238 2125 Judte
3265 2070 3321 2125 in
3349 2069 3694 2128 Hierusalem

2096 2161 2240 2214 sicut
2275 2160 2393 2216 dies
2426 2159 2632 2216 saeculi-
2647 2166 2701 2214 et
2732 2159 2878 2214 sicut
2911 2161 3042 2214 anni
3078 2159 3317 2231 pristini.
3344 2181 3362 2214 ι
3402 2160 3698 2218 Verumta-

2096 2266 2220 2306 men
2251 2251 2460 2321 aliquid
2494 2250 2652 2307 vobis
2676 2251 3038 2306 emolumenti
3060 2252 3341 2324 continget
3365 2268 3432 2309 ex
3456 2253 3698 2324 impacta

2096 2359 2280 2414 poena.
2311 2342 2560 2414 Namque
2591 2343 2735 2414 ignis
2762 2342 2939 2399 instar
2969 2344 3025 2398 in
3056 2343 3385 2400 conﬁatorio
3408 2353 3696 2415 argentum

2096 2437 2382 2506 purgantis
2416 2443 2471 2490 et
2501 2437 2820 2497 aurum,vel
2857 2435 3042 2491 herbae
3075 2436 3241 2492 etiam
3275 2452 3397 2507 qute
3428 2437 3696 2494 fullonum

2097 2543 2263 2598 opera
2313 2536 2524 2584 vestem
2559 2526 2855 2592 emundat,
2907 2529 3324 2585 calamitatibus
3375 2538 3507 2584 tunc
3542 2530 3700 2586 vobis

2097 2619 2322 2676 inflictis
2349 2619 2606 2692 purgabit
2624 2619 2769 2676 Deus
2792 2619 2916 2674 illos
2939 2620 3031 2690 qui
3052 2621 3421 2676 sacerdotium
3449 2620 3700 2692 improbe

2099 2722 2335 2768 tractare
2359 2713 2601 2767 audent:
2638 2719 2699 2766 ut
2726 2711 2780 2764 hi
2814 2711 3267 2770 incumbentibus
3304 2713 3465 2769 malis
3499 2729 3698 2769 emun-

2097 2807 2239 2867 dati.
2281 2804 2391 2859 Deo
2426 2804 2683 2875 posthinc
2713 2804 2944 2860 offerant
2974 2804 3279 2868 sacriﬁcia,
3327 2814 3492 2875 prout
3527 2804 3698 2861 Deum

2078 2897 2260 2968 ’382
2285 2897 2443 2952 decet
2468 2895 2698 2966 justitiae
2727 2895 3025 2958 vindicem,
3058 2895 3148 2949 cui
3181 2904 3337 2951 certe
3367 2897 3541 2951 multo
3570 2912 3696 2951 cum

2099 2992 2295 3046 timore
2330 3006 2552 3047 sacrum
2587 2989 2958 3045 ministerium
2995 2990 3416 3060 persolvendum
3459 2997 3564 3050 est,
3597 3003 3700 3044 ceu

2095 3083 2300 3139 valenti
2361 3091 2767 3152 contemptores
2802 3095 2934 3136 suos
2965 3081 3178 3151 punire.
3212 3081 3367 3136 Tunc
3397 3079 3700 3147 Judaei,in—

2097 3178 2237 3246 quit,
2264 3176 2319 3230 in
2353 3175 2543 3230 urbem
2569 3174 2914 3231 Hierusalem
2946 3181 3103 3247 grata
3137 3176 3247 3230 Deo
3291 3175 3568 3230 adducent
3609 3189 3700 3230 sa-

2096 3267 2326 3333 criﬁcia,
2359 3268 2666 3338 superioris
2695 3267 2873 3324 aetatis
2904 3282 3076 3333 more,
3118 3267 3174 3321 in
3208 3281 3314 3338 qua
3346 3267 3561 3337 ajustls
3604 3281 3703 3336 per

2098 3365 2341 3428 tempora
2370 3360 2788 3428 cxsistentibu-s,
2831 3361 2968 3416 recti
3003 3359 3165 3415 ofﬁcii
3197 3360 3486 3425 studiosis,
3525 3359 3704 3414 sacri-

2100 3451 2218 3504 ﬁcia
2243 3451 2467 3521 propria
2495 3450 2678 3508 offerri
2705 3452 3008 3522 legitimum
3041 3460 3175 3508 erat.
3198 3449 3336 3505 Nam
3367 3464 3549 3520 neque
3579 3462 3713 3530 ver-_

2098 3541 2472 3614 bacpurgabit
2507 3543 2648 3600 ﬁlios
2679 3542 2866 3609 Levi»
2899 3559 3076 3615 neque
3106 3543 3234 3598 item
3267 3543 3383 3607 illa,
3421 3538 3698 3596 «Placebit

2097 3635 2329 3690 Domino
2379 3634 2715 3690 sacriﬁcium
2765 3633 2920 3709 Iudae
2959 3637 3014 3690 in
3059 3633 3459 3698 Hierusalem,»
3497 3646 3700 3686 conve-

2098 3732 2312 3787 nienter
2345 3730 2495 3786 dicta
2544 3729 2772 3797 fuerint,
2824 3731 2871 3786 si
2915 3730 3040 3801 quis
3079 3743 3142 3784 ea
3192 3726 3415 3782 Christo
3466 3725 3698 3780 Domino

2097 3823 2646 3896 congruerejudicet.
2671 3821 2860 3894 Neque
2885 3823 3030 3878 enim
3053 3820 3145 3876 ﬁlii
3175 3820 3298 3876 Levi
3320 3818 3700 3874 tantummodo

2098 3923 2230 3970 tunc
2261 3916 2642 3987 purgationem
2673 3914 2891 3986 experti
2937 3920 3105 3980 sunt,
3145 3911 3242 3966 sed
3285 3925 3480 3966 omnes
3518 3908 3699 3964 homi-

2098 4023 2232 4063 nes:
2268 4009 2471 4079 quibus
2510 4006 2720 4063 idcirco
2763 4005 3020 4077 congruit
3063 4005 3212 4061 beati
3244 4002 3401 4059 Pauli
3450 4001 3696 4058 locutio:

2103 4121 2120 4153 ‹
2151 4100 2452 4173 Expurgate
2487 4109 2641 4157 vetus
2661 4101 3006 4161 fermentum,
3032 4106 3094 4153 ut
3119 4096 3240 4152 sitis
3265 4109 3403 4150 nova
3431 4110 3701 4167 consper-

2098 4193 2212 4258 sio,
2246 4195 2392 4250 sicut
2425 4192 2560 4249 estis
2592 4188 2842 4264 azymi“.
2881 4208 2900 4242 ι
2954 4188 3062 4244 Sed
3093 4204 3270 4259 neque
3298 4186 3456 4242 Judm
3482 4185 3700 4244 sacriﬁ-

2098 4287 2246 4342 cium
2277 4287 2333 4340 in
2351 4285 2489 4341 urbe
2505 4283 2847 4339 Hierusalem
2881 4291 3014 4338 tunc
3041 4281 3381 4352 acceptabile
3413 4279 3526 4335 Deo
3559 4279 3696 4334 fuit:

2100 4381 2211 4436 imo
2239 4390 2451 4445 contra,
2497 4385 2752 4433 cessante
2786 4375 2938 4432 omni
2985 4374 3287 4431 secundum
3339 4374 3508 4442 legem
3552 4371 3700 4442 apud

2101 4469 2441 4533 Hierusalem
2487 4455 2785 4532 sacriﬁcio,
2816 4467 2946 4538 quia
2985 4465 3150 4522 simul
3181 4479 3307 4520 eum
3340 4464 3445 4518 loci
3481 4477 3702 4534 posses-

2101 4563 2256 4617 sione
2285 4560 2504 4623 dcsivit,
2526 4558 2740 4616 exstitit
2764 4557 3016 4628 posthinc
3043 4554 3374 4613 sacriﬁcium
3393 4552 3700 4609 inauditum

2102 4660 2268 4724 atque
2290 4651 2579 4715 rationale,
2605 4650 2750 4721 quod
2773 4651 2845 4707 ob
2872 4648 3191 4704 memoriam
3219 4643 3496 4717 passionis
3520 4643 3702 4699 nomi-

2103 4745 2243 4798 nicae
2280 4757 2344 4798 ac
2386 4742 2840 4807 resurrectionis,
2882 4756 2995 4797 non
3044 4740 3102 4796 in
3154 4740 3292 4795 urbe
3331 4736 3699 4799 Hierusalem.

2101 4833 2198 4891 sed
2235 4833 2439 4906 ubique
2468 4841 2741 4890 terrarum
2785 4839 3059 4905 quotquot
3109 4830 3450 4888 credidimus
3492 4829 3703 4902 pariter

2102 4927 2783 4984 oll'erimus.«t3redeenim
2802 4927 2957 4991 mihi,
3013 4926 3214 4997 inquit,
3280 4924 3702 4996 omulier,quia

2102 5025 2250 5080 venit
2281 5024 2438 5088 hora,
2458 5021 2683 5095 quando
2703 5036 2882 5093 neque
2906 5019 3302 5093 Hierosolymis
3334 5035 3514 5090 neque
3538 5017 3595 5073 in
3619 5018 3702 5072 lo-

2101 5133 2169 5173 co
2197 5117 2304 5174 isto
2329 5118 2629 5173 adorabitis
2649 5115 2868 5172 Patrem
2885 5116 2952 5169 ".
2968 5113 3204 5186 meique
3219 5128 3444 5170 causam
3467 5112 3660 5167 dicens
3682 5129 3696 5166 :

2107 5469 2265 5540 quasi
2314 5467 2732 5538 ιουδαιόφρονα,
2773 5471 3022 5540 veterum
3073 5457 3510 5540 criminationes:
3556 5458 3698 5540 Qum

2101 5528 2748 5612 pradieatorurn'autem,
2768 5533 3113 5612 aliorumque
3134 5528 3360 5612 Patrum
3383 5529 3699 5612 Christiana

2102 5604 2278 5680 inagis
2333 5607 2625 5681 praesentis
2678 5606 2782 5676 loci
2848 5604 3305 5681 interpretatione
3368 5605 3696 5662 recentiores

2103 5683 2272 5739 etiam
2299 5680 2481 5738 critici
2511 5693 2624 5734 uno
2657 5693 2754 5733 ore
2785 5680 3115 5733 consonant.

2137 5754 2140 5756 ⁷
2180 5752 2294 5825 (Ἡ)
2339 5749 2621 5825 Rationale
2663 5747 3015 5825 sacriﬁcium,
3063 5744 3114 5798 id
3150 5751 3265 5808 est,
3307 5742 3511 5825 absque
3535 5748 3708 5825 mate-

2108 5814 2230 5880 ria‘ll
2263 5814 2504 5893 victim}.
2546 5819 2753 5893 Confer,
2779 5814 2959 5893 tamen
3001 5814 3707 5893 quae-_no§nadno.tavitnus

2103 5904 2141 5950 t.
2177 5893 2266 5960 Vl,
2318 5895 2384 5949 ad
2428 5891 2704 5948 Theodori
2731 5883 3066 5946 Andidensis
3120 5885 3197 5942 De
3234 5883 3337 5941 SS.
3404 5884 3560 5938 missa
3594 5892 3704 5938 tra-

2105 5978 2328 6034 ctatum,
2363 5981 2414 6038 p.
2449 5963 2573 6020 558.
