4162 6476
553 424 654 478 6’25

1718 440 2074 501 TIIEUDORI
2114 443 2598 502 MOPSUESTENI
3726 421 3844 478 62ῖῦ-

554 568 572 600 σ
596 548 855 620 Spiritus,
871 569 888 602 ›
913 549 1138 620 inquit,t
1164 550 1308 606 Deus
1323 560 1428 616 est,
1449 560 1501 607 et
1520 566 1614 609 eos
1634 555 1725 624 qui
1745 555 1975 611 adorant
1994 572 2142 620 eum,

2251 558 2566 612 Δεσποτικοῦ
2594 559 2686 612 καὶ
2715 558 2809 630 τῆς
2843 556 3052 611 ἐκεῖθεν
3084 558 3454 623 ἀναστάσεως,
3490 557 3590 612 οὐκ
3637 559 3696 612 ἑν
3735 555 3839 613 Ἰε-

550 637 603 692 in
645 637 842 708 spiritu
885 652 946 694 ac
994 641 1220 695 veritate
1267 649 1484 711 oportet
1532 641 1796 700 adorare;
1831 661 1954 699 nam
1987 645 2145 702 Pater

2253 649 2552 720 ρουσαλὴμ,
2581 649 2716 704 ἀλλά
2741 649 3017 720 πανταχοῦ
3048 649 3152 720 γῆς
3181 653 3230 704 οί
3262 653 3686 716 πεπιστευκότες
3715 653 3839 705 ὲπι-

547 731 683 785 tales
715 733 910 802 qumrit
945 732 1038 802 qui
1075 731 1301 788 adorent
1333 735 1552 790 eum":
1587 756 1604 788 ι
1634 737 1922 794 manifeste
1958 746 2144 793 osten-

2251 739 2504 809 τελοῦμεν
2527 740 2745 811 ὁμοίως·
2773 760 2789 792 ι
2821 741 3051 794 Πίστευε
3079 741 3188 812 γάρ
3221 759 3330 812 μοι,
3358 761 3376 793 ι
3400 743 3585 814 φησὶν,
3615 761 3632 794 ι
3655 743 3839 812 γύναι,

545 823 702 892 deus,
738 841 797 880 se
833 826 954 881 illos
991 827 1210 894 quidem
1245 829 1588 898 repudiasse,
1620 831 1712 900 qui
1751 830 1894 884 intra
1945 828 2144 884 ilieru-

2251 831 2324 884 ’ότι
2354 831 2575 903 ἔρχεται
2603 833 2721 904 ὦρα
2745 833 2833 886 ὅτε
2861 831 2986 886 οὔτε
3011 835 3067 886 ἐν
3104 833 3495 905 Ἰεροσολύμοις
3521 834 3644 888 οὕτε
3680 838 3736 889 ὲν
3759 837 3842 907 τῷ

547 918 715 972 salem
737 933 798 972 ac
821 916 1124 973 Samariam
1168 917 1260 974 Dei
1295 920 1670 974 adorationem
1708 921 2139 978 circumscribe-

2251 920 2392 991 τόπῳ
2419 922 2596 992 τούτῳ
2630 924 3041 993 προσκυνήσετε
3071 923 3148 994 τῷ
3186 925 3362 997 Πατρί
3381 943 3392 956 ε
3427 944 3446 976 ι
3494 925 3589 979 καλ⁸
3619 908 3724 998 ¹τὴν
3751 930 3838 982 αι-

547 1009 706 1075 bant;
732 1011 948 1079 plurimi
974 1019 1156 1065 autem
1191 1011 1370 1067 facere
1389 1013 1491 1067 hos
1541 1014 1788 1068 veritatis
1827 1023 2137 1082 amatores,

2251 1016 2361 1066 τίαν
2390 1014 2586 1082 λέγων,
2633 1033 2650 1065 ι
2691 1015 2915 1086 Πνεῦμα
2940 1018 2968 1069 ὁ
2993 1016 3146 1080 Θεὸς,
3175 1017 3269 1070 καὶ
3296 1017 3423 1080 τοὺς
3463 1018 3839 1088 προσκυνοῦν-

546 1104 639 1169 qui
695 1101 899 1172 ubique
948 1112 1214 1157 terrarum
1257 1103 1483 1172 perinde
1532 1103 1770 1159 oﬁ‘erunt
1809 1105 2138 1160 sacriﬁcium

2251 1123 2347 1168 τας
2379 1106 2563 1169 αὑτὸν,
2591 1107 2649 1160 ὲν
2679 1106 2951 1178 πνεύματι
2985 1108 3079 1160 καὶ
3107 1107 3336 1179 ἀληθείᾳ
3368 1107 3447 1161 δεῖ
3474 1114 3834 1181 προσκυνεῖν’

549 1195 782 1247 creatori
816 1195 1057 1249 omnium
1091 1194 1203 1251 Deo
1235 1195 1432 1265 ubique
1457 1197 1665 1265 pariter
1693 1197 1971 1266 praesenti.

2251 1197 2342 1250 καὶ
2366 1196 2474 1267 γὰρ
2495 1199 2523 1250 ὁ
2549 1198 2739 1268 Πατὴρ
2763 1199 3041 1262 τοιούτους
3063 1197 3216 1269 ζητεί
3237 1202 3363 1263 τοὺς
3389 1202 3838 1270 προσκυνοῦντας

549 1289 739 1342 αὐτόν⁹
771 1310 789 1343 ›
829 1291 1012 1362 σαφῶς
1047 1292 1258 1354 δεικνὺς
1288 1291 1368 1345 ὅτι
1401 1292 1640 1357 ἐκείνους
1673 1293 1769 1364 μὲν
1824 1292 2210 1362 ἀπεπέμψατο,
2245 1294 2372 1357 τοὺς
2397 1295 2464 1364 τῇ
2537 1292 2894 1364 Ἰερουσαλὴμ
2959 1294 3055 1346 καὶ
3112 1296 3176 1365 τῇ
3245 1294 3528 1365 Σαμαρείᾳ
3569 1296 3837 1367 περιγρά-

551 1404 744 1455 φοντας
776 1388 875 1458 τὴν
925 1387 1290 1459 προσκύνησιν
1335 1387 1435 1458 τὴν
1485 1386 1655 1450 Θείαν,
1713 1388 1841 1457 περὶ
1889 1385 2080 1439 πολλοῦ
2146 1387 2204 1440 δὲ
2251 1389 2486 1440 ποιεῖται
2542 1385 2766 1448 τούτους
2823 1385 2950 1449 τοὺς
3008 1385 3246 1454 ἐραστάς
3295 1385 3394 1455 τὴς
3441 1385 3720 1456 ἀληθείας,
3785 1387 3836 1440 οἳ

551 1477 822 1547 πανταχοῦ
852 1478 954 1547 γῆς
977 1477 1172 1548 ὁμοίως
1207 1477 1539 1546 προσάγουσι
1564 1477 1660 1548 τὴν
1691 1478 1882 1532 Θυσίαν
1905 1477 1982 1546 τῷ
2006 1476 2114 1530 τῶν
2138 1477 2395 1531 ἁπάντων
2421 1479 2621 1548 ποιητῇ
2669 1476 2810 1546 Θεῷ,
2837 1477 2934 1529 καὶ
2956 1475 3230 1546 πανταχοῦ
3261 1491 3323 1543 γε
3350 1477 3583 1546 παρόντι
3612 1478 3834 1547 ὁμοίως.

621 1567 1005 1623 Verumtamen
1049 1568 1438 1624 convenienter
1498 1567 1613 1623 htec
1669 1567 2138 1622 Macchabaaorutn

551 1661 782 1731 tempori
815 1660 958 1714 dicta
990 1659 1238 1727 fuerunt;
1273 1674 1382 1729 quo
1413 1674 1538 1712 cum
1581 1658 1746 1730 383
1792 1661 2026 1730 plurima
2053 1675 2143 1716 es-

551 1762 671 1810 sent
700 1763 810 1807 tum
842 1769 1031 1808 eorum
1078 1753 1172 1823 qui
1221 1751 1532 1807 sacerdotio
1578 1751 1731 1823 fungi
1777 1752 2138 1819 videbantur,

550 1858 664 1901 tum
695 1831 856 1903 etiam
887 1846 1069 1917 populi
1109 1855 1372 1916 peccata,
1426 1846 1630 1916 ohjecit
1673 1861 1770 1902 eos
1807 1845 1951 1901 Deus
1995 1845 2139 1900 bello

552 1939 914 1994 Macedonicae
948 1937 1341 2004 successionis,
1375 1953 1403 1990 a
1432 1938 1637 2008 quibus
1672 1937 1926 2006 plurimis
1961 1937 2140 2006 impli-

549 2034 642 2087 citi
687 2033 903 2086 l'uerunt
939 2031 1221 2086 aerumnis.
1261 2029 1368 2085 Sed
1397 2029 1538 2084 Juda
1568 2029 1873 2084 Maccabaeo
1915 2030 2139 2084 tutelam

549 2125 744 2179 divina:
773 2125 907 2193 legis
949 2134 1204 2195 gerente,
1253 2123 1570 2192 bellumque
1624 2138 1722 2192 pro
1764 2138 1828 2177 ea
1875 2121 2141 2177 adversus

547 2217 927 2270 Macedonicos
975 2230 1132 2285 reges
1180 2214 1548 2283 suscipiente,
1610 2215 1779 2266 multa
1840 2213 1896 2268 in
1943 2213 2141 2268 melius

547 2307 838 2362 conversio
859 2307 1129 2361 universa:
1157 2307 1335 2376 gentis
1370 2304 1512 2360 facta
1543 2312 1649 2360 est.
1684 2303 1818 2358 Nam
1855 2304 1945 2360 Dei
1985 2305 2141 2358 auxi-

547 2399 680 2451 lium
738 2398 881 2452 nacti
931 2394 1276 2456 Macchabtei,
1304 2406 1358 2452 et
1399 2412 1553 2466 reges
1601 2395 2044 2460 debellaverunt,
2087 2404 2140 2452 et

536 2490 814 2550 improbis
845 2490 1060 2544 illorum
1094 2489 1361 2545 ministris
1392 2490 1629 2560 punitis,
1676 2488 1855 2543 ordini
1904 2504 1967 2543 ac
2015 2503 2139 2558 pro-

549 2583 800 2651 speritati
832 2591 1048 2652 gentem
1075 2589 1242 2636 totam
1266 2584 1663 2638 restituerunt:
1696 2583 1770 2635 ita
1799 2589 1921 2636 utet
1943 2581 2140 2635 divinae

549 2676 696 2746 leges
729 2673 870 2745 apud
898 2690 1017 2730 eam
1065 2675 1452 2746 praevalerent,
1495 2684 1548 2729 et
1593 2675 1774 2728 omnis
1823 2683 1983 2728 antea
2033 2674 2141 2728 late

549 2784 810 2839 grassans
844 2769 1108 2838 iniquitas
1138 2770 1534 2839 expelleretur:
1581 2767 1953 2823 sacerdotium
1987 2765 2141 2821 deni-

550 2875 657 2929 que
701 2868 756 2914 et
811 2876 973 2914 omne
1012 2860 1177 2929 hujus
1217 2862 1498 2930 proprium
1536 2861 1907 2914 ministerium
1953 2859 2141 2914 debito

549 2953 659 3004 ritu
683 2959 1034 3005 tractaretur.
1063 2951 1217 3016 Quod
1242 2952 1370 3006 item
1393 2952 1586 3006 beatus
1613 2948 1912 3003 Zacharias
1944 2949 2000 3002 in
2024 2949 2141 3004 suis

551 3042 878 3113 significavit
908 3044 1277 3098 sermonibus.
1319 3041 1434 3097 lloc
1469 3044 1653 3112 itaque
1679 3056 1827 3096 nunc
1854 3041 2019 3096 etiam
2053 3041 2140 3095 di-

551 3136 660 3198 cit,
708 3151 907 3205 nempe
950 3135 1221 3200 Quoniam
1249 3134 1518 3204 judicium
1556 3135 1878 3205 postulatis,
1928 3141 2142 3201 tempus

2329 1568 2733 1639 ’Λρμοττόντως
2755 1567 2812 1620 δὲ
2835 1566 3006 1620 ταῦτα
3028 1567 3105 1638 τῷ
3131 1567 3272 1621 κατά
3298 1569 3424 1631 τοὺς
3446 1569 3838 1635 Μακκαϐαίους

2247 1659 2460 1730 εἴρηται
2493 1657 2702 1729 καιρῷ,
2739 1659 2826 1712 ὅτε
2861 1658 3120 1728 πλείστης
3148 1659 3313 1729 ὅσης,
3359 1660 3508 1730 παρά
3536 1678 3595 1714 τε
3629 1661 3736 1715 τῶν
3763 1663 3832 1716 ίε-

2252 1749 2498 1820 ρατεύειν
2523 1749 2844 1813 δοκούντων,
2881 1751 2976 1804 καὶ
3005 1749 3158 1822 παρά
3194 1751 3301 1803 τῶν
3327 1750 3421 1804 τοῦ
3455 1750 3586 1804 λαοῦ
3617 1754 3838 1823 γινομέο

2247 1858 2345 1912 νης
2381 1841 2482 1912 τῆς
2521 1842 2922 1912 πλημμελείας,
2964 1842 3251 1912 παρέδωκε
3285 1842 3384 1912 μὲν
3414 1843 3613 1907 αὐτοὺς
3645 1845 3673 1895 ό
3706 1843 3838 1909 Θεὸς

2243 1932 2320 2001 τῷ
2353 1931 2571 2003 πολέμῳ
2615 1933 2723 1986 τῶν
2768 1936 2831 1986 ὲκ
2872 1933 2972 2003 τῆς
3018 1934 3395 2005 Μακεδονικῆς
3444 1933 3838 2005 βασιλευόντων

2241 2022 2516 2094 διαδοχῆς,
2546 2025 2636 2094 ὑφ’
2660 2018 2735 2078 ὧν
2755 2024 2819 2096 δὴ
2850 2026 3126 2090 πλείστοις
3149 2026 3592 2098 περιεϐλήθησαν
3616 2029 3804 2092 κακοῖς
3820 2045 3832 2058 ·

2243 2115 2348 2168 τῶν
2380 2115 2436 2168 δὲ
2465 2117 2592 2187 περὶ
2623 2116 2716 2170 τὸν
2745 2117 3108 2174 Μακκαϐαῖον
3153 2118 3353 2172 Ἰούδαν
3381 2119 3472 2171 τοῦ
3508 2119 3674 2190 νόμου
3706 2137 3838 2192 προ-

2245 2207 2484 2262 στάντων
2537 2207 2632 2261 τοῦ
2685 2208 2864 2274 θείου,
2917 2211 3012 2263 καὶ
3059 2210 3149 2264 τὸν
3202 2211 3342 2283 ὑπὲρ
3391 2211 3557 2264 αὑτοῦ
3603 2212 3837 2281 πόλεμον

2242 2299 2656 2371 ἀναδεξαμένων
2681 2301 2820 2373 πρὸς
2851 2302 2978 2366 τοὺς
3012 2303 3131 2356 τότε
3166 2303 3553 2373 βασιλεύοντας
3581 2305 3690 2359 τῶν
3719 2306 3838 2360 Μα-

2242 2391 2495 2458 κεδόνων,
2527 2393 2691 2464 πολλή
2724 2410 2808 2457 τις
2844 2395 2936 2446 ἐπὶ
2985 2394 3048 2446 τὸ
3097 2399 3344 2466 κρεῖττον
3397 2397 3668 2469 μεταϐολὴ
3710 2398 3837 2468 περὶ

2242 2483 2388 2537 ἀπαν
2416 2485 2608 2554 γέγονε
2641 2485 2702 2538 τὸ
2754 2485 2907 2550 ἔθνος
2936 2503 2949 2516 ·
3001 2489 3362 2559 τετυχηκότες
3400 2490 3509 2561 γὰρ
3557 2491 3658 2560 τῆς
3687 2489 3837 2555 θείας

2245 2577 2416 2648 ῥοπῆς
2461 2579 2509 2631 οί
2561 2578 2912 2632 Μακκαϐαἶοι
2960 2580 3088 2643 τούς
3135 2597 3193 2634 τε
3242 2581 3499 2650 βασιλέας
3531 2582 3837 2652 κατηγωνί-

2244 2682 2426 2732 σαντο,
2461 2670 2556 2722 καὶ
2584 2669 2711 2732 τοὺς
2742 2669 2874 2742 παρ’
2906 2670 3091 2734 αὐτοῖς
3120 2671 3229 2727 τῶν
3265 2673 3555 2744 μοχθηρῶν
3585 2691 3834 2746 τιμωρη-

2245 2759 2490 2828 σάμενοι,
2539 2761 2613 2830 (p.
2643 2761 2769 2832 564)
2825 2763 2884 2814 ὲν
2933 2764 3228 2835 εὐσταθείᾳ
3260 2781 3318 2818 τε
3353 2768 3449 2820 καὶ
3477 2767 3746 2838 εὐκοσμίᾳ
3777 2768 3839 2820 τὸ

2243 2850 2396 2916 ἔθνος
2424 2853 2570 2907 ἀπαν
2604 2856 3024 2925 παρεσκεύασαν
3059 2852 3200 2910 εἶναι
3226 2871 3240 2885 °
3295 2857 3436 2913 ὥστε
3471 2859 3565 2912 καὶ
3595 2860 3722 2923 τοὺς
3751 2861 3839 2913 νό-

2247 2961 2379 3016 μους
2399 2946 2525 3009 τοὺς
2549 2947 2727 3012 θείους
2752 2953 2970 3022 κρατεῖν
2999 2953 3126 3020 παρ’
3159 2953 3366 3017 αὐτοῖς,
3398 2952 3747 3024 παρανομίαν
3774 2971 3832 3007 τε

2246 3039 2430 3091 πᾶσαν
2462 3039 2520 3106 ἐξ
2555 3040 2734 3096 αὐτῶν
2784 3042 3123 3112 ἀπελαθῆναι
3168 3043 3434 3115 πρότερον
3488 3043 3795 3115 κρατοῦσαν
3818 3058 3835 3073 ⁶

2245 3130 2339 3182 καὶ
2362 3130 2426 3201 δὴ
2458 3133 2552 3184 καὶ
2580 3132 2676 3204 τὴν
2715 3133 3014 3205 ἱερωσύνην
3049 3135 3229 3189 πᾶσάν
3257 3151 3316 3188 τε
3343 3135 3442 3205 τὴν
3467 3134 3640 3208 ταύτῃ
3668 3136 3838 3207 καθή-

552 3228 729 3283 aderit
760 3245 885 3282 cutn
925 3238 1106 3283 vestra
1134 3234 1357 3298 peccata
1404 3228 1649 3298 puniant,
1683 3245 1891 3299 vosque
1926 3227 2114 3282 mode-

2251 3239 2447 3276 κουσαν
2495 3223 2837 3296 λειτουργίαν
2871 3226 3010 3297 μετά
3048 3227 3142 3280 τοῦ
3193 3228 3563 3300 προσήκοντος
3597 3227 3838 3282 ἐκτελεῖ-

553 3321 754 3374 stiores
786 3320 926 3373 mala
949 3319 1241 3388 inlligendo
1268 3319 1520 3385 elliciam,
1544 3330 1598 3374 et
1624 3321 1784 3389 quasi
1815 3317 2140 3373 conllatorio
2183 3313 2202 3326 ’

554 3430 582 3466 a
611 3413 856 3486 pristinis
883 3414 1122 3483 peccatis
1154 3428 1414 3482 purgans,
1446 3413 1778 3484 comparabo
1809 3427 1907 3468 vos
1934 3413 2000 3467 ad
2022 3426 2142 3466 om-

553 3504 866 3561 nium-Deo
915 3513 1194 3576 gratorum
1246 3504 1550 3560 ciliciorum
1598 3504 2035 3566 observantiam,
2087 3514 2143 3559 et

553 3596 777 3666 quidem
807 3595 970 3650 etiam
1010 3596 1075 3649 ad
1113 3596 1312 3666 placita
1363 3594 1475 3649 Deo
1518 3595 1790 3650 sacriﬁcia
1837 3594 2139 3649 oli‘erenda.

555 3687 765 3754 Quibus
799 3690 1164 3754 subnectens,
1210 3690 1472 3760 quoniam
1506 3687 1811 3759 inlligendae
1861 3688 1928 3742 iis
1968 3701 2144 3756 poma:

555 3784 844 3837 utilitatem
871 3789 1211 3844 narraverat,
1233 3782 1618 3850 perl’ectiorem
1642 3795 1704 3836 se
1731 3779 1798 3835 iis
1818 3786 2146 3834 curaturum

555 3873 1021 3936 emendationem,
1046 3873 1114 3926 ita
1147 3873 1277 3927 dicit
1306 3890 1318 3925 :

2249 3315 2374 3371 σθαι
2403 3333 2415 3346 ’
2467 3318 2606 3390 ὅπερ
2647 3315 2740 3374 οὖν
2772 3321 2866 3373 κα.)⁵
2898 3322 2926 3373 ὁ
2973 3321 3243 3391 μακάριος
3295 3320 3574 3391 Ζαχαρίας
3619 3322 3680 3374 ὲν
3725 3323 3841 3385 τοῖς

2249 3409 2446 3464 ἑαυτοῦ
2495 3411 2763 3482 δεδήλωκε
2823 3411 3004 3480 λόγοις
3031 3429 3045 3442 ⁸
3111 3412 3271 3466 τοῦτο
3333 3413 3513 3466 τοίνυν
3561 3413 3842 3468 κάνταῦθά

2254 3520 2443 3574 φησιν,
2499 3504 2583 3557 ὅτι
2675 3503 2892 3575 Ἐπειδὴ
2947 3505 3046 3576 τὴν
3093 3505 3310 3559 δικαίαν
3359 3504 3571 3575 ζητεῖτε
3632 3504 3838 3574 κρίσιν,

2250 3594 2405 3650 ἔσται
2439 3596 2631 3668 καιρὸς
2680 3599 2917 3669 ὁπηνίκα
2963 3598 3350 3669 τιμωρήσομαι
3401 3598 3502 3668 μὲν
3551 3597 3706 3667 ὑμῶν
3738 3596 3841 3661 τὰς

2252 3685 2648 3756 πλημμελείας,
2685 3689 3157 3760 σωφρονεστέρους
3192 3688 3248 3742 δὲ
3283 3688 3428 3759 ὑμᾶς
3461 3689 3550 3742 διὰ
3579 3687 3690 3742 τῶν
3718 3689 3841 3741 ἑπι-

2250 3776 2551 3848 γινομένων
2609 3781 2985 3852 ἐργασάμενος
3043 3780 3230 3833 κακῶν
3256 3819 3272 3846 ,
3324 3781 3418 3834 καὶ
3482 3781 3674 3852 ὥσπερ
3733 3783 3842 3835 τινὶ

2249 3871 2451 3942 χωνείᾳ
2500 3873 2608 3926 τῶν
2659 3873 2904 3928 παλαιῶν
2963 3873 3278 3945 ἐκκαθῄρας
3327 3874 3838 3945 πλημμελημάτων,

556 3969 964 4040 παρασκευάσω
991 3967 1054 4038 δὴ
1096 3969 1312 4023 πάντων
1355 3987 1416 4023 τε
1463 3966 1839 4040 ἐπιμελεῖσθαι
1881 3966 1990 4020 τῶν
2059 3965 2180 4037 Θεῷ
2218 3964 2537 4032 δοκούντων,
2586 3969 2677 4023 καὶ
2708 3969 2772 4040 δὴ
2803 3970 2896 4023 καὶ
2923 3974 3022 4040 τὴν
3085 3970 3193 4022 τῶν
3227 3969 3427 4022 θυσιῶν
3471 3970 3842 4042 προσκομιδην

557 4061 899 4132 ἀρεσκόντως
944 4060 1214 4114 ποιεῖσθαι
1259 4061 1413 4132 Θεῷ’
1467 4056 1548 4125 οἷς
1597 4060 1907 4126 ἀκολούθως
1950 4060 2139 4132 ἐπειδὴ
2179 4061 2280 4131 τῆς
2308 4061 2762 4134 ὲπαχθησομένης
2802 4064 2986 4126 αὐτοῖς
3031 4062 3152 4116 τότε
3215 4063 3489 4136 τιμωρίας
3556 4063 3620 4117 τὸ
3650 4064 3842 4136 κέρδος

559 4154 686 4224 εφη,
755 4154 830 4218 ὼς
862 4155 927 4208 ἂν
958 4155 1341 4227 ἐντελεστέραν
1407 4156 1747 4227 προσαγάγοι
1796 4157 1907 4219 τοῖς
1949 4153 2208 4208 ἀκούουσι
2249 4153 2347 4225 τὴν
2378 4153 2684 4226 διόρθωσιν,
2718 4155 2861 4208 οὕτω
2891 4155 3056 4225 φησίν
3077 4172 3090 4184 ·

633 4247 798 4302 Vens.
834 4248 953 4303 5-7.
981 4280 1049 4290 —
1082 4268 1101 4301 ι
1147 4249 1212 4303 Et
1249 4250 1506 4305 accedam
1542 4251 1606 4306 ad
1639 4267 1736 4307 vos
1770 4251 1823 4304 in
1854 4249 2087 4320 judicio.
2123 4265 2141 4299 ι

561 4339 616 4395 id
638 4347 746 4402 est,
770 4337 922 4393 vobis
941 4344 1214 4412 apparebo
1233 4353 1414 4400 vestra
1444 4360 1611 4415 opera
1631 4344 2002 4414 judicaturus.
2037 4361 2054 4392 ι
2082 4339 2149 4392 Et

559 4452 655 4496 ero
695 4438 851 4495 testis
891 4438 1050 4495 velox
1085 4455 1253 4511 super
1291 4443 1567 4496 veneﬁcos
1589 4481 1604 4505 ,
1639 4447 1695 4495 et
1729 4455 1896 4509 super
1929 4439 2147 4493 adulte-

561 4547 682 4598 ras,
722 4540 775 4588 et
816 4548 982 4602 super
1014 4533 1268 4601 jnrantes
1306 4533 1361 4586 in
1402 4534 1624 4586 nomine
1664 4547 1785 4586 meo
1824 4546 1950 4584 cum
1986 4546 2144 4586 men-

2326 4249 2476 4320 Στίχ.
2501 4249 2632 4313 ε’-ζ’.
2661 4281 2730 4291 -
2759 4268 2777 4300 ι
2817 4251 2925 4302 Καὶ
2972 4247 3405 4318 προσελεύσομαι
3443 4249 3580 4320 πρὸς
3610 4249 3754 4319 ὑμᾶς
3783 4249 3840 4301 ὲν

2256 4342 2467 4413 κρίσει·
2507 4360 2525 4394 ι
2565 4341 2685 4394 ἀντὶ
2725 4340 2840 4403 τοῦ,
2881 4341 3156 4410 Φανοῦμαι
3209 4343 3266 4393 ἐν
3305 4343 3431 4411 ὑμῖν
3475 4340 3596 4392 τότε
3639 4340 3840 4411 κρίνων

2253 4436 2367 4496 τοῖς
2402 4435 2532 4504 παρ’
2563 4433 2716 4503 ὑμῶν
2756 4433 3169 4502 πραττομένοις.
3203 4449 3222 4484 ε
3259 4433 3365 4483 Καὶ
3411 4430 3603 4500 ἔσομαι
3633 4431 3840 4500 μάρτυς

2252 4523 2421 4592 ταχὺς
2454 4523 2700 4596 ὲπζτοὺς
2729 4523 3072 4592 φαρμακοὺς,
3107 4521 3199 4574 καὶ
3245 4521 3336 4573 ἐπὶ
3372 4519 3468 4583 τὰς
3506 4520 3836 4590 μοιχαλίδας,

567 4624 730 4679 dacio
753 4665 767 4686 ,
803 4633 856 4679 et
892 4640 1058 4695 super
1089 4624 1404 4680 l'randantes
1435 4625 1744 4679 mercedem
1781 4623 2144 4688 mercenarii,

2255 4616 2349 4668 καὶ
2379 4615 2473 4666 ἐπὶ
2517 4608 2646 4678 τοὺς
2681 4613 2979 4685 ὀμνύοντας
3010 4612 3088 4682 τῷ
3120 4611 3345 4682 ὀνόματί
3385 4628 3485 4681 μου
3517 4610 3608 4662 ἐπὶ
3631 4609 3837 4679 ψεύδει,

563 4725 620 4768 et
663 4713 956 4769 viduarum
1005 4730 1403 4784 oppressores,
1437 4723 1492 4769 et
1537 4715 1912 4784 orphanorum
1955 4714 2151 4767 verbe-

565 4811 818 4868 ratores,
866 4815 922 4861 et
959 4807 1054 4875 qui
1103 4815 1427 4875 pervertunt
1476 4807 1747 4876 judicium
1797 4806 2056 4870 advenae,
2097 4812 2151 4858 et

565 4895 659 4964 qui
710 4910 796 4950 me
846 4912 954 4951 non
1007 4899 1238 4962 timent,
1271 4897 1407 4952 dicit
1437 4898 1700 4954 Dominus
1724 4896 2097 4966 omnipotens.
2127 4914 2146 4947 ι

567 4985 668 5043 llis
713 4988 899 5046 verbis
944 4988 1206 5044 nimirum
1251 4989 1497 5046 ostendit
1539 4991 1674 5061 quot
1704 4996 2150 5059 quantarumque

568 5089 909 5153 patratarum
969 5083 1323 5153 iniquitatum
1374 5096 1570 5153 pamas
1617 5081 1798 5136 daturi
1847 5081 1980 5137 sint.
2027 5081 2147 5137 1am

569 5176 900 5231 locutionem
936 5173 1104 5246 384
1151 5173 1354 5231 «Testis
1379 5174 1558 5230 velox»
1585 5173 1718 5228 dicit
1740 5186 1853 5243 pro,
1903 5172 2147 5229 Celerem

569 5282 788 5337 pcenam
834 5267 1102 5321 adducam
1127 5304 1144 5327 ,
1179 5267 1381 5334 quippe
1409 5265 1504 5334 qui
1538 5273 1718 5320 vestra
1752 5264 1940 5320 omnia
1983 5279 2151 5320 accu-

569 5368 688 5413 rate
714 5358 872 5414 scio:
909 5365 962 5412 et
1008 5357 1273 5412 adversus
1310 5357 1535 5412 omnino
1579 5367 1843 5425 cunctos,
1879 5367 2146 5429 quotquot

571 5450 776 5514 libere,
812 5448 1021 5503 omisso
1070 5448 1266 5504 timore
1313 5464 1470 5516 meo,
1529 5450 1788 5521 nequitiae
1835 5450 2148 5518 adhaerent,

573 5543 714 5596 hanc
747 5556 965 5612 pmnam
1000 5542 1259 5598 indicant.
1303 5542 1428 5600 Mox
1456 5544 1644 5599 addit:
1675 5563 1694 5596 ι
1727 5541 1866 5610 Quia
1911 5558 2013 5614 ego
2040 5541 2150 5596 Do-

574 5635 758 5690 minus
789 5635 932 5691 Deus
966 5646 1163 5702 vester,
1191 5649 1246 5694 et
1275 5653 1384 5694 non
1417 5641 1699 5694 immutor.
1750 5639 1815 5692 Et
1864 5653 1962 5693 vos
1983 5676 1998 5701 ,
2055 5635 2150 5690 ﬁlii

570 5723 742 5782 Jacob
763 5770 776 5786 .
809 5743 920 5782 non
946 5730 1200 5788 receditis
1230 5747 1261 5786 a
1287 5736 1533 5804 peccatis
1559 5742 1778 5804 patrum
1809 5740 2114 5787 vestrorum
2136 5769 2151 5797 ,

643 5902 689 5934 ⁸⁸
711 5902 869 5962 Joan.
899 5921 972 5973 tv,
999 5907 1090 5963 23.

2257 4707 2352 4760 καὶ
2397 4707 2492 4759 ἐπὶ
2529 4707 2650 4769 τοὺς
2696 4705 3132 4776 ἀποστεροῦντας
3186 4702 3374 4774 μισθὸν
3417 4701 3708 4772 μισθωτοῦ,
3747 4702 3842 4754 καὶ⁵

2258 4798 2819 4861 καταδυναστεύοντας
2855 4798 3050 4869 χήρας,
3086 4794 3180 4848 καὶ
3227 4793 3638 4858 κονδυλίζοντας
3666 4792 3842 4862 ὀρφα-

2257 4891 2402 4956 νοὺς,
2437 4891 2531 4943 καὶ
2580 4889 3090 4953 τοῦςσὲκκλίνοντας
3131 4887 3311 4957 κρίσιν
3355 4883 3717 4955 προσηλύτου,
3750 4882 3847 4935 καὶ

2256 4985 2383 5046 τοὺς
2442 4983 2518 5055 μὴ
2573 4981 2938 5053 φοϐουμένους
2995 4997 3092 5051 με,
3131 4983 3206 5049 (p.
3260 4978 3387 5050 565)
3444 4977 3593 5045 λέγει
3643 4975 3847 5046 Κύριος

2255 5077 2672 5149 παντοκράτωρ.
2715 5094 2733 5127 ι
2773 5075 2998 5138 Δεικνὺς
3053 5072 3143 5126 διὰ
3189 5070 3394 5124 τούτων
3443 5069 3585 5140 ὑπὲρ
3631 5069 3845 5122 ὁπόσων

2254 5161 2329 5223 ὧν
2357 5169 2779 5239 διαπράττονται
2811 5166 2933 5219 τότε
2964 5163 3149 5218 κακῶν
3186 5162 3420 5216 δώσουσι
3461 5160 3638 5224 δίκας.
3681 5158 3754 5211 Τὸ
3789 5157 3847 5211 δὲ

2262 5284 2279 5315 ι
2327 5263 2534 5335 μάρτυς
2588 5261 2778 5330 ταχὺς.
2813 5276 2832 5310 ι
2865 5258 2955 5311 ἵνα
3008 5256 3158 5326 εἴπῃ,
3219 5252 3431 5318 Ὀξείαν
3485 5253 3709 5321 ἐπάγων
3750 5252 3850 5324 τὴν

2255 5355 2547 5426 τιμωρίαν;
2570 5352 2644 5416 ὼς
2670 5352 2736 5405 ἂν
2774 5350 3014 5423 ἀκριϐῶς
3044 5348 3111 5404 τὰ
3143 5348 3262 5402 καθ’
3290 5348 3434 5417 ὑμᾶς
3461 5345 3845 5414 ἐπιστάμενος.

2273 5447 2395 5500 Ἐπὶ
2422 5445 2627 5506 πάντας
2659 5442 2722 5514 δὴ
2750 5441 2992 5507 τούτους,
3025 5439 3209 5510 φησὶν,
3244 5441 3339 5492 καὶ
3377 5435 3634 5502 καθάπαξ
3665 5437 3722 5489 δὲ
3765 5438 3851 5504 ἐφ’

2261 5537 2504 5599 ἅπαντας
2533 5537 2647 5591 ἶσοι
2670 5531 2763 5587 τοῦ
2787 5533 2952 5602 φόϐου
2975 5529 3410 5602 καταμελοῦντες
3442 5527 3538 5581 τοῦ
3569 5525 3704 5598 ἐμοῦ
3740 5528 3852 5588 τοῖς

2263 5631 2500 5703 χείροσιν
2534 5626 2702 5689 ἀδεῶς
2729 5625 3132 5696 προστετηκασι
3178 5622 3434 5692 τοιαύτην
3467 5617 3654 5684 ὲπάξω
3683 5636 3854 5687 τιμωο

2265 5727 2408 5801 ρίαν.
2516 5719 2650 5779 Εἶτα
2696 5721 2921 5790 ἐπάγει·
2964 5739 2982 5772 ι
3017 5718 3161 5772 Διότι
3215 5716 3326 5786 ἐγὼ
3389 5715 3593 5788 Κύριος
3646 5716 3676 5769 ό
3719 5710 3854 5778 Θεὸς
