4162 6470
263 397 382 457 6‘25
1239 400 1798 461 COMMENTARIUS
1831 402 1899 458 IN
1939 403 2324 461 MALACHIE.
2365 404 2522 461 CAP.
2559 401 2647 460 ιιι.
3505 387 3614 442 σὶυ

275 522 464 594 ὑμῶν,
526 521 622 578 καὶ
672 521 775 577 οὑκ
823 521 1162 594 ἡλλοίωμαι·
1203 523 1298 578 καὶ
1349 523 1507 596 ὑμεῖς
1553 521 1664 576 υἱοὶ
1703 521 1902 577 Ἰακὼϐ

2011 525 2337 582 declinastis
2385 540 2416 579 a
2462 520 2726 594 legitimis
2759 519 2929 586 meis,
2967 533 3068 574 nec
3111 531 3175 573 ea
3209 512 3558 572 custodistis.
3593 531 3608 564 ι

273 615 386 670 οὑκ
414 614 686 686 ἀπέχεσθε
710 615 820 669 ἀπὸ
841 613 951 669 τῶν
978 615 1266 687 ἁμαρτιῶν
1294 613 1406 670 τῶν
1437 615 1694 688 πατέρων
1722 614 1900 687 ὑμῶν,

2011 617 2161 690 Ego,
2206 617 2418 688 inquit,
2461 629 2683 685 semper
2721 611 2859 668 mihi
2898 618 3130 676 consto,
3169 615 3225 665 et
3259 605 3615 679 quandonam

273 709 602 778 ἑξεκλίνατε
637 711 850 784 νόμιμά
879 728 1005 784 μου,
1038 712 1134 766 καὶ
1179 711 1280 767 ούκ
1320 712 1646 783 ἐφυλάξατε.
1689 732 1708 765 ι
1760 710 1904 782 Ἐγὼ

2011 711 2284 782 patienter
2337 707 2629 766 ferendum
2682 707 2754 764 sit
2803 705 2956 771 scio,
2998 711 3054 759 et
3092 700 3359 775 puniendi
3407 698 3616 772 pariter

276 801 390 874 μὲν
421 803 530 875 γάρ
572 805 737 869 αὑτός
797 805 915 875 εἰμι
959 805 1193 859 πάντοτε
1227 803 1474 876 ἐμαυτῷ,
1507 805 1603 860 καὶ
1649 803 1904 873 ἀνεξικα-

2011 811 2230 876 tempus
2261 804 2414 860 novi.
2455 803 2564 860 Vos
2596 816 2732 858 vero
2765 798 2968 856 summi
3003 797 3142 853 estis
3171 796 3480 851 imitatores
3512 807 3613 862 pa-
3667 791 3700 802 "

273 899 404 950 κεῖν
436 898 526 951 ὅτε
559 897 842 970 προσῆκεν
873 899 1052 964 εἰδὼς,
1087 899 1182 954 καὶ
1225 899 1500 971 τιμωρίας
1545 900 1738 972 καιρὸν
1784 902 1905 954 ἐπι-

2012 905 2296 954 ternorum
2333 905 2721 970 peccatorum,
2757 909 2914 966 atque
2944 907 3010 948 ac
3043 891 3122 947 illi
3157 891 3338 962 legum
3365 900 3615 944 mearum

272 989 595 1062 στάμενος·
630 991 792 1062 ὑμεῖς
823 990 882 1045 δὲ
919 991 1171 1063 ἀκριϐεῖς
1209 991 1335 1046 ἐστε
1371 993 1609 1064 μιμηταὶ
1646 991 1756 1046 τῶν
1797 1009 1905 1046 πα·

2011 990 2512 1060 praavaricatores,
2552 1003 2653 1045 nec
2697 988 2766 1043 de
2814 999 3008 1043 earum
3056 980 3407 1038 observantia
3457 975 3614 1034 solli.

270 1078 481 1152 τρῴων
510 1081 950 1154 ἁμαρτημάτων,
983 1079 1384 1156 παραπλησίως
1415 1082 1670 1148 ἐκείνοις,
1698 1081 1809 1136 τῶν
1839 1099 1900 1136 τε

2012 1082 2150 1152 citi;
2182 1099 2350 1154 quam
2383 1084 2456 1139 ob
2482 1098 2597 1139 rem
2628 1082 2838 1153 justam
2869 1076 3161 1152 patiemini
3196 1071 3567 1146 punitionem.

270 1173 469 1246 νόμων
521 1173 894 1245 ἐκτραπέντες
968 1173 1072 1228 τῶν
1147 1171 1320 1246 ἐμῶν,
1389 1173 1483 1230 καὶ
1527 1175 1626 1246 τῆς
1659 1174 1910 1246 φυλακῆς
1939 1175 2124 1232 αὑτῶν
2170 1177 2361 1232 οὐδένα
2407 1176 2724 1249 ποιούμενοι
2771 1174 2949 1244 λόγον,
2982 1171 3134 1243 ὑπὲρ.
3163 1161 3239 1224 ῶν
3279 1167 3344 1238 δὴ
3385 1165 3480 1220 καὶ
3517 1161 3619 1232 τὴν

270 1265 563 1338 τιμωρίαν
590 1263 812 1330 δέξεσθε
843 1264 1083 1322 δικαίαν.

357 1359 512 1430 Στίχ.
562 1363 699 1430 η’-ι⁹.
741 1357 1172 1414 -Μεθίσταται
1229 1360 1288 1416 δέ
1338 1361 1502 1416 πάλιν
1540 1363 1569 1416 ὁ
1614 1361 1904 1434 προφήτης

271 1453 374 1525 ἐφ’
415 1451 615 1523 ἑτέραν
670 1451 1072 1521 πλημμέλειαν,
1113 1452 1183 1523 ἢν
1227 1453 1356 1526 περί
1396 1470 1458 1507 τε
1501 1452 1601 1518 τὰς
1647 1453 1906 1525 ἀπαρχάς

275 1541 679 1614 ἐπλημμέλουν
723 1543 820 1597 καὶ
873 1543 974 1607 τάς
1025 1543 1293 1608 δεκάτας,
1339 1545 1651 1600 ἀποδιδόναι
1700 1545 1906 1611 ταύτας

277 1640 436 1695 κατά
469 1638 568 1710 τὴν
597 1638 692 1692 τοῦ
728 1638 895 1710 νόμου
932 1638 1178 1706 διάταξιν
1222 1643 1325 1695 οὑκ
1354 1641 1650 1708 ἐθέλοντες.
1688 1663 1706 1696 ι
1750 1645 1901 1697 Ἐπι-

285 1730 561 1801 στρέψατε
599 1730 738 1802 πρός
769 1747 859 1801 με,
891 1731 984 1784 καὶ
1033 1733 1520 1804 ἐπιστραφήσομαι
1569 1735 1707 1806 πρὸς
1737 1735 1904 1806 ὑμᾶς,

285 1823 442 1892 λέγει
487 1821 696 1895 Κύριος
735 1824 1158 1897 παντοκράτωρ.
1202 1844 1222 1876 ι
1253 1826 1500 1880 Νεύσατε
1541 1827 1597 1881 δέ
1645 1827 1782 1899 πρός
1814 1845 1904 1898 με,

287 1916 480 1987 φησὶν,
517 1915 597 1980 ὡς
642 1916 710 1970 ἂν
749 1915 1023 1971 ἀκόλουθα
1068 1918 1198 1988 ὑμῖν
1226 1919 1522 1991 ὑπάρξειεν
1563 1921 1656 1974 καὶ
1679 1920 1747 1974 τά
1775 1921 1907 1989 παρ’

281 2007 452 2078 ἐμοῦ.
506 2024 527 2060 t
582 2007 686 2062 Καὶ
741 2009 933 2063 εἴπατε
964 2049 981 2074 ,
1059 2009 1149 2063 Ἐν
1217 2009 1323 2063 τίνι
1394 2011 1839 2084 ἐπιστρέψομεν;
1884 2031 1902 2064 ι

280 2101 370 2170 (ρ.
401 2097 529 2170 566)
587 2099 749 2154 ’Λλλά
798 2099 909 2171 γάρ
933 2099 1133 2166 οἴεσθε,
1171 2101 1327 2172 φησι,
1362 2101 1496 2174 μηδὲ
1531 2102 1740 2158 δεῖσθαι
1766 2102 1909 2167 τινδς

277 2193 670 2264 ἐπιστροφῆς·
721 2191 894 2257 οὑτως
934 2191 1264 2263 ἀναίσθητον
1297 2193 1419 2249 τινά
1477 2195 1573 2248 ἀπ’
1622 2194 1758 2266 ἐμοῦ
1811 2212 1910 2248 πε-

281 2284 522 2355 ποίησθε
569 2284 671 2357 τὴν
729 2286 1028 2359 ἐκτροπὴν.
1083 2305 1101 2339 ι
1162 2285 1226 2340 El
1276 2285 1556 2359 πτερνίζει
1619 2287 1909 2360 ἄνθρωπος

279 2379 461 2444 Θσόν;
489 2379 627 2432 διότι
665 2378 825 2450 ὑμεῖς
861 2378 1182 2452 πτερνίζετέ
1216 2396 1324 2452 με;
1364 2400 1382 2434 ι
1422 2380 1532 2433 Καὶ
1558 2379 1760 2445 ταῦτα,
1802 2399 1909 2453 φη-

283 2474 401 2536 σὶν,
436 2471 582 2526 οῦτω
615 2471 890 2544 νομίζετε,
931 2473 1150 2546 ἀπατᾷν
1201 2490 1268 2545 με
1317 2473 1590 2546 οἰόμενοι·
1634 2474 1773 2545 ὅπερ
1813 2470 1908 2529 οὖν

281 2567 596 2637 ἐπιχειρεῖν
628 2565 940 2638 ἀνθρώποις
986 2567 1118 2639 περὶ
1159 2565 1314 2631 Θεὸν,
1343 2566 1444 2638 τῆς
1488 2567 1723 2638 ἐσχάτης
1756 2567 1906 2622 ἐστὶν

280 2657 550 2730 εὐηθείας
601 2674 661 2710 τε
706 2657 802 2712 καὶ
860 2657 1080 2730 μανίας.
1135 2676 1153 2709 ι
1205 2657 1316 2712 Καὶ
1365 2658 1578 2723 εἴπατε,
1655 2659 1746 2712 Ἐν
1798 2658 1906 2714 τίνι

281 2748 693 2822 ἐπτερνίσαμέν
729 2766 789 2803 σε
816 2765 830 2816 ;
855 2769 874 2802 ι
905 2749 1020 2804 ἀλλ’
1037 2750 1160 2804 οὑδὲ
1189 2749 1350 2805 τοῦτο
1372 2749 1675 2816 ποιοῦντες,
1709 2749 1905 2821 αἴσθη-

282 2859 377 2896 σιν
403 2841 556 2913 ἔχετε
583 2841 683 2913 τῆς
712 2842 946 2908 ἀτοπίας
968 2841 1064 2897 τοῦ
1094 2842 1442 2914 γιγνομένου.
1471 2838 1608 2896 Εἶτα
1634 2841 1697 2896 τὸ
1723 2842 1906 2914 ἀμάρ-

282 2952 449 3007 τημα
479 2935 685 3004 λέγων·
721 2953 741 2988 ι
782 2935 906 2989 Ὅτι
952 2935 1022 2990 τὰ
1069 2936 1367 2991 ἐπιδέκατα
1405 2936 1501 2990 καὶ
1551 2937 1608 2990 αἱ
1653 2935 1906 3009 ἀπαρχαὶ

295 3025 426 3099 μεθ’
460 3026 610 3096 ὑμῶν
633 3027 739 3080 είσι
761 3043 775 3056 ·
803 3027 898 3082 καὶ
933 3026 1339 3092 ἀποόλέποντες
1370 3028 1531 3100 ὑμεῖς
1561 3026 1904 3082 ἀποϐλέπετε
1933 3065 1977 3124 C

281 3121 377 3183 εἰς
407 3118 538 3173 αὑτό
557 3136 572 3150 ·
601 3118 697 3174 καὶ
729 3119 890 3191 ὑμεῖς
917 3119 1019 3191 ἐμὲ
1047 3119 1384 3192 πτερνίζετε.
1427 3139 1446 3172 ι
1477 3120 1590 3185 Τὰς
1612 3119 1723 3192 γάρ
1745 3119 1909 3174 δεκαο

280 3211 413 3274 τιάς
441 3212 535 3266 καὶ
557 3210 655 3275 τάς
688 3211 948 3284 ἀπαρχὰς
974 3212 1034 3266 οὑ
1065 3210 1206 3266 κατά
1227 3211 1290 3266 τὸ
1320 3213 1710 3284 νενομισμένον
1736 3230 1907 3283 προσ-

283 3305 455 3374 άγετε
483 3307 598 3369 τοῖς
639 3303 900 3377 ἱερεῦσιν,
933 3304 1053 3359 ἀλλ’
1087 3304 1242 3377 ἔχετε
1285 3307 1418 3377 παρ’
1447 3307 1684 3371 ἑαυτοῖς·
1707 3300 1827 3360 εἷτά
1848 3323 1903 3360 τι

284 3399 486 3470 κέρδος
531 3399 742 3463 ἑαυτοῖς
790 3398 1043 3453 ἐντεῦθεν
1094 3398 1376 3470 προξενεῖν
1430 3397 1763 3469 νομίζοντες,
1812 3400 1909 3453 καὶ

283 3491 365 3556 ὡς
395 3491 491 3545 ἐπί
518 3507 642 3548 τινα
665 3491 932 3563 μεγίστην
954 3491 1225 3560 ὠφέλειαν
1253 3490 1589 3563 ἀφορῶντες,
1626 3492 1706 3557 είς
1730 3489 1910 3547 ταῦτα

281 3585 351 3657 δὴ
383 3582 422 3639 ά
454 3583 584 3656 παρ’
615 3583 773 3655 ὑμῶν
804 3583 1154 3639 ἀποδίδοσθαι
1183 3583 1464 3656 προσῆκον
1488 3579 1579 3657 ἦν,
1610 3583 1772 3639 τοῦτο
1807 3585 1908 3656 μὲν

283 3674 606 3744 εἰλικρινῶς
633 3677 808 3729 ποιεῖν
843 3675 944 3729 οὑκ
973 3674 1189 3729 ἐθέλετε
1211 3693 1224 3706 ·
1261 3673 1510 3747 βραχέων
1538 3675 1598 3729 δέ
1624 3693 1788 3729 τινων
1812 3676 1908 3729 καὶ⁸

286 3767 532 3822 εὐτελῶν
578 3770 942 3840 προσαγωγῇ,
983 3772 1047 3822 τὸ
1085 3767 1316 3839 νόμιμον
1367 3767 1680 3822 ἀποδιδόναι
1733 3784 1907 3838 προσ-

288 3859 573 3915 ποιεῖσθε·
605 3861 746 3933 ὅπερ
782 3856 876 3915 οῦν
916 3861 1070 3915 οὑδέν
1115 3861 1304 3934 ἓτερον
1342 3861 1511 3927 ἐστὶν,
1545 3860 1661 3916 ἀλλ’
1692 3860 1726 3934 ἢ
1767 3861 1909 3917 ἀπα-

283 3953 389 4024 τᾷν
426 3969 496 4024 με
531 3953 901 4019 νομιζόντων·
941 3955 1162 4025 ἀπάτης
1196 3953 1306 4026 γὰρ
1351 3955 1438 4026 εἴη
1480 3953 1547 4009 ἂν
1575 3954 1636 4008 τὸ
1667 3955 1743 4027 μὴ
1779 3953 1911 4010 εἰλι-

286 4046 502 4117 κρινῶς
523 4045 588 4099 τὸ
618 4046 852 4118 νόμιμον
879 4047 1042 4118 χρέος
1087 4045 1464 4120 ἀποπληροῦν,
1494 4050 1823 4120 πανουργεῖν
1851 4046 1908 4102 δὲ

284 4137 460 4194 αὑτοῦ
481 4138 614 4210 περὶ
640 4137 736 4210 τὴν
763 4138 1156 4210 ἀποπλήρωσιν
1178 4138 1495 4210 πειρᾶσθαι.
1522 4135 1656 4194 Εἶτα
1685 4140 1905 4210 ἐπάγει·

289 4249 312 4282 ς
357 4229 435 4282 Τὸ
467 4228 586 4292 ἔτος
635 4228 1031 4300 συνετελέσθη·
1069 4230 1166 4283 καὶ
1216 4231 1579 4302 εἰσηνέγκατε
1623 4232 1802 4286 πάντα
1838 4230 1910 4286 τά

284 4322 527 4394 ἐκφόρια
580 4323 662 4387 είς
714 4323 842 4387 τοὺς
900 4322 1230 4396 θησαυροὺς,
1288 4324 1384 4378 καὶ
1437 4325 1472 4396 ἡ
1531 4325 1760 4395 ἁρπαγὴ
1810 4323 1906 4378 τοῦ

2087 1359 2254 1416 Vens.
2293 1357 2451 1413 8-10.
2477 1387 2546 1398 —
2569 1355 2794 1410 Transit
2827 1353 3012 1408 denuo
3048 1347 3319 1421 propheta
3353 1343 3422 1400 ad
3467 1343 3618 1398 aliud

2013 1460 2302 1526 peccatum
2324 1491 2338 1516 ,
2368 1448 2519 1521 quod
2550 1448 2700 1502 circa
2733 1444 3008 1518 primitias
3051 1440 3411 1508 decimasque
3459 1450 3617 1490 com-

2015 1545 2312 1609 miserant,
2374 1539 2625 1596 nolentes
2679 1553 2774 1594 eas
2829 1536 2992 1606 juxta
3050 1533 3188 1604 legis
3243 1528 3615 1586 constitutum

2017 1636 2348 1710 persolvere.
2379 1653 2398 1686 ι
2431 1630 2796 1688 Revertimini
2831 1629 2901 1684 ad
2940 1642 3028 1683 nte
3050 1665 3065 1692 ,
3113 1633 3168 1682 et
3211 1638 3315 1694 ego
3371 1628 3619 1678 revertar

2012 1731 2085 1792 ad
2114 1744 2213 1785 vos
2233 1770 2248 1796 ,
2283 1728 2418 1784 dicit
2461 1723 2731 1781 Dominus
2778 1722 3150 1794 omnipotens.
3181 1737 3200 1770 ι
3238 1716 3519 1788 Respicite
3547 1715 3615 1769 ad

2015 1838 2102 1878 me
2126 1863 2141 1889 ,
2176 1821 2390 1892 inquit,
2426 1826 2487 1875 ut
2528 1825 2904 1874 consentanea
2935 1813 3093 1870 vobis
3134 1827 3165 1866 a
3214 1826 3302 1867 me
3335 1809 3614 1866 eveniant.

2019 1934 2037 1967 ι
2069 1914 2134 1971 Ει
2165 1915 2386 1970 dixistis
2416 1933 2431 1969 :
2466 1911 2523 1967 ln
2562 1927 2674 1983 quo
2708 1908 3095 1966 revertemur?
3128 1925 3146 1959 ι
3172 1904 3388 1975 Quippe
3423 1901 3620 1957 existiv

2013 2008 2178 2064 matis
2203 2047 2218 2071 ,
2251 2006 2462 2078 inquit,
2498 2005 2649 2060 nulla
2681 2002 3002 2060 reversione
3032 1999 3281 2068 indigere
3310 2016 3323 2051 :
3360 1994 3498 2050 adeo
3529 1995 3618 2048 in-

2013 2110 2298 2157 sensatum
2327 2114 2359 2154 a
2388 2114 2477 2154 me
2502 2098 2814 2154 discessum
2846 2093 3094 2150 fecistis!
3127 2110 3145 2142 ι
3177 2088 3316 2144 Num
3346 2087 3615 2157 supplanv

2013 2195 2151 2250 tabit
2199 2193 2367 2249 homo
2415 2191 2586 2247 Deum
2609 2229 2625 2255 ,
2667 2189 2798 2260 quia
2849 2203 2947 2242 vos
2979 2183 3386 2256 supplantascis
3417 2180 3552 2234 me?
3589 2199 3606 2230 ι

2011 2286 2172 2354 Quod
2226 2283 2476 2358 profecto
2523 2280 2779 2338 homines
2832 2279 3104 2334 adversus
3150 2275 3325 2329 Deum
3371 2270 3608 2334 audere,

2010 2390 2270 2436 extremae
2303 2375 2556 2434 stultitiae
2591 2372 2935 2444 insaniaeque
2964 2377 3070 2426 est.
3107 2385 3126 2420 ι
3164 2365 3230 2420 Ει
3258 2364 3519 2420 dixistis:
3557 2361 3612 2416 ln

2010 2488 2121 2546 quo
2153 2469 2633 2544 supplantavimus
2664 2468 2749 2524 te?
2783 2486 2801 2518 ι
2826 2463 2936 2520 Sed
2967 2477 3183 2533 neque,
3215 2460 3348 2513 dum
3381 2457 3455 2510 ita
3489 2469 3615 2526 age-

2011 2567 2179 2631 retis,
2221 2579 2450 2620 sensum
2490 2571 2696 2619 vestrte
2740 2557 3110 2616 absurditatis
3147 2552 3441 2610 habuistis.
3485 2547 3610 2604 Mox

2009 2664 2297 2730 peccatum
2328 2658 2602 2719 recitans,
2637 2655 2713 2710 ait
2741 2672 2755 2710 :
2789 2672 2808 2708 ι
2837 2651 3114 2722 Quoniam
3157 2649 3386 2705 decimae
3427 2644 3618 2716 primi-

2009 2754 2209 2824 tiaeque
2232 2751 2378 2822 apud
2407 2766 2508 2807 vos
2539 2758 2692 2805 sunt.
2727 2748 2794 2803 Et
2819 2763 2918 2804 vos
2946 2744 3311 2817 respicientes
3337 2737 3615 2808 respicitis

2010 2847 2066 2902 in
2101 2847 2153 2902 id
2192 2847 2395 2917 ipsum.
2437 2843 2504 2900 Et
2532 2860 2630 2900 vos
2661 2858 2748 2898 me
2779 2838 3204 2912 supplantastis.
3240 2855 3260 2890 ι
3286 2833 3423 2889 Nam
3457 2832 3614 2888 deci-

2012 2955 2132 2997 mas
2165 2947 2333 3010 atque
2367 2937 2644 3009 primitias
2694 2948 3048 3007 nequaquam
3101 2936 3264 3003 prout
3312 2926 3615 2999 legitimum

2010 3042 2096 3090 est
2123 3033 2510 3091 sacerdotibus
2539 3031 2775 3093 otl‘ertis,
2809 3027 2908 3084 sed
2933 3025 3038 3098 ipsi
3061 3021 3331 3080 retinetis.
3361 3018 3615 3074 Attamen

2010 3127 2172 3200 quasi
2213 3125 2440 3197 aliquod
2481 3125 2923 3181 emolumentum
2959 3132 3160 3189 capere
3194 3113 3614 3171 existimantes.

2009 3230 2065 3277 et
2101 3219 2263 3292 quasi
2294 3217 2461 3290 385
2495 3217 2794 3272 maximam
2849 3213 3094 3284 aliquam
3146 3207 3442 3263 utilitatem
3490 3216 3619 3274 spe-

2011 3321 2262 3376 ctantes,
2298 3327 2497 3383 nempe
2535 3311 2581 3366 si
2614 3307 2764 3380 quod
2793 3321 2934 3378 opus
2966 3311 3054 3361 est
3087 3301 3368 3364 reddatis,
3403 3310 3617 3367 nequa-

2009 3423 2176 3479 quam
2210 3406 2424 3477 integre
2461 3405 2516 3460 id
2549 3405 2719 3460 vultis
2757 3401 2985 3468 facere,
3024 3399 3119 3457 sed
3154 3397 3480 3468 exiguorum
3514 3391 3618 3447 ali-

2009 3505 2148 3569 quot
2177 3505 2346 3568 atque
2379 3497 2570 3551 vilium
2616 3495 2929 3559 oblatione,
2973 3490 3123 3562 quod
3170 3487 3477 3559 legitimum
3532 3491 3619 3538 est

2009 3601 2274 3664 praestare
2311 3589 2611 3647 simulatis.
2672 3587 2832 3655 Quod
2890 3601 3025 3642 sane
3085 3582 3222 3637 nihil
3279 3578 3428 3634 aliud
3489 3584 3614 3639 est,

2012 3698 2178 3754 quam
2227 3681 2516 3736 hominum
2574 3694 2662 3734 me
2711 3678 2971 3748 decipere
3016 3672 3329 3746 putantium
3373 3667 3612 3723 facinus.

2010 3775 2146 3830 Nam
2196 3774 2352 3830 fraus
2405 3782 2526 3838 est,
2579 3771 2826 3828 debitum
2878 3768 3185 3840 legitimum
3237 3765 3452 3834 integre
3497 3776 3615 3815 non

2011 3867 2332 3938 persolvere
2357 3906 2371 3932 ,
2407 3864 2503 3922 sed
2552 3864 2829 3919 malitiose
2859 3875 2985 3916 cum
3020 3858 3133 3916 Deo
3161 3858 3311 3913 circa
3346 3857 3491 3909 hanc
3521 3867 3616 3908 so-

2012 3961 2277 4017 lutionem
2329 3975 2390 4016 se
2436 3973 2650 4031 gerere.
2695 3954 2834 4011 Tum
2865 3953 3042 4026 pergit
3088 3951 3317 4007 dicere:
3362 3966 3380 4000 ι
3420 3946 3618 4001 Annus

2011 4055 2323 4126 completus
2357 4061 2460 4108 est.
2497 4050 2562 4106 Et
2595 4049 2866 4105 intulistis
2896 4060 3092 4102 omnes
3125 4043 3342 4098 fructus
3395 4041 3452 4094 in
3484 4039 3616 4091 hor-

2016 4163 2142 4211 rea,
2181 4155 2237 4204 et
2270 4145 2468 4218 rapina
2498 4158 2803 4216 pauperum
2837 4142 2893 4196 in
2925 4139 3185 4196 domibus
3213 4134 3422 4192 vestris
3455 4139 3562 4188 est.
3591 4149 3610 4184 ι

2013 4242 2157 4297 Αιιηὶ
2190 4248 2346 4297 certe
2375 4239 2558 4295 exitus
2588 4245 2709 4301 est,
2747 4245 2802 4292 et
2849 4234 2979 4290 anni
3026 4230 3420 4288 conversiones
3457 4226 3616 4297 juxta

2016 4349 2194 4390 meam
2227 4332 2636 4388 ordinationem
2661 4329 2948 4399 periodum
2979 4341 3136 4384 suam
3163 4325 3578 4394 compleverunt
3599 4359 3614 4382 ,

283 4412 514 4484 πτωχοῦ
549 4416 606 4468 ἐν
641 4416 756 4480 τοῖς
789 4417 958 4480 οῐκοις
997 4415 1172 4488 ὑμῶν.
1220 4436 1238 4468 ι
1275 4416 1353 4488 (p.
1391 4417 1516 4489 567)
1554 4417 1628 4471 Τὸ
1665 4418 1764 4489 μὲν
1794 4417 1904 4488 γὰρ

2013 4427 2158 4482 unde
2210 4425 2491 4481 fructuum
2546 4420 2826 4477 confectio
2873 4421 2955 4474 ιιι.
3004 4422 3074 4473 At
3121 4433 3235 4472 vos-
3270 4413 3505 4469 maturis
3549 4411 3616 4468 de

281 4508 410 4571 ἔτος
444 4506 636 4578 εἴληφε
687 4508 884 4580 πέρας,
937 4509 1032 4562 καὶ
1090 4509 1147 4562 αἱ
1193 4507 1286 4563 τοῦ
1335 4507 1490 4574 ἔτους
1523 4510 1724 4582 τροπαὶ
1760 4509 1904 4564 κατά

2011 4519 2204 4576 tellure
2239 4517 2476 4574 sublatis
2515 4514 2821 4580 fructibus,
2875 4527 3000 4566 cum
3033 4525 3134 4582 pro
3166 4510 3253 4564 his
3285 4506 3493 4579 gratias
3529 4520 3612 4559 re-

280 4600 391 4671 τὴν
419 4600 562 4671 ἐμὴν
591 4600 836 4667 διάταξιν
865 4601 966 4674 τὴν
1005 4601 1330 4657 ἀκολουθίαν
1371 4601 1772 4675 πεπληρώκασι
1805 4601 1904 4675 τὴν

2012 4614 2157 4669 ferre
2186 4611 2296 4668 Deo
2327 4609 2665 4666 debuissetis
2687 4649 2702 4674 ,
2759 4604 3035 4678 primitias
3058 4587 3434 4669 ‘decimasque
3486 4597 3611 4651 allec

280 4694 536 4747 οἰκείαν·
573 4695 667 4764 ἀφ’
705 4689 781 4750 ὧν
823 4698 858 4768 ἡ
895 4695 1007 4750 τῶν
1052 4699 1284 4769 καρπῶν
1323 4699 1517 4768 γέγονε
1565 4700 1735 4771 φορά·
1784 4693 1904 4753 εἶτα

2012 4706 2223 4772 rendo,
2261 4701 2398 4757 nihil
2431 4699 2751 4770 bujusmodi
2786 4697 3023 4769 egistis;
3061 4693 3156 4751 sed
3215 4692 3415 4762 exigua
3465 4706 3606 4760 qua:-

281 4788 452 4858 ὑμεῖς
483 4787 722 4853 ἐντελεῖς
766 4791 893 4852 τοὺς
925 4790 1032 4844 ἀπὺ
1070 4791 1168 4862 τῆς
1206 4791 1312 4862 γῆς
1360 4793 1720 4863 κομισάμενοι
1767 4809 1906 4864 καρ-

2011 4799 2139 4856 dam
2196 4791 3023 4864 sacerdotibus'projicientcs,
3076 4788 3264 4842 omnia
3315 4785 3370 4838 in
3414 4783 3613 4838 horrea

281 4879 450 4943 ποὺς,
484 4879 604 4934 δέον
633 4881 776 4954 ὑπὲρ
805 4882 1012 4936 τούτων
1045 4883 1303 4938 ἀποτίσαι
1342 4884 1421 4954 τῷ
1464 4883 1585 4956 Θεῷ
1611 4885 1710 4957 τὴν
1742 4885 1900 4956 εὑχα-

2015 4893 2195 4942 vestra
2227 4883 2533 4940 intulistis:
2568 4899 2638 4938 ne
2665 4883 2769 4936 hoc
2795 4880 3017 4953 quidem
3051 4887 3313 4950 putantes
3335 4917 3350 4940 ,
3385 4872 3616 4946 perinde

281 4973 510 5044 ριστίαν
551 4974 642 5028 διὰ
702 4978 804 5046 τῆς
859 4975 969 5030 τῶν
1012 4976 1281 5048 ἀπαρχῶν
1343 4976 1440 5029 καὶ
1483 4975 1594 5029 τῶν
1640 4976 1907 5032 δεκατιῶν

2011 4979 2062 5034 id
2100 4994 2225 5034 esse
2257 4993 2321 5032 ac
2353 4978 2400 5032 si
2433 4978 2698 5032 alimenta
2743 4989 3049 5044 pauperum
3099 4969 3418 5039 diripiatis,
3475 4980 3588 5034 quo

279 5068 685 5140 :posxoptdﬁg,
716 5069 876 5124 τοῦτο
911 5070 1010 5142 μὲν
1062 5070 1122 5124 οὑ
1171 5071 1544 5142 πεποιήκατε·
1605 5071 1815 5142 βραχέα
1849 5070 1907 5124 δέ

2011 5086 2133 5125 rttm
2169 5070 2348 5141 gratia
2386 5069 2502 5123 liam
2543 5083 2575 5122 a
2616 5068 2776 5123 vobis
2807 5064 3154 5137 suppeditari
3205 5063 3426 5130 jussunt
3482 5064 3611 5111 est:

277 5178 410 5216 τινα
441 5164 730 5234 μονονουχὶ
761 5165 1162 5236 προσρίψαντες
1196 5166 1308 5227 τοῖς
1352 5164 1610 5235 ἱερεῦσιν,
1659 5167 1739 5229 είς
1779 5165 1905 5227 τοὺς

277 5254 600 5325 θησαυροὺς
649 5254 869 5312 ἅπαντα
912 5258 1040 5322 τοὺς
1084 5256 1318 5319 οἰκείους
1357 5257 1752 5327 εἰσηνέγκατε·
1783 5257 1904 5311 οὑδὲ

273 5346 467 5398 ἐκεῖνο
524 5344 898 5416 λογισάμενοι,
945 5347 1028 5400 ὅτι
1079 5346 1234 5400 οὐδὲν
1288 5346 1546 5400 ἀπέοικεν
1592 5346 1772 5408 τοῦτο,
1806 5348 1902 5402 τοῦ

275 5435 384 5498 τάς
408 5435 520 5488 τῶν
552 5437 806 5508 πενήτων
843 5437 1166 5508 διαρπάζειν
1193 5437 1418 5509 τροφὰς,
1459 5438 1598 5511 ὑπὲρ
1623 5431 1699 5492 ὧν
1725 5437 1898 5493 ταῦτα
1934 5440 2175 5496 δίδοσθαι
2238 5441 2556 5494 κεκέλευται

2015 5178 2210 5233 nempe
2243 5172 2302 5216 ut
2333 5171 2388 5216 et
2420 5161 2514 5232 qui
2547 5161 2704 5215 altari
2740 5159 3103 5220 deserviunt,
3138 5163 3192 5208 et
3220 5154 3312 5223 qui
3351 5148 3612 5220 egestatis

2013 5269 2184 5310 causa
2217 5254 2424 5324 templo
2461 5269 2584 5308 tneo
2616 5251 2906 5315 adsident,
2959 5247 3276 5304 necessaria
3309 5245 3434 5298 vitm
3478 5242 3611 5296 sub.

2013 5349 2153 5406 sidia
2187 5349 2312 5403 hinc
2344 5336 2604 5403 referant.
2639 5346 2850 5412 Quibus
2883 5343 3162 5399 subnectit
3196 5359 3208 5394 :

2666 5439 2794 5508 παρ’
2827 5436 2980 5506 ὑμῶν
2999 5454 3011 5466 ·
3041 5435 3136 5490 καὶ
3168 5431 3242 5494 ὡς
3273 5429 3338 5484 ἂν
3360 5431 3413 5483 οἵ
3440 5445 3498 5483 τε
3532 5428 3610 5498 τῷ

276 5529 664 5600 θυσιαστηρίῳ
713 5527 1190 5602 λειτουργοῦντες,
1234 5528 1288 5582 οἵ
1328 5544 1387 5582 τε
1435 5527 1523 5582 διὰ
1576 5527 1768 5583 πενίαν
1817 5528 1897 5602 τῷ
1934 5531 2046 5602 ναῷ
2082 5531 2538 5605 προσεδρεύοντες
2585 5531 2662 5602 τῷ
2707 5531 2825 5603 ἐμῷ
2853 5529 2988 5601 (7'2),
3041 5525 3141 5590 τὰς
3181 5522 3482 5592 ἀναγκαίας
3514 5537 3608 5576 κα·

277 5623 535 5695 μίζοιντο
564 5621 777 5696 χρείας.
813 5618 911 5686 Οἷς
940 5621 1250 5686 ἀκολούθως
1277 5622 1554 5693 ἐπήγαγεν
1575 5639 1590 5655 ·

355 5807 473 5880 (Ἠ)
500 5806 672 5863 Vides
716 5807 820 5863 sub
861 5806 980 5880 lege
1015 5805 1465 5880 etiaml‘losaica
1511 5819 1719 5880 morem
1765 5820 1891 5874 pau-

272 5875 512 5952 peribus
543 5880 748 5949 templo
776 5875 1457 5952 assistentibuslargiendi
1484 5875 1890 5952 elcemosynam

275 5947 597 6026 praesertim
621 5947 688 6010 ei
719 5950 893 6008 sacris
917 5950 1134 6021 opibus.
1173 5948 1265 6007 Sic
1286 5947 1339 6008 et
1367 5949 1455 6006 ille
1490 5947 1720 6005 claudus
1748 5947 1891 6020 apud

2001 5815 2215 5878 portam
2276 5805 2462 5876 templi
2518 5804 2836 5875 Speciosam
2894 5805 3295 5876 elccmosynam
3351 5819 3387 5859 ιι
3441 5800 3604 5859 Petro

2003 5879 2253 5951 apostolo
2283 5879 2497 5950 petebat
2534 5878 2673 5950 (Act.
2711 5893 2789 5945 Ill,
2821 5878 2896 5950 3).
