4162 6462
460 630 463 633 -
559 603 832 659 Dominus
871 602 1240 672 omnipotens.
1268 600 1390 657 Nisi
1437 615 1708 672 aperuero
1749 600 1907 657 vobis
1941 609 2159 659 catara-

569 387 668 447 627
1731 389 2086 448 THEODORI
2118 390 2350 450 MOPSU
2362 389 2607 448 ESTENI
3752 378 3860 435 6'28

636 513 782 568 Vens
816 511 1001 570 11-12.
1027 542 1099 581 -έ
1138 531 1158 563 ι
1194 509 1556 569 Reverthnini
1587 524 1718 583 ergo
1755 510 1810 566 in
1843 510 1971 578 hoc,
2011 510 2145 567 dicit
2176 519 2223 575 Α

2320 508 2468 583 Στίχ.
2495 517 2583 574 ια’,
2613 509 2700 581 ιβ’.
2719 536 2786 549 -—
2810 526 2828 561 t
2863 504 3257 577 ’ἐπιστρέψατε
3290 504 3356 577 δὴ
3388 506 3445 559 ἑν
3477 503 3671 576 τούτῳ,
3704 506 3856 576 λέγει

2259 600 2465 674 Κύριος
2515 599 2946 671 παντοκράτωρ·
3002 596 3100 651 ὲάν
3156 595 3232 668 μὴ
3282 594 3482 664 ἀνοίξω
3546 598 3675 667 ὑμῖν
3729 600 3860 663 τοὺς

566 704 683 751 etas
711 692 860 757 ccli,
896 702 952 748 et
986 692 1266 749 eﬂundam
1297 693 1354 748 in
1383 706 1483 749 vos
1515 692 1951 749 benedictionem
1981 706 2159 749 meam

2301 693 2651 768 αταρρἀτας
2685 690 2782 746 τοῦ
2814 689 3066 763 ούρανοῦ,
3096 690 3188 745 καὶ
3204 687 3379 760 ἐκχεῶ
3413 689 3541 761 ύμῖν
3571 689 3671 761 τὴν
3700 691 3861 745 εὐλοι-

566 785 742 840 donec
794 783 1048 841 subiciat.
1082 785 1152 841 Et
1189 785 1519 842 distribuam
1570 784 1729 841 vobis
1768 785 1824 840 in
1851 784 2060 852 cibum,
2103 791 2162 840 et

2302 785 2387 841 ίαν
2424 803 2525 857 μου
2551 786 2658 849 ἓως
2679 783 2774 839 τοῦ
2819 783 3169 854 ίκανωθῆναι,
3198 782 3293 836 καὶ
3325 780 3590 835 διαστελῶ
3619 782 3748 851 ὑμῖν
3774 785 3861 849 είς

567 893 677 935 non
702 892 1055 950 corrumpam
1077 886 1289 934 vestras
1312 886 1475 935 terrae
1500 878 1709 949 fruges,
1736 884 1796 934 et
1821 876 1953 935 vitis
1978 886 2162 934 vestra

2301 878 2490 949 ρῶσιν,
2518 877 2617 932 καὶ
2652 877 2713 930 ού
2752 874 2828 948 μὴ
2858 873 3156 945 διαφθείρω
3195 871 3351 944 ὑμῶν
3379 873 3472 927 τὸν
3513 873 3726 945 καρπὸν
3756 874 3862 945 τῆς

570 974 627 1028 in
666 987 799 1045 agro
824 988 936 1029 non
956 971 1353 1038 iutirmabitur,
1381 974 1458 1027 ait
1491 970 1759 1028 Dominus
1785 973 2160 1044 omnipotens.

2301 968 2501 1044 ῆς,.καὶ
2518 967 2581 1023 οὗ
2602 968 2679 1044 μὴ
2698 969 2970 1040 ἀσθενήσῃ
2992 968 3022 1023 ύ
3030 965 3145 1039 μῶν
3165 968 3199 1037 ἡ
3221 965 3467 1037 ἄμπελος
3492 967 3549 1019 ὲν
3576 966 3655 1037 τῷ
3676 966 3858 1038 ἀγρῷ,

570 1063 640 1120 Et
664 1066 855 1122 beatos
872 1079 971 1123 vos
992 1064 1182 1120 dicent
1208 1079 1400 1121 omnes
1422 1070 1650 1136 gentes;
1680 1062 1812 1136 quia
1836 1065 1995 1120 eritis
2017 1071 2165 1119 terra

2301 1065 2413 1134 έγει
2460 1062 2666 1134 Κύριος
2709 1060 3134 1131 παντοκράτωρ·
3179 1059 3276 1113 καὶ
3321 1057 3685 1131 μκαριοῦσιν
3716 1059 3863 1128 ὑμᾶς

572 1158 983 1225 desiderabilis,
1014 1159 1093 1213 ait
1140 1157 1407 1215 Dominus
1455 1159 1827 1229 omnipotens.
1879 1177 1899 1211 ι
1947 1157 2166 1228 Agesis,

2301 1138 2447 1213 τάντα
2473 1156 2541 1211 τὰ
2584 1155 2732 1227 ἔθνη,
2762 1156 2899 1210 διότι
2936 1153 3125 1209 ἔσεσθε
3168 1154 3328 1224 ὑμεῖς
3355 1151 3426 1223 γῆ
3466 1151 3686 1224 θελητὴ,
3713 1151 3863 1219 λέγει

571 1248 774 1320 inquit,
824 1247 1080 1304 conversi
1124 1247 1241 1303 haec
1289 1245 1477 1302 omnia
1534 1244 1844 1302 emendate.
1897 1241 2169 1299 Videbitis

2301 1249 2473 1321 Ldpto;
2497 1248 2913 1320 παντοκράτωρ.
2959 1264 2978 1298 ι
3031 1244 3193 1299 Ἀλλά
3215 1245 3342 1317 γὰρ,
3373 1243 3529 1315 φησὶ,
3565 1242 3867 1318 μεταϐαλό-

572 1315 744 1406 enim,
791 1340 1071 1411 quomodo
1103 1339 1260 1395 vobis
1294 1353 1398 1411 ego
1441 1337 1730 1408 copiosum
1768 1335 1999 1392 imbrem
2030 1344 2171 1405 prte-

2301 1315 2459 1403 ιενοι,
2515 1315 2804 1410 διόρθωσιν
2862 1315 3070 1389 τούτων
3127 1334 3195 1405 δὴ
3251 1315 3549 1405 ποιήσασθε
3605 1315 3861 1386 πάντων·

572 1433 736 1498 bebo,
780 1441 836 1488 et
881 1429 1159 1504 quomodo
1210 1428 1427 1502 frugum
1477 1429 1696 1500 copiam
1746 1425 1817 1483 ad
1855 1427 2170 1484 satietatem

2301 1429 2468 1501 ψεσθε
2491 1427 2601 1502 γὰρ
2629 1429 2780 1491 ὅπως
2817 1426 2917 1499 μὲν
2946 1426 3076 1498 ὑμῖν
3099 1424 3359 1479 πλούσιον
3398 1421 3622 1494 παρέξω
3647 1421 3740 1476 τδν
3779 1422 3870 1475 ὐε-

576 1524 959 1599 suppeditabo.
1005 1523 1067 1580 id
1108 1525 1261 1581 enim
1304 1523 1471 1596 386
1498 1522 1771 1578 denotant
1802 1520 1990 1586 verba,
2021 1537 2042 1574 ι
2078 1518 2177 1576 Be-

2304 1523 2384 1588 ὸν,
2416 1523 2566 1585 ὅπως
2593 1520 2653 1574 δὲ
2679 1519 2809 1591 ὑμῖν
2839 1518 2949 1573 τῶν
2979 1516 3210 1590 καρπῶν
3234 1514 3459 1589 παρέξω
3481 1515 3580 1584 τὴν
3607 1513 3868 1585 ἀφθονίαν

577 1618 941 1675 nedictionem
960 1630 1137 1673 meam
1154 1617 1331 1673 donec
1348 1615 1606 1682 sutliciat,
1630 1635 1653 1670 ι
1683 1620 1744 1671 ut
1766 1631 1833 1671 ex
1862 1614 1950 1670 his
1972 1614 2175 1685 pingue

2307 1616 2354 1678 ίς
2385 1613 2546 1685 κόρον
2570 1630 2583 1643 ·
2614 1611 2777 1665 τοῦτο
2800 1610 2911 1683 γὰρ
2953 1610 3123 1680 λέγει,
3152 1628 3171 1662 ι
3207 1608 3306 1681 τὴν
3340 1608 3590 1676 εὐλογίαν
3632 1624 3732 1679 μου
3766 1607 3870 1670 ἕως

578 1727 681 1769 vos
708 1711 958 1768 habeatis
980 1703 1403 1767 nutrimentum.
1429 1709 1568 1766 Nam
1585 1709 1774 1774 verba,
1807 1707 2174 1764 iDistribuam

2301 1705 2370 1760 ὀὔ
2425 1704 2778 1775 ίκανωθῆναι,
2841 1721 2860 1755 ι
2913 1709 2992 1775 (p.
3035 1700 3163 1773 568)
3216 1700 3359 1755 ὥστε
3416 1698 3677 1753 πλουσίαν
3724 1696 3869 1769 ἔχειν

581 1805 734 1862 vobis
778 1805 835 1860 in
873 1805 1130 1860 cibumzi
1190 1803 1245 1859 id
1292 1802 1632 1875 signiﬁcant,
1686 1801 2177 1858 Conservabuntur

2301 1801 2422 1871 υμᾶς
2444 1799 2542 1871 τὴν
2576 1798 2635 1867 ἐξ
2660 1800 2835 1857 αὐτῶν
2860 1797 3170 1855 ἀπόλαυσιν·
3195 1794 3255 1849 τὸ
3278 1794 3407 1864 γὰρ,
3431 1810 3449 1843 ι
3471 1793 3579 1848 Καὶ
3604 1790 3869 1846 διαστελῶ

580 1905 763 1953 autem
802 1896 962 1953 vobis
992 1896 1304 1953 incolumes
1341 1895 1556 1952 fructus
1589 1909 1802 1960 omnes,
1836 1893 2046 1964 largum
2080 1908 2174 1946 νο·
2210 1875 2240 1929 Ε

2301 1893 2409 1962 υμῖν
2458 1891 2538 1954 είς
2559 1888 2778 1962 βρῶσιν,
2803 1911 2822 1944 ι
2864 1892 3025 1945 τοῦτο
3044 1886 3312 1962 σημαίνει·
3336 1882 3870 1956 Διαφυλαχθήσονταί

581 1989 667 2047 bis
694 1988 806 2047 vite
851 1990 1018 2047 etiam
1066 1998 1250 2047 vestra
1279 1998 1470 2061 potum
1514 1989 1831 2060 praebente:
1878 1988 1953 2042 ita
2004 1996 2061 2041 ut
2100 1987 2173 2042 ob

2301 2001 2339 2037 τε
2395 1982 2551 2055 ὑμῶν
2606 1980 2919 2054 ἀδιάφθοροι
2966 1980 3166 2044 πάντες
3220 1979 3270 2033 οι
3322 1976 3545 2049 καρποὶ,
3606 1975 3869 2029 πλουσίαν

586 2082 893 2153 generalem
940 2083 1081 2154 apud
1113 2098 1213 2139 vos
1264 2082 1501 2153 copiam,
1549 2081 1737 2136 cuncti
1782 2081 1948 2137 etiam
1994 2079 2174 2135 exteri

2301 2079 2411 2148 ipiv
2456 2075 2555 2130 καὶ
2599 2075 2699 2146 τῆς
2751 2073 2998 2143 ἀμπέλου
3027 2073 3126 2143 τὴν
3153 2070 3359 2125 οἰκείαν
3388 2068 3689 2123 ἀπόλαυσιν
3723 2082 3869 2137 παρ-

589 2191 687 2232 vos
730 2175 923 2232 beatos
966 2174 1172 2231 dicturi
1216 2174 1348 2239 sint,
1380 2182 1432 2228 et
1467 2171 1615 2244 quod
1661 2186 1789 2228 vere
1826 2170 1984 2228 vobis
2027 2169 2175 2226 Deus

2301 2166 2540 2239 ;χούσης·
2571 2165 2714 2220 ὥστε
2759 2167 2824 2219 ἐκ
2862 2165 2961 2236 τῆς
2998 2161 3419 2234 πολιτευομένης
3456 2160 3516 2214 έν
3551 2161 3681 2230 ὑμῖν
3715 2155 3875 2227 εὐθη-

587 2270 792 2343 optima
824 2284 1060 2341 quaeque
1100 2267 1369 2331 decernit,
1413 2266 1543 2321 dum
1574 2272 1737 2321 terra:
1759 2274 1956 2320 vestrae
2003 2264 2177 2334 plurio

2301 2259 2421 2325 liag,
2448 2258 2695 2322 ἅπαντας
2735 2256 2799 2328 δὴ
2844 2257 2971 2320 τοὺς
3023 2257 3182 2321 ἐκτὸς
3227 2253 3551 2327 μακαρίζειν
3587 2253 3754 2324 ὑμᾶς,
3793 2252 3876 2306 ὅτι

585 2342 732 2416 iniam
761 2376 873 2432 prae
906 2359 1122 2417 caeteris
1158 2358 1381 2429 frugum
1409 2355 1803 2411 abundantiam
1831 2354 2102 2411 concedit.

2301 2352 2453 2417 ίντως
2481 2352 2609 2423 ὑμῖν
2648 2349 2717 2405 τὰ
2758 2348 3019 2403 κάλλιστα
3053 2348 3373 2419 βεϐούληται
3416 2344 3569 2410 Θεὸς,
3610 2344 3754 2398 ὥστε
3786 2342 3876 2395 καὶ

2278 2447 2345 2515 τῇ
2373 2446 2441 2515 γῇ
2470 2441 2713 2514 ὑμετέρᾳ
2735 2440 2999 2510 πλείστην
3031 2438 3184 2510 ππ.ρά
3212 2438 3338 2502 τοὺς
3366 2437 3589 2501 λοιποὺς
3615 2433 3876 2507 παρέχειν

1429 2614 1435 2621 ο
2164 2560 2169 2569 ν
2279 2539 2378 2611 τὴν
2406 2537 2671 2608 ἀφθονίαν
2704 2535 2813 2590 τῶν
2848 2533 3094 2607 καρπῶν.

657 2636 826 2694 Vens.
857 2634 1044 2692 15-16.
1086 2664 1158 2677 --
1188 2633 1397 2690 Deinde
1429 2617 1509 2688 ad
1544 2632 1755 2703 priores
1790 2629 1934 2687 redit
1970 2642 2182 2685 sermo-

2351 2632 2505 2703 Στίχ.
2537 2636 2724 2700 ιγ’νις¹.
2758 2658 2827 2671 --
2852 2624 2986 2682 Εἶτα
3018 2627 3109 2681 ἐπὶ
3143 2624 3273 2690 τοὺς
3311 2620 3545 2696 πρόσθεν
3591 2617 3881 2690 ἀνατρέχει

585 2746 723 2796 nes,
760 2730 926 2801 quasi
974 2743 1117 2785 nova
1172 2726 1550 2782 admonitione
1601 2724 1837 2796 dignans
1898 2722 2180 2793 improbos

2301 2726 2510 2794 λόγους,
2562 2722 2638 2787 ὡς
2674 2721 2741 2777 ἂν
2782 2720 3062 2783 δυσσεϐεῖς
3118 2718 3213 2772 καὶ
3262 2715 3568 2787 μοχθηροὺς
3620 2712 3880 2782 δευτέρας

589 2826 715 2885 illos
748 2799 813 2880 ac
838 2821 1064 2894 impios,
1108 2820 1338 2891 aitque:
1389 2835 1409 2870 ι
1454 2815 1872 2888 Aggravavistis
1901 2827 2069 2885 super
2094 2828 2182 2869 me

2301 2814 2457 2879 ἀξιῶν
2487 2810 2787 2879 νουθεσίας,
2833 2811 2929 2866 καὶ
2963 2808 3156 2879 φησίν·
3202 2824 3222 2858 t
3265 2804 3597 2876 Ἐὂαρύνατε
3642 2802 3729 2854 ἐπ’
3782 2799 3880 2870 ἐμὲ

588 2931 877 2975 sermones
921 2892 1162 2979 vestros,
1216 2909 1357 2966 dicit
1404 2908 1674 2964 Dominus
1727 2905 2101 2977 omnipotens.
2158 2924 2178 2957 ι

2301 2907 2416 2971 τοὺς
2467 2903 2654 2974 λόγους
2694 2902 2849 2975 ὑμῶν
2874 2941 2890 2967 ,
2940 2901 3087 2969 λέγει
3131 2898 3335 2970 Κύριος
3391 2892 3818 2964 παντοκράτωρ·
3861 2909 3881 2942 ι

589 3010 839 3084 Asperis,
888 3007 1094 3079 inquit,
1154 3004 1420 3062 conviciis
1470 3017 1560 3058 me
1615 2999 1980 3073 appetivistis.
2037 3016 2058 3051 ι
2117 2998 2186 3053 Et

2301 2997 2590 3071 χαλεπαῖς,
2645 2995 2809 3067 φησὶ,
2858 2992 3149 3065 λοιδορίαις
3198 2987 3506 3061 ἐχρήσασθε
3549 2986 3667 3040 κατ’
3726 2982 3885 3084 ὲμρῦ.

591 3068 870 3161 ὐὶίίειίίι
900 3068 1115 3172 ιη’(ιυο
1157 3098 1257 3157 tibi
1296 3095 1539 3152 oblocuti
1592 3068 1824 3150 su—mus?
1877 3110 1900 3146 ι
1962 3088 2185 3146 Siccine

2301 3068 2326 3140 ι
2353 3088 2464 3142 Καὶ
2502 3085 2717 3150 εἴπατε,
2757 3084 2846 3138 Ἐν
2890 3081 2997 3136 τίνι
3045 3077 3496 3151 κατελαλήσαμέν
3551 3091 3676 3141 σου;
3714 3092 3734 3125 ι
3768 3068 3891 3127 εἶτα

592 3211 723 3270 ergo
742 3212 814 3254 ne
832 3166 1059 3256 sensum
1084 3195 1305 3268 quidem
1340 3203 1509 3251 tanta:
1543 3191 1899 3266 blasphemia
1925 3189 2185 3246 habetis?
2213 3180 2240 3239 ε

2301 3181 2409 3237 οὐδὲ
2449 3178 2703 3252 αἴσθησιν
2732 3177 2833 3248 τῆς
2873 3173 3143 3244 τοσαύτης
3182 3171 3492 3243 λαμδάνετε
3540 3166 3884 3238 δυσφημίας,

596 3289 812 3361 Ubique
847 3290 997 3347 enim
1041 3289 1132 3345 hic
1176 3289 1441 3360 propheta
1495 3288 1725 3343 verbum
1785 3301 1806 3336 ι
1865 3283 2089 3340 dixistis
2158 3300 2177 3333 ›

597 3382 791 3452 ponit,
836 3383 996 3454 quasi
1040 3382 1181 3453 ipsis
1220 3381 1565 3453 exprobrans
1622 3392 1842 3453 gravem
1898 3375 2188 3447 stupidita-

599 3485 745 3543 tem,
795 3491 905 3546 qua
949 3475 1197 3547 improbe
1251 3475 1514 3546 agebant,
1558 3473 1770 3529 nullum
1822 3470 1901 3527 rei
1963 3482 2187 3526 sensum

600 3570 901 3642 capientes,
951 3568 1047 3627 sed
1091 3570 1169 3625 ita
1209 3568 1267 3623 in
1314 3572 1433 3625 suis
1481 3565 1723 3638 peccatis
1761 3570 2049 3621 versantes
2088 3575 2189 3617 ceu

601 3663 651 3718 si
709 3676 823 3718 non
873 3676 1139 3735 peccasse
1185 3660 1588 3718 existimarent.
1644 3657 1767 3712 Mox
1813 3657 1978 3728 quale
2023 3653 2193 3710 tuerit

602 3760 891 3826 peccatum
926 3754 1269 3820 edisserens,
1302 3771 1322 3805 ι
1361 3751 1611 3815 Dixistis,
1637 3750 1838 3819 inquit,
1858 3746 2051 3803 inutile
2072 3759 2195 3801 esse

602 3846 716 3904 Deo
765 3845 994 3903 servire.
1047 3865 1066 3897 ι
1117 3842 1305 3915 Neque
1353 3845 1499 3898 enim
1550 3840 1713 3897 nobis
1759 3839 1944 3910 aliqua
1987 3837 2197 3893 utilitas

605 3940 806 3997 accidit
851 3936 1113 3994 mandata
1155 3936 1508 3993 servantibus
1543 3954 1556 3991 :
1612 3948 1794 4005 neque
1842 3930 2016 3989 Deum
2056 3945 2201 4002 sepe

605 4031 1037 4109 deprecantibus
1066 4029 1196 4085 boni
1230 4026 1533 4101 quidquam
1565 4025 1821 4083 accessit.
1869 4022 1947 4079 Eo
1975 4023 2200 4079 demum

604 4139 698 4182 res
739 4131 944 4180 nostrae
973 4131 1283 4189 cesserunt,
1332 4130 1392 4177 ut
1432 4136 1536 4178 nos
1579 4120 1638 4176 in
1672 4118 1940 4191 angustiis
1972 4131 2204 4189 pressu-

607 4219 798 4290 risque
842 4218 1187 4288 languentes,
1232 4215 1423 4273 beatos
1473 4215 1613 4271 alios
1659 4208 1913 4268 dicamus
1941 4211 2035 4282 qui
2081 4209 2206 4265 nul-

608 4313 718 4393 lam
762 4310 963 4366 divina:
993 4310 1297 4366 voluntatis
1351 4309 1622 4365 rationem
1663 4307 1887 4370 habent,
1917 4305 2118 4377 quibus
2147 4304 2203 4359 in

608 4403 807 4459 melius
874 4419 965 4461 res
1024 4403 1369 4476 procedunt,
1432 4415 1749 4473 quanquam
1814 4398 1928 4455 Deo
1984 4410 2207 4466 semper

610 4494 1060 4562 adversantibus,
1115 4511 1145 4550 a
1199 4512 1311 4567 quo
1357 4501 1541 4550 tamen
1588 4492 1730 4548 nihil
1769 4489 2081 4548 detrimenti
2111 4502 2205 4557 pa-

608 4590 845 4646 tiuntur.
880 4606 898 4642 ι
929 4586 1057 4644 Haec
1106 4586 1347 4643 oblocuti
1392 4596 1543 4650 sunt,
1588 4586 1682 4655 qui
1726 4583 1994 4638 timebant
2023 4579 2208 4635 Domi-

610 4696 783 4747 num,
830 4680 1217 4750 unusquisque
1266 4679 1333 4734 ad
1378 4680 1688 4749 proximum
1751 4689 1936 4730 suum.
2003 4692 2020 4723 ι
2080 4669 2209 4725 Haec

610 4767 860 4839 quidem,
907 4767 1108 4836 inquit,
1163 4766 1305 4822 inter
1355 4780 1415 4821 se
1464 4766 1703 4820 invicem
1759 4761 1911 4832 loqui
1962 4776 2071 4814 non
2104 4759 2210 4813 du-

609 4864 880 4925 bitarunt,
927 4860 1023 4932 qui
1064 4860 1399 4915 simulabant
1429 4873 1488 4913 se
1514 4871 1623 4927 prae
1663 4854 1921 4910 omnibus
1950 4851 2210 4922 alienige-

613 4955 702 5011 nis
722 4954 974 5009 timorem
1000 4967 1179 5006 meum
1210 4951 1469 5006 retinere.
1496 4948 1712 5015 Quibus
1734 4946 1877 5001 Deus
1899 4944 2206 5007 attendens.

2289 3272 2466 3329 διόλου
2495 3271 2604 3342 γὰρ
2631 3272 2660 3325 ὁ
2687 3268 2977 3339 προφήτης
3017 3260 3172 3329 οὗτος
3205 3264 3267 3318 τὸ
3296 3282 3314 3316 ι
3351 3262 3543 3317 εἴπατε
3576 3281 3595 3315 ι
3620 3260 3887 3323 τέθεικεν,

2284 3365 2479 3437 ὥσπερ
2519 3362 2796 3428 ὀνειδίζων
2841 3361 3024 3423 αὐτοῖς
3070 3355 3429 3429 ἀναισθησίαν
3493 3352 3716 3424 πολλὴν,
3771 3345 3893 3423 μεθ’

2286 3454 2359 3531 ἧς
2384 3457 2652 3528 ἔπραττον
2678 3453 2747 3507 τά
2779 3452 2976 3517 ἀτοπα,
3013 3448 3270 3521 οὐδεμίαν
3309 3447 3397 3502 ἐπ’
3443 3448 3626 3510 αὐτοῖς
3678 3442 3896 3516 λαμθά-

2296 3565 2480 3614 νοντες
2498 3547 2779 3619 αἴσθησιν,
2802 3544 2916 3600 ἀλλ’
2937 3543 3113 3607 οὕτως
3133 3542 3229 3596 ἐπὶ
3255 3544 3369 3605 τοῖς
3397 3540 3757 3612 ἁμαρτήμασι
3780 3537 3900 3591 δια-

2297 3641 2572 3714 τιθέμενοι
2608 3642 2722 3703 τοῖς
2771 3635 3002 3703 ἑαυτῶν,
3050 3635 3128 3699 ὡς
3172 3633 3306 3706 μηδὲ
3358 3632 3694 3703 ἁμαρτάνειν
3741 3629 3899 3700 ἠγεῖ-

2301 3731 2446 3788 σθαι.
2491 3726 2626 3784 Εἶτα
2676 3729 2851 3797 λέγων
2895 3725 2959 3780 τὸ
3009 3724 3348 3797 ἁμάρτημα·
3378 3739 3399 3773 ι
3432 3720 3670 3785 Εἴπατε,
3710 3718 3898 3789 φησὶν,

2303 3825 2380 3888 ὡς
2414 3820 2694 3892 ἀνωφελὲς
2740 3819 2819 3892 τῷ
2862 3817 2982 3889 Θεῷ
3032 3815 3341 3871 δουλεύειν·
3381 3832 3401 3868 t
3438 3813 3561 3867 οὐδὲ
3610 3812 3718 3884 γὰρ
3764 3812 3902 3882 ἡμῖν

2304 3918 2666 3994 προσεγένετο
2686 3934 2738 3971 τι
2766 3915 2957 3985 ὖφελος
2991 3910 3366 3985 ὲπιμεληθείσι
3390 3909 3491 3979 τῆς
3517 3906 3760 3978 φυλακῆς
3790 3902 3903 3958 τῶν

2305 4010 2437 4085 παρ’
2461 4008 2628 4067 αὐτοῦ
2651 4004 3143 4080 προστεταγμένων
3165 4019 3179 4035 ·
3216 4002 3332 4057 ἀλλ’
3361 4000 3482 4055 οὐδὲ
3506 3997 3775 4071 δεηθεῖσιν
3808 3994 3907 4049 αὑ-

2306 4103 2400 4158 τοῦ
2419 4101 2700 4166 πολλάκις,
2719 4097 2870 4154 οὐδὲν
2891 4095 3103 4168 ὑπῆρξε
3123 4093 3312 4150 πλέον·
3334 4092 3549 4164 (p.569)
3574 4089 3905 4163 περιέστηκε

2309 4196 2369 4251 δὲ
2396 4198 2476 4259 είς
2500 4193 2661 4248 τοῦτο
2700 4190 2769 4245 τὰ
2805 4189 3129 4261 πράγματα,
3179 4185 3319 4244 ὥστε
3358 4185 3505 4256 ἡμᾶς
3542 4182 3640 4253 μὲν
3671 4174 3815 4233 εἶναι
3844 4179 3907 4231 ὲν

2308 4288 2577 4357 ἀνάγκαις
2606 4284 2701 4338 καὶ
2734 4282 2967 4351 θλίψεσι,
3004 4276 3328 4350 μακαρίζειν
3358 4276 3413 4330 δὲ
3443 4274 3682 4344 ἐτέρους,
3716 4267 3908 4324 οὐδένα

2310 4380 2418 4434 τῶν
2451 4376 2601 4448 αὐτῷ
2634 4373 2929 4430 δοκούντων
2972 4367 3372 4440 πεποιημένους
3403 4367 3583 4435 λόγον,
3613 4359 3696 4428 οἷς
3725 4362 3816 4415 ἐπὶ
3843 4362 3908 4415 τὸ

2313 4475 2561 4545 κρεῖττον
2607 4467 2893 4540 προϐαίνει
2934 4464 3003 4519 τά
3049 4465 3373 4536 πράγματα,
3414 4456 3773 4527 ἀνθεστηκόσι
3806 4454 3908 4524 μὲν

2314 4565 2465 4636 αὑτῷ
2516 4563 2770 4626 πάντοτε,
2829 4557 3218 4631 βλαπτομένοις
3263 4554 3320 4609 δὲ
3361 4553 3514 4607 οὐδὲν
3568 4552 3633 4603 ὲκ
3691 4547 3907 4601 τούτου.

2318 4680 2340 4713 ι
2381 4656 2568 4712 Ταῦτα
2611 4652 2986 4723 κατελάλησαν
3042 4651 3094 4705 oi
3143 4646 3465 4720 φοϐούμενοι
3514 4643 3605 4697 τὸν
3664 4641 3909 4714 Κύριον,

2314 4750 2546 4812 ἕκαστος
2578 4746 2716 4819 πρὸς
2756 4746 2848 4799 τὸν
2880 4743 3104 4813 πλησίον
3146 4738 3332 4794 αὐτοῦ.
3375 4756 3394 4790 ι
3427 4735 3613 4791 Ταῦτα
3639 4733 3722 4803 δὴ,
3751 4730 3909 4801 φησὶ.

2319 4842 2457 4914 πρὸς
2485 4838 2747 4909 ἀλλήλους
2777 4838 2956 4907 λέγειν
2985 4836 3085 4889 οὐκ
3110 4833 3338 4896 ὤκνουν,
3369 4831 3420 4883 oi.
3449 4823 3749 4909 προσποιιού
3759 4839 3915 4894 μενοι

2319 4913 2471 5005 παρὰ
2520 4932 2726 5014 πάντας
2776 4931 2903 4994 τοὺς
2950 4925 3263 4997 ἀλλοτρίους
3294 4924 3386 4976 τὸν
3430 4921 3592 4990 φόϐον
3634 4917 3778 4987 ἔχειν
3820 4913 3917 4967 τὸν

617 5046 938 5102 memoriam
975 5060 1166 5102 eorum
1200 5045 1460 5113 scriptam
1488 5040 1723 5114 posteris
1761 5037 2003 5107 reliquit.
2042 5035 2208 5107 387

2317 5025 2481 5098 ἐμόν·
2511 5018 2593 5089 οἷς
2625 5008 3019 5096 προσεσχηκὼς
3056 5020 3085 5071 ό
3126 5017 3280 5081 Θεὸς,
3322 5018 3379 5069 ὲν
3429 5013 3613 5084 γραφῇ
3643 5011 3740 5080 τὴν
3775 5008 3916 5077 μνή-

612 5154 791 5208 proeo
808 5148 1055 5209 tempore
1070 5151 1176 5206 quo
1191 5099 1380 5205 pinnas
1399 5099 1706 5204 persolvent
1724 5130 1776 5185 hi
1792 5099 2213 5201 qui-hujusvumdi

2328 5134 2435 5189 μην
2479 5114 2662 5171 αὐτῶν
2700 5117 2811 5178 τοῖς
2862 5111 3156 5184 μετέπειτα
3203 5106 3623 5165 καταλέλοιπεν,
3675 5099 3917 5171 ὁπηνίκα

614 5241 849 5288 utuntur
901 5230 1278 5293 sermonibus,
1329 5241 1500 5297 seque
1542 5225 1691 5279 omni
1720 5223 1916 5296 :generi
1955 5222 2213 5293 nequitia:

2324 5211 2422 5284 μὲν
2464 5208 2699 5264 δώσουσι
2739 5207 2893 5271 δίκας
2940 5206 2990 5258 oi
3030 5206 3143 5267 τοῖς
3173 5200 3435 5262 τοιούτοις
3466 5194 3797 5266 κεχρημένοι
3827 5191 3919 5245 λό-

615 5321 907 5378 addicunt.
950 5321 1125 5376 Secus
1164 5332 1316 5383 vero,
1362 5316 1502 5371 nihil
1555 5314 1686 5369 boni
1730 5329 1843 5368 non
1886 5313 2101 5368 eveniet
2140 5311 2209 5365 iis

2317 5323 2456 5375 γοις,
2487 5305 2583 5359 καὶ
2624 5302 2759 5375 πρὸς
2798 5303 2907 5355 πᾶν
2941 5297 3081 5362 εἶδος
3111 5293 3461 5367 παρανομίας
3492 5289 3718 5351 ἑαυτοὺς
3758 5286 3915 5338 ἐκδε-

619 5515 872 5574 tempore
916 5504 1012 5559 illo
1062 5518 1173 5574 quo
1208 5502 1380 5557 malos
1418 5501 1667 5572 puniam,
1704 5498 2047 5570 providentia
2088 5508 2211 5550 mea

2317 5489 2733 5564 ἐπιμελομένοις
2772 5485 2881 5540 τῶν
2910 5484 3092 5554 νόμων
3124 5481 3234 5534 τῶν
3267 5478 3441 5549 ἐμῶν,
3472 5473 3569 5537 οὖς
3599 5489 3705 5543 περ
3733 5466 3826 5522 οὖν
3856 5471 3914 5520 ἐν

619 5595 945 5666 dignabor:
978 5596 1061 5650 sic
1102 5585 1364 5650 nimirum
1407 5592 1718 5655 declarans,
1765 5604 1824 5644 se
1861 5588 1963 5641 hos
2008 5584 2212 5640 habere

2322 5562 2519 5654 ἐκείνῳ
2545 5581 2624 5653 τῷ
2649 5577 2828 5651 καιρῷ
2851 5575 2972 5630 καθ’
3006 5574 3068 5628 ὃν
3096 5572 3483 5645 τιμωρήσομαι
3505 5568 3633 5629 τοὺς
3656 5562 3913 5633 φαύλους,

622 5693 677 5748 in
700 5705 925 5747 suorum
949 5690 1385 5747 necessariorum
1428 5702 1681 5750 numero,
1710 5695 1765 5741 et
1807 5670 1990 5742 omnia
2012 5682 2231 5753 optima

2325 5675 2422 5745 τῆς
2451 5671 2778 5744 κηδεμονίας
2818 5666 3037 5733 ἀξιώσω
3070 5666 3170 5736 τῆς
3216 5663 3355 5735 ἐμῆς
3374 5681 3387 5695 ·
3423 5659 3597 5722 οὕτως
3626 5656 3826 5717 αὐτοὺς
3856 5654 3918 5706 ὲν

627 5780 737 5837 illis
802 5778 1260 5835 retributurum:
1311 5775 1776 5849 quemadmodum
1836 5743 2066 5843 aliquis.
2096 5748 2231 5841 erga

2330 5743 2442 5827 τοῖς
2481 5743 2830 5825 οἰκειοτάτοις
2861 5759 3003 5831 ἔχειν
3029 5755 3372 5827 αἱρούμενος,
3396 5753 3490 5807 καὶ
3522 5754 3628 5804 πᾶν
3651 5750 3678 5803 ὃ
3704 5764 3756 5801 τι
3784 5743 3922 5801 κάλ-

627 5876 914 5954 proprium
990 5874 1161 5933 lilium
1227 5840 1560 5940 adiceretur,
1644 5869 1740 5943 qui
1807 5840 2035 5923 multum
2106 5840 2214 5920 sibi

2324 5855 2504 5915 λιστον
2546 5854 2673 5931 περ).
2707 5853 2901 5917 αὐτοὺς
2933 5848 3244 5921 δοκιμάζων
3275 5847 3448 5903 ποιεῖν
3468 5860 3483 5877 '
3528 5845 3608 5911 ὡς
3658 5841 3725 5901 ἂν
3754 5840 3808 5895 εί
3834 5855 3921 5904 τις
