4162 6478
416 360 524 420 629

1361 370 1914 449 COMMENTARIUS
1950 373 2023 432 IN
2063 374 2445 433 MALACHIE
2484 374 2638 434 CAP.
2675 377 2769 435 IV.

3605 373 3709 434 639

413 484 548 559 περὶ
562 484 684 540 υιδν
702 484 1221 569 ιαυτοῦ·ρδιατεθιίη,
1242 488 1445 561 πολλὴν
1462 489 1563 562 τήν
1592 490 2002 564 εὐγνωμοσύνηι

2121 504 2368 552 amorem
2423 492 2577 549 omni
2630 501 2881 565 tempore
2942 491 3307 550 ostendisset.
3372 491 3580 549 Deinde
3622 495 3720 550 ad-

412 576 855 649 ιπιδεδειγμένον
880 579 1272 652 πάντοτεπερὶ
1302 580 1488 638 αὐτόν.
1522 578 1656 640 Εἶτα
1684 584 1901 655 ἐπάγει·

484 668 636 741 Στίχ.
656 676 730 740 η’.
745 699 821 713 -
840 690 861 724 ι
892 671 1004 726 Καὶ
1028 672 1530 747 ἐπιστραφήσεσθε,
1550 675 1646 731 καὶ
1672 675 1871 749 ὄψεσθε
1904 678 2012 735 ἀνὰ

2111 583 2196 641 dit
2229 601 2243 639 :

2186 696 2207 732 ι
2251 678 2319 735 Et
2358 679 2788 745 convertamini,
2831 685 2887 736 et
2934 679 3174 736 cernetis
3225 679 3375 737 inter
3410 678 3628 751 justum
3660 690 3719 738 et

404 762 583 835 μέσον
603 762 846 832 δικαίου,
878 767 973 821 καὶ
997 767 1102 822 ἀνά
1130 768 1295 841 μέσον
1332 772 1559 843 ἀνόμου,
1589 775 1684 829 καὶ
1712 773 1816 829 ἀνά
1838 775 2002 845 μέσον

2107 768 2418 840 injustum;
2462 778 2519 825 et
2552 770 2698 825 inter
2731 767 3091 826 famulantem
3134 769 3272 838 Deo,
3303 778 3360 826 et
3390 785 3503 827 non
3534 770 3710 829 famu—
3760 840 3763 849 .

407 849 508 908 τοῦ
531 852 877 922 δουλεύοντος
903 856 1046 930 Θεῷ,
1067 858 1164 914 καὶ
1188 859 1294 916 ἀνὰ
1322 861 1488 934 μέσον
1510 862 1607 917 τοῦ
1633 863 1710 936 μὴ
1733 863 2005 921 δουλεύον-

2110 860 2315 923 lentem
2367 861 2570 938 eidem.
2612 881 2632 916 ι
2697 860 2856 918 Tunc
2910 861 3207 920 manifesta
3267 862 3361 918 ﬁet
3422 861 3717 921 distinctio

403 961 502 1012 τος
538 945 718 1018 αὐτῷ.
754 967 778 1002 ι
814 948 951 1004 Τότε
980 951 1192 1024 φανερά
1224 953 1514 1026 γενήσεται
1544 957 1578 1028 ή
1604 956 1878 1028 διάκρισις
1897 957 2002 1013 τῶν

2106 954 2388 1027 justorum
2429 956 2501 1013 ab
2528 956 2762 1027 iniquis,
2787 964 2843 1012 et
2872 970 3061 1013 eorum
3098 956 3194 1028 qui
3215 955 3430 1013 servire
3454 955 3565 1013 Deo
3591 964 3713 1015 stu-

402 1056 466 1094 τε
495 1040 744 1106 δικαίων,
774 1042 870 1097 καὶ
906 1043 1016 1097 τῶν
1063 1046 1422 1118 παρανόμων,
1466 1049 1562 1102 καὶ
1591 1048 1701 1104 τῶν
1732 1048 2002 1109 δουλεύειν

2109 1047 2354 1104 duerunt
2382 1048 2453 1104 ab
2486 1048 2599 1107 illis
2619 1049 2715 1120 qui
2744 1048 2885 1104 nihil
2915 1050 3071 1120 pensi
3097 1050 3155 1106 id
3177 1050 3493 1107 habuerunt
3520 1070 3536 1108 :
3578 1051 3712 1109 item

399 1150 467 1231 τε
492 1134 914 1231 ἐσπουδακότων
940 1135 1082 1210 Θεῷ,
1115 1139 1210 1194 καὶ
1240 1138 1353 1196 τῶν
1384 1141 1592 1213 μηδένα
1617 1142 1811 1231 τούτου
1839 1147 2002 1199 ποιεῖ-

2108 1141 2255 1197 inter
2287 1139 2552 1198 iuilictam
2585 1142 2852 1214 improbis
2888 1158 3130 1215 patriam,
3160 1152 3215 1200 et
3244 1143 3389 1201 inter
3411 1144 3557 1202 bona
3578 1159 3717 1216 pro-

402 1222 532 1280 σθαι
558 1223 719 1297 λόγον
756 1225 1074 1295 ἑθελόναυν,
1116 1230 1217 1301 τῆς
1246 1248 1308 1285 τε
1338 1235 1453 1297 τοῖς
1484 1222 1677 1299 κακοῗς
1721 1235 2004 1308 ἐπαγομέ-

399 1337 506 1392 νης
534 1321 623 1392 (p.
677 1319 817 1391 570)
867 1324 1177 1403 τιμωρίας,
1229 1326 1327 1381 καὶ
1373 1328 1485 1383 τῶν
1536 1331 1651 1395 τοῖς
1693 1330 2003 1403 εὐγνώμοσι

398 1413 838 1485 περιγινομένων
877 1414 1123 1484 ἀγαθῶν,
1166 1418 1260 1473 καὶ
1291 1418 1402 1473 τῶν
1441 1418 1614 1477 ὄντων
1644 1420 1831 1477 κακῶν
1856 1425 2004 1496 σαφῆ

399 1505 747 1576 ποιουμένων
785 1505 884 1578 τὴν
912 1507 1208 1579 διάκρισιν,
1238 1509 1347 1565 τῶν
1373 1527 1434 1564 τε
1456 1511 1630 1567 όντων
1656 1511 1880 1583 ἀγαθῶν
1907 1516 2005 1570 καὶ

396 1595 512 1651 τῶν
557 1594 727 1651 ὅντων
774 1598 994 1653 κακῶν·
1044 1598 1193 1670 λέγει
1243 1600 1301 1655 δὲ
1348 1601 1445 1656 καὶ
1473 1603 1647 1658 ταῦτα
1691 1604 2005 1670 ἀκολούθως

398 1690 514 1753 τοῖς
543 1686 784 1762 πρόσθεν
814 1689 1076 1763 περὶτῶν
1102 1693 1380 1765 ἐσομένων
1406 1693 1552 1749 κατά
1576 1694 1670 1750 τὸν
1699 1696 1811 1750 τῶν
1843 1698 2006 1759 Max-

2106 1231 2196 1288 bis
2222 1231 2504 1304 impertita
2535 1252 2550 1291 :
2585 1235 2815 1292 omnino
2839 1235 3108 1292 discretio
3137 1235 3245 1293 erit
3260 1235 3409 1293 inter
3429 1237 3627 1305 malos,
3656 1247 3717 1297 et

2111 1321 2259 1379 inter
2282 1323 2479 1382 bonos.
2514 1324 2607 1380 Ait
2637 1332 2824 1382 autem
2856 1325 2973 1383 hac
3007 1334 3384 1383 consentanee
3409 1325 3576 1383 dictis
3611 1342 3713 1385 an-

2102 1418 2197 1472 tea
2235 1413 2304 1472 de
2352 1417 2734 1479 rebusmtate
2784 1416 3229 1475 Maccabasorum
3276 1414 3538 1477 futuris:
3598 1437 3711 1494 quo

2108 1516 2358 1581 tempore
2395 1518 2673 1582 quotquot
2718 1509 2875 1566 fuere
2914 1511 3047 1569 mali
3091 1512 3149 1567 in
3196 1512 3403 1583 populo
3441 1514 3711 1586 gravissi-

2107 1614 2259 1656 mum
2292 1601 2446 1671 passi
2494 1607 2627 1658 sunt
2671 1601 3051 1673 supplicium;
3100 1601 3519 1674 maximumque
3544 1603 3711 1662 vicis-

2106 1689 2213 1745 sim
2247 1691 2399 1746 nacti
2433 1698 2566 1747 sunt
2595 1707 2628 1746 ε
2656 1690 2769 1748 Deo
2787 1692 3056 1749 auxilium
3086 1693 3180 1764 qui
3212 1693 3440 1750 virtutis
3466 1704 3709 1752 sectato-

402 1779 650 1837 καϐαίων
679 1782 895 1853 καιρὸν,
943 1784 1033 1838 ὅτε
1076 1783 1142 1855 δὴ
1189 1785 1428 1857 μάλιστα
1465 1786 1779 1861 βαρυτάτην
1818 1790 1919 1862 μὲν
1951 1791 2001 1845 οί

2106 1798 2198 1841 res
2245 1783 2492 1843 fuerunt.
2541 1785 2726 1854 Quare
2772 1787 2843 1843 ob
2896 1785 3177 1844 dictorum
3223 1788 3707 1847 conﬁrmationem

396 1875 564 1930 κακοὶ
592 1877 690 1930 τοῦ
720 1874 853 1932 λαοῦ
887 1878 988 1950 τὴν
1017 1879 1292 1952 τιμωρίαν
1328 1880 1600 1948 ἐδέξαντο,
1641 1861 1906 1955 μεγίστης
1942 1884 2002 1939 δὲ

2106 1878 2191 1936 sic
2222 1879 2585 1952 prosequitur
2625 1899 2639 1935 :

386 1969 455 2022 ἐν
487 1966 662 2029 ἅπασι
696 1969 794 2039 τῆς
838 1968 990 2035 θείας
1032 1970 1222 2043 ἔτυχον
1268 1975 1445 2045 ῥοπῆς
1472 1974 1524 2031 οἱ
1565 1973 1661 2028 τοῦ
1691 1976 2006 2048 κρείττονος

394 2060 651 2132 ἐρασταί.
683 2060 845 2117 Ὅθεν
878 2063 960 2128 είς
976 2062 1281 2135 βεϐαίωσιν
1312 2064 1421 2119 τῶν
1446 2066 1755 2140 εἰρημένων
1779 2069 2000 2138 ἐπάγει·

1013 2198 1270 2252 ΚΕΦΑΛ.
1302 2201 1377 2255 A'.

465 2330 622 2402 Στίχ.
645 2330 794 2403 α’-β’.
817 2363 885 2376 -—
912 2351 932 2385 ι
961 2331 1087 2386 Ὅτι
1126 2333 1234 2388 ἰδοὺ
1266 2333 1451 2407 ήμέρα
1481 2334 1705 2408 ἔρχεται
1728 2338 2002 2411 καιομένη

384 2421 470 2486 ὡς
499 2420 777 2489 κλίῦανος,
812 2422 910 2478 καὶ
944 2424 1133 2494 φλέξει
1160 2425 1360 2492 αὐτούς
1381 2444 1397 2461 ·
1434 2430 1529 2484 καλ⁵
1556 2429 1770 2484 ἔσονται
1800 2430 2002 2496 πάντες

386 2514 440 2567 oi
469 2511 781 2582 ἀλλογενείς
802 2514 898 2569 καὶ
923 2515 1126 2580 πάντες
1144 2519 1193 2571 οί
1212 2519 1495 2586 ποιοῦντες
1519 2521 1719 2594 ἄνομα,
1749 2521 1995 2595 καλάμη·

386 2606 491 2662 καὶ
516 2604 717 2677 ἀνάψει
742 2607 935 2672 αὐτοὺς
965 2607 998 2680 ὴ
1030 2608 1215 2681 ἡμέρα
1237 2612 1269 2683 ἡ
1299 2612 1592 2685 ἐρχομένη,
1618 2613 1768 2683 λέγει
1793 2612 1997 2687 Κύριος

385 2696 819 2769 παντοκράτωρ·
855 2698 951 2751 καὶ
975 2698 1036 2752 οὐ
1071 2698 1148 2772 μὴ
1184 2700 1482 2775 ὑπολειφθῇ
1509 2704 1691 2759 αὐτῶν
1726 2705 1853 2776 ῥίζα
1877 2705 1999 2761 οὐδὲ

386 2787 608 2861 κλῆμα.
638 2805 662 2841 ›
715 2787 807 2844 Ἐν
849 2790 1043 2863 ἐκείνῳ
1080 2791 1211 2866 γὰρ,
1256 2794 1415 2866 φησὶ,
1462 2795 1543 2868 τῷ
1572 2796 1752 2869 καιρῷ
1788 2795 1865 2862 ὡς
1898 2797 2004 2851 ὑπὸ

384 2882 534 2955 πυρὶ
581 2880 981 2955 φλεχθήσονται
1037 2883 1091 2939 οἰ
1120 2902 1182 2940 τε
1224 2886 1500 2960 ἀλλότριοι
1548 2890 1773 2954 πάντες,
1815 2890 1910 2944 καὶ
1953 2891 2002 2946 οί

390 2975 498 3049 τῆς
537 2976 772 3047 ἀνομίας
804 2978 1038 3049 ἐργάται
1084 2978 1339 3052 καλάμης
1377 2979 1535 3059 δίκην
1566 2981 1672 3035 ὑπὸ
1701 2984 1800 3054 τῆς
1833 2999 2004 3055 προσ-

394 3067 708 3141 πιπτούσης
737 3069 926 3133 αὐτοῖς
955 3067 1348 3141 ἀφανιζόμενοι
1395 3072 1668 3144 τιμωρίας
1692 3074 1841 3128 "atat
1873 3074 2004 3145 περὶ

2640 2178 2655 2186 ’
2731 2197 3089 2258 CAPUTIV.

2179 2336 2341 2395 Vsus.
2362 2339 2416 2405 1,
2439 2336 2492 2393 2.
2508 2371 2580 2387 --
2599 2339 2764 2409 «Quia
2784 2357 2911 2399 ecce
2926 2344 3045 2405 dies
3061 2346 3213 2403 venit
3230 2347 3428 2419 ardens
3449 2350 3590 2408 sicut
3604 2353 3704 2408 cli-

2109 2429 2308 2498 banus,
2334 2439 2389 2487 et
2412 2435 2697 2490 comburet
2722 2450 2837 2492 eos.
2864 2436 3151 2508 Erantque
3174 2455 3366 2497 «nues
3391 2440 3705 2515 alienigena

2109 2536 2408 2596 omnesque
2435 2535 2657 2598 agentes
2684 2527 2891 2598 iniqua,
2923 2529 3064 2587 sicut
3081 2532 3302 2603 stipula.
3325 2532 3393 2591 Et
3411 2534 3708 2591 suecendet

2113 2628 2210 2671 eos
2242 2616 2369 2673 dies
2423 2617 2671 2687 veniens,
2724 2619 2860 2676 dicit
2913 2620 3176 2681 Dominus
3224 2627 3606 2698 omnipotens;
3651 2638 3710 2687 et

2112 2720 2227 2763 non
2258 2709 2533 2777 supererit
2574 2710 3005 2784 illorumtradix
3049 2725 3145 2772 aut
3191 2733 3398 2775 ramus.
3423 2738 3445 2772 ι
3475 2720 3591 2785 Illo,
3623 2720 3707 2775 in-

2104 2800 2249 2870 quit,
2280 2809 2534 2871 tempore
2574 2806 2841 2871 tanquam
2875 2800 2945 2855 ab
2977 2801 3105 2872 igne
3142 2802 3546 2857 comburantur
3570 2803 3711 2860 alie-

2104 2891 2319 2965 nigena:
2354 2906 2585 2961 omnes;
2626 2898 2684 2948 et
2719 2890 2984 2963 nequitiae
3013 2899 3338 2964 operatores
3367 2882 3709 2964 stipulae'in-

2105 2990 2224 3038 star
2277 2998 2308 3039 a
2350 2983 2687 3053 corripiente
2735 2998 2833 3039 eos
2887 2999 3051 3056 poena
3097 2983 3480 3041 destruentur.
3530 2984 3597 3040 Et
3639 2986 3709 3044 de

2104 3074 2377 3146 improbis
2405 3073 2576 3147 388
2608 3073 2830 3145 quidem
2865 3074 2941 3131 ait
2975 3076 3111 3132 haec.
3154 3075 3231 3133 De
3270 3076 3550 3133 timoratis
3573 3092 3707 3133 vero

391 3162 501 3235 μὲν
552 3158 647 3219 οὖν
686 3162 817 3229 τοὺς
847 3156 1052 3229 κακοὺς
1089 3161 1266 3218 ταῦτά
1303 3179 1471 3234 φησι·
1515 3167 1628 3229 τοῖς
1677 3163 1737 3218 δὲ
1793 3164 1995 3237 φοϐου-

2106 3166 2279 3238 quid?
2299 3185 2320 3220 ι
2346 3165 2418 3223 Ει
2438 3168 2649 3224 orietur
2665 3166 2822 3224 vobis
2841 3167 3165 3226 timentibus
3192 3184 3393 3225 nomen
3416 3185 3598 3227 meum
3627 3172 3709 3228 soi

389 3254 589 3326 μένοις
620 3254 713 3322 τίς
761 3273 781 3307 ι
826 3253 941 3309 Καὶ
969 3254 1221 3310 ἀνατελεῖ
1247 3254 1377 3327 ὑμῖν
1410 3257 1526 3320 τοῖς
1552 3255 1910 3330 φοϐουμένοις
1938 3258 2002 3313 τὸ

384 3349 571 3421 ὕνομά
599 3365 703 3421 μου
736 3350 888 3422 ἥλιος
911 3347 1283 3420 δικαιοσύνης,
1322 3351 1421 3405 καὶ¹
1447 3350 1591 3416 ἴασις
1625 3353 1683 3405 ὲν
1711 3354 1833 3417 ταῖς
1867 3351 2001 3408 πτέ-

386 3442 556 3516 ρυξιν
595 3441 788 3499 αὐτοῦ.
819 3460 842 3496 ι
911 3442 1073 3514 Ὑμῖν
1101 3442 1159 3497 δὲ
1202 3438 1374 3516 πολλὴ
1407 3444 1507 3516 μὲν
1549 3444 1837 3517 περιέσται
1864 3445 2006 3518 λαμ-

384 3534 609 3606 πρότης
640 3533 866 3600 δικαίως
910 3534 1038 3605 ὑμῖν
1082 3533 1237 3608 παρά
1284 3532 1378 3589 τοῦ
1429 3532 1565 3589 Θεοῦ
1617 3536 2001 3609 χορηγουμὲνη

387 3626 542 3698 ὑπὲρ
599 3625 701 3697 τῆς
759 3626 840 3691 είς
884 3624 1050 3680 αὐτὸν
1107 3624 1359 3690 εὐνοίας·
1406 3625 1713 3694 ἀπαλλάξει
1750 3626 1808 3681 δὲ
1857 3627 2003 3698 ὑμᾶς

386 3718 605 3786 παντὸς
625 3717 823 3787 κακοῦ,
850 3720 1041 3793 ῶσπερ
1066 3720 1179 3774 τισὶ
1201 3718 1432 3792 πτέρυξι
1451 3722 1520 3793 τῇ
1548 3719 1851 3794 κηδεμονίᾳ
1879 3721 2002 3777 σκέο

387 3830 520 3872 πων
548 3816 615 3887 τῇ
649 3812 862 3886 οίκεία·
898 3813 996 3885 (p.
1032 3813 1133 3869 571
1160 3812 1181 3885 )
1209 3812 1305 3868 καὶ
1338 3812 1588 3877 διοίσετε,
1615 3812 1805 3884 φησὶν,
1851 3811 2005 3866 οὐδὲν

392 3906 727 3981 μοσχαρίων
757 3904 1141 3961 ἀπολυθέντων
1161 3922 1226 3959 τε
1245 3906 1313 3959 ὲκ
1339 3904 1557 3975 δεσμῶν
1585 3904 1680 3959 καὶ
1711 3902 1852 3976 μετά
1876 3901 2007 3958 πολ-

386 3998 500 4071 λῆς
531 3996 884 4071 σκιρτῶντων
910 3997 1011 4070 τῆς
1041 3997 1234 4069 ἡδονῆς
1251 4016 1267 4031 ·
1295 3997 1605 4069 κρατήσετε
1633 3995 1745 4069 γὰρ
1767 3995 1864 4051 καὶ
1895 3994 2004 4050 τῶν

388 4092 892 4165 παρανομούντων,
907 4090 955 4146 οἳ
981 4090 1175 4148 σποδοῦ
1201 4089 1358 4163 δίκην
1387 4089 1494 4145 ὑπὸ
1524 4091 1638 4156 τοῖς
1671 4089 1831 4159 ποσὶν
1855 4087 2005 4143 ἔσον-

385 4204 492 4243 ται
517 4190 632 4253 τοῖς
656 4186 970 4258 ὑμετέροις,
993 4183 1136 4239 κατὰ
1159 4184 1252 4238 τὸν
1275 4183 1466 4255 καιρὸν
1490 4184 1697 4237 ἐκεῖνον
1721 4182 1842 4238 οὐδὲ
1876 4183 2004 4254 μιᾶς

388 4279 727 4354 ἐπιμελείας
751 4281 786 4352 ἡ
817 4296 964 4343 τινος
992 4275 1311 4349 ἀξιούμενοι
1335 4274 1677 4349 διορθώσεως
1705 4275 1788 4331 ἐτι
1813 4292 1828 4307 ·
1854 4275 2003 4344 λέγει

388 4374 458 4430 δὲ
503 4372 711 4440 ταῦτα,
758 4372 835 4438 ὡς
863 4370 1124 4437 πολλάκις
1165 4369 1323 4443 ἔφην,
1364 4369 1459 4424 ἐπὶ
1499 4368 1593 4424 τοῦ
1622 4366 1818 4440 καιροῦ
1843 4384 2004 4439 γεγο-

388 4467 532 4524 νότα
570 4466 683 4521 τῶν
724 4465 1125 4531 Μακκαϐαίων,
1167 4464 1404 4538 ὁπηνίκα
1434 4464 1534 4537 τὴν
1567 4460 1765 4517 ἑαυτοῦ
1821 4477 2003 4534 παρα⁴

2100 3261 2357 3333 Ῑιιειὶιῑαι,
2389 3269 2445 3317 et
2474 3261 2686 3319 sanitas
2713 3261 2771 3317 in
2793 3262 2994 3334 pennis
3025 3262 3170 3333 ejus.
3214 3282 3232 3316 ο
3276 3259 3451 3321 Vobis
3479 3264 3707 3337 quidem

2102 3354 2300 3420 multa,
2331 3360 2392 3408 ut
2416 3367 2516 3425 par
2540 3359 2647 3421 est,
2664 3354 2843 3426 gloria
2864 3354 2994 3420 erit,
3029 3371 3061 3411 a
3089 3353 3199 3412 Deo
3219 3363 3447 3429 propter
3465 3367 3704 3420 vestram

2103 3457 2235 3514 erga
2267 3457 2394 3499 eum
2438 3442 2882 3501 benevolentiam
2931 3460 3221 3503 concessa.
3276 3444 3414 3504 Tum
3466 3458 3521 3504 et
3558 3450 3709 3505 omni

2098 3536 2253 3595 rmalo
2293 3535 2572 3608 expediet,
2606 3537 2712 3593 alis
2740 3537 2912 3595 veluti
2946 3538 3304 3609 providentia
3349 3556 3449 3596 sua
3486 3548 3704 3613 tegens.

2102 3627 2365 3702 Nihilque
2425 3628 2696 3687 diﬂ‘eretis
2760 3645 2794 3685 a
2851 3631 3044 3689 vitulis
3092 3635 3189 3705 qui
3245 3633 3485 3691 vinculis
3537 3635 3708 3691 soluti

2106 3723 2279 3779 multa
2343 3737 2470 3781 cum
2545 3724 2829 3796 voluptate
2904 3716 3191 3785 exsiliunt.
3275 3724 3707 3783 Dominabimini

2104 3815 2272 3872 etiam
2305 3814 2538 3887 iniquis,
2567 3816 2661 3888 qui
2692 3815 2856 3888 quasi
2902 3816 3046 3873 cinis
3069 3816 3304 3889 pedibus
3333 3817 3537 3873 vestris
3572 3816 3707 3873 sub-

2104 3915 2290 3975 erunt,
2326 3908 2459 3980 quia
2508 3909 2603 3965 illo
2631 3917 2886 3981 tempore
2925 3924 3063 3966 cura
3100 3925 3223 3967 mea
3258 3910 3410 3966 nulla
3439 3911 3525 3967 vel
3552 3910 3703 3968 leva-

2105 4006 2293 4057 mento
2333 4000 2485 4073 digni
2524 4000 2902 4058 habebuntur.
2945 4000 3075 4059 Haec
3107 4010 3290 4060 autem
3322 4004 3422 4068 ait,
3466 4010 3524 4061 ut
3561 4019 3708 4077 saepe

2105 4093 2244 4154 dixi.
2285 4094 2355 4152 de
2395 4095 2566 4153 rebus
2607 4111 2731 4168 qua:
2763 4094 3199 4153 Maccabasorum
3235 4106 3485 4169 tempore
3522 4098 3703 4154 couti-

2105 4194 2328 4258 gerunt,
2358 4202 2486 4243 eum
2522 4203 2685 4245 suum
2732 4190 2986 4262 praebens
3016 4190 3285 4246 auxilium
3325 4188 3490 4258 Deus,
3530 4191 3708 4247 malos

2107 4293 2269 4351 ptena
2315 4280 2614 4351 implicuit,
2660 4281 2716 4337 in
2752 4282 2957 4338 solatio
2992 4289 3177 4337 autem
3231 4288 3289 4338 et
3334 4283 3705 4354 prosperitate

2104 4385 2202 4428 eos
2236 4372 2527 4428 constituit
2575 4372 2671 4445 qui
2720 4373 2871 4445 leges
2914 4373 3090 4445 ipsius
3135 4374 3500 4445 protegebant
3543 4390 3558 4428 :
3607 4377 3704 4446 qui

2106 4474 2257 4521 certe
2290 4465 2629 4536 puniverunt
2661 4470 2826 4536 atque
2859 4464 3199 4521 domuerunt
3245 4466 3478 4522 omnino
3507 4466 3702 4523 adver-

318 4550 327 4553 ’
394 4559 551 4633 σχὼν
591 4559 765 4636 ῥοπὴν
807 4559 837 4612 ό
865 4558 1000 4624 Θεὸς
1035 4558 1418 4630 ἐτιμωρήσατο
1461 4555 1561 4628 μὲν
1606 4556 1734 4620 τοὺς
1771 4554 1996 4618 κακοὺς,

2106 4559 2283 4614 sarius
2303 4575 2460 4625 suos,
2479 4574 2677 4625 none:
2705 4558 3031 4629 alienigenis
3055 4565 3295 4627 tantum,
3319 4574 3511 4615 verum
3532 4561 3699 4615 etiam

390 4658 460 4710 ὲν
489 4652 676 4707 ἀνέσει
704 4652 762 4706 δὲ
791 4652 888 4707 καὶ
913 4650 1191 4723 εὐπραγίᾳ
1211 4649 1517 4719 κατέστησε
1544 4648 1671 4711 τοὺς
1694 4645 1805 4702 τῶν
1831 4645 2001 4702 αὐτοῦ

391 4742 653 4815 νομίμων
706 4740 1133 4813 ἀντεχομένους·
1191 4740 1243 4793 οἳ
1289 4739 1383 4795 καὶ
1441 4739 1857 4811 ἐτιμωρήσαντο
1905 4737 2003 4791 καὶ

390 4836 824 4908 κατεκράτησαν
852 4833 1133 4898 παντελῶς
1165 4832 1276 4888 τῶν
1307 4832 1586 4897 ἐναντίων,
1620 4832 1682 4885 οὐ
1712 4830 1823 4885 τῶν
1848 4831 2002 4902 παρά

389 4931 511 4994 τοῖς
533 4928 836 5001 ἀλλοτρίοις
861 4928 1043 5000 μόνον,
1075 4927 1213 4982 ἀλλὰ
1243 4926 1355 4998 γὰρ
1373 4928 1468 4981 καὶ
1487 4924 1597 4979 τῶν
1621 4925 1839 4979 οἰκείων
1859 4941 1873 4955 ·
1903 4923 2002 4993 ἀφ’

389 5015 478 5079 ὧν
508 5021 577 5095 δὴ
603 5022 700 5077 καὶ
737 5021 900 5093 δῆλον
923 5021 1130 5076 ἅπασιν
1158 5020 1375 5090 ἐγένετο
1397 5020 1520 5074 ὅσον
1544 5019 1666 5073 ἐστὶ
1700 5018 1763 5073 τὸ
1793 5017 2000 5089 μεταξύ

391 5113 508 5170 τῶν
540 5132 601 5171 τε
644 5114 1010 5169 δουλευόντων
1053 5111 1195 5185 Θεῷ,
1241 5113 1337 5167 καὶ
1386 5112 1495 5166 τῶν
1546 5111 1811 5166 τάναντία
1865 5127 2002 5182 φρο-

392 5207 659 5274 νούντων,
680 5206 774 5277 ἀφ’
798 5199 874 5259 ὧν
901 5206 951 5260 οἱ
979 5206 1076 5277 μὲν
1108 5204 1421 5277 βαρυτάτην
1442 5202 1690 5268 ἐδέξαντο
1705 5205 2000 5275 τιμωρίαν,

392 5301 449 5356 οἱ
479 5299 537 5355 δὲ
567 5301 626 5354 ὲν
666 5299 897 5371 εὐθηνίᾳ
927 5316 988 5353 τε
1020 5299 1116 5353 καὶ
1155 5296 1436 5370 εὐπραγίᾳ
1465 5297 1810 5366 κατέστησαν
1854 5296 2006 5351 πλεί-

2105 4667 2171 4707 ex
2209 4650 2581 4724 popularibus
2610 4651 2752 4708 suis.
2788 4651 2869 4708 Ex
2911 4668 3021 4724 quo
3051 4651 3269 4708 cunctis
3302 4652 3544 4708 innotuit
3568 4653 3705 4724 quid

2105 4743 2404 4799 interesset
2436 4743 2584 4798 inter
2608 4741 2720 4800 Deo
2749 4743 3078 4807 servientes,
3104 4750 3157 4799 et
3178 4742 3324 4799 inter
3354 4745 3703 4799 contrarium

2103 4843 2367 4908 agentes;
2426 4850 2538 4908 qua
2590 4834 2659 4892 de
2713 4850 2884 4892 causa
2934 4835 2990 4891 lii
3043 4836 3429 4908 gravissimam
3482 4851 3700 4908 pinnam

2105 4928 2473 5001 pertulerunt,
2516 4928 2598 4983 illi
2651 4936 2836 4984 autem
2870 4942 3165 4999 prosperos
3198 4943 3496 4986 successus
3532 4926 3706 4985 felici—

2104 5028 2387 5090 tatemque
2408 5019 2704 5091 plurimam
2727 5019 2877 5075 nacti
2902 5029 3050 5076 sunt.
3078 5018 3141 5074 Et
3168 5020 3457 5092 prophetia
3478 5020 3704 5091 quidem

2107 5109 2253 5167 beati
2278 5112 2477 5181 Angeli
2506 5112 2584 5167 ita
2606 5127 2667 5167 se
2688 5112 2906 5178 habuit,
2937 5126 3102 5183 quam
3139 5110 3207 5166 de
3232 5112 3398 5168 rebus
3431 5120 3542 5167 tum
3573 5119 3703 5167 teta-

2107 5214 2162 5261 te
2194 5204 2312 5270 illa,
2347 5212 2465 5259 tum
2496 5203 2600 5261 sub
2623 5202 2975 5269 Maccabaeis,
3000 5204 3070 5259 ad
3103 5201 3384 5260 lsraelitas
3416 5205 3701 5274 pertinen—

2109 5298 2258 5353 tibus
2291 5295 2444 5353 fecit.

395 5409 527 5465 στῃ.
575 5394 640 5449 Ἡ
688 5364 800 5467 μὲν.
826 5364 884 5450 δέ
928 5394 1070 5466 πρὸς
1148 5364 1278 5447 τὸν-
1314 5364 1445 5446 λαὸν
1489 5364 1799 5464 προφητεία
1861 5391 1953 5446 τοῦ
2005 5392 2279 5465 μακαρίου
2329 5391 2586 5462 Ἀγγέλου
2626 5390 2816 5445 τοῦτον
2858 5390 2984 5462 ἔσχε
3035 5389 3127 5443 τὸν
3194 5388 3416 5460 τρόπον,
3466 5389 3531 5459 ἢν
3575 5394 3705 5459 περὶ
3742 5364 3751 5372 ⁸

390 5490 508 5547 τῶν
541 5491 727 5557 αὐτοῖς
754 5493 1146 5564 προσηκόντων
1175 5489 1320 5544 κατά
1344 5505 1404 5543 τε
1423 5488 1517 5542 τὸν
1543 5487 1733 5560 καιρὸν
1763 5488 1991 5556 ἐκεῖνον,
2033 5489 2178 5544 κατά
2208 5506 2269 5543 τε
2303 5487 2397 5543 τὸν
2424 5487 2531 5543 τῶν
2559 5486 2936 5545 Μακκαόαίων
2964 5485 3280 5555 ἐποιήσατο.

482 5584 710 5658 Ἐπειδὴ
772 5585 831 5640 δὲ
884 5585 1196 5648 τελευταῖος
1237 5582 1413 5646 οὕτως
1456 5582 1676 5651 ἐγένετο
1719 5582 2006 5654 προφήτης

398 5680 662 5734 ἀπάντων
708 5678 821 5734 τῶν
875 5680 1068 5752 γραφῇ
1118 5677 1219 5743 τάς
1262 5675 1473 5731 ἑαυτῶν
1535 5675 2005 5748 παραδεδωκότων

402 5769 777 5841 προφητείας,
809 5769 990 5835 καλῶς
1022 5768 1168 5843 ἔχειν
1202 5770 1448 5840 ἡγήσατο
1479 5766 1664 5821 λοιπὸν
1697 5765 1868 5831 δεῖξαι
1904 5766 2004 5839 μὲν

401 5863 498 5918 τοῦ
539 5862 706 5936 νόμου
752 5863 849 5937 τήν
898 5862 1218 5928 κατάλυσιν,
1264 5861 1436 5930 δεῖξαι
1478 5860 1535 5917 δὲ
1570 5860 1636 5918 τὰ
1668 5858 1804 5932 μετά
1844 5858 2005 5916 τοῦτο

2185 5581 2325 5648 Quia
2394 5595 2528 5636 vero
2592 5586 2912 5650 postremus
2971 5577 3062 5633 hic
3108 5578 3356 5632 onmium
3403 5577 3704 5648 propheta-

2113 5689 2236 5729 rum
2288 5672 2415 5740 fuit,
2465 5672 2560 5744 qui
2592 5687 2723 5729 suas
2750 5672 2959 5743 scripto
3001 5671 3320 5743 prophetias
3344 5671 3701 5734 mandarunt,

2112 5776 2262 5831 recte
2288 5784 2348 5825 se
2378 5767 2567 5823 facere
2605 5765 2879 5847 judicavit
2910 5765 3349 5822 demonstrando
3380 5764 3579 5821 deinde
3628 5766 3706 5819 Ie-

2112 5863 2196 5938 gis
2224 5862 2619 5933 cessationem,
2651 5867 2705 5919 et
2733 5875 2854 5934 quae
2885 5868 3077 5934 postea
3101 5866 3289 5921 essent
3308 5865 3700 5917 consecutura.
