4162 6474
1697 359 2052 416 ἸΙΙΕΟΗΟΜ
2082 361 2104 415 ι

2211 356 2446 418 ’SUEST
2456 358 2564 414 ENI
3681 361 3786 414 652

516 508 535 542 ι
578 489 906 544 Mementote
932 487 1071 557 legis
1102 484 1307 557 Moysis
1339 485 1484 540 servi
1531 485 1660 551 mei,
1700 485 1845 540 sicut
1874 486 1922 540 ei
1952 499 2093 556 βεεν

2211 484 2466 555 ἑσόμενα’
2517 484 2598 536 διό
2648 501 2780 556 φησι
2829 483 3009 555 (Στίχ.
3046 481 3160 552 ς⁴)’
3221 501 3240 536 ι
3286 483 3580 555 Μνήσθητε
3626 485 3792 555 νόμου

510 581 628 650 cepi
664 582 717 634 in
759 578 978 635 Choreb
1020 577 1090 632 ad
1138 578 1459 633 universum
1527 575 1782 633 lsraelem
1845 576 2103 631 mandata

2211 577 2379 646 Μωσῆ
2417 576 2512 631 τοῦ
2542 576 2726 630 δούλου
2763 593 2886 647 μου,
2920 576 3108 631 καθότι
3139 579 3493 647 ἐνετειλάμην
3521 578 3616 647 (p.
3651 577 3792 646 572)

508 668 1036 740 etjustiileationes.
1072 667 1138 721 Et
1177 682 1309 723 ecce
1339 681 1444 738 ego
1473 666 1688 722 mittam
1731 664 1892 720 vobis
1927 663 2101 718 Eliam

2211 669 2355 740 αὐτῷ
2385 671 2443 722 ἐν
2489 669 2693 741 Χωρὴϐ
2753 671 2892 741 πρὸς
2939 670 3116 724 πάντα
3160 670 3252 724 τὸν
3294 669 3508 742 Ἰσραὴλ
3556 672 3795 742 προστά-

509 759 853 826 Tlieshitem,
900 768 1030 815 ante
1073 773 1243 830 quam
1287 759 1474 814 veniat
1507 757 1626 814 dies
1656 756 1875 812 Domini
1907 771 2103 828 magna

2211 777 2394 831 γματα
2419 762 2512 814 καὶ
2549 761 2914 834 δικαιώματα,
2941 764 3036 817 καὶ
3072 764 3180 817 ἰδοὺ
3213 763 3325 833 ἐγὼ
3349 765 3636 818 ἀποστελῶ
3666 765 3794 836 ὑμῖν

508 861 563 906 et
593 853 856 919 illustris,
892 853 986 922 qui
1012 851 1394 907 reconciliabit
1421 865 1518 906 cor
1546 850 1719 922 patris
1742 865 1873 922 erga
1908 850 2101 915 (ilium,

2217 852 2405 908 Ἠλίαν
2434 854 2525 907 τὸν
2554 853 2840 926 Θεσϐίτην,
2876 857 3008 927 πρὶν
3045 856 3077 927 ἢ
3113 855 3289 910 ἐλθεῖν
3308 858 3405 928 τὴν
3441 857 3653 929 ἡμέραν
3680 859 3796 911 Ku-

511 954 563 1000 et
593 960 691 1000 cor
719 945 961 1000 hominis
977 960 1108 1015 erga
1133 944 1442 1015 proximum
1463 959 1646 1006 suum,
1673 959 1740 998 ne
1756 957 1856 1014 ego
1878 943 2104 998 veniens

2211 944 2323 1016 ρίου
2372 946 2472 1016 τὴν
2527 946 2771 1019 μεγάλην
2820 949 2911 1000 καὶ
2947 948 3224 1019 ἐπιφανῆ,
3269 948 3329 1012 ὃς
3354 949 3794 1020 ἀποκαταστήσει

512 373 609 425 ϋῦἰ

513 1036 762 1092 funditus
826 1036 1011 1090 omnia
1052 1036 1376 1106 percutiam.
1430 1053 1448 1086 ι
1505 1033 1672 1105 389
1711 1031 2100 1088 Verumtamen

510 1136 711 1200 praeter
738 1128 923 1183 omnia
954 1143 1077 1198 qua:
1104 1127 1250 1182 dicta
1282 1126 1528 1192 fuerunt,
1571 1127 1678 1181 hoe
1698 1126 1854 1180 vobis
1880 1133 2102 1196 postre-

513 1236 660 1276 mum
697 1220 1016 1274 mandatum
1063 1220 1244 1286 trado,
1281 1228 1340 1274 ut
1381 1220 1520 1290 legis
1551 1233 1687 1273 mea:
1712 1233 1984 1274 memores
2028 1219 2104 1274 si-

511 1317 607 1379 tis,
640 1331 803 1385 quam
850 1330 946 1385 per
985 1313 1228 1386 Moysem
1279 1313 1544 1368 universo
1591 1311 1786 1368 lsraeli
1840 1311 2103 1382 imposui,

511 1423 854 1478 quaecunque
893 1407 962 1462 ab
1009 1421 1076 1462 eo
1143 1405 1262 1461 ﬁeri
1321 1413 1604 1476 oporteret
1654 1403 1948 1460 manifeste
1988 1405 2106 1460 edi-

513 1517 668 1556 cens.
703 1498 794 1554 Sic
821 1514 951 1570 ergo
998 1499 1052 1553 in
1104 1499 1299 1570 primis
1349 1497 1678 1553 obedientiaa
1711 1497 1915 1553 dabitis
1962 1495 2107 1551 indi-

512 1595 686 1659 cium,
710 1593 755 1648 si
783 1591 1077 1648 Dominum
1106 1593 1413 1648 venientem
1437 1590 1767 1661 exceperitis
1795 1589 2102 1653 Christum,

512 1685 607 1755 qui
641 1691 867 1756 propter
899 1685 1145 1739 omnium
1182 1683 1467 1738 hominum
1496 1682 1730 1739 salutem
1772 1681 2101 1752 apparebit;

514 1779 717 1850 quique
765 1778 868 1848 legi
909 1777 1070 1832 finem
1119 1777 1383 1846 imponet,
1438 1783 1492 1832 et
1537 1773 1927 1846 perfectionem
1974 1789 2102 1844 pro-

513 1869 688 1939 priam
721 1868 1146 1924 demonstrabit.
1177 1865 1437 1923 Profecto
1467 1867 1604 1922 bene
1635 1864 1832 1921 fuisset
1860 1879 1960 1920 vos
1991 1873 2102 1920 sta-

513 1963 633 2025 tim,
657 1969 710 2017 et
749 1961 802 2015 in
834 1961 1011 2030 primo
1045 1960 1166 2031 ejus
1205 1960 1444 2015 adventu
1486 1957 1734 2020 credere,
1760 1966 1923 2027 atque
1954 1957 2102 2010 hunc

513 2069 813 2125 agnoscere
839 2053 993 2108 illum
1024 2067 1151 2108 esse
1209 2068 1372 2123 quem
1403 2051 1620 2122 Moyses
1645 2050 1945 2120 cunctique
1975 2063 2102 2117 pro-

515 2144 688 2214 pheta:
723 2143 1040 2207 innuerant,
1081 2141 1242 2197 finem
1274 2141 1379 2210 legi
1412 2140 1830 2209 impositurum,
1865 2147 1917 2192 et
1949 2153 2102 2192 com-

514 2250 736 2289 munem
767 2234 1014 2290 omnium
1048 2233 1228 2303 palam
1256 2231 1577 2287 eﬂ‘ecturum
1609 2231 1844 2287 salutem
1870 2247 1883 2283 :
1911 2244 1974 2284 ex
1994 2245 2104 2299 quo

511 2325 650 2382 illud
685 2341 911 2396 quoque
960 2325 1220 2380 omnibus
1273 2324 1629 2388 innotuisset,
1669 2323 1772 2378 hoc
1805 2337 1928 2377 esse
1956 2335 2104 2376 tneo-

513 2417 712 2472 nomie
765 2417 935 2472 totius
991 2416 1133 2488 legis
1195 2425 1361 2487 caput
1411 2417 1823 2486 maximumque
1876 2415 2101 2481 bonum,

514 2521 710 2577 nempe
749 2515 807 2561 ut
849 2519 1042 2563 omnes
1089 2506 1342 2562 homines
1387 2507 1453 2560 ad
1479 2504 1762 2562 Christum
1809 2503 2102 2558 Dominum

512 2598 944 2665 adducerentur,
987 2599 1083 2671 qui
1129 2600 1268 2654 tanti
1293 2599 1426 2655 boni
1467 2598 1646 2670 gratia
1701 2606 1950 2668 tempore
1999 2611 2105 2652 suo

512 2692 850 2749 adventuros
883 2700 1020 2748 erat.
1065 2690 1174 2748 Sed
1208 2693 1336 2762 quia
1372 2692 1633 2762 praesenti
1664 2690 1742 2744 illi
1767 2689 2104 2746 malevolen-

511 2785 645 2840 tiam
694 2793 934 2842 vestram
969 2785 1300 2850 ostendetis,
1354 2784 1556 2840 beatus
1598 2782 1666 2837 ad
1719 2796 1821 2838 vos
1859 2782 2108 2836 mittetur

512 2876 687 2943 Elias,
733 2884 863 2931 ante
903 2874 1209 2932 secundum
1259 2874 1469 2930 Christi
1535 2871 1749 2928 Domini
1808 2871 2106 2926 adventum

513 2967 610 3038 qni
645 2968 712 3023 de
739 2968 882 3024 caelo
911 2968 1130 3023 futurus
1161 2975 1266 3032 est,
1297 2974 1359 3022 ut
1389 2981 1487 3023 eos
1509 2965 1603 3036 qui
1630 2964 1916 3035 religionis
1942 2978 2106 3020 causa

515 3058 660 3113 inter
691 3073 750 3113 se
780 3057 1056 3114 dissident
1087 3057 1328 3127 c0pulet,
1358 3071 1461 3111 nec
1495 3071 1607 3112 non
1643 3062 1701 3108 ut
1725 3062 1981 3125 parentes
2009 3067 2108 3124 per

517 3148 696 3220 ipsius
723 3148 1006 3220 religionis
1029 3148 1281 3206 notitiam
1329 3147 1397 3203 ad
1423 3146 1778 3203 concordiam
1813 3160 1940 3200 cum
1973 3145 2107 3200 libe-

522 3242 605 3297 ris
640 3241 946 3312 pertrahat,
985 3241 1319 3297 dissidentes
1350 3251 1510 3298 antea
1534 3239 1784 3310 ejusdem
1821 3237 2105 3310 religionis

519 3346 688 3387 causa
717 3349 732 3386 :
758 3333 812 3386 in
847 3346 1086 3396 summa,
1119 3340 1180 3387 ut
1203 3347 1397 3390 omnes
1429 3332 1681 3387 homines
1724 3347 1835 3385 uno
1878 3331 2107 3385 eodem-

518 3437 627 3494 que
651 3423 874 3479 vinculo
927 3423 1316 3495 constringat:
1366 3425 1441 3478 ita
1485 3433 1544 3478 ut
1579 3424 1673 3494 qui
1706 3430 1841 3478 tunc
1901 3422 2107 3478 inventi

519 3515 729 3571 fuerint
764 3514 1080 3587 irreligiosi,
1128 3517 1198 3572 ab
1246 3531 1313 3572 eo
1358 3517 1608 3571 notitiam
1642 3515 1897 3570 veritatis
1928 3513 2110 3570 susci-

519 3607 692 3678 piant,
737 3614 940 3662 etcum
975 3607 1255 3678 religiosis
1301 3606 1567 3679 deinceps
1601 3607 1942 3676 conspirent.
1983 3605 2111 3660 Haec

518 3696 682 3753 faciet
720 3697 814 3768 qui
856 3699 1104 3753 omnium
1151 3699 1439 3754 hominum
1484 3699 1681 3756 salutis
1731 3713 1922 3754 curam
1967 3695 2108 3768 gerit

519 3788 697 3856 Deus;
731 3805 799 3844 ne
827 3788 969 3844 forte
1005 3791 1062 3846 in
1094 3790 1374 3862 impietate
1399 3799 1836 3863 perseverantes,
1865 3797 2109 3845 tremen-

517 3879 648 3935 dum
678 3881 972 3936 adventum
1001 3883 1126 3952 ejus
1151 3885 1526 3954 experiantur,
1562 3883 1658 3956 qui
1693 3881 1762 3937 ad
1785 3896 2104 3952 supremum

516 3971 895 4041 improborum
926 3973 1154 4030 exitium
1189 3973 1298 4030 fiet.

2205 1041 2436 1114 καρδίαν
2483 1042 2690 1112 πατρὸς
2729 1041 2866 1113 πρὸς
2895 1042 3031 1109 υἰὺν,
3082 1043 3178 1095 καὶ
3225 1043 3453 1112 καρδίαν
3503 1041 3793 1114 ἀνθρώπου

2203 1132 2346 1203 πρὸς
2377 1132 2468 1185 τὸν
2497 1131 2726 1201 πλησίον
2765 1131 2952 1198 αὐτοῦ,
2993 1132 3068 1204 μὴ
3100 1132 3272 1188 ἐλθὼν
3302 1132 3528 1197 πατάξω
3560 1133 3658 1204 τὴν
3686 1133 3794 1203 γῆν

2206 1221 2397 1292 ἄρδην.
2439 1241 2458 1273 ι
2507 1220 2668 1276 Ἀλλά
2697 1223 2805 1292 γάρ
2834 1223 2917 1290 ἐφ’
2946 1221 3117 1276 ἅπασι
3151 1225 3261 1287 τοῖς
3291 1224 3600 1296 εἰρημένοις
3631 1225 3796 1295 ἐσχά-

2205 1329 2307 1383 την
2339 1312 2543 1384 ταύτην
2579 1313 2707 1383 ὑμῖν
2737 1314 3084 1386 παραδίδωμι
3116 1315 3215 1387 τὴν
3245 1315 3487 1386 ἐντολὴν,
3527 1316 3593 1369 ἵν’
3632 1316 3794 1386 ἔχητε

2207 1404 2298 1458 τὸν
2325 1405 2488 1476 νόμον
2531 1409 2588 1458 ἐν
2629 1408 2822 1479 μνήμῃ
2852 1407 2945 1460 τὸν
2999 1407 3149 1477 ἐμὸν,
3198 1409 3258 1460 ὃν
3295 1408 3383 1460 διὰ
3408 1407 3503 1460 τοῦ
3550 1408 3796 1471 Μωσέως

2208 1497 2345 1569 πρὸς
2383 1497 2599 1551 ἅπαντα
2635 1497 2843 1550 δέδωκα
2885 1497 2975 1550 τὸν
3035 1497 3272 1570 Ἰσραὴλ,
3319 1498 3476 1552 ᾶτινα
3532 1498 3795 1568 πράττειν

2207 1593 2404 1655 αὐτοὺς
2446 1591 2529 1659 ἐφ’
2556 1589 2774 1660 ἑκάστῳ
2803 1589 2930 1661 χρὴ,
2961 1590 3148 1659 σαφῶς
3183 1589 3447 1662 εἰρηκώςο
3484 1589 3674 1661 ῶσπερ
3700 1586 3794 1644 οὖν

2209 1683 2447 1754 πρῶτον,
2489 1682 2583 1734 τοῦ
2623 1681 2907 1734 πείθεσθαι
2965 1680 3232 1752 παρέξετε
3263 1682 3571 1753 γνώρισμα,
3607 1682 3666 1734 τὸ
3704 1682 3796 1734 τὸν

2210 1777 2487 1846 Δεσπότην
2519 1775 2932 1844 παραγεγονότα
2959 1774 3216 1839 δέξασθαι
3243 1775 3496 1846 Χριστὸν,
3529 1775 3669 1846 ὑπὲρ
3699 1778 3796 1846 τῆς

2211 1866 2466 1920 ἁπάντων
2491 1862 2792 1934 ἀνθρώπων
2820 1865 3154 1936 φανούμενον
3179 1867 3473 1938 σωτηρίας,
3505 1868 3564 1932 ὃς
3595 1868 3796 1922 παύσει

2213 1955 2310 2024 μὲν
2338 1955 2429 2007 τὸν
2447 1955 2628 2025 νόμον,
2657 1956 2884 2023 ἐκφανεῖ
2902 1954 2958 2006 δὲ
2983 1954 3081 2026 τὴν
3101 1955 3415 2027 τελειότητα
3443 1956 3540 2026 τὴν
3560 1957 3794 2010 οἰκείαν·

2211 2048 2347 2118 ὅπερ
2383 2042 2476 2100 οὖν
2511 2045 2690 2110 καλῶς
2720 2047 2818 2116 μὲν
2847 2042 2989 2116 εἶχεν
3021 2048 3166 2117 ὑμᾶς
3195 2047 3324 2100 εὐθὺ
3356 2047 3450 2101 καὶ
3477 2049 3618 2102 κατά
3649 2047 3799 2120 πρώ-

2210 2156 2310 2203 τας
2339 2139 2560 2209 φανέντι
2593 2139 2906 2204 πιστεῦσαι,
2939 2141 3031 2192 καί
3054 2141 3256 2209 γνῶναι
3289 2140 3478 2194 τοῦτον
3500 2142 3628 2195 ὄντα
3653 2142 3799 2195 ἐκεῖ·

2217 2244 2308 2280 νον
2355 2227 2414 2280 ὃν
2455 2227 2659 2298 Μωσῆς
2696 2246 2754 2282 τε
2791 2229 2887 2282 καὶ
2916 2230 3115 2293 πάντες
3148 2232 3380 2302 ἐμήνυον
3411 2233 3461 2284 οἰ
3493 2232 3796 2304 προφῆται,

2209 2318 2366 2382 τέλος
2398 2319 2496 2389 μὲν
2523 2319 2857 2390 ἐπιθήσοντα
2889 2320 2967 2391 τῷ
2993 2323 3162 2393 νόμῳ,
3193 2323 3292 2393 τὴν
3325 2323 3510 2395 κοινὴν
3539 2324 3596 2377 δὲ
3627 2324 3800 2378 ἁπάν-

2210 2426 2319 2463 των
2364 2409 2753 2480 ἐκκαλύψοντα
2809 2413 3122 2484 σωτηρίανο
3173 2413 3314 2467 ὥστε
3368 2417 3590 2469 κάκεῖνο
3643 2415 3798 2485 δῆλον

2213 2500 2417 2555 ἀπασιν
2448 2501 2733 2570 γενέσθαι,
2761 2506 2840 2556 ὅτι
2867 2503 2930 2574 δὴ
2973 2504 3133 2558 τοῦτο
3173 2505 3355 2574 πάσης
3397 2508 3496 2578 τῆς
3533 2508 3673 2562 κατά
3710 2508 3798 2561 τὸν

2212 2591 2375 2662 νόμον
2411 2593 2724 2664 οἰκονομίας
2759 2595 2877 2648 ἐστὶ
2913 2596 2971 2648 τό
3005 2613 3064 2649 τε
3109 2597 3400 2665 κεφάλαιον
3431 2599 3524 2652 καί
3549 2599 3608 2651 τὸ
3641 2599 3801 2668 μέγιο

2214 2699 2338 2737 στον
2359 2683 2583 2752 ἀγαθὸν,
2607 2685 2668 2738 τὸ
2695 2685 2906 2750 πάντας
2925 2687 3244 2760 ἀνθρώπους
3278 2689 3356 2760 τῷ
3372 2691 3620 2762 Δεσπότῃ
3644 2709 3802 2762 προσ-

2212 2778 2439 2844 αγαγεῖν
2467 2777 2690 2848 Χριστῷ
2718 2779 2809 2832 ἐπὶ
2830 2783 2944 2844 τοῖς
2977 2781 3250 2845 τοσούτοις
3277 2781 3502 2850 ἀγαθοῖς
3536 2783 3679 2837 κατά
3712 2784 3801 2838 τὶν

2213 2867 2404 2939 καιρὸν
2440 2869 2758 2941 φανουμένῳ
2797 2871 2890 2924 τὸν
2942 2873 3169 2925 οἰκεῖον·
3224 2874 3408 2946 ἐπειδὴ
3460 2874 3516 2928 δὲ
3566 2875 3661 2928 καὶ
3711 2875 3803 2929 ἐπὶ

2213 2960 2312 3030 τῆς
2345 2961 2554 3014 ἐκείνου
2596 2962 2813 3028 δείξεως
2835 2963 2936 3035 τὴν
2963 2966 3357 3036 ἀγνωμοσύνην
3383 2966 3679 3031 ἐπιδείξετε
3704 2967 3803 3039 τὴν

2213 3052 2444 3117 οἰκείαν,
2480 3054 2570 3125 (p.
2607 3054 2750 3126 573)
2800 3055 2989 3119 Ἠλίας
3023 3057 3460 3128 ἀποσταλήσεται
3493 3059 3630 3130 πρὸς
3660 3058 3803 3129 ὑμᾶς

2214 3144 2242 3196 ὁ
2275 3146 2566 3216 μακάριος,
2594 3146 2700 3218 πρὸ
2727 3147 2828 3218 τῆς
2858 3146 3116 3219 δευτέρας
3137 3147 3230 3202 τοῦ
3263 3149 3532 3202 Δεσπότου
3566 3149 3802 3220 Χριστοῦ

2216 3237 2540 3308 παρουσίας,
2581 3240 2648 3308 ἡν
2685 3240 2779 3293 ἀπ’
2818 3239 3064 3312 οὐρανῶν
3117 3242 3436 3313 ποιήσεται’
3486 3242 3628 3296 ὥστε
3679 3245 3803 3308 τοὺς

2215 3329 2306 3384 διὰ
2336 3330 2435 3402 τὴν
2487 3329 2772 3384 εὐσέϐειαν
2805 3332 2944 3402 πρὸς
2989 3331 3250 3400 ἀλλήλους
3283 3333 3646 3404 διῃρημένους
3685 3353 3804 3388 συν-

2217 3421 2374 3492 άψαι,
2418 3423 2512 3476 καὶ
2545 3422 2610 3494 δὴ
2660 3424 2752 3477 καί⁵
2803 3423 3044 3494 πατέρας
3076 3423 3165 3476 διὰ
3215 3424 3312 3494 τῆς
3351 3424 3493 3477 κατά
3524 3425 3624 3495 τὴν
3651 3426 3802 3478 εὐσέ-

2217 3514 2371 3568 ϐειαν
2416 3513 2765 3584 ἐπιγνώσεως
2804 3517 2884 3580 εἰς
2920 3515 3016 3586 τὴν
3041 3515 3149 3569 τῶν
3176 3516 3381 3570 τέκνων
3415 3517 3642 3585 ἀγαγεῖν
3666 3517 3797 3588 ὁμό-

2218 3623 2387 3672 νοιαν,
2422 3605 2783 3678 διῃρημένους
2814 3606 3078 3679 πρότερον
3121 3608 3186 3660 ἐκ
3218 3607 3316 3677 τῆς
3351 3607 3493 3661 κατά
3525 3607 3622 3678 τὴν
3647 3608 3802 3660 εὐσέ-

2219 3698 2369 3752 ϐειαν
2393 3699 2572 3763 αἰτίας
2593 3716 2606 3730 ·
2648 3699 2856 3763 πάντας
2889 3717 2946 3752 τε
2981 3699 3298 3770 ἀνθρώπους
3322 3700 3605 3770 συντόμως
3631 3700 3804 3754 εἰπεῖν

2216 3793 2298 3854 εἰς
2328 3791 2458 3862 μίαν
2500 3792 2595 3845 καὶ
2633 3793 2731 3864 τὴν
2765 3792 2934 3862 αὐτὴν
2962 3791 3306 3861 καταστῆσαι
3335 3793 3662 3862 συνάφειανο
3692 3793 3802 3846 τῶν

2216 3883 2274 3937 ὲν
2319 3881 2546 3954 ἀσεϐείᾳ
2582 3882 2704 3935 τότε
2753 3882 3347 3953 καταλαμϐανομένων,
3371 3883 3675 3953 δεχομένων
3702 3883 3802 3953 μὲν

2215 3976 2344 4046 παρ’
2395 3973 2556 4028 αὐτοῦ
2595 3974 2695 4046 τὴν
2735 3974 2835 4044 τῆς
2869 3973 3128 4044 ἀληθείας
3167 3974 3482 4044 ἐπίγνωσιν,
3527 3973 3802 4045 ἐχομένων

517 4060 575 4116 δὲ
605 4067 701 4118 καὶ
737 4064 836 4134 τὴν
875 4066 1122 4120 ἐντεῦθεν
1197 4068 1338 4141 πρὸς
1381 4070 1508 4134 τοὺς
1552 4068 1799 4131 εὐσεϐεῖς
1867 4067 2182 4121 κοινωνίαν·
2221 4067 2394 4122 ταῦτα
2427 4067 2485 4122 δὲ
2534 4069 2820 4140 ποιήσεται
2861 4068 2960 4139 τῆς
3009 4069 3262 4123 ἁπάντων
3299 4065 3603 4138 ἀνθρώπιον
3642 4083 3804 4137 φρον-

517 4155 682 4220 τίζων
721 4157 989 4230 σωτηρίας
1021 4160 1049 4212 ὁ
1081 4159 1212 4226 Θεός
1231 4178 1246 4194 ο
1278 4162 1354 4226 ὡς
1381 4163 1448 4216 ἂν
1487 4162 1563 4234 μὴ
1589 4162 1844 4234 μένοντες
1875 4163 1969 4214 ἐπὶ
2002 4165 2100 4234 τῆς
2141 4161 2416 4230 ἀσεϐείας,
2446 4163 2682 4238 φοϐερᾶς
2713 4163 2878 4219 αὐτοῦ
2904 4163 3006 4234 τῆς
3073 4161 3375 4236 παρουσίας
3440 4159 3803 4235 πειραθῶσιν,

519 4251 612 4306 ἐπὶ
637 4252 925 4327 ἀφανισμῷ
957 4256 1211 4313 παντελεῖ
1235 4257 1345 4314 τῶν
1374 4257 1665 4332 μοχθηρῶν
1689 4258 2003 4334 γινομένης.
