4162 6466
375 347 486 403 633

401 490 1400 531 ’Μ’-2

1571 329 2006 390 FRAGMENTA
2045 330 2111 385 IN
2171 327 2489 385 GENESIN.

2572 485 3652 512 m

850 680 1796 799 THEODOBI
1908 677 3207 794 MOPSUESTENI

547 947 1439 1066 FRAGMENTA
1499 947 1648 1065 IN
1735 943 2219 1066 VETUS
2283 942 3423 1062 TESTAMENTUM.

1645 1391 1772 1480 IN
1850 1389 2416 1480 GENESIN.

826 1581 913 1637 Ea:
967 1581 1196 1638 concilio
1253 1581 1848 1651 Constantinopolitano
1885 1581 2016 1635 anni
2075 1580 2200 1646 555,
2235 1580 2443 1634 actione
2475 1578 2560 1641 IV.
2593 1596 2736 1634 nunt.
2771 1575 3052 1646 LVII-LX,
3090 1578 3255 1634 LXII.

397 1925 657 1997 Ejusdem
712 1925 979 2002 Theodori
1031 1942 1097 1982 ea:
1145 1926 1281 2002 liora
1323 1929 1512 1998 quinto
1572 1936 1868 2002 commenta
1927 1927 1992 1982 de
2024 1947 2063 2001 Α
2097 1941 2284 1986 autem
2342 1931 2435 2002 qui
2484 1934 2708 1988 futurus
2739 1941 2847 1999 est,
2896 1948 3020 1988 cum
3053 1947 3332 1990 renovans
3369 1936 3554 1991 omnia
3615 1937 3684 1994 ad

467 2009 740 2059 creatura,
769 1999 825 2052 in
869 1998 1059 2069 quibus
1087 2008 1137 2053 et
1192 1999 1328 2054 bona
1379 2011 1430 2054 et
1486 1999 1633 2053 mala
1661 2016 1694 2053 a
1722 1998 1830 2054 Deo
1877 2015 1991 2054 esse

468 2070 617 2138 facta
636 2071 788 2123 dicit.

469 2181 584 2240 Nec
619 2185 790 2255 igitur
812 2194 1046 2240 mortem
1078 2200 1189 2240 non
1213 2196 1412 2256 sponte
1429 2195 1482 2242 et
1501 2196 1699 2257 praeter
1717 2185 1991 2257 judicium

397 2293 565 2332 suum
598 2279 786 2332 intulit
810 2278 1153 2344 hominibus,
1187 2295 1366 2350 neque
1394 2289 1622 2351 peccato
1662 2280 1870 2334 aditum
1925 2277 1995 2332 ad

396 2372 609 2426 nullam
643 2372 936 2425 utilitatem
978 2371 1170 2438 dedit;
1229 2389 1330 2427 nec
1391 2373 1536 2428 enim
1600 2371 1702 2426 hoc
1744 2372 1858 2427 fieri
1890 2386 1994 2425 no-

400 2464 524 2519 lens
570 2477 679 2517 non
722 2470 975 2532 poterat:
1019 2464 1114 2517 sed
1152 2463 1414 2532 quoniam
1472 2461 1683 2517 sciebat
1717 2461 1849 2516 utile
1873 2475 1997 2516 esse

398 2556 589 2620 nobis,
623 2558 797 2627 magis
827 2565 1011 2610 autem
1053 2557 1314 2611 onmibus
1354 2556 1805 2618 rationabilibus,
1843 2555 1998 2624 prius

400 2649 625 2722 quidem
657 2650 925 2702 malorum
960 2656 1014 2704 et
1045 2649 1380 2702 deteriorum
1416 2648 1532 2703 fieri
1565 2650 1798 2716 aditum,
1823 2635 1999 2718 lpost-

400 2758 468 2798 ea
535 2750 721 2797 autem
777 2741 952 2796 deleri
996 2741 1218 2812 quidem
1277 2743 1411 2805 lia‘c,
1472 2741 1750 2795 introduci
1813 2748 1999 2793 autem

403 2831 680 2887 meliora:
725 2830 850 2886 ideo
884 2833 939 2884 in
979 2831 1120 2885 duos
1147 2837 1327 2886 status
1364 2830 1552 2885 divisit
1595 2828 1742 2885 Deus
1778 2837 2000 2884 creatu-

405 2937 549 2986 ram,
584 2928 912 2992 praesentem
948 2929 1004 2977 et
1059 2921 1343 2989 futurum;
1404 2923 1458 2977 in
1498 2923 1597 2977 illo
1649 2922 1872 2992 quidem
1930 2920 2000 2975 ad

412 3015 882 3072 immortalitatem
921 3022 976 3069 et
1012 3014 1519 3069 immutabilitatem
1574 3015 1763 3069 omnia
1795 3015 2000 3069 ductuo

407 3123 528 3174 rus,
562 3109 617 3162 in
659 3108 916 3178 praesenti
943 3121 1076 3162 vero
1109 3117 1364 3162 creatura
1401 3110 1456 3162 in
1501 3116 1733 3162 mortem
1799 3117 1854 3162 et
1891 3123 2005 3160 mu-

407 3202 744 3257 tabilitatem
777 3201 998 3256 interim
1026 3216 1130 3256 nos
1167 3200 1481 3256 dimittens.
1539 3201 1670 3255 Nam
1703 3202 1749 3256 si
1775 3201 2001 3272 quidem

2097 2023 2606 2078 inmutabilitatem
2671 2023 3005 2079 transferet:
3060 2040 3296 2096 quorum
3352 2027 3683 2098 principium

2092 2118 2256 2172 nobis
2290 2117 2535 2173 ostendit
2570 2119 2626 2172 in
2691 2117 3111 2189 dispensatione
3173 2120 3391 2174 Domini
3453 2119 3684 2186 Christi,

2095 2227 2259 2281 quem
2286 2227 2354 2266 ex
2385 2211 2548 2266 nobis
2601 2212 2963 2267 exsistentem
3030 2213 3382 2268 resuscitavit
3437 2228 3502 2268 ex
3539 2229 3686 2268 mor-

2099 2303 2232 2368 tuis,
2263 2311 2318 2356 et
2346 2304 2714 2358 immortalem
2753 2319 3009 2375 corpore,
3042 2315 3097 2359 et
3127 2305 3522 2360 immutabilem
3554 2306 3688 2361 fecit

2098 2397 2337 2449 animam
2377 2393 2530 2468 [fort.
2587 2395 2834 2470 anima]:
2901 2412 2999 2467 per
3055 2397 3202 2466 quod
3264 2398 3687 2462 demonstravit,

2098 2489 2228 2560 quia
2257 2489 2408 2544 circa
2444 2489 2762 2545 universam
2799 2497 3118 2545 creaturam
3147 2491 3251 2545 hoc
3283 2489 3531 2546 futurum
3577 2501 3686 2549 est.

2314 2626 2572 2698 Ejusdem
2606 2644 2671 2683 ea:
2703 2639 2894 2700 quarto
2938 2627 3076 2683 libro
3112 2627 3178 2684 de
3205 2640 3474 2686 creatura.

2174 2759 2271 2815 Illo
2311 2770 2464 2818 certo
2491 2764 2818 2826 constituto,
2867 2763 3014 2834 quod
3068 2766 3534 2835 quemadmodum
3587 2780 3692 2824 no-

2102 2853 2190 2910 bis
2218 2870 2316 2924 per
2348 2857 2816 2911 resurrectionem
2850 2866 2906 2912 et
2943 2872 3148 2928 corpus
3196 2860 3581 2930 incorruptum
3640 2870 3694 2916 et

2103 2946 2468 3002 immutabilis
2497 2948 2680 3002 anima
2713 2949 2841 3013 erit,
2901 2949 3092 3004 eodem
3128 2950 3291 3005 modo
3330 2959 3385 3005 et
3438 2953 3695 3008 invisibi-

2104 3039 2255 3094 libus
2295 3045 2350 3094 et
2380 3040 2809 3094 rationabilibus
2867 3043 3087 3096 naturis
3124 3042 3523 3097 immutabilem
3576 3059 3694 3100 me-

2107 3132 2218 3188 reri
2243 3133 2541 3204 contingit,
2571 3148 2718 3187 nunc
2747 3133 2970 3204 quidem
3008 3135 3411 3206 accipientibus
3468 3151 3700 3192 conver-

2108 3227 2344 3294 sionem,
2387 3229 2534 3282 sicut
2557 3243 2717 3283 versa
2757 3229 3039 3284 multoties
3073 3228 3267 3290 decem
3299 3230 3466 3284 millia
3498 3231 3703 3285 daemo-

408 3296 604 3352 statim
639 3295 710 3349 ab
744 3294 906 3348 initio
958 3295 1296 3350 immortales
1332 3310 1435 3350 nos
1471 3293 1664 3349 fecerit
1687 3304 1741 3350 et
1798 3296 2000 3350 iiumu-
2031 3300 2074 3355 Β
2111 3335 2244 3372 num
2299 3293 2621 3385 ostendunt,
2661 3331 2794 3376 tunc
2835 3331 3019 3377 autem
3087 3321 3142 3376 in
3198 3322 3702 3380 immutabililawm

407 3388 631 3452 tabiles,
672 3387 881 3442 nullam
908 3387 1274 3442 differentiam
1310 3387 1378 3441 ad
1399 3387 1797 3442 irrationabilia
1836 3389 2002 3443 babe-

410 3495 631 3545 remus,
688 3481 974 3550 proprium
1031 3480 1342 3535 nescientes
1395 3480 1622 3534 bonum.
1679 3480 2002 3552 lgnorantes

411 3575 559 3629 enim
620 3574 1068 3636 mutabilitatem,
1104 3573 1571 3628 immutabilitatis
1604 3574 2003 3645 ignorabamus

411 3663 664 3718 bonum:
695 3664 1006 3718 nescientes
1025 3675 1282 3727 mortem,
1317 3662 1753 3717 immortalitatis
1787 3662 2002 3717 lucrum

412 3755 845 3811 neBciebamus:
884 3755 1203 3826 ignorantes
1233 3756 1672 3827 corruptionem,
1719 3771 1830 3809 non
1890 3755 2008 3810 lau-

413 3845 690 3902 dabamus
753 3847 1226 3917 incorruptionem
1266 3865 1279 3902 :
1322 3847 1636 3903 nescientes
1687 3848 2007 3918 passionum

413 3954 738 4012 gravamen,
776 3939 1280 4010 impassibilitatem
1299 3955 1412 3994 non
1444 3941 1808 3994 mirabamur.
1844 3939 2010 3994 Com-

416 4032 687 4104 pemliose
716 4033 924 4097 dicere,
951 4049 1023 4089 ne
1054 4034 1279 4104 longum
1309 4048 1623 4090 sermonem
1653 4033 1887 4088 faciam:
1912 4048 2012 4089 ne-

417 4128 664 4183 scientes
695 4127 972 4181 malorum
1013 4128 1474 4198 experimentum,
1539 4127 1828 4184 bonorum.
1885 4126 2013 4182 illo-

417 4235 543 4276 rum
582 4235 694 4274 non
727 4231 1046 4291 poteramus
1079 4219 1370 4276 scientiam
1404 4219 1628 4275 mereri.

417 4351 680 4424 Ejusdem
709 4353 774 4408 de
798 4353 1008 4418 iisdem,
1057 4363 1109 4408 et
1141 4353 1376 4426 angelos,
1413 4363 1462 4410 ct
1497 4353 1754 4422 homines,
1809 4365 1862 4410 et
1907 4355 2017 4411 dte-

636 4442 818 4480 mones
846 4426 1098 4480 similiter
1123 4430 1294 4482 malos
1319 4442 1432 4482 esse
1463 4427 1712 4481 dicentis.

489 4541 730 4599 Necesse
785 4549 873 4599 est
928 4550 1140 4610 autem,
1205 4543 1394 4598 omnia
1429 4543 1597 4599 simul
1635 4541 2015 4610 rationabilia,

415 4635 729 4693 invisibilia
759 4635 908 4703 dico,
949 4642 1006 4690 et
1031 4651 1135 4692 nos
1159 4635 1332 4707 ipsos,
1369 4636 1574 4706 quibus
1608 4636 1841 4691 mortale
1895 4636 2020 4707 qui-

414 4732 545 4785 dem
587 4736 675 4785 est
737 4744 965 4800 corpus,
1027 4729 1211 4783 anima
1265 4738 1450 4784 autem
1493 4745 1592 4802 per
1633 4731 1820 4785 omnia
1872 4729 2023 4798 ejus-

415 4822 543 4876 dem
574 4823 607 4858 "
637 4823 1016 4878 invisibilibus
1049 4831 1106 4877 et
1135 4823 1504 4878 rationalibus
1543 4822 1898 4888 substantiis,
1931 4821 2023 4876 hic

416 4914 650 4985 quidem
685 4923 1014 4986 praesentem
1076 4914 1510 4969 mutabilitatem
1546 4915 1682 4986 pati,
1711 4922 1775 4970 ut
1812 4914 2020 4985 Optima

418 5010 751 5065 erudiamur
780 5007 1033 5064 doctrina
1059 5007 1465 5080 religiositatis,
1499 5015 1554 5064 et
1579 5008 1647 5063 ad
1688 5008 2023 5064 benevolen-

425 5102 561 5158 tiam
592 5103 1019 5158 constituamur.

428 5240 686 5310 Ejusdem
743 5242 1096 5296 interimentis
1157 5240 1446 5310 judicium,
1494 5249 1543 5292 et
1591 5240 1816 5294 dicentis
1881 5243 2020 5309 quod

501 5313 788 5367 mutabilia
811 5325 858 5367 et
896 5313 1151 5367 mortalia
1174 5313 1354 5366 omnia
1385 5312 1530 5380 facta
1569 5321 1712 5376 sunt,
1747 5321 1795 5364 et
1830 5311 2022 5364 iterant

502 5386 685 5438 omnia
748 5384 1109 5439 immutabilia
1165 5392 1216 5437 et
1279 5381 1614 5436 immortalia
1673 5384 1857 5436 statim
1905 5390 2025 5449 post

508 5458 952 5512 resurrectionem
1026 5465 1180 5510 erunt
1253 5452 1544 5509 secundum
1617 5452 2021 5506 similitudinem

504 5525 732 5583 Christi.

504 5663 663 5732 Quod
700 5665 924 5735 quidem
977 5663 1190 5736 placuit
1247 5663 1400 5728 Deo,
1436 5661 1544 5717 hoc
1601 5667 1743 5726 erat,
1773 5657 1830 5713 in
1884 5657 2026 5715 duos

433 5764 617 5812 status
669 5757 920 5814 dividere
979 5767 1352 5814 creaturam:
1421 5768 1590 5811 unum
1646 5751 1870 5824 quidem
1932 5755 2028 5823 qui

437 5862 685 5920 praesens
723 5860 827 5919 est,
859 5850 915 5907 in
947 5867 1058 5925 quo
1073 5848 1359 5908 mutabilia
1388 5847 1570 5908 omnia
1599 5846 1762 5914 fecit;
1789 5847 2023 5904 alterum

2108 3413 2402 3467 nobiscum
2439 3411 2667 3470 futuris.

2112 3542 2368 3616 Ejusdem
2397 3559 2463 3597 ea:
2489 3545 2674 3614 quinto
2707 3542 2863 3606 libro,
2901 3545 3041 3614 quod
3068 3545 3253 3616 sciens,
3272 3544 3415 3600 Deus
3459 3545 3704 3616 expedire

2287 3615 2589 3670 hominibus
2617 3628 2914 3684 peccatum,
2947 3616 3044 3670 hoc
3073 3616 3193 3686 ﬁeri
3221 3615 3506 3686 disposuit.

2182 3749 2320 3806 Nam
2353 3751 2564 3808 sciebat
2587 3751 2810 3822 quidem
2843 3751 2990 3823 quod
3014 3753 3325 3823 peccabunt
3356 3753 3702 3819 omnimodo,

2113 3842 2454 3899 concedebat
2493 3861 2628 3900 vero
2686 3845 2792 3900 hoc
2852 3846 2992 3910 ﬁeri,
3050 3845 3315 3915 expedire
3363 3847 3445 3901 eis
3500 3861 3708 3916 cogno-

2115 3953 2317 3993 scens:
2353 3940 2616 4009 quoniam
2657 3955 2761 3995 nec
2791 3949 2913 3995 erat
2947 3939 3218 4010 possibile
3259 3954 3409 4006 eum,
3435 3940 3530 4009 qui
3577 3954 3704 3994 cum

2115 4030 2310 4087 fecerit
2340 4048 2450 4087 non
2495 4041 2799 4099 exstantes,
2823 4043 2878 4088 et
2913 4041 3190 4087 tantorum
3225 4034 3446 4105 quidem
3482 4034 3711 4089 demon-

2116 4123 2380 4178 straverit
2413 4123 2691 4188 dominos,
2753 4131 2904 4177 tanta
2945 4138 3077 4178 vero
3137 4122 3282 4177 bona
3357 4121 3710 4194 proposuerit

2118 4223 2180 4270 ut
2207 4215 2289 4270 eis
2329 4214 2613 4281 fruantur,
2654 4229 2764 4270 non
2791 4215 3088 4285 prohibere
3118 4215 3329 4286 peccati
3374 4213 3606 4279 aditum,
3659 4214 3706 4271 si

2117 4305 2382 4376 expedire
2414 4305 2498 4360 eis
2537 4305 2642 4360 hoc
2681 4316 3066 4374 cognosceret.
3113 4305 3220 4362 Sed
3256 4307 3404 4361 enim
3431 4322 3543 4361 non
3589 4315 3709 4361 erat

2121 4397 2407 4468 possibile,
2441 4413 2544 4453 nos
2573 4399 2732 4454 aliter
2765 4399 2983 4454 discere
3031 4407 3342 4469 peccatum,
3373 4407 3428 4454 et
3488 4399 3710 4468 passin-

2120 4505 2252 4546 num
2291 4489 2622 4556 molestiam,
2656 4498 2711 4545 et
2741 4490 3040 4555 deteriora,
3075 4497 3131 4544 ct
3171 4499 3419 4545 nostram
3475 4489 3714 4544 inﬁrmi-

2123 4589 2293 4636 tatem
2351 4581 2408 4635 in
2463 4581 2550 4636 his
2605 4581 3118 4646 demonstrandam,
3176 4580 3246 4635 ad
3309 4580 3710 4636 ostendendam

2049 4663 2090 4720 C
2126 4673 2575 4744 magnitudinem
2607 4672 3099 4736 immutabilitatis,
3132 4688 3299 4744 quam
3334 4681 3525 4744 postea
3554 4673 3714 4729 nobis

2125 4773 2276 4822 esset
2309 4764 2643 4833 donaturus,
2687 4766 2794 4820 nisi
2837 4767 2919 4820 sic
2967 4766 3036 4819 ab
3065 4767 3222 4821 initio
3247 4766 3365 4821 haec
3412 4764 3645 4820 fuissent
3686 4781 3718 4819 a

2125 4856 2238 4913 Deo
2264 4857 2610 4928 dispensata,
2645 4865 2706 4912 ut
2731 4858 3029 4913 collatione
3059 4865 3113 4912 et
3169 4859 3546 4928 experimento
3593 4858 3720 4911 inli-

2127 4950 2372 5010 nitorum
2411 4949 2633 5004 illorum
2689 4950 2964 5005 bonorum
2992 4965 3284 5020 possemus
3317 4950 3460 5006 scire
3507 4949 3722 5019 inagni-

2126 5040 2410 5095 tudinem:
2442 5047 2496 5094 et
2520 5038 2689 5107 hujus
2725 5041 2920 5108 gratia,
2949 5049 3140 5111 utpote
3169 5040 3514 5112 profuturum
3537 5043 3716 5108 nobis,

2129 5143 2422 5203 peccatum
2455 5134 2664 5188 intrare
2697 5134 3004 5198 dimittens,
3050 5149 3310 5206 magnum
3353 5133 3405 5188 in
3435 5133 3555 5203 ejus
3579 5135 3720 5191 bello

2129 5225 2399 5279 auxilium
2431 5225 2664 5279 invenit.

2133 5359 2391 5431 Ejusdem
2426 5359 2689 5415 Theodori
2727 5361 3054 5416 detrahentis
3085 5377 3203 5430 qum
3231 5369 3352 5431 sunt
3377 5360 3440 5414 de
3473 5361 3723 5430 ﬂammea

2328 5432 2538 5501 framea
2561 5441 2611 5486 et
2650 5433 2715 5487 de
2741 5432 3005 5486 cherubim
3033 5429 3178 5486 dicta
3209 5429 3361 5504 (Gen.
3398 5429 3506 5505 tu).

2207 5565 2345 5620 Nam
2400 5564 2717 5620 flammeam
2779 5566 3002 5638 quidem
3061 5566 3325 5622 frameam
3387 5568 3604 5635 dicunt,
3667 5577 3728 5624 ut

2138 5659 2290 5714 dicat
2327 5659 2464 5732 quia
2496 5658 2642 5729 ignis
2672 5668 2758 5714 est
2782 5661 3049 5716 terribilis
3077 5675 3404 5726 coruscans,
3441 5661 3496 5716 in
3539 5661 3726 5717 habitu

2136 5752 2305 5823 gladii
2366 5759 2664 5817 extensus,
2732 5761 2792 5808 ut
2849 5752 3106 5809 bifariam
3173 5753 3442 5810 terribilis
3504 5755 3722 5828 quidam

2140 5846 2293 5904 visus
2339 5855 2488 5904 esset
2523 5845 2851 5912 videntium,
2876 5855 2929 5904 et
2959 5864 3025 5905 cx
3057 5857 3255 5906 natura
3290 5858 3344 5904 et
3411 5863 3477 5904 ex
3538 5845 3722 5904 habitu
