  <div class='ocr_page' id='page_1' title='image "/cluster/home/n/w/nwhite01/storage/ocr_20150623/66/coo.31924054869676/325.png"; bbox 0 0 4162 6532; ppageno 0'>
   <div class='ocr_carea' id='block_1_1' title="bbox 472 363 579 418">
    <p class='ocr_par' dir='ltr' id='par_1_1' title="bbox 472 363 579 418">
     <span class='ocr_line' id='line_1_1' title="bbox 472 363 579 418; baseline 0.009 -1"><span class='ocrx_word' id='word_1_1' title='bbox 472 363 579 418; x_wconf 72' lang='lat'><strong>635</strong></span> 
     </span>
    </p>
   </div>
   <div class='ocr_carea' id='block_1_2' title="bbox 1661 351 2537 412">
    <p class='ocr_par' dir='ltr' id='par_1_2' title="bbox 1661 351 2537 412">
     <span class='ocr_line' id='line_1_2' title="bbox 1661 351 2537 412; baseline -0.001 -1"><span class='ocrx_word' id='word_1_2' title='bbox 1661 351 2011 412; x_wconf 79' lang='lat' dir='ltr'><strong>THEOL‘ORI</strong></span> <span class='ocrx_word' id='word_1_3' title='bbox 2055 351 2280 410; x_wconf 77' lang='lat' dir='ltr'><strong>MOPSL‘</strong></span> <span class='ocrx_word' id='word_1_4' title='bbox 2294 353 2537 410; x_wconf 80' lang='lat' dir='ltr'><strong>ESTENI</strong></span> 
     </span>
    </p>
   </div>
   <div class='ocr_carea' id='block_1_3' title="bbox 3624 361 3730 417">
    <p class='ocr_par' dir='ltr' id='par_1_3' title="bbox 3624 361 3730 417">
     <span class='ocr_line' id='line_1_3' title="bbox 3624 361 3730 417; baseline 0 0"><span class='ocrx_word' id='word_1_5' title='bbox 3624 361 3730 417; x_wconf 76' lang='lat'><strong>636</strong></span> 
     </span>
    </p>
   </div>
   <div class='ocr_carea' id='block_1_4' title="bbox 474 473 3741 552">
    <p class='ocr_par' dir='ltr' id='par_1_4' title="bbox 474 473 3741 552">
     <span class='ocr_line' id='line_1_4' title="bbox 474 473 3741 552; baseline -0.003 -14"><span class='ocrx_word' id='word_1_6' title='bbox 474 487 599 552; x_wconf 79' lang='lat' dir='ltr'><strong>ejus</strong></span> <span class='ocrx_word' id='word_1_7' title='bbox 633 481 782 552; x_wconf 90' lang='lat' dir='ltr'><strong>quod</strong></span> <span class='ocrx_word' id='word_1_8' title='bbox 821 479 1258 535; x_wconf 75' lang='lat' dir='ltr'><strong>ostendebatur:</strong></span> <span class='ocrx_word' id='word_1_9' title='bbox 1317 493 1481 548; x_wconf 89' lang='lat' dir='ltr'><strong>quam</strong></span> <span class='ocrx_word' id='word_1_10' title='bbox 1511 489 1564 532; x_wconf 91' lang='lat' dir='ltr'><strong>et</strong></span> <span class='ocrx_word' id='word_1_11' title='bbox 1625 477 1764 532; x_wconf 85' lang='lat' dir='ltr'><strong>verti</strong></span> <span class='ocrx_word' id='word_1_12' title='bbox 1801 475 1963 540; x_wconf 61' lang='lat' dir='ltr'><strong>dixit,</strong></span> <span class='ocrx_word' id='word_1_13' title='bbox 2008 484 2063 528; x_wconf 96' lang='lat' dir='ltr'><strong>ut</strong></span> <span class='ocrx_word' id='word_1_14' title='bbox 2092 483 2136 537; x_wconf 74' lang='grc' dir='ltr'>Α</span> <span class='ocrx_word' id='word_1_15' title='bbox 2166 475 2478 546; x_wconf 71' lang='lat' dir='ltr'><strong>prohibitus</strong></span> <span class='ocrx_word' id='word_1_16' title='bbox 2512 475 2742 531; x_wconf 91' lang='lat' dir='ltr'><strong>introitu</strong></span> <span class='ocrx_word' id='word_1_17' title='bbox 2775 474 3044 545; x_wconf 85' lang='lat' dir='ltr'><strong>paradisi,</strong></span> <span class='ocrx_word' id='word_1_18' title='bbox 3105 473 3301 530; x_wconf 83' lang='lat' dir='ltr'><strong>merito</strong></span> <span class='ocrx_word' id='word_1_19' title='bbox 3349 473 3741 543; x_wconf 69' lang='lat' dir='ltr'><strong>castigaretttr.</strong></span> 
     </span>
    </p>
   </div>
   <div class='ocr_carea' id='block_1_5' title="bbox 475 557 2057 637">
    <p class='ocr_par' dir='ltr' id='par_1_5' title="bbox 475 557 2057 637">
     <span class='ocr_line' id='line_1_5' title="bbox 475 557 2057 637; baseline -0.008 -5"><span class='ocrx_word' id='word_1_20' title='bbox 475 557 803 632; x_wconf 67' lang='lat' dir='ltr'><strong>assiduitate</strong></span> <span class='ocrx_word' id='word_1_21' title='bbox 845 580 1030 626; x_wconf 90' lang='lat' dir='ltr'><strong>motus</strong></span> <span class='ocrx_word' id='word_1_22' title='bbox 1065 585 1390 632; x_wconf 83' lang='lat' dir='ltr'><strong>coruscans,</strong></span> <span class='ocrx_word' id='word_1_23' title='bbox 1441 568 1742 623; x_wconf 87' lang='lat' dir='ltr'><strong>terribilem</strong></span> <span class='ocrx_word' id='word_1_24' title='bbox 1774 579 1828 624; x_wconf 91' lang='lat' dir='ltr'><strong>et</strong></span> <span class='ocrx_word' id='word_1_25' title='bbox 1884 567 2057 637; x_wconf 84' lang='lat' dir='ltr'><strong>majo-</strong></span> 
     </span>
    </p>
   </div>
   <div class='ocr_carea' id='block_1_6' title="bbox 480 660 2056 722">
    <p class='ocr_par' dir='ltr' id='par_1_6' title="bbox 480 660 2056 722">
     <span class='ocr_line' id='line_1_6' title="bbox 480 660 2056 722; baseline -0.005 0"><span class='ocrx_word' id='word_1_26' title='bbox 480 682 593 722; x_wconf 88' lang='lat' dir='ltr'><strong>rem</strong></span> <span class='ocrx_word' id='word_1_27' title='bbox 625 664 833 720; x_wconf 83' lang='lat' dir='ltr'><strong>videnti</strong></span> <span class='ocrx_word' id='word_1_28' title='bbox 878 663 1132 718; x_wconf 88' lang='lat' dir='ltr'><strong>timorem</strong></span> <span class='ocrx_word' id='word_1_29' title='bbox 1165 662 1390 717; x_wconf 84' lang='lat' dir='ltr'><strong>faceret.</strong></span> <span class='ocrx_word' id='word_1_30' title='bbox 1421 660 1716 717; x_wconf 86' lang='lat' dir='ltr'><strong>Cherubint</strong></span> <span class='ocrx_word' id='word_1_31' title='bbox 1749 674 1880 715; x_wconf 90' lang='lat' dir='ltr'><strong>vero</strong></span> <span class='ocrx_word' id='word_1_32' title='bbox 1936 661 2056 714; x_wconf 85' lang='lat' dir='ltr'><strong>ani-</strong></span> 
     </span>
    </p>
   </div>
   <div class='ocr_carea' id='block_1_7' title="bbox 480 752 2060 828">
    <p class='ocr_par' dir='ltr' id='par_1_7' title="bbox 480 752 2060 828">
     <span class='ocr_line' id='line_1_7' title="bbox 480 752 2060 828; baseline -0.005 -14"><span class='ocrx_word' id='word_1_33' title='bbox 480 758 702 814; x_wconf 89' lang='lat' dir='ltr'><strong>malium</strong></span> <span class='ocrx_word' id='word_1_34' title='bbox 748 757 882 812; x_wconf 91' lang='lat' dir='ltr'><strong>dicit</strong></span> <span class='ocrx_word' id='word_1_35' title='bbox 915 753 1182 828; x_wconf 87' lang='lat' dir='ltr'><strong>quasdam</strong></span> <span class='ocrx_word' id='word_1_36' title='bbox 1229 753 1438 809; x_wconf 85' lang='lat' dir='ltr'><strong>formas</strong></span> <span class='ocrx_word' id='word_1_37' title='bbox 1479 752 1752 808; x_wconf 86' lang='lat' dir='ltr'><strong>terribiles</strong></span> <span class='ocrx_word' id='word_1_38' title='bbox 1783 759 1839 808; x_wconf 92' lang='lat' dir='ltr'><strong>et</strong></span> <span class='ocrx_word' id='word_1_39' title='bbox 1871 760 2060 822; x_wconf 84' lang='lat' dir='ltr'><strong>poten-</strong></span> 
     </span>
    </p>
   </div>
   <div class='ocr_carea' id='block_1_8' title="bbox 480 846 2061 906">
    <p class='ocr_par' dir='ltr' id='par_1_8' title="bbox 480 846 2061 906">
     <span class='ocr_line' id='line_1_8' title="bbox 480 846 2061 906; baseline -0.003 -2"><span class='ocrx_word' id='word_1_40' title='bbox 480 861 563 906; x_wconf 86' lang='lat' dir='ltr'><strong>tes</strong></span> <span class='ocrx_word' id='word_1_41' title='bbox 593 850 952 904; x_wconf 88' lang='lat' dir='ltr'><strong>tremel&#39;acere</strong></span> <span class='ocrx_word' id='word_1_42' title='bbox 983 849 1282 903; x_wconf 79' lang='lat' dir='ltr'><strong>videntem.</strong></span> <span class='ocrx_word' id='word_1_43' title='bbox 1326 846 1484 901; x_wconf 84' lang='lat' dir='ltr'><strong>Sicut</strong></span> <span class='ocrx_word' id='word_1_44' title='bbox 1513 846 1660 901; x_wconf 89' lang='lat' dir='ltr'><strong>enim</strong></span> <span class='ocrx_word' id='word_1_45' title='bbox 1721 859 1822 900; x_wconf 90' lang='lat' dir='ltr'><strong>nos</strong></span> <span class='ocrx_word' id='word_1_46' title='bbox 1847 846 2061 899; x_wconf 88' lang='lat' dir='ltr'><strong>anima-</strong></span> 
     </span>
    </p>
   </div>
   <div class='ocr_carea' id='block_1_9' title="bbox 478 935 2059 1012">
    <p class='ocr_par' dir='ltr' id='par_1_9' title="bbox 478 935 2059 1012">
     <span class='ocr_line' id='line_1_9' title="bbox 478 935 2059 1012; baseline -0.002 -16"><span class='ocrx_word' id='word_1_47' title='bbox 478 943 551 996; x_wconf 90' lang='lat' dir='ltr'><strong>lia</strong></span> <span class='ocrx_word' id='word_1_48' title='bbox 590 943 837 1012; x_wconf 82' lang='lat' dir='ltr'><strong>quaedam</strong></span> <span class='ocrx_word' id='word_1_49' title='bbox 872 940 1101 997; x_wconf 82' lang='lat' dir='ltr'><strong>forsitan</strong></span> <span class='ocrx_word' id='word_1_50' title='bbox 1134 939 1320 1010; x_wconf 85' lang='lat' dir='ltr'><strong>januis</strong></span> <span class='ocrx_word' id='word_1_51' title='bbox 1353 937 1768 998; x_wconf 84' lang='lat' dir='ltr'><strong>constituimus,</strong></span> <span class='ocrx_word' id='word_1_52' title='bbox 1797 935 1880 1000; x_wconf 84' lang='lat' dir='ltr'><strong>sic</strong></span> <span class='ocrx_word' id='word_1_53' title='bbox 1914 935 2059 993; x_wconf 85' lang='lat' dir='ltr'><strong>Deus</strong></span> 
     </span>
    </p>
   </div>
   <div class='ocr_carea' id='block_1_10' title="bbox 479 1030 2062 1100">
    <p class='ocr_par' dir='ltr' id='par_1_10' title="bbox 479 1030 2062 1100">
     <span class='ocr_line' id='line_1_10' title="bbox 479 1030 2062 1100; baseline -0.003 -11"><span class='ocrx_word' id='word_1_54' title='bbox 479 1034 782 1089; x_wconf 82' lang='lat' dir='ltr'><strong>ﬂammeam</strong></span> <span class='ocrx_word' id='word_1_55' title='bbox 809 1033 1070 1089; x_wconf 78' lang='lat' dir='ltr'><strong>frameam</strong></span> <span class='ocrx_word' id='word_1_56' title='bbox 1102 1033 1393 1089; x_wconf 81' lang='lat' dir='ltr'><strong>constituit</strong></span> <span class='ocrx_word' id='word_1_57' title='bbox 1419 1039 1473 1088; x_wconf 85' lang='lat' dir='ltr'><strong>et</strong></span> <span class='ocrx_word' id='word_1_58' title='bbox 1523 1030 1832 1092; x_wconf 89' lang='lat' dir='ltr'><strong>cherubim,</strong></span> <span class='ocrx_word' id='word_1_59' title='bbox 1877 1035 1936 1083; x_wconf 84' lang='lat' dir='ltr'><strong>ut</strong></span> <span class='ocrx_word' id='word_1_60' title='bbox 1963 1043 2062 1100; x_wconf 78' lang='lat' dir='ltr'><strong>per</strong></span> 
     </span>
    </p>
   </div>
   <div class='ocr_carea' id='block_1_11' title="bbox 480 1115 2060 1194">
    <p class='ocr_par' dir='ltr' id='par_1_11' title="bbox 480 1115 2060 1194">
     <span class='ocr_line' id='line_1_11' title="bbox 480 1115 2060 1194; baseline -0.003 -14"><span class='ocrx_word' id='word_1_61' title='bbox 480 1139 624 1190; x_wconf 86' lang='lat' dir='ltr'><strong>eam,</strong></span> <span class='ocrx_word' id='word_1_62' title='bbox 658 1139 779 1194; x_wconf 80' lang='lat' dir='ltr'><strong>quae</strong></span> <span class='ocrx_word' id='word_1_63' title='bbox 809 1135 895 1180; x_wconf 87' lang='lat' dir='ltr'><strong>est</strong></span> <span class='ocrx_word' id='word_1_64' title='bbox 925 1123 1192 1180; x_wconf 85' lang='lat' dir='ltr'><strong>terribilis</strong></span> <span class='ocrx_word' id='word_1_65' title='bbox 1212 1123 1280 1178; x_wconf 92' lang='lat' dir='ltr'><strong>de</strong></span> <span class='ocrx_word' id='word_1_66' title='bbox 1310 1123 1458 1187; x_wconf 88' lang='lat' dir='ltr'><strong>visu,</strong></span> <span class='ocrx_word' id='word_1_67' title='bbox 1491 1115 1666 1177; x_wconf 78' lang='lat' dir='ltr'><strong>Adam</strong></span> <span class='ocrx_word' id='word_1_68' title='bbox 1702 1135 1826 1174; x_wconf 88' lang='lat' dir='ltr'><strong>cum</strong></span> <span class='ocrx_word' id='word_1_69' title='bbox 1859 1119 2060 1175; x_wconf 89' lang='lat' dir='ltr'><strong>timore</strong></span> 
     </span>
    </p>
   </div>
   <div class='ocr_carea' id='block_1_12' title="bbox 1418 1340 1552 1353">
    <p class='ocr_par' dir='ltr' id='par_1_12' title="bbox 1498 1340 1552 1347">
     <span class='ocr_line' id='line_1_12' title="bbox 1498 1340 1552 1347; baseline 0 -2"><span class='ocrx_word' id='word_1_70' title='bbox 1498 1340 1552 1347; x_wconf 71' lang='grc'><strong>---</strong></span> 
     </span>
    </p>
   </div>
   <div class='ocr_carea' id='block_1_13' title="bbox 2159 561 3743 636">
    <p class='ocr_par' dir='ltr' id='par_1_13' title="bbox 2159 561 3743 636">
     <span class='ocr_line' id='line_1_13' title="bbox 2159 561 3743 636; baseline -0.003 -14"><span class='ocrx_word' id='word_1_71' title='bbox 2159 565 2280 622; x_wconf 87' lang='lat' dir='ltr'><strong>Non</strong></span> <span class='ocrx_word' id='word_1_72' title='bbox 2313 567 2461 622; x_wconf 89' lang='lat' dir='ltr'><strong>enim</strong></span> <span class='ocrx_word' id='word_1_73' title='bbox 2498 565 2806 621; x_wconf 81' lang='lat' dir='ltr'><strong>invisibiles</strong></span> <span class='ocrx_word' id='word_1_74' title='bbox 2835 565 3102 636; x_wconf 88' lang='lat' dir='ltr'><strong>quasdam</strong></span> <span class='ocrx_word' id='word_1_75' title='bbox 3131 562 3365 619; x_wconf 79' lang='lat' dir='ltr'><strong>virtutes</strong></span> <span class='ocrx_word' id='word_1_76' title='bbox 3421 561 3556 618; x_wconf 85' lang='lat' dir='ltr'><strong>dicit</strong></span> <span class='ocrx_word' id='word_1_77' title='bbox 3609 563 3743 618; x_wconf 78' lang='lat' dir='ltr'><strong>clte-</strong></span> 
     </span>
    </p>
   </div>
   <div class='ocr_carea' id='block_1_14' title="bbox 2163 652 3744 728">
    <p class='ocr_par' dir='ltr' id='par_1_14' title="bbox 2163 652 3744 728">
     <span class='ocr_line' id='line_1_14' title="bbox 2163 652 3744 728; baseline -0.003 -16"><span class='ocrx_word' id='word_1_78' title='bbox 2163 659 2342 728; x_wconf 81' lang='lat' dir='ltr'><strong>rubim</strong></span> <span class='ocrx_word' id='word_1_79' title='bbox 2374 657 2486 726; x_wconf 91' lang='lat' dir='ltr'><strong>hic,</strong></span> <span class='ocrx_word' id='word_1_80' title='bbox 2525 657 2670 715; x_wconf 88' lang='lat' dir='ltr'><strong>sicut</strong></span> <span class='ocrx_word' id='word_1_81' title='bbox 2699 655 2917 728; x_wconf 88' lang='lat' dir='ltr'><strong>quidam</strong></span> <span class='ocrx_word' id='word_1_82' title='bbox 2939 655 3312 712; x_wconf 89' lang='lat' dir='ltr'><strong>arbitrantur:</strong></span> <span class='ocrx_word' id='word_1_83' title='bbox 3343 652 3603 726; x_wconf 88' lang='lat' dir='ltr'><strong>quoniam</strong></span> <span class='ocrx_word' id='word_1_84' title='bbox 3629 668 3744 708; x_wconf 88' lang='lat' dir='ltr'><strong>non</strong></span> 
     </span>
    </p>
   </div>
   <div class='ocr_carea' id='block_1_15' title="bbox 2163 745 3744 821">
    <p class='ocr_par' dir='ltr' id='par_1_15' title="bbox 2163 745 3744 821">
     <span class='ocr_line' id='line_1_15' title="bbox 2163 745 3744 821; baseline -0.003 -15"><span class='ocrx_word' id='word_1_85' title='bbox 2163 749 2376 821; x_wconf 86' lang='lat' dir='ltr'><strong>aliquid</strong></span> <span class='ocrx_word' id='word_1_86' title='bbox 2408 749 2627 806; x_wconf 86' lang='lat' dir='ltr'><strong>valebat</strong></span> <span class='ocrx_word' id='word_1_87' title='bbox 2664 747 2961 806; x_wconf 79' lang='lat' dir='ltr'><strong>invisibilis</strong></span> <span class='ocrx_word' id='word_1_88' title='bbox 2999 757 3199 805; x_wconf 85' lang='lat' dir='ltr'><strong>natura</strong></span> <span class='ocrx_word' id='word_1_89' title='bbox 3235 745 3331 813; x_wconf 86' lang='lat' dir='ltr'><strong>ibi,</strong></span> <span class='ocrx_word' id='word_1_90' title='bbox 3381 761 3506 801; x_wconf 89' lang='lat' dir='ltr'><strong>cum</strong></span> <span class='ocrx_word' id='word_1_91' title='bbox 3561 747 3744 803; x_wconf 87' lang='lat' dir='ltr'><strong>sensi-</strong></span> 
     </span>
    </p>
   </div>
   <div class='ocr_carea' id='block_1_16' title="bbox 2166 837 3742 908">
    <p class='ocr_par' dir='ltr' id='par_1_16' title="bbox 2166 837 3742 908">
     <span class='ocr_line' id='line_1_16' title="bbox 2166 837 3742 908; baseline -0.002 -11"><span class='ocrx_word' id='word_1_92' title='bbox 2166 841 2298 897; x_wconf 88' lang='lat' dir='ltr'><strong>bilis</strong></span> <span class='ocrx_word' id='word_1_93' title='bbox 2337 841 2489 898; x_wconf 87' lang='lat' dir='ltr'><strong>visus</strong></span> <span class='ocrx_word' id='word_1_94' title='bbox 2519 855 2644 897; x_wconf 89' lang='lat' dir='ltr'><strong>esse</strong></span> <span class='ocrx_word' id='word_1_95' title='bbox 2669 841 2915 905; x_wconf 89' lang='lat' dir='ltr'><strong>deberet,</strong></span> <span class='ocrx_word' id='word_1_96' title='bbox 2952 845 3007 894; x_wconf 92' lang='lat' dir='ltr'><strong>et</strong></span> <span class='ocrx_word' id='word_1_97' title='bbox 3037 853 3158 908; x_wconf 72' lang='lat' dir='ltr'><strong>quae</strong></span> <span class='ocrx_word' id='word_1_98' title='bbox 3207 837 3381 892; x_wconf 83' lang='lat' dir='ltr'><strong>Adam</strong></span> <span class='ocrx_word' id='word_1_99' title='bbox 3421 837 3742 908; x_wconf 78' lang='lat' dir='ltr'><strong>castigaret.</strong></span> 
     </span>
    </p>
   </div>
   <div class='ocr_carea' id='block_1_17' title="bbox 2164 925 3743 1004">
    <p class='ocr_par' dir='ltr' id='par_1_17' title="bbox 2164 925 3743 1004">
     <span class='ocr_line' id='line_1_17' title="bbox 2164 925 3743 1004; baseline -0.004 -16"><span class='ocrx_word' id='word_1_100' title='bbox 2164 929 2279 988; x_wconf 77' lang='lat' dir='ltr'><strong>Nec</strong></span> <span class='ocrx_word' id='word_1_101' title='bbox 2303 932 2474 1004; x_wconf 74' lang='lat' dir='ltr'><strong>igitur</strong></span> <span class='ocrx_word' id='word_1_102' title='bbox 2500 929 2755 986; x_wconf 81' lang='lat' dir='ltr'><strong>ﬂammea</strong></span> <span class='ocrx_word' id='word_1_103' title='bbox 2789 927 3004 984; x_wconf 84' lang='lat' dir='ltr'><strong>framea</strong></span> <span class='ocrx_word' id='word_1_104' title='bbox 3031 935 3229 983; x_wconf 88' lang='lat' dir='ltr'><strong>natura</strong></span> <span class='ocrx_word' id='word_1_105' title='bbox 3277 934 3396 981; x_wconf 86' lang='lat' dir='ltr'><strong>erat</strong></span> <span class='ocrx_word' id='word_1_106' title='bbox 3432 925 3597 996; x_wconf 77' lang='lat' dir='ltr'><strong>ignis,</strong></span> <span class='ocrx_word' id='word_1_107' title='bbox 3644 927 3743 982; x_wconf 86' lang='lat' dir='ltr'><strong>sed</strong></span> 
     </span>
    </p>
   </div>
   <div class='ocr_carea' id='block_1_18' title="bbox 2166 1018 3748 1085">
    <p class='ocr_par' dir='ltr' id='par_1_18' title="bbox 2166 1018 3748 1085">
     <span class='ocr_line' id='line_1_18' title="bbox 2166 1018 3748 1085; baseline -0.001 -9"><span class='ocrx_word' id='word_1_108' title='bbox 2166 1023 2294 1078; x_wconf 89' lang='lat' dir='ltr'><strong>talis</strong></span> <span class='ocrx_word' id='word_1_109' title='bbox 2333 1023 2524 1079; x_wconf 89' lang='lat' dir='ltr'><strong>visus:</strong></span> <span class='ocrx_word' id='word_1_110' title='bbox 2584 1036 2688 1079; x_wconf 89' lang='lat' dir='ltr'><strong>nec</strong></span> <span class='ocrx_word' id='word_1_111' title='bbox 2746 1019 3032 1078; x_wconf 82' lang='lat' dir='ltr'><strong>cherubim</strong></span> <span class='ocrx_word' id='word_1_112' title='bbox 3085 1018 3370 1085; x_wconf 81' lang='lat' dir='ltr'><strong>animalia,</strong></span> <span class='ocrx_word' id='word_1_113' title='bbox 3421 1022 3520 1075; x_wconf 82' lang='lat' dir='ltr'><strong>sed</strong></span> <span class='ocrx_word' id='word_1_114' title='bbox 3590 1019 3748 1076; x_wconf 85' lang='lat' dir='ltr'><strong>visus</strong></span> 
     </span>
    </p>
   </div>
   <div class='ocr_carea' id='block_1_19' title="bbox 2166 1116 2318 1173">
    <p class='ocr_par' dir='ltr' id='par_1_19' title="bbox 2166 1116 2318 1173">
     <span class='ocr_line' id='line_1_19' title="bbox 2166 1116 2318 1173; baseline 0.02 -3"><span class='ocrx_word' id='word_1_115' title='bbox 2166 1116 2318 1173; x_wconf 91' lang='lat' dir='ltr'><strong>talis.</strong></span> 
     </span>
    </p>
   </div>
   <div class='ocr_carea' id='block_1_20' title="bbox 1118 1519 3121 1613">
    <p class='ocr_par' dir='ltr' id='par_1_20' title="bbox 1118 1519 3121 1613">
     <span class='ocr_line' id='line_1_20' title="bbox 1118 1519 3121 1613; baseline -0.002 -2"><span class='ocrx_word' id='word_1_116' title='bbox 1118 1522 1844 1613; x_wconf 78' lang='lat' dir='ltr'><strong>FRAGMENTA</strong></span> <span class='ocrx_word' id='word_1_117' title='bbox 1947 1521 2224 1610; x_wconf 83' lang='lat' dir='ltr'><strong>ALIA</strong></span> <span class='ocrx_word' id='word_1_118' title='bbox 2338 1522 2463 1610; x_wconf 87' lang='lat' dir='ltr'><strong>IN</strong></span> <span class='ocrx_word' id='word_1_119' title='bbox 2553 1519 3121 1610; x_wconf 87' lang='lat' dir='ltr'><strong>GENESIN.</strong></span> 
     </span>
    </p>
   </div>
   <div class='ocr_carea' id='block_1_21' title="bbox 1358 1709 2857 1775">
    <p class='ocr_par' dir='ltr' id='par_1_21' title="bbox 1358 1709 2857 1775">
     <span class='ocr_line' id='line_1_21' title="bbox 1358 1709 2857 1775; baseline -0.004 -9"><span class='ocrx_word' id='word_1_120' title='bbox 1358 1714 1432 1766; x_wconf 81' lang='lat' dir='ltr'><strong>Ex</strong></span> <span class='ocrx_word' id='word_1_121' title='bbox 1453 1715 1636 1767; x_wconf 85' lang='lat' dir='ltr'><strong>Catena</strong></span> <span class='ocrx_word' id='word_1_122' title='bbox 1658 1711 1926 1775; x_wconf 82' lang='lat' dir='ltr'><strong>Nicephori</strong></span> <span class='ocrx_word' id='word_1_123' title='bbox 1949 1710 2195 1772; x_wconf 85' lang='lat' dir='ltr'><strong>monachi,</strong></span> <span class='ocrx_word' id='word_1_124' title='bbox 2221 1709 2400 1774; x_wconf 68' lang='lat' dir='ltr'><strong>Lipsia</strong></span> <span class='ocrx_word' id='word_1_125' title='bbox 2430 1710 2552 1762; x_wconf 77' lang='grc'><strong>1772</strong></span> <span class='ocrx_word' id='word_1_126' title='bbox 2572 1709 2735 1762; x_wconf 89' lang='lat' dir='ltr'><strong>in-fol.</strong></span> <span class='ocrx_word' id='word_1_127' title='bbox 2764 1711 2857 1774; x_wconf 84' lang='lat' dir='ltr'><strong>(a).</strong></span> 
     </span>
    </p>
   </div>
   <div class='ocr_carea' id='block_1_22' title="bbox 1152 2033 1390 2090">
    <p class='ocr_par' dir='ltr' id='par_1_22' title="bbox 1152 2033 1390 2090">
     <span class='ocr_line' id='line_1_22' title="bbox 1152 2033 1390 2090; baseline -0.008 0"><span class='ocrx_word' id='word_1_128' title='bbox 1152 2033 1306 2090; x_wconf 78' lang='lat' dir='ltr'><strong>CAP.</strong></span> <span class='ocrx_word' id='word_1_129' title='bbox 1349 2033 1390 2088; x_wconf 88' lang='grc' dir='ltr'><strong>Ι.</strong></span> 
     </span>
    </p>
   </div>
   <div class='ocr_carea' id='block_1_23' title="bbox 569 2143 2064 2208">
    <p class='ocr_par' dir='ltr' id='par_1_23' title="bbox 569 2143 2064 2208">
     <span class='ocr_line' id='line_1_23' title="bbox 569 2143 2064 2208; baseline -0.007 0"><span class='ocrx_word' id='word_1_130' title='bbox 569 2149 838 2208; x_wconf 53' lang='lat' dir='ltr'><strong>Vnam”.</strong></span> <span class='ocrx_word' id='word_1_131' title='bbox 877 2177 945 2190; x_wconf 68' lang='grc'><strong>«-</strong></span> <span class='ocrx_word' id='word_1_132' title='bbox 979 2145 1261 2202; x_wconf 78' lang='lat' dir='ltr'><strong>Theodori.</strong></span> <span class='ocrx_word' id='word_1_133' title='bbox 1307 2145 1470 2202; x_wconf 68' lang='lat' dir='ltr'><strong>Fiant</strong></span> <span class='ocrx_word' id='word_1_134' title='bbox 1505 2145 1792 2200; x_wconf 79' lang='lat' dir='ltr'><strong>luminaria</strong></span> <span class='ocrx_word' id='word_1_135' title='bbox 1820 2146 1874 2198; x_wconf 83' lang='lat' dir='ltr'><strong>in</strong></span> <span class='ocrx_word' id='word_1_136' title='bbox 1908 2143 2064 2208; x_wconf 69' lang='lat' dir='ltr'><strong>creto,</strong></span> 
     </span>
    </p>
   </div>
   <div class='ocr_carea' id='block_1_24' title="bbox 491 2236 2070 2310">
    <p class='ocr_par' dir='ltr' id='par_1_24' title="bbox 491 2236 2070 2310">
     <span class='ocr_line' id='line_1_24' title="bbox 491 2236 2070 2310; baseline -0.005 -10"><span class='ocrx_word' id='word_1_137' title='bbox 491 2247 591 2310; x_wconf 86' lang='lat' dir='ltr'><strong>ait,</strong></span> <span class='ocrx_word' id='word_1_138' title='bbox 630 2260 740 2299; x_wconf 90' lang='lat' dir='ltr'><strong>non</strong></span> <span class='ocrx_word' id='word_1_139' title='bbox 769 2245 819 2298; x_wconf 90' lang='lat' dir='ltr'><strong>ei</strong></span> <span class='ocrx_word' id='word_1_140' title='bbox 859 2241 1225 2306; x_wconf 57' lang='lat' dir='ltr'><strong>adhaerentia,</strong></span> <span class='ocrx_word' id='word_1_141' title='bbox 1264 2238 1362 2295; x_wconf 86' lang='lat' dir='ltr'><strong>sed</strong></span> <span class='ocrx_word' id='word_1_142' title='bbox 1407 2239 1557 2294; x_wconf 86' lang='lat' dir='ltr'><strong>velut</strong></span> <span class='ocrx_word' id='word_1_143' title='bbox 1598 2253 1765 2310; x_wconf 80' lang='lat' dir='ltr'><strong>super</strong></span> <span class='ocrx_word' id='word_1_144' title='bbox 1803 2236 1942 2293; x_wconf 90' lang='lat' dir='ltr'><strong>illud</strong></span> <span class='ocrx_word' id='word_1_145' title='bbox 1973 2237 2070 2292; x_wconf 85' lang='lat' dir='ltr'><strong>de-</strong></span> 
     </span>
    </p>
   </div>
   <div class='ocr_carea' id='block_1_25' title="bbox 491 2328 2072 2402">
    <p class='ocr_par' dir='ltr' id='par_1_25' title="bbox 491 2328 2072 2402">
     <span class='ocr_line' id='line_1_25' title="bbox 491 2328 2072 2402; baseline -0.006 -8"><span class='ocrx_word' id='word_1_146' title='bbox 491 2339 760 2394; x_wconf 89' lang='lat' dir='ltr'><strong>stinatum</strong></span> <span class='ocrx_word' id='word_1_147' title='bbox 790 2335 896 2390; x_wconf 89' lang='lat' dir='ltr'><strong>sibi</strong></span> <span class='ocrx_word' id='word_1_148' title='bbox 925 2349 1151 2390; x_wconf 86' lang='lat' dir='ltr'><strong>cursum</strong></span> <span class='ocrx_word' id='word_1_149' title='bbox 1183 2331 1555 2402; x_wconf 82' lang='lat' dir='ltr'><strong>perficientia.</strong></span> <span class='ocrx_word' id='word_1_150' title='bbox 1581 2329 1797 2386; x_wconf 88' lang='lat' dir='ltr'><strong>Pariter</strong></span> <span class='ocrx_word' id='word_1_151' title='bbox 1825 2330 1971 2386; x_wconf 89' lang='lat' dir='ltr'><strong>enim</strong></span> <span class='ocrx_word' id='word_1_152' title='bbox 2000 2328 2072 2385; x_wconf 90' lang='lat' dir='ltr'><strong>de</strong></span> 
     </span>
    </p>
   </div>
   <div class='ocr_carea' id='block_1_26' title="bbox 491 2423 2070 2492">
    <p class='ocr_par' dir='ltr' id='par_1_26' title="bbox 491 2423 2070 2492">
     <span class='ocr_line' id='line_1_26' title="bbox 491 2423 2070 2492; baseline -0.006 -8"><span class='ocrx_word' id='word_1_153' title='bbox 491 2431 666 2485; x_wconf 82' lang='lat' dir='ltr'><strong>Adam</strong></span> <span class='ocrx_word' id='word_1_154' title='bbox 700 2427 908 2482; x_wconf 90' lang='lat' dir='ltr'><strong>dictum</strong></span> <span class='ocrx_word' id='word_1_155' title='bbox 943 2433 1030 2479; x_wconf 85' lang='lat' dir='ltr'><strong>est</strong></span> <span class='ocrx_word' id='word_1_156' title='bbox 1085 2438 1099 2476; x_wconf 88' lang='lat'><strong>:</strong></span> <span class='ocrx_word' id='word_1_157' title='bbox 1137 2423 1333 2478; x_wconf 82' lang='lat' dir='ltr'><strong>Posuit</strong></span> <span class='ocrx_word' id='word_1_158' title='bbox 1369 2440 1490 2478; x_wconf 87' lang='lat' dir='ltr'><strong>eum</strong></span> <span class='ocrx_word' id='word_1_159' title='bbox 1539 2423 1596 2478; x_wconf 82' lang='lat' dir='ltr'><strong>in</strong></span> <span class='ocrx_word' id='word_1_160' title='bbox 1625 2423 1880 2492; x_wconf 76' lang='lat' dir='ltr'><strong>paradiso</strong></span> <span class='ocrx_word' id='word_1_161' title='bbox 1903 2462 1918 2488; x_wconf 92' lang='lat'><strong>,</strong></span> <span class='ocrx_word' id='word_1_162' title='bbox 1960 2438 2070 2477; x_wconf 92' lang='lat' dir='ltr'><strong>non</strong></span> 
     </span>
    </p>
   </div>
   <div class='ocr_carea' id='block_1_27' title="bbox 491 2513 2074 2584">
    <p class='ocr_par' dir='ltr' id='par_1_27' title="bbox 491 2513 2074 2584">
     <span class='ocr_line' id='line_1_27' title="bbox 491 2513 2074 2584; baseline -0.004 -11"><span class='ocrx_word' id='word_1_163' title='bbox 491 2533 625 2573; x_wconf 84' lang='lat' dir='ltr'><strong>sane</strong></span> <span class='ocrx_word' id='word_1_164' title='bbox 651 2525 810 2572; x_wconf 66' lang='lat' dir='ltr'><strong>terrae</strong></span> <span class='ocrx_word' id='word_1_165' title='bbox 847 2514 1090 2580; x_wconf 79' lang='lat' dir='ltr'><strong>aﬂixum,</strong></span> <span class='ocrx_word' id='word_1_166' title='bbox 1129 2515 1225 2570; x_wconf 89' lang='lat' dir='ltr'><strong>sed</strong></span> <span class='ocrx_word' id='word_1_167' title='bbox 1257 2529 1424 2584; x_wconf 88' lang='lat' dir='ltr'><strong>super</strong></span> <span class='ocrx_word' id='word_1_168' title='bbox 1455 2523 1656 2568; x_wconf 88' lang='lat' dir='ltr'><strong>terram</strong></span> <span class='ocrx_word' id='word_1_169' title='bbox 1692 2513 1800 2568; x_wconf 87' lang='lat' dir='ltr'><strong>huc</strong></span> <span class='ocrx_word' id='word_1_170' title='bbox 1829 2513 2074 2582; x_wconf 84' lang='lat' dir='ltr'><strong>illucque</strong></span> 
     </span>
    </p>
   </div>
   <div class='ocr_carea' id='block_1_28' title="bbox 496 2605 2076 2682">
    <p class='ocr_par' dir='ltr' id='par_1_28' title="bbox 496 2605 2076 2682">
     <span class='ocr_line' id='line_1_28' title="bbox 496 2605 2076 2682; baseline -0.004 -16"><span class='ocrx_word' id='word_1_171' title='bbox 496 2618 798 2682; x_wconf 81' lang='lat' dir='ltr'><strong>vagantem.</strong></span> <span class='ocrx_word' id='word_1_172' title='bbox 849 2606 1025 2661; x_wconf 89' lang='lat' dir='ltr'><strong>Simili</strong></span> <span class='ocrx_word' id='word_1_173' title='bbox 1067 2607 1280 2661; x_wconf 87' lang='lat' dir='ltr'><strong>ratione</strong></span> <span class='ocrx_word' id='word_1_174' title='bbox 1315 2606 1476 2674; x_wconf 89' lang='lat' dir='ltr'><strong>jubet</strong></span> <span class='ocrx_word' id='word_1_175' title='bbox 1522 2607 1613 2660; x_wconf 89' lang='lat' dir='ltr'><strong>hic</strong></span> <span class='ocrx_word' id='word_1_176' title='bbox 1670 2605 1966 2660; x_wconf 87' lang='lat' dir='ltr'><strong>luminaria</strong></span> <span class='ocrx_word' id='word_1_177' title='bbox 2017 2605 2076 2660; x_wconf 92' lang='lat' dir='ltr'><strong>in</strong></span> 
     </span>
    </p>
   </div>
   <div class='ocr_carea' id='block_1_29' title="bbox 495 2696 2076 2770">
    <p class='ocr_par' dir='ltr' id='par_1_29' title="bbox 495 2696 2076 2770">
     <span class='ocr_line' id='line_1_29' title="bbox 495 2696 2076 2770; baseline -0.005 -11"><span class='ocrx_word' id='word_1_178' title='bbox 495 2705 839 2759; x_wconf 76' lang='lat' dir='ltr'><strong>firmamento</strong></span> <span class='ocrx_word' id='word_1_179' title='bbox 882 2700 1008 2756; x_wconf 74' lang='grc' dir='ltr'><strong>οωιὶ</strong></span> <span class='ocrx_word' id='word_1_180' title='bbox 1055 2701 1269 2770; x_wconf 88' lang='lat' dir='ltr'><strong>reponi.</strong></span> <span class='ocrx_word' id='word_1_181' title='bbox 1323 2699 1493 2755; x_wconf 81' lang='lat' dir='ltr'><strong>Recte</strong></span> <span class='ocrx_word' id='word_1_182' title='bbox 1531 2709 1712 2754; x_wconf 88' lang='lat' dir='ltr'><strong>autem</strong></span> <span class='ocrx_word' id='word_1_183' title='bbox 1767 2698 1961 2768; x_wconf 86' lang='lat' dir='ltr'><strong>adjicit</strong></span> <span class='ocrx_word' id='word_1_184' title='bbox 2006 2696 2076 2752; x_wconf 79' lang='lat' dir='ltr'><strong>ad</strong></span> 
     </span>
    </p>
   </div>
   <div class='ocr_carea' id='block_1_30' title="bbox 493 2791 2080 2863">
    <p class='ocr_par' dir='ltr' id='par_1_30' title="bbox 493 2791 2080 2863">
     <span class='ocr_line' id='line_1_30' title="bbox 493 2791 2080 2863; baseline -0.007 -10"><span class='ocrx_word' id='word_1_185' title='bbox 493 2795 940 2853; x_wconf 82' lang='lat' dir='ltr'><strong>illuminationem</strong></span> <span class='ocrx_word' id='word_1_186' title='bbox 981 2809 1138 2863; x_wconf 80' lang='lat' dir='ltr'><strong>super</strong></span> <span class='ocrx_word' id='word_1_187' title='bbox 1166 2802 1388 2857; x_wconf 80' lang='lat' dir='ltr'><strong>(errant,</strong></span> <span class='ocrx_word' id='word_1_188' title='bbox 1417 2791 1579 2862; x_wconf 87' lang='lat' dir='ltr'><strong>quasi</strong></span> <span class='ocrx_word' id='word_1_189' title='bbox 1607 2791 1780 2853; x_wconf 90' lang='lat' dir='ltr'><strong>dicat,</strong></span> <span class='ocrx_word' id='word_1_190' title='bbox 1818 2797 1878 2844; x_wconf 90' lang='lat' dir='ltr'><strong>ut</strong></span> <span class='ocrx_word' id='word_1_191' title='bbox 1918 2797 2080 2843; x_wconf 71' lang='lat' dir='ltr'><strong>terra:</strong></span> 
     </span>
    </p>
   </div>
   <div class='ocr_carea' id='block_1_31' title="bbox 496 2882 2078 2948">
    <p class='ocr_par' dir='ltr' id='par_1_31' title="bbox 496 2882 2078 2948">
     <span class='ocr_line' id='line_1_31' title="bbox 496 2882 2078 2948; baseline -0.008 -2"><span class='ocrx_word' id='word_1_192' title='bbox 496 2892 820 2946; x_wconf 82' lang='lat' dir='ltr'><strong>inserviant.</strong></span> <span class='ocrx_word' id='word_1_193' title='bbox 871 2887 972 2944; x_wconf 80' lang='lat' dir='ltr'><strong>liis</strong></span> <span class='ocrx_word' id='word_1_194' title='bbox 1011 2888 1158 2948; x_wconf 84' lang='lat' dir='ltr'><strong>enim</strong></span> <span class='ocrx_word' id='word_1_195' title='bbox 1205 2886 1274 2942; x_wconf 87' lang='lat' dir='ltr'><strong>de</strong></span> <span class='ocrx_word' id='word_1_196' title='bbox 1307 2885 1496 2942; x_wconf 87' lang='lat' dir='ltr'><strong>causis</strong></span> <span class='ocrx_word' id='word_1_197' title='bbox 1533 2887 1589 2940; x_wconf 91' lang='lat' dir='ltr'><strong>in</strong></span> <span class='ocrx_word' id='word_1_198' title='bbox 1635 2883 1778 2940; x_wconf 62' lang='lat' dir='ltr'><strong>coelo</strong></span> <span class='ocrx_word' id='word_1_199' title='bbox 1807 2882 2078 2938; x_wconf 86' lang='lat' dir='ltr'><strong>collocata</strong></span> 
     </span>
    </p>
   </div>
   <div class='ocr_carea' id='block_1_32' title="bbox 498 2993 649 3038">
    <p class='ocr_par' dir='ltr' id='par_1_32' title="bbox 498 2993 649 3038">
     <span class='ocr_line' id='line_1_32' title="bbox 498 2993 649 3038; baseline -0.007 0"><span class='ocrx_word' id='word_1_200' title='bbox 498 2993 649 3038; x_wconf 85' lang='lat' dir='ltr'><strong>sunt.</strong></span> 
     </span>
    </p>
   </div>
   <div class='ocr_carea' id='block_1_33' title="bbox 1157 3110 1428 3168">
    <p class='ocr_par' dir='ltr' id='par_1_33' title="bbox 1157 3110 1428 3168">
     <span class='ocr_line' id='line_1_33' title="bbox 1157 3110 1428 3168; baseline 0 0"><span class='ocrx_word' id='word_1_201' title='bbox 1157 3111 1312 3168; x_wconf 79' lang='lat' dir='ltr'><strong>CAP.</strong></span> <span class='ocrx_word' id='word_1_202' title='bbox 1364 3110 1428 3168; x_wconf 88' lang='lat' dir='ltr'><strong>ll.</strong></span> 
     </span>
    </p>
   </div>
   <div class='ocr_carea' id='block_1_34' title="bbox 579 3223 2085 3284">
    <p class='ocr_par' dir='ltr' id='par_1_34' title="bbox 579 3223 2085 3284">
     <span class='ocr_line' id='line_1_34' title="bbox 579 3223 2085 3284; baseline -0.002 -2"><span class='ocrx_word' id='word_1_203' title='bbox 579 3230 742 3284; x_wconf 70' lang='lat' dir='ltr'><strong>Vens.</strong></span> <span class='ocrx_word' id='word_1_204' title='bbox 784 3227 838 3282; x_wconf 76' lang='lat'><strong>2.</strong></span> <span class='ocrx_word' id='word_1_205' title='bbox 871 3257 941 3267; x_wconf 93' lang='lat'><strong>—</strong></span> <span class='ocrx_word' id='word_1_206' title='bbox 977 3224 1042 3279; x_wconf 88' lang='lat' dir='ltr'><strong>Et</strong></span> <span class='ocrx_word' id='word_1_207' title='bbox 1078 3227 1462 3280; x_wconf 82' lang='lat' dir='ltr'><strong>consummavit</strong></span> <span class='ocrx_word' id='word_1_208' title='bbox 1505 3225 1646 3280; x_wconf 77' lang='lat' dir='ltr'><strong>Deus</strong></span> <span class='ocrx_word' id='word_1_209' title='bbox 1689 3224 1744 3280; x_wconf 82' lang='lat' dir='ltr'><strong>in</strong></span> <span class='ocrx_word' id='word_1_210' title='bbox 1795 3223 1881 3279; x_wconf 84' lang='lat' dir='ltr'><strong>die</strong></span> <span class='ocrx_word' id='word_1_211' title='bbox 1936 3234 2085 3279; x_wconf 72' lang='lat' dir='ltr'><strong>sexto</strong></span> 
     </span>
    </p>
   </div>
   <div class='ocr_carea' id='block_1_35' title="bbox 505 3315 2088 3390">
    <p class='ocr_par' dir='ltr' id='par_1_35' title="bbox 505 3315 2088 3390">
     <span class='ocr_line' id='line_1_35' title="bbox 505 3315 2088 3390; baseline -0.004 -14"><span class='ocrx_word' id='word_1_212' title='bbox 505 3337 664 3390; x_wconf 84' lang='lat' dir='ltr'><strong>opera</strong></span> <span class='ocrx_word' id='word_1_213' title='bbox 693 3336 814 3382; x_wconf 80' lang='lat' dir='ltr'><strong>sua,</strong></span> <span class='ocrx_word' id='word_1_214' title='bbox 851 3331 967 3388; x_wconf 71' lang='lat' dir='ltr'><strong>qua:</strong></span> <span class='ocrx_word' id='word_1_215' title='bbox 997 3316 1156 3386; x_wconf 76' lang='lat' dir='ltr'><strong>fecit;</strong></span> <span class='ocrx_word' id='word_1_216' title='bbox 1194 3328 1242 3371; x_wconf 89' lang='lat' dir='ltr'><strong>et</strong></span> <span class='ocrx_word' id='word_1_217' title='bbox 1274 3318 1521 3389; x_wconf 84' lang='lat' dir='ltr'><strong>requievit</strong></span> <span class='ocrx_word' id='word_1_218' title='bbox 1553 3318 1607 3371; x_wconf 83' lang='lat' dir='ltr'><strong>in</strong></span> <span class='ocrx_word' id='word_1_219' title='bbox 1647 3315 1732 3371; x_wconf 89' lang='lat' dir='ltr'><strong>die</strong></span> <span class='ocrx_word' id='word_1_220' title='bbox 1764 3317 2006 3386; x_wconf 71' lang='lat' dir='ltr'><strong>septimo,</strong></span> <span class='ocrx_word' id='word_1_221' title='bbox 2035 3325 2088 3370; x_wconf 86' lang='lat' dir='ltr'><strong>et</strong></span> 
     </span>
    </p>
   </div>
   <div class='ocr_carea' id='block_1_36' title="bbox 2823 2033 3096 2088">
    <p class='ocr_par' dir='ltr' id='par_1_36' title="bbox 2823 2033 3096 2088">
     <span class='ocr_line' id='line_1_36' title="bbox 2823 2033 3096 2088; baseline 0 -2"><span class='ocrx_word' id='word_1_222' title='bbox 2823 2033 2982 2088; x_wconf 74' lang='grc' dir='ltr'><strong>ΚΕΦ.</strong></span> <span class='ocrx_word' id='word_1_223' title='bbox 3024 2035 3096 2087; x_wconf 76' lang='lat' dir='ltr'><strong>A&#39;.</strong></span> 
     </span>
    </p>
   </div>
   <div class='ocr_carea' id='block_1_37' title="bbox 2247 2140 3757 2219">
    <p class='ocr_par' dir='ltr' id='par_1_37' title="bbox 2247 2140 3757 2219">
     <span class='ocr_line' id='line_1_37' title="bbox 2247 2140 3757 2219; baseline 0.003 -21"><span class='ocrx_word' id='word_1_224' title='bbox 2247 2147 2392 2217; x_wconf 87' lang='grc' dir='ltr'>Στίχ.</span> <span class='ocrx_word' id='word_1_225' title='bbox 2432 2144 2515 2202; x_wconf 90' lang='grc' dir='ltr'>ιδ’.</span> <span class='ocrx_word' id='word_1_226' title='bbox 2543 2177 2611 2187; x_wconf 92' lang='lat'><strong>-—</strong></span> <span class='ocrx_word' id='word_1_227' title='bbox 2642 2146 2966 2215; x_wconf 83' lang='grc' dir='ltr'>Θεοδώρου.</span> <span class='ocrx_word' id='word_1_228' title='bbox 3005 2148 3171 2200; x_wconf 85' lang='grc' dir='ltr'>Ὥστε</span> <span class='ocrx_word' id='word_1_229' title='bbox 3219 2140 3379 2213; x_wconf 73' lang='grc' dir='ltr'>εἶναι,</span> <span class='ocrx_word' id='word_1_230' title='bbox 3420 2149 3606 2219; x_wconf 68' lang='grc' dir='ltr'>φησιν,</span> <span class='ocrx_word' id='word_1_231' title='bbox 3657 2149 3757 2202; x_wconf 81' lang='grc' dir='ltr'><strong>αύ-</strong></span> 
     </span>
    </p>
   </div>
   <div class='ocr_carea' id='block_1_38' title="bbox 2176 2239 3757 2312">
    <p class='ocr_par' dir='ltr' id='par_1_38' title="bbox 2176 2239 3757 2312">
     <span class='ocr_line' id='line_1_38' title="bbox 2176 2239 3757 2312; baseline 0.002 -20"><span class='ocrx_word' id='word_1_232' title='bbox 2176 2242 2302 2303; x_wconf 78' lang='grc' dir='ltr'>τοὺς</span> <span class='ocrx_word' id='word_1_233' title='bbox 2339 2240 2431 2293; x_wconf 76' lang='grc' dir='ltr'><strong>ἐπὶ</strong></span> <span class='ocrx_word' id='word_1_234' title='bbox 2481 2239 2573 2293; x_wconf 80' lang='grc' dir='ltr'><strong>τοῦ</strong></span> <span class='ocrx_word' id='word_1_235' title='bbox 2621 2240 2851 2312; x_wconf 83' lang='grc' dir='ltr'>ούρανοῦ</span> <span class='ocrx_word' id='word_1_236' title='bbox 2904 2242 2963 2294; x_wconf 87' lang='grc' dir='ltr'><strong>ού</strong></span> <span class='ocrx_word' id='word_1_237' title='bbox 3020 2239 3358 2312; x_wconf 81' lang='grc' dir='ltr'><strong>πεπηγότας,</strong></span> <span class='ocrx_word' id='word_1_238' title='bbox 3408 2241 3523 2295; x_wconf 85' lang='grc' dir='ltr'>ἀλλ’</span> <span class='ocrx_word' id='word_1_239' title='bbox 3556 2239 3632 2305; x_wconf 79' lang='grc' dir='ltr'><strong>ὡς</strong></span> <span class='ocrx_word' id='word_1_240' title='bbox 3671 2243 3757 2295; x_wconf 74' lang='grc' dir='ltr'><strong>ἐπ’</strong></span> 
     </span>
    </p>
   </div>
   <div class='ocr_carea' id='block_1_39' title="bbox 2177 2331 3760 2404">
    <p class='ocr_par' dir='ltr' id='par_1_39' title="bbox 2177 2331 3760 2404">
     <span class='ocr_line' id='line_1_39' title="bbox 2177 2331 3760 2404; baseline 0.001 -21"><span class='ocrx_word' id='word_1_241' title='bbox 2177 2331 2366 2393; x_wconf 78' lang='grc' dir='ltr'>αὑτοῦ,</span> <span class='ocrx_word' id='word_1_242' title='bbox 2400 2332 2491 2385; x_wconf 81' lang='grc' dir='ltr'>τὸν</span> <span class='ocrx_word' id='word_1_243' title='bbox 2519 2332 2716 2384; x_wconf 74' lang='grc' dir='ltr'>οἰκεῖον</span> <span class='ocrx_word' id='word_1_244' title='bbox 2746 2331 3130 2399; x_wconf 80' lang='grc' dir='ltr'><strong>ἐξελαύνοντας</strong></span> <span class='ocrx_word' id='word_1_245' title='bbox 3153 2333 3372 2404; x_wconf 80' lang='grc' dir='ltr'><strong>δρόμον.</strong></span> <span class='ocrx_word' id='word_1_246' title='bbox 3415 2333 3501 2397; x_wconf 81' lang='grc' dir='ltr'>Ὠς</span> <span class='ocrx_word' id='word_1_247' title='bbox 3529 2333 3622 2387; x_wconf 75' lang='grc' dir='ltr'><strong>καὶ</strong></span> <span class='ocrx_word' id='word_1_248' title='bbox 3667 2333 3760 2386; x_wconf 72' lang='grc' dir='ltr'><strong>ἐπὶ</strong></span> 
     </span>
    </p>
   </div>
   <div class='ocr_carea' id='block_1_40' title="bbox 2179 2421 3757 2495">
    <p class='ocr_par' dir='ltr' id='par_1_40' title="bbox 2179 2421 3757 2495">
     <span class='ocr_line' id='line_1_40' title="bbox 2179 2421 3757 2495; baseline 0.003 -20"><span class='ocrx_word' id='word_1_249' title='bbox 2179 2421 2272 2476; x_wconf 77' lang='grc' dir='ltr'><strong>τοῦ</strong></span> <span class='ocrx_word' id='word_1_250' title='bbox 2313 2423 2483 2494; x_wconf 80' lang='grc' dir='ltr'>Ἀδάμ</span> <span class='ocrx_word' id='word_1_251' title='bbox 2510 2440 2696 2494; x_wconf 83' lang='grc' dir='ltr'>φησιν,</span> <span class='ocrx_word' id='word_1_252' title='bbox 2731 2425 2935 2479; x_wconf 79' lang='grc' dir='ltr'>Ἕθετο</span> <span class='ocrx_word' id='word_1_253' title='bbox 2959 2425 3148 2479; x_wconf 80' lang='grc' dir='ltr'>αὑτὸν</span> <span class='ocrx_word' id='word_1_254' title='bbox 3183 2425 3254 2478; x_wconf 81' lang='grc' dir='ltr'><strong>ἐν</strong></span> <span class='ocrx_word' id='word_1_255' title='bbox 3273 2424 3355 2491; x_wconf 85' lang='grc' dir='ltr'>τῷ</span> <span class='ocrx_word' id='word_1_256' title='bbox 3382 2423 3725 2495; x_wconf 75' lang='grc' dir='ltr'><strong>παραδείσῳ</strong></span> <span class='ocrx_word' id='word_1_257' title='bbox 3741 2465 3757 2489; x_wconf 92' lang='grc'><strong>,</strong></span> 
     </span>
    </p>
   </div>
   <div class='ocr_carea' id='block_1_41' title="bbox 2180 2515 3763 2590">
    <p class='ocr_par' dir='ltr' id='par_1_41' title="bbox 2180 2515 3763 2590">
     <span class='ocr_line' id='line_1_41' title="bbox 2180 2515 3763 2590; baseline 0.004 -22"><span class='ocrx_word' id='word_1_258' title='bbox 2180 2515 2276 2585; x_wconf 82' lang='grc' dir='ltr'><strong>οὐχ</strong></span> <span class='ocrx_word' id='word_1_259' title='bbox 2318 2515 2394 2580; x_wconf 83' lang='grc' dir='ltr'><strong>ὡς</strong></span> <span class='ocrx_word' id='word_1_260' title='bbox 2435 2517 2725 2587; x_wconf 78' lang='grc' dir='ltr'><strong>πεπηγότα</strong></span> <span class='ocrx_word' id='word_1_261' title='bbox 2767 2517 2862 2571; x_wconf 73' lang='grc' dir='ltr'><strong>ἐπὶ</strong></span> <span class='ocrx_word' id='word_1_262' title='bbox 2902 2517 2999 2588; x_wconf 86' lang='grc' dir='ltr'>τῆς</span> <span class='ocrx_word' id='word_1_263' title='bbox 3030 2519 3154 2589; x_wconf 85' lang='grc' dir='ltr'>γῆς,</span> <span class='ocrx_word' id='word_1_264' title='bbox 3181 2517 3296 2572; x_wconf 86' lang='grc' dir='ltr'>ἀλλ’</span> <span class='ocrx_word' id='word_1_265' title='bbox 3336 2519 3412 2581; x_wconf 81' lang='grc' dir='ltr'>ὡς</span> <span class='ocrx_word' id='word_1_266' title='bbox 3446 2517 3763 2590; x_wconf 86' lang='grc' dir='ltr'>κινούμενον</span> 
     </span>
    </p>
   </div>
   <div class='ocr_carea' id='block_1_42' title="bbox 2183 2605 3763 2684">
    <p class='ocr_par' dir='ltr' id='par_1_42' title="bbox 2183 2605 3763 2684">
     <span class='ocr_line' id='line_1_42' title="bbox 2183 2605 3763 2684; baseline 0.002 -23"><span class='ocrx_word' id='word_1_267' title='bbox 2183 2609 2269 2661; x_wconf 76' lang='grc' dir='ltr'><strong>ἐπ’</strong></span> <span class='ocrx_word' id='word_1_268' title='bbox 2304 2608 2504 2678; x_wconf 79' lang='grc' dir='ltr'>αὐτῆς·</span> <span class='ocrx_word' id='word_1_269' title='bbox 2556 2609 2698 2663; x_wconf 76' lang='grc' dir='ltr'>οὕτω</span> <span class='ocrx_word' id='word_1_270' title='bbox 2731 2608 3010 2664; x_wconf 74' lang='grc' dir='ltr'>κάνταῦθα</span> <span class='ocrx_word' id='word_1_271' title='bbox 3041 2605 3178 2664; x_wconf 74' lang='grc' dir='ltr'>εἶναι</span> <span class='ocrx_word' id='word_1_272' title='bbox 3209 2611 3306 2681; x_wconf 78' lang='grc' dir='ltr'>μὲν</span> <span class='ocrx_word' id='word_1_273' title='bbox 3330 2612 3388 2666; x_wconf 78' lang='grc' dir='ltr'>ἐν</span> <span class='ocrx_word' id='word_1_274' title='bbox 3418 2609 3498 2682; x_wconf 81' lang='grc' dir='ltr'><strong>τῷ</strong></span> <span class='ocrx_word' id='word_1_275' title='bbox 3531 2610 3763 2684; x_wconf 83' lang='grc' dir='ltr'>στερεώ-</span> 
     </span>
    </p>
   </div>
   <div class='ocr_carea' id='block_1_43' title="bbox 2189 2700 3771 2775">
    <p class='ocr_par' dir='ltr' id='par_1_43' title="bbox 2189 2700 3771 2775">
     <span class='ocr_line' id='line_1_43' title="bbox 2189 2700 3771 2775; baseline 0.004 -23"><span class='ocrx_word' id='word_1_276' title='bbox 2189 2717 2315 2770; x_wconf 84' lang='grc' dir='ltr'>ματι</span> <span class='ocrx_word' id='word_1_277' title='bbox 2349 2700 2442 2754; x_wconf 80' lang='grc' dir='ltr'><strong>τοῦ</strong></span> <span class='ocrx_word' id='word_1_278' title='bbox 2473 2701 2700 2772; x_wconf 85' lang='grc' dir='ltr'>ούρανοῦ</span> <span class='ocrx_word' id='word_1_279' title='bbox 2739 2703 2866 2765; x_wconf 85' lang='grc' dir='ltr'>τοὺς</span> <span class='ocrx_word' id='word_1_280' title='bbox 2892 2706 3185 2775; x_wconf 83' lang='grc' dir='ltr'>φωστῆρας</span> <span class='ocrx_word' id='word_1_281' title='bbox 3211 2702 3444 2758; x_wconf 85' lang='grc' dir='ltr'>κελεύει.</span> <span class='ocrx_word' id='word_1_282' title='bbox 3487 2703 3684 2768; x_wconf 82' lang='grc' dir='ltr'>Καλῶς</span> <span class='ocrx_word' id='word_1_283' title='bbox 3709 2702 3771 2759; x_wconf 64' lang='grc' dir='ltr'>δὲ</span> 
     </span>
    </p>
   </div>
   <div class='ocr_carea' id='block_1_44' title="bbox 2187 2793 3769 2868">
    <p class='ocr_par' dir='ltr' id='par_1_44' title="bbox 2187 2793 3769 2868">
     <span class='ocr_line' id='line_1_44' title="bbox 2187 2793 3769 2868; baseline 0 -22"><span class='ocrx_word' id='word_1_284' title='bbox 2187 2795 2489 2864; x_wconf 78' lang='grc' dir='ltr'>ἐπήγαγεν,</span> <span class='ocrx_word' id='word_1_285' title='bbox 2517 2793 2622 2860; x_wconf 79' lang='grc' dir='ltr'><strong>Εἰς</strong></span> <span class='ocrx_word' id='word_1_286' title='bbox 2663 2794 2893 2864; x_wconf 62' lang='grc' dir='ltr'>ψαῦσιν</span> <span class='ocrx_word' id='word_1_287' title='bbox 2925 2795 3026 2849; x_wconf 77' lang='grc' dir='ltr'><strong>ἐπὶ</strong></span> <span class='ocrx_word' id='word_1_288' title='bbox 3071 2794 3182 2864; x_wconf 85' lang='grc' dir='ltr'>τῆς</span> <span class='ocrx_word' id='word_1_289' title='bbox 3207 2793 3353 2865; x_wconf 77' lang='grc' dir='ltr'>γῆς·</span> <span class='ocrx_word' id='word_1_290' title='bbox 3392 2795 3479 2849; x_wconf 80' lang='grc' dir='ltr'>ἵνα</span> <span class='ocrx_word' id='word_1_291' title='bbox 3506 2794 3658 2868; x_wconf 78' lang='grc' dir='ltr'>εἴπῃ.</span> <span class='ocrx_word' id='word_1_292' title='bbox 3686 2794 3769 2849; x_wconf 84' lang='grc' dir='ltr'>ὅτι</span> 
     </span>
    </p>
   </div>
   <div class='ocr_carea' id='block_1_45' title="bbox 2186 2884 3770 2960">
    <p class='ocr_par' dir='ltr' id='par_1_45' title="bbox 2186 2884 3770 2960">
     <span class='ocr_line' id='line_1_45' title="bbox 2186 2884 3770 2960; baseline 0 -21"><span class='ocrx_word' id='word_1_293' title='bbox 2186 2885 2284 2956; x_wconf 80' lang='grc' dir='ltr'>τὴν</span> <span class='ocrx_word' id='word_1_294' title='bbox 2317 2884 2505 2957; x_wconf 79' lang='grc' dir='ltr'>χρείαν</span> <span class='ocrx_word' id='word_1_295' title='bbox 2552 2886 2943 2958; x_wconf 82' lang='grc' dir='ltr'><strong>παρεχέτωσαν</strong></span> <span class='ocrx_word' id='word_1_296' title='bbox 2980 2889 3047 2960; x_wconf 79' lang='grc' dir='ltr'>τῇ</span> <span class='ocrx_word' id='word_1_297' title='bbox 3081 2890 3174 2959; x_wconf 84' lang='grc' dir='ltr'><strong>γῇ.</strong></span> <span class='ocrx_word' id='word_1_298' title='bbox 3205 2886 3405 2942; x_wconf 82' lang='grc' dir='ltr'><strong>Τούτου</strong></span> <span class='ocrx_word' id='word_1_299' title='bbox 3449 2886 3558 2958; x_wconf 84' lang='grc' dir='ltr'><strong>γὰρ</strong></span> <span class='ocrx_word' id='word_1_300' title='bbox 3585 2886 3770 2941; x_wconf 70' lang='grc' dir='ltr'>ἕνεκεν</span> 
     </span>
    </p>
   </div>
   <div class='ocr_carea' id='block_1_46' title="bbox 2189 2977 2979 3052">
    <p class='ocr_par' dir='ltr' id='par_1_46' title="bbox 2189 2977 2979 3052">
     <span class='ocr_line' id='line_1_46' title="bbox 2189 2977 2979 3052; baseline 0.005 -22"><span class='ocrx_word' id='word_1_301' title='bbox 2189 2978 2283 3031; x_wconf 76' lang='grc' dir='ltr'><strong>ἐπὶ</strong></span> <span class='ocrx_word' id='word_1_302' title='bbox 2308 2977 2402 3032; x_wconf 81' lang='grc' dir='ltr'>τοῦ</span> <span class='ocrx_word' id='word_1_303' title='bbox 2429 2979 2663 3052; x_wconf 82' lang='grc' dir='ltr'>ούρανοῦ</span> <span class='ocrx_word' id='word_1_304' title='bbox 2692 2979 2979 3034; x_wconf 84' lang='grc' dir='ltr'>τέθεινται.</span> 
     </span>
    </p>
   </div>
   <div class='ocr_carea' id='block_1_47' title="bbox 2841 3112 3118 3167">
    <p class='ocr_par' dir='ltr' id='par_1_47' title="bbox 2841 3112 3118 3167">
     <span class='ocr_line' id='line_1_47' title="bbox 2841 3112 3118 3167; baseline 0.007 -2"><span class='ocrx_word' id='word_1_305' title='bbox 2841 3112 3001 3166; x_wconf 77' lang='grc' dir='ltr'><strong>ΚΕΦ.</strong></span> <span class='ocrx_word' id='word_1_306' title='bbox 3043 3112 3118 3167; x_wconf 83' lang='lat' dir='ltr'><strong>B’.</strong></span> 
     </span>
    </p>
   </div>
   <div class='ocr_carea' id='block_1_48' title="bbox 2263 3219 3776 3294">
    <p class='ocr_par' dir='ltr' id='par_1_48' title="bbox 2263 3219 3776 3294">
     <span class='ocr_line' id='line_1_48' title="bbox 2263 3219 3776 3294; baseline 0.003 -20"><span class='ocrx_word' id='word_1_307' title='bbox 2263 3220 2413 3291; x_wconf 82' lang='grc' dir='ltr'>Στίχ.</span> <span class='ocrx_word' id='word_1_308' title='bbox 2451 3219 2518 3291; x_wconf 86' lang='grc' dir='ltr'><strong>β’.</strong></span> <span class='ocrx_word' id='word_1_309' title='bbox 2555 3249 2620 3261; x_wconf 93' lang='grc'><strong>-</strong></span> <span class='ocrx_word' id='word_1_310' title='bbox 2662 3221 2775 3274; x_wconf 72' lang='grc' dir='ltr'><strong>Καὶ</strong></span> <span class='ocrx_word' id='word_1_311' title='bbox 2829 3221 3236 3278; x_wconf 78' lang='grc' dir='ltr'><strong>συνετέλεσεν</strong></span> <span class='ocrx_word' id='word_1_312' title='bbox 3289 3225 3324 3278; x_wconf 83' lang='grc' dir='ltr'><strong>ό</strong></span> <span class='ocrx_word' id='word_1_313' title='bbox 3374 3223 3520 3290; x_wconf 84' lang='grc' dir='ltr'><strong>Θεὸς</strong></span> <span class='ocrx_word' id='word_1_314' title='bbox 3573 3223 3644 3278; x_wconf 81' lang='grc' dir='ltr'><strong>ἐν</strong></span> <span class='ocrx_word' id='word_1_315' title='bbox 3698 3223 3776 3294; x_wconf 75' lang='grc' dir='ltr'>τῇ</span> 
     </span>
    </p>
   </div>
   <div class='ocr_carea' id='block_1_49' title="bbox 2191 3311 3775 3385">
    <p class='ocr_par' dir='ltr' id='par_1_49' title="bbox 2191 3311 3775 3385">
     <span class='ocr_line' id='line_1_49' title="bbox 2191 3311 3775 3385; baseline 0.001 -17"><span class='ocrx_word' id='word_1_316' title='bbox 2191 3314 2384 3385; x_wconf 75' lang='grc' dir='ltr'>ἡμέρᾳ</span> <span class='ocrx_word' id='word_1_317' title='bbox 2419 3311 2494 3382; x_wconf 74' lang='grc' dir='ltr'>τῇ</span> <span class='ocrx_word' id='word_1_318' title='bbox 2535 3313 2683 3383; x_wconf 72' lang='grc' dir='ltr'>ἕκτῃ</span> <span class='ocrx_word' id='word_1_319' title='bbox 2718 3314 2790 3367; x_wconf 81' lang='grc' dir='ltr'>τὰ</span> <span class='ocrx_word' id='word_1_320' title='bbox 2829 3314 2974 3384; x_wconf 73' lang='grc' dir='ltr'>ἔργα</span> <span class='ocrx_word' id='word_1_321' title='bbox 3018 3315 3226 3380; x_wconf 79' lang='grc' dir='ltr'>αὐτοῦ,</span> <span class='ocrx_word' id='word_1_322' title='bbox 3273 3313 3312 3370; x_wconf 83' lang='lat' dir='ltr'><strong>d</strong></span> <span class='ocrx_word' id='word_1_323' title='bbox 3353 3316 3633 3385; x_wconf 82' lang='grc' dir='ltr'>ἐποίησε,</span> <span class='ocrx_word' id='word_1_324' title='bbox 3675 3318 3775 3371; x_wconf 77' lang='grc' dir='ltr'><strong>καί</strong></span> 
     </span>
    </p>
   </div>
   <div class='ocr_carea' id='block_1_50' title="bbox 508 3405 2086 3481">
    <p class='ocr_par' dir='ltr' id='par_1_50' title="bbox 508 3407 2083 3474">
     <span class='ocr_line' id='line_1_50' title="bbox 508 3407 2083 3474; baseline -0.002 -9"><span class='ocrx_word' id='word_1_325' title='bbox 508 3418 726 3465; x_wconf 62' lang='lat' dir='ltr'><strong>caetera.</strong></span> <span class='ocrx_word' id='word_1_326' title='bbox 764 3407 978 3474; x_wconf 84' lang='lat' dir='ltr'><strong>Quibus</strong></span> <span class='ocrx_word' id='word_1_327' title='bbox 1017 3407 1297 3473; x_wconf 87' lang='lat' dir='ltr'><strong>declarat,</strong></span> <span class='ocrx_word' id='word_1_328' title='bbox 1349 3424 1409 3464; x_wconf 89' lang='lat' dir='ltr'><strong>se</strong></span> <span class='ocrx_word' id='word_1_329' title='bbox 1441 3407 1530 3462; x_wconf 90' lang='lat' dir='ltr'><strong>die</strong></span> <span class='ocrx_word' id='word_1_330' title='bbox 1571 3419 1728 3465; x_wconf 75' lang='lat' dir='ltr'><strong>sexto</strong></span> <span class='ocrx_word' id='word_1_331' title='bbox 1775 3408 1850 3462; x_wconf 88' lang='lat' dir='ltr'><strong>ita</strong></span> <span class='ocrx_word' id='word_1_332' title='bbox 1879 3415 2083 3462; x_wconf 89' lang='lat' dir='ltr'><strong>cuncta</strong></span> 
     </span>
    </p>
   </div>
   <div class='ocr_carea' id='block_1_51' title="bbox 2191 3405 3774 3481">
    <p class='ocr_par' dir='ltr' id='par_1_51' title="bbox 2191 3405 3774 3481">
     <span class='ocr_line' id='line_1_51' title="bbox 2191 3405 3774 3481; baseline 0.002 -20"><span class='ocrx_word' id='word_1_333' title='bbox 2191 3407 2569 3461; x_wconf 79' lang='grc' dir='ltr'>κατέπαυσεν</span> <span class='ocrx_word' id='word_1_334' title='bbox 2597 3407 2668 3460; x_wconf 78' lang='grc' dir='ltr'><strong>ἐν</strong></span> <span class='ocrx_word' id='word_1_335' title='bbox 2687 3405 2763 3475; x_wconf 77' lang='grc' dir='ltr'>τῇ</span> <span class='ocrx_word' id='word_1_336' title='bbox 2797 3406 2989 3477; x_wconf 76' lang='grc' dir='ltr'>ἡμέρᾳ</span> <span class='ocrx_word' id='word_1_337' title='bbox 3017 3406 3090 3476; x_wconf 74' lang='grc' dir='ltr'><strong>τῇ</strong></span> <span class='ocrx_word' id='word_1_338' title='bbox 3120 3407 3360 3478; x_wconf 76' lang='grc' dir='ltr'>ἐϐδόμῃ,</span> <span class='ocrx_word' id='word_1_339' title='bbox 3407 3409 3500 3462; x_wconf 70' lang='grc' dir='ltr'>καὶ</span> <span class='ocrx_word' id='word_1_340' title='bbox 3528 3409 3594 3462; x_wconf 82' lang='grc' dir='ltr'>τὰ</span> <span class='ocrx_word' id='word_1_341' title='bbox 3627 3408 3774 3481; x_wconf 80' lang='grc' dir='ltr'>έξῆς.</span> 
     </span>
    </p>
   </div>
   <div class='ocr_carea' id='block_1_52' title="bbox 508 3500 2086 3570">
    <p class='ocr_par' dir='ltr' id='par_1_52' title="bbox 508 3500 2086 3570">
     <span class='ocr_line' id='line_1_52' title="bbox 508 3500 2086 3570; baseline -0.001 -14"><span class='ocrx_word' id='word_1_342' title='bbox 508 3515 958 3564; x_wconf 87' lang='lat' dir='ltr'><strong>consummasse,</strong></span> <span class='ocrx_word' id='word_1_343' title='bbox 1009 3508 1068 3555; x_wconf 90' lang='lat' dir='ltr'><strong>ut</strong></span> <span class='ocrx_word' id='word_1_344' title='bbox 1100 3501 1240 3555; x_wconf 87' lang='lat' dir='ltr'><strong>nihil</strong></span> <span class='ocrx_word' id='word_1_345' title='bbox 1273 3501 1399 3556; x_wconf 87' lang='lat' dir='ltr'><strong>novi</strong></span> <span class='ocrx_word' id='word_1_346' title='bbox 1432 3500 1632 3557; x_wconf 87' lang='lat' dir='ltr'><strong>deinde</strong></span> <span class='ocrx_word' id='word_1_347' title='bbox 1681 3501 1750 3558; x_wconf 90' lang='lat' dir='ltr'><strong>iis</strong></span> <span class='ocrx_word' id='word_1_348' title='bbox 1800 3501 2086 3570; x_wconf 87' lang='lat' dir='ltr'><strong>adjiceret,</strong></span> 
     </span>
    </p>
   </div>
   <div class='ocr_carea' id='block_1_53' title="bbox 508 3589 2089 3663">
    <p class='ocr_par' dir='ltr' id='par_1_53' title="bbox 508 3589 2089 3663">
     <span class='ocr_line' id='line_1_53' title="bbox 508 3589 2089 3663; baseline 0.001 -18"><span class='ocrx_word' id='word_1_349' title='bbox 508 3595 730 3663; x_wconf 80' lang='lat' dir='ltr'><strong>quando</strong></span> <span class='ocrx_word' id='word_1_350' title='bbox 766 3591 915 3644; x_wconf 89' lang='lat' dir='ltr'><strong>omni</strong></span> <span class='ocrx_word' id='word_1_351' title='bbox 967 3605 1032 3644; x_wconf 79' lang='lat' dir='ltr'><strong>ex</strong></span> <span class='ocrx_word' id='word_1_352' title='bbox 1084 3599 1242 3661; x_wconf 87' lang='lat' dir='ltr'><strong>parte</strong></span> <span class='ocrx_word' id='word_1_353' title='bbox 1288 3591 1534 3660; x_wconf 86' lang='lat' dir='ltr'><strong>perfecta</strong></span> <span class='ocrx_word' id='word_1_354' title='bbox 1581 3592 1934 3646; x_wconf 82' lang='lat' dir='ltr'><strong>videbantur.</strong></span> <span class='ocrx_word' id='word_1_355' title='bbox 1985 3589 2089 3646; x_wconf 85' lang='lat' dir='ltr'><strong>Se-</strong></span> 
     </span>
    </p>
   </div>
   <div class='ocr_carea' id='block_1_54' title="bbox 509 3681 2090 3752">
    <p class='ocr_par' dir='ltr' id='par_1_54' title="bbox 509 3681 2090 3752">
     <span class='ocr_line' id='line_1_54' title="bbox 509 3681 2090 3752; baseline -0.001 -14"><span class='ocrx_word' id='word_1_356' title='bbox 509 3687 680 3745; x_wconf 76' lang='lat' dir='ltr'><strong>ptimo</strong></span> <span class='ocrx_word' id='word_1_357' title='bbox 716 3692 896 3738; x_wconf 92' lang='lat' dir='ltr'><strong>autem</strong></span> <span class='ocrx_word' id='word_1_358' title='bbox 933 3684 1020 3738; x_wconf 90' lang='lat' dir='ltr'><strong>die</strong></span> <span class='ocrx_word' id='word_1_359' title='bbox 1041 3683 1262 3752; x_wconf 89' lang='lat' dir='ltr'><strong>operari</strong></span> <span class='ocrx_word' id='word_1_360' title='bbox 1293 3681 1523 3739; x_wconf 87' lang='lat' dir='ltr'><strong>destitit.</strong></span> <span class='ocrx_word' id='word_1_361' title='bbox 1550 3682 1678 3739; x_wconf 91' lang='lat' dir='ltr'><strong>Ideo</strong></span> <span class='ocrx_word' id='word_1_362' title='bbox 1707 3694 1889 3739; x_wconf 88' lang='lat' dir='ltr'><strong>autem</strong></span> <span class='ocrx_word' id='word_1_363' title='bbox 1922 3684 2090 3738; x_wconf 91' lang='lat' dir='ltr'><strong>istum</strong></span> 
     </span>
    </p>
   </div>
   <div class='ocr_carea' id='block_1_55' title="bbox 509 3776 2094 3846">
    <p class='ocr_par' dir='ltr' id='par_1_55' title="bbox 509 3776 2094 3846">
     <span class='ocr_line' id='line_1_55' title="bbox 509 3776 2094 3846; baseline -0.002 -15"><span class='ocrx_word' id='word_1_364' title='bbox 509 3776 653 3832; x_wconf 87' lang='lat' dir='ltr'><strong>diem</strong></span> <span class='ocrx_word' id='word_1_365' title='bbox 703 3777 935 3846; x_wconf 73' lang='lat' dir='ltr'><strong>adjecit,</strong></span> <span class='ocrx_word' id='word_1_366' title='bbox 989 3776 1243 3846; x_wconf 88' lang='lat' dir='ltr'><strong>quamvis</strong></span> <span class='ocrx_word' id='word_1_367' title='bbox 1302 3776 1456 3832; x_wconf 84' lang='lat' dir='ltr'><strong>omni</strong></span> <span class='ocrx_word' id='word_1_368' title='bbox 1513 3792 1684 3846; x_wconf 88' lang='lat' dir='ltr'><strong>opere</strong></span> <span class='ocrx_word' id='word_1_369' title='bbox 1747 3791 1986 3831; x_wconf 87' lang='lat' dir='ltr'><strong>vacuum</strong></span> <span class='ocrx_word' id='word_1_370' title='bbox 2038 3782 2094 3829; x_wconf 84' lang='lat' dir='ltr'><strong>et.</strong></span> 
     </span>
    </p>
   </div>
   <div class='ocr_carea' id='block_1_56' title="bbox 511 3857 2094 3936">
    <p class='ocr_par' dir='ltr' id='par_1_56' title="bbox 511 3857 2094 3936">
     <span class='ocr_line' id='line_1_56' title="bbox 511 3857 2094 3936; baseline -0.003 -12"><span class='ocrx_word' id='word_1_371' title='bbox 511 3869 579 3924; x_wconf 88' lang='lat' dir='ltr'><strong>ab</strong></span> <span class='ocrx_word' id='word_1_372' title='bbox 617 3869 766 3922; x_wconf 87' lang='lat' dir='ltr'><strong>omni</strong></span> <span class='ocrx_word' id='word_1_373' title='bbox 795 3857 1096 3922; x_wconf 81' lang='lat' dir='ltr'><strong>creatione</strong></span> <span class='ocrx_word' id='word_1_374' title='bbox 1139 3867 1371 3922; x_wconf 83' lang='lat' dir='ltr'><strong>liberum</strong></span> <span class='ocrx_word' id='word_1_375' title='bbox 1397 3909 1412 3933; x_wconf 87' lang='lat'><strong>,</strong></span> <span class='ocrx_word' id='word_1_376' title='bbox 1464 3877 1524 3923; x_wconf 86' lang='grc' dir='ltr'><strong>ιιι</strong></span> <span class='ocrx_word' id='word_1_377' title='bbox 1571 3869 1668 3923; x_wconf 85' lang='lat' dir='ltr'><strong>illo</strong></span> <span class='ocrx_word' id='word_1_378' title='bbox 1701 3867 1937 3936; x_wconf 86' lang='lat' dir='ltr'><strong>hujusce</strong></span> <span class='ocrx_word' id='word_1_379' title='bbox 1984 3865 2094 3922; x_wconf 87' lang='lat' dir='ltr'><strong>diei</strong></span> 
     </span>
    </p>
   </div>
   <div class='ocr_carea' id='block_1_57' title="bbox 512 3959 2093 4032">
    <p class='ocr_par' dir='ltr' id='par_1_57' title="bbox 512 3959 2093 4032">
     <span class='ocr_line' id='line_1_57' title="bbox 512 3959 2093 4032; baseline 0 -19"><span class='ocrx_word' id='word_1_380' title='bbox 512 3960 626 4015; x_wconf 88' lang='lat' dir='ltr'><strong>otio</strong></span> <span class='ocrx_word' id='word_1_381' title='bbox 670 3959 926 4030; x_wconf 89' lang='lat' dir='ltr'><strong>probaret</strong></span> <span class='ocrx_word' id='word_1_382' title='bbox 973 3959 1159 4014; x_wconf 85' lang='lat' dir='ltr'><strong>omnia</strong></span> <span class='ocrx_word' id='word_1_383' title='bbox 1200 3960 1315 4029; x_wconf 87' lang='lat' dir='ltr'><strong>jam</strong></span> <span class='ocrx_word' id='word_1_384' title='bbox 1367 3976 1600 4032; x_wconf 86' lang='lat' dir='ltr'><strong>prorsus</strong></span> <span class='ocrx_word' id='word_1_385' title='bbox 1654 3960 1901 4031; x_wconf 83' lang='lat' dir='ltr'><strong>perfecta</strong></span> <span class='ocrx_word' id='word_1_386' title='bbox 1947 3974 2093 4015; x_wconf 83' lang='lat' dir='ltr'><strong>esse.</strong></span> 
     </span>
    </p>
   </div>
   <div class='ocr_carea' id='block_1_58' title="bbox 514 4049 2094 4120">
    <p class='ocr_par' dir='ltr' id='par_1_58' title="bbox 514 4049 2094 4120">
     <span class='ocr_line' id='line_1_58' title="bbox 514 4049 2094 4120; baseline 0 -16"><span class='ocrx_word' id='word_1_387' title='bbox 514 4051 674 4119; x_wconf 84' lang='lat' dir='ltr'><strong>Quod</strong></span> <span class='ocrx_word' id='word_1_388' title='bbox 699 4049 843 4104; x_wconf 88' lang='lat' dir='ltr'><strong>enim</strong></span> <span class='ocrx_word' id='word_1_389' title='bbox 867 4060 921 4104; x_wconf 91' lang='lat' dir='ltr'><strong>et</strong></span> <span class='ocrx_word' id='word_1_390' title='bbox 943 4053 1143 4120; x_wconf 87' lang='lat' dir='ltr'><strong>primo,</strong></span> <span class='ocrx_word' id='word_1_391' title='bbox 1168 4057 1222 4105; x_wconf 85' lang='lat' dir='ltr'><strong>et</strong></span> <span class='ocrx_word' id='word_1_392' title='bbox 1239 4052 1504 4116; x_wconf 88' lang='lat' dir='ltr'><strong>secundo,</strong></span> <span class='ocrx_word' id='word_1_393' title='bbox 1530 4058 1585 4105; x_wconf 82' lang='lat' dir='ltr'><strong>et</strong></span> <span class='ocrx_word' id='word_1_394' title='bbox 1602 4052 1782 4111; x_wconf 89' lang='lat' dir='ltr'><strong>tertio,</strong></span> <span class='ocrx_word' id='word_1_395' title='bbox 1801 4058 1857 4103; x_wconf 88' lang='lat' dir='ltr'><strong>et</strong></span> <span class='ocrx_word' id='word_1_396' title='bbox 1878 4059 2094 4120; x_wconf 89' lang='lat' dir='ltr'><strong>quarto,</strong></span> 
     </span>
    </p>
   </div>
   <div class='ocr_carea' id='block_1_59' title="bbox 515 4142 2094 4214">
    <p class='ocr_par' dir='ltr' id='par_1_59' title="bbox 515 4142 2094 4214">
     <span class='ocr_line' id='line_1_59' title="bbox 515 4142 2094 4214; baseline -0.003 -16"><span class='ocrx_word' id='word_1_397' title='bbox 515 4148 804 4214; x_wconf 79' lang='lat' dir='ltr'><strong>et-quinto,</strong></span> <span class='ocrx_word' id='word_1_398' title='bbox 825 4152 880 4197; x_wconf 89' lang='lat' dir='ltr'><strong>et</strong></span> <span class='ocrx_word' id='word_1_399' title='bbox 906 4155 1061 4198; x_wconf 79' lang='lat' dir='ltr'><strong>sexto</strong></span> <span class='ocrx_word' id='word_1_400' title='bbox 1090 4145 1178 4199; x_wconf 91' lang='lat' dir='ltr'><strong>die</strong></span> <span class='ocrx_word' id='word_1_401' title='bbox 1214 4159 1431 4213; x_wconf 87' lang='lat' dir='ltr'><strong>semper</strong></span> <span class='ocrx_word' id='word_1_402' title='bbox 1462 4143 1593 4214; x_wconf 91' lang='lat' dir='ltr'><strong>quid</strong></span> <span class='ocrx_word' id='word_1_403' title='bbox 1613 4142 1740 4197; x_wconf 89' lang='lat' dir='ltr'><strong>novi</strong></span> <span class='ocrx_word' id='word_1_404' title='bbox 1770 4143 2094 4211; x_wconf 86' lang='lat' dir='ltr'><strong>protulerat,</strong></span> 
     </span>
    </p>
   </div>
   <div class='ocr_carea' id='block_1_60' title="bbox 516 4232 2096 4304">
    <p class='ocr_par' dir='ltr' id='par_1_60' title="bbox 516 4232 2096 4304">
     <span class='ocr_line' id='line_1_60' title="bbox 516 4232 2096 4304; baseline 0.001 -18"><span class='ocrx_word' id='word_1_405' title='bbox 516 4233 663 4304; x_wconf 88' lang='lat' dir='ltr'><strong>quod</strong></span> <span class='ocrx_word' id='word_1_406' title='bbox 709 4233 972 4287; x_wconf 87' lang='lat' dir='ltr'><strong>creationi</strong></span> <span class='ocrx_word' id='word_1_407' title='bbox 1012 4232 1208 4289; x_wconf 83' lang='lat' dir='ltr'><strong>deesse</strong></span> <span class='ocrx_word' id='word_1_408' title='bbox 1247 4235 1563 4299; x_wconf 86' lang='lat' dir='ltr'><strong>videbatur,</strong></span> <span class='ocrx_word' id='word_1_409' title='bbox 1613 4235 1968 4288; x_wconf 76' lang='lat' dir='ltr'><strong>manifestum</strong></span> <span class='ocrx_word' id='word_1_410' title='bbox 2006 4234 2096 4301; x_wconf 80' lang='lat' dir='ltr'><strong>ﬁt,</strong></span> 
     </span>
    </p>
   </div>
   <div class='ocr_carea' id='block_1_61' title="bbox 516 4327 2099 4398">
    <p class='ocr_par' dir='ltr' id='par_1_61' title="bbox 516 4327 2099 4398">
     <span class='ocr_line' id='line_1_61' title="bbox 516 4327 2099 4398; baseline 0.002 -16"><span class='ocrx_word' id='word_1_411' title='bbox 516 4327 640 4382; x_wconf 88' lang='lat' dir='ltr'><strong>ideo</strong></span> <span class='ocrx_word' id='word_1_412' title='bbox 672 4341 795 4380; x_wconf 89' lang='lat' dir='ltr'><strong>eum</strong></span> <span class='ocrx_word' id='word_1_413' title='bbox 835 4328 1070 4396; x_wconf 87' lang='lat' dir='ltr'><strong>septimo</strong></span> <span class='ocrx_word' id='word_1_414' title='bbox 1101 4329 1190 4382; x_wconf 90' lang='lat' dir='ltr'><strong>die</strong></span> <span class='ocrx_word' id='word_1_415' title='bbox 1221 4328 1290 4382; x_wconf 91' lang='lat' dir='ltr'><strong>ab</strong></span> <span class='ocrx_word' id='word_1_416' title='bbox 1328 4328 1481 4382; x_wconf 90' lang='lat' dir='ltr'><strong>omni</strong></span> <span class='ocrx_word' id='word_1_417' title='bbox 1513 4343 1679 4398; x_wconf 80' lang='lat' dir='ltr'><strong>opere</strong></span> <span class='ocrx_word' id='word_1_418' title='bbox 1721 4329 2099 4393; x_wconf 86' lang='lat' dir='ltr'><strong>abstinuisse,</strong></span> 
     </span>
    </p>
   </div>
   <div class='ocr_carea' id='block_1_62' title="bbox 517 4419 2103 4477">
    <p class='ocr_par' dir='ltr' id='par_1_62' title="bbox 517 4419 2103 4477">
     <span class='ocr_line' id='line_1_62' title="bbox 517 4419 2103 4477; baseline 0.001 -3"><span class='ocrx_word' id='word_1_419' title='bbox 517 4427 578 4474; x_wconf 88' lang='lat' dir='ltr'><strong>ut</strong></span> <span class='ocrx_word' id='word_1_420' title='bbox 601 4420 708 4474; x_wconf 86' lang='lat' dir='ltr'><strong>isto</strong></span> <span class='ocrx_word' id='word_1_421' title='bbox 727 4420 851 4473; x_wconf 84' lang='lat' dir='ltr'><strong>.otio</strong></span> <span class='ocrx_word' id='word_1_422' title='bbox 880 4419 1188 4475; x_wconf 84' lang='lat' dir='ltr'><strong>declararet</strong></span> <span class='ocrx_word' id='word_1_423' title='bbox 1219 4421 1555 4476; x_wconf 85' lang='lat' dir='ltr'><strong>creationem</strong></span> <span class='ocrx_word' id='word_1_424' title='bbox 1583 4421 1806 4477; x_wconf 89' lang='lat' dir='ltr'><strong>tandem</strong></span> <span class='ocrx_word' id='word_1_425' title='bbox 1834 4437 2103 4477; x_wconf 85' lang='lat' dir='ltr'><strong>consum-</strong></span> 
     </span>
    </p>
   </div>
   <div class='ocr_carea' id='block_1_63' title="bbox 517 4512 2105 4584">
    <p class='ocr_par' dir='ltr' id='par_1_63' title="bbox 517 4512 2105 4584">
     <span class='ocr_line' id='line_1_63' title="bbox 517 4512 2105 4584; baseline 0.001 -16"><span class='ocrx_word' id='word_1_426' title='bbox 517 4523 720 4568; x_wconf 89' lang='lat' dir='ltr'><strong>matam</strong></span> <span class='ocrx_word' id='word_1_427' title='bbox 761 4529 902 4570; x_wconf 87' lang='lat' dir='ltr'><strong>esse.</strong></span> <span class='ocrx_word' id='word_1_428' title='bbox 938 4513 1158 4584; x_wconf 87' lang='lat' dir='ltr'><strong>Septem</strong></span> <span class='ocrx_word' id='word_1_429' title='bbox 1190 4529 1322 4584; x_wconf 76' lang='lat' dir='ltr'><strong>ergo</strong></span> <span class='ocrx_word' id='word_1_430' title='bbox 1351 4512 1566 4569; x_wconf 88' lang='lat' dir='ltr'><strong>dierum</strong></span> <span class='ocrx_word' id='word_1_431' title='bbox 1599 4530 1830 4571; x_wconf 91' lang='lat' dir='ltr'><strong>numero</strong></span> <span class='ocrx_word' id='word_1_432' title='bbox 1857 4515 2105 4570; x_wconf 80' lang='lat' dir='ltr'><strong>deﬁnivit</strong></span> 
     </span>
    </p>
   </div>
   <div class='ocr_carea' id='block_1_64' title="bbox 518 4604 2103 4674">
    <p class='ocr_par' dir='ltr' id='par_1_64' title="bbox 518 4604 2103 4674">
     <span class='ocr_line' id='line_1_64' title="bbox 518 4604 2103 4674; baseline 0.001 -14"><span class='ocrx_word' id='word_1_433' title='bbox 518 4604 734 4660; x_wconf 89' lang='lat' dir='ltr'><strong>dierum</strong></span> <span class='ocrx_word' id='word_1_434' title='bbox 795 4606 1033 4674; x_wconf 86' lang='lat' dir='ltr'><strong>seriem,</strong></span> <span class='ocrx_word' id='word_1_435' title='bbox 1087 4622 1216 4660; x_wconf 88' lang='lat' dir='ltr'><strong>cum</strong></span> <span class='ocrx_word' id='word_1_436' title='bbox 1264 4607 1409 4661; x_wconf 89' lang='lat' dir='ltr'><strong>idem</strong></span> <span class='ocrx_word' id='word_1_437' title='bbox 1457 4623 1558 4663; x_wconf 77' lang='lat' dir='ltr'><strong>sex</strong></span> <span class='ocrx_word' id='word_1_438' title='bbox 1611 4609 1832 4662; x_wconf 90' lang='lat' dir='ltr'><strong>illorum</strong></span> <span class='ocrx_word' id='word_1_439' title='bbox 1887 4609 2103 4663; x_wconf 82' lang='lat' dir='ltr'><strong>dierum</strong></span> 
     </span>
    </p>
   </div>
   <div class='ocr_carea' id='block_1_65' title="bbox 520 4696 2097 4769">
    <p class='ocr_par' dir='ltr' id='par_1_65' title="bbox 520 4696 2097 4769">
     <span class='ocr_line' id='line_1_65' title="bbox 520 4696 2097 4769; baseline 0.003 -19"><span class='ocrx_word' id='word_1_440' title='bbox 520 4697 699 4766; x_wconf 86' lang='lat' dir='ltr'><strong>spatio</strong></span> <span class='ocrx_word' id='word_1_441' title='bbox 753 4696 934 4752; x_wconf 65' lang='lat' dir='ltr'><strong>facere</strong></span> <span class='ocrx_word' id='word_1_442' title='bbox 985 4699 1297 4768; x_wconf 89' lang='lat' dir='ltr'><strong>potuisset,</strong></span> <span class='ocrx_word' id='word_1_443' title='bbox 1329 4700 1533 4769; x_wconf 88' lang='lat' dir='ltr'><strong>quibus</strong></span> <span class='ocrx_word' id='word_1_444' title='bbox 1589 4701 1932 4755; x_wconf 87' lang='lat' dir='ltr'><strong>creationem</strong></span> <span class='ocrx_word' id='word_1_445' title='bbox 1969 4715 2097 4769; x_wconf 87' lang='lat' dir='ltr'><strong>per—</strong></span> 
     </span>
    </p>
   </div>
   <div class='ocr_carea' id='block_1_66' title="bbox 521 4786 2097 4863">
    <p class='ocr_par' dir='ltr' id='par_1_66' title="bbox 521 4786 2097 4863">
     <span class='ocr_line' id='line_1_66' title="bbox 521 4786 2097 4863; baseline 0.003 -22"><span class='ocrx_word' id='word_1_446' title='bbox 521 4787 670 4842; x_wconf 88' lang='lat' dir='ltr'><strong>fecit.</strong></span> <span class='ocrx_word' id='word_1_447' title='bbox 700 4786 806 4843; x_wconf 79' lang='lat' dir='ltr'><strong>Sex</strong></span> <span class='ocrx_word' id='word_1_448' title='bbox 842 4790 1006 4859; x_wconf 70' lang='lat' dir='ltr'><strong>igitur</strong></span> <span class='ocrx_word' id='word_1_449' title='bbox 1034 4791 1126 4845; x_wconf 88' lang='lat' dir='ltr'><strong>isti</strong></span> <span class='ocrx_word' id='word_1_450' title='bbox 1165 4792 1280 4846; x_wconf 87' lang='lat' dir='ltr'><strong>dies</strong></span> <span class='ocrx_word' id='word_1_451' title='bbox 1309 4795 1580 4848; x_wconf 88' lang='lat' dir='ltr'><strong>rationem</strong></span> <span class='ocrx_word' id='word_1_452' title='bbox 1609 4796 1858 4863; x_wconf 64' lang='lat' dir='ltr'><strong>praebent</strong></span> <span class='ocrx_word' id='word_1_453' title='bbox 1903 4808 2097 4847; x_wconf 85' lang='lat' dir='ltr'><strong>eorum</strong></span> 
     </span>
    </p>
   </div>
   <div class='ocr_carea' id='block_1_67' title="bbox 521 4880 2108 4953">
    <p class='ocr_par' dir='ltr' id='par_1_67' title="bbox 521 4880 2108 4953">
     <span class='ocr_line' id='line_1_67' title="bbox 521 4880 2108 4953; baseline 0.001 -19"><span class='ocrx_word' id='word_1_454' title='bbox 521 4896 644 4950; x_wconf 80' lang='lat' dir='ltr'><strong>quae</strong></span> <span class='ocrx_word' id='word_1_455' title='bbox 675 4880 819 4935; x_wconf 83' lang='lat' dir='ltr'><strong>facta</strong></span> <span class='ocrx_word' id='word_1_456' title='bbox 868 4891 1037 4949; x_wconf 87' lang='lat' dir='ltr'><strong>sunt;</strong></span> <span class='ocrx_word' id='word_1_457' title='bbox 1091 4885 1361 4953; x_wconf 82' lang='lat' dir='ltr'><strong>septimus</strong></span> <span class='ocrx_word' id='word_1_458' title='bbox 1407 4894 1592 4940; x_wconf 85' lang='lat' dir='ltr'><strong>autem</strong></span> <span class='ocrx_word' id='word_1_459' title='bbox 1641 4886 1854 4939; x_wconf 79' lang='lat' dir='ltr'><strong>indicat</strong></span> <span class='ocrx_word' id='word_1_460' title='bbox 1910 4893 2108 4938; x_wconf 85' lang='lat' dir='ltr'><strong>cuncta</strong></span> 
     </span>
    </p>
   </div>
   <div class='ocr_carea' id='block_1_68' title="bbox 525 4970 2111 5044">
    <p class='ocr_par' dir='ltr' id='par_1_68' title="bbox 525 4970 2111 5044">
     <span class='ocr_line' id='line_1_68' title="bbox 525 4970 2111 5044; baseline 0.002 -19"><span class='ocrx_word' id='word_1_461' title='bbox 525 4970 688 5025; x_wconf 83' lang='lat' dir='ltr'><strong>linem</strong></span> <span class='ocrx_word' id='word_1_462' title='bbox 749 4988 910 5028; x_wconf 88' lang='lat' dir='ltr'><strong>suum</strong></span> <span class='ocrx_word' id='word_1_463' title='bbox 975 4974 1320 5044; x_wconf 78' lang='lat' dir='ltr'><strong>contigisse,</strong></span> <span class='ocrx_word' id='word_1_464' title='bbox 1372 4983 1428 5028; x_wconf 91' lang='lat' dir='ltr'><strong>et</strong></span> <span class='ocrx_word' id='word_1_465' title='bbox 1466 4974 1578 5044; x_wconf 88' lang='lat' dir='ltr'><strong>jam</strong></span> <span class='ocrx_word' id='word_1_466' title='bbox 1629 4974 1781 5027; x_wconf 89' lang='lat' dir='ltr'><strong>nulla</strong></span> <span class='ocrx_word' id='word_1_467' title='bbox 1837 4989 1903 5028; x_wconf 78' lang='lat' dir='ltr'><strong>ex</strong></span> <span class='ocrx_word' id='word_1_468' title='bbox 1951 4983 2111 5042; x_wconf 88' lang='lat' dir='ltr'><strong>parte</strong></span> 
     </span>
    </p>
   </div>
   <div class='ocr_carea' id='block_1_69' title="bbox 523 5060 783 5117">
    <p class='ocr_par' dir='ltr' id='par_1_69' title="bbox 523 5060 783 5117">
     <span class='ocr_line' id='line_1_69' title="bbox 523 5060 783 5117; baseline 0 -2"><span class='ocrx_word' id='word_1_469' title='bbox 523 5060 783 5117; x_wconf 84' lang='lat' dir='ltr'><strong>deﬁcere.</strong></span> 
     </span>
    </p>
   </div>
   <div class='ocr_carea' id='block_1_70' title="bbox 599 5149 2106 5222">
    <p class='ocr_par' dir='ltr' id='par_1_70' title="bbox 599 5149 2106 5222">
     <span class='ocr_line' id='line_1_70' title="bbox 599 5149 2106 5222; baseline 0.003 -19"><span class='ocrx_word' id='word_1_470' title='bbox 599 5149 953 5206; x_wconf 83' lang='lat' dir='ltr'><strong>Manifestum</strong></span> <span class='ocrx_word' id='word_1_471' title='bbox 1002 5151 1148 5220; x_wconf 85' lang='lat' dir='ltr'><strong>quod</strong></span> <span class='ocrx_word' id='word_1_472' title='bbox 1179 5151 1316 5204; x_wconf 89' lang='lat' dir='ltr'><strong>nihil</strong></span> <span class='ocrx_word' id='word_1_473' title='bbox 1355 5154 1479 5207; x_wconf 87' lang='lat' dir='ltr'><strong>novi</strong></span> <span class='ocrx_word' id='word_1_474' title='bbox 1517 5160 1644 5222; x_wconf 77' lang='lat' dir='ltr'><strong>post</strong></span> <span class='ocrx_word' id='word_1_475' title='bbox 1702 5160 1920 5208; x_wconf 78' lang='lat' dir='ltr'><strong>sextum</strong></span> <span class='ocrx_word' id='word_1_476' title='bbox 1959 5151 2106 5208; x_wconf 87' lang='lat' dir='ltr'><strong>diem</strong></span> 
     </span>
    </p>
   </div>
   <div class='ocr_carea' id='block_1_71' title="bbox 528 5240 2112 5315">
    <p class='ocr_par' dir='ltr' id='par_1_71' title="bbox 528 5240 2112 5315">
     <span class='ocr_line' id='line_1_71' title="bbox 528 5240 2112 5315; baseline 0.003 -20"><span class='ocrx_word' id='word_1_477' title='bbox 528 5241 734 5296; x_wconf 87' lang='lat' dir='ltr'><strong>factum</strong></span> <span class='ocrx_word' id='word_1_478' title='bbox 770 5240 883 5307; x_wconf 64' lang='lat' dir='ltr'><strong>sit,</strong></span> <span class='ocrx_word' id='word_1_479' title='bbox 932 5243 1062 5296; x_wconf 90' lang='lat' dir='ltr'><strong>licet</strong></span> <span class='ocrx_word' id='word_1_480' title='bbox 1094 5244 1343 5312; x_wconf 85' lang='lat' dir='ltr'><strong>quotidie</strong></span> <span class='ocrx_word' id='word_1_481' title='bbox 1387 5253 1442 5298; x_wconf 89' lang='lat' dir='ltr'><strong>et</strong></span> <span class='ocrx_word' id='word_1_482' title='bbox 1483 5246 1684 5315; x_wconf 63' lang='lat' dir='ltr'><strong>plantas</strong></span> <span class='ocrx_word' id='word_1_483' title='bbox 1718 5253 1772 5300; x_wconf 89' lang='lat' dir='ltr'><strong>et</strong></span> <span class='ocrx_word' id='word_1_484' title='bbox 1809 5246 2021 5301; x_wconf 88' lang='lat' dir='ltr'><strong>semina</strong></span> <span class='ocrx_word' id='word_1_485' title='bbox 2055 5253 2112 5302; x_wconf 88' lang='lat' dir='ltr'><strong>et</strong></span> 
     </span>
    </p>
   </div>
   <div class='ocr_carea' id='block_1_72' title="bbox 527 5334 2109 5404">
    <p class='ocr_par' dir='ltr' id='par_1_72' title="bbox 527 5334 2109 5404">
     <span class='ocr_line' id='line_1_72' title="bbox 527 5334 2109 5404; baseline 0.003 -16"><span class='ocrx_word' id='word_1_486' title='bbox 527 5335 790 5389; x_wconf 86' lang='lat' dir='ltr'><strong>animalia</strong></span> <span class='ocrx_word' id='word_1_487' title='bbox 815 5347 1142 5389; x_wconf 89' lang='lat' dir='ltr'><strong>nascantur.</strong></span> <span class='ocrx_word' id='word_1_488' title='bbox 1190 5334 1316 5390; x_wconf 63' lang='lat' dir='ltr'><strong>Haec</strong></span> <span class='ocrx_word' id='word_1_489' title='bbox 1353 5337 1498 5390; x_wconf 90' lang='lat' dir='ltr'><strong>enim</strong></span> <span class='ocrx_word' id='word_1_490' title='bbox 1545 5353 1656 5392; x_wconf 88' lang='lat' dir='ltr'><strong>non</strong></span> <span class='ocrx_word' id='word_1_491' title='bbox 1691 5353 1860 5404; x_wconf 89' lang='lat' dir='ltr'><strong>nova,</strong></span> <span class='ocrx_word' id='word_1_492' title='bbox 1911 5341 2006 5395; x_wconf 90' lang='lat' dir='ltr'><strong>sed</strong></span> <span class='ocrx_word' id='word_1_493' title='bbox 2040 5340 2109 5394; x_wconf 92' lang='lat' dir='ltr'><strong>ad</strong></span> 
     </span>
    </p>
   </div>
   <div class='ocr_carea' id='block_1_73' title="bbox 528 5426 2110 5496">
    <p class='ocr_par' dir='ltr' id='par_1_73' title="bbox 528 5426 2110 5496">
     <span class='ocr_line' id='line_1_73' title="bbox 528 5426 2110 5496; baseline 0.004 -16"><span class='ocrx_word' id='word_1_494' title='bbox 528 5426 762 5480; x_wconf 87' lang='lat' dir='ltr'><strong>formam</strong></span> <span class='ocrx_word' id='word_1_495' title='bbox 793 5441 985 5480; x_wconf 88' lang='lat' dir='ltr'><strong>eorum</strong></span> <span class='ocrx_word' id='word_1_496' title='bbox 1018 5442 1139 5495; x_wconf 75' lang='lat' dir='ltr'><strong>qua:</strong></span> <span class='ocrx_word' id='word_1_497' title='bbox 1164 5427 1317 5496; x_wconf 87' lang='lat' dir='ltr'><strong>prius</strong></span> <span class='ocrx_word' id='word_1_498' title='bbox 1342 5428 1564 5482; x_wconf 89' lang='lat' dir='ltr'><strong>condita</strong></span> <span class='ocrx_word' id='word_1_499' title='bbox 1595 5438 1747 5496; x_wconf 89' lang='lat' dir='ltr'><strong>sunt,</strong></span> <span class='ocrx_word' id='word_1_500' title='bbox 1775 5440 1830 5486; x_wconf 89' lang='lat' dir='ltr'><strong>et</strong></span> <span class='ocrx_word' id='word_1_501' title='bbox 1864 5431 1930 5486; x_wconf 89' lang='lat' dir='ltr'><strong>ad</strong></span> <span class='ocrx_word' id='word_1_502' title='bbox 1956 5447 2110 5486; x_wconf 88' lang='lat' dir='ltr'><strong>eam-</strong></span> 
     </span>
    </p>
   </div>
   <div class='ocr_carea' id='block_1_74' title="bbox 527 5517 2111 5591">
    <p class='ocr_par' dir='ltr' id='par_1_74' title="bbox 527 5517 2111 5591">
     <span class='ocr_line' id='line_1_74' title="bbox 527 5517 2111 5591; baseline 0.006 -21"><span class='ocrx_word' id='word_1_503' title='bbox 527 5517 652 5576; x_wconf 88' lang='lat' dir='ltr'><strong>dem</strong></span> <span class='ocrx_word' id='word_1_504' title='bbox 683 5518 880 5585; x_wconf 78' lang='lat' dir='ltr'><strong>legem,</strong></span> <span class='ocrx_word' id='word_1_505' title='bbox 913 5517 1071 5586; x_wconf 77' lang='lat' dir='ltr'><strong>juxta</strong></span> <span class='ocrx_word' id='word_1_506' title='bbox 1104 5518 1370 5574; x_wconf 87' lang='lat' dir='ltr'><strong>indietam</strong></span> <span class='ocrx_word' id='word_1_507' title='bbox 1405 5520 1544 5591; x_wconf 87' lang='lat' dir='ltr'><strong>ipsis</strong></span> <span class='ocrx_word' id='word_1_508' title='bbox 1571 5537 1601 5577; x_wconf 90' lang='lat' dir='ltr'><strong>a</strong></span> <span class='ocrx_word' id='word_1_509' title='bbox 1626 5521 1738 5579; x_wconf 91' lang='lat' dir='ltr'><strong>Deo</strong></span> <span class='ocrx_word' id='word_1_510' title='bbox 1763 5523 2111 5581; x_wconf 87' lang='lat' dir='ltr'><strong>benedictio-</strong></span> 
     </span>
    </p>
   </div>
   <div class='ocr_carea' id='block_1_75' title="bbox 531 5610 1473 5680">
    <p class='ocr_par' dir='ltr' id='par_1_75' title="bbox 531 5610 1473 5680">
     <span class='ocr_line' id='line_1_75' title="bbox 531 5610 1473 5680; baseline 0.003 -16"><span class='ocrx_word' id='word_1_511' title='bbox 531 5626 679 5678; x_wconf 87' lang='lat' dir='ltr'><strong>nem,</strong></span> <span class='ocrx_word' id='word_1_512' title='bbox 705 5610 947 5680; x_wconf 82' lang='lat' dir='ltr'><strong>singulis</strong></span> <span class='ocrx_word' id='word_1_513' title='bbox 970 5610 1167 5666; x_wconf 87' lang='lat' dir='ltr'><strong>diebus</strong></span> <span class='ocrx_word' id='word_1_514' title='bbox 1191 5622 1473 5667; x_wconf 89' lang='lat' dir='ltr'><strong>crescunt.</strong></span> 
     </span>
    </p>
   </div>
   <div class='ocr_carea' id='block_1_76' title="bbox 605 5791 1610 5868">
    <p class='ocr_par' dir='ltr' id='par_1_76' title="bbox 605 5791 1610 5868">
     <span class='ocr_line' id='line_1_76' title="bbox 605 5791 1610 5868; baseline 0.008 -22"><span class='ocrx_word' id='word_1_515' title='bbox 605 5791 682 5864; x_wconf 80' lang='grc' dir='ltr'><strong>(α)</strong></span> <span class='ocrx_word' id='word_1_516' title='bbox 716 5791 960 5851; x_wconf 81' lang='lat' dir='ltr'><strong>Titulutn</strong></span> <span class='ocrx_word' id='word_1_517' title='bbox 994 5794 1267 5868; x_wconf 73' lang='lat' dir='ltr'><strong>integrum</strong></span> <span class='ocrx_word' id='word_1_518' title='bbox 1295 5797 1415 5856; x_wconf 67' lang='lat' dir='ltr'><strong>vide</strong></span> <span class='ocrx_word' id='word_1_519' title='bbox 1446 5799 1610 5855; x_wconf 84' lang='lat' dir='ltr'><strong>inira.</strong></span> 
     </span>
    </p>
   </div>
   <div class='ocr_carea' id='block_1_77' title="bbox 2189 3497 3778 3574">
    <p class='ocr_par' dir='ltr' id='par_1_77' title="bbox 2189 3497 3778 3574">
     <span class='ocr_line' id='line_1_77' title="bbox 2189 3497 3778 3574; baseline 0 -22"><span class='ocrx_word' id='word_1_520' title='bbox 2189 3499 2452 3562; x_wconf 83' lang='grc' dir='ltr'>Δεικνὺς,</span> <span class='ocrx_word' id='word_1_521' title='bbox 2509 3497 2590 3550; x_wconf 86' lang='grc' dir='ltr'>ὅτι</span> <span class='ocrx_word' id='word_1_522' title='bbox 2645 3497 2738 3550; x_wconf 76' lang='grc' dir='ltr'><strong>ἐπὶ</strong></span> <span class='ocrx_word' id='word_1_523' title='bbox 2800 3497 2899 3568; x_wconf 86' lang='grc' dir='ltr'>μὲν</span> <span class='ocrx_word' id='word_1_524' title='bbox 2953 3497 3055 3567; x_wconf 82' lang='grc' dir='ltr'>τῆς</span> <span class='ocrx_word' id='word_1_525' title='bbox 3111 3498 3275 3570; x_wconf 80' lang='grc' dir='ltr'>έκτης</span> <span class='ocrx_word' id='word_1_526' title='bbox 3332 3499 3778 3574; x_wconf 85' lang='grc' dir='ltr'>συμπεπλήρωκε</span> 
     </span>
    </p>
   </div>
   <div class='ocr_carea' id='block_1_78' title="bbox 2193 3586 3777 3661">
    <p class='ocr_par' dir='ltr' id='par_1_78' title="bbox 2193 3586 3777 3661">
     <span class='ocr_line' id='line_1_78' title="bbox 2193 3586 3777 3661; baseline 0.001 -18"><span class='ocrx_word' id='word_1_527' title='bbox 2193 3592 2392 3654; x_wconf 82' lang='grc' dir='ltr'>πάντα,</span> <span class='ocrx_word' id='word_1_528' title='bbox 2424 3588 2523 3642; x_wconf 78' lang='grc' dir='ltr'>ἅτε</span> <span class='ocrx_word' id='word_1_529' title='bbox 2551 3586 2717 3659; x_wconf 75' lang='grc' dir='ltr'>μηδὲν</span> <span class='ocrx_word' id='word_1_530' title='bbox 2745 3589 2930 3652; x_wconf 81' lang='grc' dir='ltr'>αὐτοῖς</span> <span class='ocrx_word' id='word_1_531' title='bbox 2957 3589 3305 3660; x_wconf 85' lang='grc' dir='ltr'>προστιθέναι</span> <span class='ocrx_word' id='word_1_532' title='bbox 3337 3591 3545 3661; x_wconf 82' lang='grc' dir='ltr'><strong>μέλλων</strong></span> <span class='ocrx_word' id='word_1_533' title='bbox 3572 3591 3777 3655; x_wconf 81' lang='grc' dir='ltr'>καινὸν,</span> 
     </span>
    </p>
   </div>
   <div class='ocr_carea' id='block_1_79' title="bbox 2194 3679 3779 3755">
    <p class='ocr_par' dir='ltr' id='par_1_79' title="bbox 2194 3679 3779 3755">
     <span class='ocr_line' id='line_1_79' title="bbox 2194 3679 3779 3755; baseline 0.001 -19"><span class='ocrx_word' id='word_1_534' title='bbox 2194 3680 2382 3752; x_wconf 76' lang='grc' dir='ltr'>ἐπειδὴ</span> <span class='ocrx_word' id='word_1_535' title='bbox 2413 3680 2546 3752; x_wconf 79' lang='grc' dir='ltr'>μηδὲ</span> <span class='ocrx_word' id='word_1_536' title='bbox 2567 3679 2773 3733; x_wconf 83' lang='grc' dir='ltr'>λείπειν</span> <span class='ocrx_word' id='word_1_537' title='bbox 2798 3697 2852 3732; x_wconf 89' lang='grc' dir='ltr'><strong>τι</strong></span> <span class='ocrx_word' id='word_1_538' title='bbox 2873 3679 3056 3744; x_wconf 81' lang='grc' dir='ltr'>αὐτοῖς</span> <span class='ocrx_word' id='word_1_539' title='bbox 3078 3683 3281 3752; x_wconf 68' lang='grc' dir='ltr'><strong>⁴ἡγεῖτο.</strong></span> <span class='ocrx_word' id='word_1_540' title='bbox 3311 3682 3619 3738; x_wconf 83' lang='grc' dir='ltr'>Ἐπαύσατο</span> <span class='ocrx_word' id='word_1_541' title='bbox 3638 3683 3693 3737; x_wconf 81' lang='grc' dir='ltr'>δὲ</span> <span class='ocrx_word' id='word_1_542' title='bbox 3711 3686 3779 3755; x_wconf 79' lang='grc' dir='ltr'>τῇ</span> 
     </span>
    </p>
   </div>
   <div class='ocr_carea' id='block_1_80' title="bbox 2192 3772 3782 3850">
    <p class='ocr_par' dir='ltr' id='par_1_80' title="bbox 2192 3772 3782 3850">
     <span class='ocr_line' id='line_1_80' title="bbox 2192 3772 3782 3850; baseline 0.001 -24"><span class='ocrx_word' id='word_1_543' title='bbox 2192 3773 2379 3846; x_wconf 70' lang='grc' dir='ltr'>ἡμέρα</span> <span class='ocrx_word' id='word_1_544' title='bbox 2416 3776 2484 3844; x_wconf 77' lang='grc' dir='ltr'>τῇ</span> <span class='ocrx_word' id='word_1_545' title='bbox 2527 3772 2730 3847; x_wconf 79' lang='grc' dir='ltr'>ἑϐδόμῃ</span> <span class='ocrx_word' id='word_1_546' title='bbox 2773 3772 2867 3826; x_wconf 79' lang='grc' dir='ltr'><strong>τοῦ</strong></span> <span class='ocrx_word' id='word_1_547' title='bbox 2915 3777 3114 3828; x_wconf 85' lang='grc' dir='ltr'>ποιεῖν.</span> <span class='ocrx_word' id='word_1_548' title='bbox 3151 3775 3356 3829; x_wconf 82' lang='grc' dir='ltr'>Τούτου</span> <span class='ocrx_word' id='word_1_549' title='bbox 3382 3793 3446 3845; x_wconf 85' lang='grc' dir='ltr'><strong>γε</strong></span> <span class='ocrx_word' id='word_1_550' title='bbox 3472 3776 3655 3831; x_wconf 75' lang='grc' dir='ltr'>ἕνεκεν</span> <span class='ocrx_word' id='word_1_551' title='bbox 3683 3777 3782 3850; x_wconf 81' lang='grc' dir='ltr'>τὴν</span> 
     </span>
    </p>
   </div>
   <div class='ocr_carea' id='block_1_81' title="bbox 2196 3863 3782 3938">
    <p class='ocr_par' dir='ltr' id='par_1_81' title="bbox 2196 3863 3782 3938">
     <span class='ocr_line' id='line_1_81' title="bbox 2196 3863 3782 3938; baseline 0.003 -20"><span class='ocrx_word' id='word_1_552' title='bbox 2196 3867 2414 3938; x_wconf 76' lang='grc' dir='ltr'>ἡμέραν</span> <span class='ocrx_word' id='word_1_553' title='bbox 2429 3863 2635 3936; x_wconf 88' lang='grc' dir='ltr'>ταύτην</span> <span class='ocrx_word' id='word_1_554' title='bbox 2648 3864 3058 3936; x_wconf 80' lang='grc' dir='ltr'>προστέθεικεν,</span> <span class='ocrx_word' id='word_1_555' title='bbox 3083 3867 3364 3938; x_wconf 72' lang='grc' dir='ltr'>ἄπρακτον</span> <span class='ocrx_word' id='word_1_556' title='bbox 3390 3863 3578 3934; x_wconf 84' lang='grc' dir='ltr'>οὖσαν,</span> <span class='ocrx_word' id='word_1_557' title='bbox 3603 3869 3698 3922; x_wconf 73' lang='grc' dir='ltr'>καὶ</span> <span class='ocrx_word' id='word_1_558' title='bbox 3723 3869 3782 3922; x_wconf 81' lang='grc' dir='ltr'>ὲν</span> 
     </span>
    </p>
   </div>
   <div class='ocr_carea' id='block_1_82' title="bbox 2196 3954 3782 4035">
    <p class='ocr_par' dir='ltr' id='par_1_82' title="bbox 2196 3954 3782 4035">
     <span class='ocr_line' id='line_1_82' title="bbox 2196 3954 3782 4035; baseline 0.003 -23"><span class='ocrx_word' id='word_1_559' title='bbox 2196 3954 2231 4034; x_wconf 86' lang='grc' dir='ltr'>ᾖ</span> <span class='ocrx_word' id='word_1_560' title='bbox 2252 3959 2510 4024; x_wconf 80' lang='grc' dir='ltr'>καθάπαξ</span> <span class='ocrx_word' id='word_1_561' title='bbox 2526 3957 2823 4031; x_wconf 87' lang='grc' dir='ltr'>πεποίηκεν</span> <span class='ocrx_word' id='word_1_562' title='bbox 2839 3958 3012 4023; x_wconf 84' lang='grc' dir='ltr'>ούδὲν,</span> <span class='ocrx_word' id='word_1_563' title='bbox 3036 3959 3111 4022; x_wconf 83' lang='grc' dir='ltr'>ὡς</span> <span class='ocrx_word' id='word_1_564' title='bbox 3130 3961 3194 4012; x_wconf 85' lang='grc' dir='ltr'>ἂν</span> <span class='ocrx_word' id='word_1_565' title='bbox 3211 3962 3276 4031; x_wconf 82' lang='grc' dir='ltr'><strong>τῇ</strong></span> <span class='ocrx_word' id='word_1_566' title='bbox 3296 3961 3436 4015; x_wconf 82' lang='grc' dir='ltr'>κατὰ</span> <span class='ocrx_word' id='word_1_567' title='bbox 3454 3961 3552 4032; x_wconf 80' lang='grc' dir='ltr'>τὴν</span> <span class='ocrx_word' id='word_1_568' title='bbox 3572 3962 3782 4035; x_wconf 77' lang='grc' dir='ltr'>ἡμέραν</span> 
     </span>
    </p>
   </div>
   <div class='ocr_carea' id='block_1_83' title="bbox 2198 4048 3783 4127">
    <p class='ocr_par' dir='ltr' id='par_1_83' title="bbox 2198 4048 3783 4127">
     <span class='ocr_line' id='line_1_83' title="bbox 2198 4048 3783 4127; baseline 0 -21"><span class='ocrx_word' id='word_1_569' title='bbox 2198 4052 2369 4123; x_wconf 79' lang='grc' dir='ltr'>ἀργίᾳ</span> <span class='ocrx_word' id='word_1_570' title='bbox 2395 4048 2711 4121; x_wconf 81' lang='grc' dir='ltr'>δηλώσειεν,</span> <span class='ocrx_word' id='word_1_571' title='bbox 2738 4053 2820 4104; x_wconf 84' lang='grc' dir='ltr'>ὅτι</span> <span class='ocrx_word' id='word_1_572' title='bbox 2851 4051 3032 4104; x_wconf 84' lang='grc' dir='ltr'>πάντα</span> <span class='ocrx_word' id='word_1_573' title='bbox 3054 4050 3166 4123; x_wconf 80' lang='grc' dir='ltr'>ἔχει</span> <span class='ocrx_word' id='word_1_574' title='bbox 3191 4053 3362 4124; x_wconf 84' lang='grc' dir='ltr'>πέρας</span> <span class='ocrx_word' id='word_1_575' title='bbox 3385 4052 3555 4125; x_wconf 83' lang='grc' dir='ltr'>αύτῷ.</span> <span class='ocrx_word' id='word_1_576' title='bbox 3599 4055 3656 4107; x_wconf 89' lang='grc' dir='ltr'>Ὀ</span> <span class='ocrx_word' id='word_1_577' title='bbox 3676 4055 3783 4127; x_wconf 85' lang='grc' dir='ltr'><strong>γὰρ</strong></span> 
     </span>
    </p>
   </div>
   <div class='ocr_carea' id='block_1_84' title="bbox 2199 4142 3782 4218">
    <p class='ocr_par' dir='ltr' id='par_1_84' title="bbox 2199 4142 3782 4218">
     <span class='ocr_line' id='line_1_84' title="bbox 2199 4142 3782 4218; baseline 0.001 -21"><span class='ocrx_word' id='word_1_578' title='bbox 2199 4143 2296 4197; x_wconf 75' lang='grc' dir='ltr'>καὶ</span> <span class='ocrx_word' id='word_1_579' title='bbox 2326 4145 2392 4214; x_wconf 78' lang='grc' dir='ltr'>τῇ</span> <span class='ocrx_word' id='word_1_580' title='bbox 2425 4142 2637 4216; x_wconf 84' lang='grc' dir='ltr'>πρώτῃ,</span> <span class='ocrx_word' id='word_1_581' title='bbox 2664 4143 2758 4196; x_wconf 72' lang='grc' dir='ltr'>καὶ</span> <span class='ocrx_word' id='word_1_582' title='bbox 2783 4144 2848 4214; x_wconf 83' lang='grc' dir='ltr'><strong>τῇ</strong></span> <span class='ocrx_word' id='word_1_583' title='bbox 2889 4142 3138 4216; x_wconf 79' lang='grc' dir='ltr'>δευτέρᾳ,</span> <span class='ocrx_word' id='word_1_584' title='bbox 3167 4145 3260 4196; x_wconf 78' lang='grc' dir='ltr'>καὶ</span> <span class='ocrx_word' id='word_1_585' title='bbox 3284 4147 3348 4216; x_wconf 80' lang='grc' dir='ltr'>τῇ</span> <span class='ocrx_word' id='word_1_586' title='bbox 3385 4145 3563 4218; x_wconf 85' lang='grc' dir='ltr'>τρίτῃ,</span> <span class='ocrx_word' id='word_1_587' title='bbox 3596 4146 3690 4199; x_wconf 74' lang='grc' dir='ltr'>καὶ</span> <span class='ocrx_word' id='word_1_588' title='bbox 3716 4149 3782 4218; x_wconf 82' lang='grc' dir='ltr'>τῇ</span> 
     </span>
    </p>
   </div>
   <div class='ocr_carea' id='block_1_85' title="bbox 2200 4233 3785 4306">
    <p class='ocr_par' dir='ltr' id='par_1_85' title="bbox 2200 4233 3785 4306">
     <span class='ocr_line' id='line_1_85' title="bbox 2200 4233 3785 4306; baseline 0.003 -19"><span class='ocrx_word' id='word_1_589' title='bbox 2200 4237 2454 4305; x_wconf 78' lang='grc' dir='ltr'>τετάρτῃ,</span> <span class='ocrx_word' id='word_1_590' title='bbox 2497 4234 2592 4287; x_wconf 71' lang='grc' dir='ltr'>καὶ</span> <span class='ocrx_word' id='word_1_591' title='bbox 2625 4236 2690 4305; x_wconf 79' lang='grc' dir='ltr'>τῇ</span> <span class='ocrx_word' id='word_1_592' title='bbox 2714 4233 2942 4306; x_wconf 84' lang='grc' dir='ltr'>πέμπτῃ</span> <span class='ocrx_word' id='word_1_593' title='bbox 2963 4276 2977 4299; x_wconf 89' lang='grc'><strong>,</strong></span> <span class='ocrx_word' id='word_1_594' title='bbox 3010 4235 3104 4288; x_wconf 78' lang='grc' dir='ltr'>καὶ</span> <span class='ocrx_word' id='word_1_595' title='bbox 3136 4237 3202 4306; x_wconf 83' lang='grc' dir='ltr'>τῇ</span> <span class='ocrx_word' id='word_1_596' title='bbox 3242 4235 3374 4306; x_wconf 75' lang='grc' dir='ltr'>ἕκτῃ</span> <span class='ocrx_word' id='word_1_597' title='bbox 3410 4235 3496 4289; x_wconf 87' lang='grc' dir='ltr'>ἀεί</span> <span class='ocrx_word' id='word_1_598' title='bbox 3527 4255 3576 4290; x_wconf 91' lang='grc' dir='ltr'><strong>τι</strong></span> <span class='ocrx_word' id='word_1_599' title='bbox 3601 4238 3785 4291; x_wconf 78' lang='grc' dir='ltr'>καινὸν</span> 
     </span>
    </p>
   </div>
   <div class='ocr_carea' id='block_1_86' title="bbox 2204 4324 3785 4402">
    <p class='ocr_par' dir='ltr' id='par_1_86' title="bbox 2204 4324 3785 4402">
     <span class='ocr_line' id='line_1_86' title="bbox 2204 4324 3785 4402; baseline 0.004 -22"><span class='ocrx_word' id='word_1_600' title='bbox 2204 4324 2543 4396; x_wconf 80' lang='grc' dir='ltr'>πεποιηκὼς,</span> <span class='ocrx_word' id='word_1_601' title='bbox 2575 4325 2603 4379; x_wconf 87' lang='grc' dir='ltr'><strong>δ</strong></span> <span class='ocrx_word' id='word_1_602' title='bbox 2625 4324 2833 4380; x_wconf 84' lang='grc' dir='ltr'>λείπειν</span> <span class='ocrx_word' id='word_1_603' title='bbox 2863 4328 3046 4396; x_wconf 78' lang='grc' dir='ltr'>ἡγεῖτο</span> <span class='ocrx_word' id='word_1_604' title='bbox 3076 4329 3142 4398; x_wconf 78' lang='grc' dir='ltr'>τῇ</span> <span class='ocrx_word' id='word_1_605' title='bbox 3183 4327 3392 4382; x_wconf 87' lang='grc' dir='ltr'>κτίσει·</span> <span class='ocrx_word' id='word_1_606' title='bbox 3424 4329 3664 4402; x_wconf 75' lang='grc' dir='ltr'>εὔδηλον,</span> <span class='ocrx_word' id='word_1_607' title='bbox 3705 4332 3785 4386; x_wconf 84' lang='grc' dir='ltr'>ὃτι</span> 
     </span>
    </p>
   </div>
   <div class='ocr_carea' id='block_1_87' title="bbox 2202 4418 3782 4490">
    <p class='ocr_par' dir='ltr' id='par_1_87' title="bbox 2202 4418 3782 4490">
     <span class='ocr_line' id='line_1_87' title="bbox 2202 4418 3782 4490; baseline 0.003 -17"><span class='ocrx_word' id='word_1_608' title='bbox 2202 4419 2290 4473; x_wconf 76' lang='grc' dir='ltr'><strong>διὰ</strong></span> <span class='ocrx_word' id='word_1_609' title='bbox 2325 4418 2483 4473; x_wconf 80' lang='grc' dir='ltr'>τοῦτο</span> <span class='ocrx_word' id='word_1_610' title='bbox 2520 4419 2613 4473; x_wconf 78' lang='grc' dir='ltr'><strong>ἐπὶ</strong></span> <span class='ocrx_word' id='word_1_611' title='bbox 2658 4418 2759 4488; x_wconf 78' lang='grc' dir='ltr'>τῆς</span> <span class='ocrx_word' id='word_1_612' title='bbox 2805 4419 3040 4490; x_wconf 74' lang='grc' dir='ltr'>ἑϐδόμης</span> <span class='ocrx_word' id='word_1_613' title='bbox 3071 4419 3167 4473; x_wconf 82' lang='grc' dir='ltr'><strong>τοῦ</strong></span> <span class='ocrx_word' id='word_1_614' title='bbox 3202 4424 3376 4475; x_wconf 83' lang='grc' dir='ltr'>ποιεῖν</span> <span class='ocrx_word' id='word_1_615' title='bbox 3407 4423 3782 4489; x_wconf 81' lang='grc' dir='ltr'>ἀπεπαύσατο,</span> 
     </span>
    </p>
   </div>
   <div class='ocr_carea' id='block_1_88' title="bbox 2203 4511 3786 4586">
    <p class='ocr_par' dir='ltr' id='par_1_88' title="bbox 2203 4511 3786 4586">
     <span class='ocr_line' id='line_1_88' title="bbox 2203 4511 3786 4586; baseline 0.003 -20"><span class='ocrx_word' id='word_1_616' title='bbox 2203 4513 2278 4575; x_wconf 85' lang='grc' dir='ltr'>ὼς</span> <span class='ocrx_word' id='word_1_617' title='bbox 2317 4511 2382 4566; x_wconf 81' lang='grc' dir='ltr'>ἂν</span> <span class='ocrx_word' id='word_1_618' title='bbox 2413 4515 2476 4583; x_wconf 85' lang='grc' dir='ltr'><strong>τῇ</strong></span> <span class='ocrx_word' id='word_1_619' title='bbox 2515 4511 2682 4584; x_wconf 72' lang='grc' dir='ltr'>ἀργίᾳ</span> <span class='ocrx_word' id='word_1_620' title='bbox 2710 4513 2777 4582; x_wconf 80' lang='grc' dir='ltr'><strong>τῇ</strong></span> <span class='ocrx_word' id='word_1_621' title='bbox 2810 4513 2868 4565; x_wconf 78' lang='grc' dir='ltr'>ἐν</span> <span class='ocrx_word' id='word_1_622' title='bbox 2892 4512 3031 4582; x_wconf 81' lang='grc' dir='ltr'>αὐτῇ</span> <span class='ocrx_word' id='word_1_623' title='bbox 3057 4512 3248 4578; x_wconf 83' lang='grc' dir='ltr'>δείξειε</span> <span class='ocrx_word' id='word_1_624' title='bbox 3284 4513 3345 4566; x_wconf 84' lang='grc' dir='ltr'>τὸ</span> <span class='ocrx_word' id='word_1_625' title='bbox 3374 4515 3546 4586; x_wconf 86' lang='grc' dir='ltr'>πέρας</span> <span class='ocrx_word' id='word_1_626' title='bbox 3571 4516 3786 4586; x_wconf 75' lang='grc' dir='ltr'>εἰληφέ-</span> 
     </span>
    </p>
   </div>
   <div class='ocr_carea' id='block_1_89' title="bbox 2207 4602 3786 4676">
    <p class='ocr_par' dir='ltr' id='par_1_89' title="bbox 2207 4602 3786 4676">
     <span class='ocr_line' id='line_1_89' title="bbox 2207 4602 3786 4676; baseline 0.004 -22"><span class='ocrx_word' id='word_1_627' title='bbox 2207 4621 2294 4654; x_wconf 90' lang='grc' dir='ltr'><strong>ναι</strong></span> <span class='ocrx_word' id='word_1_628' title='bbox 2321 4602 2420 4674; x_wconf 77' lang='grc' dir='ltr'>τὴν</span> <span class='ocrx_word' id='word_1_629' title='bbox 2454 4602 2647 4656; x_wconf 84' lang='grc' dir='ltr'>κτίσιν.</span> <span class='ocrx_word' id='word_1_630' title='bbox 2676 4602 2844 4654; x_wconf 84' lang='grc' dir='ltr'>Ὅθεν</span> <span class='ocrx_word' id='word_1_631' title='bbox 2873 4602 2965 4656; x_wconf 78' lang='grc' dir='ltr'>καὶ</span> <span class='ocrx_word' id='word_1_632' title='bbox 2993 4604 3051 4655; x_wconf 79' lang='grc' dir='ltr'>ὲν</span> <span class='ocrx_word' id='word_1_633' title='bbox 3074 4603 3214 4657; x_wconf 79' lang='grc' dir='ltr'>ἑπτὰ</span> <span class='ocrx_word' id='word_1_634' title='bbox 3237 4603 3472 4676; x_wconf 83' lang='grc' dir='ltr'>ἡμέραις</span> <span class='ocrx_word' id='word_1_635' title='bbox 3497 4605 3590 4660; x_wconf 79' lang='grc' dir='ltr'><strong>τὸν</strong></span> <span class='ocrx_word' id='word_1_636' title='bbox 3613 4607 3786 4660; x_wconf 82' lang='grc' dir='ltr'>πάντα</span> 
     </span>
    </p>
   </div>
   <div class='ocr_carea' id='block_1_90' title="bbox 2209 4691 3788 4768">
    <p class='ocr_par' dir='ltr' id='par_1_90' title="bbox 2209 4691 3788 4768">
     <span class='ocr_line' id='line_1_90' title="bbox 2209 4691 3788 4768; baseline 0.004 -22"><span class='ocrx_word' id='word_1_637' title='bbox 2209 4691 2408 4746; x_wconf 86' lang='grc' dir='ltr'>κύκλον</span> <span class='ocrx_word' id='word_1_638' title='bbox 2444 4693 2552 4746; x_wconf 84' lang='grc' dir='ltr'><strong>τῶν</strong></span> <span class='ocrx_word' id='word_1_639' title='bbox 2595 4691 2819 4764; x_wconf 79' lang='grc' dir='ltr'>ἡμερῶν</span> <span class='ocrx_word' id='word_1_640' title='bbox 2867 4693 3205 4766; x_wconf 72' lang='grc' dir='ltr'>περιέγραψε</span> <span class='ocrx_word' id='word_1_641' title='bbox 3226 4738 3239 4762; x_wconf 90' lang='grc'><strong>,</strong></span> <span class='ocrx_word' id='word_1_642' title='bbox 3264 4697 3562 4768; x_wconf 82' lang='grc' dir='ltr'>δυνάμενος</span> <span class='ocrx_word' id='word_1_643' title='bbox 3587 4700 3648 4752; x_wconf 78' lang='grc' dir='ltr'>ἐν</span> <span class='ocrx_word' id='word_1_644' title='bbox 3669 4701 3788 4763; x_wconf 79' lang='grc' dir='ltr'>ταῖς</span> 
     </span>
    </p>
   </div>
   <div class='ocr_carea' id='block_1_91' title="bbox 2211 4781 3784 4863">
    <p class='ocr_par' dir='ltr' id='par_1_91' title="bbox 2211 4781 3784 4863">
     <span class='ocr_line' id='line_1_91' title="bbox 2211 4781 3784 4863; baseline 0.006 -27"><span class='ocrx_word' id='word_1_645' title='bbox 2211 4784 2268 4850; x_wconf 81' lang='grc' dir='ltr'><strong>ἒξ</strong></span> <span class='ocrx_word' id='word_1_646' title='bbox 2307 4785 2463 4838; x_wconf 77' lang='grc' dir='ltr'>τοῦτο</span> <span class='ocrx_word' id='word_1_647' title='bbox 2507 4785 2749 4854; x_wconf 78' lang='grc' dir='ltr'>ποιῆσαι,</span> <span class='ocrx_word' id='word_1_648' title='bbox 2773 4786 2832 4838; x_wconf 84' lang='grc' dir='ltr'>ὲν</span> <span class='ocrx_word' id='word_1_649' title='bbox 2874 4781 2962 4851; x_wconf 84' lang='grc' dir='ltr'>αἷς</span> <span class='ocrx_word' id='word_1_650' title='bbox 3005 4789 3395 4860; x_wconf 81' lang='grc' dir='ltr'>συνεπλήρωσε</span> <span class='ocrx_word' id='word_1_651' title='bbox 3434 4789 3532 4863; x_wconf 78' lang='grc' dir='ltr'>τὴν</span> <span class='ocrx_word' id='word_1_652' title='bbox 3572 4791 3784 4846; x_wconf 79' lang='grc' dir='ltr'>κτίσινο</span> 
     </span>
    </p>
   </div>
   <div class='ocr_carea' id='block_1_92' title="bbox 2209 4874 3789 4954">
    <p class='ocr_par' dir='ltr' id='par_1_92' title="bbox 2209 4874 3789 4954">
     <span class='ocr_line' id='line_1_92' title="bbox 2209 4874 3789 4954; baseline 0.005 -25"><span class='ocrx_word' id='word_1_653' title='bbox 2209 4877 2295 4929; x_wconf 80' lang='grc' dir='ltr'>ἵνα</span> <span class='ocrx_word' id='word_1_654' title='bbox 2355 4879 2411 4930; x_wconf 83' lang='grc' dir='ltr'>αἱ</span> <span class='ocrx_word' id='word_1_655' title='bbox 2445 4878 2542 4948; x_wconf 80' lang='grc' dir='ltr'>μὲν</span> <span class='ocrx_word' id='word_1_656' title='bbox 2583 4876 2662 4941; x_wconf 76' lang='grc' dir='ltr'><strong>ἓξ,</strong></span> <span class='ocrx_word' id='word_1_657' title='bbox 2695 4878 2927 4949; x_wconf 79' lang='grc' dir='ltr'>δήλωσις</span> <span class='ocrx_word' id='word_1_658' title='bbox 2970 4874 3073 4934; x_wconf 87' lang='grc' dir='ltr'>ὧσι</span> <span class='ocrx_word' id='word_1_659' title='bbox 3125 4879 3234 4936; x_wconf 82' lang='grc' dir='ltr'><strong>τῶν</strong></span> <span class='ocrx_word' id='word_1_660' title='bbox 3273 4884 3606 4951; x_wconf 82' lang='grc' dir='ltr'>γεγονότων·</span> <span class='ocrx_word' id='word_1_661' title='bbox 3651 4886 3684 4954; x_wconf 77' lang='grc' dir='ltr'>ἡ</span> <span class='ocrx_word' id='word_1_662' title='bbox 3734 4883 3789 4937; x_wconf 79' lang='grc' dir='ltr'>δὲ</span> 
     </span>
    </p>
   </div>
   <div class='ocr_carea' id='block_1_93' title="bbox 2207 4968 3792 5048">
    <p class='ocr_par' dir='ltr' id='par_1_93' title="bbox 2207 4968 3792 5048">
     <span class='ocr_line' id='line_1_93' title="bbox 2207 4968 3792 5048; baseline 0.005 -26"><span class='ocrx_word' id='word_1_663' title='bbox 2207 4968 2433 5040; x_wconf 80' lang='grc' dir='ltr'>έΰδόμη,</span> <span class='ocrx_word' id='word_1_664' title='bbox 2459 4969 2636 5024; x_wconf 84' lang='grc' dir='ltr'>πάντα</span> <span class='ocrx_word' id='word_1_665' title='bbox 2657 4971 2938 5044; x_wconf 77' lang='grc' dir='ltr'>εἰληφέναι</span> <span class='ocrx_word' id='word_1_666' title='bbox 2967 4973 3141 5045; x_wconf 86' lang='grc' dir='ltr'>πέρας</span> <span class='ocrx_word' id='word_1_667' title='bbox 3167 4973 3262 5029; x_wconf 80' lang='grc' dir='ltr'>καὶ</span> <span class='ocrx_word' id='word_1_668' title='bbox 3291 4976 3460 5048; x_wconf 79' lang='grc' dir='ltr'>μηδὲν</span> <span class='ocrx_word' id='word_1_669' title='bbox 3481 4977 3664 5040; x_wconf 79' lang='grc' dir='ltr'>αὐτοῖς</span> <span class='ocrx_word' id='word_1_670' title='bbox 3687 4978 3792 5030; x_wconf 84' lang='grc' dir='ltr'>λεί-</span> 
     </span>
    </p>
   </div>
   <div class='ocr_carea' id='block_1_94' title="bbox 2209 5062 2464 5116">
    <p class='ocr_par' dir='ltr' id='par_1_94' title="bbox 2209 5062 2464 5116">
     <span class='ocr_line' id='line_1_94' title="bbox 2209 5062 2464 5116; baseline 0.004 -1"><span class='ocrx_word' id='word_1_671' title='bbox 2209 5080 2274 5116; x_wconf 86' lang='grc' dir='ltr'><strong>πε</strong></span> <span class='ocrx_word' id='word_1_672' title='bbox 2285 5081 2330 5116; x_wconf 90' lang='grc' dir='ltr'><strong>ιν</strong></span> <span class='ocrx_word' id='word_1_673' title='bbox 2365 5062 2464 5116; x_wconf 74' lang='grc' dir='ltr'>ἔτι.</span> 
     </span>
    </p>
   </div>
   <div class='ocr_carea' id='block_1_95' title="bbox 2278 5156 3792 5232">
    <p class='ocr_par' dir='ltr' id='par_1_95' title="bbox 2278 5156 3792 5232">
     <span class='ocr_line' id='line_1_95' title="bbox 2278 5156 3792 5232; baseline 0.005 -25"><span class='ocrx_word' id='word_1_674' title='bbox 2278 5156 2514 5228; x_wconf 71' lang='grc' dir='ltr'>Εὔδηλον</span> <span class='ocrx_word' id='word_1_675' title='bbox 2552 5157 2662 5229; x_wconf 86' lang='grc' dir='ltr'>γὰρ</span> <span class='ocrx_word' id='word_1_676' title='bbox 2698 5158 2774 5223; x_wconf 86' lang='grc' dir='ltr'>ὼς</span> <span class='ocrx_word' id='word_1_677' title='bbox 2825 5160 2979 5213; x_wconf 74' lang='grc' dir='ltr'>οὐδὲν</span> <span class='ocrx_word' id='word_1_678' title='bbox 3033 5159 3133 5213; x_wconf 80' lang='grc' dir='ltr'>οὐκ</span> <span class='ocrx_word' id='word_1_679' title='bbox 3181 5160 3261 5213; x_wconf 85' lang='grc' dir='ltr'>ἔτι</span> <span class='ocrx_word' id='word_1_680' title='bbox 3310 5161 3494 5215; x_wconf 83' lang='grc' dir='ltr'>καινὸν</span> <span class='ocrx_word' id='word_1_681' title='bbox 3532 5161 3670 5232; x_wconf 86' lang='grc' dir='ltr'>μετὰ</span> <span class='ocrx_word' id='word_1_682' title='bbox 3696 5162 3792 5231; x_wconf 80' lang='grc' dir='ltr'>τὴν</span> 
     </span>
    </p>
   </div>
   <div class='ocr_carea' id='block_1_96' title="bbox 2207 5248 3793 5324">
    <p class='ocr_par' dir='ltr' id='par_1_96' title="bbox 2207 5248 3793 5324">
     <span class='ocr_line' id='line_1_96' title="bbox 2207 5248 3793 5324; baseline 0.003 -24"><span class='ocrx_word' id='word_1_683' title='bbox 2207 5248 2374 5320; x_wconf 69' lang='grc' dir='ltr'>ἕκτην</span> <span class='ocrx_word' id='word_1_684' title='bbox 2423 5250 2660 5318; x_wconf 73' lang='grc' dir='ltr'>ἐγένετο,</span> <span class='ocrx_word' id='word_1_685' title='bbox 2704 5251 3007 5323; x_wconf 85' lang='grc' dir='ltr'>γινομένων</span> <span class='ocrx_word' id='word_1_686' title='bbox 3057 5253 3155 5324; x_wconf 84' lang='grc' dir='ltr'>μὲν</span> <span class='ocrx_word' id='word_1_687' title='bbox 3199 5252 3285 5305; x_wconf 77' lang='grc' dir='ltr'>ἀεὶ</span> <span class='ocrx_word' id='word_1_688' title='bbox 3320 5253 3414 5306; x_wconf 70' lang='grc' dir='ltr'>καὶ</span> <span class='ocrx_word' id='word_1_689' title='bbox 3457 5253 3660 5322; x_wconf 81' lang='grc' dir='ltr'>φυτῶν,</span> <span class='ocrx_word' id='word_1_690' title='bbox 3703 5254 3793 5307; x_wconf 78' lang='grc' dir='ltr'>καὶ</span> 
     </span>
    </p>
   </div>
   <div class='ocr_carea' id='block_1_97' title="bbox 2212 5339 3793 5416">
    <p class='ocr_par' dir='ltr' id='par_1_97' title="bbox 2212 5339 3793 5416">
     <span class='ocr_line' id='line_1_97' title="bbox 2212 5339 3793 5416; baseline 0.001 -22"><span class='ocrx_word' id='word_1_691' title='bbox 2212 5343 2561 5413; x_wconf 80' lang='grc' dir='ltr'>σπερμάτων,</span> <span class='ocrx_word' id='word_1_692' title='bbox 2602 5346 2694 5397; x_wconf 76' lang='grc' dir='ltr'>καὶ</span> <span class='ocrx_word' id='word_1_693' title='bbox 2720 5344 2875 5409; x_wconf 81' lang='grc' dir='ltr'>ζώων</span> <span class='ocrx_word' id='word_1_694' title='bbox 2897 5362 2910 5375; x_wconf 82' lang='grc'><em>’</em></span> <span class='ocrx_word' id='word_1_695' title='bbox 2943 5346 3008 5407; x_wconf 51' lang='grc' dir='ltr'>ού,</span> <span class='ocrx_word' id='word_1_696' title='bbox 3032 5345 3236 5398; x_wconf 84' lang='grc' dir='ltr'>καινῶν</span> <span class='ocrx_word' id='word_1_697' title='bbox 3259 5345 3334 5403; x_wconf 87' lang='grc' dir='ltr'><strong>δὲ.</strong></span> <span class='ocrx_word' id='word_1_698' title='bbox 3363 5345 3476 5398; x_wconf 86' lang='grc' dir='ltr'>ἀλλ’</span> <span class='ocrx_word' id='word_1_699' title='bbox 3506 5339 3704 5416; x_wconf 79' lang='grc' dir='ltr'>οἷάπερ</span> <span class='ocrx_word' id='word_1_700' title='bbox 3729 5340 3793 5415; x_wconf 83' lang='grc' dir='ltr'>ἦν</span> 
     </span>
    </p>
   </div>
   <div class='ocr_carea' id='block_1_98' title="bbox 2209 5435 3795 5509">
    <p class='ocr_par' dir='ltr' id='par_1_98' title="bbox 2209 5435 3795 5509">
     <span class='ocr_line' id='line_1_98' title="bbox 2209 5435 3795 5509; baseline 0.001 -23"><span class='ocrx_word' id='word_1_701' title='bbox 2209 5435 2280 5487; x_wconf 79' lang='grc' dir='ltr'>τὰ</span> <span class='ocrx_word' id='word_1_702' title='bbox 2300 5435 2565 5508; x_wconf 88' lang='grc' dir='ltr'>πρότερον</span> <span class='ocrx_word' id='word_1_703' title='bbox 2587 5438 2874 5505; x_wconf 86' lang='grc' dir='ltr'>γεγονότα,</span> <span class='ocrx_word' id='word_1_704' title='bbox 2902 5439 3022 5490; x_wconf 77' lang='grc' dir='ltr'>κατ’</span> <span class='ocrx_word' id='word_1_705' title='bbox 3047 5439 3255 5489; x_wconf 77' lang='grc' dir='ltr'>ἐκεῖνον</span> <span class='ocrx_word' id='word_1_706' title='bbox 3281 5436 3370 5489; x_wconf 84' lang='grc' dir='ltr'>τὸν</span> <span class='ocrx_word' id='word_1_707' title='bbox 3396 5437 3541 5509; x_wconf 83' lang='grc' dir='ltr'>ὅρον,</span> <span class='ocrx_word' id='word_1_708' title='bbox 3575 5438 3669 5491; x_wconf 79' lang='grc' dir='ltr'>καὶ</span> <span class='ocrx_word' id='word_1_709' title='bbox 3702 5437 3795 5508; x_wconf 80' lang='grc' dir='ltr'>τὴν</span> 
     </span>
    </p>
   </div>
   <div class='ocr_carea' id='block_1_99' title="bbox 2210 5528 3795 5597">
    <p class='ocr_par' dir='ltr' id='par_1_99' title="bbox 2210 5528 3795 5597">
     <span class='ocr_line' id='line_1_99' title="bbox 2210 5528 3795 5597; baseline 0.003 -17"><span class='ocrx_word' id='word_1_710' title='bbox 2210 5528 2298 5580; x_wconf 75' lang='grc' dir='ltr'><strong>ἐπ’</strong></span> <span class='ocrx_word' id='word_1_711' title='bbox 2339 5529 2520 5592; x_wconf 83' lang='grc' dir='ltr'>αὐτοῖς</span> <span class='ocrx_word' id='word_1_712' title='bbox 2544 5529 2820 5597; x_wconf 64' lang='grc' dir='ltr'>ἀπόφασίν</span> <span class='ocrx_word' id='word_1_713' title='bbox 2850 5547 2910 5582; x_wconf 86' lang='grc' dir='ltr'><strong>τε</strong></span> <span class='ocrx_word' id='word_1_714' title='bbox 2945 5528 3040 5582; x_wconf 68' lang='grc' dir='ltr'>καὶ</span> <span class='ocrx_word' id='word_1_715' title='bbox 3079 5529 3330 5596; x_wconf 77' lang='grc' dir='ltr'>εὐλογίαν</span> <span class='ocrx_word' id='word_1_716' title='bbox 3353 5529 3444 5583; x_wconf 83' lang='grc' dir='ltr'><strong>τοῦ</strong></span> <span class='ocrx_word' id='word_1_717' title='bbox 3479 5529 3638 5596; x_wconf 82' lang='grc' dir='ltr'>Θεοῦ,</span> <span class='ocrx_word' id='word_1_718' title='bbox 3668 5530 3795 5586; x_wconf 67' lang='grc' dir='ltr'>πάνυ</span> 
     </span>
    </p>
   </div>
   <div class='ocr_carea' id='block_1_100' title="bbox 2209 5619 3502 5700">
    <p class='ocr_par' dir='ltr' id='par_1_100' title="bbox 2209 5619 3502 5700">
     <span class='ocr_line' id='line_1_100' title="bbox 2209 5619 3502 5700; baseline 0.01 -29"><span class='ocrx_word' id='word_1_719' title='bbox 2209 5635 2318 5673; x_wconf 87' lang='grc' dir='ltr'><strong>των</strong></span> <span class='ocrx_word' id='word_1_720' title='bbox 2352 5619 2474 5675; x_wconf 87' lang='grc' dir='ltr'>καθ’</span> <span class='ocrx_word' id='word_1_721' title='bbox 2506 5619 2745 5692; x_wconf 77' lang='grc' dir='ltr'>ἑκάστην</span> <span class='ocrx_word' id='word_1_722' title='bbox 2778 5620 3124 5678; x_wconf 76' lang='grc' dir='ltr'>ἐπιδιδόντων</span> <span class='ocrx_word' id='word_1_723' title='bbox 3147 5625 3244 5700; x_wconf 76' lang='grc' dir='ltr'>τὴν</span> <span class='ocrx_word' id='word_1_724' title='bbox 3276 5626 3502 5700; x_wconf 65' lang='grc' dir='ltr'>ἡμέραν.</span> 
     </span>
    </p>
   </div>
  </div>
