4162 6534
397 399 501 452 οδε

1551 382 1904 443 τιιεοοοιιι
1942 379 2433 441 MOPSUESTENI

3571 382 3680 438 ϐω

397 506 780 563 discernendi.
813 503 957 559 Nihil
994 512 1181 562 autem
1229 490 1379 560 aliud
1417 503 1668 560 declarat
1708 501 1983 573 propheta
2014 548 2018 560 ,

2120 498 2239 553 νεῶν
2282 502 2417 573 ὁρᾷν
2466 518 2528 556 τε
2568 504 2689 568 ταῖς
2722 502 2953 570 ἐννοίαις
3000 504 3096 559 καὶ
3128 502 3425 574 διακρίνειν
3476 503 3543 555 ἐκ
3580 497 3680 554 τοῦ

400 601 509 657 nisi
544 614 643 654 eos
681 597 992 654 nuditatem
1040 613 1197 654 suam
1242 596 1491 653 sensisse
1537 611 1603 651 ac
1639 599 1710 651 de
1748 608 1812 649 ea
1857 607 1987 647 eru-

401 693 605 749 buisse.
651 689 817 746 Prius
846 691 996 745 enim
1034 706 1136 747 nec
1165 705 1289 746 eam
1325 690 1763 747 observaverant
1794 701 1898 741 nec
1920 698 1988 740 ea

400 787 784 851 erubuerant;
818 794 1012 856 postea
1044 799 1178 841 vero
1204 785 1313 841 ista
1344 782 1597 839 nuditate
1622 783 1698 837 ita
1726 779 1988 836 alliciun-

402 888 528 941 tur,
563 885 622 932 ut
651 894 717 934 ea
759 877 1070 940 intellecta,
1101 876 1290 934 statim
1317 876 1675 931 erubescant.
1698 870 1987 928 Neminem

403 971 545 1042 fugit
585 974 772 1026 animo
823 971 1006 1026 inesse
1037 970 1309 1024 rationem
1349 981 1487 1030 cur,
1543 982 1605 1022 re
1636 964 1754 1021 visa
1779 1004 1795 1030 ,
1838 979 1990 1019 nunc

404 1067 508 1132 sic,
563 1081 716 1121 nunc
767 1064 930 1120 aliter
974 1077 1319 1120 moveamur.
1374 1059 1621 1116 Infantes
1668 1058 1823 1115 enim
1876 1071 1992 1112 non

404 1158 574 1230 pudet
620 1156 889 1213 nuditatis
926 1170 1075 1220 suae,
1125 1169 1307 1225 neque
1343 1153 1540 1209 balneo
1576 1156 1832 1218 utentes;
1877 1164 1991 1204 non

406 1248 553 1319 quod
585 1263 706 1304 eam
741 1262 851 1303 non
876 1246 1120 1310 videant,
1155 1244 1251 1300 sed
1282 1244 1411 1315 quia
1443 1244 1531 1297 hic
1560 1249 1823 1312 aspectus
1864 1239 1995 1294 nul-

407 1340 493 1396 los
532 1354 735 1409 pravos
776 1354 975 1394 sensus
1019 1338 1164 1409 apud
1199 1352 1300 1392 eos
1333 1336 1561 1390 excitat.
1614 1335 1787 1389 Adam
1826 1334 1996 1405 igitur

408 1443 463 1488 et
492 1435 668 1496 socia,
711 1447 909 1488 recens
952 1430 1093 1495 nati,
1128 1437 1360 1502 peccato
1399 1429 1642 1485 nondum
1688 1427 1991 1496 inquinati,

409 1526 495 1581 vel
535 1541 604 1580 ne
643 1525 814 1581 ullum
846 1524 1072 1596 quidem
1109 1523 1313 1578 malum
1348 1522 1643 1591 suspicati,
1681 1536 1861 1592 neque
1892 1536 1995 1576 nu-

409 1619 664 1680 ditatem,
703 1632 883 1688 neque
910 1616 1076 1671 aliam
1113 1624 1330 1670 natura:
1359 1630 1475 1670 sua:
1509 1613 1740 1668 formam
1778 1623 1993 1685 turpem

411 1710 826 1767 existimabant.
851 1707 1150 1777 Postquam
1183 1715 1369 1760 autem
1403 1712 1792 1775 peccaverant,
1827 1717 1859 1757 a
1898 1700 1996 1759 Dei

414 1804 628 1874 legibus
662 1802 1070 1862 abhorrentes,
1099 1807 1235 1854 tunc
1261 1797 1427 1854 etiam
1464 1802 1877 1867 perceperunt,
1904 1793 1998 1864 ju-

411 1894 577 1949 bente
617 1891 751 1953 Deo,
789 1890 1017 1962 pudoris
1048 1904 1300 1952 sensum,
1333 1903 1444 1958 quo
1466 1903 1497 1941 a
1528 1896 1758 1958 peccato
1784 1892 2001 1941 averte-

413 1993 633 2048 rentur,
665 1995 721 2040 et
750 1985 1028 2055 pessimus
1050 1982 1289 2052 quisque
1310 1979 1707 2051 reprimeretur
1736 1978 1996 2047 impetus.

414 2076 602 2133 Primo
630 2082 813 2131 autem
847 2075 915 2129 de
945 2077 1173 2146 organis
1219 2074 1574 2129 eruhuerunt
1613 2084 1741 2141 qua
1772 2069 1841 2123 ad
1879 2084 2004 2139 pro-

413 2167 750 2223 creationem
796 2165 1099 2221 liberorum
1164 2164 1516 2228 inserviunt,
1569 2172 1629 2218 ut
1687 2164 1869 2233 pudor
1913 2161 2004 2216 hic

415 2259 667 2316 homines
697 2259 890 2329 procul
923 2258 994 2313 ab
1024 2256 1176 2313 omni
1212 2256 1645 2325 intemperantia
1670 2254 2000 2310 deterreret.

2090 592 2330 665 πονηροῦ
2361 593 2422 647 τὸ
2448 594 2611 649 καλόν
2635 612 2651 628 ο
2701 598 2730 651 ὁ
2772 597 3055 670 προφήτης
3082 596 3140 651 δὲ
3171 596 3233 649 ού
3265 593 3471 666 ταύτην
3499 587 3680 659 εἶπεν,

2089 684 2228 739 ἀλλά
2258 684 2380 739 καθ’
2409 687 2475 760 ἢν
2504 683 2643 741 εἶδόν
2672 704 2734 742 τε
2775 688 2873 743 καὶ
2904 688 3135 761 ᾔσθοντο
3178 687 3281 758 τῆς
3328 685 3537 748 οἰκείας
3580 701 3682 756 γυ-

2094 776 2371 848 μνώσεως.
2402 780 2674 853 Πρότερον
2710 782 2828 852 μέν,
2867 780 3020 835 οὐδὲν
3052 781 3138 835 ἐπ’
3172 780 3311 851 αὐτῇ
3357 777 3680 849 πάσχοντες.

2091 869 2211 924 οὐδὲ
2236 872 2620 942 αἰσχυνόμενοι
2650 888 2664 903 ⁸
2696 872 2923 945 ὕστερον
2954 871 3033 936 δέ,
3061 870 3318 942 τοιαύτην
3349 870 3473 925 τινὰ
3501 869 3595 924 ἐπὶ

2091 961 2372 1032 γυμνὼσει
2404 963 2505 1035 τὴν
2536 964 2788 1036 αἴσθησιν
2814 963 3094 1028 λαϐόντες,
3126 963 3202 1027 ὡς
3230 962 3327 1018 καὶ
3352 961 3491 1032 πρὸς
3517 960 3686 1034 μόνην

2094 1055 2449 1127 αἰσχύνεσθαι
2474 1055 2575 1127 τὴν
2620 1058 2680 1110 ἐν
2722 1059 2790 1128 τῇ
2820 1053 3098 1126 γυμνώσει
3140 1054 3236 1108 τοῦ
3266 1053 3519 1124 σώματος
3550 1052 3688 1106 θεω-

2098 1149 2240 1220 ρίαν.
2276 1150 2350 1203 Οὐ
2381 1149 2492 1220 γὰρ
2518 1149 2734 1219 ἄδηλον,
2768 1150 2844 1215 ὡς
2871 1151 2900 1204 ό
2926 1149 3188 1221 λογισμός
3215 1150 3334 1203 ἐστι
3362 1148 3462 1219 τῆς
3482 1146 3687 1218 ψυχῆς.

2093 1241 2124 1294 ό
2146 1240 2245 1313 τὴν
2271 1242 2363 1293 ἐπὶ
2387 1243 2454 1313 τῇ
2486 1239 2691 1313 θεωρίᾳ
2720 1241 2959 1297 διάθεσιν
2988 1245 3085 1296 νῦν
3114 1242 3213 1313 μὲν
3262 1241 3497 1306 τοιάνδε,
3533 1237 3691 1306 αὖθις

2094 1333 2151 1388 δὲ
2180 1333 2391 1388 τοιάνδε
2438 1333 2627 1390 ποιῶν.
2678 1334 2762 1388 Τὰ
2810 1332 2943 1404 γοῦν
2974 1333 3150 1406 βρέφη
3188 1334 3291 1389 ούκ
3340 1333 3689 1406 αἰσχύνονται

2098 1427 2191 1487 ἐπὶ
2220 1429 2287 1499 τῇ
2330 1426 2631 1499 γυμνώσει,
2675 1425 2800 1482 ούτε
2839 1430 2945 1500 μὴν
2976 1430 3026 1482 οἰ
3075 1429 3134 1481 ἐν
3163 1427 3431 1499 βαλανείῳ
3452 1468 3468 1492 ,
3519 1428 3580 1481 ού
3612 1427 3691 1499 τῷ

2102 1519 2177 1591 μὴ
2225 1519 2444 1590 βλέπειν
2475 1520 2669 1591 αὐτὴν,
2716 1519 2853 1574 ἀλλά
2900 1520 2978 1592 τῷ
3027 1520 3193 1592 μηδὲν
3223 1520 3427 1592 φαῦλον
3454 1521 3564 1575 ἀπὸ
3591 1520 3693 1592 τῆς

2101 1610 2332 1683 θεωρίας
2358 1612 2451 1665 ἐπὶ
2478 1612 2580 1683 τῆς
2614 1610 2823 1677 ἐννοίας
2868 1611 3228 1684 εἰσδέχεσθαι.
3258 1613 3322 1667 Οἰ
3349 1611 3531 1666 τοίνυν
3563 1610 3694 1683 περὶ

2100 1703 2191 1757 τδν
2236 1704 2408 1775 Ἀδάμ
2440 1705 2567 1777 άρτι
2601 1705 2703 1777 μὲν
2729 1706 3037 1775 γεγονότες,
3068 1706 3479 1777 ἁμαρτάνοντες
3516 1705 3574 1759 δὲ
3596 1704 3693 1757 ού-

2035 1846 2071 1899 n
2101 1795 2209 1861 δέν,
2242 1796 2338 1849 καὶ
2366 1794 2496 1850 ούτε
2543 1795 2749 1865 φαῦλόν
2781 1814 2835 1851 τι
2883 1792 3025 1851 εἶναι
3078 1796 3361 1869 μαθόντες,
3397 1795 3523 1850 οὔτε
3566 1793 3697 1850 ἄλλο

2103 1888 2258 1942 οὐδὲν
2286 1889 2389 1959 τῆς
2417 1889 2626 1953 οἰκείας
2671 1890 2911 1961 φύσεως,
2953 1890 3180 1962 αἰσχρὸν
3211 1892 3309 1960 οὐχ
3336 1888 3567 1959 ἡγοῦντο
3595 1886 3697 1960 τὴν

2105 1975 2407 2047 γύμνωσιν.
2466 1979 2685 2051 Ἐπειδὴ
2724 1980 2784 2034 δὲ
2825 1980 3109 2051 ἥμαρτον,
3158 1980 3415 2033 τάναντία
3459 1980 3571 2042 τοῖς
3601 1975 3696 2031 τοῦ

2105 2068 2239 2123 Θεοῦ
2261 2068 2693 2142 διαπραξάμενοι
2717 2071 2925 2142 νόμοις,
2956 2069 3178 2142 ἐνετέθη
3212 2070 3311 2142 μὲν
3341 2070 3527 2134 αὐτοῖς
3554 2070 3583 2123 ό
3609 2066 3698 2121 λο-

2105 2161 2305 2232 γισμὸς
2330 2162 2433 2234 τῆς
2482 2164 2747 2236 αἰσχύνης
2802 2164 2908 2218 ύπὸ
2949 2149 3085 2218 Θεοῦ
3132 2163 3213 2228 εἰς
3255 2162 3353 2233 τὴν
3403 2160 3547 2217 κατὰ
3600 2160 3702 2232 τῆς

2108 2255 2382 2327 άμαρτίας
2424 2256 2713 2329 βοήθειαν,
2771 2257 3055 2330 αὐτάρκης
3105 2256 3181 2310 ὢν
3212 2254 3498 2325 ἐγκόπτειν
3529 2252 3703 2324 αὐτῆς

415 2356 516 2426 τὴν
546 2354 743 2425 ὁρμήν.
794 2350 1026 2424 Πρώτην
1074 2350 1133 2404 δὲ
1183 2351 1288 2421 τῆς
1333 2349 1599 2421 αἰσχύνης
1645 2348 1747 2420 τὴν
1792 2347 2002 2402 ἔννοιαν
2039 2346 2353 2418 ἀναγκαίως
2381 2351 2474 2405 ἐπὶ
2502 2354 2616 2418 τοῖς
2639 2351 2976 2422 παιδογόνοις
3031 2349 3223 2405 ἔλαϐον
3252 2348 3544 2421 ὀργάνοις·
3614 2347 3704 2401 ἵνα

415 2448 702 2521 πόρρωθεν
728 2449 841 2511 τοῖς
869 2445 1180 2518 ἀνθρώποις
1210 2447 1245 2518 ἠ
1267 2444 1433 2510 αἰδὼς
1467 2445 1715 2517 ἐκκόπτῃ
1744 2444 1848 2514 τὴν
1879 2443 2183 2499 ἀκόλαστον
2219 2445 2397 2517 μίξιν.

489 2537 661 2593 Vens.
697 2536 754 2592 8.
797 2567 867 2579 --
902 2536 1133 2604 Quando
1182 2550 1375 2592 vocem
1426 2534 1521 2589 Dei
1561 2534 2005 2600 deambulantis,

419 2630 551 2687 dum
586 2630 768 2684 adhuc
809 2628 942 2684 folia
981 2635 1358 2692 consuerent,
1405 2627 1736 2692 audierunt.
1771 2629 2011 2683 abscon-

420 2722 624 2778 derunt
652 2737 713 2777 se
733 2721 840 2777 sub
870 2722 1104 2793 lignum,
1137 2729 1198 2776 ut
1221 2721 1460 2787 videtur,
1484 2735 1595 2776 non
1623 2720 1908 2776 diversum
1939 2719 2012 2774 ab

424 2814 522 2871 illo
551 2814 715 2883 cujus
758 2813 887 2870 folia
930 2816 1300 2870 consuebant.
1334 2813 1451 2870 Hoc
1479 2823 1664 2871 autem
1717 2814 1863 2871 idem
1893 2820 2014 2869 erat

427 2906 497 2963 de
523 2920 637 2976 quo
668 2906 995 2962 mandatum
1018 2914 1407 2977 perceperant,
1435 2896 1678 2964 testante
1701 2906 1967 2977 propheta
1995 2921 2010 2958 :

432 2995 580 3052 Nam
607 2997 1000 3052 abscondam!
1031 3015 1115 3064 se,
1144 3000 1256 3064 ait,
1289 2999 1346 3053 in
1372 2999 1546 3054 medio
1582 2999 1715 3070 ligni
1738 2995 2013 3067 paradisi.

432 3088 512 3143 De
558 3088 654 3142 illo
691 3096 901 3151 autem,
947 3086 1129 3144 fructu
1166 3089 1527 3154 manducato,
1562 3087 1693 3145 folia
1724 3088 2021 3159 decerpse-

2182 2537 2332 2608 Στίχ.
2381 2538 2452 2610 η’.
2502 2567 2573 2579 -
2625 2539 2845 2611 Ἐπειδὴ
2910 2539 3212 2612 βάπτοντες
3260 2536 3343 2592 ἔτι
3388 2536 3460 2591 τά
3507 2535 3702 2607 φύλλα,

2113 2628 2357 2699 ἤκουσαν
2406 2631 2506 2701 τῆς
2544 2631 2728 2702 φωνῆς
2764 2630 2858 2686 τοῦ
2907 2630 3042 2685 Θεοῦ
3090 2628 3555 2704 περιπατοῦντος,
3598 2626 3707 2684 ὑπὸ

2113 2720 2176 2773 τὸ
2202 2719 2358 2784 ξύλον
2392 2720 2726 2792 ἐκρύϐησαν,
2756 2721 2856 2775 ούκ
2884 2722 3013 2777 άλλο
3032 2721 3296 2794 δηλονότι,
3322 2720 3437 2776 ἀλλ’
3467 2720 3501 2792 ἢ
3536 2714 3708 2792 οὗπερ

2117 2814 2388 2884 ἔρραπτον
2417 2812 2487 2867 τά
2513 2813 2705 2883 φύλλα.
2731 2813 2901 2869 Τοῦτο
2919 2815 2977 2870 δὲ
3003 2810 3071 2887 ῆν
3101 2817 3186 2886 ἐφ’
3203 2808 3248 2883 ᾧ
3271 2813 3368 2886 τὴν
3393 2812 3610 2887 ἐντολὴν
3628 2815 3707 2868 εἰ-

2120 2904 2406 2977 λήφεισαν,
2446 2904 2523 2969 ὡς
2554 2907 2584 2959 ό
2624 2908 2909 2979 προφήτης
2937 2907 3134 2978 φησίνι
3168 2907 3549 2976 Ἐκρύὸησαν
3575 2905 3707 2978 γὰρ,

2125 3000 2313 3071 φησιν,
2348 3000 2419 3054 ἐν
2445 3002 2615 3070 μέσῳ
2643 3000 2749 3056 τοῦ
2774 3000 2966 3066 ξύλου
3006 2999 3111 3055 τοῦ
3146 3000 3540 3069 παραδείσου.
3588 3003 3709 3057 ’Δπ’

2127 3091 2294 3145 αὐτοῦ
2317 3091 2375 3145 δὲ
2400 3093 2492 3145 καὶ
2517 3092 2876 3164 βεϐρωκότες,
2905 3092 2973 3148 τά
3005 3092 3182 3163 φύλλα
3209 3094 3483 3167 ἔρραπτον
3502 3094 3589 3149 διά
3612 3093 3712 3165 τὴν

431 3189 588 3247 runt,
625 3189 851 3252 propter
866 3181 1258 3237 verecundiam
1281 3198 1437 3239 suam
1462 3183 1529 3238 de
1550 3182 1823 3238 nuditate.
1851 3179 2018 3252 Atqui

2130 3183 2432 3255 γενομένην
2471 3185 2655 3248 αὐτοῖς
2684 3184 2948 3257 αἰσχύνην
2981 3186 3075 3240 ἐπὶ
3099 3188 3165 3259 τῇ
3196 3184 3494 3256 γυμνώσει.
3530 3185 3717 3240 Ταῦτα

437 3274 558 3331 haec
584 3284 745 3330 erant
775 3273 1024 3344 profecto
1060 3273 1148 3330 fici
1175 3315 1191 3341 ,
1238 3290 1372 3345 ergo
1420 3275 1560 3331 ficus
1607 3281 1730 3329 erat
1763 3273 1932 3328 arbor
1955 3273 2018 3328 de

2127 3276 2184 3332 δὲ
2213 3272 2283 3349 ἦν
2326 3277 2501 3347 φύλλα
2546 3278 2718 3347 συκῆς
2764 3258 3196 3351 ἀναπιρρήτως,
3241 3276 3351 3351 ἄρα
3395 3276 3455 3332 τὸ
3498 3275 3717 3351 δένδρον

440 3387 548 3444 qua
577 3370 898 3426 mandatum
927 3376 1282 3439 acceperant.
1313 3367 1527 3441 Negant
1550 3375 1736 3423 autem
1763 3367 1867 3422 hoc
1895 3380 2029 3421 non-

440 3465 603 3529 nulli,
626 3464 831 3527 stulte,
868 3463 922 3517 ni
971 3460 1169 3525 fallor,
1211 3460 1593 3516 existimantes
1642 3459 1847 3513 mirum
1894 3457 2027 3529 quid

443 3556 617 3612 fuisse
649 3554 784 3609 illud
830 3554 1077 3626 lignum,
1120 3566 1231 3606 non
1264 3551 1570 3622 cogitantes
1614 3551 1763 3622 quod
1812 3548 2029 3622 peccati

445 3648 665 3723 pondus
712 3663 895 3718 neque
933 3662 964 3701 a
1007 3646 1280 3717 qualitate
1316 3645 1454 3715 ligni
1504 3644 1737 3715 pendet,
1789 3660 1971 3715 neque
1999 3657 2031 3697 a

446 3742 691 3798 novitate
729 3741 863 3804 cibi,
908 3737 1004 3795 sed
1043 3752 1072 3791 a
1122 3737 1260 3809 legis
1296 3737 1643 3793 conditione.
1687 3735 1823 3804 Qua:
1852 3734 2033 3806 quali-

444 3849 663 3906 cunque
711 3832 877 3889 modo
933 3830 1140 3887 violata
1202 3828 1409 3895 fuerit,
1454 3829 1648 3886 eadem
1693 3829 1804 3885 erit
1851 3841 2032 3900 usque

444 3926 628 3994 culpa.
676 3948 681 3953 -

516 4012 686 4070 Vens.
706 4011 792 4068 l7.
824 4041 897 4052 —
920 4009 1118 4066 Audivi
1142 4010 1440 4067 nonnullos
1464 4010 1717 4068 dicentes
1749 4028 1764 4065 :
1793 4010 1851 4067 Si
1886 4009 2033 4068 Deus

443 4108 700 4182 praevidit
732 4107 908 4162 Adam
958 4105 1134 4177 legem
1183 4105 1544 4171 violaturum,
1590 4122 1701 4178 qua
1743 4106 1812 4163 de
1861 4121 2035 4165 causa

446 4201 687 4274 praebuit
720 4199 853 4254 huic
887 4199 1342 4272 transgressionis
1374 4201 1757 4268 occasionem,
1806 4202 2035 4259 ferendo

447 4295 664 4367 legem?
705 4290 1078 4362 Respondebo
1119 4308 1246 4348 eum
1295 4292 1420 4349 ideo
1461 4292 1577 4349 haec
1613 4292 1837 4363 fecisse,
1885 4294 2036 4365 quod

449 4388 665 4445 sciebat
696 4385 1088 4442 mortalitatem
1133 4385 1452 4443 hominibus
1492 4386 1863 4458 profuturam.
1892 4386 2037 4442 Nam

449 4480 796 4537 immortales
824 4478 920 4550 qui
942 4482 1107 4543 “sunt,
1143 4479 1200 4533 in
1222 4487 1490 4535 aternum
1524 4480 1812 4537 labuntur.
1846 4478 2036 4536 Nostri

2131 3370 2268 3442 συκῆ
2293 3364 2383 3442 ἦν,
2413 3370 2497 3441 ἐφ’
2535 3362 2579 3439 ᾧ
2604 3370 3037 3444 παρειλήφεισαν
3067 3370 3166 3443 τὴν
3196 3370 3437 3442 ἐντολήν.
3481 3368 3622 3425 Ἀλλ’
3655 3370 3718 3423 ού

2129 3462 2445 3533 προσίενται
2482 3462 2640 3517 τοῦτό
2668 3479 2845 3527 τινες,
2893 3462 2981 3517 διὰ
3010 3462 3210 3535 πολλὴν
3244 3463 3496 3535 εὐήθειαν
3532 3479 3547 3494 ο
3597 3463 3721 3534 ἐμοὶ

2129 3555 2296 3620 δοκεῖ,
2339 3556 2576 3627 οἰόμενοι
2602 3556 2799 3628 χρῆναι
2832 3556 3022 3611 καινόν
3049 3574 3103 3611 τι
3142 3553 3283 3613 εἶναι
3311 3556 3372 3610 τὸ
3406 3555 3584 3623 ξύλον,
3625 3557 3722 3611 καὶ

2131 3648 2191 3702 ού
2223 3647 2586 3718 λογιζόμενοι,
2615 3649 2698 3701 ὅτι
2733 3647 2808 3719 μὴ
2853 3650 2919 3720 τῇ
2950 3648 3195 3720 ποιότητι
3230 3645 3325 3703 τοῦ
3359 3646 3541 3716 ξύλου,
3584 3647 3723 3723 μηδὲ

2131 3743 2198 3813 τῇ
2224 3741 2504 3812 καινότητι
2536 3740 2635 3812 τῆς
2663 3739 2920 3813 βρώσεως
2951 3739 3022 3796 τά
3053 3742 3428 3815 ἁμαρτήματα
3452 3742 3721 3815 κρίνεται,

2135 3831 2271 3887 ἀλλά
2296 3834 2362 3905 τῇ
2406 3832 2550 3887 δόσει
2596 3831 2698 3901 τῆς
2742 3832 2983 3904 ἐντολῆς.
3022 3834 3127 3887 Ἦν
3167 3832 3229 3887 τὸ
3271 3835 3357 3904 ἐφ’
3396 3834 3724 3909 ὁτουδήποτε

2135 3925 2452 3997 παραϐῆναι
2484 3923 2607 3995 ἰσην
2644 3924 2761 3996 ἔχει
2788 3924 2889 3997 τὴν
2922 3924 3153 3996 μέμψιν.

2206 4020 2355 4091 Στίχ.
2385 4016 2472 4084 ιζ’.
2503 4049 2575 4064 --
2613 4017 2831 4091 Ἐπειδῆ
2855 4018 3017 4073 τινῶν
3043 4019 3258 4091 ἀκήκοα
3278 4019 3723 4092 πυνθανομένων·

2136 4115 2201 4169 Εἰ
2244 4111 2469 4186 προῄδει
2514 4112 2543 4165 ὁ
2589 4112 2743 4178 Θεὸς,
2780 4113 2864 4167 ὅτι
2907 4111 3248 4185 παρακούσει
3276 4115 3305 4169 ὁ
3345 4113 3538 4185 asas,
3579 4114 3727 4180 τίνος

2137 4207 2324 4261 ἐνεκεν
2375 4209 2442 4279 τῇ
2490 4205 2634 4261 δόσει
2678 4205 2780 4277 τῆς
2809 4206 3032 4277 ἐντολῆς
3070 4206 3313 4279 παρέσχε
3356 4209 3421 4280 τῇ
3469 4210 3725 4280 παρακοῇ

2139 4301 2453 4372 πρόφασιν;
2500 4298 2755 4354 τοσοῦτον
2798 4298 2945 4370 ἐρῶ,
2992 4299 3075 4354 ὅτι
3127 4298 3274 4371 μάλα
3322 4301 3351 4355 ὁ
3396 4299 3530 4364 Θεὸς
3566 4298 3724 4363 εἰδὼς

2144 4392 2533 4466 συμφέρουσαν
2577 4389 2886 4463 ἀνθρώποις
2934 4389 3033 4464 τὴν
3078 4390 3380 4463 θνητότητα
3403 4405 3417 4421 ⁸
3475 4391 3729 4464 μένοντες

2139 4485 2250 4559 γὰρ
2265 4471 2559 4550 ⁸ἀθάνατοι,
2583 4483 2901 4539 πταίσουσιν
2925 4483 3167 4539 ἀθάνατα
3189 4501 3202 4515 ·
3236 4484 3330 4537 καὶ
3354 4484 3437 4538 ὅτι
3462 4482 3731 4537 λυσιτελεί

449 4588 583 4643 ergo
620 4573 886 4629 intererat
914 4580 974 4626 ut
1015 4572 1198 4628 soluto
1227 4587 1463 4643 corpore
1505 4576 1704 4631 mortis
1725 4612 1741 4639 ,
1786 4573 1951 4630 simul
1983 4589 2013 4629 e

2140 4583 2253 4643 τοῖς
2280 4576 2566 4644 τοιούτοις,
2598 4576 2816 4647 θανάτῳ
2847 4574 3113 4646 λυομένου
3141 4574 3236 4630 τοῦ
3289 4574 3560 4648 σώματος,
3595 4592 3730 4644 συγο

451 4668 761 4723 solveretur
817 4680 1023 4737 corpus
1062 4669 1294 4736 peccati.
1343 4666 1490 4723 Deus
1528 4674 1710 4722 autem
1753 4682 1864 4721 non
1902 4680 2040 4721 con-

452 4760 638 4816 stituit
664 4775 768 4816 nos
813 4761 1069 4830 protinus
1112 4761 1167 4814 in
1213 4760 1425 4830 optimo
1467 4758 1850 4830 (mortalitatis
1882 4759 2038 4815 scili-

453 4861 537 4906 cet
546 4864 564 4920 ι
605 4858 771 4913 statu,
803 4867 872 4906 ne
909 4863 1201 4921 pr0pterea
1246 4856 1606 4905 accusaretur
1638 4850 1782 4921 quod
1813 4850 2045 4904 immor-

452 4944 723 4999 talitatem
766 4959 878 4999 non
920 4944 990 4999 ab
1046 4943 1209 4998 initio
1256 4941 1493 4996 dederit.
1542 4942 1612 4994 At
1657 4942 1817 5012 prius
1848 4941 2043 4995 statuit

456 5037 604 5094 illam
653 5037 868 5107 legem,
926 5052 1093 5107 quam
1153 5040 1383 5091 noverat
1449 5034 1834 5105 ncgligendam
1898 5030 2040 5089 fore.

455 5128 574 5197 Qua
602 5134 817 5187 ratione
848 5132 1105 5201 probavit
1135 5129 1390 5184 homines
1411 5168 1426 5191 ,
1468 5127 1687 5183 etiamsi
1721 5126 2042 5182 obedienti-

453 5223 560 5278 bus
592 5220 986 5275 immortalitas
1028 5217 1474 5289 proruittcretur,
1512 5216 1814 5272 rebellibus
1859 5223 2042 5273 autem

456 5312 843 5369 intenderetur
873 5325 1042 5373 mors,
1076 5308 1214 5364 adeo
1258 5309 1623 5365 nihilominus
1657 5309 1724 5365 de
1756 5309 2045 5367 conditore

454 5412 512 5461 et
546 5403 902 5459 benefactore
952 5416 1056 5457 suo
1100 5401 1456 5459 dubitaturos
1482 5443 1498 5467 ,
1550 5411 1611 5458 ut
1644 5412 1938 5475 sperarent
1983 5421 2045 5463 se

457 5511 569 5552 non
618 5496 802 5553 solum
838 5494 1306 5549 immortalitatem
1344 5493 1629 5553 habituros
1651 5539 1665 5565 ,
1694 5498 1741 5553 si
1769 5514 1880 5555 non
1911 5499 2044 5555 obe-

458 5587 714 5653 diissent,
748 5587 844 5641 sed
883 5584 1193 5642 divinitatis
1219 5586 1386 5642 etiam
1418 5587 1741 5660 dignitatem
1772 5607 2043 5648 consecu-

459 5688 619 5737 turos
666 5693 811 5735 esse.
845 5676 1004 5743 Quod
1049 5680 1094 5735 si
1127 5692 1259 5735 caro
1289 5680 1453 5736 etiam
1485 5697 1675 5737 eorum
1714 5684 2046 5740 immortali-

461 5781 627 5828 tatem
665 5769 861 5827 sortita
894 5769 1112 5839 fuisset,
1142 5780 1350 5844 quanto
1380 5773 1557 5847 magis
1588 5775 1959 5834 credidissent
1984 5793 2045 5834 se

460 5863 595 5924 deos
629 5875 728 5934 per
777 5860 1211 5923 inobedientiam
1255 5863 1516 5927 futuros!
1568 5868 1720 5937 Quos
1754 5870 1903 5929 enim
1940 5888 2041 5931 nec

2145 4670 2515 4742 καταλυθῆναι
2544 4669 2640 4724 καὶ
2670 4669 2731 4723 τὺ
2770 4668 2869 4739 τῆς
2892 4669 3197 4741 ἁμαρτίας·
3226 4669 3326 4723 ούκ
3359 4668 3521 4733 εὐθὺς
3563 4668 3731 4723 ἔδωκε

2142 4763 2204 4817 τὸ
2239 4762 2542 4835 συμφέρον,
2582 4763 2671 4816 ἵνα
2704 4761 2779 4834 μὴ
2804 4761 3213 4834 βλασφημῆται,
3253 4760 3329 4825 ὼς
3365 4760 3440 4833 μὴ
3483 4760 3733 4822 δεδωκὼς

2145 4854 2204 4920 ἐξ
2228 4855 2405 4926 ἀρχῆς
2432 4856 2529 4926 τὴν
2556 4856 2879 4910 ἀθανασίαν.
2933 4854 3095 4909 Ἀλλὰ
3123 4855 3391 4926 πρότερον
3416 4855 3600 4909 δίδωσι
3633 4855 3733 4926 τὴν

2144 4945 2383 5017 ἐντολὴν,
2399 4948 2464 5019 ἣν
2480 4948 2581 5001 οὐκ
2605 4946 2962 5019 ἀνεξομένους
2986 4947 3103 5022 ᾔδει
3124 4964 3137 4978 ·
3167 4948 3253 5002 ἵνα
3269 4947 3438 5021 δείξῃ,
3458 4949 3539 5001 ὅτι
3559 4948 3608 5000 εἰ
3641 4949 3733 5002 καὶ

2146 5040 2569 5111 προτεινομένης
2619 5042 2802 5106 αὐτοῖς
2845 5041 3145 5104 ἀθανασίας
3184 5040 3293 5096 ἀπὸ
3329 5040 3428 5110 τῆς
3463 5039 3732 5110 ὑπακοῆς»

2147 5131 2240 5185 καὶ
2270 5132 2497 5185 θανάτου
2530 5132 2922 5204 ἀπειλουμένου
2961 5131 3049 5185 διά
3079 5130 3181 5202 τὴν
3216 5130 3524 5201 παρακοὴν,
3550 5128 3735 5185 τοσοῦ-

2145 5241 2237 5278 τον
2258 5224 2569 5295 ἠπίστησαν
2608 5224 2685 5296 τῷ
2716 5228 2911 5297 ποιητῇ
2944 5223 3038 5278 καὶ
3072 5222 3358 5294 εὐεργέτῃ,
3387 5221 3463 5284 ὡς
3495 5221 3732 5285 ἐλπίσαι,

2146 5318 2195 5370 εί
2229 5316 2629 5388 παρακούσειεν
2657 5319 2716 5372 ού
2752 5317 2912 5388 μόνον
2939 5316 3039 5387 τὴν
3062 5313 3366 5371 ἀθανασίαν
3402 5311 3566 5378 ἕξειν,
3602 5311 3736 5367 ἀλλὰ

2146 5411 2241 5463 καὶ
2268 5410 2329 5462 τὺ
2370 5409 2472 5479 τῆς
2517 5409 2771 5480 θεότητος
2813 5409 3030 5478 ἀξίωμα
3068 5404 3501 5479 προσλήψεσθαι.
3550 5405 3614 5458 Εἰ
3645 5405 3739 5458 καὶ

2146 5503 2180 5573 ἡ
2207 5500 2345 5572 σὰρξ
2372 5501 2554 5565 αὐτοῖς
2582 5501 2796 5571 εἰλήφει
2818 5499 2918 5570 τὴν
2946 5497 3273 5564 ἀθανασίαν,
3306 5495 3423 5560 πῶς
3450 5497 3511 5551 ού
3536 5496 3736 5568 μᾶλλον

2145 5590 2548 5667 ἀνεπείσθησαν
2584 5587 2725 5647 εἶναι
2752 5592 2867 5647 θεοὶ
2899 5590 2990 5645 διά
3018 5592 3116 5663 τῆς
3141 5591 3459 5664 παρακοῆςί
3508 5586 3605 5655 Οἷς
3631 5589 3739 5664 γὰρ

2145 5686 2247 5741 ούκ
2277 5686 2512 5758 ῆρκεσεν
2559 5683 2759 5752 ἀπειλὴ
2803 5682 3035 5736 θανάτου
3069 5684 3150 5746 εἰς
3193 5682 3292 5754 τὴν
3340 5681 3591 5753 φυλακὴν
3641 5682 3740 5753 τῆς

2146 5777 2389 5848 ἐντολῆς,
2426 5778 2490 5831 τὸ
2532 5780 2633 5849 τῆς
2662 5776 2963 5840 ἀθανασίας
2995 5774 3208 5846 βέϐαιον
3237 5775 3455 5839 πάντως
3491 5773 3558 5829 ἀν
3587 5772 3739 5842 ἀδεὲς

2148 5874 2228 5938 εἰς
2271 5872 2330 5929 τὸ
2370 5871 2585 5928 πταίειν
2630 5866 2718 5946 ῆν,
2755 5872 2846 5928 καὶ
2865 5869 3131 5945 διηνεκὲς,
3170 5868 3247 5944 τῷ
3293 5869 3391 5941 τῆς
3440 5865 3738 5933 ἀθανασίας
