4162 6484
407 415 512 475 6M

1614 431 2046 491 FRAGMENTA
2085 435 2150 490 ΙΝ
2175 433 2497 493 GENESIN.

3608 430 3719 487 662

405 539 645 611 ἀσφαλεῖ
695 539 1082 614 τεθαρῤηκύσι.
1143 543 1370 614 Πρῶτον
1418 539 1512 600 οὖν
1556 546 1798 601 δείκνυσι
1842 550 1911 620 τῇ
1959 564 2020 602 τε

2128 549 2454 621 impendens
2493 563 2646 605 mors
2672 547 2759 603 .ad
2798 547 3210 604 observandum
3249 546 3569 603 mandatum
3598 561 3718 600 nno«

404 631 553 686 δόσει
579 631 679 703 τῆς
727 633 970 705 ἐντολῆς,
1016 635 1112 709 καὶ
1139 636 1228 691 διὰ
1270 637 1372 709 τῆς
1407 639 1694 710 παρακοῆς
1738 638 1849 692 τῶν
1880 639 2011 711 περὶ

403 724 502 778 τὸν
547 725 741 796 Ἀδὰμ,
771 726 854 781 ὅτι
890 729 1161 801 συμφέρει
1188 730 1222 802 ἡ
1257 729 1523 802 θνητότης
1546 747 1559 761 '
1604 732 1699 785 καὶ
1726 731 1847 785 τότε
1872 730 2009 785 ταύ-

405 832 511 888 την
539 815 777 884 δίδωσιν,
827 817 967 889 ὁμοῦ
1001 820 1094 874 καὶ
1132 821 1337 875 πείθων
1367 821 1712 895 ἀνθρώπους,
1765 824 1860 877 καὶ
1900 824 2009 877 τῶν

407 909 809 981 συμφερόντων
838 912 940 966 οὐκ
968 913 1361 985 ἀφιστάμενος.
1397 916 1521 969 Ὅτι
1553 915 1663 989 γὰρ
1703 915 1782 988 τῷ
1827 916 2008 989 θνητῷ

410 1001 516 1072 βίῳ
541 1002 634 1056 τὸν
665 1003 952 1075 ἄνθρωπον
993 1007 1365 1078 ηὗτρέπιζεν,
1392 1009 1524 1062 αὐτὸ
1573 1009 1634 1062 τὸ
1681 1011 1866 1081 σχῆμα
1911 1010 2007 1064 τοῦ

407 1091 645 1166 ἄρρενος
668 1094 764 1149 καὶ
789 1095 883 1150 τοῦ
917 1097 1106 1169 θήλεος
1140 1098 1434 1165 δείκνυσιν,
1468 1101 1525 1153 ὲν
1551 1103 1619 1173 τῇ
1648 1100 1876 1172 δυνάμει
1908 1100 2008 1174 τὴν

408 1186 759 1244 παιδοποιίαν
786 1189 949 1255 εὐθὺς
978 1192 1071 1245 καὶ
1100 1194 1164 1246 ἐκ
1192 1193 1416 1266 πρώτης
1443 1194 1811 1266 δεικνύμενον.
1844 1197 2007 1251 Ὥστε

408 1280 445 1351 ἠ
481 1281 581 1352 μὲν
624 1281 825 1346 πλάσις
890 1284 1198 1357 ήτοιμάσθη
1231 1285 1310 1357 τῷ
1340 1286 1521 1358 θνητῷ
1567 1286 1668 1359 βίῳ
1692 1305 1705 1320 ·
1754 1289 1787 1360 ἡ
1821 1288 1879 1343 δὲ
1907 1289 2009 1362 τῆς

408 1373 639 1445 ἐντολῆς
671 1374 839 1439 δόσις,
879 1379 975 1432 καὶ
1002 1377 1063 1432 τὸ
1093 1380 1442 1449 αὐτεξούσιον
1473 1379 1882 1452 προεγύμνασε,
1917 1381 2013 1436 καὶ

406 1466 580 1521 ἔδωκε
608 1470 679 1540 τῇ
717 1469 914 1543 γνώμῃ
956 1471 1064 1526 τῶν
1097 1472 1438 1543 αὐθαιρέτων
1469 1474 1696 1543 ἀγώνων
1739 1472 1837 1545 τὴν
1874 1474 2013 1547 πρύ-

408 1553 599 1630 φασιν,
635 1564 731 1618 καὶ
760 1565 823 1618 τὸ
843 1569 942 1638 τῆς
976 1566 1304 1640 θνητότητος
1337 1567 1615 1641 συμφέρον
1647 1567 1871 1634 ἔδειξεν.

2115 659 2245 701 vere
2276 643 2493 709 valuit,
2540 642 2707 698 iidem
2743 641 3181 698 immortalitatis
3226 657 3459 697 munere
3496 640 3716 696 contir-

2118 737 2289 801 mati,
2337 737 2593 793 securius
2638 735 2743 790 sibi
2783 744 3049 790 aeternam
3091 733 3310 789 ruinam
3346 733 3714 804 peperissent.

2116 826 2363 883 Primum
2406 829 2579 901 igitur
2613 829 2859 885 ostendit
2915 827 3059 884 Deus
3112 828 3251 900 legis
3284 828 3717 887 constitutione.

2117 932 2172 976 et
2199 937 2297 993 per
2327 923 2471 977 hanc
2514 922 2709 978 Adami
2758 922 3222 987 inobedientiam,
3260 922 3423 977 nobis
3452 921 3718 992 prodesse

2118 1014 2546 1093 mortalitatem;
2604 1030 2669 1070 ac
2713 1015 2918 1071 deinde
2983 1016 3249 1070 mortales
3299 1029 3403 1069 nos
3454 1013 3717 1073 instituit,

2120 1105 2286 1161 simul
2325 1106 2854 1177 reprehensionibus
2881 1107 3093 1162 nostris
3125 1120 3454 1169 occurrens,
3482 1111 3535 1158 et
3564 1118 3721 1158 com-

2115 1200 2298 1255 modis
2326 1201 2536 1255 nostris
2573 1199 2907 1257 inserviens.
2938 1199 3097 1266 Quod
3127 1199 3275 1255 enim
3313 1197 3583 1252 mortales
3616 1209 3719 1250 nos

2114 1290 2331 1347 eﬂicere
2368 1292 2708 1359 decreverit,
2758 1293 2955 1363 probat
3000 1292 3120 1363 ipsa
3172 1293 3344 1347 maris
3389 1298 3445 1344 et
3504 1288 3720 1343 femina:

2117 1384 2445 1451 distinctio,
2492 1400 2601 1457 qua
2667 1386 2904 1441 facultas
2970 1384 3177 1441 liberos
3235 1383 3463 1439 creandi
3510 1381 3599 1436 vel
3650 1380 3721 1435 ab

2118 1477 2281 1533 initio
2329 1478 2482 1533 data.
2520 1477 2603 1534 Ad
2637 1481 2930 1533 mortalem
2978 1478 3151 1549 igitur
3206 1477 3377 1533 vitam
3422 1473 3719 1531 constituti

2123 1568 2343 1627 fuerant
2367 1571 2660 1639 homines;
2689 1570 2935 1625 mandati
2967 1578 3154 1624 autem
3179 1568 3262 1624 lex
3289 1577 3343 1623 et
3373 1568 3586 1622 liberos
3618 1576 3721 1619 nos

419 1659 725 1727 constituit,
758 1671 814 1719 et
868 1667 1194 1722 exercendae
1259 1668 1564 1725 voluntatis
1622 1667 1978 1725 occasionem
2038 1669 2318 1737 praebuit,
2353 1677 2411 1728 et
2461 1668 2769 1725 declaravit
2844 1675 3117 1739 quantum
3186 1665 3349 1721 nobis
3420 1662 3719 1734 prodesset

412 1755 755 1811 mortalitas.

488 1851 637 1923 Στίχ.
673 1851 781 1922 κβ’.
814 1883 887 1894 -
926 1852 1202 1926 Ἐζητεῖτε
1230 1856 1286 1911 τί
1319 1858 1435 1912 ἐστι
1453 1856 1714 1928 χιτῶνας
1733 1855 2012 1928 δερματί-

408 1962 588 2012 vove.
638 1945 782 2000 Ἀλλ’
813 1947 862 2001 εί
891 1947 990 2019 μὲν
1018 1949 1181 2015 ζώων·
1207 1952 1548 2022 σφαγέντων,
1581 1952 1642 2019 ἐξ
1686 1952 1868 2008 αὐτῶν
1892 1951 2016 2021 ἐγέ-

410 2054 571 2093 νοντο
599 2039 670 2094 τὰ
690 2042 982 2112 ἐνδύματα,
1011 2043 1233 2117 εὔδηλον
1259 2047 1341 2101 ὅτι
1376 2047 1601 2102 ἐπέλιπε
1629 2048 1690 2102 τὸ
1720 2049 1878 2118 γένος
1906 2046 2016 2101 τῶν

417 2134 766 2203 σφαγέντων.
805 2138 965 2209 Ἀρτι
1013 2140 1111 2210 μὲν
1152 2139 1246 2195 τοῦ
1290 2140 1425 2195 Θεοῦ
1450 2141 1621 2214 ἄρρεν
1649 2159 1708 2195 τε
1740 2142 1834 2197 καὶ
1882 2141 2016 2213 θῆλυ

414 2228 805 2301 πεποιηκότος,
846 2230 999 2286 οὔπω
1026 2232 1084 2287 δὲ
1116 2234 1331 2299 οὐδενὸς
1359 2236 1721 2306 τεταγμένου,
1773 2235 1909 2302 πρὸς
1939 2234 2019 2305 τῷ

415 2324 646 2407 κάκεῖνο
681 2324 756 2397 μὴ
789 2325 1101 2398 ἐνδέχεσθαι
1128 2328 1387 2399 νομίζειν,
1429 2329 1513 2383 ὅτι
1542 2328 1656 2394 ζῶα
1687 2329 2019 2399 σφάττεσθαι

416 2417 716 2472 ἐκέλευσεν
758 2420 786 2473 6
829 2418 982 2483 Θεὸς,
1031 2420 1121 2474 ὅτε
1173 2423 1340 2492 μήπω
1387 2422 1695 2492 κρεοφαγία
1734 2418 1804 2494 ἦν
1834 2426 2020 2477 ἐπιτε-

416 2510 719 2582 τραμμένη
749 2513 864 2575 τοῖς
894 2510 1209 2585 ἀνθρώποις
1234 2527 1250 2543 ’
1294 2515 1423 2580 τοὺς
1458 2514 1533 2586 μὴ
1566 2514 1728 2579 ὄντας
1760 2515 1817 2569 δὲ
1856 2514 2021 2587 χιτῶθ

419 2622 523 2670 νας
568 2603 650 2659 ἔτι
685 2603 847 2659 πλέον
884 2607 1134 2677 ἀπρεπὲς
1180 2607 1465 2677 νομίζειν,⁸
1494 2610 1577 2663 ὅτι
1622 2609 1946 2680 παρήγαγεν
1992 2608 2021 2662 6

419 2696 582 2763 Θεὸς,
625 2699 687 2763 ὃς
711 2702 778 2771 τῇ
821 2700 915 2754 τοῦ
943 2699 1232 2773 ἀνθρώπου
1267 2703 1487 2773 ποιήσει
1516 2701 1612 2756 τοῦ
1648 2704 1829 2765 ,ποιεῖν
1858 2720 1913 2756 τι
1946 2701 2022 2775 μὴ

420 2790 486 2845 ὃν
513 2790 903 2856 ἀπεπαύσατο,
926 2792 1003 2857 ὡς
1028 2794 1085 2847 ἐν
1106 2793 1279 2865 τούτῳ
1304 2793 1398 2848 τοῦ
1426 2794 1633 2865 κόσμου
1660 2792 1862 2857 παντὸς
1892 2811 2027 2863 ouu-

425 2885 674 2956 περάνας
703 2884 802 2956 τὴν
836 2886 1078 2954 ποίησιν.
1108 2885 1346 2956 Εὔδηλον
1375 2881 1488 2948 οὖν,
1521 2886 1597 2949 ὡς
1628 2886 1736 2941 οὐδ’
1766 2885 1832 2941 ἂν
1863 2885 2026 2958 χιτῶ-

430 2993 530 3042 νας
554 2976 917 3048 δερματίνους
955 2979 1018 3032 ἐκ
1044 2977 1138 3033 τοῦ
1175 2979 1249 3052 μὴ
1277 2978 1429 3044 ὄντος
1468 2981 1812 3051 παρήγαγεν.
1864 2978 2026 3033 Ἀλλὰ

432 3070 544 3142 γὰρ
584 3070 882 3144 ἠγνόησαν,
905 3072 980 3137 ὡς
1020 3071 1215 3133 ἔοικεν,
1244 3074 1295 3126 oi
1321 3074 1449 3145 περὶ
1478 3072 1684 3128 τούτων
1713 3074 2024 3143 ζητοῦντες,

427 3165 514 3218 ὅτι
560 3162 807 3239 δέρματα
844 3164 906 3219 οὐ
945 3164 1106 3237 μόνον
1135 3166 1203 3220 τὰ
1233 3167 1297 3220 ἐκ
1323 3166 1443 3222 τῶν.
1464 3166 1619 3231 ζώων
1647 3165 2028 3240 ἀφαιρούμενα

425 3258 674 3328 λέγεται,
707 3257 844 3313 ἀλλὰ
876 3260 971 3313 καὶ
1003 3259 1073 3314 τὰ
1102 3261 1165 3313 ἐκ
1193 3259 1301 3313 τῶν
1333 3260 1589 3331 δένδρων,
1621 3260 1658 3316 ὃ.
1687 3262 1782 3316 καὶ
1810 3261 2029 3330 φλοιοὺς

426 3352 723 3423 ὀνομάζειν
765 3350 887 3417 έθος
930 3353 1043 3418 τοῖς
1092 3352 1329 3416 πολλοῖς.
1393 3353 1489 3406 Ἐκ
1532 3351 1766 3422 δένδρων
1813 3351 2028 3418 τοίνυν,

428 3446 777 3517 ἐπιτηδείους
843 3463 961 3511 πως
1030 3444 1248 3516 φλοιοὺς
1292 3444 1527 3516 ἐχόντων
1586 3444 1666 3507 είς
1714 3442 2033 3512 ἐνδυμάτων

430 3540 786 3613 κατασκευὴν
815 3542 866 3595 oi
909 3540 1041 3612 step}.
1080 3539 1172 3594 τὸν
1218 3539 1392 3609 Ἀδὰμ
1429 3532 1586 3613 ἧκον,
1620 3537 1714 3592 τοῦ
1744 3535 1881 3590 Θεοῦ
1910 3537 2033 3591 κατ’

431 3635 650 3690 ἔννοιαν
693 3635 880 3697 αὐτοῖς
910 3631 1271 3701 ὑποθεμένου,
1311 3630 1430 3695 πῶς
1461 3630 1566 3702 χρὴ
1597 3629 1757 3683 τοῦτο
1785 3629 2031 3698 ποιῆσαι.

508 3727 662 3798 Στίχ.
691 3726 790 3781 κδ’.
824 3754 893 3768 -ο
921 3726 1035 3781 Οὐκ
1066 3725 1335 3798 ἀοράτους
1384 3723 1537 3787 τινὰς
1582 3722 1845 3794 δυνάμεις
1883 3722 2035 3790 λέγει

434 3823 505 3876 τὰ
537 3818 857 3893 Χερουϐὶμ,
881 3814 957 3882 ὦς
976 3833 1118 3881 τινες
1155 3816 1374 3871 οἴονταιο
1416 3817 1540 3872 ἐπεὶ
1589 3817 1725 3888 μηδέ
1765 3816 2036 3870 συνετέλει

432 3932 492 3969 τι
540 3913 776 3983 ἀόρατος
821 3910 983 3981 φύσις
1031 3913 1166 3974 ἐκεῖ,
1201 3910 1467 3981 αἰσθητῆς
1495 3910 1672 3980 ὅψεως
1716 3910 2038 3979 ὀφειλούσης

435 4001 582 4059 εἶναι
621 4004 725 4074 τῆς
769 4003 863 4057 τὸν
901 4002 1075 4073 Ἀδὰμ
1115 4002 1500 4074 παιδευούσης.
1549 4001 1688 4057 Οὔτε
1719 3998 1814 4056 οὖν
1842 4003 1875 4072 ἡ
1908 4002 2040 4067 φλοα

436 4097 567 4167 γίνη
613 4094 860 4166 ῥομφαία
905 4095 1068 4163 φύσις
1095 4090 1164 4166 ἦν
1198 4095 1405 4166 πυρὸς,
1458 4095 1574 4150 ἀλλ’
1607 4094 1728 4163 ὄψις
1770 4093 1994 4165 τοιαύτη
2020 4111 2034 4125 ’

436 4190 564 4247 οὐδὲ
598 4190 667 4245 τὰ
704 4189 987 4260 Χερουϐὶμ
1017 4187 1152 4253 ζῶα,
1191 4189 1305 4243 ἀλλ’
1332 4187 1456 4258 ὄψις
1479 4188 1708 4258 τοιαύτη
1732 4204 1747 4220 ·
1795 4186 1917 4241 ἐπεὶ
1946 4187 2042 4241 καὶ

452 4283 718 4353 ’ῐεζεκιὴλ
762 4282 1206 4354 τετραπρόσωπα
1253 4283 1322 4337 τὰ
1360 4282 1640 4353 Χερουὸὶμ
1673 4281 1794 4352 ὁρᾷ.
1832 4281 2042 4352 Τετρα-

442 4377 721 4449 πρόσωπα
748 4377 804 4431 δέ
829 4377 1062 4448 ἀόρατος
1090 4375 1252 4443 φύσις
1289 4376 1388 4429 οὐκ
1420 4374 1567 4429 ἔστιν
1586 4391 1602 4405 σ
1657 4372 1795 4428 ἀλλὰ
1834 4374 2042 4442 Χερου-

440 4469 550 4539 ϐὶμ
602 4467 761 4523 καλεῖ
798 4470 908 4523 πᾶν
954 4468 1014 4522 τὸ
1053 4468 1278 4523 δυνατόν
1308 4487 1324 4501 ·
1371 4467 1515 4522 οὕτω
1559 4467 1731 4535 λέγει,
1788 4466 1854 4520 '0
1900 4466 2045 4519 καθ-

439 4563 674 4632 ήμενος
699 4561 935 4617 ἐπὶτῶν
953 4561 1264 4632 Χερουϐὶμ.
1297 4563 1419 4616 ἀντὶ
1442 4560 1560 4624 τοῦ,
1587 4562 1616 4615 6
1642 4556 1866 4622 δυνατὸς
1892 4557 2045 4624 βασι-

2200 1853 2366 1911 Vens.
2402 1853 2496 1909 22.
2528 1883 2599 1897 —-
2638 1853 2897 1927 Rogastis
2940 1852 3072 1925 quid
3115 1849 3224 1909 sibi
3276 1849 3450 1905 velint
3485 1846 3594 1904 illa:
3635 1822 3724 1903 t‘u-

2056 1927 2266 2003 Bnica:
2296 1948 2558 2018 pellicem.
2606 1946 2766 2014 Quod
2810 1947 2854 2003 si
2903 1961 2970 2002 ex
3019 1943 3323 2000 immolatis
3381 1941 3721 1997 animalibus

2119 2050 2310 2095 vestes
2361 2039 2761 2106 conﬁciendas,
2820 2038 3178 2094 manifestum
3235 2050 3414 2107 genus
3478 2035 3718 2090 istorum

2121 2133 2449 2188 animalium
2477 2133 2542 2187 ad
2568 2133 2776 2188 exitum
2808 2147 2931 2188 esse
2954 2129 3304 2202 perductum.
3353 2126 3499 2182 Deus
3533 2135 3717 2180 autem

2121 2241 2300 2295 nuper
2341 2241 2402 2282 ea
2441 2225 2772 2280 condiderat
2818 2223 3132 2279 masculum
3171 2228 3225 2275 et
3271 2219 3571 2283 feminam,
3616 2231 3722 2272 nec

2122 2333 2365 2388 unquam
2390 2318 2522 2387 quid
2548 2322 2845 2377 statuerat.
2873 2314 3022 2370 unde
3045 2311 3379 2369 concludere
3405 2310 3613 2381 possim
3627 2324 3721 2371 us.

2121 2411 2270 2482 quod
2305 2410 2564 2465 animalia
2598 2407 3086 2478 mactarijusserit
3110 2447 3124 2469 ,
3159 2406 3288 2461 dum
3324 2403 3567 2459 nondum
3594 2417 3723 2457 car-

2122 2519 2247 2559 nem
2271 2502 2435 2569 edere
2460 2501 2779 2557 hominibus
2807 2501 3022 2556 liceret.
3051 2497 3368 2554 Absurdius
3390 2493 3724 2551 etiam‘foret

2123 2596 2466 2649 contendere
2514 2592 2687 2649 Deum
2723 2591 2943 2648 tunicas
2980 2607 3049 2646 ex
3103 2590 3281 2645 nihilo
3327 2588 3571 2653 fecisse,
3626 2584 3722 2655 qui

2125 2687 2371 2743 hominis
2400 2684 2725 2742 conditione
2759 2684 3030 2739 creationi
3063 2699 3128 2739 ex
3174 2682 3352 2737 nihilo
3401 2680 3562 2735 linem
3616 2679 3724 2733 im-

2124 2782 2347 2854 posuit,
2397 2787 2661 2851 tanquam
2694 2779 2750 2833 in
2798 2779 2893 2832 illo
2925 2792 3110 2833 rerum
3148 2775 3398 2833 omnium
3427 2770 3725 2844 perfectio-

2126 2890 2253 2929 nem
2307 2886 2708 2928 consummans
2745 2888 2758 2924 :
2805 2871 2952 2926 unde
2992 2869 3157 2924 etiam
3205 2875 3433 2938 apparet
3459 2906 3472 2929 ,
3507 2864 3725 2920 tunicas

2127 2967 2393 3039 pelliceas
2440 2980 2551 3020 non
2590 2981 2657 3021 ex
2707 2964 2880 3019 nihilo
2934 2962 3131 3018 factas.
3189 2959 3307 3015 Non
3364 2957 3727 3014 attenderunt

2129 3066 2343 3123 autem,
2375 3066 2434 3111 ut
2480 3057 2618 3111 mihi
2646 3056 2869 3112 videtur
2892 3094 2908 3119 ,
2942 3054 3037 3125 qui
3084 3053 3189 3108 hac
3217 3050 3287 3107 de
3322 3068 3382 3106 re
3414 3051 3724 3120 inquirunt,

2129 3151 2303 3223 pelles
2327 3148 2516 3205 vocari
2558 3163 2669 3203 non
2717 3149 2899 3204 solum
2936 3161 3060 3217 qum
3103 3160 3169 3199 ex
3213 3143 3576 3207 animalibus,
3627 3141 3725 3198 sed

2132 3245 2298 3301 etiam
2334 3259 2459 3314 quae
2509 3259 2575 3313 ex
2618 3241 2949 3306 arboribus,
3005 3255 3128 3310 quae
3169 3237 3415 3295 cortices
3449 3234 3728 3291 nominari

2134 3337 2460 3409 plerumque
2487 3336 2688 3392 solent.
2724 3335 2809 3392 Ab
2857 3333 3155 3391 arboribus
3202 3331 3375 3403 igitur
3416 3336 3730 3401 Opportune

2135 3429 2344 3486 cortice
2379 3428 2671 3484 instructis
2694 3426 3005 3498 desumpsit
3028 3425 3203 3481 Adam
3235 3422 3568 3481 vestimenta
3601 3436 3728 3484 sua,

2134 3522 2371 3579 docente
2401 3519 2515 3577 Deo
2538 3536 2648 3592 qua
2684 3520 2900 3575 ratione
2937 3519 3041 3575 hoc
3072 3517 3390 3573 faciendum
3433 3516 3528 3570 sit.

2212 3707 2378 3763 Vsus.
2412 3705 2508 3761 24.
2555 3736 2627 3746 —
2668 3702 2792 3759 Non
2850 3700 3157 3758 invisibiles
3197 3698 3449 3770 quaedam
3498 3695 3732 3752 virtutes

2135 3809 2408 3855 vocantur
2449 3797 2539 3852 hic
2586 3793 2876 3851 cherubim
2902 3833 2919 3856 .
2968 3791 3047 3847 uti
3106 3789 3362 3861 pluribus
3401 3786 3581 3843 visum
3622 3795 3729 3842 est.

2139 3891 2283 3961 Quid
2336 3890 2483 3947 enim
2541 3888 2899 3961 praestitisset
2951 3885 3064 3940 illic
3129 3881 3431 3938 invisibilis
3505 3887 3730 3943 natura,

2139 3999 2265 4039 cum
2311 3982 2562 4039 sensibili
2619 3979 2939 4051 spectaculo
2983 3977 3159 4032 Adam
3206 3972 3550 4045 erudiendus
3583 3970 3733 4026 erat?

2139 4074 2253 4147 Nec
2297 4076 2549 4130 ﬂammea
2585 4075 2755 4145 igitur
2788 4072 3106 4142 rhomphaea
3151 4068 3294 4139 ignis
3338 4074 3462 4123 erat
3514 4075 3732 4129 natura,

2143 4169 2239 4225 sed
2283 4168 2357 4221 ita
2388 4166 2732 4238 apparebat;
2771 4179 2874 4229 nec
2923 4168 3085 4220 erant
3133 4159 3422 4214 cherubim
3454 4156 3733 4219 animalia,

2143 4261 2239 4319 sed
2291 4263 2363 4316 ita
2416 4259 2772 4314 videbantur.
2834 4254 2971 4309 Nam
3024 4251 3278 4309 Ezechiel
3324 4263 3550 4320 quoque
3599 4246 3739 4301 vidit
3808 4265 3821 4275 ί

2143 4353 2432 4411 cherubim
2466 4347 2821 4420 quadruplici
2874 4345 3018 4401 facie
3062 4345 3405 4408 instructos,
3448 4341 3575 4395 licet
3611 4339 3738 4394 talis

2147 4463 2254 4503 non
2283 4445 2358 4502 sit
2389 4452 2585 4500 natura
2616 4439 2939 4497 invisibilis.
2972 4436 3041 4491 At
3065 4434 3351 4490 cherubim
3374 4439 3539 4487 vocat
3564 4430 3741 4501 quod-

2147 4553 2371 4606 cunque
2417 4541 2693 4607 potestate
2759 4536 3021 4602 pra’stat;
3060 4527 3141 4582 sic
3181 4525 3397 4584 dicens,
3438 4522 3546 4589 Qui
3593 4520 3738 4577 sedet

442 4613 575 4721 ὥς
604 4613 681 4711 οἷο
704 4656 847 4723 'xal,
888 4613 1099 4722 Ὲᾷἑέὲη
1115 4613 1560 4725 magis;
1591 4613 1688 4707 irai
1719 4613 2022 4716 έπεὲάσθη

2152 4648 2310 4702 super
2340 4627 2611 4685 cherubim
2654 4625 2674 4698 (
2701 4622 2849 4680 Psal.
2876 4636 3047 4676 xcv-nt
3074 4660 3089 4682 ,
3117 4619 3139 4673 ¹Ι
3164 4618 3183 4689 )
3211 4658 3227 4683 ,
3261 4614 3421 4687 quasi
3448 4614 3616 4669 dicat.
3642 4613 3740 4682 qui

444 4749 572 4805 ἀντὶ
602 4746 699 4802 τοῦ
721 4788 735 4810 ,
783 4745 923 4815 μετὰ
964 4745 1164 4813 πολλῆς
1209 4745 1547 4815 παρεγένετο
1584 4743 1686 4813 τῆς
1738 4740 2042 4811 δυνάμεως.

2153 4734 2351 4797 potens
2376 4729 2463 4787 est
2480 4736 2577 4776 rex
2604 4737 2619 4786 ;
2660 4719 2735 4774 ita
2770 4716 2964 4778 etiam,
2994 4711 3248 4769 Ascendit
3280 4725 3440 4779 super
3464 4705 3742 4762 cherubim

448 4802 528 4894 l6
556 4802 676 4896 οὖν.
701 4802 918 4900 ’ἐταεε
955 4835 1031 4891 τὰ
1048 4802 1468 4905 Χείωόὶλιίῖνα
1488 4802 1897 4907 εἴπῃἸᾸυνατήν
1924 4802 2025 4882 τινι

2149 4826 2199 4873 et
2225 4814 2417 4872 celauit
2451 4812 2645 4883 (Psal.
2676 4824 2815 4872 xvtt,
2848 4808 2910 4863 Η
2931 4808 2973 4878 ),
3004 4807 3110 4862 hoc.
3132 4811 3239 4867 est,
3275 4802 3446 4857 multa
3476 4816 3600 4854 eum
3617 4813 3745 4907 Lpo-

447 4888 1138 5003 παὶνφοθερανδφινήκαὶ.
1169 4888 1383 4998 μορφήν
1413 4888 1633 4980 Ϋώσανέιί
1678 4888 1864 4978 τινων.
1893 4920 2025 4986 ζώωε

2153 4898 2355 4964 testate
2387 4903 2662 4975 apparuit.
2710 4899 2850 4955 lllttd
2909 4893 3406 4969 igitur,ordinarit
3451 4888 3740 4955 cherubim,

857 4982 1048 5093 εἰσόδῳ
1075 4982 1180 5075 τοῦ.
1202 4982 1556 5092 παραδείσου,
1593 5016 1735 5072 ὥστε
1764 4982 2025 5086 ἀπείργει

2153 5001 2299 5057 idem
2323 5005 2487 5054 sonat
2534 5010 2599 5052 ac
2633 5011 2647 5046 :
2680 4994 2964 5050 Potentem
3010 4998 3065 5044 et
3116 4986 3418 5043 terribilem
3448 4982 3743 5054 quemdam

450 5115 548 5173 τὸν
593 5116 792 5188 Ἀδάμ.

1059 5298 1316 5354 ΚΕΦΑΛ.
1353 5297 1457 5352 ιδ’.

528 5393 679 5464 Στίχ.
711 5398 782 5462 γ’.
834 5424 905 5434 -
958 5392 1098 5448 Οὔτε
1145 5393 1215 5463 τῇ
1267 5389 1429 5458 φύσει
1476 5387 1670 5458 ἄνδρες
1714 5380 1892 5454 ἦσαν,
1937 5381 2053 5437 ἀλλ’

2152 5093 2424 5151 visionem
2472 5104 2540 5144 ac
2584 5087 2815 5141 formam
2842 5122 2858 5145 ,
2907 5089 3169 5147 tanquam
3203 5075 3566 5141 animalium,
3620 5080 3749 5127 ante

2155 5183 2364 5239 aditum
2390 5177 2633 5251 paradisi
2661 5171 2988 5236 constituit,
3017 5184 3128 5240 qua
3170 5167 3345 5224 Adam
3378 5170 3744 5221 averteretur.

2781 5264 2939 5320 CAP.
2978 5262 3123 5317 XIX.

2233 5366 2401 5423 Vens.
2439 5364 2498 5420 5.
2526 5392 2597 5406 -
2623 5359 2744 5415 Νοη
2765 5364 2927 5416 erant
2960 5363 3159 5411 natura
3191 5352 3474 5415 homines,
3506 5348 3601 5405 sed
3627 5361 3752 5402 esse

455 5437 680 5540 ἐδόκούν
704 5437 864 5547 sint,
888 5483 1013 5539 οὔτε
1043 5437 1247 5555 έφαγὲν
1272 5437 1349 5547 ib;
1372 5437 1673 5550 ἄνθ
1696 5437 1812 5532 ἀλλ’
1838 5437 2021 5530 ἐδόκου

2154 5459 2524 5522 videbantur;
2557 5467 2660 5510 nec
2690 5449 3056 5507 comedebant
3080 5453 3141 5499 ut
3173 5444 3453 5507 homines,
3478 5440 3571 5495 sed
3599 5437 3750 5492 vide-

2568 5547 2580 5555 '
2914 5541 2949 5555 -·
3082 5552 3097 5555 α
3118 5534 3254 5555 -ηιὲ,
3307 5531 3541 5555 ---I_i-.2-
3567 5529 3748 5555 ,ηυξ-ι..

457 5580 665 5638 ἐσθίειν
711 5581 779 5653 τῇ
818 5529 942 5650 δίψει
982 5529 1107 5633 τῶκῖ
1125 5529 1378 5649 ὁρώντων
1399 5618 1412 5641 ,
1459 5529 1899 5642 ἆναλισπομένων
1944 5569 2025 5624 τῶ

2158 5555 2362 5610 bantur
2390 5547 2681 5605 comedere
2704 5541 3049 5599 cernentium
3073 5534 3281 5603 oculis,
3305 5531 3543 5590 sublatis
3565 5529 3753 5585 divina

460 5670 872 5744 προτιθεμένων
903 5669 1048 5726 κατὰ
1072 5669 1224 5724 θείαν
1250 5667 1555 5740 ἐνέργειαν.

532 5762 683 5835 Στίχ.
727 5762 796 5817 λα
817 5801 833 5816 .
884 5793 951 5804 --
986 5757 1199 5815 Οὐκοῦν
1225 5760 1286 5812 ού
1328 5758 1502 5822 πάθος
1536 5754 1833 5818 ἀκολασίας
1858 5752 2059 5826 ῆλασεν

462 5853 635 5918 αὐτὰς
655 5894 670 5921 ,
718 5852 854 5909 ἀλλὰ
899 5852 1069 5925 φειδὼ
1101 5849 1196 5906 τοῦ
1226 5849 1384 5919 γένου
1396 5868 1437 5915 ς.
1469 5848 1632 5903 Ὅθεν
1665 5844 2054 5914 εὐσύγνωστοι.

2159 5643 2401 5720 potentia
2434 5654 2557 5711 quae
2582 5635 2978 5693 offerebantur.

2194 5737 2199 5743 ’
2230 5737 2402 5795 Vens.
2425 5708 2519 5791 3i.
2552 5761 2623 5773 —-
2657 5728 2778 5785 Non
2835 5726 3203 5797 indulgebant
3259 5720 3430 5792 igitur
3497 5708 3751 5768 libidinis

2162 5830 2443 5896 motibus,
2495 5824 2592 5884 sed
2642 5820 2830 5897 generi
2872 5833 2977 5876 suo
3026 5814 3347 5889 parcebant.
3392 5803 3550 5863 Unde
3587 5797 3753 5858 venia

2168 5926 2370 6011 dignae.
