4162 6532
471 459 531 511 6i
542 461 572 510 3

1647 450 2000 510 THEODORI
2050 449 2279 506 MOPSU
2293 447 2537 505 ESTENI

3639 444 3740 499 ωι

543 575 711 633 Vens.
738 576 826 632 32.
859 606 927 616 —
962 569 1172 628 Furtim
1211 586 1272 628 se
1302 584 1428 626 cum
1461 578 1618 642 patre
1642 569 1900 624 miscent.
1935 563 2053 620 Non
2085 567 2103 621 1

2231 564 2378 635 Στίχ.
2412 564 2512 633 λβ⁹.
2562 593 2629 605 --
2661 560 2968 617 Κλέπτουσι
3001 558 3095 612 τοῦ
3146 557 3351 629 πατρὸς
3393 555 3490 627 τὴν
3537 558 3738 629 κοίτην.

474 668 720 741 fugiebat
753 668 898 723 enim
934 681 1030 722 eas
1056 664 1230 722 sobrii
1274 664 1448 736 patris
1479 660 1871 746 temperantia.

1106 779 1264 837 CAP.
1295 777 1419 834 xx.
1737 856 1744 860 _

545 896 712 956 Vens.
737 900 788 954 5.
815 929 886 941 -
913 898 1030 953 Νοη
1059 895 1507 966 intemperantia,
1535 891 1734 963 inquit,
1759 889 1907 945 volui
1931 901 2058 943 cum

2161 657 2418 729 ’ῌδεισαν
2452 657 2561 730 γὰρ
2591 658 2855 729 νήφοντος
2884 653 2981 725 τὴν
3011 650 3364 724 σωφροσύνην
3399 648 3582 704 αὐτοῦ.

2768 773 3023 827 ΚΕΦΛΛ.
3059 771 3138 824 Κ’.

2231 887 2378 958 Στίχ.
2416 894 2477 942 ε’.
2501 918 2571 930 -
2593 888 2708 940 Οὐκ
2752 886 3042 956 ἀκολασία,
3079 884 3264 953 φησὶν,
3293 881 3600 952 ὴϐουλήθην
3629 898 3750 934 συν-

474 1008 537 1048 ea
571 993 838 1062 conjungi
860 1033 875 1058 ,
928 991 1025 1046 sed
1060 989 1243 1060 magni
1279 1005 1404 1044 esse
1425 985 1657 1049 credidi,
1693 986 1738 1041 si
1772 981 2057 1037 mulierem

2209 983 2335 1035 ιθεῖν
2375 983 2536 1052 αὐτῇ,
2582 980 2696 1033 ἀλλ’
2733 981 2807 1043 ὡς
2853 979 3067 1032 δικαίαν
3115 977 3208 1031 καὶ
3259 974 3496 1046 ἀδελφὴν
3544 973 3747 1028 δικαίου

475 1093 726 1141 sanctam
771 1091 826 1140 et
868 1084 976 1139 viri
1023 1083 1203 1138 sancti
1239 1097 1486 1138 sororem
1539 1080 1595 1134 in
1645 1075 2059 1133 matrimonium

477 1178 754 1232 ducerem.

1071 1286 1224 1344 CAP.
1258 1283 1476 1341 XXVII.

553 1402 722 1458 Vens.
759 1403 808 1457 l.
846 1400 1052 1457 -ῐιοο
1086 1416 1306 1472 quoque
1340 1399 1541 1454 divinae
1571 1396 1765 1468 gratiae
1801 1409 1965 1466 opus,
2002 1399 2065 1446 ut

482 1497 704 1552 interim
749 1510 851 1566 ope
895 1495 1158 1551 Rebeccae
1201 1491 1411 1548 Jacobo
1447 1489 1889 1548 benedictionem
1933 1485 2065 1542 sub~

481 1593 668 1660 ripere
699 1592 908 1648 liceret.

1035 1705 1190 1762 CAP.
1237 1702 1480 1760 XXVIII.

559 1820 728 1878 Vens.
757 1821 840 1877 l8.
864 1852 933 1865 —-
961 1820 1286 1891 Superfudit
1305 1817 1478 1874 Iacob
1508 1819 1688 1873 oleum
1716 1816 1771 1870 in
1799 1827 2069 1870 cacumen

2165 1075 2420 1146 μέγιστον
2447 1075 2765 1144 ἡγησάμην,
2799 1074 2847 1125 εἰ
2878 1072 3144 1141 ἀγάγοιμι
3178 1071 3316 1139 πρὸς
3342 1068 3539 1137 γάμον.

2753 1277 2975 1332 ΚΕΦΑΛ
2988 1317 3001 1330 .
3043 1277 3165 1333 ΚΖ⁹.

2236 1393 2387 1463 Στίχ.
2421 1399 2489 1446 α’.
2537 1421 2605 1431 -
2654 1391 2763 1445 Καὶ
2794 1390 2953 1444 τοῦτο
2983 1391 3080 1461 τῆς
3111 1390 3260 1452 θείας
3305 1389 3524 1461 χάριτος
3558 1389 3712 1464 εργον
3733 1407 3749 1422 ·

2167 1485 2255 1538 ἴνα
2285 1487 2344 1538 ὲν
2376 1485 2527 1555 μέσῳ
2558 1484 2751 1556 καιρὸς
2782 1485 3012 1554 γένηται
3035 1486 3102 1555 τῇ
3141 1483 3409 1555 Ῥεϐέκκα
3451 1482 3642 1552 κλέψαι
3679 1481 3754 1553 τῷ

2181 1577 2377 1633 Ἰακὼϐ
2409 1578 2509 1650 τὴν
2534 1577 2808 1646 εὐλογίαν.

2756 1691 3013 1746 ΚΕΦΑΛ.
3058 1691 3194 1745 KII'.

2243 1805 2391 1876 Στίχ,
2443 1812 2532 1877 ιη’.
2587 1835 2659 1846 -
2718 1805 2980 1874 Ἐπέχεεν
3025 1805 3053 1858 ὁ
3095 1802 3291 1858 Ἰακὼϐ
3339 1803 3513 1856 ἔλαιον
3564 1802 3654 1855 ἐπὶ
3699 1801 3756 1854 τὸ

489 1912 717 1981 lapidis.
754 1919 808 1967 et
838 1911 1053 1966 vocavit
1098 1911 1278 1964 locum
1301 1949 1315 1971 ,
1357 1908 1562 1961 Domus
1600 1905 1716 1960 Dei.
1750 1903 1853 1959 Hic
1885 1913 2067 1958 autem
2101 1922 2103 1927 ‘

2211 1915 2342 1970 κρον
2373 1897 2467 1951 τοῦ
2501 1897 2672 1961 λίθου,
2703 1897 2797 1951 καὶ
2826 1897 3052 1950 ἐκάλεσε
3084 1898 3174 1949 τὶν
3206 1897 3390 1961 τόπον,
3424 1891 3587 1959 Οἶκος
3606 1895 3755 1950 Θεοῦ.

491 2003 667 2074 ﬁgura
726 2002 952 2059 Mosaici
986 2000 1357 2066 tabernaculi,
1395 1999 1542 2070 quod
1588 2003 1976 2052 constructum
2018 2001 2074 2049 et

490 2095 815 2150 ediﬁcatum
842 2101 1143 2149 unxerunt.

1096 2205 1252 2263 CAP.
1293 2203 1467 2262 XXX.

561 2323 842 2381 Vens.'59.
885 2323 1220 2391 —Quando
1270 2323 1327 2378 in
1379 2321 1776 2392 Mesopotamia
1833 2320 2079 2376 subalbae

489 2431 624 2471 oves
663 2421 1030 2484 quaeruntur,
1086 2415 1367 2484 nigraeque
1408 2429 1624 2484 caprae,
1678 2413 1734 2467 in
1783 2412 2076 2467 Palzestina

494 2514 678 2559 autem
741 2504 1084 2558 contrarium
1143 2504 1312 2569 valet,
1376 2504 1689 2561 commodis
1745 2503 2079 2559 inserviebat

494 2597 938 2668 patriarcharum
963 2611 1050 2653 res
1078 2606 1204 2652 ante
1231 2597 1398 2651 dicta.

1081 2710 1233 2766 CAP.
1272 2708 1490 2766 XXXII.

570 2823 726 2878 V’crs.
762 2825 812 2878 i.
846 2853 913 2864 —
939 2821 1148 2878 Jacobo
1174 2839 1202 2877 a
1231 2823 1416 2878 Laban
1440 2823 1682 2878 liberato
1711 2831 2082 2879 occurrerunt

499 2913 720 2981 angeli,
753 2913 1002 2983 profecto
1058 2929 1086 2966 a
1118 2914 1346 2968 Michael
1397 2915 1648 2983 principe
1700 2915 2080 2971 lsraelitarum

502 3004 678 3063 missi.
713 3003 916 3073 quippe
947 3004 1040 3073 qui
1064 3005 1173 3059 illis
1203 3007 1460 3074 praeerat,
1495 3004 1712 3060 dicente
1738 3005 1963 3061 Gabriel
2015 3006 2080 3062 ad

507 3092 780 3148 Danielem
819 3111 834 3146 :
886 3092 1118 3148 Michael
1165 3097 1405 3164 princeps
1435 3107 1601 3151 vester
1661 3096 1825 3166 (Dan.
1855 3114 1932 3164 ιι,
1964 3099 2079 3169 2|).

504 3185 735 3252 Quando
775 3186 921 3240 enim
954 3187 1094 3240 liber
1126 3202 1153 3241 a
1175 3186 1468 3243 formidine
1492 3187 1700 3246 Laban.
1733 3190 1966 3245 Esavum
1999 3207 2085 3244 re-

2173 1986 2283 2043 Ἧν
2314 1989 2370 2043 δὲ
2397 1990 2456 2043 τὸ
2490 1991 2722 2060 πρᾶγμα
2759 1989 2929 2054 τύπος
2954 1990 3052 2056 τῆς
3082 1989 3385 2058 Μωσαῖκῆς
3429 1987 3630 2060 σκηνῆς
3656 2005 3669 2020 ·
3697 1989 3758 2058 ἢν

2176 2083 2601 2146 κατασκευάσας
2637 2083 2731 2135 καὶ
2766 2083 3101 2151 ἀναστήσας,
3141 2081 3377 2153 ἔχρισεν.

2781 2198 3033 2252 ΚΕΦΑΛ.
3079 2198 3158 2250 Λ¹.

2249 2314 2401 2384 Στίχ.
2433 2312 2532 2366 λθ’.
2571 2341 2641 2353 -—-
2686 2312 2905 2382 Ἐπειδὴ
2939 2312 2996 2365 δὲ
3045 2313 3103 2364 ὲν
3155 2314 3219 2380 τῇ
3273 2310 3665 2381 Μεσοποταμίᾳ
3699 2311 3764 2362 τὰ

2177 2407 2346 2460 λευκά
2378 2405 2621 2477 ζητεῖται
2653 2405 2924 2476 πρόϐατα,
2955 2404 3050 2458 καὶ
3076 2406 3130 2457 αἱ
3163 2404 3390 2474 μέλανες
3420 2398 3593 2473 αἶγες,
3624 2405 3679 2454 ὲν
3711 2402 3764 2455 δὲ

2179 2501 2246 2571 τῇ
2277 2499 2616 2569 Παλαιστίνῃ
2645 2499 2707 2551 τὸ
2736 2498 3002 2562 ἐναντίον,
3028 2497 3165 2568 πρὸς
3197 2497 3259 2550 τὸ
3284 2497 3392 2551 τῶν
3425 2495 3767 2568 πατριαρχῶν

2183 2592 2462 2665 συμφέρον
2493 2593 2859 2662 οἰκονομεῖται
2885 2590 2954 2644 τὰ
2990 2590 3391 2661 προειρημένα.

2763 2706 3018 2758 ΚΕΦΑΛ.
3067 2705 3192 2758 AB'.

2254 2824 2406 2894 Στίχ.
2453 2830 2522 2876 α’.
2561 2851 2630 2863 -
2660 2819 2769 2874 Τοῦ
2789 2819 2973 2873 Λάϐαν
3009 2820 3347 2888 ἀπαλλαγεὶς
3378 2820 3406 2872 ό
3438 2815 3648 2878 Ἰακὼϐ,
3677 2813 3775 2886 ἐρᾷ

2185 2915 2538 2990 παρεμϐολὴν
2573 2913 2851 2982 ἀγγέλων·
2892 2913 3113 2975 πάντως
3163 2931 3266 2967 που
3335 2913 3434 2983 τὴν
3473 2909 3774 2981 ὁρισθεῖσαν

2189 3011 2327 3081 μετὰ
2356 3007 2578 3079 Μιχαὴλ
2600 3005 2693 3060 τοῦ
2726 3007 2988 3077 ἄρχοντος
3010 3005 3104 3060 τοῦ
3139 3004 3270 3059 λαοῦ
3298 3004 3514 3077 Ἰσραήλ
3533 3019 3545 3032 ·
3574 3003 3630 3066 ὃς
3654 3017 3778 3054 κατ-

2186 3107 2319 3173 έστη
2377 3099 2546 3154 αὑτοῦ
2572 3098 2927 3170 προεστάναι,
2957 3098 3034 3162 ὼς
3067 3098 3308 3170 Γαϐριήλ
3337 3114 3469 3166 φησι
3516 3093 3648 3166 πρὸς
3689 3091 3780 3146 τὸν

2189 3194 2410 3266 Δανιὴλ,
2451 3191 2694 3263 Μιχαὴλ
2733 3195 2778 3245 ό·
2809 3191 3012 3260 ἄρχων
3062 3189 3248 3260 ὑμῶν.
3296 3188 3513 3258 Ἐπειδὴ
3563 3187 3666 3256 γὰρ
3693 3183 3781 3237 τὸν

509 3277 807 3332 formidare
834 3286 1095 3347 cmperat,
1119 3279 1350 3335 docetur
1369 3278 1540 3337 Jacob
1559 3283 1627 3338 ab
1657 3285 2088 3340 occurrentibus

2209 3288 2289 3342 τοῦ
2317 3286 2505 3340 Λάϐαν
2532 3285 2697 3354 φόϐον
2741 3282 3085 3354 ἀποθέμενος
3107 3323 3121 3346 ,
3157 3281 3444 3352 μετέθεικε
3493 3279 3591 3342 τὰς
3627 3294 3783 3348 φρον-

509 3369 721 3436 angelis
743 3408 758 3432 ,
785 3383 854 3422 ne
884 3382 1182 3424 occursum
1229 3386 1420 3426 eorum
1453 3372 1642 3428 timeat
1675 3374 1767 3443 qui
1794 3374 1942 3430 circa
1977 3374 2092 3430 fra-

513 3471 652 3516 trem
693 3467 874 3517 erant.

588 3668 745 3725 Vers.
788 3669 880 3728 τι.
929 3701 998 3710 -
1037 3669 1404 3727 Transmissis
1458 3674 1718 3731 omnibus
1770 3675 1887 3731 suis
1941 3682 2096 3732 trans

518 3759 716 3815 ﬂumen
740 3801 754 3824 ,
775 3761 926 3816 solus
952 3769 1085 3815 tunc
1116 3769 1366 3816 remanet
1393 3761 1584 3829 Jacob,
1617 3773 1670 3819 et
1701 3765 1944 3819 luctatur
1972 3781 2096 3819 cum

520 3853 754 3923 quodam
787 3852 891 3922 ipsi
933 3863 1251 3922 apparente.
1285 3853 1386 3908 llic
1415 3864 1597 3911 autem
1631 3865 1780 3912 certe
1806 3873 1915 3910 non
1955 3858 2100 3913 alius

522 3953 719 4014 praeter
753 3946 906 3999 illum
937 3945 1029 4014 qui
1061 3961 1227 4016 super
1269 3947 1473 4001 scalam
1525 3946 1881 4001 incumbebat
1911 3948 1966 4002 in
2002 3949 2102 4004 Be-

525 4037 634 4090 tbel
658 4037 871 4089 visam:
903 4035 1092 4108 Angeli
1126 4045 1308 4092 autem
1343 4039 1440 4108 qui
1487 4037 1862 4092 ascendebant
1910 4051 1963 4094 et
2007 4041 2102 4096 de—

527 4124 866 4178 scendebant
917 4125 972 4178 in
1006 4125 1216 4192 eadem,
1248 4141 1356 4181 non
1403 4127 1611 4183 diversi
1663 4127 1733 4182 ab
1781 4128 1862 4183 eis
1903 4131 2106 4201 quibus

529 4225 867 4270 Occurrerat.
1381 4231 1387 4238 '

600 4327 754 4383 Vers.
786 4329 876 4382 25.
907 4359 977 4370 —-
1011 4329 1154 4384 Vidit
1179 4340 1376 4396 autem,
1407 4333 1504 4394 ait,
1537 4333 1664 4402 quia
1689 4351 1794 4388 non
1826 4335 1962 4390 valet
1987 4354 2112 4408 erga

530 4435 665 4482 eum,
698 4430 745 4473 et
776 4421 942 4492 tetigit
967 4421 1306 4476 latitudinem
1330 4423 1546 4493 femoris
1575 4426 1712 4495 ejus.
1740 4436 1790 4482 et
1824 4427 2108 4491 obtorpuit.

531 4509 696 4565 Iacob
737 4511 872 4566 vidit
907 4512 1035 4582 quia
1077 4527 1186 4566 non
1235 4514 1377 4568 valet
1421 4529 1550 4584 erga
1578 4517 1855 4587 angelum,
1886 4520 2114 4590 angelus

532 4610 710 4656 autem
741 4604 916 4673 tetigit
950 4602 1302 4659 latitudinem
1335 4603 1563 4662 femoris
1583 4607 1728 4675 ejus.

607 4715 760 4772 Vera.
801 4717 891 4771 26.
936 4745 1008 4756 ——
1041 4713 1162 4770 Non
1219 4717 1327 4770 alia
1373 4717 1442 4773 de
1481 4733 1651 4774 causa
1682 4718 1824 4784 dicit
1840 4719 2112 4788 angelus:

537 4809 754 4864 Dimitte
780 4827 880 4875 me,
903 4822 1068 4879 quam
1109 4806 1460 4863 utJacobum
1491 4810 1694 4864 excitet
1733 4810 1922 4878 illique
1957 4825 2119 4864 occa-

539 4903 746 4958 sionem
789 4899 1030 4970 prmbeat
1085 4897 1459 4966 respondendi
1507 4916 1522 4952 :
1583 4897 1707 4953 Non
1737 4908 1786 4952 te
1813 4900 2119 4968 dimittam,

541 4988 645 5042 nisi
679 5005 760 5042 me
782 4984 1134 5041 benedixeris.

613 5096 770 5152 Vers.
805 5096 897 5149 27.
928 5121 998 5132 —
1031 5090 1134 5144 Hic
1177 5098 1361 5145 autem
1407 5102 1566 5161 rogat
1598 5112 1609 5146 :
1647 5094 1801 5160 Quod
1826 5106 1904 5150 est
1937 5115 2126 5154 nomen

543 5193 736 5246 tuum?
763 5190 832 5243 At
863 5187 955 5240 ille
988 5184 1124 5237 dixit
1153 5199 1173 5236 :
1201 5181 1391 5238 Iacob.
1427 5183 1493 5238 Et
1522 5185 1660 5239 dixit
1689 5188 1737 5240 ei
1769 5204 1788 5241 :
1821 5188 1946 5243 Non
1969 5208 2126 5246 voca-

547 5281 690 5336 bitur
719 5280 864 5333 uttra
887 5291 1075 5331 nomen
1105 5284 1253 5327 tuum
1274 5273 1465 5337 Jacob,
1500 5275 1588 5330 sed
1619 5276 1788 5333 Israel
1811 5282 1912 5334 erit
1940 5298 2126 5340 nomen

549 5388 700 5427 mum
733 5387 750 5424 :
785 5370 910 5438 quia
935 5365 1210 5420 invaluisti
1245 5383 1363 5419 cum
1395 5366 1535 5434 Deo,
1577 5379 1628 5423 et
1663 5387 1780 5424 cum
1827 5373 2127 5434 hominibus

549 5477 734 5532 potem
763 5462 890 5514 eris.
926 5455 1220 5511 Suﬁiciens
1245 5457 1344 5513 tibi
1373 5458 1710 5528 benedictio,
1744 5464 1841 5531 ait,
1867 5468 2128 5525 collucta-

553 5561 631 5614 tio
663 5570 788 5609 cum
839 5552 982 5617 Deo;
1015 5550 1313 5606 maximum
1347 5552 1444 5608 tibi
1482 5555 1766 5627 signorum
1802 5575 2005 5617 novum
2032 5579 2132 5619 no-

558 5663 681 5702 men
713 5642 902 5703 Israel,
944 5643 1089 5711 quod
1123 5645 1518 5715 interpretatur
1543 5650 1695 5706 homo
1730 5653 1908 5709 videns
1939 5655 2127 5712 Deum.

557 5737 705 5791 Sane
730 5734 776 5788 si
801 5733 1027 5802 angelus
1051 5749 1176 5790 vere
1205 5735 1397 5795 fuisset
1421 5741 1514 5812 qui
1539 5746 1817 5814 apparuit,
1844 5761 2130 5818 perperam

549 5835 857 5881 vocaretur
880 5824 1050 5883 Jacob
1075 5827 1393 5898 lsrael,cum
1415 5850 1607 5890 verum
1632 5835 1802 5892 Deum
1829 5853 1937 5893 non
1967 5839 2135 5895 vidis-

561 5930 664 5978 set.
715 5915 857 5974 Deus
907 5930 1019 5977 erat
1070 5921 1238 5995 igitur
1281 5925 1423 5983 idem
1462 5943 1526 5984 ac
1571 5929 1734 5986 homo
1773 5939 1823 5988 et
1871 5932 2132 6004 angelus;

2193 3382 2347 3445 τίδας
2374 3382 2455 3443 εἰς
2484 3379 2553 3432 τὰ
2578 3377 2720 3432 κατὰ
2751 3374 2945 3438 Ἠσαῦ,
2973 3375 3250 3430 δείκνυται
3279 3377 3312 3445 ὴ
3334 3371 3656 3445 παρεμϐολὴ
3676 3369 3784 3423 τῶν

2196 3473 2481 3542 ἀγγέλων,
2518 3471 2595 3534 ὡς
2656 3468 2723 3522 ἂν
2761 3468 2836 3539 μὴ
2883 3469 3102 3536 φοϐοῖτο
3154 3467 3252 3539 τὴν
3305 3463 3653 3538 παρεμϐολὴν
3681 3461 3785 3514 τῶν

2201 3566 2470 3618 συνόντων
2501 3561 2668 3616 αὐτοῦ
2705 3561 2783 3632 τῷ
2820 3561 3056 3630 ἀδελφῷ.

2272 3678 2422 3749 Στίχ.
2449 3677 2546 3731 κδ’.
2573 3707 2641 3720 α·-
2665 3677 2880 3739 Πὰντας
2913 3675 2970 3729 δὲ
2996 3677 3123 3738 τοὺς
3147 3672 3314 3728 αὑτοῦ
3345 3669 3682 3743 παραγαγὼν
3704 3665 3787 3721 διὰ

2201 3768 2296 3822 τοῦ
2331 3767 2581 3838 ποταμοῦ
2604 3809 2618 3833 ,
2653 3767 2748 3821 καὶ
2787 3765 2950 3830 αὐτὸς
2996 3764 3365 3837 ὑποληφθεὶς,
3406 3764 3527 3817 τότε
3577 3761 3788 3816 παλαίει

2203 3860 2281 3930 τῷ
2315 3859 2555 3929 φανέντι.
2591 3858 2702 3912 Καὶ
2741 3851 2895 3920 οὗτος
2944 3851 3011 3927 ἦν
3059 3856 3169 3926 ἄρα
3213 3857 3241 3909 ὁ
3291 3855 3383 3908 ἐπὶ
3407 3855 3505 3924 τῆς
3531 3852 3791 3924 κλίμακος

2207 3947 2600 4019 έστηριγμένος
2642 3947 2742 4016 τῆς
2787 3949 2845 3999 ὲν
2884 3945 3088 4016 Βαιθὴλ
3135 3945 3399 4015 φανείσης
3431 3943 3598 4014 αὐτῷ.
3644 3943 3704 3997 Οἱ
3738 3941 3792 3994 δὲ

2207 4039 2429 4108 ἄγγελοι
2478 4039 2526 4091 οί
2570 4038 2954 4101 ἀναϐαίνοντες
2999 4035 3094 4090 καὶ
3127 4035 3584 4098 καταϐαίνοντες,
3625 4035 3658 4104 ὴ
3692 4049 3792 4086 πα-

2211 4131 2453 4202 ρεμϐολὴ
2487 4126 2576 4201 ἦν.

2252 4244 2430 4315 ’Στίχ.
2454 4241 2554 4297 κε’.
2576 4231 2645 4283 4-
2670 4238 2808 4296 Εἷδε
2834 4239 2920 4298 δὲ.
2953 4241 3140 4312 φησὶν,
3173 4239 3263 4292 ὅτι
3285 4239 3356 4292 οὺ
3385 4237 3633 4291 δύναται
3653 4231 3797 4301 πρὸς

2214 4340 2402 4392 αὐτόν
2421 4355 2434 4369 ·
2471 4335 2567 4390 καὶ
2597 4334 2797 4404 ἥψατο
2824 4334 2932 4388 τοῦ
2951 4332 3220 4397 πλάτους
3246 4330 3351 4384 τοῦ
3366 4326 3565 4398 μηροῦ
3591 4322 3794 4388 αὑτοῦ,

2217 4429 2312 4481 καὶ
2344 4427 2702 4496 ἐνὰρκησεν.
2752 4427 2812 4479 '0
2846 4425 2947 4495 μὲν
2980 4422 3176 4477 Ἰακὼϐ
3205 4418 3363 4484 εἶδεν,
3393 4422 3474 4474 ὃτι
3500 4419 3559 4472 οὐ
3585 4417 3796 4471 δύναται

2220 4520 2357 4590 πρὸς
2409 4520 2503 4573 τὸν
2541 4520 2796 4589 ἄγγελον,
2828 4520 2856 4571 ὁ
2878 4517 2934 4570 δὲ
2961 4515 3192 4586 ἄγγελος
3226 4513 3405 4585 ἥψατο
3444 4509 3539 4565 τοῦ
3572 4509 3798 4569 πλάτους

2146 4629 2190 4688 D
2223 4611 2317 4664 τοῦ
2355 4609 2532 4681 μηροῦ
2563 4611 2754 4664 αὑτοῦ.

2295 4726 2443 4795 Στίχ.
2466 4727 2582 4790 κς’.
2610 4727 2683 4779 Τό
2719 4743 2782 4796 γε
2806 4725 2912 4798 μὴν
2931 4723 3020 4778 τὸν
3042 4721 3268 4792 ἄγγελον
3291 4724 3487 4784 εἰπεῖν,
3514 4720 3802 4776 Ἀπόστειο

2223 4816 2338 4868 λόν
2363 4832 2460 4882 με,
2494 4817 2941 4888 προτρεπομένου
2964 4812 3035 4887 ἦν
3053 4857 3068 4880 ,
3098 4815 3194 4870 καὶ
3240 4813 3554 4887 παρρησίαν
3580 4809 3802 4870 διδόντος

2225 4902 2304 4972 τῷ
2357 4904 2551 4958 Ἰακὼϐ
2601 4908 2773 4960 εἰπεῖν
2793 4945 2808 4969 ,
2840 4908 2923 4961 Οὐ
2943 4906 3026 4977 μή
3049 4921 3124 4960 σε
3150 4904 3516 4967 ἀποστείλω,
3543 4901 3593 4954 ει
3620 4895 3704 4966 μή
3732 4910 3804 4964 με

2227 4993 2591 5062 εὐλοτήσῃς.

2300 5106 2447 5176 Στίχ.
2483 5108 2585 5171 κζ’.
2617 5141 2682 5151 -
2725 5111 2785 5164 Ὀ
2823 5110 2880 5164 δὲ
2923 5110 3142 5182 ἐρωτᾷ,
3200 5109 3260 5162 Τί
3302 5107 3371 5160 τὸ
3423 5101 3611 5174 ὄνομά
3657 5112 3806 5160 σ’ουῖ

2231 5201 2263 5251 ὁ
2289 5197 2357 5251 δὲ
2378 5195 2566 5263 εἶπεν,
2599 5200 2812 5256 Ἰακώϐ.
2847 5197 2991 5256 Eine
3018 5199 3086 5253 δὲ
3117 5197 3298 5265 αὐτῷ,
3334 5199 3417 5251 Οὐ
3448 5191 3805 5262 κληθήσεται

2230 5290 2297 5343 τὸ
2337 5289 2526 5359 ὄνομά
2574 5307 2692 5346 σου
2738 5291 2972 5357 Ἰακὼϐ,
3002 5291 3141 5346 ἀλλ’
3190 5289 3228 5357 ἢ
3276 5287 3516 5358 Ἰσραὴλ
3553 5284 3720 5338 ἔσται
3751 5279 3806 5332 τὸ

2233 5381 2424 5451 ὄνομά
2453 5397 2571 5437 σου
2599 5401 2614 5414 ο
2649 5383 2740 5437 ὅτι
2763 5383 3106 5454 ἐνίσχυσας
3137 5380 3289 5452 μετὰ
3319 5378 3469 5436 Θεοῦ
3487 5418 3504 5443 ,
3528 5374 3626 5432 καὶ
3667 5370 3808 5442 μετὰ

2232 5474 2559 5542 ἀνθρώπων
2586 5474 2846 5542 δυνατὸς
2874 5476 3012 5545 ἔσῃ.
3049 5475 3229 5545 Ἱκανή
3256 5492 3358 5540 σοι,
3382 5471 3566 5544 φησὶν,
3600 5467 3811 5534 εὐλογία

2232 5565 2294 5618 τὸ
2329 5567 2594 5621 παλαῖσαι
2642 5568 2780 5637 μετὰ
2809 5567 2966 5622 Θεοῦ.
3003 5568 3114 5622 Καὶ
3154 5569 3378 5638 σημεῖον
3413 5565 3553 5618 ἔστω
3595 5578 3675 5615 σοι
3724 5555 3811 5627 μέ·

2235 5675 2420 5727 γιστον
2459 5658 2519 5711 τὸ
2567 5658 2783 5729 Ἰσραὴλ
2829 5656 3330 5728 μετονομασθῆναι,
3373 5655 3508 5725 ὅπερ
3544 5651 3687 5704 ἐστὶν
3715 5647 3810 5702 dr-

2237 5752 2470 5816 θρωπος
2499 5747 2656 5817 ὀρῶν
2689 5746 2859 5801 Θεόν.
2891 5747 3002 5800 Καὶ
3044 5746 3149 5818 μὴν
3185 5747 3232 5798 εί
3263 5745 3362 5813 τὴν
3393 5741 3555 5812 φύσιν
3595 5735 3811 5805 ἄγγελος

2235 5835 2305 5910 ἦν
2333 5841 2362 5892 ὁ
2405 5840 2594 5908 φανεὶς
2641 5836 2788 5908 αὐτῷ
2823 5878 2836 5899 ,
2885 5837 3098 5906 ψευδῶς
3149 5835 3420 5906 ἀνεκλήθη
3467 5830 3682 5902 Ἰσραὴλ
3715 5826 3812 5880 ἀπὸ

2237 5929 2331 5984 τοῦ
2361 5929 2451 5984 τὸν
2481 5930 2581 5985 οὐκ
2618 5929 2748 5986 ὄντα
2767 5928 2900 5983 Θεὸν
2929 5927 3252 5999 ἑωρακέναι.
3296 5924 3506 5984 Οὐκοῦν
3532 5921 3658 5985 Θεὸς
3694 5914 3762 5987 ἦν
3787 5916 3809 5966 ὅ
