4162 6492
329 447 441 503 855

1526 437 1963 499 FﬂAGMENTA
2016 436 2085 493 IN
2131 436 2453 495 GENESIN.

3537 451 3646 509 εισ

324 563 529 628 αὐτὸς,
560 562 658 616 καὶ
702 561 1018 633 ἄνθρωπος,
1048 562 1144 616 καὶ
1186 560 1447 632 ἄγγελος·
1485 563 1666 619 πάντα
1693 561 1931 634 ἀληθῶς.

2055 560 2227 613 πηηῑο
2260 575 2421 615 vere:
2444 557 2542 615 sed
2567 559 2757 624 homo,
2783 562 2913 633 quia
2943 563 3265 623 incarnatus
3289 586 3303 637 ;
3324 571 3557 641 angelus
3576 586 3647 626 ex

340 655 511 711 Ἀλλὰ
541 655 611 710 τὸ.
631 653 754 728 μὲν,
785 656 884 729 τῆς
916 654 1397 727 ἐνανθρωπήσεως
1423 670 1436 685 ⁸
1474 655 1537 711 τὸ
1559 655 1637 721 δὲ,
1664 652 1765 729 τῆς
1795 655 1939 709 οἰκο-

323 748 526 821 νομίας
545 764 558 778 ·
599 748 662 801 τὸ
682 747 761 813 δὲ,
799 748 900 820 τῆς
926 747 1161 818 φύσεως.

918 841 1171 895 ΚΕΦΛΛ.
1207 841 1346 896 MA'.

405 931 558 1002 Στίχ.
593 936 656 984 ε’.
686 961 758 972 ——
782 930 983 986 Κόνδυ
1014 931 1135 1002 μὲν,
1180 930 1242 986 τὸ
1281 930 1575 1002 λεγόμενον
1606 930 1941 984 άιπλοπότιον

324 1023 484 1094 λέγει
506 1041 519 1054 ’
544 1023 607 1078 τὸ
642 1023 723 1088 δὲ,
757 1021 1071 1094 Οἰωνισμῷ
1099 1023 1431 1085 οὶωνίζεται
1464 1023 1536 1078 ἐν
1562 1021 1749 1088 αὐτῷ,
1781 1020 1943 1075 τοῦτὸ

325 1133 538 1189 φησιν,
567 1117 650 1171 ὅτι
677 1114 965 1187 ἔγκριτον,
1002 1114 1080 1180 ὡς
1127 1115 1420 1188 ἄρχοντος,
1466 1115 1627 1169 τοῦτό
1658 1117 1805 1170 ἐστιν
1840 1116 1940 1169 αὺ-

322 1208 429 1263 τοῦ
459 1207 613 1281 παρὰ
634 1210 746 1272 τοῖς
770 1206 1212 1279 συνεσθιομένοις
1235 1207 1368 1262 αὐτὸ
1394 1207 1455 1261 τὸ
1479 1209 1763 1281 ποτήριον.
1785 1206 1942 1279 Ἔχει

321 1300 513 1354 τοίνυν
548 1298 821 1371 σύμῦολον
843 1298 1038 1372 ὥσπερ
1064 1298 1196 1353 αὐτὸ
1224 1298 1325 1370 τῆς
1355 1298 1531 1371 ἀρχῆς
1561 1297 1729 1353 αὑτοῦ
1759 1298 1943 1370 πάσης

325 1390 655 1462 ἐπιϐουλήν.

755 1476 760 1481 ’
924 1481 1182 1537 ΚΕΦΑΛ.
1228 1482 1365 1538 ΜΘ’.

406 1576 560 1650 Στίχ.
591 1575 635 1631 δ’
642 1617 655 1632 .
674 1605 744 1619 ——
773 1576 996 1648 Ἐπειδὴ
1019 1575 1129 1648 γὰρ
1156 1575 1286 1629 ἰδιὸν
1322 1575 1439 1629 ἐστι
1471 1572 1565 1630 τοῦ
1591 1572 1781 1638 ὓδατος
1814 1571 1943 1645 θερν

335 1668 630 1744 μαίνεσθαί
663 1687 746 1734 τε,
779 1668 877 1725 τοῦ
905 1669 1080 1742 πυρὸς
1112 1668 1479 1740 ὑποκειμένου
1504 1710 1521 1737 ,
1546 1668 1643 1724 καὶ
1690 1666 1945 1722 ἀποτίθε-

338 1764 468 1818 σθαι
493 1762 593 1837 τὴν
634 1762 848 1836 θέρμην
885 1762 1131 1834 ταχέως,
1175 1760 1271 1816 τοῦ
1313 1761 1486 1835 πυρὸς
1525 1760 1940 1833 ἀφαιρεθέντος,

340 1855 419 1929 μὴ
453 1855 574 1910 κατ’
602 1855 815 1919 ἐκεῖνο,
866 1855 1062 1926 φησιν,
1114 1852 1372 1910 ἀπόλλοιο
1396 1895 1414 1921 ,
1457 1854 1553 1909 καὶ
1584 1852 1944 1924 ἅφανισθείης

2043 648 2264 721 ofﬁcio;
2297 650 2443 710 Deus
2467 660 2656 709 autem
2690 662 2919 711 natura.

2651 841 2809 899 CAP.
2848 841 3035 901 XLIV.

2123 931 2279 990 Vers.
2312 934 2368 990 5.
2417 963 2491 975 —
2526 933 2715 1009 Condy
2760 951 2866 992 vox
2916 938 2996 992 nil
3041 946 3239 1009 preter
3276 941 3534 1010 pocillum
3565 940 3648 1000 sl-

2043 1029 2292 1099 gniiicat.
2327 1028 2396 1083 At
2435 1027 2601 1095 illud,
2635 1029 2877 1100 Auguria
2906 1040 3210 1103 auguratur
3236 1034 3293 1086 in
3328 1048 3411 1098 eo,
3441 1034 3652 1089 indicat

2043 1120 2180 1176 illud
2210 1120 2384 1177 fuisse
2417 1123 2802 1193 praestantius,
2828 1133 3090 1195 tanquam
3115 1124 3406 1195 principis,
3438 1125 3541 1181 hoc
3565 1135 3653 1184 est

2043 1213 2309 1284 poculum
2340 1228 2453 1285 quo
2491 1214 2638 1270 inter
2669 1216 2942 1272 solemnia
2990 1217 3277 1273 utebatur.
3307 1216 3493 1273 lnnuit
3520 1234 3653 1291 ergo

2044 1318 2137 1360 res
2178 1319 2278 1362 eos
2307 1306 2394 1361 vel
2426 1305 2605 1376 ipsius
2634 1307 2874 1378 imperio
2906 1308 3198 1365 invidisse.

2068 1542 2075 1543 ,
2641 1483 2800 1543 CAP.
2844 1484 3037 1541 XLIX.

2117 1574 2279 1633 V’ers.
2307 1575 2362 1632 4.
2390 1607 2461 1619 -
2487 1576 2629 1633 Cum
2664 1595 2730 1634 ea
2770 1579 2845 1635 sit
2875 1594 3034 1650 aqua:
3068 1585 3270 1634 natura
3297 1618 3313 1646 ,
3341 1584 3403 1634 ut
3431 1577 3655 1634 admoto

2045 1667 2175 1741 igne
2208 1669 2573 1739 eﬂ'ervescat,
2614 1678 2671 1727 et
2718 1681 2935 1728 remoto
2969 1673 3094 1742 igne
3142 1672 3346 1728 bullire
3391 1671 3654 1743 protinus

2044 1762 2263 1822 desinat
2288 1802 2305 1830 ,
2335 1762 2531 1820 eadem
2565 1764 2782 1820 ratione
2806 1805 2823 1833 ,
2864 1767 3071 1838 inquit,
3097 1780 3167 1821 ne
3197 1778 3394 1837 pereas
3417 1805 3433 1830 ,
3473 1777 3655 1834 neque

2046 1864 2226 1911 morte
2253 1858 2485 1911 omnino
2516 1872 2844 1915 evanescas.
2879 1857 2999 1914 lloc
3030 1858 3176 1915 enim
3219 1856 3465 1915 declarat
3493 1855 3660 1920 illud,

328 1953 419 2014 εις
466 1949 529 2005 τὸ
563 1948 831 2013 παντελὲς
872 1947 950 2021 τῷ
980 1947 1217 2021 θανάτῳ.
1254 1947 1426 2003 Τοῦτο
1472 1948 1584 2021 γὰρ
1633 1947 1827 2018 λέγει,
1854 1945 1936 2012 ὡς

2055 1946 2181 2000 sicut
2210 1963 2351 2020 aqua
2378 1965 2482 2003 non
2499 1949 2828 2020 elfert'escas.
2857 1950 3122 2018 Quamvis
3150 1960 3379 2022 peccato
3414 1960 3528 2015 tuo,
3553 1951 3661 2014 ait,

327 2041 498 2113 ὕδωρ
522 2042 612 2113 μὴ
643 2041 926 2110 ἐκζέσῃς.
951 2040 1144 2114 Εξγὰρ
1176 2039 1272 2095 καὶ
1298 2039 1360 2093 τὸ
1384 2040 1712 2113 ἁμάρτημα,
1744 2039 1942 2110 φησὶν,

325 2138 491 2205 ἄξιόν
519 2138 668 2191 ἐστιν
700 2134 925 2208 ὄλεθρόν
966 2152 1049 2189 σοι
1095 2135 1434 2205 ἐπαγαγεῖν,
1473 2132 1610 2187 ἀλλὰ
1642 2132 1719 2205 μὴ
1769 2131 1945 2196 οὕτως

324 2228 620 2294 ἁπόλλοιο,
651 2228 787 2300 μηδὲ
819 2227 976 2299 δίκην
1011 2225 1203 2290 ὓδατος
1237 2223 1629 2297 διαφθαρείης,
1659 2224 1760 2297 τὴν
1791 2221 1947 2277 ὲνοῦ-

328 2341 441 2378 σαν
467 2321 813 2394 ἀποθέμενος
842 2320 1076 2393 Θέρμην,
1110 2317 1190 2391 τῷ
1216 2318 1473 2392 διαδοχὴν
1512 2320 1578 2373 ἐκ
1619 2317 1714 2371 σοῦ
1765 2317 1940 2389 μηδε-

329 2418 474 2491 μίαν
508 2414 791 2487 γενέσθαι.

410 2511 571 2582 Στίχ.
604 2516 656 2565 ι’.
674 2506 1013 2581 -Εἱρηκὼς
1041 2509 1104 2564 τὸ
1130 2507 1229 2581 τῆς
1258 2506 1408 2573 ὄνου,
1429 2506 1597 2578 ἤγουν
1617 2505 1711 2560 τοῦ
1737 2503 1945 2570 πώλου,

327 2596 616 2677 ἐφίῷπερ
658 2602 930 2674 ὲκαθέσθη
963 2602 1069 2673 πρὸ
1098 2601 1193 2656 τοῦ
1223 2600 1428 2666 πάθους
1474 2602 1501 2655 ὁ
1553 2589 1761 2672 Κύριος
1783 2642 1801 2661 ,
1849 2600 1949 2653 ὲπ-

328 2698 469 2767 ἀγει
498 2692 711 2749 καὶτοῦ
764 2693 975 2757 πάθους
1013 2693 1116 2766 τὴν
1163 2694 1421 2767 μήνυσιν.
1443 2690 1674 2748 Πλυνεῖ
1697 2691 1768 2747 ἐν
1801 2691 1950 2758 οἴνῳ

329 2788 459 2858 τὴν
491 2786 731 2855 στολὴν
760 2784 950 2841 αὑτοῦ
976 2824 993 2849 ,
1021 2784 1115 2839 καὶ
1162 2785 1233 2839 τὰ
1279 2783 1431 2855 ἑξῆς.
1466 2783 1630 2846 Ἕθος
1655 2784 1722 2855 τῇ
1753 2782 1949 2855 Γραφῇ

333 2883 475 2955 οἴνῳ
505 2881 867 2952 παρεικάζειν
892 2879 991 2943 τὰς
1026 2878 1298 2950 τιμωρίας
1349 2878 1444 2931 καὶ
1481 2876 1607 2942 τοὺς
1638 2876 1903 2940 θανάτους
1931 2892 1947 2906 ·

337 2976 423 3039 ὡς
451 2975 530 3039 τὸ,
560 2971 854 3042 Ποτήριον
891 2971 962 3025 ἐν
987 2970 1139 3042 χειρὶ
1162 2970 1386 3039 Κυρίου
1416 2969 1588 3024 οινου
1636 2967 1900 3039 ἀκράτου
1932 2985 1946 2999 ·

339 3071 440 3124 ἵνα
468 3067 597 3143 εἴπῃ
619 3106 634 3131 ,
666 3067 748 3120 ὅτι
783 3065 877 3119 ἐπὶ
920 3064 1019 3135 τῆς
1058 3054 1325 3130 ἐξουσίας
1351 3063 1470 3116 ἐστὶ
1515 3062 1618 3131 τῆς
1650 3061 1817 3117 αὑτοῦ
1850 3061 1951 3127 τὰς

332 3161 618 3234 τιμωρίας
641 3158 946 3228 ἐπαγαγεῖν
961 3154 1044 3220 οἷς
1064 3155 1337 3228 βούλεται.
1359 3153 1661 3210 Κάνταῦθα
1683 3154 1863 3210 τοίνυν
1890 3153 1952 3209 τὺ

333 3255 522 3319 πάθος
552 3254 647 3307 καί
657 3252 750 3305 τὸν
764 3251 998 3305 θάνατον
1015 3244 1158 3303 οἶνον
1177 3246 1368 3314 εἰπὼν;
1389 3246 1574 3312 καλῶς
1592 3245 1951 3319 προστέθεικε

2046 2039 2282 2096 exitium
2338 2042 2438 2097 tibi
2482 2046 2903 2115 promerueris,
2948 2060 3018 2100 ne
3049 2057 3238 2101 tamen
3294 2060 3515 2116 pereas,
3552 2058 3658 2100 nec

2048 2131 2226 2188 instar
2253 2149 2411 2206 aqua),
2433 2136 2669 2204 tollaris,
2691 2151 2796 2192 nec
2814 2137 3088 2194 exstincto
3113 2152 3229 2210 quo
3257 2136 3421 2195 ardes
3444 2137 3661 2201 calore,

2048 2227 2314 2296 progenie
2330 2227 2561 2282 omnino
2578 2241 2798 2286 careas.

2120 2503 2283 2562 Vers.
2319 2505 2403 2561 10.
2438 2535 2510 2545 -
2546 2504 2846 2562 Nominato
2891 2508 3052 2563 asino
3090 2522 3188 2563 seu
3226 2506 3400 2578 pullo,
3438 2508 3529 2564 cui
3564 2523 3667 2564 su-

2049 2599 2297 2671 persedit
2340 2597 2612 2656 Dominus
2659 2584 2790 2658 ante
2841 2599 3160 2671 passionem
3195 2615 3379 2665 suam,
3432 2616 3580 2656 nunc
3602 2610 3660 2657 et

2050 2691 2226 2762 ipsam
2261 2691 2579 2761 passionem
2624 2700 2921 2748 memorat.
2962 2689 3197 2747 Lavabil
3227 2692 3283 2747 in
3311 2692 3432 2748 vino
3459 2693 3658 2748 stolam

2049 2799 2240 2850 suam,
2274 2792 2329 2839 et
2363 2794 2583 2840 caetera.
2615 2783 2921 2855 Scriptura:
2938 2800 3062 2841 mos
3091 2794 3178 2841 est
3210 2786 3345 2840 vino
3373 2801 3568 2857 poenas
3604 2795 3660 2843 et

2051 2884 2287 2929 mortem
2322 2872 2586 2945 ﬁgurare,
2623 2875 2704 2929 uti
2729 2876 2785 2932 in
2809 2876 2906 2931 illo
2934 2895 2947 2931 :
2985 2873 3149 2931 Catia:
3171 2877 3225 2931 in
3254 2894 3416 2931 manu
3448 2879 3665 2934 Domini

2050 2968 2161 3023 vini
2183 2967 2317 3021 meri
2346 2966 2521 3038 (Psal.
2551 2983 2741 3033 LXXIV,
2770 2967 2850 3040 8),
2876 2970 3041 3039 quasi
3067 2970 3252 3036 dicat,
3282 2968 3459 3027 Penes
3487 2970 3662 3026 Deum

2052 3070 2140 3118 est
2185 3061 2369 3134 pomis
2409 3061 2653 3134 aﬂligere
2696 3076 3066 3134 quoscunque
3115 3064 3375 3119 voluerit.
3425 3064 3661 3131 Quando

2055 3155 2226 3227 igitur
2258 3156 2350 3212 hic
2377 3156 2695 3227 passionem
2720 3166 2776 3213 et
2807 3166 3043 3213 mortem
3072 3159 3261 3212 vinum
3305 3166 3490 3223 vocat,
3521 3159 3665 3215 bene

2056 3250 2261 3320 adjecit
2313 3250 2368 3305 in
2417 3251 2692 3321 sanguine
2738 3265 2859 3306 uvae
2910 3266 3037 3308 esse
3081 3252 3348 3307 amictum
3394 3253 3554 3322 ejus,
3601 3261 3665 3307 ut

333 3350 406 3404 τὸ
430 3344 575 3403 εἶναι
597 3341 739 3416 αἷμα
761 3344 864 3415 τῆς
897 3341 1173 3413 σταφυλῆς
1189 3340 1289 3413 τὴν
1314 3339 1612 3414 περιϐολὴν
1640 3339 1807 3394 αὑτοῦ
1826 3355 1840 3370 ·
1872 3340 1950 3404 ὼς

2057 3342 2350 3415 sanguinis
2381 3345 2610 3400 nomine
2656 3345 2978 3415 passionem
3030 3345 3387 3403 manifestius
3409 3348 3667 3403 declara-

337 3444 417 3499 ἂν
447 3442 526 3515 τῷ
574 3440 670 3496 τοῦ
709 3441 943 3512 αἵματος
985 3437 1216 3508 ὀνόματι
1271 3433 1604 3507 σαφέστερον
1630 3431 1850 3506 δηλώσῃ
1890 3431 1952 3485 τὸ

334 3537 546 3603 πάθος.
579 3534 784 3607 Στο).ὴν
807 3532 907 3605 μὲν
935 3526 1030 3585 οὖν
1057 3527 1222 3584 αὑτοῦ
1245 3527 1504 3600 ὀνομάζει
1532 3528 1634 3600 τὴν
1650 3525 1952 3598 ληφθεῖσαν

332 3631 443 3690 τοῦ
484 3630 674 3685 δούλου
710 3627 950 3700 μορφήν.
983 3622 1225 3695 Εὔδηλον
1263 3621 1345 3686 δὲ,
1382 3620 1460 3686 ὡς
1493 3619 1624 3691 οἴνῳ
1652 3617 1954 3674 πλύνεσθαι

333 3725 559 3796 ἐσθῆτα
583 3723 685 3794 οὐχ
709 3715 823 3775 οἷόν
851 3734 932 3773 τεο
949 3716 1260 3772 τούναντίον
1288 3715 1346 3770 δὲ
1370 3714 1467 3768 καὶ
1498 3712 1791 3786 μολύνεται
1824 3712 1955 3785 οἴνῳ

336 3821 544 3884 εὐθὺς,
581 3816 658 3881 ὡς
688 3816 785 3870 καὶ
814 3812 1182 3867 δυσέκπλυτον
1206 3805 1349 3865 εἶναι
1378 3807 1469 3863 τὸν
1499 3806 1561 3874 ἐξ
1591 3805 1757 3861 αὐτοῦ
1791 3805 1958 3878 μολυ-

338 3913 513 3985 σμόν.
573 3908 715 3964 Ἀλλ’
755 3906 944 3978 ἐπειδὴ
971 3906 1000 3960 ὁ
1035 3904 1267 3967 Θάνατος
1311 3903 1449 3957 πᾶσι
1499 3900 1598 3972 μὲν
1644 3898 1957 3972 ἀνθρώποις

337 4003 615 4067 ἀπόθεσις
637 4003 754 4056 ἔστι
777 4000 944 4071 ζωῆς,
967 3996 1045 4069 τῷ
1066 3997 1121 4051 δὲ
1145 3994 1337 4069 Κυρίῳ
1365 3995 1465 4065 ουκ
1490 3993 1752 4058 ἀπόθεσις
1786 3992 1955 4064 ζωῆς,

340 4097 489 4156 ἀλλὰ
526 4095 862 4169 μετάστασις
889 4092 1027 4165 πρὸς
1054 4091 1251 4163 ἑτέραν
1281 4090 1404 4145 τινὰ
1437 4089 1723 4156 κρείττονα
1762 4086 1957 4156 γέγονε

343 4191 524 4264 ζωὴν,
542 4192 623 4254 εἰς
642 4190 708 4260 ἢν
722 4188 788 4241 ὲκ
805 4183 1014 4258 νεκρῶν
1036 4182 1277 4248 ἀναστὰς
1301 4179 1635 4255 μετελήλυθε
1655 4197 1666 4209 '
1689 4178 1779 4236 διὰ
1798 4179 1960 4234 τοῦτο

341 4286 527 4354 λέγει,
550 4279 873 4338 Πλυνεῖἐν
903 4279 1049 4344 οἴνῳ
1091 4276 1209 4345 τὴν
1247 4273 1479 4343 στολὴν
1516 4273 1705 4329 αὑτοῦ
1725 4314 1740 4338 ,
1768 4272 1866 4327 καὶ
1889 4273 1960 4328 τὰ

345 4380 485 4452 ἑξῆς
504 4395 519 4410 ·
549 4377 636 4432 ἵνα
666 4373 798 4447 εἴπῃ
818 4415 833 4440 ,
877 4373 962 4427 ὅτι
995 4370 1206 4436 δέξεται
1244 4369 1308 4423 τὸ
1340 4367 1515 4433 πάθος
1544 4367 1646 4421 οὐκ
1672 4366 1767 4420 ἐπὶ
1794 4382 1963 4436 τιμω-

346 4474 473 4550 ρίᾳ,
495 4470 572 4537 ὡς
605 4469 655 4524 οἱ
681 4466 895 4531 λοιποὶ,
927 4464 1045 4521 ἀλλ’
1069 4464 1146 4528 ὡς
1176 4462 1313 4517 πολὺ
1351 4459 1742 4533 λαμπρότερος
1772 4457 1835 4525 ἐξ
1859 4456 1961 4511 αὐ-

340 4564 449 4620 τοῦ
479 4566 752 4635 φανῆναι,
793 4560 1062 4624 ἀθάνατος
1087 4558 1182 4613 καὶ
1216 4554 1498 4628 ἄφθαρτος
1522 4551 1787 4625 γεγονώς.

2053 3446 2162 3494 ret.
2213 3436 2426 3495 Stolam
2469 3446 2654 3495 autem
2690 3439 2931 3510 appellat
2970 3450 3313 3512 assumptam
3366 3444 3512 3499 servi
3544 3442 3664 3497 for-

2056 3546 2227 3588 mam.
2284 3528 2437 3588 Satis
2486 3539 2673 3588 autem
2716 3541 2948 3602 apparet
2985 3533 3119 3588 vino
3171 3542 3355 3590 vestes
3404 3536 3664 3590 mundari

2054 3640 2166 3681 non
2195 3639 2396 3696 posse;
2417 3623 2530 3681 imo
2552 3624 2683 3680 vino
2707 3625 2964 3694 protinus
2987 3625 3063 3681 ita
3085 3626 3436 3696 polluuntur,
3463 3635 3524 3682 ut
3544 3629 3665 3683 haec

2056 3719 2290 3791 pollutio
2330 3733 2441 3773 non
2475 3718 2585 3774 nisi
2622 3717 2949 3774 dillicillime
2978 3719 3148 3775 deleri
3193 3720 3395 3791 possit.
3433 3720 3504 3774 At
3532 3736 3660 3775 cum

2058 3813 2378 3870 hominibus
2416 3827 2569 3870 mors
2590 3812 2718 3868 vita:
2746 3812 3047 3882 depositio,
3078 3810 3313 3868 Domino
3340 3822 3525 3869 autem
3550 3829 3661 3869 non

2058 3905 2187 3959 vitae
2226 3902 2534 3975 depositio,
2583 3902 2681 3958 sed
2731 3903 3027 3959 translatio
3072 3904 3141 3958 ad
3181 3905 3347 3958 aliam
3373 3906 3662 3961 meliorem

2058 3998 2253 4062 vitam,
2287 4012 2454 4068 quam
2484 4013 2515 4051 e
2553 3992 2791 4052 mortuis
2819 4011 3119 4068 resurgens
3153 3999 3387 4070 accepit,
3413 3999 3538 4054 ideo
3576 3998 3666 4054 di-

2060 4091 2138 4147 cit
2170 4110 2183 4148 :
2213 4089 2443 4146 Lavabit
2490 4091 2547 4144 in
2596 4090 2719 4145 vino
2764 4090 2960 4145 stolam
3004 4108 3159 4147 suam
3181 4132 3198 4159 ,
3233 4103 3289 4149 et
3321 4101 3541 4150 caetera.
3566 4091 3666 4150 llis

2061 4184 2209 4239 enim
2274 4183 2554 4255 signiﬁcat
2604 4195 2837 4241 mortem
2895 4183 3124 4242 Christo
3169 4201 3280 4243 non
3326 4187 3395 4243 ad
3442 4202 3666 4258 pinnam

2062 4276 2207 4341 dari,
2245 4285 2306 4332 ut
2337 4278 2577 4342 cmtcris.
2613 4278 2711 4335 sed
2740 4289 2800 4333 ut
2828 4278 3031 4335 exinde
3065 4279 3339 4337 illustrior
3378 4289 3664 4352 appareat.

2064 4369 2404 4426 immortalis
2437 4378 2495 4427 ct
2529 4371 2975 4442 incorruptibilis
3006 4369 3210 4428 factus.

425 4655 579 4727 Στξχ.
614 4654 703 4727 ιβ’.
736 4683 810 4697 -
835 4651 1156 4724 Χαροποιοὶ
1190 4653 1245 4706 ol
1284 4647 1583 4721 ὀφθαλμοὶ
1619 4644 1808 4702 αὐτοῦ
1838 4645 1952 4703 ἀπὸ

2086 4636 2089 4639 λ
2138 4645 2298 4703 Vers.
2337 4646 2426 4704 12.
2452 4674 2526 4687 -
2563 4644 2814 4718 Grati/iri
2855 4646 2999 4702 oculi
3040 4648 3158 4719 ejus
3186 4662 3345 4718 super
3377 4647 3579 4714 sinum,
3613 4658 3664 4704 et

344 4749 529 4805 οτνου
554 4789 569 4814 ,
621 4748 722 4803 καὶ
782 4745 995 4802 λευκοὶ
1045 4748 1099 4800 οἱ
1142 4742 1399 4816 ,ὀδόντες
1448 4740 1638 4797 αὐτοῦ
1686 4739 1727 4811 ἢ
1778 4738 1958 4812 τάλα.

357 4841 591 4915 Ἐπειδὴ
629 4841 739 4913 γὰρ
768 4838 880 4895 τῶν
909 4838 1040 4911 οἴνῳ
1069 4834 1250 4909 πολλῷ
1276 4833 1634 4909 κεχρημένων
1661 4833 1783 4899 ἔθος
1803 4832 1964 4904 ὑφαι-

348 4949 496 5006 μους
544 4947 662 4995 πως
704 4925 845 4985 εἶναι
883 4929 1013 4993 τοὺς
1045 4926 1362 4999 ὀφθαλμοὺς
1385 4965 1402 4991 ,
1428 4924 1590 4980 τοῦτο
1636 4923 1787 4994 λέγει
1809 4963 1827 4991 ,
1877 4924 1963 4978 ὅτι

343 5023 501 5080 κατὰ
537 5022 638 5095 μὲν
670 5021 733 5076 τὸ
767 5020 940 5086 πάθος
988 5019 1082 5075 καὶ
1124 5019 1216 5074 τὸν
1246 5017 1479 5073 θανάτον
1517 5016 1806 5071 ἀλλοίωσίν
1837 5034 1963 5071 τινα

347 5116 611 5187 φανεῖται
643 5113 939 5186 δεξάμενος
959 5130 971 5144 ’
996 5111 1268 5181 τοσαύτην
1297 5109 1356 5165 δὲ
1385 5108 1499 5177 ἕξει
1542 5109 1638 5163 ἐπὶ
1673 5108 1736 5162 τὸ
1781 5111 1963 5183 κρεῖτ-

346 5226 448 5264 τον
484 5207 791 5281 μεταϐολὴν
815 5249 830 5273 ,
864 5207 937 5273 ὡς
983 5205 1261 5277 γάλακτος
1293 5204 1529 5276 φανῆναι
1555 5202 1958 5276 λαμπρότερος.

365 5301 507 5357 Ἀπὸ
532 5301 647 5372 γὰρ
668 5300 780 5355 τῶν
809 5298 1041 5359 ὀδόντων
1066 5337 1083 5363 ,
1115 5297 1192 5362 ὡς
1221 5295 1332 5352 ἀπὸ
1364 5295 1569 5368 μέρους
1589 5336 1605 5360 ,
1642 5295 1705 5349 τὸ
1738 5295 1850 5350 πᾶν
1878 5296 1960 5349 si.-

355 5398 487 5450 πεῖν
508 5393 789 5468 ἠϐουλήθη
813 5411 830 5426 ο
861 5395 957 5449 καὶ
985 5391 1226 5465 μάλιστα
1253 5389 1445 5462 ἐπειδή
1474 5406 1592 5455 πως
1612 5389 1965 5462 ἀποκεκρυμ-

359 5488 561 5563 μένους
599 5488 699 5561 μὲν
722 5483 861 5543 εἶναι
883 5490 997 5552 τοῖς
1020 5485 1226 5559 χείλεσι
1251 5484 1377 5549 τοὺς
1402 5482 1623 5546 ὀδόντας
1650 5480 1963 5553 συμόοιενει,

353 5581 758 5652 ἀναφαίνεσθαι
795 5580 854 5635 δὲ
896 5577 1309 5650 διανοιγομένου
1352 5573 1449 5633 τοῦ
1489 5574 1780 5647 στόματος.
1809 5572 1967 5628 Οὕτω

2064 4740 2286 4796 candidi
2328 4739 2512 4796 dentes
2549 4739 2664 4812 ejus
2694 4757 2856 4812 quam
2900 4739 3006 4797 lac.
3041 4741 3275 4810 Quando
3301 4741 3449 4797 oculi
3483 4740 3666 4797 homi-

2064 4851 2200 4892 num
2245 4835 2376 4893 vino
2406 4835 2723 4892 deditorum
2767 4836 3093 4893 subcruenti
3126 4836 3423 4900 videntur,
3456 4832 3670 4892 indicat

2065 4929 2155 4986 his
2192 4928 2480 4986 Christum
2523 4937 2649 4999 post
2700 4929 3020 5001 passionem
3072 4936 3129 4985 et
3176 4939 3412 4985 mortem
3464 4943 3666 4984 novam

2066 5022 2311 5094 speciem
2334 5030 2717 5093 accepturum.
2749 5022 2903 5079 Adeo
2933 5031 3114 5079 autem
3144 5022 3374 5078 meliora
3402 5021 3673 5078 sortietur

2067 5120 2130 5170 ut
2175 5115 2321 5170 lacte
2370 5114 2689 5172 candidior.
2718 5122 3004 5186 appareat.
3070 5113 3208 5170 Nam
3262 5108 3667 5177 ex'dentibus,

2068 5214 2336 5279 tanquam
2372 5222 2439 5263 ex
2472 5217 2631 5279 parte
2656 5248 2671 5275 ,
2704 5217 2883 5264 totum
2916 5209 3032 5265 vult
3058 5207 3399 5279 signiﬁcare.
3435 5203 3672 5278 Insuper

2066 5299 2535 5372 quemadmodum
2586 5302 2784 5359 dentes
2819 5301 2983 5358 labiis
3034 5301 3389 5356 occultantur
3430 5307 3487 5354 et
3541 5298 3677 5355 dein

2067 5403 2261 5465 aperto
2291 5408 2388 5450 ore
2414 5402 2722 5466 apparent;
2745 5394 2824 5448 ita
2852 5395 3019 5448 etiam
3049 5389 3260 5446 Christi
3287 5388 3500 5444 candor
3528 5397 3674 5445 tem-

2067 5501 2203 5557 pore
2227 5487 2429 5561 mortis
2467 5487 2808 5553 occultatus,
2841 5490 3035 5555 postea
3060 5481 3322 5541 omnibus
3357 5498 3456 5553 per
3479 5497 3674 5540 resur-

2069 5577 2382 5634 rectionem
2414 5577 2726 5649 apparebit.

355 5676 418 5731 δέ
449 5692 567 5743 πως
622 5676 720 5731 καὶ
773 5677 808 5748 ὴ
859 5675 991 5749 περὶ
1034 5673 1199 5731 αὑτὸν
1242 5671 1571 5746 λαμπρότης
1619 5668 1983 5743 κεκρυμμένη
2038 5672 2183 5730 κατὰ
2232 5672 2325 5729 τὸν
2378 5673 2474 5729 τοῦ
2531 5673 2765 5729 θανάτου
2828 5671 3021 5744 καιρὸν
3075 5671 3489 5744 ἀναφανήσεται
3537 5670 3679 5728 πᾶσι

357 5771 450 5830 διὰ
479 5770 581 5845 τῆς
623 5771 1003 5836 ἀναστάσεως.
