4162 6492
512 428 608 487 6ὂῖ
1688 424 2044 482 THEODOBI
2078 423 2309 484 MOPSU
2321 421 2572 482 ESTENI
3695 433 3726 487 G
3735 425 3800 485 ὅθ

1303 623 2137 717 FRAGMENTUM
2228 627 2356 718 IN
2440 622 3007 719 EXODUM.

1108 844 1262 900 CAP.
1300 843 1492 899 XXVI.
2131 853 2178 908 Α
2743 915 2751 925 _

2131 853 2178 908 Α
2743 844 3007 925 θκΕφΑΑ.
3060 847 3205 913 κεῖν.

572 934 734 995 Vers.
762 937 854 992 53.
897 968 965 979 —
1007 936 1413 992 Candelabrum
1467 945 1588 993 erat
1629 937 1941 1010 symbolum
1990 935 2100 991 diei

2276 935 2426 1006 Στίχ.
2454 935 2545 989 λε’.
2583 966 2653 977 —
2699 937 2762 989 Ἡ
2803 938 2861 990 δὲ
2890 938 3077 1008 λυχνία
3108 936 3377 1006 σύμϐολον
3415 931 3483 1008 ἦν
3523 937 3624 1008 τῆς
3660 935 3799 991 ἁπο-

504 1045 531 1082 a
581 1030 689 1084 ι)οο
718 1029 969 1098 perfecti.
1007 1027 1163 1083 Unde
1189 1031 1355 1083 etiam
1386 1039 1597 1098 septem
1631 1030 1894 1084 lucernas
1932 1028 2105 1083 hahe-

2203 1029 2536 1098 τελουμένης
2582 1029 2734 1100 παρὰ
2771 1029 2864 1082 τοῦ
2891 1029 3027 1082 Θεοῦ
3071 1029 3304 1099 ἡμέρας.
3339 1028 3502 1082 Ὅθεν
3542 1030 3636 1082 καὶ
3663 1028 3803 1082 έπτά

504 1122 616 1184 bat,
645 1107 850 1191 quibus
883 1120 1182 1175 hebdomas
1209 1120 1424 1173 dierum
1463 1120 1826 1191 figurabatur.
1859 1119 1938 1174 Ita
1966 1120 2097 1189 qui-

2203 1120 2330 1182 τοὺς
2351 1122 2537 1191 φωστῆ
2546 1138 2646 1191 ρας
2667 1117 2801 1192 εἶχε,
2823 1120 3089 1189 σύμϐολον
3109 1120 3208 1190 τῆς
3229 1120 3522 1188 ἒὸδομάδος
3540 1120 3647 1173 τῶν
3667 1121 3803 1191 ἡμε-

503 1215 624 1269 dcm
668 1214 1033 1267 constitutum
1057 1221 1174 1266 erat
1202 1213 1357 1281 prius
1379 1212 1817 1266 tabernaculum.
1845 1212 1912 1265 At
1937 1212 2103 1267 simul

2208 1211 2336 1282 ρῶν.
2358 1213 2513 1266 Οῦτω
2536 1215 2635 1282 μὲν
2657 1212 2750 1266 οὖν
2792 1209 2938 1284 εἶχεν
2954 1217 2986 1283 ἡ
3010 1213 3203 1283 πρώτη
3228 1213 3420 1284 σκηνή.
3442 1214 3605 1280 Λέγει
3627 1213 3683 1266 δὲ
3709 1214 3802 1266 καὶ

503 1310 686 1360 omnia
711 1306 880 1375 figura
904 1305 1252 1374 posterioris.
1277 1303 1414 1356 Nam
1447 1318 1574 1358 arca
1609 1303 1923 1358 testamenti
1963 1301 2104 1356 indi-

2203 1305 2276 1356 τὰ
2292 1305 2390 1374 τῆς
2409 1305 2687 1375 δευτέρας.
2707 1305 2769 1358 Ἦ
2789 1306 2886 1373 μὲν
2914 1301 3007 1357 οὖν
3035 1304 3264 1368 κιϐωτὸς
3284 1305 3384 1375 τῆς
3400 1303 3684 1376 διαθήκης,
3700 1305 3801 1373 τῆς

463 1402 667 1454 'cabat
720 1401 928 1452 cultum
983 1407 1037 1451 et
1086 1398 1427 1465 agnitionem
1484 1395 1620 1462 Dei;
1669 1397 1868 1450 tabulae
1921 1403 2102 1450 autem

2205 1394 2299 1448 τοῦ
2325 1395 2482 1448 Θείου
2510 1395 2804 1468 θεραπείας
2824 1414 2881 1448 τε
2905 1398 2999 1450 καὶ
3022 1397 3372 1464 ἐπιγνώσεως
3399 1397 3463 1449 σύ
3472 1397 3667 1466 μὸολον
3689 1393 3758 1467 ἧν
3783 1412 3798 1428 ο

503 1491 818 1547 testamenti
866 1505 987 1559 qua:
1023 1491 1077 1543 in
1121 1505 1271 1552 arca,
1298 1499 1353 1542 et
1401 1491 1551 1558 virga
1597 1487 1780 1541 Aaron
1823 1485 2106 1555 signiﬁca-

2207 1488 2262 1539 αί
2286 1487 2340 1540 δὲ
2360 1489 2416 1540 ὲν
2447 1488 2583 1558 αὐτῇ
2619 1489 2825 1552 πλάκες
2846 1489 2945 1558 τῆς
2967 1489 3253 1560 διαθήκης,
3281 1493 3374 1542 καὶ
3399 1492 3432 1558 ἡ
3463 1488 3558 1541 τοῦ
3591 1487 3800 1559 Ἀαρὼν

502 1595 633 1641 nant
654 1587 895 1638 divinum
917 1583 1124 1638 cultum
1150 1585 1283 1654 legis
1301 1583 1690 1639 observatione
1714 1588 1767 1635 et
1790 1581 1966 1634 sacris
1987 1575 2106 1631 riti-

2209 1583 2435 1653 ράὅδος,
2462 1583 2620 1636 τοῦτο
2657 1585 2954 1653 ἐσήμαινον
2975 1601 2989 1614 ’
3038 1585 3099 1637 τὸ
3132 1583 3230 1655 τὴν
3263 1585 3391 1654 περὶ
3428 1585 3519 1637 τὸν
3550 1585 3683 1637 Θεὸν
3711 1583 3800 1636 Oe-

502 1679 605 1732 bns
635 1679 842 1747 perlici.
878 1673 1027 1729 Urna
1054 1691 1254 1729 manna
1292 1677 1502 1730 habens
1534 1671 1956 1728 commendabat
1988 1683 2106 1721 me-

2212 1675 2442 1745 ραπείαν
2472 1675 2560 1728 διά
2585 1693 2643 1727 τε
2692 1676 2790 1743 τῆς
2821 1676 2927 1726 τῶν
2971 1675 3217 1745 νομίμων
3248 1675 3590 1745 πληροῦσθαι
3629 1676 3799 1746 φυλα-

501 1771 735 1822 moriam
774 1769 1060 1836 temporis,
1096 1783 1206 1836 quo
1239 1767 1314 1821 ita
1342 1783 1371 1821 a
1409 1766 1520 1822 Deo
1548 1764 1776 1827 eruditi,
1809 1776 2012 1816 manna
2048 1761 2105 1813 in

2207 1765 2310 1833 κῆς
2332 1805 2345 1828 ,
2375 1765 2467 1818 καὶ
2497 1765 2593 1834 τῆς
2623 1763 2761 1817 κατὰ
2798 1762 2892 1834 τὴν
2925 1765 3196 1834 ἱερατείαν
3229 1763 3590 1834 λειτουργίας.
3639 1764 3703 1816 Ἡ
3736 1763 3796 1816 δὲ

501 1860 723 1915 deserto
749 1858 1137 1912 vescebantur.
1161 1854 1500 1910 Declarabat
1520 1856 1687 1910 etiam
1721 1865 1952 1906 aureum
1977 1849 2108 1902 thu-

2205 1855 2265 1908 τὸ
2295 1855 2469 1925 μάννα
2499 1854 2697 1924 ἔχουσα
2730 1855 2965 1924 στάμνος
2985 1898 2998 1920 ,
3029 1855 3330 1925 ὑπόμνημα
3359 1851 3426 1925 ἧν
3455 1855 3548 1908 τοῦ
3579 1854 3792 1924 καιροῦ,

504 1955 742 2007 ribulum
795 1961 1010 2021 gratam
1061 1965 1186 2005 esse
1234 1949 1344 2005 Deo
1390 1959 1445 2005 et
1491 1955 1809 2017 accceptam
1844 1946 2103 1997 virtutem

2207 1947 2330 2000 καθ’
2366 1947 2425 1999 ὃν
2451 1945 2625 2000 ταῦτα
2650 1946 2800 2017 παρὰ
2826 1945 2919 1998 τοῦ
2947 1943 3084 1998 Θεοῦ
3119 1945 3518 2016 παιδευόμενοι,
3561 1945 3621 1997 τὸ
3661 1945 3797 2015 μάν-

500 2062 622 2116 qure
653 2045 737 2098 li‘s
787 2043 1096 2113 perﬁcitur.
1141 2040 1412 2096 lnnuebat
1441 2055 1640 2093 aurum
1678 2053 1744 2092 ex
1770 2035 1918 2089 omni
1948 2041 2106 2104 parte

2205 2054 2271 2090 να
2295 2037 2436 2090 κατὰ
2456 2037 2554 2108 τὴν
2583 2035 2790 2107 ἔρημον
2821 2035 3182 2106 διετρέφοντο.
3218 2037 3290 2088 Τὸ
3335 2035 3517 2106 μέντοι
3562 2034 3795 2106 χρυσοῦν

499 2141 639 2195 nihil
677 2140 736 2194 in
781 2138 948 2193 terris
984 2136 1096 2192 Deo
1136 2136 1312 2204 magis
1357 2134 1574 2202 placere
1605 2146 1770 2201 Quam
1815 2127 2101 2182 hominum

2207 2127 2593 2198 θυμιατήριον,
2625 2125 2892 2196 σύμϐολον
2923 2125 3016 2178 τοῦ
3050 2125 3236 2178 δεκτὺν
3276 2120 3415 2178 εἶναι
3457 2125 3534 2195 τῷ
3561 2125 3680 2196 Θεῷ
3703 2124 3797 2178 καὶ

498 2233 648 2286 circa
704 2231 960 2300 pietatem
1007 2228 1276 2284 studium.
1325 2223 1627 2280 Cherubim
1685 2237 1809 2293 qua:
1862 2215 2141 2289 desuper]

2152 2216 2301 2292 ὶήδὺ
2359 2219 2460 2290 τὴν
2512 2217 2621 2271 ἀπὸ
2673 2216 2880 2270 τούτων
2935 2216 3318 2288 πληρουμένην
3379 2217 3604 2286 ἀρετήν.
3662 2214 3795 2284 Περὶ

496 2334 678 2386 erant,
713 2331 873 2378 erant
905 2322 1172 2376 memoria
1196 2319 1560 2374 inv'isibilium
1586 2327 1640 2371 et
1663 2315 2096 2369 ministratoria-

2205 2314 2384 2368 πάντα
2417 2313 2472 2365 δὲ
2495 2309 2695 2382 χρυσὸς
2721 2350 2734 2374 ,
2766 2311 2846 2372 είς
2889 2311 3110 2380 μ-’,νυμα
3149 2309 3242 2363 τοῦ
3269 2309 3488 2362 πάντων
3517 2303 3658 2361 εἶναι
3685 2306 3793 2358 τῶν

497 2432 620 2470 rum
670 2416 960 2468 virtutum.
1015 2412 1166 2478 Quas
1219 2413 1363 2466 inter
1418 2409 1587 2465 Deum
1623 2407 1835 2462 versari
1865 2403 2096 2460 decebat

2203 2409 2297 2462 ἐπὶ
2323 2407 2426 2475 γῆς
2457 2405 2802 2476 τιμιωτέρων
2822 2403 2942 2474 Θεῷ
2964 2404 3062 2474 τὴν
3094 2420 3159 2456 πε
3169 2404 3222 2473 pi.
3247 2402 3423 2456 ταῦτα
3451 2401 3558 2454 τῶν
3580 2398 3792 2471 ἀνθρώ-

497 2525 622 2563 cum
680 2507 1050 2562 invisibilibus
1096 2505 1437 2568 virtutibus,
1479 2513 1744 2574 tanquam
1797 2498 2091 2558 ministris,

2202 2517 2320 2554 πων
2360 2498 2678 2570 ἐμμέλειαν.
2731 2496 2811 2549 Τὰ
2861 2496 2918 2548 δὲ
2967 2496 3224 2566 ὑπεράνω
3251 2495 3456 2548 τούτων
3489 2492 3790 2564 Χερουϐὶμ,

498 2603 576 2654 uti
611 2599 843 2661 soleret,
876 2606 930 2652 et
968 2613 1068 2667 per
1103 2613 1166 2652 ea
1211 2607 1413 2651 cuncta
1443 2610 1704 2665 peragere
1735 2607 1856 2662 qua:
1886 2590 1955 2645 ad
1983 2590 2096 2645 uti-

2203 2591 2432 2662 μήνυμα
2468 2590 2579 2642 τῶν
2610 2589 2858 2660 ἀοράτων
2903 2588 2999 2641 καὶ
3045 2587 3434 2660 λειωυργικῶν
3467 2586 3749 2657 δυνάμεων
3771 2600 3789 2617 ’

498 2693 704 2747 litatem
737 2692 1047 2745 animarum
1078 2696 1395 2744 nostrarum
1436 2689 1738 2759 pertinent.

2198 2677 2274 2738 ὧν
2314 2683 2373 2735 ὲν
2424 2682 2574 2752 μέσῳ
2601 2679 2805 2733 τούτων
2833 2679 2923 2733 τὸν
2959 2677 3092 2731 Θεὸν
3117 2678 3478 2750 χρηματίζειν
3538 2677 3790 2732 συνέϐαι-

498 2800 620 2838 νεν·
651 2785 840 2855 ἐπειδὴ
888 2785 982 2838 καὶ
1033 2787 1151 2848 ταῖς
1214 2783 1469 2856 ἁοράτοις
1516 2781 1824 2852 δυνάμεσι,
1893 2778 2162 2840 διακόνοις
2193 2775 2501 2848 κεχρῆσθαι
2565 2774 2643 2845 τῷ
2693 2773 2812 2844 Θεῷ
2867 2774 3026 2838 ἔθος,
3076 2774 3172 2826 καὶ
3223 2771 3312 2826 διὰ
3359 2772 3564 2826 τούτων
3614 2775 3792 2827 πάντα

499 2877 742 2952 πληροῦν
776 2879 843 2932 τὰ
882 2880 962 2942 εἰς
999 2878 1268 2950 ὠφέλειαν
1297 2877 1641 2931 συντείνοντα
1666 2875 1777 2929 τῶν
1807 2875 2098 2946 ἡμετέρων
2137 2871 2346 2942 ψυχῶν.

1071 3024 3764 3053 W

1507 3158 2052 3250 EJUSDEM
2151 3155 2786 3250 THEODORI

1222 3373 2000 3538 EXPOSITIO
2083 3354 2309 3486 “IN
2373 3370 3060 3491 PSALMOS.

1103 3599 1176 3650 Ex
1222 3602 1398 3650 catena
1435 3594 1734 3649 Corderiaua
1759 3591 1810 3644 in
1837 3593 2080 3656 Psalmos,
2105 3593 2312 3645 insertis
2333 3607 2426 3646 suo
2443 3595 2557 3645 loco
2579 3596 2869 3661 fragmentis
2891 3599 3012 3650 alias
3035 3599 3200 3652 editis.

1085 3899 1415 3957 PSALMUS
1452 3899 1493 3955 1.
2127 3900 2171 3958 C

2127 3900 2171 3958 C
2781 3900 2979 3954 ΨΑΑΜ
2992 3902 3075 3955 ΟΣ
3112 3904 3190 3956 A'.

571 3998 739 4054 Vsus.
770 3993 1161 4051 L—Theodori
1182 3994 1514 4048 Aniiocheni.
1543 3993 1679 4048 Cum
1706 3990 1852 4046 Deus
1874 3988 2096 4060 prOprie

2275 3991 2424 4063 Στίχ.
2459 3998 2529 4046 α’.
2578 4022 2648 4031 -
2689 3993 2992 4061 Θεοδώρου
3036 3995 3409 4064 Ἀντιοχείας.
3465 3997 3688 4070 Κυρίως
3733 3999 3790 4055 δὲ

501 4092 698 4148 beatus
721 4090 792 4144 sit
824 4085 1052 4160 [Paulus
1083 4087 1230 4140 enim
1257 4088 1333 4140 ait
1366 4105 1378 4141 :
1408 4085 1610 4140 Beatus
1640 4099 1702 4136 ac
1733 4083 1879 4137 solus
1909 4093 2093 4151 potens

2202 4083 2476 4153 μακάριος
2504 4082 2580 4134 ὣν
2617 4084 2645 4136 ὁ
2685 4082 2817 4147 Θεὸς
2859 4083 3102 4151 (Παῦλος
3137 4086 3243 4156 γάρ
3273 4103 3469 4154 φησιν,
3514 4088 3575 4140 '0
3598 4089 3788 4160 μακά-

503 4183 566 4255 (ι
596 4182 733 4236 Tim.
779 4195 852 4243 vr,
889 4176 1028 4250 45)],
1056 4177 1219 4247 hujus
1253 4192 1352 4231 nos
1388 4174 1769 4246 appellationis
1801 4173 2097 4243 participes

2191 4191 2324 4243 ριος
2366 4174 2466 4228 καὶ
2498 4175 2688 4244 μόνος
2719 4174 3108 4243 δυνάστης),
3149 4179 3424 4248 μετέδωκε
3462 4179 3668 4250 ταύτης
3693 4182 3789 4252 τῆς

501 4273 720 4341 effecit,
782 4281 844 4327 ut
903 4273 997 4342 qui
1047 4272 1211 4326 etiam
1259 4271 1436 4325 fidelis
1492 4269 1676 4323 dictus
1717 4267 1837 4322 sit:
1889 4263 2096 4318 Fidelis

2197 4267 2573 4338 προσηγορίας
2614 4269 2747 4338 ἡμῖν
2771 4308 2785 4332 ,
2813 4268 2888 4331 ὡς
2935 4270 3029 4321 καὶ
3074 4269 3267 4332 πιστὸς
3314 4271 3663 4341 καλούμενος.
3689 4275 3789 4326 Πι-

502 4367 672 4430 enim,
715 4363 915 4434 inquit,
950 4361 1112 4426 Deus,
1143 4375 1236 4429 per
1269 4375 1423 4430 quem
1450 4359 1624 4412 vocali
1685 4357 1812 4411 estis
1873 4353 1924 4426 (I
1962 4353 2091 4409 Cor.

2196 4361 2345 4426 στὸς
2385 4360 2493 4431 γὰρ
2519 4400 2532 4424 ,
2567 4361 2759 4430 φησὶν,
2796 4364 2828 4415 ό
2863 4361 3007 4427 Θεὸς
3032 4402 3047 4427 ,
3087 4361 3164 4415 δι’
3199 4358 3272 4418 οὗ
3301 4362 3616 4431 ἐκλήθητε.
3655 4365 3783 4429 Καὶ,

505 4473 544 4524 ι,
573 4457 650 4526 9).
695 4455 780 4522 Et,
816 4454 960 4508 Deus
989 4454 1188 4523 ﬁdelis,
1220 4461 1269 4506 et
1313 4469 1415 4506 non
1450 4461 1528 4506 est
1567 4450 1824 4522 iniquitas
1871 4451 1925 4503 in
1976 4449 2090 4517 ipso

2199 4453 2344 4519 Θεὸς
2369 4454 2616 4520 πιστὸς,
2654 4453 2753 4508 καὶ
2784 4456 2896 4508 οὐκ
2937 4454 3111 4507 ἔστιν
3142 4453 3341 4509 ἀδικία
3373 4456 3444 4508 ἐν
3476 4455 3656 4522 αὐτῷ.
3683 4456 3787 4510 Οὖ-

506 4549 689 4620 (Deui.
725 4564 894 4610 xuii,
933 4547 1013 4614 4).
1043 4546 1134 4599 Sic
1160 4546 1325 4599 etiam
1350 4545 1484 4598 deos
1514 4553 1694 4609 vocat,
1728 4541 1889 4612 juxta
1913 4541 2089 4595 illud:

2192 4563 2302 4609 τως
2348 4546 2444 4598 καὶ
2481 4545 2638 4609 θεοὺς
2686 4545 2876 4609 καλεῖ,
2922 4546 3065 4618 κατὰ
3110 4545 3210 4611 τὸ,
3259 4545 3406 4616 Ἐγὼ
3451 4543 3620 4612 εἶπα,
3664 4550 3787 4603 θεοί

505 4643 615 4714 Ego
662 4643 778 4695 dixi
804 4656 821 4694 :
851 4638 942 4692 Dii
982 4639 1111 4692 estis
1154 4637 1332 4710 (Psal.
1383 4641 1583 4703 Lsxxt,
1614 4636 1692 4707 6).
1746 4634 1956 4690 Nomen
1987 4634 2091 4689 ita-

2196 4640 2359 4694 ἐστε.
2385 4639 2459 4692 Τὸ
2494 4635 2587 4694 οὖν
2610 4639 2905 4709 μακάριος
2946 4641 3138 4711 ὄνομα,
3169 4641 3270 4712 τῆς
3299 4641 3419 4695 κατ’
3449 4642 3651 4715 ἀρετὴν
3697 4660 3786 4696 τε·

501 4751 608 4806 que
634 4734 793 4796 beati,
838 4729 1054 4786 fructus
1095 4739 1180 4785 est
1230 4730 1590 4802 perfectionis
1627 4731 1683 4784 in
1716 4730 1940 4786 virtute.

1349 4730 1590 4786 'cctionis
1627 4731 1683 4784 in
1716 4730 1940 4786 virtute.
2197 4731 2473 4802 λειότητος
2505 4733 2740 4803 ὑπάρχει
2764 4733 2992 4803 καρπός.

1081 4821 1402 4877 PSALMUS
1439 4821 1500 4878 ll.

2791 4823 3085 4878 ΨΑΛΜΟΣ
3125 4825 3198 4880 B'.

573 4915 742 4972 Vsus.
769 4915 820 4970 1.
851 4942 918 4956 -—
946 4914 1210 4970 Theodori
1231 4915 1562 4972 Antiocheni.
1602 4913 1721 4970 Non
1751 4916 1887 4972 dicit
1912 4927 2089 4988 gentes

2269 4917 2416 4988 Στίχ.
2454 4916 2523 4972 α’.
2555 4948 2624 4958 --
2654 4915 2956 4986 Θεοδώρου
3002 4918 3338 4986 Ἀντιοχέως
3362 4917 3462 4991 (1).
3504 4919 3578 4974 Οὐ
3608 4919 3780 4990 λέγει,

502 5013 772 5075 absolute,
797 5011 872 5064 ita
903 5017 963 5065 ut
995 5011 1220 5064 omnino
1251 5024 1445 5065 omnes
1496 5009 1892 5079 comprehendi
1928 5019 2089 5082 pute-
2118 5006 2145 5066 Ῑ

2139 5007 2170 5066 ί)
2197 5012 2269 5066 τὰ
2293 5012 2460 5080 ἔθνη,
2479 5014 2616 5084 μετὰ
2636 5013 2730 5067 τοῦ
2755 5015 2978 5086 ἄρθρου,
3018 5014 3102 5068 ἵνα
3133 5014 3342 5077 πάντας
3375 5013 3782 5085 περιλαμϐάνε-

569 5164 648 5237 (ι)
683 5161 911 5242 Speravi
940 5163 1164 5242 quidem
1206 5162 1444 5242 majores
1471 5179 1559 5218 me
1590 5175 1776 5242 partes
1801 5165 2079 5242 editurum
2185 5185 2404 5241 semper
2438 5171 2668 5242 intelligi
2725 5169 3075 5227 Theodorum
3133 5171 3288 5225 illum
3314 5211 3329 5236 ,
3367 5171 3458 5242 qui
3508 5171 3614 5227 fuit
3663 5172 3785 5229 Mo-

501 5232 1030 5293 cominentariorum
1073 5233 1350 5288 Theodori
1389 5232 1766 5311 Mopsuesteni
1813 5237 1880 5291 ad
1903 5237 2084 5311 _Psal-
2186 5232 2452 5311 psuéstiae
2477 5232 2803 5311 episcopus,
2837 5244 3187 5311 exploratum
3215 5232 3326 5296 est.
3361 5232 3518 5296 Edita
3553 5245 3682 5298 item
3713 5247 3783 5301 ab

503 5319 668 5380 mos;_
701 5315 1097 5380 verumtamen
1131 5320 1241 5358 non
1292 5307 1460 5380 semel
1517 5307 1761 5380 comperi
1815 5309 2083 5380 reliquias
2188 5307 2314 5366 aliis
2334 5307 2638 5369 recudénda
2673 5307 2784 5366 non
2817 5307 3096 5380 iudicavi;
3129 5320 3185 5365 et
3225 5327 3348 5365 cum
3385 5314 3503 5367 otio
3549 5315 3784 5372 minime

501 5377 625 5454 ejus
659 5377 712 5430 in
743 5377 955 5454 catenis
976 5374 1386 5454 obvias._modo
1410 5391 1536 5454 esse
1556 5374 2084 5454 'l‘heodoriineert-i,
2189 5381 2487 5445 abundent,
2523 5389 2666 5436 duos
2692 5374 2904 5454 tantqu
2932 5374 3109 5454 evolvi
3143 5383 3388 5454 codices,
3421 5400 3619 5454 nempe
3645 5400 3784 5454 prae-

504 5447 666 5500 modo
691 5450 858 5500 etiam
886 5445 1256 5523 Theodoreti;
1287 5453 1488 5523 praeter
1515 5448 1721 5523 multas
1755 5463 1784 5501 a
1815 5449 2088 5523 Corderio
2192 5461 2431 5507 stantem
2461 5468 2524 5506 ac
2559 5463 2798 5506 veterem
2837 5449 2961 5505 Vat.
2988 5453 3094 5523 πει
3135 5450 3248 5520 (Α),
3289 5464 3342 5508 et
3374 5445 3779 5523 recentiorem,

505 5516 1152 5596 praeocmipatas.__ltaque
1187 5516 1431 5596 nequid
1466 5521 1788 5596 ambiguum
1835 5519 2080 5596 ederem,
2192 5523 2313 5596 sed
2344 5525 2518 5596 multo
2568 5523 2941 5596 copiosiorem
2995 5516 3314 5577 Vat.'1'682
3366 5524 3472 5596 (Β).
3526 5516 3780 5580 Latinam

502 5588 594 5663 illa
625 5596 836 5663 tantum
879 5588 1012 5641 mihi
1058 5599 1339 5656 segmenta
1374 5589 1650 5643 vindicavi
1705 5588 1766 5660 (i.
1801 5606 1845 5642 e.
1881 5588 2080 5659 fragm.
2189 5592 2428 5663 denique
2453 5588 2700 5648 brevium
2730 5592 2923 5646 horum
2948 5602 3336 5662 excerptorum
3356 5588 3780 5652 translationem

501 5658 555 5711 in
595 5657 735 5725 psal.
768 5672 830 5720 Il,
879 5673 964 5718 III,
996 5673 1050 5722 ν,
1090 5675 1163 5720 vi,
1193 5674 1291 5723 vu,
1321 5673 1444 5723 vm,
1480 5675 1556 5722 εχ,
1589 5675 1666 5722 χι,
1699 5657 1803 5722 sit,
1836 5657 2081 5738 xiii,'xv,
2192 5663 2318 5738 aliis
2340 5657 2406 5718 'si
2443 5665 2628 5738 volent
2682 5663 3011 5738 faciendam
3041 5657 3456 5738 pertiiisiLMihi
3505 5669 3779 5738 integrum

500 5743 628 5808 ξνιρ
657 5741 781 5808 ,ιγιι
803 5767 818 5789 ν
853 5743 977 5808 XI?!
999 5767 1013 5790 τ
1046 5743 1218 5808 XXIIII
1246 5744 1462 5808 QDN-‘3
1497 5743 1595 5792 XL.
1649 5743 1758 5808 xy}
1781 5766 1795 5789 ,
1828 5745 1951 5808 ante
1970 5731 2081 5784 suis
2193 5732 2250 5808 in
2285 5735 2600 5808 prophetas
2650 5731 3115 5808 commentarium
3161 5734 3231 5791 de
3271 5731 3776 5808 Gracqﬁatinum

501 5797 1076 5875 iurisiulerseruimus.
1105 5798 1213 5875 _En.
1257 5797 1483 5864 Pun),
1523 5812 1646 5875 quae
1684 5796 1956 5875 Theodori
1980 5814 2081 5875 no-
2193 5796 2572 5862 fecisse-satis
2609 5814 2714 5862 est.
2755 5803 3078 5875 (MAI,Bibl.
3115 5822 3230 5861 nov.
3264 5805 3442 5871 Patr.,
3469 5805 3582 5872 νη,
3615 5809 3771 5863 590.)

500 5869 751 5923 minatim
803 5868 1116 5924 Aiiiiorlieni
1164 5883 1365 5924 nomen
1418 5869 1725 5938 gerebant,
1773 5884 1884 5941 quo
1921 5870 2082 5927 titulo
