4162 6466
465 359 575 421 διε

1680 359 2047 416 EXPOSlTIO
2087 359 2155 414 IN
2184 358 2528 416 PSALMOS.

3638 368 3745 428 650
3756 444 3765 469 ο

464 481 592 536 σθαι
635 476 884 555 νομίσῃς,
914 480 1056 546 ἀλλ’,
1088 480 1257 547 ἔθνη,
1307 481 1398 534 ἐπὶ
1431 482 1658 554 μερικόν
1698 501 1752 536 τι
1779 484 1929 551 ἄγων
1960 482 2044 553 τὴη

2165 479 2235 537 tis
2258 520 2272 545 ,
2306 481 2403 536 sed
2447 458 2967 554 gentes..quamdam
3014 488 3398 560 exceptionem
3430 489 3747 548 subintelli-

462 569 708 625 ἔννοιαν·
744 570 935 643 ἐπειδὴ
964 572 1075 643 7&9
1121 572 1171 624 oi
1218 570 1461 624 Ἰουδαῖοι
1491 570 1748 636 λαϐόντες
1778 572 1891 643 [τὸν
1919 571 2054 643 Χρι-

466 661 616 735 στὸν]
669 666 783 726 τοῖς
823 661 1033 717 ἔθνεσιν
1063 661 1226 715 αὐτὸν
1256 661 1549 729 ἐξέδωκαν,
1577 662 1665 716 διὰ
1690 661 1849 716 τοῦτο
1880 663 2055 717 ταῦτά

462 769 632 823 φησιν
650 767 666 783 ·
701 753 800 818 Τίς
828 754 861 825 ή
889 752 1126 826 τοσαύτη
1162 753 1372 825 αίτία,ῆ
1397 753 1452 806 τί
1479 754 1540 807 τὸ
1576 754 1820 823 γεγονὸς,
1848 756 1926 819 ὡς
1958 756 2054 809 καὶ

460 844 591 909 τοὺς
620 843 786 908 λαοὺς
811 845 1202 916 συγκινηθῆναι
1232 845 1352 899 κατ’
1395 844 1586 907 αὑτοῦ,
1624 847 1720 900 καὶ
1745 847 1826 911 εἰς
1861 849 2054 918 χεῖρας

460 936 626 1002 αὐτὸν
653 936 1027 1008 παραδοθῆναι
1073 935 1182 992 τῶν
1219 936 1426 1002 ἐθνῶν;
1457 936 1532 989 Τὸ
1556 936 1631 1003 δὲ,
1687 939 2050 1008 Ἔφρύαξαν,

457 1026 583 1080 ἀντὶ
606 1026 723 1090 τοῦ,
760 1024 1196 1092 Ἦλαζονεύοντο.

522 1140 674 1213 Στίχ.
709 1139 774 1206 ζ’.
806 1171 878 1182 -
911 1141 1028 1212 Πρὸ
1073 1139 1286 1195 αἰώνων
1334 1140 1486 1210 Υἱὸς,
1516 1142 1756 1213 σήμερον
1796 1142 2051 1210 γεννᾶται

456 1233 749 1305 γενόμενος
783 1232 881 1289 ἄνθ
888 1250 1094 1306 ρωπος.

528 1345 678 1417 Στίχ.
702 1345 769 1400 θ’.
796 1377 864 1387 -
885 1347 998 1417 Οὐχ
1025 1345 1166 1400 ὥστε
1194 1346 1458 1402 ἀπολέσαι
1496 1348 1592 1402 καὶ
1619 1332 1897 1403 ἀνοῦκῶσαι
1926 1364 2050 1404 συν-

455 1434 653 1508 τρίϐει,
700 1435 816 1489 ἀλλ’
854 1435 997 1490 ὥστε
1032 1436 1379 1492 ἀναπλάσαι·
1431 1438 1571 1510 πρὸς
1595 1437 1753 1492 τοῦτο
1777 1438 1887 1509 7&9
1922 1456 2051 1493 σκο-

455 1526 559 1591 πὸς
583 1526 664 1599 τῷ
693 1530 950 1601 κεραμεῖ,
974 1529 1282 1603 συντρίϐειν
1298 1529 1365 1584 τὰ
1382 1532 1571 1584 οἰκεῖα
1587 1531 1780 1604 σκεύη,
1815 1532 1945 1585 ὅταν
1972 1530 2048 1604 μὴ

456 1617 584 1687 ὑγιῆ
630 1618 728 1672 καὶ
751 1616 1011 1688 ἀκέραιον
1049 1616 1200 1691 σώζῃ
1237 1618 1333 1673 τοῦ
1368 1620 1668 1693 καραμέως
1700 1620 1797 1693 τὴν
1819 1620 2050 1676 διάπλα-

457 1726 561 1781 σιν,
608 1708 822 1764 οὐδέπω
854 1711 990 1783 πυρὶ
1021 1712 1517 1783 προσωμιληκότα·
1560 1712 1773 1778 τούτοις
1806 1714 1864 1769 δὲ
1900 1730 2046 1787 μαρ-

456 1803 607 1872 τυρεῖ
650 1802 804 1856 καὶὸ
852 1803 1121 1875 μακάριος
1166 1803 1437 1875 Ἱερεμίας
1478 1806 1507 1858 ό
1556 1806 1844 1877 προφήτης
1871 1805 2044 1875 λέγων
2074 1843 2120 1900 Β

451 1893 529 1958 ὼς
555 1896 622 1948 ἐκ
654 1894 791 1949 Θεοῦ
813 1911 848 1971 ’ἠ
867 1897 936 1953 Ἢ
959 1895 1155 1962 καθὼς
1185 1899 1216 1951 ὀ
1242 1898 1535 1967 κεραμεὺς
1553 1894 1735 1966 οὗτος
1757 1901 1830 1953 οὺ
1861 1897 2046 1966 δυνή-

449 2000 634 2053 σομαι
664 1985 842 2040 τοῦτο
886 1985 1140 2055 ποι-ἧσαι
1170 1989 1332 2057 ὑμῖν,
1368 1985 1534 2056 οἶκος
1570 1988 1850 2059 Ἰσραὴλ,
1882 1988 2045 2059 λέγει

449 2077 671 2145 Κύριος
688 2092 708 2141 ;
730 2077 998 2143 τουτέστι,
1021 2077 1194 2143 οὕτως
1219 2081 1314 2134 καὶ
1332 2080 1689 2145 διαπεσόντας
1708 2080 2040 2145 ἀναπλάσαι,

449 2170 545 2221 καὶ
578 2168 741 2222 πάλιν
775 2171 854 2235 είς
888 2171 950 2224 τὸ
984 2173 1210 2244 ἀρχαῖον
1227 2172 1696 2245 ἀποκαταστῆσαι.

521 2275 672 2349 Στίχ.
710 2285 800 2333 ια’.
830 2309 901 2320 —
942 2281 1194 2336 Ἐπειδὰν
1220 2281 1330 2354 γὰρ
1356 2282 1685 2355 φοϐηθέντες
1713 2283 1803 2338 τὸν
1836 2284 2043 2338 Δεσπό-

445 2385 570 2440 την,
602 2368 670 2422 τὰ
699 2371 1050 2442 προσήκοντα
1077 2372 1533 2444 διαπραξώμεθα,
1560 2374 1823 2447 πλείστην
1843 2376 1908 2430 ἐκ
1936 2375 2043 2431 τῶν

447 2459 809 2531 πραχθέντων
850 2464 985 2533 ἡμῖν
1029 2462 1229 2534 ἔχομεν
1258 2465 1357 2536 τὴν
1388 2465 1726 2538 εὐφροσύνην
1754 2468 2044 2541 ἐγγινομέ-

445 2567 571 2622 νην,
624 2551 721 2606 τοῦ
773 2553 1077 2618 συνειδότος
1117 2556 1328 2624 ἀγαθοῦ
1379 2556 1478 2629 μὲν
1518 2558 1900 2630 τυγχάνοντος,
1939 2577 2041 2632 με·

445 2646 644 2716 γίστην
672 2644 729 2699 δὲ
759 2646 886 2718 ἐμοὶ
922 2646 1115 2700 τούτου
1158 2648 1259 2719 τὴν
1304 2647 1479 2720 χαρὰν
1513 2651 1911 2722 παρεχομένου.
1955 2653 2042 2707 Ἐν

445 2740 644 2808 ’τρόμῳ
690 2739 769 2803 δέ,
812 2739 1091 2796 τουτέστιν
1131 2742 1189 2794 ἐν
1240 2741 1560 2809 κατανύξει,
1611 2744 1686 2814 μή
1721 2747 1910 2816 ποτεὴ
1945 2745 2041 2800 τοῦ

445 2828 587 2882 Θεοῦ
625 2829 772 2901 χαρὰ
806 2833 888 2895 είς
917 2831 1013 2903 τὴν
1031 2832 1126 2886 τοῦ
1156 2831 1363 2905 κόσμου
1393 2832 1675 2906 μεταπέσῃ
1700 2835 1896 2907 χαράν.

522 2921 670 2993 Στίχ.
702 2921 790 2994 ιβ’.
820 2953 891 2964 -
935 2924 1131 2996 Ἀπρὶξ
1155 2927 1302 2998 ἡμᾶς
1330 2923 1548 2997 ἔχεσθαι
1578 2926 1680 3000 τῆς
1714 2928 1810 2981 τοῦ
1838 2929 2040 3001 Κυρίου

450 3037 800 3104 διδασκαλίας
846 3040 1205 3113 βουλόμενος,
1245 3044 1469 3109 εἰκότως
1498 3047 1565 3117 τῇ
1613 3045 1707 3100 τοῦ
1741 3043 2044 3117 δράξασθε

450 3131 603 3201 φωνῇ
632 3130 919 3202 κέχρηται.

1047 3246 1345 3303 ΨΑΑΜΟΣ
1381 3248 1457 3301 r'.
1596 3322 1599 3325 ν

517 3339 671 3410 Στίχ.
702 3346 772 3408 γ’.
796 3371 866 3381 -
900 3338 1073 3393 Τοῦτο
1104 3339 1482 3412 φανερώτερον
1507 3340 1801 3409 δείκνυσιν,
1828 3341 1923 3395 ἐπὶ
1945 3342 2041 3396 τοῦ

444 3431 612 3486 Δαυῖδ
646 3431 902 3501 λέγεσθαι
930 3432 1041 3486 δεῖν
1069 3431 1161 3485 τὸν
1201 3431 1439 3503 ψαλμόν.
1490 3432 1564 3486 Τὸ
1597 3432 1706 3507 γὰρ
1740 3434 2039 3488 ἐπανίστα-

448 3525 574 3579 σθαι
617 3525 825 3597 κυρίως
863 3525 1081 3594 λέγεται
1131 3525 1224 3578 ἐπὶ
1266 3524 1377 3578 τῶν
1426 3525 1690 3595 πρότερον
1716 3526 1815 3598 μὲν
1847 3528 1905 3580 ἐν
1935 3527 2041 3580 ὑπ-

445 3617 631 3688 ηκόων
673 3617 824 3683 τάξει
880 3616 1262 3684 καθεστώτων,
1293 3617 1433 3688 μετὰ
1478 3617 1535 3671 δὲ
1584 3617 1755 3672 ταῦτα
1803 3618 2040 3690 πόλεμον

442 3709 762 3782 ἀραμένων.

1041 3826 1337 3881 ΨΑΛΜΟΣ
1376 3827 1448 3880 E'.

513 3938 666 4007 Στίχ.
688 3937 833 3992 θ’.-
846 3937 941 4005 Τὸ,
960 3937 1301 4008 Ὀδήγνησόν
1309 3955 1408 4008 με,
1427 3940 1521 3993 καὶ
1549 3939 1632 4007 τὸ,
1649 3940 2037 3995 Κατεύθυνον

435 4031 702 4085 ἐνώπιόν
722 4046 841 4086 σου
872 4031 991 4099 τὴν
1015 4030 1161 4086 ὁδόν
1188 4048 1332 4101 μου,
1348 4030 1410 4083 τὸ
1433 4030 1570 4086 αὐτὸ
1600 4031 1748 4102 λέγει
1771 4032 1895 4086 ἀντὶ
1913 4030 2031 4100 τοῦ,

451 4124 806 4192 Ἐπανάγαγε
827 4139 842 4155 ·
874 4123 934 4177 τὸ
961 4123 1093 4195 γὰρ,
1139 4122 1425 4177 Ἐνώπιόν
1444 4138 1587 4188 σου,
1615 4125 1737 4178 ἀντὶ
1755 4124 1871 4190 τοῦ,
1889 4125 2032 4196 Πρὸς

2158 587 2291 642 gens
2318 591 2332 628 :
2364 588 2489 628 cum
2510 572 2683 629 Judaei
2709 574 3037 650 (Christum)
3055 582 3468 651 apprehensum
3489 583 3746 654 gentibus

2157 665 2508 732 tradiderint,
2536 676 2831 740 prepterea
2853 669 2971 725 haec
3005 672 3224 743 inquit:
3253 675 3387 742 Quae
3415 676 3521 732 ista
3549 690 3742 742 causa,

2156 772 2251 816 aut
2283 761 2560 837 quodnam
2592 760 2822 827 factum,
2858 770 2918 818 ut
2950 765 3139 834 populi
3170 769 3564 839 contraipsum
3593 784 3746 825 com-

2156 862 2534 918 moverentur,
2584 863 2748 924 atque
2795 854 2851 909 in
2886 870 3083 912 manus
3119 859 3359 928 gentium
3391 856 3744 917 traderetur?

2157 941 2515 999 Fremuerunt
2538 953 2724 1001 autem
2756 960 2857 1017 pro
2882 946 3101 1018 gloriati
3138 956 3292 1003 sunt.

2224 1126 2396 1185 νεεδ.
2433 1130 2485 1185 7.
2510 1160 2583 1170 -
2615 1129 2722 1197 Qui
2756 1140 2886 1188 ante
2907 1132 3109 1188 saecula
3134 1141 3256 1189 erat
3313 1132 3511 1200 Filius,
3579 1136 3744 1194 hodie

2151 1221 2404 1277 nascitur
2431 1221 2599 1278 homo
2629 1221 2833 1280 factus:

2223 1331 2391 1390 Vsns.
2418 1335 2474 1392 9.
2496 1366 2565 1376 -
2588 1334 2710 1391 Non
2738 1335 2806 1391 ad
2828 1336 3267 1395 destructionem
3286 1355 3351 1397 ac
3371 1343 3586 1397 ruinam
3602 1326 3745 1398 eon-

2145 1417 2364 1497 'iringit,
2401 1423 2496 1481 sed
2544 1425 2612 1481 ad
2656 1429 3122 1485 restaurationem
3156 1449 3171 1486 :
3208 1432 3277 1487 ad
3303 1433 3408 1489 hoc
3449 1435 3597 1490 enim
3630 1435 3745 1507 agit

2148 1516 2385 1588 ﬁgulus,
2430 1533 2566 1575 vasa
2623 1518 2931 1577 domestica
2993 1522 3393 1596 confringens,
3426 1540 3560 1579 cum
3603 1541 3745 1593 opus

2148 1609 2432 1681 ﬁgmenti,
2474 1614 2723 1669 nondum
2774 1613 2901 1686 igne
2933 1624 3154 1671 coctum
3180 1657 3196 1683 ,
3234 1632 3338 1671 nec
3367 1617 3605 1672 solidum
3641 1635 3745 1674 nec

2149 1717 2347 1772 purum
2375 1703 2672 1760 salvaverit
2697 1723 2711 1761 :
2742 1705 2828 1762 his
2853 1705 3184 1764 testificatur
3202 1724 3423 1780 quoque
3442 1709 3637 1767 beatus
3655 1709 3745 1768 Je-

2148 1793 2354 1849 remias
2385 1794 2653 1864 propheta
2699 1810 2766 1850 ex
2812 1795 2925 1853 Deo
2971 1798 3208 1869 loquens
3255 1815 3269 1852 :
3306 1797 3562 1871 Nunquid
3605 1802 3743 1855 sicut

2147 1883 2341 1953 figulus
2367 1885 2468 1941 iste
2501 1903 2606 1942 non
2647 1898 2831 1959 potero
2875 1889 2974 1945 hoc
3020 1892 3199 1962 facere
3228 1892 3396 1957 vobis,
3432 1893 3621 1949 domus
3654 1893 3741 1950 ls-

2147 1975 2284 2039 ruel,
2317 1974 2448 2031 dicit
2478 1976 2743 2035 Dominus
2765 1981 2792 2034 Ρ
2816 1982 2954 2053 (Jer.
2976 2000 3135 2051 xvm,
3159 1983 3237 2054 6.)
3262 1984 3377 2040 Hoc
3407 1994 3492 2042 est
3524 1986 3740 2043 dirutos

2148 2074 2467 2124 restaurare
2492 2075 2548 2125 et
2575 2070 2631 2125 in
2662 2071 2961 2142 pristinum
2995 2072 3200 2133 statum
3243 2078 3558 2133 restituere.

2220 2273 2388 2333 Vsus.
2422 2277 2510 2332 11.
2539 2308 2606 2318 -
2632 2278 2792 2348 Cum,
2820 2279 3111 2335 Dominum
3134 2281 3414 2349 timentes,
3440 2293 3589 2340 recte
3610 2300 3740 2357 aga-

2148 2378 2295 2434 mus,
2326 2369 2625 2438 plurimam
2650 2385 2716 2426 ex
2735 2370 2898 2428 factis
2922 2372 3130 2428 nostris
3152 2372 3397 2429 laetitiam
3421 2374 3737 2445 referimus,

2146 2461 2491 2517 conscientia
2523 2462 2669 2518 bona
2708 2463 3014 2518 maximum
3053 2481 3277 2539 semper
3309 2468 3571 2541 gaudium
3599 2484 3739 2542 prte-

2146 2541 2330 2609 benie.
2354 2551 2414 2609 ln
2444 2564 2669 2611 tremore
2698 2562 2907 2623 autem,
2937 2557 3045 2615 hoc
3078 2567 3163 2615 est
3195 2560 3251 2614 in
3283 2541 3735 2632 eompunctione,

2145 2646 2588 2716 nequandoDei
2633 2648 2899 2720 gaudium
2933 2650 2991 2706 in
3023 2650 3291 2722 gaudium
3339 2654 3536 2709 mundi
3591 2656 3738 2711 rela-

2145 2737 2325 2792 batur.

2215 2944 2385 3002 Vsus.
2419 2946 2508 3003 12.
2534 2979 2605 2990 --
2644 2948 3013 3007 Vehementer
3036 2966 3141 3008 nos
3168 2951 3384 3008 Domini
3423 2953 3733 3011 doctrinam

2146 3040 2405 3112 amplecti
2440 3041 2655 3110 volens,
2682 3043 2882 3100 merito
2913 3058 3048 3099 voce
3074 3046 3450 3116 apprehendite
3480 3048 3674 3105 utitur.

2714 3245 3040 3305 PSALMUS
3075 3247 3165 3305 ill.

2215 3336 2387 3394 Vens.
2410 3340 2464 3394 2.
2494 3370 2563 3380 -
2596 3336 2711 3397 Hoc
2744 3341 3100 3399 manifestius
3131 3343 3443 3400 ostenditur
3485 3345 3588 3402 sub
3628 3343 3736 3402 Da-

2142 3427 2267 3483 vide
2303 3429 2449 3487 hunc
2481 3432 2757 3502 psalmum
2787 3432 2962 3490 fuisse
2989 3436 3279 3507 scriptum.
3328 3437 3446 3493 iloc
3476 3440 3624 3495 enim
3650 3442 3733 3495 iit--

2141 3529 2365 3590 surgunt
2395 3536 2617 3593 proprie
2633 3523 2838 3578 dicitur
2859 3525 2927 3580 de
2950 3526 3039 3581 his
3069 3528 3185 3598 qui,
3223 3530 3462 3598 primum
3490 3532 3546 3585 in
3571 3533 3737 3588 ditio-

2139 3623 2264 3665 nem
2306 3611 2585 3680 sapienter
2615 3613 2859 3680 redacti,‘
2882 3615 3086 3672 bellum
3116 3627 3309 3687 postea
3346 3633 3660 3678 moverunt.

2721 3818 3047 3878 PSALMUS
3082 3821 3146 3879 ν.

2208 3932 2377 3990 Vens.
2407 3933 2461 3989 9.
2497 3965 2568 3979 ο-
2606 3934 2789 3991 Deduc
2832 3952 2916 3991 me
2944 3944 3000 4005 et
3038 3936 3209 4008 dirige
3235 3938 3291 3994 in
3330 3948 3608 4010 conspectu
3642 3952 3732 3996 tuo

2134 4027 2276 4081 viam
2313 4043 2518 4093 meam,
2555 4029 2660 4083 hoc
2698 4028 2833 4085 dicit
2873 4046 2974 4100 pro
3017 4029 3206 4086 Reduc
3238 4046 3325 4087 me
3361 4051 3375 4088 :
3408 4035 3610 4090 etenim
3664 4034 3730 4092 1.1

2134 4130 2417 4191 conspectu
2466 4130 2557 4174 tuo
2594 4135 2694 4192 pro
2730 4121 2815 4175 Ad
2852 4132 2901 4177 te
2945 4124 3114 4194 dirige
3157 4124 3296 4178 viam
3328 4142 3520 4194 meam,
3553 4136 3612 4181 ut
3640 4145 3730 4184 re-

438 4218 501 4271 σέ
536 4235 638 4289 μου
673 4217 1005 4285 κατεύθννον
1034 4217 1134 4290 τὴν
1178 4204 1323 4281 όδὸν,
1361 4217 1448 4270 ἵνα
1478 4216 1759 4272 ἐπανέλθω
1794 4217 1932 4288 πρὸς
1970 4217 2032 4270 σέ

2143 4214 2292 4269 deam
2326 4212 2396 4268 ad
2429 4224 2480 4268 te
2512 4215 2818 4270 secundum
2852 4214 3138 4272 Judaicam
3189 4227 3425 4275 mentem
3448 4259 3462 4284 ,
3489 4223 3647 4291 quasi
3675 4224 3728 4277 in
3784 4218 3787 4219 ⁷

434 4312 582 4365 κατά
609 4311 706 4382 τὴν
738 4311 1036 4381 ἰουδαῖκὴν
1070 4310 1358 4381 ὑπόληψιν,
1400 4309 1479 4373 ὡς
1525 4310 1583 4363 ἐν
1624 4309 1705 4381 τῷ
1734 4310 1874 4364 Σιὼν
1913 4310 2030 4381 δρει

2143 4313 2377 4360 montem
2421 4304 2554 4360 Sion
2602 4305 2911 4363 adducente
2950 4307 3186 4365 Domino
3229 4329 3245 4367 :
3291 4315 3729 4381 propter.inimi—

430 4400 533 4454 τοῦ
558 4400 1010 4469 Θεοῦδιάγοντος.
1032 4400 1107 4453 Τδ
1129 4395 1242 4467 οὖν,
1264 4401 1480 4455 Ἕνεκα
1506 4398 1625 4454 τῶν
1643 4399 1872 4468 ἐχθρῶν
1884 4417 2028 4468 μου,

2143 4411 2220 4449 cos
2261 4411 2402 4450 meos
2460 4397 2682 4451 interim
2739 4397 2942 4467 duplex
2996 4400 3130 4454 mihi
3196 4403 3496 4459 retributio
3540 4418 3661 4462 erat
3713 4427 3728 4463 :

392 4491 525 4545 ιδιὰ
596 4492 762 4561 μέσου
822 4491 958 4561 πρὸς
1011 4491 1302 4563 ἀμφότερα
1352 4491 1475 4562 ἕχον
1525 4491 1626 4563 τὴν
1673 4491 2035 4545 ἀνταπόδοσιν.

2143 4484 2314 4541 Reduc
2345 4488 2494 4542 enim
2527 4503 2631 4552 me,
2663 4488 2869 4558 inquit,
2904 4490 2978 4545 ita
3005 4499 3061 4545 ut
3096 4492 3164 4546 ab
3196 4493 3730 4567 inimicisquicepe-

435 4582 845 4653 (Ἐπανάγαγε
880 4584 990 4653 γάρ
1041 4600 1131 4651 με,
1165 4584 1351 4653 φησὶν,
1392 4584 1533 4639 ὥστε
1560 4583 1868 4651 ἀπαλλάξαι
1920 4583 2029 4638 τῶν

2143 4588 2268 4632 runt
2296 4592 2386 4633 me
2416 4579 2606 4634 salvus
2641 4579 2763 4635 tiam
2786 4619 2801 4644 ,
2848 4591 2904 4636 et
2933 4591 3224 4652 postquam
3251 4586 3389 4641 dixit
3425 4584 3490 4641 In
3509 4587 3729 4657 justitia

432 4675 776 4746 κατεχόντων
803 4675 1033 4747 ἐχθρῶν,
1057 4675 1154 4730 καὶ
1176 4676 1365 4748 ἐπειδὴ
1394 4675 1570 4744 εἶπεν,
1587 4679 1687 4732 Ἑν
1707 4677 1784 4748 τῇ
1808 4678 2032 4731 δικαιο-

2143 4681 2259 4735 ma,
2313 4670 2417 4726 h'oc
2465 4682 2550 4728 est
2600 4674 2902 4729 secundum
2947 4690 3154 4731 morem
3204 4686 3360 4733 tuum
3405 4679 3723 4750 judicandi.

432 4758 773 4841 σύνῃξσου,
806 4770 1086 4824 τουτέστιν
1114 4769 1297 4834 καθὼς
1339 4770 1459 4835 ἔθος
1503 4772 1586 4825 σοί
1630 4774 1778 4826 ἐστιν
1821 4771 2030 4844 κρίνειν

2143 4763 2319 4819 statim
2358 4764 2602 4820 ostendit
2636 4767 2916 4836 quomodo
2951 4769 3023 4825 sit
3049 4770 3264 4838 justum
3288 4787 3349 4828 sc
3378 4789 3444 4829 ex
3480 4774 3725 4834 inimicis

430 4861 703 4931 δικαίως),
725 4862 1000 4916 δείκνυσιν
1048 4862 1212 4925 εὐθὺς
1246 4863 1394 4927 ὅπως
1442 4862 1603 4916 αὐτὸν
1645 4862 2029 4934 ἀπαλλαγῆναι

2143 4853 2362 4923 salvari,
2396 4856 2561 4912 modo
2590 4873 2693 4914 suo
2726 4859 2996 4916 rationem
3025 4861 3284 4920 adoreas.

428 4952 645 5008 δίκαιον
697 4955 806 5007 τῶν
856 4954 1103 5026 ἐχθρῶν·
1140 4955 1249 5010 ἀπὸ
1286 4955 1389 5008 Δτοῦ
1434 4955 1650 5010 ἐκείνου
1677 4955 1882 5027 τρόπου
1928 4955 2027 5026 τὴν

427 5046 709 5115 ἀπόδειξιν
731 5047 885 5101 ποιού
895 5064 1080 5118 μενος.

1017 5161 1316 5216 manus
1355 5161 1449 5229 cr.

499 5276 653 5347 Στίχ.
680 5275 820 5347 β’.-
844 5276 1282 5348 Ἐξομολογεῖται
1307 5275 1386 5347 τῷ
1403 5275 1561 5348 Θεῷὸ
1580 5276 1851 5348 μακάριος
1866 5275 2032 5331 Δαυτδ

431 5366 689 5438 περὶτῆς
737 5367 875 5432 ἰδίας
922 5369 1223 5441 ἁμαρτίας,
1275 5369 1344 5439 ἢν
1383 5364 1679 5438 εἰργάσατο
1728 5367 2030 5435 συγκαθευ⁶

427 5455 603 5528 δήσας
647 5461 717 5529 τῇ
767 5457 1064 5530 Βερσαΰεέ.
1104 5458 1269 5528 Λέγει
1310 5457 1369 5510 δὲ
1401 5456 1573 5511 ταῦτα
1620 5457 1678 5509 ἐν
1721 5457 2029 5527 συμφοραῖς

425 5549 527 5615 ὣν,
559 5551 618 5602 ἐν
647 5546 734 5614 αἷς
762 5551 856 5605 καὶ
884 5548 1178 5623 ἐξητάζετο
1206 5548 1295 5604 διὰ
1316 5549 1416 5621 τὴν
1440 5549 1738 5621 ἁμαρτίαν.

501 5641 577 5694 Τὸ
604 5642 736 5694 αὐτὸ
770 5640 1033 5713 μειζόνως
1058 5638 1212 5696 εἶπεν
1231 5659 1245 5673 ·
1286 5641 1349 5695 τὸ
1392 5642 1491 5712 μὲν
1516 5640 1647 5714 γὰρ,
1695 5639 2040 5710 Ἐταράχθη·

426 5718 502 5786 ti)
540 5731 693 5787 ὀστᾶ.
712 5751 855 5803 μου,
897 5734 959 5787 τὸ
1002 5733 1219 5804 ἰσχυρὸν
1260 5732 1354 5787 τοῦ
1401 5726 1740 5804 συντριμμοῦ
1794 5730 1890 5786 καὶ
1929 5733 2028 5803 τῆς

424 5821 681 5893 ταραχῆς
733 5823 1061 5895 παρίστησιν
1081 5841 1095 5853 ·
1128 5822 1191 5876 τὺ
1220 5822 1311 5888 δὲ,
1338 5823 1448 5877 Καὶ
1482 5822 1521 5889 ἠ
1556 5822 1726 5891 ψυχή
1750 5838 1868 5890 μου
1892 5820 2026 5878 ἐτα-

758 5920 1036 5983 ΡΑτιιοι..
1080 5916 1199 5979 Gn.
1250 5917 1414 5978 LXV
1426 5917 1474 5980 Ι.

2689 5151 3016 5209 PSALMUS
3066 5154 3157 5210 Vi.

2204 5262 2373 5320 Vens.
2400 5264 2457 5319 ‘2.
2485 5294 2556 5306 —
2587 5265 2899 5323 Gentiletur
2931 5267 3043 5325 Deo
3089 5269 3285 5325 beatus
3317 5267 3486 5324 David
3518 5270 3588 5325 'de
3617 5286 3719 5327 suo

2129 5365 2359 5427 peccato
2410 5359 2557 5429 quod
2608 5359 2818 5415 fecerat
2877 5374 3004 5415 cum
3054 5359 3327 5416 Bersabee
3373 5361 3718 5420 dormienda.

2128 5448 2256 5504 Haec
2295 5458 2479 5506 autem
2513 5450 2649 5506 dicit
2680 5467 2806 5507 cum
2836 5460 2986 5508 esset
3015 5454 3073 5507 in
3119 5453 3553 5512 adversitatibus
3595 5457 3720 5525 qui-

2130 5543 2231 5598 bus
2259 5553 2486 5612 propter
2512 5553 2803 5613 peceatum
2834 5545 3199 5614 probabatur.

2197 5632 2344 5689 idem
2377 5634 2578 5691 fortius
2612 5634 2791 5689 dixit:
2821 5636 2925 5690 hoc
2944 5651 3207 5705 namque,
3230 5634 3564 5697 Conturbata
3595 5648 3719 5692 sunt

2129 5742 2253 5780 ossa
2302 5742 2417 5780 mea
2442 5767 2456 5790 ,
2489 5726 2921 5797 magnitudinem
2954 5725 3308 5782 contritiouis
3336 5738 3390 5781 et
3421 5727 3721 5780 conturba-

2128 5820 2299 5877 tionis
2327 5817 2601 5876 ostendit:
2632 5817 2702 5875 Et
2730 5818 2908 5874 anima
2937 5834 3051 5873 mea
3082 5819 3295 5873 turbata
3323 5828 3399 5873 est
3419 5828 3591 5885 valde,
3618 5818 3722 5887 hoc

3320 5914 3391 5974 21
