4162 6490
581 358 685 416 651

1758 360 2110 418 Τιιεουοιιι
2151 364 2634 422 MOPSUESTENI

3717 381 3808 437 aut

582 479 701 537 est,
732 486 852 542 qua:
890 486 1090 543 corpus
1142 488 1322 528 meum
1365 474 1645 539 contrivit,
1679 490 1854 545 usque
1879 478 1946 532 ad
1977 477 2144 545 ipsam

2248 480 2442 550 ράχθη
2465 483 2721 551 σφόδρα,
2762 486 3026 552 τουτέστι,
3058 488 3402 559 Συντρίψασά
3430 506 3532 561 μου
3563 487 3616 543 τὲ
3649 488 3812 560 σῶμα,

585 559 817 629 animam
843 563 1141 631 penetravit
1172 564 1549 619 conturbatio.

1132 652 1456 710 PSALMUS
1484 654 1597 712 VII.

651 741 816 798 Vens.
849 744 903 799 4.
927 773 997 785 —
1041 743 1101 799 Si
1139 744 1238 812 feci
1278 746 1423 800 istud
1452 748 1600 818 quod
1632 763 1782 803 nunc
1821 748 2024 818 patior,
2054 748 2156 803 hoc

582 842 683 897 est,
719 836 766 890 si
795 835 984 905 inique
1013 836 1097 905 egi
1136 854 1148 888 :
1188 836 1333 891 unde
1362 839 1608 907 apertius
1643 839 1795 894 addit
1823 839 2011 896 dicens
2043 858 2056 894 :
2094 839 2154 893 Si

582 934 657 978 est
701 927 957 995 iniquitas
987 928 1047 982 in
1079 930 1324 984 manibus
1350 931 1501 996 meis,
1534 944 1635 1000 pro
1668 930 1714 984 si
1772 930 1960 999 inique
1987 944 2155 1000 agens

581 1026 835 1072 inventus
860 1033 1006 1083 sum,
1032 1020 1077 1073 si
1103 1020 1315 1074 reddidi
1341 1021 1773 1076 retribuentibus
1794 1022 1927 1074 mihi
1972 1021 2151 1076 mala:

580 1106 722 1175 quod
764 1110 941 1178 majus
978 1118 1062 1164 est
1096 1111 1341 1167 secundo
1392 1112 1514 1166 loco
1560 1125 1779 1181 semper
1803 1118 1930 1181 post
1966 1112 2153 1167 minus

580 1199 833 1254 ordinat:
859 1202 1012 1270 atqui
1040 1217 1150 1258 non
1175 1204 1419 1273 incipere
1447 1203 1776 1273 injustitias,
1803 1202 1950 1274 quod
1974 1202 2153 1273 majus

578 1300 659 1345 est
696 1304 858 1361 quam
907 1292 1092 1361 inique
1139 1302 1364 1363 agentes
1410 1295 1719 1356 sustinere,
1753 1294 2000 1349 secundo
2032 1294 2153 1349 loco

578 1379 731 1433 dicit.

650 1469 814 1525 Vsus.
852 1469 900 1525 7.
944 1503 1009 1513 —
1036 1470 1155 1526 Non
1196 1473 1341 1543 quod
1395 1474 1511 1544 ipse
1537 1474 1830 1541 exaltatur,
1864 1490 1973 1530 non
2003 1474 2147 1529 enim

576 1562 906 1616 exultatione
934 1562 1164 1632 indiget,
1193 1565 1289 1619 sed
1321 1566 1467 1634 quod
1508 1566 1563 1619 in
1596 1572 1789 1622 nostro
1816 1566 2058 1636 cogitatu
2081 1564 2149 1621 de

576 1652 698 1721 ipso
738 1653 857 1708 idea
892 1655 1021 1709 talis
1054 1650 1232 1721 inest;
1265 1671 1389 1711 cum
1418 1657 1625 1726 aliquid
1652 1657 1896 1712 terribile
1931 1662 2147 1728 signum

578 1744 1080 1815 I'aciatzprOpterea
1109 1745 1264 1806 dicit,
1306 1744 1371 1798 In
1411 1745 1605 1814 ﬁnibus
1640 1747 1972 1801 inimicorum
2008 1762 2148 1801 meo-

2260 570 2403 624 διὲδυ
2423 571 2617 643 μέχρις
2646 573 2815 643 αὑτῆς
2836 575 2933 643 τῆς
2958 574 3137 645 ψυχῆς
3168 580 3200 647 ή
3227 579 3459 650 ταραχή.

2842 664 3135 719 ΨΔΛΜΟΣ
3171 669 3250 720 Z’.

2330 752 2476 822 Στίχ.
2505 752 2568 806 δ’.
2593 781 2658 793 --
2684 756 2757 808 El
2786 755 3043 823 ἐποίησα
3070 757 3246 811 τοῦτο
3262 757 3292 810 ὃ
3316 758 3409 812 νῦν
3434 759 3643 829 πάσχω,
3671 778 3812 817 τουτ-

2257 842 2424 906 έστιν,
2453 844 2515 896 Εἰ
2540 844 2773 914 ἠδίκησα
2793 859 2805 873 ·
2834 843 2962 899 ὅθεν
2995 844 3369 916 φανερώτερον
3397 848 3589 916 ἐπάγει
3619 849 3811 919 λέγων·

2257 931 2326 987 El
2347 934 2519 988 ἔστιν
2540 934 2738 990 ἀδικία
2755 934 2825 988 ἐν
2851 937 3023 1004 χερσί
3043 954 3185 1005 μου.
3208 938 3328 991 ἀντὶ
3354 938 3472 1000 τοῦ,
3491 939 3554 992 Εἰ
3586 939 3814 1011 εὑρημοί

2252 1038 2306 1074 τι
2339 1022 2520 1076 ἄδικον
2556 1024 2949 1094 ἐργασάμενος,
2987 1027 3035 1079 εί
3067 1026 3424 1082 ἀνταπέδωκα
3451 1032 3560 1094 τοῖς
3592 1031 3815 1088 ἀνταπο-

2252 1111 2456 1165 διδοῦσί
2483 1130 2573 1183 μοι
2598 1115 2745 1168 κακά
2766 1131 2779 1144 ·
2808 1115 2894 1168 ἀεὶ
2921 1116 2982 1168 τὸ
3016 1118 3200 1187 μεῖξον
3235 1120 3487 1194 δεύτερον
3517 1123 3700 1177 τάττει
3729 1124 3813 1178 τοῦ

2253 1203 2566 1268 ἐλάττονοςο
2607 1205 2791 1275 μεῖζον
2824 1206 3000 1262 τοίνυν
3037 1209 3095 1262 ὃν
3139 1209 3234 1264 τοῦ
3268 1211 3585 1276 ἀδικοῦντας
3623 1216 3816 1287 ὑποφέ-

2254 1312 2388 1365 ρειν,
2423 1295 2484 1349 τὸ
2518 1296 2593 1367 μὴ
2621 1295 2781 1369 ἄρξαι
2814 1297 3047 1365 ἀδικίας,
3068 1298 3317 1371 δεύτερον
3350 1301 3515 1369 λέγει.
3628 1320 3634 1325 ·

2322 1479 2468 1549 Στίχ.
2504 1477 2569 1543 ξ’.
2598 1508 2666 1519 -
2696 1479 2806 1550 Οὐχ
2830 1480 2909 1533 ὅτι
2946 1478 3104 1543 αὑτὸς
3138 1480 3365 1551 ὑψοῦται
3398 1483 3480 1550 (οὑ
3519 1481 3627 1555 γὰρ
3663 1500 3818 1556 προσ.

2249 1568 2417 1622 δεῖται
2447 1568 2747 1639 ὑψώσεως),
2778 1571 2891 1623 ἀλλ’
2911 1572 2992 1624 ὅτι
3019 1573 3076 1625 ὲν
3103 1575 3222 1636 ταῖς
3242 1573 3504 1637 διανοίαις
3529 1575 3684 1645 ήμῶν
3708 1594 3815 1629 τοι·

2249 1661 2388 1732 αύτη
2419 1661 2690 1730 ἐγγίνεται
2718 1662 2893 1715 ἔννοια
2918 1662 3046 1733 περὶ
3080 1662 3266 1729 αὑτοῦ,
3295 1664 3512 1718 ἐπειδάν
3541 1681 3591 1718 τι
3622 1669 3815 1740 ποιήσῃ

2251 1752 2478 1824 φοϐερὸν
2509 1755 2732 1823 σημεῖον
2751 1769 2765 1783 ⁸
2798 1753 2887 1806 διὰ
2913 1752 3071 1805 τοῦτο
3108 1754 3277 1823 λέγει,
3322 1755 3420 1808 Ἐν
3452 1755 3576 1821 τοῖς
3600 1757 3814 1825 πέρασι

575 1849 726 1897 rum;
755 1836 857 1888 hoc
886 1843 990 1900 est,
1019 1836 1230 1891 ultione
1262 1847 1354 1890 tua
1394 1852 1589 1893 omnes
1623 1838 1879 1893 inimicos
1910 1837 2144 1892 circum-

2247 1842 2364 1896 τῶν
2404 1842 2632 1912 ἐχθρῶν
2681 1860 2820 1912 μου,
2873 1844 3137 1907 τουτέστι,
3175 1838 3388 1907 Πάντας
3413 1846 3721 1915 περιλαϐὼν
3750 1851 3813 1919 τῇ

573 1923 729 1988 dans,
750 1936 931 1979 notam
947 1924 1030 1980 fac
1047 1927 1476 1997 magnitudinem
1496 1938 1643 1983 tuam
1661 1936 1715 1982 et
1735 1927 2138 1982 fortitudinem:

574 2014 699 2070 inde
719 2018 864 2071 enim
885 2018 1119 2074 maxime
1139 2020 1541 2083 celebrabatur,
1581 2019 1635 2072 in
1660 2034 1850 2073 omnes
1884 2021 2146 2075 ultionem

570 2106 899 2173 exercendo.

646 2196 810 2254 Vens.
844 2198 899 2254 8.
931 2228 1002 2238 —
1033 2200 1168 2255 Cum
1218 2200 1273 2255 in
1316 2200 1558 2269 seipsum
1603 2205 1850 2269 tempore
1885 2198 2145 2255 Absalom

571 2288 807 2343 divisum
826 2298 969 2345 esset
987 2305 1233 2361 regnum,
1261 2291 1381 2369 aliis
1406 2288 1618 2356 Davidi,
1636 2279 1759 2345 aliis
1775 2290 2144 2345 Absalomad-

574 2380 927 2446 haerentibus,
978 2390 1376 2453 consequenter
1412 2383 1569 2448 dixit,
1616 2381 2033 2453 lnsurgentibus
2090 2384 2145 2437 in

574 2488 659 2525 me
702 2470 911 2542 judicia
969 2476 1360 2529 exercentibus
1414 2474 1716 2529 secundum
1775 2482 1930 2527 tuum
1988 2487 2144 2527 nian-

571 2563 799 2629 datum;
830 2578 1050 2618 rursum
1085 2574 1270 2619 autem
1302 2564 1789 2635 congregabantur
1820 2564 2052 2635 (populi)
2088 2563 2143 2617 in

574 2670 765 2721 unum,
806 2655 1020 2712 debitas
1053 2658 1153 2711 tibi
1179 2655 1469 2713 reddentes
1509 2656 1716 2728 gratias
1744 2672 1758 2711 :
1787 2664 2009 2728 propter
2040 2658 2146 2714 hoc

570 2744 718 2799 enim
742 2746 997 2802 excelsus
1020 2746 1315 2802 videberis.

646 2926 811 2983 Vens.
845 2927 899 2983 9.
923 2956 997 2971 --
1025 2926 1136 2982 Nec
1162 2928 1508 2983 innocentem
1531 2940 1632 2985 uec
1659 2928 1871 2998 justum
1900 2944 1960 2985 se
1988 2929 2143 2997 dicit,

573 3020 667 3073 sed
686 3019 819 3073 nihil
841 3020 968 3072 mali
997 3020 1179 3089 egisse
1204 3037 1216 3072 :
1248 3034 1414 3088 porro
1435 3019 1920 3089 quemadmodum,
1942 3020 2144 3090 inquit,

2248 1934 2487 2005 τιμωρίᾳ
2528 1936 2649 1997 τοὺς
2693 1932 2939 2004 ἐχθροὺς,
2973 1933 3246 2005 γνώριμον
3276 1933 3478 1988 ἆπασιν
3509 1937 3570 1988 τὸ
3618 1937 3815 2007 ὑψηλόν

2249 2039 2343 2076 σου
2374 2024 2466 2077 καὶ
2490 2022 2550 2076 τὸ
2573 2024 2790 2094 ἰσχυρόν
2813 2039 2826 2053 ·
2878 2022 3036 2076 τοῦτο
3068 2023 3177 2094 γὰρ
3224 2023 3457 2093 μάλιστα
3496 2025 3817 2094 ὲγνωρεζετο

2247 2116 2312 2166 ὲκ
2341 2113 2433 2165 τοῦ
2459 2113 2665 2173 πάντας
2698 2113 3095 2185 τιμωρηθῆναι.

2317 2206 2463 2275 Στίχ.
2485 2213 2555 2275 η’.
2584 2235 2657 2246 --
2684 2205 2904 2275 Ἐπειδὴ
2949 2203 3175 2276 διῃρέθη
3208 2204 3343 2274 πρὸς
3373 2204 3572 2275 ἑαυτὴν
3602 2204 3695 2258 ἐπὶ
3723 2206 3816 2261 τοῦ

2258 2292 2608 2365 ’Λσεσσαλὼμ
2635 2296 2668 2365 ή
2693 2292 2954 2363 βασιλεία,
2978 2292 3087 2344 τῶν
3112 2291 3208 2361 μὲν
3233 2289 3503 2361 τῷΔαυῖδ,
3525 2290 3633 2343 τῶν
3658 2291 3712 2343 δὲ
3741 2290 3818 2361 τῷ

2259 2384 2608 2455 ’Δδεσσαλὼμ
2629 2382 3058 2455 προσκειμένων,
3076 2380 3385 2445 ἀκολούθως
3409 2377 3580 2446 εἶπεν,
3597 2382 3678 2434 ὅτι
3700 2380 3818 2434 Τῶν

2246 2476 2661 2531 ἐπαναστάντων
2690 2492 2778 2545 μοι
2818 2474 2972 2544 δίκην
3002 2472 3314 2528 δεδωιότων
3342 2473 3484 2526 κατὰ
3504 2473 3565 2526 τὸ
3587 2473 3819 2544 πρόστα-

2245 2585 2361 2640 γμα
2401 2568 2462 2621 τὸ
2501 2567 2613 2634 σὺν,
2645 2566 2830 2621 ἅπασα
2862 2566 2961 2636 μὲν
2994 2560 3063 2636 ἦν
3096 2564 3190 2620 νῦν
3222 2565 3333 2627 τοῖς
3368 2564 3516 2628 λαοῖς
3556 2566 3814 2618 ὲνουσα...

2248 2661 2604 2732 παυθήσεται,
2630 2658 3051 2729 συναχθήσονται
3081 2656 3139 2709 δὲ
3167 2655 3327 2710 πάλιν
3353 2658 3434 2720 είς
3464 2656 3543 2721 ἓν,
3569 2657 3667 2720 τὰς
3688 2654 3819 2710 καθ-

2244 2754 2486 2826 ηκούσας
2513 2770 2594 2806 σοι
2630 2751 2978 2823 εὐχαριστίας
3009 2749 3345 2813 ἀποδιδόντες
3369 2766 3383 2780 '
3411 2750 3500 2805 διὰ
3529 2751 3635 2822 γὰρ
3664 2751 3818 2805 τοῦτο

2248 2845 2449 2915 ὑψηλὸς
2475 2842 2755 2914 δειχθήσῃ.

2318 2935 2461 3005 Στίχ.
2492 2934 2554 2987 θ’.
2590 2962 2659 2973 —-
2696 2934 2955 2986 Ἀκακίαν
2984 2931 3043 2985 δὲ
3066 2930 3190 2985 οὔτε
3221 2930 3321 3003 τὴν
3351 2930 3649 3003 ἁπλότητα,
3683 2931 3819 2987 ἀλλά

2243 3025 2306 3078 τὸ
2333 3024 2497 3095 μηδὲν
2518 3023 2853 3094 ἐργάσασθαι
2874 3022 3042 3076 κακὸν
3062 3022 3231 3091 λέγει.
3256 3022 3467 3093 Ὠσπερ
3497 3022 3696 3087 τοίνυν,
3714 3041 3818 3093 φη-

574 3110 714 3164 male
744 3125 867 3163 cum
898 3110 1008 3164 illis
1039 3123 1147 3162 non
1178 3109 1263 3179 egi
1290 3151 1303 3176 ,
1343 3109 1545 3163 malum
1588 3124 1722 3164 vero
1761 3125 1908 3163 nunc
1940 3109 2007 3163 ab
2036 3109 2144 3163 illis

2248 3112 2488 3181 σὶν,ὲγὼ
2536 3113 2720 3178 κακῶς
2766 3113 2863 3181 μὲν
2908 3113 3105 3175 αὑτοὺς
3132 3112 3193 3165 οὐ
3239 3112 3484 3182 διέθηκα,
3516 3114 3709 3183 πάσχω
3758 3114 3817 3167 δὲ

575 3204 771 3272 patior,
809 3201 881 3255 ita
914 3217 998 3257 me
1025 3200 1210 3270 judica
1244 3204 1593 3257 innocentem
1616 3240 1630 3265 ,
1661 3201 1833 3272 gratis
1867 3216 1967 3256 nec
1994 3200 2143 3270 juste

2251 3202 2346 3256 νῦν
2362 3203 2451 3256 ὑπ’
2479 3203 2703 3257 ἐκείνων
2729 3201 2914 3264 κακῶς
2932 3218 2946 3233 ο
2979 3200 3121 3255 οὓτω
3156 3219 3245 3272 μοι
3272 3204 3455 3273 κρῖνον
3483 3202 3819 3274 ἀδικουμένῳ

576 3293 894 3361 patientem.

646 3384 813 3441 Vens.
849 3384 935 3440 10.
967 3413 1036 3426 -
1069 3382 1218 3441 Loco
1247 3392 1597 3448 consumetur,
1628 3382 1932 3454 perﬁcietur
1963 3382 2145 3452 posuit

466 3498 471 3501 ·
581 3476 961 3549 Symmachus.
990 3476 1117 3532 Sive
1145 3477 1358 3531 vanitas
1377 3476 1495 3531 sive
1519 3476 1723 3529 malum
1744 3474 1883 3529 male
1901 3474 2147 3530 viventes

573 3577 809 3635 maneat,
847 3568 1082 3624 studiosi
1114 3569 1643 3633 virtutis-cultores,
1675 3566 1875 3636 inquit,
1910 3566 2017 3621 sibi
2051 3567 2146 3622 bo-

572 3675 703 3715 num
732 3660 939 3714 exitum
970 3660 1266 3729 parabunt.

644 3844 808 3896 Vens.
847 3841 931 3896 l7.
966 3872 1032 3883 —-
1066 3837 1193 3895 Haec
1223 3838 1355 3893 mihi
1388 3847 1578 3907 aperte
1605 3846 1768 3907 atque
1792 3837 1861 3893 de
1884 3837 2053 3893 verbo
2077 3838 2148 3894 ad

574 3934 794 3988 verbum
817 3931 871 3987 in
897 3930 1218 4000 Achitophcl
1249 3928 1467 3998 impleta
1484 3942 1604 3983 esse
1627 3928 1900 3983 videntur.
1933 3928 2144 3984 Etenim

569 4041 693 4081 cum
726 4024 927 4080 (Jlnusai
969 4024 1201 4079 consilio
1230 4038 1261 4078 e
1293 4036 1462 4091 scopo
1495 4035 1596 4077 suo
1627 4020 1876 4092 dejectus
1919 4020 2138 4085 fuisset,

570 4117 651 4170 vir
690 4117 833 4171 inter
878 4131 1070 4171 omnes
1114 4112 1453 4184 praeclarus,
1500 4112 1762 4168 invndiam
1812 4127 1921 4167 non
1967 4113 2144 4183 potuit

569 4209 872 4272 sustinere,
926 4204 1096 4260 futuri
1127 4203 1457 4273 praevidendi
1492 4206 1736 4274 peritus,
1762 4202 2146 4275 ‘Absalbmque

569 4299 784 4369 prodita
817 4313 942 4353 esse
989 4296 1227 4368 negotia,
1262 4311 1434 4366 seque
1482 4312 1761 4368 nunquam
1812 4312 1844 4353 e
1885 4298 2143 4353 manibus

568 4391 791 4446 Davidis
821 4388 1166 4443 liberandum
1198 4402 1321 4444 esse
1354 4389 1720 4460 prospiciens,
1759 4389 1814 4444 in
1848 4387 2014 4445 domo
2040 4403 2142 4444 sua

568 4481 864 4554 suspendio
896 4480 1137 4550 seipsum
1169 4479 1361 4548 tradit,
1395 4496 1460 4536 ac
1491 4480 1678 4536 omnia
1707 4495 1831 4551 qua:
1861 4481 1979 4537 suis
2005 4492 2141 4535 con-

567 4576 706 4631 siliis
763 4579 1063 4645 genuerat,
1116 4571 1381 4643 colligens
1432 4586 1497 4627 ac
1554 4556 1897 4642 congregans
1947 4572 2139 4626 eadem

566 4669 835 4737 pravitate
884 4679 989 4735 qua
1028 4672 1221 4719 contra
1253 4663 1529 4730 Davidem,
1563 4664 1617 4717 in
1654 4662 1875 4732 propria
1899 4661 2139 4731 pernicie

568 4757 877 4828 parturivit.
910 4754 1345 4825 Profundiorem,
1373 4752 1576 4824 inquit,
1609 4753 1785 4806 lacum
1814 4753 2042 4821 aperuit,
2070 4767 2136 4805 ex

568 4849 883 4918 metaphora
932 4846 1121 4900 dolum
1171 4842 1605 4913 alitudinemque
1659 4843 1878 4898 consilii
1922 4842 2136 4912 signiﬁ-

566 4955 718 4997 cans.

637 5123 805 5180 Vens.
842 5123 928 5177 18.
962 5148 1030 5161 -—
1062 5118 1175 5190 Ego
1212 5122 1396 5171 autem
1443 5117 1607 5173 talem
1652 5131 1684 5172 a
1732 5115 1844 5173 Deo
1876 5127 2138 5189 expertus

566 5213 990 5283 providentiam,
1012 5210 1118 5264 hoc
1139 5205 1466 5263 beneficium
1498 5208 1554 5261 in
1581 5214 1848 5263 aeternum
1877 5211 2135 5279 cantabo,

565 5313 620 5360 et
644 5303 883 5362 narrabo
909 5298 1183 5371 justitiam
1209 5295 1546 5366 iudiciorum
1578 5297 1722 5367 ejus.

1101 5384 1427 5443 PSALMUS
1458 5386 1591 5443 Vlll.

635 5482 806 5538 Vsus.
834 5481 888 5536 5.
922 5508 991 5523 -
1014 5479 1076 5534 ln
1106 5478 1211 5536 hoc
1242 5493 1463 5549 quoque
1488 5477 1778 5534 Christum
1816 5479 1980 5536 nobis
2008 5495 2131 5550 pro-

567 5576 755 5644 phetat
780 5575 970 5629 beatus
995 5570 1184 5626 David.
1210 5570 1287 5626 Ex
1315 5571 1677 5641 inspiratione
1700 5569 1967 5641 Spiritus,
1999 5586 2140 5642 quo:

568 5666 730 5722 modo
779 5677 903 5721 eum
947 5663 1218 5719 laudaturi
1260 5663 1373 5719 sint
1418 5663 1474 5729 in
1513 5663 1718 5733 templo
1749 5661 2009 5725 infantes,
2055 5662 2138 5715 la-

566 5765 776 5815 ctentes
791 5755 1083 5827 czeterique
1104 5756 1335 5827 parvuli,
1357 5754 1614 5825 praedicat
1642 5773 1655 5809 :
1681 5753 1899 5824 quidam
1923 5754 2136 5817 dicunt,

2253 3294 2451 3365 μάτην,
2483 3295 2575 3348 καὶ
2601 3294 2674 3365 μὴ
2704 3294 2927 3357 δικαίως
2955 3293 3235 3364 πάσχοντι.

2319 3385 2466 3456 Στίχ.
2488 3390 2538 3440 ι’.
2561 3383 2789 3437 -Ἃντὶ
2820 3384 2914 3436 τοῦ
2949 3382 3429 3451 συντελεσθήτω,
3452 3384 3820 3451 ἀπαρτισθῆ-

2246 3494 2325 3530 τω
2364 3478 2393 3530 ὀ
2436 3476 2727 3547 Σύμμαχος
2760 3474 3001 3527 τέθεικεν
3020 3490 3033 3503 ·
3068 3473 3217 3545 Ἢ[ν]
3246 3475 3467 3545 ματαία,
3494 3478 3676 3546 φησὶν,
3706 3476 3818 3530 δει-

2248 3565 2399 3636 χθείη
2424 3564 2531 3617 τῶν
2567 3563 2732 3635 κακίᾳ
2758 3562 3042 3628 συζώντων
3070 3565 3103 3635 ή
3138 3565 3390 3636 πονηρία,
3417 3565 3818 3638 σπουδαιότεροι

2246 3655 2342 3730 [οἱ]
2385 3655 2482 3726 τῆς
2531 3654 2733 3727 ἀρετῆς
2775 3654 3028 3725 τρόφιμοι
3081 3653 3179 3724 τὴν
3229 3655 3594 3726 προκειμένην
3639 3657 3819 3722 αὑτοῖς

2246 3747 2469 3819 πορείαν
2494 3748 2826 3817 ποιήσονται.

2317 3836 2466 3905 Στίχ.
2505 3833 2590 3897 ιζ’.
2628 3861 2690 3873 --
2723 3832 2909 3888 Ταῦτά
2965 3850 3057 3905 μοι
3107 3832 3256 3887 δοκεῖ
3315 3833 3494 3906 ῥητῶς
3535 3836 3630 3889 καὶ
3676 3837 3823 3892 κατά

2244 3927 2388 3993 λέξιν
2427 3923 2818 3996 πεπληρῶσθαι
2851 3925 2945 3978 ἐπὶ
2966 3923 3058 3977 τοῦ
3095 3924 3394 3995 Ἀχιτόφελ.
3421 3926 3577 3982 Κατὰ
3590 3926 3697 3998 γάρ
3719 3927 3821 3997 τὴν

2244 4018 2337 4071 τοῦ
2372 4017 2539 4069 Χουσὶ
2564 4015 2889 4086 συμϐουλίαν
2917 4015 3165 4070 ἐκπεσὼν
3193 4017 3353 4081 αὐτὸς
3378 4017 3472 4071 τοῦ
3501 4017 3724 4082 σκοποῦ,
3743 4018 3822 4081 ὡς

2224 4107 2313 4161 ’ἂν
2340 4106 2856 4179 παρευδοκιμηθεὶς,
2878 4108 2974 4161 καὶ
2999 4107 3073 4178 μὴ
3090 4101 3267 4172 οἷόςτε
3291 4107 3476 4179 φέρειν
3493 4108 3584 4162 τὸν
3602 4108 3819 4178 φθόνον,

2244 4199 2341 4254 καὶ
2375 4197 2642 4270 προορῶν,
2663 4200 2758 4253 ἆτε
2778 4198 2948 4264 δεινὸς
2968 4198 3045 4255 ὢν
3078 4199 3576 4271 καταστοχάζεσθαι
3601 4200 3661 4254 τὸ
3692 4199 3825 4271 μέλ-

2245 4292 2356 4357 λον,
2386 4292 2458 4354 ὼς
2484 4289 2799 4361 προδέδοται
2852 4291 2921 4345 τὰ
2961 4289 3056 4344 τοῦ
3097 4290 3452 4362 ’Δδεσσαλὼμ
3484 4292 3819 4362 πράγματα,

2249 4383 2431 4454 μέλλει
2451 4398 2509 4437 τε
2534 4382 2657 4435 ὅσον
2690 4383 2783 4437 καὶ
2822 4383 2982 4446 αὐτὸς
3011 4381 3165 4437 οΰπω
3205 4383 3310 4437 ὑπὸ
3333 4381 3428 4437 τοῦ
3457 4382 3617 4438 Δαυῒδ
3639 4382 3822 4437 ἀπαλ-

2245 4474 2555 4541 λάττεσθαι,
2584 4475 2874 4546 γενόμενος
2902 4477 2961 4528 ὲν
2979 4476 3043 4544 τῇ
3071 4473 3249 4544 οἰκεία
3274 4473 3440 4526 αὑτοῦ
3467 4473 3672 4545 ἀγχόνῃ
3687 4474 3822 4526 ἑαυ-

2246 4565 2337 4619 τὸν
2375 4568 2760 4637 παραδίδωσιν,
2797 4568 2892 4621 καὶ
2929 4568 3108 4621 πάντα
3160 4567 3260 4619 ὅσα
3300 4567 3413 4628 τοῖς
3446 4565 3643 4618 ἑαυτοῦ
3678 4565 3828 4631 λογι-

2246 4661 2702 4732 σμοῖςιὼδίνησεν,
2728 4660 2974 4727 συνάγων
2997 4659 3090 4713 καὶ
3109 4657 3498 4728 συλλαμϐάνων
3526 4660 3582 4712 ἐν
3605 4659 3672 4727 τῇ
3700 4657 3831 4709 ἑαυο

2244 4754 2337 4806 τοῦ
2371 4753 2625 4825 πονηρίᾳ,
2656 4751 2845 4824 ὥσπερ
2881 4750 3018 4821 μετά
3050 4750 3315 4820 πονηρίας
3344 4747 3486 4803 κατά
3514 4746 3607 4829 τοῦ
3633 4745 3820 4811 Δαυῒδ,

2244 4841 2416 4896 ταῦτα
2430 4843 2518 4896 ὑπ’
2563 4839 2769 4913 ὀλέθρῳ
2789 4839 2866 4911 τῷ
2912 4839 3103 4894 ἑαυτοῦ
3138 4838 3423 4893 ἀπέτεκεν.
3453 4834 3824 4903 Βαθυτέραν,

2246 4932 2430 5002 φησιν,
2476 4928 2798 4999 εἰργάσατο
2826 4928 2941 4998 τὴν
2959 4927 3307 4996 ἐπιϐουλὴν,
3334 4929 3399 4981 ὲκ
3421 4927 3734 4999 μεταφορᾶς
3754 4925 3826 4978 τὸ

2242 5026 2452 5096 δολερὸν
2491 5026 2584 5078 καὶ
2608 5024 2743 5095 βαθὺ
2768 5024 2869 5096 τῆς
2900 5023 3094 5094 βουλῆς
3111 5022 3495 5093 παραστήσας.
3518 5088 3523 5099 ἢ

2312 5116 2460 5187 Στίχ.
2490 5122 2577 5186 ιη’.
2602 5145 2672 5156 ——-
2704 5115 2845 5183 Ἐγὼ
2863 5115 2921 5169 δὲ
2944 5113 3212 5184 τοσαύτης
3238 5114 3388 5184 παρὰ
3406 5111 3495 5165 τοῦ
3522 5109 3656 5165 Θεοῦ
3676 5127 3826 5183 προσ

2240 5207 2387 5272 νοίας
2442 5206 2641 5278 τυχὼν,
2694 5208 2923 5278 ὑμνήσω
2950 5205 3040 5259 τὸν
3070 5204 3360 5276 εὐεργέτην
3390 5201 3674 5274 διηνεκῶς,
3713 5201 3826 5272 τῆς

2241 5298 2471 5368 κρίσεως
2496 5296 2556 5349 τὺ
2582 5296 2787 5350 δίκαιον
2818 5293 3193 5365 διηγούμενος.
3510 5339 3549 5356 ,,

2831 5385 3126 5440 ΨΑΛΜΟΣ
3160 5384 3206 5438 Η
3226 5426 3241 5437 .

2313 5478 2460 5550 Στίχ.
2480 5485 2620 5547 γ’.--
2633 5477 2745 5531 Καὶ
2772 5479 2829 5531 ὲν
2854 5476 3029 5547 τούτῳ
3064 5477 3133 5530 τὰ
3162 5476 3300 5529 κατά
3315 5477 3405 5530 τὸν
3426 5477 3663 5546 Χριστὸν
3685 5476 3835 5548 ἡμῖν

2244 5571 2574 5644 προφητεύει
2590 5574 2617 5625 ὁ
2640 5571 2907 5642 μακάριος
2931 5569 3121 5622 Δαυῖδο
3147 5571 3527 5641 προαναφωνετ
3554 5563 3833 5641 ὲκ[τ]ή[ς]

2242 5663 2337 5716 τοῦ
2356 5663 2665 5734 Πνεύματος
2692 5661 2937 5733 ἐνεργεία
2947 5659 3041 5733 [ς],
3067 5661 3142 5724 ὡς
3160 5660 3225 5713 ἂν
3251 5660 3563 5732 ὑμνήσωσιν
3584 5659 3745 5714 αὑτὸν
3762 5659 3837 5710 ἐν

2245 5750 2322 5823 τῷ
2354 5751 2481 5824 ἱερῷ
2503 5753 2551 5804 οἱ
2583 5753 2789 5815 παῖδες,
2821 5752 2875 5804 οἴ
2908 5768 2967 5804 τε
2993 5748 3088 5823 [οἱ]
3121 5750 3412 5820 ὑπομάςιοι
3441 5751 3535 5804 καὶ
3565 5751 3615 5803 οἱ
3642 5749 3835 5822 ἕτεροι
