4162 6466
368 363 478 427 553
1313 337 1352 367 '
1593 343 1972 412 Exposmo
2010 353 2080 409 IN
2119 353 2460 411 PSALMOS.
3573 361 3679 419 δεῖ,

366 492 549 564 νήπιοι
574 504 587 517 ·
631 477 766 558 φασὶ
789 483 847 539 δέ
868 497 1013 546 τινες
1042 481 1137 536 καὶ
1165 481 1246 545 είς
1272 479 1366 533 τὸν
1394 480 1572 534 κοινὸν
1594 479 1849 552 είρῆσθαι
1873 478 1969 534 ἀν·

2079 484 2129 533 et
2160 478 2277 533 hac
2316 488 2405 534 est
2440 477 2720 534 sententia
2750 481 3087 546 communis,
3124 481 3410 538 hominem
3440 483 3681 539 interro.

365 583 394 635 0
400 594 586 653 ρωπον
603 578 661 631 ὲν
676 579 742 648 τῇ
763 575 872 629 τῶν
889 572 1286 647 Σκηνοπηγίων
1304 573 1467 646 ἑορτῇ
1483 569 1673 627 τοῦτον
1698 568 1973 644 [λελέχθη]

2079 581 2268 644 gutum
2318 570 2494 628 fuisse
2545 572 2600 626 in
2638 570 2994 645 Scenopegia:
3026 574 3191 640 festo,
3223 574 3375 632 hunc
3398 577 3675 648 psalmum

363 675 465 729 τὸν
488 670 706 743 ψαλμὸν
765 669 873 723 ὑπὸ
921 667 1018 722 τοῦ
1057 667 1330 740 μακαρίου
1376 665 1558 729 Δαυῒδ,
1595 664 1719 719 καθ’
1745 664 1775 717 ὃ
1798 665 1832 735 ή
1865 661 1974 716 τῶν

366 763 600 838 καρπῶν
630 760 938 833 συγκομιδὴ
970 759 1182 830 γίνεται
1206 776 1218 789 ·
1243 760 1340 813 καὶ
1362 757 1450 812 διὰ
1482 755 1644 811 τοῦτο
1673 754 1973 827 ἐπιγέγρα-

366 875 523 925 πται,
549 856 719 924 Παρά
761 854 884 909 τῶν
917 851 1151 923 ληνῶν.

959 965 1258 1025 ΨΑΛΜΟΣ
1295 964 1376 1020 8'.

436 1082 589 1153 Στίχ.
615 1080 682 1151 βξ,
710 1078 958 1134 -Μετά
985 1078 1097 1150 γὰρ
1135 1077 1235 1149 τὴν
1271 1077 1526 1149 διήγησιν
1557 1075 1666 1130 τῶν
1701 1074 1810 1129 σῶν
1845 1073 1977 1128 θαυο

367 1172 607 1246 μασίων,
645 1172 947 1244 προσέσται
979 1187 1072 1243 μοι
1104 1169 1286 1224 καὶτὸ
1319 1166 1711 1247 εὐφραίνεσθαι
1746 1167 1840 1220 ἐπὶ
1870 1166 1975 1233 σοὶ,

365 1264 922 1339 ἀναμιμνησκομένῳ
949 1264 1053 1336 τῆς
1083 1266 1183 1337 σῆς
1204 1262 1547 1337 εὐεργεσίας.

443 1360 599 1432 Στίχ.
634 1362 697 1412 ε’.
726 1388 799 1405 -ρ
850 1356 1448 1433 Σύμμαχος,Ἔδρασε
1472 1354 1669 1424 κρίσει
1699 1352 1810 1406 τὸν
1840 1352 1976 1420 θρό-

365 1450 718 1517 νον-αὐτοῦ,
765 1450 1054 1515 τουτέστι,
1113 1447 1349 1503 Βεόαίαν
1395 1447 1496 1519 τήν
1538 1446 1723 1518 κρίσιν
1772 1443 1978 1514 ταύτην

367 1526 701 1616 ἐποιήσατο,
740 1543 839 1597 καὶ
896 1540 1204 1614 μεταϐολὴν
1264 1540 1334 1595 τὰ
1368 1539 1461 1593 ὑπ’
1518 1537 1685 1593 αὐτοῦ
1722 1537 1979 1611 κριθέντα

365 1639 472 1694 οὐκ
514 1637 829 1707 ἐπιδέχεται
870 1635 973 1706 (1).
1417 1681 1429 1688 ,

440 1727 591 1798 Στίχ.
624 1733 678 1781 ι’.
717 1756 789 1795 -τ-
824 1725 971 1780 Ἀντὶ
999 1724 1118 1790 τοῦ,
1150 1726 1260 1779 Καὶ
1312 1724 1603 1794 γενήσεται
1646 1723 1940 1793 καταφυγή
1960 1738 1976 1755 ·

2084 680 2115 719 a
2146 664 2354 722 Davide
2387 663 2566 721 fuisse
2602 666 2977 736 compositum
3007 682 3110 738 pro
3137 676 3388 740 tempore
3421 685 3533 740 quo
3556 671 3679 726 fru-

2081 768 2271 817 ctuum
2322 759 2380 814 tit
2409 759 2669 816 collectio
2701 780 2713 816 :
2750 760 2875 816 ideo
2916 759 3025 815 Pro
3080 762 3437 819 torcularibus
3475 764 3680 822 inscri-

2080 850 2249 906 bitur.

2606 956 2619 967 ⁴
2651 962 2977 1021 PSALMUS
3007 964 3101 1020 IX.

2157 1071 2322 1129 Vens.
2350 1073 2406 1128 2.
2441 1054 2511 1114 -4
2535 1074 2751 1131 Etenim
2785 1082 2912 1146 post
2934 1074 3313 1137 narrationem
3341 1077 3679 1134 mirabilium

2083 1170 2346 1231 tuorum,
2395 1167 2532 1223 mihi
2583 1167 2984 1225 beneticiorum
3036 1177 3260 1225 tuorum
3300 1170 3681 1227 reminiscenti

2042 1310 2047 1321 ,
2082 1260 2255 1315 laetari
2290 1274 2513 1332 quoque
2551 1270 2833 1331 superest.

2110 1406 2113 1409 ,
2165 1353 2329 1411 Vens.
2361 1355 2489 1411 5.-
2512 1354 2885 1429 Symmachus
2907 1354 3124 1413 Iudicio
3144 1358 3408 1416 stabilivit
3432 1357 3682 1414 thronum

2082 1447 2220 1518 ejus,
2253 1448 2307 1504 id
2342 1457 2451 1511 est,
2481 1448 2736 1505 Firmum
2775 1450 2882 1507 hoc
2909 1451 3185 1522 judicium
3220 1450 3385 1515 fecit,
3416 1452 3681 1507 mutatio-

2082 1556 2321 1613 nemque
2347 1542 2558 1613 judicia
2591 1543 2744 1601 illius
2767 1559 2884 1601 non
2917 1555 3145 1602 norunt.

2156 1718 2324 1783 Vens.
2359 1722 2447 1777 10.
2488 1722 2742 1791 —_Loco
2768 1726 2871 1809 {ﬁet
2902 1726 3163 1805 refugium
3184 1767 3200 1794 ,
3232 1727 3340 1784 hoc
3381 1727 3529 1785 enim
3561 1729 3683 1784 vult

372 1821 528 1876 τοῦτο
554 1819 667 1892 γὰρ
696 1822 731 1888 ή
783 1817 1077 1873 ἀκολουθία
1132 1816 1420 1888 βούλεται·
1470 1816 1800 1888 ὲνήλλακται
1838 1815 1897 1869 δὲ
1950 1817 1976 1868 ὁ

2083 1823 2402 1880 contextus,
2435 1825 2655 1888 tempus
2688 1826 2959 1905 mutatum
2988 1817 3508 1895 est.‘0pportunum
3535 1821 3681 1877 enim

369 1914 584 1985 χρόνος.
614 1910 891 1984 Εὔκαιρος
939 1910 1049 1983 γὰρ
1078 1912 1111 1982 ή
1143 1909 1388 1982 βοήθεια,
1423 1910 1569 1964 κατὰ
1605 1908 1697 1962 τὸν
1726 1908 1830 1978 τῆς
1865 1907 1977 1960 θλί-

361 2008 515 2079 ψεως
553 2005 817 2077 γινομένη
845 2004 1057 2076 καιρόν.

439 2099 595 2169 Στίχ.
628 2096 690 2152 ιδ’
696 2140 711 2154 .
740 2127 809 2138 —
841 2096 1138 2153 Κάνταῦθα
1198 2093 1361 2165 πάλιν
1414 2086 1704 2167 ὑπαλλαγὴ
1755 2094 1974 2167 χρόνου,

363 2190 494 2247 ἀντὶ
520 2190 618 2244 τοῦ
650 2189 916 2261 Ἦλέησεν
937 2191 1066 2261 γάρ,
1110 2188 1421 2257 Ἐλέησον,
1448 2187 1615 2259 φησίν
1635 2204 1649 2218 ·
1680 2186 1854 2251 οὕτως
1882 2188 1977 2240 καὶ

378 2280 616 2346 Ἀκύλας
648 2280 833 2351 φησίν·
872 2278 1252 2348 Ἑδωρήσατὸ
1283 2296 1406 2349 μοι·
1443 2279 1663 2346 Κύριος
1682 2273 1844 2332 εἶδεν
1874 2294 1970 2332 κα-

365 2374 631 2444 κουχίαν
652 2389 807 2443 μου·
838 2370 999 2425 τοῦτο
1021 2371 1079 2425 δὲ
1110 2371 1259 2442 καὶὴ
1298 2369 1588 2424 ἀκολουθία
1627 2370 1975 2443 βούλεται.-

366 2465 571 2533 Τοῦτο,
600 2466 790 2538 φησὶν,
823 2465 942 2519 ἐστὶ
977 2463 1040 2518 τὸ
1062 2463 1216 2527 τέλος
1240 2462 1348 2518 τῶν
1374 2462 1619 2533 ἀγαθῶν,
1659 2465 1693 2535 ή
1725 2463 1827 2534 τῆς
1853 2464 1977 2533 φθο-

366 2561 472 2633 ρᾶς
501 2557 816 2631 ἀπαλλαγὴ,
840 2557 937 2612 καὶ
977 2555 1075 2611 τοῦ
1108 2555 1344 2611 θανάτου
1386 2555 1706 2625 κατάλυσις,
1736 2550 1806 2628 ἦς
1840 2556 1976 2609 ἀπο-

362 2652 590 2717 λύοντες
616 2654 698 2715 ei;
720 2650 810 2706 ἀεὶ
832 2649 932 2715 τὰς
954 2647 1057 2715 σὰς
1081 2647 1401 2722 εὐεργεσίας
1435 2642 1796 2720 ὑμνήσοωμεν.

440 2742 595 2813 Στίχ.
653 2746 738 2797 ιε’.
772 2771 845 2781 -
869 2739 1081 2806 Πύλας
1104 2738 1369 2793 θανάτου
1413 2736 1508 2801 τὸν
1539 2726 1788 2809 κίνδῦνον
1819 2731 2003 2793 κο.λεῖ

363 2834 460 2890 τὸν
476 2833 684 2904 ἄγοντα
714 2832 810 2887 ἐπὶ
834 2831 929 2886 τὸν
951 2830 1203 2886 θάνατον.
1226 2827 1479 2897 -ὝΣιὼν
1503 2828 1661 2882 καλεῖ
1686 2828 1788 2900 τὴν
1812 2829 1977 2885 ἐπου-

368 2929 556 3002 ράνιον
595 2926 775 2994 πόλιν,
799 2923 875 2990 ὡς
903 2925 932 2979 ὀ
946 2923 1224 2995 μακάριος
1255 2920 1468 2986 Παῦλος
1498 2920 1738 2990 ἐδίδαξεν
1756 2938 1770 2952 ο
1798 2921 1977 2987 πύλας

367 3019 430 3074 δὲ
458 3019 671 3095 ἐκείνης
698 3018 797 3082 τὰς
834 3014 1150 3086 ἁπανταχοῦ
1185 3015 1289 3085 γῆς
1321 3011 1674 3084 Ἐκκλησίας,
1704 3014 1773 3068 δι’
1788 3006 1864 3069 ὧν
1895 3015 1976 3078 είς

364 3106 588 3179 ἐκείνην
635 3105 872 3167 εἰσίασιν
928 3105 980 3158 οἱ
1036 3102 1409 3168 πιστεύοντες.
1448 3103 1714 3159 Ἐνταῦθα
1767 3105 1973 3170 τοίνυν,

363 3202 557 3272 φησιν,
590 3198 1080 3268 ἀγαλλόμενοικαὶ
1110 3196 1434 3269 χορεύοντες
1456 3197 1551 3252 ἐπὶ
1595 3199 1719 3263 ταῖς
1758 3198 1975 3253 ἐλπίσιν
2001 3181 2050 3245 c

360 3295 467 3366 τῆς
496 3294 869 3358 ἀναστάσεως,
890 3292 982 3346 τὸν
1006 3291 1213 3373 τούτων
1244 3290 1507 3364 πρόξενον
1547 3292 1972 3365 ἀνυμνήσωμεν·

364 3386 463 3441 καὶ
486 3385 680 3458 ἐπειδὴ
703 3386 806 3456 τῆς
832 3384 928 3438 τοῦ
972 3384 1206 3463 θανάτου
1237 3380 1597 3449 καταλύσεως
1625 3387 1976 3457 ἐμνημόνευ-

365 3496 484 3548 σεν,
541 3479 772 3544 εἰκότως
824 3479 1130 3550 ἐπήγαγεν.
1154 3479 1327 3551 -(2)
1367 3478 1469 3533 Διά
1510 3478 1611 3551 τὴν
1643 3479 1974 3554 ὑπερϐολὴν,

363 3572 559 3644 φησὶν,
611 3571 714 3641 τῆς
758 3571 1139 3644 ὑπερηφανίας
1183 3569 1353 3628 αὑτοῦ
1414 3573 1511 3627 καὶ
1547 3572 1644 3628 τοῦ
1674 3571 1849 3646 θυμοῦ
1878 3573 1975 3629 τοῦ

364 3665 515 3720 κατὰ
535 3664 646 3718 τῶν
671 3665 944 3737 πενήτων,
989 3667 1090 3721 οὐκ
1136 3664 1363 3738 ἐκζητεῖ
1391 3666 1484 3722 τὸν
1514 3666 1835 3738 Δεσπότην,
1853 3667 1975 3723 οὐδὲ

364 3758 482 3810 νοεῖ
511 3756 594 3810 ὅτι
622 3757 940 3829 ἀπαρέσκον
966 3756 1118 3828 αύτῷ
1153 3757 1215 3813 τὸ
1245 3756 1557 3829 γινόμενον.
1580 3757 1972 3831 -Ἐναλλαγὴ

364 3847 653 3903 κάνταῦθα
700 3848 917 3923 χρόνου,
965 3849 1089 3903 ἀντὶ
1133 3850 1251 3917 τοῦ,
1290 3849 1733 3923 Κατακυριεύει’
1772 3850 1840 3905 τὸ
1865 3851 1976 3920 γὰρ

364 3942 693 4013 γινόμενον
737 3940 846 3996 ὑπὸ
886 3940 983 3996 τοῦ
1018 3941 1335 4008 ἀδικοῦντος
1364 3943 1658 4015 διηγεῖται,
1704 3942 1828 3997 ἀντὶ
1853 3943 1971 4011 τοῦ,

361 4032 468 4088 διὰ
490 4032 670 4087 τοῦτο
691 4032 938 4089 πάντων
968 4035 1193 4105 κρατεῖ,
1221 4036 1317 4089 καὶ
1356 4024 1565 4101 πάντας
1596 4035 1832 4115 ἀφειδῶς
1861 4036 1976 4090 ἀδι-

363 4125 477 4178 κεῖ.
500 4122 844 4197 Σαφέστερον
882 4125 940 4179 δὲ
992 4126 1292 4198 Σύμμαχος
1337 4124 1522 4182 εἶπενο
1549 4127 1792 4194 Πάντας
1831 4128 1975 4195 τοὺς

363 4214 626 4284 ἐχθροὺς
650 4217 840 4270 αὐτοῦ
868 4216 1133 4287 ἐκφυσᾷ.
1164 4250 1232 4259 -
1265 4218 1342 4291 (ὅ)
1374 4218 1720 4291 Σαφέστερον
1752 4218 1914 4274 τοῦτο
1945 4222 1974 4273 ὁ

364 4307 669 4380 Σύμμαχος
685 4309 1051 4381 ήρμήνευσεν·
1097 4313 1181 4365 Οὐ
1211 4309 1734 4381 περιτραπήσομαι
1759 4315 1848 4379 είς
1876 4329 1974 4383 γε·

362 4400 517 4455 νεὰν
557 4400 658 4455 καί
718 4401 957 4471 γενεὰν,
992 4402 1133 4458 οὔτε
1184 4402 1402 4475 ἔσομαι
1435 4403 1507 4458 ἐν
1541 4404 1804 4460 κακώσει
1830 4420 1842 4435 ·
1877 4406 1974 4460 καὶ

2081 1916 2165 1963 est
2189 1909 2529 1977 adjutorium
2563 1912 2709 1982 quod
2743 1899 2994 1985 tempore
3030 1914 3413 1974 tribulationis
3435 1916 3678 1973 advenit.
3777 1899 3783 1904 ’

2153 2090 2320 2150 Vsus.
2356 2095 2443 2149 14.
2472 2124 2543 2133 ——
2573 2094 2778 2150 Deinde
2825 2095 3027 2151 iterum
3082 2096 3318 2152 mutatio
3367 2099 3679 2169 temporis;

2080 2188 2202 2243 loco
2233 2188 2381 2243 enim
2409 2188 2677 2242 misertus
2700 2196 2807 2252 est,
2835 2188 3082 2242 miserere
3105 2189 3242 2245 dicit
3269 2209 3282 2245 :
3309 2190 3392 2246 sic
3412 2196 3467 2246 et
3483 2191 3680 2261 Aquila

2080 2281 2218 2353 dicit
2233 2279 2456 2335 donavit
2477 2278 2608 2333 milii
2622 2295 2641 2333 :
2666 2277 2926 2334 Dominus
2945 2280 3076 2334 vidit
3093 2279 3452 2336 humilitatem
3471 2299 3640 2337 meam
3660 2297 3680 2335 :

2053 2375 2185 2428 ‘hoc
2212 2373 2358 2428 enim
2395 2372 2517 2427 vult
2546 2387 2771 2444 quoque
2808 2380 3126 2429 contextus.
3159 2372 3324 2439 lllud,
3352 2375 3557 2446 inquit,
3596 2383 3683 2431 est

2079 2480 2298 2522 summa
2330 2465 2606 2521 bonorum
2632 2504 2648 2531 ,
2692 2464 2969 2520 malorum
3006 2466 3243 2521 remotio
3267 2505 3282 2531 ,
3316 2466 3682 2539 liberatioque

2079 2557 2276 2614 mortis
2316 2572 2347 2611 a
2396 2572 2503 2628 qua
2557 2557 2779 2613 liberati
2838 2556 2895 2611 in
2941 2564 3214 2613 aeternum
3268 2566 3364 2613 tua
3414 2559 3681 2617 beneﬁcia

2076 2650 2449 2709 cantabimus.

2150 2740 2318 2799 Vens.
2354 2742 2442 2798 l5.
2472 2773 2541 2782 —
2569 2741 2772 2813 Portus
2802 2745 2991 2800 mortis
3019 2744 3329 2816 periculum
3350 2744 3421 2801 ad
3444 2753 3680 2804 mortem

2078 2834 2293 2891 ducens
2319 2843 2504 2890 vocat.
2530 2832 2665 2891 Sion
2684 2844 2846 2892 vocat
2874 2833 3184 2893 Jerusalem
3206 2838 3508 2903 caelestem,
3536 2838 3683 2894 sicut

2079 2926 2277 2983 beatus
2336 2923 2543 2982 Paulus
2592 2926 2806 2999 docuit.
2856 2927 3055 2985 Portas
3087 2937 3274 2997 autem
3312 2930 3481 3002 hujus
3527 2931 3681 2987 orbis

2080 3027 2357 3077 terrarum
2378 3018 2668 3095 ecclesias,
2694 3034 2796 3090 per
2812 3034 2952 3091 quas
2977 3021 3033 3076 in
3058 3021 3205 3076 illam
3224 3023 3433 3078 intrant
3459 3023 3683 3079 creden-

2082 3122 2165 3170 tes
2194 3131 2211 3169 :
2247 3112 2323 3168 ibi
2347 3127 2505 3184 ergo,
2523 3112 2726 3184 inquit,
2750 3113 3013 3179 laetantes
3042 3122 3098 3171 et
3126 3116 3475 3173 exsultantes
3502 3117 3558 3172 in
3584 3131 3684 3189 spe

2082 3205 2537 3273 resurrectionis,
2580 3205 2778 3261 horum
2817 3206 3093 3275 bonorum
3139 3206 3376 3265 Domino
3424 3209 3682 3281 cantabi-

2081 3313 2208 3355 mus
2243 3315 2259 3353 :
2297 3310 2536 3368 cumque
2565 3296 2768 3369 mortis
2800 3297 3157 3369 liberationis
3191 3297 3296 3357 fuit
3325 3301 3677 3364 recordatus.

2081 3405 2185 3447 nos
2262 3390 2402 3447 bene
2464 3389 2720 3459 deduxit.
2792 3389 3028 3463 Propter
3093 3407 3425 3461 excessum,
3501 3396 3685 3468 inquit

2081 3482 2254 3541 (Psal.
2306 3480 2410 3553 ιι),
2439 3481 2715 3553 superbiae
2745 3482 2870 3554 ejus
2916 3483 3218 3555 atqueqiraa
3237 3483 3509 3542 adversus
3548 3501 3685 3558 pau-

2080 3590 2280 3645 pcres,
2333 3588 2443 3630 non
2497 3574 2701 3645 quaerit
2749 3574 3076 3640 Dominum,
3128 3591 3233 3634 nec
3284 3584 3442 3648 putat
3485 3577 3684 3649 displi-

2080 3681 2209 3723 cere
2226 3666 2314 3727 illi
2351 3667 2498 3738 quod
2523 3664 2732 3722 factum
2753 3674 2863 3724 est.
2896 3666 2999 3724 Hic
3029 3683 3254 3740 quoque
3284 3670 3520 3725 mutatio
3544 3677 3683 3724 tem-

2080 3759 2258 3832 poris,
2297 3760 2419 3816 loco
2445 3759 2858 3825 dominabitur:
2890 3760 3031 3832 quod
3068 3761 3274 3832 factum
3318 3770 3398 3817 est
3434 3763 3580 3819 enim
3612 3763 3682 3818 ab

2080 3853 2273 3926 iniquo
2297 3853 2524 3921 dicitur,
2550 3854 2674 3910 loco
2699 3862 2912 3924 propter
2944 3853 3042 3908 hoc
3072 3854 3308 3933 omnium
3348 3854 3679 3923 dominatur,

2078 3954 2134 4003 et
2178 3961 2376 4003 omnes
2410 3947 2602 4018 inique
2651 3946 3029 4017 persequitur.
3055 3932 3277 4002 Clarius
3305 3932 3501 4002 autem.
3519 3944 3681 4018 Sym-

2080 4041 2311 4097 machus
2365 4040 2508 4095 dixit
2533 4081 2549 4109 ,
2584 4039 2779 4096 Omnes
2824 4039 2918 4094 hos
2966 4056 3089 4094 suos
3124 4039 3368 4095 inimicos
3411 4040 3677 4111 casu/flat.

2080 4130 2219 4187 illud
2240 4132 2491 4201 apertius
2515 4130 2834 4202 explanavit
2860 4129 3250 4201 Symmachus,
3279 4127 3404 4184 Non
3438 4130 3683 4185 movebar

2077 4224 2133 4277 in
2180 4224 2572 4293 generationem
2618 4232 2669 4277 et
2716 4223 3106 4293 generationem
3129 4263 3144 4288 ,
3178 4240 3270 4277 nec
3328 4239 3418 4276 ero
3448 4224 3502 4277 in
3535 4226 3679 4277 malo

2078 4312 2154 4384 (ν.
2182 4305 2243 4384 '6)
2281 4333 2293 4369 :
2335 4315 2550 4385 hacque
2582 4315 2695 4385 agit
2743 4314 3001 4377 audacia,
3032 4314 3370 4385 conliditquc
3406 4316 3542 4370 nihil
3570 4325 3675 4372 ter—

2077 4404 2239 4459 ribile
2265 4419 2389 4460 esse
2420 4413 2913 4474 superventurum,
2943 4413 3066 4475 post
3093 4418 3288 4457 omnes
3314 4404 3535 4473 species
3564 4422 3677 4461 ma-

362 4493 544 4566 ταύτῃ
575 4494 844 4566 κέχρηται
871 4496 938 4565 τῇ
968 4493 1294 4567 θρασύτητι,
1315 4496 1409 4551 καὶ
1437 4496 1651 4567 ἡγεῖται
1676 4497 1843 4569 μηδὲν
1862 4497 1971 4551 δει-

2079 4496 2208 4552 litiaa
2239 4496 2534 4553 festinans.

363 4587 459 4643 νὺν
485 4586 915 4659 ὑποστήσεσθαι,
938 4587 1121 4641 πάντα
1146 4587 1347 4658 μετιὼν
1373 4589 1474 4660 τῆς
1504 4589 1704 4655 κακίας
1732 4591 1802 4645 τὰ
1826 4592 1962 4663 εἴδη.

440 4678 593 4749 Στίχ.
643 4682 740 4742 ις’.
769 4671 961 4741 -Οἶς
1028 4677 1106 4749 (4)
1143 4679 1586 4752 ἐμηχανήσαντο,
1631 4682 1790 4752 φησὶ,
1839 4680 1964 4737 καθ’

365 4769 608 4841 ήμῶνόἰ
640 4767 911 4839 πολέμιοι,
942 4768 1154 4837 τούτοις
1194 4770 1443 4826 ἑάλωσαν
1469 4771 1648 4828 αὐτοί.
1667 4773 1817 4828 Ἀντί
1847 4773 1963 4838 τοῦ,

368 4857 552 4933 ’Λπερ
576 4859 910 4924 ἐσπούδαζον
934 4859 1059 4914 καθ’
1092 4859 1272 4932 ήμῶν,
1293 4860 1468 4917 ταῦτα
1501 4862 1726 4920 ἔπαθον.

650 5110 663 5123 ι
685 5118 689 5122 λ
897 5048 1133 5103 ΨΑΛΜ.
1150 5046 1464 5107 ἘΒΡΑΙΚ.

439 5159 592 5230 Στίχ.
621 5160 687 5214 δ’.
720 5160 897 5214 -Ἐν
938 5161 1116 5233 τούτῳ
1154 5162 1265 5235 γὰρ
1312 5163 1571 5234 μάλιστα,
1607 5166 1761 5236 φησὶ,
1812 5168 1970 5236 Παρ-

2160 4689 2326 4743 Vsns.
2376 4685 2461 4741 l6.
2498 4715 2568 4725 -
2609 4683 2703 4752 lis,
2735 4684 2936 4756 inquit,
2972 4702 3095 4756 qua:
3125 4688 3423 4745 machinati
3439 4684 3675 4747 Tuerant

2075 4789 2271 4839 contra
2311 4793 2412 4835 nos
2453 4777 2663 4834 inimici
2698 4777 2897 4848 nostri,
2946 4775 3141 4835 iisdem
3178 4781 3280 4852 ipsi
3317 4785 3461 4853 capti
3519 4796 3669 4844 sunt.

2077 4875 2134 4930 Id
2166 4882 2272 4933 est,
2311 4870 2384 4923 Ea
2415 4884 2538 4939 quae
2587 4875 2782 4925 contra
2814 4883 2917 4924 nos
2948 4871 3532 4938 comminiscehantur,
3568 4878 3671 4948 ipsi

2080 4965 2229 5038 passi
2263 4970 2413 5020 sunt.

2641 5055 2773 5112 PSA
2786 5055 2848 5112 L.
2885 5056 3107 5112 HEBR.

2143 5172 2313 5229 Vens.
2349 5172 2405 5226 4.
2445 5204 2514 5213 —
2545 5171 2647 5227 Hic
2694 5171 2841 5226 enim
2892 5175 3128 5228 multum
3174 5174 3311 5229 dicit
3336 5177 3672 5231 exacerbavit

357 5252 565 5317 ὠξυνε
617 5252 728 5306 tor
765 5255 1084 5321 Δεσπότην
1111 5258 1144 5309 ό
1172 5254 1424 5325 ἀσεϐὴς,
1458 5259 1517 5310 ὲν
1571 5257 1651 5327 τῷ
1698 5257 1971 5330 τολμῆσαι

2079 5264 2364 5319 Dominum
2405 5263 2640 5333 impius,
2690 5276 2816 5317 cum
2859 5262 2926 5317 de
2971 5263 3092 5333 ipso
3141 5261 3298 5333 (Deo)
3331 5262 3450 5319 fore
3476 5273 3668 5318 utnnu

360 5345 623 5417 ἐννοῆσαι
650 5347 781 5419 περὶ
828 5346 993 5401 αὐτοῦ
1022 5349 1105 5402 ὅτι
1149 5348 1431 5419 ἐκδίκησιν
1462 5349 1572 5402 τῶν
1599 5350 1973 5422 ἀδικουμένων

2079 5358 2383 5413 ulciscatur
2409 5356 2599 5425 iniqua
2629 5364 2856 5426 agentes
2890 5356 3139 5423 c0gitare
3171 5354 3357 5410 audet.

358 5439 426 5493 ού
455 5441 717 5494 ποιεῖται.

436 5622 515 5693 (l)
537 5622 1022 5699 Grammaticalcm
1049 5634 1361 5699 temporum
1386 5628 1674 5699 enallagen
1698 5642 1843 5697 saepe
1860 5627 1959 5683 ad-

361 5694 583 5748 notavit
609 5697 754 5765 apud
784 5700 1084 5768 prophetas
1108 5694 1297 5753 noster
1322 5694 1667 5765 Theodorus,
1688 5694 1868 5766 quiet
1899 5699 1956 5753 in

363 5779 467 5838 sua
491 5769 847 5838 psalmorum
877 5769 1291 5837 explanatione,
1324 5780 1380 5823 ut
1424 5785 1571 5824 nunc
1604 5778 1658 5823 et
1695 5768 1957 5838 posthinc

365 5836 447 5900 ﬁt,
470 5835 538 5890 de
570 5838 763 5893 eadem
795 5854 854 5894 se
885 5835 1122 5895 lectores
1155 5840 1512 5896 admonuisse
1536 5835 1749 5896 narrat.
1789 5837 1922 5895 Mai.

2145 5630 2224 5700 (Ξ)
2294 5629 2473 5686 Verba
2546 5630 2838 5701 sequentia
2917 5631 3207 5687 referenda
3277 5632 3539 5688 videntur
3596 5626 3666 5685 ad

2066 5702 2208 5770 psal.
2241 5718 2283 5771 at
2314 5700 2637 5756 secundum
2658 5700 2846 5766 llehr.,
2875 5717 3016 5757 vers.
3046 5704 3102 5766 2,
3130 5703 3184 5771 5,
3216 5702 3267 5759 6.
3327 5703 3487 5759 Eutr.

2140 5771 2216 5840 (5)
2255 5770 2406 5828 Psal.
2442 5771 2606 5827 Hebr.
2639 5788 2782 5827 vers.
2847 5773 2901 5828 6.

2147 5840 2223 5915 (ὁ)
2254 5841 2330 5897 Ex
2366 5841 2442 5899 Co
2452 5844 2651 5899 rderio.
