4162 6476
552 353 659 411 655

1723 344 2076 401 THEODORI
2112 344 2147 399 Μ

2257 344 2600 402 SUESTEM
2851 348 2888 376 ⁸
3041 356 3055 363 ”
3721 350 3811 408 658

626 467 793 523 Vens.
826 468 910 521 ιι.
938 496 1006 507 -
1032 464 1157 522 ilice
1181 463 1347 519 verba
1377 470 1595 520 suntex
1628 462 1939 517 inversione
1970 483 1983 516 :
2010 463 2129 518 loco

2306 466 2449 536 Στίχ.
2484 442 2630 521 tan—4
2666 467 3058 540 Πρωθύστερόν
3083 470 3199 523 ἐστι
3226 469 3293 524 τὰ
3314 469 3554 540 ῥήματα·
3582 467 3700 521 ἀντὶ
3718 466 3812 537 γὰρ

554 562 700 617 enim
743 560 991 630 quoniam
1040 558 1257 623 videns,
1305 556 1447 612 vides
1495 556 1734 626 legitur;
1764 571 1829 611 eo
1862 555 2009 625 quod
2053 556 2133 611 sic

556 654 672 706 vult
695 660 877 707 textus
908 650 1213 705 llebraicus
1241 666 1255 703 :
1293 664 1418 703 cum
1454 647 1600 703 enim
1623 648 1691 703 de
1724 647 1930 717 iniquis
1965 647 2131 701 dixit:

555 741 706 796 Dixit
734 743 874 796 enim
896 742 950 795 in
979 739 1133 795 corde
1160 755 1256 794 suo
1282 755 1300 793 :
1328 737 1451 793 Non
1478 738 1723 807 requiret,
1759 738 2010 799 adduxit,
2048 734 2137 790 Vi-

555 834 643 888 des
706 834 955 902 quoniam
1015 842 1071 883 tu
1125 829 1358 884 laborem
1412 838 1463 883 et
1523 828 1758 882 dolorem
1809 826 2136 892 consideras,

556 926 712 994 quasi
756 924 944 979 volens
983 924 1050 977 ad
1107 920 1274 977 Deum
1312 920 1498 976 dicere
1545 919 1795 991 iniquum
1847 934 2021 989 usque
2071 932 2138 972 eo

557 1014 779 1070 venisse
808 1023 868 1069 ut
894 1013 1127 1077 diceret,
1163 1026 1271 1067 non
1294 1011 1395 1065 tibi
1424 1024 1548 1066 esse
1578 1025 1772 1065 curam
1810 1009 1879 1064 de
1910 1008 2135 1078 iniquis,

558 1122 660 1160 nec
692 1106 889 1161 delicta
923 1105 1227 1175 requirere,
1259 1117 1387 1156 cum
1423 1116 1613 1156 eorum
1645 1099 1889 1155 furorem
1920 1113 1985 1153 ac
2018 1113 2135 1151 ma-

560 1198 733 1252 litiam
764 1198 975 1262 videns,
1008 1212 1118 1251 non
1145 1195 1257 1249 cito
1288 1194 1355 1248 ad
1387 1193 1652 1247 ultionem
1677 1205 1868 1257 exeas,
1898 1189 1992 1244 sed
2014 1205 2141 1242 con-

560 1294 787 1356 sideras,
812 1291 864 1345 id
900 1300 1007 1355 est,
1039 1289 1280 1345 moraris
1303 1329 1318 1355 ,
1359 1286 1664 1357 usquedum
1694 1300 1762 1340 ex
1792 1283 2143 1338 multitudine

559 1385 884 1438 delictorum
920 1364 1133 1453 seipsos
1174 1381 1230 1435 in
1265 1389 1389 1435 tuas
1423 1393 1618 1433 manus
1668 1376 1912 1442 tradant,
1942 1375 2143 1444 iniqui-

561 1483 736 1528 tatum
772 1488 997 1529 suarum
1042 1487 1272 1527 numero
1306 1472 1363 1525 in
1395 1470 1612 1540 seipsos
1640 1469 1937 1523 vindictam
1967 1465 2145 1521 conci-

562 1574 757 1620 tante:
796 1565 901 1621 hoe
936 1565 1070 1619 dicit
1122 1579 1190 1620 ex
1239 1563 1561 1633 metaphora
1605 1575 1796 1616 eorum
1844 1559 1938 1629 qui
1972 1572 2146 1629 usque

561 1657 631 1711 ad
676 1671 844 1711 unum
877 1657 961 1711 vel
1002 1655 1306 1711 secundum
1347 1654 1607 1709 delictum
1639 1668 1751 1707 non
1792 1653 2022 1715 sistunt,
2050 1652 2146 1707 sed

544 1754 704 1817 quos
746 1748 921 1801 multa
971 1747 1169 1801 delicta
1219 1745 1287 1801 ad
1326 1745 1625 1801 tribunalia
1657 1745 1886 1810 ducunt,
1919 1745 2012 1800 ubi
2040 1745 2147 1799 ini-

2242 556 2486 622 τοῦ,”οτι
2510 558 2747 628 βλέπεις,
2768 563 2964 627 κεῖται,
2978 561 3248 628 Βλέπεις·
3265 563 3348 615 ὅτι
3365 561 3521 614 τοῦτο
3535 559 3590 612 δέ
3611 558 3717 612 ἀπὸ
3731 560 3810 629 τῆς

2244 646 2540 718 ἑρμηνείας
2561 650 2852 723 γεγένηται
2874 652 2968 706 τοῦ
3010 652 3320 720 Ἑϐραῖκοῦ·
3356 652 3545 722 ἐπειδὴ
3570 651 3678 721 γὰρ
3702 649 3808 720 περὶ

2245 737 2353 791 τῶν
2382 738 2713 795 ἀδικούντων
2740 737 2893 797 εἶπεν
2913 742 2973 796 τὸ
2992 786 3006 808 ,
3038 739 3223 797 Εἶπεν
3244 743 3354 810 γὰρ
3376 741 3446 795 ἐν
3477 739 3688 809 καρδίᾳ
3724 741 3816 792 αὐ-

2244 827 2371 891 τοῦ,
2405 832 2527 883 Οὐκ
2545 829 2880 901 ἐκζητήσει,
2909 835 3189 905 ἐπήγαγεν
3216 834 3298 899 τὸ,
3329 831 3599 898 Βλέπεις,
3620 830 3713 884 ὅτι
3745 829 3813 883 σὺ

2248 920 2445 972 πόνον
2482 919 2581 974 καὶ
2615 924 2808 991 θυμόν
2856 922 3191 989 κατανοεῖς,
3217 921 3377 976 τοῦτο
3405 921 3730 992 βουλόμενος
3751 919 3814 983 ὡς

2248 1009 2385 1080 πρὸς
2411 1011 2501 1064 τὸν
2534 1012 2667 1066 Θεὸν
2687 1013 3258 1086 είπεῖν,ότι⁷Προήχθη
3290 1014 3348 1067 δὲ
3374 1015 3578 1075 ἐκεῖνος
3598 1013 3627 1064 ὁ
3646 1010 3813 1074 ἄδικος

2246 1104 2421 1156 ταῦτα
2442 1102 2783 1172 λογίσασθαι,
2808 1106 2889 1159 ὃτι
2923 1106 2996 1177 μὴ
3023 1107 3175 1177 μέλει
3212 1122 3295 1158 σοι
3325 1104 3455 1174 περὶ
3478 1102 3586 1156 τῶν
3614 1102 3818 1157 ἀδικου-

2252 1195 2447 1264 μένων,
2475 1195 2610 1266 μηδέ
2637 1196 2889 1268 ἐκζητεϊς
2909 1199 2978 1253 τὰ
2996 1199 3282 1269 γινόμενα,
3329 1197 3517 1265 ἐπειδὴ
3557 1195 3701 1267 ὁρῶν
3731 1195 3817 1248 αύ-

2250 1286 2358 1340 τῶν
2386 1287 2485 1359 τὴν
2517 1288 2689 1360 ὀργὴν
2741 1291 2834 1343 καὶ
2866 1289 2967 1360 τὴν
3009 1291 3296 1363 πονηρίαν,
3327 1289 3428 1343 οὐκ
3455 1288 3615 1351 εὐθὺς
3636 1287 3820 1360 ἐξέρχῃ

2250 1382 2361 1442 τοῖς
2414 1381 2741 1450 γινομένοις,
2790 1380 2928 1435 ἀλλὰ
2972 1380 3306 1447 κατανοεῖς,
3338 1379 3585 1464 τουτέστι
3621 1379 3817 1450 μένεις,
3924 1423 3947 1437 ,

2250 1469 2355 1533 ἓως
2401 1468 2467 1523 ἂν
2507 1471 2573 1523 ἐκ
2623 1470 2718 1523 τοῦ
2754 1470 2990 1541 πλήθους
3035 1470 3146 1526 τῶν
3188 1470 3335 1525 ἰδίων
3378 1466 3567 1523 κακῶν
3606 1469 3820 1532 ἑαυτοὺς

2252 1561 2451 1615 ἐκεῖνοι
2504 1564 2625 1626 ταῖς
2657 1564 2777 1625 σαῖς
2806 1561 3119 1634 παραδῶσιν
3147 1562 3355 1633 χερσὶν,
3399 1561 3461 1613 τὸ
3496 1559 3701 1631 πλῆθος
3732 1563 3821 1633 τῆς

2253 1652 2462 1715 οἰκείας
2484 1653 2697 1716 ἀδικίας
2743 1654 3176 1725 ἐπισπασάμενοι
3213 1651 3335 1706 καθ’
3361 1651 3572 1707 ἑαυτῶν
3622 1652 3721 1723 τὴν
3744 1669 3820 1706 τι·

2256 1744 2467 1814 μωρίαν
2487 1761 2499 1774 ’
2525 1745 2762 1817 τοῦτο-δὲ
2789 1745 2937 1813 λέγει
2953 1747 3018 1799 ἐκ
3043 1748 3352 1817 μεταφορᾶς
3378 1744 3486 1797 τῶν
3509 1744 3699 1815 μέχρις
3732 1745 3822 1815 μὲν

561 1814 795 1909 quorum
829 1836 1137 1907 frequentia
1166 1834 1321 1891 adest
1358 1852 1371 1890 :
1402 1834 1520 1889 vult
1549 1841 1735 1890 autem
1764 1832 1860 1888 Dei
1894 1832 2144 1903 longani—

2253 1834 2370 1897 ἐνὸς
2403 1835 2499 1888 καὶ
2531 1814 2784 1906 δευτέρου
2807 1835 2978 1888 κακοῦ
3007 1814 3082 1906 μῆ
3108 1814 3433 1905 ἱσταμένων,
3455 1814 3517 1887 τό
3538 1834 3594 1887 δέ
3622 1814 3825 1904 πλῆθος

564 1930 812 1984 unitatem
845 1925 1161 1982 ostendere.

637 2210 807 2268 Vens.
843 2212 931 2267 l7.
977 2241 1032 2250 —
1075 2209 1410 2265 Desiderium
1456 2209 1546 2263 hic
1589 2222 1694 2278 pro
1740 2222 1889 2277 prece
1939 2206 2146 2276 posuit,

561 2304 693 2376 quia
719 2317 843 2373 quae
872 2301 1255 2358 desideramus
1288 2300 1427 2368 ﬁeri,
1462 2302 1521 2355 in
1556 2314 1747 2356 eorum
1777 2297 2151 2369 postulatione

564 2396 854 2451 instamus.

1133 2522 1457 2581 PSALMUS
1491 2523 1577 2580 Xl.

634 2645 806 2700 Vens.
838 2642 893 2698 3.
924 2673 995 2685 ——
1035 2640 1184 2696 Vana
1216 2656 1317 2711 pro
1345 2639 1534 2695 dolosa
1557 2655 1577 2693 :
1603 2637 1977 2695 communiter
2003 2636 2150 2695 enim

562 2749 706 2791 vana
740 2744 901 2790 vocat
929 2736 1115 2790 omnia
1139 2748 1263 2805 quae
1287 2748 1398 2788 non
1431 2732 1658 2797 decent,
1693 2732 1838 2789 sicut
1860 2731 2002 2786 bona
2032 2744 2153 2801 qua:

565 2827 638 2883 ab
657 2827 941 2899 agentibus
970 2834 1117 2882 recte
1137 2826 1293 2880 liunt.
1323 2854 1392 2864 -
1415 2823 1553 2879 Cum
1575 2824 1725 2889 dolo,
1745 2822 1945 2891 inquit,
1977 2835 2151 2876 unus-

566 2917 808 2987 quisque
835 2916 1082 2987 loquitur
1109 2914 1174 2969 ad
1208 2914 1544 2983 proximum,
1573 2912 1766 2983 sicque
1796 2910 1960 2965 labiis
1989 2917 2153 2966 utens

567 3011 625 3064 in
657 3024 753 3064 cor
784 3008 1020 3079 proximi
1061 3005 1349 3061 mendacia
1395 3006 1646 3061 immittit
1677 3005 1918 3075 :illeqne
1952 3004 2150 3059 iterum

567 3100 825 3156 similiter
859 3100 1061 3155 similia
1088 3096 1341 3163 remittit,
1376 3095 1505 3152 inde
1529 3097 1803 3168 reliquum
1830 3105 1918 3154 est
1952 3105 2011 3151 ut
2041 3094 2151 3150 illis

568 3192 869 3248 vindictam
898 3191 1158 3245 minetur.

639 3280 809 3341 Vens.
844 3283 898 3338 5.
928 3312 999 3323 -—
1031 3283 1233 3340 Dicunt
1263 3281 1518 3347 scilicet,
1552 3280 1757 3352 inquit,
1790 3279 1847 3334 in
1882 3285 2155 3350 potestate

570 3382 765 3432 nostra
808 3389 933 3432 esse
979 3391 1100 3446 quae
1134 3375 1389 3432 volumus
1425 3374 1579 3445 loqui
1614 3392 1628 3429 :
1666 3387 1831 3445 quem
1867 3371 2014 3427 enim
2059 3370 2158 3427 do-

570 3467 781 3523 minum
842 3467 1109 3524 habemus
1152 3468 1248 3538 qui
1295 3467 1574 3523 timendus
1626 3465 1737 3521 sit?
1786 3462 1903 3519 Hoc
1970 3469 2154 3517 autem

568 3560 704 3617 dicit
756 3574 866 3615 non
916 3560 1076 3633 quasi
1113 3559 1195 3616 sic
1232 3560 1344 3615 illis
1382 3558 1609 3614 omnino
1639 3555 2028 3628 loquentibus,
2059 3552 2156 3609 sed

569 3653 783 3708 ratione
824 3652 1022 3723 agendi
1070 3651 1496 3708 ostendentibus
1543 3648 1730 3705 omnia
1758 3648 1840 3703 sic
1886 3645 2009 3703 sine
2040 3644 2156 3699 ullo

570 3743 769 3799 timore
794 3742 997 3811 facere,
1026 3744 1187 3814 quasi
1215 3742 1404 3798 nullus
1429 3748 1575 3797 esset
1594 3739 1787 3811 judex.

640 3853 807 3910 Vens.
834 3855 889 3910 9.
911 3884 979 3898 ι-
999 3853 1137 3909 Cum
1160 3852 1405 3922 undique
1425 3851 1493 3905 ab
1516 3849 1704 3920 impiis
1722 3845 2154 3911 circumdemur,

571 3946 898 4016 neutiquam
931 3944 1096 4001 aliter
1116 3943 1364 4011 liberari,
1396 3940 1505 3997 nisi
1541 3938 1652 3995 Deo
1680 3938 1996 4010 adjuvante,
2022 3950 2153 4007 pos-

572 4054 787 4096 sumus.

1106 4170 1431 4229 PSALMUS
1474 4170 1589 4225 ΧΗ.

645 4291 807 4346 Vens.
838 4290 894 4345 2.
932 4320 1002 4332 —-
1030 4289 1090 4344 In
1119 4287 1418 4346 solitudine
1458 4302 1558 4343 sua
1602 4286 1743 4342 bene
1797 4291 2034 4340 mentem
2086 4286 2155 4341 ad

2251 1927 2361 1981 τῶν
2407 1928 2710 1998 γινομένων
2747 1927 2974 1991 ἐαυτοὺς
3017 1928 3262 1996 ἀγόντων
3299 1928 3379 1990 είς
3408 1927 3476 1980 τὰ
3507 1927 3824 1997 δικαστήρια

2242 2014 2310 2068 τὸ
2336 2014 2442 2069 τῶν
2470 2015 2842 2086 ἀδικουμένων
2869 2015 3075 2087 πλῆθος
3098 2030 3112 2046 ⁸
3163 2016 3412 2087 βούλεται
3440 2015 3497 2069 δέ
3538 2015 3711 2081 δεῖξαι
3732 2015 3822 2068 τοῦ

2249 2106 2384 2161 Θεοῦ
2410 2107 2510 2179 τὴν
2542 2098 2942 2180 μακροθυμίαν.

2322 2222 2472 2293 Στίχ.
2523 2223 2609 2287 ιζ’.
2640 2254 2709 2263 -——
2754 2222 3111 2292 Ἐπιθυμίαν
3157 2224 3392 2278 ἐνταῦθα
3420 2225 3540 2279 ἀντὶ
3578 2224 3696 2289 τοῦ,
3736 2224 3828 2296 τὴν

2251 2314 2750 2385 προσευχὴν,λέγει
2779 2329 2791 2342 ·
2810 2314 3008 2386 ’ἐπειδὴ
3047 2315 3192 2386 ἆπερ
3226 2314 3501 2386 ποθοῦμεν
3526 2316 3827 2384 γίγνεσθαι,

2249 2404 2426 2460 ταῦτα
2454 2405 2550 2460 καὶ
2590 2404 2845 2478 εὔχεσθαι
2879 2405 3162 2477 φιλοῦμεν.

2824 2530 3118 2589 ΨΑΛΜΟΣ
3146 2535 3251 2589 lA'.

2324 2648 2473 2720 Στίχ.
2494 2648 2568 2717 γ’.
2599 2676 2668 2688 -
2691 2646 2926 2702 Μάταια
2948 2647 3026 2719 (l)
3059 2647 3181 2703 ἀντὶ
3211 2646 3330 2715 τοῦ,
3372 2648 3599 2721 δολερά’
3641 2649 3834 2715 κοινῶς

2251 2740 2308 2794 δέ
2338 2742 2547 2812 μάταια
2606 2733 2749 2793 οἶδεν
2805 2740 3023 2794 ἅπαντα
3065 2739 3250 2794 καλεῖν
3286 2739 3354 2794 τὰ
3384 2740 3583 2807 ἄτοπα,
3613 2741 3687 2807 ὡς
3710 2744 3834 2815 εἰκῆ

2254 2832 2406 2904 παρά
2454 2830 2562 2885 τῶν
2603 2833 2953 2902 πραττόντων
3009 2834 3289 2905 γινόμενα.
3326 2863 3397 2873 -
3444 2833 3603 2911 Μετὰ
3656 2835 3831 2901 δόλου,

2256 2923 2443 2994 φησιν,
2469 2922 2721 2995 ἀλλήλοις
2748 2923 3251 2996 προσδιαλέγονται,
3278 2927 3373 2980 καὶ
3394 2926 3568 2991 οὕτως
3588 2928 3697 2990 τοῖς
3718 2928 3835 2998 χεί-

2253 3014 2371 3068 λεσι
2400 3013 2682 3087 χρώμενος
2723 3017 2803 3080 είς
2850 3016 2948 3088 τὴν
2976 3016 3071 3070 τοῦ
3110 3017 3281 3081 πέλας
3312 3018 3543 3088 καρδίαν
3567 3017 3638 3071 τὰ
3661 3017 3836 3088 ψευδῆ

2255 3106 2648 3177 παραπέμπει·
2688 3108 2936 3172 κάκεῖνος
2979 3109 3141 3163 πάλιν
3167 3110 3369 3180 ὁμοίως
3401 3109 3732 3180 ἀντιπέμπει
3769 3109 3839 3167 τὰ

2181 3211 2225 3270 C
2256 3198 2417 3270 ὅμοια
2437 3216 2450 3229 ο
2483 3198 2732 3252 ἐντεῦθεν
2757 3199 2941 3252 λοιπὸν
2978 3199 3159 3264 αὐτοῖς
3190 3200 3406 3255 ἀπειλεῖ
3435 3206 3726 3273 τιμωρίαν.

2327 3290 2478 3359 Στίχ.
2506 3295 2570 3343 ε’.
2599 3321 2667 3330 -
2700 3289 2967 3359 Λέγουσιν
2995 3291 3124 3361 γὰρ,
3144 3292 3330 3361 φησὶν,
3364 3292 3446 3345 ὅτι
3472 3291 3558 3345 ἐπ’
3588 3292 3842 3359 ἐξουσίας

2256 3380 2412 3453 ἡμῶν
2425 3381 2573 3435 ἐστιν
2598 3379 2634 3434 ἀ
2661 3379 2966 3451 βουλόμεθα
2983 3381 3316 3450 φθέγγεσθαι
3335 3399 3349 3413 ·
3371 3382 3492 3436 τίνα
3511 3382 3621 3454 γὰρ
3639 3382 3842 3455 ἔχομεν

2253 3472 2539 3543 δεσπότην,
2570 3471 2628 3525 ὃν
2644 3473 2739 3525 καὶ
2760 3472 2933 3526 δεῖσαι
2957 3472 3039 3526 δεῖ
3058 3489 3073 3540 ;
3095 3472 3253 3527 τοῦτο
3276 3474 3332 3528 δὲ
3354 3473 3498 3546 [οὐχ]
3518 3475 3594 3538 ὡς
3619 3477 3841 3538 πάντως

2252 3561 2520 3631 λεγόντων
2545 3562 2771 3617 ἐκείνων
2825 3561 3012 3633 φησὶν,
3060 3562 3175 3618 ἀλλ’
3215 3563 3291 3628 ὡς
3316 3563 3394 3634 τῷ
3421 3564 3707 3635 πράγματι
3731 3564 3843 3618 δει-

2255 3651 2495 3707 κνύντων
2539 3652 2600 3704 τὸ
2641 3652 2817 3717 οὕτως
2860 3652 3032 3718 ἀδεῶς
3063 3653 3279 3709 ἅπαντα
3321 3656 3604 3727 πράττειν,
3631 3656 3709 3721 ὡς
3737 3655 3843 3710 οὐκ

2255 3743 2408 3808 ὄντος
2437 3743 2649 3816 κριτοῦ.

2325 3856 2475 3928 Στίχ.
2509 3857 2575 3911 θ’.
2606 3888 2675 3899 -
2717 3857 2936 3931 Ἐπειδὴ
2960 3859 3087 3922 τοὺς
3111 3859 3215 3913 ὑπὸ
3253 3859 3359 3915 τῶν
3389 3858 3601 3913 ἀσεϐῶν
3627 3859 3847 3916 κυκλω-

2255 3948 2448 4013 θέντας
2475 3950 2577 4004 ούκ
2628 3948 2833 4004 ἔνεστιν
2884 3950 3088 4022 ἑτέρως
3135 3952 3234 4022 τὴν
3274 3952 3479 4005 τούτων
3513 3951 3848 4027 ἀπαλλαγὴν

2202 4122 2205 4123 ν
2255 4041 2516 4114 εὕρασθαι
2541 4043 2615 4117 μὴ
2643 4043 2722 4115 τῷ
2752 4043 2871 4116 Θεῷ
2912 4042 3089 4115 βοηθῴ
3115 4042 3498 4117 χρώμενολ[υ]ς.

2827 4175 3115 4231 ΨΑΛΜΟΣ
3149 4174 3250 4233 lB'.

2324 4290 2473 4362 Στιχ.
2498 4291 2637 4362 β’.-
2652 4291 2810 4356 Εἰκὸς
2833 4288 2902 4364 ἦν
2921 4291 3087 4346 αὑτοῦ
3116 4291 3309 4346 τούτου
3338 4293 3497 4362 μόνον
3522 4294 3851 4366 φροντίζον-

571 4380 741 4436 Deum
771 4380 1041 4449 elevabat,
1078 4389 1244 4452 atque
1292 4379 1349 4434 in
1383 4377 1568 4433 animo
1597 4376 1839 4433 contrito
1869 4375 2147 4433 tremenda

2253 4401 2320 4437 τα
2347 4383 2535 4438 τοῦτον
2571 4383 2705 4437 Θεὸν
2734 4382 2954 4457 έχει[ν],
2982 4384 3077 4438 καὶ
3105 4384 3548 4456 κατηλλαγμένον
3577 4387 3850 4440 ἑκάστοτε

569 4472 693 4543 ejus
722 4471 933 4543 judicia
966 4472 1341 4529 meditabatur
1369 4468 1547 4526 :Num
1581 4470 1715 4524 mihi
1750 4468 2028 4540 propitius
2050 4466 2147 4523 fuit

2255 4475 2664 4544 διαλογίζεσθαι
2692 4475 3025 4547 φοϐούμενον
3056 4477 3114 4530 ἐν
3144 4478 3209 4546 τῇ
3241 4476 3386 4547 ψυχῇ
3414 4491 3428 4505 ο
3460 4472 3608 4548 τΑρα
3637 4477 3853 4548 κατήλ-

572 4564 758 4621 Deus?
794 4564 937 4621 Num
968 4565 1051 4620 ira
1075 4565 1198 4636 ejus
1224 4562 1468 4634 quievit?
1501 4559 1753 4618 lratusne
1803 4572 1889 4617 est
1934 4559 2147 4617 adhuc?

2256 4567 2452 4621 λακταί
2500 4584 2591 4639 μοι
2646 4569 2674 4620 ὁ
2717 4566 2891 4633 Θεός;
2931 4563 3042 4639 ἆρα
3098 4567 3377 4621 πέπαυται
3421 4570 3520 4639 τῆς
3548 4566 3670 4622 κατ’
3699 4565 3850 4637 ἐμοῦ

572 4656 791 4727 aliaque
835 4655 1176 4725 huiusmodi.
1222 4656 1315 4709 Sic
1349 4667 1481 4723 ergo
1533 4650 1822 4722 loquitur:
1853 4650 2152 4723 Usquequo

572 4746 689 4802 hinc
731 4747 1072 4811 meditabor,
1117 4755 1175 4805 et
1211 4761 1407 4815 ponam
1445 4745 1716 4800 consilia?
1747 4743 1921 4798 Donec
1961 4743 2153 4796 avertis

575 4841 784 4910 faciem,
809 4840 1008 4909 inquit,
1039 4838 1095 4892 id
1122 4847 1226 4901 est,
1252 4837 1511 4892 irasceris
1536 4845 1731 4891 contra
1773 4849 1896 4899 me,
1927 4846 2155 4888 necesse

575 4941 657 4987 cst
679 4939 800 5002 post
819 4931 932 4985 haec
952 4930 1215 5000 cogitare,
1240 4929 1468 4997 haecque
1488 4925 1768 4984 meditari.
1793 4924 1942 4979 Loco
1965 4922 2131 4993 hujus

577 5020 942 5094 Symmachus
970 5019 1156 5075 dixit:
1199 5018 1398 5074 Curam
1444 5019 1498 5071 in
1543 5016 1698 5071 corde
1744 5030 1857 5069 meo
1900 5013 2150 5085 quotidie.

486 5146 495 5161 ι
575 5115 702 5171 llaec
727 5121 909 5170 autem
946 5112 1174 5182 scripsit
1207 5108 1563 5181 (Psalmist.)
1598 5107 1666 5162 ad
1697 5113 1943 5162 nostram
1970 5104 2157 5161 admo-

574 5207 859 5265 nitionem,
897 5201 1175 5274 quomodo
1221 5200 1485 5270 poenitere
1513 5204 1766 5268 oporteat
1806 5204 2156 5267 peccatorum

574 5299 776 5353 docens
830 5297 915 5351 his
968 5294 1185 5358 verbis,
1234 5292 1436 5360 quibus
1477 5298 1538 5346 ut
1572 5290 1858 5346 medicinis
1893 5289 2155 5346 utendum

573 5399 681 5447 est.

648 5500 813 5555 Vens.
844 5500 893 5555 ‘5.
931 5526 1000 5539 --
1030 5495 1140 5553 Deo
1186 5503 1413 5568 propter
1457 5503 1742 5567 peccatum
1772 5493 1885 5564 pati
1920 5508 2149 5549 consen-

577 5595 765 5656 tiente,
790 5590 961 5647 fortes
999 5590 1218 5645 interim
1254 5599 1413 5646 erant
1443 5588 1649 5644 inimici
1684 5588 1949 5645 adversus
1977 5586 2152 5650 illum,

643 5774 721 5847 (ι)
761 5771 867 5828 Mai
895 5772 1026 5828 ibid.
1070 5789 1123 5845 p.
1160 5772 1284 5829 59a.

2258 4656 2447 4728 ὀργῆς,
2480 4657 2512 4728 ἢ
2541 4657 2816 4728 ὀργίζεται
2849 4656 2962 4725 Ern;
2997 4658 3089 4711 καὶ
3131 4659 3231 4712 ὅσα
3264 4656 3508 4711 τοιαῦτα.
3546 4656 3714 4711 Τοῦτο
3748 4653 3854 4712 οὖν

2261 4764 2442 4818 φησιν·
2463 4747 2606 4812 Ἕως
2622 4748 2751 4801 πότε
2772 4748 2842 4801 τὰ
2860 4744 3083 4803 τοιαῦτα
3102 4748 3591 4821 ἐνθυμηθήσωμαι,
3605 4750 3700 4803 καὶ
3719 4749 3855 4820 βου-

2259 4840 2564 4912 λεύσωμαι;
2585 4841 2771 4911 Μέχρι
2790 4839 3176 4910 ἀποστρέφῃς
3198 4840 3263 4894 τὸ
3286 4841 3630 4909 πρόσωπον,
3652 4840 3854 4909 φησὶν,

2260 4931 2536 4984 τουτέστιν
2563 4930 2758 5003 ὀργίζῃ
2795 4930 2916 4984 κατ’
2937 4928 3072 5000 ἐμοῦ
3098 4969 3112 4995 ,
3149 4929 3360 5001 ἀνάγκη
3398 4946 3467 5000 με
3500 4926 3672 4982 ταῦτα
3704 4929 3857 4982 ὑπο-

2262 5021 2480 5075 πτεύειν
2502 5021 2786 5076 καὶταῦτα
2800 5020 3108 5091 λογίζεσθαι
3127 5039 3141 5051 ο
3166 5021 3284 5075 ἀνθ’
3308 5016 3369 5074 οὗ
3400 5021 3697 5093 Σύμμαχος
3709 5020 3851 5093 ἔφη’

2261 5114 2565 5183 Μέριμναν
2585 5114 2654 5167 ἐν
2674 5112 2751 5183 τῇ
2782 5113 2996 5182 καρδίᾳ
3037 5130 3159 5180 μου
3185 5113 3317 5167 καθ’
3351 5111 3581 5183 ἡμέραν
3606 5131 3620 5143 ·
3667 5112 3858 5167 ταῦτα

2261 5205 2321 5259 δὲ
2340 5206 2554 5277 ἐγράφη
2584 5206 2721 5279 πρὸς
2778 5205 3060 5259 νουθεσίαν
3097 5205 3273 5276 ἡμῶν,
3301 5205 3419 5268 πῶς
3445 5205 3528 5259 δεῖ
3558 5208 3856 5276 μετανοεῖν

2262 5297 2348 5365 ἐφ’
2367 5297 2760 5367 ἁμαρτήμασιν
2791 5295 3175 5350 ὲκδιδάσκοντα
3192 5298 3303 5361 τοῖς
3325 5313 3400 5349 πα
3409 5293 3559 5367 ροῦσι
3577 5298 3856 5368 ῥήμασιν,

2262 5381 2350 5439 οἷα
2379 5387 2437 5440 δέ
2470 5386 2779 5457 φαρμάκοις
2796 5384 3132 5457 χρωμένους.

2335 5497 2482 5568 Στίχ.
2520 5503 2585 5565 γ’.
2621 5527 2690 5537 —-
2739 5496 2845 5549 Τοῦ
2897 5495 3032 5549 Θεοῦ
3074 5498 3305 5567 πάσχειν
3351 5499 3861 5569 συγκεχωρηκότος

2262 5588 2348 5641 διὰ
2381 5588 2485 5660 τὴν
2516 5588 2812 5658 ἁμαρτίαν,
2841 5588 3049 5658 ἰσχυροὶ
3077 5590 3175 5659 μὲν
3197 5585 3337 5659 ἦσαν
3361 5589 3410 5642 οἱ
3443 5589 3696 5659 πολέμιοι
3720 5575 3892 5649 καθ’
