4162 6468
284 478 297 495 ¹
359 471 479 529 657

1549 476 1922 534 EXPOSITIO
1977 477 2045 532 IN
2091 477 2434 535 PSALMOS.

3569 478 3675 533 653

361 583 535 640 αὐτοῦ
556 601 569 614 ·
599 583 802 646 πάντες
826 584 881 638 δὲ
900 584 1040 657 μετά
1059 586 1261 660 πολλῆς
1281 589 1382 661 τῆς
1412 590 1597 656 ἀδείας
1617 592 1686 646 τὰ
1704 591 1965 646 δοκοῦντα

2079 607 2374 663 omnesque
2435 607 2563 647 cum
2613 593 2764 647 omni
2820 592 3040 659 ﬁducia,
3073 608 3196 663 quae
3242 592 3347 649 sibi
3383 593 3677 663 placebant

324 674 716 753 ‘6tatteéaaotv
742 692 757 708 ο
793 670 933 746 ἦσαν
960 676 1018 731 δὲ
1059 680 1182 733 τότε
1221 683 1271 735 oi.
1299 682 1424 754 περὶ
1463 683 1555 737 τὸν
1606 684 1967 756 Ἀϐεσσαλὼμ
2009 708 2024 720 -

362 766 738 835 πολεμοῦντες
776 769 973 823 αὐτόν·
1023 770 1186 826 τοῦτο
1227 769 1321 827 οὖν
1368 791 1564 845 φησιν·
1603 775 1791 846 Μέχρι
1824 778 1971 832 πότε

360 861 421 912 ot
447 858 650 928 ἐχθροὶ
670 860 903 929 ὑψηλοὶ
929 862 1060 916 κατ’
1082 863 1231 933 ἐμοῦ
1253 864 1539 931 ἔσονται;

959 1016 1252 1073 ΨΑΛΜΟΣ
1276 1021 1375 1075 ll".

434 1126 589 1199 Στίχ.
633 1135 707 1194 ς’.
730 1158 803 1171 —-
827 1131 1078 1201 Πτωχοῦ
1115 1132 1210 1187 τοῦ
1259 1133 1768 1209 Ἐζεδιίουρνταῦθα
1801 1137 1970 1210 λέγει,

358 1219 455 1274 διὰ
502 1220 585 1299 τὸ,
607 1219 826 1289 ὀλίγους
879 1221 1024 1293 ἔχειν
1057 1224 1185 1288 τοὺς
1233 1225 1327 1279 ὑπ’
1358 1227 1541 1283 αὐτόν.
1577 1230 1784 1303 Βουλὴν
1817 1230 1875 1284 δὲ
1906 1230 1973 1301 ἢν

363 1314 789 1370 συνεϐούλευσεν
814 1318 928 1380 τοῖς
944 1317 1243 1384 Ἰουδαίοις,
1264 1319 1441 1388 λέγων
1470 1330 1839 1394 καταφρονεῖν
1873 1331 1973 1400 μὲν

360 1408 595 1474 ἐκεῖνον,
633 1406 953 1462 πεποιθέναι
982 1408 1038 1462 δὲ
1069 1410 1161 1464 ἐπὶ
1198 1412 1290 1465 τὸν
1321 1415 1601 1486 Δεσπότην
1627 1433 1638 1446 ·
1660 1418 1822 1489 ὑμεῖς
1848 1421 1970 1491 μὲν,

361 1503 556 1574 φησιν,
585 1503 813 1573 ἐγελᾶτε
837 1503 938 1575 τὴν
973 1504 1170 1588 βουλὴν
1203 1506 1392 1575 αὐτοῦ,
1425 1511 1454 1565 ὁ
1488 1510 1546 1563 δὲ
1575 1511 1786 1585 Κύριος
1815 1514 1973 1581 ἐλπὶς

359 1596 533 1649 αὑτοῦ
564 1596 739 1652 ἐστιν.

436 1710 589 1782 Στίχ.
614 1710 682 1776 ζ’.
721 1741 792 1754 -—
831 1712 1055 1787 Ἐπειδὴ
1105 1716 1203 1770 καὶ
1237 1717 1338 1782 τὰς
1388 1718 1585 1785 θυσίας
1634 1722 1693 1775 ὲν
1726 1721 1806 1795 τῷ
1838 1724 1971 1796 ’ὄρει

368 1801 506 1854 Σιὼν
526 1802 827 1874 ἀναφέρειν
850 1807 1320 1879 προστεταγμένοι
1353 1806 1515 1882 ἦσαν,
1540 1815 1638 1868 καὶ
1668 1814 1770 1879 τὰς
1802 1833 1972 1887 προσ-

365 1894 541 1965 φορὰς
571 1895 668 1950 καὶ
705 1899 891 1951 πᾶσαν
925 1899 1105 1953 αὐτῶν
1135 1899 1234 1973 τὴν
1272 1902 1535 1976 λατρείαν
1552 1907 1671 1960 ἐκεῖ
1696 1908 1968 1963 ἐπιτελεῖν

2071 686 2459 742 instituebant.
2493 684 2668 739 Erant
2688 692 2868 739 autem
2904 701 2969 739 ex
3004 686 3253 755 partibus
3289 685 3546 742 Absalom
3579 684 3676 755 qui

2070 774 2343 830 adversus
2378 774 2531 829 illum
2572 772 2996 856 prteliabantur;
3030 774 3154 830 ideo
3179 774 3317 830 dicit
3347 794 3360 830 :
3397 774 3676 845 Usquequo

2070 865 2278 922 inimici
2308 866 2689 922 excitabuntur
2713 875 2902 920 contra
2932 866 3060 920 me?

2636 1012 2967 1072 PSALMUS
2996 1014 3143 1070 Xlll.
3218 998 3223 1002 ’

2145 1130 2317 1189 Vens.
2355 1133 2409 1189 6.
2442 1164 2512 1175 —-
2542 1131 2670 1188 Haec
2719 1132 2859 1188 dicit
2902 1131 2972 1187 de
3000 1129 3237 1186 Ezecbia
3261 1171 3274 1195 ,
3308 1132 3464 1200 inope
3510 1145 3679 1185 causa

2073 1239 2382 1295 paucorum
2412 1225 2520 1281 sibi
2542 1224 2914 1281 subditorum.
2943 1221 3255 1279 Consilium
3279 1223 3427 1295 quod
3447 1222 3680 1277 dederat

2073 1320 2281 1378 Judaeis
2324 1321 2519 1379 dicens
2554 1322 2712 1378 illum
2765 1318 3170 1392 (διηκοσίων-ἕο)
3213 1334 3507 1390 spernere,
3537 1317 3683 1387 scip-

2077 1415 2198 1470 sum
2231 1429 2365 1470 vero
2389 1417 2445 1469 in
2478 1413 2715 1470 Domino
2748 1411 3050 1469 conﬁdere.
3088 1410 3202 1467 Vos
3228 1419 3438 1475 autem,
3468 1409 3678 1479 inquit,

2078 1505 2316 1563 consilio
2350 1506 2474 1575 ejus
2507 1506 2747 1578 gaudete
2771 1521 2786 1572 ;
2810 1504 3074 1576 quoniam
3106 1503 3376 1560 Dominus
3406 1518 3534 1573 spes
3560 1500 3682 1572 ejus

2075 1605 2183 1653 est.

2147 1709 2317 1768 Vens.
2350 1713 2402 1766 7.
2441 1741 2505 1752 -
2535 1710 2676 1767 Cum
2716 1711 2886 1767 etiam
2917 1709 3136 1767 hostias
3183 1709 3238 1764 in
3270 1716 3511 1764 montem
3549 1706 3683 1762 Sion

2076 1803 2297 1861 deferre
2350 1805 2743 1876 sacriﬁciaque
2794 1818 3131 1876 omnemque
3166 1802 3381 1857 cultum
3419 1801 3686 1872 perﬁcere

2075 1909 2140 1950 ex
2175 1894 2294 1965 lege
2322 1895 2614 1959 deberent,
2644 1895 2716 1951 de
2746 1895 3042 1969 praesentia
3071 1893 3167 1949 D’ei
3197 1892 3291 1948 hic
3323 1891 3563 1948 sedente“
3585 1905 3685 1963 po-

358 1979 508 2054 ἦσαν
559 1988 1080 2060 νενομοθετημένοι,
1133 1968 1281 2063 εἶχόν
1337 1968 1399 2047 τε
1421 1994 1580 2060 δόξαν
1612 1996 1689 2060 ὡς
1730 1997 1848 2052 ἐκεῖ
1873 2000 1970 2053 καὶ

2079 1992 2256 2042 terant
2272 1986 2440 2043 etiam
2463 1986 2692 2058 gloriari
2718 2004 2732 2041 :
2758 1994 3053 2057 propterea
3077 1985 3216 2040 dicit
3248 2003 3261 2039 :
3288 1983 3421 2051 Quis
3452 1982 3597 2037 dabit
3620 1998 3687 2039 ea:

357 2077 459 2133 τοῦ
488 2078 627 2133 Θεοῦ
676 2081 1044 2152 τυγχάνοντος
1069 2100 1082 2115 ο
1123 2084 1213 2139 διὰ
1242 2085 1413 2141 τοῦτό,
1442 2105 1630 2159 φησιν,
1660 2089 1759 2158 Τίς
1788 2089 1973 2146 δώσει

356 2170 435 2225 ἐκ
461 2171 620 2226 Σιὼν
653 2172 721 2227 τὸ
748 2175 1049 2244 σωτήριον
1079 2178 1189 2233 τοῦ
1232 2178 1476 2250 Ἰσραήλ
1487 2197 1507 2245 ;
1541 2183 1845 2247 τουτέστιν,
1874 2184 1975 2249 Τίς

358 2264 478 2319 ἀπὸ
510 2264 605 2319 τοῦ
656 2265 798 2319 Σιὼν
853 2268 1014 2340 ὅρους
1042 2269 1273 2342 παρέξει
1301 2270 1401 2345 τὴν
1437 2275 1719 2346 σωτηρίαν
1753 2277 1850 2330 καὶ
1876 2275 1974 2347 τὴν

359 2354 623 2427 βοήθειαν
652 2356 820 2427 ήμῖν;
848 2356 915 2410 ἵν’
943 2356 1174 2431 εἴπῃ,’0
1208 2360 1366 2427 Θεὸς,
1399 2363 1541 2417 κατά
1565 2364 1972 2436 ἀποσιώπησιν,

353 2447 441 2512 ὡς
473 2449 911 2520 ὁμολογούμενον
943 2453 1196 2524 σημήνας
1231 2453 1292 2507 τὸ
1327 2456 1496 2527 μηδὲν
1525 2457 1712 2529 ἕτερον
1743 2453 1884 2513 εἶναι
1917 2460 1977 2514 ὲν

354 2538 444 2611 τῷ
470 2540 611 2595 Σιὼν
633 2540 725 2595 τὸν
754 2542 950 2607 σώζειν
983 2544 1093 2623 ἀπὸ
1120 2544 1407 2614 κινδύνων,
1438 2548 1472 2619 ἢ
1512 2548 1645 2603 Θεδν
1679 2549 1864 2621 μόνον.

947 2679 1251 2735 ΨΑΛΜΟΣ
1302 2681 1405 2738 IE’.

434 2791 588 2862 Στίχ.
625 2790 695 2847 α’.
729 2822 801 2832 -
831 2794 1067 2864 Ὅμοιός
1096 2796 1173 2868 (1)
1209 2796 1331 2850 ἐστι
1371 2796 1449 2869 τῷ
1478 2797 1687 2871 ὲννάτῳ
1714 2800 1860 2855 κατά
1879 2801 1979 2873 τὴν

356 2883 648 2940 ὑπόθεσιν.
686 2885 984 2941 Κάνταῦθα
1033 2887 1143 2958 γάρ
1199 2888 1514 2959 εὐχαριστεῖ
1552 2890 1695 2964 ὑπὲρ
1742 2892 1844 2963 τῆς
1869 2894 1980 2948 τῶν

359 2977 664 3046 περιοίκων
693 2977 1033 3050 ἀναιρέσεως
1075 2980 1504 3051 τιμωρηθέντων
1530 2982 1638 3037 ὑπὸ
1673 2982 1834 3050 Θεοῦ,
1867 2985 1896 3038 ὃ
1915 2985 1980 3058 δὴ

362 3069 466 3122 καὶ
486 3068 709 3141 γέγονεν
741 3070 829 3124 ἐπ’
854 3069 1042 3125 αὐτοῦ.
1081 3071 1319 3136 Πολλοὺς
1350 3072 1461 3145 γὰρ
1488 3073 1584 3128 καὶ
1614 3074 1816 3147 μικροῦ
1849 3078 1984 3133 πάν-

353 3176 465 3222 τας
495 3160 624 3224 τοὺς
668 3160 987 3232 περιοίκους
1014 3163 1405 3235 ἐτιμωρήσατο
1444 3164 1535 3218 διά
1588 3167 1689 3238 τῆς
1720 3165 1815 3221 τοῦ
1843 3167 1979 3222 Θεοῦ

355 3254 713 3325 συμμαχίας.
744 3253 1000 3311 Ἀπαντα
1055 3255 1240 3327 μέντοι
1290 3257 1362 3311 τὰ
1412 3257 1507 3311 τοῦ
1553 3257 1775 3331 ψαλμοῦ
1810 3260 1887 3325 ὼς
1914 3263 1981 3316 ὲκ

355 3320 663 3416 προσώπου
695 3345 790 3400 τοῦ
834 3347 968 3402 λαοῦ
998 3320 1186 3419 φησιν.
1224 3348 1447 3421 Ἐπειδὴ
1473 3320 1585 3421 γὰρ
1619 3320 1882 3425 advehi
1910 3347 1979 3425 ἦν
2007 3320 2050 3379 c

355 3437 560 3510 κέρδος
603 3439 638 3509 ἡ
685 3437 795 3493 τῶν
823 3439 1038 3512 ἐχθρῶν
1080 3440 1384 3512 ἀναίρεσις,
1432 3441 1679 3507 ἐκείνους
1731 3443 1978 3499 διδάσκει

354 3531 518 3595 ὅπως
564 3531 767 3596 αὐτοὺς
799 3533 1091 3604 προσήκει,
1126 3534 1222 3589 καὶ
1266 3534 1410 3589 τίσιν
1465 3533 1844 3607 κεχρημένους
1866 3539 1981 3601 τοῖς

354 3624 632 3695 ῥήμασιν,
665 3624 1013 3697 εὐχαριστεῖν
1028 3626 1108 3682 τῶ
1131 3626 1251 3699 Θεῷ
1275 3627 1418 3699 ὕπερ
1446 3629 1545 3699 τῆς
1566 3630 1683 3702 τῷν
1704 3628 1980 3701 πολεμίων

355 3715 735 3787 ἀναιρέσεως.

437 3807 591 3879 Στίχ.
624 3808 701 3875 ς’.
735 3840 808 3851 -
849 3809 1070 3882 Ἐπειδὴ
1119 3810 1196 3883 (2)
1233 3811 1489 3883 σχοινίοις
1534 3812 1623 3867 ἀεὶ
1658 3813 1979 3886 μετρεῖσθαι

355 3898 619 3969 πέφυκεν
652 3902 687 3973 ἡ
711 3900 806 3973 γῆ’
827 3900 1017 3974 ὥσπερ
1043 3901 1100 3956 δὲ
1129 3902 1362 3957 ἕκαστον
1392 3903 1546 3968 ἔθνος
1577 3904 1715 3959 ἰδίαν
1734 3899 1850 3977 εἶχε
1874 3906 1979 3978 γῆν

353 3993 434 4064 ἣν
459 3992 726 4064 κατῴκει,
753 3993 897 4048 οὕτω
912 3995 1009 4050 καὶ
1036 3994 1114 4066 τῷ
1129 3994 1243 4067 λαῷ
1260 3996 1369 4050 τῶν
1385 3996 1761 4070 Ἰσραηλιτῶν,
1783 3997 1978 4072 ὥσπερ

360 4083 510 4137 ἰδίαν
567 4082 695 4138 τινὰ
749 4085 857 4156 γῆν
897 4086 1298 4159 ἀπεκλήρωσεν
1325 4090 1426 4160 τὴν
1460 4091 1561 4162 τῆς
1602 4091 1939 4162 ἐπαγγελίας
1962 4108 1975 4123 ’

354 4174 533 4229 τοῦτο
560 4174 814 4246 βούλεται
844 4177 1049 4247 λέγειν,
1089 4179 1175 4233 ὅτι
1199 4179 1414 4251 Ὥσπερ
1447 4181 1591 4236 κατὰ
1619 4181 1979 4256 διαμέτρησιν

357 4266 665 4340 ἐκληρώθη
725 4285 818 4340 μοι
844 4268 907 4323 τὸ
959 4270 1186 4339 ἄριστον
1239 4271 1411 4344 μέρος
1446 4273 1548 4344 τῆς
1582 4274 1688 4345 γῆς
1714 4291 1728 4305 ·
1753 4274 1816 4328 τὸ
1843 4276 1979 4346 γὰρ,

364 4360 666 4427 Ἔπεσεν,
698 4359 823 4414 ἀντὶ
848 4359 966 4425 τοῦ,
1005 4360 1351 4433 Ἐκληρώθη,
1395 4362 1463 4415 ὲκ
1513 4365 1828 4436 μεταφορᾶς
1871 4363 1981 4420 τῶν

362 4449 614 4522 κλήρων,
640 4449 717 4515 ὡς
745 4452 844 4506 καὶ
868 4452 927 4505 ἐν
946 4453 1066 4517 ταῖς
1089 4451 1335 4526 Πράξεσί
1355 4469 1542 4526 φησιν’
1568 4454 1681 4510 Kal
1701 4455 1929 4511 ἔπεσεν
1947 4459 1981 4511 ὁ

356 4541 603 4612 κλῆρος
628 4542 730 4597 ἐπὶ
761 4543 1057 4599 Ματθίαν.

2077 2077 2207 2135 Sion
2245 2076 2484 2133 salutare
2516 2076 2733 2133 Israel?
2778 2076 2832 2130 id
2876 2082 2994 2143 est,
3038 2074 3184 2143 Quis
3213 2089 3282 2130 ex
3322 2081 3511 2129 monte
3550 2070 3686 2126 Sion

2075 2171 2350 2244 praebebit
2408 2170 2644 2228 salutem
2689 2169 3075 2240 auxiliumque
3118 2166 3320 2223 nobis?
3354 2176 3411 2221 ut
3438 2182 3506 2222 ex
3553 2165 3685 2219 reli—

2078 2264 2261 2321 centia
2301 2263 2657 2335 respondeat,
2684 2261 2864 2327 Deus;
2901 2259 3064 2334 quasi
3104 2274 3173 2316 ex
3198 2259 3325 2330 jure
3367 2258 3685 2329 signiﬁcans

2078 2357 2292 2413 nullum
2325 2356 2495 2412 alium
2534 2371 2660 2413 esse
2687 2356 2746 2411 in
2775 2355 2881 2411 hoc
2925 2360 3115 2412 monte
3147 2352 3216 2410 ad
3254 2352 3581 2410 salvandum
3615 2368 3683 2406 ex

2074 2450 2347 2523 periculis
2376 2449 2484 2506 nisi
2510 2449 2694 2508 solum
2722 2447 2921 2505 Deum.

2622 2677 2967 2737 PSALMUS
3031 2676 3148 2734 XV.

2161 2794 2322 2852 Vens.
2354 2795 2407 2852 1.
2441 2824 2513 2836 —
2548 2790 2649 2848 llic
2686 2792 2937 2865 psalmus
2962 2806 3109 2848 nono
3138 2790 3337 2847 similis
3365 2798 3475 2857 est,
3510 2804 3687 2862 quan-

2084 2898 2199 2944 tum
2228 2888 2295 2943 ad
2325 2892 2738 2958 argumentum.
2769 2883 2907 2938 Nam
2967 2885 3136 2940 etiam
3168 2882 3261 2938 hic
3299 2882 3512 2954 gratias
3547 2882 3684 2954 agit,

2084 2991 2311 3053 propter
2349 2978 2704 3037 eversionem
2757 2974 3002 3032 hostium
3052 2973 3442 3039 ﬁnitimorum,
3483 2989 3514 3026 a
3573 2971 3690 3029 Deo

2084 3067 2447 3146 punitorum;
2493 3069 2646 3142 quod
2706 3067 3038 3145 etiam'ipsi
3090 3066 3342 3138 contigit.
3404 3065 3687 3145 Plurimos

2084 3167 2259 3232 enim,
2304 3172 2363 3221 et
2392 3161 2510 3221 fere
2546 3176 2743 3219 omnes
2792 3160 3008 3217 vicinos
3042 3160 3192 3215 ultus
3232 3167 3339 3225 est,
3378 3159 3691 3229 opitulante

2086 3257 2218 3315 Deo.
2258 3256 2433 3312 Porro
2461 3255 2645 3311 omnia
2674 3268 2800 3325 quat
2834 3253 2889 3308 in
2922 3253 3136 3324 psalmo
3170 3251 3548 3317 continentur,
3582 3251 3688 3308 sub

2084 3346 2274 3421 populi
2337 3360 2576 3418 persona
2644 3344 2911 3415 loquitur.
2994 3340 3458 3413 Quandoquidem
3537 3340 3685 3398 enim

2082 3440 2426 3498 eversionem
2487 3437 2842 3493 inimicorum
2908 3435 3015 3493 sibi
3083 3435 3241 3490 lucro
3307 3433 3687 3505 apponebant,

2082 3534 2243 3589 docet
2271 3546 2369 3588 eos
2400 3529 2679 3602 quomodo
2728 3529 2883 3599 ipsos
2913 3527 3108 3584 deceat
3129 3566 3145 3592 ,
3178 3535 3232 3583 et
3260 3527 3466 3599 quibus
3504 3526 3688 3585 verbis

2082 3623 2155 3679 ob
2180 3621 2424 3679 hostium
2457 3620 2805 3677 eversionem
2842 3617 2954 3676 Deo
2981 3616 3193 3689 gratias
3222 3632 3409 3687 agere.
3527 3619 3533 3625 '

2155 3804 2325 3862 Vens.
2358 3804 2415 3861 6.
2441 3834 2511 3846 —
2541 3802 2681 3860 Cum
2717 3801 2945 3859 funibus
2978 3816 3201 3873 semper
3254 3807 3461 3857 terram
3497 3801 3685 3857 metiri

2084 3897 2321 3966 soleant,
2354 3896 2823 3969 quemadmodum
2862 3908 3213 3966 unaquaeque
3264 3907 3402 3965 gens
3443 3891 3687 3948 habebat

2082 4004 2252 4061 quam
2293 3998 2496 4047 terram
2529 3988 2842 4054 habitabat,
2879 3987 2955 4043 ita
2996 4001 3223 4059 quoque
3282 3986 3391 4041 hoc
3424 3985 3543 4041 vult
3587 4000 3685 4055 po-

2076 4083 2219 4157 pulo
2279 4081 2595 4139 Israelitico
2625 4081 2846 4138 dicere:
2885 4077 3363 4151 quemadmodum
3399 4076 3683 4151 propriam

2084 4176 2385 4249 quamdam
2415 4184 2623 4232 terram
2660 4191 2729 4231 ex
2772 4174 3149 4247 promissione
3180 4173 3521 4237 obtinuerat,
3555 4171 3687 4226 mihi

2085 4271 2237 4327 sicut
2259 4284 2329 4324 ex
2347 4283 2613 4324 mensura
2636 4267 2851 4338 optima
2882 4282 3016 4338 pars
3043 4273 3208 4324 terra:
3236 4264 3447 4320 cecidit.
3479 4263 3685 4320 Cecidit

2083 4360 2317 4432 ponitur
2352 4375 2454 4431 pro
2488 4359 2714 4414 sortitus
2746 4374 2887 4424 sum,
2929 4373 2996 4414 ex
3048 4357 3375 4428 metaphora
3423 4358 3680 4422 sortium,

2083 4449 2554 4523 quemadmodum
2608 4450 2777 4506 etiam
2806 4448 2865 4504 in
2900 4448 3133 4505 Actibus
3161 4448 3367 4505 dicitur
3393 4467 3407 4503 :
3436 4449 3504 4503 Et
3543 4451 3681 4504 ceci-

2084 4545 2165 4600 dit
2192 4559 2311 4600 sors
2332 4530 2492 4613 super
2514 4541 2827 4599 Matthiam.
2862 4540 3004 4613 (Act.
3034 4556 3074 4609 ι,
3099 4540 3220 4609 ‘26.)

438 4654 594 4727 Στίχ.
609 4654 985 4721 ζ’.-·οὑκοῦν
1008 4656 1395 4731 εύχαριστήσω
1418 4677 1502 4715 σοι
1525 4659 1668 4732 ὑπὲρ
1692 4660 1977 4730 ἁπάντων,

2159 4658 2333 4716 Vens.
2362 4659 2418 4714 7.
2446 4687 2521 4702 —
2544 4657 2676 4714 ideo
2714 4656 2924 4731 gratias
2965 4670 3067 4728 ago
3095 4655 3190 4711 tibi
3219 4662 3447 4728 propter
3470 4655 3677 4721 omnia,

353 4751 450 4805 ὅτι
481 4750 545 4803 οὐ
573 4750 738 4822 μόνον
773 4751 879 4822 γῆν
908 4767 1011 4823 ,μοι
1044 4750 1286 4816 δέδωκας
1318 4751 1600 4824 ἐξαίρετον
1639 4756 1720 4818 εἰς
1751 4754 1970 4826 κτῆσιν,

354 4838 483 4895 ἀλλ’
511 4839 596 4893 ὃτι
623 4840 719 4894 καὶ
741 4839 961 4895 σύνεσιν
1015 4839 1293 4912 παρέσχες
1322 4840 1418 4894 καὶ
1450 4841 1647 4912 σοφίαν
1679 4841 1776 4897 τοῦ
1802 4843 1977 4916 πράτ-

354 4949 481 4986 τειν
506 4931 545 4987 ἀ
563 4933 629 5006 δὴ
664 4932 1117 5007 [ὲ]νομοθετήσα.ς
1142 4932 1273 5006 περὶ
1292 4933 1393 5005 τὴν
1415 4933 1526 4990 τῶν
1562 4937 1853 5008 πρακτέων
1881 4937 1979 4991 καὶ

362 5023 481 5080 τῶν
516 5024 594 5097 μὴ
620 5024 906 5081 τοιούτων.

437 5223 591 5295 Στίχ.
628 5230 701 5295 η’.
717 5254 790 5265 σ-
814 5224 915 5279 Διά
938 5223 1099 5280 τοῦτο
1143 5228 1334 5295 ποῖον;
1372 5229 1591 5301 Ἐπειδὴ
1612 5232 1983 5301 Προωρώμην

361 5316 595 5384 Κύριον
616 5315 882 5372 ἐνώπιόν
913 5335 1037 5388 μου
1079 5317 1434 5387 διαπαντὸς,
1467 5320 1564 5375 καὶ
1595 5322 1698 5376 οὐκ
1731 5323 1983 5393 ἀπεσφά-

359 5408 490 5479 λην,
524 5408 716 5480 φησὶν,
743 5408 856 5463 τῶν
905 5409 1144 5465 ἐλπίδων
1164 5428 1180 5444 ο
1214 5411 1331 5466 ἀλλ’
1368 5413 1558 5485 ἐπειδὴ
1581 5414 1672 5468 ἀεὶ
1698 5414 1799 5487 τὴν
1829 5416 1984 5490 παρά

364 5497 468 5555 τοῦ
498 5499 918 5573 προσεδεχόμην
955 5500 1234 5575 βοήθειαν,
1268 5503 1461 5576 ἔτυχον
1499 5499 1575 5560 ὧν
1613 5505 1861 5579 ἐξῄτουν,
1887 5509 1985 5570 καὶ

362 5591 427 5645 ὲν
462 5590 781 5665 εὐφροσύνῃ
809 5593 1086 5666 κατέστην
1108 5594 1277 5668 πολλῇ
1297 5635 1312 5651 .

443 5705 596 5777 Στίχ.
620 5712 671 5760 ι’.
694 5737 766 5747 —
792 5707 1093 5763 Κάνταῦθα
1121 5708 1286 5764 πάλιν
1311 5710 1422 5765 ἀπὸ
1443 5711 1544 5783 τῆς
1568 5711 1749 5784 ψυχῆς
1777 5711 1838 5766 τὸ
1858 5714 1979 5767 ὅλον

370 5798 549 5853 καλεῖ·
595 5799 918 5856 Ἀπολαύσω
947 5801 1005 5855 δὲ
1035 5802 1261 5867 τούτων,
1288 5804 1475 5875 φησιν,
1507 5805 1694 5877 ἐπειδή
1726 5823 1794 5876 με
1818 5806 1982 5871 αὐτὸς

459 5976 538 6048 (1)
572 5975 777 6035 lterum
802 5996 866 6035 ex
904 5980 1192 6039 Corderio.

2079 4768 2148 4811 eo
2183 4752 2335 4826 quod
2366 4765 2478 4808 non
2516 4750 2698 4808 solum
2732 4750 2873 4805 mihi
2906 4758 3115 4808 terram
3151 4749 3430 4820 egregiam
3474 4746 3681 4805 dedisti

2079 4847 2139 4905 in
2172 4845 2615 4918 possessionem,
2652 4841 2752 4900 sed
2788 4842 2955 4899 etiam
3001 4843 3149 4915 quod
3200 4841 3552 4913 prudentiam
3590 4856 3683 4897 sa-

2080 4939 2459 5014 pientiamque
2491 4934 2822 4994 concessisti
2871 4935 2941 4992 ad
3000 4935 3258 4992 facienda
3309 4947 3442 5006 qua:
3476 4949 3683 5005 praece-

2084 5032 2219 5106 pisti
2248 5032 2316 5089 de
2344 5030 2456 5099 bis,
2490 5028 2728 5100 scilicet,
2767 5044 2891 5101 quae
2943 5027 3156 5103 agenda
3190 5032 3322 5085 sunt
3374 5039 3439 5082 ac
3469 5024 3537 5081 dc
3594 5024 3682 5082 his

2086 5141 2213 5198 quae
2240 5140 2355 5181 non
2383 5121 2620 5197 agenda.
3066 5128 3067 5131 ‘

2161 5234 2328 5292 Vens.
2359 5233 2415 5292 8.
2438 5263 2511 5276 —
2537 5232 2775 5305 Propter
2824 5232 2933 5289 boc
2981 5232 3266 5303 quodnam
3321 5227 3588 5302 (oﬁ‘eram
3612 5225 3682 5299 )?

2046 5350 2055 5355 θ
2087 5325 2226 5383 Cum
2260 5325 2593 5396 providerem
2610 5325 2903 5380 Dominum
2929 5325 2983 5379 in
3009 5332 3289 5393 conspectu
3317 5337 3432 5376 meo
3452 5336 3679 5390 semper,

2085 5434 2213 5484 nec,
2247 5419 2452 5490 inquit,
2479 5432 2511 5474 a
2539 5432 2640 5489 spe
2668 5416 3004 5485 frustrarer;
3035 5414 3132 5472 sed
3167 5430 3293 5471 cum
3329 5429 3598 5486 scmpera
3625 5422 3682 5471 te

2096 5510 2439 5580 adiutorium
2490 5508 2826 5579 acciperem,
2869 5520 2993 5577 quae
3026 5504 3375 5576 postulabam
3405 5504 3539 5559 mihi
3581 5505 3681 5562 ob-

2066 5610 2380 5667 .venerunt,
2414 5607 2581 5672 atque
2606 5600 2663 5655 in
2700 5613 2902 5671 magna
2928 5597 3120 5653 laetitia
3152 5597 3493 5655 constitutus
3528 5612 3675 5655 sum.

2161 5712 2328 5769 Vens.
2363 5713 2451 5768 10.
2486 5712 2657 5768 —-lbi
2686 5713 2928 5768 animam
2977 5726 3195 5768 omnem
3246 5726 3537 5783 personam
3575 5726 3679 5766 vo-

2090 5814 2199 5861 cat.
2233 5805 2332 5861 [lis
2376 5805 2635 5862 omnibus
2689 5804 2865 5875 fruar,
2925 5804 3125 5878 inquit,
3167 5820 3295 5863 cum
3356 5801 3679 5863 custodiens

2174 5984 2251 6056 (ε)
2296 5984 2400 6041 Mai
2433 5986 2567 6044 ibid.
2597 6001 2650 6058 ρ.
2676 5987 2801 6044 595.
