4162 6474
566 445 642 513 T59
1708 461 2058 518 TllEODORl
2090 455 2576 515 MOPSUESTENI

3691 449 3791 505 000

535 587 623 625 me
659 570 715 624 in
748 571 1010 640 periculis
1072 573 1254 642 perire
1306 589 1417 628 non
1473 576 1651 642 sinas,
1716 592 1817 632 nec
1872 593 1960 632 me
2008 577 2117 630 illis

2243 570 2624 641 ρυλάττωνούκ
2670 569 2764 638 ἐᾷς
2819 566 3176 620 ἐναπολέσθαι
3205 567 3314 628 τοῖς
3354 563 3640 627 κινδύνοις,
3675 561 3793 614 οὐδὲ

535 664 1007 732 corrumpendum
1052 665 1279 733 trades;
1343 676 1711 738 sanctumque
1758 683 1965 723 vocans
2015 683 2112 737 po-

536 760 723 827 pulum
751 759 1159 831 (lsraeliticum
1183 760 1200 830 )
1225 759 1292 815 ad
1327 759 1753 818 discernendum
1785 760 1855 815 ab
1884 760 2008 814 aliis
2043 759 2113 813 ob

542 850 636 906 Dei
678 853 1073 922 cognitionem.

609 1009 778 1066 Vens.
814 1010 900 1065 H.
935 1040 1006 1050 -—
1028 1009 1112 1064 Ex
1143 1009 1286 1063 vultu
1319 1019 1431 1070 tuo,
1463 1010 1514 1064 id
1538 1020 1641 1072 est,
1691 1011 1768 1064 Ex
1807 1017 1899 1062 tua
1934 1008 2113 1060 mani-

543 1101 836 1156 festatione
885 1108 1052 1172 atque
1099 1098 1373 1170 adjutorio
1437 1098 1738 1168 adimpleor
1791 1096 2002 1152 laetitia.
2043 1124 2114 1136 --

539 1192 1107 1249 Animadvertendum
1153 1200 1238 1249 est
1289 1201 1468 1246 autem
1533 1206 1750 1262 quoque
1808 1190 1894 1246 his
1934 1190 2116 1245 verbis

543 1285 670 1340 linis
698 1285 895 1355 psalmi
937 1284 1157 1340 beatum
1189 1284 1498 1355 apostolum
1527 1281 1752 1338 Petrum
1789 1282 1844 1336 in
1886 1282 2116 1336 Actibus

543 1374 772 1445 (11,25)
805 1383 865 1430 ut
903 1373 971 1430 de
1001 1374 1228 1431 Domino
1273 1373 1438 1429 dictis
1487 1389 1648 1430 usum
1704 1373 1897 1430 fuisse.
1947 1371 2118 1427 Porro

545 1468 828 1522 sciendum
851 1473 937 1524 est
964 1467 1156 1523 eodem
1187 1482 1356 1523 sensu
1387 1467 1503 1522 haec
1539 1465 1703 1521 verba
1737 1475 1868 1520 tunc
1898 1481 1928 1519 a
1958 1465 2118 1520 beato

546 1558 710 1614 Petro
741 1559 985 1614 adhibita
1013 1558 1207 1625 fuisse,
1239 1575 1365 1615 cum
1400 1567 1532 1614 tunc
1575 1558 1644 1613 ad
1677 1558 2118 1614 convincendum

546 1652 763 1707 dixerit.
803 1650 1033 1720 Pmprie
1073 1662 1280 1717 autem,
1339 1659 1393 1706 et
1436 1651 1595 1721 juxta
1647 1666 1840 1708 verum
1897 1666 2118 1708 sensum

546 1745 862 1809 verborum,
882 1743 1009 1799 dico
1035 1751 1291 1799 eventum
1317 1741 1519 1799 habere
1549 1744 1604 1798 in
1636 1743 1889 1808 Domino,
1917 1743 1982 1800 de
2013 1760 2122 1814 quo

546 1850 767 1907 quoque
818 1837 874 1890 in
927 1834 1300 1890 testimonium
1354 1849 1490 1891 usus
1543 1843 1670 1904 est,
1717 1837 1880 1907 quasi
1934 1852 2120 1891 rerum

545 1934 741 1983 eventu
770 1925 838 1982 de
867 1927 962 1982 illo
978 1926 1683 1983 evidentiustestimonium
1720 1927 1994 1998 praebente
2017 1929 2117 1986 (ll.
2154 1967 2196 2021 Β

1072 2257 1400 2315 PSALMUS
1440 2258 1576 2314 XVI.

617 2394 785 2450 Vens.
813 2395 866 2450 6.
899 2424 969 2434 —
989 2385 1216 2448 Mutatio
1248 2393 1513 2464 temporis
1549 2393 1694 2447 facta
1724 2401 1829 2457 est,
1863 2393 1986 2447 loco
2014 2391 2126 2444 Ex-

491 2545 496 2550 .
549 2483 646 2537 tuli
687 2479 949 2552 quoniam
980 2480 1210 2538 exaudis
1239 2498 1349 2548 me,
1379 2481 1640 2552 quoniam
1672 2481 1949 2537 exaudisti
1981 2495 2088 2536 me.

624 2706 792 2764 Vens.
830 2707 884 2762 8.
916 2736 986 2748 -
1019 2706 1076 2761 ltl
1103 2714 1190 2761 est
1234 2705 1622 2761 resistentibus
1671 2703 1949 2774 adiutorio
1994 2711 2126 2765 tuo;

547 2814 674 2854 eum
710 2797 856 2854 enim
895 2795 1134 2862 dixerit,
1175 2794 1281 2861 Qui
1305 2793 1479 2848 salvos
1511 2792 1644 2862 facis
1680 2800 1948 2861 sperantes
1980 2790 2034 2842 in
2083 2799 2132 2842 te

551 2895 641 2960 (ν.
666 2890 784 2961 7);
819 2888 1173 2960 sperantibus
1224 2895 1407 2941 autem
1444 2885 1502 2939 in
1533 2899 1600 2939 eo
1648 2883 1926 2938 succurrit
1968 2891 2132 2950 atque

554 2979 884 3045 auxiliatur,
948 2979 1268 3035 resistentes
1322 2990 1451 3031 vero
1516 2973 1869 3045 sperantibus
1927 2972 2134 3027 auxilio

555 3089 657 3128 suo
684 3073 860 3128 bonos
889 3072 1045 3127 dixit.

630 3163 890 3218 Dominus
951 3167 1270 3230 susceptor,
1318 3156 1573 3228 quoniam
1630 3151 1850 3226 adjuvat
1888 3170 1995 3218 me,
2035 3167 2133 3209 nec

556 3257 688 3312 sinit
735 3270 820 3310 me
853 3252 1110 3324 perverti.
1148 3249 1284 3306 Illud
1316 3250 1462 3305 enim
1498 3267 1511 3303 :
1547 3249 1590 3302 Α
1620 3247 1821 3302 dextris
1861 3257 1938 3302 est
1984 3247 2136 3310 mihi,
2185 3296 2206 3315 η
2242 3247 2670 3314 περιτραπῆναι.
2708 3247 2781 3290 ἰὀ
2808 3247 2917 3306 γαρ
2939 3275 2954 3298 ,
2994 3247 3084 3286 Ἐκ
3121 3247 3338 3295 est;th
3359 3247 3477 3296 μου
3507 3247 3702 3287 εστιν,
3736 3247 3836 3274 n-u

558 3367 620 3376 μη
663 3362 984 3376 “humum-..
1039 3343 1178 3376 ἴδη-γι
1228 3345 1308 3376 Mt
1356 3347 1517 3376 nlnnn
1573 3340 1866 3376 αιινὶιεαιιιν
1903 3339 2032 3376 mihi
2056 3357 2070 3369 -
2110 3355 2136 3376 ο)
2168 3301 2210 3354 (λ
2247 3335 2322 3376 ιιὴ
2355 3329 2651 3376 nmis-110(7)-
2688 3328 2809 3376 ἀντὶ
2836 3326 2950 3376 τοῦ.
2982 3323 3176 3376 Βοηθεῖ
3211 3337 3336 3376 μοι.
3365 3317 3474 3372 ἀπὸ
3512 3315 3607 3368 τοῦ
3661 3308 3836 3376 δεξιοὖ

2237 3335 2322 3406 μὴ
2355 3329 2653 3394 σαλευθῶ,
2688 3328 2809 3383 ἀντὶ
2836 3326 2950 3390 τοῦ,
2982 3323 3176 3394 Βοηθεῖ
3211 3337 3336 3391 μοι,
3365 3317 3474 3372 ἀπὸ
3512 3315 3607 3368 τοῦ
3661 3315 3838 3376 δεξιοῦ

558 3367 620 3402 ne
659 3362 1002 3408 commovear,
1039 3343 1179 3399 idem
1228 3345 1312 3397 est
1355 3347 1538 3412 atque,
1571 3340 1866 3394 attxiliatur
1903 3339 2071 3407 mihi;
2109 3355 2137 3393 a

560 3442 752 3494 dextra
797 3438 1007 3494 scilicet
1043 3444 1097 3492 et
1126 3435 1326 3508 potiori
1365 3441 1520 3505 parte
1557 3433 1819 3488 auxilium
1853 3447 2078 3488 vocans.

633 3573 801 3630 Vens.
835 3573 923 3627 10.
953 3602 1023 3612 —
1057 3571 1169 3637 Sic,
1203 3569 1405 3642 inquit,
1437 3568 1657 3625 delicati
1694 3577 1844 3635 sunt,
1875 3567 1948 3621 ita
1983 3573 2043 3621 ut
2077 3580 2144 3620 ne

561 3671 730 3723 ullius
772 3669 997 3722 turbent
1053 3666 1337 3721 mollitiem
1370 3673 1589 3728 cavent,
1628 3663 1951 3718 conclusum
1997 3661 2141 3716 enim

565 3765 712 3816 hunc
745 3760 963 3829 adipem
1006 3759 1064 3812 in
1112 3772 1312 3828 magna
1355 3755 1658 3812 securitate
1707 3755 2141 3810 constituerunt.

564 3853 711 3907 Dicit
740 3851 1110 3906 concluserunt
1142 3864 1242 3920 pro
1260 3848 1668 3917 prosperitatem
1691 3861 1844 3900 suam
1868 3845 1924 3899 in
1952 3861 2147 3914 magna

566 3945 854 4000 securitate
885 3941 1097 4008 habent,
1133 3941 1209 3994 ita
1251 3945 1312 3993 ut
1345 3939 1533 3994 nullus
1585 3952 1752 3993 casus
1786 3936 1896 3992 illis
1945 3937 2148 3990 timcn-

569 4037 672 4091 dus
705 4035 800 4099 sit,
833 4049 901 4089 ne
925 4031 1140 4087 dicatur
1171 4030 1298 4087 vita:
1328 4028 1640 4089 felicitatem
1675 4025 2010 4098 perdidisse.

643 4260 809 4315 Vens.
842 4255 1130 4312 ll.——Ad
1177 4256 1283 4310 hoc
1327 4253 1661 4323 respiciunt,
1705 4260 1880 4319 atque
1923 4247 1991 4301 ad
2051 4244 2155 4299 hoc

579 4354 711 4407 tntis
745 4350 955 4405 viribus
995 4349 1250 4412 tendunt,
1280 4355 1340 4402 ut
1367 4360 1454 4401 me
1496 4361 1564 4401 ex
1603 4352 1756 4400 terra
1783 4336 2148 4402 haereditatis,

581 4441 636 4498 id
663 4450 771 4510 est,
804 4458 871 4496 ex
900 4449 1049 4499 terra
1082 4436 1470 4509 promissionis
1496 4435 1791 4508 depellant.

2220 659 2562 732 παραδώσεις
2604 676 2672 729 με
2711 657 3074 729 διαφθαρῆναι
3130 655 3220 708 ὑπ’
3254 653 3453 708 αὐτῶν·
3492 653 3638 704 ὅσιον
3669 652 3793 702 κάν-

2217 751 2392 806 ταῦθα
2418 751 2510 804 τὸν
2541 749 2669 804 λαὸν
2707 748 2910 813 καλῶν,
2940 746 3078 817 πρὸς
3108 743 3515 812 ἀντιδιαστολὴν
3549 739 3795 805 ἐκείνων,

2219 845 2294 904 ὡς
2318 843 2510 914 ἔχοντα
2538 841 2630 895 τοῦ
2661 839 2796 894 Θεοῦ
2831 839 2929 908 τὴν
2957 837 3182 907 γνῶσιν.

2291 993 2440 1063 Στίχ.
2467 1000 2553 1047 ια’.
2587 1020 2656 1032 -
2682 991 2826 1043 ’Δντὶ
2866 987 2984 1053 τοῦ,
3004 989 3104 1042 Ἐκ
3137 985 3462 1054 προσώπου
3493 999 3629 1046 σου,
3655 1000 3796 1035 τουτ-

2223 1083 2472 1146 έστι,Ἐκ
2498 1083 2599 1151 τῆς
2633 1079 2952 1150 ἐπιφανείας
2995 1094 3090 1130 σου
3122 1075 3216 1130 καὶ
3245 1076 3343 1144 τῆς
3372 1073 3521 1143 παρὰ
3549 1071 3643 1126 σοῦ
3676 1072 3801 1142 βοηε

2224 1175 2375 1240 θείας
2422 1173 2743 1246 πληροῦμαι
2787 1169 3145 1243 εὐφροσύνης.
3179 1163 3698 1237 -Ἐπισημαντέον
3748 1164 3801 1216 δὲ

2227 1267 2504 1324 κάνταῦθα
2535 1268 2618 1321 ὅτι
2649 1268 2765 1329 τοῖς
2813 1261 3147 1325 τελευταίοις
3177 1259 3273 1314 τοῦ
3306 1258 3522 1329 ψαλμοῦ
3561 1259 3588 1310 ὁ
3626 1256 3804 1328 μακᾶα

2230 1379 2342 1432 ριος
2370 1359 2666 1423 ἀπόστολος
2692 1350 2900 1427 Πέτρος
2932 1357 2989 1407 ἐν
3023 1354 3143 1417 ταῖς
3181 1351 3420 1422 Πράξεσι
3453 1349 3528 1412 ὡς
3556 1349 3683 1417 περὶ
3710 1346 3803 1400 τοῦ

2227 1453 2432 1523 Κυρίου
2476 1450 2786 1522 εἰρημένοις
2836 1446 3128 1518 ἐχρήσατο.
3147 1441 3342 1495 ’ἰστέον
3371 1441 3549 1494 τοίνυν
3576 1440 3655 1493 ὅτι
3682 1438 3812 1491 κάνσρ

2236 1546 2411 1600 ταῦθα
2428 1544 2570 1598 κατά
2586 1544 2684 1612 τὴν
2697 1540 2866 1611 αὐτὴν
2892 1539 3100 1592 ἔννοιαν
3115 1535 3428 1606 ἐξείληπται
3451 1532 3527 1603 τῷ
3559 1530 3808 1602 μακαρίῳ

2240 1637 2566 1706 Ἀποστόλῳ·
2599 1632 2787 1704 ἐπειδὴ
2836 1629 3072 1684 ἐνταῦθα
3124 1626 3221 1698 μὲν
3267 1622 3810 1696 προτρεπτικώτερον

2229 1726 2474 1798 εἴρηται·
2510 1723 2714 1794 κυρίως
2735 1721 2792 1774 δέ
2823 1719 2918 1773 καὶ
2947 1716 3090 1772 κατὰ
3117 1716 3214 1787 τὴν
3244 1715 3419 1785 ἀληθῆ
3454 1713 3682 1775 ἔννοιαν,
3715 1710 3812 1780 τὴν

2231 1821 2367 1892 πρὸς
2385 1818 2454 1872 τὰ
2476 1816 2614 1889 ῥητὰ
2635 1816 2801 1884 λέγω,
2831 1813 2932 1884 τὴν
2956 1811 3178 1865 ἔκϐασιν
3203 1808 3316 1879 ἔχει
3343 1808 3436 1859 ἐπὶ
3461 1804 3554 1858 τοῦ
3584 1801 3810 1873 Κυρίου,

2232 1913 2316 1980 ἐφ’
2345 1903 2405 1964 οὗ
2431 1910 2525 1962 καὶ
2555 1909 2624 1977 τῇ
2652 1904 2927 1977 μαρτυρίᾳ
2953 1902 3251 1973 ἐχρήσατο·
3283 1898 3358 1962 ὡς
3395 1897 3497 1966 τῆς
3526 1895 3632 1948 τῶν
3679 1910 3814 1963 πρα-

2225 2003 2450 2072 γμάτων
2477 1997 2752 2061 ἐκϐάσεως
2794 1995 2878 2049 ἐπ’
2906 1993 3068 2048 αὐτοῦ
3101 1988 3442 2063 κυριωτέραν
3469 1987 3567 2059 τὴν
3606 2002 3813 2057 μαρτυ-

2229 2094 2350 2169 ρίαν
2377 2089 2799 2160 ἀποφαινούσης.

2801 2240 3092 2294 “mox
3128 2240 3249 2306 ις’.

2300 2385 2448 2453 Στίχ.
2490 2387 2564 2447 ς’.
2583 2409 2656 2423 —-
2684 2376 2980 2447 Ἐναλλαγὴ
3005 2375 3198 2448 χρόνου
3225 2370 3532 2443 γεγένηται,
3563 2369 3683 2422 ἀντὶ
3705 2366 3820 2430 τοῦ,

2231 2470 2420 2544 Ἀρον·
2474 2470 2568 2524 τοῦ
2615 2469 2736 2523 Ὅτι
2787 2464 3075 2527 ἐπακούεις
3125 2481 3249 2535 μοι,
3293 2461 3423 2514 Ὅτι
3473 2454 3824 2525 ὲπήκουσάς

2227 2583 2367 2641 μου.

2305 2700 2453 2770 Στίχ.
2482 2704 2553 2766 η’.
2584 2725 2656 2738 --
2679 2693 2987 2755 Τουτέστιν,
3006 2686 3478 2754 Ἀνθεστηκότων
3508 2684 3574 2754 τῇ
3607 2679 3826 2750 βοηθείᾳ

2239 2810 2332 2847 σου
2354 2808 2367 2822 ·
2403 2787 2591 2858 ἐπειδὴ
2623 2785 2734 2856 γὰρ
2767 2781 2944 2847 εἶπεν,
2969 2784 3031 2835 '0
3069 2778 3269 2840 σώζων
3299 2776 3441 2842 τοὺς
3479 2773 3829 2834 ἐλπίζοντας

2239 2880 2343 2934 ἐπὶ
2373 2879 2476 2933 σοί
2498 2894 2512 2909 ·
2541 2878 2655 2939 τοῖς
2682 2874 2741 2929 δέ
2783 2871 3094 2936 ἐλπίζουσιν
3131 2869 3217 2922 ἐπ’
3246 2864 3395 2935 αύτῷ
3417 2863 3580 2927 αὐτὸς
3615 2858 3831 2930 ἐπαμύ-

2241 2989 2324 3025 νει
2379 2970 2476 3024 καὶ
2534 2965 2747 3039 βοηθεϊο
2803 2964 2928 3027 τοὺς
2957 2958 3357 3028 ἀνθεστηκότας
3384 2957 3495 3017 τοῖς
3523 2951 3833 3015 ἐλπίζουσιν

2242 3062 2329 3115 ἐπ’
2356 3060 2518 3114 αὐτὸν
2547 3060 2613 3129 τῇ
2644 3055 2811 3110 αὑτοῦ
2845 3051 3066 3124 βοηθείᾳ
3089 3048 3286 3111 καλοὺς
3315 3045 3538 3116 ἔφησεν.

2312 3151 2516 3222 Κύριος
2543 3149 2619 3219 (2)
2644 3149 2673 3202 ὁ
2693 3144 3141 3218 προσδεχόμενος,
3176 3141 3258 3192 ὅτι
3285 3135 3486 3207 βοηθεῖ,
3525 3135 3618 3187 καὶ
3642 3129 3836 3222 οὐκνὲᾷ

2242 3221 2670 3314 περιτραπῆναι.
2708 3238 2781 3290 Τὸ
2808 3235 2917 3306 γὰρ
2939 3275 2954 3298 ,
2989 3235 3084 3286 Ἐκ
3121 3229 3338 3295 δεξιῶν
3359 3227 3477 3296 μού
3507 3224 3702 3287 ἐστιν,
3728 3221 3839 3314 ἵνα

2243 3429 2338 3484 καὶ
2369 3425 2463 3480 τοῦ
2511 3423 2820 3495 κρείττονος
2869 3417 2966 3490 τὴν
3018 3415 3271 3487 βοήθειαν
3315 3409 3569 3472 καλέσας.

2315 3559 2464 3630 Στίχ.
2497 3564 2621 3612 ι¹.-
2644 3555 2720 3626 (5)
2759 3552 2935 3615 Οὕτω,
2960 3549 3124 3620 φησὶν
3145 3589 3160 3614 ,
3194 3545 3330 3599 εἰσὶν
3367 3539 3640 3604 εὐπαθεῖς,
3661 3537 3746 3630 ὡς.
3765 3537 3842 3607 μὴ

2246 3625 2487 3704 διαδῦναι
2504 3625 2681 3700 αὐτῶν
2701 3639 3073 3710 τὸνλιπασμόν
3093 3654 3105 3667 ·
3127 3634 3316 3706 ἐπειδὴ
3330 3631 3509 3703 γὰρτὸ
3526 3625 3846 3696 συγκεκλει-

2251 3741 2444 3811 σμένον
2479 3739 2536 3790 ἐν
2564 3733 2834 3804 ἀσφαλείᾳ
2864 3728 3090 3801 πλείστῃ
3120 3726 3478 3792 καθέστηκεν,
3505 3717 3663 3772 τοῦτο
3692 3716 3847 3784 λέγει

2250 3807 2331 3894 τδ,
2367 3827 2808 3887 Συνέκλεισαν,
2839 3821 2961 3875 ἀντὶ
2983 3817 3102 3881 τοῦ,
3130 3816 3240 3887 Τὴν
3269 3812 3521 3883 εὐθηνίαν
3566 3807 3744 3863 αὐτῶν
3788 3809 3848 3858 ἐν

2252 3921 2482 3992 πλείστῃ
2509 3917 2721 3988 ἔχουσιν
2749 3911 3037 3981 ἀσφαλείᾳ,
3064 3907 3138 3972 ὡς
3170 3905 3303 3977 μηδέ
3327 3902 3631 3992 προσδοκιξν
3663 3897 3849 3952 αὐτῶν

2251 3989 2551 4072 διαπεσεῖν,
2583 4008 2651 4060 ἶν’
2681 4005 2811 4076 εἴπῃ
2853 4005 2932 4056 ὅτι
2980 4003 3081 4056 οὑκ
3129 3995 3400 4054 ἀπέϐαλον
3438 3993 3531 4046 τοῦ
3580 3990 3699 4061 βίου
3743 3989 3850 4059 τὴν

2254 4101 2579 4175 εὐπραγίαν.

2328 4234 2480 4305 Στίχ.
2512 4239 2601 4287 ια’.
2624 4263 2694 4272 -
2718 4230 2862 4300 Πρὸς
2886 4227 3043 4280 τοῦτο
3069 4224 3367 4296 ἀφορῶσιν,
3397 4224 3490 4275 καὶ
3531 4220 3667 4290 πρὸς
3688 4216 3855 4271 τοῦτο

2258 4329 2440 4400 ἔχουσι
2469 4327 2647 4380 πᾶσαν
2675 4323 2774 4394 τὴν
2811 4320 3068 4391 σπουδὴν,
3102 4317 3244 4370 ὣστε
3278 4315 3380 4386 ἐμὲ
3411 4315 3512 4384 τῆς
3556 4313 3660 4382 γῆς
3687 4310 3856 4363 ἐκδα-

2259 4421 2372 4473 λεῖν
2415 4417 2513 4488 τῆς
2555 4413 2945 4485 κληρονομίας,
2979 4408 3260 4463 τουτέστιν
3289 4407 3388 4477 τῆς
3414 4407 3518 4476 γῆς
3547 4402 3646 4472 τῆς
3680 4403 3856 4468 ἐπαγ-

2266 4511 2471 4582 γελίας.

643 4664 812 4735 *(4)
870 4662 971 4730 Qui
1017 4655 1331 4734 quondam,
1376 4659 1580 4731 inquit},
1644 4673 1732 4713 me
1792 4655 2134 4724 beatumpra}

2329 4678 2396 4691 --
2438 4645 2501 4698 Οἱ
2575 4643 2745 4706 ποτὲ,
2809 4639 2981 4710 φησὶ,
3052 4633 3482 4707 μακαρίζοντες,
3538 4629 3632 4682 νῦν
3683 4644 3859 4681 κατα-

577 4753 868 4815 clicabant,
953 4767 1098 4806 nunc
1159 4756 1565 4822 persequuntur
1642 4755 1697 4801 et
1765 4744 2155 4807 circumdant,

579 4851 689 4897 nte
731 4841 909 4896 medio
943 4843 1154 4894 tollant.
1193 4840 1286 4894 Sic
1335 4839 1480 4892 enim
1520 4844 1574 4890 et
1623 4832 1994 4905 Symmachus
2057 4833 2155 4898 ait,

580 4933 802 4987 Beatum
836 4949 915 4986 me
947 4931 1295 5000 prazdicantes
1317 4968 1332 4992 ,
1379 4925 1657 4993 confestim
1699 4922 2161 4977 circumdederunt

582 5043 680 5080 me.
721 5021 1067 5093 Projicientcs
1102 5035 1230 5075 vero
1262 5019 1354 5072 hic
1388 5015 1602 5071 vocavit
1638 5029 1733 5069 eos
1776 5014 1868 5083 qui
1919 5014 2148 5069 beatum

585 5115 971 5185 prmdicabant,
1007 5112 1134 5182 quia
1191 5123 1303 5163 non
1333 5107 1548 5161 sincera
1577 5113 1759 5160 mente
1803 5103 1956 5176 prius
2016 5104 2146 5159 bea-

585 5217 698 5260 tum
729 5204 1024 5268 dixerant;
1056 5199 1149 5256 sed
1183 5207 1243 5253 ut
1290 5197 1568 5266 ejicerent,
1618 5205 1673 5251 et
1720 5208 1750 5249 a
1803 5195 2017 5251 decenti
2071 5197 2156 5249 via

586 5298 920 5353 diverterent
949 5333 963 5356 ,
1023 5291 1092 5350 ad
1134 5291 1497 5360 imposturam
1535 5289 1620 5343 usi
1693 5296 1823 5344 sunt
1875 5287 2164 5344 vocabulis

591 5387 966 5444 beatitudinis.

662 5524 827 5577 Vens.
855 5521 941 5575 12.
974 5550 1042 5563 ν-
1073 5519 1405 5592 Exspectant
1445 5534 1549 5586 me,
1606 5526 1664 5574 ut
1699 5517 1949 5588 perdant,
2009 5529 2162 5568 more

667 5751 739 5818 tt)
797 5747 919 5804 llazc
958 5747 1149 5818 ultima
1178 5746 1794 5818 verbanerroneasunt.
1839 5739 1963 5795 Vid.
2017 5737 2072 5792 S.
2117 5738 2172 5789 S.

596 5813 747 5880 Curs'.
771 5819 955 5888 compl.
982 5826 1020 5871 ι..
1041 5817 1155 5883 XV,
1194 5819 1297 5870 col.
1331 5816 1418 5869 53.
1450 5814 1604 5868 Eon.
1634 5813 1803 5866 l‘x'rn.

671 5893 744 5960 εἳ)
773 5889 845 5944 Ex
877 5889 1162 5946 Cortlcrio.

2265 4736 2520 4792 διώκουσι
2577 4735 2670 4787 καὶ
2722 4729 3144 4802 περικυκλοῦσιν
3168 4767 3182 4793 ,
3212 4726 3354 4780 ὥστε
3403 4721 3632 4777 ἀνελεῖν.
3665 4719 3862 4781 Οὕτως

2267 4829 2375 4899 γὰρ
2396 4827 2544 4895 λέγει
2569 4825 2661 4880 καὶ
2687 4823 3001 4894 Σύμμαχος,
3032 4817 3470 4888 Μακαρίζοντες
3488 4811 3864 4882 παραχρῆμα

2270 4913 2762 4986 περιεκύκλωσάν
2785 4931 2879 4983 με.
2925 4912 3370 4975 Ἐκόἀλλοντας
3399 4907 3456 4960 δέ
3505 4905 3634 4966 τοὺς
3678 4918 3867 4972 μακα-

2274 5009 2518 5080 ρίζοντας
2569 5003 2803 5058 ἐνταῦθα
2858 5003 3139 5064 ἐκάλεσεν,
3190 4999 3378 5068 ἐπειδὴ
3429 4997 3502 5068 μὴ
3545 4993 3746 5064 γνησίᾳ
3791 4993 3862 5062 τῇ

2269 5099 2474 5170 διανοίᾳ
2502 5097 2591 5150 τὸν
2616 5095 2968 5167 μακαρισμὸν
2998 5092 3276 5147 ἐποιοῦντο
3307 5090 3368 5143 τὸ
3389 5089 3650 5159 πρότερον
3675 5102 3687 5115 ο
3715 5083 3864 5136 ὥστε

2265 5190 2322 5243 δέ
2373 5187 2625 5242 ἐκϐαλεῖν
2671 5185 2766 5240 καὶ
2823 5183 3085 5254 ἐκτρέψαι
3133 5181 3232 5259 τῆς
3273 5175 3659 5248 προσηκούσης
3705 5171 3862 5233 ὁδοῦ,

2267 5281 2483 5350 ἀπάτης
2511 5279 2701 5332 ἐνεκεν
2747 5279 2860 5340 τοῖς
2889 5274 2983 5329 τοῦ
3043 5269 3396 5344 μακαρισμοῦ
3455 5269 3696 5341 ῥήμασιν
3739 5261 3868 5316 ἐκέ-

2271 5393 2490 5449 χρηντο.

2339 5511 2485 5581 Στίχ.
2522 5509 2607 5579 ιβ’.
2635 5535 2702 5546 ——
2748 5500 3112 5574 Περιμένουσί
3148 5515 3238 5570 με,
3267 5496 3408 5551 ὥστε
3443 5492 3672 5558 ἀνελεῖν,
3704 5487 3871 5556 δίκην

2358 5734 2436 5796 (3)
2469 5727 2725 5783 Maiibid.

2359 5795 2433 5856 (ll
2465 5800 2539 5854 Ex
2575 5795 2854 5853 Cerderio.
