4162 6468
430 439 539 497 68f

1635 458 2006 547 EXPOSITIO
2042 465 2111 520 ΙΝ
2155 467 2490 531 l’SALMOS.

3610 494 3713 552 (562

431 557 848 673 lfowog‘eﬂpav
875 563 1304 673 προσδοκῶντος.
1327 570 1472 625 Ἀντὶ
1496 572 1575 639 δὲ,
1606 575 2025 649 Περιμένουσιν,

2137 584 2309 644 leonis
2334 589 2570 659 praedam
2609 596 2999 664 exspectantis.
3029 597 3136 655 Pro
3152 610 3457 673 exspectant
3511 616 3712 671 autem,

430 647 581 706 εἶπεν
611 651 707 717 τὸ,
759 653 1113 710 ’Υπέλαϐον.
1170 656 1388 731 Ἐπειδὴ
1444 664 1492 715 oi
1527 647 2021 738 ὑπολαμϐάνοντες,

429 742 650 833 ἔσεσθαί
690 760 743 797 τι
772 744 1099 817 προδοκῶσι.
1119 749 1401 816 Τουτέστι,
1437 753 1653 827 Ταύτην
1685 755 1868 833 έχουσι
1896 762 2026 833 περὶ

429 832 565 905 ἐμοῦ
612 833 712 906 τὴν
745 835 1035 907 ὑπόληψιν,
1071 839 1154 893 ὅτι
1179 840 1442 912 λήψονται
1464 844 1657 921 ὥσπερ
1692 832 1813 904 τινά
1860 832 2022 924 θῆρα.

427 924 588 980 θῦτω
618 927 712 980 καὶ
746 927 826 993 τὸ,
846 929 1275 1003 ’Υπε.1άϐομεν,
1305 937 1339 989 ὁ
1366 936 1532 1004 θεὸς,
1569 940 1637 993 τὸ
1670 940 1844 1010 ἔλεός
1886 959 2024 1009 σου,

425 1019 699 1084 τουτέστι,
724 1022 1163 1097 Περιεμείναμεν
1183 1026 1276 1081 καὶ
1303 1029 1786 1106 προσεδοκήσαμεν
1808 1036 2028 1094 ἔσεσθαί

430 1127 525 1164 σου
559 1111 618 1164 ἐν
648 1111 786 1181 ἡμῖν
812 1115 913 1185 τὴν
949 1116 1384 1190 φιλανθρωπίαν.

502 1314 651 1387 Στίχ.
671 1318 1015 1386 ιγ’.--Τινὲς,
1042 1321 1121 1394 (l)
1154 1324 1444 1397 Ῥομφαίᾳ
1464 1343 1604 1391 σου,
1623 1331 2027 1400 ἀναγινώσκου-

432 1422 538 1470 σιν,
556 1405 649 1460 ἐπὶ
667 1408 764 1479 τῆς
784 1409 1002 1482 δοτικῆς
1033 1413 1296 1480 πτώσεως
1316 1416 1582 1487 λέγοντες·
1603 1420 1794 1475 ἔστιδὲ
1820 1422 1920 1495 οὐχ
1944 1421 2029 1476 οὔ·

429 1515 560 1567 τως,
580 1500 737 1565 ἀλλὰ,
773 1500 1097 1574 Ῥομφαίας
1118 1520 1257 1575 σου,
1277 1512 1344 1582 τῇ
1368 1514 1559 1583 γενικῇ
1581 1511 1785 1566 πτώσει
1801 1512 2027 1584 λεγόμε-

431 1606 541 1645 νονο
564 1592 737 1656 οὕτως
760 1594 871 1667 γὰρ
886 1596 900 1617 ³
920 1596 1140 1664 Ακύλας
1162 1596 1306 1668 εἷπε,
1342 1605 1654 1674 Μαχαίρας
1713 1621 1851 1662 σου.
1876 1609 1942 1662 ’Ὀ
1968 1608 2026 1662 δὲ

432 1682 681 1755 βούλεται
702 1689 899 1754 εἰπεῖν,
921 1690 1164 1749 τοιοῦτόν
1185 1695 1334 1749 ἐστιν
1351 1714 1366 1728 ’
1382 1697 1574 1752 Ῥῦσαι
1590 1698 1688 1771 τὴν
1702 1699 1882 1772 ψυχήν
1901 1718 2025 1773 μου,

432 1777 710 1831 τουτέστιν
746 1780 868 1851 ἐμὲ,
905 1782 1014 1836 ἀπὸ
1051 1784 1256 1841 τούτων
1283 1788 1392 1845 τῶν
1427 1782 1658 1859 ἀσεϐῶν,
1684 1793 1780 1847 καὶ
1801 1794 1909 1847 ἀπὸ
1925 1793 2027 1859 τῆς

431 1872 708 1941 ῥομφαίας
739 1873 849 1929 τῶν
884 1875 1099 1949 ἐχθρῶν
1134 1878 1429 1954 τῆςχειρός
1444 1899 1573 1936 σουο
1606 1884 1880 1955 ῥομφαίαν
1917 1885 2027 1958 γὰρ

430 1961 588 2015 καλεί
610 1963 710 2035 τὴν
739 1965 861 2018 κατ’
897 1966 1065 2021 αὐτοῦ
1096 1971 1393 2044 γινομένην
1422 1974 1514 2027 ὑπ’
1542 1974 1723 2030 αὐτῶν
1756 1977 2026 2049 μηχανὴν,

430 2054 616 2126 πάσης
652 2057 930 2128 μαχαίρας
967 2062 1090 2113 κατ’
1129 2063 1745 2139 αύτοῦοτμητικωτέραν
1772 2069 1873 2140 τὴν
1904 2071 2026 2122 ἐπι-

427 2147 632 2220 ϐουλὴν
659 2149 1040 2225 ἐργαζομένην
1058 2170 1071 2184 ·
1097 2154 1327 2227 ἐχθροὺς
1353 2157 1413 2213 δὲ
1438 2160 1536 2231 τῆς
1563 2161 1747 2231 χειρὸς
1770 2160 1864 2215 τοῦ
1892 2162 2028 2240 βεοῦ
2071 2189 2083 2198 -

427 2240 590 2294 καλεῖ
613 2244 742 2306 τοὺς
760 2243 991 2316 ἐχθροὺς
1015 2247 1146 2312 τοὺς
1165 2248 1332 2304 αὑτοῦ
1351 2266 1367 2283 ο
1396 2251 1585 2324 ἐπειδὴ
1619 2253 1707 2306 τὸν
1738 2254 1832 2307 ὑπ’
1862 2254 2055 2309 αὐτοῦ.

426 2333 729 2405 χρισθέντα
746 2337 828 2400 είς
851 2336 1076 2408 βασιλέα
1094 2341 1237 2395 ἑλεῖν
1263 2342 1683 2410 ἐσπουδακότες,
1712 2345 1862 2417 αὐτῷ
1883 2346 2031 2418 δῆλοι

425 2423 572 2501 ἦσαν
600 2428 984 2501 ἐχθραίνοντες
1010 2433 1090 2505 τῷ
1120 2434 1262 2507 Θεῷ,
1295 2437 1392 2490 καὶ
1421 2441 1536 2503 τοῖς
1565 2438 1658 2492 ὑπ’
1685 2438 1853 2495 αὑτοῦ
1875 2457 2031 2510 γενο-

429 2521 619 2592 μένοις
644 2522 1003 2580 ἀνθίστασθαι
1030 2528 1450 2595 ἐσπουδακότες.

496 2617 652 2687 Στίχ.
694 2617 778 2673 ιδ’.
814 2649 885 2661 —-
916 2620 992 2674 Τὸ
1023 2621 1125 2692 μὲν
1171 2620 1286 2692 οὖν,
1336 2625 1641 2681 Ἀπολύων
1668 2626 1747 2697 (2)
1777 2627 1898 2683 ἀπὸ
1923 2626 2034 2696 τῆς

428 2712 570 2783 τῆς,
596 2710 720 2770 εἷπε
744 2716 884 2790 πρὸς
901 2716 995 2771 τὸν
1020 2716 1175 2783 Θεὸν,
1198 2717 1276 2782 ῶς
1292 2717 1360 2773 ἂν
1383 2719 1549 2773 αὐτοῦ
1569 2719 1667 2790 τὴν
1686 2720 1780 2774 τοῦ
1799 2721 2033 2775 θανάτου

429 2806 719 2876 ἀπόφασιν
778 2807 924 2861 κατά
986 2807 1097 2864 τῶν
1153 2807 1462 2880 ἀνθρώπων
1496 2809 1918 2880 ἐξενέγκαντος’
1967 2810 2034 2865 ἵν’

430 2900 584 2972 εἴπῃ,
610 2900 692 2954 ὅτι
723 2900 797 2955 Σὺ
820 2902 849 2954 ὁ
868 2900 1078 2965 πάντας
1104 2900 1472 2973 ἀποθνήσκειν
1499 2902 1669 2957 ποιῶν
1685 2920 1697 2934 ·
1728 2903 1810 2969 τὸ,
1835 2904 2036 2974 Διαμέ-

431 3005 626 3059 ρισον,
650 2992 775 3045 ἀντὶ
823 2990 943 3060 τοῦ,
990 2992 1409 3064 Διασκόρπισον,
1450 2994 1559 3048 ἀπὸ
1590 2993 1685 3048 τοῦ
1718 2995 1781 3049 τὸ
1810 3012 2037 3068 σκορπι-

432 3081 661 3154 ζόμενον
690 3083 913 3148 πάντως
937 3084 1063 3156 τῇδε
1084 3085 1309 3139 κάκεῖσε
1329 3085 1652 3157 μερίζεσθαι
1671 3102 1687 3118 ⁸
1709 3087 1768 3140 τὸ
1801 3086 1881 3153 δέ,
1916 3087 2038 3142 Τῶν

428 3174 880 3244 κεκρυμμένων,
912 3175 1032 3230 ἀντὶ
1055 3174 1177 3244 τοῦ,
1213 3177 1335 3230 Τῶν
1366 3178 1649 3249 τιμωριῶν
1678 3195 1773 3232 σου
1789 3172 1865 3232 ὧν
1893 3177 2039 3249 ἔχεις

2129 676 2266 732 dixit
2327 695 2686 753 susceperunt.
2729 688 2997 754 Quoniam
3051 694 3147 764 qui
3200 699 3548 769 suscipiunt,
3610 701 3713 757 ali-

2129 770 2258 861 quid
2294 770 2538 829 futurum
2568 785 2910 849 exspectant.
2941 782 2995 836 Id
3020 792 3126 852 est,
3161 785 3345 842 Talem
3379 788 3446 851 de
3471 804 3558 845 me
3590 791 3713 861 opi-

2130 859 2347 917 nionem
2377 863 2600 935 babent,
2637 877 2698 923 ut
2730 884 2817 925 me
2858 872 3027 927 veluti
3064 872 3237 932 ieram
3286 879 3582 949 quamdam
3620 859 3715 934 rc-

2129 965 2330 1010 nentur
2362 965 2416 1013 et
2460 960 2697 1030 capiant.
2729 962 2920 1020 Simile
2947 974 3032 1021 est
3058 975 3110 1022 et
3138 968 3268 1023 illud
3309 988 3322 1024 :
3350 970 3715 1041 Suscepimus,

2130 1043 2377 1114 Domine,
2417 1050 2839 1108 misericordiam
2893 1064 3040 1111 tuam
3100 1056 3296 1129 (Paul.
3356 1076 3527 1127 xevu,
3591 1063 3716 1133 10),

2129 1137 2233 1192 hoc
2263 1145 2368 1203 est,
2400 1138 2852 1214 Exspectavimus
2901 1145 3139 1202 futuram
3176 1148 3230 1203 in
3268 1151 3427 1209 nobis
3465 1152 3720 1209 humani-

2131 1238 2294 1286 tatem
2325 1238 2496 1288 tuam.

2201 1339 2798 1413 Vens.13.—-Quidam
2820 1351 3073 1423 ’ῥομφαίᾳ
3103 1352 3469 1424 (cumframea
3495 1356 3608 1419 tua)
3646 1358 3720 1409 it"

2130 1442 2263 1502 gunt
2291 1435 2475 1490 dativo
2503 1452 2657 1493 casu.
2692 1438 2812 1495 Non
2864 1449 3157 1499 autemest
3177 1444 3280 1509 ita,
3308 1446 3403 1502 sed
3438 1449 3719 1519 ῥομφαίας

2131 1529 2186 1595 (a
2210 1526 2414 1594 {ramea
2439 1528 2553 1600 tua)
2575 1532 2816 1600 genitivo
2832 1547 2964 1590 casu
2999 1533 3291 1606 legendum
3320 1544 3437 1605 est;
3467 1539 3547 1594 sic
3575 1539 3719 1592 enim

2127 1614 2266 1669 dixit
2294 1615 2489 1685 Aquila
2516 1617 2793 1690 μαχαίρας
2833 1622 2909 1690 (α
2941 1620 3123 1691 gladio
3158 1631 3247 1679 tuo
3270 1627 3311 1695 ).
3346 1623 3503 1691 Quod
3531 1626 3718 1681 dicere

2129 1706 2264 1771 vult,
2317 1706 2422 1763 hoc
2452 1719 2576 1765 est:
2613 1709 2780 1783 Eripe
2815 1713 3057 1770 animam
3112 1730 3317 1784 meam,
3365 1717 3421 1772 id
3467 1728 3557 1775 est
3610 1734 3725 1774 mc-

2129 1798 2334 1867 ipsum,
2365 1800 2435 1857 ab
2460 1801 2546 1859 his
2578 1803 2788 1875 impiis,
2833 1813 3003 1879 atque
3036 1821 3066 1862 a
3111 1807 3319 1865 framea
3370 1809 3720 1867 inimicorum

2135 1904 2333 1949 manus
2356 1900 2483 1949 tute.
2511 1894 2799 1953 Frameam
2822 1908 3017 1955 autem
3049 1909 3211 1956 vocat
3257 1902 3441 1957 omnis
3494 1902 3715 1973 generis

2132 1996 2284 2036 arma
2314 1982 2381 2038 ab
2417 1984 2528 2040 illis
2562 1984 2786 2042 inventa
2815 1988 3020 2058 quibus
3064 1988 3141 2043 illi
3183 1989 3421 2046 insidias
3451 1989 3723 2059 periculo-

2134 2070 2313 2129 siores
2341 2074 2635 2143 parabant.
2680 2076 2941 2135 inimicos
2989 2094 3123 2135 vero
3163 2094 3361 2135 manus
3421 2078 3517 2135 Dei
3563 2086 3723 2133 vocat

2133 2163 2391 2221 inimicos
2431 2165 2636 2237 ipsius,
2673 2183 2798 2223 cum
2833 2185 2998 2239 quem
3027 2179 3264 2225 unxerat
3300 2172 3356 2226 in
3405 2184 3589 2243 regem
3623 2168 3724 2224 de-

2132 2256 2343 2326 pellere
2376 2258 2683 2315 studerent.
2712 2258 3007 2317 Manil‘este
3034 2260 3271 2317 oderant
3316 2260 3510 2326 Deum,
3560 2259 3723 2316 factis

2137 2349 2207 2404 ab
2233 2350 2357 2421 ipso
2390 2352 2670 2421 obsistere
2700 2351 3010 2410 studentes.

2215 2625 2379 2683 Vens.
2414 2627 2502 2684 14.
2531 2656 2591 2668 —-
2624 2628 2703 2684 De
2755 2638 2899 2684 terra
2929 2645 3052 2701 ergo
3093 2627 3427 2700 disperdens,
3453 2629 3522 2684 ad
3557 2627 3723 2685 Deum

2140 2717 2285 2773 dixit
2314 2727 2579 2791 tanquam
2623 2719 2908 2777 decretum
2965 2723 3159 2779 mortis
3223 2728 3418 2777 contra
3475 2720 3725 2776 homines

2139 2819 2515 2877 exserentem,
2546 2819 2610 2866 ut
2639 2810 2861 2867 dicatur
2888 2812 3049 2868 morti
3083 2813 3236 2870 solus
3283 2813 3578 2883 imperare.
3628 2809 3727 2864 Di-

2139 2901 2256 2957 vide
2290 2914 2392 2972 pro
2423 2901 2700 2975 disperge,
2748 2904 2897 2961 unde
2943 2903 3255 2975 dispersum
3304 2903 3533 2988 omnin‘o
3566 2903 3723 2957 undi-

2139 3007 2249 3065 que
2280 2992 2637 3050 dividendum
2666 3005 2771 3050 est.
2803 3026 2873 3036 —
2895 2994 3235 3051 Absconditis
3284 3001 3470 3051 autem
3508 3009 3608 3065 pro
3650 2995 3729 3047 ul-

2138 3085 2389 3143 tionibus
2423 3101 2564 3159 quas
2591 3087 2949 3144 absconditas
2980 3096 3161 3155 tenes,
3193 3102 3446 3159 quasque
3477 3102 3604 3142 cum
3629 3100 3730 3141 vo-

2140 3178 2312 3235 lueris
2345 3181 2561 3238 exseris
2593 3180 2664 3235 ad
2695 3180 2795 3237 hos
2827 3181 3080 3238 homines
3116 3181 3416 3253 imparatos
3451 3188 3618 3253 atque
3647 3180 3729 3235 in-

429 3267 490 3319 ἐν
514 3267 846 3340 ἀποκρύφῳ,
865 3269 953 3334 ἃς,
976 3270 1067 3323 ὅτε
1095 3270 1290 3337 θέλεις,
1316 3270 1581 3344 ἐκφέρῃς,
1620 3271 2036 3342 τιμωρούμενος

2144 3271 2295 3328 scias
2328 3271 2703 3330 ulciscendas.

427 3356 862 3429 ἀπροσδοκήτως
887 3358 1017 3422 τοὺς
1041 3358 1390 3432 ἀνθρώπους,
1419 3362 1516 3415 καὶ
1543 3360 1621 3425 ὼς
1654 3361 1755 3415 οὐκ
1781 3362 1986 3415 ἴσασιν.

505 3450 655 3521 Στίχ.
696 3451 779 3506 ιε’.
810 3481 882 3495 -—
909 3453 1225 3521 Τουτέστιν,
1277 3455 1506 3510 Ἐκεῖνοι
1550 3455 1649 3526 μέν
1692 3471 1776 3508 τοι
1810 3453 2036 3509 τοιαῦτα

427 3542 891 3614 διαπραξάμενοι,
921 3543 1129 3615 ταύτης
1150 3545 1351 3599 δίκαιοι
1387 3547 1662 3618 τιμωρίας
1694 3547 2031 3603 ἀπολαῦσαι·

639 3634 710 3689 δὲ
745 3636 900 3705 μετὰ
934 3636 1333 3706 δικαιοσύνης
1375 3655 1459 3692 σοι
1486 3640 1697 3708 φανεὶς,
1747 3640 2032 3695 τουτέστιν

430 3728 588 3782 οὐδὲν
616 3727 806 3783 ἄδικον
838 3729 921 3793 είς
942 3729 1143 3794 αὐτοὺς
1179 3729 1646 3801 διαπραξάμενος,
1673 3730 2037 3805 πληρωθήσοο

435 3838 540 3892 μαι
570 3821 672 3893 τῆς
700 3822 800 3893 σῆς
837 3819 1114 3892 βοηθείας,
1160 3822 1258 3875 καί
1306 3821 1603 3878 ἀπολαύσω
1627 3824 1726 3895 τῆς
1752 3822 1914 3895 δόξης
1941 3841 2045 3879 σου

433 3931 514 3968 πα
524 3914 592 3985 ρά
629 3913 748 3969 σοῦ.

1026 4009 1325 4064 ΨΑΛΜΟΣ
1353 4010 1452 4065 ΙΖ¹.

507 4124 660 4197 Στίχ.
695 4132 770 4191 ς’.
801 4155 869 4169 --
892 4125 966 4179 Τὸ
996 4124 1053 4179 δὲ
1074 4167 1089 4193 ,
1133 4125 1536 4197 Προέερθασάν
1575 4144 1665 4195 με,
1709 4125 1950 4181 τοιοῦτόν
1987 4144 2041 4180 τι

432 4218 619 4287 λέγειν
649 4217 903 4289 βούλεται
922 4234 937 4249 ⁸
962 4216 1259 4283 Τοσαῦται,
1287 4219 1474 4290 φησὶν,
1512 4220 1610 4274 καὶ
1635 4219 1886 4275 τοιαῦται
1916 4221 2039 4274 κατ’

434 4311 575 4382 ἐμοῦ
595 4310 702 4365 τῶν
726 4310 938 4382 ἐχθρῶν
961 4310 1247 4365 ἐπιϐουλαὶ
1277 4312 1589 4386 γεγόνασιν,
1609 4310 1687 4377 ὡς
1709 4310 2043 4386 προ[σ]φθὰ-

437 4418 533 4455 σαι
564 4419 668 4473 μου
699 4402 794 4455 καὶ
816 4403 909 4454 τὸν
934 4402 1220 4474 λογισμὸν,
1258 4403 1355 4457 καὶ
1397 4403 1533 4475 μηδὲ
1575 4404 1769 4475 καιρὸν
1795 4402 2043 4457 ἐνδοῦναί

439 4508 534 4562 μοι
569 4490 666 4543 καὶ
701 4490 1033 4563 κατανόησιν
1074 4492 1171 4545 καὶ
1211 4492 1350 4565 πρὸς
1389 4492 1450 4547 τὸ
1499 4493 1712 4563 ἀφιδεῖν
1758 4492 1865 4546 τίνι
1910 4490 2040 4565 δὲ[ῖ]

436 4581 630 4654 τρόπῳ
661 4581 761 4653 τὴν
800 4581 981 4654 φυγὴν
1011 4582 1111 4655 τὴν
1144 4582 1205 4649 ἐξ
1230 4583 1411 4638 αὐτῶν
1439 4583 1790 4656 πορίσασθαι.

2212 3447 2381 3503 Vens.
2413 3449 2500 3505 15.
2535 3448 2685 3505 —ld
2723 3458 2829 3517 est,
2869 3449 2953 3506 llli
3000 3450 3093 3521 qui
3150 3450 3278 3521 talia
3336 3450 3606 3516 fecerunt,
3640 3451 3731 3504 tali

2144 3541 2357 3596 ultione
2386 3547 2446 3595 ut
2476 3540 2736 3596 Fruamur
2763 3542 2913 3613 digni
2948 3520 3100 3599 sunt.
3125 3572 3185 3582 —
3225 3520 3338 3612 Ego
3367 3550 3545 3595 autem
3570 3543 3625 3596 in
3641 3543 3739 3612 ju-

2139 3633 2292 3689 stitia
2319 3647 2506 3688 coram
2546 3642 2601 3688 te
2631 3648 2927 3704 apparens,
2978 3633 3035 3688 id
3087 3640 3193 3699 est,
3245 3631 3543 3704 Postquam
3600 3633 3732 3687 nihil

2141 3726 2316 3797 iniqui
2358 3740 2526 3797 egero
2556 3741 2686 3798 erga
2726 3727 2875 3790 illos,
2908 3725 3254 3797 adimplebor
3298 3723 3580 3796 adiutorio
3619 3733 3731 3792 tuo,

2143 3819 2429 3891 gloriaque
2460 3826 2552 3875 tua
2581 3817 2727 3888 apud
2762 3824 2819 3873 te
2846 3817 3025 3872 fruar.

2671 4016 2997 4074 PSALMUS
3043 4016 3210 4072 XVII.

2215 4131 2387 4188 Vens.
2423 4129 2478 4186 6.
2514 4159 2583 4169 —
2628 4102 3142 4198 Prwoccupaverunt
3174 4142 3255 4181 me
3307 4125 3608 4197 quidquam
3638 4124 3737 4179 ltu-

2138 4221 2385 4294 jusmodi
2407 4221 2561 4276 dicer
2616 4221 2770 4275 vult:
2801 4218 2906 4275 Tot
2932 4226 2988 4275 et
3018 4224 3192 4273 tantae
3214 4206 3407 4273 contra
3436 4230 3524 4272 me
3560 4215 3746 4270 inimi-

2144 4327 2341 4369 corum
2369 4311 2585 4367 insidiae
2625 4310 2782 4365 factm
2814 4316 2978 4374 sunt,
3014 4314 3075 4363 ut
3103 4315 3521 4378 praeoccupetur
3572 4305 3737 4361 etiam

2143 4402 2290 4458 ratio
2318 4416 2595 4468 mea,nec
2646 4400 2810 4455 detur
2861 4406 3083 4467 tempus
3127 4413 3309 4467 neque
3373 4395 3737 4466 intelligentia

2145 4496 2215 4552 ad
2246 4494 2473 4551 modum
2516 4491 2907 4564 inquirendum
2953 4505 3022 4547 ex
3063 4490 3319 4545 manibus
3359 4503 3554 4545 eorum
3607 4503 3736 4543 eva-

2146 4586 2333 4644 dendL

512 4694 659 4766 Στίχ.
695 4701 766 4766 η’.
796 4695 971 4750 --“Ιν’
994 4697 1148 4769 sing,
1171 4698 1347 4769 (5)613.
1382 4697 1477 4752 τοῦ
1507 4697 1643 4752 Θεοῦ
1678 4698 2035 4765 ἀκούσαντος,

2218 4695 2387 4752 Vens.
2421 4695 2474 4751 8.
2505 4723 2575 4736 —
2607 4693 2683 4749 Ac
2711 4694 2759 4750 si
2792 4692 2939 4749 dicat
2973 4709 2987 4748 :
3029 4690 3164 4746 Cum
3200 4688 3345 4745 Deus
3395 4687 3693 4743 audivisset
3721 4727 3735 4749 .

439 4785 538 4841 καὶ
582 4786 1004 4858 συγκινηθέντος
1036 4790 1118 4852 εἰς
1159 4789 1351 4862 ὀργὴν,
1396 4790 1615 4863 πρῶτον
1671 4790 1770 4861 μὲν
1823 4790 2040 4845 ἅπαντα

438 4877 754 4945 ἐσαλεύετο,
786 4881 858 4952 γῆ
890 4897 952 4933 τε
982 4880 1078 4936 καὶ
1110 4879 1234 4954 ὅρη.
1261 4878 1397 4936 Εἶτα
1445 4882 1663 4954 ἐδείχθη
1703 4882 1912 4946 καπνὸς
1938 4880 2041 4951 τῆς

437 4971 614 5042 ὀργῆς
669 4969 837 5025 αὐτοῦ
893 4970 955 5025 τὸ
1005 4973 1331 5046 προοίμιον,
1365 4974 1461 5028 καί⁵
1517 4973 1658 5045 μετά
1712 4972 1873 5027 τοῦτο
1929 4971 2042 5044 πῦρ

439 5057 686 5130 ἀνήφθη,
720 5057 969 5114 τουτέστι
1011 5062 1263 5133 φανερῶς
1309 5062 1665 5136 ὀργιζόμενος
1693 5062 1930 5134 ἐδείχθη,
1954 5060 2044 5117 διὰ

439 5151 544 5222 τῆς
587 5149 739 5206 κατά
782 5152 893 5207 τῶν
943 5153 1157 5226 ἐχθρῶν
1201 5138 1494 5228 τιμωρίας.
1549 5152 1687 5209 Εἶτα
1719 5154 2045 5227 βουλόμενος

443 5242 539 5297 καὶ
579 5247 681 5315 τῆς
705 5245 981 5318 τιμωρίας
1016 5246 1116 5319 τὴν
1159 5247 1412 5303 ἐπίτασιν
1469 5249 1665 5314 εἰπεῖν,
1699 5250 1766 5320 τῇ
1819 5245 2046 5303 ἀκολου-

441 5335 538 5408 θίᾳ
582 5328 686 5407 τῆς
735 5336 944 5402 οἰκείας
997 5339 1348 5411 χρησάμενος
1390 5340 1911 5413 σωματοποιήσεως,
1945 5342 2046 5393 ἐπ-

441 5429 676 5499 ήγαγεν·
729 5429 941 5521 Ἀζέϐη
973 5432 1226 5498 καπνός.

519 5632 667 5705 Στίχ.
694 5633 759 5688 θ’.
794 5665 863 5675 —-
895 5636 1074 5707 Πυρός
1125 5634 1233 5707 γὰρ
1268 5634 1343 5703 (ὦ)
1387 5635 1481 5689 ἐπὶ
1533 5634 1663 5689 πολὺ
1718 5635 2035 5706 γενομένου,

524 5813 604 5880 (ι)
639 5813 742 5870 Mai
773 5815 908 5869 ibid.

523 5884 600 5953 (2)
623 5884 946 5941 Theodorus
968 5902 1091 5939 cum
1113 5886 1250 5940 LXX
1270 5888 1395 5955 legit
1420 5889 1689 5947 ἀπολύων,
1715 5886 2046 5954 dispertitum,

450 5969 550 6019 pro
584 5956 689 6009 ἀπὺ
720 5956 951 6019 ὀλίγων,
987 5974 1015 6009 a
1048 5961 1255 6023 paucis,
1293 5960 1435 6022 quod
1463 5969 1546 6015 est
1590 5956 1831 6027 Vulgata:
1865 5959 2044 6012 lectio.

2146 4798 2202 4848 et
2229 4789 2298 4846 ad
2326 4789 2464 4844 iram
2502 4786 2812 4843 concitatus
2849 4792 3018 4852 esset,
3063 4782 3301 4854 primum
3345 4780 3566 4853 quidem
3617 4796 3737 4835 om-

2148 4883 2237 4938 nia
2292 4886 2569 4936 commota
2624 4884 2777 4943 sunt,
2838 4886 2949 4932 tam
3020 4884 3193 4940 terra,
3264 4889 3429 4947 quam
3498 4880 3735 4930 montes.

2149 4971 2356 5030 Deinde
2414 4971 2672 5042 apparuit
2703 4968 2866 5024 initio
2902 4966 3209 5025 l‘umusirae
3260 4967 3404 5038 ejus,
3465 4966 3519 5021 et
3582 4971 3739 5036 post-

2149 5065 2376 5123 modum
2416 5064 2560 5136 ignis
2603 5076 2873 5119 accensus
2904 5060 3043 5131 fuit;
3115 5059 3304 5125 idest,
3345 5059 3525 5129 palam
3564 5057 3739 5111 iratus

2148 5158 2403 5230 apparuit
2431 5196 2446 5222 ,
2471 5164 2694 5228 propter
2725 5153 3060 5226 supplicium
3118 5150 3267 5222 quod
3318 5148 3563 5204 inimicis
3594 5148 3739 5202 irro-

2147 5250 2333 5324 gabat.
2392 5247 2643 5319 Denique
2734 5262 2861 5303 cum
2937 5255 2993 5302 et
3066 5242 3325 5313 supplicii
3405 5240 3735 5311 gravitatem

2148 5340 2427 5410 explicare
2495 5338 2680 5406 vellet,
2750 5337 2807 5391 in
2858 5335 3021 5391 obvia
3095 5335 3417 5401 metaphora
3482 5344 3512 5383 a
3571 5330 3738 5385 rebus

2148 5434 2434 5503 corporeis
2483 5431 2774 5500 desumpta
2831 5441 3085 5498 pergens,
3153 5414 3486 5491 sulijunxit,
3542 5423 3737 5477 Ascen-

2153 5524 2233 5578 dit
2265 5524 2465 5593 fumus.

2225 5633 2391 5688 Vens.
2436 5630 2744 5687 9.-—-Cum
2792 5626 2937 5683 enim
3001 5625 3143 5696 ignis
3199 5626 3472 5697 plurimus
3559 5622 3736 5677 factus

2156 5813 2310 5868 ῐῖιιιτ.

2231 5886 2306 5945 (3t
2339 5883 2415 5935 Ex
2457 5882 2735 5937 (iordrt‘io.

2233 5955 2308 6022 (ι)
2343 5953 2445 6006 Mai
2472 5953 2603 6008 una.
