4162 6474
469 412 575 468 665

1643 416 1991 473 TllEODORI
2030 414 2510 473 MOPSUESTENI

3607 420 3714 479 664

468 536 563 593 sit.
593 530 863 589 carbones
902 530 1105 584 multos
1157 528 1275 583 licri
1311 530 1581 601 contigit:
1640 533 1900 586 omnibus
1959 534 2045 585 his

2165 530 2425 602 ἱνθρακας
2446 531 2537 585 ἐπὶ
2565 531 2699 586 πολὺ
2718 524 2983 599 ’γενέσθαι
3019 530 3331 603 συμϐαίνει·
3358 531 3424 585 δι’
3440 531 3576 584 ὅλων
3598 531 3720 602 βου-

468 625 653 681 dicere
685 621 894 689 volens,
926 621 1090 676 simul
1116 629 1337 677 orantes
1364 621 1739 689 cxaudivisse,
1781 638 2032 677 commo—

464 725 581 771 tum
610 713 779 770 fuisse
820 720 1011 767 contra
1042 712 1320 776 inimicos,
1370 714 1671 784 statimque
1700 716 1884 769 omnia
1918 729 2041 783 pcr-

466 806 701 861 turbari.
775 804 861 860 Ira
937 812 1119 859 autem
1200 804 1321 874 ejus
1383 820 1450 860 ex
1523 813 1682 875 parte
1750 804 2041 860 effectibus

466 896 798 969 quibusdam
825 895 1098 967 patefacta
1126 904 1244 961 est,
1286 910 1437 950 nunc
1464 910 1596 950 vero
1629 895 1820 950 hostes
1850 896 2041 951 ulcisci

464 989 673 1059 coepit:
712 996 945 1058 augetur
977 988 1059 1041 ira
1112 1001 1175 1040 ac
1214 980 1595 1042 vehementius
1626 986 1756 1040 illos
1787 986 2040 1056 castigat.

467 1080 675 1137 Deinde
703 1094 1086 1151 perseverans,
1116 1078 1241 1134 illos
1274 1079 1502 1133 omnino
1530 1077 1706 1134 delet:
1738 1086 1872 1133 tunc
1894 1078 2041 1133 enim

466 1168 740 1224 carbones
768 1166 1127 1223 consumendi
1178 1181 1297 1222 mos
1338 1173 1445 1234 est,
1506 1182 1630 1222 cum
1672 1166 1839 1238 ignis,
1886 1165 2046 1221 valde

468 1266 687 1323 auctus,
721 1257 869 1329 ligna
904 1256 1153 1327 subjecta
1187 1255 1455 1312 incendit.

536 1478 706 1535 Vsus.
740 1477 762 1532 l
775 1478 828 1533 0.
848 1508 919 1519 ——
939 1476 1047 1534 Sed
1063 1492 1191 1533 cum
1208 1492 1274 1533 ex
1301 1478 1479 1533 sacris
1501 1477 1702 1543 verbis,
1731 1493 1851 1549 qua!
1870 1478 2047 1550 profe-

467 1570 640 1626 renda
677 1577 830 1638 sunt,
878 1569 997 1625 fore
1030 1578 1093 1624 ut
1128 1570 1433 1640 quidquam
1476 1570 1743 1625 indecens
1795 1578 1893 1624 aut
1944 1570 2047 1624 hu-

472 1664 600 1719 mile
622 1663 877 1719 videatur
898 1662 1218 1734 praevideat,
1248 1662 1449 1717 iterum
1484 1677 1789 1723 sermonem
1813 1663 2046 1723 extollit,

470 1758 664 1813 dicens
691 1775 704 1812 :
740 1756 1022 1812 Descendit
1043 1755 1109 1810 de
1134 1756 1285 1821 caelo,
1312 1766 1363 1810 et
1393 1755 1618 1810 habebat
1641 1756 1923 1825 caliginem
1953 1755 2048 1810 sub

2128 622 2334 702 ⁸ληθεὶς
2381 623 2574 687 εἰπεῖν,
2614 623 2696 676 ὅτι
2743 622 2861 693 ἅμα
2897 640 2956 676 τε
3005 624 3235 693 ἤκουσεν
3267 622 3586 694 εὐξαμένου,
3627 622 3722 679 καὶ

2151 715 2378 785 ἐκινήθη
2434 713 2575 767 κατά
2624 714 2733 768 τῶν
2776 714 3005 785 ἐχθρῶνσ
3036 713 3133 769 καὶ
3164 714 3327 778 εὐθὺς
3365 714 3465 784 μὲν
3509 716 3723 769 ἅπαντα

2149 806 2469 859 ὲσαλεὺετο’
2504 806 2829 874 ὑπεφαίνετο
2853 805 2911 858 δὲ
2936 804 3101 859 αὑτοῦ
3130 805 3272 859 κατά
3302 805 3465 877 μέρος
3508 805 3603 858 καὶ
3637 805 3725 858 διά

2150 898 2490 969 πραγμάτων
2532 900 2567 970 ἡ
2612 898 2773 970 ὀργὴ,
2802 897 2898 953 νῦν
2921 898 3019 968 μὲν
3042 898 3345 970 ἀρχομένου
3368 897 3727 968 τιμωρεῖσθαι

2149 989 2278 1051 τοὺς
2303 988 2611 1060 πολεμίους,
2656 988 2936 1061 προϊόντος
2961 989 3018 1042 δὲ
3040 990 3135 1043 καὶ
3157 988 3510 1060 σφοδρότερον
3533 988 3727 1051 αὑτοὺς

2155 1078 2474 1144 κολάζοντος
2490 1096 2504 1111 ο
2531 1078 2648 1134 εἶτα
2661 1080 2762 1151 τῆς
2780 1080 3103 1151 παραμονῆς
3123 1081 3217 1132 καὶ
3239 1079 3515 1141 παντελῶς
3532 1078 3728 1141 αὑτοὺς

2154 1170 2543 1239 ἀφανίζοντοςο
2591 1171 2715 1226 τότε
2738 1172 2849 1244 γὰρ
2880 1172 2999 1235 ἔθος
3029 1171 3176 1224 ἐστὶν
3200 1169 3580 1224 ἀποτελεῖσθαι
3604 1170 3728 1230 τοὺς

2153 1262 2453 1334 ἄνθρακας,
2486 1262 2705 1317 ἐπειδὰν
2737 1264 2799 1317 τὸ
2846 1263 2959 1335 πῦρ
2989 1263 3082 1316 ἐπὶ
3116 1262 3299 1317 πλεῖον
3326 1261 3607 1332 γινόμενον
3636 1260 3731 1324 τὰς

2154 1354 2522 1424 ὑποκειμένας
2571 1353 2702 1418 ὔλας
2744 1353 3056 1427 καταφλέξῃ
3104 1353 3214 1407 τῶν
3258 1353 3451 1417 ξύλων.

2224 1492 2374 1563 Στίχ.
2406 1497 2455 1545 ι’.
2479 1523 2549 1533 --
2578 1490 2716 1544 Ἀλλ’
2742 1491 2872 1544 ὅταν
2909 1488 3016 1542 ἀπὸ
3057 1487 3151 1541 τοῦ
3193 1486 3574 1559 σχηματισμοῦ
3621 1485 3737 1558 εἴδῃ

2154 1584 2276 1637 τινὰ
2315 1581 2620 1655 ἀπρέπειαν
2665 1579 3215 1653 ὑπερφαινομένην,ἦ
3261 1579 3623 1648 ταπεινότητα
3668 1579 3734 1647 τῇ

2157 1673 2480 1745 παρενθέσει
2503 1674 2609 1727 τῶν
2637 1674 2695 1725 ὲν
2723 1673 2893 1744 μέσῳ,
2924 1671 3084 1726 πάλιν
3117 1669 3270 1735 αὔξει
3304 1672 3398 1723 τὸν
3424 1669 3600 1737 λόγον,
3626 1662 3737 1721 οἷον

2158 1760 2331 1828 εἶπεν,
2349 1764 2431 1817 ὅτι
2442 1762 2672 1828 Κατέόη
2688 1764 2756 1817 ἐκ
2776 1762 2894 1816 τῶν
2914 1761 3202 1830 οὐρανῶν,
3220 1761 3317 1814 καί
3338 1758 3501 1829 εἶχεν
3516 1760 3741 1828 γνόφον

470 1850 690 1917 pedibus
720 1850 859 1920 ejus.
891 1848 1066 1904 Porro
1090 1864 1216 1903 cum
1258 1848 1421 1905 nobis
1450 1847 1716 1902 humilior
1748 1847 1863 1900 visa
1915 1845 2053 1900 fuis-

2165 1854 2276 1910 ὑπὸ
2294 1856 2435 1922 τοὺς
2454 1854 2645 1921 πόδας
2661 1854 2868 1909 αὐτοῦ.
2887 1855 3105 1925 Ἐπειδὴ
3119 1854 3297 1907 τοίνυν
3314 1853 3540 1920 ταπεινή
3558 1868 3640 1913 τις
3655 1851 3739 1902 ἐν-

472 1951 558 1999 set
619 1944 737 1998 lucc
782 1942 1073 2012 praesentia
1102 1983 1118 2009 ,
1178 1939 1393 1995 addidit
1450 1947 1544 2008 (v.
1610 1936 1719 2007 Η)
1761 1956 1773 1990 :
1812 1936 2060 1991 Ascendit

470 2049 626 2102 super
674 2034 965 2098 cherubim,
1010 2033 1314 2089 ostendens
1354 2032 1510 2084 illum
1562 2039 1823 2099 tanquam
1878 2045 2060 2100 regem

470 2142 639 2197 super
669 2140 838 2181 curru
869 2127 1174 2188 sedentem,
1206 2138 1446 2193 cumque
1473 2121 1762 2192 maiestate
1789 2136 2051 2193 apparen-

471 2228 603 2274 tem.
637 2216 868 2279 Deinde,
912 2222 1175 2271 contextu
1212 2224 1515 2283 resumpto,
1555 2228 1755 2269 rursus
1799 2213 1933 2268 illud
1978 2213 2063 2267 di-

468 2309 553 2364 xit
583 2325 597 2362 :
627 2308 698 2362 Et
730 2309 908 2377 posuit
940 2307 1180 2362 tenebras
1212 2306 1495 2362 latibulum
1533 2322 1689 2361 suum
1720 2316 1797 2375 (v.
1828 2305 1895 2359 12
1915 2303 1957 2375 ),
1992 2314 2062 2367 et,

469 2399 621 2472 quod
654 2416 1004 2471 consequens
1045 2409 1153 2466 est,
1199 2400 1371 2470 caligo
1416 2399 1511 2453 sub
1558 2399 1775 2467 pedibus
1824 2398 1963 2463 eius.
1999 2396 2069 2450 At

469 2509 598 2549 cum
634 2493 793 2563 plura
820 2493 888 2547 de
917 2492 1146 2547 tenebris
1166 2491 1393 2556 dixerit,
1427 2491 1642 2546 scilicet
1669 2505 1791 2560 qua:
1812 2496 1941 2544 sunt
1969 2488 2065 2542 sub

467 2586 691 2655 pedibus
721 2585 840 2655 ejus
876 2585 1111 2655 illosque
1154 2582 1524 2649 abscondunt,
1576 2581 1872 2653 quodpiam
1910 2581 2067 2636 inde-

474 2693 612 2735 cens
640 2693 708 2732 ex
758 2676 980 2747 eloquio
1027 2690 1188 2731 sacro
1247 2674 1542 2747 provenire
1593 2673 1900 2736 videbatur,
1941 2687 2065 2727 cum

474 2771 749 2827 asseritur
794 2769 1093 2823 circuitum
1152 2766 1513 2823 tenebrosum
1557 2765 1680 2835 ejus
1720 2779 1845 2820 esse
1893 2764 2069 2834 ipsius

471 2859 899 2917 tabernaculum
931 2876 965 2941 ;’
981 2858 1078 2914 sed
1130 2857 1335 2927 primo,
1374 2856 1635 2918 tenebrae,
1704 2854 1906 2925 inquit,
1937 2853 2067 2908 dum

474 2950 597 3021 ipse
625 2943 797 3013 latet,
832 2946 1099 3002 adversus
1126 2945 1379 3000 inimicos
1412 2943 1801 3014 projiciuntur,
1849 2943 2071 3011 ipseque

477 3037 700 3093 interim
743 3050 773 3090 a
807 3036 1027 3092 nemine
1047 3035 1286 3090 videtur.
1314 3034 1468 3088 Alias
1498 3033 1605 3088 hoe
1653 3032 2069 3087 tabernaculum

483 3129 611 3199 ejus
641 3128 792 3182 circa
824 3141 949 3183 eum
982 3134 1134 3190 erat,
1156 3125 1233 3178 ita
1264 3133 1325 3179 ut
1355 3123 1571 3179 dicatur
1606 3122 1721 3188 lux,
1770 3123 1915 3178 sicut
1944 3123 2073 3177 hea-

2162 1946 2351 2001 τεῦθεν
2377 1945 2706 2016 ὑπεφαίνετο
2728 1944 3075 2017 ήπαρουσία,
3098 1943 3412 2015 παρέθηκεν
3432 1943 3512 2007 τὸ,
3529 1941 3737 2007 Ἐπέόη

2163 2038 2261 2092 ἐπὶ
2286 2039 2588 2108 χερουϐὶμ,
2615 2038 2824 2102 δεικνὺς
2856 2036 3015 2090 αὑτὸν
3039 2035 3112 2099 ὡς
3139 2033 3359 2105 βασιλέα
3390 2034 3477 2102 ὑφ’
3494 2033 3741 2104 ἅρματος

2165 2130 2599 2200 ὁχούμενον,,κα“ι
2647 2127 2791 2181 οὑτω
2839 2124 3271 2197 παραγινόμενον
3291 2142 3305 2156 ο
3338 2118 3455 2176 εἶτα
3484 2123 3583 2191 τῆς
3615 2124 3744 2174 ἀκο-

2164 2223 2383 2285 λουθίας
2409 2222 2707 2292 λαϐόμενος
2723 2219 2884 2273 πάλιν
2911 2213 3065 2271 εἶπεν
3090 2218 3171 2281 τὸ,
3200 2216 3309 2271 Καὶ
3330 2215 3496 2270 ἔθετο
3518 2214 3741 2279 σκότος

2165 2312 2528 2382 ἁποκρυφὴν
2575 2311 2784 2375 αὐτοῦ,
2821 2308 3112 2363 ἀκόλουθον
3156 2307 3216 2361 ὃν
3261 2307 3359 2378 τῷ,
3388 2305 3499 2359 Καὶ
3522 2304 3746 2373 γνόφος

2166 2402 2285 2456 ὑπὸ
2316 2401 2459 2467 τοὺς
2491 2399 2689 2465 πόδας
2701 2399 2887 2454 αὑτοῦ
2907 2415 2920 2427 ⁸
2955 2397 3069 2452 ἀλλ’
3090 2397 3278 2466 ἐπειδὴ
3306 2394 3473 2449 πολὺν
3500 2411 3567 2446 πε
3577 2393 3630 2464 ρ).
3651 2390 3745 2446 τοῦ

2168 2495 2392 2557 σκότους
2426 2493 2716 2564 ἐποιήσατο
2748 2490 2839 2546 τδν
2872 2490 3052 2561 λόγον,
3083 2489 3159 2552 ὡς
3183 2488 3333 2550 ὄντος
3364 2485 3472 2539 ὑπὸ
3501 2485 3627 2546 τοὺς
3655 2482 3747 2535 πό-

2170 2586 2269 2650 δας
2294 2584 2481 2648 αὑτοῦ,
2520 2583 2615 2639 καὶ
2645 2582 3091 2655 ἀποκρύπτοντος
3119 2580 3339 2643 αὑτοὺς,
3373 2577 3545 2631 ἐδόκει
3582 2575 3639 2629 δέ
3666 2592 3749 2639 τις

2171 2677 2446 2746 ἀπρέπεια
2475 2674 2782 2744 ἐγγίνεσθαι
2813 2674 2891 2745 τῷ
2916 2671 3303 2745 σχηματισμῷ·
3321 2670 3748 2740 ἀσφαλιζόμενος

2167 2769 2230 2822 τὸ
2262 2768 2566 2822 ὑποπίπτον
2593 2767 2777 2837 κύκλῳ
2805 2766 2991 2831 αὑτοῦ,
3017 2766 3201 2836 φησίν·
3218 2766 3287 2819 Ἠ
3314 2762 3514 2830 σκηνὴ
3541 2758 3748 2816 αὑτοῦ.

2183 2858 2345 2913 Ἀλλά
2372 2859 2432 2912 τὸ
2466 2858 2564 2929 μὲν
2611 2857 2820 2922 σκότος,
2848 2857 3032 2927 φησὶν,
3066 2856 3210 2910 κατά
3236 2855 3348 2908 τῶν
3376 2854 3584 2925 ἐχθρῶν
3619 2869 3753 2922 προ-

2172 2950 2423 3020 ϐἑὸλητο,
2458 2948 2810 3020 ἀποκρύπτον
2855 2947 3038 3011 αὑτὸν,
3089 2946 3185 3000 καὶ
3221 2944 3344 3000 οὑδὲ
3372 2944 3602 3016 ὁρᾶσθαι
3639 2942 3754 3005 τοῖς

2172 3038 2434 3101 ἐναντίοις
2465 3036 2651 3090 ποιοῦν
2675 3054 2689 3068 ο
2737 3036 2865 3109 περὶ
2907 3034 3069 3090 αὑτὸν
3097 3034 3155 3088 δὲ
3190 3036 3224 3105 ἡ
3260 3032 3431 3105 σκηνὴ
3465 3030 3628 3086 αὑτοῦ
3658 3026 3750 3101 ἦν’

2176 3129 2242 3182 ἵν’
2269 3128 2420 3201 εἴπῃ,
2460 3128 2522 3181 τὸ
2569 3126 2707 3196 φῶς,
2758 3127 2834 3191 ὡς
2867 3126 2961 3179 καὶ
3000 3127 3029 3180 ὁ
3063 3124 3331 3197 μακάριος
3366 3121 3578 3186 Παῦλος
3623 3121 3756 3192 περὶ

478 3227 574 3273 tus
622 3216 828 3271 Paulus
871 3216 939 3270 de
990 3216 1110 3284 ipso
1148 3213 1284 3268 dicit
1320 3211 1392 3285 (1
1435 3212 1571 3269 Tim.
1608 3229 1683 3277 vl,
1718 3213 1846 3282 16),
1878 3211 2060 3267 Lucem

2171 3216 2337 3272 αὑτοῦ
2364 3233 2547 3288 φησιν·
2568 3216 2697 3281 Φῶς
2721 3214 2901 3270 οἰκῶν
2928 3216 3259 3284 ἀπρόσιτον
3277 3231 3292 3244 ·
3320 3212 3417 3284 τῆς
3444 3211 3557 3283 γὰρ
3585 3210 3757 3281 αὑτῆς

480 3307 731 3361 habitans
761 3301 1196 3358 inacccssibilem.
1232 3300 1292 3356 In
1329 3301 1580 3358 eumdem
1626 3308 1809 3356 autem
1843 3316 2064 3357 sensum

482 3400 601 3455 hate
628 3398 741 3453 duo
793 3396 1086 3463 recidunt;
1139 3392 1606 3465 quemadmodum
1654 3392 1803 3448 enim
1862 3391 2069 3447 dicitur

482 3492 661 3547 lucem
693 3490 967 3553 habitare,
1005 3489 1081 3542 ita
1112 3484 1533 3542 tabernaculum
1587 3482 1682 3538 Dei
1732 3485 1957 3554 proprie
1986 3483 2071 3537 dio

487 3584 637 3640 citur
666 3582 798 3646 lux;
833 3579 1110 3634 tenebrosa
1149 3593 1290 3648 aqua
1317 3576 1373 3630 in
1418 3574 1646 3630 nubibus
1681 3575 1940 3641 aeris,-in
1968 3575 2075 3628 cir-

485 3676 635 3731 cuitu
656 3674 773 3744 ejus
804 3670 1215 3726 tabernaculum
1235 3669 1374 3739 ejus,
1397 3682 1741 3738 rursumque
1774 3654 1921 3737 quod
1945 3680 2076 3736 prae-

484 3767 738 3825 cedentia
777 3764 1052 3836 sequitur,
1112 3761 1185 3816 Et
1230 3762 1447 3832 {uerunt
1502 3761 1735 3817 tenebrte
1792 3760 2076 3815 latibulum

484 3860 623 3930 ejus.
672 3856 934 3912 Addidit:
983 3854 1283 3911 Tenebrosa
1325 3871 1465 3924 aqua
1518 3856 1575 3909 in
1617 3852 1845 3908 nubibus
1899 3854 2060 3907 aeris.

486 3951 921 4020 Consequuntur
952 3961 1084 4016 ergo
1117 3948 1299 4017 caligo
1318 3953 1376 4003 et
1402 3945 1671 4011 tenebras;
1700 3959 1829 3999 nam
1857 3945 2070 4009 omnia,

490 4042 693 4113 inquit,
722 4048 1094 4095 consentanea
1149 4046 1279 4094 sunt
1320 4053 1385 4093 ex
1426 4044 1584 4108 parte
1638 4035 1735 4092 Dei
1789 4036 1931 4091 iram
1979 4051 2075 4090 an-

489 4129 855 4198 nuntiantis;
906 4144 1002 4184 aer
1051 4129 1197 4186 enim
1243 4127 1620 4185 condensatus
1678 4128 2072 4183 obscuritatem

2172 3308 2379 3372 ἐννοίας
2410 3308 2591 3379 ἔχεται
2622 3306 2910 3379 ἀμφότερα
2932 3322 2946 3336 °
2983 3305 3171 3377 ὥσπερ
3192 3304 3301 3377 γὰρ
3328 3302 3444 3373 φῶς
3470 3303 3639 3357 οἰκεῖν
3666 3300 3758 3354 λέ-

2172 3414 2349 3465 γεται,
2377 3396 2522 3451 οὑτω
2556 3397 2653 3450 καὶ
2681 3398 2715 3468 ἡ
2746 3394 2922 3465 σκηνὴ
2944 3394 3039 3447 τοῦ
3069 3393 3209 3447 Θεοῦ
3224 3393 3439 3461 λέγοιτο
3463 3391 3527 3445 ἂν
3548 3389 3754 3462 κυρίως

2171 3491 2233 3544 τὸ
2257 3489 2394 3560 φῶς.
2427 3490 2748 3544 Σκοτεινὸν
2778 3488 2937 3556 ὕδωρ
2955 3487 3025 3541 ἐν
3055 3486 3340 3556 νεφέλαις
3370 3484 3581 3552 ἀέρων,
3614 3499 3757 3553 παρ-

2171 3582 2491 3642 ενθεντικῶς
2516 3580 2614 3651 τῷ,
2629 3581 2850 3643 Κύκλῳ
2874 3563 3119 3647 αὐτοῦἈὶ
3144 3576 3344 3645 σκηνὴ
3362 3575 3568 3630 αὑτοῦ.
3587 3573 3759 3628 Πάλιν

2172 3672 2480 3736 ἀκολούθως
2492 3674 2603 3735 τοῖς
2617 3671 3068 3743 προηγουμένοις,
3088 3669 3187 3740 τῷ,
3215 3668 3325 3723 Καὶ
3348 3666 3512 3722 ἔθετο
3538 3667 3759 3731 σκότος

2172 3764 2534 3834 ἀποκρυφὴν
2570 3763 2776 3829 αὑτοῦ,
2803 3763 3084 3833 ἐπήγαγεν
3109 3775 3123 3789 ⁸
3158 3758 3479 3815 Σκοτεινόν
3511 3755 3667 3824 ὕδωρ
3690 3755 3761 3808 ἐν

2176 3856 2462 3926 νεφέλαις
2501 3853 2724 3923 ἀέρων·
2757 3852 3047 3907 ἀκόλουθον
3078 3851 3186 3922 γὰρ
3234 3845 3303 3921 ἦν
3334 3848 3396 3901 τὸ
3436 3847 3633 3917 γνόφος
3666 3844 3762 3897 καὶ
3842 3923 3847 3927 ξ

2180 3951 2372 4011 σκότος
2394 3963 2408 3978 ⁸
2434 3946 2684 4016 συνέχεεν
2704 3945 2834 4016 γὰρ,
2869 3944 3057 4013 φησὶν,
3089 3941 3306 3996 ᾶπαντα
3325 3940 3608 4010 γινομένου
3636 3953 3762 4006 σχη-

2183 4040 2416 4110 ματίσας
2448 4037 2541 4092 τοῦ
2585 4037 2721 4090 Θεοῦ
2771 4035 2868 4105 τὴν
2895 4033 3100 4105 ὀργήνο
3142 4034 3175 4103 ή
3211 4032 3321 4102 γὰρ
3353 4028 3447 4082 τοῦ
3475 4027 3636 4098 ἀέρος
3670 4040 3763 4077 συ-

2182 4130 2410 4203 στροφὴ,
2430 4130 2649 4191 πάντως
2673 4124 2835 4195 ζόφον
2860 4124 3154 4198 είργάσατο
3178 4118 3467 4193 τοιοῦτο[ν]
3502 4115 3763 4203 εἷναιᾲκαὶ

489 4229 740 4297 generat,
769 4221 1027 4292 idemque
1065 4222 1249 4277 evenit
1274 4221 1342 4277 dc
1385 4234 1526 4291 aqua
1564 4220 1617 4274 in
1656 4219 1902 4275 nubibus
1951 4235 2060 4275 aere

2180 4201 2417 4289 adiicitur;
2448 4217 2505 4271 ὲν
2531 4217 2653 4279 ταῖς
2678 4213 2927 4283 νεφέλαις
2968 4209 3345 4283 μελανθείσαις
3376 4208 3444 4278 τῇ
3469 4202 3561 4259 τοῦ
3600 4201 3762 4273 ἀέρος

490 4312 836 4371 condensato
864 4310 1232 4369 obumbratis.

2189 4311 2466 4383 συστροφῇ
2496 4307 2595 4379 (ι).

1432 4475 1507 4549 (2)
1550 4475 1805 4547 Ejusdem
1846 4475 1901 4530 in
1938 4477 2204 4547 psalmum
2244 4472 2553 4544 vigesimum
2588 4467 2840 4535 primum.

567 4611 841 4668 Foderunt
892 4628 1083 4667 manus
1135 4628 1280 4667 meas
1320 4619 1369 4665 et
1416 4610 1605 4679 pedes,
1642 4619 1693 4665 et
1729 4611 1911 4666 omnia
1959 4606 2459 4672 perscrutabantur,
2504 4614 2554 4660 et
2601 4618 2719 4675 qua:
2767 4599 3021 4672 agebam,
3068 4606 3119 4651 et
3163 4610 3281 4666 qua:
3325 4590 3578 4648 conabar.
3630 4587 3764 4641 Nam

493 4701 783 4765 foderunt,
818 4715 883 4755 ex
915 4703 1278 4757 translatione
1317 4701 1459 4756 dixit
1504 4715 1732 4761 eorum,
1778 4700 1871 4769 qui
1922 4716 2018 4769 per
2064 4698 2423 4754 eﬂ'ossionem
2474 4693 2711 4752 scrutari
2755 4706 2877 4762 quae
2919 4691 2977 4745 in
3023 4685 3303 4760 profundo
3347 4689 3479 4739 sunt
3523 4684 3765 4769 tentant.

495 4792 985 4846 Dinumeraverunt
1029 4793 1208 4845 omnia
1249 4778 1374 4846 ossa
1422 4808 1575 4853 mea,
1623 4768 1809 4846 totius
1840 4768 1976 4844 mea:
2019 4788 2363 4843 fortitudinis
2405 4794 2463 4843 et
2505 4786 2679 4841 totius
2721 4799 2857 4839 mea:
2900 4780 3228 4838 substantia:
3266 4777 3608 4840 detentores.
3634 4768 3767 4823 lacti

499 4890 666 4947 sunt,
708 4890 768 4936 ut
807 4882 973 4936 ctiam
1014 4897 1243 4938 numero
1280 4895 1402 4936 mea
1449 4881 1813 4951 subiicerent.
1860 4878 2014 4935 Istud
2057 4887 2240 4937 autem
2286 4894 2353 4964 ex
2391 4875 2798 4933 consuetudine
2843 4887 3010 4945 quam
3056 4871 3259 4926 habent
3302 4868 3547 4922 hostes-
3574 4859 3762 4914 dixit:

497 4975 593 5047 qui
638 4972 864 5045 quando
910 4974 1285 5038 obtinuerint,
1341 4987 1575 5028 numero
1624 4979 1679 5027 et
1724 4972 1852 5025 talis
1902 4970 2161 5027 subtilem
2216 4960 2472 5027 notitiam
2520 4969 2872 5024 inventorum
2923 4964 3151 5020 faciunt.
3206 4960 3505 5030 Propterea
3552 4960 3608 5009 et
3657 4966 3769 5007 se-

499 5076 735 5139 quenter
769 5067 963 5123 dicens
988 5063 1156 5147 :IIpsi
1189 5080 1308 5119 vero
1349 5062 1811 5118 consideraverunt
1839 5071 1889 5116 et
1921 5073 2303 5129 conspexerunt
2339 5048 2713 5126 mefintulit:
2752 5056 3059 5111 Diviserunt
3100 5051 3201 5106 sibi
3246 5050 3554 5103 uestimenta
3602 5059 3723 5098 mea
3747 5083 3765 5107 ,

499 5172 553 5217 et
587 5178 754 5233 supra
781 5134 1151 5216 vestimentum
1182 5172 1358 5212 meum
1390 5155 1650 5209 miserunt
1682 5163 1898 5210 sortem.
1933 5155 2363 5211 Considerantes
2394 5161 2574 5208 autem
2610 5165 2718 5217 me,
2755 5150 2868 5213 ait,
2896 5157 2951 5203 et
2984 5142 3387 5214 conspicientes
3414 5136 3559 5209 quod
3583 5134 3772 5233 omnia

502 5253 585 5310 eis
615 5224 921 5310 evenerunt
962 5253 1018 5305 in
1065 5265 1153 5306 me
1196 5246 1503 5305 desiderata
1550 5247 1911 5319 (conspicere
1957 5249 2102 5303 enim
2152 5250 2227 5302 ita
2273 5255 2333 5301 ut
2375 5245 2517 5318 apud
2563 5260 2703 5310 nos,
2735 5241 2942 5296 dicitur
2986 5251 3087 5309 pro
3127 5249 3226 5299 eo,
3278 5230 3431 5303 quod
3473 5238 3592 5319 est,
3619 5224 3774 5280 Vidit

502 5348 560 5399 ιιι
611 5360 736 5401 cum
782 5360 905 5414 qua:
946 5342 1166 5397 volebat
1207 5340 1321 5412 pati
1366 5316 1567 5412 eum),
1600 5340 1714 5411 jam
1772 5347 2032 5412 tanquam
2083 5354 2168 5394 me
2207 5316 2433 5394 omnino
2491 5335 2652 5391 malis
2698 5331 2907 5395 dedito,
2950 5328 3096 5385 sicut
3155 5332 3211 5381 et
3253 5322 3443 5379 hostes
3491 5316 3596 5373 mei
3647 5325 3778 5386 post
3886 5390 3894 5395 _

579 5625 924 5699 (l)_Abhinc
971 5642 1146 5699 usque
1192 5628 1260 5683 ad
1308 5629 1579 5699 psalmum
1628 5643 1799 5699 χιδιιι
1831 5628 1965 5699 nihil
2001 5634 2087 5681 est
2190 5624 2464 5699 bat.AMt_t.

507 5678 785 5752 Theodori
817 5678 1141 5753 A—ntiochciti
1169 5678 2086 5767 ίιῖῑιοῖζῖεόἱιιὶἓιόέε’(ιιξῇρίέειῆἱς
2190 5678 2335 5765 "th
2375 5678 2589 5767 (litatur
2641 5692 2746 5746 hoc
2795 5684 3280 5767 fragmentumJin
3334 5678 3777 5767 concilioMng-

512 5767 699 5823 ohrem
744 5774 879 5837 puto
928 5768 1171 5823 defuisse
1216 5770 1436 5824 Catena:
1490 5768 1697 5824 auctori
1760 5769 2081 5837 quaternio-

2185 5746 2673 5824 sta‘nt'inopolitano
2724 5761 2852 5815 anni
2882 5746 3035 5824 "555,
3104 5755 3323 5812 actione
3378 5767 3454 5816 tv,
3501 5764 3653 5804 num.
3679 5746 3776 5804 25.

512 5849 611 5891 nes
642 5833 851 5909 aliquot
875 5841 1081 5895 codicis
1109 5838 1403 5900 Theodori.
1436 5841 1580 5895 unde
1613 5833 1869 5909 excerpta
1901 5852 2083 5893 sumc—
2192 5835 2385 5912 Mansi,
2428 5833 2500 5888 XI
2521 5873 2535 5893 ,
2579 5833 2705 5887 ﬁt“).
