4162 6512
354 433 472 494 355
1578 427 1951 484 EXPOSITIO
1990 427 2058 483 1N
2098 427 2443 486 essurus.
3442 392 3455 399 ’
3563 436 3667 494 666

354 544 733 602 vastationem
779 552 835 602 et
880 543 1257 617 captivitatem
1310 541 1624 599 diviserunt
1668 526 1835 599 sorte.
1867 542 2199 599 divisionem
2249 560 2443 601 eorum
2495 545 2789 603 facientes.
2838 552 2913 604 LI
2946 550 3290 623 evangelista
3338 550 3565 623 quidem
3614 551 3672 605 in

360 640 603 699 Domino
650 639 816 695 verba
867 656 936 696 ex
982 640 1148 697 rebus
1199 652 1529 700 assumens,
1571 639 1654 694 eis
1698 654 1857 706 usus,
1904 646 1965 693 ut
2010 639 2101 693 hic
2143 646 2198 696 et
2242 640 2298 696 in
2348 642 2473 699 aliis
2519 642 2787 699 diximus.
2815 643 2951 699 Nam
2980 648 3126 717 quod
3157 663 3268 703 non
3295 648 3572 719 pertineat
3600 650 3670 704 ad

358 735 661 792 Dominum
705 737 975 809 psalmus,
1016 737 1072 791 in
1109 735 1489 807 superioribus
1545 734 1832 790 evidenter
1889 736 2260 794 ostendimus.
2296 737 2366 791 At
2396 752 2529 794 vero
2593 739 2793 796 beatus
2840 740 3013 796 David
3056 757 3223 813 supra
3286 743 3511 798 modum
3565 742 3672 797 ista

240 882 245 885 _
354 829 544 900 magis
585 845 654 885 ex
700 829 794 885 bis
839 845 963 900 quae
994 829 1257 885 Absalom
1307 826 1453 882 facta
1492 834 1644 894 sunt,
1681 827 1822 882 dixit
1864 845 1878 883 :
1930 828 2197 898 quoniam
2245 829 2377 886 dum
2414 835 2741 890 recessisset
2772 833 2966 899 David,
2998 833 3125 903 jure
3158 835 3288 890 belli
3322 834 3667 907 metropolim

360 921 654 996 ingressus
678 922 927 995 quidem,
952 936 1147 978 omnes
1171 920 1416 978 obtinuit
1438 934 1527 976 res
1550 920 1785 992 regales,
1812 936 1920 975 non
1946 922 2117 993 piguit
2149 933 2324 979 autem
2357 928 2519 981 etiam
2553 928 2725 997 patris
2755 926 2927 982 cubile
2955 927 3253 997 inquinare.

920 1102 1217 1157 ΨΑΛΜΟΣ
1250 1104 1402 1170 καί.

362 1295 371 1301 —
429 1261 586 1334 Στίχ.
621 1261 687 1333 β’.
706 1263 987 1318 -Ἦνίκα
1014 1257 1108 1318 οὖν
1138 1261 1215 1335 (1)
1237 1261 1464 1333 πλησίον
1494 1255 1639 1317 οὗτοι
1660 1261 1968 1331 γεγόνασιν,

350 1354 437 1420 ὡς
461 1355 559 1408 καὶ
588 1354 1032 1427 ἀπογευσάμενοί
1069 1372 1170 1426 μου
1220 1354 1331 1407 τῶν
1366 1352 1620 1423 σαρκῶν·
1668 1352 1827 1406 τοῦτο
1863 1351 1973 1422 γὰρ

353 1445 616 1519 βούλεται
641 1447 821 1501 εἰπεῖν
838 1447 920 1511 τὸ,
932 1447 1043 1501 Τοῦ
1058 1446 1274 1518 φαγεῖν
1298 1445 1408 1511 τὰς
1431 1445 1667 1514 σάρκας
1670 1463 1817 1516 μου·
1830 1444 1972 1500 ὥστε

352 1539 534 1605 δεῖξαι
556 1539 740 1593 αὐτῶν
762 1538 861 1611 τὴν
889 1539 1148 1611 ὡμότητα
1178 1539 1271 1618 καὶ
1298 1538 1398 1610 τὴν
1423 1539 1615 1609 ὀργὴν,
1635 1537 1754 1609 μεθ’
1774 1531 1844 1608 ἦς
1864 1537 1970 1608 ἄδρ-

358 1647 504 1702 μουν
531 1630 618 1683 ἐπ’
648 1630 868 1693 αὐτούς·
915 1629 977 1682 τὸ
1005 1629 1085 1693 δὲ,
1136 1626 1441 1698 Ἑπητίζειν,
1480 1629 1601 1682 ἀντὶ
1625 1627 1740 1695 τοῦ,
1782 1629 1974 1681 Ἡνίκα

354 1719 507 1776 οὓτω
524 1720 755 1793 πλησίον
771 1720 1080 1790 γεγόνασιν,
1111 1721 1188 1785 ὡς
1211 1720 1378 1792 μηδὲν
1407 1718 1675 1775 ἐλλείπειν
1710 1719 1847 1792 πρὸς
1872 1720 1972 1791 τὴν

362 1814 717 1885 ἐκπλήρωσιν
745 1813 847 1884 τῆς
873 1813 1185 1887 προθέσεως
1222 1811 1422 1867 αὐτῶν·
1468 1811 1651 1876 καλῶς
1682 1812 1740 1866 δέ
1774 1812 1971 1875 αὐτοὺς

358 1904 704 1971 κακοῦντας
739 1904 1023 1971 ἐκάλεσεν,
1059 1904 1137 1967 ὡς
1181 1903 1271 1956 διὰ
1303 1903 1404 1974 τὴν
1436 1902 1749 1975 προσοῦσαν
1787 1904 1971 1966 αὐτοῖς

357 1997 521 2067 ἰσχὺν
551 1995 803 2060 ἅπαντας
832 1995 1048 2067 μυρίοις
1079 1993 1477 2066 περιϐαλόντας
1521 1997 1732 2058 κακοῖς.
1756 2026 1829 2035 -
1852 1996 1973 2048 Κα-

352 2088 472 2154 λῶς
498 2089 583 2152 τὺ,
607 2090 811 2144 Αὐτοίο
837 2090 918 2143 ὅτι
951 2089 1128 2160 Ἧμᾶς
1150 2089 1248 2160 μὲν
1274 2088 1544 2160 ἠδίκησαν
1566 2089 1741 2153 οὐδὲν,
1770 2088 1973 2144 ἔπαθον

352 2180 419 2233 δὲ
465 2179 644 2234 ταῦτα
690 2181 869 2245 αὐτοὶ,
908 2179 1056 2252 ἅπερ
1082 2181 1231 2251 ἡμᾶς
1274 2179 1538 2234 διαθεῖναι
1573 2180 1919 2253 προσεδόκων
1953 2198 1968 2214 σ

352 2272 851 2345 ἐμφαντικώτερον
876 2272 935 2326 δὲ
959 2272 1041 2340 τὸ,
1059 2271 1445 2340 ἸΙσθένησαν
1466 2272 1566 2326 καί
1584 2272 1831 2339 ἔπεσον,
1852 2275 1975 2328 ἀντὶ

350 2363 482 2429 τοῦ,
511 2364 627 2434 Οὐχ
649 2363 757 2417 ὑπὸ
791 2364 1067 2435 πολεμίων
1096 2363 1464 2436 ἀνῃρέθησαν,
1487 2363 1609 2417 οὐδὲ
1631 2365 1738 2418 ὑπὸ
1761 2364 1976 2436 ἀνθρώ-

1998 1093 2050 1151 Α

2592 1110 2923 1168 PSAMIUS
2958 1108 3154 1165 XXVI.

2151 1263 2318 1321 Vens.
2351 1265 2506 1321 9.-
2538 1265 2679 1321 Dum
2739 1265 2908 1338 igitur
2954 1266 3032 1321 illi
3078 1278 3251 1337 prope
3299 1262 3434 1319 {acti
3496 1270 3672 1323 sunt.

2076 1357 2237 1426 quasi
2266 1372 2467 1415 carnes
2498 1372 2650 1415 meas
2678 1366 2991 1430 gustantes,
3028 1356 3136 1411 hoc
3180 1354 3327 1411 enim
3371 1353 3670 1425 signiﬁcat,

2080 1447 2150 1504 Ut
2181 1449 2341 1505 edant
2372 1467 2559 1506 carnes
2589 1467 2754 1515 meas,
2782 1458 2840 1505 ut
2867 1448 3126 1506 ostendat
3154 1463 3348 1504 eorum
3379 1446 3673 1503 crudelita-

2079 1548 2186 1595 tem
2224 1548 2392 1611 atque
2429 1540 2569 1595 iram
2599 1556 2707 1611 qua
2753 1539 2811 1595 in
2859 1539 3042 1609 ipsum
3102 1539 3410 1594 irruebant.
3464 1538 3670 1606 Appro-

2075 1632 2223 1701 piant
2259 1641 2603 1703 autem,pro,
2634 1632 2767 1686 Dum
2791 1641 2901 1687 tam
2920 1646 3089 1702 prope
3112 1630 3241 1686 iacti
3273 1638 3423 1693 sunt,
3457 1629 3673 1684 utnihil

2075 1725 2187 1781 illis
2241 1724 2458 1780 deesset
2522 1724 2590 1779 ad
2656 1722 2997 1794 implendum
3054 1737 3247 1778 eorum
3300 1721 3670 1792 propositum.

2075 1813 2247 1871 Recte
2273 1824 2456 1871 autem
2494 1816 2623 1871 illos
2672 1816 2891 1871 vocavit
2920 1827 3209 1880 nocentes,
3260 1815 3357 1885 qui
3407 1813 3478 1868 ob
3513 1826 3673 1867 suam

2076 1909 2380 1979 potentiam
2415 1923 2608 1964 omnes
2643 1909 2794 1964 mille
2823 1909 2987 1964 malis
3016 1909 3358 1980 opprimunt.
3393 1936 3462 1945 —
3502 1904 3674 1961 Recte

2076 2002 2201 2067 ipsi,
2246 2002 2373 2073 quia
2407 2002 2543 2056 nihil
2575 2001 2796 2073 quidem
2816 2002 2979 2058 nobis
3002 2008 3333 2065 nocuerunt,
3362 1999 3513 2071 passi
3543 2007 3674 2055 sunt

2079 2102 2263 2150 autem
2294 2095 2485 2150 eadem
2517 2110 2639 2166 quae
2672 2104 2864 2149 contra
2915 2109 3019 2150 nos
3071 2092 3476 2163 echgitabant.
3530 2091 3670 2146 Cum

2077 2185 2290 2256 majore
2319 2194 2502 2241 autem
2531 2184 2781 2256 emphasi
2820 2184 2974 2249 dicit,
3004 2181 3277 2253 Inﬁrmati
3304 2189 3427 2236 sunt
3457 2189 3507 2235 et
3534 2181 3673 2234 ceci—

2079 2280 2294 2343 derunt,
2355 2293 2481 2350 pro,
2520 2276 2634 2334 Nec
2666 2278 2736 2333 ab
2772 2277 3027 2341 hostibus
3068 2275 3232 2330 deleti
3275 2281 3428 2340 sunt,
3460 2287 3562 2329 nec
3603 2271 3675 2328 ab

2080 2372 2400 2427 hominibus
2431 2369 2734 2443 quidquam
2776 2368 3023 2426 terribile
3056 2367 3206 2439 passi
3236 2373 3403 2432 sunt,
3438 2366 3534 2423 sed
3565 2365 3672 2419 mi-

351 2474 483 2511 πων
509 2455 718 2511 ἔπαθόν
751 2474 803 2510 τι
855 2456 1049 2519 δεινὸν,
1094 2456 1232 2511 ἀλλὰ
1271 2454 1588 2525 παραδόξως
1627 2458 1756 2511 ἄνευ
1787 2458 1973 2530 πάσης

2081 2463 2328 2519 rabiliter
2358 2464 2479 2520 siue
2528 2464 2639 2518 ulla
2699 2478 2865 2518 manu
2920 2463 3185 2525 humana,
3239 2459 3426 2516 subito
3460 2474 3528 2514 ex
3579 2458 3675 2515 Dei

350 2548 714 2620 ἀνθρωπείας
770 2549 974 2620 χειρὸς,
1024 2548 1287 2621 ἐξαίφνης
1318 2550 1400 2613 εἰς
1442 2548 1732 2604 ἀσθένειαν
1773 2553 1841 2622 τῇ
1880 2549 1975 2604 τοῦ

350 2639 503 2693 Θεοῦ
537 2639 957 2712 κατηνέχθησαν
986 2639 1250 2711 τιμωρίᾳ.

433 2754 587 2828 Στίχ.
611 2762 681 2825 γ’.
714 2785 787 2796 —
816 2756 941 2809 Ὀτι
978 2751 1256 2819 ἀπόδειξιν
1295 2753 1438 2827 ἔχων
1475 2754 1727 2828 αὐτάρκη
1774 2755 1845 2810 τά
1877 2773 1972 2825 γε·

356 2849 566 2919 γονότα
588 2848 689 2919 τῆς
710 2847 808 2903 τοῦ
831 2847 969 2902 Θεοῦ
993 2846 1271 2919 βοηθείας,
1294 2847 1655 2920 παρεμϐολῆς
1673 2847 1803 2918 ὅλης
1825 2865 1982 2919 κινη-

363 2942 559 3014 θείσης
583 2942 676 2996 καὶ
706 2940 972 3012 πολέμου,
998 2940 1214 2994 δέδοικα
1238 2939 1455 3007 οὐδένα,
1494 2940 1670 3014 ταύτῃ
1702 2939 1981 3004 πεποιθὼς

365 3036 442 3107 τῇ
474 3033 565 3088 τοῦ
598 3033 736 3088 Θεοῦ
770 3033 1092 3105 συμμαχίᾳ·
1137 3032 1199 3086 τὸ
1227 3031 1359 3104 γὰρ,
1390 3032 1462 3087 ἐν
1490 3034 1703 3102 ταύτῃ,
1731 3032 1983 3088 τουτέστι

361 3130 437 3200 τῇ
461 3124 690 3199 βοηθείᾳ
718 3127 816 3182 καὶ
844 3127 912 3197 τῇ
942 3123 1237 3198 συμμαχίᾳ
1267 3123 1363 3179 τοῦ⁹
1396 3124 1692 3179 Δεσπότου.

438 3219 594 3290 Στίχ.
619 3227 681 3275 ε’.
711 3250 781 3260 -
801 3219 1016 3290 Ὠσπερ
1043 3218 1151 3272 τινὶ
1182 3220 1357 3290 σκηνῇ
1381 3221 1449 3290 τῇ
1484 3217 1663 3288 οἰκείᾳ
1695 3217 1980 3283 σκεπάσας

363 3314 620 3386 βοηθείᾳ,
658 3313 799 3384 μετὰ
852 3313 1057 3384 πολλῆς
1118 3329 1188 3382 με
1214 3311 1314 3382 τῆς
1349 3310 1654 3381 ἀσφαλείας
1677 3310 1980 3381 ἐφύλαξεν·

360 3408 620 3474 σκηνὴν
633 3404 764 3476 γὰρ,
788 3404 884 3458 τοῦ
900 3403 1039 3458 Θεοῦ
1067 3402 1228 3456 καλεῖ
1244 3401 1340 3473 τὴν
1369 3401 1647 3472 Βοήθειαν,
1674 3401 1751 3466 ὡς
1775 3401 1985 3456 σκεπάο

364 3515 548 3552 σασαν
576 3497 743 3552 αὐτὸν
776 3489 1021 3551 ἀπίΓτῶν
1046 3494 1253 3550 κακῶνο
1283 3493 1347 3548 τὸ
1379 3494 1458 3558 δὲ.
1493 3495 1827 3564 Ἕκρυψεν,
1859 3496 1983 3549 ἀντὶ

360 3587 490 3655 τοῦ,
520 3586 842 3659 Ἐφύλαξεν,
872 3588 982 3651 ἀπὸ
1019 3587 1114 3643 τοῦ
1140 3586 1555 3658 κατακρύπτειν
1581 3586 1670 3641 ἀεὶ
1694 3588 1822 3650 τοὺς
1862 3586 1984 3658 βου-

361 3682 637 3752 λομένους
665 3700 717 3737 τι
749 3682 1063 3753 φυλάττειν·
1102 3682 1201 3737 Ἐν
1223 3683 1418 3752 ἡμέρᾳ
1436 3680 1493 3734 δέ
1515 3680 1722 3735 κακῶν
1749 3699 1892 3750 μου,
1920 3682 1978 3734 ἐν

362 3775 451 3848 τῷ
475 3775 657 3847 καιρῷ
691 3774 794 3846 τῆς
856 3776 1172 3846 συμφορᾶς,
1225 3775 1318 3830 ὅτε
1342 3772 1559 3829 πολλῶν
1592 3772 1972 3846 προσεδόκησα
2010 3814 2054 3873 c

364 3865 814 3938 πειραθήσεσθαι
838 3865 1047 3922 κακῶν.

936 4018 1238 4076 ΨΑΛΜΟΣ
1280 4023 1422 4076 KH'.

444 4158 599 4230 Στίχ.
635 4158 708 4229 γ’.
733 4188 802 4200 --
828 4158 967 4231 Περί
1010 4157 1217 4231 ταύτης
1254 4158 1357 4229 τῆς
1402 4158 1646 4214 ἀϐύσσου
1676 4160 1786 4214 τῶν
1836 4161 1989 4229 λογι-

371 4251 534 4322 σμῶν
557 4252 769 4306 ὑδάτων
790 4251 957 4323 φησὶν
990 4251 1020 4305 ὁ
1050 4250 1248 4305 Δαυΐδο
1282 4250 1456 4320 Φωνὴ
1488 4242 1712 4321 Κῦρίου
1734 4251 1836 4308 ἐπὶ
1868 4252 1990 4307 τῶν

370 4342 640 4400 ὑδάτων.

945 4502 1242 4557 ΨΔΛΜΟΣ
1289 4499 1420 4557 ΚΘ’.

456 4642 609 4714 Στίχ.
636 4612 763 4696 t'.--
778 4639 929 4694 Ἀντὶ
954 4638 1075 4703 τοῦ,
1105 4637 1284 4693 ταῦτα
1308 4637 1497 4707 ἔλεγον
1512 4653 1527 4669 ο
1549 4635 1678 4692 Ἐἀν
1706 4636 1989 4704 ἀποθάνω,

382 4735 444 4791 τί
472 4733 542 4790 τὸ
572 4734 835 4804 ὄφελος;
865 4730 1157 4787 ἀποθανὼν
1194 4730 1305 4802 γὰρ
1338 4730 1730 4803 διαφθείρομαι
1758 4772 1777 4801 ,
1812 4732 1992 4805 τέφρα

382 4826 675 4898 γινόμενος
710 4826 808 4881 καὶ
842 4825 1058 4889 σποδός.

458 4921 612 4992 Στίχ.
649 4917 737 4991 ιβ’.
767 4949 842 4961 -
878 4919 939 4972 '0
971 4917 1177 4980 σάκκος
1209 4915 1413 4970 κακίαν
1446 4914 1543 4969 καὶ
1570 4914 1851 4985 ἀγνωσίαν
1896 4931 1994 4986 ση-

386 5015 612 5089 μαίνει,
673 5013 865 5085 ἐπειδὴ
915 5011 1014 5067 καὶ
1077 5010 1135 5065 αἱ
1180 5010 1366 5081 τρίχες
1417 5007 1529 5061 τῶν
1589 5007 1796 5078 ἐρίφων
1849 5001 1994 5080 ἦσαν

382 5107 500 5163 τῶν
535 5104 845 5179 ἱσταμένων
879 5104 941 5170 ἐξ
977 5100 1277 5174 εὐωνύμων
1313 5100 1410 5155 καὶ
1457 5098 1554 5152 τοῦ
1595 5097 1992 5171 ἀποπομπαίου

382 5200 623 5272 τράγου.
1048 5277 1065 5282 _

460 5294 613 5365 Στίχ.
653 5299 744 5362 ιγ’.
775 5320 847 5332 -
885 5279 1094 5355 Εἰπὼν,
1132 5286 1216 5341 Οὐ
1238 5282 1327 5356 μὴ
1353 5279 1691 5352 κατανυγῶ,
1722 5281 1847 5336 ἀντὶ
1871 5279 1989 5347 τοῦ,

386 5382 470 5441 Οὐ
503 5386 931 5458 μεταγνώσομαι
956 5381 1051 5435 ἐπὶ
1070 5380 1137 5451 τῇ
1178 5374 1472 5448 ψαλμῳδία
1493 5411 1511 5440 ,
1545 5374 1851 5444 ἐπήγαγενο
1883 5374 1992 5438 Εἰς

387 5449 716 5535 τὸν-αἰῶκα
737 5449 1286 5546 ἐξομολογήσομαι,
1320 5466 1414 5522 τοῦ
1444 5465 1651 5536 ταύτην
1684 5462 1981 5518 διατελέσαι

2102 5466 2209 5521 hoc
2264 5463 2416 5536 fungi
2451 5461 2659 5533 gratias
2706 5471 2897 5529 agens,
2925 5469 3053 5513 cum
3103 5451 3366 5541 saeculum
3425 5449 3697 5505 malorum
3798 5506 3807 5517 χ

2082 2557 2328 2612 vindicta
2361 2557 2417 2612 in
2452 2557 2831 2612 inﬁrmitatem
2864 2554 3068 2626 dejecti
3098 2562 3253 2610 sunt.

2155 2757 2324 2815 Vsus.
2348 2759 2404 2814 3.
2428 2788 2497 2799 —
2519 2758 2656 2815 Cum
2685 2758 2831 2813 facta
2861 2756 3049 2812 divina
3077 2756 3149 2813 de
3173 2756 3378 2811 auxilio
3401 2751 3680 2826 sperando

2083 2850 2383 2918 sufﬁciant,
2441 2851 2700 2922 quamvis
2751 2849 2940 2905 omnia
2991 2857 3177 2904 castra
3224 2848 3540 2918 bellumque
3587 2860 3677 2900 me

2085 2941 2520 3006 circumdarent,
2553 2940 2694 2995 nihil
2725 2939 2958 3007 timebo,
2983 2938 3042 2994 in
3069 2938 3275 2993 auxilio
3298 2937 3395 2992 Dei
3418 2952 3673 3007 sperans,

2083 3048 2339 3104 sperans,
2377 3032 2629 3104 inquam,
2666 3032 2723 3088 in
2752 3046 2841 3101 eo,
2878 3030 2948 3085 'id
2983 3038 3090 3096 est,
3132 3031 3187 3085 in
3220 3029 3498 3096 adiutorio
3520 3030 3679 3085 auxi-

2058 3124 2269 3196 lioque
2300 3123 2539 3181 Domini.

2158 3219 2328 3275 Vens.
2358 3219 2413 3275 5.
2434 3210 2508 3259 -ἐ
2527 3215 3001 3286 Quemadmodum
3030 3217 3268 3288 quodam
3299 3202 3680 3283 tabernaculo,

2083 3310 2362 3380 adiutorio
2392 3323 2493 3365 suo
2521 3317 2837 3380 protegens,
2873 3324 3073 3378 magna
3113 3310 3412 3365 securitate
3462 3324 3549 3363 me
3582 3324 3684 3363 cu-

2084 3401 2330 3458 stodivit.
2371 3400 2800 3456 Tabernaculum
2825 3404 2973 3458 enim
3005 3408 3170 3457 vocat
3218 3399 3561 3470 adjutorium
3599 3399 3685 3453 di-

2085 3493 2301 3555 vinum,
2345 3501 2607 3564 tanquam
2638 3509 2764 3549 eum
2805 3495 2874 3549 ab
2923 3508 3118 3548 eorum
3151 3493 3316 3549 malis
3363 3501 3683 3563 protegens.

2083 3586 2376 3641 Abscondit
2419 3594 2626 3653 autem,
2661 3602 2762 3657 pro
2788 3575 3093 3650 custodiuit,
3123 3600 3190 3641 ex
3222 3585 3310 3641 his
3338 3585 3433 3655 qui
3464 3599 3684 3654 semper

2085 3679 2435 3736 abscondunt
2495 3679 2647 3750 quod
2703 3695 2929 3736 servare
2976 3680 3191 3735 volunt.
3253 3677 3321 3733 In
3366 3678 3452 3732 die
3495 3686 3681 3731 autem

2085 3772 2376 3841 malorum,
2408 3781 2657 3843 tempore
2688 3773 3066 3839 adversitatis,
3123 3773 3349 3845 quando
3384 3788 3472 3828 me
3507 3771 3683 3826 multa

2087 3864 2231 3918 mala
2261 3861 2624 3933 experturum
2656 3861 2889 3919 credidi.

2585 4018 2918 4077 PSALMUS
2946 4018 3191 4075 XXVIII.

2157 4162 2330 4218 Vsus.
2364 4165 2420 4219 5.
2453 4192 2526 4204 --
2547 4161 2624 4217 De
2662 4162 2870 4234 abysso
2906 4150 3385 4216 murmurantium
3412 4173 3684 4233 aquarum

2088 4256 2226 4314 dicit
2252 4255 2446 4323 David,
2492 4256 2607 4312 Vox
2635 4255 2853 4310 Domini
2883 4269 3041 4325 super
3066 4269 3257 4326 aquas.

2599 4491 2929 4551 PSALMUS
2968 4490 3167 4547 XXIX.

2161 4637 2332 4693 Vsus.
2358 4635 2445 4690 10.
2471 4664 2539 4675 -
2561 4632 2865 4704 Propterea
2888 4631 3005 4685 haec
3029 4628 3282 4683 dicebam
3307 4646 3321 4682 :
3346 4626 3404 4683 Si
3434 4635 3690 4685 mortuus

2091 4733 2274 4798 fuero,
2304 4745 2422 4802 qua:
2442 4727 2658 4783 utilitas
2684 4728 2708 4781 2
2738 4723 2877 4779 Nam
2913 4732 3158 4778 mortuus
3192 4735 3524 4791 corrumpor
3545 4760 3561 4787 ,
3612 4719 3695 4776 ei-

2092 4803 2181 4883 nis
2212 4824 2517 4896 pulvisque,
2542 4819 2636 4874 ﬁo.

2163 4917 2335 4973 Vens.
2374 4915 2466 4970 i2.
2492 4942 2563 4955 —
2590 4911 2801 4967 Saccus
2823 4907 3094 4963 malitiam
3129 4914 3295 4979 atque
3320 4906 3692 4979 ignorantiam

2092 5010 2392 5083 signiﬁcat,
2428 5021 2554 5061 cum
2592 5003 2689 5088 pili
2719 5011 2913 5058 essent
2962 5000 3247 5056 hircorum
3282 5000 3378 5071 qui
3426 5006 3697 5056 steterant

2021 5134 2070 5226 ὑ
2094 5110 2209 5158 tam
2239 5116 2306 5157 ex
2339 5097 2644 5155 immolatis
2669 5108 2837 5167 quam
2866 5108 2937 5149 ex
2973 5090 3304 5148 emissariis.

2173 5280 2342 5336 Vnus.
2376 5280 2467 5336 15.
2492 5309 2563 5321 --
2580 5280 2654 5334 Et
2685 5292 2789 5331 non
2817 5288 3168 5345 compungar,
3192 5284 3294 5340 pro
3319 5267 3441 5328 Non
3467 5273 3697 5324 cantare

2101 5372 2403 5436 desistam;
2454 5369 2632 5437 addit,
2669 5367 2736 5422 In
2765 5365 3021 5421 saxulum
3072 5360 3383 5432 conﬁtebor,
3431 5359 3552 5414 sine
3587 5357 3696 5413 ﬁne

389 5590 478 5627 σοι
509 5570 808 5633 ἀπαύστως
858 5563 1202 5638 εὐχαριστῶν
1225 5581 1239 5594 ·
1287 5560 1464 5616 αἰῶνα
1506 5557 1710 5626 καλῶν,
1751 5554 1843 5610 τὸν
1895 5554 1981 5624 τῆς

2104 5559 2176 5615 sit
2203 5557 2370 5629 hujus
2396 5556 2522 5611 vitae
2546 5560 2785 5623 tempus.

388 5665 605 5729 οἰκείας
632 5658 799 5727 ζωῆς·
822 5659 1039 5731 χούνον.

470 5891 547 5960 (ι)
584 5886 684 5943 Mai
720 5883 857 5942 ibid.
887 5900 942 5955 p.
972 5881 1100 5937 aut.
