4162 6466
572 416 675 473 667

1101 550 1428 608 PSALMUS
1457 552 1627 608 XXX.

642 663 806 720 Vsus.
839 665 890 721 5.
919 694 989 706 -
1012 665 1149 722 Cum
1177 668 1453 726 clamores
1484 671 1663 727 nostri
1704 670 1773 727 ad
1815 678 1965 728 tuam
1996 673 2160 728 celsi-

570 753 814 809 tudinem
848 756 1206 823 extollantur,
1255 760 1456 814 inclina
1507 760 1577 815 ad
1619 778 1700 816 me
1731 779 1917 817 aurem
1970 771 2157 832 tuam,

570 848 698 917 quia
729 846 785 901 in
808 847 1065 919 abyssum
1088 850 1368 920 prolabor,
1398 854 1868 924 quemadmodum
1897 856 1952 910 in
1978 855 2157 927 quod-

570 938 695 993 dam
729 938 958 995 evidens
993 943 1323 1011 periculum.

644 1046 811 1103 Vens.
848 1049 904 1104 5.
925 1080 995 1089 —
1028 1048 1286 1121 Laqueos
1310 1054 1529 1110 vocavit
1558 1056 1936 1126 captivitatem
1961 1058 2017 1113 in
2048 1073 2156 1129 qua

568 1138 672 1195 fuit
702 1147 971 1198 retentus.
1018 1142 1185 1210 Quem
1246 1145 1639 1203 absconderant
1682 1148 1849 1214 mihi;
1904 1150 2154 1206 eamdem

569 1229 798 1309 ﬁguram
848 1234 1219 1303 persequitur,
1274 1251 1401 1291 cum
1455 1239 1716 1310 laqueum
1776 1240 2153 1311 captivitatem

572 1320 951 1391 appellaverit.
1008 1323 1303 1395 Proprium
1340 1337 1523 1385 autem
1565 1331 1749 1401 laquei
1789 1340 1871 1386 est
1909 1332 2039 1401 poni
2071 1333 2154 1387 la-

566 1421 746 1467 tenter
776 1414 833 1470 in
860 1415 1185 1475 abscondito
1210 1419 1354 1489 loco,
1389 1421 1582 1494 sicque
1602 1422 1920 1495 importune
1952 1440 2153 1498 capere

566 1506 830 1576 prtedam.
889 1559 894 1565 .

634 1707 803 1765 Vens.
846 1748 892 1766 ..
919 1742 989 1751 —
1018 1712 1312 1786 Propterea
1350 1732 1497 1775 enim
1519 1759 1535 1783 ,
1580 1720 1736 1791 dicit,
1768 1737 1870 1779 nos
1900 1722 2048 1794 juste
2079 1722 2150 1778 li-

1776 417 2121 474 THEODOBI
2155 413 2647 473 MOPSUESTENI

3745 406 3847 465 668

2841 549 3136 605 ΨΑΛΜΟΣ
3179 544 3260 607 Λ’.

2333 670 2482 740 Στίχ.
2507 674 2576 737 γ’.
2605 697 2677 707 ——
2719 665 2872 719 Ἐπεὶ
2908 664 2983 736 μὴ
3034 662 3225 734 φθάνει
3274 663 3309 733 ἡ
3341 660 3586 732 ἡμετέρα
3635 658 3849 730 κραυγὴ

2260 763 2397 834 πρὸς
2430 762 2491 815 τὸ
2512 760 2602 814 σὺν
2626 759 2780 829 ὕψος,
2807 756 3034 813 Κλῗνον
3056 755 3122 811 τὸ
3146 750 3256 821 οὖς
3283 767 3400 808 σου
3429 751 3579 823 πρὸς
3610 750 3737 822 ἐμὲ,
3764 750 3849 805 διὰ

2262 850 2719 923 συγκαταϐαίνειν
2752 867 2842 921 με.

2329 1046 2479 1118 Στίχ.
2516 1052 2578 1100 ε’.
2602 1078 2669 1088 -
2694 1044 2939 1114 Παγίδας
2966 1043 3194 1097 ἐκάλεσε
3227 1043 3325 1114 τὴν
3352 1040 3733 1113 αἰχμαλωσίαν
3765 1041 3846 1111 ἐφ’

2257 1134 2292 1214 ᾖ
2330 1139 2678 1210 συνείληπτο,
2715 1118 2905 1209 ὥσπερ
2934 1135 3013 1200 εἴς
3034 1152 3157 1188 τινα
3190 1134 3431 1189 κίνδυνον
3456 1134 3729 1206 προφανῆ.
3756 1135 3846 1201 Τὸ,

2256 1228 2375 1299 ⁷Ης
2429 1230 2708 1301 ἐκρυψάν
2745 1248 2883 1301 μοι,
2936 1227 3247 1291 ἀκολούθως
3297 1222 3451 1281 εἶπεν
3487 1225 3565 1297 τῷ
3595 1226 3847 1298 παραδεί-

2256 1342 2427 1395 γματι
2451 1365 2466 1389 ,
2503 1322 2693 1395 ἐπειδὴ
2745 1322 2948 1392 παγίδα
2996 1320 3094 1391 τὴν
3127 1319 3509 1390 αἰχμαλωσίαν
3547 1317 3843 1373 ἐκάλεσεν·

2257 1415 2387 1469 ῐδιον
2425 1415 2484 1469 δὲ
2531 1415 2633 1486 τῆς
2672 1413 2902 1484 παγίδος
2939 1412 3000 1466 τὸ
3034 1410 3405 1473 λανθανόντως
3426 1410 3671 1469 τίθεσθαι
3712 1426 3843 1481 κρυ-

2255 1508 2534 1578 πτομένην
2556 1547 2571 1572 ,
2616 1505 2768 1584 ,οὕτω
2798 1523 2859 1559 τε
2893 1505 3219 1576 ἀπροόπτως
3254 1502 3556 1573 λαμϐάνειν
3587 1503 3713 1566 τοὺς
3753 1500 3846 1572 θη-

2258 1601 2563 1670 ρωμένους.

2326 1713 2474 1783 Στίχ.
2501 1711 2568 1777 ζ’.
2604 1743 2674 1755 —-
2697 1710 2800 1765 Διὰ
2847 1709 3006 1763 τοῦτο
3027 1708 3170 1781 γὰρ,
3198 1709 3368 1779 φησὶν
3387 1748 3401 1774 ,
3437 1708 3589 1778 ἡμᾶς
3625 1706 3846 1769 δικαίως

560 1804 789 1870 berasli,
823 1821 950 1861 cum
1006 1808 1130 1863 illos
1160 1809 1342 1865 oderis
1375 1825 1439 1867 ac
1493 1811 1851 1883 disperseris,
1891 1814 1987 1885 qui
2035 1823 2141 1868 tam

2252 1803 2566 1875 ἀπήλλαξας
2585 1845 2600 1871 ,
2639 1801 2826 1873 ἐπειδὴ
2853 1801 3098 1865 ἐκείνους
3123 1800 3396 1871 ἐμίσησας
3430 1798 3526 1853 καὶ
3571 1796 3847 1868 ἀπεστρά-

559 1898 820 1954 ardenter
850 1901 1176 1970 pravitatem
1207 1900 1431 1958 fuerant
1460 1906 1672 1974 operati
1701 1925 1715 1973 ;
1749 1921 1855 1960 non
1885 1908 2032 1962 enim
2072 1922 2140 1962 ex

2254 1910 2362 1963 φης
2385 1934 2402 1958 ,
2454 1893 2581 1956 τοὺς
2624 1890 2775 1969 μετὰ⁹
2797 1890 3000 1961 πολλῆς
3028 1890 3352 1963 ἐπιμελείας
3379 1891 3446 1943 τά
3494 1887 3673 1943 ἄτοπα
3729 1886 3845 1940 δια-

555 1999 693 2045 aestu
753 1992 846 2046 ira:
882 1992 1086 2045 malum
1141 2004 1466 2063 operantur,
1522 1996 1619 2053 sed
1665 1998 1812 2052 sicut
1870 1997 2141 2068 quoddam

2254 1983 2659 2055 πραττομένους
2679 1999 2694 2014 ·
2719 1983 2781 2036 οὐ
2812 1982 2923 2055 γὰρ
2964 1981 3073 2037 ἀπὸ
3101 1981 3461 2053 συναρπαγῆς
3492 1979 3846 2080 διαπράττονί

556 2082 935 2138 necessarium
989 2084 1195 2139 malum
1232 2085 1553 2142 observant.
1620 2087 1976 2157 Supervacua,
2008 2080 2141 2161 quia

2250 2089 2339 2127 ται
2364 2072 2426 2125 τὸ
2453 2071 2623 2126 κακὸν
2647 2112 2662 2138 ,
2691 2071 2806 2125 ἀλλ’
2834 2070 3027 2145 ὥσπερ
3073 2089 3126 2126 τι
3174 2072 3513 2140 άναγκαῖον;
3546 2070 3642 2123 τοῦ
3672 2070 3844 2121 κακοῦ

554 2173 689 2227 nihil
731 2175 1026 2245 proﬁciunt
1066 2192 1134 2230 ex
1163 2191 1266 2231 suo
1296 2178 1425 2231 mali
1463 2181 1733 2250 operandi
1776 2182 1984 2244 studio,
2020 2196 2141 2237 cum

2251 2164 2581 2236 φυλάττουσι
2612 2163 2713 2236 τὴν
2747 2164 2976 2236 πρᾶξιν·
3007 2163 3069 2217 τὸ
3095 2162 3174 2231 δὲ,
3211 2163 3317 2216 Διὰ
3351 2160 3555 2229 κενῆς,
3586 2161 3670 2214 ὅτι
3698 2158 3846 2213 οὐδὲν

552 2264 764 2332 puniri,
795 2279 861 2320 ac
885 2280 993 2321 non
1020 2266 1204 2323 sinere
1226 2276 1286 2323 ut
1309 2268 1416 2339 ipsi
1450 2270 1806 2342 impellantur
1827 2272 1884 2328 in
1910 2272 2141 2344 aliquem

2249 2255 2588 2328 ὠφελοῦνται
2616 2258 2682 2310 ὲκ
2712 2256 2813 2326 τῆς
2843 2255 2975 2326 περὶ
3022 2254 3084 2308 τὸ
3135 2254 3306 2308 κακὸν
3361 2254 3623 2324 πράττειν
3654 2254 3845 2344 ὲπιμεῗ

552 2364 901 2431 peroptatum
938 2357 1102 2419 linem
1139 2358 1385 2418 oderint.

1044 2706 1373 2765 PSALMUS
1412 2709 1631 2765 XXXII.

620 2835 787 2893 Vens.
836 2838 889 2893 3.
940 2870 1009 2884 -—-
1048 2837 1195 2897 Bene
1247 2840 1442 2913 incipit
1494 2842 1813 2909 Psalmista,
1862 2845 2150 2915 praecipue

549 2927 779 2983 attentis
819 2929 1317 3005 consequentibus.
1365 2930 1505 2986 Cum
1553 2932 1699 2987 enim
1742 2934 1993 2989 lmtitiam
2035 2935 2146 2991 illis

548 3017 955 3082 annuntiasset,
972 3019 1041 3074 ad
1062 3020 1297 3092 hymnos
1319 3021 1671 3093 agendasque
1691 3026 1900 3095 gratias
1923 3034 2148 3097 propter

546 3108 813 3163 beneficia
830 3110 1071 3167 excitare
1085 3111 1340 3176 debebat,
1361 3112 1415 3167 in
1436 3121 1719 3183 posterum
1739 3124 1963 3186 propter
1985 3133 2148 3188 agen-

2248 2351 2437 2417 λείας,
2488 2348 2580 2403 διά
2610 2348 2673 2402 τὸ
2724 2349 2902 2418 μισεῖν
2945 2346 3142 2409 αὐτοὺς
3178 2345 3274 2399 καὶ
3307 2342 3713 2415 τιμωρεῖσθαι,
3754 2340 3846 2395 καὶ

2254 2444 2328 2515 μὴ
2363 2444 2460 2515 ὲᾷν
2506 2441 2587 2506 εἷς
2635 2458 2689 2496 τι
2742 2440 2917 2511 πέρας
2970 2439 3128 2508 ἄγειν
3185 2436 3385 2501 αὐτοὺς
3445 2435 3507 2492 τὸ
3554 2432 3845 2498 σπουδαζό⁴

2254 2550 2414 2610 μενον
2445 2532 2547 2605 (1).
3566 2546 3577 2557 '

2810 2703 3107 2762 ΨΑΛΜΟΣ
3149 2704 3272 2758 AB’.

2319 2843 2470 2915 Στίχ.
2506 2841 2575 2912 γ’.
2619 2872 2688 2885 —-
2724 2840 2881 2913 Καλὴ
2906 2840 2983 2914 (Ξ)
3019 2840 3054 2911 ἡ
3090 2837 3357 2908 ἐπαγωγὴ
3396 2834 3491 2890 τοῦ
3528 2830 3719 2908 ῥητοῦ,
3752 2831 3843 2887 καὶ

2251 2938 2487 3010 μάλιστα
2521 2935 2630 2989 τῶν
2660 2934 2789 3005 ἑξῆς
2817 2933 3023 2987 ἕνεκεν.
3045 2930 3264 3002 Ἐπειδὴ
3298 2930 3407 3001 γὰρ
3441 2928 3542 2998 τὴν
3577 2922 3843 2996 εὐφροσύ-

2248 3047 2348 3101 νην
2391 3029 2578 3092 αὑτοῖς
2619 3025 3034 3099 εὐηγγελίσατο,
3076 3021 3309 3094 ἤμελλεν
3346 3022 3403 3075 δὲ
3444 3020 3536 3073 ἐπὶ
3578 3019 3676 3088 τὴν
3710 3018 3846 3087 ὑμν-

2248 3120 2415 3193 ῳδίαν
2447 3120 2544 3173 καὶ
2575 3117 2671 3188 τὴν
2693 3117 2837 3188 ὑπὲρ
2863 3116 2971 3169 τῶν
2997 3113 3300 3183 γεγονότων
3333 3107 3682 3181 εὐχαριστίαν
3707 3122 3843 3176 προι

545 3200 601 3253 di
632 3201 902 3255 rationem
934 3202 1327 3260 tremebundos
1364 3207 1709 3263 constituere
1739 3208 2052 3285 volens._ita
2085 3220 2141 3266 ut

2248 3213 2472 3284 τρέπειν
2493 3229 2505 3241 ·
2547 3210 2673 3279 ἑξῆς
2728 3208 3053 3280 βουλόμενος
3087 3204 3284 3267 αὑτοὺς
3316 3202 3591 3274 ὲμφόὃους
3629 3200 3756 3269 περὶ
3784 3196 3845 3279 eo

546 3288 784 3356 genuina
815 3289 1068 3345 decentia
1088 3291 1343 3363 hymnos,
1374 3297 1785 3369 graliarumque
1802 3301 2053 3357 actiones
2072 3302 2138 3357 ad

545 3377 717 3433 Deum
747 3379 1506 3451 referrent:Prtenuntiante,
1545 3388 1732 3445 Rectos
1753 3390 1898 3446 decet
1929 3393 2138 3449 collau-

542 3470 1090 3538 datio,admoncntur
1119 3492 1230 3531 non
1258 3492 1382 3533 esse
1411 3481 1659 3537 omnium
1691 3483 1858 3540 Deum
1882 3485 2129 3553 laudare,

544 3563 639 3618 sed
673 3565 853 3621 solum
885 3567 980 3637 qui
1017 3583 1142 3623 cum
1178 3570 1510 3628 rectitudine
1541 3575 1781 3632 rationis
1809 3576 1915 3631 hoe
1944 3589 2135 3649 agunt,

544 3656 669 3712 illos
707 3672 807 3727 pro
844 3658 1393 3739 beneﬁciistquorum
1427 3675 1557 3720 sunt
1584 3672 1756 3723 testes
1789 3667 2136 3726 laudationes

541 3750 758 3803 decere.
793 3747 930 3803 Cum
964 3751 1133 3820 igitur
1165 3751 1378 3808 fuerint
1416 3754 1588 3825 digni,
1633 3771 1759 3812 cum
1798 3758 2001 3828 pietate
2062 3762 2133 3817 ad

543 3836 881 3892 laudandum
912 3840 1083 3893 Deum
1115 3840 1406 3897 accedant.

617 4117 683 4172 In
698 4119 872 4173 titulo.
890 4118 1160 4191 Tempore
1181 4122 1324 4177 beati
1350 4123 1597 4180 Ezechiae
1619 4126 1903 4195 lsraelitis,
1929 4147 2021 4203 per
2036 4134 2130 4188 ad-

544 4211 854 4266 mirabilem
901 4212 1253 4284 Assyriorum
1301 4219 1666 4285 eversionem,
1723 4234 1755 4275 a
1805 4221 1917 4277 Deo
1948 4225 2133 4279 datam

541 4302 835 4358 victoriam
883 4305 1078 4362 beatus
1110 4306 1278 4362 David
1330 4309 1387 4363 in
1428 4311 1533 4366 hoc
1564 4314 1777 4382 psalmo
1804 4316 2132 4386 prmdieens,

541 4396 722 4467 ipsum
785 4403 1046 4468 tanquam
1100 4400 1349 4458 victoria:
1392 4405 1696 4473 canticum,
1753 4422 1854 4478 pro
1907 4408 1977 4466 iis
2010 4425 2133 4481 quae

540 4484 912 4557 contigerant,
956 4504 1111 4546 more
1137 4506 1240 4547 suo
1275 4492 1502 4550 cecinit.
1538 4496 1717 4567 Atque
1754 4497 1883 4555 hinc
1932 4515 2000 4555 ex
2040 4516 2132 4554 ar-
2164 4489 2208 4543 1)

484 4646 491 4653 ν
540 4588 802 4649 gumento
839 4589 1033 4637 contra
1060 4579 1351 4657 Assyrios;
1376 4589 1445 4644 ad
1480 4589 1851 4647 universalem
1884 4591 1979 4649 Dei
2013 4595 2133 4648 lau—

538 4668 844 4737 dationem,
876 4677 931 4725 et
954 4687 1135 4728 rerum
1169 4676 1237 4731 ab
1277 4679 1397 4747 ipso
1424 4688 1704 4750 gestarum
1733 4696 2135 4739 commemora-

538 4758 747 4813 tionem
775 4758 1105 4829 digreditur.
1135 4764 1306 4822 Docet
1333 4758 1520 4825 autem
1544 4785 1762 4836 omnes,
1797 4788 1868 4828 ne
1895 4788 2134 4841 praesen-

540 4848 693 4904 tibus
721 4848 913 4915 rebus,
939 4855 1160 4909 tametsi
1203 4858 1439 4927 magnis,
1476 4861 1794 4929 confidant;
1832 4863 1930 4918 sed
1976 4864 2135 4919 auxi-

539 4938 674 4994 lium
713 4937 807 4994 Dei
863 4940 1030 4997 rebus
1084 4946 1344 5002 omnibus
1394 4952 1676 5018 potentius
1730 4967 1856 5008 esse
1905 4955 2130 5011 ducant.

541 5030 657 5086 lioc
674 5032 823 5086 enim
858 5034 912 5087 in
933 5031 1171 5091 Psalmis
1192 5038 1546 5106 potissimum
1569 5042 1860 5099 advertere
1891 5056 2132 5116 oportet,

540 5121 688 5193 quod
726 5123 797 5179 ab
832 5128 1177 5197 argumentis
1207 5129 1278 5184 ad
1306 5129 1755 5188 cohortationem
1792 5152 1892 5206 pro
1924 5139 2133 5195 instru-

540 5214 727 5271 ctione
756 5225 946 5272 nostra
988 5229 1364 5291 convertatur,
1397 5221 1540 5280 hanc
1568 5225 1960 5295 diversimode,
1992 5241 2045 5287 et
2065 5234 2130 5288 ad

542 5307 855 5362 auditorum
871 5311 1160 5367 utilitatem
1182 5317 1612 5387 accommodate,
1635 5320 1954 5381 instituens.
1971 5323 2128 5383 Unde

541 5413 768 5454 necesse
795 5416 897 5457 nos
926 5411 1033 5468 est,
1059 5404 1127 5459 ad
1154 5405 1493 5464 Psalmorum
1514 5413 1629 5465 vim
1655 5424 1805 5470 recte
1823 5432 2128 5488 assequen-

541 5489 688 5560 dam,
746 5491 984 5561 primum
1039 5510 1361 5569 argumenta
1419 5519 1609 5560 eorum
1671 5523 1870 5565 nosse:
1931 5511 2129 5567 deinde

586 5689 852 5779 illi.)
889 5708 1077 5779 usque.
1105 5698 1171 5751 ad
1210 5700 1367 5779 linem
1398 5702 1565 5779 hujus
1617 5706 1826 5760 codicis
1879 5708 1979 5762 754
2037 5709 2125 5779 (Α)

544 5759 681 5835 nillil
715 5759 1077 5835 lliopsuestcni
1106 5759 1625 5835 reperiebamflllu.

614 5829 691 5900 (2)
722 5830 823 5885 Mai
857 5850 905 5904 ρ.
929 5836 1049 5904 593,
1078 5852 1128 5894 et
1169 5829 1270 5897 hoc
1312 5851 1392 5897 est
1429 5844 1681 5899 ultimum
1737 5860 1798 5899 ex
1850 5846 2128 5917 fragium.—

2249 3306 2485 3375 πρᾶγμα
2526 3303 2908 3372 καταστῆσαι,
2963 3297 3106 3351 ὥστε
3139 3295 3278 3367 μετὰ
3323 3296 3424 3364 τῆς
3458 3289 3845 3363 προσηκούσης

2246 3392 2602 3463 γνησιότητος
2630 3388 2953 3460 ἀναπέμψαι
2984 3386 3083 3458 τὴν
3123 3384 3397 3456 ὑμνῳδίαν
3435 3382 3530 3437 καὶ
3557 3382 3657 3453 τὴν
3685 3380 3844 3450 εὐχα-

2247 3484 2456 3556 ριστίαν
2499 3482 2577 3553 τῷ
2622 3480 2761 3552 Θεῷ,
2807 3478 3119 3553 προλαϐὼν,
3171 3480 3285 3541 τοῖς
3335 3475 3518 3529 εὑθέσι
3552 3473 3716 3546 φησὶν
3746 3472 3844 3541 τὴν

2244 3578 2451 3631 αἴνεσιν
2516 3574 2790 3646 πρέπεινο
2858 3573 2926 3626 ἵν’
2974 3570 3309 3633 ἀκούσαντες
3370 3569 3453 3622 ὅτι
3503 3564 3578 3637 μὴ
3626 3566 3845 3619 πάντων

2243 3667 2394 3720 ἐστὶν
2433 3666 2625 3736 ὑμνεῖν
2660 3664 2752 3718 τὸν
2785 3662 2940 3728 Θεὸν,
2989 3661 3126 3715 ἀλλὰ
3180 3662 3340 3731 μόνον
3387 3658 3497 3712 τῶν
3535 3658 3652 3729 μετ’
3681 3654 3844 3708 εὐθύ-

2242 3775 2403 3829 τητος
2443 3756 2721 3827 λογισμῶν
2766 3754 2923 3808 τοῦτο
2957 3753 3293 3824 ποιουμένων
3355 3743 3458 3819 (οἷς
3506 3748 3602 3802 καὶ
3633 3746 3845 3816 πρέπον

2243 3849 2390 3903 ἐστὶν
2417 3847 2477 3902 τὸ
2511 3847 2701 3917 ὑμνεῖν
2735 3846 2829 3898 ἐπὶ
2868 3847 2980 3909 τοῖς
3008 3841 3277 3914 παροῦσιν
3306 3840 3533 3909 ἀγαθοῖς
3561 3878 3576 3902 ,
3611 3837 3847 3905 ἐπείπερ

2244 3939 2339 3993 καὶ
2390 3937 2485 3991 τοῦ
2538 3939 2720 4006 τυχεῖν
2773 3934 2954 3991 αὐτῶν
3006 3933 3149 4000 ἄξιοι
3204 3930 3655 4002 καθεστήκασιν),
3704 3927 3848 3999 μετὰ

2245 4030 2447 4100 πολλῆς
2491 4027 2780 4092 εὑλαδείας
2818 4026 3161 4099 προσέλθωσι
3195 4027 3261 4095 τῇ
3289 4022 3385 4077 τοῦ
3413 4020 3549 4076 Θεοῦ
3574 4019 3842 4091 ὑμνῳδίᾳ.

2309 4142 2421 4215 Τὴν
2451 4142 2528 4214 (5)
2563 4141 2655 4196 ἐπὶ
2687 4137 2779 4195 τοῦ
2810 4139 3083 4211 μακαρίου
3127 4136 3371 4201 Ἐζεκίου
3402 4132 3845 4206 παρασχεθεκαν

2236 4236 2395 4305 νίκην
2421 4236 2536 4298 τοῖς
2575 4231 2943 4304 Ἰσραηλίταις
2971 4229 3077 4285 ὑπὸ
3101 4228 3196 4283 τοῦ
3227 4227 3386 4293 Θεοῦ,
3414 4225 3501 4281 διὰ
3529 4226 3625 4296 τῆς
3660 4240 3835 4295 παρα-

2235 4325 2390 4393 δόξου
2450 4325 2560 4379 τῶν
2596 4323 2901 4396 Ἀσσυρίων
2954 4322 3326 4393 ἀναιρέσεως,
3360 4316 3720 4390 προφητεύων
3782 4316 3845 4370 ἐν

2234 4419 2412 4489 τούτῳ
2444 4418 2522 4489 τῷ
2548 4413 2752 4486 ψαλμῷ
2776 4417 2806 4468 ὁ
2837 4415 3109 4486 μακάριος
3139 4412 3324 4475 Δαόὶδ,
3355 4410 3547 4481 ὥσπερ
3566 4407 3689 4462 τινὰ
3717 4408 3835 4460 ἐπιο»

2236 4509 2407 4564 νίκιον
2440 4508 2607 4579 ὕμνον
2630 4505 2723 4559 ἐπὶ
2747 4508 2857 4570 τοῖς
2885 4501 3135 4579 γε[γε]νη
3146 4503 3331 4574 μένοις
3361 4500 3523 4556 αὑτὸν
3551 4499 3839 4569 ἀνεϐόησε,

2237 4601 2424 4674 [κατὰ]
2450 4601 2514 4671 τὸ
2557 4600 2787 4672 σύνηθες
2828 4597 2999 4669 αὐτῷ’
3037 4593 3329 4650 κάντεῦθεν
3350 4592 3838 4664 διαπραττόμενος,

2237 4693 2329 4747 καὶ
2357 4692 2469 4747 ἀπὸ
2499 4693 2600 4765 τῆς
2630 4692 2774 4748 κατὰ
2809 4692 2937 4756 τοὺς
2964 4689 3286 4761 ’Δσσυρίους
3317 4686 3625 4751 ὑποθέσεως
3637 4684 3842 4758 τρεπό-

2240 4801 2399 4856 μενος
2423 4785 2522 4856 μὲν
2550 4788 2629 4850 εἰς
2657 4783 2952 4856 καθολικὴν
2980 4782 3255 4854 ὑμνῳδίαν
3281 4779 3376 4834 τοῦ
3422 4779 3718 4845 Δεσπότου,
3744 4778 3841 4832 καὶ

2237 4875 2497 4949 ἐξήγησιν
2547 4877 2657 4931 τῶν
2715 4878 2802 4931 ἐπ’
2848 4875 3015 4931 αὑτοῦ
3071 4873 3402 4945 γεγονότων
3460 4872 3734 4927 παιδεύων
3780 4872 3839 4926 δὲ

2237 4963 2448 5028 πάντας
2483 4967 2558 5038 μὴ
2594 4967 2687 5020 ἐπὶ
2732 4968 2848 5031 τοῖς
2893 4966 3131 5038 παροῦσι
3182 4964 3441 5035 μεγάλοις
3492 4961 3837 5027 πεποιθέναι,

2237 5056 2374 5111 ἀλλὰ
2391 5057 2609 5112 πάντων
2628 5058 2879 5131 ἡγεῖσθαι
2911 5055 3291 5127 δυνατωτέραν
3313 5055 3407 5111 τοῦ
3429 5053 3563 5108 Θεοῦ
3585 5053 3686 5125 τὴν
3710 5053 3836 5125 βοή-

2236 5149 2410 5204 θειαν.
2446 5148 2620 5205 Τοῦτο
2664 5150 2776 5223 γάρ
2828 5151 3067 5223 μάλιστα
3095 5150 3307 5220 ἁφορᾷν
3353 5149 3413 5201 ὲν
3443 5147 3557 5209 τοῖς
3584 5144 3836 5216 Ψαλμοῖς

2237 5241 2539 5314 προσήκει,
2564 5244 2647 5297 ὅτι
2692 5246 2757 5298 ὲκ
2784 5242 2913 5296 ’τῶν
2951 5241 3264 5296 ὑποθέσεων
3318 5239 3414 5293 ἐπὶ
3452 5238 3835 5309 κατηχητικὴν

2236 5333 2497 5404 τρέπεται
2553 5332 2877 5406 παραίνεσιν
2898 5374 2912 5399 ,
2940 5332 3214 5404 διαφόρως
3254 5331 3459 5403 ταύτην
3487 5329 3832 5400 ποιούμενος,

2238 5426 2334 5480 καὶ
2365 5429 2479 5491 τοῖς
2508 5429 2810 5499 ἀκροαταῖς
2853 5425 3167 5495 ὠφελίμως.
3192 5425 3370 5477 Ὥστε
3404 5423 3704 5491 ἀναγκαῖον
3732 5421 3834 5491 μὲν

2237 5516 2371 5585 ἡμῖν
2417 5516 2616 5570 εἰδέναι
2663 5515 2763 5579 τὰς
2809 5514 3099 5578 ὑποθέσεις
3156 5513 3295 5585 πρὸς
3327 5512 3534 5582 γνῶσιν
3564 5510 3667 5582 τῆς
3719 5508 3835 5565 τῶν

2236 5713 2307 5765 tis
2338 5711 2408 5767 ab
2435 5714 2554 5781 ipso
2575 5713 2758 5767 editis.

2310 5782 2383 5852 (ἦ)
2418 5783 2493 5837 Ex
2529 5783 2813 5842 (lorderio.
