4162 6508
434 434 538 491 559

1648 435 2013 492 EXPOSlTlO
2051 436 2116 490 IN
2155 435 2493 493 PSALMOS.

2313 301 2343 320 κ

3617 437 3724 494 670

432 549 680 621 Ψαλμῶν
712 549 1000 622 δυνάμεως
1025 569 1040 584 ο
1080 555 1410 626 προσεκτέον
1442 557 1499 610 δὲ
1527 559 1620 611 καὶ
1650 563 1764 623 τοῖς
1803 561 2028 624 λοιποῖς,

2140 575 2291 624 vero,
2329 560 2395 616 ad
2430 560 2726 630 legentium
2768 569 3117 631 proventum,
3157 571 3210 630 et
3257 570 3454 625 caetera
3487 577 3723 632 perpen-

430 637 512 706 οἷς
539 643 634 695 ἐπὶ
662 641 772 696 τῶν
825 644 1138 700 ὑποθέσεων
1177 647 1466 719 κέχρηται,
1489 650 1626 721 πρὸς
1660 651 1758 722 τὴν
1801 652 1910 706 τῶν
1944 654 2030 704 ὲν-

437 736 814 806 τυγχανόντων
845 737 1135 807 ὠφέλειαν.

502 829 652 899 Στίχ.
672 832 1107 899 α’.-Δικαίους
1137 832 1373 886 ἐνταῦθα
1399 835 1557 888 καλεῖ
1577 835 1704 900 τοὺς
1719 836 2028 898 Ἰουδαίους,

426 919 530 973 οὐκ
555 919 665 974 άπὸ
701 922 804 991 τῆς
839 921 933 974 τοῦ
965 922 1082 992 βίου
1120 923 1342 994 ἀρετῆς,
1367 923 1481 977 ἀλλ’
1517 925 1626 979 ἀπὸ
1646 926 1746 996 τῆς
1775 926 1870 979 τοῦ
1893 924 2028 979 Θεοῦ

427 1012 708 1081 γνώσεως.
746 1015 987 1078 Εἰκότως
1022 1014 1078 1068 δὲ
1109 1015 1280 1069 εἰπὼν
1317 1016 1826 1086 τὸ,Ἆτ-αλλιᾶσθε,
1863 1033 2034 1087 προσ-

425 1105 650 1176 έθηκεν,
673 1107 743 1159 ἐν
766 1105 846 1171 τῷ
866 1108 1080 1175 Κυρίῳ.
1120 1107 1272 1159 Ἐπεὶ
1304 1107 1415 1178 γὰρ
1445 1110 1501 1161 ὲν
1524 1110 1640 1171 τοῖς
1665 1109 2032 1180 ἀνθρωπίνοις

426 1196 672 1260 εὐτελεῖς
705 1191 847 1267 ἦσαν
882 1198 978 1250 καὶ
1011 1200 1278 1263 ταπεινοὶ,
1308 1199 1404 1252 καὶ
1448 1199 1727 1272 πρόχειροι
1761 1203 1874 1264 τοῖς
1912 1202 2034 1253 Ἀσ-

430 1288 643 1358 συρίοις
688 1291 769 1351 είς
820 1289 1042 1353 ἅλωσιν,
1079 1289 1296 1353 πολλοῖς
1346 1307 1407 1343 τε
1444 1286 1594 1356 οὖσι,
1632 1292 1728 1344 καὶ
1769 1293 2030 1362 ἰσχυροῖς,

434 1378 527 1433 καὶ
562 1377 830 1447 ἐμπειρίᾳ
859 1376 1129 1448 πολεμικῇ
1155 1379 1614 1450 κεκοσμημένοις,
1646 1381 1706 1434 ὲν
1725 1380 1804 1450 τῷ
1835 1382 2030 1453 Κυρίῳ

433 1469 530 1540 τὴν
591 1469 910 1538 άγαλλίασιν
970 1468 1154 1524 αὐτῶν
1207 1472 1807 1543 προσευαγγελίξεταιο
1843 1466 1903 1526 οὗ
1955 1477 2022 1546 τῇ

432 1561 657 1633 βοηθείᾳ
691 1559 1012 1632 παραδόξως
1042 1561 1455 1635 [τε]τευχήκασι
1480 1565 1580 1636 τῆς
1603 1565 1898 1637 σωτηρίας,
1925 1567 2024 1620 οὐκ

431 1654 490 1707 ὲν
525 1653 749 1726 πολέμῳ
781 1654 874 1708 καὶ
925 1655 1252 1727 παρατάξει,
1307 1656 1443 1711 ἀλλὰ
1476 1659 1612 1730 μόνῃ
1652 1660 1718 1730 τῇ
1763 1658 1858 1712 τοῦ
1886 1658 2021 1712 Θεοῦ

434 1744 617 1818 πληγῇ
643 1745 753 1800 τῶν
793 1747 1093 1817 Ἀσσυρίων
1121 1749 1538 1820 ἀναιρεθέντων.

2135 653 2288 716 dere,
2331 652 2535 722 quibus
2567 653 2621 707 in
2653 654 2997 722 argumentis
3023 669 3160 709 usus
3187 663 3291 710 est.

2214 832 2376 886 Vens.
2413 834 2467 886 1.
2491 859 2560 870 --
2593 829 2777 885 .lustos
2813 830 2919 884 hoc
2970 831 3091 884 loco
3145 845 3256 884 non
3295 846 3324 884 a
3373 832 3500 885 vitae
3549 831 3723 885 hone-

2136 931 2298 990 state,
2332 923 2428 978 sed
2461 937 2490 976 a
2517 923 2609 978 Dei
2645 923 2981 994 cognitione,
3017 920 3240 977 Iudaeos
3271 924 3523 992 appellat.
3554 923 3724 978 Caete-

2134 1031 2259 1070 rum
2315 1031 2441 1070 cum
2490 1014 2746 1080 dixisset,
2789 1013 3089 1079 Exsultate,
3140 1015 3335 1068 merito
3382 1015 3614 1078 addidit,
3670 1017 3726 1070 in

2139 1109 2391 1164 Domino.
2426 1107 2889 1178 Quandoquidem
2932 1107 3080 1162 enim
3132 1106 3187 1160 in
3224 1107 3483 1160 humanis
3508 1107 3643 1161 viles
3675 1115 3728 1160 ct

2134 1218 2410 1274 pauperes
2439 1211 2617 1267 erant,
2646 1209 2700 1256 et
2723 1201 3077 1272 Assyriorum
3111 1200 3317 1269 rapinae
3341 1198 3600 1268 expositi,
3633 1200 3726 1269 qui

2136 1296 2517 1360 multitudine,
2555 1295 2756 1350 robore
2771 1304 2822 1350 et
2844 1295 2973 1349 belli
2993 1293 3334 1364 experientia
3354 1293 3726 1362 praestabant;

2133 1389 2354 1444 illorum
2405 1388 2462 1442 in
2503 1385 2736 1442 Domino
2771 1386 3196 1442 exsultationem
3243 1384 3533 1453 praedicit:
3567 1382 3729 1452 cujus

2134 1495 2240 1551 ope
2267 1479 2501 1535 salutem
2522 1479 2857 1543 miraculose
2882 1478 3064 1548 adepti
3101 1489 3251 1541 sunt,
3282 1492 3387 1531 non
3422 1476 3584 1540 bello,
3613 1489 3728 1529 non

2135 1572 2369 1627 militum
2419 1571 2788 1644 expeditione,
2847 1570 2945 1627 sed
2987 1571 3104 1626 sola
3159 1569 3254 1625 Dei
3303 1569 3451 1625 caede
3482 1567 3726 1649 Assyriis

2134 1666 2390 1722 sublatis.

645 1861 715 1916 In
754 1862 930 1917 codice
963 1863 1134 1918 Vatic.
1170 1863 1235 1918 Β.
1268 1864 1309 1932 1³.
1335 1865 1459 1918 112.
1493 1866 1542 1918 b.
1581 1866 1676 1918 hoc
1717 1873 1891 1918 exstat
1929 1864 2195 1920 Theodori
2232 1877 2598 1935 argumentum
2628 1851 2885 1918 iiiedilunt
2912 1848 3500 1933 pﬁfmiXXXiVil).

504 1957 829 2027 Θεοδώρου.
853 1989 926 1998 -
959 1960 1049 2014 Ἐν
1089 1959 1266 2032 τούτῳ
1304 1959 1383 2030 τῷ
1413 1960 1617 2032 ψαλμῷ
1657 1961 1726 2015 τά
1763 1960 1906 2014 κατὰ
1940 1960 2033 2014 τὸν

2211 1961 2328 2016 Hoc
2355 1961 2409 2014 in
2443 1961 2656 2031 psalmo
2686 1974 2776 2015 res
2808 1959 3004 2013 beatus
3040 1956 3208 2011 David
3242 1955 3345 2009 sub
3375 1950 3614 2008 Jeremia
3644 1964 3730 2019 ge-

438 2051 714 2124 Ίερεμίαν
741 2052 771 2104 ὁ
797 2051 1067 2123 μακάριος
1107 2051 1442 2123 προφητεύει
1484 2052 1648 2106 Δαϐίδ
1669 2069 1680 2082 ·
1703 2053 1764 2105 τό
1795 2070 1856 2107 τε
1883 2053 2028 2106 Exsi-

429 2159 525 2196 νου
551 2141 847 2213 πρόσωπον
877 2141 1056 2196 λαϐὼν
1079 2145 1136 2195 ἐν
1159 2146 1225 2215 τῇ
1260 2144 1568 2215 προφητείᾳ
1596 2143 1772 2198 ταῦτα
1797 2127 2032 2214 φθέγγε-

426 2251 543 2300 ται,
579 2233 726 2306 ἆπερ
772 2233 918 2298 εἰκὸς
953 2229 1020 2306 ἧν
1071 2236 1279 2288 ἐκεῖνον
1312 2236 1487 2288 εἰπεῖν
1527 2236 1586 2290 ὲν
1616 2235 1694 2306 τῷ
1746 2235 2031 2307 πράγματι

429 2323 968 2397 καθεστῶτα,ταύτῃ
1005 2326 1239 2397 μάλιστα
1260 2327 1601 2399 κεχρημένος
1627 2329 1686 2382 ἐν
1711 2329 1821 2392 τοῖς
1853 2327 2033 2380 πλείο-

431 2434 520 2470 σιν
548 2420 614 2487 τῇ
652 2416 948 2490 συνηθείᾳ·
983 2418 1158 2488 λέγων
1195 2436 1255 2475 τε
1287 2419 1430 2491 ἆπερ
1457 2419 1688 2482 ἐκείνοις
1716 2421 1892 2475 εἰπεῖν
1937 2421 2034 2490 ἁρ-

432 2511 621 2580 μόττει
653 2509 781 2580 περὶ
805 2501 880 2565 ὧν
914 2510 1210 2578 πεποίηται
1243 2508 1342 2581 τὴν
1382 2509 1752 2581 προφητείαν·
1783 2508 2034 2562 διαλλάτ-

428 2619 516 2655 τει
547 2601 605 2654 δὲ
632 2600 740 2654 οὐδ’
785 2602 815 2653 ὁ
842 2599 1058 2672 ψαλμος
1085 2593 1187 2654 ὧδε
1208 2641 1223 2666 ,
1252 2599 1392 2672 πλὴν
1439 2600 1536 2654 τοῦ
1586 2601 1881 2672 προσώπου
1923 2597 2032 2653 τῶν

430 2695 564 2767 περὶ
587 2693 684 2748 τοῦ
709 2694 839 2747 λαοῦ
871 2692 964 2748 τοῦ
997 2695 1055 2747 ὲν
1088 2692 1390 2750 Βαϐυλῶνι.
1424 2692 1581 2749 Κατὰ
1609 2693 1721 2765 γὰρ
1746 2694 1838 2746 τὸν
1870 2692 2035 2746 αὑτὸν

429 2784 731 2856 γενομένου
754 2785 945 2856 καιρὸν
959 2784 1056 2838 τοῦ
1078 2785 1382 2856 προφήτου,
1401 2786 1631 2838 κάκεῖνα
1652 2782 2035 2855 προῘσ]λέγονο

433 2896 529 2942 τος
577 2877 811 2947 ἐγγύθεν
847 2877 1106 2950 ἐσόμενα,
1152 2877 1296 2950 ἅπερ
1334 2878 1430 2932 καὶ
1461 2879 1510 2930 οἱ
1543 2877 1722 2938 λοιποί⁵
1753 2877 2036 2949 πόρρωθεν

440 2972 621 3041 ἔλεγον
665 2971 942 3042 προφῆται
967 2987 982 3002 ⁸
1023 2971 1118 3024 καὶ
1151 2969 1238 3023 διὰ
1268 2969 1428 3023 τοῦτο
1480 2970 1695 3024 ἅπαντα
1733 2969 2037 3040 πάσχοντος

440 3063 545 3118 ὑπὸ
565 3064 657 3118 τοῦ
680 3062 835 3132 λαοῦ,
867 3064 968 3118 ὅσα
997 3063 1063 3137 δὴ
1093 3063 1187 3116 καὶ
1218 3061 1505 3129 πέπονθεν,
1536 3061 1614 3134 τῷ
1635 3061 1706 3116 τὰ
1730 3063 1860 3133 περὶ
1887 3060 2034 3115 ὲκεί-

433 3174 544 3210 νων
571 3157 768 3209 εἰπεῖν*
799 3155 986 3226 σαφῶς
1015 3156 1160 3209 ἐστιν
1183 3155 1367 3208 ἐκεῖνα
1400 3156 1598 3219 εἰπεῖν,
1622 3155 1757 3226 πρὸς
1780 3155 1841 3208 τὺ
1867 3154 2037 3222 δεῖξαι

431 3251 518 3303 ὅτι
544 3247 640 3303 καὶ
677 3247 904 3312 δικαίως
935 3246 1194 3318 ἔπασχον,
1229 3246 1352 3299 οὐδὲ
1400 3245 1479 3316 τῷ
1510 3246 1740 3316 πλησίον
1761 3244 1870 3299 τῶν
1915 3263 2039 3299 και-

2136 2062 2250 2115 stas
2283 2052 2570 2123 praedicit,
2605 2051 2768 2121 cujds
2810 2057 3094 2120 assumpta
3143 2063 3415 2119 persona,
3450 2059 3514 2099 ea
3549 2041 3730 2113 loqui-

2134 2155 2226 2200 tur
2280 2160 2404 2215 quze
2446 2145 2655 2198 homini
2697 2143 3033 2199 conveniunt
3075 2142 3130 2195 in
3176 2141 3364 2195 eadem
3411 2136 3729 2192 conditione

2133 2245 2395 2304 versato;
2453 2247 2617 2308 prout
2662 2236 2839 2307 ipsius
2882 2235 3146 2292 solemnis
3192 2229 3540 2287 consuetudo
3600 2237 3728 2290 est,

2131 2331 2356 2387 dicendi
2389 2329 2650 2384 nimirum
2685 2329 2776 2382 illa
2808 2343 2932 2398 quae
2957 2328 3025 2383 iis
3053 2324 3387 2380 conveniunt
3431 2321 3500 2376 de
3525 2320 3731 2390 quibus

2135 2423 2490 2480 vaticinatur.
2523 2421 2643 2476 Jam
2675 2421 2766 2476 hic
2801 2421 3082 2490 psalmus,
3115 2425 3324 2472 mutata
3359 2423 3567 2469 tantum
3603 2426 3728 2481 per-

2137 2533 2293 2583 sona,
2327 2516 2510 2572 diﬂ'ert
2545 2516 2614 2570 ab
2647 2515 2757 2570 illis
2791 2515 2885 2584 qui
2927 2513 2996 2568 de
3039 2511 3272 2582 captivis
3315 2508 3460 2579 apud
3500 2505 3731 2577 Babylo-

2135 2626 2261 2668 nem
2311 2605 2548 2665 detentis
2591 2614 2833 2663 exstant.
2895 2603 3024 2659 Fuit
3066 2603 3216 2658 enim
3265 2600 3533 2656 Jeremias
3577 2599 3724 2652 circa

2138 2702 2273 2758 illud
2316 2709 2533 2770 tempus
2571 2699 2858 2770 prepheta,
2892 2696 3193 2766 eademque
3237 2692 3524 2763 proximus
3577 2689 3732 2753 dicit,

2136 2811 2260 2867 qua:
2287 2794 2380 2848 alii
2412 2794 2586 2848 multo
2616 2801 2746 2848 ante
2775 2789 3094 2847 cecinerant
3120 2806 3136 2856 ;
3181 2786 3417 2856 ideoque
3444 2799 3475 2838 a
3526 2782 3746 2852 populo,

2137 2901 2260 2957 quae
2293 2891 2424 2941 sunt
2454 2883 2749 2938 notissima
2779 2896 2978 2953 passus
3001 2887 3088 2934 est
3113 2917 3128 2943 ,
3157 2877 3288 2947 quia
3319 2875 3387 2930 de
3413 2872 3607 2928 eodem
3638 2883 3736 2924 vr.-

2137 2977 2401 3031 ticinatus
2431 2972 2630 3028 fuerat.
2671 2971 2817 3027 Sane
2846 2969 3141 3025 manifeste
3187 2965 3305 3021 vult
3356 2963 3735 3017 demonstrare

2136 3068 2255 3122 haec
2287 3066 2411 3122 illos
2444 3065 2638 3121 merito
2669 3077 2865 3134 passos
2885 3100 2900 3126 ,
2933 3061 3062 3132 quia
3093 3075 3164 3114 ne
3213 3056 3464 3129 proximo
3513 3052 3735 3122 quidem

2140 3158 2483 3231 temporibus
2544 3157 2792 3227 ipsorum
2843 3154 3123 3226 propheta
3171 3149 3550 3211 crediderant,
3606 3158 3731 3197 cum

2138 3266 2325 3308 rerum
2376 3252 2592 3307 instans
2640 3255 2871 3304 eventus
2897 3243 3241 3317 praedictioni
3280 3239 3438 3295 ﬁdem
3475 3235 3734 3290 faciebat.

435 3341 549 3414 ρῶν
580 3343 839 3415 προφήτῃ
879 3340 1218 3411 πειθόμενοι,
1250 3341 1338 3394 ὅτε
1370 3341 1464 3394 καὶ
1487 3342 1520 3410 ή
1548 3339 1775 3403 ἔκϐασις
1803 3340 2036 3410 ἐγγύθεν

2144 3343 2302 3398 Haud
2336 3350 2519 3397 tamen
2552 3341 2621 3397 de
2665 3341 2830 3396 beato
2860 3339 2980 3395 solo
3009 3334 3244 3391 Jeremia
3279 3331 3612 3385 vaticinatur
3647 3325 3738 3378 hic

430 3435 724 3489 ὲπιστοῦτο
770 3435 870 3505 τὴν
910 3435 1219 3506 πρόρρησιν
1270 3433 1380 3490 τῶν
1419 3431 1753 3502 λεγομένων.
1798 3433 2044 3486 Ποιεῖται

2143 3436 2338 3490 beatus
2373 3433 2542 3490 David
2564 3472 2580 3498 ,
2617 3432 2713 3488 sed
2749 3438 2915 3503 prout
2950 3429 3006 3484 in
3039 3427 3318 3498 plerisque
3356 3417 3586 3492 psalmis
3645 3431 3738 3472 so-

429 3529 493 3582 δὲ
522 3528 622 3600 τὴν
678 3527 810 3598 περὶ
867 3526 962 3579 τοῦ
1002 3525 1273 3596 μακαρίου
1330 3525 1601 3597 Ἱερεμίου
1653 3524 2036 3596 προφητείανί

2150 3526 2245 3593 let,
2280 3527 2494 3581 futuros
2530 3524 2858 3595 populorum
2891 3528 3122 3578 eventus
3153 3516 3322 3574 simul
3361 3512 3534 3567 addit.

434 3621 712 3692 μακάριος
757 3619 923 3673 Δαὸὶδ
972 3620 1072 3691 οὐχ
1105 3617 1311 3684 ἁπλῶς,
1343 3617 1460 3672 ἀλλ’
1485 3617 1674 3687 ἐπειδὴ
1707 3616 1774 3670 δι’
1800 3616 1922 3670 ὅλου
1971 3617 2029 3672 ἐν
2067 3618 2180 3680 τοῖς
2213 3617 2423 3670 πλείοσι
2454 3616 2562 3670 τῶν
2591 3614 2822 3685 ψαλμῶν
2847 3613 2916 3666 τά
2980 3612 3094 3673 τοῖς
3131 3607 3282 3669 λαοῖς
3345 3600 3738 3675 συμϐησόμενα

431 3713 904 3788 προ[σῙαγορεύει.

1004 3807 1298 3861 ΨΑΛΜΟΣ
1339 3807 1462 3860 ΛΘ’.

507 3903 617 3957 Καὶ
644 3903 704 3956 ἐν
735 3901 912 3971 τούτῳ
949 3898 1288 3972 προφητεύει
1329 3898 1401 3952 τὰ
1444 3896 1587 3952 κατὰ
1631 3898 1722 3950 τὸν
1763 3896 1890 3950 λαὸν
1928 3897 2036 3950 ὡσ-

432 3993 555 4050 ανεὶ
577 3991 1088 4064 αἱχμαλωτισθέντα
1107 3990 1212 4042 ὑπὸ
1240 3990 1336 4043 τοῦ
1364 3988 1710 4043 Βαϐυλωνίου
1737 3987 2000 4058 βασιλέως
2018 4003 2036 4020 ο

432 4087 530 4141 καὶ
560 4087 627 4139 ὲκ
658 4083 755 4138 τοῦ
801 4077 1026 4137 ἐκείνων
1054 4081 1348 4153 προσώπου
1380 4078 2039 4151 φθέγγεταιεὺχαριστῶν

415 4178 514 4248 τῷ
545 4177 688 4249 Θεῷ,
724 4177 800 4240 ὡς
832 4176 1134 4247 μελλόντων
1190 4175 1374 4230 αὐτῶν
1421 4172 1912 4244 ἀπαλλαγήσεσθαι
1941 4173 2041 4242 τῆς

433 4269 843 4342 αἰχμαλωσίας·
875 4268 1164 4332 διδάσκων,
1200 4267 1276 4329 ὡς
1309 4265 1405 4319 ἐὰν
1449 4266 1508 4318 ὲν
1558 4267 1682 4328 ratio
1731 4265 2040 4334 συμφοραῖς

432 4363 530 4414 ἐπὶ
561 4360 655 4414 τὸν
680 4358 816 4412 Θεὸν
857 4356 1058 4410 θῶνται
1097 4357 1197 4427 τὴν
1237 4355 1448 4420 ἐλπίδα,
1482 4355 1803 4426 δυνήσονται
1838 4354 2039 4426 ῥυσθῆ-

432 4472 524 4510 ναι
550 4451 661 4511 τῶν
689 4450 1028 4520 κατεχόντων
1057 4448 1256 4510 αὐτοὺς
1289 4445 1559 4516 ἀνιαρῶνο
1590 4446 1784 4499 ἔπειτα
1811 4447 1906 4498 καὶ
1939 4461 2042 4515 μα-

433 4545 651 4618 καρίζει
676 4543 801 4606 τοὺς
831 4543 891 4594 ὲν
918 4542 1038 4602 ταῖς
1070 4541 1380 4610 συμφοραῖς
1405 4537 1796 4603 ἐξετασθέντας
1819 4578 1833 4600 ,
1857 4537 2041 4607 πάσης

429 4640 476 4693 δ’
505 4637 664 4700 ἐκτὸς
692 4633 988 4705 γεγονότας
1026 4631 1262 4684 ὲκτόπου
1309 4629 1584 4702 πράξεως,
1615 4629 1710 4683 καὶ
1767 4627 1863 4681 τοῦ
1902 4626 2037 4680 Θεοῦ
2075 4663 2116 4717 D

434 4730 801 4803 ἠρτημένους,
848 4725 1038 4796 ὥσπερ
1085 4722 1251 4777 αὐτοῦ
1303 4722 1664 4793 τευξομένους
1710 4721 1874 4790 μόνου
1909 4718 2038 4790 βοη-

435 4826 590 4889 θείας
619 4823 722 4894 (2).

1024 4906 1321 4962 ΨΑΛΜΟΣ
1358 4906 1449 4960 Μ’.

519 5007 611 5062 Ἐν
670 5004 847 5075 τούτῳ
903 5002 974 5056 τὰ
1031 4999 1176 5055 κατὰ
1225 5000 1318 5052 τὸν
1375 4996 1648 5068 μακάριον
1703 4993 2041 5065 προφητεύει

446 5098 699 5169 Ἐζεχίαν
727 5097 756 5149 ὁ
786 5096 1054 5167 μακάριος
1081 5091 1265 5154 Δαϐὶδ,
1293 5091 1443 5152 ὅπως
1468 5106 1528 5142 τε
1559 5089 1653 5142 καὶ
1679 5088 1824 5150 τίνος
1855 5087 2040 5140 ἕνεκεν

434 5190 822 5265 ἠρρώστησεν,
868 5186 1013 5256 λέγω
1061 5185 1126 5256 δὴ
1174 5183 1277 5254 τῆς
1329 5182 1634 5253 ἁμαρτίας*
1667 5181 1764 5233 καὶ
1787 5178 1840 5231 τί
1874 5180 1931 5230 ὲν
1961 5176 2040 5248 τῷ

433 5282 618 5356 καιρῷ
639 5282 738 5353 τῆς
774 5278 1090 5353 ἀρρωστίας
1122 5276 1226 5330 ὑπὸ
1266 5274 1376 5329 τῶν
1408 5273 1578 5343 φίλων
1607 5271 1755 5341 αὐτῷ
1779 5271 2004 5339 γέγονεν
2025 5285 2038 5299 ο

436 5377 634 5430 ἔπειτα
676 5371 917 5427 διδάσκει
963 5370 1039 5434 ὡς
1089 5368 1178 5423 διὰ
1220 5368 1320 5438 τὴν
1365 5367 1446 5430 εἰς
1488 5367 1616 5428 τοὺς
1647 5363 1884 5435 πένητας
1917 5362 2043 5414 ἐπι-

441 5466 702 5538 μέλειαν,
742 5463 843 5535 τῆς
887 5461 1076 5531 ὑγείας
1111 5461 1336 5532 ἔτυχεν
1375 5458 1584 5522 πάντας
1629 5455 1758 5525 έξῆς
1811 5470 2044 5526 προτρε’

440 5561 681 5627 πόμενος
706 5558 880 5610 ποιεῖν
910 5554 1011 5626 (5).

517 5759 596 5897 (ιζ
629 5759 755 5823 MM,
796 5758 935 5813 Bibl.
968 5775 1085 5812 nov.
1128 5757 1268 5819 PP.,
1300 5755 1386 5820 lll,
1418 5757 1544 5810 455.

519 5832 575 5896 (τι
623 5829 736 5883 Hoc
785 5829 1061 5884 Theodori
1114 5829 1478 5897 fragmentum
1531 5826 1544 5893 (

519 5822 749 5897 (eum:
785 5829 1061 5884 Theodori
1114 5829 1478 5898 fragmentum
1531 5824 1658 5898 (_-/.a".
1703 5825 1852 5898 sv...
1907 5822 2035 5898 βοη-

447 5893 630 5967 θείας)
688 5900 879 5954 edidit.
930 5902 1067 5968 Aug.
1107 5893 1227 5952 Mai
1265 5899 1320 5952 iu
1355 5896 1494 5951 Bibl.
1537 5895 1687 5949 Nova
1732 5894 1868 5959 PR,
1945 5893 2030 5955 Ill,

2638 3790 2965 3849 PSALMUS
2989 3785 3240 3844 XXXIX.

2215 3890 2332 3946 [loc
2365 3890 2421 3944 in
2463 3887 2680 3959 psalmo
2719 3885 3055 3941 vaticinatur
3081 3880 3253 3936 David
3281 3878 3349 3934 de
3382 3877 3586 3947 populo
3613 3883 3738 3930 tan-

2147 3998 2316 4052 quam
2361 3979 2479 4050 jam
2518 3979 2574 4032 in
2605 3983 2934 4049 potestatem
2977 3971 3266 4043 Babylonii
3303 3969 3451 4041 regis
3484 3969 3736 4032 redacto,

2145 4084 2314 4143 atque
2345 4073 2401 4126 in
2443 4071 2566 4141 ejus
2600 4083 2838 4140 persona
2872 4066 3148 4136 loquitur,
3179 4063 3292 4116 Deo
3335 4061 3546 4132 gratias
3571 4076 3740 4130 agens

2146 4168 2219 4223 ob
2245 4165 2490 4220 futuram
2534 4161 2786 4233 ejusdem
2822 4160 3008 4231 populi
3041 4173 3071 4212 a
3097 4155 3415 4225 captivitate
3450 4152 3738 4207 liberatio-

2146 4275 2310 4325 nem;
2357 4259 2564 4313 docens
2614 4254 2880 4308 nimirum
2927 4251 3045 4306 ﬁeri
3092 4263 3259 4319 posse
3298 4254 3356 4301 ut
3390 4245 3436 4301 si
3469 4241 3654 4298 amicti
3685 4243 3739 4296 in

2147 4350 2258 4404 Deo
2292 4363 2443 4418 spem
2493 4347 2768 4401 collocent
2799 4383 2814 4407 ,
2844 4339 3304 4395 incumbentibus
3334 4337 3438 4392 sibi
3470 4333 3739 4388 molestiis

2146 4441 2539 4512 expediantur.
2573 4436 2779 4491 Deinde
2808 4434 2976 4490 etiam
3010 4433 3204 4486 beatos
3238 4429 3545 4500 praedicat,
3601 4441 3735 4495 pro-

2147 4543 2336 4605 pterea
2368 4531 2516 4601 quod
2546 4525 2962 4584 calamitatibus
3011 4522 3263 4593 probati,
3299 4517 3738 4598 cuivis’indiguo

2148 4627 2298 4683 actui
2332 4622 2697 4681 valedixerint
2745 4622 2966 4690 Deoque
3018 4614 3387 4680 adhaeseriut,
3421 4627 3451 4666 a
3482 4627 3592 4682 qun
3626 4625 3736 4664 uno

2147 4719 2419 4774 auxilium
2447 4725 2608 4772 erant
2636 4711 3019 4769 consecuturi.

2705 4886 3034 4945 PSALMUS
3064 4885 3177 4940 XL.

2222 4989 2338 5043 lloc
2375 4987 2430 5042 in
2483 4985 2699 5057 psalmo
2736 4999 2826 5038 res
2877 4982 3020 5036 beati
3074 4978 3321 5035 Ezechiae
3349 4977 3543 5032 beatus
3571 4972 3736 5029 David

2147 5081 2526 5145 vaticinatur,
2566 5074 2845 5147 quomodo
2881 5074 3107 5136 scilicet.
3135 5081 3190 5127 et
3225 5071 3388 5139 cujus
3437 5069 3511 5124 rei
3549 5082 3736 5132 causa,

2145 5189 2350 5244 nempe
2380 5170 2617 5243 peccati,
2649 5169 2742 5222 ille
2780 5165 3170 5238 aegrotaverit;
3206 5162 3450 5232 quidque
3481 5161 3527 5214 ei
3556 5175 3735 5228 argro»

2148 5266 2286 5322 tanti
2333 5264 2402 5319 ab
2431 5259 2627 5316 amicis
2668 5257 2954 5314 acciderit.
3013 5254 3221 5308 Deinde
3250 5251 3411 5306 docet
3459 5247 3734 5318 quomodo

2149 5363 2374 5428 propter
2423 5367 2582 5408 suam
2633 5362 2937 5420 pauperum
2993 5360 3185 5399 curam
3233 5341 3608 5398 valetudinem
3651 5356 3728 5394 re-

2149 5449 2382 5521 ceperit,
2417 5453 2653 5501 cunctos
2682 5441 2946 5512 deinceps
2990 5439 3222 5493 hortans
3256 5443 3316 5491 ut
3345 5435 3417 5489 ita
3449 5451 3507 5490 se
3545 5447 3734 5504 gerere

2153 5541 2347 5595 velint.

2147 5747 2277 5807 290,
2310 5762 2378 5801 ex
2417 5743 2540 5799 cod.
2576 5739 2756 5795 Vatic.
2791 5738 2874 5804 B.,
2922 5739 2959 5794 f.
2992 5740 3092 5794 145
3126 5738 3184 5791 Β.

2219 5803 2297 5885 (3)
2340 5819 2442 5870 Ἐν
2467 5813 2721 5875 τούτῳ...
2759 5811 2972 5885 ποιεῖν.
3001 5810 3088 5885 Eg
3120 5810 3265 5885 Αῃςἒ
3281 5806 3391 5885 aiat
3428 5803 3573 5860 Bibl.
3596 5803 3733 5859 Nov.
3760 5870 3768 5878 ,

2146 5879 2388 5954 Plini“,
2424 5886 2549 5948 297,
2584 5899 2647 5937 ex
2677 5883 2796 5937 ('ud.
2839 5880 3018 5936 Vatis.
3059 5880 3140 5945 Β..
3173 5880 3212 5935 ι’.
3240 5879 3359 5934 297.
3771 5879 3776 5885 “
