4162 6458
1674 399 2034 457 TIIEODORI
2072 401 2562 461 MOPSUESTENI

1877 516 2212 577 PSALMUS
2241 498 2452 579 XLIV.

579 616 749 673 Vsus.
782 620 830 672 Ι.
862 648 932 659 --
961 616 1105 685 Quid
1150 617 1334 686 itaque
1369 614 1445 687 (i)
1484 612 1797 667 invenietur
1846 615 2035 683 majus
2065 614 2150 669 his
2181 630 2303 684 qua:
2333 632 2363 670 a
2394 618 2621 675 Christo
2652 621 2794 677 facta
2832 632 2961 680 sunt
2993 625 3045 679 in
3083 635 3231 682 tanta
3263 631 3451 685 mundi
3482 644 3788 689 commuta-

512 711 659 765 tione
690 709 950 765 omnibus
988 707 1437 779 agnoscentibus,
1485 704 1655 758 Deum
1683 702 2078 759 universorum
2115 712 2171 759 et
2202 707 2422 775 pietatis
2458 719 2623 778 atque
2652 714 2875 770 virtutis
2916 716 3259 787 diligentiam
3291 721 3492 778 habere
3519 723 3787 783 festina“.

509 800 665 864 tium,
696 809 750 854 et
781 796 1209 869 gloriﬁcantium
1251 793 1471 864 quidem
1503 790 1599 846 Dei
1633 790 2016 863 Unigenitum,
2049 789 2426 852 exbibenlium
2452 816 2583 856 vero
2623 811 2818 859 sancto
2866 803 3096 876 Spiritui
3147 808 3473 883 condignam
3504 815 3787 875 adoratio-

514 907 635 948 nem
666 910 679 944 :
714 905 810 961 pro
835 890 1034 961 quibus
1066 887 1123 941 Β.
1156 885 1327 941 David
1360 884 1473 939 ait:
1510 882 1785 938 Eructavit
1816 899 1906 937 cor
1936 898 2115 937 meum
2142 885 2355 942 verbum
2382 890 2575 947 bonum
2608 893 2785 953 (Paul.
2820 912 2969 963 κων,
2999 899 3082 970 1).

1031 1022 1354 1078 PSALMUS
1384 1021 1572 1078 XLIX.

2756 1032 3049 1088 ΨΑΛΜΟΣ
3101 1035 3238 1093 ΜΘ’.

582 1120 751 1176 Vsus.
777 1120 828 1174 i.
846 1148 917 1160 ——-
937 1116 1111 1172 Etiam
1136 1115 1226 1169 hic
1253 1116 1495 1185 psalmus
1516 1115 1745 1170 moralis
1767 1122 1874 1179 est,
1900 1128 2090 1168 verum

2275 1119 2423 1191 Στίχ.
2449 1125 2704 1178 α⁹.-Καὶ
2716 1119 2869 1190 οὗτος
2890 1127 2968 1197 (2)
2988 1128 3174 1198 ὴθικὸς
3186 1131 3215 1182 ὁ
3233 1130 3466 1202 ψαλμὸς,
3480 1133 3593 1188 ἀλλ’
3605 1136 3787 1193 οὐκέτι

512 1230 625 1270 non
674 1212 743 1267 ad
771 1225 963 1266 omnes
1007 1208 1265 1262 homines
1306 1207 1584 1278 dirigitur,
1636 1207 1733 1264 sed
1780 1215 1997 1261 tantum
2028 1207 2090 1261 ad

2205 1211 2340 1301 πρὸς
2369 1212 2612 1278 ἅπαντας
2633 1215 2975 1287 ἀνθρώπους,
3008 1220 3144 1290 πρὸς
3194 1224 3479 1289 Ἰουδαίους
3507 1227 3563 1281 δὲ
3603 1229 3786 1301 μᾷνον,

507 404 607 464 σῃ
1674 404 2034 457 TllEODORl
2072 404 2090 456 ι

2194 404 2562 461 ›δυΕδΤεΝι
3684 418 3789 474 672

510 1304 753 1367 Iudaeos,
790 1310 979 1372 utpote
1008 1300 1231 1355 virtutis
1280 1307 1710 1369 contemptores,
1761 1311 1815 1355 et
1856 1300 1911 1354 in
1944 1299 2097 1368 lega-

513 1398 660 1453 libus
691 1394 975 1451 sacriticiis
1005 1399 1177 1447 totum
1212 1391 1581 1459 collocantes;
1619 1391 1725 1446 hoc
1769 1406 1941 1446 unum
1982 1399 2094 1446 sat-

514 1497 771 1559 agentes,
826 1492 886 1540 ut
924 1484 1089 1553 verba
1134 1483 1269 1551 legis
1317 1482 1567 1547 scirent,
1620 1495 1731 1536 non
1790 1489 1972 1538 autem
2038 1488 2096 1535 ut

514 1576 771 1630 mandata
819 1579 1122 1630 servarent.
1156 1570 1269 1625 Illis
1315 1570 1483 1640 igitur
1514 1568 1919 1626 formidabilem
1971 1587 2092 1627 ser-

512 1683 732 1724 monem
799 1666 1115 1730 instituens,
1165 1662 1405 1735 judicem
1452 1661 1793 1731 iudicantem
1842 1671 1896 1717 et
1942 1664 2094 1734 ipsos

512 1773 639 1814 reos
678 1757 905 1830 ﬁgurate
935 1755 1219 1812 describit.

1081 1888 1306 1945 PSALM
1319 1888 1402 1946 US
1432 1889 1541 1947 LII.

583 1983 750 2039 Vens.
781 1984 834 2038 5.
862 2012 929 2022 —
961 1981 1097 2036 Cum
1151 1982 1473 2052 trajectione
1522 1984 1627 2039 hoc
1679 1984 1923 2055 positum
1978 1991 2087 2039 est.

512 2074 605 2127 Sic
662 2074 804 2128 enim
850 2073 1013 2128 etiam
1069 2072 1157 2126 hic
1205 2071 1770 2143 subintelligendum;
1823 2073 2089 2145 quoniam

509 2167 627 2220 haec
654 2172 738 2220 est
764 2161 1159 2233 consequentia
1185 2178 1197 2213 :
1230 2160 1420 2216 Nonne
1444 2164 1611 2217 scient
1640 2180 1819 2219 omnes
1850 2164 1942 2235 qui
1966 2179 2091 2233 ope-

511 2266 704 2311 rantur
769 2255 1127 2325 iniquitatem,
1184 2253 1275 2323 qui
1335 2251 1591 2309 devorant
1636 2254 1841 2325 plebem
1883 2256 1939 2310 in
1973 2255 2090 2310 cibo

507 2351 685 2418 panis,
744 2348 995 2417 quoniam
1046 2346 1192 2401 Deus
1238 2344 1518 2414 dissipavit
1580 2363 1705 2402 ossa
1766 2347 2092 2404 hominum?

2198 1300 2403 1355 ὡσανεὶ
2431 1303 2768 1374 ἀμελοῦντας
2796 1309 2896 1379 μὲν
2918 1309 3138 1380 ἀρετῆς,
3175 1311 3235 1365 τὸ
3255 1313 3313 1367 δὲ
3346 1316 3457 1369 πᾶν
3473 1317 3789 1388 τιθεμένους

2207 1395 2262 1448 ἒν
2286 1397 2404 1459 ταῖς
2444 1395 2657 1463 θυσίαις
2706 1400 2801 1453 τοῦ
2846 1402 3033 1473 νόμου,
3063 1404 3169 1468 ἕως
3213 1406 3308 1459 τοῦ
3337 1409 3537 1463 εἰδέναι
3575 1412 3643 1466 τὰ
3691 1415 3789 1486 ρή-

2201 1500 2347 1552 ματα
2397 1487 2557 1557 μόνον
2587 1490 3071 1563 ἐπιμελουμένους,
3091 1496 3274 1551 οὐκέτι
3314 1500 3373 1553 δὲ
3398 1502 3492 1554 καὶ
3526 1508 3595 1557 τὰ
3630 1522 3789 1577 προσ·
3886 1512 3890 1516 Α

2196 1575 2458 1645 τάγματα
2504 1580 2810 1648 φυλάττειν.
2847 1583 2957 1635 Καὶ
2988 1583 3365 1657 φοϐερώτερον
3401 1591 3586 1655 αὐτοῖς
3623 1575 3790 1649 κατα-

2199 1667 2483 1732 σκευάζων
2513 1670 2604 1724 τὸν
2632 1671 2811 1740 λόγον,
2841 1677 3238 1745 σχηματοποιεῖ
3266 1680 3789 1749 κριτὴν,δικάζοντα

2198 1757 2295 1810 καὶ
2320 1760 2447 1823 τοὺς
2486 1760 2894 1833 ἐλεγχομένους.

2615 1956 2620 1961 ,
2767 1899 3063 1954 ΨΑΛΜΟΣ
3086 1902 3217 1957 NB’.

2263 1985 2414 2059 Στίχ.
2447 1990 2514 2041 ε’.
2534 2017 2599 2029 -—
2623 1989 2758 2044 Μεθ’
2787 1992 3094 2061 ὑπερϐατου
3139 1995 3307 2051 ἐστίν.
3336 1998 3493 2054 Οὕτω
3539 2002 3648 2073 γὰρ
3693 2005 3789 2058 ὲπ-

2194 2079 2595 2151 εσημηνάμεθα
2638 2082 2827 2135 κάκεῖ·
2872 2085 2905 2154 ή
2946 2084 3054 2157 γὰρ
3099 2088 3390 2143 ἀκολουθία
3417 2091 3593 2163 αὖτηο
3639 2095 3787 2163 Οὐχὶ

2195 2168 2535 2235 γνώσονται
2579 2171 2805 2240 πάντες
2842 2177 2897 2229 οἱ
2948 2177 3323 2247 ἐργαζόμενοι
3354 2182 3471 2250 τὴν
3507 2184 3783 2253 ἀνομίαν,

2195 2262 2249 2313 oi
2278 2262 2703 2331 κατεσθίοντες
2741 2265 2849 2320 τὸν
2879 2268 3033 2322 λαὸν
3051 2270 3122 2323 ἐν
3154 2271 3383 2338 βρώσει
3408 2273 3613 2342 ἄρτου.
3642 2277 3731 2331 ὅτι
3755 2282 3787 2333 d

2197 2352 2342 2419 Θεὸς
2351 2352 2738 2423 διεσκόρπισε
2756 2359 2829 2412 τὰ
2851 2357 3003 2414 ὀστᾶ
3027 2360 3618 2437 ἀνθρώπ[αρέσκ]ων;
3639 2367 3708 2420 τὰ
3730 2368 3786 2422 δὲ

507 2447 707 2495 caztera
741 2445 920 2493 autem
944 2438 1230 2507 interiecta
1254 2448 1403 2497 sunt.
1432 2437 1489 2493 ld
1513 2447 1600 2495 est
1630 2456 1644 2493 :
1677 2437 1805 2494 Non
1822 2454 1891 2494 ne
1912 2439 2090 2495 scient

2194 2441 2359 2499 λοιπά
2380 2445 2469 2499 διὰ
2502 2447 2690 2518 μέσου.
2719 2450 3028 2505 Τουτέστινο
3060 2454 3174 2507 Οὐκ
3199 2454 3265 2508 ἂν
3298 2456 3518 2526 μάθοιεν
3553 2461 3705 2514 αὐτοὶ
3735 2463 3784 2514 οἱ

508 2528 615 2594 ipsi
648 2528 883 2597 operarii
915 2527 1245 2598 iniquitatis,
1282 2531 1377 2602 qui
1409 2531 1675 2601 populum
1699 2529 1997 2595 devorant,
2037 2538 2090 2588 et

2194 2528 2295 2601 τῆς
2323 2532 2554 2603 ἀνομίας
2577 2537 2846 2607 ἐργάται,
2888 2541 2938 2593 οἱ
2978 2540 3069 2595 τὸν
3109 2542 3236 2598 λαὸν
3264 2547 3662 2614 κατεσθίοντες,
3691 2552 3783 2605 καὶ

505 2622 663 2690 quasi
693 2621 875 2676 cibum
905 2622 1281 2678 necessarium
1319 2624 1472 2692 ipsos
1515 2636 1847 2678 consumere
1874 2616 2090 2677 conan-

2196 2626 2616 2682 καταναλίσκειν
2641 2628 2831 2702 ὥσπερ
2874 2632 2998 2686 τινὰ
3025 2636 3231 2706 τροφὴν
3251 2637 3556 2707 ἀναγκαίαν
3588 2643 3783 2708 αὐτοὺς

503 2720 617 2777 tur,
649 2722 700 2770 te
724 2728 917 2769 omnes
937 2713 1250 2780 absumere,
1272 2722 1327 2770 et
1355 2714 1597 2781 abolere,
1632 2715 1729 2784 qui
1757 2713 2082 2771 hominibus

2197 2716 2552 2788 πειρώμενοι,
2589 2721 2674 2773 ὅτι
2722 2723 2936 2788 πάντας
2982 2727 3318 2795 ἀναλίσκεις,
3350 2731 3447 2785 καὶ
3502 2734 3783 2802 ἀφανίζεις

504 2805 749 2875 placent,
777 2802 1047 2876 Rapsacis
1076 2805 1329 2874 exemplo
1357 2803 1656 2873 ;quoniam
1687 2803 1738 2859 is
1761 2803 1829 2858 ad
1856 2804 2093 2872 gratiam

504 2898 811 2961 hominum,
848 2898 1013 2953 verba
1053 2896 1351 2965 impietatis
1379 2896 1541 2965 plena
1573 2894 1923 2965 proferebat?
1955 2894 2093 2950 Illud

509 2998 711 3056 autem,
744 2990 914 3044 Deum
946 3006 1051 3043 non
1076 2991 1491 3053 invocaverunt;
1538 2988 1653 3041 illic
1687 2988 1978 3042 timuerunt
2022 2989 2093 3042 ti-

505 3097 672 3143 more,
702 3080 791 3132 ubi
818 3095 920 3133 non
945 3087 1059 3133 erat
1099 3079 1281 3140 timor,
1303 3077 1358 3129 in
1385 3076 1567 3130 medio
1594 3075 1905 3143 interjacet,
1933 3075 2095 3146 quasi

508 3173 681 3235 dicat,
719 3171 811 3226 Dei
843 3170 1162 3243 mempriam
1197 3184 1307 3224 non
1339 3168 1633 3232 facientes,
1673 3168 1943 3224 timebant
1972 3183 2095 3238 qua:

420 3260 431 3277 ‘
504 3279 615 3317 non
667 3269 1142 3332 exspectaverant.
1201 3261 1298 3316 [lla
1357 3261 1506 3316 enim
1556 3275 1680 3330 qua:
1729 3258 2093 3334 Jerosolymis

504 3361 683 3417 erant,
712 3360 977 3423 tanquam
1012 3353 1191 3409 iutilia
1220 3360 1276 3409 et
1311 3353 1522 3409 nullius
1548 3354 1813 3409 momenti
1842 3362 2093 3409 contem-

505 3456 720 3510 nentes,
754 3453 952 3517 praeter
981 3461 1200 3503 omnem
1231 3461 1383 3516 spem
1416 3460 1448 3500 a
1471 3444 1585 3502 Deo
1607 3446 1883 3517 supplicio
1907 3444 2093 3500 ali‘eeti

504 3545 654 3593 sunt.

2195 2809 2325 2873 τοὺς
2346 2810 2863 2883 ἀνθρωπαρὼκους,
2894 2817 2971 2880 ὡς
2994 2819 3103 2873 ἀπὸ
3129 2822 3224 2876 τοῦ
3269 2824 3544 2894 Ῥαψάκου
3563 2866 3578 2892 ,
3597 2828 3782 2899 ἐπειδὴ

2196 2898 2335 2969 πρὸς
2358 2900 2517 2971 χάριν
2543 2902 2847 2975 ἀνθρώπιον
2871 2907 3126 2973 ἀσεϐείας
3148 2911 3448 2982 ἐφθέγγετο
3474 2918 3681 2986 μεστά;
3710 2919 3783 2972 Τὸ

2194 2988 2275 3057 δὲ,
2306 2990 2419 3044 Τὸν
2464 2992 2614 3047 Θεὸν
2659 2996 2772 3049 οὐκ
2814 2998 3266 3057 ἐπεκαλέσαπο
3290 3019 3304 3032 ·
3332 3004 3461 3059 ἐκεῖ
3491 3008 3782 3079 ἐφοϐήθη-

2195 3096 2319 3135 σαν
2342 3084 2533 3152 φόϐον
2552 3081 2624 3142 οὗ
2648 3089 2759 3142 οὐκ
2781 3084 2859 3159 ἦν
2883 3092 3088 3159 φόϐος,
3116 3092 3206 3147 διὰ
3235 3095 3399 3166 μέσου
3424 3099 3619 3153 κεῖται.
3638 3100 3782 3157 Ἀντὶ

2194 3172 2311 3263 τοῦ,
2337 3174 2472 3229 Θεοῦ
2520 3178 2742 3249 μνήμην
2801 3180 2875 3252 μὴ
2923 3184 3305 3255 ποιησάμενοι,
3347 3188 3697 3263 ἐφοϐήθησαν
3743 3193 3782 3248 ἃ

2199 3262 2273 3356 μὴ
2322 3266 2751 3339 προσεδόκησαν.
2788 3272 3319 3348 Καταφρονήσαντες
3352 3279 3461 3353 γὰρ
3482 3262 3591 3336 τῶν
3626 3285 3684 3338 ὲν
3712 3286 3779 3356 τῇ

2204 3354 2579 3429 Ἰερουσαλὴμ,
2611 3360 2688 3425 ὡς
2717 3360 2949 3418 εὐτελῶν
2999 3366 3092 3420 καὶ
3135 3368 3370 3438 ὀλίγων,
3400 3372 3553 3443 παρὰ
3599 3354 3782 3429 πᾶσαν

2195 3446 2383 3501 ἐλπίδα
2411 3449 2509 3521 τὴν
2540 3451 2694 3523 παρὰ
2739 3454 2834 3507 τοῦ
2868 3455 3003 3511 Θεοῦ
3028 3460 3305 3530 τιμωρίαν.
3339 3461 3607 3528 ἐδέξαντο.

572 3648 741 3705 Vsus.
776 3651 829 3704 7.
858 3678 928 3691 —
956 3650 1229 3716 Quoniam
1275 3649 1420 3706 Deus
1453 3649 1511 3704 in
1553 3649 1688 3706 Sion
1724 3648 1979 3704 habitare
2020 3648 2088 3704 ab

2264 3651 2409 3722 Στίχ.
2444 3651 2509 3716 ζ’.
2546 3653 2848 3727 -Ἑπειδὴ
2879 3660 2936 3712 ἐν
2964 3662 3030 3731 τῇ
3061 3660 3198 3715 Σιὼν
3229 3666 3505 3719 κατοικεῖν
3532 3667 3660 3737 παρ’
3683 3643 3780 3719 at);

502 3738 640 3809 ipsis
676 3739 994 3809 putabatur,
1044 3739 1333 3806 Quisnam,
1366 3739 1570 3810 inquit,
1620 3739 1690 3793 de
1734 3746 1921 3794 monte
1954 3738 2087 3794 Sion

502 3831 737 3886 salutem
774 3829 936 3885 nobis
975 3830 1300 3885 exhibebit?
1347 3830 1405 3885 Id
1439 3838 1548 3894 est,
1592 3829 1762 3897 Deus,
1825 3838 2087 3900 tanquam

502 3920 556 3975 id
596 3921 742 3991 quod
779 3921 833 3974 in
875 3920 1132 3976 confesso
1171 3922 1266 3985 sit,
1295 3922 1604 3985 subticens,
1635 3922 2086 3992 quandoquidem

500 4029 568 4068 ex
600 4020 787 4067 monte
818 4013 951 4067 Sion
982 4028 1010 4066 a
1042 4013 1196 4067 nullo
1225 4013 1332 4067 alio
1368 4014 1631 4069 auxilium
1655 4017 1904 4085 accipere
1941 4025 2090 4086 pote-

498 4113 648 4169 rant,
705 4112 1065 4175 praeterquam
1120 4119 1151 4159 a
1199 4103 1336 4172 Deo,
1381 4105 1476 4176 qui
1511 4106 1714 4162 ibidem
1751 4110 2085 4164 commorari

498 4195 847 4251 credebatur.

1054 4329 1376 4390 PSALMUS
1416 4332 1547 4391 Lm.

565 4466 735 4524 Vens.
759 4469 815 4523 ὅ.
842 4497 911 4508 -
936 4467 1206 4534 Quoniam
1249 4470 1351 4535 illi,
1400 4472 1495 4542 qui
1527 4473 1809 4529 civitatem
1859 4474 2083 4533 obside—

496 4559 648 4621 bant,
686 4558 791 4613 hoc
822 4559 1097 4630 praecipue
1128 4560 1560 4630 exprobrabant,
1594 4563 1741 4633 quod
1770 4579 1835 4619 ea
1863 4580 1986 4635 qua:
2010 4566 2082 4621 ab

2191 3744 2304 3807 τοῖς
2355 3744 2657 3815 ὑπείληπτο
2692 3750 2721 3801 ὁ
2757 3748 2925 3814 Θεὸς,
2969 3753 3055 3813 τίς
3110 3754 3272 3823 ἡμῖν,
3306 3758 3503 3827 φησὶν,
3535 3758 3644 3811 ἀπὸ
3678 3757 3775 3811 τοῦ

2192 3833 2330 3889 Σιὼν
2348 3835 2507 3907 ὅρους
2526 3837 2750 3910 παρέξει
2768 3841 2869 3910 τὴν
2898 3842 3171 3915 σωτηρίαν
3196 3862 3211 3912 ;
3235 3846 3356 3901 ἀντὶ
3382 3847 3498 3913 τοῦ,
3535 3848 3597 3904 '0
3619 3849 3775 3921 Θεὸς,

2188 3925 2265 3989 ὡς
2313 3928 2742 4001 ὁμολογούμενον
2799 3934 3231 4009 ἀποσιωπήσας,
3270 3940 3394 3993 ἐπεὶ
3428 3942 3591 4012 ’μηδὲ
3646 3944 3782 4014 ἐνῆν

2191 4020 2320 4087 παρ’
2358 4018 2547 4091 ἑτέρου
2594 4023 2740 4087 τινὸς
2767 4025 3091 4090 ἐκδέξασθαι
3139 4030 3392 4100 βοήθειαν
3423 4032 3488 4086 ὲκ
3509 4034 3605 4088 τοῦ
3635 4034 3777 4092 Σιὼν

2189 4106 2347 4180 ὅρους
2370 4110 2424 4183 ,ἢ
2461 4112 2556 4166 τοῦ
2586 4112 2744 4183 Θεοῦ,
2777 4116 2873 4170 καὶ
2896 4116 3104 4187 διάγειν
3133 4122 3252 4175 ἐκεῖ
3286 4125 3699 4196 πιστευομένου.

2750 4340 3046 4396 ΨᾹΛΜΟΣ
3076 4343 3202 4400 Nl'".

2259 4470 2405 4543 Στίχ.
2430 4478 2574 4540 γ’.-
2589 4473 2810 4547 Ἐπειδὴ
2831 4475 2991 4531 τοῦτο
3013 4478 3248 4548 μάλιστα
3264 4480 3770 4558 ἐδςεῖνοιώνείδιζον,

2186 4565 2595 4629 κεκυκλωκότες
2639 4566 2738 4637 τὴν
2791 4568 2978 4631 πόλιν,
3011 4570 3088 4634 ὡς
3131 4570 3284 4624 οὐδὲν
3330 4572 3528 4637 αὐτοὺς
3577 4574 3771 4644 ὀνῆσαι

494 4650 728 4705 Ezechia
792 4650 1139 4715 dicebantur,
1202 4653 1282 4706 nil
1338 4653 1475 4721 ipsis
1535 4656 1799 4723 prodesse
1852 4664 2081 4726 possent

495 4743 685 4807 (erant
712 4748 891 4795 autem
933 4742 1071 4807 haec,
1123 4743 1269 4812 quod
1299 4744 1558 4799 nimirum
1601 4747 1654 4800 in
1690 4746 1860 4801 Deum
1908 4748 2081 4803 conﬁ-

2184 4653 2407 4708 δύναται
2446 4657 2515 4711 τὰ
2554 4657 2707 4729 παρὰ
2749 4658 2843 4713 τοῦ
2891 4660 3133 4725 Ἐζεκίου
3176 4664 3447 4733 λεγόμενα
3476 4663 3674 4735 (ταῦτα
3711 4664 3771 4719 δὲ

2183 4740 2272 4815 ἧν,
2304 4747 2380 4809 ὡς
2410 4749 2686 4819 προσῆκεν
2711 4752 2803 4804 ἐπὶ
2854 4752 2947 4806 τὸν
2972 4754 3105 4808 Θεὸν
3132 4755 3472 4819 πεποιθέναι,
3501 4755 3561 4819 ὃς
3592 4755 3769 4812 ἀπαλ-

493 4829 733 4884 dendum
771 4829 864 4891 sit,
893 4831 986 4899 qui
1023 4831 1177 4899 ipsos
1209 4848 1240 4887 e
1273 4835 1525 4902 periculo
1567 4845 1719 4918 esset
1747 4836 1972 4892 omnino
2008 4838 2078 4891 li-

2194 4835 2330 4902 taEet
2367 4838 2585 4904 πάντως
2632 4841 2832 4907 αὐτοὺς
2855 4843 2949 4897 τοῦ
2983 4845 3274 4918 κινδύνων
3310 4846 3491 4910 καλῶς
3522 4844 3641 4901 εἷπε
3684 4847 3765 4911 τὸ,

493 4919 840 4989 beraturus),
892 4921 1123 4990 pulchre
1169 4922 1310 4977 dixit
1375 4924 1560 4979 istud:
1612 4926 1679 4980 In
1712 4908 1935 4982 'nomine
1986 4938 2076 4982 tuo

2195 4931 2291 4985 Ἐν
2310 4931 2390 4997 τῷ
2416 4933 2660 5004 ὀνόματί
2685 4952 2801 4993 σου
2824 4937 3034 4992 σῶσόν
3048 4954 3148 5007 με.
3180 4908 3503 4992 Taurea-m1
3548 4908 3768 5012 Ἐπειδῆ

495 5012 700 5065 salvum
731 5026 813 5065 me
839 5011 943 5081 foe.
975 5010 1030 5065 Id
1059 5020 1176 5069 est:
1206 5014 1656 5087 Quandoquidem
1693 5034 1891 5075 nomen
1923 5029 2073 5077 tuum

2194 5022 2271 5078 τὸν
2311 5023 2401 5077 σὸν
2426 5002 2594 5097 ὄνομα
2623 5002 3065 5101 ἐπικαλούμενος.
3085 5030 3420 5101 χλευάξομαι
3452 5032 3582 5104 παρ’
3613 5002 3762 5085 ἐκείεί

495 5100 760 5168 invocans
799 5101 869 5157 ab
918 5102 1054 5172 ipsis
1092 5103 1370 5171 derideor,
1428 5104 1482 5160 in
1522 5107 1629 5162 hoc
1665 5108 1788 5178 ipso
1838 5111 2071 5167 salutem

2194 5134 2308 5181 νων,
2354 5116 2412 5171 ὲν
2442 5118 2591 5190 αὐτῷ
2634 5119 2810 5192 τούτῳ
2838 5100 2940 5194 τήν
2995 5100 3271 5194 σωτηρίαν
3302 5100 3394 5194 μοι
3440 5100 3763 5194 παράσχου,

494 5192 626 5246 mihi
661 5192 867 5264 praebe,
918 5209 988 5250 ne
1024 5193 1167 5249 bello
1213 5195 1300 5250 vel
1332 5197 1581 5252 exercitu
1631 5201 1706 5255 sit
1754 5204 2072 5271 opus;_sed

2194 5208 2321 5264 ὓστε
2379 5210 2454 5282 μὴ
2488 5211 2748 5282 πολέμου,
2791 5213 2867 5286 μὴ
2896 5192 3281 5286 ⁷σιεαρατόίξεως
3305 5192 3560 5287 δεηθῆναι
3587 5229 3600 5244 °
3629 5192 3769 5268 ἀλλὰ

494 5285 612 5338 sola
639 5295 729 5339 tua
755 5286 1104 5341 invocatione
1127 5301 1435 5356 consequar
1458 5305 1578 5360 qua:
1598 5300 1746 5361 peto,
1772 5303 1832 5348 ut
1856 5295 2076 5353 discant

2194 5300 2316 5372 town
2341 5304 2406 5373 τῇ
2439 5304 2505 5373 σῇ
2537 5306 2814 5376 προσευχῇ
2840 5285 3023 5375 τυχεῖν
3054 5303 3164 5358 τῶν
3193 5285 3662 5375 σπουδαζομένων,
3677 5305 3766 5359 ἶνα

496 5370 549 5425 1ιί
586 5385 791 5444 quanta
825 5377 1001 5433 virtus
1033 5378 1106 5433 sit
1131 5392 1322 5434 eorum
1359 5382 1450 5451 qui
1488 5384 1750 5440 auxilium
1786 5395 1941 5444 tuum
1970 5390 2074 5444 im-

2194 5370 2426 5447 ιάθιοσίν
2449 5370 2616 5461 οὗτοι,
2644 5370 2941 5466 πόση-τῶν*
2959 5396 3060 5467 τὴν
3093 5396 3348 5469 βοήθειαν
3393 5370 3753 5471 ἐπικαλουμέ-

495 5462 731 5528 plorant.

2194 5485 2342 5555 νωνή
2378 5485 2551 5556 ἰσχύς.
2776 5462 2786 5466 ﬂ
3015 5462 3026 5467 τ
3094 5462 3106 5468 “
3178 5462 3203 5495 ”

2247 5597 2395 5669 Στίχ.
2424 5598 2489 5652 δ’.
2517 5629 2587 5639 -—
2613 5600 2922 5670 Φρόντισον,
2958 5602 3092 5673 φησὶ
3117 5644 3130 5669 ,
3168 5602 3263 5656 καὶ
3304 5600 3444 5673 μετὰ
3471 5601 3765 5669 διαθέσεως

2174 5687 2404 5741 ἄκουσον
2436 5689 2543 5741 τῶν
2572 5688 2671 5759 τῆς
2701 5692 3013 5763 προσευχῆς
3048 5710 3148 5765 μου
3178 5692 3457 5767 ῥημάτων.

567 5569 730 5662 Vicus.
759 5573 813 5627 4.
846 5605 915 5616 -—
944 5579 1196 5646 Attende,
1229 5583 1427 5654 inquit,
1457 5593 1512 5641 et
1538 5602 1662 5642 cum
1700 5595 2067 5662 propensieuc

495 5659 622 5717 audi
657 5664 819 5720 verba
859 5671 1123 5728 orationis
1153 5689 1303 5729 mete.

566 5842 641 5914 (1)
673 5847 825 5917 Apud
860 5848 1168 5908 Facundum
1205 5854 1671 5926 licrmianenscm,
1704 5877 1781 5926 Ix,
1816 5864 1853 5917 Ι.
1924 5910 1929 5915 .
2198 5848 2203 5859 ’
2245 5868 2322 5938 (Ξ)
2353 5868 2427 5923 Ex
2462 5868 2745 5926 Cortlerio.
