4162 6520
432 355 544 415 873

1004 465 1299 520 ΨΑΛΜΟΣ
1337 465 1383 518 Ν
1388 465 1461 521 Δ¹.

1651 348 2024 406 EXPOSITIO
2063 351 2129 407 lN
2162 350 2506 410 PSALMOS.

3627 355 3737 412 στι

2686 467 3014 525 PSALMUS
3066 469 3204 526 LIV.

507 561 815 628 Θεοδιιῳου
846 558 909 630 (Ι
935 557 978 629 ).
1015 559 1130 629 Τῆς
1185 556 1571 629 αἰχμαλωσίας
1623 556 2036 626 ἀπαλλαγέντες

2213 559 2553 632 Babylonica
2594 561 2921 631 captivitate
2955 563 3133 620 Judaei
3172 563 3509 620 mirabiliter
3554 578 3586 620 a
3641 565 3736 622 Dei

432 652 510 725 [οί
548 650 819 724 Ἰουδαῖοι]
858 650 965 722 τῆς
1015 651 1076 705 ὲν
1126 649 1410 704 Βαϐυλῶνι
1462 648 1783 720 παραδόξως
1824 651 1893 719 τῇ
1935 647 2031 701 τοῦ

429 744 571 799 Θεοῦ
594 743 852 815 δυνάμει,
885 743 1302 799 κατεσκεύασαν
1325 745 1426 816 μὲν
1450 744 1544 798 τὸν
1558 743 1685 798 ναὸν
1713 745 1807 797 καὶ
1824 743 2034 797 οἰκείαν

430 835 597 890 πάλιν
637 832 867 906 ᾤκησαν
916 835 1044 905 γῆν,
1071 834 1368 907 ἀπειλήφει
1415 833 1473 888 δὲ
1518 834 1613 887 καὶ
1662 834 1696 905 ἡ
1743 834 1900 897 πόλις
1940 833 2036 889 τὸν

428 931 632 984 οἰκεῖον
662 929 883 984 ᾶπαντα
922 928 1129 1001 κόσμον
1148 943 1165 959 ⁸
1197 927 1335 984 ἀλλὰ
1364 929 1459 983 καὶ
1488 927 1711 997 βαθείας
1755 928 2035 999 ἀπήλαυον

429 1021 533 1094 τῆς
559 1022 802 1093 εἰρήνης.
824 1021 935 1076 Καὶ
966 1020 1032 1093 δὴ
1053 1018 1148 1074 τοῦ
1189 1020 1383 1092 χρόνου
1415 1019 1876 1091 παραϐαίνοντος,
1899 1020 2036 1091 ἀρχ-

433 1117 617 1188 ιερεὺς
642 1115 741 1170 τοῦ
764 1114 952 1179 ἔθνους
980 1114 1275 1187 γεγένηται
1305 1112 1509 1178 Ὀνίας,
1532 1112 1673 1185 ἀνὴρ
1696 1112 2037 1176 δικαιότατος

430 1210 528 1264 καὶ
567 1209 997 1272 εὐσεϐέστατοςν
1032 1206 1247 1261 τότε“δὲ
1290 1207 1421 1270 τοὺς
1471 1207 1753 1278 ἀρχιερεῖς
1810 1204 1908 1259 καὶ
1935 1204 2037 1277 τὴν

430 1302 610 1376 ἀρχὴν
634 1300 730 1357 τοῦ
758 1300 948 1365 ἔθνους
975 1299 1414 1368 ὲμπεπιστεῦθαι
1445 1298 1781 1354 συνέϐαινεν.
1807 1299 1887 1370 Τῇ
1922 1299 2037 1353 τοί-

429 1410 531 1448 νυν
560 1391 857 1464 ἐπιστασίᾳ
891 1390 987 1445 τοῦ
1023 1388 1218 1458 Ὀνίου,
1246 1388 1388 1461 μετά
1410 1388 1593 1460 πάσης
1618 1388 1906 1460 ἀκριϐείας
1926 1387 2037 1444 τῶν

428 1487 682 1557 νομίμων
732 1482 1176 1554 φυλαττομένων,
1210 1483 1306 1537 καὶ
1334 1482 1434 1553 τῆς
1466 1482 1548 1546 εἰς
1579 1481 1672 1536 τὸν
1711 1482 1846 1536 Θεὸν
1882 1482 2038 1536 εὐσε-

433 1578 590 1640 ϐείας
620 1577 822 1649 ἄριστα
852 1563 1259 1646 πληρουμένης,
1293 1573 1477 1644 Σίμων
1518 1592 1604 1638 τις
1637 1575 1703 1629 ἐκ
1726 1574 1828 1646 τῆς
1863 1576 2039 1649 φυλῆς

429 1669 731 1741 Βενιαμὶν,
774 1666 1042 1722 Σελεύκου
1099 1666 1224 1721 τότε
1274 1665 1655 1737 βασιλεύοντος
1707 1669 1809 1739 τῆς
1850 1668 2037 1731 Ἀσίας

433 1762 674 1833 ἀπάσης;
722 1760 926 1833 Συρίας
972 1776 1035 1813 τε
1069 1759 1166 1814 καὶ
1207 1758 1484 1831 Φοινίκης,
1526 1759 1868 1830 προστασίαν
1913 1759 2037 1814 τινὰ

432 1854 873 1925 πεπιστευμένος
901 1852 996 1907 τοῦ
1016 1850 1177 1925 ,ίεροῢ
1196 1892 1212 1918 ,
1246 1851 1505 1924 διηνέχθη
1544 1852 1643 1924 μὲν
1672 1852 1773 1907 οὐκ
1798 1853 2038 1923 εὐλόγως
2066 1895 2111 1951 Β

430 1946 572 2017 πρὸς
601 1944 698 1999 τὸν
734 1944 914 1998 Ὀνίαν
936 1960 952 1974 ·
997 1944 1058 1996 ὲν
1091 1942 1147 1996 δὲ
1179 1943 1246 2012 τῇ
1280 1942 1418 2014 πρὸς
1447 1942 1611 1997 αὐτὸν
1639 1943 1894 2015 ἡττηθεὶς
1923 1944 2036 1998 δια-

430 2037 600 2107 φορᾷ,
631 2033 910 2089 κοινοῦται
962 2032 1307 2104 Ἀπολλωνίῳ
1359 2032 1438 2105 τῷ
1489 2033 1806 2107 στρατηγῷ,
1854 2037 2037 2108 φήσας

426 2127 759 2183 ἀποκεῖσθαι
786 2128 1084 2199 πάμπολλα
1118 2128 1378 2199 χρήματα
1402 2129 1462 2181 ὲν
1483 2126 1563 2198 τῷ
1587 2127 1726 2199 ναῷ,
1753 2128 1789 2185 ὃ.
1809 2128 2036 2184 δυνατὸν

424 2217 707 2290 ληφθέντα
730 2218 982 2289 χρήσιμα
1009 2218 1087 2288 τῷ
1116 2218 1329 2289 βασιλεῖ
1356 2218 1616 2287 γενέσθαι
1637 2220 1775 2292 πρὸς
1803 2237 2035 2292 στρατο-

423 2309 616 2378 λογίαν
639 2324 654 2339 ’
680 2309 889 2378 γίνεται
916 2309 975 2363 δὲ
1000 2308 1162 2362 τοῦτο
1181 2310 1277 2363 καὶ
1304 2309 1382 2380 τῷ
1415 2309 1629 2381 βασιλεῖ
1645 2312 1925 2385 γνώριμον
1948 2313 2037 2367 διὰ

423 2402 523 2455 τοῦ
549 2400 865 2473 στρατηγοῦ
888 2417 902 2429 ·
918 2402 1012 2455 καὶ
1033 2401 1328 2473 δεξάμενος
1348 2401 1419 2456 τὰ
1437 2402 1590 2475 παρὰ
1608 2404 1703 2458 τοῦ
1725 2405 2035 2477 στρατηγοῦ

427 2492 768 2564 μηνυθέντα,
797 2486 1121 2564 Ἦλιόδωρόν
1153 2511 1277 2549 τινα
1323 2493 1433 2548 τῶν
1465 2496 1685 2552 οἰκείων
1715 2497 2037 2553 ἀποστέλλει

423 2584 734 2656 ληψόμενον
758 2583 829 2637 τὰ
847 2584 951 2656 χρή
961 2602 1127 2656 ματα.
1153 2586 1263 2639 Καὶ
1289 2585 1354 2659 δὴ
1393 2589 1791 2658 παραγεγονὼς
1810 2590 1840 2643 ὁ
1868 2590 2040 2644 Ἥλιό·

423 2675 625 2746 δωρος,
658 2673 804 2742 ἔγνω
818 2690 923 2746 χρη
933 2674 1120 2744 μάτων
1139 2676 1239 2747 μὲν
1263 2676 1364 2730 οὐκ
1388 2673 1529 2733 εἶναι
1560 2678 1817 2733 τοσοῦτον
1834 2679 2038 2750 πλῆθος

424 2769 487 2822 ὲν
509 2767 601 2838 τῷ
623 2765 756 2838 ἱερῷ
781 2767 906 2821 ὅσον
927 2769 960 2839 ἡ
978 2766 1338 2839 τοῦ-Σίμωνος
1364 2768 1871 2844 ἐϐούλετοδιαϐολὴ,
1896 2771 2037 2827 εῖναι

424 2859 486 2913 δὲ
507 2859 686 2929 ὀλίγα,
707 2859 804 2914 καὶ
825 2859 1001 2914 ταῦτα
1029 2859 1554 2934 παρακα[τα]θήκας
1581 2863 1669 2917 ἑτέ
1678 2881 1807 2935 ρων,
1822 2865 1873 2919 οἳ
1901 2865 2040 2938 πρὸς

430 2950 533 3023 τὴν
562 2949 911 3017 ἀξιοπιστίαν
943 2951 1040 3006 τοῦ
1067 2951 1235 3006 τόπου
1265 2954 1360 3006 καὶ
1388 2952 1489 3025 τὴν
1513 2952 1609 3007 τοῦ
1638 2953 1775 3008 Θεοῦ
1808 2954 2040 3027 δύναμιν

435 3044 866 3117 ἀποϐλέψαντες,
891 3045 993 3111 τὰς
1024 3044 1554 3119 παρακα[τα]θήκας
1585 3046 1884 3104 ἀπέθεντω
1917 3066 2041 3103 συν-

430 3138 719 3194 εϐούλευεν
746 3140 805 3194 δὲ
835 3142 866 3194 ό
898 3140 1099 3206 Ὀνίας,
1131 3140 1297 3213 μηδὲν
1326 3140 1681 3213 ἐπιχειρῆσαι
1713 3140 1900 3196 λαϐεῖν
1930 3141 2041 3197 τῶν

2139 653 2389 724 potentia
2414 653 2656 720 liberati,
2674 655 3134 712 iustauraverunt
3159 659 3444 728 templum,
3468 672 3739 729 suamque

2138 759 2337 801 rursus
2378 745 2616 816 patriam
2666 743 3074 813 incoluerunt;
3115 747 3520 819 ipsaque.-urbs
3558 756 3736 805 totum

2137 836 2352 907 recepit
2391 837 2747 907 splendorem
2787 846 3067 906 veterem,
3100 839 3320 909 altaque
3361 856 3497 911 pace
3541 842 3735 898 cuncti

2138 928 2472 986 fruebantur
2527 928 2635 996 (ΙΙ
2659 930 2838 986 Much.
2883 945 2986 997 ιιι,
3023 930 3136 1002 1v).
3192 929 3499 1002 Progressu
3548 939 3733 988 autem

2138 1021 2413 1093 temporis
2445 1021 2699 1093 pontifex
2734 1022 2915 1095 gentis
2960 1021 3144 1078 factus
3173 1033 3260 1079 est
3290 1022 3497 1091 Onias,
3528 1026 3614 1080 vir
3641 1025 3736 1095 ju-

2138 1115 2423 1171 stissimus
2463 1122 2520 1172 et
2555 1116 3053 1189 religiosissimus:
3087 1123 3223 1171 tunc
3259 1117 3407 1172 enim
3446 1117 3515 1172 ad
3550 1118 3735 1188 ponti-

2140 1203 2275 1263 fices
2324 1194 2674 1278 principatus
2725 1221 2948 1278 quoque
3004 1207 3186 1280 gentis
3234 1205 3440 1263 deferri
3501 1209 3735 1264 solebat.

2139 1295 2290 1369 Ergo
2325 1296 2469 1355 Onia
2503 1299 2587 1355 rei
2622 1299 2859 1370 publica:
2890 1299 3261 1371 praesidente,
3302 1301 3439 1372 legis
3469 1301 3597 1370 jure
3636 1315 3734 1355 ac-

2139 1395 2338 1454 curate
2400 1390 2733 1456 observato,
2788 1391 3056 1464 religione
3112 1406 3243 1463 erga
3296 1391 3471 1448 Deum
3526 1393 3736 1463 optime

2138 1481 2422 1549 exercita,
2459 1479 2651 1537 Simon
2695 1482 2922 1553 quidam
2959 1483 3030 1539 de
3059 1484 3210 1539 tribu
3244 1481 3556 1554 Benjamini
3579 1522 3594 1547 ,
3635 1480 3737 1539 Se-

2139 1573 2301 1629 leuco
2321 1573 2469 1629 Asiae
2503 1574 2782 1631 universa:
2816 1574 3104 1650 Syriaeque
3140 1584 3197 1632 et
3228 1575 3532 1632 Phoenicim
3562 1576 3737 1648 impe-

2139 1673 2300 1722 rante
2323 1705 2339 1733 ,
2376 1666 2617 1736 quadam
2650 1667 2842 1738 templi
2883 1667 3255 1740 przepositura
3296 1667 3592 1738 praeditus,
3639 1682 3738 1738 pa-

2139 1773 2262 1812 rum
2300 1759 2536 1816 honeste
2568 1760 2639 1815 ab
2677 1758 2819 1816 Onia
2854 1760 3204 1833 dissidebat:
3251 1762 3307 1816 in
3348 1775 3458 1832 qua
3501 1770 3737 1817 conten-

2141 1851 2290 1929 tione
2348 1853 2560 1919 victus,
2624 1854 2888 1910 convenit
2947 1853 3308 1925 Apollonium
3366 1853 3731 1924 praefectum,

2137 1944 2301 2014 eique
2348 1945 2617 2001 indicavit
2670 1945 2967 2016 plurimam
3017 1961 3144 2002 esse
3201 1946 3255 2001 in
3306 1947 3511 2016 templo
3563 1961 3734 2017 pecu-

2136 2036 2284 2091 niam
2312 2080 2329 2104 ,
2371 2053 2496 2108 quae
2532 2038 2661 2093 inde
2701 2045 3021 2107 protracta,
3058 2039 3173 2110 regi
3215 2039 3285 2094 ad
3336 2039 3573 2095 militum
3626 2040 3733 2096 sti-

2138 2124 2340 2195 pendia
2390 2125 2544 2182 utilis
2606 2126 2770 2182 foret.
2830 2125 2992 2193 Quod
3042 2142 3169 2182 cum
3215 2143 3247 2182 a
3300 2127 3563 2198 praefecto
3612 2130 3749 2202 regi‘

2137 2217 2514 2287 signiﬁcatum
2549 2218 2783 2285 fuisset,
2820 2220 2912 2275 hic
2941 2234 3009 2276 eo
3038 2220 3245 2276 indicio
3287 2236 3424 2278 usus
3468 2219 3731 2278 Heliodo-

2138 2324 2261 2364 rum
2300 2310 2596 2382 quemdam
2639 2309 2968 2367 familiarem
3010 2327 3174 2368 suum
3223 2312 3378 2368 misit
3424 2313 3518 2382 qui
3560 2328 3731 2384 pecu-

2137 2404 2287 2457 niam
2319 2413 2562 2475 caperet.
2591 2403 2713 2459 Jam
2749 2420 2881 2461 vero
2914 2404 3045 2460 illuc
3072 2404 3353 2475 prolectus
3378 2403 3729 2473 Heliodorus,

2138 2497 2409 2567 comperit
2445 2511 2557 2552 non
2588 2506 2770 2552 tantas
2817 2513 2943 2554 esse
2975 2498 3031 2553 in
3080 2498 3290 2568 templo
3324 2512 3460 2569 opes
3492 2507 3734 2569 quantas

2141 2586 2332 2644 Simon
2366 2589 2588 2645 delator
2638 2588 2894 2654 dixerat,
2925 2590 3022 2645 sed
3076 2590 3401 2645 thesaurum
3431 2590 3731 2655 modicum,

2138 2687 2194 2735 et
2225 2680 2449 2750 quidem
2498 2695 2567 2736 ex
2606 2681 2804 2736 alienis
2838 2680 3104 2753 depositis
3145 2681 3432 2736 hominum
3467 2682 3561 2753 qui
3611 2683 3733 2739 loco

2141 2770 2373 2827 ﬁdentes
2395 2780 2451 2826 et
2478 2771 2574 2826 Dei
2592 2772 2898 2841 potentiam
2923 2773 3360 2843 religionemque
3388 2782 3730 2843 spectantes,

2139 2861 2218 2916 ibi
2253 2876 2355 2917 sua
2386 2873 2768 2931 reposuerant.
2804 2860 3145 2917 llortabatur
3172 2876 3339 2933 porro
3371 2862 3732 2919 Heliodorum

2141 2955 2313 3012 Onias
2335 2994 2350 3022 ,
2414 2969 2483 3011 ne
2513 2953 2651 3025 quid
2684 2954 2814 3009 inde
2849 2955 3171 3011 detraheret
3199 2974 3214 3010 :
3251 2957 3457 3011 etenim
3507 2956 3617 3012 Deo
3647 2956 3733 3011 fa-

2144 3057 2293 3105 ctum
2325 3047 2394 3103 iri
2421 3046 2682 3119 injuriam
2706 3062 3044 3121 gravemque
3074 3048 3366 3113 offensam,
3403 3051 3451 3104 si
3479 3049 3735 3120 deposita

2144 3140 2290 3211 apud
2317 3140 2497 3211 ipsum
2525 3138 2764 3210 pecunia
2789 3138 3149 3208 diriperetur.
3169 3135 3587 3193 Verumtamem
3618 3139 3734 3225 haec

430 3232 1046 3306 ἀποκειμένων.“Υ6ρις
1073 3233 1206 3305 γὰρ,
1240 3233 1426 3304 φησὶν,
1452 3234 1531 3297 είς
1561 3236 1622 3287 τὸ
1644 3234 1803 3288 Θεῖον
1827 3235 1888 3290 τὸ
1902 3236 2042 3305 γινό-

2145 3231 2280 3288 nihil
2312 3231 2471 3303 pensi
2501 3229 2835 3286 Heliodorus
2868 3228 3108 3283 habebat
3130 3268 3145 3293 ,
3181 3228 3271 3282 cui
3319 3242 3434 3298 prae
3471 3228 3733 3285 omnibus

434 3344 624 3397 μενον,
659 3327 754 3381 καὶ
783 3326 1046 3398 λυπήσεις
1074 3327 1271 3389 ὲκεῖνο,
1299 3319 1361 3380 οὗ
1388 3326 1488 3396 τὴν
1514 3314 2039 3402 παρακα[τα]θήκην

432 3416 1105 3490 ἀποσυλήσειςθΕμελλεν
1135 3417 1342 3471 τούτων
1389 3417 1544 3472 οὐδὲν
1593 3418 1670 3490 τῷ
1711 3419 2036 3493 Ἠλιοδὼρῳ,

437 3511 670 3583 μείζονα
698 3511 921 3566 πάντων
955 3510 1207 3583 κρίναντι
1235 3509 1296 3563 τὸ
1326 3509 1420 3563 τοῦ
1462 3508 1730 3580 βασιλέως
1759 3512 1841 3574 είς
1863 3512 2041 3585 πέρας

356 3640 359 3643 -
433 3604 667 3674 ἀγαγεῖν
694 3602 1045 3675 πρόσταγμα.
1080 3602 1272 3674 Ἐὐχαὶ
1308 3601 1409 3673 μὲν
1432 3596 1524 3656 οὖν
1554 3601 1651 3655 καὶ
1678 3602 1865 3674 θρῆνοι
1898 3604 2041 3659 κατὰ

409 3734 415 3743 .
433 3695 537 3768 τὴν
569 3695 725 3749 πόλιν
755 3695 1035 3764 ἐγίγνοντο
1057 3694 1148 3748 ἐπὶ
1167 3693 1400 3758 τούτοις,
1425 3693 1778 3747 ἱκετευόντων
1795 3693 1888 3749 τὸν
1907 3694 2043 3749 Θεὸν

441 3788 520 3860 μὴ
543 3787 871 3842 καταλιπεῖν
894 3785 1252 3857 ἀνεκδίκητον
1280 3783 1381 3856 τὴν
1408 3783 1646 3856 τόλμαν’
1684 3784 1859 3856 εἰσῄει
1885 3784 1944 3839 δὲ
1972 3787 2040 3857 τῇ

437 3880 611 3953 ἑτέρᾳ
638 3879 716 3945 ὡς
763 3879 835 3934 τὰ
882 3879 1148 3953 χρήματα
1187 3877 1496 3950 ληψόμενος
1517 3894 1531 3909 ο
1565 3877 1661 3931 καὶ
1685 3879 1714 3931 ό
1756 3877 1891 3942 Θεὸς
1918 3880 2043 3943 ταῖς

441 3972 683 4036 ἱκεσίαις
736 3970 835 4031 τοῦ
879 3971 1119 4043 πλήθους
1148 3968 1463 4036 ἐπινεύσας,
1488 3969 1581 4024 καὶ
1610 3968 1706 4023 τού
1737 3970 2043 4042 ἀρχιερέως

438 4065 544 4138 τὴν
583 4063 871 4118 εὐσέϐειαν
915 4061 1340 4133 ἀποδεξάμενος,
1376 4060 1734 4135 φοϐερωτᾲτῃ
1776 4061 1885 4115 τινὶ
1925 4062 2045 4115 ἐπι-

440 4157 645 4229 φανείᾳ
699 4152 821 4210 τοῦ⁶
851 4155 1203 4228 τολμήματος
1248 4152 1648 4208 ἀπεσκεύασεν.
1702 4153 1881 4223 Ὠφθη
1934 4155 2044 4224 γὰρ

440 4251 675 4305 είσιέναι
720 4248 982 4323 μέλλοντι
1018 4247 1184 4311 ἵππος
1213 4246 1302 4301 διὰ
1349 4245 1444 4299 τοῦ
1487 4245 1650 4313 ἀέρος
1666 4244 1919 4319 ⁸φοϐερὸς
1941 4244 2044 4314 μὲν

402 4341 407 4345 ’
440 4341 593 4412 δψιν,
629 4337 859 4409 φαιδρὸς
906 4336 964 4390 δὲ
1014 4336 1078 4390 τὸ
1126 4337 1314 4406 σχῆμα
1337 4375 1352 4399 ,
1390 4331 1756 4404 ὲποχούμενόν
1807 4347 1868 4384 τε
1902 4329 2045 4400 ἔχων

447 4434 590 4507 μετὰ
608 4432 820 4505 χρυσῆς
854 4431 954 4502 τῆς
974 4428 1303 4497 πανοπλίας,
1334 4426 1393 4491 ὃς
1424 4428 1520 4480 καὶ
1552 4422 1692 4496 μετά
1722 4421 1917 4477 πολλοῦ
1948 4421 2042 4475 τοῦ

444 4524 763 4600 ρυζήματος
797 4525 920 4588 ταῖς
966 4519 1328 4593 ὲμπροσθίαις
1362 4517 1552 4582 ὁπλαῖς
1585 4515 1677 4571 τὸν
1721 4513 2043 4584 Ἦλιόδωρον

2142 3324 2297 3381 cordi
2328 3330 2450 3379 erat
2488 3322 2634 3393 regis
2673 3319 2995 3375 mandatum
3031 3320 3285 3390 exsequi.
3325 3318 3532 3376 Preces
3564 3321 3737 3393 igitur

2143 3431 2208 3472 ac
2249 3415 2678 3472 lamentationes
2707 3424 2822 3471 tOta
2849 3413 2993 3469 urbe
3021 3421 3183 3468 erant
3213 3414 3494 3469 orantium
3531 3413 3732 3479 Deum,

2143 3526 2213 3569 ne
2241 3511 2290 3567 is
2324 3525 2496 3566 ausus
2527 3508 2673 3565 foret
2703 3507 2937 3563 inultus.
2974 3505 3118 3563 Ecce
3145 3515 3329 3561 autem
3362 3508 3454 3564 ille
3481 3509 3737 3579 sequenti

2142 3603 2233 3660 die
2263 3600 2685 3675 ingrediebatur
2707 3599 3001 3671 pecuniam
3032 3607 3396 3670 sumpturus;
3427 3613 3553 3654 cum
3588 3599 3736 3657 Deus

2144 3695 2337 3766 populi
2394 3693 2659 3764 precibus
2718 3706 2974 3748 annuens
3033 3706 3101 3747 ac
3157 3690 3437 3761 pontificis
3472 3690 3734 3761 pietatem

2144 3788 2455 3858 respiciens
2478 3827 2492 3854 ,
2531 3786 2772 3843 terribili
2804 3784 3104 3840 admodum
3139 3782 3355 3840 visione
3390 3782 3610 3840 facinus
3646 3784 3736 3839 in-

2145 3879 2353 3935 hibuit.
2402 3878 2678 3948 Apparuit
2732 3876 2878 3934 enim
2914 3875 3030 3947 jam
3073 3875 3406 3945 ingredienti
3444 3890 3624 3944 equus
3677 3875 3734 3930 in

2147 3985 2279 4027 aere
2313 3969 2583 4025 terribilis
2617 3975 2881 4039 aspectu,
2916 3965 3206 4038 splendida
3238 3964 3414 4020 forma
3438 4006 3453 4030 ,
3490 3965 3732 4035 equitem

2146 4075 2350 4132 gerens
2389 4075 2558 4116 aurea
2591 4068 2799 4114 tectum
2842 4067 3164 4123 armatura;
3199 4057 3361 4127 isque
3385 4056 3565 4112 valido
3606 4072 3733 4111 cum

2147 4154 2356 4224 impetu
2409 4152 2695 4223 prioribus
2733 4150 2986 4207 calcibus
3028 4148 3385 4205 Heliodorum
3427 4148 3731 4220 percussit.

2147 4244 2266 4301 Duo
2313 4245 2543 4316 insuper
2583 4246 2852 4315 juvenes.
2892 4242 3126 4298 terribili
3154 4242 3373 4312 pariter
3413 4240 3634 4311 specie,
3668 4252 3735 4295 ac

2147 4338 2438 4410 Splendido
2486 4347 2737 4410 ornatu,
2783 4336 3005 4407 utrique
3044 4335 3205 4406 lateri
3245 4344 3494 4390 astantes
3544 4332 3735 4389 ilelio-

2147 4431 2343 4487 dorum
2374 4429 2763 4486 verberabant.
2800 4430 2981 4499 Atque
3010 4428 3087 4482 ita
3124 4434 3240 4481 tum
3277 4441 3341 4480 ea
3372 4425 3585 4480 visione
3616 4433 3736 4479 tum

2150 4524 2326 4594 plagis
2382 4529 2810 4585 consternatus,
2869 4519 3169 4576 semivivus
3221 4517 3349 4571 inde
3393 4517 3573 4572 elatus
3626 4524 3731 4572 est.

443 4617 702 4691 ἐπληξεν.
728 4615 833 4670 Δύο
855 4633 913 4671 τε
935 4612 1164 4681 νεανίαι,
1195 4612 1418 4685 φοϐεροὶ.
1443 4610 1539 4665 καὶ
1586 4601 1734 4666 οὗτοι
1767 4607 1868 4680 τὴν
1892 4606 2042 4670 θέαν,

2150 4618 2290 4670 Tum
2321 4629 2452 4670 vero
2479 4613 2759 4671 ileliodori
2795 4602 3029 4668 c6mites
3057 4610 3255 4666 Oniam
3284 4607 3555 4669 orabant,
3587 4606 3735 4676 apud

444 4707 688 4775 ἐπίδοξοί
713 4724 774 4762 τε
804 4705 864 4761 τὸ
894 4705 1102 4779 σχῆμα,
1127 4704 1485 4778 περιστάντες
1513 4702 1765 4758 ἐντεῦθεν
1789 4698 2044 4754 κάκεῖθεν

447 4800 805 4874 ἐμαστίγουν.
836 4800 950 4855 Καὶ
1004 4798 1178 4862 οὕτως
1224 4796 1334 4853 ἀπὸ
1383 4797 1485 4867 τῆς
1528 4795 1793 4858 ὀπτασίας
1821 4794 2042 4849 καὶτῶν

448 4895 682 4969 πληγῶν
715 4893 1045 4952 καταπεσὼν
1071 4893 1238 4966 ἤρθη,
1277 4892 1478 4964 μικροῦ
1530 4890 1727 4964 νεκρὸς
1758 4891 2042 4962 ὑπάρχων.

525 5010 605 5083 (l)
636 5009 917 5083 Theodori
942 5008 1638 5083 qusuesteni_prolixum
1657 5014 2041 5083 argumentum

448 5083 511 5139 in
538 5078 816 5152 pSalmum
852 5097 978 5147 XLV,
1017 5078 1076 5135 in
1104 5094 1216 5151 quo
1237 5078 1558 5152 Jud_a:oru_m
1587 5078 1825 5152 historia
1851 5092 1882 5130 a
1915 5087 2047 5132 tem-

450 5148 686 5225 poribus
709 5148 1260 5225 e_aptivitatis_usque
1286 5150 1355 5205 ad
1388 5148 1722 5225 Antiochum
1768 5148 2045 5225 lll_ustr_em

449 5217 509 5281 ét
536 5223 689 5279 Onize
725 5217 909 5293 fugam
948 5223 1006 5278 in
1035 5217 1336 5293 {Egyptum
1369 5219 1706 5293 summatim
1742 5217 2048 5287 attingeba-

450 5305 569 5360 tur,
609 5288 894 5350 exstitisse
920 5309 1031 5363 nis.
1062 5288 1207 5363 apud
1244 5291 1481 5363 Anglum
1520 5288 1784 5363 (inlatum,
1820 5294 2052 5363 narrant

452 5357 685 5421 Cavteus
716 5374 883 5435 atque
917 5357 1231 5435 Fabricius,
1268 5357 1359 5435 ubi
1395 5362 1475 5435 de
1493 5360 1718 5431 scriptis
1739 5357 2047 5435 doctissimi

455 5430 834 5506 Mupsuesteni
889 5449 991 5505 pro
1039 5434 1288 5515 ipsorum
1344 5430 1621 5515 instituto
1652 5439 1856 5515 agunt.
1910 5430 2049 5515 Ecce

457 5499 643 5577 autem
674 5521 776 5576 ego
809 5499 1029 5577 quoque
1063 5499 1117 5560 id
1163 5510 1545 5577 argumentum
1590 5499 1947 5577 in__Vati_cana
1979 5500 2049 5553 ad

456 5571 791 5634 Psalterium
824 5571 1020 5633 catena
1054 5571 1252 5632 nactus
1284 5590 1428 5636 sum.
1464 5573 1520 5628 in
1552 5571 1762 5635 codice,
1798 5572 2047 5640 inquam,

460 5648 524 5704 Β.
560 5648 599 5703 l.
628 5647 900 5702 2ll-212.
946 5647 1127 5702 Simul
1153 5657 1335 5701 tamen
1366 5644 1633 5713 comperi,
1666 5656 1858 5713 errore
1887 5651 2048 5713 typo.

460 5718 727 5793 graphice
750 5720 921 5775 scribi
953 5716 1099 5788 apud
1121 5717 1416 5793 praedictos
1437 5711 1691 5793 auctores
1716 5712 1806 5780 45,
1836 5711 1933 5783 pro
1957 5711 2048 5793 δέ,

462 5787 745 5861 perversis
793 5787 1398 5859 nempe’numeraljbus
1441 5787 1626 5841 notis:
1673 5799 1798 5861 nam
1838 5798 1899 5838 re
1932 5787 2052 5861 qui:

464 5852 591 5919 item
617 5876 746 5916 vera
777 5861 881 5916 hoc
897 5852 1285 5932 argumentum
1310 5872 1417 5913 non
1443 5871 1566 5925 xu,
1605 5855 1701 5913 sed
1732 5870 1821 5910 Liv
1851 5852 2047 5926 psalmi

2152 4706 2327 4762 Deum
2362 4705 2787 4761 intercessorem
2820 4702 2966 4768 fieri,
2996 4709 3056 4755 ut
3084 4701 3175 4755 ille
3204 4697 3526 4754 imminente
3558 4705 3738 4752 morte

2154 4798 2508 4853 liberaretur.
2525 4795 2680 4863 Quod
2705 4796 2853 4849 illico
2872 4794 3082 4849 faciens
3100 4790 3294 4858 Onias,
3314 4787 3589 4845 sacrificio
3614 4788 3739 4858 ejus

2154 4890 2326 4961 gratia
2360 4889 2567 4959 oblato,
2599 4888 2875 4943 hominem
2909 4886 3232 4941 infirmitate
3259 4882 3578 4953 expedivit,
3621 4879 3736 4938 Deo

2148 5012 2273 5072 est;
2315 5003 2460 5074 quod
2500 5019 2567 5058 ne
2606 5003 2817 5074 diutius
2853 5003 3052 5065 lateat,
3089 5000 3236 5074 typis
3281 4998 3402 5055 sine
3434 5013 3588 5053 mora
3631 4997 3742 5052 im-

2153 5070 2391 5149 primore
2427 5074 2668 5149 decrevi.
2722 5072 2915 5130 Nobile
2954 5070 3178 5149 quippe
3208 5070 3577 5149 fragmentum
3633 5076 3740 5149 est,

2154 5138 2297 5200 inter
2338 5145 2573 5215 plurima
2619 5161 2743 5215 quae
2792 5138 3250 5219 attctoris_'_|—ittju_s
3280 5138 3555 5219 vulganda
3592 5138 3741 5219 .mihi

2153 5212 2490 5289 supersunt:
2524 5212 2762 5270 nectam
2794 5218 2993 5289 merito
3039 5212 3330 5289 historico,
3372 5212 3744 5289 u_tpote_inrre

2153 5276 2497 5357 pervulgata,
2549 5285 2986 5357 commendatur,
3028 5296 3189 5357 quam
3220 5276 3744 5357 quiabi‘ncdenuo

2155 5345 2562 5427 cognoscimus.
2603 5356 2882 5427 quomodo
2912 5345 3269 5427 famigeratus
3301 5345 3740 5427 S.S.__Bibliorutn

2152 5415 2424 5499 interpres
2454 5415 2778 5499 Theodorus
2820 5424 2889 5478 ab
2912 5415 3139 5499 historia
3167 5418 3383 5499 veteris
3405 5415 3744 5499 testamenti

2154 5498 2221 5552 ad
2257 5486 2345 5553 res
2367 5498 2503 5552 Novi
2532 5496 2803 5553 Foetleris.
2838 5505 3004 5564 atque
3037 5493 3102 5545 ad
3135 5488 3485 5564 vaticiniade
3516 5486 3744 5564 Christo

2153 5571 2394 5625 transire
2441 5568 2638 5624 solitus
2675 5566 2877 5619 fuerit:
2917 5558 3094 5633 ‘quam
3135 5576 3250 5615 rem
3289 5561 3341 5614 in
3375 5558 3498 5628 ejus
3529 5558 3745 5633 integro

2153 5640 2320 5695 etiam
2384 5641 2449 5693 ad
2509 5636 2603 5693 Xll
2678 5629 2992 5705 pmpbetas
3032 5633 3274 5705 minores
3318 5629 3742 5705 conrrnentario,

2155 5726 2320 5781 quem
2347 5725 2448 5765 nos
2483 5710 2615 5781 olim
2648 5697 2923 5781 edidimus
2956 5703 3173 5781 ScriptL
3200 5712 3298 5781 ret.
3333 5710 3370 5755 t.
3408 5697 3534 5781 Vl,“
3554 5698 3746 5781 obser-

2157 5767 2286 5835 vare
2318 5797 2426 5835 non
2452 5780 2621 5837 semel
2648 5778 2821 5835 licuit.
2859 5776 2989 5840 MAI,
3031 5767 3288 5829 Biblioth.
3328 5787 3460 5827 ποι-α
3492 5767 3743 5833 Patrum,

2158 5851 2244 5916 Ill,
2276 5852 2399 5906 455.
