4162 6462
512 323 617 378 675

1702 311 2053 368 TliEODORl
2091 307 2575 366 MOPSUESTENI

3677 304 3778 360 676

514 438 616 508 ipsi
648 442 968 506 apparente,
1001 432 1312 500 multasque
1342 429 1552 502 gratias
1582 431 1828 501 pontiﬁci
1862 429 2093 485 reddere

2213 431 2423 499 δεήσεις
2449 428 2588 498 ὺπέρ
2613 427 2817 480 τούτων
2845 426 2979 497 πρὸς
3008 425 3098 479 τὸν
3127 425 3306 479 Ὀνίαν
3335 424 3612 493 ἐγίγνοντο
3634 422 3780 492 παρὰ

515 530 755 596 iubente.
797 527 887 579 Sic
929 525 1018 578 ille
1073 531 1363 587 servatus,
1411 523 1614 579 oblatis
1654 524 1764 579 Deo
1813 525 2090 589 victimis,

515 619 580 672 ad
616 633 794 688 regem
828 631 1082 670 reversus
1111 624 1223 679 est,
1258 631 1381 685 qua:
1410 615 1520 670 sibi
1551 616 1870 672 acciderant
1904 631 2096 670 narra-

513 721 692 762 turus.
731 707 846 761 Non
890 719 1073 761 tamen
1114 706 1329 761 destitit
1366 722 1395 759 a
1436 722 1536 761 sua
1581 708 1825 776 nequitia
1865 706 2092 769 Simon,

515 813 689 867 neque
721 812 749 850 τι
780 797 1077 850 calumniis
1108 803 1303 850 contra
1333 797 1525 849 Oniam
1558 797 1842 851 struendis
1871 814 1882 849 :
1925 797 1999 848 ita
2035 802 2096 848 ut

515 889 602 942 hic
635 888 701 941 ad
740 902 920 955 regem
959 886 1272 956 profectus,
1323 894 1378 941 et
1421 887 1848 942 criminationes
1883 887 1990 941 sibi
2027 887 2096 940 il-

515 980 653 1032 latas
687 980 1042 1047 cognoverit,
1081 986 1136 1033 et
1167 977 1333 1033 simul
1372 979 1577 1048 pepulo
1612 978 1869 1034 idoneam
1903 992 2093 1048 pacem

514 1071 918 1126 conciliaverit.

2200 521 2306 574 τῶν
2355 520 2622 574 συνόντων
2660 517 2737 588 τῷ
2775 517 3117 589 Ἦλιοδώρῳ,
3163 517 3438 571 ἱκετεῦσαι
3484 515 3576 568 τὸν
3625 512 3778 574 Θεὸν,

2199 611 2530 681 χαρίσασθαι
2581 609 2730 679 αὐτῷ
2777 607 2872 661 τοῦ
2929 609 3382 679 προσδοκωμένου
3409 607 3640 661 θανάτου
3687 602 3782 674 τὴν

2198 702 2542 772 ἀπαλλαγήν,
2574 703 2639 753 Ὃ
2663 701 2758 754 καὶ
2797 701 3028 770 ποιήσας
3057 701 3085 753 ό
3133 699 3308 762 Ὀνίας
3343 698 3526 762 εὐθὺς,
3557 697 3655 750 καὶ
3689 695 3776 748 θυ·

2199 793 2320 858 σίας
2351 791 2719 864 προσαγαγὼν
2743 792 2884 862 ὑπὲρ
2903 791 3090 855 αὐτοῦ,
3110 790 3386 856 ἀπήλλαξε
3408 791 3507 859 τῆς
3528 783 3786 856 κατεχού-

2199 901 2301 955 σης
2334 883 2492 936 νόσου
2520 898 2532 913 ·
2571 881 2927 951 ἐπιφανέντος
2948 897 3008 932 τε
3039 880 3188 950 αὐτῷ
3221 879 3315 932 τοῦ
3343 875 3499 940 Θεοῦ,
3536 875 3630 928 καὶ
3664 873 3786 925 πολι

2203 971 2301 1035 te;
2337 971 2482 1041 ἔχειν
2514 969 2745 1042 χάριτας
2786 969 2864 1040 τῷ
2902 970 3149 1038 ἀρχιερεῖ
3215 963 3784 1038 παρακελευσαμένου.

2203 1063 2364 1117 Οὕτω
2412 1061 2703 1124 διασωθεὶς
2742 1062 2839 1115 καὶ
2870 1061 3058 1122 θυσίας
3101 1058 3178 1130 τῷ
3221 1058 3343 1128 Θεῷ
3375 1055 3785 1129 προσκομίσας,

515 1164 819 1234 ἐπανῆλθεν
863 1162 998 1234 πρὸς
1036 1161 1126 1215 τὸν
1167 1161 1390 1232 βασιλέα
1417 1163 1812 1236 διηγησόμενος
1842 1162 1910 1216 τά
1939 1159 2202 1230 γεγονότα
2223 1173 2236 1188 ⁸
2271 1156 2384 1210 ἀλλ’
2407 1157 2508 1210 οὐκ
2528 1154 2794 1224 ἀφίστατο
2823 1153 2923 1223 τῆς
2955 1153 3160 1216 οἰκείας
3189 1152 3491 1224 μοχθηρίας
3525 1153 3553 1203 6
3590 1149 3788 1220 Σίμων,

516 1256 827 1326 παρέμενεν
858 1256 915 1308 δὲ
941 1253 1164 1318 πολλαῖς
1190 1257 1312 1309 κατ’
1336 1256 1500 1310 αὑτοῦ
1529 1259 1868 1328 κεχρημένος
1893 1255 2200 1316 διαϐολαῖς·
2228 1254 2322 1305 καὶ
2348 1253 2437 1305 διὰ
2459 1243 2623 1304 τοῦτο’
2643 1250 2836 1320 μέχρις
2869 1247 2961 1302 τοῦ
2985 1247 3252 1317 βασιλέως
3283 1247 3461 1308 Ὀνίας
3481 1244 3788 1313 γενόμενος,

515 1348 657 1418 ἔγνω
688 1349 787 1410 τὰς
818 1349 936 1401 κατ’
957 1347 1121 1400 αὑτοῦ
1155 1348 1332 1413 πάσας
1363 1349 1637 1412 διαϐολὰς,
1664 1349 1805 1402 ὥστε
1842 1349 1934 1402 καὶ
1963 1346 2044 1417 τῷ
2073 1346 2217 1399 ἔθνει
2250 1345 2608 1416 περιποιῆσαι
2637 1344 2736 1413 τὴν
2774 1341 3163 1413 προσήκουσαν
3195 1339 3444 1408 εἰρήνην.

588 1437 714 1493 llaec
752 1437 882 1492 dum
925 1447 1113 1510 ageret
1151 1438 1322 1494 Onias
1349 1481 1364 1505 ,
1404 1440 1671 1495 Seleucus
1708 1441 1970 1502 moritur,
2003 1451 2096 1490 re-

519 1545 795 1598 gnumque
830 1530 1124 1599 occupavit
1157 1531 1464 1586 Antiochus
1499 1529 1772 1597 lllustris;
1806 1530 1896 1584 cui
1929 1526 2100 1582 Iason

518 1621 739 1690 quidam
765 1663 778 1687 ,
813 1619 968 1674 Onia:
1004 1619 1197 1685 frater,
1236 1622 1523 1691 pecuniam
1570 1622 1860 1690 plurimam
1901 1635 1961 1677 se
1999 1621 2100 1674 da-

521 1720 703 1764 turum
739 1710 1073 1780 spopondit,
1107 1714 1151 1766 si
1189 1714 1571 1782 pontificatum
1607 1712 1727 1782 ipse
1758 1711 2100 1782 impetraret.

522 1805 642 1856 Alia
696 1804 924 1874 insuper
966 1804 1110 1858 dona
1160 1805 1396 1874 plurima
1445 1804 1746 1868 offerebat,
1781 1805 1829 1859 si
1879 1816 2108 1874 gymna-

2290 1433 2424 1487 Ἀλλ’
2449 1436 2507 1486 ἐν
2553 1433 2764 1496 τούτοις
2809 1431 2963 1493 ὄντος
3014 1426 3109 1482 τοῦ
3186 1428 3382 1491 Ὀνίου,
3425 1423 3646 1494 τελευτᾷ
3699 1423 3792 1493 μὲν

2203 1527 2232 1579 ὁ
2276 1525 2556 1589 Σέλευκος,
2591 1519 3003 1593 παραλαμϐάνει
3035 1518 3092 1573 δέ
3139 1518 3235 1588 τὴν
3285 1508 3561 1586 βασιλείαν
3597 1515 3624 1566 6
3650 1513 3794 1565 Ἐπι-

2209 1617 2381 1688 φανὴς
2437 1614 2746 1684 Ἀντίοχος,
2792 1612 2876 1682 ἐφ’
2923 1603 2984 1664 οὗ
3039 1610 3227 1664 Ἰάσων
3281 1624 3366 1670 τις
3419 1603 3646 1673 ἁδελφὸς
3701 1601 3792 1655 τοῦ

2223 1711 2396 1763 Ὀνίου
2432 1707 2600 1776 ἔφησε
2635 1704 2847 1758 πολλῶν
2897 1703 3196 1774 χρημάτων
3239 1697 3498 1770 πρόσοδον
3525 1694 3603 1766 τῷ
3642 1695 3794 1764 βασι-

2211 1803 2294 1854 λεῖ
2339 1799 2631 1872 προσάξαι,
2674 1798 2723 1849 εί
2753 1796 2972 1850 λάϐοιτο
3013 1794 3114 1864 τῆς
3147 1789 3562 1864 ἀρχιερωσύνης
3595 1787 3757 1850 αὑτός
3781 1802 3792 1816 ·

521 1896 665 1951 sium
705 1897 758 1949 in
791 1896 928 1951 urbe
957 1905 1206 1961 struere,
1251 1897 1736 1952 circumcisionem
1777 1896 2104 1966 antiquare,

2213 1868 2402 1944 δώσειν
2429 1889 2486 1942 δὲ
2515 1889 2608 1941 καὶ
2635 1887 2797 1957 ἔτερα
2823 1885 3064 1950 πλείονα,
3099 1884 3146 1935 εί
3170 1883 3264 1934 καὶ
3303 1877 3604 1948 γυμνάσιον
3630 1892 3798 1931 κατα-

520 2001 686 2057 atque
727 1989 955 2042 omnino
991 1989 1130 2058 legis
1162 2005 1296 2044 usus
1333 1989 1556 2044 abolere
1601 1988 1704 2042 sibi
1755 1989 2108 2057 permittere-

520 2090 630 2133 tur.
677 2080 773 2134 His
813 2081 1104 2149 promissis
1141 2095 1445 2149 persuasus
1484 2078 1827 2143 Antiochus,
1869 2077 2108 2146 dignita-

519 2183 626 2225 tem
661 2171 738 2225 illi
778 2172 1036 2226 contulit.
1077 2170 1246 2240 Igitur
1280 2169 1450 2226 Onias
1484 2170 1711 2239 quidem
1753 2169 2109 2240 religiosissi-

520 2278 643 2317 mus
664 2277 728 2316 ac
745 2261 1092 2329 iustissimus
1111 2261 1215 2325 vir,
1234 2255 1625 2316 exauctoratus
1645 2261 1970 2331 pontiﬁcatu
1995 2270 2106 2325 est;

518 2351 685 2408 Jason
711 2361 892 2406 autem
918 2350 1230 2406 sacerdotio
1253 2351 1416 2405 simul
1445 2359 1500 2406 et
1525 2351 1836 2421 principatu
1866 2350 2072 2420 potitus
2093 2389 2108 2414 ,

518 2442 704 2497 statim
730 2442 797 2496 ad
821 2441 1076 2497 ethnicos
1103 2456 1285 2496 mores
1312 2455 1609 2512 aggressus
1638 2447 1724 2496 est
1748 2438 1970 2496 Iudaeos
1994 2447 2110 2493 tra-

519 2536 743 2598 ducere,
768 2543 821 2590 et
843 2533 1188 2605 gymnasium
1215 2547 1414 2604 praater
1439 2532 1724 2589 Iudaicam
1751 2531 2112 2588 consuetudi-

520 2643 644 2682 nem
683 2625 1004 2681 aediiicavit:
1027 2633 1081 2681 et
1103 2625 1274 2696 legem
1300 2626 1596 2681 immutare
1616 2639 1871 2696 pergens,
1894 2624 2112 2679 cunctis

520 2735 551 2771 ιι
581 2717 672 2773 Dei
709 2715 858 2770 cultu
891 2715 1292 2786 praeceptisque
1318 2715 1588 2785 legalibus
1619 2713 1881 2769 recedere
1907 2711 2111 2768 suade-

525 2810 616 2863 bat
635 2849 648 2872 ,
677 2817 837 2876 atque
859 2806 1210 2860 ethnicorum
1245 2820 1428 2859 mores
1461 2805 1764 2874 suscipere,
1790 2802 2110 2874 gymnasia,

523 2899 848 2968 palaestras,
883 2904 936 2950 et
972 2897 1076 2950 alia
1114 2894 1432 2964 hujusmodi
1472 2895 1844 2964 frequentare.
1880 2893 2115 2964 Jamque

523 2989 884 3044 otnittebatur
919 2987 1273 3042 circumcisio
1299 3024 1314 3050 ,
1355 2986 1714 3042 sabbatorum
1753 2985 2114 3040 observantia

511 3081 934 3150 legiigebatur,
975 3076 1397 3150 generatimque
1435 3076 1716 3132 ethnicam
1758 3075 1993 3130 formam
2033 3076 2115 3130 ci-

2211 1975 2528 2037 σκευάσειεν
2564 1982 2624 2032 ἐν
2668 1982 2735 2049 τῇ
2773 1979 2962 2039 πόλει,
2996 1977 3090 2030 καὶ
3128 1975 3228 2046 τὴν
3273 1970 3574 2042 περιτομὴν
3621 1964 3797 2020 αὐτῶν

2210 2076 2446 2139 λύσειεν,
2479 2073 2576 2127 κα)⁵
2613 2072 2749 2133 ὅλως
2790 2069 3078 2135 ἐξαλλάξαι
3108 2067 3176 2120 τὰ
3205 2065 3412 2135 νόμιμα
3447 2057 3796 2129 συγχωρηθῇ.

2225 2165 2481 2232 Ἐπείσθη
2526 2163 2737 2225 τούτοις
2790 2163 2904 2223 τοῖς
2957 2161 3197 2229 ῥήμασι,
3234 2153 3571 2225 παραδίδωσι
3599 2167 3661 2203 τε
3708 2150 3801 2202 αὑ»

2211 2257 2291 2328 τῷ
2332 2257 2432 2328 τὴν
2476 2255 2673 2326 ἄρχήν.
2720 2253 2832 2306 Καὶ
2865 2254 2892 2306 6
2922 2251 3026 2321 ’μὲν
3081 2248 3260 2311 Ὀνίας
3313 2241 3702 2304 εύσεϐέστατός
3743 2256 3800 2293 τε

2213 2348 2310 2401 καὶ
2364 2346 2704 2408 δικαιότατος
2757 2343 2834 2396 ὢν
2881 2342 3056 2413 ἀνὴρ,
3093 2340 3198 2404 ἔξω
3245 2339 3344 2409 τῆς
3396 2331 3801 2407 ἀρχιερωσύνης

2213 2439 2483 2510 κατέστηο
2518 2439 2547 2492 6
2591 2437 2650 2491 δὲ
2692 2436 2914 2502 Ἰάσων,
2946 2435 3045 2504 τῆς
3100 2450 3159 2486 τε
3202 2428 3504 2502 ἱερωσύνης
3559 2425 3654 2480 καὶ
3705 2425 3801 2494 τῆς

2215 2530 2464 2598 ἐξουσίας
2519 2528 2952 2598 ἐπιλαϐόμενος,
2987 2525 3152 2588 εὐθὺς
3201 2523 3295 2576 ἐπὶ
3349 2520 3442 2574 τὸν
3496 2515 3801 2588 Ἑλληνικὸν

2215 2624 2542 2696 χαρακτῆρα
2573 2622 2880 2692 μετήγαγεν
2913 2621 3038 2682 τοὺς
3075 2615 3382 2679 Ἰουδαίους,
3420 2611 3720 2684 γυμνάσιόν
3744 2625 3801 2661 τε

2217 2714 2621 2768 κατεσκεύασεν
2669 2713 2822 2786 παρὰ
2851 2712 2911 2765 τὸ
2953 2707 3245 2764 Ἰουδαϊκὸν
3291 2707 3444 2770 ἔθος·
3487 2705 3584 2759 καὶ
3610 2703 3678 2757 τὰ
3719 2700 3803 2754 νό-

2221 2825 2364 2879 μιμα
2416 2807 2473 2860 δέ
2523 2805 2814 2873 ἐξαλλάξαι
2862 2803 3332 2874 παρασκευάσας,
3394 2801 3640 2860 ἃπαντας
3706 2793 3802 2866 μὲν

2215 2899 2425 2953 ἀνελεῖν
2459 2898 2558 2968 τῆς
2586 2900 2666 2962 είς
2703 2897 2794 2950 τὸν
2825 2896 2957 2949 Θεὸν
2985 2894 3284 2966 θεραπείας
3326 2892 3419 2946 καὶ
3462 2889 3571 2943 τῶν
3595 2886 3687 2942 τοῦ
3717 2884 3804 2938 νό-

2221 3008 2322 3060 μου
2356 2989 2794 3062 προσταγμάτων
2825 2988 3061 3052 ἔπεισεν,
3095 2985 3385 3057 προσέχειν
3411 2982 3470 3037 δὲ
3490 2983 3602 3044 τοῖς
3628 2978 3804 3032 ἔθεσιν

2217 3086 2326 3146 τοῖς
2371 3083 2734 3152 Ἑλληνικοῖς,
2778 3081 3122 3151 γυμνασίοις,
3163 3079 3258 3131 καὶ
3295 3075 3680 3143 παλαίστραις,
3709 3068 3805 3122 καὶ

529 3173 670 3227 vitas
702 3171 985 3226 induebat.
1021 3167 1152 3222 llaec
1181 3167 1374 3224 videns
1408 3168 1604 3224 beatus
1633 3166 1804 3223 Onias
1831 3168 1927 3222 diu
1961 3167 2075 3223 ﬁeri
2097 3210 2109 3233 ,

2215 3179 2329 3239 τοῖς
2352 3175 2615 3242 τοιούτοις
2648 3190 2661 3204 ’
2703 3174 2959 3244 ήμελεῐτο
2992 3171 3050 3224 δὲ
3081 3170 3264 3224 λοιπὸν
3290 3168 3384 3222 καὶ
3415 3167 3481 3221 τὰ
3510 3166 3609 3235 τῆς
3647 3179 3803 3233 περι-

528 3262 832 3332 angebatur
858 3263 1062 3329 animo,
1094 3261 1302 3317 ferebat
1329 3260 1638 3332 aegerrime,
1672 3274 1737 3314 ac
1765 3259 2110 3330 deplorabat.

527 3353 671 3408 Malo
701 3361 884 3407 autem
915 3353 1163 3423 quotidie
1206 3353 1660 3423 ingravescente,
1711 3352 1903 3407 urbem
1950 3352 2113 3408 dere-

529 3446 722 3517 liquit,
755 3455 920 3516 atque
955 3447 1010 3501 in
1041 3444 1342 3517 Egyptun‘t
1371 3442 1652 3515 profectus
1685 3444 1857 3500 altare
1888 3444 1962 3500 ibi
1995 3459 2116 3500 ere-

528 3540 641 3604 xit,
679 3540 942 3608 templum
979 3537 1303 3602 adornavit,
1347 3536 1632 3607 divinique
1676 3535 1752 3591 ibi
1797 3536 1981 3592 cultus
2012 3551 2113 3591 cu-

526 3644 644 3684 ram
678 3631 887 3700 gessit,
927 3629 1130 3686 Judasis
1171 3630 1447 3700 indigenis
1486 3629 1542 3684 in
1583 3630 1670 3686 his
1710 3644 1832 3700 quae
1870 3629 1936 3683 ad
1977 3630 2114 3684 reli-

527 3723 742 3792 gionem
773 3723 1049 3792 pertinent
1080 3723 1449 3778 ministerium
1487 3735 1650 3777 suum
1684 3721 2071 3776 eommodans.

2218 3269 2412 3338 τομῆς,
2458 3269 2848 3340 κατεφρονεῖτο
2882 3266 2976 3318 καὶ
3007 3265 3114 3318 τῶν
3151 3262 3438 3316 σαϐϐάτων
3471 3263 3505 3330 ή
3549 3259 3800 3329 τήρησις,

2219 3361 2313 3413 καὶ
2344 3359 2481 3420 ὅλως
2518 3360 2598 3421 είς
2654 3357 2966 3427 Ἑλληνικὸν
3009 3356 3195 3426 σχῆμα
3227 3353 3296 3407 τὰ
3326 3351 3469 3406 κατὰ
3520 3349 3618 3420 τὴν
3650 3348 3805 3400 πόλιν

2223 3451 2543 3521 μετέπεσεν.
2572 3449 2760 3504 Ταῦτα
2793 3449 2937 3520 ὁρῶν
2965 3451 2993 3502 6
3028 3447 3300 3519 μακάριος
3334 3444 3511 3508 Ὀνίας
3542 3443 3636 3495 ἐπὶ
3670 3439 3801 3492 πολὺ

2217 3543 2497 3614 γινόμενα,
2533 3542 2735 3612 ἠθύμει
2769 3542 2865 3596 καὶ
2910 3541 3211 3612 ἠγανάκτει
3253 3539 3348 3592 καὶ
3380 3533 3695 3598 ἐστέναξεν
3729 3532 3804 3591 ὡς

2217 3631 2276 3683 δὲ
2323 3631 2417 3684 καὶ
2455 3630 2748 3701 προϐαῖνον
2777 3629 2922 3702 ἐώρα
2955 3629 3017 3683 τὸ
3045 3629 3234 3692 κακὸν,
3255 3625 3570 3682 καταλιπὼν
3603 3620 3805 3692 ἀνεχώ-

2221 3739 2405 3794 ρησεν,
2437 3723 2528 3775 καὶ
2555 3724 2635 3787 είς
2663 3722 2759 3794 τὴν
2780 3725 3052 3791 Αἴγυπτον
3083 3721 3264 3776 καλῶν
3281 3722 3378 3792 (ita
3425 3718 3591 3784 cod.),
3623 3716 3808 3768 θυσια-

528 3814 746 3885 στήριόν
769 3831 826 3865 τε
847 3811 1104 3884 ἐπήξατο,
1139 3814 1233 3866 καὶ
1263 3813 1388 3866 ναὸν
1411 3811 1836 3875 κατεσκεύασεν,
1873 3811 1968 3863 καὶ
1996 3814 2094 3882 τῆς
2129 3813 2205 3876 εἰς
2243 3814 2332 3867 τὸν
2356 3815 2488 3867 Θεὸν
2523 3814 2800 3878 εὐσεϐείας
2831 3815 3224 3886 ἐπεμελήσατο,
3250 3815 3362 3876 τοῖς
3384 3814 3500 3865 ἐκεῖ
3535 3808 3807 3871 Ἰουδαίοις

528 3905 595 3960 τὰ
616 3906 806 3958 δέοντα
829 3904 956 3974 περὶ¹
977 3903 1076 3972 τὴν
1102 3902 1196 3955 τοῦ
1219 3901 1354 3954 Θεοῦ
1387 3901 1683 3968 θεραπείαν
1714 3900 2122 3970 ὑποτιθέμενος.

602 3997 726 4049 llaec
754 3995 947 4049 beatus
979 3993 1145 4048 David
1180 4002 1452 4063 przesente
1482 3992 1696 4061 psalmo
1726 3991 2102 4056 vaticinatur;

531 4094 923 4154 assumptaque
954 4084 1108 4138 Onize
1142 4099 1377 4154 persona
1411 4098 1474 4136 ea
1523 4081 1691 4144 dicit,
1730 4098 1849 4152 qua:
1882 4082 1993 4137 dici
2040 4083 2110 4135 ab

532 4179 624 4232 illo
657 4177 947 4246 oportebat
984 4177 1078 4246 qui
1120 4177 1355 4230 insidias
1393 4191 1422 4229 a
1465 4175 1584 4231 suis
1629 4189 1830 4246 passus
1868 4182 2025 4239 erat,
2058 4183 2112 4226 et

531 4269 600 4322 ab
625 4267 881 4322 Antiochi
931 4268 1263 4322 satellitibus
1296 4266 1613 4323 sacerdotio
1638 4268 1908 4336 dejectus,
1935 4274 1990 4322 et
2014 4265 2112 4336 qui

530 4361 602 4413 ob
629 4360 930 4414 incolarum
966 4360 1120 4416 urbis
1145 4360 1446 4431 nequitiam
1472 4402 1486 4427 ,
1520 4368 1915 4431 postremoque
1942 4359 2013 4414 ob
2038 4359 2114 4412 ir-

530 4451 910 4522 religiosorum
936 4453 1138 4508 civium
1165 4454 1603 4524 pra-potentiam,
1624 4453 1880 4526 legalium
1904 4453 2113 4508 rituum

529 4543 885 4599 abolitionem
907 4584 922 4610 ,
955 4561 1284 4616 semperque
1318 4555 1540 4601 auctam
1576 4547 1847 4601 malorum
1881 4544 2115 4610 molem,

531 4651 590 4690 se
640 4637 697 4689 in
749 4637 915 4704 pedes
965 4637 1216 4692 dederat.
1274 4638 1584 4708 Caeteroqui
1636 4639 1790 4693 hunc
1843 4639 2115 4708 psalmum

533 4725 702 4778 David
731 4726 897 4779 Saule
936 4727 1244 4783 insectante
1279 4729 1630 4798 composuit,
1668 4743 1798 4783 eum
1831 4726 1988 4783 exsul
2033 4739 2120 4778 es—

533 4823 616 4867 set
645 4822 697 4866 ct
729 4813 946 4867 deserta
965 4814 1086 4867 loca
1113 4816 1360 4871 incolere
1381 4826 1629 4871 coactus.
1663 4815 1921 4870 Pratdicit
1951 4814 2118 4868 simul

529 4902 848 4958 Judazorum
881 4919 1101 4974 quoque
1132 4906 1399 4962 adversus
1447 4905 1803 4962 Servatorem
1847 4904 2080 4960 insidias
2104 4943 2118 4968 ,

532 5007 695 5068 atque
719 4995 772 5049 in
801 5011 860 5050 se
895 4996 1013 5066 ipso
1036 4996 1247 5052 Domini
1278 4999 1588 5068 passionem
1613 5007 1742 5054 ante
1771 5006 1988 5067 tempus
2019 4998 2118 5053 de-

530 5091 744 5148 scribit.
769 5088 890 5162 lpse
910 5091 1055 5146 enim
1081 5105 1110 5144 a
1135 5089 1323 5154 Saule,
1358 5091 1449 5144 cui
1481 5089 1848 5156 benefecerat,
1869 5089 2116 5161 exagita-

530 5193 648 5246 tus,
681 5192 736 5240 et
767 5184 836 5239 ab
865 5185 1074 5255 aliquot
1105 5182 1472 5238 familiaribus
1501 5182 1754 5252 proditus
1774 5224 1790 5248 ,
1823 5182 2115 5238 Dominum

530 5273 875 5344 spiritalibus
932 5273 1112 5328 oculis
1165 5271 1502 5342 praevidebat
1551 5273 1743 5328 eadem
1790 5288 2111 5343 passurum.

529 5364 824 5436 Propterea
855 5368 1020 5421 etiam
1059 5365 1344 5434 inscriptio
1378 5366 1431 5418 in
1460 5366 1620 5434 ﬁnem
1663 5365 1731 5420 ad
1781 5382 1868 5421 res
1911 5367 2109 5436 praedi-

528 5464 644 5510 ctas
675 5457 934 5510 lectorem
969 5459 1334 5522 transmittit,
1369 5459 1760 5530 sapienterque
1803 5461 1969 5515 dictis
2024 5467 2109 5512 at-

527 5547 754 5600 tendere
790 5558 1011 5611 monet,
1040 5563 1137 5602 ceu
1173 5550 1492 5620 prophetico
1525 5568 1692 5607 sensu
1723 5552 1833 5605 illic
1862 5553 2067 5606 latente
2088 5589 2102 5613 ,

530 5639 620 5705 qui
659 5653 761 5692 suo
798 5645 1045 5708 tempore
1073 5641 1140 5696 ad
1175 5641 1333 5697 finem
1367 5643 1724 5699 deducendus
1765 5655 1903 5699 erat.
1956 5645 2106 5697 lusu~

532 5745 624 5798 per
656 5730 743 5785 hic
775 5731 1018 5802 psalmus
1052 5734 1192 5790 inter
1224 5737 1454 5807 hymnos
1487 5753 1707 5809 quoque
1762 5744 2107 5800 numeratur,

2289 3994 2475 4048 Ταῦτα
2497 3995 2524 4046 ό
2553 3994 2820 4064 μακάριος
2850 3993 3183 4065 προφητεύει
3211 3992 3375 4046 Δαϐιδ
3398 3993 3455 4045 ἐν
3479 3989 3558 4061 τῷ
3579 3987 3808 4060 παρόντι

2217 4085 2416 4156 ψαλμῷ
2440 4101 2453 4115 °
2483 4086 2575 4140 καὶ
2612 4086 2671 4138 τὸ
2687 4086 2779 4139 τοῦ
2798 4086 2969 4139 Ὀνίου
2997 4086 3286 4158 πρόσωπον
3309 4083 3616 4146 ἀναλαϐὼν,
3635 4081 3811 4136 ταῦτα

2221 4178 2542 4246 ἐφθέγγετο,
2582 4179 2682 4230 ὅσα
2721 4177 2866 4242 εἰκὸς
2895 4173 2963 4249 ἦν
2987 4178 3165 4246 λέγειν
3191 4179 3420 4241 ἐκεῖνον,
3462 4174 3808 4229 ἐπιϐουλευό-

2229 4289 2388 4342 μενον
2415 4271 2520 4325 ὑπὸ
2547 4272 2656 4325 τῶν
2683 4271 2922 4336 οἰκείων,
2957 4271 3351 4340 ἐκϐαλλόμενον
3382 4271 3480 4341 τῆς
3510 4267 3808 4339 ἱερωσύνης

2223 4364 2328 4417 ὑπὸ
2351 4365 2458 4418 τῶν
2494 4364 2765 4434 Ἀντιόχου
2785 4380 2800 4396 ο
2833 4363 3052 4434 ὁρῶντα
3078 4363 3176 4434 τὴν
3214 4362 3510 4433 μοχθηρίαν
3541 4361 3651 4414 τῶν
3688 4359 3808 4412 τότε

2150 4482 2192 4536 D
2221 4455 2321 4526 τὴν
2351 4455 2507 4508 πόλιν
2529 4455 2844 4521 οἰκούντων,
2880 4455 2968 4510 διά
2995 4473 3052 4508 τε
3084 4455 3182 4518 τὰς
3210 4456 3268 4507 ἐν
3307 4454 3444 4524 αὐτῇ
3473 4451 3806 4518 πλεονεξίας,

2222 4548 2317 4600 καὶ
2357 4547 2457 4617 τὴν
2478 4546 2595 4600 εῶν
2645 4548 2892 4618 νομίμων
2927 4547 3253 4617 ἐναλλαγὴν,
3293 4547 3387 4600 καὶ
3414 4547 3510 4617 τὴν
3545 4547 3809 4600 ἑκάστοτε

2222 4639 2516 4710 γινομένην
2545 4639 2652 4693 τῶν
2700 4639 2887 4695 κακῶν
2921 4641 3191 4705 ἐπίτασιν,
3217 4640 3317 4711 ήδη
3347 4640 3442 4693 καὶ
3475 4639 3605 4710 περὶ
3630 4640 3809 4708 φυγῆς

2223 4729 2630 4800 βουλευόμενον.
2664 4731 2868 4800 Εἵρηκε
2907 4731 3004 4801 μὲν
3065 4731 3154 4783 τὸν
3205 4731 3420 4802 ψαλμὸν
3464 4733 3492 4784 6
3537 4729 3809 4800 μακάριος

2223 4820 2404 4885 Δαϐῖδ,
2440 4822 2544 4874 ὑπὸ
2593 4822 2689 4874 τοῦ
2739 4823 2910 4878 Σαοὺλ
2939 4823 3286 4894 διωκόμενος,
3324 4825 3417 4876 καὶ
3465 4822 3811 4894 μετανάστης

2222 4910 2531 4980 γενόμενος,
2560 4913 2618 4966 ἐν
2648 4915 2841 4985 ἐρήμῳ
2866 4933 2923 4968 τε
2945 4915 3151 4984 διάγειν
3177 4914 3619 4984 ἀναγκαζόμενος
3639 4929 3652 4942 ·
3679 4930 3814 4984 προ-

2221 5003 2466 5070 θεσπίζει
2495 5007 2551 5059 δέ
2586 5008 2725 5062 κατὰ
2747 5009 2943 5062 ταύτὸν
2980 5010 3075 5062 καὶ
3101 5008 3198 5071 τάς
3224 5008 3332 5061 τῶν
3376 5007 3641 5061 Ἰουδαίων
3670 5008 3812 5060 κατὰ

2218 5095 2312 5149 τοῦ
2351 5099 2606 5170 Σωτῆρος
2648 5099 2963 5164 ἐπιϐουλάς,
2991 5101 3086 5154 καὶ
3119 5102 3177 5152 ἐν
3206 5099 3384 5170 ἐαυτῷ
3408 5099 3812 5169 προδιαγράφει

2216 5188 2285 5242 τὰ
2311 5188 2404 5242 τοῦ
2435 5190 2704 5244 Δεσπότου
2737 5192 3054 5263 παθήματα.
3089 5193 3262 5257 Αὐτός
3304 5211 3365 5246 τε
3414 5193 3522 5263 γὰρ
3563 5192 3680 5258 ὑπὸ,
3714 5190 3810 5244 τοῦ

2215 5276 2666 5346 εὐεργετηθέντος
2684 5279 2858 5334 Σαοὺλ
2883 5280 3226 5350 ἐξηλαύνετο,
3247 5283 3342 5335 καὶ
3365 5282 3470 5334 ὑπό
3492 5299 3653 5334 τινων
3671 5299 3812 5348 γνω-

2220 5367 2396 5436 ρίμων
2431 5367 2814 5440 προ[ύ]δίδοτο,
2854 5375 2947 5424 καὶ
2979 5375 3070 5426 τὸν
3100 5373 3377 5443 Δεσπότην
3413 5372 3667 5442 προεώρα
3698 5374 3814 5435 τοῖς

2213 5459 2308 5512 τοῦ
2349 5461 2668 5532 Πνεύματος
2714 5464 3011 5535 ὀφθαλμοῖς
3050 5466 3214 5519 ταύτὸ
3245 5465 3402 5518 τοῦτο
3446 5467 3768 5535 πεισόμενον
3795 5480 3809 5492 ·

2212 5553 2299 5606 διὰ
2322 5551 2482 5607 τοῦτο
2516 5555 2716 5621 κα”ιεὶς
2748 5557 2814 5610 τὸ
2856 5557 3031 5623 τέλος
3065 5560 3098 5628 ἡ
3135 5558 3415 5630 ἐπιγραφὴ
3445 5557 3812 5630 παραπέμπει

2217 5643 2309 5695 τὸν
2343 5643 2764 5714 ἐντυγχάνοντα,
2787 5646 2880 5698 καὶ
2906 5644 3142 5708 συνετῶς
3188 5649 3476 5716 προσέχειν
3505 5650 3615 5708 τοῖς
3656 5647 3811 5712 λεγο·

2221 5734 2403 5804 μένοις
2437 5737 2748 5806 παρεγγυᾷ,
2786 5736 2860 5800 ὡς
2910 5737 3005 5807 τῆς
3047 5738 3395 5808 προφητικῆς
3443 5736 3677 5799 διανοίας
3713 5751 3808 5789 xeo
