4162 6468
331 307 448 368 ΰῚῚ

1558 316 1741 372 ΕΧΡΟ
1756 316 1938 374 SlTlO
1968 318 2032 374 IN
2070 317 2410 375 PSALMOS.

3533 326 3638 384 678

332 433 724 504 καλυμμένης,
756 433 849 487 καὶ
900 434 1041 503 μετὰ
1072 432 1270 503 χρόνου
1317 434 1621 505 δεχομένης
1664 436 1725 489 τὸ
1767 435 1939 499 τέλος.

2060 437 2182 507 quia
2213 434 2496 507 passionis
2531 435 2828 492 Dominicae
2859 438 3108 495 continet
3136 438 3635 496 adumbrationem-

334 525 487 597 Πρὸς
529 524 586 577 δὲ
615 524 828 588 τούτοις
862 523 957 577 καὶ
1000 526 1115 589 τοῖς
1147 524 1342 595 ὕμνοις
1369 526 1399 577 6
1429 525 1645 595 ψαλμὺς
1691 524 1943 594 ὲγκατεί-

332 617 552 682 λεκται,
582 615 951 687 σκιαγραφίαν
979 616 1103 670 τινὰ
1132 615 1273 686 ἔχων
1310 614 1419 669 τῶν
1454 614 1802 673 Δεσποτικῶν
1835 630 1941 667 πα-

2045 528 2243 583 Merito
2271 527 2421 584 enim
2454 527 2547 583 ille
2582 528 2802 598 hymnis
2832 530 3197 587 celebrandus
3226 537 3313 587 est
3332 570 3348 595 ,
3382 531 3478 601 qui
3507 532 3640 585 talia

2042 633 2145 689 pro
2177 618 2465 673 hominum
2497 618 2678 674 salute
2711 618 2826 687 pati
2881 618 3138 673 voluerit.
3186 617 3306 672 Jam
3353 633 3515 673 nemo
3554 619 3641 673 di-

331 707 633 780 θημάτων·
674 706 883 760 δίκαιον
910 706 1021 778 γὰρ
1061 708 1150 761 ἀεὶ
1191 707 1382 778 ὑμνεῖν
1416 706 1509 761 τὸν
1547 706 1720 762 ταῦτα
1748 706 1942 760 παθεῖν

2060 711 2290 767 :tionum
2352 710 2723 766 humilitatem
2775 710 3177 777 considerans,
3226 712 3483 783 indignas
3536 711 3640 765 has

334 802 484 874 ὑπὲρ
542 800 643 872 τῆς
691 799 801 854 τῶν
857 798 1163 870 ἀνθρώπων
1216 794 1591 872 ἀνασχόμενον
1642 798 1936 871 σωτηρίας.

347 894 514 949 Ἀλλά
533 893 725 966 μηδεὶς
740 896 807 965 τῇ
830 892 1182 962 ταπεινότητι
1208 889 1321 945 τῶν
1342 892 1607 964 ῥημάτων
1634 890 1941 961 προσέχων,

333 985 535 1051 ἀνάξια
562 984 740 1038 ταῦτα
785 984 1031 1057 ἡγείσθω
1073 982 1170 1041 κοῦ
1204 974 1462 1055 Σωτῆρος
1490 981 1729 1054 Χριστοῦ
1761 998 1777 1016 ·
1813 998 1941 1034 σκο-

334 1078 512 1131 πείτω
560 1076 618 1130 δὲ
657 1076 736 1141 ὡς
775 1078 805 1129 6
839 1075 1006 1147 χολῆς
1053 1077 1150 1130 καὶ
1196 1074 1353 1140 ὄξους
1397 1076 1492 1129 καὶ
1539 1074 1651 1128 τῶν
1683 1072 1942 1128 τοιούτων

333 1167 739 1238 ἀνασχόμενος,
762 1167 865 1219 οὐκ
887 1166 955 1220 ἂν
975 1166 1150 1233 λόγων
1178 1163 1541 1236 ταπεινότητα
1564 1165 1940 1236 παρῃτήσατο.

337 1258 675 1329 Κατάλληλα
698 1256 808 1329 γὰρ
841 1251 979 1310 εἷναι
1014 1255 1084 1310 τὰ
1120 1258 1344 1329 ῥήματα
1374 1255 1641 1329 προσήκει
1663 1256 1779 1318 τοῖς
1798 1254 1942 1326 πρά-

334 1371 550 1426 γμασιν
567 1369 583 1385 ο
606 1351 774 1405 αὐτοῦ
802 1351 859 1406 δέ
892 1353 1040 1405 ἐστιν
1063 1352 1097 1423 ἡ
1124 1349 1279 1421 φωνὴ
1304 1350 1387 1415 τὸ,
1414 1349 1644 1404 Μάθετε
1665 1349 1769 1403 ἀπ’
1798 1347 1944 1418 ἐμοῦ

336 1447 433 1500 ὅτι
464 1443 653 1514 πρᾶός
681 1446 799 1513 ειμι
838 1442 938 1497 καὶ
973 1442 1255 1508 ταπεινὸς
1277 1440 1354 1513 τῇ
1386 1442 1620 1510 καρδίᾳ,
1648 1440 1748 1495 καὶ
1772 1438 1947 1509 εὑρή-

335 1554 487 1593 σετε
530 1537 882 1591 ἀνάπαυσιν
927 1534 1056 1601 ταῖς
1087 1532 1318 1605 ψυχαῖς
1348 1534 1518 1605 ὑμῶν
1541 1551 1555 1565 ’
1600 1535 1696 1589 καὶ
1736 1534 1900 1588 πάλιν
1929 1546 1943 1562 ·

350 1629 608 1701 Ἐντολὴν
652 1627 868 1692 ἔλαϐον,
904 1627 959 1680 τί
984 1628 1123 1681 εἴπω
1173 1627 1267 1680 καὶ
1304 1626 1358 1679 τί
1386 1625 1626 1696 λαλήσω,
1667 1625 1765 1678 καὶ
1793 1622 1947 1677 οὐδὲν

340 1723 438 1776 ἀπ’
468 1719 708 1792 ἐμαυτοῦ
741 1716 915 1771 ποιῶ·
943 1718 1062 1781 καὶ,
1114 1714 1221 1770 Θεέ
1263 1733 1404 1785 μου,
1431 1711 1538 1768 Θεέ
1582 1729 1721 1783 μου,
1753 1712 1855 1765 ἵνα
1892 1709 1952 1762 τι

2044 801 2344 859 Servatore
2393 801 2619 858 Christo
2646 802 2988 858 existimet:
3043 803 3359 858 consideret
3407 802 3637 873 potius,

2041 910 2168 951 eum
2196 894 2291 966 qui
2328 893 2398 950 fel
2429 902 2760 964 acetumque
2790 902 2845 952 et
2879 895 2987 948 alia
3020 893 3406 963 hujuscemodi
3438 893 3641 947 tolera-

2044 987 2229 1053 verit,
2261 986 2517 1043 eumdem
2555 985 2718 1041 facile
2754 1002 2823 1041 ne
2854 986 3167 1042 dictionum
3206 984 3429 1056 quidem
3464 985 3641 1038 humi-

2045 1080 2252 1134 litatem
2287 1079 2653 1134 recusavisse.
2693 1078 2905 1142 Etenim
2937 1077 3106 1134 verba
3136 1091 3449 1132 consonare
3480 1075 3641 1132 factis

2046 1180 2488 1226 consentaneum
2527 1178 2637 1225 est.
2670 1168 2806 1224 Nam
2834 1177 2888 1223 et
2916 1170 3094 1240 ipsius
3125 1184 3229 1225 vox
3266 1177 3353 1225 est
3383 1186 3397 1221 :
3440 1166 3643 1222 Discite

2046 1278 2080 1315 a
2115 1277 2195 1315 me
2220 1262 2351 1332 quia
2379 1261 2527 1316 mitis
2557 1276 2674 1315 sum
2703 1268 2754 1315 et
2777 1260 3000 1314 humilis
3039 1258 3197 1314 corde
3216 1300 3231 1325 ,
3272 1269 3321 1313 et
3364 1260 3643 1314 invenietis

2048 1354 2279 1424 requiem
2300 1352 2583 1407 animabus
2611 1354 2797 1408 vestris
2820 1352 3033 1425 (Matth.
3063 1369 3140 1420 ιι,
3164 1354 3235 1409 29
3252 1351 3292 1422 ).
3331 1352 3395 1406 Et
3421 1369 3642 1417 rursus,

2048 1440 2367 1495 Mandatum
2405 1441 2630 1512 accepi,
2665 1441 2796 1512 quid
2834 1441 3017 1496 dicam
3050 1450 3106 1498 et
3137 1443 3266 1513 quid
3302 1443 3554 1513 eloquar,
3590 1453 3647 1498 et

2050 1532 2187 1587 nihil
2219 1547 2250 1586 a
2286 1547 2373 1587 me
2399 1532 2522 1602 ipso
2552 1532 2720 1588 facio.
2751 1531 2858 1598 Et,
2896 1532 3037 1589 Deus
3071 1550 3217 1589 meus
3240 1575 3254 1600 ,
3287 1534 3429 1590 Deus
3462 1551 3607 1589 meus
3629 1575 3643 1599 ,

2048 1637 2213 1691 quare
2246 1621 2584 1692 dereliquisti
2615 1623 2745 1677 me?
2780 1620 2911 1678 Haec
2949 1629 3005 1677 et
3050 1622 3218 1693 hujus
3268 1624 3490 1694 generis
3534 1624 3648 1678 alia

2050 1713 2297 1769 humano
2325 1729 2480 1770 more
2508 1714 2859 1785 loquebatur,
2891 1724 2953 1769 ut
2985 1715 3287 1771 humanam
3334 1731 3492 1772 suam
3543 1732 3647 1772 na-

342 1832 418 1885 με
447 1811 873 1885 Mazarae“
898 1810 1085 1863 Ταῦτα
1108 1809 1167 1864 δὲ
1189 1809 1285 1864 καὶ
1313 1809 1383 1863 τὰ
1404 1807 1632 1862 τοιαῦτα
1664 1805 1943 1877 ἀνθρωπί-

2060 1820 2230 1862 mram
2261 1804 2619 1871 ostenderet,
2656 1813 2822 1876 atque
2853 1815 2914 1861 ut
2946 1824 3005 1864 se
3035 1805 3387 1863 Judaeorum’
3409 1807 3647 1864 infirmi-

340 1926 448 1972 νως
474 1906 797 1977 ἐφθέγγετο,
830 1904 927 1957 καὶ
948 1903 1049 1975 τὴν
1070 1902 1418 1973 ἀνθρωπείαν
1442 1900 1604 1971 φύσιν
1628 1896 1938 1960 ὑπεδείκνυ,

334 2000 438 2056 καὶ
484 1986 789 2069 οἰκονομῶν
837 1995 981 2068 (eod.
1016 1993 1338 2066 οἰκοδομῶν)
1376 1993 1478 2064 τὴν
1525 1990 1635 2046 τῶν
1674 1988 1943 2044 Ἰουδαίων

333 2093 626 2148 ἀσθένειαν
644 2107 658 2121 ’
684 2087 918 2143 ἐνταῦθα
956 2088 1139 2160 μέντοι
1161 2088 1191 2139 6
1226 2086 1370 2150 θεῖος
1393 2082 1562 2137 Δαϐὶδ
1610 2082 1707 2136 καὶ⁹
1738 2081 1839 2153 τὴν
1864 2081 1945 2143 είς

335 2184 508 2241 αὐτὸν
546 2181 932 2253 γεγενημένην
959 2181 1176 2235 ἀδικίαν
1198 2178 1461 2244 διδάσκει,
1488 2176 1581 2229 καὶ
1608 2173 1707 2247 τὴν
1749 2176 1829 2237 είς
1855 2172 1947 2226 τὸν

336 2276 627 2346 Δεσπότην
659 2272 927 2345 ἐσομένην
977 2270 1402 2344 προδιαγράφει,
1447 2270 1514 2339 τῇ
1547 2266 1805 2336 κοινωνίᾳ
1830 2263 1941 2317 τῶν

2045 1899 2149 1953 tati
2183 1896 2651 1953 accommodaret.
2691 1896 2806 1954 Hoc
2835 1905 2988 1955 certe
3021 1899 3149 1955 loco
3179 1899 3354 1956 David
3393 1909 3449 1956 et
3496 1900 3645 1972 injuc

2049 1990 2166 2047 rias
2199 1988 2307 2046 sibi
2339 1989 2524 2045 illatas
2556 1989 2751 2053 docet,
2787 1998 2842 2045 et
2874 1991 3040 2045 simul
3077 1990 3316 2046 Domino
3348 2000 3649 2048 eventuras

2054 2081 2351 2154 prmdicit;
2386 2082 2459 2137 ob
2502 2076 2830 2152 passionum
2878 2087 3332 2142 communionem
3380 2086 3650 2157 plaudens

2056 2175 2199 2241 sibi,
2234 2189 2302 2230 ac
2333 2175 2738 2246 prapemodum
2773 2191 2900 2231 cum
2935 2177 3107 2232 Paulo
3141 2179 3501 2234 exclamans:
3536 2177 3650 2249 Ego

2060 2266 2323 2337 Stigmata
2351 2264 2568 2321 Domini
2599 2264 2732 2323 Jesu
2765 2266 2822 2321 in
2853 2282 3090 2338 corpore
3125 2285 3249 2325 meo
3284 2278 3466 2340 porto.

332 2368 686 2441 παθημάτων
719 2366 1152 2440 ὲναϐρυνόμενος
1178 2364 1277 2419 καὶ
1302 2362 1587 2434 μονονουχὶ
1617 2359 1757 2431 βοῶν
1785 2356 1926 2447 μετά
1962 2358 2211 2413 Παύλου*
2261 2358 2404 2429 Ἐγὼ
2440 2359 2510 2414 τὰ
2552 2358 2826 2432 στίγματα
2857 2361 2952 2415 τοῦ
2980 2361 3185 2433 Κυρίου
3249 2362 3427 2434 Ἰησοῦ
3473 2364 3531 2417 ἐν
3574 2363 3655 2434 τῷ

333 2461 561 2535 σώματί
586 2478 690 2534 μου
722 2460 999 2533 βαστάζω.

916 2552 1212 2607 ΨΑΛΜΟΣ
1248 2552 1377 2607 ΝΔ⁹.

411 2649 566 2721 Στίχ.
592 2647 737 2719 β’.--
760 2646 853 2718 Μὴ
884 2645 1193 2717 διαπτύσῃς
1211 2646 1314 2715 (l),
1340 2644 1476 2716 μηδὲ
1505 2644 1949 2717 καταφρονήσῃς,

345 2741 560 2813 μικρὰν
609 2737 782 2810 αὐτὴν
823 2737 922 2791 καὶ
967 2736 1161 2807 εὐτελῆ
1217 2736 1599 2808 λογισάμενος.
1644 2736 1951 2809 ’Υπεριδεῖν

340 2831 459 2903 γὰρ
488 2830 711 2899 λέγεται
759 2829 820 2882 τὸ
866 2828 1321 2901 καταφρονῆσαι,
1383 2828 1461 2891 ὡς
1506 2828 1707 2902 μικροῦ
1743 2829 1838 2884 καὶ
1871 2829 1956 2882 οὐ·

346 2919 523 2982 δενός.

396 3049 398 3051 μ
428 3006 576 3077 Στίχ.
596 3011 667 3075 γ’.
694 3005 1123 3078 -Ἃδολεσχίαν
1169 3007 1329 3062 καλεῖ
1383 3006 1592 3073 παντὸς
1631 3011 1959 3082 πράγματος

2611 2548 2939 2606 PSALMUS
2973 2549 3105 2607 LIV.

2132 2637 2302 2692 Vens.
2329 2637 2385 2694 2.
2411 2668 2482 2677 -
2506 2635 2633 2694 Noli
2669 2653 2952 2710 respuere,
2986 2640 3072 2695 vel
3110 2646 3487 2705 contemnere,
3524 2655 3655 2712 par-

2059 2742 2184 2782 vam
2217 2736 2273 2784 et
2302 2727 2468 2784 vilem
2526 2727 2676 2783 illam
2704 2727 3012 2784 aestimans.
3058 2727 3354 2799 Despicere
3387 2728 3537 2784 enim
3569 2730 3656 2785 di-

2063 2821 2213 2876 citur
2242 2820 2388 2876 idem
2423 2820 2575 2897 quod
2613 2828 2992 2889 contemnere,
3040 2828 3303 2893 tanquam
3340 2822 3473 2894 quid
3502 2825 3659 2894 parvi

2063 2919 2121 2969 et
2160 2912 2371 2967 nullius
2393 2912 2661 2968 momenti
3560 2916 3577 2927 “

2141 3003 2308 3061 Vens.
2345 3005 2401 3061 5.
2451 3034 2521 3046 -—
2551 3002 3017 3061 Exercitationem
3066 3012 3229 3061 vocat
3276 3004 3661 3076 cujuscunque

351 3095 657 3167 συνέχειαν.
702 3096 776 3150 Τὸ
810 3090 924 3162 οῦν,
981 3098 1335 3169 Ἐλυπήθην
1380 3101 1452 3154 ἐν
1494 3099 1572 3171 τῇ
1621 3101 1957 3171 ἀδολεσχίᾳ

2062 3094 2274 3167 negotii
2315 3092 2823 3149 continuationem.
2866 3091 3019 3149 Istud
3055 3093 3246 3165 igitur,
3295 3092 3661 3150 Contristatus

342 3205 492 3258 μου,
541 3186 642 3241 καί
673 3185 1016 3257 ἐταράχθην
1041 3205 1055 3219 ·
1085 3192 1367 3255 τουτέστι,
1404 3191 1614 3264 Συνεχῆ
1646 3193 1749 3265 τὴν
1780 3193 1962 3266 λύπην

349 3280 517 3350 ἔσχον
547 3277 646 3332 καὶ
678 3279 779 3350 τὴν
801 3280 1050 3351 ταραχὴν
1075 3280 1184 3334 ἀπὸ
1212 3280 1308 3335 τοῦ
1340 3282 1581 3355 πλήθους
1604 3283 1719 3340 τῶν
1747 3283 1960 3354 κακῶν,

347 3369 534 3427 ἄλλων
566 3370 656 3424 ἐπ’
685 3371 869 3436 ἄλλοις
907 3372 996 3427 ἀεὶ
1033 3372 1471 3445 συμϐαινόντων.

423 3547 577 3618 Στίχ.
600 3546 682 3602 ιδ’.
713 3576 786 3589 --
808 3546 1127 3620 Σύμμαχος,
1155 3551 1333 3607 Ἀλλὰ
1367 3552 1451 3608 σὺ
1477 3552 1790 3624 ἄνθρωπος
1822 3557 1965 3626 δμό·
2045 3581 2060 3594 ι

352 3650 600 3708 τροπος,
616 3636 718 3692 καὶ
743 3637 1040 3709 συνήθης,
1059 3640 1157 3695 καί
1186 3641 1495 3714 γιαίξριμος.
1515 3646 1589 3700 Τὸ
1605 3645 1684 3715 δὲ,
1701 3644 1966 3718 Ἧγεμών

345 3750 497 3805 μου,
527 3731 710 3797 καλῶς
737 3732 815 3797 ὡς
850 3732 989 3804 πρὸς
1015 3734 1108 3788 τὸν
1141 3736 1393 3809 Σίμωνα·
1432 3738 1620 3811 ἐπειδή
1650 3738 1748 3794 τοῦ
1779 3758 1963 3812 μακα-

354 3825 479 3900 ρίου
526 3824 701 3878 Ὀνίου
731 3824 1240 3898 ἀρχιερατεύοντος,
1271 3829 1609 3902 προστασίαν
1648 3830 1772 3886 τινὰ
1801 3832 1963 3901 ἐγκε-

350 3917 620 3989 χείριστο.
675 3913 866 3979 Οὕτως
917 3916 1195 3990 ἡγεμόνας
1245 3920 1342 3974 καὶ
1380 3921 1651 3994 ἄρχοντας
1698 3923 1963 3995 βασιλέων

352 4008 633 4083 καλοῦμεν
666 4009 793 4073 τοὺς
819 4009 914 4063 ὑπ’
943 4010 1125 4066 αὐτῶν
1172 4011 1535 4083 πράττοντας,
1570 4015 1679 4070 είτε
1707 4016 1839 4087 παρ’
1866 4015 1966 4070 αύ-

349 4103 469 4159 τῶν
492 4103 593 4176 τὴν
622 4102 797 4177 ἀρχὴν
828 4104 1365 4178 ἐγκεχειρισμένους.

930 4306 1231 4364 ΨΔΛΜΟΣ
1263 4309 1393 4365 NZ'.

2063 3201 2184 3241 sum
2237 3186 2295 3240 in
2348 3183 2729 3240 exercitatione
2770 3198 2909 3248 mea,
2958 3195 3008 3239 et
3045 3183 3436 3251 conturbatus;
3470 3184 3525 3240 id
3555 3194 3663 3251 est,

2062 3276 2403 3334 Continuam
2458 3275 2633 3333 habui
2691 3266 2974 3331 tristitiam
3019 3284 3076 3332 et
3098 3276 3584 3333 conturbationem
3632 3290 3666 3330 a
3777 3312 3785 3317 -

2063 3367 2420 3426 multitudine
2459 3369 2757 3434 malorum,
2809 3367 2941 3423 dum
2992 3368 3104 3424 alia
3155 3383 3222 3425 ex
3273 3368 3401 3425 aliis
3448 3382 3668 3440 semper

2063 3463 2344 3518 oriuntur.
2562 3526 2575 3541 ο

2141 3552 2308 3609 Vens.
2339 3552 2430 3608 M.
2455 3584 2526 3594 -
2556 3546 2946 3625 Symmachus,
2987 3550 3092 3608 Sed
3136 3561 3193 3607 tu
3230 3551 3401 3607 homo
3450 3566 3667 3606 eorum-

2064 3649 2186 3704 dem
2224 3662 2456 3714 morum,
2504 3654 2557 3701 et
2614 3645 2907 3713 familiaris
2958 3662 3126 3713 meus,
3189 3655 3239 3701 et
3296 3654 3475 3700 notus.
3525 3644 3665 3700 Illud

2062 3756 2223 3808 vero,
2266 3738 2390 3794 Dux
2430 3754 2601 3804 meus,
2647 3745 2801 3794 recte
2837 3747 3101 3809 tanquam
3149 3736 3217 3792 ad
3260 3734 3543 3793 Simonem
3580 3737 3667 3791 di-

2065 3841 2253 3901 ctum;
2288 3839 2348 3888 ut
2389 3832 2509 3903 qui,
2546 3830 2686 3887 Onia
2728 3846 2990 3901 supremo
3034 3829 3350 3886 sacerdotio
3380 3829 3666 3901 fungente,

2068 3924 2458 3998 praefecturam
2502 3923 2741 3995 aliquam
2773 3924 3022 3995 gerebat.
3066 3921 3183 3978 Hoc
3220 3922 3384 3977 modo
3404 3920 3577 3978 duces
3612 3929 3669 3976 et

2066 4022 2432 4090 imperatores
2469 4033 2662 4089 regum
2700 4016 3049 4088 appellamus
3096 4030 3194 4072 eos
3225 4015 3319 4086 qui
3362 4015 3499 4086 ipsis
3532 4013 3668 4070 sub-

2067 4108 2312 4177 ordinati
2359 4114 2528 4174 sunt,
2576 4108 2694 4164 sive
2753 4108 2848 4178 qui
2904 4108 2973 4162 ab
3021 4106 3159 4179 ipsis
3211 4106 3503 4178 imperium
3558 4105 3669 4162 sibi

2068 4200 2450 4258 concreditum
2484 4208 2843 4270 acceperunt.

2601 4307 2934 4365 PSALMUS
2961 4306 3123 4363 LVII.

430 4398 583 4469 Στίχ.
613 4398 703 4453 ta'.’
734 4398 883 4452 --’H
910 4398 968 4453 δὲ
995 4400 1077 4463 είς
1114 4400 1282 4472 ὑμᾶς,
1305 4401 1460 4471 φησὶ,
1482 4400 1724 4473 τιμωρία
1764 4401 1957 4474 εὐφρο-

2143 4401 2315 4459 Vcns.
2341 4403 2431 4458 li.
2454 4432 2525 4444 --
2553 4401 2819 4458 Vestrum
2847 4409 3055 4468 autem,
3093 4399 3295 4470 inquit,
3319 4399 3668 4472 supplicium

355 4489 533 4561 σύνην
577 4488 802 4561 παρέξει
841 4490 953 4553 τοῖς
980 4489 1229 4559 δικαίοις,
1258 4495 1373 4556 τοῖς
1412 4491 1508 4546 νῦν
1539 4493 1630 4562 ὑφ’
1663 4493 1966 4571 ὑμῶν-ἐπι-

354 4579 799 4650 ϐουλευομένοις.

435 4672 762 4743 Θεοδώρου.
795 4673 871 4727 Τὸ
901 4674 1218 4729 νίπτεσθαι
1261 4674 1296 4745 ὴ
1332 4674 1451 4730 θεία
1490 4677 1683 4750 Γραφὴ
1724 4679 1962 4752 συνεχῶς

354 4761 633 4833 λαμϐάνει
682 4760 777 4815 ἐπὶ
827 4759 922 4815 τοῦ
981 4761 1016 4834 ἢ
1062 4766 1340 4818 κοινωνεῖν
1381 4783 1489 4821 τινι
1541 4768 1574 4840 ἢ
1625 4768 1701 4840 μὴ
1756 4786 1963 4824 κοινω-

355 4855 498 4911 νεῖν.
523 4852 696 4908 Τοῦτο
725 4853 834 4927 γὰρ
863 4853 987 4919 ἔθος
1006 4854 1121 4919 τοῖς
1149 4855 1420 4923 παλαιοῖς,
1449 4858 1537 4913 διὰ
1556 4853 1649 4913 τόῦ
1681 4861 1967 4916 νίπτεσθαι

356 4945 464 5010 τὰς
507 4947 699 5017 χεῖρας
749 4946 1037 5017 σημαίνειν
1073 4947 1333 5020 ὁπότερον
1366 4947 1434 5003 ἂν
1481 4936 1781 5007 ἐϐούλοντο.
1813 4952 1971 5009 Οὕτω

357 5040 462 5095 καὶ
506 5038 736 5103 Πιλᾶτος
776 5041 835 5094 ὲν
881 5043 997 5105 τοῖς
1032 5038 1388 5110 Εὑαγγελίοις
1428 5044 1784 5117 φαίνεταιτῷ
1811 5046 1970 5118 νίψα-

361 5131 493 5186 σθαι
523 5130 624 5196 τὰς
652 5133 842 5204 χεῖρας
869 5132 1172 5204 σημαίνων,
1203 5133 1288 5187 ὅτι
1328 5134 1404 5206 μὴ
1441 5139 1674 5209 κοινωνῇ
1715 5136 1796 5209 τῷ
1826 5138 1971 5211 φόνῳ

359 5222 512 5277 κατὰ
537 5222 633 5277 τοῦ
664 5222 925 5296 Χριστοῦ.
954 5221 1113 5278 Οὕτω
1153 5224 1248 5279 καὶ
1277 5225 1505 5299 ἑτέρωθί
1533 5244 1699 5301 φησιν
1727 5230 1755 5283 6
1788 5231 1971 5301 μακά-

365 5332 488 5387 ριος
519 5314 718 5371 Δαϐίδ’
766 5316 1034 5387 Νιψομαι
1074 5317 1147 5371 ἐν
1173 5317 1387 5385 ἀθώοις
1437 5318 1547 5385 τὰς
1583 5320 1790 5391 χεῖράς
1816 5340 1936 5393 μου
1956 5340 1969 5354 ·

358 5408 639 5478 τουτέστι,
677 5407 790 5482 Τὴν
845 5411 983 5480 πρὸς
1033 5411 1602 5484 αὐτοὺς-ἀσπάσομαι
1664 5417 1972 5471 κοινωνίαν.

377 5501 648 5560 Ἐνταῦθα
679 5497 775 5558 οὖν
796 5504 956 5557 τοῦτο
978 5503 1148 5573 λέγει,
1175 5505 1259 5559 ὃτι
1303 5506 1334 5559 6
1369 5504 1577 5570 δίκαιος
1606 5506 1665 5560 ἐν
1692 5509 1758 5578 τῇ
1791 5511 1973 5579 σφαγῇ

367 5594 574 5666 καὶ-τῷ
605 5594 822 5666 θανάτῳ
847 5593 942 5648 τοῦ
972 5595 1301 5667 άμαρτωλοῦ
1328 5596 1671 5671 δειχθήσεται
1703 5599 1976 5671 μηδεμίαν

445 5770 526 5845 (ιι
563 5768 637 5825 Ex
668 5769 960 5827 Corderio.

2071 4498 2319 4554 laetitiam
2349 4496 2619 4567 praebebit
2648 4494 2822 4567 justis
2856 4493 2990 4559 illis,
3021 4493 3116 4563 qui
3159 4506 3305 4547 nunc
3336 4506 3367 4546 a
3395 4491 3551 4548 vobis
3584 4492 3671 4548 inv

2071 4590 2233 4649 sidiis
2267 4589 2635 4660 impetuntur.

2142 4681 2275 4737 IBID.
2316 4709 2391 4724 --
2427 4678 2712 4735 Theodori.
2779 4676 3022 4734 Verbum
3100 4675 3320 4731 lavandi
3379 4673 3672 4749 Scriptura

2070 4775 2259 4832 divina
2295 4787 2514 4844 semper
2545 4771 2750 4842 accipit
2779 4786 2882 4841 pro
2906 4769 3414 4827 communicatione
3449 4771 3534 4825 vel
3560 4784 3672 4825 non

2075 4862 2582 4922 communicatione
2610 4861 2870 4932 alicujus.
2898 4860 2994 4917 llla
3041 4861 3190 4916 enim
3222 4869 3344 4917 erat
3371 4870 3677 4917 consuetu—

2077 4959 2149 5014 do
2178 4957 2484 5020 veteribus,
2506 4963 2568 5011 ut
2594 4970 2691 5028 per
2715 4954 2982 5011 lotionem
3014 4969 3280 5010 manuum
3314 4955 3676 5016 alterutrum,

2078 5048 2547 5120 proutvolebant,
2599 5046 3002 5119 significarent.
3041 5046 3136 5102 Sic
3176 5046 3341 5102 etiam
3376 5045 3585 5100 Pilatus
3620 5045 3676 5099 in

2079 5139 2396 5210 Evangeliis
2426 5139 2649 5195 videtur
2688 5154 2790 5211 per
2836 5138 3101 5195 lationem
3150 5152 3415 5192 manuum
3467 5135 3679 5207 signifi-

2081 5248 2262 5297 casse,
2285 5247 2347 5289 se
2369 5248 2477 5288 non
2504 5232 2920 5289 communicare
2945 5230 3082 5287 caedi
3105 5229 3337 5285 Christi.
3389 5227 3484 5281 Sic
3505 5228 3676 5283 etiam

2081 5325 2192 5380 alio
2234 5325 2359 5380 loco
2386 5326 2586 5381 beatus
2625 5323 2795 5379 David
2823 5324 2900 5378 ait
2929 5341 2943 5378 :
2978 5320 3190 5376 Lavabo
3218 5322 3357 5374 inter
3377 5320 3679 5373 innocentes

2082 5434 2272 5472 manus
2305 5433 2488 5483 meas;
2527 5416 2581 5472 id
2610 5426 2713 5481 est,
2744 5430 2872 5472 cum
2917 5413 3057 5484 ipsis
3100 5412 3407 5482 amplectar
3428 5426 3682 5466 commu-

2085 5510 2436 5567 nicationem.
2460 5508 2560 5563 llic
2575 5522 2706 5578 ergo
2730 5505 2888 5569 dicit,
2912 5505 3127 5577 justum
3153 5505 3210 5559 in
3235 5503 3385 5559 caede
3404 5517 3470 5558 ac
3502 5513 3683 5557 morte

2082 5601 2396 5673 peccatoris
2433 5600 2777 5659 declaratum
2832 5597 2901 5654 iri
2948 5596 3159 5654 nullam
3204 5596 3413 5654 habere
3445 5608 3574 5651 cum
3612 5594 3683 5650 iis
