4162 6474
592 313 696 370 679

1782 298 2136 383 TllEODORl
2176 302 2663 362 morsussrem

3756 306 3864 364 680

588 426 1168 486 coinmunicationem,
1214 419 1316 474 hoc
1355 425 1462 485 est,
1505 416 1720 487 justum
1764 415 2168 485 appariturum.

2274 418 2417 489 ἔχειν
2447 418 2583 490 πρὸς
2619 418 2815 482 αὐτοὺς
2856 420 3160 486 κοινωνίαν,
3200 420 3476 474 τουτέστιν
3494 460 3511 488 ,
3545 420 3867 491 ἀποφανθῆ-

586 518 726 575 Cum
756 516 901 571 enim
943 513 1021 567 illi
1052 517 1339 580 propterea
1379 505 1702 575 puniantur,
1748 503 1806 557 hi
1844 509 2029 557 autem
2057 519 2174 557 ma-

589 617 758 664 neant
814 606 891 659 nil
945 602 1075 657 mali
1128 601 1421 672 patientes,
1480 596 1678 651 horum
1712 594 1893 649 virtus
1945 594 2173 649 demon-

587 708 821 758 stratur.

660 792 828 846 Vsus.
873 788 963 841 12.
987 814 1060 828 -—
1083 781 1351 839 Nonnulli
1395 778 1567 843 istud,
1626 774 1819 846 Utique
1853 785 1933 830 est
1966 774 2172 845 {ructus

578 883 750 952 justo,
792 895 889 950 per
936 876 1427 946 interrogationem
1466 871 1755 941 legerunt;
1786 882 1852 922 ac
1890 866 1940 922 si
1977 867 2177 923 scisci-

587 982 839 1029 tarentur
870 978 1060 1026 utrum
1088 968 1163 1023 sit
1201 985 1216 1021 :
1243 963 1389 1035 quod
1415 963 1473 1017 in
1499 959 1836 1032 syllogismis
1864 957 2052 1015 dicere
2079 974 2174 1015 so-

586 1067 787 1128 lemus,
840 1059 1103 1130 Nunquid
1162 1055 1305 1113 hoc?
1354 1055 1423 1116 id.
1468 1060 1574 1117 est,
1622 1049 1843 1120 Ergone
1888 1049 2043 1104 hoc?
2093 1049 2175 1106 sic

585 1158 750 1213 etiam
795 1156 898 1209 hoc
930 1153 1053 1207 loco
1096 1150 1196 1213 ait,
1242 1146 1388 1218 quod
1437 1160 1566 1200 cum
1603 1142 1723 1197 haec
1763 1141 1906 1195 facta
1946 1140 2172 1209 fuerint,

584 1265 780 1305 omnes
808 1247 1007 1302 dicturi
1029 1245 1162 1310 sint,
1193 1241 1467 1309 Quoniam
1494 1252 1622 1293 vere
1647 1242 1736 1291 est
1770 1232 1985 1289 fructus
1998 1234 2172 1302 justo,

584 1350 640 1396 et
668 1357 778 1396 non
823 1339 945 1394 sine
991 1334 1243 1391 mercede
1268 1331 1544 1403 justitiam
1574 1331 1819 1383 exercet.
1851 1322 1996 1379 Ecce
2027 1324 2173 1379 enim

586 1443 877 1505 promeres
906 1428 1083 1500 puniti
1113 1435 1247 1483 sunt
1273 1423 1369 1495 qui
1404 1421 1543 1492 ipsis
1571 1417 2010 1475 insidiabantur.

1118 1514 1450 1574 PSALMUS
1489 1512 1675 1569 LVlll.

656 1616 826 1672 Vsus.
858 1616 914 1669 Ἰ.
948 1643 1019 1655 -
1048 1612 1152 1667 llic
1201 1611 1369 1665 etiam
1414 1617 1501 1663 est
1537 1618 1805 1675 temporis
1845 1602 2175 1664 immutatio,

584 1728 686 1783 pro
715 1719 1111 1774 convertantur,
1139 1714 1192 1762 et
1216 1706 1562 1765 circumeant,
1589 1708 1643 1755 et
1665 1699 1860 1769 famem
1878 1697 2173 1767 patiantur.

2278 526 2431 564 σεται
2474 510 2699 574 δίκαιος.
2725 512 2891 563 Ὅταν
2941 510 3051 582 γὰρ
3097 512 3293 564 ἐκεῖνοι
3325 510 3412 564 διὰ
3454 509 3659 564 τούτων
3696 510 3863 564 κολά-

2276 601 2498 666 ζωνται,
2527 599 2672 657 οὗτοι
2695 601 2753 655 δὲ
2786 602 2987 672 μένωσι
3020 601 3191 673 μηδὲν
3212 601 3507 672 πάσχοντες
3536 601 3726 667 κακὸν,
3751 601 3865 656 δει-

2275 711 2466 747 κνυται
2489 694 2695 748 τούτων
2722 696 2756 765 ἡ
2784 695 2975 765 ἀρετή.

2345 785 2492 855 Στίχ.
2522 782 2841 855 ιβ¹.-Τινὲς
2869 785 3098 854 τδ,Ἇρα
3120 785 3255 840 ἐστὶ
3273 785 3501 854 καρπὸς
3529 783 3612 850 τῷ
3631 783 3861 852 δικαίῳ,

2275 878 2397 929 κατ’
2420 878 2687 950 ἐρώτησιν
2715 878 3025 947 ἀνέγνωσαν
3047 897 3060 908 ·
3082 879 3283 933 ὡσανεῖ⁵
3308 878 3746 948 πυνθανομένων,
3777 878 3865 931 ὅτι

2275 969 2340 1021 Ei
2372 968 2517 1023 ἔστιν
2552 971 2681 1041 ἄρα,
2713 970 2848 1042 ὅπερ
2891 970 3009 1033 ἔθος
3059 972 3190 1041 ἡμῖν
3232 972 3291 1023 ὲν
3328 971 3442 1032 τοῖς
3488 966 3867 1038 συλλογισμοῖς

2275 1057 2474 1127 λέγειν,
2501 1063 2551 1112 εἰ
2579 1060 2653 1131 μὴ
2671 1060 2789 1114 τόδε
2811 1078 2826 1125 ;
2856 1061 2975 1114 ἀντὶ
2995 1059 3110 1126 τοῦ,
3142 1058 3350 1114 Οὐκοῦν
3372 1060 3491 1113 τόδε
3515 1076 3531 1124 ;
3556 1058 3698 1113 οὕτω
3732 1060 3870 1113 κάν-

2275 1152 2449 1205 ταῦθα
2474 1152 2643 1221 λέγει,
2675 1154 2756 1207 ὅτι
2788 1152 2991 1207 τούτων
3030 1153 3357 1222 γενομένων,
3394 1152 3593 1214 πάντες
3623 1152 3865 1221 ἐροῦσιν,

2274 1238 2357 1291 ὅτι
2384 1238 2597 1311 ἀληθῶς
2625 1239 2742 1293 ἐστι
2772 1241 2850 1312 τῷ
2894 1241 3088 1311 δικαίῳ
3131 1241 3362 1311 καρπὸς,
3399 1242 3492 1295 καὶ
3537 1241 3637 1294 οὐκ
3670 1238 3867 1310 ἀμισθὶ

2274 1329 2374 1401 τὴν
2428 1331 2773 1402 δικαιοσύνην
2828 1331 3140 1403 ἐργάζεται.
3185 1332 3312 1384 Ἰδοὺ
3351 1331 3461 1402 γὰρ
3509 1330 3613 1385 ὑπὸ
3657 1328 3866 1384 τούτων

2276 1420 2701 1494 ἐτιμωρήθησαν
2729 1426 2779 1477 οἱ
2804 1421 3242 1485 ἐπιϐουλεύοντες
3266 1422 3470 1485 αὐτοῖς.
3609 1434 3613 1438 ’

2843 1512 3135 1568 ΨΔΛΜΟΣ
3159 1513 3292 1567 NH'.

2347 1607 2496 1678 Στίχ.
2523 1604 2588 1673 ζ’.
2614 1607 2995 1678 -Ἐναλλαγὴ
3028 1603 3307 1659 κάνταῦθα
3346 1604 3560 1674 χρόνου,
3591 1601 3712 1669 αντὶ
3744 1597 3867 1668 τοῦ,

2290 1699 2881 1769 Ἐπιστρεψάτωσαν,
2901 1699 2993 1754 καὶ
3019 1696 3503 1753 κυκλωσάτωσαν
3517 1735 3531 1757 ,
3551 1694 3646 1748 καὶ
3678 1696 3867 1762 λιμω-

585 1807 745 1875 Quod
793 1815 975 1859 autem
1017 1801 1153 1856 dicit
1186 1806 1274 1853 est
1306 1793 1583 1865 ejusmodi
1615 1810 1629 1846 :
1660 1791 1935 1857 Quoniam
1968 1802 2169 1843 canum

2277 1790 2574 1855 εᾶτωσαν.
2587 1793 2652 1844 '0
2664 1791 2725 1855 δὲ,
2742 1791 2886 1860 λέγει
2897 1789 3134 1843 τοιοῦτόν
3154 1790 3319 1841 ἐστιν·
3339 1784 3554 1856 Ἐπειδὴ
3564 1784 3673 1837 τῶν
3685 1781 3837 1838 κυνῶ

584 1900 870 1970 proprium
921 1902 1007 1949 est
1060 1890 1241 1945 noctis
1296 1897 1544 1956 tempore
1597 1882 1836 1936 circuire
1889 1878 2170 1933 civitatem

585 1992 922 2051 universam,
948 1995 1002 2040 et
1038 1979 1340 2052 majoribus
1373 1977 1454 2030 uti
1490 1974 1753 2039 vocibus;
1786 1970 2026 2025 maxime
2058 1982 2174 2021 au—

584 2092 691 2139 tem
727 2085 831 2135 hoc
870 2077 1107 2139 faciunt,
1151 2069 1375 2142 quando
1419 2063 1714 2134 contigerit
1755 2064 1909 2132 ipsos
1957 2058 2175 2115 esurire

581 2176 689 2231 cibi
717 2173 957 2243 indiges.
997 2165 1188 2221 Simile
1224 2160 1382 2231 quid,
1417 2157 1618 2226 inquit,
1640 2154 1895 2209 hostibus
1918 2150 2170 2214 eveniat;

583 2282 614 2321 ο
646 2240 904 2336 praesenti
931 2258 1197 2314 felicitate
1235 2253 1294 2305 in
1340 2249 1498 2319 pejus
1530 2260 1628 2315 per
1655 2240 1989 2312 supplicium
2019 2249 2171 2292 tuum

583 2362 985 2414 convertantur
1016 2368 1029 2403 :
1060 2355 1115 2402 et
1146 2346 1289 2400 sicut
1321 2355 1509 2401 canes,
1542 2338 1720 2391 noctis
1756 2345 2001 2402 tempore
2031 2343 2062 2383 a
2093 2327 2175 2382 fa-

583 2466 674 2506 me
710 2421 951 2509 obsessi,
983 2442 1042 2495 in
1070 2435 1309 2493 circuitu
1341 2431 1619 2486 ululantes
1656 2426 2003 2480 circumeunt
2034 2418 2174 2475 civi-

584 2552 753 2598 tatem
775 2580 790 2603 ,
817 2538 899 2593 sic
923 2542 979 2591 et
1007 2532 1062 2587 hi
1096 2526 1372 2600 supplicio
1399 2531 1497 2578 tuo
1523 2520 1618 2575 icti
1649 2518 1860 2587 ejulent
1895 2513 1965 2568 ad
1999 2512 2173 2567 instar

584 2648 819 2696 canum;
853 2629 927 2683 ita
960 2633 1018 2680 ut
1047 2639 1117 2679 ex
1146 2623 1265 2692 ipsa
1303 2630 1438 2672 voce
1464 2613 1771 2684 ejulatuum
1815 2606 1897 2662 tui
1935 2606 1992 2660 in
2022 2604 2173 2673 ipsos

584 2694 841 2798 supplicii
867 2722 1128 2791 appareat
1161 2706 1503 2781 magnitudo.
1535 2698 1826 2771 Temporis
1856 2702 2038 2750 autem
2065 2694 2171 2748 im—

583 2785 956 2872 mutationem
975 2807 1183 2863 indicat
1207 2797 1578 2872 Symmachus
1603 2792 1817 2855 dicens,
1844 2785 2166 2842 Convertun-

585 2917 676 2963 tur
710 2902 779 2960 ad
805 2913 1090 2969 vesperam.

653 3081 825 3139 Vsus.
857 3080 911 3133 8.
949 3101 1017 3114 -
1037 3073 1143 3128 llic
1167 3071 1330 3126 etiam
1364 3063 1520 3122 istud
1551 3076 1669 3117 ecce
1699 3038 1975 3128 adjectum
1998 3062 2171 3110 estex

2280 1883 2409 1936 ἴδιον
2431 1884 2572 1938 κατὰ
2591 1884 2681 1937 τὸν
2697 1882 2796 1951 τῆς
2810 1880 2999 1943 νυκτὸς
3020 1880 3209 1949 καιρὸν
3224 1876 3496 1948 περιιέναι
3517 1891 3578 1927 τε
3596 1874 3695 1944 τὴν
3711 1872 3872 1926 πόλιν

2278 1975 2517 2039 ἅπασαν,
2539 1976 2629 2029 καὶ
2661 1974 2872 2046 μείζοσι
2902 1971 3203 2043 κεχρῆσθαι
3231 1971 3349 2030 ταῖς
3377 1967 3609 2036 φωναῖς·
3649 1962 3873 2017 ποιοῦσι

2277 2066 2332 2120 δὲ
2381 2068 2514 2121 αὐτὸ
2561 2067 2829 2138 μάλιστα,
2885 2064 3105 2118 ἐπειδὰν
3154 2060 3424 2132 συμϐαίνῃ
3475 2058 3571 2111 καὶ
3623 2054 3874 2127 π[ε]ινᾷν

2277 2155 2565 2227 δεχθέντας
2608 2157 2847 2229 τροφῆς·
2902 2153 3142 2209 τοιοῦτόν
3206 2170 3261 2205 τι
3314 2151 3442 2221 περὶ
3489 2147 3598 2201 τῶν
3653 2145 3872 2216 ὲχθρῶν

2279 2265 2413 2317 φησι
2436 2266 2449 2279 ·
2481 2250 3032 2320 Μεταστραφήτωσαν
3064 2246 3172 2298 ἀπὸ
3198 2243 3294 2314 τῆς
3322 2240 3418 2295 νῦν
3447 2237 3753 2314 εὐπραγίας
3786 2237 3873 2320 eis

2277 2313 2552 2409 χεῖρον
2584 2341 2648 2408 τῇ
2893 2335 2986 2389 σοῦ
3020 2313 3292 2406 τιμωρίᾳ⁹
3329 2331 3424 2384 καὶ
3455 2313 3868 2397 ὥσπερκύνεᾷ
3896 2370 3899 2371 ν

2278 2425 2419 2478 κατὰ
2445 2425 2535 2481 τὸν
2555 2425 2745 2497 καιρὸν
2792 2424 2893 2495 τῆς
2933 2424 3124 2487 νυκτὸς
3159 2422 3263 2476 ὑπὸ
3300 2419 3461 2491 λιμοῦ
3494 2416 3867 2488 συνεχόμενοι,

2279 2515 2464 2586 κύκλῳ
2485 2516 2714 2586 βοῶντες
2734 2516 2833 2587 τὴν
2858 2516 3011 2569 πόλιν
3038 2512 3405 2584 ἐκπεριίασιν*
3428 2509 3571 2562 οῦτω
3597 2508 3694 2563 καὶ
3721 2500 3871 2560 οὗτοι

2278 2610 2344 2679 τῇ
2374 2607 2527 2681 παρὰ
2549 2608 2642 2661 σοῦ
2679 2606 2922 2679 τιμωρίᾳ
2959 2605 3255 2674 πληγέντες
3288 2599 3686 2664 ὀλολυζέτωσαν
3706 2599 3869 2669 ὃμοια

2278 2701 2393 2760 τοῖς
2415 2699 2601 2753 κυσίνο
2633 2698 2773 2752 ὥστε
2816 2692 2913 2752 καὶ
2957 2700 3023 2768 τῇ
3055 2698 3207 2766 φωνῇ
3246 2693 3357 2748 τῶν
3398 2688 3711 2761 ὀλολυγμῶν
3742 2690 3873 2759 φαί-

2280 2790 2465 2844 νεσθαι
2497 2790 2597 2861 τῆς
2627 2790 2898 2863 τιμωρίας
2926 2806 3019 2842 σου
3050 2788 3151 2858 τῆς
3188 2788 3265 2850 είς
3292 2785 3487 2848 αὐτοὺς
3526 2783 3587 2835 τὸ
3614 2782 3866 2854 μέγεθος.

2280 2885 2392 2956 Τὴν
2420 2884 2477 2938 δὲ
2510 2884 2809 2955 ἐναλλαγὴν
2845 2882 2937 2936 τοῦ
2970 2883 3161 2953 χρόνου
3194 2880 3432 2934 δείκνυσι
3464 2876 3759 2948 Σύμμαχος
3785 2879 3869 2929 εί-

2281 2974 2419 3040 πὼν,
2461 2973 3032 3044 Ἐπιστρεψάτωσαν
3068 2975 3157 3038 εὶς
3188 2970 3476 3039 ἑσπέραν.

2336 3067 2484 3140 Στίχ.
2500 3074 2645 3139 vf.—
2659 3067 2980 3136 Θεοδώρου.
2996 3064 3289 3119 Κάνταῦθα
3300 3062 3557 3140 magos,
3575 3061 3866 3135 προσέρρι-

585 3175 775 3248 phrasi
808 3172 1056 3227 llebraea.
1092 3159 1458 3235 Symmachus
1502 3169 1636 3210 vero
1681 3152 1760 3206 ait
1791 3169 1805 3205 :
1836 3147 1952 3217 Ipsi
1996 3155 2172 3200 autem

2277 3176 2408 3215 πται
2423 3161 2532 3217 ἀπὸ
2549 3158 2645 3215 τοῦ
2657 3158 2943 3231 Ἐϐραῖκοῦ
2963 3156 3270 3228 ἰδιώματος.
3289 3156 3584 3227 Σύμμαχος
3599 3154 3655 3207 δέ
3671 3170 3834 3225 φησιν
3848 3168 3864 3184 ·

585 3235 901 3335 εὶηθιιίιίιιηι
930 3255 1258 3314 comedentes
1287 3265 1375 3304 ore
1398 3263 1515 3313 suo,
1541 3255 1591 3298 et
1610 3242 1765 3315 quasi
1790 3238 1998 3311 gladios
2019 3235 2176 3289 labiis

586 3331 699 3412 suis
731 3350 1037 3429 [egerunt].
1068 3346 1206 3403 Nam
1231 3353 1286 3401 et
1314 3342 1407 3396 hic
1429 3350 1648 3408 tempus
1673 3331 2009 3393 immutavit,
2049 3341 2176 3383 cum

587 3422 835 3507 futurum
872 3459 970 3516 pro
995 3422 1258 3513 praesenti
1289 3433 1451 3489 dixit.
1486 3428 1597 3501 Ipsi
1631 3425 1804 3491 enim,
1840 3422 2040 3491 inquit,
2080 3434 2177 3489 per

584 3562 650 3601 os
687 3556 846 3598 suum
894 3547 949 3594 et
1000 3511 1093 3607 per
1139 3531 1281 3585 labia
1321 3540 1423 3583 sua
1466 3524 1775 3592 loquuntur
1819 3514 1986 3570 verba
2023 3511 2176 3567 omni

585 3633 770 3708 gladio
817 3602 1027 3701 pejora,
1074 3633 1130 3680 et
1168 3634 1292 3691 quae
1330 3613 1480 3671 omni
1515 3624 1651 3667 ense
1682 3605 1926 3661 atrocius
1958 3602 2179 3657 valeant

585 3690 894 3782 vulnerare.
922 3717 1191 3786 Quoniam
1210 3712 1329 3783 quis
1357 3705 1604 3762 audivit?
1633 3700 1686 3756 id
1707 3707 1810 3763 est,
1831 3694 2023 3750 Nemo.
2042 3690 2178 3745 Por-

586 3835 648 3873 ro
691 3817 783 3870 hic
832 3815 997 3868 etiam
1041 3823 1149 3863 vox
1194 3804 1428 3857 dicentes
1481 3792 1837 3855 subauditur,
1878 3784 2037 3856 quasi
2079 3797 2177 3854 per

586 3907 932 3964 reticentiam
961 3888 1250 3969 Prophetas
1280 3893 1465 3956 dicta;
1496 3888 1645 3945 sicut
1671 3884 1839 3939 etiam
1869 3881 1925 3933 in
1963 3876 2175 3948 psalmo

588 3998 831 4058 secundo
870 3994 1017 4051 istud
1052 4012 1066 4047 :
1102 3991 1399 4046 Astiterunt
1435 3997 1577 4052 reges
1614 3989 1792 4041 terra’,
1833 3982 1883 4028 et
1912 3969 2174 4041 principes

587 4098 934 4149 convenerunt
982 4086 1037 4140 in
1082 4097 1269 4143 unum,
1331 4075 1585 4131 adversus
1637 4069 1948 4128 Dominum,
1989 4071 2039 4118 et
2077 4060 2177 4114 ad-

589 4202 766 4242 versus
811 4182 1081 4239 Christum
1119 4177 1255 4244 eius.
1309 4173 1689 4240 Dirumpamus
1725 4159 1937 4218 vincula
1968 4169 2171 4215 eorum;

586 4291 635 4336 et
672 4277 1019 4349 projiciamus
1048 4290 1079 4327 a
1110 4271 1260 4327 nobis
1293 4268 1483 4339 jugum
1525 4268 1760 4333 ipsorum
1793 4273 1810 4312 :
1841 4269 1966 4310 nam
2008 4250 2171 4307 etiam

589 4376 663 4431 ibi
725 4388 820 4443 per
872 4367 1219 4443 reticentiam
1289 4359 1618 4417 subauditur
1662 4369 1765 4409 vox
1812 4349 2064 4408 dicentes,
2113 4346 2172 4393 ut

587 4482 786 4525 sensus
829 4464 921 4528 sit,
964 4439 1236 4525 dicentes,
1272 4455 1649 4521 Dirumpamus
1688 4444 1903 4503 vincula
1932 4454 2113 4496 eorum
2151 4449 2168 4487 :

588 4561 664 4615 ita
704 4558 870 4615 etiam
901 4556 1010 4620 hic,
1047 4551 1183 4606 Ecce
1204 4549 1307 4619 ipsi
1331 4550 1608 4617 loquentur
1634 4543 1687 4595 in
1720 4553 1808 4592 ore
1832 4551 1949 4597 suo,
1979 4542 2028 4587 et
2047 4531 2168 4600 gla-

587 4650 706 4703 dius
735 4648 790 4700 in
819 4645 976 4699 labiis
1019 4657 1199 4698 eorum
1236 4653 1252 4690 :
1306 4635 1556 4705 quoniam
1607 4631 1728 4700 quis
1774 4625 2019 4679 audivit?
2058 4622 2169 4675 Ex-

589 4737 840 4807 pressius
903 4743 1083 4788 autem
1134 4732 1189 4784 in
1235 4727 1447 4799 psalmo
1501 4718 1925 4791 quadragesimo
1973 4721 2170 4782 quarto

590 4800 998 4888 adnotavimus,
1029 4824 1175 4879 sicut
1202 4813 1550 4873 consuetudo
1579 4820 1664 4865 cst
1686 4806 1997 4876 Prophetas,
2024 4800 2169 4856 istud

590 4920 727 4973 dixit
770 4930 823 4973 et
866 4918 1064 4978 dicens,
1107 4921 1162 4969 et
1203 4911 1247 4966 si
1274 4907 1408 4978 quid
1434 4906 1508 4959 sit
1543 4897 1879 4963 istiusmodi,
1915 4909 2013 4965 per
2048 4893 2172 4949 reti-

589 5010 825 5067 centiam
848 5009 998 5079 poni.
1036 5005 1165 5059 Vult
1190 5001 1337 5056 enim
1368 4996 1436 5051 de
1471 4995 1609 5065 ipsis
1644 4991 1851 5051 dicere,
1905 4984 2064 5057 quasi
2085 4984 2170 5038 di-

588 5100 756 5158 eant:
797 5078 1017 5155 Minime
1058 5092 1386 5163 supplicium
1440 5083 1880 5146 formidavimus,
1929 5078 2026 5135 sed
2070 5093 2170 5147 pro

589 5195 734 5249 virili
775 5195 829 5247 in
869 5193 1018 5261 ipsos
1061 5184 1348 5245 irruimus,
1389 5193 1485 5234 eos
1529 5175 1847 5231 occidentes
1871 5180 1925 5228 et
1960 5170 2168 5225 interti-

587 5288 796 5342 cientcs
832 5300 846 5336 :
882 5282 1010 5335 dum
1047 5276 1192 5331 enim
1237 5273 1401 5326 etiam
1446 5267 1618 5322 multa
1667 5265 1774 5318 alia
1817 5263 2164 5324 fecissemus,

585 5376 714 5446 quis
751 5370 960 5427 audivit
984 5381 1080 5421 eos
1112 5359 1431 5434 gementes?
1465 5358 1551 5412 vel
1582 5354 1819 5412 attendit
1853 5354 1990 5423 ipsis
2022 5351 2167 5420 inju-

589 5469 668 5522 ria
705 5458 1022 5534 oppressis?
1053 5458 1136 5513 vel
1159 5456 1284 5526 quis
1311 5455 1459 5509 ultus
1484 5462 1568 5508 cst
1598 5449 2021 5506 interfectores?
2047 5446 2167 5502 Non

586 5556 745 5627 quasi
774 5555 890 5607 haec
933 5550 1157 5604 omnino
1186 5547 1430 5601 dixerint
1470 5544 1713 5607 inimici,
1752 5543 1848 5597 sed
1878 5557 1908 5596 a
1950 5557 2008 5596 re
2047 5542 2167 5610 ipsa

488 5676 507 5691 η
588 5666 688 5721 pro
733 5663 831 5701 sua
889 5643 1290 5700 consuetudine
1347 5640 1492 5697 istud
1532 5639 1671 5692 dixit
1705 5651 1950 5706 ponens;
1987 5634 2183 5690 simile-

584 5742 732 5798 enim
750 5746 834 5797 est
856 5739 967 5808 isti,
992 5738 1139 5803 Dixit
1161 5738 1299 5795 enim
1322 5738 1378 5792 in
1404 5735 1563 5791 corde
1589 5750 1688 5791 suo
1706 5748 1723 5785 :
1740 5732 1865 5787 Non
1898 5730 2158 5801 requiret;

2274 3251 2451 3307 Αὐτοὶ
2482 3252 2600 3323 μὲν
2638 3249 3045 3310 ἀποϐλύζουσι
3094 3248 3219 3317 τοῖς
3261 3250 3562 3317 στόμασιν
3612 3243 3864 3310 ἑαυτῶν,

2278 3346 2379 3399 καὶ
2413 3346 2496 3411 ὡς
2517 3344 2819 3414 μαχαίρας
2853 3339 2977 3406 τοῖς
3018 3340 3292 3409 χείλεσιν
3319 3335 3536 3391 αὐτῶν.
3573 3332 3868 3389 Κάνταῦθα

2277 3437 2386 3507 γὰρ
2428 3433 2685 3506 ἐνήλλαξε
2722 3431 2815 3485 τὸν
2868 3429 3080 3501 χρόνον,
3139 3427 3401 3497 μέλλοντα
3454 3422 3691 3496 είρηκὼς
3745 3419 3867 3476 ἀντὶ

2275 3522 2372 3575 τοῦ
2403 3520 2712 3584 ἐνεστῶτος.
2744 3518 2910 3571 Αὐτοὶ
2941 3518 3069 3588 γὰρ,
3098 3516 3252 3587 φησὶ,
3292 3515 3618 3584 φθέγγονται
3648 3514 3866 3584 ῥήματα

2275 3613 2363 3667 διὰ
2387 3612 2481 3665 τοῦ
2513 3610 2779 3682 στόματος
2805 3606 2984 3663 αὐτῶν
3017 3608 3112 3660 καὶ
3148 3605 3256 3658 τῶν
3284 3604 3509 3675 χειλέων
3536 3604 3717 3674 πάσης
3746 3601 3863 3673 χεί-

2279 3721 2410 3776 ρονα
2440 3702 2732 3774 μαχαίρας,
2763 3702 2856 3754 καὶ
2886 3698 3083 3761 παντὸς
3105 3696 3292 3766 ξίφους
3316 3694 3673 3767 εὐτονώτερον
3697 3693 3867 3766 πλήτ-

2277 3813 2388 3851 τειν
2420 3795 2712 3864 δυνάμενα.
2737 3794 2858 3845 Ὅτι
2888 3791 2979 3857 τίς
3009 3789 3318 3859 ἤκουσεν;
3356 3788 3476 3841 ἀντὶ
3504 3786 3620 3854 τοῦ,
3654 3785 3861 3852 Οὐδείς.

2281 3890 2435 3942 Ἔστι
2475 3888 2533 3943 δὲ
2568 3884 2847 3941 κάνταῦθα
2893 3884 2973 3948 τὸ,
3004 3882 3273 3951 λέγοντες,
3302 3881 3408 3935 ἀπὸ
3436 3878 3613 3934 κοινοῦ
3645 3878 3867 3951 νοούμε-

2277 4002 2387 4049 νον,
2419 3985 2495 4048 ὠς
2542 3983 2684 4037 κατὰ
2733 3980 3109 4051 ἀποσιώπησιν
3154 3977 3441 4049 εἰρημένον
3472 3977 3551 4047 τῷ
3578 3977 3859 4051 προφήτῃο

2277 4078 2387 4136 οἷον
2417 4082 2510 4135 καὶ
2545 4082 2604 4135 ἐν
2650 4079 2728 4151 τῷ
2765 4077 3000 4149 δευτέρῳ
3029 4074 3227 4148 ψαλμῷ
3262 4074 3343 4139 τὸ,
3378 4072 3777 4142 Παρέστησαν
3810 4074 3864 4126 οἱ

2270 4179 2554 4246 βασιλεῖς
2586 4176 2698 4246 τῆς
2729 4176 2864 4246 γῆς,
2902 4176 3001 4229 καὶ
3036 4178 3089 4229 ol
3132 4174 3421 4243 ἄρχοντες
3463 4170 3863 4239 συνήχθησαν

2275 4281 2372 4332 ἐπὶ
2421 4277 2487 4331 τὸ
2520 4274 2668 4330 αὑτό
2697 4274 2849 4329 κατὰ
2884 4272 2993 4327 τοῦ
3030 4272 3254 4340 Κυρίου
3280 4270 3377 4323 καὶ
3406 4265 3556 4321 κατὰ
3590 4265 3697 4320 τοῦ
3725 4267 3860 4334 Χρι-
3932 4278 3945 4293 ·

2275 4374 2427 4429 στοῦ
2463 4372 2674 4428 αὑτοῦ·
2704 4369 3122 4439 Διαρρήξωμεν
3162 4365 3305 4432 τοὺς
3335 4363 3598 4434 δεσμοὺς
3643 4360 3858 4426 αὐτῶν,

2205 4496 2247 4549 D
2278 4472 2377 4527 καὶ
2425 4472 2853 4541 ἀπορρίψωμεν
2903 4467 3004 4537 ἀφ’
3049 4463 3221 4535 ἡμῶν
3264 4462 3373 4516 τὸν
3416 4460 3593 4531 ζυγὸν
3628 4458 3856 4514 αὐτῶν·

2272 4569 2380 4622 ἀπὸ
2407 4568 2588 4622 κοινοῦ
2618 4568 2727 4639 γὰρ
2758 4567 2937 4631 κείικιιί¹
2960 4562 3100 4617 κατὰ
3143 4560 3522 4629 ἀποσιώπησιν
3559 4561 3757 4611 νοεῖται
3779 4560 3860 4623 τὸ,

2271 4665 2519 4734 λέγοντες
2541 4683 2554 4695 ·
2608 4664 2696 4717 ἵνα
2819 4661 3102 4729 Λέγοντες·
3136 4656 3555 4727 Διαρῤήξωμεν
3594 4656 3731 4721 τοὺς
3772 4653 3857 4707 δε-

2271 4761 2466 4831 σμοὺς
2511 4760 2728 4816 αὐτῶν.
2775 4759 2961 4823 Οὐτως
3012 4753 3105 4811 οὖν
3159 4754 3471 4818 κάνταῦθα,
3514 4753 3658 4807 Ἰδοὺ
3694 4753 3861 4806 αὐτοὶ

2271 4856 2748 4929 ἀποφθέτξονται
2774 4856 2845 4929 ἐν
2869 4854 2949 4920 τῷ
2971 4855 3222 4924 στόματι
3240 4848 3458 4914 αὐτῶν,
3480 4848 3579 4902 καὶ
3596 4848 3861 4917 ῥομφαία

2270 4956 2342 5011 ἐν
2372 4955 2499 5022 τοῖς
2514 4926 2803 5026 *χείλεσιν
2835 4951 3063 5008 αὐτῶν·
3097 4951 3188 5004 ὅτι
3215 4949 3308 5015 τίς
3334 4947 3641 5017 ἤκουσεν;
3684 4947 3862 5016 Ἀκρι-

2271 5051 2526 5124 6έστερον
2571 5051 2625 5103 δὲ
2668 5054 2726 5106 ὲν
2769 5050 2848 5121 τῷ
2890 5049 2970 5120 μδ⁹
3024 5046 3223 5118 ψαλμῷ
3263 5040 3757 5113 ὲπεσημηνάμεθα,
3789 5041 3862 5102 ὡς

2269 5150 2389 5215 ἔθος
2414 5149 2493 5221 τῷ
2518 5150 2792 5222 προφήτῃ.
2816 5147 2897 5210 τὸ,
2924 5144 3080 5212 Εἰπὲ,
3102 5144 3216 5205 καὶ,
3247 5142 3451 5210 Λέγων.
3483 5138 3576 5192 καὶ
3604 5138 3658 5191 εἴ
3681 5155 3733 5192 τι
3756 5154 3864 5191 τοι-

2267 5248 2442 5315 οῦτον,
2467 5246 2607 5302 κατὰ
2630 5242 3009 5313 ἀποσιώπησιν
3047 5239 3273 5293 τιθέναι.
3299 5236 3554 5290 Βούλεται
3590 5234 3698 5306 γὰρ
3738 5234 3867 5305 περὶ

2267 5346 2447 5402 αὐτῶν
2466 5346 2660 5408 εἰπεῖν,
2679 5343 2759 5396 ὃτι
2773 5339 2954 5410 φασίψ
2972 5338 3046 5390 Οὐ
3062 5336 3305 5408 προσῆκε
3322 5334 3551 5388 δεδιέναι
3572 5332 3862 5403 τιμωρίαν,

2266 5442 2383 5494 ἀλλ’
2417 5438 2698 5510 ὲπιϐὦμεν
2740 5438 2923 5498 αὐτοῖς
2957 5435 3058 5504 ὃση
3097 5432 3352 5501 δύναμις,
3388 5429 3736 5501 ἀναιροῦντες
3769 5426 3865 5480 καὶ

2268 5537 2739 5607 κατασφάττοντες
2763 5548 2778 5562 ·
2810 5530 2983 5585 πολλὰ
3014 5530 3125 5601 γὰρ
3157 5530 3252 5583 καὶ
3290 5528 3456 5598 ἕτερα
3488 5524 3866 5596 πεποιηκότων

2266 5639 2299 5707 ἡ
2310 5636 2446 5707 μῶν,
2464 5633 2545 5697 τίς
2561 5633 2792 5703 ἤκουσεν
2807 5627 2988 5682 αὐτῶν
3004 5624 3396 5690 στεναζόντων;
3416 5624 3448 5695 ἢ
3466 5622 3546 5686 τίς
3563 5619 3865 5692 προσέσχεν

2268 5735 2450 5795 αὐτοῖς
2477 5726 2882 5797 ἁδικουμένοις;
2920 5724 2954 5795 ἢ
2987 5724 3069 5788 τίς
3095 5722 3373 5793 ἐπήμυνεν
3414 5714 3866 5790 ἀναιρουμένοιςς
