4162 6468
833 368 871 397 9"
900 364 961 385 να

380 463 485 519 631

1611 446 1986 507 EXPOSITIO
2026 449 2093 505 lN
2120 448 2467 524 PSALMOS.

3586 450 3692 505 68?.

379 582 499 652 υὺχ
545 577 627 631 ὅτι
658 572 817 631 τοῦτο
866 573 1051 643 ἔλεγον
1097 572 1316 636 πάντως
1364 570 1413 625 οἱ
1459 570 1678 643 ἐχθροί·
1728 568 1844 623 ἀλλ’
1884 567 1992 621 ἀπὸ

2113 581 2151 623 at
2186 570 2299 634 isti,
2339 568 2476 637 Quis
2518 569 2710 624 videbit
2741 586 2831 623 eos
2858 568 3038 641 (Psal.
3071 567 3350 638 um,6)?
3383 565 3526 622 idem
3545 566 3694 621 enim

378 670 479 730 τοῦ
510 671 841 745 πράγματος
886 666 1030 722 κατά
1073 667 1135 721 τὸ
1182 667 1381 720 οἰκεῖον
1409 662 1532 728 ἔθος
1571 663 1630 717 τὸ
1664 657 1797 716 εἷπε
1821 659 1996 713 τεθει-

382 766 495 830 κώς
516 782 530 796 ο
559 765 745 836 ὅμοιον
775 762 883 833 γάρ
920 761 1037 813 ἐστι
1078 756 1177 830 τῷ,
1205 753 1353 812 Εἷπε
1384 755 1497 826 γὰρ
1522 754 1593 809 ἐν
1626 752 1847 823 καρδίᾳ
1891 754 1998 805 αὐ-

381 858 659 926 τοῦ,ὀὺκ
686 853 1031 924 ἐκζητήσει·
1066 853 1161 907 καὶ
1201 850 1281 921 τῷ
1307 889 1322 915 ,
1360 845 1556 903 Εἶπον
1577 863 1592 880 ο
1651 845 1752 912 Τίς
1784 846 1998 914 ὄψεται

379 953 632 1019 αὐτούς
662 950 738 1003 Τὸ
767 947 899 1003 αὑτὸ
923 946 1036 1018 γὰρ
1059 944 1342 1000 κάνταῦθα
1368 942 1543 997 εἰπεῖν
1568 940 1836 1012 βούλεται.
1871 939 1996 990 Ὅτι

378 1042 558 1107 οὕτως
584 1040 804 1097 ἅπαντα
834 1039 1189 1111 πράττουσιν,
1219 1035 1294 1100 ὡς
1319 1035 1421 1090 οὑκ
1441 1032 1732 1095 ἀκούοντος
1756 1026 1994 1091 οὐδενὸς,

379 1139 507 1193 οὑδὲ
569 1134 949 1208 φροντίζοντος
996 1132 1105 1186 τῶν
1167 1128 1527 1200 γιγνομὲνων.
1582 1125 1743 1180 Ἰδιον
1787 1123 1845 1177 δὲ
1902 1120 1993 1176 τοῦ

384 1230 662 1304 μακαρίου
686 1226 851 1282 Δασὶδ
874 1226 934 1281 τὸ
960 1225 1050 1280 διὰ
1074 1223 1232 1278 τοῦτο
1268 1222 1503 1293 μάλιστα
1530 1220 1702 1273 αἰτεῖν
1734 1215 1828 1271 τοῦ
1856 1214 1993 1270 Θεοῦ

380 1327 483 1397 τὴν
515 1323 656 1378 κατά
700 1321 810 1375 τῶν
844 1318 1268 1391 ἁμαρτανόντων
1303 1313 1604 1387 τιμωρίαν’
1648 1311 1737 1367 διὰ
1783 1310 1847 1363 τὸ
1887 1308 1996 1363 τῶν

384 1415 602 1471 πολλῶν
629 1416 689 1467 ἐν
718 1414 838 1476 ταῖς
865 1409 1106 1473 ἀδικίαις
1137 1406 1481 1477 αἰτιωμένων
1513 1405 1605 1458 τὸν
1635 1402 1789 1466 Θεὸν,
1827 1401 1904 1463 ὡς
1932 1398 1993 1452 οὑ

385 1507 725 1582 προνοοῦντα
784 1505 878 1559 τὸν
908 1503 1217 1573 Δεσπότηνο
1274 1499 1464 1571 ὥσπερ
1519 1497 1629 1567 γάρ
1680 1492 1998 1555 ἀδικοῦντες

386 1603 485 1658 καὶ
513 1601 816 1671 πάσχοντες
849 1597 1024 1662 οὐδὲν,
1059 1594 1319 1665 τοιαύτην
1350 1595 1463 1657 τοῖς
1489 1590 1704 1653 πολλοῖς
1733 1587 1831 1659 τὴν
1864 1585 1997 1639 ὑπό-

380 1710 533 1749 νοιαν
580 1690 943 1766 ἐργάζονται⁸
981 1688 1124 1743 οὑτω
1169 1685 1598 1758 τιμωρούμενοι,
1644 1684 1706 1737 τὸ
1750 1678 1995 1733 ἐναντίον

388 1790 594 1854 πάντας
640 1783 972 1841 ὑποπτεύειν
1018 1779 1520 1854 παρασκευάζουσι.
1575 1775 1859 1829 Δείκνυσιν
1902 1766 1996 1824 οὖν

2101 663 2205 717 huc
2249 663 2369 718 loco
2399 664 2513 718 vult
2542 663 2746 719 dicere.
2791 662 3067 730 Quoniam
3094 663 3177 719 sic
3198 661 3383 717 omnia
3415 672 3607 731 agunl.
3636 674 3701 712 ειο

2099 757 2144 810 si
2181 771 2341 811 nemo
2369 757 2604 821 audiret,
2625 759 2708 814 vel
2727 772 2916 813 curam
2946 765 3161 826 gereret
3186 771 3377 812 eorum
3397 771 3520 826 qua!
3539 754 3701 809 liuut.

2100 848 2155 901 Pa
2172 850 2389 919 eprium
2407 860 2590 906 autem
2604 861 2689 906 est
2704 850 2847 906 beati
2864 848 3083 905 Davidis
3096 850 3167 905 ob
3178 849 3283 904 hoc
3298 848 3536 903 maxime
3549 862 3715 914 roga-

2096 956 2156 995 re
2174 940 2366 1005 Deum,
2387 950 2450 996 ut
2467 952 2789 1012 peccatores
2814 940 3041 1012 puniat;
3070 939 3197 1011 quia
3224 940 3449 1011 plurimi
3483 937 3703 1009 injuriis

2104 1031 2287 1088 affecti
2319 1033 2583 1088 incusant
2614 1032 2807 1100 Dcum,
2835 1047 2899 1086 ac
2929 1032 2976 1088 'si
3007 1030 3237 1086 minime
3258 1029 3525 1100 providus
3556 1036 3705 1083 esset

2104 1121 2375 1180 Dominus
2413 1143 2426 1179 :
2472 1125 2617 1181 sicut
2655 1125 2825 1186 enim.
2867 1125 2999 1180 dum
3032 1122 3380 1195 iniquitatem
3412 1120 3702 1185 facientes,

2104 1217 2241 1271 nihil
2265 1217 2574 1287 patiuntur,
2616 1217 2934 1274 istiusmodi
2966 1216 3287 1287 opinionem
3328 1213 3582 1286 plurimis
3616 1213 3703 1268 in-

2104 1321 2341 1382 gerunt;
2406 1312 2480 1367 ita
2536 1311 2667 1368 dum
2716 1313 3049 1383 puniuntur,
3102 1325 3298 1366 omnes
3359 1307 3705 1363 contrarium

2103 1404 2320 1460 faciunt
2353 1406 2592 1478 opinari.
2647 1404 2906 1462 Ostendit
2944 1405 3133 1477 itaque
3164 1420 3224 1460 se
3255 1418 3367 1458 non
3399 1402 3525 1457 ideo
3556 1400 3707 1473 quod

2102 1495 2315 1566 aliquid
2348 1497 2613 1566 patiatur,
2663 1496 2884 1568 exigere
2924 1505 2983 1550 ut
3017 1494 3085 1551 de
3116 1494 3378 1564 injuriam
3412 1490 3710 1564 irroganti-

2104 1588 2208 1644 bus
2245 1590 2581 1661 supplicium
2606 1599 2883 1655 sumatur,
2927 1588 3023 1646 sed
3063 1596 3122 1643 ut
3152 1586 3472 1643 hominibus
3509 1581 3709 1640 exinde

2106 1683 2303 1737 melior
2346 1683 2413 1738 de
2466 1682 2578 1740 Deo
2621 1683 2814 1755 Opinio
2864 1683 3171 1753 inseratur,
3213 1680 3423 1735 docens
3476 1693 3598 1741 nos.
3626 1682 3710 1747 rut

2106 1774 2293 1828 omnia
2327 1774 2395 1830 ad
2426 1774 2520 1831 Dei
2550 1777 2784 1849 gloriam
2813 1777 3079 1848 perlicere
3112 1784 3456 1845 satagamus.

384 1880 575 1937 ἑαυτὸν
604 1880 666 1933 οὐ
699 1878 791 1931 διὰ
820 1875 884 1930 τό
924 1892 978 1928 τι
1010 1873 1223 1937 παθεῖν,
1256 1870 1348 1924 τὸν
1394 1867 1539 1924 κατά
1584 1865 1693 1920 τῶν
1732 1860 2063 1917 ἀδικούντων
2100 1863 2359 1920 αἰτοῦντα
2387 1868 2678 1941 τιμωρίαν,
2703 1866 2820 1923 ἀλλ’
2867 1868 3007 1923 ὥστε
3070 1867 3358 1940 κρείττονα
3427 1863 3558 1933 περὶ
3612 1858 3709 1913 τοῦ

380 1971 519 2028 Θεοῦ
586 1973 699 2035 τοῖς
742 1966 1053 2041 ἀνθρώποις
1109 1962 1362 2018 ἐντεῦθεν
1408 1957 1729 2031 ἐγγενέσθαι
1778 1954 1879 2027 τὴν
1919 1952 2211 2025 ὑπόληψιν,
2288 1958 2438 2029 ἡμᾶς
2511 1959 2821 2027 παιδεύων,
2862 1960 2951 2014 διὰ
2993 1959 3215 2014 πάντων
3264 1957 3327 2013 τδ
3368 1955 3506 2029 πρὸς
3551 1950 3711 2019 δόξαν

382 2066 522 2124 Θεοῦ
555 2062 848 2121 συντελοῦν
883 2059 1186 2133 ἐπιζητεῖν.

460 2163 609 2235 Στίχ.
644 2160 730 2232 ιβ’.
750 2190 823 2200 —
841 2158 981 2212 Κατ’
1001 2155 1273 2229 ἐρώτησιν
1295 2152 1698 2224 ἀναγνωστέον.
1715 2148 1861 2202 Ἀντὶ
1884 2143 1998 2199 τοῦ·

2120 2232 2137 2235 Δ
2179 2140 2345 2199 Vens.
2390 2143 2480 2200 12.
2502 2176 2571 2186 -
2595 2143 2697 2201 Per
2723 2142 3216 2216 interrogationem
3242 2142 3351 2198 hoc
3387 2141 3709 2214 legendum.

386 2233 597 2314 Ἀλλὀὺ
620 2255 696 2328 μὴ
713 2252 911 2317 αὐτοὺς
927 2245 1425 2322 ἀποκτείνῃς,ῶστε
1444 2245 1520 2317 μὴ
1536 2240 1888 2298 ἐπιλαθέσθαι
1906 2233 2000 2290 τοῦ

382 2355 555 2425 νόμον
584 2369 678 2404 σου
697 2367 712 2415 ;
734 2348 899 2411 ὥστε,
932 2345 1120 2417 φησὶν,
1143 2342 1270 2396 οὕτε
1286 2340 1377 2395 διά
1401 2340 1559 2395 τοῦτο
1583 2333 1695 2392 οἷόν
1717 2352 1775 2389 τε
1802 2334 2002 2397 αὑτοὺς

382 2423 649 2516 κερδᾶναι
678 2441 777 2513 τὴν
801 2439 1095 2511 τιμωρίαν.
1124 2437 1190 2489 Ὃ
1214 2435 1271 2489 δὲ
1287 2434 1437 2503 λέγει
1456 2429 1699 2485 τοιοῦτόν
1721 2431 1857 2483 ἐστι·
1886 2423 2003 2498 Πρὸ

384 2539 490 2610 τῆς
523 2535 620 2591 τοῦ
654 2532 929 2588 Δεσπότου
959 2526 1199 2603 Χριστοῦ
1231 2526 1536 2600 παρουσίας
1567 2523 1665 2597 τὴν
1691 2522 2002 2594 προσήκου-

387 2609 512 2698 σαν,
548 2630 646 2685 καὶ
696 2624 913 2681 τελείαν
958 2622 1142 2676 πίστιν
1184 2619 1316 2691 περὶ
1367 2617 1470 2688 τῆς
1514 2613 1866 2675 ἀναστάσεως
1901 2609 2005 2663 οὑκ

388 2726 635 2798 ἔχοντες,
665 2721 897 2796 ἡγοῦντο
933 2719 1059 2782 τοὺς
1092 2713 1462 2777 τελευτῶντας
1488 2709 1769 2773 παντελῶς
1799 2706 1894 2762 τοῦ
1924 2701 2003 2760 εἷ-

388 2839 480 2875 τιαι
512 2818 672 2881 ἐκτὸς
701 2812 972 2885 γίνεσθαι,
1017 2810 1113 2865 καὶ
1164 2809 1240 2882 μὴ
1292 2805 1554 2861 δύνασθαι
1602 2803 1761 2873 λόγον
1802 2800 1925 2855 τινὰ
1966 2798 2002 2872 ἢ

393 2914 620 2984 μνήμην
653 2905 791 2962 Θεοῦ
842 2905 987 2977 ἔχειν
1008 2922 1021 2936 ·
1052 2903 1144 2958 διά
1185 2899 1346 2956 τοῦτό
1375 2899 1511 2971 φησί
1556 2911 1687 2962 που,
1715 2894 1841 2949 Ὅτι
1891 2895 2007 2948 οὐκ

292 3046 295 3053 .
395 3003 566 3058 ἐστιν
616 3002 687 3055 ὲν
750 2996 833 3064 τῷ
884 2992 1124 3061 θανάτῳ
1181 2995 1215 3048 ό
1265 2991 1666 3063 μνημονεύων
1715 3002 1872 3043 σου’
1916 2985 2008 3040 καὶ

394 3094 655 3168 ἀλλαχοῦ,
685 3094 810 3163 Οὐχ
845 3093 901 3146 οἱ
943 3085 1145 3158 νεκροὶ
1190 3085 1485 3141 αὶνέσωσί
1524 3099 1620 3151 σε,
1656 3083 1854 3152 Κύριε.
1897 3080 2009 3135 Καὶ

390 3191 532 3247 ὅλως
565 3186 768 3259 πολλὴν
808 3185 956 3239 ἐστιν
991 3182 1171 3252 εὑρεῖν
1199 3178 1407 3245 ταύτην
1455 3178 1556 3249 τὴν
1599 3176 1793 3249 χρῆσιν
1833 3176 1891 3229 ἐν
1939 3172 2007 3244 τῇ

391 3282 617 3354 Παλαιᾷ
640 3278 906 3350 Διαθήκῃ.
939 3273 1161 3344 Ἐπειδὴ
1185 3270 1367 3325 τοίνυν
1396 3270 1474 3335 ὡς
1510 3268 1620 3325 τῶν
1646 3268 1743 3339 μὲν
1774 3264 2010 3320 ἐνταῦθα

390 3373 712 3450 ὑμνούντων
751 3370 842 3425 τὸν
880 3368 1034 3433 Θεὸν,
1058 3366 1167 3421 τῶν
1192 3366 1247 3420 δέ
1284 3366 1349 3419 ἐκ
1381 3362 1490 3417 τῶν
1519 3360 1613 3415 τοῦ
1646 3360 1764 3432 βίου
1790 3356 2011 3429 γινομέο

392 3449 524 3536 νων,
566 3465 689 3521 οὑδὲ
736 3459 1051 3537 μεμνῆσθαι
1097 3458 1178 3512 ἔτι
1232 3456 1327 3511 τοῦ
1373 3454 1510 3510 Θεοῦ
1544 3449 1655 3508 οἷόν
1697 3469 1755 3507 τε
1803 3451 2007 3517 ὅντων,

392 3561 555 3618 τοῦτό
594 3574 794 3632 φησιν’
844 3554 985 3609 Ἀλλ’
1028 3552 1129 3607 οὐκ
1180 3551 1502 3613 ἀποκτενεῖς
1549 3546 1770 3613 αὑτοὺς,
1818 3544 2007 3616 φησὶν,

395 3655 513 3711 ἀλλ’
540 3651 833 3725 ὑπερθήσῃ
858 3646 957 3719 τὴν
980 3646 1101 3699 κατ’
1128 3643 1308 3697 αὑτῶν
1342 3639 1635 3713 τιμωρίαν,
1666 3637 1742 3703 ὡς
1773 3637 1839 3693 ἂν
1872 3637 2010 3709 μήτε

394 3745 766 3809 ἀποθανόντες
800 3742 881 3805 εἰς
935 3738 1110 3811 λήθην
1157 3737 1258 3808 τῆς
1312 3735 1413 3805 σῆς
1463 3732 1671 3787 ἔλθοιεν
1699 3730 2008 3801 δυνάμεως.

410 3840 563 3894 Ἀντὶ
592 3835 719 3890 τοῦ·
754 3833 867 3903 Οὑχ
899 3827 1011 3885 οἷόν
1042 3847 1103 3883 τε
1147 3828 1273 3882 οὑδὲ
1312 3821 1588 3881 διὰλτοῦτο
1612 3821 2011 3879 ἀναϐάλλεσθαι

394 3936 499 4010 τὴν
532 3928 833 4003 τιμωρίαν·
869 3928 917 3979 εί
950 3925 1050 3997 μὲν
1076 3922 1187 3996 γὰρ
1231 3919 1544 3994 ἐμέμνηντό
1589 3935 1685 3974 σου
1718 3916 1819 3988 τῆς
1854 3915 2014 3970 δυνά-

400 4009 574 4102 μεως,
601 4024 695 4099 καὶ
722 4023 823 4095 τὴν
861 4019 1063 4090 γνῶσιν
1097 4012 1245 4088 εἶχον
1282 4016 1383 4087 τὴν
1429 4012 1551 4086 σὴν,
1595 4012 1691 4066 καὶ
1735 4011 1937 4083 ⁴ᾔδεσαν
1977 4009 2015 4065 ἆ

399 4098 683 4195 προσῆκον
720 4110 810 4187 ἦν,
860 4111 1010 4174 εἰκὸς
1053 4108 1143 4162 διὰ
1190 4104 1352 4160 τοῦτο
1403 4102 1719 4174 φείσασθαι,
1751 4101 1894 4155 ὥστε
1938 4098 2014 4172 μὴ

396 4192 784 4271 ἀποθανόντων
818 4205 918 4277 τὴν
956 4202 1055 4275 σὴν
1098 4196 1512 4271 περιαιρεθῆναι
1553 4196 1775 4267 μνήμην
1817 4192 1878 4259 ἐξ
1918 4193 2017 4248 αὑ-

396 4309 545 4363 τῶνο
589 4302 782 4373 ἐπειδὴ
819 4299 877 4353 δὲ
905 4294 1161 4352 τοσοῦτον
1206 4290 1478 4364 ἀπέχουσι
1525 4288 1620 4343 τοῦ
1656 4288 1893 4342 ἐνταῦθά
1920 4302 2014 4340 σου

403 4397 792 4476 μνημονεύειν,
820 4382 966 4447 ὥστε
996 4391 1075 4453 εἰς
1114 4387 1175 4441 τὸ
1204 4385 1446 4439 ἐναντίον
1473 4382 1691 4438 ἅπαντα
1728 4380 2012 4454 πράττειν,

399 4472 750 4554 καὶίήάδικεῖν
789 4489 864 4553 ὡς
911 4486 1011 4539 οὑκ
1054 4482 1207 4545 ὄντος
1254 4479 1350 4534 τοῦ
1407 4475 1717 4549 ἐφεστῶτος
1761 4473 1841 4545 τῷ
1877 4472 2012 4545 βίῳ·

400 4592 500 4647 καὶ
538 4584 909 4658 διακρίνοντος
957 4577 1026 4632 τά
1074 4571 1428 4647 πραττόμενα
1455 4610 1470 4635 ,
1527 4566 1756 4658 τοιαῦτα
1808 4565 1866 4620 δὲ
1924 4565 2020 4620 καὶ

400 4682 587 4753 λέγειν
627 4657 706 4742 ὡς
737 4672 916 4736 οὐδεὶς
945 4672 974 4724 ὁ
1004 4666 1240 4729 ἀκούων,
1273 4662 1307 4734 ἢ
1356 4660 1661 4733 φροντίζων
1690 4657 1801 4713 τῶν
1829 4672 2020 4727 γιγνο-

408 4748 609 4849 μένων.
663 4768 775 4825 Καὶ
830 4766 933 4820 οὑκ
986 4761 1196 4816 ἔνεστιν
1244 4758 1429 4811 ἐκεῖνα
1478 4751 1796 4824 λογίσασθαι
1837 4748 1872 4805 ἃ
1918 4748 2021 4819 τῆς

2105 2232 2279 2301 Quasi
2310 2235 2464 2292 dicat
2494 2254 2507 2290 :
2532 2235 2797 2309 Nunquid
2830 2238 3054 2293 occides
3102 2250 3220 2303 eos,
3260 2251 3329 2292 ne
3373 2236 3711 2292 obliviscan-

2106 2335 2197 2380 tur
2258 2327 2397 2400 legis
2438 2329 2581 2383 tuae?
2632 2330 2710 2384 ita
2770 2340 2864 2396 ut,
2914 2328 3120 2399 inquit,
3188 2342 3369 2399 neque
3413 2337 3711 2400 propterea

2107 2420 2324 2491 possint
2359 2421 2622 2494 supplicii
2657 2422 2879 2479 lucrum
2911 2421 3117 2478 facere.
3159 2419 3318 2488 Quod
3352 2429 3539 2478 autem
3578 2422 3713 2477 dicit

2105 2521 2191 2569 est
2240 2514 2562 2573 istiusmodi
2601 2517 2790 2573 :Ante
2837 2514 3048 2571 Christi
3104 2513 3323 2570 Domini
3386 2515 3711 2579 adventum,

2106 2621 2236 2662 cum
2261 2623 2373 2664 non
2401 2608 2677 2665 baberent
2711 2607 3018 2679 perfectam
3057 2605 3219 2663 ﬁdem
3255 2604 3711 2667 resurrectionis,

2105 2698 2500 2757 existimabant
2536 2701 2831 2759 defunctos
2864 2701 3089 2773 penitus
3135 2699 3460 2763 annihilari,
3511 2704 3568 2753 et
3602 2714 3714 2753 non

2106 2808 2276 2865 posse
2309 2796 2583 2850 rationem
2635 2794 2882 2866 aliquam
2937 2802 3034 2849 aut
3086 2792 3412 2849 memoriam
3460 2791 3554 2848 Dei
3610 2790 3715 2845 ha-

2108 2885 2279 2955 bere;
2311 2886 2526 2943 idcirco
2555 2886 2690 2943 alibi
2723 2887 2879 2953 dicit,
2908 2886 3180 2955 Quoniam
3206 2902 3311 2940 non
3351 2894 3432 2940 est
3464 2885 3520 2939 in
3544 2894 3717 2940 morte

2109 2979 2200 3051 qui
2240 2996 2443 3035 memor
2476 2984 2547 3035 sit
2591 2980 2670 3035 tui
2701 2979 2882 3038 (Psal.
2912 2996 2989 3046 vi,
3020 2979 3108 3052 6);
3136 2986 3212 3036 »ει
3265 2979 3379 3034 alio
3408 2979 3551 3041 loco,
3589 2975 3716 3030 Non

2110 3075 2314 3129 mortui
2354 3074 2653 3129 laudabunt
2695 3083 2765 3140 te,
2794 3074 3021 3130 Domine
3064 3072 3242 3145 (Psal.
3300 3087 3458 3135 cun,
3489 3070 3601 3140 l7).
3648 3067 3719 3124 Ει

2112 3169 2344 3223 omnino
2391 3165 2745 3237 frequentem
2790 3167 2847 3222 in
2884 3165 3069 3223 Veteri
3116 3164 3476 3222 Testamento
3524 3163 3720 3218 istius-

2112 3259 2263 3314 modi
2310 3276 2473 3317 usum
2509 3260 2776 3333 loquendi
2826 3261 3078 3333 reperire
3124 3259 3276 3314 licet.
3319 3256 3489 3325 Quasi
3533 3257 3721 3328 itaque

2112 3353 2193 3408 illi
2240 3354 2336 3425 qui
2378 3354 2470 3410 hic
2522 3363 2655 3413 sunt
2689 3353 2866 3410 Deum
2916 3352 3233 3416 laudarent,
3278 3351 3334 3409 hi
3375 3365 3513 3406 vero
3551 3350 3647 3422 qui
3689 3364 3722 3406 e

2114 3446 2260 3503 vivis
2309 3434 2678 3503 excesserunt
2726 3464 2795 3505 ne
2844 3446 3173 3503 memoriam
3206 3444 3431 3514 quidem
3470 3443 3563 3498 Dei
3602 3458 3722 3497 am-

2114 3539 2261 3611 plius
2291 3539 2501 3597 habere
2522 3548 2776 3611 possent,
2810 3538 2917 3594 hoc
2946 3537 3084 3593 dicit
3118 3557 3128 3591 :
3170 3533 3279 3592 Sed
3314 3550 3426 3591 non
3470 3534 3721 3599 occides,

2114 3630 2319 3701 inquit,
2372 3646 2493 3697 eos,
2526 3646 2719 3688 verum
2761 3629 2986 3686 dilTeres
3015 3626 3356 3701 supplicium
3400 3641 3620 3693 eorum,
3652 3640 3725 3683 ne
3827 3697 3835 3708 ι

2114 3724 2376 3781 videlicet
2422 3724 2730 3781 morientes
2765 3725 2821 3779 in
2871 3723 3211 3779 oblivionem
3253 3721 3484 3776 veniant
3526 3725 3726 3791 poten—

2116 3816 2207 3872 tiae
2246 3824 2379 3871 tuae.
2441 3815 2614 3884 Quasi
2673 3813 3090 3887 dicatzNeque
3153 3828 3252 3886 per
3307 3812 3414 3870 hoc
3463 3819 3727 3884 poterunt

2116 3910 2355 3968 evadere
2384 3910 2723 3982 supplicium
2753 3928 2766 3965 :
2801 3924 2931 3964 nam
2973 3908 3020 3965 si
3047 3907 3273 3965 virtutis
3309 3914 3419 3961 tua:
3452 3918 3726 3960 memores

2121 4003 2351 4069 fuerint,
2405 4013 2460 4059 ct
2514 4003 2769 4058 notitiam
2821 4009 2977 4057 tuam
3022 3999 3344 4064 habuerint,
3391 4006 3447 4055 et
3496 4012 3560 4054 ea
3605 4011 3729 4069 qua:

2118 4098 2537 4155 conveniebant
2572 4095 2966 4169 cognoverint,
3001 4109 3102 4167 par
3127 4101 3214 4151 est
3257 4100 3312 4147 ut
3343 4091 3558 4147 idcirco
3598 4104 3730 4161 par-

2119 4201 2283 4247 catur
2327 4192 2420 4260 iis,
2464 4208 2533 4248 ne
2580 4192 2721 4263 ipsis
2780 4189 3150 4246 morientibus
3197 4186 3466 4243 memoria
3520 4192 3617 4240 tua
3660 4183 3729 4240 ab

2121 4285 2235 4341 illis
2265 4284 2596 4341 auferatur:
2630 4298 2827 4340 verum
2874 4297 3005 4337 cum
3040 4288 3260 4336 tantum
3295 4278 3483 4336 absint
3532 4292 3564 4332 a
3612 4291 3732 4333 me-

2120 4376 2298 4432 moria
2331 4383 2427 4431 tua
2472 4374 2565 4429 hic
2601 4372 2923 4437 recolenda,
2962 4378 3024 4425 ut
3068 4386 3101 4425 e
3129 4369 3355 4425 diverso
3405 4376 3606 4425 cuncta
3654 4365 3732 4423 fa-

2121 4472 2275 4527 ciant
2307 4478 2419 4526 tam
2460 4468 2673 4540 inique,
2720 4481 2786 4522 ac
2825 4465 2874 4523 si
2921 4478 3088 4520 nemo
3130 4463 3258 4517 huic
3286 4462 3415 4535 vita:
3440 4471 3728 4532 praeesset,

2120 4573 2177 4621 et
2204 4580 2268 4620 ea
2303 4579 2428 4636 quas
2474 4568 2749 4635 geruntur
2784 4557 3153 4630 dijudicaret;
3207 4553 3343 4626 quin
3391 4554 3558 4609 etiam
3596 4550 3732 4607 talia

2123 4657 2339 4723 dicant,
2387 4671 2452 4712 ac
2497 4656 2545 4711 si
2597 4668 2764 4711 nemo
2813 4651 3056 4715 audiret,
3106 4654 3201 4703 aut
3232 4654 3459 4703 curaret
3511 4661 3574 4702 ea
3607 4660 3732 4717 qu'a

2126 4751 2287 4809 ﬁunt.
2343 4748 2534 4821 Neque
2568 4747 2739 4804 etiam
2792 4745 2887 4801 illa
2941 4744 3071 4799 licet
3101 4740 3352 4815 cogitare
3392 4755 3517 4813 quae
3562 4739 3733 4795 sortis

406 4831 697 4943 ἑελτίστης
732 4862 842 4919 είσὶ
886 4857 1082 4932 μοίρας
1129 4853 1222 4909 καὶ
1255 4850 1357 4922 τῆς
1390 4847 1702 4943 κρείττονος
1737 4844 1877 4943 ,περὶ
1923 4841 2008 4943 eoi

2126 4852 2256 4901 sunt
2306 4841 2532 4914 optimm
2586 4845 2642 4895 et
2688 4836 2935 4894 sanioris
2991 4834 3144 4890 circa
3195 4841 3251 4890 te
3308 4831 3616 4903 opinionis,
3664 4845 3735 4887 ne

404 4936 754 5035 ὑπολήψεως,
785 4955 861 5019 ῶς
900 4951 976 5023 μὴ
1015 4948 1154 5020 λήθῃ
1191 4945 1487 5017 παραδοῖεν
1517 4940 1587 4995 τὰ
1620 4937 1764 4993 κατὰ
1802 4937 1883 5000 σὲ,
1921 4936 2019 4989 θα-

401 5029 663 5127 vitm-ire
715 5051 836 5122 ἅμα
876 5041 1194 5118 τιμωρῆσαι
1244 5037 1339 5092 καὶ
1395 5033 1668 5097 ποικίλαις
1719 5029 2023 5096 κακώσεσι,

402 5151 502 5207 καὶ
525 5123 762 5207 ταύταις
798 5138 1000 5214 μᾶλλον
1038 5135 1073 5208 ἦ
1103 5133 1181 5204 τῷ
1222 5130 1440 5200 θανάτῳ
1471 5126 1783 5181 ὑποϐαλεῖν.
1820 5123 1881 5178 ’0
1914 5123 2024 5196 γὰρ

404 5238 801 5318 παρελκυσμὺς
866 5233 976 5289 τῶν
1028 5225 1219 5283 δεινῶν
1278 5224 1589 5296 ὑπόμνησιν
1647 5220 1868 5291 ἐμποιεῖ
1918 5218 2026 5271 τῶν

403 5314 719 5413 ἁμαρτιῶν.
746 5330 859 5387 Καὶ
892 5327 1051 5383 τοῦτο
1081 5322 1141 5378 δέ
1172 5318 1424 5394 βούλεται
1455 5316 1544 5372 διὰ
1575 5314 1795 5369 πάντων
1825 5314 2023 5377 εἰπεῖν,

401 5405 492 5490 ὅτι
529 5405 687 5486 οὐδὲν
716 5424 903 5488 αὐτοῖς
942 5418 1241 5492 πρόσεστιν
1269 5411 1439 5478 ἄξιον,
1470 5408 1564 5464 τοῦ
1595 5405 1814 5479 φειδοῦς
1841 5409 2027 5477 τυχεῖν

403 5542 576 5590 τινος.

484 5618 638 5688 Στίχ.
658 5619 824 5684 ιγ⁹.-
840 5604 1062 5677 Ἐπειδὴ
1079 5603 1153 5665 ,τὰ
1169 5599 1477 5672 γιγνόμενα
1497 5595 1718 5658 πάντως
1736 5590 1830 5688 καὶ
1848 5591 2029 5658 ἀπαγ-

404 5682 718 5784 γέλλονται,
762 5701 1026 5763 πολλάκις
1056 5694 1179 5750 ἀντὶ
1208 5691 1304 5747 τοῦ
1344 5688 1673 5761 γιγνομένου
1708 5682 1807 5756 τὴν
1848 5685 2023 5750 ἐπαγ-

407 5777 607 5881 γελίαν
644 5801 819 5872 λέγει.
882 5797 973 5861 Ὠς
1011 5791 1109 5846 τόο
1178 5783 1509 5850 Ἀκουτιεὶς
1531 5798 1611 5852 με
1650 5777 2025 5849 ἁγαλλιάσιν

410 5870 518 5958 παὶ
550 5870 948 5968 εὐφροσύνην
972 5904 986 5917 ·
1020 5886 1143 5942 ἀντί
1170 5880 1265 5937 τοῦ
1291 5919 1306 5943 ,
1340 5875 1609 5950 Παρέξεις
1644 5888 1734 5946 μοι
1766 5870 1982 5968 πάντως
2007 5884 2021 5899 ο

412 5994 481 6049 τὺ
528 5961 644 6065 γὰρ
665 5961 1037 6060 -γιγνόμενον,
1101 5974 1265 6031 τοῦτο
1321 5970 1417 6026 καὶ
1474 5968 1752 6024 ἀκουτιεῐν
1808 5961 2024 6033 ἔμελλε.

759 6081 1039 6173 Parum"
1084 6072 1207 6136 Gn.
1241 6063 1467 6131 LXVI.

2125 4935 2393 4994 oblivioni
2445 4934 2665 4988 tradant
2718 4946 2782 4989 ea
2816 4946 2943 5004 quae
2990 4927 3061 4985 ad
3115 4938 3169 4985 te
3222 4932 3500 4999 spectant,
3552 4933 3733 4981 morte

2127 5031 2296 5088 simul
2332 5042 2399 5085 ac
2427 5027 2670 5085 diversis
2719 5026 2882 5083 malis
2908 5026 3063 5096 ipsos
3099 5023 3257 5095 puni,
3293 5031 3457 5092 atque
3504 5018 3594 5076 his
3631 5034 3766 5096 μοι,

2127 5124 2239 5179 tius
2283 5136 2451 5193 quam
2496 5118 2663 5176 morti
2718 5094 3114 5190 subiiciantur.
3161 5111 3404 5170 Tractus
3457 5094 3770 5183 siquidemi

2130 5214 2516 5272 molestiarum
2567 5211 2893 5269 memoriam
2943 5208 3174 5266 reiricat
3210 5213 3591 5279 peccatorum.
3642 5202 3774 5279 At-i

2130 5270 2240 5378 que
2262 5270 2381 5360 hoc
2402 5320 2501 5377 per
2528 5303 2717 5360 omnia
2744 5302 2866 5357 vult
2899 5300 3109 5363 dicere,
3141 5270 3291 5369 quod
3324 5294 3464 5351 nihil
3506 5293 3562 5349 in
3598 5292 3741 5365 ipsis
3772 5270 3780 5289 ’

2129 5401 2207 5457 sit
2236 5400 2385 5472 quod
2414 5399 2658 5470 aliquam
2695 5391 3099 5465 indulgentiam
3127 5397 3429 5445 mereatur.
3486 5414 3491 5419 ι

2198 5582 2370 5639 Vens.
2430 5575 2932 5646 iii—Quoniam
2991 5588 3057 5631 ea
3119 5586 3245 5645 quas
3303 5569 3444 5625 fiunt
3510 5563 3742 5622 omnino

2126 5677 2294 5733 etiam
2332 5671 2761 5737 annuntiantur,
2820 5665 3147 5737 frequenter
3180 5678 3283 5737 pro
3314 5660 3465 5717 facto
3517 5672 3743 5714 annun-

2135 5767 2425 5822 tiationem
2462 5763 2616 5819 dicit.
2656 5755 2729 5818 νζ
2754 5776 2809 5833 g.
2845 5758 3048 5813 Audire
3095 5774 3178 5812 me
3213 5755 3378 5827 [acia
3425 5749 3745 5807 exsultatio-

2135 5880 2254 5919 nem
2305 5870 2356 5915 et
2404 5860 2649 5916 Iwzitinm
2702 5854 2880 5928 (Psal.
2933 5852 3156 5924 ιι,10);
3205 5849 3260 5907 id
3314 5856 3422 5915 est,
3470 5842 3745 5919 praebebis

2138 5955 2370 6015 omnino
2417 5954 2550 6012 mihi
2586 5972 2598 6007 :
2636 5967 2764 6010 nam
2816 5950 2868 6009 id
2902 5948 3052 6024 quod
3102 5945 3296 6014 iiebat,
3331 5942 3577 5999 futurum
3623 5938 3745 5994 erat

3325 6035 3408 6099 22
