4162 6496
494 425 598 478 683
1655 423 2005 481 THEODORI
2040 420 2525 480 MOPSLTESTENI
3662 429 3766 484 68L

495 559 553 602 ut.
586 545 768 602 audiri
806 544 1039 600 faceret.
1078 544 1192 601 Hoc
1219 547 1342 601 loco
1382 547 1550 617 igitur
1583 549 1748 604 etiam
1785 547 1940 611 illud,
1967 547 2074 600 An-

2179 547 2478 602 Κάνταῦθα
2519 541 2612 600 οῦν
2645 545 2724 612 τὸ,
2763 547 3270 617 Δίαγγελήσονται
3303 547 3371 601 ἐν
3407 550 3765 616 συντελείᾳ,

491 637 879 693 nuntiabuntur
909 638 962 691 in
986 637 1462 702 consummatione,
1493 637 1546 691 id
1577 646 1662 694 est
1692 648 1878 693 erunt.
1907 637 2074 693 Exse-

2183 639 2306 693 ἀντὶ
2335 639 2428 692 τοῦ
2462 640 2737 694 Ἔσονται.
2757 639 2811 690 Ἀ
2823 639 2920 709 ράν
2947 639 3004 691 δὲ
3033 639 3124 692 καὶ
3143 638 3337 708 ψεῦδος
3357 639 3516 693 καλεῖ
3542 639 3610 693 τά
3638 637 3770 712 παρ’

493 731 794 785 orationem
835 745 968 784 vero
1024 738 1079 783 et
1131 728 1478 784 mendacium
1526 738 1688 786 vocat
1729 746 1792 786 ea
1847 746 1972 800 qua:
2011 731 2074 784 ab

2182 731 2407 784 ἐκείνων
2439 730 2739 801 γιγνόμενα
2760 769 2776 795 ,
2807 729 2884 794 ὠς
2919 729 3150 799 ψεύδους
3191 729 3365 802 μεστὰ
3391 728 3487 784 καὶ
3520 732 3768 804 κατάρας

494 823 630 894 ipsis
683 824 905 884 ﬁebant,
943 827 1134 890 utpote
1182 821 1454 875 mendacii
1498 821 1662 892 plena
1714 832 1882 892 atque
1923 837 2081 877 exse-

491 915 739 968 (‘ratione
767 913 953 983 digna.
990 911 1067 964 Ex
1098 910 1184 965 his
1221 911 1410 982 igitur,
1452 911 1655 981 inquit,
1689 929 1810 982 quae
1841 913 2075 979 faciunt,

489 1023 557 1061 ex
603 1004 802 1060 iisdem
838 1003 1399 1068 consummabuntur,
1445 1012 1500 1058 et
1531 1006 1835 1061 morientur
1865 1023 1880 1060 :
1909 1005 2080 1077 siqui-

491 1099 618 1153 dem
665 1097 780 1151 haec
835 1095 971 1165 ipsis
1027 1109 1196 1150 causa
1247 1104 1411 1150 erunt
1451 1096 1957 1152 consummationis
2013 1111 2077 1152 ac

493 1188 708 1243 mortis.
752 1185 1061 1254 Utrobique
1111 1193 1293 1239 autem
1353 1185 1461 1240 sibi
1511 1187 1618 1256 ipsi
1667 1196 1960 1254 consonat,
2010 1203 2073 1243 ex

491 1277 741 1332 moribus
771 1273 922 1344 ipsos
946 1272 1144 1343 majori
1169 1273 1443 1342 supplicio
1471 1275 1670 1344 dignos
1697 1275 2078 1332 demonstrare

493 1370 716 1434 volens;
761 1368 841 1422 sic
875 1365 1021 1420 enim
1075 1366 1152 1418 ait
1185 1383 1198 1418 :
1229 1365 1345 1420 Non
1381 1365 1508 1421 licet
1544 1363 1678 1437 ipsis
1711 1383 1742 1422 a
1779 1376 1832 1424 te
1864 1369 2078 1440 suppli-

491 1461 563 1516 cii
600 1461 813 1515 lucrum
849 1459 1052 1523 facere,
1103 1459 1265 1529 quasi
1298 1460 1374 1514 tui
1427 1475 1704 1518 memores
1741 1471 1949 1528 essent,
1981 1471 2076 1518 aut

491 1565 546 1609 te
595 1561 996 1624 cognoscerent
1025 1550 1341 1622 :‘qnoniam
1386 1552 1489 1607 hoc
1536 1554 1658 1623 ipso
1698 1555 1883 1624 potius
1915 1569 2076 1626 poma

491 1647 641 1715 digni
665 1651 956 1715 apparent,
994 1652 1225 1714 prepter
1256 1659 1319 1698 ea
1366 1661 1487 1715 quae
1514 1646 1707 1701 dicunt
1737 1657 1787 1702 et
1817 1647 2028 1702 faciunt
2057 1668 2071 1704 :

491 1739 605 1792 haec
647 1739 796 1790 enim
848 1734 1086 1790 maxime
1132 1737 1509 1791 necessarium
1561 1737 1697 1808 ipsis
1746 1739 2074 1808 supplicium

491 1828 766 1896 alierum;
799 1827 1044 1898 quinimo
1074 1826 1242 1882 etiam
1269 1829 1818 1887 consummationem.

2182 821 2329 885 ἀξια.
2393 822 2526 875 Ἀπὸ
2580 822 2761 875 τοίνυν
2809 820 3036 889 τούτων,
3071 823 3256 892 φησὶν,
3289 816 3366 876 ὧν
3404 823 3766 893 πράττουσιν,

2181 915 2289 967 ἀπὸ
2337 913 2543 969 τούτων
2583 914 3133 987 συντελεσθήσονται,
3177 916 3269 970 καὶ
3316 915 3764 970 ἀποθανοῦνται·

2179 1005 2354 1060 ταῦτα
2390 1006 2499 1077 γάρ
2543 1006 2726 1070 αὐτοῖς
2763 1007 2863 1078 τῆς
2901 1006 3213 1070 συντελείας
3243 1006 3397 1082 ἔσται
3426 1007 3638 1061 καὶτοῦ
3665 1007 3765 1061 θα-

2180 1099 2340 1154 νάτου
2375 1100 2442 1153 τά
2471 1100 2642 1154 αῐτια.
2672 1101 2749 1154 Δι’
2779 1101 2899 1154 ὅλου
2934 1102 2992 1155 δέ
3024 1103 3204 1174 ἑαυτῷ
3235 1103 3625 1174 ἠκολούθησεν,
3655 1103 3765 1157 ἀπὸ

2178 1189 2274 1243 τοῦ
2308 1191 2532 1261 τρόπου,
2556 1192 2801 1262 μείζονος
2831 1193 3032 1258 αὐτοὺς
3064 1193 3338 1265 τιμωρίας
3375 1193 3561 1258 ἀξίους
3590 1192 3764 1257 δεῖξαι

2182 1279 2526 1352 βουλόμενος.
2565 1282 2724 1336 Οὕτω
2767 1284 2876 1355 γάρ
2911 1301 3078 1354 φησιν
3100 1299 3114 1313 °
3167 1285 3282 1338 Οὐκ
3317 1284 3526 1339 ἔνεστιν
3561 1286 3764 1348 αὐτοὺς

2179 1372 2438 1444 κερδάναι
2481 1374 2581 1445 τὴν
2622 1373 2775 1446 παρὰ
2805 1374 2900 1427 σοῦ
2945 1376 3237 1447 τιμωρίαν,
3275 1376 3351 1440 ὡς
3378 1378 3763 1448 μεμνημένους

2181 1484 2296 1529 σου,
2325 1466 2358 1538 ἢ
2392 1467 2600 1530 είδότας
2622 1484 2682 1520 σε
2704 1485 2718 1498 ο
2744 1469 2827 1522 ὃτι
2850 1468 2896 1522 δ’
2917 1469 3048 1522 αὐτὸ
3076 1469 3232 1522 τοῦτο
3255 1471 3453 1540 μᾶλλον
3481 1471 3620 1536 ἄξιοι
3644 1469 3762 1539 φαί-

2179 1576 2358 1614 νονται
2408 1561 2713 1631 τιμωρίας,
2750 1561 2842 1630 ἀφ’
2886 1554 2961 1615 ὧν
3004 1561 3223 1631 λέγουσί
3270 1580 3328 1615 τε
3378 1564 3472 1618 καὶ
3506 1562 3757 1616 ποιοῦσιο

2175 1650 2352 1704 ταῦτα
2403 1651 2510 1724 γὰρ
2564 1652 2800 1724 μάλιστα
2849 1655 3156 1723 ἀναγκαίαν
3195 1655 3376 1719 αὐτοῖς
3421 1656 3618 1725 ἐπάγει
3660 1655 3761 1728 τὴν

2176 1743 2448 1814 τιμωρίαν
2472 1761 2485 1774 ·
2521 1743 2603 1798 ἐτι
2636 1744 2692 1798 δὲ
2723 1746 2818 1798 καὶ
2851 1746 2950 1806 τὴν
2991 1746 3329 1801 συντέλειαν.

566 1919 732 1975 Vsus.
768 1921 854 1974 14.
878 1951 939 1963 -—
968 1918 1034 1972 Et
1064 1919 1324 1990 quoniam
1355 1936 1498 1991 szepe
1529 1923 1691 1978 nobis
1717 1922 2074 1993 exprobrant,

2250 1923 2401 1994 Στίχ.
2435 1923 2514 1978 ιδ’.
2548 1954 2614 1967 -
2643 1925 2756 1978 Καὶ
2784 1925 2972 1997 ἐπειδὴ
3015 1925 3274 1990 πολλάκις
3310 1928 3443 1997 ἡμῖν
3468 1927 3757 1990 ὀνειδίζου·

493 2017 638 2089 quod
675 2015 999 2087 praefectura
1041 2023 1133 2068 tua
1185 2014 1409 2067 minime
1454 2013 1604 2084 digni
1651 2015 1824 2069 habiti
1871 2015 2070 2077 simus,

488 2119 544 2165 et
576 2109 784 2165 idcirco
813 2107 1049 2162 maxime
1072 2105 1392 2161 indecenter
1415 2106 1683 2162 adversus
1723 2121 1825 2161 nos
1858 2106 2076 2162 insidiis

491 2204 575 2258 nsi
613 2209 781 2268 sunt;
808 2217 875 2255 ex
925 2198 1198 2270 supplicio
1225 2200 1346 2269 ipso
1385 2207 1740 2270 cognoscent,
1787 2198 1932 2269 quod
1965 2214 2074 2252 non

489 2296 668 2350 solum
725 2303 930 2356 noster,
987 2292 1082 2346 sed
1135 2293 1410 2346 universae
1451 2306 1669 2361 quoque
1717 2300 1876 2346 terrae
1909 2291 2076 2348 herus

489 2389 567 2442 sis
600 2401 663 2440 ac
695 2384 957 2440 Dominus
985 2403 996 2438 :
1036 2392 1263 2453 propter
1295 2384 1396 2438 hoc
1427 2383 1646 2438 vindica
1684 2399 1784 2439 nos
1808 2391 2073 2452 quantum

489 2479 756 2544 volueris,
800 2493 896 2534 eos
926 2477 1017 2548 qui
1053 2477 1311 2547 injuriam
1345 2477 1507 2532 nobis
1533 2475 1744 2530 faciunt
1775 2474 2071 2544 puniendo.

489 2571 773 2643 Expressit
794 2553 981 2624 autem
1013 2576 1186 2622 totum
1220 2579 1628 2638 consequenter
1658 2568 1723 2621 ad
1753 2568 1858 2622 ista
1881 2567 2070 2631 verba,

491 2664 576 2718 Ne
613 2662 824 2717 occidas
876 2677 964 2715 eos
994 2677 1010 2714 :
1045 2658 1243 2714 deinde
1292 2675 1355 2715 ex
1410 2657 1791 2728 superioribus
1842 2655 2075 2713 resumit

490 2763 685 2810 contra
725 2753 848 2807 illos
881 2751 1340 2814 exsecrationem,
1383 2759 1434 2804 et
1470 2750 1545 2802 ait
1575 2769 1588 2804 :

561 2845 731 2901 Vsus.
767 2844 854 2899 l5.
880 2874 944 2882 —
973 2841 1029 2896 ιιι
1062 2840 1211 2912 quod
1238 2840 1492 2910 superius
1526 2839 1662 2909 ipsis
1690 2838 2075 2909 exprobrando

489 2939 726 3002 dixerat,
762 2935 865 2989 hoc
894 2934 1058 2989 etiam
1107 2931 1197 2985 hic
1239 2931 1571 2985 resutnendo
1599 2930 1754 2992 dicit,
1787 2937 2074 2999 postquam

489 3031 638 3099 ipsos
663 3025 941 3096 supplicio
969 3024 1166 3094 dignos
1190 3037 1312 3077 esse
1341 3021 1835 3076 demonstraverat.
1864 3019 2073 3090 Itaque,

492 3119 694 3190 inquit,
726 3115 986 3188 quoniam
1041 3114 1268 3168 minime
1316 3113 1442 3168 licet
1488 3112 1622 3183 ipsis
1660 3126 1911 3182 parcere,
1947 3119 2074 3167 tan-

489 3227 656 3282 quam
694 3223 842 3263 nunc
875 3207 1098 3277 quidem
1153 3214 1204 3258 te
1246 3203 1591 3271 curantibus,
1627 3202 1744 3265 sed.
1781 3203 1826 3260 si
1870 3203 2074 3258 mortui

2180 2027 2285 2078 σιν,
2322 2012 2398 2075 ὡς
2451 2013 2551 2083 τῆς
2599 2013 2752 2085 παρὰ
2805 2015 2898 2066 σοῦ
2945 2015 3279 2086 προστασίας
3318 2017 3416 2068 οὐκ
3455 2015 3757 2080 ἀξιωθεῖσι,

2177 2104 2272 2156 καὶ
2316 2101 2405 2156 διὰ
2434 2103 2593 2157 τοῦτο
2639 2105 2876 2174 μάλιστα
2911 2105 3228 2177 ἀδεέστερον
3271 2109 3391 2169 ταῖς
3422 2106 3546 2159 καθ’
3599 2105 3763 2176 ἡμῶν

2176 2194 2487 2259 ἐπιϐουλαῖς
2526 2195 2766 2267 ἐχρῶντο
2792 2213 2804 2226 ·
2850 2195 2938 2249 διὰ
2980 2198 3079 2267 τῆς
3125 2197 3392 2267 τιμωρίας
3421 2196 3757 2266 γνώσονται.

2175 2286 2255 2338 ὅτι
2293 2286 2558 2357 δεσπότης
2587 2305 2646 2340 τε
2701 2287 2796 2340 καὶ
2825 2287 3028 2360 Κύριος
3080 2288 3178 2358 οὐχ
3211 2288 3366 2359 ἡμῶν
3411 2287 3590 2356 μόνον.
3621 2285 3762 2343 ἀλλὰ

2177 2378 2286 2450 γὰρ
2315 2379 2411 2433 καὶ
2451 2379 2634 2450 πάσης
2661 2380 2761 2449 τῆς
2791 2383 2895 2448 γῆς
2926 2394 2942 2412 ο
2975 2379 3064 2433 διὰ
3096 2377 3254 2432 τοῦτο
3282 2382 3414 2450 ἡμῖν
3458 2378 3756 2450 ἐπάμυνον,

2175 2473 2302 2535 τοὺς
2341 2470 2664 2536 ἀδικοῦντας
2697 2471 3114 2544 τιμωρούμενος
3163 2472 3265 2525 ὅσα
3315 2471 3543 2536 ἐθέλεις.
3599 2469 3760 2524 Ἀπέ-

2174 2562 2315 2616 δωκε
2346 2564 2401 2616 δὲ
2426 2564 2484 2618 τὸ
2517 2567 2625 2618 πᾶν
2647 2563 2790 2618 κατά
2818 2563 3159 2627 ἀκολουθίαν,
3190 2563 3251 2616 τὸ
3277 2563 3372 2632 Μὴ
3396 2563 3760 2632 ἀποκτείνῃς

2176 2653 2430 2717 αὐτούς·
2463 2650 2582 2706 εἶτα
2627 2652 2999 2724 ἀναλαμϐάνει
3037 2652 3243 2707 ἀνωθεν
3285 2653 3386 2723 τὴν
3428 2655 3547 2707 κατ’
3579 2651 3758 2707 αὐτῶν

2176 2744 2444 2814 κατάραν,
2478 2744 2571 2798 καί
2602 2761 2790 2815 φησιν⁹

2186 2845 2190 2850 ’
2248 2834 2401 2905 Στίχ.
2435 2833 2590 2888 ιε’.-
2618 2834 2796 2912 Ὅπερ
2823 2836 2934 2890 ἄνω
2962 2831 3114 2889 εἶπεν
3144 2837 3502 2908 ἐπαρώμενος
3532 2837 3714 2901 αὐτοῖς
3735 2877 3752 2903 ,

2174 2923 2334 2978 τοῦτο
2366 2922 2647 2978 κάνταῦθα
2672 2924 3072 2996 ἀναλαμϐάνων
3100 2925 3249 2993 λέγει
3274 2967 3288 2990 ,
3331 2925 3468 2996 μετά
3493 2926 3555 2979 τὸ
3582 2926 3753 2990 δεῖξαι

2177 3016 2375 3079 αὐτοὺς
2404 3016 2590 3082 ἀξίους
2632 3015 2793 3080 ὄντας
2819 3014 2920 3086 τῆς
2962 3018 3251 3088 τιμωρίας.
3303 3017 3534 3081 Οὐκοῦν,
3569 3019 3755 3088 φησὶν,

2177 3107 2363 3180 ἐπειδὴ
2394 3109 2490 3162 καὶ
2525 3108 2813 3178 φείσασθαι
2836 3108 3018 3161 αὐτῶν
3039 3109 3138 3179 οὐχ
3189 3103 3302 3162 οἷόν
3325 3125 3405 3173 τε,
3430 3109 3504 3172 ὡς
3525 3109 3621 3162 νῦν
3655 3108 3757 3179 μέν

2180 3216 2275 3253 σου
2307 3201 2723 3272 φροντιζόντων,
2750 3203 3160 3275 ἐπιλησομένων
3192 3202 3249 3255 δὲ
3288 3203 3336 3255 εί
3388 3201 3713 3256 ἀποθάνοιεν
3734 3217 3748 3229 ·

491 3303 722 3366 fuerint,
769 3297 1035 3354 oblivioni
1075 3305 1130 3352 te
1175 3295 1497 3363 tradituris;
1549 3311 1579 3350 e
1629 3303 1825 3350 contra
1865 3296 2074 3365 utique,

2179 3294 2487 3348 τούναντίον
2503 3294 2566 3366 δὴ
2588 3294 2903 3366 ἀγνώμονες
2932 3295 3105 3361 ὄντες,
3138 3295 3245 3348 ἀπὸ
3277 3294 3374 3364 τῆς
3399 3293 3666 3364 τιμωρίας
3696 3292 3757 3346 τὸ

491 3407 615 3444 cum
651 3389 850 3460 ingrati
890 3388 1022 3452 sint,
1055 3404 1118 3443 ex
1152 3387 1425 3458 supplicio
1457 3386 1701 3441 debitum
1733 3393 2072 3455 agnoscent:

487 3482 856 3552 justissitnam
885 3479 1054 3550 igitur
1079 3493 1299 3548 poenam
1333 3477 1586 3542 subeant,
1610 3484 1663 3531 et
1688 3475 1955 3546 supplicio
1982 3483 2076 3528 tuo

495 3573 706 3643 rejecti,
752 3571 965 3626 ululent
1003 3572 1178 3626 instar
1243 3583 1442 3622 canum
1490 3566 1668 3622 noctis
1701 3573 1950 3635 tempore
1981 3579 2077 3635 per

491 3665 768 3722 civitatem
800 3660 1350 3734 circumvagantiutn.

1009 3747 1337 3806 PSALMUS
1392 3747 1532 3804 LIX.

565 3844 734 3900 Vsus.
783 3846 836 3899 '5.
889 3873 960 3885 ——
985 3843 1254 3898 Cmterum
1290 3841 1336 3896 si
1352 3841 1534 3894 .etiatn
1571 3839 1686 3894 haec
1725 3840 1838 3909 pati
1869 3837 2076 3909 permi-

493 3941 640 4004 sisti,
687 3937 1117 4007 haudquaquam
1151 3943 1302 3990 certe
1347 3933 1505 3988 malis
1547 3932 1827 3986 immorari
1872 3929 2076 4000 permi-

493 4031 640 4095 sisti,
669 4027 1144 4102 promptissimam
1179 4026 1340 4081 nobis
1367 4024 1716 4079 clementiam
1749 4031 1896 4078 tuam
1924 4020 2078 4076 exhi-

495 4125 651 4180 bens.

567 4213 733 4270 Vens.
795 4214 850 4268 4.
885 4244 959 4258 -ν-
999 4211 1102 4278 Qui
1166 4211 1334 4265 rebus
1388 4205 1769 4263 materialihus
1827 4204 2075 4260 adhaere-

493 4313 679 4372 scunt,
726 4310 781 4359 et
827 4311 1046 4358 terrena
1086 4302 1329 4372 sapiunt,
1383 4314 1509 4354 cum
1553 4297 1664 4352 illis
1706 4295 2072 4362 delectentur,

489 4413 558 4452 eo
592 4397 740 4468 quod
772 4397 840 4451 iis
881 4393 1216 4458 adiciantur,
1249 4393 1568 4448 existimant
1622 4406 1681 4446 se
1716 4390 2074 4447 stabilitatem

490 4495 547 4542 et
595 4485 1141 4558 imperturbationem
1191 4483 1442 4539 obtinere
1477 4501 1490 4537 :
1523 4496 1714 4535 verum
1759 4479 2074 4536 istiusmodi

2177 3385 2294 3440 δέον
2325 3385 2718 3453 ἐπιγνώσονται
2747 3402 2760 3416 ’
2811 3387 3155 3457 δικαιοτάτην
3201 3381 3294 3439 οὖν
3325 3385 3593 3456 τιμωρίαν
3621 3387 3754 3438 ὑπο-

2181 3479 2544 3549 μεινάτωσαν,
2580 3479 2674 3531 καὶ
2707 3480 2773 3547 τῇ
2813 3477 2967 3548 παρά
3012 3478 3103 3530 σοῦ
3147 3477 3386 3548 τιμωρία
3424 3476 3712 3547 βληθέντες
3737 3517 3752 3538 ,

2177 3570 2577 3635 ὀλολυζέτωσαν
2597 3572 2752 3643 δίκην
2771 3570 2879 3623 τῶν
2911 3569 3048 3624 κατά
3071 3570 3168 3640 τὴν
3188 3569 3339 3623 πόλιν
3364 3569 3754 3640 ὲκπεριιόντων

2179 3664 2358 3718 κυνῶν
2387 3666 2444 3717 ἐν
2478 3663 2556 3735 τῷ
2584 3665 2683 3734 τῆς
2714 3663 2907 3726 νυκτὸς
2941 3660 3139 3732 καιρῷ.

2754 3752 3050 3808 ΨΑΛΜΟΣ
3087 3754 3215 3806 ΝΘ’.

2250 3846 2400 3916 Στίχ.
2427 3851 2496 3914 γ’.
2537 3877 2603 3886 -—-
2648 3844 2787 3898 Ἀλλ’
2820 3847 2868 3897 εί
2901 3842 3190 3896 καὶταῦτα
3225 3841 3417 3897 παθεῖν
3448 3841 3756 3914 συνεχώρη-

2180 3954 2314 4001 σας,
2364 3937 2425 3989 οὐ
2470 3937 2576 4007 μὴν
2623 3937 2901 4005 ἐναφῆκας
2937 3938 3050 3999 τοῖς
3099 3937 3308 3998 κακοῖς,
3355 3933 3621 4006 ὀξυτάτην
3657 3934 3758 4004 τὴν

2179 4031 2330 4102 παρὰ
2366 4028 2458 4082 σοῦ
2495 4015 2904 4101 φιλανθρωπίαν
2936 4031 3066 4100 ἡμῖν
3097 4029 3490 4100 παρεχόμενος.

2252 4207 2398 4278 Στίχ.
2432 4205 2494 4260 δ’.
2529 4235 2594 4245 —-
2620 4207 2682 4259 Οἱ
2716 4204 3155 4276 προσπαθοῦντες
3178 4200 3295 4269 τοῖς
3316 4205 3540 4272 ὐλικοῖς,
3573 4205 3665 4260 καὶ
3687 4208 3758 4262 τὰ

2180 4301 2395 4369 ἐπίγεια
2425 4298 2780 4371 φρονοῦντες,
2814 4299 3141 4370 τερπόμενοι
3175 4299 3261 4352 ἐπ’
3290 4300 3473 4364 αὐτοῖς
3498 4341 3514 4367 ,
3551 4298 3628 4370 τῷ
3658 4300 3758 4370 ἐμ-

2181 4391 2373 4456 παθεῖς
2390 4386 2548 4454 εἶναι,
2572 4391 2774 4444 οἴονται
2801 4392 3124 4446 εὐστάθειαν
3153 4393 3245 4445 καὶ
3269 4391 3569 4463 ἀταραξίαν
3591 4393 3754 4463 ἔχειν’

2181 4485 2384 4555 βλάϐην
2418 4484 2474 4536 δὲ
2504 4486 2536 4555 ἡ
2565 4483 2786 4553 τοιαύτη
2817 4484 3151 4547 κατάστασις
3181 4483 3370 4554 φέρει·
3412 4485 3534 4538 ὅθεν
3567 4487 3760 4555 χρήσιο

491 4585 671 4634 status
718 4577 830 4633 illis
865 4575 1257 4630 detrimentum
1289 4571 1484 4639 aﬂ‘erl;
1535 4570 1679 4626 unde
1707 4569 1842 4623 utile
1873 4577 1976 4634 est,
2015 4573 2074 4623 ut

2183 4594 2302 4648 μον,
2339 4575 2474 4648 ἐλέῳ
2521 4575 2653 4629 Θεοῦ
2688 4575 3035 4645 συσεισθῆναι
3080 4574 3250 4647 αὐτὴν
3280 4576 3373 4629 καὶ
3420 4575 3758 4646 ταραχθῆναι

490 4681 588 4739 per
617 4666 1056 4723 misericordiam
1093 4665 1187 4720 Dei
1228 4663 1582 4718 concutiatur
1615 4675 1681 4715 ac
1712 4660 2072 4714 conturbetur

493 4761 709 4815 ratione
748 4759 1107 4830 poenitentiae.
1138 4757 1334 4809 Sciens
1360 4756 1504 4808 enim
1542 4768 1704 4824 quam
1741 4752 1967 4806 noxium
2001 4751 2073 4803 sit

492 4850 660 4904 rebus
707 4845 1089 4902 materialibus
1146 4843 1436 4908 inhaerere,
1488 4850 1542 4897 et
1580 4841 1783 4897 terreni
1830 4839 2070 4894 hominis

492 4940 788 5011 imaginem
836 4952 1064 5007 sapere,
1111 4934 1480 4988 turbatiouem
1539 4941 1594 4987 et
1652 4930 2072 4986 commotionem

491 5037 751 5107 patiatur,
783 5047 814 5086 a
860 5029 1035 5102 priori
1069 5041 1235 5098 prava
1264 5026 1375 5080 vita
1427 5025 1492 5080 ad
1533 5025 1758 5095 probam
1794 5038 1858 5075 ac
1900 5022 2074 5076 beati-

490 5125 702 5181 tudinis
747 5122 962 5194 plenam
996 5117 1304 5177 translata;
1337 5116 1576 5169 contrita
1610 5128 1822 5181 nempe,
1861 5120 1916 5166 et
1947 5128 2074 5168 sen-

488 5234 609 5275 sum
654 5215 963 5288 percipiens
1011 5208 1408 5267 contritionum
1457 5223 1522 5260 ex
1560 5204 1929 5260 invisibilibus
1975 5204 2075 5259 ho—

487 5310 670 5366 stibus
705 5302 1117 5364 exsislentium,
1166 5297 1444 5352 invocabit
1477 5296 1666 5364 utique
1695 5309 1820 5349 eum
1861 5295 1954 5365 qui
1987 5294 2074 5348 di-

488 5403 590 5457 cit:
654 5399 767 5469 Ego
826 5412 947 5452 sum
1012 5393 1278 5448 Dominus
1322 5403 1527 5446 sanans
1576 5401 1629 5444 te
1677 5406 1691 5444 :
1747 5402 1872 5442 cum
1926 5388 2071 5442 enim

487 5493 738 5548 medicus
763 5472 868 5555 isit‘,
905 5486 1124 5543 sanabit
1162 5497 1304 5538 eam.
1342 5483 1612 5538 Caeterum
1650 5481 1820 5552 possit
1853 5474 2074 5550 quoque

488 5593 655 5641 terra:
694 5579 865 5634 motio
897 5577 1080 5632 induci
1128 5577 1196 5632 iis
1227 5578 1319 5652 qui
1353 5576 1408 5631 in
1454 5591 1516 5630 ea
1551 5583 1699 5634 sunt.
1733 5572 2073 5630 daunonibus

487 5673 780 5731 translatis
818 5671 884 5726 ad
913 5671 1136 5726 oracula
1165 5669 1351 5726 divina
1386 5667 1758 5738 suscipienda.

585 5761 1269 5834 ltum—Quandoquidem
1296 5777 1484 5818 eorum
1509 5759 1825 5815 affectiones
1856 5771 2072 5812 assum-

491 5865 675 5932 pserat
713 5872 881 5932 super
902 5865 1128 5926 terram,
1160 5857 1384 5930 propria
1420 5867 1557 5911 usus
1591 5860 1675 5908 est
1720 5849 1972 5922 sequela;
2019 5855 2074 5904 et

2183 4667 2548 4738 μεταμελείας
2594 4668 2801 4740 τρόπῳ.
2861 4667 3068 4722 Γνοῦσα
3113 4668 3220 4740 γὰρ
3253 4668 3325 4733 ὼς
3379 4668 3670 4732 ἐπιϐλαϐἐς
3697 4669 3760 4722 τὸ

2182 4759 2386 4822 ὑλικοῖς
2413 4759 2712 4829 ἐνέχεσθαι,
2745 4760 2837 4812 καὶ
2867 4763 3082 4831 φρονεῖν
3103 4761 3200 4832 τὴν
3227 4761 3318 4814 τοῦ
3346 4761 3528 4832 χοϊκοῦ
3554 4762 3757 4822 εἰκόνα.

2179 4849 2417 4919 τάραχον
2470 4850 2564 4903 καὶ
2620 4851 2945 4921 συσσεισμδν
2999 4852 3174 4921 σχοίη,
3241 4852 3644 4922 μετατιθεμένη
3693 4854 3760 4906 ἐκ

2183 4939 2448 5010 προτέρου
2478 4941 2680 5008 φαύλου
2714 4941 2830 5012 βίου
2853 4942 2944 4994 ἐπὶ
2975 4942 3260 4996 σπουδαῖον
3291 4944 3384 4996 καὶ
3417 4943 3760 5014 μακαριότηο

2180 5047 2269 5092 τος
2301 5030 2479 5102 πλήρη
2507 5047 2521 5060 ·
2558 5031 2750 5101 ἀμέλει
2781 5031 2908 5099 γοῦν
2936 5072 2950 5096 ,
2987 5032 3334 5101 συντριϐεῖσα
3381 5033 3635 5102 αἴσθησιν
3667 5033 3759 5086 λα-

2181 5121 2351 5174 ϐοῦσα
2384 5121 2493 5174 τῶν
2527 5123 2886 5193 ὑπαρξάντων
2927 5124 3348 5194 συντριμμάτων
3377 5127 3440 5178 ὲκ
3468 5125 3577 5177 τῶν
3604 5126 3764 5197 ἀορά-

2179 5230 2287 5265 των
2318 5213 2615 5278 πολεμίων,
2660 5215 3038 5283 παρακαλέσει
3068 5215 3156 5267 τὸν
3193 5215 3454 5280 λέγοντα,
3495 5215 3606 5284 ἐγώ
3645 5219 3761 5286 ειμι

2181 5299 2385 5370 Κύριος
2413 5303 2442 5354 ὁ
2478 5301 2705 5372 ἰώμενός
2734 5321 2792 5356 σε
2816 5321 2827 5332 ·
2869 5305 3051 5375 ίατρδς
3076 5306 3183 5376 γὰρ
3213 5307 3494 5375 ὑπάρχων,
3551 5307 3760 5361 ἰάσεται

2180 5394 2371 5464 αὐτήν.
2401 5393 2636 5447 Δυνατὸν
2663 5395 2719 5447 δὲ
2748 5395 2843 5450 καὶ
2871 5396 3033 5448 σάλον
3060 5395 3364 5467 ἐπαχθῆναι
3394 5400 3460 5469 τῇ
3493 5401 3560 5468 γῇ
3601 5415 3763 5468 μετα-

2180 5485 2479 5555 τιθεμένων
2524 5486 2632 5539 τῶν
2671 5487 2757 5539 ἐπ’
2796 5487 2968 5558 αὐτῆς
3012 5487 3280 5558 δαιμόνων
3320 5489 3411 5542 ἐπὶ
3445 5489 3758 5561 παραδοχὴν

2182 5576 2340 5632 θείων
2369 5577 2774 5648 θεσπισμάτων.

2265 5750 2483 5823 Ἐπειδὴ
2511 5751 2580 5805 τὰ
2602 5751 2780 5806 αὐτῶν
2810 5751 2956 5824 πάθη
2995 5753 3258 5808 ἀνέλαϐεν
3279 5754 3369 5808 ἐπὶ
3393 5755 3492 5823 τῆς
3521 5754 3625 5825 γῆς
3645 5788 3661 5818 ,
3691 5754 3758 5825 τῇ

2180 5843 2357 5915 οἰκείᾳ
2401 5845 2670 5915 ἐχρήσατο
2718 5843 3046 5918 ἀκολουθίᾳ’
3092 5845 3190 5902 καὶ
3235 5845 3326 5901 διὰ
3364 5845 3522 5901 τοῦτο
3558 5843 3760 5902 ὡσανεὶ
