  <div class='ocr_page' id='page_1' title='image "/cluster/home/n/w/nwhite01/storage/ocr_20150623/66/coo.31924054869676/350.png"; bbox 0 0 4162 6466; ppageno 0'>
   <div class='ocr_carea' id='block_1_1' title="bbox 432 425 543 479">
    <p class='ocr_par' dir='ltr' id='par_1_1' title="bbox 432 425 543 479">
     <span class='ocr_line' id='line_1_1' title="bbox 432 425 543 479; baseline -0.027 0"><span class='ocrx_word' id='word_1_1' title='bbox 432 425 543 479; x_wconf 70' lang='lat'><strong>6‘83</strong></span> 
     </span>
    </p>
   </div>
   <div class='ocr_carea' id='block_1_2' title="bbox 1654 406 2521 469">
    <p class='ocr_par' dir='ltr' id='par_1_2' title="bbox 1654 406 2521 469">
     <span class='ocr_line' id='line_1_2' title="bbox 1654 406 2521 469; baseline -0.009 0"><span class='ocrx_word' id='word_1_2' title='bbox 1654 408 2028 469; x_wconf 77' lang='lat' dir='ltr'><strong>EXPOSITIO</strong></span> <span class='ocrx_word' id='word_1_3' title='bbox 2064 406 2131 464; x_wconf 78' lang='lat' dir='ltr'><strong>IN</strong></span> <span class='ocrx_word' id='word_1_4' title='bbox 2174 406 2521 467; x_wconf 74' lang='lat' dir='ltr'><strong>PSALMOS.</strong></span> 
     </span>
    </p>
   </div>
   <div class='ocr_carea' id='block_1_3' title="bbox 3624 388 3731 459">
    <p class='ocr_par' dir='ltr' id='par_1_3' title="bbox 3624 388 3731 459">
     <span class='ocr_line' id='line_1_3' title="bbox 3624 388 3731 459; baseline 0 -2"><span class='ocrx_word' id='word_1_5' title='bbox 3624 388 3731 459; x_wconf 75' lang='grc'><strong>688</strong></span> 
     </span>
    </p>
   </div>
   <div class='ocr_carea' id='block_1_4' title="bbox 429 514 2044 603">
    <p class='ocr_par' dir='ltr' id='par_1_4' title="bbox 429 523 2024 603">
     <span class='ocr_line' id='line_1_4' title="bbox 429 523 2024 603; baseline -0.006 -16"><span class='ocrx_word' id='word_1_6' title='bbox 429 535 539 587; x_wconf 76' lang='grc' dir='ltr'>ἀπὸ</span> <span class='ocrx_word' id='word_1_7' title='bbox 564 532 661 602; x_wconf 83' lang='grc' dir='ltr'>τῆς</span> <span class='ocrx_word' id='word_1_8' title='bbox 688 529 998 603; x_wconf 79' lang='grc' dir='ltr'>ὑπερϐολῆς</span> <span class='ocrx_word' id='word_1_9' title='bbox 1023 529 1118 583; x_wconf 81' lang='grc' dir='ltr'><strong>τοῦ</strong></span> <span class='ocrx_word' id='word_1_10' title='bbox 1136 529 1364 599; x_wconf 80' lang='grc' dir='ltr'><strong>σεισμοῦ</strong></span> <span class='ocrx_word' id='word_1_11' title='bbox 1384 527 1486 598; x_wconf 86' lang='grc' dir='ltr'>τῆς</span> <span class='ocrx_word' id='word_1_12' title='bbox 1508 526 1607 598; x_wconf 83' lang='grc' dir='ltr'>γῆς</span> <span class='ocrx_word' id='word_1_13' title='bbox 1640 523 2024 599; x_wconf 85' lang='grc' dir='ltr'>συντριϐείσης</span> 
     </span>
    </p>
   </div>
   <div class='ocr_carea' id='block_1_5' title="bbox 2147 514 3737 603">
    <p class='ocr_par' dir='ltr' id='par_1_5' title="bbox 2150 514 3737 593">
     <span class='ocr_line' id='line_1_5' title="bbox 2150 514 3737 593; baseline -0.004 -15"><span class='ocrx_word' id='word_1_14' title='bbox 2150 521 2338 578; x_wconf 92' lang='lat' dir='ltr'><strong>dcirco</strong></span> <span class='ocrx_word' id='word_1_15' title='bbox 2380 521 2545 593; x_wconf 86' lang='lat' dir='ltr'><strong>quasi</strong></span> <span class='ocrx_word' id='word_1_16' title='bbox 2600 514 2667 576; x_wconf 80' lang='lat' dir='ltr'><strong>ex</strong></span> <span class='ocrx_word' id='word_1_17' title='bbox 2711 518 3017 593; x_wconf 81' lang='lat' dir='ltr'><strong>hyperbole</strong></span> <span class='ocrx_word' id='word_1_18' title='bbox 3066 518 3328 574; x_wconf 75' lang='lat' dir='ltr'><strong>motionis</strong></span> <span class='ocrx_word' id='word_1_19' title='bbox 3377 524 3544 573; x_wconf 69' lang='lat' dir='ltr'><strong>terra:</strong></span> <span class='ocrx_word' id='word_1_20' title='bbox 3594 530 3737 571; x_wconf 82' lang='lat' dir='ltr'><strong>cou-</strong></span> 
     </span>
    </p>
   </div>
   <div class='ocr_carea' id='block_1_6' title="bbox 432 616 2024 697">
    <p class='ocr_par' dir='ltr' id='par_1_6' title="bbox 432 616 2024 697">
     <span class='ocr_line' id='line_1_6' title="bbox 432 616 2024 697; baseline -0.005 -18"><span class='ocrx_word' id='word_1_21' title='bbox 432 630 528 680; x_wconf 71' lang='grc' dir='ltr'>καὶ</span> <span class='ocrx_word' id='word_1_22' title='bbox 570 623 919 697; x_wconf 81' lang='grc' dir='ltr'><strong>διαλυθείσης</strong></span> <span class='ocrx_word' id='word_1_23' title='bbox 964 621 1108 677; x_wconf 78' lang='grc' dir='ltr'>οὕτω</span> <span class='ocrx_word' id='word_1_24' title='bbox 1149 622 1284 695; x_wconf 89' lang='grc' dir='ltr'>φησί</span> <span class='ocrx_word' id='word_1_25' title='bbox 1308 638 1321 653; x_wconf 75' lang='grc' dir='ltr'><strong>ο</strong></span> <span class='ocrx_word' id='word_1_26' title='bbox 1354 620 1708 694; x_wconf 86' lang='grc' dir='ltr'>Θεράπευσον</span> <span class='ocrx_word' id='word_1_27' title='bbox 1739 619 1809 674; x_wconf 82' lang='grc' dir='ltr'><strong>τά</strong></span> <span class='ocrx_word' id='word_1_28' title='bbox 1840 616 1989 688; x_wconf 82' lang='grc' dir='ltr'>πάθη</span> <span class='ocrx_word' id='word_1_29' title='bbox 2009 657 2024 681; x_wconf 86' lang='grc'><strong>,</strong></span> 
     </span>
    </p>
   </div>
   <div class='ocr_carea' id='block_1_7' title="bbox 433 715 1286 788">
    <p class='ocr_par' dir='ltr' id='par_1_7' title="bbox 433 715 1286 788">
     <span class='ocr_line' id='line_1_7' title="bbox 433 715 1286 788; baseline -0.004 -14"><span class='ocrx_word' id='word_1_30' title='bbox 433 720 525 774; x_wconf 71' lang='grc' dir='ltr'>καὶ</span> <span class='ocrx_word' id='word_1_31' title='bbox 551 717 805 773; x_wconf 77' lang='grc' dir='ltr'>διάλυσον</span> <span class='ocrx_word' id='word_1_32' title='bbox 842 716 942 782; x_wconf 81' lang='grc' dir='ltr'>τὰς</span> <span class='ocrx_word' id='word_1_33' title='bbox 974 715 1286 788; x_wconf 84' lang='grc' dir='ltr'>συμφοράς.</span> 
     </span>
    </p>
   </div>
   <div class='ocr_carea' id='block_1_8' title="bbox 500 802 2029 880">
    <p class='ocr_par' dir='ltr' id='par_1_8' title="bbox 500 802 2029 880">
     <span class='ocr_line' id='line_1_8' title="bbox 500 802 2029 880; baseline -0.006 -15"><span class='ocrx_word' id='word_1_34' title='bbox 500 809 815 877; x_wconf 78' lang='grc' dir='ltr'>Κατάνυξιν</span> <span class='ocrx_word' id='word_1_35' title='bbox 841 809 990 880; x_wconf 84' lang='grc' dir='ltr'><strong>λέγει</strong></span> <span class='ocrx_word' id='word_1_36' title='bbox 1010 810 1071 863; x_wconf 83' lang='grc' dir='ltr'><strong>τὺ</strong></span> <span class='ocrx_word' id='word_1_37' title='bbox 1092 808 1272 879; x_wconf 82' lang='grc' dir='ltr'>ἐφόσῳ</span> <span class='ocrx_word' id='word_1_38' title='bbox 1290 807 1491 880; x_wconf 82' lang='grc' dir='ltr'>δήποτε</span> <span class='ocrx_word' id='word_1_39' title='bbox 1518 804 1805 879; x_wconf 82' lang='grc' dir='ltr'><strong>πράγματι</strong></span> <span class='ocrx_word' id='word_1_40' title='bbox 1831 802 2029 858; x_wconf 87' lang='grc' dir='ltr'>παθεῖν</span> 
     </span>
    </p>
   </div>
   <div class='ocr_carea' id='block_1_9' title="bbox 429 897 2027 975">
    <p class='ocr_par' dir='ltr' id='par_1_9' title="bbox 429 897 2027 975">
     <span class='ocr_line' id='line_1_9' title="bbox 429 897 2027 975; baseline -0.004 -19"><span class='ocrx_word' id='word_1_41' title='bbox 429 903 531 975; x_wconf 72' lang='grc' dir='ltr'>τὴν</span> <span class='ocrx_word' id='word_1_42' title='bbox 582 902 766 975; x_wconf 78' lang='grc' dir='ltr'>ψυχήν</span> <span class='ocrx_word' id='word_1_43' title='bbox 809 918 825 933; x_wconf 83' lang='grc'><em>’</em></span> <span class='ocrx_word' id='word_1_44' title='bbox 860 900 1036 965; x_wconf 79' lang='grc' dir='ltr'>οὕτως</span> <span class='ocrx_word' id='word_1_45' title='bbox 1068 901 1195 954; x_wconf 84' lang='grc' dir='ltr'>ὅταν</span> <span class='ocrx_word' id='word_1_46' title='bbox 1234 899 1405 973; x_wconf 82' lang='grc' dir='ltr'>λέγῃ,</span> <span class='ocrx_word' id='word_1_47' title='bbox 1447 897 1510 952; x_wconf 85' lang='grc' dir='ltr'>τὸ</span> <span class='ocrx_word' id='word_1_48' title='bbox 1561 897 2027 967; x_wconf 81' lang='grc' dir='ltr'>διεσχίσθησαν,</span> 
     </span>
    </p>
   </div>
   <div class='ocr_carea' id='block_1_10' title="bbox 428 986 2031 1064">
    <p class='ocr_par' dir='ltr' id='par_1_10' title="bbox 428 986 2031 1064">
     <span class='ocr_line' id='line_1_10' title="bbox 428 986 2031 1064; baseline -0.006 -15"><span class='ocrx_word' id='word_1_49' title='bbox 428 994 533 1050; x_wconf 73' lang='grc' dir='ltr'><strong>καί</strong></span> <span class='ocrx_word' id='word_1_50' title='bbox 607 995 683 1049; x_wconf 89' lang='grc' dir='ltr'>οὐ</span> <span class='ocrx_word' id='word_1_51' title='bbox 745 994 1209 1064; x_wconf 69' lang='grc' dir='ltr'><strong>κατενύγησαν,</strong></span> <span class='ocrx_word' id='word_1_52' title='bbox 1248 986 1598 1056; x_wconf 80' lang='grc' dir='ltr'>,τουτέστιν”,</span> <span class='ocrx_word' id='word_1_53' title='bbox 1666 987 2031 1058; x_wconf 81' lang='grc' dir='ltr'><strong>ἀποτυχόντες</strong></span> 
     </span>
    </p>
   </div>
   <div class='ocr_carea' id='block_1_11' title="bbox 430 1079 2031 1155">
    <p class='ocr_par' dir='ltr' id='par_1_11' title="bbox 430 1079 2031 1155">
     <span class='ocr_line' id='line_1_11' title="bbox 430 1079 2031 1155; baseline -0.005 -13"><span class='ocrx_word' id='word_1_54' title='bbox 430 1086 728 1154; x_wconf 76' lang='grc' dir='ltr'><strong>πολλάκις,</strong></span> <span class='ocrx_word' id='word_1_55' title='bbox 800 1086 924 1140; x_wconf 81' lang='grc' dir='ltr'><strong>ούδέ</strong></span> <span class='ocrx_word' id='word_1_56' title='bbox 988 1084 1164 1149; x_wconf 78' lang='grc' dir='ltr'>οὕτως</span> <span class='ocrx_word' id='word_1_57' title='bbox 1228 1083 1432 1138; x_wconf 71' lang='grc' dir='ltr'>ἔπαθον</span> <span class='ocrx_word' id='word_1_58' title='bbox 1477 1083 1579 1155; x_wconf 83' lang='grc' dir='ltr'>τὴν</span> <span class='ocrx_word' id='word_1_59' title='bbox 1633 1081 1846 1154; x_wconf 80' lang='grc' dir='ltr'>ψυχὴν,</span> <span class='ocrx_word' id='word_1_60' title='bbox 1904 1079 2031 1135; x_wconf 77' lang='grc' dir='ltr'>οὐδὲ</span> 
     </span>
    </p>
   </div>
   <div class='ocr_carea' id='block_1_12' title="bbox 428 1177 2030 1251">
    <p class='ocr_par' dir='ltr' id='par_1_12' title="bbox 428 1177 2030 1251">
     <span class='ocr_line' id='line_1_12' title="bbox 428 1177 2030 1251; baseline -0.004 -15"><span class='ocrx_word' id='word_1_61' title='bbox 428 1179 786 1251; x_wconf 68' lang='grc' dir='ltr'><strong>κατέγνωσαν</strong></span> <span class='ocrx_word' id='word_1_62' title='bbox 845 1180 1081 1234; x_wconf 80' lang='grc' dir='ltr'>ἑαυτῶν.</span> <span class='ocrx_word' id='word_1_63' title='bbox 1152 1177 1410 1234; x_wconf 81' lang='grc' dir='ltr'>Τοιοῦτόν</span> <span class='ocrx_word' id='word_1_64' title='bbox 1468 1179 1587 1232; x_wconf 84' lang='grc' dir='ltr'>ἐστι</span> <span class='ocrx_word' id='word_1_65' title='bbox 1649 1177 1746 1231; x_wconf 75' lang='grc' dir='ltr'>καὶ</span> <span class='ocrx_word' id='word_1_66' title='bbox 1799 1177 1861 1231; x_wconf 84' lang='grc' dir='ltr'><strong>τὺ</strong></span> <span class='ocrx_word' id='word_1_67' title='bbox 1886 1217 1902 1243; x_wconf 90' lang='grc'><strong>,</strong></span> <span class='ocrx_word' id='word_1_68' title='bbox 1968 1177 2030 1230; x_wconf 82' lang='grc' dir='ltr'><strong>Ἀ</strong></span> 
     </span>
    </p>
   </div>
   <div class='ocr_carea' id='block_1_13' title="bbox 428 1267 2032 1343">
    <p class='ocr_par' dir='ltr' id='par_1_13' title="bbox 428 1267 2032 1343">
     <span class='ocr_line' id='line_1_13' title="bbox 428 1267 2032 1343; baseline -0.004 -15"><span class='ocrx_word' id='word_1_69' title='bbox 428 1273 672 1343; x_wconf 69' lang='grc' dir='ltr'>λέγεται</span> <span class='ocrx_word' id='word_1_70' title='bbox 704 1272 778 1326; x_wconf 77' lang='grc' dir='ltr'><strong>ἐν</strong></span> <span class='ocrx_word' id='word_1_71' title='bbox 815 1272 946 1339; x_wconf 80' lang='grc' dir='ltr'>ταῖς</span> <span class='ocrx_word' id='word_1_72' title='bbox 984 1270 1257 1340; x_wconf 81' lang='grc' dir='ltr'><strong>καρδίαις</strong></span> <span class='ocrx_word' id='word_1_73' title='bbox 1284 1269 1474 1339; x_wconf 79' lang='grc' dir='ltr'>ὑμῶν,</span> <span class='ocrx_word' id='word_1_74' title='bbox 1517 1269 1588 1324; x_wconf 72' lang='grc' dir='ltr'><strong>ἐν</strong></span> <span class='ocrx_word' id='word_1_75' title='bbox 1628 1267 1761 1336; x_wconf 78' lang='grc' dir='ltr'>ταῖς</span> <span class='ocrx_word' id='word_1_76' title='bbox 1801 1267 2032 1335; x_wconf 84' lang='grc' dir='ltr'><strong>κοίταις</strong></span> 
     </span>
    </p>
   </div>
   <div class='ocr_carea' id='block_1_14' title="bbox 430 1360 2033 1437">
    <p class='ocr_par' dir='ltr' id='par_1_14' title="bbox 430 1360 2033 1437">
     <span class='ocr_line' id='line_1_14' title="bbox 430 1360 2033 1437; baseline -0.003 -16"><span class='ocrx_word' id='word_1_77' title='bbox 430 1365 603 1437; x_wconf 81' lang='grc' dir='ltr'>ὑμῶν</span> <span class='ocrx_word' id='word_1_78' title='bbox 640 1366 1037 1435; x_wconf 63' lang='lat' dir='ltr'><strong>natas-rimas.</strong></span> <span class='ocrx_word' id='word_1_79' title='bbox 1070 1365 1114 1418; x_wconf 87' lang='grc' dir='ltr'>Τ</span> <span class='ocrx_word' id='word_1_80' title='bbox 1117 1363 1400 1429; x_wconf 79' lang='grc' dir='ltr'>ουτέστιν,</span> <span class='ocrx_word' id='word_1_81' title='bbox 1449 1361 1487 1418; x_wconf 75' lang='grc' dir='ltr'>ἃ</span> <span class='ocrx_word' id='word_1_82' title='bbox 1530 1360 1853 1434; x_wconf 77' lang='grc' dir='ltr'><strong>βουλεύεσθε</strong></span> <span class='ocrx_word' id='word_1_83' title='bbox 1888 1361 2033 1416; x_wconf 86' lang='grc' dir='ltr'><strong>κατά</strong></span> 
     </span>
    </p>
   </div>
   <div class='ocr_carea' id='block_1_15' title="bbox 432 1454 2032 1529">
    <p class='ocr_par' dir='ltr' id='par_1_15' title="bbox 432 1454 2032 1529">
     <span class='ocr_line' id='line_1_15' title="bbox 432 1454 2032 1529; baseline -0.007 -12"><span class='ocrx_word' id='word_1_84' title='bbox 432 1461 694 1523; x_wconf 76' lang='grc' dir='ltr'>διάνοιαν,</span> <span class='ocrx_word' id='word_1_85' title='bbox 731 1459 816 1528; x_wconf 77' lang='grc' dir='ltr'>ἐφ’</span> <span class='ocrx_word' id='word_1_86' title='bbox 849 1456 1082 1529; x_wconf 80' lang='grc' dir='ltr'>ἡσυχίας</span> <span class='ocrx_word' id='word_1_87' title='bbox 1104 1456 1279 1523; x_wconf 78' lang='grc' dir='ltr'>ὄντες,</span> <span class='ocrx_word' id='word_1_88' title='bbox 1312 1457 1371 1510; x_wconf 81' lang='grc' dir='ltr'><strong>ἐν</strong></span> <span class='ocrx_word' id='word_1_89' title='bbox 1396 1458 1462 1527; x_wconf 80' lang='grc' dir='ltr'><strong>τῇ</strong></span> <span class='ocrx_word' id='word_1_90' title='bbox 1493 1455 1652 1528; x_wconf 81' lang='grc' dir='ltr'>κλίνῃ</span> <span class='ocrx_word' id='word_1_91' title='bbox 1680 1454 2032 1526; x_wconf 82' lang='grc' dir='ltr'>λογισάμενοι</span> 
     </span>
    </p>
   </div>
   <div class='ocr_carea' id='block_1_16' title="bbox 437 1540 2036 1620">
    <p class='ocr_par' dir='ltr' id='par_1_16' title="bbox 437 1540 2036 1620">
     <span class='ocr_line' id='line_1_16' title="bbox 437 1540 2036 1620; baseline -0.006 -14"><span class='ocrx_word' id='word_1_92' title='bbox 437 1551 755 1620; x_wconf 83' lang='grc' dir='ltr'>κατάγνωτε</span> <span class='ocrx_word' id='word_1_93' title='bbox 775 1546 1010 1612; x_wconf 70' lang='grc' dir='ltr'>ἑαυτῶν,</span> <span class='ocrx_word' id='word_1_94' title='bbox 1041 1546 1135 1602; x_wconf 76' lang='grc' dir='ltr'>καὶ</span> <span class='ocrx_word' id='word_1_95' title='bbox 1160 1545 1578 1619; x_wconf 78' lang='grc' dir='ltr'>μεταμελήθητε</span> <span class='ocrx_word' id='word_1_96' title='bbox 1603 1546 1689 1616; x_wconf 80' lang='grc' dir='ltr'><strong>ἐφ’</strong></span> <span class='ocrx_word' id='word_1_97' title='bbox 1716 1540 1798 1609; x_wconf 73' lang='grc' dir='ltr'>οἷς</span> <span class='ocrx_word' id='word_1_98' title='bbox 1816 1545 2036 1616; x_wconf 86' lang='grc' dir='ltr'>διεπρά-</span> 
     </span>
    </p>
   </div>
   <div class='ocr_carea' id='block_1_17' title="bbox 434 1634 2032 1708">
    <p class='ocr_par' dir='ltr' id='par_1_17' title="bbox 434 1634 2032 1708">
     <span class='ocr_line' id='line_1_17' title="bbox 434 1634 2032 1708; baseline -0.004 -14"><span class='ocrx_word' id='word_1_99' title='bbox 434 1639 621 1706; x_wconf 79' lang='grc' dir='ltr'>ξασθε.</span> <span class='ocrx_word' id='word_1_100' title='bbox 650 1638 809 1693; x_wconf 76' lang='grc' dir='ltr'>Οὕτω</span> <span class='ocrx_word' id='word_1_101' title='bbox 835 1638 930 1693; x_wconf 77' lang='grc' dir='ltr'>καὶ</span> <span class='ocrx_word' id='word_1_102' title='bbox 963 1637 1058 1690; x_wconf 79' lang='grc' dir='ltr'>ἐπὶ</span> <span class='ocrx_word' id='word_1_103' title='bbox 1087 1636 1188 1707; x_wconf 79' lang='grc' dir='ltr'>τῆς</span> <span class='ocrx_word' id='word_1_104' title='bbox 1219 1636 1528 1700; x_wconf 83' lang='grc' dir='ltr'>Σουσάννας</span> <span class='ocrx_word' id='word_1_105' title='bbox 1561 1635 1693 1708; x_wconf 75' lang='grc' dir='ltr'>περὶ</span> <span class='ocrx_word' id='word_1_106' title='bbox 1717 1634 1828 1690; x_wconf 90' lang='grc' dir='ltr'><strong>τῶν</strong></span> <span class='ocrx_word' id='word_1_107' title='bbox 1859 1651 2032 1707; x_wconf 89' lang='grc' dir='ltr'>πρεσ-</span> 
     </span>
    </p>
   </div>
   <div class='ocr_carea' id='block_1_18' title="bbox 435 1727 2036 1805">
    <p class='ocr_par' dir='ltr' id='par_1_18' title="bbox 435 1727 2036 1805">
     <span class='ocr_line' id='line_1_18' title="bbox 435 1727 2036 1805; baseline -0.004 -18"><span class='ocrx_word' id='word_1_108' title='bbox 435 1734 682 1805; x_wconf 83' lang='grc' dir='ltr'>ϐυτέρων</span> <span class='ocrx_word' id='word_1_109' title='bbox 709 1732 896 1803; x_wconf 80' lang='grc' dir='ltr'>φησὶν,</span> <span class='ocrx_word' id='word_1_110' title='bbox 932 1730 1023 1785; x_wconf 86' lang='grc' dir='ltr'>ὅτι</span> <span class='ocrx_word' id='word_1_111' title='bbox 1047 1729 1478 1799; x_wconf 78' lang='grc' dir='ltr'><strong>κατενύγησαν</strong></span> <span class='ocrx_word' id='word_1_112' title='bbox 1518 1727 1595 1797; x_wconf 78' lang='grc' dir='ltr'>τῇ</span> <span class='ocrx_word' id='word_1_113' title='bbox 1625 1727 1842 1800; x_wconf 63' lang='grc' dir='ltr'>καρδίᾳ</span> <span class='ocrx_word' id='word_1_114' title='bbox 1866 1743 1881 1756; x_wconf 87' lang='grc'><strong>·</strong></span> <span class='ocrx_word' id='word_1_115' title='bbox 1918 1744 2036 1781; x_wconf 89' lang='grc' dir='ltr'>του-</span> 
     </span>
    </p>
   </div>
   <div class='ocr_carea' id='block_1_19' title="bbox 433 1816 2036 1894">
    <p class='ocr_par' dir='ltr' id='par_1_19' title="bbox 433 1816 2036 1894">
     <span class='ocr_line' id='line_1_19' title="bbox 433 1816 2036 1894; baseline -0.005 -13"><span class='ocrx_word' id='word_1_116' title='bbox 433 1826 644 1892; x_wconf 86' lang='grc' dir='ltr'>τέστιν,</span> <span class='ocrx_word' id='word_1_117' title='bbox 674 1824 878 1879; x_wconf 73' lang='grc' dir='ltr'>ἔπαθον</span> <span class='ocrx_word' id='word_1_118' title='bbox 925 1822 1014 1876; x_wconf 79' lang='grc' dir='ltr'>ἐπ’</span> <span class='ocrx_word' id='word_1_119' title='bbox 1047 1822 1186 1894; x_wconf 80' lang='grc' dir='ltr'>αὐτῇ</span> <span class='ocrx_word' id='word_1_120' title='bbox 1215 1816 1322 1875; x_wconf 77' lang='grc' dir='ltr'><strong>ὺπὸ</strong></span> <span class='ocrx_word' id='word_1_121' title='bbox 1353 1821 1452 1892; x_wconf 83' lang='grc' dir='ltr'>τῆς</span> <span class='ocrx_word' id='word_1_122' title='bbox 1479 1819 1783 1892; x_wconf 78' lang='grc' dir='ltr'>ἐπιθυμίας</span> <span class='ocrx_word' id='word_1_123' title='bbox 1814 1819 2036 1890; x_wconf 84' lang='grc' dir='ltr'>συνεχό-</span> 
     </span>
    </p>
   </div>
   <div class='ocr_carea' id='block_1_20' title="bbox 439 1903 2114 1990">
    <p class='ocr_par' dir='ltr' id='par_1_20' title="bbox 439 1903 2114 1990">
     <span class='ocr_line' id='line_1_20' title="bbox 439 1903 2114 1990; baseline -0.007 -18"><span class='ocrx_word' id='word_1_124' title='bbox 439 1934 616 1990; x_wconf 85' lang='grc' dir='ltr'>μενοι.</span> <span class='ocrx_word' id='word_1_125' title='bbox 651 1915 951 1973; x_wconf 79' lang='grc' dir='ltr'>Κάνταῦθα</span> <span class='ocrx_word' id='word_1_126' title='bbox 971 1910 1064 1970; x_wconf 77' lang='grc' dir='ltr'>οὖν</span> <span class='ocrx_word' id='word_1_127' title='bbox 1085 1912 1381 1980; x_wconf 77' lang='grc' dir='ltr'>κατάνυξιν</span> <span class='ocrx_word' id='word_1_128' title='bbox 1406 1913 1565 1968; x_wconf 83' lang='grc' dir='ltr'>καλεῖ</span> <span class='ocrx_word' id='word_1_129' title='bbox 1588 1912 1690 1985; x_wconf 84' lang='grc' dir='ltr'><strong>τὴν</strong></span> <span class='ocrx_word' id='word_1_130' title='bbox 1712 1912 2037 1985; x_wconf 86' lang='grc' dir='ltr'>ἐπιθυμίαν,</span> <span class='ocrx_word' id='word_1_131' title='bbox 2067 1903 2114 1961; x_wconf 84' lang='grc' dir='ltr'><strong>Β</strong></span> 
     </span>
    </p>
   </div>
   <div class='ocr_carea' id='block_1_21' title="bbox 433 2006 2040 2081">
    <p class='ocr_par' dir='ltr' id='par_1_21' title="bbox 433 2006 2040 2081">
     <span class='ocr_line' id='line_1_21' title="bbox 433 2006 2040 2081; baseline -0.001 -18"><span class='ocrx_word' id='word_1_132' title='bbox 433 2009 515 2073; x_wconf 84' lang='grc' dir='ltr'><strong>ὡς</strong></span> <span class='ocrx_word' id='word_1_133' title='bbox 542 2008 716 2073; x_wconf 80' lang='grc' dir='ltr'>πάθος</span> <span class='ocrx_word' id='word_1_134' title='bbox 744 2007 1173 2081; x_wconf 76' lang='grc' dir='ltr'>ἐνεργαζόμενον</span> <span class='ocrx_word' id='word_1_135' title='bbox 1204 2009 1270 2079; x_wconf 78' lang='grc' dir='ltr'><strong>τῇ</strong></span> <span class='ocrx_word' id='word_1_136' title='bbox 1309 2006 1479 2078; x_wconf 80' lang='grc' dir='ltr'>ψυχῇ.</span> <span class='ocrx_word' id='word_1_137' title='bbox 1524 2006 1613 2069; x_wconf 85' lang='grc' dir='ltr'>Ὦς</span> <span class='ocrx_word' id='word_1_138' title='bbox 1641 2006 1751 2078; x_wconf 82' lang='grc' dir='ltr'>γὰρ</span> <span class='ocrx_word' id='word_1_139' title='bbox 1794 2007 2040 2078; x_wconf 85' lang='grc' dir='ltr'>μεταμέ-</span> 
     </span>
    </p>
   </div>
   <div class='ocr_carea' id='block_1_22' title="bbox 432 2098 2042 2173">
    <p class='ocr_par' dir='ltr' id='par_1_22' title="bbox 432 2098 2042 2173">
     <span class='ocr_line' id='line_1_22' title="bbox 432 2098 2042 2173; baseline -0.001 -19"><span class='ocrx_word' id='word_1_140' title='bbox 432 2099 557 2155; x_wconf 85' lang='grc' dir='ltr'>λεια</span> <span class='ocrx_word' id='word_1_141' title='bbox 585 2100 682 2155; x_wconf 78' lang='grc' dir='ltr'>καὶ</span> <span class='ocrx_word' id='word_1_142' title='bbox 711 2099 1002 2167; x_wconf 78' lang='grc' dir='ltr'>κατάνυξις</span> <span class='ocrx_word' id='word_1_143' title='bbox 1026 2098 1353 2173; x_wconf 77' lang='grc' dir='ltr'>πράγματος</span> <span class='ocrx_word' id='word_1_144' title='bbox 1379 2098 1551 2171; x_wconf 82' lang='grc' dir='ltr'>πάθος</span> <span class='ocrx_word' id='word_1_145' title='bbox 1577 2101 1817 2170; x_wconf 77' lang='grc' dir='ltr'>ἐμποιεῖ,</span> <span class='ocrx_word' id='word_1_146' title='bbox 1851 2099 1945 2154; x_wconf 76' lang='grc' dir='ltr'>καὶ</span> <span class='ocrx_word' id='word_1_147' title='bbox 1963 2098 2042 2163; x_wconf 85' lang='grc' dir='ltr'><strong>ὡς</strong></span> 
     </span>
    </p>
   </div>
   <div class='ocr_carea' id='block_1_23' title="bbox 436 2180 2041 2266">
    <p class='ocr_par' dir='ltr' id='par_1_23' title="bbox 436 2180 2041 2266">
     <span class='ocr_line' id='line_1_23' title="bbox 436 2180 2041 2266; baseline -0.001 -18"><span class='ocrx_word' id='word_1_148' title='bbox 436 2193 709 2266; x_wconf 85' lang='grc' dir='ltr'>ἐπιθυμία</span> <span class='ocrx_word' id='word_1_149' title='bbox 749 2192 848 2247; x_wconf 79' lang='grc' dir='ltr'>καὶ</span> <span class='ocrx_word' id='word_1_150' title='bbox 886 2192 1027 2263; x_wconf 72' lang='grc' dir='ltr'>ἔρως</span> <span class='ocrx_word' id='word_1_151' title='bbox 1073 2192 1335 2263; x_wconf 84' lang='grc' dir='ltr'>χαλεπὸν,</span> <span class='ocrx_word' id='word_1_152' title='bbox 1378 2180 1556 2257; x_wconf 76' lang='grc' dir='ltr'>οὕτως</span> <span class='ocrx_word' id='word_1_153' title='bbox 1604 2192 1814 2264; x_wconf 86' lang='grc' dir='ltr'>ἀθυμία</span> <span class='ocrx_word' id='word_1_154' title='bbox 1866 2192 2041 2257; x_wconf 81' lang='grc' dir='ltr'>πάθος</span> 
     </span>
    </p>
   </div>
   <div class='ocr_carea' id='block_1_24' title="bbox 436 2282 2039 2360">
    <p class='ocr_par' dir='ltr' id='par_1_24' title="bbox 436 2282 2039 2360">
     <span class='ocr_line' id='line_1_24' title="bbox 436 2282 2039 2360; baseline -0.003 -16"><span class='ocrx_word' id='word_1_155' title='bbox 436 2285 821 2360; x_wconf 77' lang='grc' dir='ltr'>ἐνεργάζεται.</span> <span class='ocrx_word' id='word_1_156' title='bbox 854 2286 960 2345; x_wconf 79' lang='grc' dir='ltr'><strong>Τὸν</strong></span> <span class='ocrx_word' id='word_1_157' title='bbox 978 2285 1035 2340; x_wconf 83' lang='grc' dir='ltr'>δὲ</span> <span class='ocrx_word' id='word_1_158' title='bbox 1056 2284 1197 2340; x_wconf 72' lang='grc' dir='ltr'>οἶνον</span> <span class='ocrx_word' id='word_1_159' title='bbox 1219 2286 1312 2339; x_wconf 70' lang='grc' dir='ltr'>ἐπὶ</span> <span class='ocrx_word' id='word_1_160' title='bbox 1328 2285 1433 2356; x_wconf 81' lang='grc' dir='ltr'>τῆς</span> <span class='ocrx_word' id='word_1_161' title='bbox 1464 2302 1528 2338; x_wconf 91' lang='grc' dir='ltr'><strong>συ</strong></span> <span class='ocrx_word' id='word_1_162' title='bbox 1537 2282 1754 2358; x_wconf 79' lang='grc' dir='ltr'>μφορᾶς</span> <span class='ocrx_word' id='word_1_163' title='bbox 1780 2285 1869 2339; x_wconf 76' lang='grc' dir='ltr'>ἀεὶ</span> <span class='ocrx_word' id='word_1_164' title='bbox 1889 2283 2039 2355; x_wconf 81' lang='grc' dir='ltr'>λέγει</span> 
     </span>
    </p>
   </div>
   <div class='ocr_carea' id='block_1_25' title="bbox 436 2373 2041 2454">
    <p class='ocr_par' dir='ltr' id='par_1_25' title="bbox 436 2373 2041 2454">
     <span class='ocr_line' id='line_1_25' title="bbox 436 2373 2041 2454; baseline -0.004 -16"><span class='ocrx_word' id='word_1_165' title='bbox 436 2383 535 2439; x_wconf 73' lang='grc' dir='ltr'>καὶ</span> <span class='ocrx_word' id='word_1_166' title='bbox 560 2382 662 2454; x_wconf 76' lang='grc' dir='ltr'>τῆς</span> <span class='ocrx_word' id='word_1_167' title='bbox 693 2379 985 2453; x_wconf 79' lang='grc' dir='ltr'>τιμωρῖας·</span> <span class='ocrx_word' id='word_1_168' title='bbox 1008 2378 1115 2433; x_wconf 71' lang='grc' dir='ltr'><strong>ἀπὸ</strong></span> <span class='ocrx_word' id='word_1_169' title='bbox 1139 2378 1235 2432; x_wconf 97' lang='lat'><strong>105</strong></span> <span class='ocrx_word' id='word_1_170' title='bbox 1268 2378 1360 2433; x_wconf 76' lang='grc' dir='ltr'>τὸν</span> <span class='ocrx_word' id='word_1_171' title='bbox 1385 2373 1528 2432; x_wconf 76' lang='grc' dir='ltr'>οἶνον</span> <span class='ocrx_word' id='word_1_172' title='bbox 1557 2377 1783 2433; x_wconf 85' lang='grc' dir='ltr'>πλείονα</span> <span class='ocrx_word' id='word_1_173' title='bbox 1814 2377 2041 2433; x_wconf 82' lang='grc' dir='ltr'>δοθέντα</span> 
     </span>
    </p>
   </div>
   <div class='ocr_carea' id='block_1_26' title="bbox 435 2466 2039 2547">
    <p class='ocr_par' dir='ltr' id='par_1_26' title="bbox 435 2466 2039 2547">
     <span class='ocr_line' id='line_1_26' title="bbox 435 2466 2039 2547; baseline -0.002 -17"><span class='ocrx_word' id='word_1_174' title='bbox 435 2475 717 2547; x_wconf 74' lang='grc' dir='ltr'>παράγειν</span> <span class='ocrx_word' id='word_1_175' title='bbox 743 2476 869 2539; x_wconf 83' lang='grc' dir='ltr'>τοὺς</span> <span class='ocrx_word' id='word_1_176' title='bbox 908 2470 1206 2545; x_wconf 76' lang='grc' dir='ltr'>λογισμοὺς</span> <span class='ocrx_word' id='word_1_177' title='bbox 1227 2513 1242 2539; x_wconf 91' lang='grc'><strong>,</strong></span> <span class='ocrx_word' id='word_1_178' title='bbox 1288 2475 1382 2526; x_wconf 75' lang='grc' dir='ltr'><strong>καὶ</strong></span> <span class='ocrx_word' id='word_1_179' title='bbox 1419 2466 1788 2545; x_wconf 82' lang='grc' dir='ltr'>παραφέρειν,</span> <span class='ocrx_word' id='word_1_180' title='bbox 1819 2473 1918 2526; x_wconf 70' lang='grc' dir='ltr'>καὶ</span> <span class='ocrx_word' id='word_1_181' title='bbox 1936 2472 2039 2547; x_wconf 83' lang='grc' dir='ltr'>τὴν</span> 
     </span>
    </p>
   </div>
   <div class='ocr_carea' id='block_1_27' title="bbox 438 2561 2041 2638">
    <p class='ocr_par' dir='ltr' id='par_1_27' title="bbox 438 2561 2041 2638">
     <span class='ocr_line' id='line_1_27' title="bbox 438 2561 2041 2638; baseline -0.002 -18"><span class='ocrx_word' id='word_1_182' title='bbox 438 2565 595 2637; x_wconf 82' lang='grc' dir='ltr'><strong>παρά</strong></span> <span class='ocrx_word' id='word_1_183' title='bbox 626 2563 723 2619; x_wconf 82' lang='grc' dir='ltr'><strong>τοῦ</strong></span> <span class='ocrx_word' id='word_1_184' title='bbox 749 2562 885 2618; x_wconf 83' lang='grc' dir='ltr'>Θεοῦ</span> <span class='ocrx_word' id='word_1_185' title='bbox 935 2563 1210 2636; x_wconf 83' lang='grc' dir='ltr'>τιμωρίαν</span> <span class='ocrx_word' id='word_1_186' title='bbox 1245 2561 1403 2628; x_wconf 85' lang='grc' dir='ltr'>ἐκτὸς</span> <span class='ocrx_word' id='word_1_187' title='bbox 1430 2562 1527 2619; x_wconf 86' lang='lat'><strong>105</strong></span> <span class='ocrx_word' id='word_1_188' title='bbox 1567 2563 1913 2630; x_wconf 82' lang='grc' dir='ltr'>καθεστῶτος</span> <span class='ocrx_word' id='word_1_189' title='bbox 1944 2566 2041 2638; x_wconf 87' lang='grc' dir='ltr'>ἐρ-</span> 
     </span>
    </p>
   </div>
   <div class='ocr_carea' id='block_1_28' title="bbox 438 2651 2041 2730">
    <p class='ocr_par' dir='ltr' id='par_1_28' title="bbox 438 2651 2041 2730">
     <span class='ocr_line' id='line_1_28' title="bbox 438 2651 2041 2730; baseline 0.001 -18"><span class='ocrx_word' id='word_1_190' title='bbox 438 2657 733 2727; x_wconf 84' lang='grc' dir='ltr'>γάζεσθαι.</span> <span class='ocrx_word' id='word_1_191' title='bbox 783 2654 956 2710; x_wconf 81' lang='grc' dir='ltr'>Τοῦτο</span> <span class='ocrx_word' id='word_1_192' title='bbox 1004 2651 1098 2711; x_wconf 81' lang='grc' dir='ltr'>οὖν</span> <span class='ocrx_word' id='word_1_193' title='bbox 1152 2672 1356 2728; x_wconf 85' lang='grc' dir='ltr'>φησιν·</span> <span class='ocrx_word' id='word_1_194' title='bbox 1414 2655 1541 2711; x_wconf 72' lang='grc' dir='ltr'><strong>Ὀτι</strong></span> <span class='ocrx_word' id='word_1_195' title='bbox 1596 2657 1871 2729; x_wconf 85' lang='grc' dir='ltr'>τιμωρίαν</span> <span class='ocrx_word' id='word_1_196' title='bbox 1906 2658 2041 2730; x_wconf 79' lang='grc' dir='ltr'>ἡμῖν</span> 
     </span>
    </p>
   </div>
   <div class='ocr_carea' id='block_1_29' title="bbox 437 2747 2041 2822">
    <p class='ocr_par' dir='ltr' id='par_1_29' title="bbox 437 2747 2041 2822">
     <span class='ocr_line' id='line_1_29' title="bbox 437 2747 2041 2822; baseline 0.001 -17"><span class='ocrx_word' id='word_1_197' title='bbox 437 2750 807 2822; x_wconf 81' lang='grc' dir='ltr'>ἐπενεχθῆναι</span> <span class='ocrx_word' id='word_1_198' title='bbox 849 2747 1236 2822; x_wconf 83' lang='grc' dir='ltr'>συνεχώρησας</span> <span class='ocrx_word' id='word_1_199' title='bbox 1262 2790 1276 2815; x_wconf 93' lang='grc'><strong>,</strong></span> <span class='ocrx_word' id='word_1_200' title='bbox 1303 2747 1446 2803; x_wconf 82' lang='grc' dir='ltr'>οὕτω</span> <span class='ocrx_word' id='word_1_201' title='bbox 1477 2749 1577 2821; x_wconf 81' lang='grc' dir='ltr'>μὲν</span> <span class='ocrx_word' id='word_1_202' title='bbox 1605 2749 1865 2822; x_wconf 78' lang='grc' dir='ltr'>δαψιλῶς,</span> <span class='ocrx_word' id='word_1_203' title='bbox 1895 2750 2041 2807; x_wconf 83' lang='grc' dir='ltr'>ὥστε</span> 
     </span>
    </p>
   </div>
   <div class='ocr_carea' id='block_1_30' title="bbox 437 2841 2043 2915">
    <p class='ocr_par' dir='ltr' id='par_1_30' title="bbox 437 2841 2043 2915">
     <span class='ocr_line' id='line_1_30' title="bbox 437 2841 2043 2915; baseline 0.001 -17"><span class='ocrx_word' id='word_1_204' title='bbox 437 2846 622 2900; x_wconf 74' lang='grc' dir='ltr'>δοκεῖν</span> <span class='ocrx_word' id='word_1_205' title='bbox 652 2847 733 2907; x_wconf 81' lang='grc' dir='ltr'><strong>είς</strong></span> <span class='ocrx_word' id='word_1_206' title='bbox 766 2843 1083 2912; x_wconf 76' lang='grc' dir='ltr'>ἀπόγνωσιν</span> <span class='ocrx_word' id='word_1_207' title='bbox 1118 2841 1222 2914; x_wconf 83' lang='grc' dir='ltr'>τῆς</span> <span class='ocrx_word' id='word_1_208' title='bbox 1260 2842 1537 2915; x_wconf 85' lang='grc' dir='ltr'>τιμωρίας</span> <span class='ocrx_word' id='word_1_209' title='bbox 1570 2844 1821 2915; x_wconf 83' lang='grc' dir='ltr'>μετέχειν</span> <span class='ocrx_word' id='word_1_210' title='bbox 1850 2859 1864 2875; x_wconf 84' lang='grc'><em>’</em></span> <span class='ocrx_word' id='word_1_211' title='bbox 1899 2844 2043 2899; x_wconf 78' lang='grc' dir='ltr'>οὕτω</span> 
     </span>
    </p>
   </div>
   <div class='ocr_carea' id='block_1_31' title="bbox 444 2933 2041 3010">
    <p class='ocr_par' dir='ltr' id='par_1_31' title="bbox 444 2933 2041 3010">
     <span class='ocr_line' id='line_1_31' title="bbox 444 2933 2041 3010; baseline -0.003 -18"><span class='ocrx_word' id='word_1_212' title='bbox 444 2936 504 2992; x_wconf 78' lang='grc' dir='ltr'>δὲ</span> <span class='ocrx_word' id='word_1_213' title='bbox 530 2935 797 3009; x_wconf 82' lang='grc' dir='ltr'>χαλεπὴν,</span> <span class='ocrx_word' id='word_1_214' title='bbox 824 2935 900 3000; x_wconf 83' lang='grc' dir='ltr'>ὡς</span> <span class='ocrx_word' id='word_1_215' title='bbox 930 2933 1137 2999; x_wconf 80' lang='grc' dir='ltr'>πάθους</span> <span class='ocrx_word' id='word_1_216' title='bbox 1168 2934 1263 2988; x_wconf 71' lang='grc' dir='ltr'>καὶ</span> <span class='ocrx_word' id='word_1_217' title='bbox 1294 2934 1538 3007; x_wconf 83' lang='grc' dir='ltr'>ἀθυμίας</span> <span class='ocrx_word' id='word_1_218' title='bbox 1579 2934 1871 3008; x_wconf 83' lang='grc' dir='ltr'>αὐτάρκως</span> <span class='ocrx_word' id='word_1_219' title='bbox 1901 2937 2041 3010; x_wconf 84' lang='grc' dir='ltr'>πλη-</span> 
     </span>
    </p>
   </div>
   <div class='ocr_carea' id='block_1_32' title="bbox 448 3013 1251 3101">
    <p class='ocr_par' dir='ltr' id='par_1_32' title="bbox 448 3013 1251 3101">
     <span class='ocr_line' id='line_1_32' title="bbox 448 3013 1251 3101; baseline -0.006 -17"><span class='ocrx_word' id='word_1_220' title='bbox 448 3028 576 3101; x_wconf 78' lang='grc' dir='ltr'>ροῦν</span> <span class='ocrx_word' id='word_1_221' title='bbox 600 3027 701 3101; x_wconf 79' lang='grc' dir='ltr'>τὴν</span> <span class='ocrx_word' id='word_1_222' title='bbox 742 3027 943 3099; x_wconf 81' lang='grc' dir='ltr'>ψυχήν.</span> <span class='ocrx_word' id='word_1_223' title='bbox 1244 3013 1251 3023; x_wconf 22' lang='grc' dir='ltr'><strong>ί</strong></span> 
     </span>
    </p>
   </div>
   <div class='ocr_carea' id='block_1_33' title="bbox 2137 611 3739 675">
    <p class='ocr_par' dir='ltr' id='par_1_33' title="bbox 2137 611 3739 675">
     <span class='ocr_line' id='line_1_33' title="bbox 2137 611 3739 675; baseline -0.004 -4"><span class='ocrx_word' id='word_1_224' title='bbox 2137 616 2279 671; x_wconf 85' lang='lat' dir='ltr'><strong>tritae</strong></span> <span class='ocrx_word' id='word_1_225' title='bbox 2320 630 2385 672; x_wconf 92' lang='lat' dir='ltr'><strong>ac</strong></span> <span class='ocrx_word' id='word_1_226' title='bbox 2408 614 2691 672; x_wconf 78' lang='lat' dir='ltr'><strong>dissoluta:</strong></span> <span class='ocrx_word' id='word_1_227' title='bbox 2716 613 2800 671; x_wconf 88' lang='lat' dir='ltr'><strong>sic</strong></span> <span class='ocrx_word' id='word_1_228' title='bbox 2847 613 2925 669; x_wconf 92' lang='lat' dir='ltr'><strong>ait</strong></span> <span class='ocrx_word' id='word_1_229' title='bbox 2954 632 2967 670; x_wconf 90' lang='lat'><strong>:</strong></span> <span class='ocrx_word' id='word_1_230' title='bbox 2993 611 3214 670; x_wconf 77' lang='lat' dir='ltr'><strong>Medere</strong></span> <span class='ocrx_word' id='word_1_231' title='bbox 3242 611 3654 675; x_wconf 64' lang='lat' dir='ltr'><strong>adiectionibus,</strong></span> <span class='ocrx_word' id='word_1_232' title='bbox 3682 618 3739 666; x_wconf 87' lang='lat' dir='ltr'><strong>et</strong></span> 
     </span>
    </p>
   </div>
   <div class='ocr_carea' id='block_1_34' title="bbox 2137 706 2785 764">
    <p class='ocr_par' dir='ltr' id='par_1_34' title="bbox 2137 706 2785 764">
     <span class='ocr_line' id='line_1_34' title="bbox 2137 706 2785 764; baseline -0.003 -1"><span class='ocrx_word' id='word_1_233' title='bbox 2137 706 2382 763; x_wconf 85' lang='lat' dir='ltr'><strong>dissolve</strong></span> <span class='ocrx_word' id='word_1_234' title='bbox 2414 707 2785 764; x_wconf 87' lang='lat' dir='ltr'><strong>calamitates.</strong></span> 
     </span>
    </p>
   </div>
   <div class='ocr_carea' id='block_1_35' title="bbox 2156 796 3747 871">
    <p class='ocr_par' dir='ltr' id='par_1_35' title="bbox 2156 796 3747 871">
     <span class='ocr_line' id='line_1_35' title="bbox 2156 796 3747 871; baseline -0.002 -18"><span class='ocrx_word' id='word_1_235' title='bbox 2156 834 2159 835; x_wconf 50' lang='grc' dir='ltr'><strong>ν</strong></span> <span class='ocrx_word' id='word_1_236' title='bbox 2209 796 2345 854; x_wconf 76' lang='lat' dir='ltr'><strong>lem.</strong></span> <span class='ocrx_word' id='word_1_237' title='bbox 2371 828 2444 840; x_wconf 90' lang='lat'><strong>——-</strong></span> <span class='ocrx_word' id='word_1_238' title='bbox 2466 798 2965 871; x_wconf 87' lang='lat' dir='ltr'><strong>Compunctionem</strong></span> <span class='ocrx_word' id='word_1_239' title='bbox 2998 804 3160 853; x_wconf 89' lang='lat' dir='ltr'><strong>vocat</strong></span> <span class='ocrx_word' id='word_1_240' title='bbox 3189 798 3495 870; x_wconf 74' lang='lat' dir='ltr'><strong>quamlibet</strong></span> <span class='ocrx_word' id='word_1_241' title='bbox 3539 796 3747 852; x_wconf 70' lang='lat' dir='ltr'><strong>animm</strong></span> 
     </span>
    </p>
   </div>
   <div class='ocr_carea' id='block_1_36' title="bbox 2138 888 3739 966">
    <p class='ocr_par' dir='ltr' id='par_1_36' title="bbox 2138 888 3739 966">
     <span class='ocr_line' id='line_1_36' title="bbox 2138 888 3739 966; baseline -0.006 -15"><span class='ocrx_word' id='word_1_242' title='bbox 2138 906 2269 966; x_wconf 86' lang='lat' dir='ltr'><strong>erga</strong></span> <span class='ocrx_word' id='word_1_243' title='bbox 2314 906 2702 965; x_wconf 84' lang='lat' dir='ltr'><strong>quamcunque</strong></span> <span class='ocrx_word' id='word_1_244' title='bbox 2739 908 2855 949; x_wconf 88' lang='lat' dir='ltr'><strong>rem</strong></span> <span class='ocrx_word' id='word_1_245' title='bbox 2897 890 3281 956; x_wconf 69' lang='lat' dir='ltr'><strong>affectionem;</strong></span> <span class='ocrx_word' id='word_1_246' title='bbox 3313 897 3375 946; x_wconf 92' lang='lat' dir='ltr'><strong>ut</strong></span> <span class='ocrx_word' id='word_1_247' title='bbox 3415 905 3541 945; x_wconf 88' lang='lat' dir='ltr'><strong>cum</strong></span> <span class='ocrx_word' id='word_1_248' title='bbox 3573 888 3739 955; x_wconf 87' lang='lat' dir='ltr'><strong>dicit,</strong></span> 
     </span>
    </p>
   </div>
   <div class='ocr_carea' id='block_1_37' title="bbox 2138 980 3740 1057">
    <p class='ocr_par' dir='ltr' id='par_1_37' title="bbox 2138 980 3740 1057">
     <span class='ocr_line' id='line_1_37' title="bbox 2138 980 3740 1057; baseline -0.003 -16"><span class='ocrx_word' id='word_1_249' title='bbox 2138 985 2404 1057; x_wconf 81' lang='lat' dir='ltr'><strong>Dissipati</strong></span> <span class='ocrx_word' id='word_1_250' title='bbox 2446 995 2592 1053; x_wconf 83' lang='lat' dir='ltr'><strong>sunt,</strong></span> <span class='ocrx_word' id='word_1_251' title='bbox 2632 1002 2726 1042; x_wconf 72' lang='lat' dir='ltr'><strong>nec</strong></span> <span class='ocrx_word' id='word_1_252' title='bbox 2774 984 3081 1056; x_wconf 76' lang='lat' dir='ltr'><strong>compuncti</strong></span> <span class='ocrx_word' id='word_1_253' title='bbox 3106 982 3284 1055; x_wconf 77' lang='lat' dir='ltr'><strong>(Psal.</strong></span> <span class='ocrx_word' id='word_1_254' title='bbox 3314 997 3506 1038; x_wconf 76' lang='lat' dir='ltr'><strong>xxxiv.</strong></span> <span class='ocrx_word' id='word_1_255' title='bbox 3537 982 3652 1053; x_wconf 84' lang='lat' dir='ltr'><strong>l5),</strong></span> <span class='ocrx_word' id='word_1_256' title='bbox 3680 980 3740 1036; x_wconf 87' lang='lat' dir='ltr'><strong>id</strong></span> 
     </span>
    </p>
   </div>
   <div class='ocr_carea' id='block_1_38' title="bbox 2138 1074 3743 1153">
    <p class='ocr_par' dir='ltr' id='par_1_38' title="bbox 2138 1074 3743 1153">
     <span class='ocr_line' id='line_1_38' title="bbox 2138 1074 3743 1153; baseline -0.004 -16"><span class='ocrx_word' id='word_1_257' title='bbox 2138 1087 2249 1145; x_wconf 88' lang='lat' dir='ltr'><strong>est,</strong></span> <span class='ocrx_word' id='word_1_258' title='bbox 2276 1095 2661 1153; x_wconf 58' lang='lat' dir='ltr'><strong>saepenumero</strong></span> <span class='ocrx_word' id='word_1_259' title='bbox 2693 1079 2970 1146; x_wconf 80' lang='lat' dir='ltr'><strong>frustrati,</strong></span> <span class='ocrx_word' id='word_1_260' title='bbox 3019 1074 3337 1148; x_wconf 78' lang='lat' dir='ltr'><strong>nequedum</strong></span> <span class='ocrx_word' id='word_1_261' title='bbox 3378 1074 3565 1131; x_wconf 90' lang='lat' dir='ltr'><strong>animo</strong></span> <span class='ocrx_word' id='word_1_262' title='bbox 3603 1074 3743 1131; x_wconf 93' lang='lat' dir='ltr'><strong>moti</strong></span> 
     </span>
    </p>
   </div>
   <div class='ocr_carea' id='block_1_39' title="bbox 2141 1169 3746 1245">
    <p class='ocr_par' dir='ltr' id='par_1_39' title="bbox 2141 1169 3746 1245">
     <span class='ocr_line' id='line_1_39' title="bbox 2141 1169 3746 1245; baseline -0.004 -16"><span class='ocrx_word' id='word_1_263' title='bbox 2141 1181 2294 1239; x_wconf 88' lang='lat' dir='ltr'><strong>sunt,</strong></span> <span class='ocrx_word' id='word_1_264' title='bbox 2346 1188 2531 1245; x_wconf 90' lang='lat' dir='ltr'><strong>neque</strong></span> <span class='ocrx_word' id='word_1_265' title='bbox 2575 1174 2911 1244; x_wconf 83' lang='lat' dir='ltr'><strong>semetipsos</strong></span> <span class='ocrx_word' id='word_1_266' title='bbox 2957 1178 3321 1228; x_wconf 74' lang='lat' dir='ltr'><strong>accusarunt.</strong></span> <span class='ocrx_word' id='word_1_267' title='bbox 3373 1169 3513 1226; x_wconf 84' lang='lat' dir='ltr'><strong>Tale</strong></span> <span class='ocrx_word' id='word_1_268' title='bbox 3559 1176 3648 1225; x_wconf 90' lang='lat' dir='ltr'><strong>est</strong></span> <span class='ocrx_word' id='word_1_269' title='bbox 3684 1172 3746 1223; x_wconf 88' lang='lat' dir='ltr'><strong>et</strong></span> 
     </span>
    </p>
   </div>
   <div class='ocr_carea' id='block_1_40' title="bbox 2142 1260 3742 1332">
    <p class='ocr_par' dir='ltr' id='par_1_40' title="bbox 2142 1260 3742 1332">
     <span class='ocr_line' id='line_1_40' title="bbox 2142 1260 3742 1332; baseline -0.003 -12"><span class='ocrx_word' id='word_1_270' title='bbox 2142 1263 2302 1331; x_wconf 90' lang='lat' dir='ltr'><strong>illud,</strong></span> <span class='ocrx_word' id='word_1_271' title='bbox 2352 1264 2485 1332; x_wconf 68' lang='lat' dir='ltr'><strong>Qui:</strong></span> <span class='ocrx_word' id='word_1_272' title='bbox 2515 1264 2698 1321; x_wconf 79' lang='lat' dir='ltr'><strong>dicitis</strong></span> <span class='ocrx_word' id='word_1_273' title='bbox 2747 1264 2803 1320; x_wconf 84' lang='lat' dir='ltr'><strong>in</strong></span> <span class='ocrx_word' id='word_1_274' title='bbox 2833 1262 3085 1320; x_wconf 77' lang='lat' dir='ltr'><strong>cordibus</strong></span> <span class='ocrx_word' id='word_1_275' title='bbox 3126 1264 3337 1330; x_wconf 72' lang='lat' dir='ltr'><strong>vestris,</strong></span> <span class='ocrx_word' id='word_1_276' title='bbox 3373 1263 3432 1318; x_wconf 82' lang='lat' dir='ltr'><strong>in</strong></span> <span class='ocrx_word' id='word_1_277' title='bbox 3476 1260 3742 1316; x_wconf 72' lang='lat' dir='ltr'><strong>cubilibus</strong></span> 
     </span>
    </p>
   </div>
   <div class='ocr_carea' id='block_1_41' title="bbox 2096 1354 3746 1431">
    <p class='ocr_par' dir='ltr' id='par_1_41' title="bbox 2096 1354 3746 1431">
     <span class='ocr_line' id='line_1_41' title="bbox 2096 1354 3746 1431; baseline -0.001 -16"><span class='ocrx_word' id='word_1_278' title='bbox 2096 1422 2099 1423; x_wconf 16' lang='grc' dir='ltr'><strong>γ</strong></span> <span class='ocrx_word' id='word_1_279' title='bbox 2140 1359 2332 1415; x_wconf 72' lang='lat' dir='ltr'><strong>castris</strong></span> <span class='ocrx_word' id='word_1_280' title='bbox 2382 1359 2803 1431; x_wconf 77' lang='lat' dir='ltr'><strong>compungimiui</strong></span> <span class='ocrx_word' id='word_1_281' title='bbox 2844 1357 3025 1431; x_wconf 79' lang='lat' dir='ltr'><strong>(Psal.</strong></span> <span class='ocrx_word' id='word_1_282' title='bbox 3078 1373 3158 1424; x_wconf 79' lang='lat' dir='ltr'><strong>tv,</strong></span> <span class='ocrx_word' id='word_1_283' title='bbox 3204 1357 3285 1430; x_wconf 85' lang='lat'><strong>5).</strong></span> <span class='ocrx_word' id='word_1_284' title='bbox 3327 1356 3390 1414; x_wconf 86' lang='lat' dir='ltr'><strong>ld</strong></span> <span class='ocrx_word' id='word_1_285' title='bbox 3446 1363 3557 1423; x_wconf 83' lang='lat' dir='ltr'><strong>est,</strong></span> <span class='ocrx_word' id='word_1_286' title='bbox 3608 1354 3746 1422; x_wconf 65' lang='lat' dir='ltr'><strong>Qua</strong></span> 
     </span>
    </p>
   </div>
   <div class='ocr_carea' id='block_1_42' title="bbox 2116 1452 3748 1526">
    <p class='ocr_par' dir='ltr' id='par_1_42' title="bbox 2116 1452 3748 1526">
     <span class='ocr_line' id='line_1_42' title="bbox 2116 1452 3748 1526; baseline -0.001 -17"><span class='ocrx_word' id='word_1_287' title='bbox 2116 1461 2327 1519; x_wconf 65' lang='lat' dir='ltr'><strong>,mente</strong></span> <span class='ocrx_word' id='word_1_288' title='bbox 2357 1454 2603 1519; x_wconf 84' lang='lat' dir='ltr'><strong>volvitis,</strong></span> <span class='ocrx_word' id='word_1_289' title='bbox 2635 1456 2693 1510; x_wconf 89' lang='lat' dir='ltr'><strong>in</strong></span> <span class='ocrx_word' id='word_1_290' title='bbox 2720 1455 2909 1526; x_wconf 81' lang='lat' dir='ltr'><strong>quiete</strong></span> <span class='ocrx_word' id='word_1_291' title='bbox 2940 1453 3257 1518; x_wconf 84' lang='lat' dir='ltr'><strong>constituti,</strong></span> <span class='ocrx_word' id='word_1_292' title='bbox 3304 1453 3360 1508; x_wconf 91' lang='lat' dir='ltr'><strong>in</strong></span> <span class='ocrx_word' id='word_1_293' title='bbox 3404 1452 3606 1509; x_wconf 86' lang='lat' dir='ltr'><strong>lectulo</strong></span> <span class='ocrx_word' id='word_1_294' title='bbox 3651 1466 3748 1507; x_wconf 85' lang='lat' dir='ltr'><strong>ra-</strong></span> 
     </span>
    </p>
   </div>
   <div class='ocr_carea' id='block_1_43' title="bbox 2140 1546 3747 1619">
    <p class='ocr_par' dir='ltr' id='par_1_43' title="bbox 2140 1546 3747 1619">
     <span class='ocr_line' id='line_1_43' title="bbox 2140 1546 3747 1619; baseline -0.001 -18"><span class='ocrx_word' id='word_1_295' title='bbox 2140 1548 2349 1604; x_wconf 91' lang='lat' dir='ltr'><strong>tionem</strong></span> <span class='ocrx_word' id='word_1_296' title='bbox 2402 1549 2660 1603; x_wconf 88' lang='lat' dir='ltr'><strong>ineuntes</strong></span> <span class='ocrx_word' id='word_1_297' title='bbox 2682 1546 3063 1619; x_wconf 80' lang='lat' dir='ltr'><strong>vosmetipsos</strong></span> <span class='ocrx_word' id='word_1_298' title='bbox 3101 1546 3497 1611; x_wconf 79' lang='lat' dir='ltr'><strong>condemnate,</strong></span> <span class='ocrx_word' id='word_1_299' title='bbox 3529 1553 3586 1601; x_wconf 92' lang='lat' dir='ltr'><strong>et</strong></span> <span class='ocrx_word' id='word_1_300' title='bbox 3621 1557 3747 1615; x_wconf 74' lang='lat' dir='ltr'><strong>pce-</strong></span> 
     </span>
    </p>
   </div>
   <div class='ocr_carea' id='block_1_44' title="bbox 2143 1635 3747 1713">
    <p class='ocr_par' dir='ltr' id='par_1_44' title="bbox 2143 1635 3747 1713">
     <span class='ocr_line' id='line_1_44' title="bbox 2143 1635 3747 1713; baseline -0.001 -18"><span class='ocrx_word' id='word_1_301' title='bbox 2143 1640 2439 1696; x_wconf 85' lang='lat' dir='ltr'><strong>nitentiam</strong></span> <span class='ocrx_word' id='word_1_302' title='bbox 2476 1641 2623 1713; x_wconf 85' lang='lat' dir='ltr'><strong>agite</strong></span> <span class='ocrx_word' id='word_1_303' title='bbox 2652 1655 2757 1711; x_wconf 89' lang='lat' dir='ltr'><strong>pro</strong></span> <span class='ocrx_word' id='word_1_304' title='bbox 2795 1639 3140 1696; x_wconf 81' lang='lat' dir='ltr'><strong>commissis.</strong></span> <span class='ocrx_word' id='word_1_305' title='bbox 3182 1638 3279 1695; x_wconf 90' lang='lat' dir='ltr'><strong>Sic</strong></span> <span class='ocrx_word' id='word_1_306' title='bbox 3320 1638 3491 1695; x_wconf 88' lang='lat' dir='ltr'><strong>etiam</strong></span> <span class='ocrx_word' id='word_1_307' title='bbox 3537 1638 3606 1693; x_wconf 87' lang='lat' dir='ltr'><strong>ad</strong></span> <span class='ocrx_word' id='word_1_308' title='bbox 3640 1635 3747 1694; x_wconf 85' lang='lat' dir='ltr'><strong>Su-</strong></span> 
     </span>
    </p>
   </div>
   <div class='ocr_carea' id='block_1_45' title="bbox 2144 1731 3749 1802">
    <p class='ocr_par' dir='ltr' id='par_1_45' title="bbox 2144 1731 3749 1802">
     <span class='ocr_line' id='line_1_45' title="bbox 2144 1731 3749 1802; baseline -0.002 -13"><span class='ocrx_word' id='word_1_309' title='bbox 2144 1746 2379 1789; x_wconf 88' lang='lat' dir='ltr'><strong>sannam</strong></span> <span class='ocrx_word' id='word_1_310' title='bbox 2402 1733 2472 1788; x_wconf 87' lang='lat' dir='ltr'><strong>de</strong></span> <span class='ocrx_word' id='word_1_311' title='bbox 2504 1732 2824 1789; x_wconf 85' lang='lat' dir='ltr'><strong>senioribus</strong></span> <span class='ocrx_word' id='word_1_312' title='bbox 2854 1732 2952 1800; x_wconf 86' lang='lat' dir='ltr'><strong>ait,</strong></span> <span class='ocrx_word' id='word_1_313' title='bbox 2987 1731 3257 1799; x_wconf 68' lang='lat' dir='ltr'><strong>Quoniam</strong></span> <span class='ocrx_word' id='word_1_314' title='bbox 3287 1731 3593 1802; x_wconf 78' lang='lat' dir='ltr'><strong>compuncti</strong></span> <span class='ocrx_word' id='word_1_315' title='bbox 3616 1737 3749 1787; x_wconf 84' lang='lat' dir='ltr'><strong>sunt</strong></span> 
     </span>
    </p>
   </div>
   <div class='ocr_carea' id='block_1_46' title="bbox 2144 1823 3749 1897">
    <p class='ocr_par' dir='ltr' id='par_1_46' title="bbox 2144 1823 3749 1897">
     <span class='ocr_line' id='line_1_46' title="bbox 2144 1823 3749 1897; baseline 0.001 -18"><span class='ocrx_word' id='word_1_316' title='bbox 2144 1824 2304 1881; x_wconf 81' lang='lat' dir='ltr'><strong>corde</strong></span> <span class='ocrx_word' id='word_1_317' title='bbox 2336 1823 2502 1897; x_wconf 78' lang='lat' dir='ltr'><strong>(Dan.</strong></span> <span class='ocrx_word' id='word_1_318' title='bbox 2538 1840 2658 1891; x_wconf 80' lang='lat' dir='ltr'><strong>xui,</strong></span> <span class='ocrx_word' id='word_1_319' title='bbox 2702 1825 2831 1892; x_wconf 85' lang='lat'><strong>56);</strong></span> <span class='ocrx_word' id='word_1_320' title='bbox 2865 1825 2920 1882; x_wconf 89' lang='lat' dir='ltr'><strong>id</strong></span> <span class='ocrx_word' id='word_1_321' title='bbox 2975 1833 3082 1893; x_wconf 88' lang='lat' dir='ltr'><strong>est,</strong></span> <span class='ocrx_word' id='word_1_322' title='bbox 3115 1824 3299 1883; x_wconf 74' lang='lat' dir='ltr'><strong>allecti</strong></span> <span class='ocrx_word' id='word_1_323' title='bbox 3341 1824 3567 1883; x_wconf 87' lang='lat' dir='ltr'><strong>fuerunt</strong></span> <span class='ocrx_word' id='word_1_324' title='bbox 3613 1839 3749 1897; x_wconf 86' lang='lat' dir='ltr'><strong>erga</strong></span> 
     </span>
    </p>
   </div>
   <div class='ocr_carea' id='block_1_47' title="bbox 2144 1915 3751 1990">
    <p class='ocr_par' dir='ltr' id='par_1_47' title="bbox 2144 1915 3751 1990">
     <span class='ocr_line' id='line_1_47' title="bbox 2144 1915 3751 1990; baseline 0.001 -17"><span class='ocrx_word' id='word_1_325' title='bbox 2144 1918 2296 1974; x_wconf 89' lang='lat' dir='ltr'><strong>illam</strong></span> <span class='ocrx_word' id='word_1_326' title='bbox 2355 1933 2387 1973; x_wconf 89' lang='lat' dir='ltr'><strong>a</strong></span> <span class='ocrx_word' id='word_1_327' title='bbox 2441 1917 2901 1989; x_wconf 84' lang='lat' dir='ltr'><strong>concupiscentia</strong></span> <span class='ocrx_word' id='word_1_328' title='bbox 2947 1915 3177 1976; x_wconf 86' lang='lat' dir='ltr'><strong>detenti.</strong></span> <span class='ocrx_word' id='word_1_329' title='bbox 3235 1917 3355 1976; x_wconf 83' lang='lat' dir='ltr'><strong>Hoc</strong></span> <span class='ocrx_word' id='word_1_330' title='bbox 3402 1919 3530 1976; x_wconf 85' lang='lat' dir='ltr'><strong>loco</strong></span> <span class='ocrx_word' id='word_1_331' title='bbox 3579 1918 3751 1990; x_wconf 89' lang='lat' dir='ltr'><strong>igitur</strong></span> 
     </span>
    </p>
   </div>
   <div class='ocr_carea' id='block_1_48' title="bbox 2142 1996 3751 2081">
    <p class='ocr_par' dir='ltr' id='par_1_48' title="bbox 2142 1996 3751 2081">
     <span class='ocr_line' id='line_1_48' title="bbox 2142 1996 3751 2081; baseline 0.002 -18"><span class='ocrx_word' id='word_1_332' title='bbox 2142 2007 2627 2078; x_wconf 89' lang='lat' dir='ltr'><strong>compunctionem</strong></span> <span class='ocrx_word' id='word_1_333' title='bbox 2657 2014 2823 2062; x_wconf 85' lang='lat' dir='ltr'><strong>vocat</strong></span> <span class='ocrx_word' id='word_1_334' title='bbox 2859 2009 3395 2081; x_wconf 77' lang='lat' dir='ltr'><strong>concupiscentiam,</strong></span> <span class='ocrx_word' id='word_1_335' title='bbox 3436 1996 3500 2065; x_wconf 77' lang='lat' dir='ltr'><strong>ui</strong></span> <span class='ocrx_word' id='word_1_336' title='bbox 3536 2024 3659 2080; x_wconf 75' lang='lat' dir='ltr'><strong>quae</strong></span> <span class='ocrx_word' id='word_1_337' title='bbox 3688 2009 3751 2068; x_wconf 75' lang='lat' dir='ltr'><strong>in</strong></span> 
     </span>
    </p>
   </div>
   <div class='ocr_carea' id='block_1_49' title="bbox 2143 2097 3745 2167">
    <p class='ocr_par' dir='ltr' id='par_1_49' title="bbox 2143 2097 3745 2167">
     <span class='ocr_line' id='line_1_49' title="bbox 2143 2097 3745 2167; baseline 0.001 -13"><span class='ocrx_word' id='word_1_338' title='bbox 2143 2099 2328 2155; x_wconf 90' lang='lat' dir='ltr'><strong>anima</strong></span> <span class='ocrx_word' id='word_1_339' title='bbox 2374 2098 2580 2155; x_wconf 78' lang='lat' dir='ltr'><strong>excitet</strong></span> <span class='ocrx_word' id='word_1_340' title='bbox 2634 2097 3004 2155; x_wconf 84' lang='lat' dir='ltr'><strong>all‘ectionem.</strong></span> <span class='ocrx_word' id='word_1_341' title='bbox 3058 2100 3537 2167; x_wconf 74' lang='lat' dir='ltr'><strong>Quemadmodum</strong></span> <span class='ocrx_word' id='word_1_342' title='bbox 3595 2106 3745 2158; x_wconf 90' lang='lat' dir='ltr'><strong>enim</strong></span> 
     </span>
    </p>
   </div>
   <div class='ocr_carea' id='block_1_50' title="bbox 2145 2191 3746 2263">
    <p class='ocr_par' dir='ltr' id='par_1_50' title="bbox 2145 2191 3746 2263">
     <span class='ocr_line' id='line_1_50' title="bbox 2145 2191 3746 2263; baseline 0.004 -20"><span class='ocrx_word' id='word_1_343' title='bbox 2145 2191 2473 2263; x_wconf 60' lang='lat' dir='ltr'><strong>paenitentia</strong></span> <span class='ocrx_word' id='word_1_344' title='bbox 2505 2199 2563 2247; x_wconf 91' lang='lat' dir='ltr'><strong>et</strong></span> <span class='ocrx_word' id='word_1_345' title='bbox 2598 2192 2953 2261; x_wconf 91' lang='lat' dir='ltr'><strong>compunctio</strong></span> <span class='ocrx_word' id='word_1_346' title='bbox 2997 2193 3079 2249; x_wconf 89' lang='lat' dir='ltr'><strong>rei</strong></span> <span class='ocrx_word' id='word_1_347' title='bbox 3125 2192 3384 2249; x_wconf 69' lang='lat' dir='ltr'><strong>affectum</strong></span> <span class='ocrx_word' id='word_1_348' title='bbox 3434 2194 3658 2260; x_wconf 89' lang='lat' dir='ltr'><strong>inserit,</strong></span> <span class='ocrx_word' id='word_1_349' title='bbox 3687 2203 3746 2250; x_wconf 91' lang='lat' dir='ltr'><strong>et</strong></span> 
     </span>
    </p>
   </div>
   <div class='ocr_carea' id='block_1_51' title="bbox 2144 2283 3747 2356">
    <p class='ocr_par' dir='ltr' id='par_1_51' title="bbox 2144 2283 3747 2356">
     <span class='ocr_line' id='line_1_51' title="bbox 2144 2283 3747 2356; baseline -0.001 -15"><span class='ocrx_word' id='word_1_350' title='bbox 2144 2285 2290 2341; x_wconf 91' lang='lat' dir='ltr'><strong>sicut</strong></span> <span class='ocrx_word' id='word_1_351' title='bbox 2323 2283 2777 2356; x_wconf 88' lang='lat' dir='ltr'><strong>concupiscentia</strong></span> <span class='ocrx_word' id='word_1_352' title='bbox 2808 2292 2865 2339; x_wconf 90' lang='lat' dir='ltr'><strong>et</strong></span> <span class='ocrx_word' id='word_1_353' title='bbox 2892 2299 3047 2341; x_wconf 88' lang='lat' dir='ltr'><strong>amor</strong></span> <span class='ocrx_word' id='word_1_354' title='bbox 3070 2286 3401 2354; x_wconf 84' lang='lat' dir='ltr'><strong>molestiam,</strong></span> <span class='ocrx_word' id='word_1_355' title='bbox 3449 2286 3531 2342; x_wconf 92' lang='lat' dir='ltr'><strong>sie</strong></span> <span class='ocrx_word' id='word_1_356' title='bbox 3573 2285 3747 2341; x_wconf 90' lang='lat' dir='ltr'><strong>animi</strong></span> 
     </span>
    </p>
   </div>
   <div class='ocr_carea' id='block_1_52' title="bbox 2144 2376 3749 2451">
    <p class='ocr_par' dir='ltr' id='par_1_52' title="bbox 2144 2376 3749 2451">
     <span class='ocr_line' id='line_1_52' title="bbox 2144 2376 3749 2451; baseline 0 -18"><span class='ocrx_word' id='word_1_357' title='bbox 2144 2376 2382 2449; x_wconf 85' lang='lat' dir='ltr'><strong>dejectio</strong></span> <span class='ocrx_word' id='word_1_358' title='bbox 2440 2378 2758 2449; x_wconf 85' lang='lat' dir='ltr'><strong>passionem</strong></span> <span class='ocrx_word' id='word_1_359' title='bbox 2807 2377 3027 2451; x_wconf 84' lang='lat' dir='ltr'><strong>ingerit.</strong></span> <span class='ocrx_word' id='word_1_360' title='bbox 3070 2377 3244 2434; x_wconf 86' lang='lat' dir='ltr'><strong>Porro</strong></span> <span class='ocrx_word' id='word_1_361' title='bbox 3285 2377 3476 2434; x_wconf 88' lang='lat' dir='ltr'><strong>vinum</strong></span> <span class='ocrx_word' id='word_1_362' title='bbox 3527 2393 3749 2449; x_wconf 87' lang='lat' dir='ltr'><strong>semper</strong></span> 
     </span>
    </p>
   </div>
   <div class='ocr_carea' id='block_1_53' title="bbox 2143 2460 3749 2542">
    <p class='ocr_par' dir='ltr' id='par_1_53' title="bbox 2143 2460 3749 2542">
     <span class='ocr_line' id='line_1_53' title="bbox 2143 2460 3749 2542; baseline -0.001 -17"><span class='ocrx_word' id='word_1_363' title='bbox 2143 2460 2214 2526; x_wconf 83' lang='lat' dir='ltr'><strong>de</strong></span> <span class='ocrx_word' id='word_1_364' title='bbox 2266 2469 2587 2525; x_wconf 85' lang='lat' dir='ltr'><strong>calamitate</strong></span> <span class='ocrx_word' id='word_1_365' title='bbox 2634 2479 2689 2526; x_wconf 90' lang='lat' dir='ltr'><strong>et</strong></span> <span class='ocrx_word' id='word_1_366' title='bbox 2734 2470 3012 2542; x_wconf 87' lang='lat' dir='ltr'><strong>supplicio</strong></span> <span class='ocrx_word' id='word_1_367' title='bbox 3047 2469 3220 2538; x_wconf 87' lang='lat' dir='ltr'><strong>dicit;</strong></span> <span class='ocrx_word' id='word_1_368' title='bbox 3273 2485 3341 2526; x_wconf 91' lang='lat' dir='ltr'><strong>eo</strong></span> <span class='ocrx_word' id='word_1_369' title='bbox 3384 2470 3530 2541; x_wconf 89' lang='lat' dir='ltr'><strong>quod</strong></span> <span class='ocrx_word' id='word_1_370' title='bbox 3562 2468 3749 2525; x_wconf 90' lang='lat' dir='ltr'><strong>vinum</strong></span> 
     </span>
    </p>
   </div>
   <div class='ocr_carea' id='block_1_54' title="bbox 2144 2560 3753 2634">
    <p class='ocr_par' dir='ltr' id='par_1_54' title="bbox 2144 2560 3753 2634">
     <span class='ocr_line' id='line_1_54' title="bbox 2144 2560 3753 2634; baseline 0 -16"><span class='ocrx_word' id='word_1_371' title='bbox 2144 2561 2430 2633; x_wconf 83' lang='lat' dir='ltr'><strong>copiosius</strong></span> <span class='ocrx_word' id='word_1_372' title='bbox 2468 2560 2662 2617; x_wconf 90' lang='lat' dir='ltr'><strong>datum</strong></span> <span class='ocrx_word' id='word_1_373' title='bbox 2704 2562 3070 2634; x_wconf 79' lang='lat' dir='ltr'><strong>cogitationes</strong></span> <span class='ocrx_word' id='word_1_374' title='bbox 3116 2560 3441 2627; x_wconf 82' lang='lat' dir='ltr'><strong>transferat,</strong></span> <span class='ocrx_word' id='word_1_375' title='bbox 3475 2569 3531 2618; x_wconf 88' lang='lat' dir='ltr'><strong>et</strong></span> <span class='ocrx_word' id='word_1_376' title='bbox 3566 2569 3753 2618; x_wconf 84' lang='lat' dir='ltr'><strong>trans-</strong></span> 
     </span>
    </p>
   </div>
   <div class='ocr_carea' id='block_1_55' title="bbox 2143 2654 3753 2733">
    <p class='ocr_par' dir='ltr' id='par_1_55' title="bbox 2143 2654 3753 2733">
     <span class='ocr_line' id='line_1_55' title="bbox 2143 2654 3753 2733; baseline -0.002 -20"><span class='ocrx_word' id='word_1_377' title='bbox 2143 2663 2347 2726; x_wconf 86' lang='lat' dir='ltr'><strong>vertat,</strong></span> <span class='ocrx_word' id='word_1_378' title='bbox 2404 2664 2460 2713; x_wconf 91' lang='lat' dir='ltr'><strong>et</strong></span> <span class='ocrx_word' id='word_1_379' title='bbox 2497 2656 2832 2727; x_wconf 86' lang='lat' dir='ltr'><strong>supplicium</strong></span> <span class='ocrx_word' id='word_1_380' title='bbox 2867 2671 2897 2710; x_wconf 92' lang='lat' dir='ltr'><strong>a</strong></span> <span class='ocrx_word' id='word_1_381' title='bbox 2948 2654 3061 2712; x_wconf 92' lang='lat' dir='ltr'><strong>Deo</strong></span> <span class='ocrx_word' id='word_1_382' title='bbox 3114 2656 3331 2733; x_wconf 81' lang='lat' dir='ltr'><strong>illatum</strong></span> <span class='ocrx_word' id='word_1_383' title='bbox 3380 2670 3413 2711; x_wconf 91' lang='lat' dir='ltr'><strong>a</strong></span> <span class='ocrx_word' id='word_1_384' title='bbox 3464 2671 3567 2713; x_wconf 90' lang='lat' dir='ltr'><strong>suo</strong></span> <span class='ocrx_word' id='word_1_385' title='bbox 3602 2662 3753 2712; x_wconf 89' lang='lat' dir='ltr'><strong>statu</strong></span> 
     </span>
    </p>
   </div>
   <div class='ocr_carea' id='block_1_56' title="bbox 2144 2746 3755 2821">
    <p class='ocr_par' dir='ltr' id='par_1_56' title="bbox 2144 2746 3755 2821">
     <span class='ocr_line' id='line_1_56' title="bbox 2144 2746 3755 2821; baseline -0.001 -16"><span class='ocrx_word' id='word_1_386' title='bbox 2144 2757 2387 2807; x_wconf 88' lang='lat' dir='ltr'><strong>mentem</strong></span> <span class='ocrx_word' id='word_1_387' title='bbox 2412 2748 2710 2805; x_wconf 81' lang='lat' dir='ltr'><strong>dimoveat.</strong></span> <span class='ocrx_word' id='word_1_388' title='bbox 2752 2746 2870 2803; x_wconf 84' lang='lat' dir='ltr'><strong>Hoc</strong></span> <span class='ocrx_word' id='word_1_389' title='bbox 2906 2748 3093 2821; x_wconf 87' lang='lat' dir='ltr'><strong>itaque</strong></span> <span class='ocrx_word' id='word_1_390' title='bbox 3124 2749 3263 2806; x_wconf 90' lang='lat' dir='ltr'><strong>dicit</strong></span> <span class='ocrx_word' id='word_1_391' title='bbox 3295 2768 3308 2805; x_wconf 93' lang='lat'>:</span> <span class='ocrx_word' id='word_1_392' title='bbox 3343 2748 3619 2818; x_wconf 86' lang='lat' dir='ltr'><strong>Quoniam</strong></span> <span class='ocrx_word' id='word_1_393' title='bbox 3650 2766 3755 2806; x_wconf 82' lang='lat' dir='ltr'><strong>no-</strong></span> 
     </span>
    </p>
   </div>
   <div class='ocr_carea' id='block_1_57' title="bbox 2145 2840 3758 2917">
    <p class='ocr_par' dir='ltr' id='par_1_57' title="bbox 2145 2840 3758 2917">
     <span class='ocr_line' id='line_1_57' title="bbox 2145 2840 3758 2917; baseline -0.001 -15"><span class='ocrx_word' id='word_1_394' title='bbox 2145 2845 2232 2902; x_wconf 87' lang='lat' dir='ltr'><strong>bis</strong></span> <span class='ocrx_word' id='word_1_395' title='bbox 2289 2843 2626 2917; x_wconf 89' lang='lat' dir='ltr'><strong>supplicium</strong></span> <span class='ocrx_word' id='word_1_396' title='bbox 2696 2842 2932 2915; x_wconf 79' lang='lat' dir='ltr'><strong>irrogari</strong></span> <span class='ocrx_word' id='word_1_397' title='bbox 2986 2842 3333 2914; x_wconf 86' lang='lat' dir='ltr'><strong>permisisti,</strong></span> <span class='ocrx_word' id='word_1_398' title='bbox 3397 2841 3564 2915; x_wconf 91' lang='lat' dir='ltr'><strong>idque</strong></span> <span class='ocrx_word' id='word_1_399' title='bbox 3616 2840 3758 2901; x_wconf 86' lang='lat' dir='ltr'><strong>adeo</strong></span> 
     </span>
    </p>
   </div>
   <div class='ocr_carea' id='block_1_58' title="bbox 2147 2936 3756 3008">
    <p class='ocr_par' dir='ltr' id='par_1_58' title="bbox 2147 2936 3756 3008">
     <span class='ocr_line' id='line_1_58' title="bbox 2147 2936 3756 3008; baseline -0.002 -12"><span class='ocrx_word' id='word_1_400' title='bbox 2147 2939 2414 3004; x_wconf 86' lang='lat' dir='ltr'><strong>ubertim,</strong></span> <span class='ocrx_word' id='word_1_401' title='bbox 2457 2945 2520 2992; x_wconf 90' lang='lat' dir='ltr'><strong>ut</strong></span> <span class='ocrx_word' id='word_1_402' title='bbox 2558 2952 2672 3008; x_wconf 74' lang='lat' dir='ltr'><strong>pra:</strong></span> <span class='ocrx_word' id='word_1_403' title='bbox 2705 2951 2871 3008; x_wconf 65' lang='lat' dir='ltr'><strong>paena</strong></span> <span class='ocrx_word' id='word_1_404' title='bbox 2914 2939 2973 2994; x_wconf 90' lang='lat' dir='ltr'><strong>in</strong></span> <span class='ocrx_word' id='word_1_405' title='bbox 3006 2936 3449 3007; x_wconf 86' lang='lat' dir='ltr'><strong>desperationem</strong></span> <span class='ocrx_word' id='word_1_406' title='bbox 3491 2936 3756 2994; x_wconf 82' lang='lat' dir='ltr'><strong>inducere</strong></span> 
     </span>
    </p>
   </div>
   <div class='ocr_carea' id='block_1_59' title="bbox 2145 3029 3755 3103">
    <p class='ocr_par' dir='ltr' id='par_1_59' title="bbox 2145 3029 3755 3103">
     <span class='ocr_line' id='line_1_59' title="bbox 2145 3029 3755 3103; baseline -0.001 -17"><span class='ocrx_word' id='word_1_407' title='bbox 2145 3032 2456 3099; x_wconf 84' lang='lat' dir='ltr'><strong>videreris;</strong></span> <span class='ocrx_word' id='word_1_408' title='bbox 2495 3030 2636 3086; x_wconf 90' lang='lat' dir='ltr'><strong>adeo</strong></span> <span class='ocrx_word' id='word_1_409' title='bbox 2665 3041 2849 3086; x_wconf 86' lang='lat' dir='ltr'><strong>autem</strong></span> <span class='ocrx_word' id='word_1_410' title='bbox 2877 3044 3064 3101; x_wconf 88' lang='lat' dir='ltr'><strong>grave,</strong></span> <span class='ocrx_word' id='word_1_411' title='bbox 3094 3037 3156 3086; x_wconf 92' lang='lat' dir='ltr'><strong>ut</strong></span> <span class='ocrx_word' id='word_1_412' title='bbox 3188 3031 3450 3100; x_wconf 78' lang='lat' dir='ltr'><strong>passione</strong></span> <span class='ocrx_word' id='word_1_413' title='bbox 3478 3038 3534 3086; x_wconf 91' lang='lat' dir='ltr'><strong>et</strong></span> <span class='ocrx_word' id='word_1_414' title='bbox 3571 3029 3755 3103; x_wconf 88' lang='lat' dir='ltr'><strong>pusil-</strong></span> 
     </span>
    </p>
   </div>
   <div class='ocr_carea' id='block_1_60' title="bbox 2147 3121 3418 3195">
    <p class='ocr_par' dir='ltr' id='par_1_60' title="bbox 2147 3121 3418 3195">
     <span class='ocr_line' id='line_1_60' title="bbox 2147 3121 3418 3195; baseline -0.001 -17"><span class='ocrx_word' id='word_1_415' title='bbox 2147 3122 2461 3182; x_wconf 87' lang='lat' dir='ltr'><strong>lanimitate</strong></span> <span class='ocrx_word' id='word_1_416' title='bbox 2485 3124 2726 3179; x_wconf 90' lang='lat' dir='ltr'><strong>animam</strong></span> <span class='ocrx_word' id='word_1_417' title='bbox 2766 3121 3117 3179; x_wconf 86' lang='lat' dir='ltr'><strong>abundanter</strong></span> <span class='ocrx_word' id='word_1_418' title='bbox 3143 3121 3418 3195; x_wconf 88' lang='lat' dir='ltr'><strong>impleret.</strong></span> 
     </span>
    </p>
   </div>
   <div class='ocr_carea' id='block_1_61' title="bbox 514 3210 2044 3314">
    <p class='ocr_par' dir='ltr' id='par_1_61' title="bbox 514 3210 2043 3287">
     <span class='ocr_line' id='line_1_61' title="bbox 514 3210 2043 3287; baseline 0.001 -17"><span class='ocrx_word' id='word_1_419' title='bbox 514 3214 669 3287; x_wconf 83' lang='grc' dir='ltr'>Στίχ.</span> <span class='ocrx_word' id='word_1_420' title='bbox 701 3220 776 3280; x_wconf 77' lang='grc' dir='ltr'><strong>ς’.</strong></span> <span class='ocrx_word' id='word_1_421' title='bbox 802 3241 871 3255; x_wconf 77' lang='lat'><strong>—-</strong></span> <span class='ocrx_word' id='word_1_422' title='bbox 912 3212 1053 3266; x_wconf 78' lang='grc' dir='ltr'>Ἀλλ’</span> <span class='ocrx_word' id='word_1_423' title='bbox 1084 3210 1144 3267; x_wconf 86' lang='grc' dir='ltr'><strong>ἐν</strong></span> <span class='ocrx_word' id='word_1_424' title='bbox 1171 3210 1322 3285; x_wconf 85' lang='grc' dir='ltr'>μέσῳ</span> <span class='ocrx_word' id='word_1_425' title='bbox 1364 3213 1639 3270; x_wconf 75' lang='grc' dir='ltr'>τοσούτων</span> <span class='ocrx_word' id='word_1_426' title='bbox 1665 3212 1827 3281; x_wconf 76' lang='grc' dir='ltr'>ὄντας</span> <span class='ocrx_word' id='word_1_427' title='bbox 1854 3214 2043 3272; x_wconf 85' lang='grc' dir='ltr'>κακῶν</span> 
     </span>
    </p>
   </div>
   <div class='ocr_carea' id='block_1_62' title="bbox 2147 3210 3754 3314">
    <p class='ocr_par' dir='ltr' id='par_1_62' title="bbox 2220 3214 3754 3276">
     <span class='ocr_line' id='line_1_62' title="bbox 2220 3214 3754 3276; baseline -0.003 0"><span class='ocrx_word' id='word_1_428' title='bbox 2220 3218 2389 3276; x_wconf 75' lang='lat' dir='ltr'><strong>Vens.</strong></span> <span class='ocrx_word' id='word_1_429' title='bbox 2442 3217 2497 3275; x_wconf 88' lang='lat'><strong>6.</strong></span> <span class='ocrx_word' id='word_1_430' title='bbox 2528 3247 2601 3259; x_wconf 90' lang='lat'><strong><em>—</em></strong></span> <span class='ocrx_word' id='word_1_431' title='bbox 2624 3215 2898 3274; x_wconf 61' lang='lat' dir='ltr'><strong>Caeterum</strong></span> <span class='ocrx_word' id='word_1_432' title='bbox 2934 3217 2990 3272; x_wconf 91' lang='lat' dir='ltr'><strong>in</strong></span> <span class='ocrx_word' id='word_1_433' title='bbox 3025 3215 3207 3272; x_wconf 86' lang='lat' dir='ltr'><strong>medio</strong></span> <span class='ocrx_word' id='word_1_434' title='bbox 3252 3225 3530 3271; x_wconf 90' lang='lat' dir='ltr'><strong>tantorum</strong></span> <span class='ocrx_word' id='word_1_435' title='bbox 3579 3214 3754 3273; x_wconf 81' lang='lat' dir='ltr'><strong>malo-</strong></span> 
     </span>
    </p>
   </div>
   <div class='ocr_carea' id='block_1_63' title="bbox 438 3306 2043 3380">
    <p class='ocr_par' dir='ltr' id='par_1_63' title="bbox 438 3306 2043 3380">
     <span class='ocr_line' id='line_1_63' title="bbox 438 3306 2043 3380; baseline -0.001 -16"><span class='ocrx_word' id='word_1_436' title='bbox 438 3309 547 3364; x_wconf 78' lang='grc' dir='ltr'>οὐκ</span> <span class='ocrx_word' id='word_1_437' title='bbox 573 3308 797 3380; x_wconf 82' lang='grc' dir='ltr'>ἀφῆκας</span> <span class='ocrx_word' id='word_1_438' title='bbox 826 3306 1037 3372; x_wconf 85' lang='grc' dir='ltr'>παθεῖν,</span> <span class='ocrx_word' id='word_1_439' title='bbox 1067 3306 1257 3379; x_wconf 83' lang='grc' dir='ltr'>ὥσπερ</span> <span class='ocrx_word' id='word_1_440' title='bbox 1297 3307 1354 3361; x_wconf 83' lang='grc' dir='ltr'>δὲ</span> <span class='ocrx_word' id='word_1_441' title='bbox 1385 3307 1602 3380; x_wconf 81' lang='grc' dir='ltr'>σημείῳ</span> <span class='ocrx_word' id='word_1_442' title='bbox 1633 3310 1740 3363; x_wconf 78' lang='grc' dir='ltr'>τινὶ</span> <span class='ocrx_word' id='word_1_443' title='bbox 1760 3307 2043 3380; x_wconf 86' lang='grc' dir='ltr'>διακρίνας</span> 
     </span>
    </p>
   </div>
   <div class='ocr_carea' id='block_1_64' title="bbox 443 3400 2044 3477">
    <p class='ocr_par' dir='ltr' id='par_1_64' title="bbox 443 3400 2044 3477">
     <span class='ocr_line' id='line_1_64' title="bbox 443 3400 2044 3477; baseline -0.007 -7"><span class='ocrx_word' id='word_1_444' title='bbox 443 3401 620 3477; x_wconf 78' lang='grc' dir='ltr'>ἡμᾶς·</span> <span class='ocrx_word' id='word_1_445' title='bbox 645 3401 817 3465; x_wconf 77' lang='grc' dir='ltr'>οὕτως</span> <span class='ocrx_word' id='word_1_446' title='bbox 834 3402 891 3457; x_wconf 82' lang='grc' dir='ltr'><strong>ἐν</strong></span> <span class='ocrx_word' id='word_1_447' title='bbox 915 3401 1067 3473; x_wconf 81' lang='grc' dir='ltr'>μέσῳ</span> <span class='ocrx_word' id='word_1_448' title='bbox 1090 3400 1198 3454; x_wconf 87' lang='grc' dir='ltr'><strong>τῶν</strong></span> <span class='ocrx_word' id='word_1_449' title='bbox 1220 3400 1407 3455; x_wconf 89' lang='grc' dir='ltr'>κακῶν</span> <span class='ocrx_word' id='word_1_450' title='bbox 1425 3402 1828 3477; x_wconf 63' lang='grc' dir='ltr'>στρεφομένους</span> <span class='ocrx_word' id='word_1_451' title='bbox 1854 3404 2014 3459; x_wconf 82' lang='grc' dir='ltr'>ἀνεπι</span> <span class='ocrx_word' id='word_1_452' title='bbox 2031 3435 2044 3446; x_wconf 94' lang='grc'><strong><em>-</em></strong></span> 
     </span>
    </p>
   </div>
   <div class='ocr_carea' id='block_1_65' title="bbox 443 3472 2044 3573">
    <p class='ocr_par' dir='ltr' id='par_1_65' title="bbox 443 3472 2044 3573">
     <span class='ocr_line' id='line_1_65' title="bbox 443 3472 2044 3573; baseline -0.001 -22"><span class='ocrx_word' id='word_1_453' title='bbox 443 3472 771 3557; x_wconf 70' lang='grc' dir='ltr'>ϐουλεύτους</span> <span class='ocrx_word' id='word_1_454' title='bbox 818 3493 1162 3573; x_wconf 81' lang='grc' dir='ltr'>φυλαχθῆναι</span> <span class='ocrx_word' id='word_1_455' title='bbox 1202 3472 1502 3565; x_wconf 60' lang='grc' dir='ltr'>ἐποίησας.</span> <span class='ocrx_word' id='word_1_456' title='bbox 1516 3492 1620 3564; x_wconf 78' lang='grc' dir='ltr'>τῆς</span> <span class='ocrx_word' id='word_1_457' title='bbox 1646 3492 1755 3547; x_wconf 89' lang='grc' dir='ltr'><strong>τῶν</strong></span> <span class='ocrx_word' id='word_1_458' title='bbox 1784 3495 2044 3549; x_wconf 75' lang='grc' dir='ltr'>ἐναντίων</span> 
     </span>
    </p>
   </div>
   <div class='ocr_carea' id='block_1_66' title="bbox 446 3583 2045 3658">
    <p class='ocr_par' dir='ltr' id='par_1_66' title="bbox 446 3583 2045 3658">
     <span class='ocr_line' id='line_1_66' title="bbox 446 3583 2045 3658; baseline -0.002 -14"><span class='ocrx_word' id='word_1_459' title='bbox 446 3587 768 3658; x_wconf 75' lang='grc' dir='ltr'>ἐπιϐουλῆς.</span> <span class='ocrx_word' id='word_1_460' title='bbox 802 3584 975 3641; x_wconf 78' lang='grc' dir='ltr'>Τοῦτο</span> <span class='ocrx_word' id='word_1_461' title='bbox 1001 3585 1059 3639; x_wconf 75' lang='grc' dir='ltr'>δὲ</span> <span class='ocrx_word' id='word_1_462' title='bbox 1090 3586 1157 3639; x_wconf 85' lang='grc' dir='ltr'><strong>ἐκ</strong></span> <span class='ocrx_word' id='word_1_463' title='bbox 1191 3586 1505 3658; x_wconf 83' lang='grc' dir='ltr'>μεταφορᾶς</span> <span class='ocrx_word' id='word_1_464' title='bbox 1537 3584 1689 3655; x_wconf 83' lang='grc' dir='ltr'>λέγει</span> <span class='ocrx_word' id='word_1_465' title='bbox 1715 3583 1824 3640; x_wconf 89' lang='grc' dir='ltr'><strong>τῶν</strong></span> <span class='ocrx_word' id='word_1_466' title='bbox 1844 3588 1902 3641; x_wconf 81' lang='grc' dir='ltr'><strong>ἐν</strong></span> <span class='ocrx_word' id='word_1_467' title='bbox 1932 3589 2045 3654; x_wconf 88' lang='grc' dir='ltr'>τοῖς</span> 
     </span>
    </p>
   </div>
   <div class='ocr_carea' id='block_1_67' title="bbox 451 3676 2043 3751">
    <p class='ocr_par' dir='ltr' id='par_1_67' title="bbox 451 3676 2043 3751">
     <span class='ocr_line' id='line_1_67' title="bbox 451 3676 2043 3751; baseline 0 -17"><span class='ocrx_word' id='word_1_468' title='bbox 451 3679 707 3750; x_wconf 73' lang='grc' dir='ltr'>πολέμοις</span> <span class='ocrx_word' id='word_1_469' title='bbox 761 3677 1025 3743; x_wconf 86' lang='grc' dir='ltr'>πολλάκις</span> <span class='ocrx_word' id='word_1_470' title='bbox 1075 3676 1536 3751; x_wconf 88' lang='grc' dir='ltr'>ἀναμιγνυμένων</span> <span class='ocrx_word' id='word_1_471' title='bbox 1580 3680 1695 3742; x_wconf 89' lang='grc' dir='ltr'>τοῖς</span> <span class='ocrx_word' id='word_1_472' title='bbox 1736 3678 2043 3751; x_wconf 87' lang='grc' dir='ltr'>πολεμίοις,</span> 
     </span>
    </p>
   </div>
   <div class='ocr_carea' id='block_1_68' title="bbox 450 3761 2046 3834">
    <p class='ocr_par' dir='ltr' id='par_1_68' title="bbox 450 3761 2046 3834">
     <span class='ocr_line' id='line_1_68' title="bbox 450 3761 2046 3834; baseline 0.001 -16"><span class='ocrx_word' id='word_1_473' title='bbox 450 3763 646 3829; x_wconf 88' lang='grc' dir='ltr'>οῖτινες</span> <span class='ocrx_word' id='word_1_474' title='bbox 674 3762 931 3833; x_wconf 86' lang='grc' dir='ltr'>ἀλλήλοις</span> <span class='ocrx_word' id='word_1_475' title='bbox 962 3761 1171 3816; x_wconf 83' lang='grc' dir='ltr'>διδόασι</span> <span class='ocrx_word' id='word_1_476' title='bbox 1212 3766 1417 3834; x_wconf 87' lang='grc' dir='ltr'>σημεῖα</span> <span class='ocrx_word' id='word_1_477' title='bbox 1444 3762 1540 3816; x_wconf 69' lang='grc' dir='ltr'><strong>καὶ</strong></span> <span class='ocrx_word' id='word_1_478' title='bbox 1572 3761 1820 3834; x_wconf 82' lang='grc' dir='ltr'>σύμϐολα</span> <span class='ocrx_word' id='word_1_479' title='bbox 1843 3766 2046 3820; x_wconf 80' lang='grc' dir='ltr'>οἰκειό-</span> 
     </span>
    </p>
   </div>
   <div class='ocr_carea' id='block_1_69' title="bbox 444 3853 2045 3929">
    <p class='ocr_par' dir='ltr' id='par_1_69' title="bbox 444 3853 2045 3929">
     <span class='ocr_line' id='line_1_69' title="bbox 444 3853 2045 3929; baseline 0.004 -23"><span class='ocrx_word' id='word_1_480' title='bbox 444 3872 631 3929; x_wconf 83' lang='grc' dir='ltr'>τητος,</span> <span class='ocrx_word' id='word_1_481' title='bbox 662 3855 756 3910; x_wconf 74' lang='grc' dir='ltr'><strong>καὶ</strong></span> <span class='ocrx_word' id='word_1_482' title='bbox 785 3853 1150 3925; x_wconf 80' lang='grc' dir='ltr'>γινώσκουσιν</span> <span class='ocrx_word' id='word_1_483' title='bbox 1181 3854 1447 3926; x_wconf 81' lang='grc' dir='ltr'>ἀλλήλους</span> <span class='ocrx_word' id='word_1_484' title='bbox 1481 3857 1539 3909; x_wconf 87' lang='grc' dir='ltr'><strong>ἐν</strong></span> <span class='ocrx_word' id='word_1_485' title='bbox 1566 3855 1915 3929; x_wconf 80' lang='grc' dir='ltr'>ἀπομιμήσει</span> <span class='ocrx_word' id='word_1_486' title='bbox 1948 3857 2045 3914; x_wconf 81' lang='grc' dir='ltr'><strong>τοῦ</strong></span> 
     </span>
    </p>
   </div>
   <div class='ocr_carea' id='block_1_70' title="bbox 447 3944 2047 4021">
    <p class='ocr_par' dir='ltr' id='par_1_70' title="bbox 447 3944 2047 4021">
     <span class='ocr_line' id='line_1_70' title="bbox 447 3944 2047 4021; baseline 0.003 -20"><span class='ocrx_word' id='word_1_487' title='bbox 447 3949 731 4019; x_wconf 80' lang='grc' dir='ltr'>σχήματος</span> <span class='ocrx_word' id='word_1_488' title='bbox 759 3989 772 4014; x_wconf 91' lang='grc'><strong>,</strong></span> <span class='ocrx_word' id='word_1_489' title='bbox 810 3944 886 4011; x_wconf 86' lang='grc' dir='ltr'>ὼς</span> <span class='ocrx_word' id='word_1_490' title='bbox 919 3945 996 4021; x_wconf 84' lang='grc' dir='ltr'>μὴ</span> <span class='ocrx_word' id='word_1_491' title='bbox 1051 3944 1254 4019; x_wconf 85' lang='grc' dir='ltr'>ἀθρόαν</span> <span class='ocrx_word' id='word_1_492' title='bbox 1294 3946 1391 4000; x_wconf 70' lang='grc' dir='ltr'><strong>καὶ</strong></span> <span class='ocrx_word' id='word_1_493' title='bbox 1428 3947 1843 4020; x_wconf 82' lang='grc' dir='ltr'>ἀπροσδόκητον</span> <span class='ocrx_word' id='word_1_494' title='bbox 1910 3950 2047 4005; x_wconf 83' lang='grc' dir='ltr'>ὑπο-</span> 
     </span>
    </p>
   </div>
   <div class='ocr_carea' id='block_1_71' title="bbox 450 4037 2048 4117">
    <p class='ocr_par' dir='ltr' id='par_1_71' title="bbox 450 4037 2048 4117">
     <span class='ocr_line' id='line_1_71' title="bbox 450 4037 2048 4117; baseline 0.001 -22"><span class='ocrx_word' id='word_1_495' title='bbox 450 4041 623 4095; x_wconf 84' lang='grc' dir='ltr'>στῶσι</span> <span class='ocrx_word' id='word_1_496' title='bbox 655 4040 758 4113; x_wconf 84' lang='grc' dir='ltr'>τὴν</span> <span class='ocrx_word' id='word_1_497' title='bbox 784 4038 1081 4111; x_wconf 79' lang='grc' dir='ltr'>τιμωρίαν·</span> <span class='ocrx_word' id='word_1_498' title='bbox 1115 4041 1164 4092; x_wconf 82' lang='grc' dir='ltr'>οἱ</span> <span class='ocrx_word' id='word_1_499' title='bbox 1190 4039 1299 4111; x_wconf 87' lang='grc' dir='ltr'><strong>γὰρ</strong></span> <span class='ocrx_word' id='word_1_500' title='bbox 1329 4037 1489 4093; x_wconf 79' lang='grc' dir='ltr'>τοῦτο</span> <span class='ocrx_word' id='word_1_501' title='bbox 1505 4039 1806 4109; x_wconf 81' lang='grc' dir='ltr'>ποιοῦντες,</span> <span class='ocrx_word' id='word_1_502' title='bbox 1836 4043 1924 4097; x_wconf 75' lang='grc' dir='ltr'>ἀεὶ</span> <span class='ocrx_word' id='word_1_503' title='bbox 1952 4062 2048 4117; x_wconf 88' lang='grc' dir='ltr'>ση-</span> 
     </span>
    </p>
   </div>
   <div class='ocr_carea' id='block_1_72' title="bbox 451 4124 2047 4206">
    <p class='ocr_par' dir='ltr' id='par_1_72' title="bbox 451 4124 2047 4206">
     <span class='ocr_line' id='line_1_72' title="bbox 451 4124 2047 4206; baseline 0.003 -19"><span class='ocrx_word' id='word_1_504' title='bbox 451 4132 606 4206; x_wconf 87' lang='grc' dir='ltr'>μεῖόν</span> <span class='ocrx_word' id='word_1_505' title='bbox 629 4150 684 4186; x_wconf 89' lang='grc' dir='ltr'><strong>τι</strong></span> <span class='ocrx_word' id='word_1_506' title='bbox 710 4131 934 4195; x_wconf 89' lang='grc' dir='ltr'>πάντως</span> <span class='ocrx_word' id='word_1_507' title='bbox 977 4124 1239 4204; x_wconf 82' lang='grc' dir='ltr'>ἀλλήλοις</span> <span class='ocrx_word' id='word_1_508' title='bbox 1259 4131 1355 4184; x_wconf 77' lang='grc' dir='ltr'>καὶ</span> <span class='ocrx_word' id='word_1_509' title='bbox 1401 4130 1654 4203; x_wconf 88' lang='grc' dir='ltr'>σύνθημα</span> <span class='ocrx_word' id='word_1_510' title='bbox 1679 4133 1939 4199; x_wconf 84' lang='grc' dir='ltr'>διδόασιν,</span> <span class='ocrx_word' id='word_1_511' title='bbox 1970 4137 2047 4203; x_wconf 84' lang='grc' dir='ltr'>ὡς</span> 
     </span>
    </p>
   </div>
   <div class='ocr_carea' id='block_1_73' title="bbox 446 4222 2049 4301">
    <p class='ocr_par' dir='ltr' id='par_1_73' title="bbox 446 4222 2049 4301">
     <span class='ocr_line' id='line_1_73' title="bbox 446 4222 2049 4301; baseline 0.002 -20"><span class='ocrx_word' id='word_1_512' title='bbox 446 4227 517 4282; x_wconf 83' lang='grc' dir='ltr'>ἂν</span> <span class='ocrx_word' id='word_1_513' title='bbox 550 4226 626 4300; x_wconf 84' lang='grc' dir='ltr'>μὴ</span> <span class='ocrx_word' id='word_1_514' title='bbox 658 4224 768 4280; x_wconf 87' lang='grc' dir='ltr'>ἀπὸ</span> <span class='ocrx_word' id='word_1_515' title='bbox 800 4224 901 4297; x_wconf 84' lang='grc' dir='ltr'><strong>τῆς</strong></span> <span class='ocrx_word' id='word_1_516' title='bbox 937 4222 1081 4279; x_wconf 86' lang='grc' dir='ltr'><strong>κατά</strong></span> <span class='ocrx_word' id='word_1_517' title='bbox 1111 4223 1172 4278; x_wconf 78' lang='grc' dir='ltr'><strong>τὸ</strong></span> <span class='ocrx_word' id='word_1_518' title='bbox 1210 4224 1396 4295; x_wconf 84' lang='grc' dir='ltr'>σχῆμα</span> <span class='ocrx_word' id='word_1_519' title='bbox 1437 4226 1752 4298; x_wconf 85' lang='grc' dir='ltr'>κοινότητος</span> <span class='ocrx_word' id='word_1_520' title='bbox 1784 4229 2049 4301; x_wconf 78' lang='grc' dir='ltr'>ἀλλήλους</span> 
     </span>
    </p>
   </div>
   <div class='ocr_carea' id='block_1_74' title="bbox 448 4316 2049 4396">
    <p class='ocr_par' dir='ltr' id='par_1_74' title="bbox 448 4316 2049 4396">
     <span class='ocr_line' id='line_1_74' title="bbox 448 4316 2049 4396; baseline 0.001 -20"><span class='ocrx_word' id='word_1_521' title='bbox 448 4322 574 4376; x_wconf 66' lang='grc' dir='ltr'>ἀντὶ</span> <span class='ocrx_word' id='word_1_522' title='bbox 591 4319 701 4372; x_wconf 91' lang='grc' dir='ltr'><strong>τῶν</strong></span> <span class='ocrx_word' id='word_1_523' title='bbox 727 4317 1006 4386; x_wconf 85' lang='grc' dir='ltr'>πολεμίων</span> <span class='ocrx_word' id='word_1_524' title='bbox 1032 4316 1263 4371; x_wconf 85' lang='grc' dir='ltr'>ἀνέλωσι</span> <span class='ocrx_word' id='word_1_525' title='bbox 1284 4335 1296 4347; x_wconf 81' lang='lat'>&#39;</span> <span class='ocrx_word' id='word_1_526' title='bbox 1333 4317 1547 4390; x_wconf 83' lang='grc' dir='ltr'>σημείῳ</span> <span class='ocrx_word' id='word_1_527' title='bbox 1567 4318 1624 4373; x_wconf 89' lang='grc' dir='ltr'><strong>δέ</strong></span> <span class='ocrx_word' id='word_1_528' title='bbox 1652 4335 1759 4374; x_wconf 88' lang='grc' dir='ltr'>τινι</span> <span class='ocrx_word' id='word_1_529' title='bbox 1784 4323 2049 4396; x_wconf 86' lang='grc' dir='ltr'>γνωρίμῳ</span> 
     </span>
    </p>
   </div>
   <div class='ocr_carea' id='block_1_75' title="bbox 449 4409 2047 4485">
    <p class='ocr_par' dir='ltr' id='par_1_75' title="bbox 449 4409 2047 4485">
     <span class='ocr_line' id='line_1_75' title="bbox 449 4409 2047 4485; baseline 0.001 -18"><span class='ocrx_word' id='word_1_530' title='bbox 449 4413 821 4485; x_wconf 85' lang='grc' dir='ltr'>διακρίνοντες</span> <span class='ocrx_word' id='word_1_531' title='bbox 873 4409 1171 4480; x_wconf 81' lang='grc' dir='ltr'>ἀλλήλους,</span> <span class='ocrx_word' id='word_1_532' title='bbox 1234 4409 1598 4480; x_wconf 78' lang='grc' dir='ltr'>φυλάττονται</span> <span class='ocrx_word' id='word_1_533' title='bbox 1647 4412 1747 4483; x_wconf 84' lang='grc' dir='ltr'>μὲν</span> <span class='ocrx_word' id='word_1_534' title='bbox 1782 4413 1881 4478; x_wconf 78' lang='grc' dir='ltr'>τὰς</span> <span class='ocrx_word' id='word_1_535' title='bbox 1925 4414 2047 4468; x_wconf 83' lang='grc' dir='ltr'>κατ’</span> 
     </span>
    </p>
   </div>
   <div class='ocr_carea' id='block_1_76' title="bbox 449 4499 2051 4574">
    <p class='ocr_par' dir='ltr' id='par_1_76' title="bbox 449 4499 2051 4574">
     <span class='ocr_line' id='line_1_76' title="bbox 449 4499 2051 4574; baseline 0.001 -17"><span class='ocrx_word' id='word_1_536' title='bbox 449 4502 703 4574; x_wconf 78' lang='grc' dir='ltr'>ἀλλήλων</span> <span class='ocrx_word' id='word_1_537' title='bbox 734 4499 954 4570; x_wconf 77' lang='grc' dir='ltr'>σφαγὰς</span> <span class='ocrx_word' id='word_1_538' title='bbox 983 4538 997 4563; x_wconf 91' lang='grc'><strong>,</strong></span> <span class='ocrx_word' id='word_1_539' title='bbox 1036 4499 1339 4572; x_wconf 80' lang='grc' dir='ltr'>πράττουσι</span> <span class='ocrx_word' id='word_1_540' title='bbox 1380 4499 1439 4554; x_wconf 81' lang='grc' dir='ltr'>δὲ</span> <span class='ocrx_word' id='word_1_541' title='bbox 1478 4500 1619 4572; x_wconf 87' lang='grc' dir='ltr'><strong>μετά</strong></span> <span class='ocrx_word' id='word_1_542' title='bbox 1649 4502 1832 4574; x_wconf 82' lang='grc' dir='ltr'>πάσης</span> <span class='ocrx_word' id='word_1_543' title='bbox 1864 4505 2051 4571; x_wconf 87' lang='grc' dir='ltr'>ἀδείας</span> 
     </span>
    </p>
   </div>
   <div class='ocr_carea' id='block_1_77' title="bbox 448 4591 2051 4667">
    <p class='ocr_par' dir='ltr' id='par_1_77' title="bbox 448 4591 2051 4667">
     <span class='ocr_line' id='line_1_77' title="bbox 448 4591 2051 4667; baseline 0.002 -17"><span class='ocrx_word' id='word_1_544' title='bbox 448 4596 521 4650; x_wconf 72' lang='grc' dir='ltr'><strong>τὰ</strong></span> <span class='ocrx_word' id='word_1_545' title='bbox 549 4593 812 4649; x_wconf 81' lang='grc' dir='ltr'>δοκοῦντα</span> <span class='ocrx_word' id='word_1_546' title='bbox 843 4594 921 4656; x_wconf 81' lang='grc' dir='ltr'><strong>είς</strong></span> <span class='ocrx_word' id='word_1_547' title='bbox 952 4592 1080 4656; x_wconf 79' lang='grc' dir='ltr'>τοὺς</span> <span class='ocrx_word' id='word_1_548' title='bbox 1108 4591 1404 4663; x_wconf 83' lang='grc' dir='ltr'>πολεμίους</span> <span class='ocrx_word' id='word_1_549' title='bbox 1431 4608 1443 4624; x_wconf 79' lang='grc' dir='ltr'><strong><em>ο</em></strong></span> <span class='ocrx_word' id='word_1_550' title='bbox 1474 4592 1502 4646; x_wconf 81' lang='grc' dir='ltr'>ὃ</span> <span class='ocrx_word' id='word_1_551' title='bbox 1530 4593 1596 4667; x_wconf 83' lang='grc' dir='ltr'>δὴ</span> <span class='ocrx_word' id='word_1_552' title='bbox 1621 4594 1850 4666; x_wconf 85' lang='grc' dir='ltr'>ποιῆσαί</span> <span class='ocrx_word' id='word_1_553' title='bbox 1869 4614 1929 4651; x_wconf 85' lang='grc' dir='ltr'><strong>τε</strong></span> <span class='ocrx_word' id='word_1_554' title='bbox 1957 4599 2051 4653; x_wconf 70' lang='grc' dir='ltr'>καὶ</span> 
     </span>
    </p>
   </div>
   <div class='ocr_carea' id='block_1_78' title="bbox 452 4678 2053 4762">
    <p class='ocr_par' dir='ltr' id='par_1_78' title="bbox 452 4678 2053 4762">
     <span class='ocr_line' id='line_1_78' title="bbox 452 4678 2053 4762; baseline 0.002 -19"><span class='ocrx_word' id='word_1_555' title='bbox 452 4687 796 4762; x_wconf 78' lang='grc' dir='ltr'>φυλάξασθαι</span> <span class='ocrx_word' id='word_1_556' title='bbox 836 4685 1081 4749; x_wconf 78' lang='grc' dir='ltr'>ἐκείνους</span> <span class='ocrx_word' id='word_1_557' title='bbox 1121 4684 1220 4756; x_wconf 78' lang='grc' dir='ltr'><strong>οὐχ</strong></span> <span class='ocrx_word' id='word_1_558' title='bbox 1260 4678 1373 4739; x_wconf 75' lang='grc' dir='ltr'>οἷόν</span> <span class='ocrx_word' id='word_1_559' title='bbox 1422 4702 1484 4739; x_wconf 87' lang='grc' dir='ltr'><strong>τε</strong></span> <span class='ocrx_word' id='word_1_560' title='bbox 1535 4686 1613 4759; x_wconf 83' lang='grc' dir='ltr'>τῷ</span> <span class='ocrx_word' id='word_1_561' title='bbox 1665 4690 1906 4759; x_wconf 80' lang='grc' dir='ltr'>σχήματι</span> <span class='ocrx_word' id='word_1_562' title='bbox 1953 4690 2053 4762; x_wconf 84' lang='grc' dir='ltr'>μὲν</span> 
     </span>
    </p>
   </div>
   <div class='ocr_carea' id='block_1_79' title="bbox 448 4776 2055 4852">
    <p class='ocr_par' dir='ltr' id='par_1_79' title="bbox 448 4776 2055 4852">
     <span class='ocr_line' id='line_1_79' title="bbox 448 4776 2055 4852; baseline 0.004 -19"><span class='ocrx_word' id='word_1_563' title='bbox 448 4780 873 4852; x_wconf 81' lang='grc' dir='ltr'>ἀπατωμένους,</span> <span class='ocrx_word' id='word_1_564' title='bbox 901 4778 962 4832; x_wconf 81' lang='grc' dir='ltr'>τὸ</span> <span class='ocrx_word' id='word_1_565' title='bbox 997 4776 1248 4849; x_wconf 82' lang='grc' dir='ltr'>σύνθημα</span> <span class='ocrx_word' id='word_1_566' title='bbox 1275 4777 1332 4831; x_wconf 80' lang='grc' dir='ltr'>δὲ</span> <span class='ocrx_word' id='word_1_567' title='bbox 1361 4779 1463 4832; x_wconf 83' lang='grc' dir='ltr'>οὐκ</span> <span class='ocrx_word' id='word_1_568' title='bbox 1497 4778 1727 4843; x_wconf 83' lang='grc' dir='ltr'>εἰδότας.</span> <span class='ocrx_word' id='word_1_569' title='bbox 1757 4780 1928 4836; x_wconf 77' lang='grc' dir='ltr'>Τοῦτο</span> <span class='ocrx_word' id='word_1_570' title='bbox 1956 4778 2055 4841; x_wconf 79' lang='grc' dir='ltr'>οὖν</span> 
     </span>
    </p>
   </div>
   <div class='ocr_carea' id='block_1_80' title="bbox 449 4870 2057 4950">
    <p class='ocr_par' dir='ltr' id='par_1_80' title="bbox 449 4870 2057 4950">
     <span class='ocr_line' id='line_1_80' title="bbox 449 4870 2057 4950; baseline 0.002 -22"><span class='ocrx_word' id='word_1_571' title='bbox 449 4892 619 4947; x_wconf 83' lang='grc' dir='ltr'>φησιν</span> <span class='ocrx_word' id='word_1_572' title='bbox 643 4891 658 4905; x_wconf 90' lang='grc'><strong>·</strong></span> <span class='ocrx_word' id='word_1_573' title='bbox 706 4874 832 4926; x_wconf 87' lang='grc' dir='ltr'>Ὅτι</span> <span class='ocrx_word' id='word_1_574' title='bbox 868 4870 1061 4941; x_wconf 82' lang='grc' dir='ltr'>ὥσπερ</span> <span class='ocrx_word' id='word_1_575' title='bbox 1101 4870 1316 4943; x_wconf 88' lang='grc' dir='ltr'>σημείῳ</span> <span class='ocrx_word' id='word_1_576' title='bbox 1365 4872 1474 4925; x_wconf 72' lang='grc' dir='ltr'>τινὶ</span> <span class='ocrx_word' id='word_1_577' title='bbox 1517 4871 1837 4944; x_wconf 87' lang='grc' dir='ltr'>διακρίνας,</span> <span class='ocrx_word' id='word_1_578' title='bbox 1869 4875 2057 4950; x_wconf 85' lang='grc' dir='ltr'>πάσης</span> 
     </span>
    </p>
   </div>
   <div class='ocr_carea' id='block_1_81' title="bbox 446 4963 2055 5040">
    <p class='ocr_par' dir='ltr' id='par_1_81' title="bbox 446 4963 2055 5040">
     <span class='ocr_line' id='line_1_81' title="bbox 446 4963 2055 5040; baseline -0.005 -17"><span class='ocrx_word' id='word_1_579' title='bbox 446 4970 601 5040; x_wconf 75' lang='grc' dir='ltr'>ἡμᾶς</span> <span class='ocrx_word' id='word_1_580' title='bbox 645 4964 867 5039; x_wconf 79' lang='grc' dir='ltr'>ἐῤῥύσω</span> <span class='ocrx_word' id='word_1_581' title='bbox 904 4963 1009 5035; x_wconf 82' lang='grc' dir='ltr'>τῆς</span> <span class='ocrx_word' id='word_1_582' title='bbox 1058 4965 1193 5036; x_wconf 74' lang='grc' dir='ltr'>παρ’</span> <span class='ocrx_word' id='word_1_583' title='bbox 1220 4964 1448 5019; x_wconf 80' lang='grc' dir='ltr'>ἐκείνων</span> <span class='ocrx_word' id='word_1_584' title='bbox 1481 4965 1809 5039; x_wconf 83' lang='grc' dir='ltr'>ἐπιϐουλῆς,</span> <span class='ocrx_word' id='word_1_585' title='bbox 1863 4967 1942 5033; x_wconf 76' lang='grc' dir='ltr'><strong>ὡς</strong></span> <span class='ocrx_word' id='word_1_586' title='bbox 1985 4968 2055 5023; x_wconf 73' lang='grc' dir='ltr'>ἂν</span> 
     </span>
    </p>
   </div>
   <div class='ocr_carea' id='block_1_82' title="bbox 451 5057 2054 5135">
    <p class='ocr_par' dir='ltr' id='par_1_82' title="bbox 451 5057 2054 5135">
     <span class='ocr_line' id='line_1_82' title="bbox 451 5057 2054 5135; baseline 0.001 -20"><span class='ocrx_word' id='word_1_587' title='bbox 451 5062 593 5135; x_wconf 82' lang='grc' dir='ltr'>μήτε</span> <span class='ocrx_word' id='word_1_588' title='bbox 624 5061 732 5115; x_wconf 83' lang='grc' dir='ltr'><strong>ὑπὸ</strong></span> <span class='ocrx_word' id='word_1_589' title='bbox 763 5058 937 5126; x_wconf 79' lang='grc' dir='ltr'>τόξων</span> <span class='ocrx_word' id='word_1_590' title='bbox 984 5057 1304 5130; x_wconf 87' lang='grc' dir='ltr'>φερομένων</span> <span class='ocrx_word' id='word_1_591' title='bbox 1354 5059 1493 5130; x_wconf 86' lang='grc' dir='ltr'>μήτε</span> <span class='ocrx_word' id='word_1_592' title='bbox 1540 5059 1645 5114; x_wconf 81' lang='grc' dir='ltr'>ὑπό</span> <span class='ocrx_word' id='word_1_593' title='bbox 1675 5077 1821 5126; x_wconf 89' lang='grc' dir='ltr'>τινος</span> <span class='ocrx_word' id='word_1_594' title='bbox 1863 5062 2054 5135; x_wconf 79' lang='grc' dir='ltr'>ἐτέρου</span> 
     </span>
    </p>
   </div>
   <div class='ocr_carea' id='block_1_83' title="bbox 449 5149 2054 5225">
    <p class='ocr_par' dir='ltr' id='par_1_83' title="bbox 449 5149 2054 5225">
     <span class='ocr_line' id='line_1_83' title="bbox 449 5149 2054 5225; baseline 0.001 -15"><span class='ocrx_word' id='word_1_595' title='bbox 449 5152 728 5225; x_wconf 85' lang='grc' dir='ltr'>πάθοιμέν</span> <span class='ocrx_word' id='word_1_596' title='bbox 757 5169 812 5206; x_wconf 89' lang='grc' dir='ltr'><strong>τι</strong></span> <span class='ocrx_word' id='word_1_597' title='bbox 837 5150 1030 5205; x_wconf 86' lang='grc' dir='ltr'>δεινόν.</span> <span class='ocrx_word' id='word_1_598' title='bbox 1060 5149 1233 5205; x_wconf 89' lang='lat' dir='ltr'>T0510</span> <span class='ocrx_word' id='word_1_599' title='bbox 1264 5150 1321 5204; x_wconf 80' lang='grc' dir='ltr'>δὲ</span> <span class='ocrx_word' id='word_1_600' title='bbox 1352 5152 1447 5204; x_wconf 83' lang='grc' dir='ltr'>καὶ</span> <span class='ocrx_word' id='word_1_601' title='bbox 1476 5150 1586 5205; x_wconf 77' lang='grc' dir='ltr'>ἀπὸ</span> <span class='ocrx_word' id='word_1_602' title='bbox 1603 5152 1714 5206; x_wconf 89' lang='grc' dir='ltr'><strong>τῶν</strong></span> <span class='ocrx_word' id='word_1_603' title='bbox 1744 5156 1863 5209; x_wconf 75' lang='grc' dir='ltr'>κατ’</span> <span class='ocrx_word' id='word_1_604' title='bbox 1887 5157 2054 5225; x_wconf 74' lang='grc' dir='ltr'>Αἴγυ-</span> 
     </span>
    </p>
   </div>
   <div class='ocr_carea' id='block_1_84' title="bbox 447 5241 2055 5318">
    <p class='ocr_par' dir='ltr' id='par_1_84' title="bbox 447 5241 2055 5318">
     <span class='ocr_line' id='line_1_84' title="bbox 447 5241 2055 5318; baseline -0.001 -13"><span class='ocrx_word' id='word_1_605' title='bbox 447 5265 585 5305; x_wconf 89' lang='grc' dir='ltr'>πτον</span> <span class='ocrx_word' id='word_1_606' title='bbox 615 5244 800 5301; x_wconf 87' lang='grc' dir='ltr'>λαϐὼν</span> <span class='ocrx_word' id='word_1_607' title='bbox 819 5241 973 5302; x_wconf 78' lang='grc' dir='ltr'>εἶπεν</span> <span class='ocrx_word' id='word_1_608' title='bbox 993 5287 1006 5309; x_wconf 91' lang='grc'><strong>,</strong></span> <span class='ocrx_word' id='word_1_609' title='bbox 1034 5244 1117 5298; x_wconf 82' lang='grc' dir='ltr'>ὅτι</span> <span class='ocrx_word' id='word_1_610' title='bbox 1147 5242 1337 5315; x_wconf 83' lang='grc' dir='ltr'>ῶσπερ</span> <span class='ocrx_word' id='word_1_611' title='bbox 1360 5244 1572 5315; x_wconf 82' lang='grc' dir='ltr'>σημείῳ</span> <span class='ocrx_word' id='word_1_612' title='bbox 1587 5247 1692 5300; x_wconf 77' lang='grc' dir='ltr'>τινὶ</span> <span class='ocrx_word' id='word_1_613' title='bbox 1717 5246 1795 5318; x_wconf 81' lang='grc' dir='ltr'>τῷ</span> <span class='ocrx_word' id='word_1_614' title='bbox 1823 5248 1915 5302; x_wconf 78' lang='grc' dir='ltr'>ἐπὶ</span> <span class='ocrx_word' id='word_1_615' title='bbox 1945 5249 2055 5303; x_wconf 88' lang='grc' dir='ltr'><strong>τῶν</strong></span> 
     </span>
    </p>
   </div>
   <div class='ocr_carea' id='block_1_85' title="bbox 447 5322 2052 5415">
    <p class='ocr_par' dir='ltr' id='par_1_85' title="bbox 447 5322 2052 5415">
     <span class='ocr_line' id='line_1_85' title="bbox 447 5322 2052 5415; baseline -0.001 -17"><span class='ocrx_word' id='word_1_616' title='bbox 447 5343 625 5415; x_wconf 83' lang='grc' dir='ltr'>φλιῶν</span> <span class='ocrx_word' id='word_1_617' title='bbox 653 5340 851 5412; x_wconf 81' lang='grc' dir='ltr'>αἵματι</span> <span class='ocrx_word' id='word_1_618' title='bbox 875 5322 1157 5410; x_wconf 80' lang='grc' dir='ltr'>διακρίνας</span> <span class='ocrx_word' id='word_1_619' title='bbox 1190 5333 1415 5401; x_wconf 81' lang='grc' dir='ltr'>τούτους</span> <span class='ocrx_word' id='word_1_620' title='bbox 1438 5337 1546 5390; x_wconf 86' lang='grc' dir='ltr'>ἀπὸ</span> <span class='ocrx_word' id='word_1_621' title='bbox 1572 5337 1679 5391; x_wconf 84' lang='grc' dir='ltr'><strong>τῶν</strong></span> <span class='ocrx_word' id='word_1_622' title='bbox 1712 5339 2052 5410; x_wconf 73' lang='grc' dir='ltr'>Αἰγυπτίων,</span> 
     </span>
    </p>
   </div>
   <div class='ocr_carea' id='block_1_86' title="bbox 446 5429 2051 5508">
    <p class='ocr_par' dir='ltr' id='par_1_86' title="bbox 446 5429 2051 5508">
     <span class='ocr_line' id='line_1_86' title="bbox 446 5429 2051 5508; baseline 0.001 -20"><span class='ocrx_word' id='word_1_623' title='bbox 446 5436 675 5500; x_wconf 76' lang='grc' dir='ltr'>τούτους</span> <span class='ocrx_word' id='word_1_624' title='bbox 707 5435 807 5508; x_wconf 78' lang='grc' dir='ltr'>μὲν</span> <span class='ocrx_word' id='word_1_625' title='bbox 840 5430 1100 5494; x_wconf 86' lang='grc' dir='ltr'>ἀϐλαϐεῖς</span> <span class='ocrx_word' id='word_1_626' title='bbox 1125 5429 1472 5503; x_wconf 79' lang='grc' dir='ltr'>διετήρησεν,</span> <span class='ocrx_word' id='word_1_627' title='bbox 1503 5430 1749 5495; x_wconf 81' lang='grc' dir='ltr'>ἐκείνους</span> <span class='ocrx_word' id='word_1_628' title='bbox 1776 5431 1833 5486; x_wconf 80' lang='grc' dir='ltr'>δὲ</span> <span class='ocrx_word' id='word_1_629' title='bbox 1856 5435 2051 5506; x_wconf 79' lang='grc' dir='ltr'>ἐτιμω-</span> 
     </span>
    </p>
   </div>
   <div class='ocr_carea' id='block_1_87' title="bbox 449 5520 1388 5603">
    <p class='ocr_par' dir='ltr' id='par_1_87' title="bbox 449 5520 1388 5603">
     <span class='ocr_line' id='line_1_87' title="bbox 449 5520 1388 5603; baseline 0.001 -20"><span class='ocrx_word' id='word_1_630' title='bbox 449 5532 686 5603; x_wconf 79' lang='grc' dir='ltr'>ρήσατο.</span> <span class='ocrx_word' id='word_1_631' title='bbox 1112 5526 1117 5529; x_wconf 12' lang='grc' dir='ltr'><strong>ί</strong></span> <span class='ocrx_word' id='word_1_632' title='bbox 1158 5520 1163 5527; x_wconf 52' lang='grc'><em>’</em></span> <span class='ocrx_word' id='word_1_633' title='bbox 1382 5520 1388 5527; x_wconf 57' lang='grc'><strong>’</strong></span> 
     </span>
    </p>
   </div>
   <div class='ocr_carea' id='block_1_88' title="bbox 522 5610 2055 5691">
    <p class='ocr_par' dir='ltr' id='par_1_88' title="bbox 522 5610 2055 5691">
     <span class='ocr_line' id='line_1_88' title="bbox 522 5610 2055 5691; baseline 0.001 -18"><span class='ocrx_word' id='word_1_634' title='bbox 522 5619 672 5691; x_wconf 83' lang='grc' dir='ltr'>Στίχ.</span> <span class='ocrx_word' id='word_1_635' title='bbox 704 5616 769 5685; x_wconf 81' lang='grc' dir='ltr'><strong>ζ’.</strong></span> <span class='ocrx_word' id='word_1_636' title='bbox 805 5649 874 5658; x_wconf 96' lang='grc'><strong>-</strong></span> <span class='ocrx_word' id='word_1_637' title='bbox 897 5612 1082 5671; x_wconf 80' lang='grc' dir='ltr'>Ταῦτα</span> <span class='ocrx_word' id='word_1_638' title='bbox 1106 5616 1184 5682; x_wconf 79' lang='grc' dir='ltr'>δὲ,</span> <span class='ocrx_word' id='word_1_639' title='bbox 1210 5615 1398 5688; x_wconf 76' lang='grc' dir='ltr'>φησὶν,</span> <span class='ocrx_word' id='word_1_640' title='bbox 1422 5610 1684 5688; x_wconf 77' lang='grc' dir='ltr'>ἐποίησας</span> <span class='ocrx_word' id='word_1_641' title='bbox 1709 5616 1850 5690; x_wconf 79' lang='grc' dir='ltr'>ὑπὲρ</span> <span class='ocrx_word' id='word_1_642' title='bbox 1897 5618 2055 5690; x_wconf 76' lang='grc' dir='ltr'>ὴμῒῶν</span> 
     </span>
    </p>
   </div>
   <div class='ocr_carea' id='block_1_89' title="bbox 447 5700 2054 5785">
    <p class='ocr_par' dir='ltr' id='par_1_89' title="bbox 447 5700 2054 5785">
     <span class='ocr_line' id='line_1_89' title="bbox 447 5700 2054 5785; baseline -0.002 -17"><span class='ocrx_word' id='word_1_643' title='bbox 447 5713 559 5768; x_wconf 85' lang='grc' dir='ltr'><strong>τῶν</strong></span> <span class='ocrx_word' id='word_1_644' title='bbox 585 5711 967 5785; x_wconf 68' lang='grc' dir='ltr'>ἡγαπημένων</span> <span class='ocrx_word' id='word_1_645' title='bbox 1000 5709 1107 5764; x_wconf 72' lang='grc' dir='ltr'><strong>ὑπὸ</strong></span> <span class='ocrx_word' id='word_1_646' title='bbox 1148 5707 1243 5763; x_wconf 73' lang='grc' dir='ltr'><strong>σοῦ</strong></span> <span class='ocrx_word' id='word_1_647' title='bbox 1271 5751 1286 5776; x_wconf 95' lang='grc'><strong>,</strong></span> <span class='ocrx_word' id='word_1_648' title='bbox 1323 5708 1413 5763; x_wconf 80' lang='grc' dir='ltr'><strong>ἵνα</strong></span> <span class='ocrx_word' id='word_1_649' title='bbox 1444 5709 1608 5779; x_wconf 84' lang='grc' dir='ltr'>ἡμεῖς</span> <span class='ocrx_word' id='word_1_650' title='bbox 1646 5700 2054 5783; x_wconf 70' lang='grc' dir='ltr'>ἀπαλλαγῶμεν</span> 
     </span>
    </p>
   </div>
   <div class='ocr_carea' id='block_1_90' title="bbox 447 5796 2053 5878">
    <p class='ocr_par' dir='ltr' id='par_1_90' title="bbox 447 5796 2053 5878">
     <span class='ocr_line' id='line_1_90' title="bbox 447 5796 2053 5878; baseline -0.002 -17"><span class='ocrx_word' id='word_1_651' title='bbox 447 5808 553 5878; x_wconf 72' lang='grc' dir='ltr'>τῆς</span> <span class='ocrx_word' id='word_1_652' title='bbox 574 5807 803 5861; x_wconf 77' lang='grc' dir='ltr'>ἐκείνων</span> <span class='ocrx_word' id='word_1_653' title='bbox 828 5802 1147 5875; x_wconf 83' lang='grc' dir='ltr'>ἐπιϐουλῆς.</span> <span class='ocrx_word' id='word_1_654' title='bbox 1178 5796 1315 5856; x_wconf 76' lang='grc' dir='ltr'>Εἶτα</span> <span class='ocrx_word' id='word_1_655' title='bbox 1337 5800 1433 5855; x_wconf 74' lang='grc' dir='ltr'>καὶ</span> <span class='ocrx_word' id='word_1_656' title='bbox 1451 5801 1745 5874; x_wconf 81' lang='grc' dir='ltr'>εὐχόμενος</span> <span class='ocrx_word' id='word_1_657' title='bbox 1775 5802 2053 5877; x_wconf 85' lang='grc' dir='ltr'>ἐπιφέρει,</span> 
     </span>
    </p>
   </div>
   <div class='ocr_carea' id='block_1_91' title="bbox 451 5894 2053 5973">
    <p class='ocr_par' dir='ltr' id='par_1_91' title="bbox 451 5894 2053 5973">
     <span class='ocr_line' id='line_1_91' title="bbox 451 5894 2053 5973; baseline -0.002 -17"><span class='ocrx_word' id='word_1_658' title='bbox 451 5901 642 5967; x_wconf 86' lang='grc' dir='ltr'>Ὅπως</span> <span class='ocrx_word' id='word_1_659' title='bbox 667 5900 801 5973; x_wconf 80' lang='grc' dir='ltr'>γὰρ,</span> <span class='ocrx_word' id='word_1_660' title='bbox 827 5899 1015 5971; x_wconf 63' lang='grc' dir='ltr'>φησιν,</span> <span class='ocrx_word' id='word_1_661' title='bbox 1044 5895 1307 5963; x_wconf 87' lang='grc' dir='ltr'>ἀϐλαϐεῖς</span> <span class='ocrx_word' id='word_1_662' title='bbox 1334 5894 1736 5969; x_wconf 82' lang='grc' dir='ltr'>διαμείναντες,</span> <span class='ocrx_word' id='word_1_663' title='bbox 1760 5897 2053 5971; x_wconf 77' lang='grc' dir='ltr'>ῥυσθῶμεν</span> 
     </span>
    </p>
   </div>
   <div class='ocr_carea' id='block_1_92' title="bbox 2153 3309 3753 3381">
    <p class='ocr_par' dir='ltr' id='par_1_92' title="bbox 2153 3309 3753 3381">
     <span class='ocr_line' id='line_1_92' title="bbox 2153 3309 3753 3381; baseline -0.004 -12"><span class='ocrx_word' id='word_1_664' title='bbox 2153 3327 2275 3369; x_wconf 91' lang='lat' dir='ltr'><strong>rum</strong></span> <span class='ocrx_word' id='word_1_665' title='bbox 2314 3311 2650 3368; x_wconf 68' lang='lat' dir='ltr'><strong>etsistentes</strong></span> <span class='ocrx_word' id='word_1_666' title='bbox 2681 3325 2793 3365; x_wconf 91' lang='lat' dir='ltr'><strong>non</strong></span> <span class='ocrx_word' id='word_1_667' title='bbox 2825 3309 3131 3380; x_wconf 87' lang='lat' dir='ltr'><strong>permisisti</strong></span> <span class='ocrx_word' id='word_1_668' title='bbox 3176 3309 3320 3372; x_wconf 65' lang='lat' dir='ltr'><strong>laedi,</strong></span> <span class='ocrx_word' id='word_1_669' title='bbox 3357 3309 3455 3366; x_wconf 87' lang='lat' dir='ltr'><strong>sed</strong></span> <span class='ocrx_word' id='word_1_670' title='bbox 3486 3316 3753 3381; x_wconf 89' lang='lat' dir='ltr'><strong>tanquam</strong></span> 
     </span>
    </p>
   </div>
   <div class='ocr_carea' id='block_1_93' title="bbox 2154 3403 3757 3479">
    <p class='ocr_par' dir='ltr' id='par_1_93' title="bbox 2154 3403 3757 3479">
     <span class='ocr_line' id='line_1_93' title="bbox 2154 3403 3757 3479; baseline -0.003 -15"><span class='ocrx_word' id='word_1_671' title='bbox 2154 3407 2315 3479; x_wconf 86' lang='lat' dir='ltr'><strong>signo</strong></span> <span class='ocrx_word' id='word_1_672' title='bbox 2346 3404 2591 3478; x_wconf 89' lang='lat' dir='ltr'><strong>quodam</strong></span> <span class='ocrx_word' id='word_1_673' title='bbox 2637 3420 2738 3462; x_wconf 90' lang='lat' dir='ltr'><strong>nos</strong></span> <span class='ocrx_word' id='word_1_674' title='bbox 2772 3404 3156 3476; x_wconf 84' lang='lat' dir='ltr'><strong>distinguens;</strong></span> <span class='ocrx_word' id='word_1_675' title='bbox 3203 3403 3286 3461; x_wconf 89' lang='lat' dir='ltr'><strong>sic</strong></span> <span class='ocrx_word' id='word_1_676' title='bbox 3328 3403 3386 3459; x_wconf 90' lang='lat' dir='ltr'><strong>in</strong></span> <span class='ocrx_word' id='word_1_677' title='bbox 3420 3403 3609 3460; x_wconf 90' lang='lat' dir='ltr'><strong>medio</strong></span> <span class='ocrx_word' id='word_1_678' title='bbox 3636 3419 3757 3459; x_wconf 88' lang='lat' dir='ltr'><strong>ma-</strong></span> 
     </span>
    </p>
   </div>
   <div class='ocr_carea' id='block_1_94' title="bbox 2154 3495 3758 3561">
    <p class='ocr_par' dir='ltr' id='par_1_94' title="bbox 2154 3495 3758 3561">
     <span class='ocr_line' id='line_1_94' title="bbox 2154 3495 3758 3561; baseline -0.001 -5"><span class='ocrx_word' id='word_1_679' title='bbox 2154 3501 2334 3557; x_wconf 92' lang='lat' dir='ltr'><strong>lorum</strong></span> <span class='ocrx_word' id='word_1_680' title='bbox 2378 3506 2692 3561; x_wconf 89' lang='lat' dir='ltr'><strong>versantes,</strong></span> <span class='ocrx_word' id='word_1_681' title='bbox 2728 3498 2797 3552; x_wconf 92' lang='lat' dir='ltr'><strong>ab</strong></span> <span class='ocrx_word' id='word_1_682' title='bbox 2843 3495 3066 3555; x_wconf 89' lang='lat' dir='ltr'><strong>insidiis</strong></span> <span class='ocrx_word' id='word_1_683' title='bbox 3109 3496 3557 3555; x_wconf 80' lang='lat' dir='ltr'><strong>adversariorum</strong></span> <span class='ocrx_word' id='word_1_684' title='bbox 3603 3504 3758 3555; x_wconf 87' lang='lat' dir='ltr'><strong>tutos</strong></span> 
     </span>
    </p>
   </div>
   <div class='ocr_carea' id='block_1_95' title="bbox 2154 3589 3757 3662">
    <p class='ocr_par' dir='ltr' id='par_1_95' title="bbox 2154 3589 3757 3662">
     <span class='ocr_line' id='line_1_95' title="bbox 2154 3589 3757 3662; baseline -0.001 -13"><span class='ocrx_word' id='word_1_685' title='bbox 2154 3591 2427 3651; x_wconf 87' lang='lat' dir='ltr'><strong>custodiri</strong></span> <span class='ocrx_word' id='word_1_686' title='bbox 2473 3590 2676 3648; x_wconf 77' lang='lat' dir='ltr'><strong>fecisti.</strong></span> <span class='ocrx_word' id='word_1_687' title='bbox 2728 3589 2846 3647; x_wconf 88' lang='lat' dir='ltr'><strong>lloc</strong></span> <span class='ocrx_word' id='word_1_688' title='bbox 2894 3599 3077 3647; x_wconf 87' lang='lat' dir='ltr'><strong>autem</strong></span> <span class='ocrx_word' id='word_1_689' title='bbox 3124 3590 3259 3647; x_wconf 89' lang='lat' dir='ltr'><strong>dicit</strong></span> <span class='ocrx_word' id='word_1_690' title='bbox 3323 3606 3393 3647; x_wconf 80' lang='lat' dir='ltr'><strong>ex</strong></span> <span class='ocrx_word' id='word_1_691' title='bbox 3434 3591 3757 3662; x_wconf 85' lang='lat' dir='ltr'><strong>metaphora</strong></span> 
     </span>
    </p>
   </div>
   <div class='ocr_carea' id='block_1_96' title="bbox 2154 3683 3760 3758">
    <p class='ocr_par' dir='ltr' id='par_1_96' title="bbox 2154 3683 3760 3758">
     <span class='ocr_line' id='line_1_96' title="bbox 2154 3683 3760 3758; baseline -0.003 -14"><span class='ocrx_word' id='word_1_692' title='bbox 2154 3702 2371 3755; x_wconf 88' lang='lat' dir='ltr'><strong>eorum,</strong></span> <span class='ocrx_word' id='word_1_693' title='bbox 2417 3685 2513 3758; x_wconf 89' lang='lat' dir='ltr'><strong>qui</strong></span> <span class='ocrx_word' id='word_1_694' title='bbox 2549 3684 2603 3741; x_wconf 89' lang='lat' dir='ltr'><strong>in</strong></span> <span class='ocrx_word' id='word_1_695' title='bbox 2650 3684 2812 3741; x_wconf 87' lang='lat' dir='ltr'><strong>bellis</strong></span> <span class='ocrx_word' id='word_1_696' title='bbox 2848 3698 3229 3755; x_wconf 81' lang='lat' dir='ltr'><strong>saepenumero</strong></span> <span class='ocrx_word' id='word_1_697' title='bbox 3264 3683 3519 3741; x_wconf 86' lang='lat' dir='ltr'><strong>hostibus</strong></span> <span class='ocrx_word' id='word_1_698' title='bbox 3550 3685 3760 3756; x_wconf 79' lang='lat' dir='ltr'><strong>permi—</strong></span> 
     </span>
    </p>
   </div>
   <div class='ocr_carea' id='block_1_97' title="bbox 2156 3774 3760 3849">
    <p class='ocr_par' dir='ltr' id='par_1_97' title="bbox 2156 3774 3760 3849">
     <span class='ocr_line' id='line_1_97' title="bbox 2156 3774 3760 3849; baseline -0.002 -13"><span class='ocrx_word' id='word_1_699' title='bbox 2156 3778 2249 3845; x_wconf 88' lang='lat' dir='ltr'><strong>sti,</strong></span> <span class='ocrx_word' id='word_1_700' title='bbox 2286 3777 2392 3834; x_wconf 90' lang='lat' dir='ltr'><strong>sibi</strong></span> <span class='ocrx_word' id='word_1_701' title='bbox 2426 3784 2621 3832; x_wconf 92' lang='lat' dir='ltr'><strong>mutuo</strong></span> <span class='ocrx_word' id='word_1_702' title='bbox 2656 3776 2814 3849; x_wconf 87' lang='lat' dir='ltr'><strong>signa</strong></span> <span class='ocrx_word' id='word_1_703' title='bbox 2848 3775 3098 3847; x_wconf 73' lang='lat' dir='ltr'><strong>quaedam</strong></span> <span class='ocrx_word' id='word_1_704' title='bbox 3128 3790 3194 3830; x_wconf 89' lang='lat' dir='ltr'><strong>ac</strong></span> <span class='ocrx_word' id='word_1_705' title='bbox 3235 3774 3486 3849; x_wconf 84' lang='lat' dir='ltr'><strong>symbola</strong></span> <span class='ocrx_word' id='word_1_706' title='bbox 3520 3776 3760 3832; x_wconf 83' lang='lat' dir='ltr'><strong>familia-</strong></span> 
     </span>
    </p>
   </div>
   <div class='ocr_carea' id='block_1_98' title="bbox 2157 3866 3760 3942">
    <p class='ocr_par' dir='ltr' id='par_1_98' title="bbox 2157 3866 3760 3942">
     <span class='ocr_line' id='line_1_98' title="bbox 2157 3866 3760 3942; baseline -0.001 -16"><span class='ocrx_word' id='word_1_707' title='bbox 2157 3869 2340 3926; x_wconf 88' lang='lat' dir='ltr'><strong>ritatis</strong></span> <span class='ocrx_word' id='word_1_708' title='bbox 2371 3883 2469 3925; x_wconf 89' lang='lat' dir='ltr'><strong>seu</strong></span> <span class='ocrx_word' id='word_1_709' title='bbox 2494 3867 2754 3924; x_wconf 66' lang='lat' dir='ltr'><strong>amicitiae</strong></span> <span class='ocrx_word' id='word_1_710' title='bbox 2775 3866 3039 3938; x_wconf 62' lang='lat' dir='ltr'><strong>praebent,</strong></span> <span class='ocrx_word' id='word_1_711' title='bbox 3062 3867 3210 3925; x_wconf 90' lang='lat' dir='ltr'><strong>unde</strong></span> <span class='ocrx_word' id='word_1_712' title='bbox 3233 3884 3292 3925; x_wconf 90' lang='lat' dir='ltr'><strong>se</strong></span> <span class='ocrx_word' id='word_1_713' title='bbox 3323 3869 3558 3926; x_wconf 85' lang='lat' dir='ltr'><strong>invicem</strong></span> <span class='ocrx_word' id='word_1_714' title='bbox 3586 3878 3760 3942; x_wconf 83' lang='lat' dir='ltr'><strong>agno-</strong></span> 
     </span>
    </p>
   </div>
   <div class='ocr_carea' id='block_1_99' title="bbox 2157 3959 3759 4033">
    <p class='ocr_par' dir='ltr' id='par_1_99' title="bbox 2157 3959 3759 4033">
     <span class='ocr_line' id='line_1_99' title="bbox 2157 3959 3759 4033; baseline 0 -15"><span class='ocrx_word' id='word_1_715' title='bbox 2157 3968 2320 4018; x_wconf 90' lang='lat' dir='ltr'><strong>scant</strong></span> <span class='ocrx_word' id='word_1_716' title='bbox 2380 3959 2437 4017; x_wconf 91' lang='lat' dir='ltr'><strong>in</strong></span> <span class='ocrx_word' id='word_1_717' title='bbox 2492 3959 2859 4017; x_wconf 89' lang='lat' dir='ltr'><strong>similitudine</strong></span> <span class='ocrx_word' id='word_1_718' title='bbox 2908 3961 3116 4032; x_wconf 60' lang='lat' dir='ltr'><strong>figura,</strong></span> <span class='ocrx_word' id='word_1_719' title='bbox 3179 3975 3250 4018; x_wconf 91' lang='lat' dir='ltr'><strong>ne</strong></span> <span class='ocrx_word' id='word_1_720' title='bbox 3294 3962 3640 4033; x_wconf 86' lang='lat' dir='ltr'><strong>repentinam</strong></span> <span class='ocrx_word' id='word_1_721' title='bbox 3701 3971 3759 4020; x_wconf 91' lang='lat' dir='ltr'><strong>et</strong></span> 
     </span>
    </p>
   </div>
   <div class='ocr_carea' id='block_1_100' title="bbox 2159 4052 3760 4126">
    <p class='ocr_par' dir='ltr' id='par_1_100' title="bbox 2159 4052 3760 4126">
     <span class='ocr_line' id='line_1_100' title="bbox 2159 4052 3760 4126; baseline 0.001 -17"><span class='ocrx_word' id='word_1_722' title='bbox 2159 4052 2597 4126; x_wconf 82' lang='lat' dir='ltr'><strong>inexspectatam</strong></span> <span class='ocrx_word' id='word_1_723' title='bbox 2659 4056 2865 4110; x_wconf 65' lang='lat' dir='ltr'><strong>ca&#39;dem</strong></span> <span class='ocrx_word' id='word_1_724' title='bbox 2912 4053 3255 4109; x_wconf 82' lang='lat' dir='ltr'><strong>incurrant:</strong></span> <span class='ocrx_word' id='word_1_725' title='bbox 3298 4054 3394 4125; x_wconf 92' lang='lat' dir='ltr'><strong>qui</strong></span> <span class='ocrx_word' id='word_1_726' title='bbox 3443 4054 3590 4111; x_wconf 90' lang='lat' dir='ltr'><strong>enim</strong></span> <span class='ocrx_word' id='word_1_727' title='bbox 3652 4054 3760 4111; x_wconf 86' lang='lat' dir='ltr'><strong>hoc</strong></span> 
     </span>
    </p>
   </div>
   <div class='ocr_carea' id='block_1_101' title="bbox 2159 4145 3759 4220">
    <p class='ocr_par' dir='ltr' id='par_1_101' title="bbox 2159 4145 3759 4220">
     <span class='ocr_line' id='line_1_101' title="bbox 2159 4145 3759 4220; baseline 0.001 -17"><span class='ocrx_word' id='word_1_728' title='bbox 2159 4147 2390 4216; x_wconf 90' lang='lat' dir='ltr'><strong>faciunt,</strong></span> <span class='ocrx_word' id='word_1_729' title='bbox 2423 4162 2643 4219; x_wconf 87' lang='lat' dir='ltr'><strong>semper</strong></span> <span class='ocrx_word' id='word_1_730' title='bbox 2671 4147 2901 4203; x_wconf 90' lang='lat' dir='ltr'><strong>omnino</strong></span> <span class='ocrx_word' id='word_1_731' title='bbox 2924 4145 3030 4203; x_wconf 90' lang='lat' dir='ltr'><strong>sibi</strong></span> <span class='ocrx_word' id='word_1_732' title='bbox 3064 4156 3256 4202; x_wconf 90' lang='lat' dir='ltr'><strong>mutuo</strong></span> <span class='ocrx_word' id='word_1_733' title='bbox 3283 4147 3502 4219; x_wconf 88' lang='lat' dir='ltr'><strong>signum</strong></span> <span class='ocrx_word' id='word_1_734' title='bbox 3533 4146 3759 4220; x_wconf 84' lang='lat' dir='ltr'><strong>aliquod</strong></span> 
     </span>
    </p>
   </div>
   <div class='ocr_carea' id='block_1_102' title="bbox 2158 4235 3759 4310">
    <p class='ocr_par' dir='ltr' id='par_1_102' title="bbox 2158 4235 3759 4310">
     <span class='ocr_line' id='line_1_102' title="bbox 2158 4235 3759 4310; baseline -0.001 -15"><span class='ocrx_word' id='word_1_735' title='bbox 2158 4255 2223 4296; x_wconf 80' lang='lat' dir='ltr'><strong>ex</strong></span> <span class='ocrx_word' id='word_1_736' title='bbox 2259 4238 2519 4294; x_wconf 93' lang='lat' dir='ltr'><strong>condicto</strong></span> <span class='ocrx_word' id='word_1_737' title='bbox 2564 4235 2809 4302; x_wconf 86' lang='lat' dir='ltr'><strong>tradunt,</strong></span> <span class='ocrx_word' id='word_1_738' title='bbox 2866 4252 2938 4292; x_wconf 90' lang='lat' dir='ltr'><strong>ne</strong></span> <span class='ocrx_word' id='word_1_739' title='bbox 2982 4245 3210 4308; x_wconf 87' lang='lat' dir='ltr'><strong>propter</strong></span> <span class='ocrx_word' id='word_1_740' title='bbox 3251 4251 3601 4295; x_wconf 88' lang='lat' dir='ltr'><strong>communem</strong></span> <span class='ocrx_word' id='word_1_741' title='bbox 3635 4254 3759 4310; x_wconf 85' lang='lat' dir='ltr'><strong>spe-</strong></span> 
     </span>
    </p>
   </div>
   <div class='ocr_carea' id='block_1_103' title="bbox 2160 4322 3760 4404">
    <p class='ocr_par' dir='ltr' id='par_1_103' title="bbox 2160 4322 3760 4404">
     <span class='ocr_line' id='line_1_103' title="bbox 2160 4322 3760 4404; baseline -0.001 -15"><span class='ocrx_word' id='word_1_742' title='bbox 2160 4332 2300 4389; x_wconf 90' lang='lat' dir='ltr'><strong>ciem</strong></span> <span class='ocrx_word' id='word_1_743' title='bbox 2328 4347 2390 4388; x_wconf 90' lang='lat' dir='ltr'><strong>se</strong></span> <span class='ocrx_word' id='word_1_744' title='bbox 2419 4330 2655 4387; x_wconf 83' lang='lat' dir='ltr'><strong>invicem</strong></span> <span class='ocrx_word' id='word_1_745' title='bbox 2690 4346 2792 4401; x_wconf 87' lang='lat' dir='ltr'><strong>pro</strong></span> <span class='ocrx_word' id='word_1_746' title='bbox 2840 4322 3092 4386; x_wconf 79' lang='lat' dir='ltr'><strong>hostibus</strong></span> <span class='ocrx_word' id='word_1_747' title='bbox 3127 4328 3513 4387; x_wconf 87' lang='lat' dir='ltr'><strong>interimerent</strong></span> <span class='ocrx_word' id='word_1_748' title='bbox 3543 4349 3557 4388; x_wconf 77' lang='grc' dir='ltr'><strong>ι</strong></span> <span class='ocrx_word' id='word_1_749' title='bbox 3587 4346 3760 4404; x_wconf 88' lang='lat' dir='ltr'><strong>porro</strong></span> 
     </span>
    </p>
   </div>
   <div class='ocr_carea' id='block_1_104' title="bbox 2161 4418 3759 4497">
    <p class='ocr_par' dir='ltr' id='par_1_104' title="bbox 2161 4418 3759 4497">
     <span class='ocr_line' id='line_1_104' title="bbox 2161 4418 3759 4497; baseline -0.002 -15"><span class='ocrx_word' id='word_1_750' title='bbox 2161 4425 2323 4497; x_wconf 88' lang='lat' dir='ltr'><strong>signo</strong></span> <span class='ocrx_word' id='word_1_751' title='bbox 2367 4423 2555 4493; x_wconf 90' lang='lat' dir='ltr'><strong>aliquo</strong></span> <span class='ocrx_word' id='word_1_752' title='bbox 2584 4421 2816 4477; x_wconf 91' lang='lat' dir='ltr'><strong>notabili</strong></span> <span class='ocrx_word' id='word_1_753' title='bbox 2858 4420 3095 4475; x_wconf 73' lang='lat' dir='ltr'><strong>invicem</strong></span> <span class='ocrx_word' id='word_1_754' title='bbox 3123 4418 3529 4485; x_wconf 88' lang='lat' dir='ltr'><strong>discernentes,</strong></span> <span class='ocrx_word' id='word_1_755' title='bbox 3580 4438 3612 4477; x_wconf 90' lang='lat' dir='ltr'><strong>a</strong></span> <span class='ocrx_word' id='word_1_756' title='bbox 3647 4439 3759 4479; x_wconf 87' lang='lat' dir='ltr'><strong>mu-</strong></span> 
     </span>
    </p>
   </div>
   <div class='ocr_carea' id='block_1_105' title="bbox 2163 4509 3759 4588">
    <p class='ocr_par' dir='ltr' id='par_1_105' title="bbox 2163 4509 3759 4588">
     <span class='ocr_line' id='line_1_105' title="bbox 2163 4509 3759 4588; baseline -0.001 -15"><span class='ocrx_word' id='word_1_757' title='bbox 2163 4518 2272 4573; x_wconf 90' lang='lat' dir='ltr'><strong>tuis</strong></span> <span class='ocrx_word' id='word_1_758' title='bbox 2321 4515 2543 4588; x_wconf 84' lang='lat' dir='ltr'><strong>quidem</strong></span> <span class='ocrx_word' id='word_1_759' title='bbox 2580 4509 2828 4569; x_wconf 68' lang='lat' dir='ltr'><strong>caedibus</strong></span> <span class='ocrx_word' id='word_1_760' title='bbox 2883 4510 3189 4577; x_wconf 84' lang='lat' dir='ltr'><strong>abstinent,</strong></span> <span class='ocrx_word' id='word_1_761' title='bbox 3253 4527 3381 4567; x_wconf 90' lang='lat' dir='ltr'><strong>cum</strong></span> <span class='ocrx_word' id='word_1_762' title='bbox 3423 4513 3577 4569; x_wconf 91' lang='lat' dir='ltr'><strong>omni</strong></span> <span class='ocrx_word' id='word_1_763' title='bbox 3622 4529 3759 4571; x_wconf 87' lang='lat' dir='ltr'><strong>vero</strong></span> 
     </span>
    </p>
   </div>
   <div class='ocr_carea' id='block_1_106' title="bbox 2086 4602 3758 4685">
    <p class='ocr_par' dir='ltr' id='par_1_106' title="bbox 2086 4602 3758 4685">
     <span class='ocr_line' id='line_1_106' title="bbox 2086 4602 3758 4685; baseline -0.003 -19"><span class='ocrx_word' id='word_1_764' title='bbox 2086 4630 2131 4685; x_wconf 78' lang='grc' dir='ltr'><strong>ι)</strong></span> <span class='ocrx_word' id='word_1_765' title='bbox 2161 4608 2461 4666; x_wconf 86' lang='lat' dir='ltr'><strong>securitate</strong></span> <span class='ocrx_word' id='word_1_766' title='bbox 2507 4602 2720 4659; x_wconf 81' lang='lat' dir='ltr'><strong>faciunt</strong></span> <span class='ocrx_word' id='word_1_767' title='bbox 2761 4617 2824 4658; x_wconf 90' lang='lat' dir='ltr'><strong>ea</strong></span> <span class='ocrx_word' id='word_1_768' title='bbox 2864 4614 2987 4673; x_wconf 71' lang='lat' dir='ltr'><strong>qua:</strong></span> <span class='ocrx_word' id='word_1_769' title='bbox 3027 4610 3222 4685; x_wconf 88' lang='lat' dir='ltr'><strong>contra</strong></span> <span class='ocrx_word' id='word_1_770' title='bbox 3260 4603 3448 4660; x_wconf 87' lang='lat' dir='ltr'><strong>hostes</strong></span> <span class='ocrx_word' id='word_1_771' title='bbox 3498 4604 3758 4661; x_wconf 87' lang='lat' dir='ltr'><strong>videntur</strong></span> 
     </span>
    </p>
   </div>
   <div class='ocr_carea' id='block_1_107' title="bbox 2158 4684 3759 4775">
    <p class='ocr_par' dir='ltr' id='par_1_107' title="bbox 2158 4684 3759 4775">
     <span class='ocr_line' id='line_1_107' title="bbox 2158 4684 3759 4775; baseline -0.003 -15"><span class='ocrx_word' id='word_1_772' title='bbox 2158 4708 2471 4775; x_wconf 91' lang='lat' dir='ltr'><strong>opportuna</strong></span> <span class='ocrx_word' id='word_1_773' title='bbox 2496 4695 2677 4768; x_wconf 88' lang='lat' dir='ltr'><strong>:quod</strong></span> <span class='ocrx_word' id='word_1_774' title='bbox 2709 4692 2901 4767; x_wconf 88' lang='lat' dir='ltr'><strong>utique</strong></span> <span class='ocrx_word' id='word_1_775' title='bbox 2928 4695 3034 4766; x_wconf 90' lang='lat' dir='ltr'><strong>ipsi</strong></span> <span class='ocrx_word' id='word_1_776' title='bbox 3064 4684 3248 4753; x_wconf 76' lang='lat' dir='ltr'><strong>facere</strong></span> <span class='ocrx_word' id='word_1_777' title='bbox 3269 4705 3433 4768; x_wconf 88' lang='lat' dir='ltr'><strong>atque</strong></span> <span class='ocrx_word' id='word_1_778' title='bbox 3461 4696 3759 4756; x_wconf 87' lang='lat' dir='ltr'><strong>observare</strong></span> 
     </span>
    </p>
   </div>
   <div class='ocr_carea' id='block_1_108' title="bbox 2158 4788 3754 4864">
    <p class='ocr_par' dir='ltr' id='par_1_108' title="bbox 2158 4788 3754 4864">
     <span class='ocr_line' id='line_1_108' title="bbox 2158 4788 3754 4864; baseline -0.002 -13"><span class='ocrx_word' id='word_1_779' title='bbox 2158 4795 2387 4851; x_wconf 89' lang='lat' dir='ltr'><strong>minime</strong></span> <span class='ocrx_word' id='word_1_780' title='bbox 2439 4798 2688 4864; x_wconf 86' lang='lat' dir='ltr'><strong>possent,</strong></span> <span class='ocrx_word' id='word_1_781' title='bbox 2747 4790 2795 4845; x_wconf 87' lang='lat' dir='ltr'><strong>si</strong></span> <span class='ocrx_word' id='word_1_782' title='bbox 2840 4790 3025 4860; x_wconf 84' lang='lat' dir='ltr'><strong>specie</strong></span> <span class='ocrx_word' id='word_1_783' title='bbox 3070 4790 3293 4861; x_wconf 84' lang='lat' dir='ltr'><strong>quidem</strong></span> <span class='ocrx_word' id='word_1_784' title='bbox 3341 4788 3754 4863; x_wconf 84' lang='lat' dir='ltr'><strong>deciperentur,</strong></span> 
     </span>
    </p>
   </div>
   <div class='ocr_carea' id='block_1_109' title="bbox 2157 4881 3755 4957">
    <p class='ocr_par' dir='ltr' id='par_1_109' title="bbox 2157 4881 3755 4957">
     <span class='ocr_line' id='line_1_109' title="bbox 2157 4881 3755 4957; baseline -0.001 -13"><span class='ocrx_word' id='word_1_785' title='bbox 2157 4887 2479 4944; x_wconf 87' lang='lat' dir='ltr'><strong>condictum</strong></span> <span class='ocrx_word' id='word_1_786' title='bbox 2504 4898 2639 4939; x_wconf 89' lang='lat' dir='ltr'><strong>vero</strong></span> <span class='ocrx_word' id='word_1_787' title='bbox 2667 4882 2889 4953; x_wconf 78' lang='lat' dir='ltr'><strong>signum</strong></span> <span class='ocrx_word' id='word_1_788' title='bbox 2920 4883 3262 4955; x_wconf 82' lang='lat' dir='ltr'><strong>ignorarent.</strong></span> <span class='ocrx_word' id='word_1_789' title='bbox 3290 4881 3406 4940; x_wconf 82' lang='lat' dir='ltr'><strong>Hoc</strong></span> <span class='ocrx_word' id='word_1_790' title='bbox 3429 4885 3620 4957; x_wconf 83' lang='lat' dir='ltr'><strong>itaque</strong></span> <span class='ocrx_word' id='word_1_791' title='bbox 3645 4887 3755 4943; x_wconf 87' lang='lat' dir='ltr'><strong>ait:</strong></span> 
     </span>
    </p>
   </div>
   <div class='ocr_carea' id='block_1_110' title="bbox 2158 4971 3760 5043">
    <p class='ocr_par' dir='ltr' id='par_1_110' title="bbox 2158 4971 3760 5043">
     <span class='ocr_line' id='line_1_110' title="bbox 2158 4971 3760 5043; baseline 0.001 -13"><span class='ocrx_word' id='word_1_792' title='bbox 2158 4974 2319 5043; x_wconf 87' lang='lat' dir='ltr'><strong>Quod</strong></span> <span class='ocrx_word' id='word_1_793' title='bbox 2354 4974 2504 5030; x_wconf 89' lang='lat' dir='ltr'><strong>sicut</strong></span> <span class='ocrx_word' id='word_1_794' title='bbox 2535 4971 2697 5043; x_wconf 90' lang='lat' dir='ltr'><strong>signo</strong></span> <span class='ocrx_word' id='word_1_795' title='bbox 2725 4972 2916 5043; x_wconf 89' lang='lat' dir='ltr'><strong>aliquo</strong></span> <span class='ocrx_word' id='word_1_796' title='bbox 2945 4973 3295 5041; x_wconf 87' lang='lat' dir='ltr'><strong>discernens,</strong></span> <span class='ocrx_word' id='word_1_797' title='bbox 3331 4988 3527 5031; x_wconf 90' lang='lat' dir='ltr'><strong>omnes</strong></span> <span class='ocrx_word' id='word_1_798' title='bbox 3557 4984 3661 5032; x_wconf 86' lang='lat' dir='ltr'><strong>nos</strong></span> <span class='ocrx_word' id='word_1_799' title='bbox 3690 4977 3760 5033; x_wconf 86' lang='lat' dir='ltr'><strong>ab</strong></span> 
     </span>
    </p>
   </div>
   <div class='ocr_carea' id='block_1_111' title="bbox 2158 5064 3757 5138">
    <p class='ocr_par' dir='ltr' id='par_1_111' title="bbox 2158 5064 3757 5138">
     <span class='ocr_line' id='line_1_111' title="bbox 2158 5064 3757 5138; baseline 0.004 -16"><span class='ocrx_word' id='word_1_800' title='bbox 2158 5069 2381 5124; x_wconf 87' lang='lat' dir='ltr'><strong>illorum</strong></span> <span class='ocrx_word' id='word_1_801' title='bbox 2412 5064 2628 5122; x_wconf 88' lang='lat' dir='ltr'><strong>insidiis</strong></span> <span class='ocrx_word' id='word_1_802' title='bbox 2675 5065 2948 5132; x_wconf 89' lang='lat' dir='ltr'><strong>liberasti,</strong></span> <span class='ocrx_word' id='word_1_803' title='bbox 2992 5071 3053 5121; x_wconf 91' lang='lat' dir='ltr'><strong>ut</strong></span> <span class='ocrx_word' id='word_1_804' title='bbox 3111 5081 3293 5138; x_wconf 89' lang='lat' dir='ltr'><strong>neque</strong></span> <span class='ocrx_word' id='word_1_805' title='bbox 3344 5082 3377 5122; x_wconf 91' lang='lat' dir='ltr'><strong>a</strong></span> <span class='ocrx_word' id='word_1_806' title='bbox 3420 5068 3757 5138; x_wconf 88' lang='lat' dir='ltr'><strong>sagittariis.</strong></span> 
     </span>
    </p>
   </div>
   <div class='ocr_carea' id='block_1_112' title="bbox 2160 5156 3759 5233">
    <p class='ocr_par' dir='ltr' id='par_1_112' title="bbox 2160 5156 3759 5233">
     <span class='ocr_line' id='line_1_112' title="bbox 2160 5156 3759 5233; baseline -0.003 -15"><span class='ocrx_word' id='word_1_807' title='bbox 2160 5176 2341 5233; x_wconf 90' lang='lat' dir='ltr'><strong>neque</strong></span> <span class='ocrx_word' id='word_1_808' title='bbox 2366 5160 2436 5216; x_wconf 91' lang='lat' dir='ltr'><strong>ab</strong></span> <span class='ocrx_word' id='word_1_809' title='bbox 2466 5159 2579 5214; x_wconf 90' lang='lat' dir='ltr'><strong>alio</strong></span> <span class='ocrx_word' id='word_1_810' title='bbox 2604 5157 2793 5228; x_wconf 90' lang='lat' dir='ltr'><strong>aliquo</strong></span> <span class='ocrx_word' id='word_1_811' title='bbox 2814 5156 3098 5229; x_wconf 90' lang='lat' dir='ltr'><strong>quidpiam</strong></span> <span class='ocrx_word' id='word_1_812' title='bbox 3127 5157 3257 5212; x_wconf 88' lang='lat' dir='ltr'><strong>mali</strong></span> <span class='ocrx_word' id='word_1_813' title='bbox 3278 5165 3615 5228; x_wconf 85' lang='lat' dir='ltr'><strong>pateremur.</strong></span> <span class='ocrx_word' id='word_1_814' title='bbox 3640 5156 3759 5214; x_wconf 81' lang='lat' dir='ltr'><strong>Hoc</strong></span> 
     </span>
    </p>
   </div>
   <div class='ocr_carea' id='block_1_113' title="bbox 2158 5248 3757 5325">
    <p class='ocr_par' dir='ltr' id='par_1_113' title="bbox 2158 5248 3757 5325">
     <span class='ocr_line' id='line_1_113' title="bbox 2158 5248 3757 5325; baseline -0.003 -14"><span class='ocrx_word' id='word_1_815' title='bbox 2158 5264 2344 5311; x_wconf 92' lang='lat' dir='ltr'><strong>autem</strong></span> <span class='ocrx_word' id='word_1_816' title='bbox 2379 5253 2547 5309; x_wconf 90' lang='lat' dir='ltr'><strong>etiam</strong></span> <span class='ocrx_word' id='word_1_817' title='bbox 2582 5252 2723 5308; x_wconf 78' lang='lat' dir='ltr'><strong>dixit</strong></span> <span class='ocrx_word' id='word_1_818' title='bbox 2761 5251 3017 5321; x_wconf 81' lang='lat' dir='ltr'><strong>exemplo</strong></span> <span class='ocrx_word' id='word_1_819' title='bbox 3038 5266 3230 5307; x_wconf 87' lang='lat' dir='ltr'><strong>eorum</strong></span> <span class='ocrx_word' id='word_1_820' title='bbox 3266 5266 3392 5322; x_wconf 66' lang='lat' dir='ltr'><strong>quae</strong></span> <span class='ocrx_word' id='word_1_821' title='bbox 3429 5249 3486 5306; x_wconf 92' lang='lat' dir='ltr'><strong>iu</strong></span> <span class='ocrx_word' id='word_1_822' title='bbox 3514 5248 3757 5325; x_wconf 67' lang='lat' dir='ltr'><strong>IEgypto</strong></span> 
     </span>
    </p>
   </div>
   <div class='ocr_carea' id='block_1_114' title="bbox 2158 5342 3757 5418">
    <p class='ocr_par' dir='ltr' id='par_1_114' title="bbox 2158 5342 3757 5418">
     <span class='ocr_line' id='line_1_114' title="bbox 2158 5342 3757 5418; baseline -0.001 -15"><span class='ocrx_word' id='word_1_823' title='bbox 2158 5347 2557 5418; x_wconf 80' lang='lat' dir='ltr'><strong>contigerunt:</strong></span> <span class='ocrx_word' id='word_1_824' title='bbox 2589 5342 2721 5416; x_wconf 86' lang='lat' dir='ltr'><strong>quia</strong></span> <span class='ocrx_word' id='word_1_825' title='bbox 2773 5342 2936 5415; x_wconf 88' lang='lat' dir='ltr'><strong>quasi</strong></span> <span class='ocrx_word' id='word_1_826' title='bbox 2972 5344 3133 5412; x_wconf 81' lang='lat' dir='ltr'><strong>signo</strong></span> <span class='ocrx_word' id='word_1_827' title='bbox 3173 5345 3431 5415; x_wconf 69' lang='lat' dir='ltr'><strong>quopiam</strong></span> <span class='ocrx_word' id='word_1_828' title='bbox 3484 5346 3757 5417; x_wconf 86' lang='lat' dir='ltr'><strong>sanguine</strong></span> 
     </span>
    </p>
   </div>
   <div class='ocr_carea' id='block_1_115' title="bbox 2156 5435 3754 5511">
    <p class='ocr_par' dir='ltr' id='par_1_115' title="bbox 2156 5435 3754 5511">
     <span class='ocr_line' id='line_1_115' title="bbox 2156 5435 3754 5511; baseline 0.003 -16"><span class='ocrx_word' id='word_1_829' title='bbox 2156 5439 2497 5495; x_wconf 88' lang='lat' dir='ltr'><strong>liminarium</strong></span> <span class='ocrx_word' id='word_1_830' title='bbox 2547 5437 2650 5493; x_wconf 89' lang='lat' dir='ltr'><strong>hos</strong></span> <span class='ocrx_word' id='word_1_831' title='bbox 2694 5437 2765 5492; x_wconf 89' lang='lat' dir='ltr'><strong>ab</strong></span> <span class='ocrx_word' id='word_1_832' title='bbox 2802 5435 3080 5508; x_wconf 67' lang='lat' dir='ltr'><strong>Egyptiis</strong></span> <span class='ocrx_word' id='word_1_833' title='bbox 3122 5436 3497 5511; x_wconf 73' lang='lat' dir='ltr'><strong>distinguens.</strong></span> <span class='ocrx_word' id='word_1_834' title='bbox 3550 5440 3754 5499; x_wconf 61' lang='lat' dir='ltr'><strong>illaesos</strong></span> 
     </span>
    </p>
   </div>
   <div class='ocr_carea' id='block_1_116' title="bbox 2158 5526 3232 5603">
    <p class='ocr_par' dir='ltr' id='par_1_116' title="bbox 2158 5526 3232 5603">
     <span class='ocr_line' id='line_1_116' title="bbox 2158 5526 3232 5603; baseline -0.002 -16"><span class='ocrx_word' id='word_1_835' title='bbox 2158 5530 2484 5596; x_wconf 78' lang='lat' dir='ltr'><strong>custodivit,</strong></span> <span class='ocrx_word' id='word_1_836' title='bbox 2525 5526 2813 5601; x_wconf 59' lang='grc' dir='ltr'><strong>Αἶα-γρῆυς</strong></span> <span class='ocrx_word' id='word_1_837' title='bbox 2840 5546 2972 5587; x_wconf 88' lang='lat' dir='ltr'><strong>vero</strong></span> <span class='ocrx_word' id='word_1_838' title='bbox 2998 5530 3232 5603; x_wconf 85' lang='lat' dir='ltr'><strong>punivit.</strong></span> 
     </span>
    </p>
   </div>
   <div class='ocr_carea' id='block_1_117' title="bbox 2228 5616 3755 5696">
    <p class='ocr_par' dir='ltr' id='par_1_117' title="bbox 2228 5616 3755 5696">
     <span class='ocr_line' id='line_1_117' title="bbox 2228 5616 3755 5696; baseline 0.005 -19"><span class='ocrx_word' id='word_1_839' title='bbox 2228 5618 2401 5678; x_wconf 74' lang='lat' dir='ltr'><strong>Vsus.</strong></span> <span class='ocrx_word' id='word_1_840' title='bbox 2436 5621 2487 5675; x_wconf 83' lang='lat'><strong>7.</strong></span> <span class='ocrx_word' id='word_1_841' title='bbox 2518 5652 2588 5665; x_wconf 92' lang='lat'><strong>-—</strong></span> <span class='ocrx_word' id='word_1_842' title='bbox 2617 5619 2746 5676; x_wconf 65' lang='lat' dir='ltr'><strong>Haec</strong></span> <span class='ocrx_word' id='word_1_843' title='bbox 2788 5616 2998 5687; x_wconf 83' lang='lat' dir='ltr'><strong>autem,</strong></span> <span class='ocrx_word' id='word_1_844' title='bbox 3032 5624 3233 5696; x_wconf 74' lang='lat' dir='ltr'><strong>inquit,</strong></span> <span class='ocrx_word' id='word_1_845' title='bbox 3282 5640 3385 5696; x_wconf 91' lang='lat' dir='ltr'><strong>pro</strong></span> <span class='ocrx_word' id='word_1_846' title='bbox 3429 5625 3596 5683; x_wconf 83' lang='lat' dir='ltr'><strong>nobis</strong></span> <span class='ocrx_word' id='word_1_847' title='bbox 3636 5642 3666 5681; x_wconf 88' lang='lat' dir='ltr'><strong>a</strong></span> <span class='ocrx_word' id='word_1_848' title='bbox 3700 5634 3755 5685; x_wconf 90' lang='lat' dir='ltr'><strong>te</strong></span> 
     </span>
    </p>
   </div>
   <div class='ocr_carea' id='block_1_118' title="bbox 2156 5709 3751 5780">
    <p class='ocr_par' dir='ltr' id='par_1_118' title="bbox 2156 5709 3751 5780">
     <span class='ocr_line' id='line_1_118' title="bbox 2156 5709 3751 5780; baseline 0.004 -10"><span class='ocrx_word' id='word_1_849' title='bbox 2156 5715 2372 5773; x_wconf 89' lang='lat' dir='ltr'><strong>dilectis</strong></span> <span class='ocrx_word' id='word_1_850' title='bbox 2390 5709 2645 5780; x_wconf 85' lang='lat' dir='ltr'><strong>effecisti,</strong></span> <span class='ocrx_word' id='word_1_851' title='bbox 2674 5720 2733 5767; x_wconf 91' lang='lat' dir='ltr'><strong>ut</strong></span> <span class='ocrx_word' id='word_1_852' title='bbox 2767 5714 2835 5770; x_wconf 89' lang='lat' dir='ltr'><strong>ab</strong></span> <span class='ocrx_word' id='word_1_853' title='bbox 2862 5715 3083 5773; x_wconf 91' lang='lat' dir='ltr'><strong>illorum</strong></span> <span class='ocrx_word' id='word_1_854' title='bbox 3115 5717 3334 5774; x_wconf 66' lang='lat' dir='ltr'><strong>insidiis</strong></span> <span class='ocrx_word' id='word_1_855' title='bbox 3368 5718 3751 5777; x_wconf 82' lang='lat' dir='ltr'><strong>liberaremur.</strong></span> 
     </span>
    </p>
   </div>
   <div class='ocr_carea' id='block_1_119' title="bbox 2158 5804 3763 5880">
    <p class='ocr_par' dir='ltr' id='par_1_119' title="bbox 2158 5804 3763 5880">
     <span class='ocr_line' id='line_1_119' title="bbox 2158 5804 3763 5880; baseline 0.003 -20"><span class='ocrx_word' id='word_1_856' title='bbox 2158 5804 2367 5862; x_wconf 85' lang='lat' dir='ltr'><strong>Deinde</strong></span> <span class='ocrx_word' id='word_1_857' title='bbox 2411 5805 2579 5861; x_wconf 87' lang='lat' dir='ltr'><strong>etiam</strong></span> <span class='ocrx_word' id='word_1_858' title='bbox 2623 5817 2828 5875; x_wconf 78' lang='lat' dir='ltr'><strong>rogans</strong></span> <span class='ocrx_word' id='word_1_859' title='bbox 2871 5805 3186 5880; x_wconf 74' lang='lat' dir='ltr'><strong>subiungit,</strong></span> <span class='ocrx_word' id='word_1_860' title='bbox 3246 5807 3315 5865; x_wconf 89' lang='lat' dir='ltr'><strong>Ut</strong></span> <span class='ocrx_word' id='word_1_861' title='bbox 3358 5810 3645 5878; x_wconf 89' lang='lat' dir='ltr'><strong>nimirum,</strong></span> <span class='ocrx_word' id='word_1_862' title='bbox 3680 5811 3763 5865; x_wconf 88' lang='lat' dir='ltr'><strong>in-</strong></span> 
     </span>
    </p>
   </div>
   <div class='ocr_carea' id='block_1_120' title="bbox 2162 5898 3752 5973">
    <p class='ocr_par' dir='ltr' id='par_1_120' title="bbox 2162 5898 3752 5973">
     <span class='ocr_line' id='line_1_120' title="bbox 2162 5898 3752 5973; baseline 0.002 -19"><span class='ocrx_word' id='word_1_863' title='bbox 2162 5898 2303 5973; x_wconf 86' lang='lat' dir='ltr'><strong>quit,</strong></span> <span class='ocrx_word' id='word_1_864' title='bbox 2334 5899 2493 5958; x_wconf 72' lang='lat' dir='ltr'><strong>ilizesi</strong></span> <span class='ocrx_word' id='word_1_865' title='bbox 2543 5908 2974 5971; x_wconf 85' lang='lat' dir='ltr'><strong>permanentes,</strong></span> <span class='ocrx_word' id='word_1_866' title='bbox 3023 5918 3053 5958; x_wconf 90' lang='lat' dir='ltr'><strong>a</strong></span> <span class='ocrx_word' id='word_1_867' title='bbox 3098 5902 3242 5963; x_wconf 84' lang='lat' dir='ltr'><strong>facie</strong></span> <span class='ocrx_word' id='word_1_868' title='bbox 3283 5917 3449 5960; x_wconf 84' lang='lat' dir='ltr'><strong>arcus</strong></span> <span class='ocrx_word' id='word_1_869' title='bbox 3487 5901 3752 5960; x_wconf 80' lang='lat' dir='ltr'><strong>liberare-</strong></span> 
     </span>
    </p>
   </div>
  </div>
