4162 6466
441 412 547 473 ",7

1621 400 1971 462 “resonam
1999 365 2497 458 Mopsus:er

3602 413 3708 468 (ἷξε

443 549 588 592 n‘.ut',
639 526 856 584 dilectis
912 528 1024 583 tuis
1081 525 1408 597 prtedictum
1459 524 1679 595 signum
1727 520 2023 577 tradidisti.

2131 520 2240 572 ἀπὸ
2271 518 2561 590 προσώπου
2584 517 2758 583 τόξου,
2783 521 2896 583 τοῖς
2925 521 3230 592 ἀγαπητοῖς
3260 539 3350 576 σου
3374 526 3471 594 τὴν
3503 527 3711 599 λεχθεῖ-

444 622 560 678 Hoc
615 628 798 676 autem
845 621 1011 675 etiam
1054 617 1146 673 hic
1173 616 1491 681 dicendum,
1541 614 1691 687 quod
1732 621 1862 670 tunc
1889 613 2026 670 libe-

442 715 552 768 rari
588 719 848 783 poterunt
886 709 958 766 ab
987 709 1233 765 inimicis
1261 707 1656 772 invisibilibus,
1682 706 1905 778 quando
1929 719 2026 762 eos

441 805 681 861 servabit
707 804 935 860 dextera
979 811 1095 868 tua,
1140 799 1316 857 Filius
1370 811 1497 856 tuus
1536 799 1875 871 unigenitus.
1925 795 2028 853 IIic

439 898 585 952 enim
641 897 871 952 dextera
921 893 1018 950 Dei
1063 907 1442 964 saepenumero
1487 892 1881 962 interpretatus
1917 897 2024 958 est,

441 988 743 1056 praesertim
783 984 1008 1056 quando
1056 983 1410 1054 praepositum
1462 990 1546 1039 est
1583 982 1737 1048 illud,
1779 980 2028 1038 Stabilioi

440 1086 489 1131 te
517 1078 736 1132 dextera
752 1076 905 1144 juxta
925 1091 1044 1130 mea
1069 1073 1209 1147 (Ira.
1243 1090 1355 1141 xu,
1385 1074 1476 1144 10)
1503 1091 1517 1140 ;
1545 1081 1622 1141 et,
1650 1073 1881 1130 Dextera
1909 1089 2027 1128 mea

440 1169 672 1237 ﬁrmavit
719 1168 910 1223 caelum
942 1165 1084 1236 (Ira.
1134 1181 1330 1228 vant,
1380 1164 1494 1234 15).
1543 1162 1841 1221 Sciendum
1887 1179 2027 1236 quo-

441 1259 604 1314 modo
635 1257 838 1313 iterum
883 1256 1077 1312 ordine
1109 1255 1487 1327 intelligentia:
1534 1270 1658 1312 sese
1686 1254 1930 1311 habeant
1959 1269 2026 1310 ea

439 1365 561 1421 quae
602 1349 977 1422 proferuntur.
1017 1346 1264 1402 Primum
1312 1347 1458 1403 enim
1508 1347 1602 1403 ubi
1654 1346 2020 1413 exaudiverit,

440 1451 626 1499 servat
673 1442 864 1498 Deus:
901 1447 957 1496 et
1000 1440 1116 1496 hac
1161 1447 1567 1511 consequenter
1610 1449 1698 1496 est
1753 1440 2028 1495 connexio

441 1536 734 1598 orationis,
760 1543 887 1606 post
909 1532 1092 1598 Salva,
1112 1532 1310 1589 exaudi
1335 1549 1417 1587 me
1445 1531 1718 1588 habentis.
1741 1531 1858 1588 Nisi
1883 1531 2028 1588 forte

441 1628 525 1686 sic
609 1628 985 1700 intelligatur;
1031 1627 1192 1697 quasi
1246 1627 1396 1682 dicat
1441 1645 1456 1681 :
1501 1623 1736 1682 Salvans
1798 1625 2024 1681 dextera

439 1719 644 1776 exaudi
687 1735 796 1784 me,
825 1721 902 1776 ita
933 1727 993 1774 ut
1039 1720 1177 1774 mihi
1213 1726 1434 1776 servato
1469 1718 1528 1774 in
1558 1717 1704 1776 votis
1739 1717 1813 1774 sit
1838 1716 2023 1772 divina

439 1815 581 1869 bona
625 1813 946 1884 postulare;
989 1811 1104 1866 haec
1135 1820 1322 1866 autem
1366 1825 1478 1865 non
1521 1816 1656 1866 sunt
1702 1809 1811 1865 alia
1852 1823 2016 1879 quam

439 1918 586 1959 eor...
624 1902 864 1975 Spiritus
919 1903 1122 1958 sancti.
1161 1900 1337 1956 Porro
1370 1900 1557 1958 dilecti
1601 1899 1699 1956 Dei
1743 1909 1876 1957 sunt
1913 1900 2018 1966 illi,

437 1995 532 2068 qui
565 1995 636 2053 ob
669 2010 881 2060 morum
915 1994 1250 2066 probitatem
1280 1993 1430 2065 digni
1462 1999 1594 2053 sunt
1627 1991 1815 2050 abillo
1842 1990 2018 2064 diligi.

959 2105 1287 2178 essurus
1316 2105 1528 2162 LXVII.

508 2220 674 2278 Vens.
709 2220 798 2278 18.
822 2247 896 2260 -
922 2218 1058 2276 Cum
1092 2219 1263 2290 igitur
1292 2217 1533 2290 p0pulus
1574 2218 1738 2290 quasi
1768 2213 2024 2290 captivus

437 2322 584 2369 esset
619 2313 678 2368 in
703 2311 948 2384 Egypto
976 2311 1252 2379 serviens,
1287 2310 1532 2367 extraxit
1559 2325 1656 2368 eos
1693 2325 1726 2366 e
1755 2309 2025 2368 servitute

443 2403 610 2469 Deus,
638 2409 694 2458 et
735 2400 992 2457 liberavit
1026 2401 1142 2472 lege
1173 2398 1303 2456 belli
1331 2417 1345 2454 :
1380 2413 1508 2454 nam
1537 2413 1665 2456 cum
1698 2397 1890 2456 hostes
1918 2414 2021 2470 pu-

439 2495 696 2559 nivisset,
733 2501 865 2548 tunc
895 2494 1047 2565 ipsos
1080 2493 1303 2565 eripuit.
1330 2491 1642 2565 Captivitas
1671 2501 1858 2549 autem
1880 2492 2021 2548 dici-

437 2601 548 2651 tur,
582 2586 852 2659 quidquid
888 2588 1006 2659 lege
1038 2587 1167 2642 belli
1215 2586 1457 2660 capitur.
1491 2585 1610 2644 Hoc
1641 2594 1727 2644 est
1754 2585 1902 2659 quod
1938 2586 2022 2642 dio

435 2681 549 2748 cit;
605 2694 671 2734 ac
721 2679 769 2735 si
804 2679 998 2734 dicat:
1041 2676 1418 2748 Captivitatem
1465 2678 1708 2749 (scilicet
1743 2694 1868 2744 nos,
1926 2679 2021 2750 qui

435 2772 596 2844 quasi
645 2771 699 2826 in
734 2772 1057 2843 captivitate
1084 2772 1497 2844 serviebamus)
1529 2773 1792 2842 captivam
1826 2771 2021 2828 ducens

388 2889 394 2906 ι
436 2866 734 2935 (tanquam
771 2862 935 2919 fortis
966 2864 1077 2919 dux
1100 2862 1230 2920 belli
1263 2863 1383 2934 lege
1410 2863 1679 2934 vincens)
1709 2862 2018 2928 abduxisti,

434 2961 490 3010 et
527 2953 844 3011 extraxisti.
880 2952 1037 3010 Istud
1091 2963 1303 3017 autem,
1357 2952 1659 3008 Ascendisti
1706 2952 1762 3006 in
1808 2951 2021 3006 altum:

436 3045 853 3103 demonstratus
891 3061 975 3109 es,
1018 3044 1220 3116 inquit,
1258 3059 1494 3115 magnus
1518 3051 1574 3099 et
1601 3044 1898 3101 excelsus:
1937 3041 2016 3098 id-

435 3139 591 3196 circo
620 3139 869 3209 accepisti
895 3138 1038 3192 dona
1065 3138 1118 3192 in
1148 3134 1468 3190 hominibus.
1499 3133 1658 3192 Tunc
1686 3137 1853 3192 etiam
1878 3135 2023 3194 Deus

436 3234 576 3304 ipsis
609 3238 966 3302 praeceperat,
1005 3237 1064 3284 ut
1091 3236 1342 3300 peterent
1370 3243 1502 3285 vasa
1545 3236 1806 3301 argentea
1838 3237 1891 3286 et
1923 3245 2022 3284 au-

2131 627 2227 663 σαν
2286 610 2586 681 σημείωσιν
2637 609 2864 676 ἔδωκας.
2917 612 3154 667 Λεκτέον
3183 613 3244 668 δὲ
3277 616 3375 670 καὶ
3412 609 3548 684 ὧδε,
3587 621 3711 677 τότε

2130 703 2394 772 ρυσθῆναι
2423 703 2532 758 ἀπὸ
2564 704 2836 776 πολεμίων
2870 706 3119 777 ἀοράτων
3163 706 3486 780 δυνήσονται
3513 751 3529 774 .
3581 712 3712 770 ὅταν

2131 791 2283 867 σώσῃ
2312 797 2344 864 ή
2377 794 2528 859 δεξιά
2563 812 2680 860 σου,
2708 798 2736 850 ό
2761 798 3060 868 μονογενής
3096 815 3192 852 σου
3220 799 3369 865 Υἱός.
3405 797 3574 868 Οὗτος
3597 805 3711 878 γὰρ

2127 886 2277 954 δεξιά
2313 886 2448 940 Θεοῦ
2480 889 2816 959 ἡρμήνευται
2861 888 3144 954 πολλάκις,
3179 890 3416 961 μάλιστα
3457 895 3548 949 ὅτε
3576 913 3712 968 προ-

2127 977 2308 1030 έκειτο
2336 978 2426 1042 τὸ,
2483 977 2944 1048 Ὴσφαλισάμην
2971 993 3048 1033 σε
3074 975 3152 1050 τῇ
3189 979 3358 1050 δεξιᾷ
3395 982 3471 1052 τῇ
3508 983 3712 1054 δικαίᾳ

2123 1087 2242 1139 μου
2263 1086 2276 1101 ·
2319 1071 2438 1134 καὶ,
2479 1069 2553 1124 Ἠ
2575 1067 2745 1135 δεειά
2770 1089 2891 1141 μου
2927 1069 3258 1141 ἑστερέωσε
3291 1074 3400 1130 τὸν
3425 1077 3706 1144 οὐρανόν.

2142 1160 2492 1214 Ἐπιστατέον
2519 1161 2596 1224 ώς
2636 1160 2873 1233 ἔμπαλιν
2907 1164 2974 1234 τῇ
3006 1162 3159 1227 τάξαι
3191 1165 3292 1236 τῆς
3319 1167 3558 1236 νοήσεως
3595 1167 3710 1238 ἔχει

2127 1253 2198 1306 τὰ
2229 1253 2328 1325 τῆς
2373 1256 2675 1326 προφορᾶς.
2719 1256 2992 1327 Πρότερον
3025 1258 3137 1330 γὰρ
3167 1259 3518 1324 εἰσακούσας,
3546 1260 3711 1328 σώζει

2128 1344 2260 1410 Θεός
2285 1362 2301 1378 ο
2343 1347 2438 1399 καὶ
2471 1347 2610 1419 αὕτη
2644 1349 2678 1419 ἡ
2711 1349 3023 1414 ἀκολούθως
3049 1351 3288 1424 ἁρμονία
3334 1353 3434 1425 τῆς
3469 1347 3700 1418 λέξεως,

2131 1437 2272 1508 μετά
2306 1437 2367 1490 τὸ
2399 1437 2612 1494 Σῶσον
2642 1442 2703 1496 τὸ
2727 1440 3111 1498 Ἑπάκουσόν
3131 1461 3250 1513 μου
3272 1445 3523 1516 ἐχούσης.
3543 1445 3606 1499 Εί
3633 1445 3711 1518 μὴ
3801 1452 3807 1457 ’

2129 1528 2240 1600 ἀρα
2269 1527 2413 1583 οὕτω
2443 1531 2694 1604 νοηθείη·
2730 1531 2918 1598 Σώσας
2944 1536 3012 1606 τῇ
3042 1533 3195 1607 δεξιᾷ
3218 1536 3525 1592 ὲπάκουσόν
3555 1554 3658 1608 μου
3681 1577 3698 1604 ,

2127 1621 2293 1691 εὐχῆς
2319 1620 2486 1692 οὔσης
2515 1622 2641 1693 ἐμοὶ
2673 1622 2752 1694 τῷ
2781 1623 3007 1678 σωθέντι
3033 1627 3162 1698 περὶ
3191 1626 3352 1681 θείων
3377 1627 3596 1697 ἀγαθῶν
3619 1629 3712 1682 αῖ-

2127 1709 2377 1781 τουμένῳ
2402 1727 2416 1739 ’
2443 1712 2545 1766 οὐκ
2569 1711 2704 1766 ἀλλα
2735 1713 2791 1766 δὲ
2811 1713 2986 1769 ταῦτα
3006 1715 3116 1769 τῶν
3139 1713 3236 1768 τοῦ
3273 1715 3586 1787 πνεύματος
3609 1735 3705 1788 χαο

2133 1802 2433 1874 ρισμάτων.
2477 1804 2780 1876 ’Δγαπητοὶ
2824 1805 2882 1860 δὲ
2913 1805 3008 1860 τοῦ
3038 1806 3178 1860 Θεοῦ
3227 1808 3609 1879 τυγχάνουσιν,
3659 1811 3709 1862 oi

2128 1892 2218 1948 διὰ
2263 1892 2669 1964 καλοκάγαθίαν
2719 1898 2873 1962 ὅντες
2916 1897 3058 1964 ἀξιοι
3105 1898 3200 1953 τοῦ
3247 1900 3568 1970 ἀγαπᾶσθαι
3615 1903 3708 1955 ὑπ’

2129 1986 2318 2042 αὑτοῦ.

2689 2097 2987 2154 ΨΑΛΜυΣ
3025 2098 3141 2156 ΞΖ¹.

2195 2210 2346 2282 Στίχ.
2382 2217 2474 2282 ιη’.
2514 2240 2585 2252 -
2629 2210 2849 2284 Ἐπειδὴ
2881 2207 2974 2266 οῦν
3020 2214 3050 2266 ό
3087 2213 3216 2278 λαὸς
3248 2213 3327 2280 ὡς
3362 2215 3709 2288 αἰχμάλωτος

2121 2297 2191 2374 ἦν
2221 2305 2280 2356 ὲν
2310 2305 2378 2375 τῇ
2422 2302 2686 2374 Αἰγύπτῳ
2716 2303 3006 2371 δουλεύων,
3041 2305 3344 2373 ἐξέσπασεν
3383 2309 3582 2376 αὐτοὺς
3605 2310 3708 2382 τῆς

2122 2391 2366 2458 δουλείας
2393 2395 2423 2448 ό
2445 2393 2596 2460 Θεὸς,
2621 2395 2716 2448 καὶ
2745 2395 3024 2467 ἀπήλλαξε
3054 2397 3295 2469 πολέμου
3326 2398 3475 2472 νόμῳ
3497 2417 3510 2432 ·
3531 2417 3706 2473 τιμωο

2126 2485 2434 2556 ρησάμενος
2456 2485 2566 2558 γάρ
2591 2489 2717 2552 τοὺς
2735 2487 3034 2554 ἐναντίους,
3059 2486 3202 2544 οὕτω
3220 2491 3443 2556 τούτους
3467 2492 3706 2564 ἀφεῖλεν.

2121 2577 2479 2650 Αίχμαλωσία
2507 2581 2564 2634 δὲ
2596 2581 2850 2650 λέγεται,
2897 2581 3044 2637 ἅπαν
3086 2584 3145 2638 τὸ
3175 2585 3234 2639 ὲν
3275 2585 3516 2658 πολέμου
3560 2589 3712 2660 νόμῳ

2121 2670 2552 2743 λαμϐανόμενον.
2587 2672 2758 2726 Τοῦτό
2807 2691 2972 2746 φησιν
2995 2691 3009 2707 ο
3045 2677 3121 2740 ὡς
3155 2675 3222 2731 ἂν
3259 2679 3391 2752 εἴπῃ
3414 2694 3428 2710 ⁸
3469 2679 3589 2748 Τὴν
3621 2683 3712 2736 αι-

2123 2763 2482 2832 χμαλωσίαν
2527 2763 2811 2836 (δηλονότι
2841 2767 2989 2838 ἡμᾶς
3013 2807 3027 2832 ,
3065 2768 3193 2832 τοὺς
3227 2769 3307 2834 ὡς
3340 2771 3399 2824 ἐν
3429 2773 3710 2842 αἰχμαλω-

2123 2855 2216 2926 σίᾳ
2241 2854 2614 2925 δουλεύοντας)
2636 2859 3134 2928 αἱχμαλωτεύσας
3153 2861 3172 2932 (
3194 2861 3269 2926 ώς
3301 2863 3522 2934 ἰσχυρὸς
3546 2881 3711 2938 στρα-

2123 2946 2324 3016 τιώτης
2365 2944 2604 3016 πολέμου
2643 2946 2796 3017 νόμῳ
2840 2951 3104 3020 νικήσας)
3162 2952 3416 3021 ἀφεῖλες,
3463 2955 3558 3008 καὶ
3600 2955 3708 3009 ἀπ-

2127 3037 2399 3103 έσπασας.
2431 3038 2507 3092 Τὸ
2532 3039 2609 3104 δὲ,
2659 3038 2894 3106 Ἀνέϐης
2919 3043 3008 3107 εις
3033 3042 3212 3111 ὕψος,
3243 3043 3512 3114 ὲδεῐχθης,
3551 3048 3710 3117 φησὶ,

2127 3133 2304 3205 μέγας
2350 3133 2446 3187 καὶ
2485 3133 2692 3206 ὑψηλός
2719 3151 2732 3165 ·
2787 3133 2877 3188 διά
2924 3135 3098 3218 τοῦτο.
3129 3135 3344 3205 ἔλαϐες
3385 3138 3612 3209 δόματα
3640 3141 3711 3194 ἐν

2124 3226 2478 3297 ἀνθρώποις.
2509 3226 2819 3298 Προσέταξε
2848 3228 2958 3303 γὰρ
2997 3229 3180 3295 αὐτοῖς
3213 3231 3332 3284 τότε
3361 3233 3390 3286 ό
3421 3231 3552 3296 Θεὸς
3571 3277 3585 3299 ,
3627 3236 3713 3287 al-

436 3340 573 3387 rea;
608 3333 776 3393 atque
809 3323 901 3378 ubi
937 3322 1051 3376 haec
1083 3321 1417 3392 petivissent
1449 3329 1782 3394 acceperunt
1808 3321 2018 3394 (Exod.

2127 3320 2290 3393 τῆσαι
2320 3320 2489 3390 σκεύη
2525 3321 2744 3392 ἀργυρᾶ
2774 3320 2868 3375 καὶ
2893 3322 3102 3392 χρυσᾶ·
3135 3321 3428 3377 καὶταῦτα
3456 3326 3712 3395 αἰτήσαν-

436 3414 560 3485 ix):
607 3411 808 3471 deinde
853 3422 1031 3470 morte
1064 3413 1431 3486 primogenita
1477 3413 1771 3470 invadente
1810 3413 2020 3485 (Exod.

434 3508 571 3579 xu),
602 3513 907 3577 eruperunt
940 3521 1008 3562 ex
1039 3502 1301 3579 Egypto,
1335 3504 1564 3580 iubente
1594 3504 1728 3576 Deo,
1753 3506 2022 3564 habentes

434 3598 600 3653 etiam
629 3612 783 3654 vasa.
826 3595 946 3654 Non
995 3597 1188 3670 igitur,
1238 3598 1440 3668 inquit,
1475 3613 1578 3655 nos
1616 3599 1796 3664 solum
1839 3607 2024 3656 extra-

437 3690 592 3756 xisti,
619 3698 675 3746 et
705 3706 736 3746 e
764 3689 1032 3748 servitute
1063 3689 1333 3756 liberasti,
1372 3689 1469 3746 sed
1499 3689 1670 3747 etiam
1694 3689 1838 3746 dona
1868 3704 2025 3746 acce-

440 3778 568 3853 pisti
598 3783 667 3838 ab
695 3781 1036 3846 hominibus,
1067 3782 1227 3852 quasi
1251 3797 1378 3837 cum
1400 3781 1566 3840 donis
1589 3783 1850 3839 omnibus
1872 3783 2024 3854 ipsos

437 3871 872 3928 dimittentibus.
918 3869 1192 3926 Caeterum
1224 3870 1523 3940 Apostolus
1549 3869 1658 3925 hoc
1702 3870 2026 3926 testimonio

440 3979 574 4019 usus
608 3971 693 4018 est
728 3961 955 4034 (Ephes.
986 3976 1060 4026 tv,
1087 3959 1150 4029 8)
1189 3961 1348 4032 quasi
1382 3960 1452 4017 de
1477 3960 1698 4016 Christo
1723 3979 1738 4028 ;
1763 3961 2023 4034 quoniam

437 4065 492 4110 et
532 4055 648 4125 ipse
688 4068 789 4110 nos
820 4053 926 4111 sub
966 4053 1189 4108 diabolo
1221 4053 1469 4124 captivos
1504 4051 1865 4117 exsistentes,
1899 4067 2022 4109 cum

441 4148 622 4216 ipsum
676 4146 872 4218 proelio
906 4146 1044 4201 inito
1092 4144 1411 4209 devicisset,
1453 4144 1677 4201 exemit.
1729 4141 2024 4217 Propterea

440 4257 566 4295 cum
599 4239 746 4297 istud
778 4240 1030 4310 accepisti
1057 4237 1201 4293 dona
1235 4245 1429 4294 nostro
1461 4236 1719 4309 loquendi
1743 4241 1884 4293 mori
1915 4255 2024 4296 non

441 4335 770 4406 quadraret,
809 4347 920 4404 quo
959 4333 1015 4387 in
1055 4331 1458 4390 ecclesiasticis
1481 4331 1769 4388 sententiis
1793 4332 2022 4398 utimur,

439 4429 741 4484 immutans
765 4425 989 4482 verbum
1025 4425 1296 4495 accepisti,
1333 4423 1472 4480 dixit
1494 4423 1706 4479 dedisti.
1739 4422 1855 4481 Hoc
1876 4426 2024 4483 enim

441 4517 666 4577 Christo
720 4521 898 4592 magis
943 4517 1307 4590 congruebat,
1363 4517 1545 4589 utqui
1574 4532 1684 4572 non
1729 4519 2023 4590 acceperit,

2123 3425 2215 3474 τες
2258 3409 2477 3465 ἔλαϐονο
2536 3405 2657 3465 εἶτα
2693 3410 3118 3476 -ριαεαλαὸόντος
3167 3411 3264 3466 τοῦ
3314 3411 3547 3470 θανάτου
3600 3414 3712 3470 τῶν

2124 3503 2509 3574 πρωτοτόκων,
2549 3501 2879 3575 ἐξώρμησαν
2897 3503 2996 3574 τῆς
3021 3503 3297 3576 Αἰγύπτου
3323 3504 3402 3578 τῷ
3433 3507 3714 3580 προστάγ-

2129 3615 2259 3669 ματι
2285 3595 2380 3650 τοῦ
2403 3595 2562 3662 Θεοῦ,
2594 3596 2810 3667 ἔχοντες
2834 3595 2932 3650 καὶ
2968 3596 3037 3650 τά
3061 3597 3254 3670 σκεύη.
3285 3599 3397 3670 Οὐχ
3423 3601 3571 3670 ήμᾶς
3596 3597 3712 3668 οὖν,

2126 3688 2292 3761 φησὶ,
2327 3688 2486 3760 μόνον
2510 3688 2736 3759 ἀφείλου
2758 3729 2773 3754 ,
2809 3687 2904 3742 καὶ
2932 3689 3032 3762 τῆς
3075 3689 3322 3756 δουλείας
3355 3692 3671 3764 ἀπήλλαξας
3696 3711 3710 3725 ο

2125 3781 2261 3837 ἀλλά
2281 3781 2377 3836 καὶ
2402 3780 2614 3853 δόματα
2635 3780 2827 3846 ἔλαϐες
2849 3782 3001 3854 παρά
3027 3782 3136 3835 τῶν
3160 3782 3487 3856 ἀνθρώπων,
3513 3785 3714 3839 ώσανεὶ

2130 3875 2270 3948 μετά
2307 3874 2496 3946 δώρων
2531 3875 2753 3930 πάντων
2786 3875 2987 3940 αὐτοὺς
3021 3875 3447 3946 ἐκπεμψάντων.
3513 3878 3710 3948 Ἐχρή-

2129 3984 2260 4022 σατο
2297 3966 2355 4020 δὲ
2383 3966 2412 4019 ὁ
2453 3966 2777 4031 ’Δπόστολος
2823 3966 3000 4041 ταύτῃ
3037 3970 3102 4039 τῇ
3137 3968 3432 4041 μαρτυρίᾳ,
3475 3969 3550 4035 ώς
3584 3971 3717 4042 περὶ

2126 4058 2221 4114 τοῦ
2247 4060 2483 4132 Χριστοῦ
2506 4077 2520 4091 '
2548 4061 2630 4114 ὅτι
2656 4061 2750 4116 καὶ⁸
2779 4060 2941 4126 αὐτὸς
2969 4061 3350 4134 αἰχμαλώτους
3375 4065 3525 4134 ήμᾶς
3553 4064 3714 4128 ὄντας

2128 4151 2235 4206 ὑπὸ
2250 4150 2344 4205 τοῦ
2369 4151 2639 4218 διαδόλου,
2671 4152 2820 4224 μάχῃ
2845 4155 2911 4224 τῇ
2937 4153 3074 4223 πρὸς
3098 4154 3262 4208 αὑτὸν
3285 4155 3536 4226 νικήσας,
3555 4154 3714 4224 ἀφεί-

2127 4246 2266 4298 λετο.
2301 4243 2399 4297 Διά
2437 4243 2596 4298 τοῦτο
2633 4244 2820 4316 ἐπειδὴ
2846 4244 2908 4298 τὸ
2949 4244 3205 4313 Ἐλαϐες
3230 4245 3458 4316 δόματα
3495 4247 3592 4320 οὐχ
3616 4248 3716 4320 ἦρ-

2131 4355 2293 4410 μοττε
2327 4339 2466 4392 κατὰ
2503 4336 2564 4390 τὸ
2597 4337 2726 4408 παρ’
2767 4337 2903 4408 ήμῖν
2935 4337 3056 4401 ἔθος
3080 4377 3095 4403 ,
3124 4335 3316 4410 ὥσπερ
3351 4340 3410 4393 ὲν
3449 4341 3570 4402 ταῖς
3599 4339 3716 4394 δια-

2127 4428 2306 4494 λέξεσι
2339 4430 2460 4491 ταῖς
2490 4425 2983 4497 ἐκκλησιαστικαῖς
3015 4426 3367 4498 κεχρήμεθα,
3398 4426 3715 4494 ὑπαλλάξας

2129 4519 2188 4573 τὸ
2208 4519 2482 4583 Ἐλαόες,
2503 4513 2655 4572 εἷπεν
2681 4517 2742 4570 τὸ
2759 4515 3050 4582 Ἐδωκας.
3076 4515 3248 4570 Τοῦτο
3266 4516 3376 4588 γὰρ
3391 4515 3720 4590 ἁρμοδιώτε-

440 4610 535 4666 sed
565 4621 690 4682 post
717 4625 1014 4667 ascensum
1049 4625 1212 4666 suum
1265 4608 1322 4663 in
1354 4608 1527 4664 caelos
1569 4606 1811 4679 Spiritus
1843 4611 2023 4667 sancti

2133 4628 2226 4684 ρον
2253 4612 2346 4664 ἐπὶ
2373 4609 2635 4681 Χριστοῦ,
2661 4609 2724 4664 ού
2757 4609 3015 4673 λαϐόντος
3033 4650 3049 4676 ,
3087 4607 3224 4664 ἀλλά
3248 4608 3387 4680 μετά
3415 4609 3514 4680 τήν
3534 4607 3716 4662 ἄνοδον

439 4701 582 4755 dona
615 4701 846 4771 largitus
886 4700 980 4758 sit.

936 4927 1259 4985 PSALMUS
1288 4929 1521 4986 LXVIII.

2134 4702 2232 4770 τὴν
2257 4703 2314 4754 ὲν
2336 4703 2449 4765 τοῖς
2475 4701 2725 4772 οὐρανοῖς
2753 4699 3046 4764 δεδωκότος
3073 4698 3168 4754 τοῦ
3189 4697 3500 4771 πνεύματος
3520 4697 3590 4751 τὰ
3618 4714 3717 4767 χα-

2137 4795 2398 4866 ρίσματα.

2701 4933 2995 4987 ΨΑΛΜΟΣ
3030 4891 3158 4986 sua

474 5049 548 5120 (ί)
591 5043 843 5117 Ejusdem
880 5042 944 5099 de
981 5043 1412 5112 interpretatione
1441 5045 1758 5120 sexagesimi
1781 5048 1972 5120 Δοειαυὶ
2006 5048 2227 5115 psalmi,
2267 5045 2324 5102 in
2360 5044 2520 5102 verba
2557 5044 2655 5100 illa
2688 5062 2707 5101 :
2739 5044 3019 5102 Dederunt
3056 5046 3113 5101 in
3143 5057 3329 5101 escam
3361 5055 3536 5098 meam
3577 5040 3680 5110 fel,

1513 5115 1662 5170 etin
1701 5115 1796 5172 siti
1835 5131 1956 5172 mea
1993 5127 2325 5190 potaverunt
2362 5131 2449 5173 me
2484 5125 2663 5174 aceto.

513 5234 786 5302 Quoniam
833 5234 943 5291 cibi
983 5243 1037 5290 et
1083 5239 1248 5305 potus
1296 5245 1498 5288 suaves
1541 5231 1760 5304 quidem
1808 5231 1947 5289 ﬁunt
1989 5236 2044 5291 in
2085 5244 2332 5308 tempore
2385 5235 2609 5308 gaudii,
2659 5235 2908 5292 insuavia
2950 5241 3135 5290 autem
3159 5241 3234 5290 σοι
3274 5245 3464 5289 amara
3515 5233 3571 5289 in
3618 5235 3718 5290 tri-

443 5331 634 5399 stitia;
682 5331 813 5386 talia
851 5337 1046 5396 erant,
1107 5328 1319 5400 inquit,
1371 5342 1494 5400 quae
1539 5328 1611 5384 ab
1651 5328 1761 5385 illis
1815 5329 2052 5399 ﬁebant,
2089 5340 2151 5387 ut
2194 5348 2260 5390 ex
2303 5331 2527 5389 tristitia
2569 5340 2624 5388 et
2668 5332 2752 5386 ira
2794 5339 2945 5388 esset
2988 5329 3211 5402 quidem
3251 5331 3384 5388 mihi
3427 5332 3485 5388 in
3531 5330 3716 5388 locum

443 5423 590 5480 fellis
629 5423 826 5488 cibus,
874 5431 1023 5479 esset
1069 5427 1256 5477 autem
1301 5428 1357 5476 et
1405 5420 1557 5492 potio
1605 5429 1762 5477 aceto
1809 5423 1947 5480 nihil
1991 5425 2272 5482 differens.
2327 5423 2564 5481 Maxime
2611 5434 2798 5480 autem
2849 5425 2955 5480 hoc
3007 5425 3069 5479 lit
3114 5424 3174 5480 in
3232 5423 3539 5481 iracundiis
3594 5437 3717 5496 quae

443 5520 501 5574 in
541 5517 897 5574 tribulatione
949 5515 1120 5582 ﬁunt,
1163 5513 1314 5587 quod
1361 5515 1660 5572 verisimile
1714 5526 1834 5573 erat
1883 5521 1995 5590 pati
2043 5537 2140 5578 eos
2188 5529 2387 5578 contra
2435 5535 2591 5579 suos.
2645 5520 2796 5579 Usus
2843 5529 3030 5578 autem
3075 5531 3163 5579 est
3209 5523 3555 5594 evangelista
3607 5520 3715 5576 hoc

443 5608 765 5666 testimonio
803 5609 858 5662 in
911 5606 1180 5677 Domino,
1229 5615 1282 5664 et
1327 5608 1448 5680 ipse
1493 5617 1674 5664 autem
1727 5607 2034 5668 Dominus:
2080 5610 2238 5670 Zelus
2289 5612 2480 5670 domus
2529 5622 2633 5670 tua:
2676 5612 2904 5669 comedit
2948 5629 3069 5685 me,
3115 5613 3186 5672 de
3231 5616 3420 5687 seipso
3470 5612 3666 5671 dicens
3703 5634 3716 5682 ;

400 5851 402 5853 ›
507 5801 596 5888 tl)
637 5811 712 5871 Ex
764 5814 1000 5873 concilio
1041 5813 1149 5873 (ΞΡ.
1184 5831 1352 5886 supra
1399 5814 1591 5883 citato,
1642 5813 1819 5870 Mansi
1851 5812 1972 5884 .IX,
2019 5815 2146 5876 213.
